  <div class='ocr_page' id='page_1' title='image "/cluster/home/n/w/nwhite01/storage/ocr_20150623/101 pt.1/mdp.39015061955830/396.png"; bbox 0 0 3828 6202; ppageno 0'>
   <div class='ocr_carea' id='block_1_1' title="bbox 237 274 341 341">
    <p class='ocr_par' dir='ltr' id='par_1_1' title="bbox 237 274 341 341">
     <span class='ocr_line' id='line_1_1' title="bbox 237 274 341 341; baseline -0.01 0"><span class='ocrx_word' id='word_1_1' title='bbox 237 274 341 341; x_wconf 70' lang='grc' dir='ltr'><strong>τ’ιὸ</strong></span> 
     </span>
    </p>
   </div>
   <div class='ocr_carea' id='block_1_2' title="bbox 1150 272 2548 344">
    <p class='ocr_par' dir='ltr' id='par_1_2' title="bbox 1150 272 2548 344">
     <span class='ocr_line' id='line_1_2' title="bbox 1150 272 2548 344; baseline 0.001 -11"><span class='ocrx_word' id='word_1_2' title='bbox 1150 276 1250 334; x_wconf 85' lang='lat' dir='ltr'><strong>AD</strong></span> <span class='ocrx_word' id='word_1_3' title='bbox 1281 272 1877 334; x_wconf 80' lang='lat' dir='ltr'><strong>AMPHILOCHIUM</strong></span> <span class='ocrx_word' id='word_1_4' title='bbox 1900 273 2245 344; x_wconf 67' lang='lat' dir='ltr'><strong>QUIESTIO</strong></span> <span class='ocrx_word' id='word_1_5' title='bbox 2276 273 2548 335; x_wconf 80' lang='lat' dir='ltr'><strong>CXXXV.</strong></span> 
     </span>
    </p>
   </div>
   <div class='ocr_carea' id='block_1_3' title="bbox 3351 270 3459 336">
    <p class='ocr_par' dir='ltr' id='par_1_3' title="bbox 3351 270 3459 336">
     <span class='ocr_line' id='line_1_3' title="bbox 3351 270 3459 336; baseline 0 0"><span class='ocrx_word' id='word_1_6' title='bbox 3351 270 3459 336; x_wconf 61' lang='lat'><strong>7.46</strong></span> 
     </span>
    </p>
   </div>
   <div class='ocr_carea' id='block_1_4' title="bbox 235 378 1795 455">
    <p class='ocr_par' dir='ltr' id='par_1_4' title="bbox 235 378 1793 452">
     <span class='ocr_line' id='line_1_4' title="bbox 235 378 1793 452; baseline -0.003 -13"><span class='ocrx_word' id='word_1_7' title='bbox 235 383 416 447; x_wconf 79' lang='grc' dir='ltr'>Οὕτως</span> <span class='ocrx_word' id='word_1_8' title='bbox 460 381 712 452; x_wconf 73' lang='grc' dir='ltr'>οὐδαμῶς</span> <span class='ocrx_word' id='word_1_9' title='bbox 740 381 840 435; x_wconf 84' lang='grc' dir='ltr'><strong>οὐκ</strong></span> <span class='ocrx_word' id='word_1_10' title='bbox 876 378 1026 435; x_wconf 75' lang='grc' dir='ltr'>ἔστιν</span> <span class='ocrx_word' id='word_1_11' title='bbox 1064 382 1279 436; x_wconf 78' lang='grc' dir='ltr'><strong>ἐναντία</strong></span> <span class='ocrx_word' id='word_1_12' title='bbox 1303 382 1413 435; x_wconf 86' lang='grc' dir='ltr'><strong>τῶν</strong></span> <span class='ocrx_word' id='word_1_13' title='bbox 1450 382 1793 436; x_wconf 82' lang='grc' dir='ltr'>Δεσποτικῶν</span> 
     </span>
    </p>
   </div>
   <div class='ocr_carea' id='block_1_5' title="bbox 1904 378 3459 455">
    <p class='ocr_par' dir='ltr' id='par_1_5' title="bbox 1904 382 3459 455">
     <span class='ocr_line' id='line_1_5' title="bbox 1904 382 3459 455; baseline 0.002 -21"><span class='ocrx_word' id='word_1_14' title='bbox 1904 382 2089 437; x_wconf 89' lang='lat' dir='ltr'><strong>vitium</strong></span> <span class='ocrx_word' id='word_1_15' title='bbox 2123 398 2264 453; x_wconf 67' lang='lat' dir='ltr'><strong>saepe</strong></span> <span class='ocrx_word' id='word_1_16' title='bbox 2294 382 2477 438; x_wconf 93' lang='lat' dir='ltr'><strong>virtuti</strong></span> <span class='ocrx_word' id='word_1_17' title='bbox 2499 398 2558 439; x_wconf 88' lang='lat' dir='ltr'><strong>se</strong></span> <span class='ocrx_word' id='word_1_18' title='bbox 2590 384 2810 452; x_wconf 89' lang='lat' dir='ltr'><strong>miscet;</strong></span> <span class='ocrx_word' id='word_1_19' title='bbox 2857 385 2945 439; x_wconf 88' lang='lat' dir='ltr'><strong>hic</strong></span> <span class='ocrx_word' id='word_1_20' title='bbox 2969 399 3118 451; x_wconf 88' lang='lat' dir='ltr'><strong>vero,</strong></span> <span class='ocrx_word' id='word_1_21' title='bbox 3153 398 3252 455; x_wconf 87' lang='lat' dir='ltr'><strong>per</strong></span> <span class='ocrx_word' id='word_1_22' title='bbox 3275 386 3459 440; x_wconf 88' lang='lat' dir='ltr'><strong>occul-</strong></span> 
     </span>
    </p>
   </div>
   <div class='ocr_carea' id='block_1_6' title="bbox 235 473 893 547">
    <p class='ocr_par' dir='ltr' id='par_1_6' title="bbox 235 473 893 547">
     <span class='ocr_line' id='line_1_6' title="bbox 235 473 893 547; baseline -0.024 -1"><span class='ocrx_word' id='word_1_23' title='bbox 235 475 495 547; x_wconf 71' lang='grc' dir='ltr'>ῥημάτων</span> <span class='ocrx_word' id='word_1_24' title='bbox 517 478 550 546; x_wconf 82' lang='grc' dir='ltr'>ἡ</span> <span class='ocrx_word' id='word_1_25' title='bbox 582 473 893 545; x_wconf 79' lang='grc' dir='ltr'><strong>νομοθεσία.</strong></span> 
     </span>
    </p>
   </div>
   <div class='ocr_carea' id='block_1_7' title="bbox 302 733 1793 813">
    <p class='ocr_par' dir='ltr' id='par_1_7' title="bbox 302 733 1793 813">
     <span class='ocr_line' id='line_1_7' title="bbox 302 733 1793 813; baseline 0.003 -22"><span class='ocrx_word' id='word_1_26' title='bbox 302 739 461 801; x_wconf 81' lang='grc' dir='ltr'>Ἰδοις</span> <span class='ocrx_word' id='word_1_27' title='bbox 490 738 536 791; x_wconf 89' lang='grc' dir='ltr'>δ’</span> <span class='ocrx_word' id='word_1_28' title='bbox 591 737 659 791; x_wconf 81' lang='grc' dir='ltr'>ἂν</span> <span class='ocrx_word' id='word_1_29' title='bbox 708 737 805 791; x_wconf 72' lang='grc' dir='ltr'>καὶ</span> <span class='ocrx_word' id='word_1_30' title='bbox 859 738 1033 801; x_wconf 77' lang='grc' dir='ltr'>ἄλλως</span> <span class='ocrx_word' id='word_1_31' title='bbox 1082 738 1235 792; x_wconf 75' lang='grc' dir='ltr'>οὐδὲν</span> <span class='ocrx_word' id='word_1_32' title='bbox 1290 733 1452 810; x_wconf 82' lang='grc' dir='ltr'>ἦττον</span> <span class='ocrx_word' id='word_1_33' title='bbox 1499 739 1561 793; x_wconf 86' lang='grc' dir='ltr'>τὸ</span> <span class='ocrx_word' id='word_1_34' title='bbox 1606 742 1793 813; x_wconf 76' lang='grc' dir='ltr'>ῥηθέν.</span> 
     </span>
    </p>
   </div>
   <div class='ocr_carea' id='block_1_8' title="bbox 240 833 1797 907">
    <p class='ocr_par' dir='ltr' id='par_1_8' title="bbox 240 833 1797 907">
     <span class='ocr_line' id='line_1_8' title="bbox 240 833 1797 907; baseline 0.003 -20"><span class='ocrx_word' id='word_1_35' title='bbox 240 834 510 904; x_wconf 64' lang='grc' dir='ltr'>Ἑλέγχων</span> <span class='ocrx_word' id='word_1_36' title='bbox 541 833 651 902; x_wconf 77' lang='grc' dir='ltr'>γὰρ</span> <span class='ocrx_word' id='word_1_37' title='bbox 681 834 806 898; x_wconf 77' lang='grc' dir='ltr'>τοὺς</span> <span class='ocrx_word' id='word_1_38' title='bbox 846 833 1173 903; x_wconf 74' lang='grc' dir='ltr'><strong>Φαρισαίους</strong></span> <span class='ocrx_word' id='word_1_39' title='bbox 1204 836 1232 887; x_wconf 83' lang='grc' dir='ltr'>ὁ</span> <span class='ocrx_word' id='word_1_40' title='bbox 1260 836 1470 906; x_wconf 87' lang='grc' dir='ltr'>Σωτὴρ,</span> <span class='ocrx_word' id='word_1_41' title='bbox 1503 836 1597 890; x_wconf 78' lang='grc' dir='ltr'>καὶ</span> <span class='ocrx_word' id='word_1_42' title='bbox 1628 854 1797 907; x_wconf 81' lang='grc' dir='ltr'>μετα-</span> 
     </span>
    </p>
   </div>
   <div class='ocr_carea' id='block_1_9' title="bbox 234 926 1797 999">
    <p class='ocr_par' dir='ltr' id='par_1_9' title="bbox 234 926 1797 999">
     <span class='ocr_line' id='line_1_9' title="bbox 234 926 1797 999; baseline 0.005 -20"><span class='ocrx_word' id='word_1_43' title='bbox 234 927 517 996; x_wconf 74' lang='grc' dir='ltr'>ρυθμίζων</span> <span class='ocrx_word' id='word_1_44' title='bbox 540 926 719 980; x_wconf 80' lang='grc' dir='ltr'>αὐτῶν</span> <span class='ocrx_word' id='word_1_45' title='bbox 741 928 802 979; x_wconf 73' lang='grc' dir='ltr'><strong>τὺ</strong></span> <span class='ocrx_word' id='word_1_46' title='bbox 827 944 1066 997; x_wconf 87' lang='grc' dir='ltr'>κατεσχη</span> <span class='ocrx_word' id='word_1_47' title='bbox 1075 945 1237 998; x_wconf 88' lang='grc' dir='ltr'>ματισ</span> <span class='ocrx_word' id='word_1_48' title='bbox 1247 929 1405 999; x_wconf 88' lang='grc' dir='ltr'>μένον</span> <span class='ocrx_word' id='word_1_49' title='bbox 1437 932 1531 983; x_wconf 78' lang='grc' dir='ltr'>καὶ</span> <span class='ocrx_word' id='word_1_50' title='bbox 1565 930 1797 987; x_wconf 79' lang='grc' dir='ltr'>ὕπουλον</span> 
     </span>
    </p>
   </div>
   <div class='ocr_carea' id='block_1_10' title="bbox 226 1018 1797 1092">
    <p class='ocr_par' dir='ltr' id='par_1_10' title="bbox 226 1018 1797 1092">
     <span class='ocr_line' id='line_1_10' title="bbox 226 1018 1797 1092; baseline 0.004 -20"><span class='ocrx_word' id='word_1_51' title='bbox 226 1021 306 1083; x_wconf 82' lang='grc' dir='ltr'><strong>είς</strong></span> <span class='ocrx_word' id='word_1_52' title='bbox 326 1018 387 1072; x_wconf 80' lang='grc' dir='ltr'>τὸ</span> <span class='ocrx_word' id='word_1_53' title='bbox 415 1019 645 1090; x_wconf 90' lang='grc' dir='ltr'>κόσμιόν</span> <span class='ocrx_word' id='word_1_54' title='bbox 676 1036 735 1071; x_wconf 92' lang='grc' dir='ltr'><strong>τε</strong></span> <span class='ocrx_word' id='word_1_55' title='bbox 762 1020 856 1071; x_wconf 76' lang='grc' dir='ltr'><strong>καὶ</strong></span> <span class='ocrx_word' id='word_1_56' title='bbox 895 1019 987 1071; x_wconf 85' lang='grc' dir='ltr'>τὸν</span> <span class='ocrx_word' id='word_1_57' title='bbox 1026 1019 1262 1091; x_wconf 81' lang='grc' dir='ltr'>χρηστὸν</span> <span class='ocrx_word' id='word_1_58' title='bbox 1306 1022 1524 1092; x_wconf 85' lang='grc' dir='ltr'>τρόπον,</span> <span class='ocrx_word' id='word_1_59' title='bbox 1566 1025 1797 1078; x_wconf 80' lang='grc' dir='ltr'>ἀπεῖπεν</span> 
     </span>
    </p>
   </div>
   <div class='ocr_carea' id='block_1_11' title="bbox 228 1110 1797 1183">
    <p class='ocr_par' dir='ltr' id='par_1_11' title="bbox 228 1110 1797 1183">
     <span class='ocr_line' id='line_1_11' title="bbox 228 1110 1797 1183; baseline 0.004 -20"><span class='ocrx_word' id='word_1_60' title='bbox 228 1110 332 1178; x_wconf 84' lang='grc' dir='ltr'>μὲν</span> <span class='ocrx_word' id='word_1_61' title='bbox 361 1111 547 1175; x_wconf 78' lang='grc' dir='ltr'>αὐτοῖς</span> <span class='ocrx_word' id='word_1_62' title='bbox 581 1112 805 1179; x_wconf 78' lang='grc' dir='ltr'><strong>φεύγειν</strong></span> <span class='ocrx_word' id='word_1_63' title='bbox 828 1111 888 1164; x_wconf 84' lang='grc' dir='ltr'>τὸ</span> <span class='ocrx_word' id='word_1_64' title='bbox 920 1110 1056 1181; x_wconf 83' lang='grc' dir='ltr'>πρὸς</span> <span class='ocrx_word' id='word_1_65' title='bbox 1076 1110 1393 1182; x_wconf 81' lang='grc' dir='ltr'>ἀνθρώπους</span> <span class='ocrx_word' id='word_1_66' title='bbox 1424 1112 1545 1183; x_wconf 72' lang='grc' dir='ltr'>ζῇ),</span> <span class='ocrx_word' id='word_1_67' title='bbox 1581 1114 1797 1169; x_wconf 77' lang='grc' dir='ltr'><strong>διώκειν</strong></span> 
     </span>
    </p>
   </div>
   <div class='ocr_carea' id='block_1_12' title="bbox 227 1202 1798 1276">
    <p class='ocr_par' dir='ltr' id='par_1_12' title="bbox 227 1202 1798 1276">
     <span class='ocr_line' id='line_1_12' title="bbox 227 1202 1798 1276; baseline 0.004 -19"><span class='ocrx_word' id='word_1_68' title='bbox 227 1203 307 1269; x_wconf 87' lang='grc' dir='ltr'>δὲ,</span> <span class='ocrx_word' id='word_1_69' title='bbox 345 1205 447 1258; x_wconf 82' lang='grc' dir='ltr'>ὅσα</span> <span class='ocrx_word' id='word_1_70' title='bbox 492 1202 785 1275; x_wconf 80' lang='grc' dir='ltr'>θεραπεύει</span> <span class='ocrx_word' id='word_1_71' title='bbox 828 1202 981 1256; x_wconf 87' lang='grc' dir='ltr'>Θεόν.</span> <span class='ocrx_word' id='word_1_72' title='bbox 1034 1203 1172 1267; x_wconf 82' lang='grc' dir='ltr'>Τοὺς</span> <span class='ocrx_word' id='word_1_73' title='bbox 1219 1203 1313 1257; x_wconf 79' lang='grc' dir='ltr'>οὖν</span> <span class='ocrx_word' id='word_1_74' title='bbox 1356 1205 1454 1276; x_wconf 84' lang='grc' dir='ltr'>τὴν</span> <span class='ocrx_word' id='word_1_75' title='bbox 1493 1206 1798 1273; x_wconf 81' lang='grc' dir='ltr'>κενοδοξίαν</span> 
     </span>
    </p>
   </div>
   <div class='ocr_carea' id='block_1_13' title="bbox 226 1284 1798 1369">
    <p class='ocr_par' dir='ltr' id='par_1_13' title="bbox 226 1284 1798 1369">
     <span class='ocr_line' id='line_1_13' title="bbox 226 1284 1798 1369; baseline 0.001 -20"><span class='ocrx_word' id='word_1_76' title='bbox 226 1295 520 1358; x_wconf 77' lang='grc' dir='ltr'>νοσοῦντας</span> <span class='ocrx_word' id='word_1_77' title='bbox 566 1295 930 1349; x_wconf 72' lang='grc' dir='ltr'>ἀπαλλάσσων</span> <span class='ocrx_word' id='word_1_78' title='bbox 977 1296 1077 1366; x_wconf 85' lang='grc' dir='ltr'>τῆς</span> <span class='ocrx_word' id='word_1_79' title='bbox 1135 1296 1313 1362; x_wconf 83' lang='grc' dir='ltr'>νόσου,</span> <span class='ocrx_word' id='word_1_80' title='bbox 1355 1284 1506 1369; x_wconf 74' lang='grc' dir='ltr'>’πρὸς</span> <span class='ocrx_word' id='word_1_81' title='bbox 1553 1298 1798 1363; x_wconf 78' lang='grc' dir='ltr'>ἐκείνους</span> 
     </span>
    </p>
   </div>
   <div class='ocr_carea' id='block_1_14' title="bbox 225 1388 1798 1461">
    <p class='ocr_par' dir='ltr' id='par_1_14' title="bbox 225 1388 1798 1461">
     <span class='ocr_line' id='line_1_14' title="bbox 225 1388 1798 1461; baseline 0.003 -21"><span class='ocrx_word' id='word_1_82' title='bbox 225 1388 391 1458; x_wconf 78' lang='grc' dir='ltr'>φησίν</span> <span class='ocrx_word' id='word_1_83' title='bbox 407 1406 422 1422; x_wconf 87' lang='grc'><strong>·</strong></span> <span class='ocrx_word' id='word_1_84' title='bbox 462 1407 481 1440; x_wconf 77' lang='grc' dir='ltr'><strong>ι</strong></span> <span class='ocrx_word' id='word_1_85' title='bbox 506 1388 594 1457; x_wconf 82' lang='grc' dir='ltr'><strong>Μὴ</strong></span> <span class='ocrx_word' id='word_1_86' title='bbox 622 1390 825 1441; x_wconf 80' lang='grc' dir='ltr'>ποιεῖτε</span> <span class='ocrx_word' id='word_1_87' title='bbox 849 1389 947 1459; x_wconf 79' lang='grc' dir='ltr'>τὴν</span> <span class='ocrx_word' id='word_1_88' title='bbox 970 1388 1344 1459; x_wconf 80' lang='grc' dir='ltr'><strong>ἐλεημοσύνην</strong></span> <span class='ocrx_word' id='word_1_89' title='bbox 1369 1391 1398 1443; x_wconf 84' lang='grc' dir='ltr'>ὑ</span> <span class='ocrx_word' id='word_1_90' title='bbox 1407 1390 1523 1460; x_wconf 81' lang='grc' dir='ltr'>μῶν</span> <span class='ocrx_word' id='word_1_91' title='bbox 1552 1389 1798 1461; x_wconf 73' lang='grc' dir='ltr'>ἐμπροσ-</span> 
     </span>
    </p>
   </div>
   <div class='ocr_carea' id='block_1_15' title="bbox 224 1477 1800 1552">
    <p class='ocr_par' dir='ltr' id='par_1_15' title="bbox 224 1477 1800 1552">
     <span class='ocr_line' id='line_1_15' title="bbox 224 1477 1800 1552; baseline 0.003 -19"><span class='ocrx_word' id='word_1_92' title='bbox 224 1480 319 1533; x_wconf 87' lang='grc' dir='ltr'><strong>θεν</strong></span> <span class='ocrx_word' id='word_1_93' title='bbox 346 1479 456 1533; x_wconf 85' lang='grc' dir='ltr'><strong>τῶν</strong></span> <span class='ocrx_word' id='word_1_94' title='bbox 482 1477 802 1550; x_wconf 73' lang='grc' dir='ltr'>ἀνθρώπων*</span> <span class='ocrx_word' id='word_1_95' title='bbox 846 1498 864 1529; x_wconf 82' lang='grc' dir='ltr'><strong>ι</strong></span> <span class='ocrx_word' id='word_1_96' title='bbox 887 1479 1001 1541; x_wconf 77' lang='grc' dir='ltr'>καὶ,</span> <span class='ocrx_word' id='word_1_97' title='bbox 1027 1498 1045 1530; x_wconf 74' lang='grc' dir='ltr'><strong>ι</strong></span> <span class='ocrx_word' id='word_1_98' title='bbox 1064 1480 1128 1532; x_wconf 82' lang='grc'>⁸0</span> <span class='ocrx_word' id='word_1_99' title='bbox 1152 1483 1296 1533; x_wconf 90' lang='grc' dir='ltr'>ποιεῖ</span> <span class='ocrx_word' id='word_1_100' title='bbox 1324 1484 1356 1550; x_wconf 84' lang='grc' dir='ltr'>ἡ</span> <span class='ocrx_word' id='word_1_101' title='bbox 1393 1480 1543 1545; x_wconf 86' lang='grc' dir='ltr'>δεξιά</span> <span class='ocrx_word' id='word_1_102' title='bbox 1572 1499 1686 1545; x_wconf 90' lang='grc' dir='ltr'>σου,</span> <span class='ocrx_word' id='word_1_103' title='bbox 1724 1480 1800 1552; x_wconf 78' lang='grc' dir='ltr'>μὴ</span> 
     </span>
    </p>
   </div>
   <div class='ocr_carea' id='block_1_16' title="bbox 223 1570 1797 1643">
    <p class='ocr_par' dir='ltr' id='par_1_16' title="bbox 223 1570 1797 1643">
     <span class='ocr_line' id='line_1_16' title="bbox 223 1570 1797 1643; baseline 0.004 -21"><span class='ocrx_word' id='word_1_104' title='bbox 223 1570 422 1638; x_wconf 80' lang='grc' dir='ltr'><strong>γνώτω</strong></span> <span class='ocrx_word' id='word_1_105' title='bbox 449 1573 484 1641; x_wconf 81' lang='grc' dir='ltr'>ἡ</span> <span class='ocrx_word' id='word_1_106' title='bbox 513 1571 776 1643; x_wconf 85' lang='grc' dir='ltr'>ἀριστερά</span> <span class='ocrx_word' id='word_1_107' title='bbox 801 1589 916 1635; x_wconf 92' lang='grc' dir='ltr'>σου,</span> <span class='ocrx_word' id='word_1_108' title='bbox 955 1590 973 1622; x_wconf 68' lang='grc' dir='ltr'><strong>ι</strong></span> <span class='ocrx_word' id='word_1_109' title='bbox 1008 1572 1102 1626; x_wconf 72' lang='grc' dir='ltr'>καὶ</span> <span class='ocrx_word' id='word_1_110' title='bbox 1130 1574 1227 1626; x_wconf 84' lang='grc' dir='ltr'>ὅσα</span> <span class='ocrx_word' id='word_1_111' title='bbox 1247 1574 1427 1643; x_wconf 84' lang='grc' dir='ltr'>ὅμοια.</span> <span class='ocrx_word' id='word_1_112' title='bbox 1457 1574 1594 1637; x_wconf 85' lang='grc' dir='ltr'>Τοὺς</span> <span class='ocrx_word' id='word_1_113' title='bbox 1617 1574 1797 1643; x_wconf 67' lang='grc' dir='ltr'>ὲμπαε-</span> 
     </span>
    </p>
   </div>
   <div class='ocr_carea' id='block_1_17' title="bbox 224 1662 1797 1737">
    <p class='ocr_par' dir='ltr' id='par_1_17' title="bbox 224 1662 1797 1737">
     <span class='ocr_line' id='line_1_17' title="bbox 224 1662 1797 1737; baseline 0.004 -23"><span class='ocrx_word' id='word_1_114' title='bbox 224 1662 342 1726; x_wconf 89' lang='grc' dir='ltr'>θεῖς</span> <span class='ocrx_word' id='word_1_115' title='bbox 413 1663 829 1734; x_wconf 89' lang='grc' dir='ltr'>περικαθαίρων</span> <span class='ocrx_word' id='word_1_116' title='bbox 877 1663 973 1717; x_wconf 79' lang='grc' dir='ltr'><strong>τοῦ</strong></span> <span class='ocrx_word' id='word_1_117' title='bbox 1023 1664 1249 1730; x_wconf 79' lang='grc' dir='ltr'>πάθους,</span> <span class='ocrx_word' id='word_1_118' title='bbox 1307 1667 1434 1729; x_wconf 79' lang='grc' dir='ltr'>τοὺς</span> <span class='ocrx_word' id='word_1_119' title='bbox 1495 1667 1797 1737; x_wconf 77' lang='grc' dir='ltr'>ὑποκριτὰς</span> 
     </span>
    </p>
   </div>
   <div class='ocr_carea' id='block_1_18' title="bbox 1899 466 3462 547">
    <p class='ocr_par' dir='ltr' id='par_1_18' title="bbox 1899 466 3462 547">
     <span class='ocr_line' id='line_1_18' title="bbox 1899 466 3462 547; baseline 0.002 -20"><span class='ocrx_word' id='word_1_120' title='bbox 1899 466 2012 528; x_wconf 83' lang='lat' dir='ltr'><strong>tum</strong></span> <span class='ocrx_word' id='word_1_121' title='bbox 2075 492 2265 547; x_wconf 86' lang='lat' dir='ltr'><strong>nempe</strong></span> <span class='ocrx_word' id='word_1_122' title='bbox 2312 476 2528 531; x_wconf 88' lang='lat' dir='ltr'><strong>virtutis</strong></span> <span class='ocrx_word' id='word_1_123' title='bbox 2588 478 2941 541; x_wconf 77' lang='lat' dir='ltr'><strong>exercitium,</strong></span> <span class='ocrx_word' id='word_1_124' title='bbox 3006 475 3122 531; x_wconf 85' lang='lat' dir='ltr'><strong>vitii</strong></span> <span class='ocrx_word' id='word_1_125' title='bbox 3184 477 3462 547; x_wconf 84' lang='lat' dir='ltr'><strong>subreptio</strong></span> 
     </span>
    </p>
   </div>
   <div class='ocr_carea' id='block_1_19' title="bbox 1899 566 3459 637">
    <p class='ocr_par' dir='ltr' id='par_1_19' title="bbox 1899 566 3459 637">
     <span class='ocr_line' id='line_1_19' title="bbox 1899 566 3459 637; baseline -0.001 -15"><span class='ocrx_word' id='word_1_126' title='bbox 1899 568 2113 637; x_wconf 79' lang='lat' dir='ltr'><strong>penitus</strong></span> <span class='ocrx_word' id='word_1_127' title='bbox 2135 575 2377 623; x_wconf 59' lang='lat' dir='ltr'><strong>cavrztur.</strong></span> <span class='ocrx_word' id='word_1_128' title='bbox 2445 566 2541 621; x_wconf 85' lang='lat' dir='ltr'><strong>Illa</strong></span> <span class='ocrx_word' id='word_1_129' title='bbox 2580 567 2762 636; x_wconf 86' lang='lat' dir='ltr'><strong>itaque</strong></span> <span class='ocrx_word' id='word_1_130' title='bbox 2800 566 3015 621; x_wconf 88' lang='lat' dir='ltr'><strong>Domini</strong></span> <span class='ocrx_word' id='word_1_131' title='bbox 3062 577 3328 637; x_wconf 71' lang='lat' dir='ltr'><strong>praecepta</strong></span> <span class='ocrx_word' id='word_1_132' title='bbox 3355 567 3459 622; x_wconf 84' lang='lat' dir='ltr'><strong>sibi</strong></span> 
     </span>
    </p>
   </div>
   <div class='ocr_carea' id='block_1_20' title="bbox 1898 662 2617 731">
    <p class='ocr_par' dir='ltr' id='par_1_20' title="bbox 1898 662 2617 731">
     <span class='ocr_line' id='line_1_20' title="bbox 1898 662 2617 731; baseline 0.003 -18"><span class='ocrx_word' id='word_1_133' title='bbox 1898 662 2212 731; x_wconf 86' lang='lat' dir='ltr'><strong>neutiquam</strong></span> <span class='ocrx_word' id='word_1_134' title='bbox 2239 664 2617 717; x_wconf 83' lang='lat' dir='ltr'><strong>adversantur.</strong></span> 
     </span>
    </p>
   </div>
   <div class='ocr_carea' id='block_1_21' title="bbox 1968 754 3463 825">
    <p class='ocr_par' dir='ltr' id='par_1_21' title="bbox 1968 754 3463 825">
     <span class='ocr_line' id='line_1_21' title="bbox 1968 754 3463 825; baseline 0.001 -17"><span class='ocrx_word' id='word_1_135' title='bbox 1968 754 2113 818; x_wconf 64' lang='lat' dir='ltr'><strong>Haec,</strong></span> <span class='ocrx_word' id='word_1_136' title='bbox 2182 770 2305 825; x_wconf 70' lang='lat' dir='ltr'><strong>qua:</strong></span> <span class='ocrx_word' id='word_1_137' title='bbox 2338 755 2485 809; x_wconf 91' lang='lat' dir='ltr'><strong>dicta</strong></span> <span class='ocrx_word' id='word_1_138' title='bbox 2516 760 2663 819; x_wconf 86' lang='lat' dir='ltr'><strong>sunt,</strong></span> <span class='ocrx_word' id='word_1_139' title='bbox 2727 755 2830 808; x_wconf 87' lang='lat' dir='ltr'><strong>alia</strong></span> <span class='ocrx_word' id='word_1_140' title='bbox 2859 769 3077 825; x_wconf 88' lang='lat' dir='ltr'><strong>quoque</strong></span> <span class='ocrx_word' id='word_1_141' title='bbox 3103 754 3311 810; x_wconf 82' lang='lat' dir='ltr'><strong>ratione</strong></span> <span class='ocrx_word' id='word_1_142' title='bbox 3337 755 3463 809; x_wconf 91' lang='lat' dir='ltr'><strong>illu-</strong></span> 
     </span>
    </p>
   </div>
   <div class='ocr_carea' id='block_1_22' title="bbox 1896 838 3459 916">
    <p class='ocr_par' dir='ltr' id='par_1_22' title="bbox 1896 838 3459 916">
     <span class='ocr_line' id='line_1_22' title="bbox 1896 838 3459 916; baseline 0.001 -17"><span class='ocrx_word' id='word_1_143' title='bbox 1896 854 2069 900; x_wconf 91' lang='lat' dir='ltr'><strong>strare</strong></span> <span class='ocrx_word' id='word_1_144' title='bbox 2087 854 2140 900; x_wconf 84' lang='lat' dir='ltr'><strong>et</strong></span> <span class='ocrx_word' id='word_1_145' title='bbox 2163 845 2467 915; x_wconf 85' lang='lat' dir='ltr'><strong>perspicere</strong></span> <span class='ocrx_word' id='word_1_146' title='bbox 2485 844 2629 899; x_wconf 87' lang='lat' dir='ltr'><strong>licet.</strong></span> <span class='ocrx_word' id='word_1_147' title='bbox 2658 838 2971 899; x_wconf 66' lang='lat' dir='ltr'><strong>Pharisaeos</strong></span> <span class='ocrx_word' id='word_1_148' title='bbox 2994 844 3139 899; x_wconf 87' lang='lat' dir='ltr'><strong>enim</strong></span> <span class='ocrx_word' id='word_1_149' title='bbox 3162 846 3459 916; x_wconf 77' lang='lat' dir='ltr'><strong>castigans,</strong></span> 
     </span>
    </p>
   </div>
   <div class='ocr_carea' id='block_1_23' title="bbox 1898 934 3461 1005">
    <p class='ocr_par' dir='ltr' id='par_1_23' title="bbox 1898 934 3461 1005">
     <span class='ocr_line' id='line_1_23' title="bbox 1898 934 3461 1005; baseline 0 -15"><span class='ocrx_word' id='word_1_150' title='bbox 1898 950 2186 1005; x_wconf 87' lang='lat' dir='ltr'><strong>moresque</strong></span> <span class='ocrx_word' id='word_1_151' title='bbox 2237 950 2426 991; x_wconf 86' lang='lat' dir='ltr'><strong>eorum</strong></span> <span class='ocrx_word' id='word_1_152' title='bbox 2474 934 2761 991; x_wconf 89' lang='lat' dir='ltr'><strong>simulatos</strong></span> <span class='ocrx_word' id='word_1_153' title='bbox 2799 945 2853 990; x_wconf 92' lang='lat' dir='ltr'><strong>et</strong></span> <span class='ocrx_word' id='word_1_154' title='bbox 2878 934 3151 991; x_wconf 83' lang='lat' dir='ltr'><strong>sublestos</strong></span> <span class='ocrx_word' id='word_1_155' title='bbox 3179 936 3247 990; x_wconf 88' lang='lat' dir='ltr'><strong>ad</strong></span> <span class='ocrx_word' id='word_1_156' title='bbox 3278 951 3461 991; x_wconf 85' lang='lat' dir='ltr'><strong>veram</strong></span> 
     </span>
    </p>
   </div>
   <div class='ocr_carea' id='block_1_24' title="bbox 1898 1024 3465 1094">
    <p class='ocr_par' dir='ltr' id='par_1_24' title="bbox 1898 1024 3465 1094">
     <span class='ocr_line' id='line_1_24' title="bbox 1898 1024 3465 1094; baseline 0.001 -17"><span class='ocrx_word' id='word_1_157' title='bbox 1898 1025 2236 1080; x_wconf 81' lang='lat' dir='ltr'><strong>honestatem</strong></span> <span class='ocrx_word' id='word_1_158' title='bbox 2281 1034 2333 1079; x_wconf 88' lang='lat' dir='ltr'><strong>et</strong></span> <span class='ocrx_word' id='word_1_159' title='bbox 2384 1024 2711 1093; x_wconf 82' lang='lat' dir='ltr'><strong>probitatem</strong></span> <span class='ocrx_word' id='word_1_160' title='bbox 2743 1024 3169 1094; x_wconf 88' lang='lat' dir='ltr'><strong>compositurus,</strong></span> <span class='ocrx_word' id='word_1_161' title='bbox 3196 1025 3364 1079; x_wconf 85' lang='lat' dir='ltr'><strong>vetuit</strong></span> <span class='ocrx_word' id='word_1_162' title='bbox 3395 1041 3465 1078; x_wconf 85' lang='lat' dir='ltr'><strong>ne</strong></span> 
     </span>
    </p>
   </div>
   <div class='ocr_carea' id='block_1_25' title="bbox 1898 1115 3465 1186">
    <p class='ocr_par' dir='ltr' id='par_1_25' title="bbox 1898 1115 3465 1186">
     <span class='ocr_line' id='line_1_25' title="bbox 1898 1115 3465 1186; baseline 0.001 -17"><span class='ocrx_word' id='word_1_163' title='bbox 1898 1116 1965 1169; x_wconf 84' lang='lat' dir='ltr'><strong>ad</strong></span> <span class='ocrx_word' id='word_1_164' title='bbox 2018 1115 2297 1171; x_wconf 89' lang='lat' dir='ltr'><strong>hominum</strong></span> <span class='ocrx_word' id='word_1_165' title='bbox 2349 1115 2617 1185; x_wconf 86' lang='lat' dir='ltr'><strong>judicium</strong></span> <span class='ocrx_word' id='word_1_166' title='bbox 2678 1117 2844 1170; x_wconf 86' lang='lat' dir='ltr'><strong>vitam</strong></span> <span class='ocrx_word' id='word_1_167' title='bbox 2898 1130 3053 1171; x_wconf 88' lang='lat' dir='ltr'><strong>suam</strong></span> <span class='ocrx_word' id='word_1_168' title='bbox 3090 1125 3332 1186; x_wconf 81' lang='lat' dir='ltr'><strong>agerent,</strong></span> <span class='ocrx_word' id='word_1_169' title='bbox 3367 1117 3465 1171; x_wconf 84' lang='lat' dir='ltr'><strong>sed</strong></span> 
     </span>
    </p>
   </div>
   <div class='ocr_carea' id='block_1_26' title="bbox 1897 1204 3462 1276">
    <p class='ocr_par' dir='ltr' id='par_1_26' title="bbox 1897 1204 3462 1276">
     <span class='ocr_line' id='line_1_26' title="bbox 1897 1204 3462 1276; baseline 0.001 -16"><span class='ocrx_word' id='word_1_170' title='bbox 1897 1221 1959 1260; x_wconf 86' lang='lat' dir='ltr'><strong>ea</strong></span> <span class='ocrx_word' id='word_1_171' title='bbox 2010 1206 2194 1276; x_wconf 87' lang='lat' dir='ltr'><strong>potius</strong></span> <span class='ocrx_word' id='word_1_172' title='bbox 2257 1215 2745 1272; x_wconf 83' lang='lat' dir='ltr'><strong>consectarentur,</strong></span> <span class='ocrx_word' id='word_1_173' title='bbox 2796 1222 2917 1276; x_wconf 68' lang='lat' dir='ltr'><strong>quae</strong></span> <span class='ocrx_word' id='word_1_174' title='bbox 2974 1204 3083 1261; x_wconf 86' lang='lat' dir='ltr'><strong>Deo</strong></span> <span class='ocrx_word' id='word_1_175' title='bbox 3138 1208 3462 1276; x_wconf 87' lang='lat' dir='ltr'><strong>probantur.</strong></span> 
     </span>
    </p>
   </div>
   <div class='ocr_carea' id='block_1_27' title="bbox 1899 1295 3466 1375">
    <p class='ocr_par' dir='ltr' id='par_1_27' title="bbox 1899 1295 3466 1375">
     <span class='ocr_line' id='line_1_27' title="bbox 1899 1295 3466 1375; baseline 0.003 -25"><span class='ocrx_word' id='word_1_176' title='bbox 1899 1295 2010 1352; x_wconf 82' lang='lat' dir='ltr'><strong>llos</strong></span> <span class='ocrx_word' id='word_1_177' title='bbox 2043 1297 2227 1375; x_wconf 69' lang='lat' dir='ltr'><strong>itaque</strong></span> <span class='ocrx_word' id='word_1_178' title='bbox 2262 1312 2293 1350; x_wconf 89' lang='lat' dir='ltr'><strong>a</strong></span> <span class='ocrx_word' id='word_1_179' title='bbox 2354 1311 2505 1352; x_wconf 71' lang='lat' dir='ltr'><strong>vana:</strong></span> <span class='ocrx_word' id='word_1_180' title='bbox 2556 1297 2743 1367; x_wconf 70' lang='lat' dir='ltr'><strong>gloriae</strong></span> <span class='ocrx_word' id='word_1_181' title='bbox 2795 1297 2977 1354; x_wconf 88' lang='lat' dir='ltr'><strong>studio</strong></span> <span class='ocrx_word' id='word_1_182' title='bbox 3006 1306 3359 1365; x_wconf 89' lang='lat' dir='ltr'><strong>avocaturus,</strong></span> <span class='ocrx_word' id='word_1_183' title='bbox 3392 1299 3466 1354; x_wconf 87' lang='lat' dir='ltr'><strong>ita</strong></span> 
     </span>
    </p>
   </div>
   <div class='ocr_carea' id='block_1_28' title="bbox 1897 1387 3466 1463">
    <p class='ocr_par' dir='ltr' id='par_1_28' title="bbox 1897 1387 3466 1463">
     <span class='ocr_line' id='line_1_28' title="bbox 1897 1387 3466 1463; baseline 0.001 -19"><span class='ocrx_word' id='word_1_184' title='bbox 1897 1405 1992 1444; x_wconf 89' lang='lat' dir='ltr'><strong>eos</strong></span> <span class='ocrx_word' id='word_1_185' title='bbox 2018 1390 2312 1459; x_wconf 88' lang='lat' dir='ltr'><strong>alloquitur</strong></span> <span class='ocrx_word' id='word_1_186' title='bbox 2350 1407 2363 1443; x_wconf 94' lang='lat'><strong>:</strong></span> <span class='ocrx_word' id='word_1_187' title='bbox 2404 1387 2511 1446; x_wconf 71' lang='lat' dir='ltr'><strong>«Ne</strong></span> <span class='ocrx_word' id='word_1_188' title='bbox 2542 1390 2756 1447; x_wconf 82' lang='lat' dir='ltr'><strong>faciatis</strong></span> <span class='ocrx_word' id='word_1_189' title='bbox 2782 1392 3181 1463; x_wconf 86' lang='lat' dir='ltr'><strong>eleemosynam</strong></span> <span class='ocrx_word' id='word_1_190' title='bbox 3228 1402 3466 1447; x_wconf 88' lang='lat' dir='ltr'><strong>vestram</strong></span> 
     </span>
    </p>
   </div>
   <div class='ocr_carea' id='block_1_29' title="bbox 1898 1479 3463 1550">
    <p class='ocr_par' dir='ltr' id='par_1_29' title="bbox 1898 1479 3463 1550">
     <span class='ocr_line' id='line_1_29' title="bbox 1898 1479 3463 1550; baseline 0.002 -14"><span class='ocrx_word' id='word_1_191' title='bbox 1898 1496 2083 1537; x_wconf 91' lang='lat' dir='ltr'><strong>coram</strong></span> <span class='ocrx_word' id='word_1_192' title='bbox 2115 1479 2459 1547; x_wconf 87' lang='lat' dir='ltr'><strong>hominibus;</strong></span> <span class='ocrx_word' id='word_1_193' title='bbox 2485 1498 2504 1532; x_wconf 77' lang='grc' dir='ltr'><strong>ι</strong></span> <span class='ocrx_word' id='word_1_194' title='bbox 2539 1491 2594 1535; x_wconf 85' lang='lat' dir='ltr'><strong>et</strong></span> <span class='ocrx_word' id='word_1_195' title='bbox 2643 1498 2658 1535; x_wconf 89' lang='lat'><strong>:</strong></span> <span class='ocrx_word' id='word_1_196' title='bbox 2704 1500 2724 1533; x_wconf 77' lang='grc' dir='ltr'><strong>ι</strong></span> <span class='ocrx_word' id='word_1_197' title='bbox 2756 1481 2911 1547; x_wconf 80' lang='lat' dir='ltr'><strong>Quod</strong></span> <span class='ocrx_word' id='word_1_198' title='bbox 2936 1480 3064 1539; x_wconf 81' lang='lat' dir='ltr'><strong>facit</strong></span> <span class='ocrx_word' id='word_1_199' title='bbox 3093 1482 3321 1538; x_wconf 78' lang='lat' dir='ltr'><strong>dextera</strong></span> <span class='ocrx_word' id='word_1_200' title='bbox 3349 1493 3463 1550; x_wconf 84' lang='lat' dir='ltr'><strong>tua,</strong></span> 
     </span>
    </p>
   </div>
   <div class='ocr_carea' id='block_1_30' title="bbox 1899 1573 3466 1644">
    <p class='ocr_par' dir='ltr' id='par_1_30' title="bbox 1899 1573 3466 1644">
     <span class='ocr_line' id='line_1_30' title="bbox 1899 1573 3466 1644; baseline 0.003 -16"><span class='ocrx_word' id='word_1_201' title='bbox 1899 1574 2029 1631; x_wconf 90' lang='lat' dir='ltr'><strong>illud</strong></span> <span class='ocrx_word' id='word_1_202' title='bbox 2061 1573 2270 1629; x_wconf 91' lang='lat' dir='ltr'><strong>nesciat</strong></span> <span class='ocrx_word' id='word_1_203' title='bbox 2301 1573 2551 1641; x_wconf 84' lang='lat' dir='ltr'><strong>sinistra;</strong></span> <span class='ocrx_word' id='word_1_204' title='bbox 2579 1592 2597 1625; x_wconf 73' lang='grc' dir='ltr'><strong>ι</strong></span> <span class='ocrx_word' id='word_1_205' title='bbox 2646 1574 2861 1644; x_wconf 87' lang='lat' dir='ltr'><strong>aliaque</strong></span> <span class='ocrx_word' id='word_1_206' title='bbox 2889 1575 2977 1631; x_wconf 89' lang='lat' dir='ltr'><strong>his</strong></span> <span class='ocrx_word' id='word_1_207' title='bbox 3005 1577 3225 1632; x_wconf 88' lang='lat' dir='ltr'><strong>similia.</strong></span> <span class='ocrx_word' id='word_1_208' title='bbox 3277 1576 3466 1632; x_wconf 75' lang='lat' dir='ltr'><strong>Homi-</strong></span> 
     </span>
    </p>
   </div>
   <div class='ocr_carea' id='block_1_31' title="bbox 1900 1665 3462 1740">
    <p class='ocr_par' dir='ltr' id='par_1_31' title="bbox 1900 1665 3462 1740">
     <span class='ocr_line' id='line_1_31' title="bbox 1900 1665 3462 1740; baseline 0.003 -18"><span class='ocrx_word' id='word_1_209' title='bbox 1900 1682 1997 1722; x_wconf 84' lang='lat' dir='ltr'><strong>nes</strong></span> <span class='ocrx_word' id='word_1_210' title='bbox 2019 1666 2225 1736; x_wconf 90' lang='lat' dir='ltr'><strong>itaque,</strong></span> <span class='ocrx_word' id='word_1_211' title='bbox 2257 1665 2540 1722; x_wconf 73' lang='lat' dir='ltr'><strong>affectibus</strong></span> <span class='ocrx_word' id='word_1_212' title='bbox 2573 1667 2936 1739; x_wconf 79' lang='lat' dir='ltr'><strong>indulgentes,</strong></span> <span class='ocrx_word' id='word_1_213' title='bbox 2968 1685 2998 1723; x_wconf 91' lang='lat' dir='ltr'><strong>a</strong></span> <span class='ocrx_word' id='word_1_214' title='bbox 3028 1671 3174 1726; x_wconf 90' lang='lat' dir='ltr'><strong>malo</strong></span> <span class='ocrx_word' id='word_1_215' title='bbox 3202 1670 3305 1726; x_wconf 86' lang='lat' dir='ltr'><strong>hoc</strong></span> <span class='ocrx_word' id='word_1_216' title='bbox 3336 1687 3462 1740; x_wconf 83' lang='lat' dir='ltr'><strong>pur-</strong></span> 
     </span>
    </p>
   </div>
   <div class='ocr_carea' id='block_1_32' title="bbox 222 1754 1795 1831">
    <p class='ocr_par' dir='ltr' id='par_1_32' title="bbox 222 1754 1792 1831">
     <span class='ocr_line' id='line_1_32' title="bbox 222 1754 1792 1831; baseline 0.002 -22"><span class='ocrx_word' id='word_1_217' title='bbox 222 1754 470 1809; x_wconf 72' lang='grc' dir='ltr'>ἐλαύνων</span> <span class='ocrx_word' id='word_1_218' title='bbox 526 1755 627 1825; x_wconf 75' lang='grc' dir='ltr'>τῆς</span> <span class='ocrx_word' id='word_1_219' title='bbox 680 1756 905 1826; x_wconf 83' lang='grc' dir='ltr'>σκηνῆς,</span> <span class='ocrx_word' id='word_1_220' title='bbox 960 1757 1087 1819; x_wconf 78' lang='grc' dir='ltr'>τοὺς</span> <span class='ocrx_word' id='word_1_221' title='bbox 1142 1758 1246 1810; x_wconf 75' lang='grc' dir='ltr'><strong>ὑπὸ</strong></span> <span class='ocrx_word' id='word_1_222' title='bbox 1291 1758 1439 1828; x_wconf 77' lang='grc' dir='ltr'>ζόφῳ</span> <span class='ocrx_word' id='word_1_223' title='bbox 1472 1760 1565 1811; x_wconf 75' lang='grc' dir='ltr'>καὶ</span> <span class='ocrx_word' id='word_1_224' title='bbox 1616 1758 1792 1831; x_wconf 80' lang='grc' dir='ltr'>πλάνῃ</span> 
     </span>
    </p>
   </div>
   <div class='ocr_carea' id='block_1_33' title="bbox 1904 1754 3460 1831">
    <p class='ocr_par' dir='ltr' id='par_1_33' title="bbox 1904 1758 3460 1831">
     <span class='ocr_line' id='line_1_33' title="bbox 1904 1758 3460 1831; baseline 0.006 -20"><span class='ocrx_word' id='word_1_225' title='bbox 1904 1769 2005 1829; x_wconf 78' lang='lat' dir='ltr'><strong>gat,</strong></span> <span class='ocrx_word' id='word_1_226' title='bbox 2060 1758 2375 1829; x_wconf 82' lang='lat' dir='ltr'><strong>hypocritas</strong></span> <span class='ocrx_word' id='word_1_227' title='bbox 2419 1773 2487 1813; x_wconf 76' lang='lat' dir='ltr'><strong>ex</strong></span> <span class='ocrx_word' id='word_1_228' title='bbox 2545 1762 2757 1814; x_wconf 87' lang='lat' dir='ltr'><strong>theatro</strong></span> <span class='ocrx_word' id='word_1_229' title='bbox 2811 1762 3115 1831; x_wconf 86' lang='lat' dir='ltr'><strong>propulsat,</strong></span> <span class='ocrx_word' id='word_1_230' title='bbox 3188 1764 3460 1829; x_wconf 86' lang='lat' dir='ltr'><strong>homines,</strong></span> 
     </span>
    </p>
   </div>
   <div class='ocr_carea' id='block_1_34' title="bbox 221 1846 1793 1921">
    <p class='ocr_par' dir='ltr' id='par_1_34' title="bbox 221 1846 1793 1921">
     <span class='ocr_line' id='line_1_34' title="bbox 221 1846 1793 1921; baseline 0.003 -23"><span class='ocrx_word' id='word_1_231' title='bbox 221 1846 703 1916; x_wconf 80' lang='grc' dir='ltr'>πολιτευομένους,</span> <span class='ocrx_word' id='word_1_232' title='bbox 756 1847 837 1910; x_wconf 88' lang='grc' dir='ltr'><strong>είς</strong></span> <span class='ocrx_word' id='word_1_233' title='bbox 878 1849 969 1900; x_wconf 82' lang='grc' dir='ltr'>τὸν</span> <span class='ocrx_word' id='word_1_234' title='bbox 1017 1848 1233 1917; x_wconf 82' lang='grc' dir='ltr'>ἀπλανῆ</span> <span class='ocrx_word' id='word_1_235' title='bbox 1286 1850 1380 1903; x_wconf 80' lang='grc' dir='ltr'><strong>καὶ</strong></span> <span class='ocrx_word' id='word_1_236' title='bbox 1414 1850 1655 1921; x_wconf 73' lang='grc' dir='ltr'>καθαρὸν</span> <span class='ocrx_word' id='word_1_237' title='bbox 1694 1852 1793 1921; x_wconf 81' lang='grc' dir='ltr'>τῆς</span> 
     </span>
    </p>
   </div>
   <div class='ocr_carea' id='block_1_35' title="bbox 220 1935 1809 2011">
    <p class='ocr_par' dir='ltr' id='par_1_35' title="bbox 220 1935 1809 2011">
     <span class='ocr_line' id='line_1_35' title="bbox 220 1935 1809 2011; baseline 0.003 -19"><span class='ocrx_word' id='word_1_238' title='bbox 220 1938 435 2008; x_wconf 77' lang='grc' dir='ltr'>ἀρετῆς</span> <span class='ocrx_word' id='word_1_239' title='bbox 466 1938 579 2008; x_wconf 87' lang='grc' dir='ltr'>βίον</span> <span class='ocrx_word' id='word_1_240' title='bbox 611 1939 951 2008; x_wconf 82' lang='grc' dir='ltr'>μετακαλῶν,</span> <span class='ocrx_word' id='word_1_241' title='bbox 990 1941 1047 2007; x_wconf 77' lang='grc' dir='ltr'>ἐξ</span> <span class='ocrx_word' id='word_1_242' title='bbox 1090 1935 1151 1995; x_wconf 75' lang='grc' dir='ltr'>οὗ</span> <span class='ocrx_word' id='word_1_243' title='bbox 1176 1940 1459 2008; x_wconf 69' lang='grc' dir='ltr'>διαυγάζει</span> <span class='ocrx_word' id='word_1_244' title='bbox 1490 1943 1522 2011; x_wconf 77' lang='grc' dir='ltr'>ἡ</span> <span class='ocrx_word' id='word_1_245' title='bbox 1553 1942 1809 1996; x_wconf 81' lang='grc' dir='ltr'>ἀπάθεια</span> 
     </span>
    </p>
   </div>
   <div class='ocr_carea' id='block_1_36' title="bbox 220 2031 1789 2107">
    <p class='ocr_par' dir='ltr' id='par_1_36' title="bbox 220 2031 1789 2107">
     <span class='ocr_line' id='line_1_36' title="bbox 220 2031 1789 2107; baseline 0.001 -22"><span class='ocrx_word' id='word_1_246' title='bbox 220 2031 321 2085; x_wconf 74' lang='grc' dir='ltr'>καὶ</span> <span class='ocrx_word' id='word_1_247' title='bbox 372 2032 406 2103; x_wconf 82' lang='grc' dir='ltr'><strong>ἠ</strong></span> <span class='ocrx_word' id='word_1_248' title='bbox 460 2031 667 2103; x_wconf 76' lang='grc' dir='ltr'>ἀληθὴς</span> <span class='ocrx_word' id='word_1_249' title='bbox 715 2032 865 2099; x_wconf 85' lang='grc' dir='ltr'>δόξα,</span> <span class='ocrx_word' id='word_1_250' title='bbox 901 2033 996 2087; x_wconf 77' lang='grc' dir='ltr'>καὶ</span> <span class='ocrx_word' id='word_1_251' title='bbox 1039 2035 1071 2103; x_wconf 88' lang='grc' dir='ltr'><strong>ή</strong></span> <span class='ocrx_word' id='word_1_252' title='bbox 1123 2032 1445 2103; x_wconf 79' lang='grc' dir='ltr'>λαμπρότης</span> <span class='ocrx_word' id='word_1_253' title='bbox 1489 2035 1521 2103; x_wconf 83' lang='grc' dir='ltr'>ἡ</span> <span class='ocrx_word' id='word_1_254' title='bbox 1566 2034 1789 2107; x_wconf 78' lang='grc' dir='ltr'>ψυχική.</span> 
     </span>
    </p>
   </div>
   <div class='ocr_carea' id='block_1_37' title="bbox 221 2124 1793 2197">
    <p class='ocr_par' dir='ltr' id='par_1_37' title="bbox 221 2124 1793 2197">
     <span class='ocr_line' id='line_1_37' title="bbox 221 2124 1793 2197; baseline 0.002 -20"><span class='ocrx_word' id='word_1_255' title='bbox 221 2124 416 2187; x_wconf 81' lang='grc' dir='ltr'>υῦτως</span> <span class='ocrx_word' id='word_1_256' title='bbox 440 2124 541 2177; x_wconf 80' lang='grc' dir='ltr'><strong>οὐκ</strong></span> <span class='ocrx_word' id='word_1_257' title='bbox 584 2124 729 2177; x_wconf 78' lang='grc' dir='ltr'>ἐστιν</span> <span class='ocrx_word' id='word_1_258' title='bbox 761 2125 1013 2195; x_wconf 83' lang='grc' dir='ltr'>ἀλλήλοις</span> <span class='ocrx_word' id='word_1_259' title='bbox 1045 2125 1262 2179; x_wconf 78' lang='grc' dir='ltr'>ἐναντία</span> <span class='ocrx_word' id='word_1_260' title='bbox 1290 2126 1356 2179; x_wconf 78' lang='grc' dir='ltr'><strong>τὰ</strong></span> <span class='ocrx_word' id='word_1_261' title='bbox 1390 2126 1505 2179; x_wconf 87' lang='grc' dir='ltr'>θεῖα</span> <span class='ocrx_word' id='word_1_262' title='bbox 1544 2128 1638 2180; x_wconf 79' lang='grc' dir='ltr'>καὶ</span> <span class='ocrx_word' id='word_1_263' title='bbox 1675 2128 1793 2197; x_wconf 85' lang='grc' dir='ltr'><strong>ἱερά</strong></span> 
     </span>
    </p>
   </div>
   <div class='ocr_carea' id='block_1_38' title="bbox 222 2210 1791 2291">
    <p class='ocr_par' dir='ltr' id='par_1_38' title="bbox 222 2210 1791 2291">
     <span class='ocr_line' id='line_1_38' title="bbox 222 2210 1791 2291; baseline 0 -18"><span class='ocrx_word' id='word_1_264' title='bbox 222 2217 572 2287; x_wconf 81' lang='grc' dir='ltr'>Δόγια,ὦστε</span> <span class='ocrx_word' id='word_1_265' title='bbox 602 2218 913 2281; x_wconf 78' lang='grc' dir='ltr'>τούναντίον</span> <span class='ocrx_word' id='word_1_266' title='bbox 944 2210 1053 2271; x_wconf 73' lang='grc' dir='ltr'>οὔδ’</span> <span class='ocrx_word' id='word_1_267' title='bbox 1082 2219 1146 2272; x_wconf 84' lang='grc' dir='ltr'>ἄν</span> <span class='ocrx_word' id='word_1_268' title='bbox 1175 2235 1227 2271; x_wconf 86' lang='grc' dir='ltr'><strong>τι</strong></span> <span class='ocrx_word' id='word_1_269' title='bbox 1259 2218 1467 2284; x_wconf 85' lang='grc' dir='ltr'>γένοιτο</span> <span class='ocrx_word' id='word_1_270' title='bbox 1491 2216 1597 2271; x_wconf 83' lang='grc' dir='ltr'>τῶν</span> <span class='ocrx_word' id='word_1_271' title='bbox 1618 2218 1791 2291; x_wconf 74' lang='grc' dir='ltr'>ἔργων</span> 
     </span>
    </p>
   </div>
   <div class='ocr_carea' id='block_1_39' title="bbox 220 2308 1794 2379">
    <p class='ocr_par' dir='ltr' id='par_1_39' title="bbox 220 2308 1794 2379">
     <span class='ocr_line' id='line_1_39' title="bbox 220 2308 1794 2379; baseline 0.001 -17"><span class='ocrx_word' id='word_1_272' title='bbox 220 2309 586 2379; x_wconf 74' lang='grc' dir='ltr'>ἀπαστράψαι</span> <span class='ocrx_word' id='word_1_273' title='bbox 612 2308 710 2377; x_wconf 86' lang='grc' dir='ltr'><strong>τὴν</strong></span> <span class='ocrx_word' id='word_1_274' title='bbox 751 2309 1095 2379; x_wconf 78' lang='grc' dir='ltr'>λαμπηδόνα,</span> <span class='ocrx_word' id='word_1_275' title='bbox 1127 2311 1175 2362; x_wconf 84' lang='grc' dir='ltr'>εἰ</span> <span class='ocrx_word' id='word_1_276' title='bbox 1226 2314 1300 2379; x_wconf 85' lang='grc' dir='ltr'>μὴ</span> <span class='ocrx_word' id='word_1_277' title='bbox 1346 2311 1443 2379; x_wconf 78' lang='grc' dir='ltr'>τῆς</span> <span class='ocrx_word' id='word_1_278' title='bbox 1491 2310 1794 2377; x_wconf 72' lang='grc' dir='ltr'>κενοδοξίας</span> 
     </span>
    </p>
   </div>
   <div class='ocr_carea' id='block_1_40' title="bbox 180 2386 1795 2471">
    <p class='ocr_par' dir='ltr' id='par_1_40' title="bbox 180 2386 1795 2471">
     <span class='ocr_line' id='line_1_40' title="bbox 180 2386 1795 2471; baseline 0.001 -18"><span class='ocrx_word' id='word_1_279' title='bbox 180 2386 311 2453; x_wconf 43' lang='grc' dir='ltr'>’τὸν</span> <span class='ocrx_word' id='word_1_280' title='bbox 380 2400 542 2469; x_wconf 74' lang='grc' dir='ltr'>ζόφον</span> <span class='ocrx_word' id='word_1_281' title='bbox 581 2400 845 2471; x_wconf 89' lang='grc' dir='ltr'>πρότερον</span> <span class='ocrx_word' id='word_1_282' title='bbox 892 2400 1242 2470; x_wconf 85' lang='grc' dir='ltr'>διασκεδάσῃ,</span> <span class='ocrx_word' id='word_1_283' title='bbox 1299 2400 1394 2452; x_wconf 71' lang='grc' dir='ltr'>καὶ</span> <span class='ocrx_word' id='word_1_284' title='bbox 1451 2401 1686 2471; x_wconf 85' lang='grc' dir='ltr'>περιέλοι</span> <span class='ocrx_word' id='word_1_285' title='bbox 1737 2403 1795 2465; x_wconf 76' lang='grc' dir='ltr'>ἐξ</span> 
     </span>
    </p>
   </div>
   <div class='ocr_carea' id='block_1_41' title="bbox 217 2511 410 2547">
    <p class='ocr_par' dir='ltr' id='par_1_41' title="bbox 217 2511 410 2547">
     <span class='ocr_line' id='line_1_41' title="bbox 217 2511 410 2547; baseline -0.005 0"><span class='ocrx_word' id='word_1_286' title='bbox 217 2511 410 2547; x_wconf 83' lang='grc' dir='ltr'>αυτου.</span> 
     </span>
    </p>
   </div>
   <div class='ocr_carea' id='block_1_42' title="bbox 295 2673 1793 2746">
    <p class='ocr_par' dir='ltr' id='par_1_42' title="bbox 295 2673 1793 2746">
     <span class='ocr_line' id='line_1_42' title="bbox 295 2673 1793 2746; baseline -0.002 -19"><span class='ocrx_word' id='word_1_287' title='bbox 295 2673 508 2738; x_wconf 79' lang='grc' dir='ltr'>’Ἄλλως</span> <span class='ocrx_word' id='word_1_288' title='bbox 536 2692 596 2728; x_wconf 86' lang='grc' dir='ltr'><strong>τε</strong></span> <span class='ocrx_word' id='word_1_289' title='bbox 624 2673 681 2729; x_wconf 78' lang='grc' dir='ltr'>δὲ</span> <span class='ocrx_word' id='word_1_290' title='bbox 704 2716 719 2741; x_wconf 91' lang='grc'><strong>,</strong></span> <span class='ocrx_word' id='word_1_291' title='bbox 755 2675 805 2728; x_wconf 86' lang='grc' dir='ltr'><strong>εί</strong></span> <span class='ocrx_word' id='word_1_292' title='bbox 831 2674 891 2728; x_wconf 79' lang='grc' dir='ltr'>τὸ</span> <span class='ocrx_word' id='word_1_293' title='bbox 918 2675 993 2746; x_wconf 82' lang='grc' dir='ltr'>μὴ</span> <span class='ocrx_word' id='word_1_294' title='bbox 1036 2674 1411 2738; x_wconf 73' lang='grc' dir='ltr'>σκανδαλίζειν</span> <span class='ocrx_word' id='word_1_295' title='bbox 1447 2675 1538 2727; x_wconf 77' lang='grc' dir='ltr'>τὸν</span> <span class='ocrx_word' id='word_1_296' title='bbox 1567 2673 1793 2744; x_wconf 87' lang='grc' dir='ltr'>πλησίον</span> 
     </span>
    </p>
   </div>
   <div class='ocr_carea' id='block_1_43' title="bbox 221 2765 1792 2839">
    <p class='ocr_par' dir='ltr' id='par_1_43' title="bbox 221 2765 1792 2839">
     <span class='ocr_line' id='line_1_43' title="bbox 221 2765 1792 2839; baseline -0.002 -19"><span class='ocrx_word' id='word_1_297' title='bbox 221 2765 522 2837; x_wconf 86' lang='grc' dir='ltr'>σύνδρομόν</span> <span class='ocrx_word' id='word_1_298' title='bbox 559 2768 695 2831; x_wconf 72' lang='grc' dir='ltr'>ἐστι,</span> <span class='ocrx_word' id='word_1_299' title='bbox 740 2767 939 2836; x_wconf 81' lang='grc' dir='ltr'>μᾶλλον</span> <span class='ocrx_word' id='word_1_300' title='bbox 978 2767 1033 2821; x_wconf 73' lang='grc' dir='ltr'>δὲ</span> <span class='ocrx_word' id='word_1_301' title='bbox 1071 2768 1481 2839; x_wconf 83' lang='grc' dir='ltr'>προηγούμενον</span> <span class='ocrx_word' id='word_1_302' title='bbox 1506 2765 1600 2819; x_wconf 76' lang='grc' dir='ltr'><strong>τοῦ</strong></span> <span class='ocrx_word' id='word_1_303' title='bbox 1635 2782 1792 2835; x_wconf 84' lang='grc' dir='ltr'>περι-</span> 
     </span>
    </p>
   </div>
   <div class='ocr_carea' id='block_1_44' title="bbox 221 2857 1793 2932">
    <p class='ocr_par' dir='ltr' id='par_1_44' title="bbox 221 2857 1793 2932">
     <span class='ocr_line' id='line_1_44' title="bbox 221 2857 1793 2932; baseline -0.002 -19"><span class='ocrx_word' id='word_1_304' title='bbox 221 2859 436 2928; x_wconf 71' lang='grc' dir='ltr'>λάμψαι</span> <span class='ocrx_word' id='word_1_305' title='bbox 468 2860 580 2922; x_wconf 90' lang='grc' dir='ltr'>τοῖς</span> <span class='ocrx_word' id='word_1_306' title='bbox 608 2857 790 2930; x_wconf 77' lang='grc' dir='ltr'>ἔργοις</span> <span class='ocrx_word' id='word_1_307' title='bbox 812 2861 938 2923; x_wconf 80' lang='grc' dir='ltr'>τοὺς</span> <span class='ocrx_word' id='word_1_308' title='bbox 966 2860 1062 2914; x_wconf 89' lang='grc' dir='ltr'><strong>ἀνθ</strong></span> <span class='ocrx_word' id='word_1_309' title='bbox 1072 2859 1309 2932; x_wconf 82' lang='grc' dir='ltr'>ρώπους,</span> <span class='ocrx_word' id='word_1_310' title='bbox 1330 2858 1391 2911; x_wconf 84' lang='grc' dir='ltr'>τὸ</span> <span class='ocrx_word' id='word_1_311' title='bbox 1411 2859 1489 2924; x_wconf 80' lang='grc' dir='ltr'>δὲ,</span> <span class='ocrx_word' id='word_1_312' title='bbox 1523 2858 1598 2928; x_wconf 83' lang='grc' dir='ltr'>μὴ</span> <span class='ocrx_word' id='word_1_313' title='bbox 1622 2859 1793 2911; x_wconf 88' lang='grc' dir='ltr'>ποιεῖν</span> 
     </span>
    </p>
   </div>
   <div class='ocr_carea' id='block_1_45' title="bbox 224 2950 1793 3023">
    <p class='ocr_par' dir='ltr' id='par_1_45' title="bbox 224 2950 1793 3023">
     <span class='ocr_line' id='line_1_45' title="bbox 224 2950 1793 3023; baseline -0.001 -20"><span class='ocrx_word' id='word_1_314' title='bbox 224 2952 363 3021; x_wconf 78' lang='grc' dir='ltr'>πρὸς</span> <span class='ocrx_word' id='word_1_315' title='bbox 392 2952 674 3017; x_wconf 65' lang='grc' dir='ltr'>ἐπίδειξιν,</span> <span class='ocrx_word' id='word_1_316' title='bbox 705 2954 762 3006; x_wconf 84' lang='grc' dir='ltr'>ὲν</span> <span class='ocrx_word' id='word_1_317' title='bbox 793 2950 870 3022; x_wconf 81' lang='grc' dir='ltr'>τῷ</span> <span class='ocrx_word' id='word_1_318' title='bbox 903 2952 977 3023; x_wconf 82' lang='grc' dir='ltr'>μὴ</span> <span class='ocrx_word' id='word_1_319' title='bbox 1024 2952 1401 3016; x_wconf 75' lang='grc' dir='ltr'>σκανδαλίζειν</span> <span class='ocrx_word' id='word_1_320' title='bbox 1438 2950 1512 3014; x_wconf 83' lang='grc' dir='ltr'><strong>ὡς</strong></span> <span class='ocrx_word' id='word_1_321' title='bbox 1546 2952 1604 3004; x_wconf 85' lang='grc' dir='ltr'>ἐν</span> <span class='ocrx_word' id='word_1_322' title='bbox 1639 2950 1793 3021; x_wconf 82' lang='grc' dir='ltr'>μέρει</span> 
     </span>
    </p>
   </div>
   <div class='ocr_carea' id='block_1_46' title="bbox 221 3040 1793 3113">
    <p class='ocr_par' dir='ltr' id='par_1_46' title="bbox 221 3040 1793 3113">
     <span class='ocr_line' id='line_1_46' title="bbox 221 3040 1793 3113; baseline -0.001 -19"><span class='ocrx_word' id='word_1_323' title='bbox 221 3041 385 3109; x_wconf 84' lang='grc' dir='ltr'>νόμος</span> <span class='ocrx_word' id='word_1_324' title='bbox 414 3042 728 3112; x_wconf 83' lang='grc' dir='ltr'>περιέχεται</span> <span class='ocrx_word' id='word_1_325' title='bbox 758 3040 837 3111; x_wconf 86' lang='grc' dir='ltr'>τῷ</span> <span class='ocrx_word' id='word_1_326' title='bbox 879 3042 1004 3112; x_wconf 83' lang='grc' dir='ltr'><strong>ὅλῳ.</strong></span> <span class='ocrx_word' id='word_1_327' title='bbox 1050 3043 1161 3096; x_wconf 77' lang='grc' dir='ltr'>Καὶ</span> <span class='ocrx_word' id='word_1_328' title='bbox 1210 3042 1269 3095; x_wconf 81' lang='grc' dir='ltr'>τὸ</span> <span class='ocrx_word' id='word_1_329' title='bbox 1308 3041 1531 3111; x_wconf 83' lang='grc' dir='ltr'>φεύγειν</span> <span class='ocrx_word' id='word_1_330' title='bbox 1563 3041 1671 3112; x_wconf 83' lang='grc' dir='ltr'>ἄρα</span> <span class='ocrx_word' id='word_1_331' title='bbox 1697 3040 1793 3113; x_wconf 81' lang='grc' dir='ltr'>τὴν</span> 
     </span>
    </p>
   </div>
   <div class='ocr_carea' id='block_1_47' title="bbox 220 3131 1794 3204">
    <p class='ocr_par' dir='ltr' id='par_1_47' title="bbox 220 3131 1794 3204">
     <span class='ocr_line' id='line_1_47' title="bbox 220 3131 1794 3204; baseline 0 -19"><span class='ocrx_word' id='word_1_332' title='bbox 220 3132 535 3199; x_wconf 82' lang='grc' dir='ltr'>κενοδοξίαν</span> <span class='ocrx_word' id='word_1_333' title='bbox 590 3133 1026 3203; x_wconf 82' lang='grc' dir='ltr'>προπαρασκευὴ</span> <span class='ocrx_word' id='word_1_334' title='bbox 1075 3134 1285 3200; x_wconf 85' lang='grc' dir='ltr'>γίνεται</span> <span class='ocrx_word' id='word_1_335' title='bbox 1333 3132 1427 3186; x_wconf 78' lang='grc' dir='ltr'><strong>τοῦ</strong></span> <span class='ocrx_word' id='word_1_336' title='bbox 1487 3131 1794 3204; x_wconf 74' lang='grc' dir='ltr'>ἔμπροσθεν</span> 
     </span>
    </p>
   </div>
   <div class='ocr_carea' id='block_1_48' title="bbox 219 3222 1793 3295">
    <p class='ocr_par' dir='ltr' id='par_1_48' title="bbox 219 3222 1793 3295">
     <span class='ocr_line' id='line_1_48' title="bbox 219 3222 1793 3295; baseline 0.001 -18"><span class='ocrx_word' id='word_1_337' title='bbox 219 3222 333 3277; x_wconf 81' lang='grc' dir='ltr'><strong>τῶν</strong></span> <span class='ocrx_word' id='word_1_338' title='bbox 374 3222 680 3295; x_wconf 85' lang='grc' dir='ltr'>ἀνθρώπων</span> <span class='ocrx_word' id='word_1_339' title='bbox 718 3224 807 3277; x_wconf 84' lang='grc' dir='ltr'>διὰ</span> <span class='ocrx_word' id='word_1_340' title='bbox 853 3224 962 3277; x_wconf 84' lang='grc' dir='ltr'><strong>τῶν</strong></span> <span class='ocrx_word' id='word_1_341' title='bbox 1003 3224 1183 3295; x_wconf 78' lang='grc' dir='ltr'>ἔργων</span> <span class='ocrx_word' id='word_1_342' title='bbox 1232 3224 1567 3295; x_wconf 78' lang='grc' dir='ltr'>ἀναλάμψαι.</span> <span class='ocrx_word' id='word_1_343' title='bbox 1634 3224 1793 3278; x_wconf 82' lang='grc' dir='ltr'>Ἀλλὰ</span> 
     </span>
    </p>
   </div>
   <div class='ocr_carea' id='block_1_49' title="bbox 220 3314 1793 3387">
    <p class='ocr_par' dir='ltr' id='par_1_49' title="bbox 220 3314 1793 3387">
     <span class='ocr_line' id='line_1_49' title="bbox 220 3314 1793 3387; baseline 0.003 -21"><span class='ocrx_word' id='word_1_344' title='bbox 220 3315 331 3384; x_wconf 80' lang='grc' dir='ltr'>γὰρ</span> <span class='ocrx_word' id='word_1_345' title='bbox 355 3315 424 3368; x_wconf 77' lang='grc' dir='ltr'><strong>τὰ</strong></span> <span class='ocrx_word' id='word_1_346' title='bbox 455 3314 554 3386; x_wconf 82' lang='grc' dir='ltr'>μὲν</span> <span class='ocrx_word' id='word_1_347' title='bbox 588 3316 842 3386; x_wconf 84' lang='grc' dir='ltr'>Κυριακά</span> <span class='ocrx_word' id='word_1_348' title='bbox 870 3316 1024 3383; x_wconf 85' lang='grc' dir='ltr'>λόγια</span> <span class='ocrx_word' id='word_1_349' title='bbox 1054 3316 1151 3387; x_wconf 81' lang='grc' dir='ltr'>σὴν</span> <span class='ocrx_word' id='word_1_350' title='bbox 1177 3316 1287 3386; x_wconf 76' lang='grc'>(55)</span> <span class='ocrx_word' id='word_1_351' title='bbox 1333 3316 1706 3387; x_wconf 80' lang='grc' dir='ltr'>συνεξαίτησίν</span> <span class='ocrx_word' id='word_1_352' title='bbox 1734 3334 1793 3370; x_wconf 86' lang='grc' dir='ltr'><strong>τε</strong></span> 
     </span>
    </p>
   </div>
   <div class='ocr_carea' id='block_1_50' title="bbox 225 3407 1794 3479">
    <p class='ocr_par' dir='ltr' id='par_1_50' title="bbox 225 3407 1794 3479">
     <span class='ocr_line' id='line_1_50' title="bbox 225 3407 1794 3479; baseline 0.001 -18"><span class='ocrx_word' id='word_1_353' title='bbox 225 3410 321 3461; x_wconf 70' lang='grc' dir='ltr'>καὶ</span> <span class='ocrx_word' id='word_1_354' title='bbox 358 3409 522 3479; x_wconf 83' lang='grc' dir='ltr'>χάριν</span> <span class='ocrx_word' id='word_1_355' title='bbox 572 3409 849 3479; x_wconf 82' lang='grc' dir='ltr'>διαφόροις</span> <span class='ocrx_word' id='word_1_356' title='bbox 892 3407 1173 3472; x_wconf 80' lang='grc' dir='ltr'>ἐπιϐολαῖς</span> <span class='ocrx_word' id='word_1_357' title='bbox 1220 3410 1341 3463; x_wconf 71' lang='grc' dir='ltr'>ἀντὶ</span> <span class='ocrx_word' id='word_1_358' title='bbox 1368 3409 1464 3462; x_wconf 78' lang='grc' dir='ltr'><strong>τοῦ</strong></span> <span class='ocrx_word' id='word_1_359' title='bbox 1508 3410 1794 3478; x_wconf 81' lang='grc' dir='ltr'>διαφωνεῖν</span> 
     </span>
    </p>
   </div>
   <div class='ocr_carea' id='block_1_51' title="bbox 224 3499 1617 3571">
    <p class='ocr_par' dir='ltr' id='par_1_51' title="bbox 224 3499 1617 3571">
     <span class='ocr_line' id='line_1_51' title="bbox 224 3499 1617 3571; baseline 0 -18"><span class='ocrx_word' id='word_1_360' title='bbox 224 3499 515 3569; x_wconf 70' lang='grc' dir='ltr'>ὲπεδείχθη</span> <span class='ocrx_word' id='word_1_361' title='bbox 555 3499 753 3569; x_wconf 80' lang='grc' dir='ltr'>μᾶλλον</span> <span class='ocrx_word' id='word_1_362' title='bbox 774 3500 1129 3569; x_wconf 78' lang='grc' dir='ltr'>ἀσπαζόμενα</span> <span class='ocrx_word' id='word_1_363' title='bbox 1148 3499 1248 3570; x_wconf 83' lang='grc' dir='ltr'>τὴν</span> <span class='ocrx_word' id='word_1_364' title='bbox 1279 3501 1617 3571; x_wconf 81' lang='grc' dir='ltr'>συμφωνίαν.</span> 
     </span>
    </p>
   </div>
   <div class='ocr_carea' id='block_1_52' title="bbox 297 3783 1796 3856">
    <p class='ocr_par' dir='ltr' id='par_1_52' title="bbox 297 3783 1796 3856">
     <span class='ocr_line' id='line_1_52' title="bbox 297 3783 1796 3856; baseline 0 -19"><span class='ocrx_word' id='word_1_365' title='bbox 297 3785 457 3838; x_wconf 82' lang='grc' dir='ltr'>Ἔστι</span> <span class='ocrx_word' id='word_1_366' title='bbox 486 3783 543 3837; x_wconf 79' lang='grc' dir='ltr'>δὲ</span> <span class='ocrx_word' id='word_1_367' title='bbox 576 3784 667 3841; x_wconf 74' lang='grc' dir='ltr'>καὶ</span> <span class='ocrx_word' id='word_1_368' title='bbox 694 3786 1036 3839; x_wconf 79' lang='grc' dir='ltr'>Δεσποτικῶν</span> <span class='ocrx_word' id='word_1_369' title='bbox 1064 3788 1097 3854; x_wconf 80' lang='grc' dir='ltr'>ἡ</span> <span class='ocrx_word' id='word_1_370' title='bbox 1124 3786 1356 3856; x_wconf 87' lang='grc' dir='ltr'>μίμησις</span> <span class='ocrx_word' id='word_1_371' title='bbox 1386 3787 1586 3855; x_wconf 88' lang='grc' dir='ltr'>νόμων,</span> <span class='ocrx_word' id='word_1_372' title='bbox 1610 3786 1796 3839; x_wconf 79' lang='grc' dir='ltr'>κάκεῖ-</span> 
     </span>
    </p>
   </div>
   <div class='ocr_carea' id='block_1_53' title="bbox 225 3875 1796 3949">
    <p class='ocr_par' dir='ltr' id='par_1_53' title="bbox 225 3875 1796 3949">
     <span class='ocr_line' id='line_1_53' title="bbox 225 3875 1796 3949; baseline 0.001 -19"><span class='ocrx_word' id='word_1_373' title='bbox 225 3877 314 3930; x_wconf 83' lang='grc' dir='ltr'><strong>θεν</strong></span> <span class='ocrx_word' id='word_1_374' title='bbox 372 3875 488 3947; x_wconf 74' lang='grc' dir='ltr'>ἔχει</span> <span class='ocrx_word' id='word_1_375' title='bbox 544 3876 642 3947; x_wconf 84' lang='grc' dir='ltr'>τὴν</span> <span class='ocrx_word' id='word_1_376' title='bbox 700 3878 947 3948; x_wconf 75' lang='grc' dir='ltr'>πρόοδον,</span> <span class='ocrx_word' id='word_1_377' title='bbox 995 3878 1057 3931; x_wconf 81' lang='grc' dir='ltr'>τὸ</span> <span class='ocrx_word' id='word_1_378' title='bbox 1116 3877 1354 3931; x_wconf 86' lang='grc' dir='ltr'>πλείοσιν</span> <span class='ocrx_word' id='word_1_379' title='bbox 1408 3880 1796 3949; x_wconf 70' lang='grc' dir='ltr'>ἐπιχειρήμασι</span> 
     </span>
    </p>
   </div>
   <div class='ocr_carea' id='block_1_54' title="bbox 229 3968 1797 4041">
    <p class='ocr_par' dir='ltr' id='par_1_54' title="bbox 229 3968 1797 4041">
     <span class='ocr_line' id='line_1_54' title="bbox 229 3968 1797 4041; baseline 0.001 -20"><span class='ocrx_word' id='word_1_380' title='bbox 229 3968 540 4039; x_wconf 77' lang='grc' dir='ltr'>μεθοδεύειν</span> <span class='ocrx_word' id='word_1_381' title='bbox 588 3968 657 4022; x_wconf 80' lang='grc' dir='ltr'>τὰ</span> <span class='ocrx_word' id='word_1_382' title='bbox 704 3970 1017 4034; x_wconf 78' lang='grc' dir='ltr'>στασιάζειν</span> <span class='ocrx_word' id='word_1_383' title='bbox 1056 3969 1303 4041; x_wconf 83' lang='grc' dir='ltr'>ἀλλήλοις</span> <span class='ocrx_word' id='word_1_384' title='bbox 1361 3970 1621 4024; x_wconf 81' lang='grc' dir='ltr'>δοκοῦντα</span> <span class='ocrx_word' id='word_1_385' title='bbox 1687 3971 1797 4023; x_wconf 85' lang='grc' dir='ltr'>τῶν</span> 
     </span>
    </p>
   </div>
   <div class='ocr_carea' id='block_1_55' title="bbox 227 4061 1797 4132">
    <p class='ocr_par' dir='ltr' id='par_1_55' title="bbox 227 4061 1797 4132">
     <span class='ocr_line' id='line_1_55' title="bbox 227 4061 1797 4132; baseline -0.001 -18"><span class='ocrx_word' id='word_1_386' title='bbox 227 4061 652 4132; x_wconf 87' lang='grc' dir='ltr'>προϐλημάτων.</span> <span class='ocrx_word' id='word_1_387' title='bbox 689 4061 799 4114; x_wconf 75' lang='grc' dir='ltr'><strong>Καὶ</strong></span> <span class='ocrx_word' id='word_1_388' title='bbox 827 4061 935 4131; x_wconf 88' lang='grc' dir='ltr'><strong>γάρ</strong></span> <span class='ocrx_word' id='word_1_389' title='bbox 974 4062 1134 4124; x_wconf 78' lang='grc' dir='ltr'>αὐτὸς</span> <span class='ocrx_word' id='word_1_390' title='bbox 1156 4063 1183 4114; x_wconf 87' lang='grc' dir='ltr'><strong>ό</strong></span> <span class='ocrx_word' id='word_1_391' title='bbox 1214 4062 1394 4124; x_wconf 81' lang='grc' dir='ltr'>κοινὸς</span> <span class='ocrx_word' id='word_1_392' title='bbox 1430 4062 1521 4114; x_wconf 81' lang='grc' dir='ltr'>καὶ</span> <span class='ocrx_word' id='word_1_393' title='bbox 1547 4063 1797 4131; x_wconf 81' lang='grc' dir='ltr'>Πλάστης</span> 
     </span>
    </p>
   </div>
   <div class='ocr_carea' id='block_1_56' title="bbox 226 4152 1796 4225">
    <p class='ocr_par' dir='ltr' id='par_1_56' title="bbox 226 4152 1796 4225">
     <span class='ocr_line' id='line_1_56' title="bbox 226 4152 1796 4225; baseline -0.003 -16"><span class='ocrx_word' id='word_1_394' title='bbox 226 4157 320 4209; x_wconf 78' lang='grc' dir='ltr'>καὶ</span> <span class='ocrx_word' id='word_1_395' title='bbox 351 4154 705 4219; x_wconf 83' lang='grc' dir='ltr'>Διδάσκαλος,</span> <span class='ocrx_word' id='word_1_396' title='bbox 746 4154 840 4206; x_wconf 78' lang='grc' dir='ltr'>καὶ</span> <span class='ocrx_word' id='word_1_397' title='bbox 888 4154 1080 4223; x_wconf 77' lang='grc' dir='ltr'>Σωτὴρ</span> <span class='ocrx_word' id='word_1_398' title='bbox 1138 4152 1433 4225; x_wconf 75' lang='grc' dir='ltr'>εἰσηγητὴς</span> <span class='ocrx_word' id='word_1_399' title='bbox 1481 4154 1670 4223; x_wconf 77' lang='grc' dir='ltr'>ὁρᾶται</span> <span class='ocrx_word' id='word_1_400' title='bbox 1703 4152 1796 4205; x_wconf 75' lang='grc' dir='ltr'><strong>τοῦ</strong></span> 
     </span>
    </p>
   </div>
   <div class='ocr_carea' id='block_1_57' title="bbox 227 4237 1798 4313">
    <p class='ocr_par' dir='ltr' id='par_1_57' title="bbox 227 4237 1798 4313">
     <span class='ocr_line' id='line_1_57' title="bbox 227 4237 1798 4313; baseline -0.004 -16"><span class='ocrx_word' id='word_1_401' title='bbox 227 4245 475 4308; x_wconf 82' lang='grc' dir='ltr'>κανόνος,</span> <span class='ocrx_word' id='word_1_402' title='bbox 500 4237 581 4306; x_wconf 77' lang='grc' dir='ltr'>οἷς</span> <span class='ocrx_word' id='word_1_403' title='bbox 618 4244 895 4312; x_wconf 69' lang='grc' dir='ltr'>ἐποίησεν.</span> <span class='ocrx_word' id='word_1_404' title='bbox 932 4245 1045 4298; x_wconf 82' lang='grc' dir='ltr'>Οὐκ</span> <span class='ocrx_word' id='word_1_405' title='bbox 1074 4242 1240 4313; x_wconf 76' lang='grc' dir='ltr'>ἄχαρι</span> <span class='ocrx_word' id='word_1_406' title='bbox 1286 4242 1333 4295; x_wconf 89' lang='grc' dir='ltr'>δ’</span> <span class='ocrx_word' id='word_1_407' title='bbox 1378 4243 1506 4306; x_wconf 77' lang='grc' dir='ltr'>ἴσως</span> <span class='ocrx_word' id='word_1_408' title='bbox 1533 4244 1590 4295; x_wconf 84' lang='grc' dir='ltr'>ἐν</span> <span class='ocrx_word' id='word_1_409' title='bbox 1614 4238 1798 4309; x_wconf 80' lang='grc' dir='ltr'>ταυτῷ</span> 
     </span>
    </p>
   </div>
   <div class='ocr_carea' id='block_1_58' title="bbox 228 4333 1798 4407">
    <p class='ocr_par' dir='ltr' id='par_1_58' title="bbox 228 4333 1798 4407">
     <span class='ocr_line' id='line_1_58' title="bbox 228 4333 1798 4407; baseline -0.003 -17"><span class='ocrx_word' id='word_1_410' title='bbox 228 4355 308 4390; x_wconf 88' lang='grc' dir='ltr'><strong>σοι</strong></span> <span class='ocrx_word' id='word_1_411' title='bbox 338 4336 803 4401; x_wconf 82' lang='grc' dir='ltr'>συνδιεξαπλῶσαι</span> <span class='ocrx_word' id='word_1_412' title='bbox 842 4336 937 4389; x_wconf 71' lang='grc' dir='ltr'>καὶ</span> <span class='ocrx_word' id='word_1_413' title='bbox 966 4335 1064 4406; x_wconf 71' lang='grc' dir='ltr'>τὴν</span> <span class='ocrx_word' id='word_1_414' title='bbox 1093 4334 1329 4407; x_wconf 85' lang='grc' dir='ltr'>θεωρίαν</span> <span class='ocrx_word' id='word_1_415' title='bbox 1354 4334 1449 4388; x_wconf 82' lang='grc' dir='ltr'><strong>τοῦ</strong></span> <span class='ocrx_word' id='word_1_416' title='bbox 1482 4334 1666 4404; x_wconf 90' lang='grc' dir='ltr'>τρίτου</span> <span class='ocrx_word' id='word_1_417' title='bbox 1697 4333 1798 4405; x_wconf 82' lang='grc' dir='ltr'><strong>ζη-</strong></span> 
     </span>
    </p>
   </div>
   <div class='ocr_carea' id='block_1_59' title="bbox 1901 1850 3462 1923">
    <p class='ocr_par' dir='ltr' id='par_1_59' title="bbox 1901 1850 3462 1923">
     <span class='ocr_line' id='line_1_59' title="bbox 1901 1850 3462 1923; baseline 0.004 -20"><span class='ocrx_word' id='word_1_418' title='bbox 1901 1850 2039 1905; x_wconf 88' lang='lat' dir='ltr'><strong>inter</strong></span> <span class='ocrx_word' id='word_1_419' title='bbox 2070 1850 2296 1905; x_wconf 85' lang='lat' dir='ltr'><strong>nebulas</strong></span> <span class='ocrx_word' id='word_1_420' title='bbox 2354 1856 2409 1905; x_wconf 90' lang='lat' dir='ltr'><strong>et</strong></span> <span class='ocrx_word' id='word_1_421' title='bbox 2452 1865 2667 1906; x_wconf 82' lang='lat' dir='ltr'><strong>errores</strong></span> <span class='ocrx_word' id='word_1_422' title='bbox 2692 1852 2856 1905; x_wconf 88' lang='lat' dir='ltr'><strong>vitam</strong></span> <span class='ocrx_word' id='word_1_423' title='bbox 2892 1862 3133 1923; x_wconf 80' lang='lat' dir='ltr'><strong>agentes,</strong></span> <span class='ocrx_word' id='word_1_424' title='bbox 3190 1857 3257 1908; x_wconf 86' lang='lat' dir='ltr'><strong>ad</strong></span> <span class='ocrx_word' id='word_1_425' title='bbox 3296 1855 3462 1909; x_wconf 89' lang='lat' dir='ltr'><strong>vitam</strong></span> 
     </span>
    </p>
   </div>
   <div class='ocr_carea' id='block_1_60' title="bbox 1902 1943 3465 2016">
    <p class='ocr_par' dir='ltr' id='par_1_60' title="bbox 1902 1943 3465 2016">
     <span class='ocr_line' id='line_1_60' title="bbox 1902 1943 3465 2016; baseline 0.004 -21"><span class='ocrx_word' id='word_1_426' title='bbox 1902 1943 2231 2013; x_wconf 87' lang='lat' dir='ltr'><strong>inculpatam</strong></span> <span class='ocrx_word' id='word_1_427' title='bbox 2250 1952 2307 1999; x_wconf 91' lang='lat' dir='ltr'><strong>et</strong></span> <span class='ocrx_word' id='word_1_428' title='bbox 2337 1958 2474 2012; x_wconf 93' lang='lat' dir='ltr'><strong>puro</strong></span> <span class='ocrx_word' id='word_1_429' title='bbox 2502 1944 2719 1999; x_wconf 88' lang='lat' dir='ltr'><strong>virtutis</strong></span> <span class='ocrx_word' id='word_1_430' title='bbox 2737 1943 2917 1999; x_wconf 90' lang='lat' dir='ltr'><strong>studio</strong></span> <span class='ocrx_word' id='word_1_431' title='bbox 2937 1958 3242 2010; x_wconf 89' lang='lat' dir='ltr'><strong>coruscam,</strong></span> <span class='ocrx_word' id='word_1_432' title='bbox 3262 1961 3327 2002; x_wconf 79' lang='lat' dir='ltr'><strong>ex</strong></span> <span class='ocrx_word' id='word_1_433' title='bbox 3356 1962 3465 2016; x_wconf 89' lang='lat' dir='ltr'><strong>qua</strong></span> 
     </span>
    </p>
   </div>
   <div class='ocr_carea' id='block_1_61' title="bbox 1901 2034 3468 2107">
    <p class='ocr_par' dir='ltr' id='par_1_61' title="bbox 1901 2034 3468 2107">
     <span class='ocr_line' id='line_1_61' title="bbox 1901 2034 3468 2107; baseline 0.003 -19"><span class='ocrx_word' id='word_1_434' title='bbox 1901 2035 2163 2093; x_wconf 88' lang='lat' dir='ltr'><strong>immunis</strong></span> <span class='ocrx_word' id='word_1_435' title='bbox 2212 2034 2281 2091; x_wconf 83' lang='lat' dir='ltr'><strong>ab</strong></span> <span class='ocrx_word' id='word_1_436' title='bbox 2334 2034 2617 2090; x_wconf 73' lang='lat' dir='ltr'><strong>affectibus</strong></span> <span class='ocrx_word' id='word_1_437' title='bbox 2644 2035 2881 2098; x_wconf 88' lang='lat' dir='ltr'><strong>animus,</strong></span> <span class='ocrx_word' id='word_1_438' title='bbox 2918 2049 3151 2106; x_wconf 86' lang='lat' dir='ltr'><strong>veraque</strong></span> <span class='ocrx_word' id='word_1_439' title='bbox 3182 2037 3372 2107; x_wconf 77' lang='lat' dir='ltr'><strong>gloria,</strong></span> <span class='ocrx_word' id='word_1_440' title='bbox 3412 2047 3468 2094; x_wconf 89' lang='lat' dir='ltr'><strong>et</strong></span> 
     </span>
    </p>
   </div>
   <div class='ocr_carea' id='block_1_62' title="bbox 1901 2122 3466 2196">
    <p class='ocr_par' dir='ltr' id='par_1_62' title="bbox 1901 2122 3466 2196">
     <span class='ocr_line' id='line_1_62' title="bbox 1901 2122 3466 2196; baseline 0.001 -16"><span class='ocrx_word' id='word_1_441' title='bbox 1901 2126 2097 2181; x_wconf 86' lang='lat' dir='ltr'><strong>mentis</strong></span> <span class='ocrx_word' id='word_1_442' title='bbox 2123 2124 2379 2196; x_wconf 84' lang='lat' dir='ltr'><strong>splendor</strong></span> <span class='ocrx_word' id='word_1_443' title='bbox 2407 2124 2627 2189; x_wconf 89' lang='lat' dir='ltr'><strong>emicat,</strong></span> <span class='ocrx_word' id='word_1_444' title='bbox 2656 2122 2925 2195; x_wconf 89' lang='lat' dir='ltr'><strong>perducit.</strong></span> <span class='ocrx_word' id='word_1_445' title='bbox 2956 2123 3249 2195; x_wconf 84' lang='lat' dir='ltr'><strong>Propterea</strong></span> <span class='ocrx_word' id='word_1_446' title='bbox 3281 2125 3466 2181; x_wconf 84' lang='lat' dir='ltr'><strong>divina</strong></span> 
     </span>
    </p>
   </div>
   <div class='ocr_carea' id='block_1_63' title="bbox 1899 2214 3467 2273">
    <p class='ocr_par' dir='ltr' id='par_1_63' title="bbox 1899 2214 3467 2273">
     <span class='ocr_line' id='line_1_63' title="bbox 1899 2214 3467 2273; baseline 0.001 -4"><span class='ocrx_word' id='word_1_447' title='bbox 1899 2222 1953 2269; x_wconf 88' lang='lat' dir='ltr'><strong>et</strong></span> <span class='ocrx_word' id='word_1_448' title='bbox 1979 2228 2137 2270; x_wconf 90' lang='lat' dir='ltr'><strong>sacra</strong></span> <span class='ocrx_word' id='word_1_449' title='bbox 2178 2214 2269 2270; x_wconf 84' lang='lat' dir='ltr'><strong>illa</strong></span> <span class='ocrx_word' id='word_1_450' title='bbox 2314 2214 2535 2273; x_wconf 85' lang='lat' dir='ltr'><strong>oracula</strong></span> <span class='ocrx_word' id='word_1_451' title='bbox 2574 2214 2711 2269; x_wconf 90' lang='lat' dir='ltr'><strong>adeo</strong></span> <span class='ocrx_word' id='word_1_452' title='bbox 2739 2214 2840 2269; x_wconf 90' lang='lat' dir='ltr'><strong>sibi</strong></span> <span class='ocrx_word' id='word_1_453' title='bbox 2866 2215 3095 2271; x_wconf 82' lang='lat' dir='ltr'><strong>invicem</strong></span> <span class='ocrx_word' id='word_1_454' title='bbox 3129 2230 3238 2270; x_wconf 92' lang='lat' dir='ltr'><strong>non</strong></span> <span class='ocrx_word' id='word_1_455' title='bbox 3272 2217 3467 2271; x_wconf 89' lang='lat' dir='ltr'><strong>adver-</strong></span> 
     </span>
    </p>
   </div>
   <div class='ocr_carea' id='block_1_64' title="bbox 1899 2306 3591 2378">
    <p class='ocr_par' dir='ltr' id='par_1_64' title="bbox 1899 2306 3591 2378">
     <span class='ocr_line' id='line_1_64' title="bbox 1899 2306 3591 2378; baseline -0.002 -14"><span class='ocrx_word' id='word_1_456' title='bbox 1899 2319 2109 2375; x_wconf 82' lang='lat' dir='ltr'><strong>santur,</strong></span> <span class='ocrx_word' id='word_1_457' title='bbox 2182 2316 2243 2363; x_wconf 89' lang='lat' dir='ltr'><strong>ut</strong></span> <span class='ocrx_word' id='word_1_458' title='bbox 2294 2308 2474 2375; x_wconf 85' lang='lat' dir='ltr'><strong>potius</strong></span> <span class='ocrx_word' id='word_1_459' title='bbox 2530 2306 2742 2376; x_wconf 87' lang='lat' dir='ltr'><strong>lampas</strong></span> <span class='ocrx_word' id='word_1_460' title='bbox 2771 2307 3037 2364; x_wconf 87' lang='lat' dir='ltr'><strong>bonorum</strong></span> <span class='ocrx_word' id='word_1_461' title='bbox 3069 2322 3294 2378; x_wconf 88' lang='lat' dir='ltr'><strong>operum</strong></span> <span class='ocrx_word' id='word_1_462' title='bbox 3323 2310 3465 2378; x_wconf 89' lang='lat' dir='ltr'><strong>apud</strong></span> <span class='ocrx_word' id='word_1_463' title='bbox 3572 2346 3591 2359; x_wconf 62' lang='grc' dir='ltr'><em>μ</em></span> 
     </span>
    </p>
   </div>
   <div class='ocr_carea' id='block_1_65' title="bbox 1901 2398 3463 2471">
    <p class='ocr_par' dir='ltr' id='par_1_65' title="bbox 1901 2398 3463 2471">
     <span class='ocr_line' id='line_1_65' title="bbox 1901 2398 3463 2471; baseline 0 -18"><span class='ocrx_word' id='word_1_464' title='bbox 1901 2400 2175 2456; x_wconf 83' lang='lat' dir='ltr'><strong>neminem</strong></span> <span class='ocrx_word' id='word_1_465' title='bbox 2226 2398 2409 2457; x_wconf 89' lang='lat' dir='ltr'><strong>lucere</strong></span> <span class='ocrx_word' id='word_1_466' title='bbox 2462 2400 2651 2471; x_wconf 87' lang='lat' dir='ltr'><strong>possit,</strong></span> <span class='ocrx_word' id='word_1_467' title='bbox 2694 2399 2798 2453; x_wconf 90' lang='lat' dir='ltr'><strong>nisi</strong></span> <span class='ocrx_word' id='word_1_468' title='bbox 2833 2400 2927 2469; x_wconf 90' lang='lat' dir='ltr'><strong>qui</strong></span> <span class='ocrx_word' id='word_1_469' title='bbox 2971 2400 3120 2469; x_wconf 87' lang='lat' dir='ltr'><strong>prius</strong></span> <span class='ocrx_word' id='word_1_470' title='bbox 3155 2415 3305 2454; x_wconf 63' lang='lat' dir='ltr'><strong>vana:</strong></span> <span class='ocrx_word' id='word_1_471' title='bbox 3343 2415 3463 2455; x_wconf 77' lang='lat' dir='ltr'><strong>am-</strong></span> 
     </span>
    </p>
   </div>
   <div class='ocr_carea' id='block_1_66' title="bbox 1900 2491 3464 2561">
    <p class='ocr_par' dir='ltr' id='par_1_66' title="bbox 1900 2491 3464 2561">
     <span class='ocr_line' id='line_1_66' title="bbox 1900 2491 3464 2561; baseline -0.001 -14"><span class='ocrx_word' id='word_1_472' title='bbox 1900 2491 2126 2548; x_wconf 79' lang='lat' dir='ltr'><strong>bitionis</strong></span> <span class='ocrx_word' id='word_1_473' title='bbox 2192 2492 2477 2561; x_wconf 79' lang='lat' dir='ltr'><strong>caliginem</strong></span> <span class='ocrx_word' id='word_1_474' title='bbox 2547 2492 2855 2561; x_wconf 85' lang='lat' dir='ltr'><strong>dispulerit,</strong></span> <span class='ocrx_word' id='word_1_475' title='bbox 2921 2506 3089 2561; x_wconf 86' lang='lat' dir='ltr'><strong>seque</strong></span> <span class='ocrx_word' id='word_1_476' title='bbox 3147 2492 3216 2549; x_wconf 87' lang='lat' dir='ltr'><strong>ab</strong></span> <span class='ocrx_word' id='word_1_477' title='bbox 3271 2492 3363 2548; x_wconf 83' lang='lat' dir='ltr'><strong>illa</strong></span> <span class='ocrx_word' id='word_1_478' title='bbox 3404 2493 3464 2546; x_wconf 86' lang='lat' dir='ltr'><strong>li-</strong></span> 
     </span>
    </p>
   </div>
   <div class='ocr_carea' id='block_1_67' title="bbox 1900 2584 2121 2639">
    <p class='ocr_par' dir='ltr' id='par_1_67' title="bbox 1900 2584 2121 2639">
     <span class='ocr_line' id='line_1_67' title="bbox 1900 2584 2121 2639; baseline 0 -1"><span class='ocrx_word' id='word_1_479' title='bbox 1900 2584 2024 2638; x_wconf 87' lang='lat' dir='ltr'><strong>bera</strong></span> <span class='ocrx_word' id='word_1_480' title='bbox 2034 2584 2121 2639; x_wconf 91' lang='lat' dir='ltr'><strong>rit.</strong></span> 
     </span>
    </p>
   </div>
   <div class='ocr_carea' id='block_1_68' title="bbox 1972 2674 3468 2747">
    <p class='ocr_par' dir='ltr' id='par_1_68' title="bbox 1972 2674 3468 2747">
     <span class='ocr_line' id='line_1_68' title="bbox 1972 2674 3468 2747; baseline -0.001 -16"><span class='ocrx_word' id='word_1_481' title='bbox 1972 2677 2120 2731; x_wconf 85' lang='lat' dir='ltr'><strong>Idem</strong></span> <span class='ocrx_word' id='word_1_482' title='bbox 2150 2677 2251 2733; x_wconf 87' lang='lat' dir='ltr'><strong>hoc</strong></span> <span class='ocrx_word' id='word_1_483' title='bbox 2302 2678 2468 2733; x_wconf 88' lang='lat' dir='ltr'><strong>etiam</strong></span> <span class='ocrx_word' id='word_1_484' title='bbox 2526 2678 2631 2734; x_wconf 86' lang='lat' dir='ltr'><strong>alia</strong></span> <span class='ocrx_word' id='word_1_485' title='bbox 2668 2679 2879 2733; x_wconf 85' lang='lat' dir='ltr'><strong>ratione</strong></span> <span class='ocrx_word' id='word_1_486' title='bbox 2913 2676 3192 2747; x_wconf 83' lang='lat' dir='ltr'><strong>probatur.</strong></span> <span class='ocrx_word' id='word_1_487' title='bbox 3234 2674 3390 2743; x_wconf 87' lang='lat' dir='ltr'><strong>Quod</strong></span> <span class='ocrx_word' id='word_1_488' title='bbox 3419 2674 3468 2731; x_wconf 88' lang='lat' dir='ltr'><strong>si</strong></span> 
     </span>
    </p>
   </div>
   <div class='ocr_carea' id='block_1_69' title="bbox 1900 2768 3463 2841">
    <p class='ocr_par' dir='ltr' id='par_1_69' title="bbox 1900 2768 3463 2841">
     <span class='ocr_line' id='line_1_69' title="bbox 1900 2768 3463 2841; baseline -0.001 -17"><span class='ocrx_word' id='word_1_489' title='bbox 1900 2768 2284 2825; x_wconf 75' lang='lat' dir='ltr'><strong>oﬂ‘endiculum</strong></span> <span class='ocrx_word' id='word_1_490' title='bbox 2305 2784 2414 2824; x_wconf 92' lang='lat' dir='ltr'><strong>non</strong></span> <span class='ocrx_word' id='word_1_491' title='bbox 2445 2786 2647 2841; x_wconf 80' lang='lat' dir='ltr'><strong>ponere</strong></span> <span class='ocrx_word' id='word_1_492' title='bbox 2679 2770 2931 2841; x_wconf 74' lang='lat' dir='ltr'><strong>proximo</strong></span> <span class='ocrx_word' id='word_1_493' title='bbox 2982 2769 3334 2839; x_wconf 82' lang='lat' dir='ltr'><strong>conjunctum</strong></span> <span class='ocrx_word' id='word_1_494' title='bbox 3359 2776 3463 2834; x_wconf 89' lang='lat' dir='ltr'><strong>est,</strong></span> 
     </span>
    </p>
   </div>
   <div class='ocr_carea' id='block_1_70' title="bbox 1900 2856 3464 2929">
    <p class='ocr_par' dir='ltr' id='par_1_70' title="bbox 1900 2856 3464 2929">
     <span class='ocr_line' id='line_1_70' title="bbox 1900 2856 3464 2929; baseline 0 -18"><span class='ocrx_word' id='word_1_495' title='bbox 1900 2860 1982 2913; x_wconf 85' lang='lat' dir='ltr'><strong>vel</strong></span> <span class='ocrx_word' id='word_1_496' title='bbox 2011 2860 2270 2929; x_wconf 82' lang='lat' dir='ltr'><strong>praevium</strong></span> <span class='ocrx_word' id='word_1_497' title='bbox 2301 2860 2483 2929; x_wconf 89' lang='lat' dir='ltr'><strong>potius</strong></span> <span class='ocrx_word' id='word_1_498' title='bbox 2510 2860 2608 2925; x_wconf 90' lang='lat' dir='ltr'><strong>illi,</strong></span> <span class='ocrx_word' id='word_1_499' title='bbox 2652 2870 2712 2915; x_wconf 92' lang='lat' dir='ltr'><strong>ut</strong></span> <span class='ocrx_word' id='word_1_500' title='bbox 2768 2867 2913 2914; x_wconf 90' lang='lat' dir='ltr'><strong>recte</strong></span> <span class='ocrx_word' id='word_1_501' title='bbox 2945 2856 3089 2914; x_wconf 83' lang='lat' dir='ltr'><strong>facta</strong></span> <span class='ocrx_word' id='word_1_502' title='bbox 3122 2860 3190 2913; x_wconf 89' lang='lat' dir='ltr'><strong>ab</strong></span> <span class='ocrx_word' id='word_1_503' title='bbox 3225 2857 3464 2912; x_wconf 88' lang='lat' dir='ltr'><strong>homini-</strong></span> 
     </span>
    </p>
   </div>
   <div class='ocr_carea' id='block_1_71' title="bbox 1902 2948 3462 3020">
    <p class='ocr_par' dir='ltr' id='par_1_71' title="bbox 1902 2948 3462 3020">
     <span class='ocr_line' id='line_1_71' title="bbox 1902 2948 3462 3020; baseline -0.001 -15"><span class='ocrx_word' id='word_1_504' title='bbox 1902 2950 2003 3005; x_wconf 89' lang='lat' dir='ltr'><strong>bus</strong></span> <span class='ocrx_word' id='word_1_505' title='bbox 2035 2950 2475 3020; x_wconf 88' lang='lat' dir='ltr'><strong>conspiciantur;</strong></span> <span class='ocrx_word' id='word_1_506' title='bbox 2525 2951 2660 3005; x_wconf 87' lang='lat' dir='ltr'><strong>nihil</strong></span> <span class='ocrx_word' id='word_1_507' title='bbox 2702 2962 2880 3005; x_wconf 89' lang='lat' dir='ltr'><strong>atttem</strong></span> <span class='ocrx_word' id='word_1_508' title='bbox 2926 2948 2993 3003; x_wconf 89' lang='lat' dir='ltr'><strong>ad</strong></span> <span class='ocrx_word' id='word_1_509' title='bbox 3044 2948 3462 3004; x_wconf 81' lang='lat' dir='ltr'><strong>ostentationem</strong></span> 
     </span>
    </p>
   </div>
   <div class='ocr_carea' id='block_1_72' title="bbox 1903 3040 3459 3112">
    <p class='ocr_par' dir='ltr' id='par_1_72' title="bbox 1903 3040 3459 3112">
     <span class='ocr_line' id='line_1_72' title="bbox 1903 3040 3459 3112; baseline -0.001 -18"><span class='ocrx_word' id='word_1_510' title='bbox 1903 3041 2098 3107; x_wconf 85' lang='lat' dir='ltr'><strong>facere,</strong></span> <span class='ocrx_word' id='word_1_511' title='bbox 2146 3051 2402 3112; x_wconf 87' lang='lat' dir='ltr'><strong>tanquam</strong></span> <span class='ocrx_word' id='word_1_512' title='bbox 2452 3057 2579 3112; x_wconf 88' lang='lat' dir='ltr'><strong>pars</strong></span> <span class='ocrx_word' id='word_1_513' title='bbox 2613 3049 2861 3111; x_wconf 90' lang='lat' dir='ltr'><strong>respectu</strong></span> <span class='ocrx_word' id='word_1_514' title='bbox 2922 3042 3108 3104; x_wconf 92' lang='lat' dir='ltr'><strong>totius,</strong></span> <span class='ocrx_word' id='word_1_515' title='bbox 3140 3040 3459 3109; x_wconf 88' lang='lat' dir='ltr'><strong>requiritur,</strong></span> 
     </span>
    </p>
   </div>
   <div class='ocr_carea' id='block_1_73' title="bbox 1822 3120 3466 3200">
    <p class='ocr_par' dir='ltr' id='par_1_73' title="bbox 1822 3120 3466 3200">
     <span class='ocr_line' id='line_1_73' title="bbox 1822 3120 3466 3200; baseline 0 -17"><span class='ocrx_word' id='word_1_516' title='bbox 1822 3120 1861 3177; x_wconf 88' lang='lat' dir='ltr'>C</span> <span class='ocrx_word' id='word_1_517' title='bbox 1898 3141 1955 3186; x_wconf 93' lang='lat' dir='ltr'><strong>ut</strong></span> <span class='ocrx_word' id='word_1_518' title='bbox 1993 3130 2280 3186; x_wconf 84' lang='lat' dir='ltr'><strong>oll‘ensioni</strong></span> <span class='ocrx_word' id='word_1_519' title='bbox 2311 3146 2419 3186; x_wconf 91' lang='lat' dir='ltr'><strong>non</strong></span> <span class='ocrx_word' id='word_1_520' title='bbox 2448 3132 2653 3197; x_wconf 86' lang='lat' dir='ltr'><strong>simus;</strong></span> <span class='ocrx_word' id='word_1_521' title='bbox 2687 3130 3037 3200; x_wconf 88' lang='lat' dir='ltr'><strong>consequitur</strong></span> <span class='ocrx_word' id='word_1_522' title='bbox 3102 3128 3287 3199; x_wconf 83' lang='lat' dir='ltr'><strong>fugam</strong></span> <span class='ocrx_word' id='word_1_523' title='bbox 3309 3144 3466 3184; x_wconf 73' lang='lat' dir='ltr'><strong>vanae</strong></span> 
     </span>
    </p>
   </div>
   <div class='ocr_carea' id='block_1_74' title="bbox 1898 3219 3467 3292">
    <p class='ocr_par' dir='ltr' id='par_1_74' title="bbox 1898 3219 3467 3292">
     <span class='ocr_line' id='line_1_74' title="bbox 1898 3219 3467 3292; baseline -0.002 -15"><span class='ocrx_word' id='word_1_524' title='bbox 1898 3222 2214 3277; x_wconf 88' lang='lat' dir='ltr'><strong>ambitionis</strong></span> <span class='ocrx_word' id='word_1_525' title='bbox 2262 3237 2569 3292; x_wconf 78' lang='lat' dir='ltr'><strong>praeparare</strong></span> <span class='ocrx_word' id='word_1_526' title='bbox 2616 3222 2913 3285; x_wconf 85' lang='lat' dir='ltr'><strong>hominem,</strong></span> <span class='ocrx_word' id='word_1_527' title='bbox 2947 3227 3008 3275; x_wconf 92' lang='lat' dir='ltr'><strong>ut</strong></span> <span class='ocrx_word' id='word_1_528' title='bbox 3054 3219 3312 3290; x_wconf 81' lang='lat' dir='ltr'><strong>operibus</strong></span> <span class='ocrx_word' id='word_1_529' title='bbox 3350 3221 3467 3275; x_wconf 79' lang='lat' dir='ltr'><strong>suis</strong></span> 
     </span>
    </p>
   </div>
   <div class='ocr_carea' id='block_1_75' title="bbox 1898 3311 3463 3385">
    <p class='ocr_par' dir='ltr' id='par_1_75' title="bbox 1898 3311 3463 3385">
     <span class='ocr_line' id='line_1_75' title="bbox 1898 3311 3463 3385; baseline -0.002 -14"><span class='ocrx_word' id='word_1_530' title='bbox 1898 3331 2081 3372; x_wconf 91' lang='lat' dir='ltr'><strong>coram</strong></span> <span class='ocrx_word' id='word_1_531' title='bbox 2128 3316 2443 3371; x_wconf 88' lang='lat' dir='ltr'><strong>hominibus</strong></span> <span class='ocrx_word' id='word_1_532' title='bbox 2489 3317 2670 3369; x_wconf 88' lang='lat' dir='ltr'><strong>lucere</strong></span> <span class='ocrx_word' id='word_1_533' title='bbox 2714 3313 2906 3383; x_wconf 87' lang='lat' dir='ltr'><strong>possit.</strong></span> <span class='ocrx_word' id='word_1_534' title='bbox 2966 3311 3155 3382; x_wconf 77' lang='lat' dir='ltr'><strong>itaque</strong></span> <span class='ocrx_word' id='word_1_535' title='bbox 3197 3312 3263 3367; x_wconf 89' lang='lat' dir='ltr'><strong>ad</strong></span> <span class='ocrx_word' id='word_1_536' title='bbox 3320 3313 3463 3385; x_wconf 90' lang='lat' dir='ltr'><strong>peti-</strong></span> 
     </span>
    </p>
   </div>
   <div class='ocr_carea' id='block_1_76' title="bbox 1900 3405 3466 3480">
    <p class='ocr_par' dir='ltr' id='par_1_76' title="bbox 1900 3405 3466 3480">
     <span class='ocr_line' id='line_1_76' title="bbox 1900 3405 3466 3480; baseline -0.001 -18"><span class='ocrx_word' id='word_1_537' title='bbox 1900 3410 2100 3464; x_wconf 86' lang='lat' dir='ltr'><strong>tionem</strong></span> <span class='ocrx_word' id='word_1_538' title='bbox 2132 3419 2281 3463; x_wconf 87' lang='lat' dir='ltr'><strong>tuam</strong></span> <span class='ocrx_word' id='word_1_539' title='bbox 2315 3417 2513 3480; x_wconf 88' lang='lat' dir='ltr'><strong>tuaque</strong></span> <span class='ocrx_word' id='word_1_540' title='bbox 2544 3422 2713 3462; x_wconf 89' lang='lat' dir='ltr'><strong>causa</strong></span> <span class='ocrx_word' id='word_1_541' title='bbox 2742 3406 2907 3462; x_wconf 88' lang='lat' dir='ltr'><strong>variis</strong></span> <span class='ocrx_word' id='word_1_542' title='bbox 2955 3405 3132 3461; x_wconf 89' lang='lat' dir='ltr'><strong>modis</strong></span> <span class='ocrx_word' id='word_1_543' title='bbox 3181 3414 3466 3461; x_wconf 86' lang='lat' dir='ltr'><strong>ostensum</strong></span> 
     </span>
    </p>
   </div>
   <div class='ocr_carea' id='block_1_77' title="bbox 1897 3499 3464 3569">
    <p class='ocr_par' dir='ltr' id='par_1_77' title="bbox 1897 3499 3464 3569">
     <span class='ocr_line' id='line_1_77' title="bbox 1897 3499 3464 3569; baseline -0.003 -12"><span class='ocrx_word' id='word_1_544' title='bbox 1897 3518 1927 3557; x_wconf 91' lang='lat' dir='ltr'><strong>a</strong></span> <span class='ocrx_word' id='word_1_545' title='bbox 1952 3518 2038 3557; x_wconf 89' lang='lat' dir='ltr'><strong>me</strong></span> <span class='ocrx_word' id='word_1_546' title='bbox 2066 3511 2167 3569; x_wconf 84' lang='lat' dir='ltr'><strong>est,</strong></span> <span class='ocrx_word' id='word_1_547' title='bbox 2203 3502 2417 3559; x_wconf 90' lang='lat' dir='ltr'><strong>Domini</strong></span> <span class='ocrx_word' id='word_1_548' title='bbox 2474 3502 2647 3557; x_wconf 92' lang='lat' dir='ltr'><strong>nostri</strong></span> <span class='ocrx_word' id='word_1_549' title='bbox 2688 3502 2831 3556; x_wconf 90' lang='lat' dir='ltr'><strong>dicta</strong></span> <span class='ocrx_word' id='word_1_550' title='bbox 2860 3500 2999 3555; x_wconf 86' lang='lat' dir='ltr'><strong>adeo</strong></span> <span class='ocrx_word' id='word_1_551' title='bbox 3071 3499 3179 3555; x_wconf 90' lang='lat' dir='ltr'><strong>sibi</strong></span> <span class='ocrx_word' id='word_1_552' title='bbox 3226 3500 3464 3554; x_wconf 84' lang='lat' dir='ltr'><strong>invicem</strong></span> 
     </span>
    </p>
   </div>
   <div class='ocr_carea' id='block_1_78' title="bbox 1898 3587 3468 3660">
    <p class='ocr_par' dir='ltr' id='par_1_78' title="bbox 1898 3587 3468 3660">
     <span class='ocr_line' id='line_1_78' title="bbox 1898 3587 3468 3660; baseline -0.003 -13"><span class='ocrx_word' id='word_1_553' title='bbox 1898 3608 2007 3647; x_wconf 88' lang='lat' dir='ltr'><strong>non</strong></span> <span class='ocrx_word' id='word_1_554' title='bbox 2066 3595 2369 3659; x_wconf 82' lang='lat' dir='ltr'><strong>adversari,</strong></span> <span class='ocrx_word' id='word_1_555' title='bbox 2444 3602 2502 3647; x_wconf 90' lang='lat' dir='ltr'><strong>ut</strong></span> <span class='ocrx_word' id='word_1_556' title='bbox 2588 3590 2878 3647; x_wconf 87' lang='lat' dir='ltr'><strong>consensio</strong></span> <span class='ocrx_word' id='word_1_557' title='bbox 2932 3589 3118 3660; x_wconf 88' lang='lat' dir='ltr'><strong>potius</strong></span> <span class='ocrx_word' id='word_1_558' title='bbox 3178 3587 3468 3644; x_wconf 81' lang='lat' dir='ltr'><strong>manifeste</strong></span> 
     </span>
    </p>
   </div>
   <div class='ocr_carea' id='block_1_79' title="bbox 1899 3696 2179 3756">
    <p class='ocr_par' dir='ltr' id='par_1_79' title="bbox 1899 3696 2179 3756">
     <span class='ocr_line' id='line_1_79' title="bbox 1899 3696 2179 3756; baseline -0.004 -16"><span class='ocrx_word' id='word_1_559' title='bbox 1899 3696 2179 3756; x_wconf 81' lang='lat' dir='ltr'><strong>appareat.</strong></span> 
     </span>
    </p>
   </div>
   <div class='ocr_carea' id='block_1_80' title="bbox 1968 3771 3466 3843">
    <p class='ocr_par' dir='ltr' id='par_1_80' title="bbox 1968 3771 3466 3843">
     <span class='ocr_line' id='line_1_80' title="bbox 1968 3771 3466 3843; baseline -0.003 -13"><span class='ocrx_word' id='word_1_560' title='bbox 1968 3776 2156 3831; x_wconf 89' lang='lat' dir='ltr'><strong>lmitor</strong></span> <span class='ocrx_word' id='word_1_561' title='bbox 2182 3776 2429 3832; x_wconf 87' lang='lat' dir='ltr'><strong>verohic</strong></span> <span class='ocrx_word' id='word_1_562' title='bbox 2480 3775 2697 3831; x_wconf 79' lang='lat' dir='ltr'><strong>Domini</strong></span> <span class='ocrx_word' id='word_1_563' title='bbox 2744 3774 2917 3830; x_wconf 92' lang='lat' dir='ltr'><strong>nostri</strong></span> <span class='ocrx_word' id='word_1_564' title='bbox 2953 3772 3286 3843; x_wconf 76' lang='lat' dir='ltr'><strong>exemplum,</strong></span> <span class='ocrx_word' id='word_1_565' title='bbox 3320 3771 3466 3841; x_wconf 88' lang='lat' dir='ltr'><strong>quod</strong></span> 
     </span>
    </p>
   </div>
   <div class='ocr_carea' id='block_1_81' title="bbox 1899 3865 3469 3938">
    <p class='ocr_par' dir='ltr' id='par_1_81' title="bbox 1899 3865 3469 3938">
     <span class='ocr_line' id='line_1_81' title="bbox 1899 3865 3469 3938; baseline -0.004 -14"><span class='ocrx_word' id='word_1_566' title='bbox 1899 3869 2047 3935; x_wconf 88' lang='lat' dir='ltr'><strong>facit,</strong></span> <span class='ocrx_word' id='word_1_567' title='bbox 2078 3879 2138 3924; x_wconf 89' lang='lat' dir='ltr'><strong>ut</strong></span> <span class='ocrx_word' id='word_1_568' title='bbox 2164 3869 2415 3938; x_wconf 90' lang='lat' dir='ltr'><strong>pluribus</strong></span> <span class='ocrx_word' id='word_1_569' title='bbox 2445 3868 2623 3924; x_wconf 87' lang='lat' dir='ltr'><strong>modis</strong></span> <span class='ocrx_word' id='word_1_570' title='bbox 2666 3877 2720 3921; x_wconf 91' lang='lat' dir='ltr'><strong>et</strong></span> <span class='ocrx_word' id='word_1_571' title='bbox 2748 3866 3083 3936; x_wconf 79' lang='lat' dir='ltr'><strong>argumentis</strong></span> <span class='ocrx_word' id='word_1_572' title='bbox 3132 3865 3187 3919; x_wconf 89' lang='lat' dir='ltr'><strong>in</strong></span> <span class='ocrx_word' id='word_1_573' title='bbox 3239 3879 3469 3919; x_wconf 53' lang='lat' dir='ltr'><strong>concor-</strong></span> 
     </span>
    </p>
   </div>
   <div class='ocr_carea' id='block_1_82' title="bbox 1898 3957 3468 4030">
    <p class='ocr_par' dir='ltr' id='par_1_82' title="bbox 1898 3957 3468 4030">
     <span class='ocr_line' id='line_1_82' title="bbox 1898 3957 3468 4030; baseline -0.002 -18"><span class='ocrx_word' id='word_1_574' title='bbox 1898 3962 2040 4016; x_wconf 86' lang='lat' dir='ltr'><strong>diam</strong></span> <span class='ocrx_word' id='word_1_575' title='bbox 2073 3962 2161 4015; x_wconf 86' lang='lat' dir='ltr'><strong>illa</strong></span> <span class='ocrx_word' id='word_1_576' title='bbox 2195 3960 2529 4030; x_wconf 81' lang='lat' dir='ltr'><strong>redigantur,</strong></span> <span class='ocrx_word' id='word_1_577' title='bbox 2559 3974 2680 4026; x_wconf 71' lang='lat' dir='ltr'><strong>qua:</strong></span> <span class='ocrx_word' id='word_1_578' title='bbox 2727 3974 2912 4013; x_wconf 82' lang='lat' dir='ltr'><strong>secum</strong></span> <span class='ocrx_word' id='word_1_579' title='bbox 2965 3957 3199 4013; x_wconf 84' lang='lat' dir='ltr'><strong>invicem</strong></span> <span class='ocrx_word' id='word_1_580' title='bbox 3226 3970 3468 4025; x_wconf 88' lang='lat' dir='ltr'><strong>pugnare</strong></span> 
     </span>
    </p>
   </div>
   <div class='ocr_carea' id='block_1_83' title="bbox 1898 4050 3466 4121">
    <p class='ocr_par' dir='ltr' id='par_1_83' title="bbox 1898 4050 3466 4121">
     <span class='ocr_line' id='line_1_83' title="bbox 1898 4050 3466 4121; baseline -0.004 -15"><span class='ocrx_word' id='word_1_581' title='bbox 1898 4052 2171 4106; x_wconf 88' lang='lat' dir='ltr'><strong>videntur.</strong></span> <span class='ocrx_word' id='word_1_582' title='bbox 2194 4051 2316 4121; x_wconf 82' lang='lat' dir='ltr'><strong>ipse</strong></span> <span class='ocrx_word' id='word_1_583' title='bbox 2334 4052 2482 4107; x_wconf 89' lang='lat' dir='ltr'><strong>enim</strong></span> <span class='ocrx_word' id='word_1_584' title='bbox 2501 4050 2807 4106; x_wconf 86' lang='lat' dir='ltr'><strong>communis</strong></span> <span class='ocrx_word' id='word_1_585' title='bbox 2830 4058 3077 4104; x_wconf 91' lang='lat' dir='ltr'><strong>nostrum</strong></span> <span class='ocrx_word' id='word_1_586' title='bbox 3113 4057 3167 4103; x_wconf 89' lang='lat' dir='ltr'><strong>et</strong></span> <span class='ocrx_word' id='word_1_587' title='bbox 3187 4050 3466 4111; x_wconf 90' lang='lat' dir='ltr'><strong>conditor,</strong></span> 
     </span>
    </p>
   </div>
   <div class='ocr_carea' id='block_1_84' title="bbox 1898 4140 3470 4212">
    <p class='ocr_par' dir='ltr' id='par_1_84' title="bbox 1898 4140 3470 4212">
     <span class='ocr_line' id='line_1_84' title="bbox 1898 4140 3470 4212; baseline -0.004 -11"><span class='ocrx_word' id='word_1_588' title='bbox 1898 4155 1954 4201; x_wconf 92' lang='lat' dir='ltr'><strong>ct</strong></span> <span class='ocrx_word' id='word_1_589' title='bbox 1982 4147 2192 4210; x_wconf 88' lang='lat' dir='ltr'><strong>doctor,</strong></span> <span class='ocrx_word' id='word_1_590' title='bbox 2218 4153 2270 4199; x_wconf 91' lang='lat' dir='ltr'><strong>et</strong></span> <span class='ocrx_word' id='word_1_591' title='bbox 2298 4143 2576 4209; x_wconf 86' lang='lat' dir='ltr'><strong>Servator,</strong></span> <span class='ocrx_word' id='word_1_592' title='bbox 2606 4158 2672 4197; x_wconf 78' lang='lat' dir='ltr'><strong>ex</strong></span> <span class='ocrx_word' id='word_1_593' title='bbox 2715 4142 2803 4207; x_wconf 89' lang='lat' dir='ltr'><strong>iis,</strong></span> <span class='ocrx_word' id='word_1_594' title='bbox 2840 4157 2961 4211; x_wconf 74' lang='lat' dir='ltr'><strong>qua:</strong></span> <span class='ocrx_word' id='word_1_595' title='bbox 2989 4141 3103 4212; x_wconf 90' lang='lat' dir='ltr'><strong>ipse</strong></span> <span class='ocrx_word' id='word_1_596' title='bbox 3146 4140 3295 4207; x_wconf 88' lang='lat' dir='ltr'><strong>fecit,</strong></span> <span class='ocrx_word' id='word_1_597' title='bbox 3328 4141 3470 4195; x_wconf 84' lang='lat' dir='ltr'><strong>hanc</strong></span> 
     </span>
    </p>
   </div>
   <div class='ocr_carea' id='block_1_85' title="bbox 1903 4230 3465 4305">
    <p class='ocr_par' dir='ltr' id='par_1_85' title="bbox 1903 4230 3465 4305">
     <span class='ocr_line' id='line_1_85' title="bbox 1903 4230 3465 4305; baseline -0.004 -16"><span class='ocrx_word' id='word_1_598' title='bbox 1903 4236 2144 4305; x_wconf 89' lang='lat' dir='ltr'><strong>regulam</strong></span> <span class='ocrx_word' id='word_1_599' title='bbox 2180 4233 2439 4289; x_wconf 89' lang='lat' dir='ltr'><strong>docuisse</strong></span> <span class='ocrx_word' id='word_1_600' title='bbox 2484 4231 2831 4301; x_wconf 82' lang='lat' dir='ltr'><strong>intelligitur.</strong></span> <span class='ocrx_word' id='word_1_601' title='bbox 2870 4231 3004 4285; x_wconf 87' lang='lat' dir='ltr'><strong>Dum</strong></span> <span class='ocrx_word' id='word_1_602' title='bbox 3060 4230 3115 4285; x_wconf 90' lang='lat' dir='ltr'><strong>in</strong></span> <span class='ocrx_word' id='word_1_603' title='bbox 3170 4230 3276 4286; x_wconf 83' lang='lat' dir='ltr'><strong>hoc</strong></span> <span class='ocrx_word' id='word_1_604' title='bbox 3318 4245 3465 4293; x_wconf 84' lang='lat' dir='ltr'><strong>sum,</strong></span> 
     </span>
    </p>
   </div>
   <div class='ocr_carea' id='block_1_86' title="bbox 1901 4322 3475 4397">
    <p class='ocr_par' dir='ltr' id='par_1_86' title="bbox 1901 4322 3475 4397">
     <span class='ocr_line' id='line_1_86' title="bbox 1901 4322 3475 4397; baseline -0.003 -15"><span class='ocrx_word' id='word_1_605' title='bbox 1901 4326 2394 4397; x_wconf 78' lang='lat' dir='ltr'><strong>nnninjucundum</strong></span> <span class='ocrx_word' id='word_1_606' title='bbox 2442 4324 2539 4379; x_wconf 88' lang='lat' dir='ltr'><strong>tibi</strong></span> <span class='ocrx_word' id='word_1_607' title='bbox 2583 4322 2817 4380; x_wconf 80' lang='lat' dir='ltr'><strong>fortasse</strong></span> <span class='ocrx_word' id='word_1_608' title='bbox 2844 4323 3027 4390; x_wconf 86' lang='lat' dir='ltr'><strong>fuerit,</strong></span> <span class='ocrx_word' id='word_1_609' title='bbox 3085 4322 3249 4379; x_wconf 88' lang='lat' dir='ltr'><strong>etiam</strong></span> <span class='ocrx_word' id='word_1_610' title='bbox 3299 4323 3475 4377; x_wconf 63' lang='lat' dir='ltr'><strong>tertias</strong></span> 
     </span>
    </p>
   </div>
   <div class='ocr_carea' id='block_1_87' title="bbox 226 4414 1795 4511">
    <p class='ocr_par' dir='ltr' id='par_1_87' title="bbox 226 4414 1795 4501">
     <span class='ocr_line' id='line_1_87' title="bbox 226 4414 1795 4501; baseline -0.003 -18"><span class='ocrx_word' id='word_1_611' title='bbox 226 4431 491 4501; x_wconf 68' lang='grc' dir='ltr'>τήματος,</span> <span class='ocrx_word' id='word_1_612' title='bbox 526 4430 654 4482; x_wconf 89' lang='grc' dir='ltr'>Ὅτε</span> <span class='ocrx_word' id='word_1_613' title='bbox 705 4427 814 4498; x_wconf 87' lang='grc' dir='ltr'>γὰρ</span> <span class='ocrx_word' id='word_1_614' title='bbox 846 4428 908 4480; x_wconf 77' lang='grc' dir='ltr'><strong>τὸ</strong></span> <span class='ocrx_word' id='word_1_615' title='bbox 962 4428 1254 4497; x_wconf 81' lang='grc' dir='ltr'>ἀχάριστον</span> <span class='ocrx_word' id='word_1_616' title='bbox 1299 4414 1392 4481; x_wconf 81' lang='grc' dir='ltr'><strong>καὶ</strong></span> <span class='ocrx_word' id='word_1_617' title='bbox 1446 4426 1795 4496; x_wconf 83' lang='grc' dir='ltr'>ἀναίσχυντον</span> 
     </span>
    </p>
   </div>
   <div class='ocr_carea' id='block_1_88' title="bbox 1904 4414 3468 4511">
    <p class='ocr_par' dir='ltr' id='par_1_88' title="bbox 1904 4414 3468 4491">
     <span class='ocr_line' id='line_1_88' title="bbox 1904 4414 3468 4491; baseline -0.004 -16"><span class='ocrx_word' id='word_1_618' title='bbox 1904 4419 2222 4491; x_wconf 81' lang='lat' dir='ltr'><strong>quaestionis</strong></span> <span class='ocrx_word' id='word_1_619' title='bbox 2250 4431 2480 4472; x_wconf 81' lang='lat' dir='ltr'><strong>examen</strong></span> <span class='ocrx_word' id='word_1_620' title='bbox 2524 4416 2823 4487; x_wconf 89' lang='lat' dir='ltr'><strong>suscipere.</strong></span> <span class='ocrx_word' id='word_1_621' title='bbox 2855 4416 2992 4470; x_wconf 87' lang='lat' dir='ltr'><strong>Cum</strong></span> <span class='ocrx_word' id='word_1_622' title='bbox 3040 4414 3187 4470; x_wconf 88' lang='lat' dir='ltr'><strong>enim</strong></span> <span class='ocrx_word' id='word_1_623' title='bbox 3219 4414 3468 4483; x_wconf 87' lang='lat' dir='ltr'><strong>improba</strong></span> 
     </span>
    </p>
   </div>
   <div class='ocr_carea' id='block_1_89' title="bbox 227 4517 1799 4590">
    <p class='ocr_par' dir='ltr' id='par_1_89' title="bbox 227 4517 1799 4590">
     <span class='ocr_line' id='line_1_89' title="bbox 227 4517 1799 4590; baseline -0.005 -13"><span class='ocrx_word' id='word_1_624' title='bbox 227 4523 376 4585; x_wconf 67' lang='grc' dir='ltr'>ἔθνος</span> <span class='ocrx_word' id='word_1_625' title='bbox 404 4521 513 4574; x_wconf 82' lang='grc' dir='ltr'>τῶν</span> <span class='ocrx_word' id='word_1_626' title='bbox 554 4520 829 4573; x_wconf 83' lang='grc' dir='ltr'>Ἰουδαίων.</span> <span class='ocrx_word' id='word_1_627' title='bbox 856 4521 953 4590; x_wconf 84' lang='grc' dir='ltr'>τῆς</span> <span class='ocrx_word' id='word_1_628' title='bbox 979 4522 1039 4572; x_wconf 81' lang='grc' dir='ltr'>ὲν</span> <span class='ocrx_word' id='word_1_629' title='bbox 1062 4519 1324 4589; x_wconf 81' lang='grc' dir='ltr'>Σαϐϐάτῳ</span> <span class='ocrx_word' id='word_1_630' title='bbox 1345 4518 1648 4585; x_wconf 83' lang='grc' dir='ltr'>σιτολογίας</span> <span class='ocrx_word' id='word_1_631' title='bbox 1673 4517 1799 4581; x_wconf 82' lang='grc' dir='ltr'>τοὺς</span> 
     </span>
    </p>
   </div>
   <div class='ocr_carea' id='block_1_90' title="bbox 230 4609 1797 4686">
    <p class='ocr_par' dir='ltr' id='par_1_90' title="bbox 230 4609 1797 4686">
     <span class='ocr_line' id='line_1_90' title="bbox 230 4609 1797 4686; baseline -0.005 -17"><span class='ocrx_word' id='word_1_632' title='bbox 230 4615 478 4686; x_wconf 81' lang='grc' dir='ltr'>μαθητάς</span> <span class='ocrx_word' id='word_1_633' title='bbox 506 4612 685 4675; x_wconf 76' lang='grc' dir='ltr'>αἰτίας</span> <span class='ocrx_word' id='word_1_634' title='bbox 723 4611 1105 4681; x_wconf 73' lang='grc' dir='ltr'>εἰσέπραττεν,</span> <span class='ocrx_word' id='word_1_635' title='bbox 1137 4610 1234 4679; x_wconf 82' lang='grc' dir='ltr'>οὐχ</span> <span class='ocrx_word' id='word_1_636' title='bbox 1274 4609 1354 4662; x_wconf 83' lang='grc' dir='ltr'>ἐνί</span> <span class='ocrx_word' id='word_1_637' title='bbox 1403 4626 1466 4677; x_wconf 89' lang='grc' dir='ltr'><strong>γε</strong></span> <span class='ocrx_word' id='word_1_638' title='bbox 1503 4609 1689 4679; x_wconf 90' lang='grc' dir='ltr'>τρόπῳ</span> <span class='ocrx_word' id='word_1_639' title='bbox 1737 4609 1797 4662; x_wconf 89' lang='grc' dir='ltr'>τὸ</span> 
     </span>
    </p>
   </div>
   <div class='ocr_carea' id='block_1_91' title="bbox 228 4699 1797 4777">
    <p class='ocr_par' dir='ltr' id='par_1_91' title="bbox 228 4699 1797 4777">
     <span class='ocr_line' id='line_1_91' title="bbox 228 4699 1797 4777; baseline -0.004 -19"><span class='ocrx_word' id='word_1_640' title='bbox 228 4705 627 4777; x_wconf 56' lang='grc' dir='ltr'>ἐπηρεαστικδν</span> <span class='ocrx_word' id='word_1_641' title='bbox 650 4703 829 4756; x_wconf 87' lang='grc' dir='ltr'>αύτῶν</span> <span class='ocrx_word' id='word_1_642' title='bbox 860 4703 1238 4768; x_wconf 75' lang='grc' dir='ltr'>ἐπεστόμισεν.</span> <span class='ocrx_word' id='word_1_643' title='bbox 1276 4699 1433 4752; x_wconf 83' lang='grc' dir='ltr'>Ἀλλά</span> <span class='ocrx_word' id='word_1_644' title='bbox 1463 4700 1674 4772; x_wconf 66' lang='grc' dir='ltr'>πρῶτον</span> <span class='ocrx_word' id='word_1_645' title='bbox 1698 4699 1797 4768; x_wconf 73' lang='grc' dir='ltr'>μὲν</span> 
     </span>
    </p>
   </div>
   <div class='ocr_carea' id='block_1_92' title="bbox 227 4790 1795 4870">
    <p class='ocr_par' dir='ltr' id='par_1_92' title="bbox 227 4790 1795 4870">
     <span class='ocr_line' id='line_1_92' title="bbox 227 4790 1795 4870; baseline -0.005 -19"><span class='ocrx_word' id='word_1_646' title='bbox 227 4798 324 4870; x_wconf 81' lang='grc' dir='ltr'><strong>τὴν</strong></span> <span class='ocrx_word' id='word_1_647' title='bbox 350 4796 602 4864; x_wconf 83' lang='grc' dir='ltr'>ἀνάγκην</span> <span class='ocrx_word' id='word_1_648' title='bbox 637 4794 823 4858; x_wconf 80' lang='grc' dir='ltr'>αὐτοῖς</span> <span class='ocrx_word' id='word_1_649' title='bbox 854 4793 1279 4863; x_wconf 84' lang='grc' dir='ltr'>ἀντεπέστησεν.</span> <span class='ocrx_word' id='word_1_650' title='bbox 1333 4791 1504 4844; x_wconf 76' lang='grc' dir='ltr'>Τοῦτο</span> <span class='ocrx_word' id='word_1_651' title='bbox 1553 4790 1661 4861; x_wconf 77' lang='grc' dir='ltr'><strong>γὰρ</strong></span> <span class='ocrx_word' id='word_1_652' title='bbox 1701 4790 1795 4843; x_wconf 79' lang='grc' dir='ltr'>καὶ</span> 
     </span>
    </p>
   </div>
   <div class='ocr_carea' id='block_1_93' title="bbox 229 4882 1792 4955">
    <p class='ocr_par' dir='ltr' id='par_1_93' title="bbox 229 4882 1792 4955">
     <span class='ocr_line' id='line_1_93' title="bbox 229 4882 1792 4955; baseline -0.007 -12"><span class='ocrx_word' id='word_1_653' title='bbox 229 4885 703 4949; x_wconf 84' lang='grc' dir='ltr'>κατασκευάζεται</span> <span class='ocrx_word' id='word_1_654' title='bbox 748 4886 817 4955; x_wconf 76' lang='grc' dir='ltr'>τῇ</span> <span class='ocrx_word' id='word_1_655' title='bbox 850 4882 991 4938; x_wconf 83' lang='grc' dir='ltr'>κατὰ</span> <span class='ocrx_word' id='word_1_656' title='bbox 1022 4883 1115 4936; x_wconf 66' lang='grc' dir='ltr'><strong>τὸν</strong></span> <span class='ocrx_word' id='word_1_657' title='bbox 1160 4883 1326 4937; x_wconf 70' lang='grc' dir='ltr'>Δαϐὶδ</span> <span class='ocrx_word' id='word_1_658' title='bbox 1359 4882 1557 4952; x_wconf 83' lang='grc' dir='ltr'>πράξει</span> <span class='ocrx_word' id='word_1_659' title='bbox 1590 4883 1683 4935; x_wconf 77' lang='grc' dir='ltr'><strong>καὶ</strong></span> <span class='ocrx_word' id='word_1_660' title='bbox 1716 4882 1792 4951; x_wconf 84' lang='grc' dir='ltr'>τῷ</span> 
     </span>
    </p>
   </div>
   <div class='ocr_carea' id='block_1_94' title="bbox 229 4973 1796 5049">
    <p class='ocr_par' dir='ltr' id='par_1_94' title="bbox 229 4973 1796 5049">
     <span class='ocr_line' id='line_1_94' title="bbox 229 4973 1796 5049; baseline -0.005 -16"><span class='ocrx_word' id='word_1_661' title='bbox 229 4978 657 5049; x_wconf 87' lang='grc' dir='ltr'>παραδείγματι,</span> <span class='ocrx_word' id='word_1_662' title='bbox 686 4976 744 5039; x_wconf 80' lang='grc' dir='ltr'>ὃς</span> <span class='ocrx_word' id='word_1_663' title='bbox 770 4975 899 5037; x_wconf 77' lang='grc' dir='ltr'>τοὺς</span> <span class='ocrx_word' id='word_1_664' title='bbox 933 4976 1131 5045; x_wconf 85' lang='grc' dir='ltr'>ἄρτους</span> <span class='ocrx_word' id='word_1_665' title='bbox 1182 4973 1373 5043; x_wconf 86' lang='grc' dir='ltr'>φαγὼν</span> <span class='ocrx_word' id='word_1_666' title='bbox 1401 4974 1506 5027; x_wconf 78' lang='grc' dir='ltr'>οὐκ</span> <span class='ocrx_word' id='word_1_667' title='bbox 1527 4974 1647 5038; x_wconf 77' lang='grc' dir='ltr'>ἐξὸν</span> <span class='ocrx_word' id='word_1_668' title='bbox 1694 4974 1796 5041; x_wconf 83' lang='grc' dir='ltr'>τῆς</span> 
     </span>
    </p>
   </div>
   <div class='ocr_carea' id='block_1_95' title="bbox 228 5062 1797 5137">
    <p class='ocr_par' dir='ltr' id='par_1_95' title="bbox 228 5062 1797 5137">
     <span class='ocr_line' id='line_1_95' title="bbox 228 5062 1797 5137; baseline -0.003 -16"><span class='ocrx_word' id='word_1_669' title='bbox 228 5068 569 5137; x_wconf 69' lang='grc' dir='ltr'>προθέσεως,</span> <span class='ocrx_word' id='word_1_670' title='bbox 593 5066 771 5128; x_wconf 89' lang='grc' dir='ltr'>αίτίας</span> <span class='ocrx_word' id='word_1_671' title='bbox 803 5066 1045 5134; x_wconf 73' lang='grc' dir='ltr'>ἀφίεται.</span> <span class='ocrx_word' id='word_1_672' title='bbox 1084 5065 1350 5134; x_wconf 81' lang='grc' dir='ltr'>Δεύτερον</span> <span class='ocrx_word' id='word_1_673' title='bbox 1376 5064 1433 5118; x_wconf 84' lang='grc' dir='ltr'>δὲ</span> <span class='ocrx_word' id='word_1_674' title='bbox 1460 5065 1566 5118; x_wconf 85' lang='grc' dir='ltr'>ἀπὸ</span> <span class='ocrx_word' id='word_1_675' title='bbox 1585 5062 1680 5115; x_wconf 78' lang='grc' dir='ltr'><strong>τοῦ</strong></span> <span class='ocrx_word' id='word_1_676' title='bbox 1705 5063 1797 5117; x_wconf 88' lang='grc' dir='ltr'>τό·</span> 
     </span>
    </p>
   </div>
   <div class='ocr_carea' id='block_1_96' title="bbox 232 5155 1800 5229">
    <p class='ocr_par' dir='ltr' id='par_1_96' title="bbox 232 5155 1800 5229">
     <span class='ocr_line' id='line_1_96' title="bbox 232 5155 1800 5229; baseline -0.003 -16"><span class='ocrx_word' id='word_1_677' title='bbox 232 5177 354 5223; x_wconf 75' lang='grc' dir='ltr'>που,</span> <span class='ocrx_word' id='word_1_678' title='bbox 390 5158 512 5229; x_wconf 73' lang='grc' dir='ltr'>ἦτοι</span> <span class='ocrx_word' id='word_1_679' title='bbox 562 5158 715 5226; x_wconf 77' lang='grc' dir='ltr'><strong>παρά</strong></span> <span class='ocrx_word' id='word_1_680' title='bbox 755 5156 816 5210; x_wconf 84' lang='grc' dir='ltr'>τὸ</span> <span class='ocrx_word' id='word_1_681' title='bbox 866 5158 927 5210; x_wconf 78' lang='grc' dir='ltr'>ὲν</span> <span class='ocrx_word' id='word_1_682' title='bbox 968 5155 1046 5225; x_wconf 85' lang='grc' dir='ltr'>τῷ</span> <span class='ocrx_word' id='word_1_683' title='bbox 1093 5157 1244 5226; x_wconf 86' lang='grc' dir='ltr'>τόπῳ</span> <span class='ocrx_word' id='word_1_684' title='bbox 1272 5155 1588 5225; x_wconf 88' lang='grc' dir='ltr'>προνόμιον.</span> <span class='ocrx_word' id='word_1_685' title='bbox 1622 5156 1800 5223; x_wconf 85' lang='grc' dir='ltr'>Παρα-</span> 
     </span>
    </p>
   </div>
   <div class='ocr_carea' id='block_1_97' title="bbox 228 5246 1798 5321">
    <p class='ocr_par' dir='ltr' id='par_1_97' title="bbox 228 5246 1798 5321">
     <span class='ocr_line' id='line_1_97' title="bbox 228 5246 1798 5321; baseline -0.002 -18"><span class='ocrx_word' id='word_1_686' title='bbox 228 5250 586 5321; x_wconf 75' lang='grc' dir='ltr'>δειγματικδν</span> <span class='ocrx_word' id='word_1_687' title='bbox 622 5250 720 5319; x_wconf 78' lang='grc' dir='ltr'>μὲν</span> <span class='ocrx_word' id='word_1_688' title='bbox 751 5248 845 5302; x_wconf 77' lang='grc' dir='ltr'>καὶ</span> <span class='ocrx_word' id='word_1_689' title='bbox 880 5247 1061 5309; x_wconf 83' lang='grc' dir='ltr'>τοῦτο,</span> <span class='ocrx_word' id='word_1_690' title='bbox 1094 5247 1234 5318; x_wconf 83' lang='grc' dir='ltr'>πλὴν</span> <span class='ocrx_word' id='word_1_691' title='bbox 1268 5246 1364 5300; x_wconf 83' lang='grc' dir='ltr'>τοῦ</span> <span class='ocrx_word' id='word_1_692' title='bbox 1396 5248 1664 5317; x_wconf 82' lang='grc' dir='ltr'>προτέρου</span> <span class='ocrx_word' id='word_1_693' title='bbox 1698 5248 1798 5316; x_wconf 85' lang='grc' dir='ltr'><strong>βα-</strong></span> 
     </span>
    </p>
   </div>
   <div class='ocr_carea' id='block_1_98' title="bbox 1902 4504 3469 4579">
    <p class='ocr_par' dir='ltr' id='par_1_98' title="bbox 1902 4504 3469 4579">
     <span class='ocr_line' id='line_1_98' title="bbox 1902 4504 3469 4579; baseline -0.004 -15"><span class='ocrx_word' id='word_1_694' title='bbox 1902 4522 1951 4565; x_wconf 90' lang='lat' dir='ltr'><strong>et</strong></span> <span class='ocrx_word' id='word_1_695' title='bbox 1987 4508 2275 4579; x_wconf 91' lang='lat' dir='ltr'><strong>impudens</strong></span> <span class='ocrx_word' id='word_1_696' title='bbox 2324 4506 2636 4562; x_wconf 68' lang='lat' dir='ltr'><strong>Judteorum</strong></span> <span class='ocrx_word' id='word_1_697' title='bbox 2674 4508 2825 4561; x_wconf 89' lang='lat' dir='ltr'><strong>natio</strong></span> <span class='ocrx_word' id='word_1_698' title='bbox 2876 4504 3469 4574; x_wconf 87' lang='lat' dir='ltr'><strong>discipulosrationem</strong></span> 
     </span>
    </p>
   </div>
   <div class='ocr_carea' id='block_1_99' title="bbox 1899 4599 3473 4671">
    <p class='ocr_par' dir='ltr' id='par_1_99' title="bbox 1899 4599 3473 4671">
     <span class='ocr_line' id='line_1_99' title="bbox 1899 4599 3473 4671; baseline -0.007 -12"><span class='ocrx_word' id='word_1_699' title='bbox 1899 4601 2368 4671; x_wconf 71' lang='lat' dir='ltr'><strong>redolerejubebat</strong></span> <span class='ocrx_word' id='word_1_700' title='bbox 2390 4600 2461 4666; x_wconf 82' lang='lat'><strong>&quot;,</strong></span> <span class='ocrx_word' id='word_1_701' title='bbox 2496 4614 2596 4656; x_wconf 92' lang='lat' dir='ltr'><strong>cur</strong></span> <span class='ocrx_word' id='word_1_702' title='bbox 2624 4601 2677 4654; x_wconf 87' lang='lat' dir='ltr'><strong>itt</strong></span> <span class='ocrx_word' id='word_1_703' title='bbox 2735 4599 2971 4655; x_wconf 89' lang='lat' dir='ltr'><strong>Sabbato</strong></span> <span class='ocrx_word' id='word_1_704' title='bbox 3004 4607 3301 4653; x_wconf 89' lang='lat' dir='ltr'><strong>sementem</strong></span> <span class='ocrx_word' id='word_1_705' title='bbox 3319 4609 3473 4650; x_wconf 87' lang='lat' dir='ltr'><strong>com-</strong></span> 
     </span>
    </p>
   </div>
   <div class='ocr_carea' id='block_1_100' title="bbox 1894 4690 3472 4760">
    <p class='ocr_par' dir='ltr' id='par_1_100' title="bbox 1894 4690 3472 4760">
     <span class='ocr_line' id='line_1_100' title="bbox 1894 4690 3472 4760; baseline -0.003 -12"><span class='ocrx_word' id='word_1_706' title='bbox 1894 4695 2155 4758; x_wconf 85' lang='lat' dir='ltr'><strong>edissent,</strong></span> <span class='ocrx_word' id='word_1_707' title='bbox 2189 4708 2296 4747; x_wconf 85' lang='lat' dir='ltr'><strong>non</strong></span> <span class='ocrx_word' id='word_1_708' title='bbox 2350 4706 2458 4746; x_wconf 91' lang='lat' dir='ltr'><strong>uno</strong></span> <span class='ocrx_word' id='word_1_709' title='bbox 2488 4692 2648 4746; x_wconf 91' lang='lat' dir='ltr'><strong>modo</strong></span> <span class='ocrx_word' id='word_1_710' title='bbox 2676 4690 2911 4760; x_wconf 74' lang='lat' dir='ltr'><strong>iniuries</strong></span> <span class='ocrx_word' id='word_1_711' title='bbox 2953 4704 3141 4745; x_wconf 90' lang='lat' dir='ltr'><strong>eorum</strong></span> <span class='ocrx_word' id='word_1_712' title='bbox 3192 4701 3472 4743; x_wconf 89' lang='lat' dir='ltr'><strong>sermones</strong></span> 
     </span>
    </p>
   </div>
   <div class='ocr_carea' id='block_1_101' title="bbox 1898 4778 3468 4852">
    <p class='ocr_par' dir='ltr' id='par_1_101' title="bbox 1898 4778 3468 4852">
     <span class='ocr_line' id='line_1_101' title="bbox 1898 4778 3468 4852; baseline -0.004 -12"><span class='ocrx_word' id='word_1_713' title='bbox 1898 4785 2299 4850; x_wconf 83' lang='lat' dir='ltr'><strong>compescebat.</strong></span> <span class='ocrx_word' id='word_1_714' title='bbox 2330 4782 2514 4838; x_wconf 87' lang='lat' dir='ltr'><strong>Primo</strong></span> <span class='ocrx_word' id='word_1_715' title='bbox 2540 4783 2758 4852; x_wconf 87' lang='lat' dir='ltr'><strong>quidem</strong></span> <span class='ocrx_word' id='word_1_716' title='bbox 2797 4783 2912 4836; x_wconf 88' lang='lat' dir='ltr'><strong>loca</strong></span> <span class='ocrx_word' id='word_1_717' title='bbox 2948 4780 3325 4835; x_wconf 86' lang='lat' dir='ltr'><strong>necessitatem</strong></span> <span class='ocrx_word' id='word_1_718' title='bbox 3357 4778 3468 4834; x_wconf 81' lang='lat' dir='ltr'><strong>illis</strong></span> 
     </span>
    </p>
   </div>
   <div class='ocr_carea' id='block_1_102' title="bbox 1898 4870 3473 4943">
    <p class='ocr_par' dir='ltr' id='par_1_102' title="bbox 1898 4870 3473 4943">
     <span class='ocr_line' id='line_1_102' title="bbox 1898 4870 3473 4943; baseline -0.003 -14"><span class='ocrx_word' id='word_1_719' title='bbox 1898 4877 2233 4933; x_wconf 87' lang='lat' dir='ltr'><strong>obvertcbat.</strong></span> <span class='ocrx_word' id='word_1_720' title='bbox 2269 4874 2326 4931; x_wconf 84' lang='lat' dir='ltr'><strong>Id</strong></span> <span class='ocrx_word' id='word_1_721' title='bbox 2353 4875 2559 4931; x_wconf 89' lang='lat' dir='ltr'><strong>scilicet</strong></span> <span class='ocrx_word' id='word_1_722' title='bbox 2588 4875 2706 4943; x_wconf 91' lang='lat' dir='ltr'><strong>ipso</strong></span> <span class='ocrx_word' id='word_1_723' title='bbox 2726 4874 2942 4929; x_wconf 90' lang='lat' dir='ltr'><strong>Davidis</strong></span> <span class='ocrx_word' id='word_1_724' title='bbox 2976 4872 3116 4927; x_wconf 89' lang='lat' dir='ltr'><strong>facto</strong></span> <span class='ocrx_word' id='word_1_725' title='bbox 3146 4880 3201 4927; x_wconf 83' lang='lat' dir='ltr'><strong>et</strong></span> <span class='ocrx_word' id='word_1_726' title='bbox 3221 4870 3473 4942; x_wconf 85' lang='lat' dir='ltr'><strong>exemplo</strong></span> 
     </span>
    </p>
   </div>
   <div class='ocr_carea' id='block_1_103' title="bbox 1901 4964 3475 5037">
    <p class='ocr_par' dir='ltr' id='par_1_103' title="bbox 1901 4964 3475 5037">
     <span class='ocr_line' id='line_1_103' title="bbox 1901 4964 3475 5037; baseline -0.002 -15"><span class='ocrx_word' id='word_1_727' title='bbox 1901 4968 2241 5033; x_wconf 79' lang='lat' dir='ltr'><strong>firmabatur,</strong></span> <span class='ocrx_word' id='word_1_728' title='bbox 2272 4968 2387 5037; x_wconf 90' lang='lat' dir='ltr'><strong>qui,</strong></span> <span class='ocrx_word' id='word_1_729' title='bbox 2419 4982 2545 5021; x_wconf 91' lang='lat' dir='ltr'><strong>cum</strong></span> <span class='ocrx_word' id='word_1_730' title='bbox 2602 4981 2771 5037; x_wconf 89' lang='lat' dir='ltr'><strong>panes</strong></span> <span class='ocrx_word' id='word_1_731' title='bbox 2820 4964 3229 5037; x_wconf 86' lang='lat' dir='ltr'><strong>pr0positionis,</strong></span> <span class='ocrx_word' id='word_1_732' title='bbox 3270 4964 3475 5035; x_wconf 87' lang='lat' dir='ltr'><strong>quibus</strong></span> 
     </span>
    </p>
   </div>
   <div class='ocr_carea' id='block_1_104' title="bbox 1901 5054 3475 5127">
    <p class='ocr_par' dir='ltr' id='par_1_104' title="bbox 1901 5054 3475 5127">
     <span class='ocr_line' id='line_1_104' title="bbox 1901 5054 3475 5127; baseline -0.002 -13"><span class='ocrx_word' id='word_1_733' title='bbox 1901 5060 2048 5116; x_wconf 87' lang='lat' dir='ltr'><strong>vesci</strong></span> <span class='ocrx_word' id='word_1_734' title='bbox 2097 5075 2203 5114; x_wconf 89' lang='lat' dir='ltr'><strong>non</strong></span> <span class='ocrx_word' id='word_1_735' title='bbox 2255 5060 2474 5125; x_wconf 85' lang='lat' dir='ltr'><strong>licebat,</strong></span> <span class='ocrx_word' id='word_1_736' title='bbox 2528 5059 2878 5126; x_wconf 86' lang='lat' dir='ltr'><strong>comedisset,</strong></span> <span class='ocrx_word' id='word_1_737' title='bbox 2927 5073 2957 5112; x_wconf 92' lang='lat' dir='ltr'><strong>a</strong></span> <span class='ocrx_word' id='word_1_738' title='bbox 2992 5058 3151 5127; x_wconf 86' lang='lat' dir='ltr'><strong>culpa</strong></span> <span class='ocrx_word' id='word_1_739' title='bbox 3210 5054 3475 5112; x_wconf 83' lang='lat' dir='ltr'><strong>immunis</strong></span> 
     </span>
    </p>
   </div>
   <div class='ocr_carea' id='block_1_105' title="bbox 1905 5146 3475 5222">
    <p class='ocr_par' dir='ltr' id='par_1_105' title="bbox 1905 5146 3475 5222">
     <span class='ocr_line' id='line_1_105' title="bbox 1905 5146 3475 5222; baseline -0.003 -15"><span class='ocrx_word' id='word_1_740' title='bbox 1905 5153 2226 5208; x_wconf 86' lang='lat' dir='ltr'><strong>habebatur.</strong></span> <span class='ocrx_word' id='word_1_741' title='bbox 2266 5152 2511 5207; x_wconf 86' lang='lat' dir='ltr'><strong>Alterum</strong></span> <span class='ocrx_word' id='word_1_742' title='bbox 2543 5160 2929 5222; x_wconf 80' lang='lat' dir='ltr'><strong>argumentum</strong></span> <span class='ocrx_word' id='word_1_743' title='bbox 2957 5150 3091 5220; x_wconf 87' lang='lat' dir='ltr'><strong>petit</strong></span> <span class='ocrx_word' id='word_1_744' title='bbox 3118 5163 3150 5203; x_wconf 93' lang='lat' dir='ltr'><strong>a</strong></span> <span class='ocrx_word' id='word_1_745' title='bbox 3176 5149 3319 5214; x_wconf 86' lang='lat' dir='ltr'><strong>loco,</strong></span> <span class='ocrx_word' id='word_1_746' title='bbox 3356 5146 3475 5202; x_wconf 86' lang='lat' dir='ltr'><strong>sive</strong></span> 
     </span>
    </p>
   </div>
   <div class='ocr_carea' id='block_1_106' title="bbox 1907 5240 3473 5315">
    <p class='ocr_par' dir='ltr' id='par_1_106' title="bbox 1907 5240 3473 5315">
     <span class='ocr_line' id='line_1_106' title="bbox 1907 5240 3473 5315; baseline -0.004 -16"><span class='ocrx_word' id='word_1_747' title='bbox 1907 5245 2086 5314; x_wconf 80' lang='lat' dir='ltr'><strong>potius</strong></span> <span class='ocrx_word' id='word_1_748' title='bbox 2116 5260 2147 5298; x_wconf 93' lang='lat' dir='ltr'><strong>a</strong></span> <span class='ocrx_word' id='word_1_749' title='bbox 2177 5245 2532 5315; x_wconf 67' lang='lat' dir='ltr'><strong>praerogativa</strong></span> <span class='ocrx_word' id='word_1_750' title='bbox 2589 5244 2851 5314; x_wconf 83' lang='lat' dir='ltr'><strong>quadam,</strong></span> <span class='ocrx_word' id='word_1_751' title='bbox 2905 5244 3028 5299; x_wconf 89' lang='lat' dir='ltr'><strong>loco</strong></span> <span class='ocrx_word' id='word_1_752' title='bbox 3074 5241 3315 5313; x_wconf 90' lang='lat' dir='ltr'><strong>propria.</strong></span> <span class='ocrx_word' id='word_1_753' title='bbox 3366 5240 3473 5294; x_wconf 80' lang='lat' dir='ltr'><strong>Ar-</strong></span> 
     </span>
    </p>
   </div>
   <div class='ocr_carea' id='block_1_107' title="bbox 233 5327 1795 5413">
    <p class='ocr_par' dir='ltr' id='par_1_107' title="bbox 233 5339 1795 5413">
     <span class='ocr_line' id='line_1_107' title="bbox 233 5339 1795 5413; baseline -0.001 -19"><span class='ocrx_word' id='word_1_754' title='bbox 233 5342 694 5413; x_wconf 58' lang='lat' dir='ltr'><strong>Otitspovfﬂorrsp</strong></span> <span class='ocrx_word' id='word_1_755' title='bbox 714 5341 821 5411; x_wconf 82' lang='grc' dir='ltr'>γὰρ</span> <span class='ocrx_word' id='word_1_756' title='bbox 844 5340 1026 5411; x_wconf 50' lang='lat' dir='ltr'><strong>quae;</strong></span> <span class='ocrx_word' id='word_1_757' title='bbox 1049 5339 1244 5410; x_wconf 76' lang='grc' dir='ltr'>πρᾶξις</span> <span class='ocrx_word' id='word_1_758' title='bbox 1268 5339 1373 5405; x_wconf 75' lang='grc' dir='ltr'>ἔξω</span> <span class='ocrx_word' id='word_1_759' title='bbox 1408 5339 1507 5409; x_wconf 79' lang='grc' dir='ltr'>μὲν</span> <span class='ocrx_word' id='word_1_760' title='bbox 1528 5339 1620 5393; x_wconf 82' lang='grc' dir='ltr'><strong>τοῦ</strong></span> <span class='ocrx_word' id='word_1_761' title='bbox 1663 5340 1795 5409; x_wconf 81' lang='grc' dir='ltr'>ίεροῐ</span> 
     </span>
    </p>
   </div>
   <div class='ocr_carea' id='block_1_108' title="bbox 1904 5327 3472 5413">
    <p class='ocr_par' dir='ltr' id='par_1_108' title="bbox 1920 5327 3472 5407">
     <span class='ocr_line' id='line_1_108' title="bbox 1920 5327 3472 5407; baseline -0.005 -17"><span class='ocrx_word' id='word_1_762' title='bbox 1920 5346 2237 5407; x_wconf 88' lang='lat' dir='ltr'><strong>gumentum</strong></span> <span class='ocrx_word' id='word_1_763' title='bbox 2296 5337 2399 5391; x_wconf 88' lang='lat' dir='ltr'><strong>hoc</strong></span> <span class='ocrx_word' id='word_1_764' title='bbox 2448 5336 2635 5393; x_wconf 87' lang='lat' dir='ltr'><strong>itidem</strong></span> <span class='ocrx_word' id='word_1_765' title='bbox 2669 5335 2738 5391; x_wconf 87' lang='lat' dir='ltr'><strong>ab</strong></span> <span class='ocrx_word' id='word_1_766' title='bbox 2776 5334 3029 5405; x_wconf 70' lang='lat' dir='ltr'><strong>exemplo.</strong></span> <span class='ocrx_word' id='word_1_767' title='bbox 3063 5327 3333 5398; x_wconf 50' lang='lat' dir='ltr'><strong>&#39;ducitur,</strong></span> <span class='ocrx_word' id='word_1_768' title='bbox 3378 5327 3472 5385; x_wconf 88' lang='lat' dir='ltr'><strong>sed</strong></span> 
     </span>
    </p>
   </div>
   <div class='ocr_carea' id='block_1_109' title="bbox 302 5458 941 5527">
    <p class='ocr_par' dir='ltr' id='par_1_109' title="bbox 302 5458 941 5527">
     <span class='ocr_line' id='line_1_109' title="bbox 302 5458 941 5527; baseline -0.006 -14"><span class='ocrx_word' id='word_1_769' title='bbox 302 5459 348 5491; x_wconf 83' lang='lat'><strong>&quot;</strong></span> <span class='ocrx_word' id='word_1_770' title='bbox 370 5458 559 5515; x_wconf 75' lang='lat' dir='ltr'><strong>Matth.</strong></span> <span class='ocrx_word' id='word_1_771' title='bbox 594 5458 745 5523; x_wconf 77' lang='lat' dir='ltr'><strong>xtt,i</strong></span> <span class='ocrx_word' id='word_1_772' title='bbox 782 5472 941 5527; x_wconf 86' lang='lat' dir='ltr'><strong>seqq.</strong></span> 
     </span>
    </p>
   </div>
   <div class='ocr_carea' id='block_1_110' title="bbox 153 5531 176 5559">
    <p class='ocr_par' dir='ltr' id='par_1_110' title="bbox 153 5531 176 5559">
     <span class='ocr_line' id='line_1_110' title="bbox 153 5531 176 5559; baseline 0 0"><span class='ocrx_word' id='word_1_773' title='bbox 153 5531 176 5559; x_wconf 62' lang='lat' dir='ltr'>Q</span> 
     </span>
    </p>
   </div>
   <div class='ocr_carea' id='block_1_111' title="bbox 1752 5544 1974 5602">
    <p class='ocr_par' dir='ltr' id='par_1_111' title="bbox 1752 5544 1974 5602">
     <span class='ocr_line' id='line_1_111' title="bbox 1752 5544 1974 5602; baseline 0.009 -2"><span class='ocrx_word' id='word_1_774' title='bbox 1752 5544 1974 5602; x_wconf 63' lang='grc' dir='ltr'><strong>ΝΟΤΑΕ.</strong></span> 
     </span>
    </p>
   </div>
   <div class='ocr_carea' id='block_1_112' title="bbox 310 5652 3480 5801">
    <p class='ocr_par' dir='ltr' id='par_1_112' title="bbox 310 5652 3480 5801">
     <span class='ocr_line' id='line_1_112' title="bbox 310 5652 3480 5801; baseline -0.005 -81"><span class='ocrx_word' id='word_1_775' title='bbox 310 5665 736 5738; x_wconf 63' lang='lat' dir='ltr'><strong>(35)::l1vhabes</strong></span> <span class='ocrx_word' id='word_1_776' title='bbox 758 5682 823 5721; x_wconf 80' lang='lat' dir='ltr'><strong>ex</strong></span> <span class='ocrx_word' id='word_1_777' title='bbox 854 5666 1095 5721; x_wconf 87' lang='lat' dir='ltr'><strong>Colbert.</strong></span> <span class='ocrx_word' id='word_1_778' title='bbox 1137 5664 1336 5720; x_wconf 88' lang='lat' dir='ltr'><strong>Vocula</strong></span> <span class='ocrx_word' id='word_1_779' title='bbox 1355 5665 1497 5801; x_wconf 49' lang='lat' dir='ltr'><strong>Ehaec</strong></span> <span class='ocrx_word' id='word_1_780' title='bbox 1543 5666 1597 5717; x_wconf 90' lang='lat' dir='ltr'><strong>in</strong></span> <span class='ocrx_word' id='word_1_781' title='bbox 1630 5663 1799 5721; x_wconf 78' lang='lat' dir='ltr'><strong>altero</strong></span> <span class='ocrx_word' id='word_1_782' title='bbox 1834 5662 2155 5736; x_wconf 84' lang='lat' dir='ltr'><strong>obsequens</strong></span> <span class='ocrx_word' id='word_1_783' title='bbox 2231 5666 2605 5735; x_wconf 80' lang='grc' dir='ltr'>συνεξαίτησιν</span> <span class='ocrx_word' id='word_1_784' title='bbox 2666 5660 2870 5718; x_wconf 87' lang='lat' dir='ltr'><strong>omissa</strong></span> <span class='ocrx_word' id='word_1_785' title='bbox 2902 5662 3042 5719; x_wconf 79' lang='lat' dir='ltr'><strong>erat,</strong></span> <span class='ocrx_word' id='word_1_786' title='bbox 3067 5652 3160 5709; x_wconf 85' lang='lat' dir='ltr'><strong>ubi</strong></span> <span class='ocrx_word' id='word_1_787' title='bbox 3189 5661 3371 5707; x_wconf 77' lang='lat' dir='ltr'><strong>tamen</strong></span> <span class='ocrx_word' id='word_1_788' title='bbox 3396 5658 3480 5716; x_wconf 65' lang='lat' dir='ltr'><strong>at-_</strong></span> 
     </span>
     <span class='ocr_line' id='line_1_113' title="bbox 313 5734 1658 5801; baseline -0.004 -9"><span class='ocrx_word' id='word_1_789' title='bbox 313 5736 499 5795; x_wconf 81' lang='lat' dir='ltr'><strong>eadeo</strong></span> <span class='ocrx_word' id='word_1_790' title='bbox 530 5747 583 5793; x_wconf 88' lang='lat' dir='ltr'><strong>et</strong></span> <span class='ocrx_word' id='word_1_791' title='bbox 616 5739 704 5793; x_wconf 85' lang='lat' dir='ltr'><strong>hic</strong></span> <span class='ocrx_word' id='word_1_792' title='bbox 735 5737 937 5793; x_wconf 83' lang='lat' dir='ltr'><strong>rectius</strong></span> <span class='ocrx_word' id='word_1_793' title='bbox 964 5737 1168 5801; x_wconf 82' lang='lat' dir='ltr'><strong>legetur</strong></span> <span class='ocrx_word' id='word_1_794' title='bbox 1198 5736 1296 5801; x_wconf 77' lang='grc' dir='ltr'>σὴν</span> <span class='ocrx_word' id='word_1_795' title='bbox 1326 5737 1349 5787; x_wconf 81' lang='grc' dir='ltr'>ὲ</span> <span class='ocrx_word' id='word_1_796' title='bbox 1388 5734 1621 5801; x_wconf 83' lang='grc' dir='ltr'>αίτησιν.</span> <span class='ocrx_word' id='word_1_797' title='bbox 1649 5778 1658 5787; x_wconf 93' lang='grc'>.</span> 
     </span>
    </p>
   </div>
   <div class='ocr_carea' id='block_1_113' title="bbox 242 5734 1658 5811">
    <p class='ocr_par' dir='ltr' id='par_1_113' title="bbox 242 5734 1658 5811">
     <span class='ocr_line' id='line_1_114' title="bbox 242 5734 1658 5811; baseline -0.003 -21"><span class='ocrx_word' id='word_1_798' title='bbox 242 5750 347 5811; x_wconf 69' lang='lat' dir='ltr'><strong>quo</strong></span> <span class='ocrx_word' id='word_1_799' title='bbox 364 5734 513 5795; x_wconf 74' lang='lat' dir='ltr'><strong>adeo</strong></span> <span class='ocrx_word' id='word_1_800' title='bbox 530 5747 583 5793; x_wconf 90' lang='lat' dir='ltr'><strong>et</strong></span> <span class='ocrx_word' id='word_1_801' title='bbox 616 5739 704 5793; x_wconf 85' lang='lat' dir='ltr'><strong>hic</strong></span> <span class='ocrx_word' id='word_1_802' title='bbox 735 5737 937 5793; x_wconf 82' lang='lat' dir='ltr'><strong>rectius</strong></span> <span class='ocrx_word' id='word_1_803' title='bbox 964 5737 1168 5808; x_wconf 87' lang='lat' dir='ltr'><strong>legetur</strong></span> <span class='ocrx_word' id='word_1_804' title='bbox 1198 5736 1296 5809; x_wconf 69' lang='grc' dir='ltr'>σὴν</span> <span class='ocrx_word' id='word_1_805' title='bbox 1326 5734 1621 5805; x_wconf 81' lang='grc' dir='ltr'>ὲξαίτησιν.</span> <span class='ocrx_word' id='word_1_806' title='bbox 1649 5778 1658 5787; x_wconf 93' lang='grc'>.</span> 
     </span>
    </p>
   </div>
  </div>
