3828 6202
331 251 438 328 ’ΜἾ
1479 258 1739 328 ΡΗΟΤΙΙ
1778 259 1923 328 ΡΛΤ.

2043 259 2277 329 ιΒΟΗίΕ
2316 267 2417 328 CP.‘
3459 260 3561 327 763

330 377 500 448 priori
541 370 632 433 ilio
671 383 756 433 est
785 377 1024 448 gravius.
1060 376 1236 433 Sicut.
1266 377 1414 432 enim
1444 379 1634 433 eadem
1659 379 1824 452 actio,
1846 377 1892 432 si

2043 380 2279 449 ινομένη-
2307 376 2444 446 πρὸς
2488 377 2646 444 δικην
2679 374 2898 444 ὑπάγει,
2945 375 3003 426 ἐν
3045 371 3193 443 αὑτῷ
3223 367 3282 425 δὲ
3312 373 3391 442 τῷ
3438 371 3568 443 ἱερῷ

323 461 757 540 .quideinextra
831 471 1009 525 locum
1046 480 1292 525 sanctum
1354 471 1466 534 ﬁat,
1502 471 1718 526 crimini
1767 469 1898 525 facit

2043 469 2297 522 νεύθυνον
2323 467 2548 522 ἀπολύει
2578 484 2592 498 ·
2625 467 2766 520 οὕτω
2809 467 2903 519 καὶ
2947 466 3240 533 σιτολογεῖν
3271 464 3373 533 μέν
3419 480 3571 527 τινας

330 564 650 627 obnoxium,
681 578 802 633 quae
848 563 905 617 in
938 575 1127 618 sancto
1163 564 1284 619 loco
1314 571 1546 634 patrata,
1588 578 1740 617 reum
1785 578 1894 617 non

2043 560 2188 624 πλῶς
2233 561 2292 613 ἐν
2324 559 2584 630 Σαϐϐάτῳ
2608 559 2856 631 (δεδόσθω
2911 559 3020 628 γάρ
3072 559 3200 626 ὑμῖν
3226 555 3266 627 ,)
3319 557 3468 608 ποιεῖ
3513 559 3569 607 ἐν

331 656 508 710 reddit
538 672 553 720 ;
607 655 702 721 ita,
733 657 777 712 si
815 655 908 726 qui
940 655 1032 709 alii
1058 655 1377 725 simpliciter
1420 656 1473 708 in
1511 654 1748 709 Sabbato
1782 653 1898 708 fru-

2043 654 2286 717 ὒθύναις·
2326 654 2454 716 τοὺς
2509 652 2567 704 δὲ
2595 652 2703 704 τῶν
2732 649 3033 719 ἀνθρώπων
3062 648 3310 717 σωτῆρας
3354 647 3450 698 καὶ
3491 645 3568 696 δι-

332 753 516 799 mento
562 757 852 800 vescantur
909 745 1133 816 (largiar
1167 746 1269 799 hoc
1321 743 1523 815 vobis,)
1570 745 1740 813 culpae
1771 751 1900 798 sant

2043 741 2319 811 ισκάλους,
2353 745 2450 818 καὶ
2497 735 2646 812 αὑτῷ
2671 741 2750 812 τῷ
2799 737 2900 808 τῆς
2961 737 3264 809 ἱερωσύνης
3311 738 3570 799 συνόντας

331 839 572 893 obnoxii.
624 839 694 892 At
726 855 855 893 vero
886 839 985 903 illi,
1021 839 1116 908 qui
1173 838 1456 892 hominum
1511 846 1640 891 sunt
1695 850 1894 891 serva-

2043 837 2246 907 εσπότῃ
2273 836 2370 888 καὶ
2404 835 2669 907 νομοθέτῃ
2697 832 2898 895 παντὸς
2934 831 3255 900 αἱτιάματος
3289 828 3574 882 ἀπαλλάτ-

332 934 503 997 tores,
535 937 590 984 et
617 929 888 995 doctores,
918 929 1121 998 quique
1150 944 1271 983 cum
1315 931 1433 998 ipso
1463 928 1754 983 sacerdotii
1790 927 1899 982 Do-

2043 947 2100 982 ει.
2131 927 2317 998 [Ιολλῷ
2345 927 2453 998 γὰρ
2480 928 2651 997 μείζω
2677 926 2769 978 τοῦ
2799 924 2946 994 ἱεροῦ
2971 923 3039 975 τὰ
3069 921 3322 975 ἐνταῦθα.
3365 922 3489 973 Ἔτι
3517 919 3574 973 δὲ

331 1020 486 1076 mino
515 1029 572 1076 et
616 1020 931 1091 iegisiatore
980 1029 1289 1084 versantur,
1343 1020 1444 1091 γει·
1485 1027 1773 1089 propterea
1831 1020 1899 1074 ab

2043 1025 2097 1076 ai.
2135 1023 2243 1077 ἀπὸ
2268 1022 2362 1076 τοῦ
2411 1023 2563 1075 ἐλέου
2585 1022 2686 1093 τὴν
2722 1020 2902 1073 αὐτῶν
2946 1019 3202 1073 ἀπόνοιαν
3243 1017 3571 1087 στηλιτεύει.

335 1113 484 1168 omni
538 1113 768 1168 crimine
801 1113 1072 1166 immunes
1126 1112 1416 1166 habentur.
1474 1111 1605 1179 Quae
1636 1112 1780 1166 enim
1811 1111 1899 1165 hic

2043 1117 2066 1167 .i
2095 1115 2204 1184 γὰρ
2241 1113 2442 1184 μείζων
2470 1113 2570 1183 μὲν
2600 1109 2634 1183 ή
2672 1109 2834 1165 θυσία
2866 1111 2965 1179 τῆς
3012 1111 3454 1180 παρατηρήσεως
3480 1111 3578 1174 τῆς

337 1215 487 1270 sunt,
528 1213 718 1260 sancto
744 1205 835 1258 illo
867 1205 987 1258 loco
1013 1213 1138 1258 sunt
1171 1205 1398 1272 majora.
1434 1204 1604 1258 Porro
1635 1218 1766 1259 vero
1798 1203 1899 1256 mi-

2043 1225 2058 1258 J
2087 1205 2371 1275 Σαϐϐάτῳ,
2424 1203 2722 1274 ἐπίπροσθέ
2770 1220 2827 1256 τε
2872 1203 2970 1272 τῆς
3003 1202 3192 1264 Θυσίας
3226 1201 3322 1254 καὶ
3354 1202 3382 1253 6
3413 1201 3579 1268 νόμος

336 1295 648 1350 sericordize
686 1309 902 1364 quoque
933 1296 1154 1349 nomine
1189 1295 1486 1348 amentiam
1518 1308 1708 1350 eorum
1737 1292 1902 1347 casti-

2043 1298 2154 1369 μῶν
2181 1296 2270 1350 τὸν
2327 1297 2474 1350 ἔλεον
2512 1297 2656 1364 ἄγει·
2699 1314 2717 1346 ι
2776 1295 2963 1348 Ἐλεον
3005 1295 3136 1364 γὰρ,
3191 1294 3378 1364 φησιν,
3412 1292 3578 1354 θέλω,

341 1394 450 1455 gat.
506 1385 566 1440 Si
610 1385 756 1439 enim
802 1385 1155 1450 sacriﬁcium,
1196 1387 1398 1455 inquit,
1429 1394 1652 1456 praastat
1703 1385 1895 1440 obser-

2043 1391 2099 1442 αἱ
2132 1389 2193 1442 οὐ
2245 1389 2475 1442 θυσίαν·
2518 1406 2538 1440 ι
2585 1387 2635 1440 οί
2682 1389 2808 1452 τοὺς
2845 1387 3091 1459 μαθητάς
3151 1387 3386 1456 ὁρῶντες
3434 1383 3581 1452 λιμῷ

340 1479 554 1532 vatione
603 1477 848 1544 Sabbati,
907 1477 993 1532 lex
1044 1493 1174 1532 vero
1229 1488 1412 1533 vestra
1470 1477 1902 1533 misericordiam

2043 1483 2094 1534 αὶ
2127 1481 2311 1551 ἀσιτίᾳ
2345 1479 2723 1550 πιεζομένους,
2755 1476 2874 1532 εἶτα
2900 1482 3019 1547 ἀντὶ
3039 1479 3134 1532 τοῦ
3165 1479 3250 1532 ἐπ’
3276 1477 3428 1530 ἔλεον
3465 1478 3583 1545 (56)

337 1569 611 1625 sacriﬁcio
665 1569 924 1639 praefert:
985 1588 1004 1621 ι
1033 1569 1465 1625 Misericordiam
1493 1570 1663 1636 enim,
1701 1569 1900 1638 inquit,

2043 1573 2278 1642 ραπῆναι
2307 1571 2464 1640 δίκην
2515 1571 2968 1643 εἰσπραττόμενοι
3015 1569 3380 1640 παρανομίας,
3432 1566 3582 1621 οῦτοι

337 1663 482 1730 Volo,
518 1677 626 1717 non
661 1677 792 1717 vero
841 1663 1171 1718 sacrificium
1206 1662 1254 1693 ⁸³
1286 1679 1302 1728 ;
1335 1681 1354 1714 ι
1409 1662 1490 1716 illi
1548 1663 1755 1732 utique,
1805 1662 1900 1732 qui

2043 1661 2186 1732 ιολλῷ
2217 1661 2578 1732 χαλεπωτέρᾳ
2609 1661 2921 1731 παραϐάσει
2957 1660 3056 1730 τὴν
3090 1660 3248 1713 σκιὰν
3278 1661 3375 1713 τοῦ
3410 1661 3583 1728 νόμου

337 1767 438 1822 pro
480 1769 564 1820 eo,
613 1755 757 1824 quod
812 1754 881 1809 ad
936 1754 1371 1809 misericordiam
1421 1754 1562 1809 ﬂecti
1611 1754 1898 1820 debebant,

2043 1759 2292 1811 ιεκδικεῖν
2315 1760 2453 1810 εἰσιν
2482 1755 2803 1821 ὲαλωκότες.
2835 1757 2907 1810 Οὐ
2935 1757 3040 1827 μὴν
3067 1755 3200 1809 ἀλλά
3218 1758 3312 1808 καὶ
3332 1756 3588 1825 τετάρτῳ

338 1841 806 1909 praevaricationis
831 1857 1019 1911 pinnas
1049 1852 1301 1912 poscunt,
1335 1843 1560 1914 majoris
1590 1846 1798 1912 peccati
1821 1845 1900 1899 rei

2043 1849 2222 1913 adeon;
2257 1849 2625 1922 ἀπορῤαπίζει
2656 1848 2798 1919 λόγῳ
2824 1889 2840 1914 ,
2873 1847 2935 1901 οὐ
2977 1846 3067 1900 διὰ
3094 1849 3152 1900 τὸ
3185 1848 3463 1900 Σάϐϐατον
3494 1847 3586 1898 τὸν

340 1932 539 1988 merito
559 1933 849 1998 habentur,
883 1935 1130 1989 umbram
1167 1935 1305 2005 legis
1357 1935 1722 1991 vindicantes.
1757 1935 1903 1991 Prae-

2043 1941 2290 2013 νθρωπον
2313 1940 2599 2010 γεγονέναι
2619 1941 2814 2010 λέγων,
2846 1940 2961 1994 ἀλλ’
2992 1941 3259 1997 ἀνάπαλιν
3285 1937 3581 2009 ἀνθρώπου

340 2034 488 2079 terea
519 2030 716 2094 quarto
744 2024 905 2079 etiam
940 2037 1261 2094 argumento
1295 2027 1350 2081 in
1387 2028 1610 2080 eosdem
1651 2026 1902 2082 animad-

2043 2037 2163 2104 ρείᾳ
2195 2034 2256 2087 τὸ
2311 2033 2588 2087 Σάϐϐατον
2641 2033 2961 2102 ὑφεστάναι.
3002 2026 3110 2085 Ναὶ
3157 2031 3222 2101 δὴ
3276 2031 3374 2082 καὶ
3423 2029 3585 2098 μέχρι

338 2115 526 2184 Vertit,
572 2115 784 2183 dicens,
840 2116 1116 2171 hominem
1163 2133 1272 2172 non
1325 2125 1549 2187 propter
1605 2119 1902 2175 Sabbatum

2043 2127 2267 2196 τέμπτης
2298 2126 2516 2195 πληγῆς
2549 2124 2650 2194 τῆς
2680 2125 2864 2187 ἀνοίας
2893 2124 3072 2178 αὐτῶν
3107 2126 3175 2193 τῇ
3224 2123 3450 2193 μάστιγι
3480 2122 3586 2172 τῶν

338 2208 569 2275 factum,
601 2210 696 2265 sed
736 2210 1034 2265 Sabbatum
1064 2211 1243 2280 potius
1292 2213 1347 2268 in
1377 2213 1616 2269 hominis
1653 2229 1902 2268 commo-

2043 2219 2180 2286 67wv
2208 2217 2570 2282 καθικνεῖται,
2629 2213 3093 2287 δεσποτικώτερον
3121 2213 3312 2268 λοιπὸν
3343 2215 3442 2267 καλ⁸
3475 2211 3589 2283 μετ⁹

338 2301 472 2355 dum
501 2301 778 2356 conditum
802 2318 922 2358 esse
947 2303 1015 2357 “.
1053 2303 1291 2374 Denique
1306 2313 1360 2360 et
1380 2306 1668 2360 verborum
1694 2306 1905 2376 ﬂagello

2043 2313 2253 2376 Ξουσίας
2272 2314 2468 2377 αὐτοὺς
2498 2312 2861 2383 ἐπιπλήττων.
2891 2329 2909 2362 ι
2941 2311 3144 2380 Κύριος
3166 2311 3272 2380 γάρ
3303 2309 3447 2370 ἐστι,
3482 2325 3589 2376 φη-

340 2394 592 2448 amentia
620 2408 810 2449 eorum
837 2397 1082 2466 quintam
1114 2396 1306 2467 inﬂigit
1335 2397 1572 2468 plagam,
1597 2413 1707 2468 qua
1741 2399 1905 2453 simul

2043 2410 2112 2473 ὶν,
2149 2411 2176 2461 6
2203 2405 2332 2469 Υἱὸς
2362 2406 2455 2459 τοῦ
2485 2404 2773 2474 ἀνθρώπου
2807 2403 2902 2458 καὶ
2923 2403 3015 2456 τοῦ
3043 2401 3354 2456 Σαὸὅάτου.
3389 2418 3410 2451 ι
3442 2399 3506 2452 Εἰ
3536 2397 3594 2450 δὲ

2006 2499 2207 2570 Κύριος
2234 2501 2261 2552 6
2291 2498 2438 2562 Υἱὸς,
2476 2497 2582 2551 υἱοὶ⁵
2620 2496 2678 2549 δὲ
2719 2496 2815 2548 καὶ
2863 2494 3188 2566 κληρονόμοι
3237 2493 3475 2562 μάλιστα
3539 2492 3587 2540 οἱ

2011 2592 2252 2664 μαθηταὶ
2282 2583 2469 2662 (οὗτοι
2523 2588 2632 2659 γὰρ
2681 2588 2775 2641 καὶ
2817 2587 3027 2659 πρῶτοι
3075 2587 3175 2639 οὐκ
3203 2583 3264 2648 ἐξ
3311 2584 3595 2652 αἱμάτων,

2007 2682 2127 2737 οὐδὲ
2197 2687 2260 2737 ἐκ
2315 2682 2620 2752 θελήματος
2684 2680 2917 2753 σαρκὸς,
2978 2679 3097 2733 οὐδὲ
3166 2678 3229 2730 ἐκ
3286 2677 3599 2744 θελήματος

2019 2773 2236 2844 ἀνδρὸς,
2272 2772 2391 2826 ἀλλ’
2418 2774 2481 2824 ἐκ
2510 2770 2646 2824 Θεοῦ
2669 2768 3055 2840 ἐγεννήθησαν,
3087 2765 3181 2819 καὶ
3227 2765 3325 2835 τῆς
3389 2761 3600 2817 ἄνωθεν

341 2863 399 2911 et
427 2853 668 2908 heredes
705 2853 807 2924 (illi
843 2855 991 2908 enim
1018 2854 1180 2924 primi
1210 2869 1318 2908 non
1351 2871 1418 2908 ex
1464 2857 1755 2926 sanguine,
1803 2872 1906 2912 nec

2047 2868 2282 2929 ίοθεσίας
2326 2863 2662 2935 ἠξιώθησαν)
2705 2879 2719 2893 ο
2750 2863 2849 2914 οὐκ
2898 2861 2978 2913 ἔτι
3011 2858 3415 2921 δουλεύσουσιν,
3463 2853 3602 2908 ἀλλὰ

340 2960 410 3002 ex
433 2945 713 3002 voluntate
749 2945 932 3001 carnis
977 2962 1078 3001 nec
1115 2962 1182 3001 ex
1215 2947 1493 3003 voluntate
1539 2949 1661 3015 viri,
1693 2951 1792 3005 sed
1835 2967 1899 3006 ex

2043 2955 2360 3028 ,upzsdoouat
2390 2955 2482 3008 τοῦ
2509 2951 2811 3007 Σαϐϐάτου.
2855 2951 2944 3018 Ἐξ
2988 2946 3081 3004 οὖν
3109 2951 3207 3020 τῆς
3255 2947 3603 3014 Δεσποτικῆς

344 3035 457 3093 Deo
507 3037 675 3109 geniti
717 3048 866 3102 sunt,
925 3047 980 3093 et
1017 3052 1049 3092 a
1091 3037 1202 3093 Deo
1252 3040 1305 3092 in
1347 3040 1487 3095 lilios
1530 3041 1906 3114 adoptati");

2043 3048 2288 3121 :97aciag
2313 3047 2540 3117 ταύτης,
2575 3047 2667 3099 καὶ
2694 3044 2794 3115 ὅση
2831 3041 3210 3113 παραπλησία,
3249 3037 3604 3108 δυναμωθέν-

346 3127 510 3185 iidem
527 3145 659 3185 sane
677 3145 784 3184 non
799 3131 1060 3194 servient,
1079 3130 1176 3184 sed
1201 3132 1628 3186 dominabuntur
1653 3133 1910 3192 Sabbato.

2043 3157 2114 3201 τες
2142 3156 2201 3190 τε
2249 3137 2344 3192 καὶ
2398 3135 2868 3206 στοιχειωθέντες,
2901 3131 3087 3201 ὥσπερ
3134 3131 3360 3200 ᾔτησας,
3421 3127 3605 3192 λόγοις

345 3215 464 3279 Hoc
508 3222 672 3294 igitur
723 3221 942 3277 Domini
985 3238 1170 3292 opere,
1221 3224 1454 3293 aliisque
1499 3225 1577 3279 illi
1621 3225 1913 3293 similibus,

2043 3230 2293 3300 ῐιαφόροις
2323 3229 2421 3297 τὴν
2445 3227 2554 3279 τῶν
2576 3225 2786 3278 σεπτῶν
2811 3223 3018 3292 Λογίων
3029 3221 3186 3274 δοκοῦ
3197 3237 3290 3272 σαν
3306 3217 3606 3288 διαφωνίαν

345 3316 547 3372 muniti
601 3325 655 3371 et
707 3315 910 3382 edocti,
941 3316 1112 3381 illam,
1153 3325 1212 3369 ut
1264 3317 1507 3380 volebas,
1563 3320 1916 3374 oraculorum

2043 3325 2100 3386 εἰς
2123 3321 2482 3375 ἀστασίαστον
2507 3319 2888 3388 συνηγάγομεν
2912 3314 3223 3384 συμφωνίαν
3250 3312 3390 3380 ('57).
3440 3309 3607 3364 Ἀλλά

346 3405 745 3462 venerabilium
820 3415 1174 3476 apparentem
1241 3408 1660 3473 dissensionem,
1752 3411 1920 3467 variis

2043 3415 2130 3486 γὰρ
2167 3416 2234 3467 τὰ
2279 3414 2410 3483 παρ’
2454 3411 2610 3482 ἡμῶν
2656 3424 2736 3462 σοι
2785 3409 2878 3462 ἐπὶ
2908 3407 3179 3460 τοσοῦτον.
3213 3404 3274 3459 Εἰ
3319 3405 3377 3457 δὲ
3421 3403 3487 3456 τὸ
3519 3403 3609 3455 σὺν

350 3497 533 3552 modis
564 3496 621 3550 in
662 3497 1081 3553 consensionem
1138 3498 1484 3552 manifestam
1552 3501 1919 3558 traduximus.

2043 3509 2126 3576 τῆς
2163 3505 2404 3568 διανοίας
2427 3504 2610 3573 τάχος,
2646 3505 2738 3555 καὶ
2783 3501 2844 3554 τὸ
2878 3503 2934 3553 ὲν
2987 3499 3296 3571 φρονήματι
3357 3495 3608 3555 συνετὸν,

351 3589 531 3658 Atque
554 3588 647 3643 illa
670 3588 887 3658 quidem
918 3597 1102 3643 nostra
1134 3589 1208 3642 ita
1240 3589 1428 3644 habes.
1461 3589 1519 3644 Si
1550 3606 1679 3646 vero
1713 3590 1918 3662 ingenii

2043 3599 2120 3652 ιαὶ
2153 3598 2260 3651 τῶν
2306 3595 2467 3666 ἱερῶν
2513 3595 2885 3664 θεωρημάτων
2937 3587 3238 3652 ὀπλοῦτος,
3272 3589 3368 3641 καὶ
3421 3588 3609 3657 ῥήτωρ

340 2485 515 2540 instar
540 2483 752 2540 Domini
781 2502 904 2541 cum
951 2487 1160 2557 majore
1195 2490 1433 2558 quadam
1480 2490 1806 2545 auctoritate
1849 2500 1904 2544 et

339 2577 584 2632 eiiicacia
611 2577 830 2633 eosdem
871 2579 1118 2649 castigat.
1161 2598 1179 2630 ι
1210 2579 1473 2635 Dominus
1503 2581 1671 2644 enim,
1704 2583 1902 2651 inquit,

342 2669 564 2726 Babbati
594 2679 680 2724 est
706 2669 874 2725 Filius
907 2672 1144 2726 hominis
1163 2673 1231 2726 ".
1261 2692 1278 2724 ι
1305 2672 1460 2736 Quod
1500 2673 1546 2727 si
1579 2686 1710 2728 vero
1732 2673 1906 2729 Filius

338 2773 428 2818 est
455 2762 755 2828 Dominus;
783 2763 1039 2832 discipuli
1057 2773 1236 2818 autem
1270 2765 1349 2818 vel
1381 2765 1617 2820 maxime
1647 2766 1745 2819 ﬁlii
1777 2777 1907 2822 sunt

352 3680 433 3735 tui
469 3679 722 3745 felicitas,
757 3687 812 3735 et
835 3679 1024 3749 judicii
1059 3696 1308 3747 acumen,
1340 3695 1619 3750 sacrmque
1664 3682 1927 3738 doctrina:

353 3774 512 3844 copia
557 3781 612 3829 et
645 3772 860 3827 dicendi
899 3772 1469 3840 ubertasjucundiora
1503 3783 1556 3828 et
1609 3776 1926 3830 sublimiora

354 3866 627 3922 invenerit
680 3865 946 3935 (inveniet
998 3881 1128 3919 vero
1180 3865 1426 3932 omnino,
1477 3865 1640 3921 modo
1671 3868 1922 3932 voluerit,

354 3958 627 4030 siquidem
659 3972 760 4026 mo
790 3966 862 4020 te,
886 3956 1126 4011 amicum
1157 3971 1362 4022 meum,
1398 3965 1544 4012 recte
1575 3959 1723 4027 novi)
1758 3977 1773 4025 ;
1801 3972 1922 4012 niua

357 4059 506 4105 tuam
541 4050 683 4104 lianc
707 4048 1141 4104 benevolentiam
1173 4047 1348 4104 instar
1378 4049 1702 4119 amplissimi
1721 4050 1927 4119 praemii

358 4153 645 4208 accepero.

356 4249 685 4320 QUESTIO
711 4245 975 4304 CXXXVI
1017 4250 1204 4323 [Coisi.
1246 4251 1475 4307 CLVIII.
1508 4252 1670 4307 Taur.
1706 4247 1948 4318 CLVIII].

431 4345 612 4410 Quare
634 4339 838 4397 Paulus
863 4344 1132 4411 apostolus
1164 4345 1218 4396 in
1260 4345 1494 4412 epistolis
1512 4346 1622 4398 suis
1655 4356 1840 4400 nomen

850 4429 1004 4466 suum
1039 4416 1311 4483 pra’miuit
1334 4417 1358 4468 ?

2027 3693 2190 3762 τέχνη
2227 3688 2535 3760 γλυκύτερά
2559 3705 2618 3740 τε
2651 3688 2746 3740 καὶ
2769 3684 3081 3756 ὑψηλότερα
3105 3679 3606 3752 προσεπιθεωροίη,

2035 3782 2578 3854 προσεπιθεωρήσειε
2603 3776 2649 3832 δ’
2679 3779 2746 3832 ἂν
2773 3778 2932 3847 μόνον
2967 3774 3277 3845 βουληθείη,
3305 3773 3470 3842 εἴπερ
3501 3770 3608 3837 ἐγὼ

2030 3866 2122 3929 τὸν
2156 3876 2288 3944 ἐμὸν
2323 3875 2422 3927 οὐκ
2452 3872 2633 3942 ἀγνοῶ
2671 3872 2847 3940 φίλον,
2888 3873 2969 3933 εἰς
3019 3869 3082 3921 τδ
3121 3867 3504 3937 πληρέστατον
3539 3862 3605 3916 ἂν

2035 3967 2156 4038 είην
2182 3967 2293 4037 (58)
2326 3967 2424 4034 τὴν
2457 3964 2751 4034 ἁμοιὸαίαν
2787 3959 3104 4031 ἀπειληφὼς
3141 3960 3320 4030 χάριν.

2537 4247 2872 4304 ΕΡΩΤΗΣΙΣ
2917 4247 3100 4314 FACT.

2036 4345 2139 4399 Διὰ
2166 4347 2222 4399 τί
2251 4346 2319 4398 ἐν
2355 4342 2483 4408 ταῖς
2498 4341 2877 4406 Ἐπιστολαῖς
2917 4339 3100 4393 αὑτοῦ
3135 4336 3373 4408 Παῦλος
3401 4339 3434 4388 o'
3467 4334 3609 4389 ἁπό-

2223 4418 2445 4479 στολος
2459 4399 2774 4481 ’προτάττει
2789 4399 3027 4464 τὸῖδιον
3049 4408 3230 4475 ὄνομα
3244 4399 3337 4478 (39
3389 4423 3404 4472 ;

361 4524 616 4577 Editamm
639 4540 667 4575 a
691 4527 870 4578 Wolﬂo
901 4528 957 4587 (l.
985 4541 1029 4577 c.
1064 4542 1110 4591 p.
1138 4525 1350 4578 750470
1380 4527 1599 4578 Galland.
1625 4525 1661 4578 1.
1683 4541 1727 4578 c.
1749 4543 1797 4591 p.
1823 4531 1933 4588 752,
1957 4529 2066 4639 75:3,
2103 4541 2151 4578 ι).
2180 4530 2282 4590 55).
2307 4531 2444 4581 ——D’e
2465 4529 2618 4579 Paulo
2639 4530 2742 4577 suis
2762 4525 2989 4588 epistolis
3013 4522 3262 4584 proprium
3289 4534 3471 4567 nomen
3497 4532 3603 4580 prm-

1837 4604 2000 4639 nonen
2027 4606 2075 4639 e.

1835 4604 2075 4652 ponente.

431 4669 662 4728 Divinus
689 4672 889 4727 Paulus
915 4672 1174 4741 Epistolis
1202 4674 1317 4728 suis
1363 4688 1559 4727 nomen
1589 4689 1752 4728 suum
1782 4689 1922 4743 pra:-

358 4761 498 4833 ligit,
540 4763 684 4825 ideo,
739 4765 887 4833 quod
942 4780 1005 4818 os
1031 4779 1193 4818 suum
1226 4763 1344 4819 sine
1369 4773 1795 4819 commemorata
1821 4765 1926 4817 Do-

361 4855 496 4910 mini
529 4856 883 4910 beneﬁcentia
941 4859 1153 4924 aperire
1202 4857 1396 4911 noluit.
1446 4857 1632 4911 Gratia
1672 4859 1818 4911 enim
1855 4857 1934 4911 illi

365 4961 559 5000 nomen
588 4962 806 5015 quoque
846 4963 1050 5000 novum
1098 4950 1377 5016 imposuit,
1429 4965 1551 5018 qua:
1593 4949 1820 5002 Sauiuin
1880 4948 1936 5002 in

362 5035 593 5092 Paulum
626 5053 732 5089 non
766 5038 944 5092 solum
1002 5041 1180 5107 quoad
1210 5056 1412 5104 mores,
1457 5041 1552 5095 sed
1597 5030 1760 5094 etiam
1792 5041 1936 5108 quod

362 5129 434 5182 nd
465 5129 884 5198 appellationem
920 5140 1284 5185 converterat.
1334 5131 1631 5200 Propterea
1685 5140 1845 5184 vocat
1877 5147 1936 5186 se

362 5211 623 5288 Paulum,
662 5228 922 5289 tanquam
951 5224 1044 5292 qui
1091 5225 1266 5293 ipsum
1316 5240 1515 5277 nomen
1546 5222 1761 5278 Domini
1798 5224 1851 5277 in
1876 5241 1936 5279 se

437 5375 485 5415 ³³
505 5379 648 5436 Osee
670 5395 745 5446 v1,
769 5379 839 5448 6;
864 5379 1052 5433 Matth.
1086 5397 1182 5447 xu,
1224 5383 1275 5436 7.

2100 4675 2400 4742 ΙΙροτάττει
2429 4675 2538 4725 τῶν
2573 4671 2905 4725 Ἐπιστολῶν
2955 4667 3124 4723 αὐτοῦ
3156 4665 3370 4728 Παῦλος
3403 4669 3433 4718 ὁ
3476 4666 3614 4725 θεῖος

2040 4765 2103 4818 τὸ
2131 4765 2323 4834 ὄνομα,
2367 4765 2502 4834 μηδὲ
2521 4764 2704 4834 διᾶραι
2749 4763 2922 4832 στόμα
2960 4763 3128 4832 χωρὶς
3161 4758 3254 4812 τοῦ
3304 4757 3613 4827 μεμνῆσθαι

2039 4859 2139 4928 τῆς
2172 4858 2509 4926 Δεσποτικῆς
2557 4857 2882 4927 εὐεργεσίας
2940 4853 3284 4923 βουλόμενος.
3344 4851 3458 4902 Καὶ
3511 4850 3616 4918 γὰρ

2045 4948 2318 5017 αὐτῷοκαὶ
2345 4948 2442 5018 τὴν
2466 4946 2656 5013 κλῆσιν
2685 4948 2718 5014 ἡ
2761 4946 2922 5016 χάρις
2952 4943 3248 5005 ἐκαίνισεν,
3290 4942 3372 5001 εἰς
3409 4939 3616 4992 Παῦλον

2047 5039 2141 5090 τὸν
2168 5038 2397 5100 Σαῦλον,
2448 5037 2638 5105 ὥσπερ
2665 5035 2792 5097 τοὺς
2843 5034 3100 5104 τρόπους,
3153 5030 3295 5082 οὕτω
3322 5029 3614 5099 διαμειψαο

2047 5131 2182 5200 μένη
2215 5130 2310 5182 καὶ
2343 5129 2411 5181 τά
2436 5130 2680 5200 ῥήματα.
2721 5126 2812 5180 Διό
2847 5141 2982 5194 φησι
3008 5122 3242 5186 Παῦλος,
3275 5123 3304 5173 6
3327 5122 3427 5174 καὶ
3457 5119 3615 5188 αὐτὴν

2043 5224 2208 5278 οἱονεὶ
2233 5224 2333 5294 τὴν
2373 5222 2566 5294 κλῆσιν
2594 5223 2658 5274 ἐκ
2688 5218 3023 5289 Δεσποτικῆς
3053 5213 3365 5284 φιλοτιμίας
3416 5213 3614 5281 φέρων,

1348 5371 1394 5412 ³⁸
1427 5381 1591 5435 Marc.
1625 5399 1681 5448 ll,
1707 5378 1795 5436 Ἦ.
1873 5385 1919 5415 ⁵⁵
1961 5383 2092 5437 ibid.
2125 5383 2211 5438 ‘28.
2295 5382 2340 5414 ⁵⁸
2363 5380 2525 5435 JOMI-
2565 5397 2601 5441 ιν
2625 5379 2710 5432 15-

1877 5474 2112 5532 NOTAE.

435 5562 552 5634 (ὅθ)
573 5561 655 5619 Ila
684 5565 840 5620 Colb.
875 5578 975 5634 pro
1002 5562 1172 5620 altero
1201 5565 1445 5622 ἔλαττον,

439 5637 561 5706 (ὃῖ)
587 5637 670 5706 εἰς
708 5637 872 5689 ἀσασ.
909 5639 1294 5706 συνηγάγομεν
1329 5635 1670 5705 συμφωνίαν,
1698 5653 1762 5693 cx
1781 5637 1938 5694 Colb.

445 5698 560 5774 I58)
583 5705 727 5761 Idem
751 5722 849 5775 pro
888 5707 1022 5776 εἴης.

2121 5568 2232 5637 (39)
2261 5567 2479 5637 Initium
2512 5566 2673 5636 hujus
2701 5565 2948 5637 responsi
2967 5573 3153 5637 exstat
3189 5563 3329 5630 apud
3350 5561 3611 5618 (Boume-

2052 5634 2334 5694 nium'sub
2353 5636 2530 5696 Photii
2571 5634 2809 5700 nomine,
2836 5653 2886 5705 p.
2919 5634 3022 5689 9.02
3046 5634 3416 5688 Commentar.
