3828 6202
183 305 286 374 τω

1063 312 1163 372 Αἰ)
1198 310 1788 371 AMPHILOCHIUM
1827 311 2170 381 QUAtSTIO
2215 308 2529 373 CXXXVI.

3320 309 3426 376 750

184 425 210 476 ό
232 424 415 478 πάντα
439 421 750 496 πλουτήσας
783 424 895 479 ἀπὸ
922 423 1016 479 τοῦ
1041 424 1302 497 Χριστοῦ,
1332 425 1394 478 τὸ
1429 426 1624 495 ὄνομα,
1653 426 1751 496 τὴν
1781 433 1803 486 Α

1891 426 2027 481 mori
2067 426 2310 493 deberet,
2362 426 2568 496 quique
2608 439 2637 478 a
2688 424 2908 481 Christo
2953 426 3162 491 omnia,
3225 442 3424 481 nomen

187 515 392 582 πίστιν,
419 515 512 570 τὸν
539 516 724 583 πόθον,
769 517 860 572 τὸν
905 518 1124 588 δρόμον,
1173 516 1273 587 τὴν
1330 516 1656 587 ἀποσίτολὴν,
1688 517 1758 570 τὰ

187 605 580 678 πολιτεύματα,
614 608 840 670 εἰκότως
871 607 1159 678 τοιγαροῦν
1191 607 1285 660 καὶ
1334 625 1353 658 ι
1397 605 1582 668 δοῦλος
1624 606 1758 676 Χρι-

190 699 340 754 στοῦ.
375 719 395 753 ι
442 698 503 754 '0
529 700 640 771 γὰρ
686 702 890 771 προῖκα
923 697 1163 754 τοσαῦτα
1209 697 1410 763 λαϐὼν,
1459 697 1554 751 καὶ
1595 697 1761 768 μηδὲν

189 790 694 861 προκαταθέμενος,
747 790 862 851 πῶς
893 789 1014 860 οὐχ).
1057 789 1240 853 δοῦλος
1293 789 1428 858 (40),
1473 789 1568 842 καὶ
1612 790 1666 842 εἰ
1707 808 1761 842 τι

189 881 443 950 ἄλλο,τοῦ
468 881 558 936 διὰ
584 882 857 936 τοσούτων
900 884 1260 953 τιμήσαντοςς
1294 881 1482 935 Δοῦλοι
1530 881 1628 952 μὲν
1655 882 1764 952 γὰρ

191 978 286 1029 καὶ
324 977 552 1040 ἄκοντες
598 977 856 1040 ἅπαντες,
899 977 1058 1038 ὅσους
1104 978 1132 1028 ό
1175 974 1566 1046 δημιουργικὺς
1597 975 1764 1044 Λόγος

190 1072 256 1122 ἐκ
285 1069 364 1141 μὴ
384 1069 555 1123 ὄντων
581 1070 661 1132 είς
681 1068 917 1140 ὓπαρξιν
949 1069 1194 1137 θέμενος,
1215 1069 1352 1140 πρὸς
1380 1069 1470 1121 τὸν
1491 1068 1766 1139 Δεσπότην

189 1158 329 1228 όρᾷν
381 1158 706 1226 ἀναγκάζει,
756 1159 851 1212 καὶ
900 1158 993 1210 τοῦ
1028 1158 1274 1213 Πλάστου
1327 1159 1389 1211 τὸ
1419 1158 1620 1229 κράτος
1647 1159 1767 1210 επί-

193 1246 451 1302 στασθαι.
482 1249 591 1302 Καὶ
639 1248 748 1318 γὰρ
797 1249 1013 1320 ἀνάγκη
1064 1249 1124 1302 τὺ
1156 1248 1550 1320 δημιούργημα
1585 1247 1768 1302 δοῦλον

192 1336 337 1393 εἶναι
364 1341 459 1394 καὶ
489 1339 808 1405 ὑπεξούσιον
842 1341 943 1410 τῆς
980 1340 1075 1395 τοῦ
1117 1342 1643 1414 δεδημιουργηκότος
1671 1360 1770 1395 κυ-

197 1434 470 1503 ριότητος.
501 1433 696 1488 Δοῦλον
722 1434 782 1488 δὲ
809 1435 902 1487 καὶ
929 1435 1052 1487 ὅσον
1074 1435 1174 1506 τῆς
1195 1432 1289 1488 τοῦ
1314 1433 1618 1505 κρείττονος
1640 1435 1772 1487 ἀπο-

196 1525 354 1578 λαύει
389 1527 668 1597 προνοίας,
698 1527 793 1580 καὶ
829 1526 930 1596 τῆς
968 1526 1116 1595 ζωῆς
1160 1525 1349 1597 ὥσπερ
1402 1526 1610 1580 ἐκεῖθεν
1660 1526 1772 1595 ἔχει

195 1619 300 1685 τὴν
324 1617 588 1690 ὓπαρξιν,
617 1617 762 1672 οὑτω
791 1619 887 1672 καὶ
915 1621 1014 1690 τῆς
1039 1619 1303 1690 διαμονῆς
1329 1619 1428 1686 τὴν
1467 1618 1768 1688 συνέχειαν.

195 1705 325 1764 Εἶεν
345 1711 392 1764 δ’
409 1711 478 1765 ἂν
497 1711 966 1782 εύγνωμονοῦντες
993 1712 1198 1778 δοῦλοι,
1233 1713 1330 1767 καὶ
1354 1713 1548 1775 οἵτινες
1579 1730 1774 1782 τυραν-

1856 523 2018 584 puta,
2063 513 2248 578 ﬁdem,
2307 514 2669 578 desiderium,
2723 531 2968 576 cursum.
3035 517 3425 586 apostolatum,

1858 607 2227 678 reliquamque
2281 608 2406 663 vitae
2428 606 2800 661 conditionem
2859 615 3056 662 nactus
3116 619 3446 672 esset;nec.

1860 700 2040 756 minus
2067 701 2456 779 convenienter
2489 718 2509 752 ι
2540 715 2757 756 servum
2779 700 3067 755 Christi".
3096 721 3114 754 ι
3149 702 3254 768 Qui
3277 705 3424 758 enim

1860 791 2028 862 gratis
2051 793 2235 846 omnia
2286 802 2588 862 acceperat,
2621 791 2867 861 nihilque
2897 801 3022 846 ante
3056 794 3411 862 praastiterat,

1861 883 2137 953 quomodo
2166 883 2213 939 is
2250 898 2360 938 non
2387 883 2547 937 etiam
2584 897 2795 948 servus,
2821 892 2893 948 et,
2935 883 2980 936 si
3011 883 3144 951 quid
3185 885 3328 938 aliud
3349 896 3434 940 est

1864 975 2115 1039 inferius,
2152 977 2320 1042 illius,
2347 976 2441 1046 qui
2476 975 2641 1031 tantis
2667 990 2792 1029 eum
2823 976 3105 1031 beneﬂciis
3121 986 3434 1040 ornaverat.

1865 1068 2183 1136 appelletur.
2220 1065 2447 1122 Omnes
2472 1066 2644 1128 enim,
2675 1065 2839 1119 etiam
2887 1065 3064 1131 inviti,
3101 1067 3242 1121 servi
3286 1059 3437 1129 sunt,

1867 1166 2139 1229 quotquot
2161 1158 2404 1212 Verbum
2442 1156 2599 1222 illud,
2631 1159 2777 1227 quod
2823 1158 3008 1212 omnia
3064 1158 3330 1219 condidit,
3371 1172 3440 1211 ex

1869 1251 2041 1305 nihilo
2070 1251 2395 1320 producens,
2453 1247 2519 1302 ad
2554 1247 2842 1302 Dominum
2891 1251 3185 1318 respicere,
3233 1249 3439 1303 Condio

1871 1342 2116 1411 torisque
2168 1341 2248 1394 sui
2288 1339 2586 1410 potentiam
2622 1355 2920 1409 agnoscere
2979 1340 3145 1409 c0git.
3202 1339 3440 1396 Necesse

1871 1435 2017 1488 enim
2055 1441 2140 1488 est
2172 1440 2416 1488 creatum
2466 1431 2724 1501 quodque
2761 1446 2980 1486 servum
3029 1446 3172 1495 esse,
3231 1430 3436 1486 Condi-

1877 1525 2119 1594 lorisque
2166 1523 2249 1578 sui
2289 1523 2543 1592 poteStati
2605 1522 2928 1576 obnoxium.
2983 1521 3185 1576 Servus
3213 1537 3341 1576 vero
3389 1537 3441 1576 et

1876 1617 1964 1671 ille
1995 1625 2098 1680 est,
2137 1615 2234 1686 qui
2261 1615 2485 1684 majoris
2539 1629 2685 1668 curae
2737 1613 2972 1668 fructum
3026 1615 3189 1682 capit,
3237 1612 3444 1683 quique

1876 1709 2054 1764 eidem
2087 1723 2197 1763 non
2253 1707 2427 1762 solum
2480 1706 2534 1760 id
2579 1705 2761 1770 debet,
2814 1705 2959 1775 quod
3005 1704 3099 1767 sit,
3148 1703 3243 1759 sed
3295 1703 3442 1772 quod

195 1803 346 1867 νίδος
386 1774 594 1876 πικρᾶς
633 1774 728 1859 καὶ
791 1774 1036 1876 χαλεπῆς
1080 1774 1460 1875 αἰχμαλωσίας
1519 1774 1775 1874 μεγάλοις

1891 1800 2042 1855 etiam
2076 1813 2199 1854 esse
2242 1803 2573 1868 perseveret.
2635 1795 2787 1850 Servi
2819 1811 2982 1865 porro
3009 1796 3172 1850 etiam
3212 1795 3291 1849 illi
3314 1795 3440 1863 jure

197 1897 664 1969 ἐλευθερωθέντες
682 1898 922 1969 λύτροις,
950 1898 1042 1950 τὸν
1063 1899 1343 1968 λυτρωτὴν
1375 1898 1776 1969 ἐπιγράφεσθαι

197 1989 488 2059 Δεσπότην
529 1989 856 2057 ἐγνώκασιν.
917 1989 1057 2045 Ἀλλ’
1109 1990 1138 2042 ὅ
1171 2005 1233 2056 γε
1287 1989 1430 2052 θεῖος
1463 1989 1671 2052 Παῦλος
1714 1990 1776 2042 οὑ

196 2077 418 2142 τούτοις
447 2078 638 2133 ἑαυτὸν
660 2081 773 2142 τοῖς
801 2079 1024 2150 τρόποις
1077 2078 1342 2143 ὑποτάξαι
1386 2079 1605 2150 Χριστῷ
1637 2080 1778 2148 μέγα

196 2172 470 2226 ἐποιεῖτο.
504 2172 678 2225 Κοινά
701 2190 760 2225 τε
800 2173 909 2244 γὰρ
953 2171 1146 2238 ταῦτα,
1183 2173 1279 2225 καὶ
1312 2173 1462 2226 οὐδὲν
1503 2171 1779 2242 ἐξαίρετον

197 2261 329 2318 οὐδὲ
355 2263 672 2334 θαυμαστὸν
715 2264 1124 2335 ἐνδεικνύμενα.
1177 2265 1418 2336 Ἐτέροις
1470 2265 1528 2317 δὲ
1580 2265 1781 2334 μᾶλλον

198 2352 406 2410 ἑαυτὸν
437 2353 744 2424 διακοσμεῖ,
783 2357 879 2408 καὶ
911 2355 1226 2409 διαπλάττει
1255 2355 1440 2408 δοῦλον
1482 2355 1688 2408 πλείοσί
1721 2374 1780 2408 τε

198 2447 303 2502 καὶ
341 2445 581 2518 μείζοσι,
609 2445 705 2500 καὶ
723 2447 786 2499 τὸ
815 2447 916 2516 τῆς
939 2447 1182 2510 δουλείας
1211 2448 1473 2518 καθαρὸν,
1500 2449 1592 2500 καὶ
1616 2447 1783 2511 ὄντως

200 2536 500 2608 ἐλεύθερον
540 2539 808 2609 λαμπρῶς
837 2537 1231 2592 ἐπιδείκνυται.
1267 2539 1377 2590 Καὶ
1414 2537 1628 2608 πρῶτον
1661 2539 1779 2608 μὲν,

201 2623 296 2693 οἷς
331 2628 492 2700 ἔσχεν
532 2630 675 2692 ίδίως
718 2629 1118 2700 φιλοτιμεῖσθαι
1153 2632 1267 2692 τοῖς
1296 2629 1599 2700 δεδομένοις
1634 2630 1783 2699 αὑτῷ

205 2720 368 2790 παρὰ
392 2719 489 2774 τοῦ
515 2721 759 2774 Πλάστου
800 2721 1122 2792 χαρίσμασι.
1162 2720 1442 2792 Δεύτερον,
1471 2721 1548 2792 τῷ
1585 2723 1784 2794 ἐξῃρη-

211 2811 367 2883 μένφ
412 2811 523 2866 τῶν
568 2811 743 2866 ἄλλων
772 2811 1078 2882 ἀνθρώπων
1122 2815 1216 2867 καὶ
1259 2812 1512 2883 διαπύρῳ
1551 2813 1648 2882 τῆς
1706 2815 1786 2874 είς

208 2902 380 2958 αὐτὸν
407 2903 760 2973 ἀγαπήσεως.
797 2905 906 2958 Καὶ
957 2904 1139 2975 τρίτον
1170 2907 1235 2975 τῇ
1265 2904 1660 2973 ἀπροφασίστῳ
1688 2905 1786 2974 τῆς

215 2994 521 3066 ἀποστολῆς
564 2996 860 3066 ὑπηρεσίᾳ,
907 2997 998 3049 καὶ
1049 2996 1126 3066 τῷ
1174 2997 1550 3067 ἀπαραόλήτῳ
1603 2995 1789 3068 δρόμῳ

1881 1893 2076 1948 merito
2119 1891 2443 1957 habeantur,
2471 1889 2784 1959 quicunque
2811 1887 2878 1942 ab
2934 1887 3126 1942 acerba
3165 1886 3447 1957 tyrannide

1881 1980 2571 2050 etdurissima’captivitate
2596 1992 2792 2048 magno
2809 1977 2981 2046 pretio
3011 1977 3276 2046 redempti
3316 1977 3450 2032 libe-

1883 2087 2118 2130 ratorem
2148 2073 2436 2126 Dominum
2470 2085 2687 2141 quoque
2723 2085 2883 2126 suum
2913 2068 3304 2138 appellandum
3329 2082 3451 2122 esse

1885 2165 2215 2234 intelligunt.
2257 2162 2488 2217 Divinus
2559 2177 2684 2216 vero
2745 2160 2949 2216 Paulus
2999 2160 3133 2215 tanti
3178 2161 3294 2214 bam
3342 2174 3450 2212 non

1888 2258 2036 2323 fecit,
2075 2267 2133 2311 ut
2158 2257 2225 2310 iis
2259 2265 2467 2309 tantum
2494 2254 2809 2308 nominibus
2835 2269 2895 2308 se
2937 2253 3260 2321 subjiceret;
3298 2266 3450 2304 com-

1885 2351 2069 2402 munia
2123 2346 2267 2401 enim
2327 2346 2441 2399 haec
2504 2333 2736 2398 habebat
2773 2359 2896 2397 cum
2938 2342 3086 2408 aliis,
3147 2356 3269 2406 quae
3315 2339 3476 2393 nihil.

1885 2440 2142 2510 praecipui
2182 2448 2275 2492 aut
2334 2437 2700 2492 admiratione
2736 2435 2888 2505 digni
2947 2449 3131 2490 secum
3187 2435 3452 2490 terebant.

1884 2534 2002 2587 Alia
2040 2547 2167 2586 vero
2197 2540 2376 2594 erant,
2429 2545 2603 2599 eaque
2639 2531 2792 2598 plura
2841 2536 2896 2584 et
2947 2528 3180 2598 majora,
3231 2535 3477 2597 propter.

1887 2641 2010 2694 quae
2048 2624 2189 2680 servi
2238 2639 2297 2679 se
2328 2624 2548 2676 nomine
2587 2622 2910 2676 cohonestet
2955 2628 3010 2674 et
3068 2629 3249 2680 ornat,
3284 2620 3456 2673 servi-

1889 2717 2126 2786 tutisque
2142 2715 2459 2784 dignitatem
2494 2721 2546 2766 et
2567 2713 2874 2766 libertatem
2903 2725 3028 2764 vere
3055 2709 3218 2764 talem
3244 2709 3453 2778 magni-

1889 2811 1988 2864 tice
2056 2815 2316 2862 ostentat.
2380 2805 2525 2859 Inter
2577 2804 2690 2858 Ιιεεε
2738 2803 2975 2872 primum
3038 2801 3214 2856 locum
3275 2808 3460 2854 tenent

1889 2900 2117 2972 egregiae
2149 2899 2252 2952 illae
2302 2898 2480 2960 dotes,
2517 2895 2716 2965 quibus
2760 2909 2790 2947 a
2826 2892 3124 2946 Conditore
3169 2892 3274 2947 sibi
3321 2905 3456 2944 con-

1891 2995 2061 3051 cessis
2090 2991 2316 3062 gloriari
2343 3005 2454 3060 prae
2485 2989 2607 3043 aliis
2650 2995 2877 3058 poterat.
2922 2985 3162 3040 Alterum
3191 2993 3277 3040 est
3305 2999 3460 3038 arnor

213 3087 319 3154 τῆς
343 3085 612 3151 δουλείας,
661 3087 929 3159 ἐλευθέρῳ
974 3092 1283 3159 φρονήματι
1313 3088 1410 3159 τὴν
1449 3089 1524 3151 ὠς
1573 3088 1787 3157 ἀληθῶς

1893 3084 2292 3146 elﬁcacissime,
2329 3089 2384 3134 et
2432 3081 2626 3148 magis,
2675 3091 2839 3147 quam
2888 3075 2945 3128 in
2999 3073 3250 3127 homines
3299 3069 3460 3133 alios,

211 3176 508 3247 ἐμφανίζει
551 3179 852 3247 εὐγένειαν.
898 3180 1010 3234 Καὶ
1042 3180 1180 3252 πρός
1227 3197 1291 3249 γε
1323 3183 1437 3244 τοῖς
1482 3179 1791 3251 εἰρημένοις

1894 3177 2158 3232 adversus
2185 3189 2244 3228 se
2274 3173 2558 3242 probatus.
2598 3169 2847 3224 Tertium
2879 3165 3090 3222 functio
3117 3164 3461 3234 apostolatus

213 3271 282 3338 τῇ
317 3269 576 3343 ἀκριϐείᾳ
619 3273 714 3324 καὶ
757 3271 1088 3342 καθαρότητι
1137 3273 1231 3326 τοῦ
1264 3274 1682 3343 πολιτεύματος,
1725 3274 1792 3326 δι’

217 3352 297 3414 ὧν
324 3360 523 3415 ἑαυτὸν
541 3361 726 3415 δοῦλον
748 3361 842 3416 καὶ
866 3363 1024 3432 σῶμα
1039 3364 1134 3416 καὶ
1154 3363 1330 3435 ψυχὴν
1356 3365 1449 3418 καὶ
1477 3365 1792 3434 λογισμοὺς,
1818 3439 1821 3442 _

216 3451 318 3504 καὶ
346 3453 528 3506 πάντα
574 3453 640 3504 τὰ
693 3452 772 3523 τῷ
817 3453 1040 3523 Χριστῷ
1096 3455 1477 3524 παρεστήσατο
1516 3469 1529 3483 °
1561 3454 1795 3524 οὐδαμοῦ

219 3541 324 3607 τὴν
349 3542 584 3614 ἐκλογὴν
609 3543 894 3614 αἰσχύνας,
921 3545 1044 3599 οὑδὲ
1079 3545 1177 3616 τὴν
1209 3545 1417 3599 ἄνωθεν
1454 3547 1631 3616 ψῆφον
1662 3566 1799 3615 φαυ-

221 3631 406 3698 λίσας,
441 3636 719 3706 πανταχοῦ
751 3637 803 3690 δὲ
840 3636 1042 3708 μᾶλλον
1067 3637 1216 3691 θείαν
1240 3637 1316 3700 ὡς
1344 3637 1559 3707 ἀληθῶς
1585 3639 1800 3709 ἀποφή-

224 3741 346 3789 νας,
388 3725 485 3780 καὶ
510 3729 624 3791 τοῖς
651 3727 833 3799 ἔργοις
857 3728 956 3800 τὴν
997 3729 1176 3797 κρίσιν
1215 3728 1677 3800 βεϐαιωσάμενος,
1708 3732 1802 3782 καὶ

229 3817 403 3888 μηδὲν
426 3816 625 3885 λιπὼν,
662 3819 716 3872 τί
749 3821 830 3874 δεῖ
849 3821 1028 3889 λέγειν
1059 3821 1166 3873 τῶν
1210 3820 1438 3875 ἐντολῶν
1487 3821 1803 3891 ἀκατόρθω-

227 3927 343 3977 τον,
367 3911 504 3966 ὅπου
524 3911 889 3980 λαϐεἰνέστιν,
917 3913 982 3978 ἃς
999 3915 1090 3967 κα)¹
1122 3914 1519 3984 ὑπερεϐάλλετο
1547 3931 1561 3979 ;
1583 3914 1801 3968 Δείκνυ-

227 4019 324 4056 ται
375 4002 668 4072 τοιγαροῦν
700 4004 729 4055 ὁ
773 4003 1074 4073 θαυμάσιος
1124 4003 1358 4069 Παῦλος,
1405 4002 1528 4056 καθ’
1565 4003 1663 4058 ἕνα
1707 4005 1804 4075 μὲν

231 4093 438 4164 τρόπον
459 4093 663 4159 δοῦλος,
685 4093 761 4157 ὡς
803 4095 901 4165 τῆς
937 4094 1336 4166 δημιουργικῆς
1364 4096 1624 4166 παλάμης
1657 4097 1806 4166 φιλο-

231 4182 506 4252 τέχνημα.
539 4183 676 4235 Καθ’
708 4183 893 4254 ἓτερον
919 4183 997 4248 δὲ,
1032 4183 1108 4246 ὡς
1133 4186 1199 4255 τῇ
1227 4185 1434 4237 ἐκεῖθεν
1461 4185 1688 4257 προνοίᾳ
1707 4186 1806 4255 τὴν

234 4273 477 4345 ὓπαρξιν
497 4275 876 4345 συνεχόμενος,
904 4270 1022 4328 εἶτα
1041 4274 1116 4338 ὡς
1136 4277 1509 4346 ἠγορασμένος
1520 4276 1597 4346 τῷ
1614 4280 1808 4330 Δεσπο-

237 4370 373 4441 τικῷ
422 4371 640 4442 αἵματι,
683 4371 868 4426 λοιπὸν
911 4371 1162 4426 ἐντεῦθεν
1217 4373 1284 4424 τὰ
1343 4373 1648 4437 ίδιάζοντα’
1688 4375 1808 4428 οὑδὲ

1896 3269 2014 3323 sine
2035 3264 2480 3336 tergiversatione
2507 3269 2782 3330 suscepta,
2814 3273 2914 3314 nec
2940 3258 3290 3312 intermissus
3321 3271 3460 3324 prae-

1897 3359 2045 3413 conii
2071 3355 2370 3426 evangelici
2395 3369 2611 3410 cursus.
2647 3351 2725 3406 Ex
2745 3351 2830 3407 his
2849 3349 3222 3421 prmrogativis
3252 3345 3463 3416 magni-

1897 3453 1997 3505 tice
2029 3450 2336 3520 etingenue
2368 3447 2435 3501 de
2464 3446 2724 3501 servitute
2749 3459 2848 3498 sua
2882 3443 3126 3497 sentiens
3153 3455 3333 3493 veram
3367 3453 3464 3491 no-

1899 3543 2164 3598 bilitatem
2209 3542 2569 3596 demonstrat.
2625 3538 2706 3591 Ad
2757 3538 2871 3591 haec
2927 3535 3112 3591 omnia
3174 3532 3522 3600 accedebat...

1902 3643 2088 3689 curata
2103 3642 2157 3689 et
2177 3634 2408 3702 ingenua
2434 3647 2520 3686 res
2545 3645 2674 3687 suas
2703 3628 2893 3700 agendi
2919 3629 3076 3694 ratio,
3097 3641 3368 3696 perquam
3386 3639 3472 3678 se-
3511 3615 3517 3622 ’

1902 3727 2074 3794 ipsum
2103 3738 2321 3779 servum
2342 3723 2488 3792 quod
2516 3722 2583 3776 ad
2607 3731 2828 3790 corpus,
2852 3720 3088 3774 animam
3130 3728 3472 3787 mentemque

1901 3826 1956 3871 et
1976 3823 2172 3870 caetera
2198 3813 2436 3882 denique
2468 3809 2652 3866 omnia
2697 3811 2920 3866 Christo
2948 3811 3212 3873 sistebat;
3246 3807 3472 3862 electio-

1904 3921 2026 3960 nem
2075 3906 2160 3959 sui
2191 3904 2328 3958 adeo
2365 3919 2472 3957 non
2525 3903 2844 3971 deturpans,
2899 3910 2993 3954 aut
3045 3901 3268 3954 caeleste
3301 3899 3366 3951 de
3415 3912 3474 3951 se

1900 3999 2168 4071 judicium
2216 3995 2371 4066 parvi
2408 3995 2633 4057 faciens,
2673 4005 2731 4048 ut
2761 3993 2940 4063 potius
2986 4007 3085 4061 pro
3124 3990 3310 4046 divino
3346 4004 3472 4042 mu-

1904 4106 2035 4146 nere
2064 4106 2111 4154 ,a
2139 4104 2198 4144 se
2250 4088 2440 4142 haberi
2501 4096 2754 4142 testatum
2827 4085 3047 4148 faceret,
3105 4083 3267 4151 idque
3311 4096 3476 4150 opere

1907 4181 2026 4251 ipso
2073 4178 2336 4242 tinmaret,
2373 4191 2473 4231 nec
2541 4176 2838 4246 quidquam
2921 4182 3311 4244 praeceptorum
3356 4171 3478 4240 ejus

1908 4272 2223 4344 negligeret,
2255 4277 2314 4325 ut
2355 4269 2544 4326 eadem
2599 4269 2650 4321 in
2685 4265 2960 4320 nonnullis
3013 4266 3178 4318 etiam
3218 4276 3480 4333 superare

1911 4367 2261 4436 intelligatur.
2314 4365 2686 4419 Admirandus
2745 4362 2928 4431 itaque
3005 4360 3206 4413 Paulus
3251 4373 3318 4410 ex
3373 4373 3480 4408 una

242 4463 374 4533 γὰρ,
413 4463 537 4516 οὐδὲ
574 4464 734 4534 μέχρι
764 4463 970 4517 τούτων
999 4464 1232 4528 ἵσταται,
1259 4463 1378 4518 οὑδὲ
1398 4464 1506 4536 (41)
1537 4469 1649 4529 τοῖς
1693 4484 1803 4519 κοι-

242 4555 348 4609 νοῖς
371 4553 474 4609 τὴν
499 4555 665 4607 αὑτοῦ
712 4555 957 4608 δουλείαν
991 4557 1342 4609 περιγράφει.
1391 4557 1528 4609 ἀλλὰ
1575 4559 1671 4609 καὶ
1713 4576 1803 4609 γα-

1915 4478 1978 4530 pa
1997 4470 2064 4517 ‘te
2119 4475 2336 4516 servum
2388 4475 2446 4514 se
2484 4459 2650 4526 sistit,
2687 4469 2947 4528 tanquam
2987 4472 3183 4509 manus
3228 4452 3484 4520 omnipOe

1913 4479 2076 4609 terhis
2110 4569 2287 4609 onus:
2328 4568 2395 4607 ex
2427 4552 2594 4606 altera
2622 4566 2751 4605 vero
2779 4551 2966 4609 talem,
2991 4548 3082 4609 qui
3119 4561 3211 4609 per
3242 4545 3483 4598 divinam

237 4555 348 4617 νοίς
371 4553 474 4625 τὴν
499 4555 665 4607 αὑτοῦ
712 4555 957 4608 δουλείαν
991 4557 1342 4628 περιγράφει,
1391 4557 1528 4610 ἀλλὰ
1575 4559 1671 4610 καὶ
1713 4576 1811 4628 χα-

241 4646 526 4716 ρισμάτων
572 4645 801 4701 πλοῦτον
833 4646 1288 4718 περιϐαλλόμενος
1309 4687 1324 4712 ,
1378 4648 1541 4716 ἄλλης
1571 4648 1812 4712 δουλείας

240 4740 391 4808 ζυγῷ
435 4740 534 4792 καὶ
582 4738 770 4811 τρόπῳ
826 4740 1016 4794 ἑαυτὸν
1083 4741 1476 4809 ὑποζεύγνυσιν
1510 4781 1524 4804 ,
1603 4741 1815 4794 ἀντιδε-

243 4826 494 4893 ξιοῦσθαι
555 4829 876 4895 φιλονεικῶν
907 4830 1008 4882 οὐκ
1062 4829 1278 4883 είωθόσι
1331 4829 1671 4900 θεραπείαις,
1726 4831 1814 4882 τὸν

245 4918 592 4988 καινοτέραις
623 4919 788 4971 αὑτὸν
832 4919 1326 4990 φιλοτιμησάμενον
1355 4920 1562 4991 χάρισι.
1612 4921 1720 4973 Ναὶ
1750 4921 1814 4990 δὴ

246 5008 338 5061 καὶ
359 5007 486 5063 ἀντὶ
507 5009 725 5062 πάντων
745 5005 891 5078 φιλεῖ
908 5009 998 5064 τὸν
1011 5011 1310 5080 Δεσπότην,
1337 5010 1558 5079 φίλτρου
1582 5011 1817 5084 ὑπερϐο-

247 5100 344 5171 λὴν
373 5102 434 5155 οὐ
466 5101 668 5156 λείπων
703 5102 840 5173 (42),
890 5105 985 5156 καὶ
1021 5102 1208 5173 μεῖζον
1239 5106 1286 5156 εί
1335 5106 1481 5157 κατὰ
1527 5103 1685 5172 λόγον
1723 5104 1816 5158 τοῦ

249 5193 648 5264 θαυμάζεσθαι.
727 5195 839 5248 Καὶ
886 5195 1064 5249 πάντα
1122 5195 1364 5249 σκύϐαλα
1417 5197 1672 5264 ἡγεῖται,
1733 5196 1818 5248 ἵνα

254 5286 486 5358 Χριστὸν
521 5287 615 5341 τὸν
665 5287 998 5358 ποθούμενον
1027 5289 1284 5359 κερδήσῃ.
1334 5288 1495 5341 Ἀλλὰ
1545 5289 1639 5341 καὶ
1683 5290 1818 5341 ἀπο-

359 5402 404 5435 ³⁷
435 5401 654 5466 ΒοιιιΑ,
690 5403 740 5456 1.

1913 4545 2076 4609 ιεηῖἳε
2110 4569 2287 4623 opus:
2328 4568 2395 4607 ex
2427 4552 2594 4606 altera
2622 4566 2751 4605 vero
2779 4551 2966 4612 talem,
2991 4548 3082 4616 qui
3119 4561 3211 4615 per
3242 4545 3483 4598 divinam

1912 4645 2312 4717 providentiam
2336 4659 2459 4699 esse
2502 4651 2836 4713 perseveret,
2874 4641 3078 4711 quique
3113 4635 3332 4691 Domini
3361 4650 3486 4689 san-

1913 4736 2075 4805 guine
2101 4737 2173 4790 sit
2215 4735 2547 4803 redemptus.
2586 4731 2681 4787 His
2711 4747 2839 4787 vero
2871 4746 2954 4794 ea,
2986 4745 3107 4799 quae
3137 4726 3356 4798 propria
3382 4725 3486 4779 sibi

1915 4829 2097 4892 habet,
2127 4828 2327 4898 jungit,
2365 4827 2616 4896 nequein
2659 4826 2823 4880 dictis
2863 4823 3184 4892 acquiescit,
3224 4829 3488 4874 autcum-

1922 4921 2178 4975 munibus
2237 4921 2345 4975 illis
2382 4919 2658 4974 beneﬁciis
2688 4918 3005 4973 servitutem
3059 4930 3215 4969 suam
3251 4914 3490 4967 circum-

1921 5012 2128 5068 scribit.
2180 5011 2363 5067 Multis
2418 5011 2562 5066 enim
2602 5011 2786 5080 gratia:
2834 5008 2992 5062 donis
3034 5023 3094 5060 se
3141 5005 3502 5060 cumulatum.

1922 5118 2246 5174 agnoscens,
2275 5105 2416 5158 alius
2455 5102 2735 5157 servitutis
2783 5101 2912 5170 jugo
2942 5111 2996 5152 et
3038 5098 3222 5168 generi
3259 5111 3318 5151 se
3363 5094 3490 5148 sub-

1919 5197 2057 5266 jicit,
2093 5212 2314 5268 operam
2342 5197 2499 5258 dans,
2533 5205 2592 5249 ut
2639 5211 2746 5249 non
2780 5192 2989 5263 vulgari
3016 5202 3070 5244 et
3098 5198 3360 5244 consueto
3391 5188 3489 5241 ob-

1923 5290 2113 5359 sequio
2159 5305 2308 5353 eum,
2343 5291 2433 5358 qui
2493 5304 2553 5344 se
2602 5288 2756 5341 novis
2811 5296 2864 5340 et
2926 5284 3156 5338 insolitis
3220 5280 3492 5335 beneﬁciis

1791 5499 2026 5556 ΝΟΤΑἾ.

262 5663 294 5714 b
327 5591 438 5662 (40)
464 5595 492 5645 ὁ
524 5595 633 5664 γὰρ
667 5595 869 5662 προῖκα
895 5624 959 5633 ——
998 5594 1121 5664 οὐχὶ
1173 5595 1354 5657 δοῦλος
1381 5595 1564 5664 accepi
1599 5608 1661 5648 ex
1701 5595 1823 5650 Col-

295 5675 392 5714 ert.

295 5675 392 5716 οη.

329 5734 439 5803 (ιι)
480 5733 632 5789 Culb.
664 5735 771 5786 οὐδ’
801 5737 878 5788 ἐν.

2007 5594 2116 5660 (νίὲ)
2153 5596 2240 5647 Sic
2295 5595 2474 5649 scribo
2527 5607 2623 5660 pro
2676 5592 2877 5642 λεῖπον.
2920 5585 3039 5639 Mox
3098 5595 3192 5650 pro
3224 5581 3271 5630 εἰ
3312 5575 3500 5631 malint

1935 5668 2109 5720 lceere
2151 5668 2202 5720 ἤ.

1954 5682 2109 5737 cgere
2151 5682 2202 5736 η.
