3826 6206
388 227 490 305 751
1533 245 1797 326 PHOTII
1834 249 2340 310 PATBIARCHIE
2373 252 2485 310 CP-
3499 252 3593 318 752

387 347 742 408 mactaverat,
797 343 1040 399 vicissim
1076 346 1373 417 exciperet.
1426 349 1720 424 Propterea
1786 354 1952 408 etiam

2075 356 2340 409 ςτέλλεται
2397 357 2594 428 κῆρυξ,
2645 357 2740 410 καὶ
2785 353 3115 423 οἰκουμένην
3166 354 3356 425 πληροῖ
3393 354 3464 425 τῷ
3503 375 3589 420 gn.

388 431 676 488 Dominum
703 448 815 504 pra;
844 437 970 492 aliis
1011 440 1269 495 omnibus
1305 451 1472 506 amat,
1509 445 1576 500 de
1617 445 1821 500 amoris
1844 445 1953 512 sui,

2075 449 2326 520 ρύγματι,
2365 449 2472 504 άπὸ
2512 448 2869 520 Ἰερουσαλὴμ
2898 447 2959 512 ἐξ
2999 446 3292 518 ἀφετηρίου
3319 447 3456 512 τινος
3481 451 3597 520 πρὸς

385 521 500 591 ipsa
564 525 945 596 admiratione,
998 541 1061 587 ut
1119 534 1455 590 conveniens
1505 548 1640 604 erat,
1708 537 1957 608 majoris,

2075 541 2132 594 τὰ
2158 540 2264 609 γῆς
2315 539 2493 605 πάντα
2546 537 2772 609 δραμὼν
2823 539 3056 608 πέρατα,
3084 537 3179 593 καὶ
3227 536 3411 607 μέχρις
3448 538 3599 592 αὐτῶν

385 616 761 684 magnitudine
790 621 930 684 nihil
961 624 1264 689 remittens.
1313 625 1510 682 Omnia
1542 645 1706 698 porro
1738 647 1837 700 pro
1872 646 1958 686 re-

2075 631 2174 684 τῶν
2213 629 2468 684 Ὠκεανοῦ
2521 629 2806 703 ῥευμάτων
2860 627 3128 690 σαλπίσας
3177 625 3238 680 τὸ
3266 625 3599 692 Εὑαγγὲλιον.

383 704 571 774 jiculis
593 709 778 778 habet,
821 723 882 768 ut
912 715 1216 782 Christum,
1257 719 1362 777 sibi
1403 720 1957 789 desideratissimam,

2075 722 2338 792 Τοιαύτην
2353 721 2597 776 δουλείαν
2620 723 2649 776 ό
2669 720 2880 783 Παῦλος
2895 720 3184 789 ἠπίστατο,
3204 719 3284 787 ἐφ’
3305 713 3385 781 οἷς
3402 717 3600 788 ἓδδομος

388 795 650 871 lucretur.
684 801 916 860 Mittitur
941 820 1074 868 vero
1121 810 1283 864 etiam
1316 819 1377 865 ut
1413 825 1614 879 praeco.
1666 821 1961 884 totumque

2075 815 2316 878 δουλείας
2378 813 2661 880 ἐξανύεται
2704 817 2926 884 τρόπος,
2962 812 3029 865 δι’
3062 804 3123 863 οὗ
3155 810 3253 880 τῆς
3308 810 3368 863 ἐν
3414 809 3606 880 Χριστῷ

386 889 575 946 orbem
634 896 912 964 praeconio
964 913 1066 964 suo
1109 899 1320 970 implet,
1370 901 1787 975 Hierosolymis,
1839 916 1964 965 tan-

2075 906 2348 970 πολιτεὶας
2378 908 2504 970 τοὺς
2532 907 2769 978 θεσμοὺς
2797 905 2892 958 καὶ
2925 903 2994 958 τὰ
3041 903 3248 972 νόμιμα
3293 902 3533 971 καθαρῶς
3557 919 3607 957 τε

388 1005 554 1059 quam
589 1006 619 1054 ο
648 992 984 1060 carceribus,
1020 1009 1193 1065 usque
1225 997 1293 1050 ad
1321 1010 1514 1053 omnes
1540 1005 1809 1053 terrarum
1831 997 1966 1053 lines

2075 998 2166 1053 καὶ
2203 996 2526 1064 σπουδαίως,
2557 998 2654 1051 καὶ
2683 997 2759 1062 ὡς
2778 997 2880 1050 οὐκ
2914 995 2981 1050 ἄν
3009 1010 3096 1069 τις
3142 995 3351 1064 ἔτερος,
3391 993 3451 1048 οὐ
3486 995 3607 1070 τότε,

387 1097 708 1151 excurrens,
747 1085 1160 1157 etevangelium
1194 1103 1368 1158 usque
1409 1089 1475 1143 ad
1505 1087 1708 1146 Oceani
1740 1090 1967 1150 ﬂumina

2075 1087 2186 1159 (45)
2236 1087 2334 1158 οὐχ
2363 1085 2610 1157 ὕστερον,
2644 1085 3011 1156 κατώρθωσεν
3042 1102 3102 1139 τε
3161 1084 3254 1138 καὶ
3302 1081 3610 1151 διεφύλαξεν,

386 1175 753 1231 ohuccinans.
785 1175 1066 1246 Ejusmodi
1120 1178 1443 1254 servitutem
1491 1182 1699 1238 servire
1747 1183 1967 1240 Christo

2076 1178 2413 1243 ὑπωπιάζων
2443 1178 2555 1251 (44)
2604 1179 2666 1232 τὸ
2693 1177 2853 1248 σῶμα
2886 1177 2977 1232 καὶ
3003 1175 3388 1245 δουλαγωγῶν,
3417 1175 3486 1246 μή
3517 1191 3612 1238 πως

392 1261 591 1318 Paulus
623 1263 908 1321 didicerat.
957 1264 1055 1322 His
1087 1283 1218 1324 vero
1255 1279 1310 1324 et
1349 1270 1638 1342 septimum
1669 1274 1967 1342 servitutis,

2076 1275 2257 1339 ἄλλοις
2286 1273 2532 1346 κηρύξας
2576 1273 2738 1336 αὐτὸς
2767 1270 3024 1342 ἀδόκιμος
3059 1270 3308 1339 γένηται.
3340 1260 3500 1323 Αὗται
3532 1265 3613 1336 τῆς

388 1370 561 1423 genus
589 1355 831 1422 accedit,
865 1358 1084 1426 quando
1135 1359 1282 1429 leges
1324 1372 1375 1415 et
1434 1361 1683 1418 instituta
1725 1364 1870 1428 vitae,
1913 1364 1967 1420 in

2076 1369 2319 1434 δουλείας
2347 1369 2403 1422 αἱ
2431 1367 2732 1437 θαυμάσιαι
2769 1365 2862 1420 καὶ
2885 1363 3166 1436 κρείττους
3189 1362 3407 1432 ἁπάσης
3433 1360 3614 1426 annos.

386 1445 610 1526 Christo
645 1456 798 1518 actae,
851 1457 959 1503 tam
1017 1459 1208 1516 sancte
1285 1452 1646 1525 solliciteque,
1711 1465 1771 1511 ut
1812 1473 1967 1513 nemo

2083 1461 2202 1533 ρίας
2222 1461 2358 1515 ἰδέαι
2373 1458 2606 1532 (45-41)’
2632 1459 2856 1520 ταύταις
2873 1454 3354 1520 ἀνέπνει,ταύταις
3371 1451 3468 1504 οὐκ
3482 1451 3616 1520 ἔληγε

388 1538 532 1607 alius
571 1553 784 1604 eorum,
823 1542 918 1612 qui
949 1544 1032 1597 vel
1064 1551 1195 1598 tunc
1241 1545 1323 1599 vel
1351 1556 1538 1614 postea
1565 1548 1841 1614 vivebant,
1876 1551 1967 1607 ob-

2079 1552 2382 1618 δουλεύων,
2431 1549 2664 1614 ταύταις
2722 1546 2961 1602 ἐναθλῶν
3008 1543 3359 1616 ἐσεμνύνετο.
3415 1541 3499 1595 Διὺ
3543 1541 3619 1595 καὶ

388 1632 624 1697 servavit
644 1641 700 1688 et
715 1635 995 1702 custodiit,
1012 1651 1214 1704 corpus
1235 1652 1397 1700 suum
1417 1639 1690 1710 castigans
1711 1650 1765 1696 et
1781 1643 1834 1696 in
1858 1658 1967 1698 ser-

2082 1644 2309 1717 γρᾲφων
2331 1642 2516 1698 δοῦλον
2549 1641 2742 1698 ἑαυτὸν
2778 1638 2954 1712 Ἰησοῦ
2981 1635 3220 1709 Χριστοῦ
3245 1635 3615 1703 ἀπογράφεται.

390 1720 618 1784 vitutem
646 1721 923 1792 redigens,
974 1740 1042 1782 ne
1069 1724 1192 1780 aliis
1216 1725 1520 1794 praedicans
1550 1729 1665 1801 ipse
1697 1731 1854 1785 ﬁeret
1886 1747 1967 1787 re-

2075 1737 2242 1792 Τοῦτό
2279 1753 2402 1807 μου,
2457 1738 2612 1806 φησὶ,
2656 1734 2717 1788 τὸ
2744 1732 2983 1802 ἀξίωμα.
3033 1729 3206 1783 Τοῦτο
3258 1727 3361 1796 τῆς
3417 1725 3618 1796 ἀρχικῆς

391 1812 620 1886 probus.
663 1814 787 1870 Haec
819 1824 950 1870 sunt
973 1815 1296 1871 admiranda
1324 1817 1415 1873 illa
1441 1820 1700 1890 omnique
1722 1822 1967 1880 libertate

2075 1827 2320 1896 ἐξουσίας
2347 1827 2409 1881 τὸ
2446 1829 2744 1897 ἐπίσημον.
2790 1823 2925 1878 Ἀπὸ
2954 1823 3149 1877 τούτου
3203 1820 3467 1891 βούλομαι
3509 1819 3620 1873 πᾶσι

393 1905 621 1976 meliora
645 1906 926 1962 servitutis
942 1921 1162 1978 genera,
1185 1924 1305 1978 quae
1331 1909 1535 1967 Paulus
1553 1913 1818 1982 spirabat,
1848 1931 1967 1985 qua:

2075 1901 2462 1989 γνωρίζεσθαι.
2500 1916 2565 1970 Οἱ
2601 1915 2703 1984 μὲν
2735 1915 2794 1968 ἐν
2819 1913 3012 1984 κόσμῳ
3040 1909 3506 1982 ἀναστρεφόμενοι
3533 1909 3619 1962 ἀπὸ

2073 2008 2184 2072 τῶν
2241 2009 2299 2060 ἐν
2337 2006 2527 2077 κόσμῳ
2592 2003 2922 2076 ἀξιωμάτων
2991 1999 3291 2074 δηλοῦσθαι
3354 2000 3618 2070 βούλονται,

2076 2099 2317 2162 ὑπάτους
2343 2097 2593 2160 ἑαυτοὺς,
2639 2097 2734 2150 καὶ
2781 2093 3124 2166 στρατηγοὺς
3170 2091 3272 2146 καὶ
3319 2090 3619 2160 δημάρχους,

2077 2192 2173 2266 καὶ
2200 2190 2270 2245 τὰ
2298 2188 2526 2243 τοιαῦτα
2557 2188 2988 2259 ὑπογράφοντες.
3030 2184 3230 2255 Παύλῳ
3282 2183 3342 2235 δὲ
3370 2184 3518 2252 ἀρκεῖ
3557 2181 3620 2242 είς

2080 2284 2310 2354 μέγεθος
2333 2282 2429 2336 καὶ
2474 2281 2633 2350 δόξης
2695 2280 2790 2344 καὶ
2839 2280 3014 2350 ἀρχῆς
3060 2278 3154 2332 καὶ
3200 2276 3530 2346 ἀξιώματος,
3572 2275 3618 2328 τὸ

2073 2375 2260 2449 δοῦλον
2295 2369 2434 2428 εἶναι
2463 2372 2730 2447 Χριστοῦ,
2777 2371 3032 2425 κάκεῖθεν
3071 2369 3280 2441 μᾶλλον
3308 2367 3342 2440 ἢ
3377 2368 3480 2420 ἀπό
3502 2382 3620 2428 τινος

393 1999 668 2060 sustinere
682 2016 791 2066 non
812 2001 1115 2069 desinebat,
1135 2003 1336 2073 quibus
1354 2014 1589 2074 onustus
1607 2009 1970 2079 gloriabatur.

393 2091 688 2163 Propterea
719 2092 929 2151 litteras
968 2096 1214 2153 scribens
1249 2113 1467 2156 servum
1512 2115 1572 2156 se
1607 2099 1738 2158 Jesu
1767 2100 1971 2166 Christi

394 2186 719 2264 appellabat.
748 2188 894 2255 Haec,
918 2189 1152 2256 dicebat,
1181 2207 1303 2247 mea
1321 2201 1406 2249 est
1437 2193 1672 2263 dignitas
1700 2196 1713 2250 l
1745 2196 1970 2252 hocim-

393 2278 683 2364 pet-ateriae
708 2281 997 2351 potestatis
1038 2281 1250 2354 insigne
1276 2283 1290 2337 l
1317 2284 1422 2343 hoc
1463 2283 1686 2354 nomine
1713 2287 1971 2343 omnibus

393 2370 556 2428 velim
576 2371 958 2451 innotescere!
1005 2373 1109 2441 Qui
1137 2375 1194 2430 in
1227 2376 1433 2431 mundo
1464 2391 1551 2432 res
1589 2393 1718 2432 suas
1745 2377 1966 2444 habent,

395 2460 478 2530 illi
506 2461 727 2530 quidem
758 2479 788 2518 a
820 2464 1009 2522 mundi
1032 2465 1386 2535 dignitatibus
1418 2468 1684 2523 celebrari
1716 2469 1964 2540 cupiunt,

2075 2467 2233 2541 ἄλλου
2255 2465 2644 2537 γινώσκεσθαι.
2680 2464 2821 2521 Ἀλλ’
2845 2463 2989 2518 οὓτω
3015 2463 3201 2531 μέντοι
3226 2457 3617 2530 τεθεωρήσθωή

396 2567 544 2623 nunc
580 2554 894 2626 consulum,
931 2571 1080 2618 nunc
1135 2556 1542 2627 praefectorum,
1582 2574 1727 2616 nunc
1789 2561 1963 2616 tribu-

2075 2559 2222 2612 αίτία
2249 2556 2345 2610 τοῦ
2367 2573 2428 2610 τε
2452 2554 2859 2628 προτάττεσθαι
2878 2554 2978 2624 τὴν
3009 2551 3204 2622 κλῆσιν
3245 2552 3360 2604 τῶν
3399 2549 3620 2602 Ἐπιστο-

395 2660 616 2716 uorum,
661 2661 809 2703 nunc
839 2647 963 2717 aliis
999 2648 1172 2711 titulis
1209 2658 1452 2706 utentes.
1497 2650 1671 2707 Paulo
1717 2667 1846 2707 vero
1893 2653 1962 2719 ad

2075 2651 2176 2711 λῶν
2201 2649 2438 2715 Παῦλον,
2468 2650 2562 2702 καὶ
2588 2648 2681 2703 τοῦ
2714 2648 2802 2702 διὰ
2835 2647 3036 2711 παντὸς
3067 2645 3261 2700 δοῦλον
3301 2643 3488 2699 ἑαυτὸν
3513 2642 3620 2696 ἀνασ-

395 2737 607 2815 gloriae,
641 2738 854 2809 imperii
891 2749 946 2812 et
977 2741 1262 2810 dignitatis
1293 2743 1710 2814 amplitudinem
1745 2743 1964 2811 sttﬂicit,

2075 2744 2310 2816 γράφειν
2340 2741 2601 2815 Χριστοῦ.

392 2830 592 2895 Christi
621 2847 742 2899 esse
763 2848 1002 2898 servum.
1021 2844 1184 2905 atque
1201 2837 1304 2908 hoc
1319 2838 1518 2908 potius,
1539 2853 1705 2908 quam
1736 2839 1844 2892 alio
1865 2839 2064 2909 quovis
2096 2838 2336 2902 nomine,
2361 2837 2746 2895 inclarescere.
2772 2836 2951 2906 Atque
2965 2834 3083 2892 haec
3114 2835 3345 2906 quidem
3363 2847 3520 2893 causa
3543 2829 3622 2886 tibi

391 2925 751 2999 existimanda
788 2926 971 2994 fuerit,
994 2942 1092 2993 cur
1119 2927 1322 2987 Paulus
1357 2945 1555 2992 nomen
1573 2947 1733 2986 suum
1755 2930 2012 3001 Epistolis
2041 2929 2382 3000 praemiserit,
2403 2943 2726 3000 semperque
2750 2943 2809 2983 se
2844 2925 3047 2981 Christi
3087 2942 3316 2982 servum
3347 2924 3617 2998 appellarit.

464 3020 620 3087 Quod
649 3017 778 3087 vero
809 3019 1026 3088 additur
1065 3041 1079 3076 :
1118 3040 1136 3073 ι
1165 3022 1268 3090 Qui
1307 3023 1613 3082 declaratus
1658 3024 1762 3080 fuit
1788 3023 1959 3081 Filius

2133 3024 2206 3077 Τὸ
2233 3023 2344 3094 (42)
2383 3023 2441 3077 δέ
2465 3039 2478 3052 ·
2511 3041 2530 3074 ι
2556 3021 2894 3091 Ὁρισθέντος
2921 3019 3051 3073 Υίοῦ
3102 3019 3160 3071 ἐν
3206 3019 3460 3089 δυνάμει,
3484 3035 3502 3068 ι
3545 3015 3623 3076 καὶ

394 3111 489 3166 Dei
529 3111 586 3166 in
613 3112 962 3182 potentia",i
991 3121 1120 3179 etc.,
1156 3113 1244 3168 illa
1262 3114 1402 3170 mihi
1431 3116 1651 3184 quidem
1675 3117 1816 3172 hanc
1841 3131 1966 3172 sen-

395 3206 618 3276 tentiam
649 3205 852 3262 inferre
875 3206 1139 3261 videntur.
1172 3205 1511 3270 Declaratum
1555 3210 1812 3278 appellat,
1846 3219 1965 3277 tan-

397 3311 589 3366 quam,
621 3296 711 3366 qui
741 3305 800 3350 ut
821 3295 945 3358 talis
973 3296 1226 3366 cognitus
1253 3297 1344 3361 sit,
1379 3306 1433 3352 et
1461 3297 1529 3352 ad
1574 3298 1829 3352 notitiam
1872 3299 1966 3352 ho-

395 3387 610 3450 minam
648 3386 964 3462 perductus.
997 3385 1103 3458 lies
1152 3389 1300 3446 enim
1339 3389 1423 3446 vel
1475 3404 1537 3444 ex
1593 3391 1815 3445 nomine
1868 3406 1968 3447 suo

394 3491 763 3547 cognoscere,
796 3477 881 3532 vel
908 3477 1243 3533 deﬁnitionis
1289 3478 1524 3548 alicujus
1549 3494 1652 3550 ope
1689 3481 1968 3552 percipere

395 3571 658 3640 solemus.
702 3569 988 3639 Deﬁnitum
1032 3568 1215 3639 itaque
1250 3571 1681 3642 appellathnon
1733 3574 1891 3644 quasi
1935 3589 1967 3629 a

395 3675 671 3732 quoquam
699 3661 755 3716 in
782 3661 954 3719 ﬁlium
999 3661 1070 3715 sit
1089 3662 1376 3732 adoptatus
1399 3679 1413 3728 ;
1436 3663 1580 3725 absit
1610 3663 1745 3720 hoc!
1769 3679 1963 3734 neque,

395 3753 545 3825 quod
585 3767 785 3827 nomen
815 3751 939 3807 Filii
974 3751 1066 3809 Dei
1097 3769 1191 3824 per
1234 3754 1638 3824 impositionem
1673 3758 1966 3827 quamdam

397 3855 592 3909 nactus
620 3845 733 3912 psit;
767 3845 862 3900 sed
910 3845 1188 3915 (le/initum
1241 3856 1435 3915 vocat,
1478 3858 1736 3920 tanquam
1778 3849 1870 3918 qui
1899 3865 1966 3904 ex

397 3939 824 4018 proprietatibus
853 3938 969 3995 suis
993 3939 1150 3994 nobis
1178 3939 1502 4007 innotuerit,
1535 3949 1591 3997 et
1624 3941 1676 3995 in
1701 3941 1968 4012 cognitio-

398 4021 521 4088 nem
552 4027 829 4097 nostram,‘
865 4031 1046 4101 quoad
1075 4031 1166 4084 illa
1198 4030 1252 4085 in
1294 4032 1547 4088 homines
1582 4032 1748 4097 cadit,
1776 4048 1967 4101 perve-

398 4121 559 4176 nerit.
588 4120 744 4176 Unde
784 4121 946 4191 igitur
975 4161 990 4185 ,
1028 4130 1083 4176 et
1115 4136 1182 4176 ex
1225 4121 1429 4192 quibus
1475 4123 1768 4178 momentis
1799 4122 1970 4198 Filius

402 4213 494 4270 Dei
519 4213 937 4282 determinatur,
983 4221 1039 4271 et
1080 4215 1279 4284 quibus
1320 4215 1745 4285 proprietatibus
1772 4216 1968 4271 distin-

396 4315 518 4374 ctus
545 4321 574 4359 a
617 4307 778 4362 nobis
814 4306 1212 4377 cognoscitur?
1254 4309 1326 4377 Ex
1370 4309 1700 4379 propheticis
1725 4348 1740 4372 ,
1768 4310 1966 4379 inquit,

2066 3115 2214 3187 ἑξῆς,
2245 3114 2500 3185 τοιαύτην
2539 3114 2664 3168 τινά
2713 3128 2803 3182 μοι
2851 3112 2996 3164 δοκεῖ
3043 3110 3142 3179 τὴν
3192 3109 3436 3182 θεωρίαν
3481 3107 3619 3177 ἔχειν’

2077 3204 2664 3278 Ὀρισθέντος,φησὶν,
2681 3204 2843 3258 οἱονεὶ
2860 3201 3329 3272 ἐπιγνωσθέν-τος,
3349 3202 3429 3265 εἰς
3450 3199 3621 3271 γνῶσιν

2067 3297 2376 3371 ἀνθρώποις
2410 3297 2730 3368 ἐληλυθότος
2754 3295 2890 3367 (45).
2911 3294 3196 3365 Εἰὼθαμεν
3227 3295 3343 3365 7&9
3368 3293 3402 3365 ἢ
3429 3289 3622 3362 ὀνόματί

2066 3410 2171 3446 τινι
2223 3389 2660 3460 καταλαμϐάνειν
2683 3387 2752 3442 τὰ
2797 3386 3117 3458 πράγματα,
3143 3385 3176 3454 ἢ
3221 3385 3316 3439 διά
3337 3401 3494 3436 τινων
3518 3383 3614 3451 όριέ

2067 3485 2179 3539 κῶν
2211 3485 2386 3552 λόγων
2409 3483 2489 3546 είς
2513 3481 2609 3552 τὴν
2635 3478 2813 3534 αὐτῶν
2837 3477 3180 3549 ἀφικνεῖσθαι
3207 3477 3515 3544 ἐπίγνωσιν.
3531 3473 3625 3527 Νῦν

2067 3572 2718 3646 οὗν,όρισθέντος,ιρησὶν
2739 3573 2858 3643 οὐχὶ
2874 3572 2936 3626 τὸ
2952 3572 3104 3643 παρά
3125 3588 3277 3633 τινος
3292 3572 3372 3631 είς
3388 3565 3624 3622 υἱοθεσίαν
3714 3629 3717 3636 ἓ

2068 3665 2410 3736 ἀνειλῆφθαι,
2457 3664 2660 3732 ἄπαγε,
2703 3663 2815 3716 οὐδ’
2847 3663 2929 3716 ὅτι
2972 3662 3072 3732 τὴν
3101 3659 3194 3714 τοῦ
3235 3659 3369 3714 Υἰοῦ
3399 3658 3486 3711 τοῦ
3510 3654 3622 3731 Θεοῦ

2073 3757 2438 3832 προσηγορίαν
2468 3756 2575 3809 ἀπό
2621 3771 2768 3824 τινος
2809 3755 3038 3824 ἐπέσχεν
3078 3751 3330 3815 θέσεως,
3379 3749 3622 3815 ἀλλ’,ὁρι-

2069 3849 2534 3920 σθέντος,φησἰν,
2571 3842 2683 3901 οἷον
2730 3846 2826 3898 τοῦ
2858 3846 2949 3899 διὰ
2995 3844 3105 3900 τῶν
3153 3846 3288 3916 περὶ
3320 3844 3477 3897 αὐτὸν
3505 3842 3622 3894 ἰδιω-

2073 3942 2258 4014 μάτων
2296 3942 2430 4011 ήμῖν
2460 3937 2908 4010 ἐμφανισθέντος,
2936 3937 3031 3993 καὶ
3057 3937 3139 4001 είς
3191 3936 3403 4006 γνῶσιν
3431 3935 3518 3988 καὶ
3542 3949 3620 3984 κα·

2068 4036 2320 4105 τάληψιν,
2343 4033 2418 4095 ὡς
2446 4028 2558 4086 οἷόν
2585 4031 2644 4085 τέ
2676 4033 2822 4084 ἐστιν
2856 4029 3172 4101 ἀνθρωπίνῃ
3199 4027 3369 4099 φύσει
3392 4070 3407 4095 ,
3434 4024 3618 4096 περιελ·

2072 4126 2274 4188 θόντος.
2322 4124 2493 4178 Πόθεν
2533 4122 2624 4178 οῦν
2670 4123 2765 4177 καὶ
2811 4124 2878 4176 ἐκ
2933 4121 3094 4176 τίνων
3121 4121 3149 4172 ὁ
3190 4121 3291 4176 τοῦ
3341 4119 3472 4174 Θεοῦ
3518 4117 3621 4178 Tib;

2071 4214 2410 4288 ἀφορίζεται,
2446 4214 2540 4266 καὶ
2569 4213 2707 4267 τίσιν
2738 4213 2964 4282 ἰδιότησι
2998 4209 3534 4282 χαρακτηριζόμενος
3549 4209 3614 4267 είς

2073 4311 2271 4378 γνῶσιν
2305 4311 2436 4386 ἡμῖν
2481 4308 2736 4379 ἔρχεται;
2779 4305 2874 4359 Ἐκ
2905 4303 3296 4389 προφητικῶν,
3332 4301 3480 4372 φησὶ,
3505 4313 3618 4368 χρη·

396 4397 657 4452 oraculis.
709 4396 764 4452 Id
808 4397 954 4453 enim
1003 4397 1314 4469 signiﬁcat,
1343 4400 1531 4456 dicens
1569 4420 1580 4454 :
1621 4401 1802 4466 ιριιοιι
1831 4417 1967 4471 ρισσισ

2078 4401 2252 4472 σμῶν.
2294 4400 2462 4453 Τοῦτο
2488 4399 2596 4467 7&9
2618 4396 2914 4469 παρίστησι
2935 4397 3024 4450 διὰ
3047 4395 3140 4448 τοῦ
3163 4397 3365 4449 εἰπεῖν·
3395 4413 3412 4445 ι
3429 4394 3490 4445 Ὀ
3508 4405 3618 4459 προ-

398 4489 668 4544 uuntiavit
697 4504 793 4558 per
834 4490 1127 4559 prophetas
1156 4505 1287 4553 suos
1330 4491 1383 4544 in
1427 4493 1599 4547 sacris
1631 4491 1852 4547 Litteris
1869 4493 1968 4546 ⁸ο.»

399 4577 603 4635 Deinde
630 4595 761 4635 vero
793 4595 859 4634 ex
889 4581 1206 4648 miraculis,
1237 4597 1360 4658 qua:
1387 4598 1553 4658 supra
1587 4594 1792 4638 natura:
1830 4586 1972 4640 vires

395 4669 584 4732 edidit.
632 4669 772 4726 Dicit
799 4671 985 4726 enim:
1021 4691 1040 4724 ι
1076 4673 1180 4742 Qui
1213 4655 1543 4729 dcclaratus
1567 4684 1650 4731 est
1679 4676 1849 4732 Filius
1878 4675 1972 4740 Dei

398 4762 452 4816 in
486 4762 839 4831 potentia“.p
883 4761 1054 4833 Porro
1092 4780 1160 4818 ex
1193 4765 1398 4834 Spiritu
1432 4776 1646 4830 sancto,
1675 4783 1839 4835 quem
1871 4769 1970 4822 ho-

401 4851 640 4907 minibus
671 4851 727 4907 in
759 4867 818 4912 se
855 4853 1206 4921 credentibus
1246 4856 1505 4910 donabat.
1562 4855 1804 4927 Denique
1842 4875 1968 4913 vero

397 4958 464 4998 ex
496 4958 584 5009 eo,
626 4945 795 5016 quod,
822 4946 917 5016 qui
950 4961 1015 5000 ex
1052 4945 1270 5004 Davidis
1293 4948 1500 5003 semine
1539 4959 1703 5004 natus
1730 4961 1870 5014 erat,
1900 4967 1966 5005 ex

398 5034 628 5090 mortuis
656 5038 970 5091 resurrexit.
1007 5034 1214 5099 llorum
1248 5037 1395 5091 enim
1416 5038 1661 5093 omnium
1685 5040 1966 5111 congeries

469 5150 515 5182 ”
546 5150 704 5206 llom.
735 5166 772 5222 ι,
802 5151 856 5204 4.
931 5152 976 5206 ⁸9
1005 5152 1136 5207 ibid.
1165 5153 1218 5206 9..
1296 5154 1338 5185 ⁶¹
1367 5153 1498 5208 ibid.
1523 5153 1595 5223 5.!

2077 4490 2439 4562 επηγγείλατο
2483 4487 2572 4541 διὰ
2600 4487 2708 4540 τῶν
2747 4487 3043 4558 προφητῶν
3092 4484 3260 4538 αὑτοῦ
3307 4487 3364 4536 ἐν
3407 4481 3617 4554 Irasci;

2076 4583 2283 4652 ἁγίαις⁹
2328 4599 2347 4632 ›
2393 4577 2644 4648 δεύτερον
2678 4581 2744 4630 ἐκ
2790 4576 2900 4630 τῶν
2929 4576 3237 4645 δυνάμεων,
3270 4574 3336 4637 ἃς
3360 4569 3618 4642 ὑπερφυῶς

2074 4674 2267 4727 ἐτέλει.
2298 4691 2318 4723 ι
2366 4669 2474 4724 Τοῦ
2505 4668 2815 4741 ὁρισθέντος
2863 4667 2993 4738 7&9,
3024 4667 3213 4736 φησὶν,
3242 4665 3376 4720 Υίοῦ
3406 4663 3530 4716 Θεοῦ
3570 4661 3618 4712 ἐν

2073 4765 2320 4835 δυνάμει.
2365 4782 2384 4815 ι
2415 4759 2548 4816 Εἶτα
2577 4763 2642 4814 ἐκ
2668 4761 2762 4815 τοῦ
2797 4761 3112 4830 Πνεύματος
3139 4757 3236 4811 τοῦ
3266 4758 3446 4828 ἁγίου,
3472 4755 3498 4808 δ
3524 4755 3616 4814 τοῖς

2078 4863 2158 4924 είς
2209 4859 2372 4914 αὐτὸν
2401 4856 2791 4927 πεπιστευκόσι
2826 4857 3098 4929 ἐχορήγει.
3140 4853 3306 4908 ’Λλλὰ
3343 4854 3432 4907 καὶ
3457 4854 3516 4904 ἐκ
3540 4846 3616 4901 τοῦ

2075 4950 2374 5020 ἀναστῆναι
2401 4949 2551 5019 (ιιᾷ)
2587 4949 2750 5003 αὐτὸν
2779 4951 2843 5002 ἐκ
2886 4947 3195 5019 σπέρματος
3235 4945 3333 5000 τοῦ
3362 4943 3513 4998 Δαόὶδ
3543 4955 3617 5008 γε·

2073 5044 2422 5119 γεννημὲνον.
2473 5042 2582 5095 Καὶ
2635 5041 2744 5110 7&9
2777 5039 2981 5094 τούτων
3005 5037 3266 5092 ἁπάντων
3311 5037 3348 5108 ἠ
3377 5031 3614 5103 συνδρομὴ

1941 5245 2174 5318 Nom.

471 5342 585 5408 (l3)
626 5341 704 5396 Ex
729 5343 884 5398 Colb.
918 5343 1040 5397 loco
1063 5334 1216 5404 οὗτός
1247 5360 1326 5396 τε.

475 5413 586 5482 (44)
614 5412 756 5482 Idem
789 5427 887 5482 pro
921 5410 1220 5475 κοπιάζων.

496 5481 684 5551 4541)
719 5481 857 5535 ἰδέαι
883 5483 1065 5537 scribo
1095 5497 1195 5548 pro
1244 5481 1390 5536 ἰδίαι.

496 5492 684 5551 45-41)
719 5492 857 5535 ιδεαι
883 5492 1065 5537 sermo
1095 5497 1195 5548 pro

470 5492 588 5685 ξιξ)
615 5552 708 5604 τοῦ
747 5569 843 5632 pra
879 5553 963 5624 τὸ,
995 5567 1059 5605 ex
1078 5551 1235 5605 Colb.

502 5622 591 5685 45)
631 5623 870 5685 liespiett
898 5625 1002 5674 huc
1031 5619 1235 5675 OEeum

502 5622 591 5694 45)
631 5619 1002 5694 Ιῖοερἰἰιξιιιιο
1031 5619 1402 5694 Oiﬁeumenius
1427 5623 1464 5677 1.
1499 5641 1572 5689 c.,
1606 5643 1656 5694 p;
1704 5626 1828 5681 903.
1885 5625 1970 5681 his

407 5692 590 5753 uerbis
623 5709 635 5744 :
669 5691 759 5745 Διὸ
786 5693 880 5744 καί
900 5709 982 5755 τις
1008 5691 1100 5744 τοῦ
1129 5692 1457 5762 ὁρισθέντος,
1493 5697 1583 5748 τοῦ
1606 5691 1965 5764 ἐπιγνωσθέν·

2073 5363 2164 5408 τος
2198 5347 2354 5416 φησὶ,
2384 5346 2479 5400 καὶ
2501 5347 2581 5407 εἰς
2615 5345 2815 5413 γνῶσιν
2843 5342 3154 5415 ἀνθρώποις
3185 5340 3449 5400 ἐλθόντος.
3495 5332 3609 5388 Eub-

2075 5417 2140 5468 01
2150 5434 2248 5480 μεν
2273 5418 2380 5480 γὰρ
2395 5419 2463 5469 δι’
2485 5415 2728 5480 ὁρισμῶν
2744 5432 2905 5468 τινων
2927 5412 3335 5480 ἐπιγινώσκειν,
3350 5409 3387 5465 ἃ
3408 5406 3609 5480 βεϐαίοις

2075 5431 2248 5485 υαμεν
2273 5431 2380 5485 γαρ
2395 5431 2462 5469 σι’
2485 5431 2728 5486 ορισμων
2744 5432 2905 5468 τινων
2927 5431 3335 5481 επιγινωσκειν,
3350 5431 3387 5465 α
3408 5431 3520 5480 ρεοα

2073 5488 2397 5563 καὶούκ-,ἐν
2413 5485 2693 5563 δισταγμῷ
2731 5484 3143 5563 ἐπιστάμεθα...
3223 5552 3235 5563 _
3399 5547 3480 5563 ω-
3511 5546 3520 5563 9

2143 5557 2253 5638 (44)
2287 5558 2438 5612 Colh.
2469 5549 2947 5638 ριηοᾶναστάντοςξ
3011 5556 3070 5610 5.
3110 5552 3310 5620 Paulus
3341 5569 3352 5604 :
3504 5549 3605 5599 ivs-

2073 5632 2311 5691 στάσεως
2337 5632 2567 5702 νεκρῶν.
