  <div class='ocr_page' id='page_1' title='image "/cluster/home/n/w/nwhite01/storage/ocr_20150623/101 pt.1/mdp.39015061955830/400.png"; bbox 0 0 3826 6206; ppageno 0'>
   <div class='ocr_carea' id='block_1_1' title="bbox 193 329 281 391">
    <p class='ocr_par' dir='ltr' id='par_1_1' title="bbox 193 329 281 391">
     <span class='ocr_line' id='line_1_1' title="bbox 193 329 281 391; baseline -0.023 0"><span class='ocrx_word' id='word_1_1' title='bbox 193 329 281 391; x_wconf 81' lang='lat'><strong>753</strong></span> 
     </span>
    </p>
   </div>
   <div class='ocr_carea' id='block_1_2' title="bbox 1069 323 2480 394">
    <p class='ocr_par' dir='ltr' id='par_1_2' title="bbox 1069 323 2480 394">
     <span class='ocr_line' id='line_1_2' title="bbox 1069 323 2480 394; baseline 0.002 -11"><span class='ocrx_word' id='word_1_2' title='bbox 1069 326 1169 385; x_wconf 83' lang='lat' dir='ltr'><strong>AD</strong></span> <span class='ocrx_word' id='word_1_3' title='bbox 1188 323 1776 385; x_wconf 80' lang='lat' dir='ltr'><strong>AMPIIILOCHIUM</strong></span> <span class='ocrx_word' id='word_1_4' title='bbox 1798 323 2143 394; x_wconf 72' lang='lat' dir='ltr'><strong>QUIESTIO</strong></span> <span class='ocrx_word' id='word_1_5' title='bbox 2172 326 2480 387; x_wconf 82' lang='lat' dir='ltr'><strong>CXXXVI.</strong></span> 
     </span>
    </p>
   </div>
   <div class='ocr_carea' id='block_1_3' title="bbox 3290 318 3401 385">
    <p class='ocr_par' dir='ltr' id='par_1_3' title="bbox 3290 318 3401 385">
     <span class='ocr_line' id='line_1_3' title="bbox 3290 318 3401 385; baseline -0.018 0"><span class='ocrx_word' id='word_1_6' title='bbox 3290 318 3401 385; x_wconf 72' lang='grc'><strong>’154</strong></span> 
     </span>
    </p>
   </div>
   <div class='ocr_carea' id='block_1_4' title="bbox 189 432 1735 504">
    <p class='ocr_par' dir='ltr' id='par_1_4' title="bbox 189 434 1726 504">
     <span class='ocr_line' id='line_1_4' title="bbox 189 434 1726 504; baseline -0.004 -12"><span class='ocrx_word' id='word_1_7' title='bbox 189 438 383 503; x_wconf 74' lang='grc' dir='ltr'><strong>διορίζει</strong></span> <span class='ocrx_word' id='word_1_8' title='bbox 409 436 500 489; x_wconf 81' lang='grc' dir='ltr'>καὶ</span> <span class='ocrx_word' id='word_1_9' title='bbox 522 435 891 504; x_wconf 87' lang='grc' dir='ltr'>ἀποδιίστησιν</span> <span class='ocrx_word' id='word_1_10' title='bbox 918 434 1081 489; x_wconf 83' lang='grc' dir='ltr'>αὐτὸν</span> <span class='ocrx_word' id='word_1_11' title='bbox 1104 435 1215 488; x_wconf 87' lang='grc' dir='ltr'><strong>τῶν</strong></span> <span class='ocrx_word' id='word_1_12' title='bbox 1251 436 1427 490; x_wconf 77' lang='grc' dir='ltr'>ἄλλων</span> <span class='ocrx_word' id='word_1_13' title='bbox 1447 436 1726 495; x_wconf 82' lang='grc' dir='ltr'>ἀπάντων,</span> 
     </span>
    </p>
   </div>
   <div class='ocr_carea' id='block_1_5' title="bbox 1841 432 3407 504">
    <p class='ocr_par' dir='ltr' id='par_1_5' title="bbox 1841 432 3407 503">
     <span class='ocr_line' id='line_1_5' title="bbox 1841 432 3407 503; baseline -0.002 -15"><span class='ocrx_word' id='word_1_14' title='bbox 1841 452 1955 489; x_wconf 67' lang='lat' dir='ltr'><strong>eum</strong></span> <span class='ocrx_word' id='word_1_15' title='bbox 1988 442 2055 489; x_wconf 85' lang='lat' dir='ltr'><strong>ab</strong></span> <span class='ocrx_word' id='word_1_16' title='bbox 2088 438 2211 492; x_wconf 89' lang='lat' dir='ltr'><strong>aliis</strong></span> <span class='ocrx_word' id='word_1_17' title='bbox 2240 439 2494 492; x_wconf 84' lang='lat' dir='ltr'><strong>omnibus</strong></span> <span class='ocrx_word' id='word_1_18' title='bbox 2520 436 2807 503; x_wconf 76' lang='lat' dir='ltr'><strong>distinguit</strong></span> <span class='ocrx_word' id='word_1_19' title='bbox 2833 443 2888 490; x_wconf 92' lang='lat' dir='ltr'><strong>et</strong></span> <span class='ocrx_word' id='word_1_20' title='bbox 2912 442 3128 503; x_wconf 87' lang='lat' dir='ltr'><strong>separat</strong></span> <span class='ocrx_word' id='word_1_21' title='bbox 3153 470 3168 497; x_wconf 90' lang='lat'><strong>,</strong></span> <span class='ocrx_word' id='word_1_22' title='bbox 3205 432 3407 501; x_wconf 64' lang='lat' dir='ltr'><strong>quibus</strong></span> 
     </span>
    </p>
   </div>
   <div class='ocr_carea' id='block_1_6' title="bbox 188 527 1731 597">
    <p class='ocr_par' dir='ltr' id='par_1_6' title="bbox 188 527 1731 597">
     <span class='ocr_line' id='line_1_6' title="bbox 188 527 1731 597; baseline -0.005 -11"><span class='ocrx_word' id='word_1_23' title='bbox 188 535 314 594; x_wconf 74' lang='grc' dir='ltr'>ὅσοις</span> <span class='ocrx_word' id='word_1_24' title='bbox 336 529 468 582; x_wconf 71' lang='grc' dir='ltr'>κατὰ</span> <span class='ocrx_word' id='word_1_25' title='bbox 503 528 658 597; x_wconf 80' lang='grc' dir='ltr'>χάριν</span> <span class='ocrx_word' id='word_1_26' title='bbox 689 527 911 594; x_wconf 89' lang='grc' dir='ltr'>γέγονεν</span> <span class='ocrx_word' id='word_1_27' title='bbox 942 528 1091 590; x_wconf 79' lang='grc' dir='ltr'>υἱοὺς</span> <span class='ocrx_word' id='word_1_28' title='bbox 1132 528 1589 597; x_wconf 75' lang='grc' dir='ltr'>ἐπονομασθῆναι.</span> <span class='ocrx_word' id='word_1_29' title='bbox 1622 529 1731 581; x_wconf 69' lang='grc' dir='ltr'>Καὶ</span> 
     </span>
    </p>
   </div>
   <div class='ocr_carea' id='block_1_7' title="bbox 1835 525 3410 598">
    <p class='ocr_par' dir='ltr' id='par_1_7' title="bbox 1835 525 3410 598">
     <span class='ocr_line' id='line_1_7' title="bbox 1835 525 3410 598; baseline -0.001 -18"><span class='ocrx_word' id='word_1_30' title='bbox 1835 527 1974 581; x_wconf 88' lang='lat' dir='ltr'><strong>ﬁlios</strong></span> <span class='ocrx_word' id='word_1_31' title='bbox 2002 528 2092 582; x_wconf 86' lang='lat' dir='ltr'><strong>Dei</strong></span> <span class='ocrx_word' id='word_1_32' title='bbox 2133 529 2393 598; x_wconf 90' lang='lat' dir='ltr'><strong>appellari</strong></span> <span class='ocrx_word' id='word_1_33' title='bbox 2425 543 2488 583; x_wconf 83' lang='lat' dir='ltr'><strong>ex</strong></span> <span class='ocrx_word' id='word_1_34' title='bbox 2520 528 2692 598; x_wconf 88' lang='lat' dir='ltr'><strong>gratia</strong></span> <span class='ocrx_word' id='word_1_35' title='bbox 2725 528 2970 595; x_wconf 75' lang='lat' dir='ltr'><strong>contigit.</strong></span> <span class='ocrx_word' id='word_1_36' title='bbox 3010 527 3134 580; x_wconf 68' lang='lat' dir='ltr'><strong>Haec</strong></span> <span class='ocrx_word' id='word_1_37' title='bbox 3171 525 3410 580; x_wconf 73' lang='lat' dir='ltr'><strong>ostendit</strong></span> 
     </span>
    </p>
   </div>
   <div class='ocr_carea' id='block_1_8' title="bbox 191 612 1735 687">
    <p class='ocr_par' dir='ltr' id='par_1_8' title="bbox 191 612 1730 687">
     <span class='ocr_line' id='line_1_8' title="bbox 191 612 1730 687; baseline -0.005 -12"><span class='ocrx_word' id='word_1_38' title='bbox 191 623 405 675; x_wconf 79' lang='grc' dir='ltr'>δείκνυσι</span> <span class='ocrx_word' id='word_1_39' title='bbox 433 621 523 671; x_wconf 77' lang='grc' dir='ltr'><strong>καὶ</strong></span> <span class='ocrx_word' id='word_1_40' title='bbox 550 618 790 671; x_wconf 80' lang='grc' dir='ltr'><strong>διδάσκει</strong></span> <span class='ocrx_word' id='word_1_41' title='bbox 828 618 1053 681; x_wconf 83' lang='grc' dir='ltr'><strong>πάντας,</strong></span> <span class='ocrx_word' id='word_1_42' title='bbox 1072 613 1243 670; x_wconf 73' lang='grc' dir='ltr'>ἀὐτὸν</span> <span class='ocrx_word' id='word_1_43' title='bbox 1279 612 1419 670; x_wconf 79' lang='grc' dir='ltr'>εἶναι</span> <span class='ocrx_word' id='word_1_44' title='bbox 1476 618 1566 670; x_wconf 73' lang='grc' dir='ltr'><strong>τὸν</strong></span> <span class='ocrx_word' id='word_1_45' title='bbox 1597 618 1730 687; x_wconf 85' lang='grc' dir='ltr'>ἁλη-</span> 
     </span>
    </p>
   </div>
   <div class='ocr_carea' id='block_1_9' title="bbox 1841 612 3406 687">
    <p class='ocr_par' dir='ltr' id='par_1_9' title="bbox 1841 617 3406 685">
     <span class='ocr_line' id='line_1_9' title="bbox 1841 617 3406 685; baseline -0.003 -13"><span class='ocrx_word' id='word_1_46' title='bbox 1841 629 1888 673; x_wconf 87' lang='lat' dir='ltr'><strong>et</strong></span> <span class='ocrx_word' id='word_1_47' title='bbox 1917 619 2076 674; x_wconf 87' lang='lat' dir='ltr'><strong>docet</strong></span> <span class='ocrx_word' id='word_1_48' title='bbox 2112 634 2344 685; x_wconf 90' lang='lat' dir='ltr'><strong>omnes,</strong></span> <span class='ocrx_word' id='word_1_49' title='bbox 2388 636 2512 673; x_wconf 91' lang='lat' dir='ltr'><strong>eum</strong></span> <span class='ocrx_word' id='word_1_50' title='bbox 2557 635 2685 675; x_wconf 88' lang='lat' dir='ltr'><strong>vere</strong></span> <span class='ocrx_word' id='word_1_51' title='bbox 2736 628 2791 674; x_wconf 90' lang='lat' dir='ltr'><strong>et</strong></span> <span class='ocrx_word' id='word_1_52' title='bbox 2841 631 3031 673; x_wconf 87' lang='lat' dir='ltr'><strong>natura</strong></span> <span class='ocrx_word' id='word_1_53' title='bbox 3078 633 3177 674; x_wconf 78' lang='lat' dir='ltr'><strong>sua</strong></span> <span class='ocrx_word' id='word_1_54' title='bbox 3210 617 3406 671; x_wconf 85' lang='lat' dir='ltr'><strong>Filium</strong></span> 
     </span>
    </p>
   </div>
   <div class='ocr_carea' id='block_1_10' title="bbox 190 709 1724 781">
    <p class='ocr_par' dir='ltr' id='par_1_10' title="bbox 190 709 1724 781">
     <span class='ocr_line' id='line_1_10' title="bbox 190 709 1724 781; baseline -0.005 -13"><span class='ocrx_word' id='word_1_55' title='bbox 190 716 282 778; x_wconf 83' lang='grc' dir='ltr'><strong>θῶς</strong></span> <span class='ocrx_word' id='word_1_56' title='bbox 310 714 399 767; x_wconf 71' lang='grc' dir='ltr'><strong>καὶ</strong></span> <span class='ocrx_word' id='word_1_57' title='bbox 424 711 578 781; x_wconf 88' lang='grc' dir='ltr'>φύσει</span> <span class='ocrx_word' id='word_1_58' title='bbox 608 711 735 763; x_wconf 86' lang='grc' dir='ltr'>Υἱὸν</span> <span class='ocrx_word' id='word_1_59' title='bbox 764 710 858 764; x_wconf 91' lang='grc' dir='ltr'><strong>τοῦ</strong></span> <span class='ocrx_word' id='word_1_60' title='bbox 883 710 1017 764; x_wconf 97' lang='grc' dir='ltr'>Θεοῦ</span> <span class='ocrx_word' id='word_1_61' title='bbox 1049 711 1145 764; x_wconf 71' lang='grc' dir='ltr'>καὶ</span> <span class='ocrx_word' id='word_1_62' title='bbox 1184 710 1336 762; x_wconf 88' lang='grc' dir='ltr'>Θεόν.</span> <span class='ocrx_word' id='word_1_63' title='bbox 1369 709 1532 762; x_wconf 84' lang='grc' dir='ltr'>Ὅθεν</span> <span class='ocrx_word' id='word_1_64' title='bbox 1563 709 1724 761; x_wconf 84' lang='grc' dir='ltr'>δυνα-</span> 
     </span>
    </p>
   </div>
   <div class='ocr_carea' id='block_1_11' title="bbox 188 799 1729 873">
    <p class='ocr_par' dir='ltr' id='par_1_11' title="bbox 188 799 1729 873">
     <span class='ocr_line' id='line_1_11' title="bbox 188 799 1729 873; baseline -0.005 -14"><span class='ocrx_word' id='word_1_65' title='bbox 188 805 265 859; x_wconf 69' lang='grc' dir='ltr'>τὴν</span> <span class='ocrx_word' id='word_1_66' title='bbox 294 805 355 859; x_wconf 82' lang='grc' dir='ltr'>ἂν</span> <span class='ocrx_word' id='word_1_67' title='bbox 376 802 458 873; x_wconf 79' lang='grc' dir='ltr'>εἴη</span> <span class='ocrx_word' id='word_1_68' title='bbox 484 802 589 869; x_wconf 77' lang='grc'><strong>(45</strong></span> <span class='ocrx_word' id='word_1_69' title='bbox 610 805 648 870; x_wconf 92' lang='grc'><strong>),</strong></span> <span class='ocrx_word' id='word_1_70' title='bbox 674 803 767 854; x_wconf 82' lang='grc' dir='ltr'><strong>καὶ</strong></span> <span class='ocrx_word' id='word_1_71' title='bbox 796 802 918 871; x_wconf 79' lang='grc' dir='ltr'>οὐχὶ</span> <span class='ocrx_word' id='word_1_72' title='bbox 950 800 1281 871; x_wconf 81' lang='grc' dir='ltr'>πλαγιασμῷ</span> <span class='ocrx_word' id='word_1_73' title='bbox 1315 800 1425 853; x_wconf 85' lang='grc' dir='ltr'>τῶν</span> <span class='ocrx_word' id='word_1_74' title='bbox 1470 799 1729 869; x_wconf 81' lang='grc' dir='ltr'><strong>ῥημάτων</strong></span> 
     </span>
    </p>
   </div>
   <div class='ocr_carea' id='block_1_12' title="bbox 190 890 1729 967">
    <p class='ocr_par' dir='ltr' id='par_1_12' title="bbox 190 890 1729 967">
     <span class='ocr_line' id='line_1_12' title="bbox 190 890 1729 967; baseline -0.004 -20"><span class='ocrx_word' id='word_1_75' title='bbox 190 896 352 967; x_wconf 83' lang='grc' dir='ltr'>μόνον,</span> <span class='ocrx_word' id='word_1_76' title='bbox 382 893 515 947; x_wconf 67' lang='grc' dir='ltr'>ἀλλὰ</span> <span class='ocrx_word' id='word_1_77' title='bbox 548 892 671 946; x_wconf 78' lang='grc' dir='ltr'>κατ’</span> <span class='ocrx_word' id='word_1_78' title='bbox 700 893 912 945; x_wconf 82' lang='grc' dir='ltr'>εὐθεῖαν</span> <span class='ocrx_word' id='word_1_79' title='bbox 947 893 1085 945; x_wconf 73' lang='grc' dir='ltr'>αὐτὰ</span> <span class='ocrx_word' id='word_1_80' title='bbox 1108 891 1452 962; x_wconf 79' lang='grc' dir='ltr'><strong>συνείροντας</strong></span> <span class='ocrx_word' id='word_1_81' title='bbox 1481 891 1541 943; x_wconf 83' lang='grc' dir='ltr'><strong>τὸ</strong></span> <span class='ocrx_word' id='word_1_82' title='bbox 1577 890 1729 955; x_wconf 79' lang='grc' dir='ltr'>ὲξαί-</span> 
     </span>
    </p>
   </div>
   <div class='ocr_carea' id='block_1_13' title="bbox 189 980 1732 1053">
    <p class='ocr_par' dir='ltr' id='par_1_13' title="bbox 189 980 1732 1053">
     <span class='ocr_line' id='line_1_13' title="bbox 189 980 1732 1053; baseline -0.002 -18"><span class='ocrx_word' id='word_1_83' title='bbox 189 1000 323 1053; x_wconf 88' lang='grc' dir='ltr'>ρετον</span> <span class='ocrx_word' id='word_1_84' title='bbox 372 982 469 1050; x_wconf 88' lang='grc' dir='ltr'>τῆς</span> <span class='ocrx_word' id='word_1_85' title='bbox 519 981 765 1050; x_wconf 86' lang='grc' dir='ltr'>υίότητος</span> <span class='ocrx_word' id='word_1_86' title='bbox 817 980 913 1034; x_wconf 88' lang='grc' dir='ltr'><strong>τοῦ</strong></span> <span class='ocrx_word' id='word_1_87' title='bbox 961 983 1194 1052; x_wconf 83' lang='grc' dir='ltr'><strong>Χριστοῦ</strong></span> <span class='ocrx_word' id='word_1_88' title='bbox 1254 984 1347 1034; x_wconf 79' lang='grc' dir='ltr'><strong>καὶ</strong></span> <span class='ocrx_word' id='word_1_89' title='bbox 1392 980 1527 1034; x_wconf 91' lang='grc' dir='ltr'>Θεοῦ</span> <span class='ocrx_word' id='word_1_90' title='bbox 1572 980 1732 1050; x_wconf 82' lang='grc' dir='ltr'>ἡμῶν</span> 
     </span>
    </p>
   </div>
   <div class='ocr_carea' id='block_1_14' title="bbox 186 1071 1729 1146">
    <p class='ocr_par' dir='ltr' id='par_1_14' title="bbox 186 1071 1729 1146">
     <span class='ocr_line' id='line_1_14' title="bbox 186 1071 1729 1146; baseline -0.003 -17"><span class='ocrx_word' id='word_1_91' title='bbox 186 1076 417 1146; x_wconf 82' lang='grc' dir='ltr'>ἀφορίσαι</span> <span class='ocrx_word' id='word_1_92' title='bbox 441 1092 500 1126; x_wconf 85' lang='grc' dir='ltr'><strong>τε</strong></span> <span class='ocrx_word' id='word_1_93' title='bbox 535 1076 626 1127; x_wconf 67' lang='grc' dir='ltr'><strong>καὶ</strong></span> <span class='ocrx_word' id='word_1_94' title='bbox 681 1075 1051 1145; x_wconf 84' lang='grc' dir='ltr'>παραστῆσαι.</span> <span class='ocrx_word' id='word_1_95' title='bbox 1100 1075 1195 1128; x_wconf 74' lang='grc' dir='ltr'><strong>καὶ</strong></span> <span class='ocrx_word' id='word_1_96' title='bbox 1225 1073 1323 1145; x_wconf 87' lang='grc' dir='ltr'>τὴν</span> <span class='ocrx_word' id='word_1_97' title='bbox 1386 1074 1515 1145; x_wconf 79' lang='grc' dir='ltr'>περὶ</span> <span class='ocrx_word' id='word_1_98' title='bbox 1563 1071 1729 1125; x_wconf 75' lang='grc' dir='ltr'>αὑτοῦ</span> 
     </span>
    </p>
   </div>
   <div class='ocr_carea' id='block_1_15' title="bbox 184 1163 1731 1234">
    <p class='ocr_par' dir='ltr' id='par_1_15' title="bbox 184 1163 1731 1234">
     <span class='ocr_line' id='line_1_15' title="bbox 184 1163 1731 1234; baseline -0.005 -13"><span class='ocrx_word' id='word_1_99' title='bbox 184 1166 361 1234; x_wconf 85' lang='grc' dir='ltr'>γνῶσίν</span> <span class='ocrx_word' id='word_1_100' title='bbox 390 1181 448 1216; x_wconf 88' lang='grc' dir='ltr'><strong>τε</strong></span> <span class='ocrx_word' id='word_1_101' title='bbox 481 1164 575 1217; x_wconf 77' lang='grc' dir='ltr'><strong>καὶ</strong></span> <span class='ocrx_word' id='word_1_102' title='bbox 604 1164 807 1233; x_wconf 82' lang='grc' dir='ltr'>είδησιν</span> <span class='ocrx_word' id='word_1_103' title='bbox 867 1163 1012 1233; x_wconf 84' lang='grc' dir='ltr'>σαφῆ</span> <span class='ocrx_word' id='word_1_104' title='bbox 1040 1164 1135 1217; x_wconf 76' lang='grc' dir='ltr'>καὶ</span> <span class='ocrx_word' id='word_1_105' title='bbox 1183 1163 1429 1233; x_wconf 73' lang='grc' dir='ltr'>καθαρὰν</span> <span class='ocrx_word' id='word_1_106' title='bbox 1474 1165 1588 1226; x_wconf 86' lang='grc' dir='ltr'>τοῖς</span> <span class='ocrx_word' id='word_1_107' title='bbox 1640 1180 1731 1214; x_wconf 85' lang='grc' dir='ltr'>πι-</span> 
     </span>
    </p>
   </div>
   <div class='ocr_carea' id='block_1_16' title="bbox 187 1254 1731 1329">
    <p class='ocr_par' dir='ltr' id='par_1_16' title="bbox 187 1254 1731 1329">
     <span class='ocr_line' id='line_1_16' title="bbox 187 1254 1731 1329; baseline -0.003 -16"><span class='ocrx_word' id='word_1_108' title='bbox 187 1263 312 1323; x_wconf 79' lang='grc' dir='ltr'>στοῖς</span> <span class='ocrx_word' id='word_1_109' title='bbox 345 1259 741 1329; x_wconf 85' lang='grc' dir='ltr'>παρασχέσθαι.</span> <span class='ocrx_word' id='word_1_110' title='bbox 762 1254 885 1312; x_wconf 80' lang='grc' dir='ltr'>Οἷον</span> <span class='ocrx_word' id='word_1_111' title='bbox 904 1258 1057 1323; x_wconf 81' lang='grc' dir='ltr'>εἴτις</span> <span class='ocrx_word' id='word_1_112' title='bbox 1075 1257 1321 1329; x_wconf 76' lang='grc' dir='ltr'>ἐρωτῴη,</span> <span class='ocrx_word' id='word_1_113' title='bbox 1340 1259 1404 1311; x_wconf 91' lang='grc' dir='ltr'>Τί</span> <span class='ocrx_word' id='word_1_114' title='bbox 1426 1259 1573 1310; x_wconf 75' lang='grc' dir='ltr'>ἐστιν</span> <span class='ocrx_word' id='word_1_115' title='bbox 1598 1258 1731 1327; x_wconf 83' lang='grc' dir='ltr'>Χρι-</span> 
     </span>
    </p>
   </div>
   <div class='ocr_carea' id='block_1_17' title="bbox 104 1348 1729 1429">
    <p class='ocr_par' dir='ltr' id='par_1_17' title="bbox 104 1348 1729 1429">
     <span class='ocr_line' id='line_1_17' title="bbox 104 1348 1729 1429; baseline 0 -28"><span class='ocrx_word' id='word_1_116' title='bbox 104 1428 107 1429; x_wconf 11' lang='grc' dir='ltr'><em>ν</em></span> <span class='ocrx_word' id='word_1_117' title='bbox 186 1348 295 1411; x_wconf 77' lang='grc' dir='ltr'>στός</span> <span class='ocrx_word' id='word_1_118' title='bbox 322 1367 335 1411; x_wconf 89' lang='lat'><strong>;</strong></span> <span class='ocrx_word' id='word_1_119' title='bbox 358 1351 486 1419; x_wconf 78' lang='grc' dir='ltr'><strong>ῥᾷον</strong></span> <span class='ocrx_word' id='word_1_120' title='bbox 518 1349 613 1403; x_wconf 73' lang='grc' dir='ltr'><strong>καὶ</strong></span> <span class='ocrx_word' id='word_1_121' title='bbox 638 1350 790 1402; x_wconf 80' lang='grc' dir='ltr'>οὐδὲν</span> <span class='ocrx_word' id='word_1_122' title='bbox 818 1350 1053 1420; x_wconf 82' lang='grc' dir='ltr'>ἐργῶδες</span> <span class='ocrx_word' id='word_1_123' title='bbox 1083 1352 1278 1403; x_wconf 72' lang='grc' dir='ltr'>εἰπεῖν’</span> <span class='ocrx_word' id='word_1_124' title='bbox 1312 1351 1544 1421; x_wconf 87' lang='grc' dir='ltr'>Χριστός</span> <span class='ocrx_word' id='word_1_125' title='bbox 1580 1351 1729 1403; x_wconf 80' lang='grc' dir='ltr'>ἐστιν</span> 
     </span>
    </p>
   </div>
   <div class='ocr_carea' id='block_1_18' title="bbox 181 1440 1733 1513">
    <p class='ocr_par' dir='ltr' id='par_1_18' title="bbox 181 1440 1733 1513">
     <span class='ocr_line' id='line_1_18' title="bbox 181 1440 1733 1513; baseline -0.001 -19"><span class='ocrx_word' id='word_1_126' title='bbox 181 1444 207 1494; x_wconf 97' lang='lat'><strong>6</strong></span> <span class='ocrx_word' id='word_1_127' title='bbox 233 1440 310 1497; x_wconf 74' lang='grc' dir='ltr'>διὰ</span> <span class='ocrx_word' id='word_1_128' title='bbox 341 1441 444 1496; x_wconf 84' lang='grc' dir='ltr'><strong>τῶν</strong></span> <span class='ocrx_word' id='word_1_129' title='bbox 472 1441 769 1512; x_wconf 83' lang='grc' dir='ltr'><strong>προφητῶν</strong></span> <span class='ocrx_word' id='word_1_130' title='bbox 806 1441 905 1511; x_wconf 85' lang='grc' dir='ltr'>μὲν</span> <span class='ocrx_word' id='word_1_131' title='bbox 930 1443 1335 1513; x_wconf 72' lang='grc' dir='ltr'>προκηρυχθεὶς</span> <span class='ocrx_word' id='word_1_132' title='bbox 1380 1442 1472 1496; x_wconf 75' lang='grc' dir='ltr'><strong>καὶ</strong></span> <span class='ocrx_word' id='word_1_133' title='bbox 1504 1441 1733 1512; x_wconf 88' lang='grc' dir='ltr'>γενόμε-</span> 
     </span>
    </p>
   </div>
   <div class='ocr_carea' id='block_1_19' title="bbox 182 1532 1729 1603">
    <p class='ocr_par' dir='ltr' id='par_1_19' title="bbox 182 1532 1729 1603">
     <span class='ocr_line' id='line_1_19' title="bbox 182 1532 1729 1603; baseline 0.001 -20"><span class='ocrx_word' id='word_1_134' title='bbox 182 1549 257 1595; x_wconf 82' lang='grc' dir='ltr'><strong>νος</strong></span> <span class='ocrx_word' id='word_1_135' title='bbox 297 1532 431 1585; x_wconf 73' lang='grc' dir='ltr'>κατὰ</span> <span class='ocrx_word' id='word_1_136' title='bbox 482 1532 661 1603; x_wconf 80' lang='grc' dir='ltr'>σάρκα</span> <span class='ocrx_word' id='word_1_137' title='bbox 706 1533 771 1585; x_wconf 84' lang='grc' dir='ltr'>ὲκ</span> <span class='ocrx_word' id='word_1_138' title='bbox 823 1533 1138 1603; x_wconf 87' lang='grc' dir='ltr'>σπέρματος</span> <span class='ocrx_word' id='word_1_139' title='bbox 1192 1532 1378 1598; x_wconf 69' lang='grc' dir='ltr'>Δασὶδ,</span> <span class='ocrx_word' id='word_1_140' title='bbox 1428 1532 1729 1603; x_wconf 81' lang='grc' dir='ltr'>ὑπερφυέσι</span> 
     </span>
    </p>
   </div>
   <div class='ocr_carea' id='block_1_20' title="bbox 179 1624 1736 1695">
    <p class='ocr_par' dir='ltr' id='par_1_20' title="bbox 179 1624 1736 1695">
     <span class='ocr_line' id='line_1_20' title="bbox 179 1624 1736 1695; baseline 0.002 -20"><span class='ocrx_word' id='word_1_141' title='bbox 179 1624 412 1694; x_wconf 82' lang='grc' dir='ltr'>δυνάμεσι</span> <span class='ocrx_word' id='word_1_142' title='bbox 444 1626 541 1679; x_wconf 80' lang='grc' dir='ltr'><strong>καὶ</strong></span> <span class='ocrx_word' id='word_1_143' title='bbox 579 1624 893 1695; x_wconf 80' lang='grc' dir='ltr'>Πνεύματος</span> <span class='ocrx_word' id='word_1_144' title='bbox 924 1626 1081 1695; x_wconf 85' lang='grc' dir='ltr'>ἁγίου</span> <span class='ocrx_word' id='word_1_145' title='bbox 1122 1625 1337 1695; x_wconf 84' lang='grc' dir='ltr'>δαψιλεῖ</span> <span class='ocrx_word' id='word_1_146' title='bbox 1380 1643 1439 1679; x_wconf 89' lang='grc' dir='ltr'><strong>τε</strong></span> <span class='ocrx_word' id='word_1_147' title='bbox 1484 1626 1572 1679; x_wconf 60' lang='grc' dir='ltr'><strong>κα.λ</strong></span> <span class='ocrx_word' id='word_1_148' title='bbox 1628 1627 1736 1695; x_wconf 84' lang='grc' dir='ltr'>ἀφ-</span> 
     </span>
    </p>
   </div>
   <div class='ocr_carea' id='block_1_21' title="bbox 180 1716 1728 1790">
    <p class='ocr_par' dir='ltr' id='par_1_21' title="bbox 180 1716 1728 1790">
     <span class='ocr_line' id='line_1_21' title="bbox 180 1716 1728 1790; baseline 0.001 -22"><span class='ocrx_word' id='word_1_149' title='bbox 180 1716 301 1786; x_wconf 86' lang='grc' dir='ltr'>θόνῳ</span> <span class='ocrx_word' id='word_1_150' title='bbox 332 1717 565 1788; x_wconf 70' lang='grc' dir='ltr'>χορηγίᾳ.</span> <span class='ocrx_word' id='word_1_151' title='bbox 617 1717 678 1770; x_wconf 79' lang='grc' dir='ltr'><strong>τὸ</strong></span> <span class='ocrx_word' id='word_1_152' title='bbox 708 1719 816 1771; x_wconf 85' lang='grc' dir='ltr'><strong>τῶν</strong></span> <span class='ocrx_word' id='word_1_153' title='bbox 851 1717 1152 1790; x_wconf 83' lang='grc' dir='ltr'>ἀνθρώπων</span> <span class='ocrx_word' id='word_1_154' title='bbox 1205 1718 1359 1787; x_wconf 87' lang='grc' dir='ltr'>γένος</span> <span class='ocrx_word' id='word_1_155' title='bbox 1404 1717 1728 1786; x_wconf 77' lang='grc' dir='ltr'><strong>εὐεργετῶν,</strong></span> 
     </span>
    </p>
   </div>
   <div class='ocr_carea' id='block_1_22' title="bbox 1837 710 3408 779">
    <p class='ocr_par' dir='ltr' id='par_1_22' title="bbox 1837 710 3408 779">
     <span class='ocr_line' id='line_1_22' title="bbox 1837 710 3408 779; baseline -0.002 -14"><span class='ocrx_word' id='word_1_156' title='bbox 1837 712 1929 766; x_wconf 86' lang='lat' dir='ltr'><strong>Dei</strong></span> <span class='ocrx_word' id='word_1_157' title='bbox 1958 722 2012 766; x_wconf 91' lang='lat' dir='ltr'><strong>et</strong></span> <span class='ocrx_word' id='word_1_158' title='bbox 2042 712 2209 767; x_wconf 85' lang='lat' dir='ltr'><strong>Deum</strong></span> <span class='ocrx_word' id='word_1_159' title='bbox 2251 728 2390 769; x_wconf 90' lang='lat' dir='ltr'><strong>esse.</strong></span> <span class='ocrx_word' id='word_1_160' title='bbox 2439 712 2578 767; x_wconf 84' lang='lat' dir='ltr'><strong>Hinc</strong></span> <span class='ocrx_word' id='word_1_161' title='bbox 2612 711 2855 774; x_wconf 81' lang='lat' dir='ltr'><strong>scilicet,</strong></span> <span class='ocrx_word' id='word_1_162' title='bbox 2900 719 3061 779; x_wconf 89' lang='lat' dir='ltr'><strong>atque</strong></span> <span class='ocrx_word' id='word_1_163' title='bbox 3130 710 3266 764; x_wconf 89' lang='lat' dir='ltr'><strong>adeo</strong></span> <span class='ocrx_word' id='word_1_164' title='bbox 3297 725 3408 763; x_wconf 88' lang='lat' dir='ltr'><strong>non</strong></span> 
     </span>
    </p>
   </div>
   <div class='ocr_carea' id='block_1_23' title="bbox 1835 801 3407 874">
    <p class='ocr_par' dir='ltr' id='par_1_23' title="bbox 1835 801 3407 874">
     <span class='ocr_line' id='line_1_23' title="bbox 1835 801 3407 874; baseline -0.003 -17"><span class='ocrx_word' id='word_1_165' title='bbox 1835 818 1903 857; x_wconf 82' lang='lat' dir='ltr'><strong>ex</strong></span> <span class='ocrx_word' id='word_1_166' title='bbox 1934 804 2078 858; x_wconf 89' lang='lat' dir='ltr'><strong>nuda</strong></span> <span class='ocrx_word' id='word_1_167' title='bbox 2111 805 2343 874; x_wconf 89' lang='lat' dir='ltr'><strong>quadam</strong></span> <span class='ocrx_word' id='word_1_168' title='bbox 2381 808 2671 859; x_wconf 86' lang='lat' dir='ltr'><strong>verborum</strong></span> <span class='ocrx_word' id='word_1_169' title='bbox 2723 802 3048 871; x_wconf 86' lang='lat' dir='ltr'><strong>obliquitate</strong></span> <span class='ocrx_word' id='word_1_170' title='bbox 3077 840 3091 864; x_wconf 94' lang='lat'><strong>,</strong></span> <span class='ocrx_word' id='word_1_171' title='bbox 3134 801 3229 855; x_wconf 90' lang='lat' dir='ltr'><strong>sed</strong></span> <span class='ocrx_word' id='word_1_172' title='bbox 3259 809 3407 855; x_wconf 84' lang='lat' dir='ltr'><strong>recta</strong></span> 
     </span>
    </p>
   </div>
   <div class='ocr_carea' id='block_1_24' title="bbox 1839 891 3408 967">
    <p class='ocr_par' dir='ltr' id='par_1_24' title="bbox 1839 891 3408 967">
     <span class='ocr_line' id='line_1_24' title="bbox 1839 891 3408 967; baseline 0 -22"><span class='ocrx_word' id='word_1_173' title='bbox 1839 896 2020 964; x_wconf 85' lang='lat' dir='ltr'><strong>potius</strong></span> <span class='ocrx_word' id='word_1_174' title='bbox 2050 896 2130 948; x_wconf 91' lang='lat' dir='ltr'><strong>via</strong></span> <span class='ocrx_word' id='word_1_175' title='bbox 2154 936 2168 958; x_wconf 92' lang='lat'><strong>,</strong></span> <span class='ocrx_word' id='word_1_176' title='bbox 2205 895 2251 950; x_wconf 89' lang='lat' dir='ltr'><strong>si</strong></span> <span class='ocrx_word' id='word_1_177' title='bbox 2278 896 2493 967; x_wconf 87' lang='lat' dir='ltr'><strong>singula</strong></span> <span class='ocrx_word' id='word_1_178' title='bbox 2540 895 2642 950; x_wconf 89' lang='lat' dir='ltr'><strong>sibi</strong></span> <span class='ocrx_word' id='word_1_179' title='bbox 2673 895 2906 948; x_wconf 85' lang='lat' dir='ltr'><strong>invicem</strong></span> <span class='ocrx_word' id='word_1_180' title='bbox 2938 894 3241 961; x_wconf 84' lang='lat' dir='ltr'><strong>jungantur</strong></span> <span class='ocrx_word' id='word_1_181' title='bbox 3265 928 3282 955; x_wconf 86' lang='lat'><strong>,</strong></span> <span class='ocrx_word' id='word_1_182' title='bbox 3313 891 3408 944; x_wconf 85' lang='lat' dir='ltr'><strong>de-</strong></span> 
     </span>
    </p>
   </div>
   <div class='ocr_carea' id='block_1_25' title="bbox 1838 978 3410 1054">
    <p class='ocr_par' dir='ltr' id='par_1_25' title="bbox 1838 978 3410 1054">
     <span class='ocr_line' id='line_1_25' title="bbox 1838 978 3410 1054; baseline -0.002 -17"><span class='ocrx_word' id='word_1_183' title='bbox 1838 978 2084 1039; x_wconf 67' lang='lat' dir='ltr'><strong>ﬁnire&#39;et</strong></span> <span class='ocrx_word' id='word_1_184' title='bbox 2116 987 2497 1040; x_wconf 90' lang='lat' dir='ltr'><strong>demonstrare</strong></span> <span class='ocrx_word' id='word_1_185' title='bbox 2525 986 2680 1047; x_wconf 92' lang='lat' dir='ltr'><strong>licet,</strong></span> <span class='ocrx_word' id='word_1_186' title='bbox 2721 1000 2885 1054; x_wconf 86' lang='lat' dir='ltr'><strong>quam</strong></span> <span class='ocrx_word' id='word_1_187' title='bbox 2927 982 3202 1037; x_wconf 89' lang='lat' dir='ltr'><strong>eminente</strong></span> <span class='ocrx_word' id='word_1_188' title='bbox 3241 995 3410 1037; x_wconf 88' lang='lat' dir='ltr'><strong>sensu</strong></span> 
     </span>
    </p>
   </div>
   <div class='ocr_carea' id='block_1_26' title="bbox 1843 1069 3412 1137">
    <p class='ocr_par' dir='ltr' id='par_1_26' title="bbox 1843 1069 3412 1137">
     <span class='ocr_line' id='line_1_26' title="bbox 1843 1069 3412 1137; baseline -0.003 -11"><span class='ocrx_word' id='word_1_189' title='bbox 1843 1072 2098 1127; x_wconf 85' lang='lat' dir='ltr'><strong>Christus</strong></span> <span class='ocrx_word' id='word_1_190' title='bbox 2128 1082 2183 1126; x_wconf 90' lang='lat' dir='ltr'><strong>et</strong></span> <span class='ocrx_word' id='word_1_191' title='bbox 2215 1071 2359 1127; x_wconf 84' lang='lat' dir='ltr'><strong>Deus</strong></span> <span class='ocrx_word' id='word_1_192' title='bbox 2394 1080 2581 1127; x_wconf 84' lang='lat' dir='ltr'><strong>noster</strong></span> <span class='ocrx_word' id='word_1_193' title='bbox 2605 1070 2773 1127; x_wconf 84' lang='lat' dir='ltr'><strong>Filius</strong></span> <span class='ocrx_word' id='word_1_194' title='bbox 2807 1072 2879 1125; x_wconf 88' lang='lat' dir='ltr'><strong>sit</strong></span> <span class='ocrx_word' id='word_1_195' title='bbox 2925 1070 3058 1134; x_wconf 90' lang='lat' dir='ltr'><strong>Dei,</strong></span> <span class='ocrx_word' id='word_1_196' title='bbox 3110 1069 3412 1137; x_wconf 87' lang='lat' dir='ltr'><strong>eademque</strong></span> 
     </span>
    </p>
   </div>
   <div class='ocr_carea' id='block_1_27' title="bbox 1836 1160 3415 1234">
    <p class='ocr_par' dir='ltr' id='par_1_27' title="bbox 1836 1160 3415 1234">
     <span class='ocr_line' id='line_1_27' title="bbox 1836 1160 3415 1234; baseline -0.004 -17"><span class='ocrx_word' id='word_1_197' title='bbox 1836 1180 2001 1234; x_wconf 81' lang='lat' dir='ltr'><strong>opera</strong></span> <span class='ocrx_word' id='word_1_198' title='bbox 2030 1179 2223 1233; x_wconf 91' lang='lat' dir='ltr'><strong>puram</strong></span> <span class='ocrx_word' id='word_1_199' title='bbox 2268 1173 2322 1219; x_wconf 86' lang='lat' dir='ltr'><strong>et</strong></span> <span class='ocrx_word' id='word_1_200' title='bbox 2372 1164 2682 1218; x_wconf 82' lang='lat' dir='ltr'><strong>distinctam</strong></span> <span class='ocrx_word' id='word_1_201' title='bbox 2733 1162 2853 1231; x_wconf 85' lang='lat' dir='ltr'><strong>ejus</strong></span> <span class='ocrx_word' id='word_1_202' title='bbox 2883 1160 3255 1230; x_wconf 83' lang='lat' dir='ltr'><strong>cognitionem</strong></span> <span class='ocrx_word' id='word_1_203' title='bbox 3293 1173 3415 1213; x_wconf 83' lang='lat' dir='ltr'><strong>cre-</strong></span> 
     </span>
    </p>
   </div>
   <div class='ocr_carea' id='block_1_28' title="bbox 1837 1250 3412 1322">
    <p class='ocr_par' dir='ltr' id='par_1_28' title="bbox 1837 1250 3412 1322">
     <span class='ocr_line' id='line_1_28' title="bbox 1837 1250 3412 1322; baseline -0.004 -15"><span class='ocrx_word' id='word_1_204' title='bbox 1837 1252 2094 1308; x_wconf 85' lang='lat' dir='ltr'><strong>dentibus</strong></span> <span class='ocrx_word' id='word_1_205' title='bbox 2127 1253 2498 1322; x_wconf 84' lang='lat' dir='ltr'><strong>suppeditare.</strong></span> <span class='ocrx_word' id='word_1_206' title='bbox 2547 1251 2604 1306; x_wconf 89' lang='lat' dir='ltr'><strong>Si</strong></span> <span class='ocrx_word' id='word_1_207' title='bbox 2636 1253 2761 1322; x_wconf 88' lang='lat' dir='ltr'><strong>quis</strong></span> <span class='ocrx_word' id='word_1_208' title='bbox 2788 1252 2939 1307; x_wconf 86' lang='lat' dir='ltr'><strong>verbi</strong></span> <span class='ocrx_word' id='word_1_209' title='bbox 2973 1266 3139 1306; x_wconf 86' lang='lat' dir='ltr'><strong>causa</strong></span> <span class='ocrx_word' id='word_1_210' title='bbox 3172 1250 3412 1305; x_wconf 88' lang='lat' dir='ltr'><strong>interro-</strong></span> 
     </span>
    </p>
   </div>
   <div class='ocr_carea' id='block_1_29' title="bbox 1837 1340 3413 1411">
    <p class='ocr_par' dir='ltr' id='par_1_29' title="bbox 1837 1340 3413 1411">
     <span class='ocr_line' id='line_1_29' title="bbox 1837 1340 3413 1411; baseline -0.004 -14"><span class='ocrx_word' id='word_1_211' title='bbox 1837 1354 1992 1411; x_wconf 80' lang='lat' dir='ltr'><strong>getur</strong></span> <span class='ocrx_word' id='word_1_212' title='bbox 2023 1360 2035 1396; x_wconf 89' lang='lat'><strong>:</strong></span> <span class='ocrx_word' id='word_1_213' title='bbox 2064 1342 2205 1409; x_wconf 86' lang='lat' dir='ltr'><strong>Quid</strong></span> <span class='ocrx_word' id='word_1_214' title='bbox 2244 1352 2330 1399; x_wconf 89' lang='lat' dir='ltr'><strong>est</strong></span> <span class='ocrx_word' id='word_1_215' title='bbox 2353 1343 2643 1399; x_wconf 88' lang='lat' dir='ltr'><strong>Christus?</strong></span> <span class='ocrx_word' id='word_1_216' title='bbox 2678 1341 2836 1397; x_wconf 77' lang='lat' dir='ltr'><strong>facile</strong></span> <span class='ocrx_word' id='word_1_217' title='bbox 2868 1342 2944 1396; x_wconf 89' lang='lat' dir='ltr'><strong>illi</strong></span> <span class='ocrx_word' id='word_1_218' title='bbox 2978 1351 3031 1395; x_wconf 89' lang='lat' dir='ltr'><strong>et</strong></span> <span class='ocrx_word' id='word_1_219' title='bbox 3073 1340 3129 1394; x_wconf 90' lang='lat' dir='ltr'><strong>in</strong></span> <span class='ocrx_word' id='word_1_220' title='bbox 3157 1346 3413 1409; x_wconf 85' lang='lat' dir='ltr'><strong>promptu</strong></span> 
     </span>
    </p>
   </div>
   <div class='ocr_carea' id='block_1_30' title="bbox 1836 1431 3414 1506">
    <p class='ocr_par' dir='ltr' id='par_1_30' title="bbox 1836 1431 3414 1506">
     <span class='ocr_line' id='line_1_30' title="bbox 1836 1431 3414 1506; baseline -0.003 -17"><span class='ocrx_word' id='word_1_221' title='bbox 1836 1435 2002 1490; x_wconf 77' lang='lat' dir='ltr'><strong>fuerit</strong></span> <span class='ocrx_word' id='word_1_222' title='bbox 2035 1435 2368 1506; x_wconf 87' lang='lat' dir='ltr'><strong>respondere</strong></span> <span class='ocrx_word' id='word_1_223' title='bbox 2413 1455 2425 1489; x_wconf 93' lang='lat'>:</span> <span class='ocrx_word' id='word_1_224' title='bbox 2472 1435 2729 1490; x_wconf 78' lang='lat' dir='ltr'><strong>Christus</strong></span> <span class='ocrx_word' id='word_1_225' title='bbox 2758 1443 2886 1500; x_wconf 88' lang='lat' dir='ltr'><strong>est,</strong></span> <span class='ocrx_word' id='word_1_226' title='bbox 2933 1433 3026 1503; x_wconf 88' lang='lat' dir='ltr'><strong>qui</strong></span> <span class='ocrx_word' id='word_1_227' title='bbox 3058 1448 3090 1487; x_wconf 90' lang='lat' dir='ltr'><strong>a</strong></span> <span class='ocrx_word' id='word_1_228' title='bbox 3129 1431 3414 1502; x_wconf 85' lang='lat' dir='ltr'><strong>prophetis</strong></span> 
     </span>
    </p>
   </div>
   <div class='ocr_carea' id='block_1_31' title="bbox 1836 1528 3413 1599">
    <p class='ocr_par' dir='ltr' id='par_1_31' title="bbox 1836 1528 3413 1599">
     <span class='ocr_line' id='line_1_31' title="bbox 1836 1528 3413 1599; baseline -0.003 -18"><span class='ocrx_word' id='word_1_229' title='bbox 1836 1529 2056 1598; x_wconf 87' lang='lat' dir='ltr'><strong>quidem</strong></span> <span class='ocrx_word' id='word_1_230' title='bbox 2081 1528 2503 1599; x_wconf 67' lang='lat' dir='ltr'><strong>praenuntiatus,</strong></span> <span class='ocrx_word' id='word_1_231' title='bbox 2534 1537 2589 1583; x_wconf 90' lang='lat' dir='ltr'><strong>et</strong></span> <span class='ocrx_word' id='word_1_232' title='bbox 2619 1528 2920 1582; x_wconf 85' lang='lat' dir='ltr'><strong>secundum</strong></span> <span class='ocrx_word' id='word_1_233' title='bbox 2955 1541 3176 1580; x_wconf 86' lang='lat' dir='ltr'><strong>carnem</strong></span> <span class='ocrx_word' id='word_1_234' title='bbox 3218 1540 3284 1579; x_wconf 80' lang='lat' dir='ltr'><strong>ex</strong></span> <span class='ocrx_word' id='word_1_235' title='bbox 3317 1539 3413 1579; x_wconf 87' lang='lat' dir='ltr'><strong>se-</strong></span> 
     </span>
    </p>
   </div>
   <div class='ocr_carea' id='block_1_32' title="bbox 1838 1614 3409 1690">
    <p class='ocr_par' dir='ltr' id='par_1_32' title="bbox 1838 1614 3409 1690">
     <span class='ocr_line' id='line_1_32' title="bbox 1838 1614 3409 1690; baseline -0.003 -18"><span class='ocrx_word' id='word_1_236' title='bbox 1838 1621 1985 1675; x_wconf 88' lang='lat' dir='ltr'><strong>mine</strong></span> <span class='ocrx_word' id='word_1_237' title='bbox 2012 1619 2233 1675; x_wconf 89' lang='lat' dir='ltr'><strong>Davidis</strong></span> <span class='ocrx_word' id='word_1_238' title='bbox 2274 1621 2492 1690; x_wconf 88' lang='lat' dir='ltr'><strong>genitus</strong></span> <span class='ocrx_word' id='word_1_239' title='bbox 2520 1659 2536 1685; x_wconf 88' lang='lat'><strong>,</strong></span> <span class='ocrx_word' id='word_1_240' title='bbox 2581 1618 2822 1689; x_wconf 88' lang='lat' dir='ltr'><strong>potentia</strong></span> <span class='ocrx_word' id='word_1_241' title='bbox 2854 1632 2952 1671; x_wconf 89' lang='lat' dir='ltr'><strong>sua</strong></span> <span class='ocrx_word' id='word_1_242' title='bbox 2980 1614 3409 1686; x_wconf 87' lang='lat' dir='ltr'><strong>supernaturali,</strong></span> 
     </span>
    </p>
   </div>
   <div class='ocr_carea' id='block_1_33' title="bbox 1838 1705 3415 1779">
    <p class='ocr_par' dir='ltr' id='par_1_33' title="bbox 1838 1705 3415 1779">
     <span class='ocr_line' id='line_1_33' title="bbox 1838 1705 3415 1779; baseline -0.004 -16"><span class='ocrx_word' id='word_1_243' title='bbox 1838 1710 2120 1778; x_wconf 91' lang='lat' dir='ltr'><strong>sanctique</strong></span> <span class='ocrx_word' id='word_1_244' title='bbox 2148 1706 2387 1779; x_wconf 86' lang='lat' dir='ltr'><strong>Spiritus</strong></span> <span class='ocrx_word' id='word_1_245' title='bbox 2422 1708 2587 1778; x_wconf 79' lang='lat' dir='ltr'><strong>largis</strong></span> <span class='ocrx_word' id='word_1_246' title='bbox 2614 1716 2671 1762; x_wconf 83' lang='lat' dir='ltr'><strong>et</strong></span> <span class='ocrx_word' id='word_1_247' title='bbox 2718 1706 2947 1760; x_wconf 90' lang='lat' dir='ltr'><strong>inﬁnitis</strong></span> <span class='ocrx_word' id='word_1_248' title='bbox 2976 1705 3133 1759; x_wconf 90' lang='lat' dir='ltr'><strong>donis</strong></span> <span class='ocrx_word' id='word_1_249' title='bbox 3174 1706 3415 1758; x_wconf 89' lang='lat' dir='ltr'><strong>humano</strong></span> 
     </span>
    </p>
   </div>
   <div class='ocr_carea' id='block_1_34' title="bbox 182 1795 1735 1880">
    <p class='ocr_par' dir='ltr' id='par_1_34' title="bbox 182 1809 1731 1880">
     <span class='ocr_line' id='line_1_34' title="bbox 182 1809 1731 1880; baseline -0.001 -17"><span class='ocrx_word' id='word_1_250' title='bbox 182 1809 264 1863; x_wconf 76' lang='grc' dir='ltr'>καὶ</span> <span class='ocrx_word' id='word_1_251' title='bbox 299 1809 381 1863; x_wconf 77' lang='grc' dir='ltr'><strong>διὰ</strong></span> <span class='ocrx_word' id='word_1_252' title='bbox 434 1811 537 1880; x_wconf 83' lang='grc' dir='ltr'>τῆς</span> <span class='ocrx_word' id='word_1_253' title='bbox 588 1810 793 1873; x_wconf 82' lang='grc' dir='ltr'>οἰκείας</span> <span class='ocrx_word' id='word_1_254' title='bbox 826 1810 1177 1875; x_wconf 80' lang='grc' dir='ltr'>ἀναστάσεως</span> <span class='ocrx_word' id='word_1_255' title='bbox 1204 1811 1294 1864; x_wconf 80' lang='grc' dir='ltr'><strong>τὸν</strong></span> <span class='ocrx_word' id='word_1_256' title='bbox 1344 1811 1573 1864; x_wconf 77' lang='grc' dir='ltr'>θάνατον</span> <span class='ocrx_word' id='word_1_257' title='bbox 1631 1810 1731 1879; x_wconf 81' lang='grc' dir='ltr'>μὲν</span> 
     </span>
    </p>
   </div>
   <div class='ocr_carea' id='block_1_35' title="bbox 1841 1795 3413 1880">
    <p class='ocr_par' dir='ltr' id='par_1_35' title="bbox 1841 1795 3413 1874">
     <span class='ocr_line' id='line_1_35' title="bbox 1841 1795 3413 1874; baseline -0.007 -15"><span class='ocrx_word' id='word_1_258' title='bbox 1841 1802 2018 1874; x_wconf 83' lang='lat' dir='ltr'><strong>generi</strong></span> <span class='ocrx_word' id='word_1_259' title='bbox 2056 1799 2342 1864; x_wconf 86' lang='lat' dir='ltr'><strong>benefecit,</strong></span> <span class='ocrx_word' id='word_1_260' title='bbox 2377 1808 2431 1853; x_wconf 89' lang='lat' dir='ltr'><strong>et</strong></span> <span class='ocrx_word' id='word_1_261' title='bbox 2457 1798 2859 1854; x_wconf 84' lang='lat' dir='ltr'><strong>resurrectione</strong></span> <span class='ocrx_word' id='word_1_262' title='bbox 2890 1812 2986 1852; x_wconf 89' lang='lat' dir='ltr'><strong>sua</strong></span> <span class='ocrx_word' id='word_1_263' title='bbox 3021 1802 3252 1849; x_wconf 89' lang='lat' dir='ltr'><strong>mortem</strong></span> <span class='ocrx_word' id='word_1_264' title='bbox 3284 1795 3413 1865; x_wconf 82' lang='lat' dir='ltr'><strong>qui-</strong></span> 
     </span>
    </p>
   </div>
   <div class='ocr_carea' id='block_1_36' title="bbox 179 1900 1733 1973">
    <p class='ocr_par' dir='ltr' id='par_1_36' title="bbox 179 1900 1733 1973">
     <span class='ocr_line' id='line_1_36' title="bbox 179 1900 1733 1973; baseline 0.001 -22"><span class='ocrx_word' id='word_1_265' title='bbox 179 1900 455 1970; x_wconf 85' lang='grc' dir='ltr'>νεκρὼσας,</span> <span class='ocrx_word' id='word_1_266' title='bbox 488 1900 581 1954; x_wconf 76' lang='grc' dir='ltr'><strong>καὶ</strong></span> <span class='ocrx_word' id='word_1_267' title='bbox 612 1901 701 1955; x_wconf 83' lang='grc' dir='ltr'>τὸν</span> <span class='ocrx_word' id='word_1_268' title='bbox 731 1901 866 1973; x_wconf 71' lang='grc' dir='ltr'>ᾅδην</span> <span class='ocrx_word' id='word_1_269' title='bbox 898 1902 1220 1965; x_wconf 84' lang='grc' dir='ltr'>σκυλεύσας,</span> <span class='ocrx_word' id='word_1_270' title='bbox 1250 1902 1377 1964; x_wconf 83' lang='grc' dir='ltr'>τοὺς</span> <span class='ocrx_word' id='word_1_271' title='bbox 1399 1903 1495 1955; x_wconf 86' lang='grc' dir='ltr'>ἀπ’</span> <span class='ocrx_word' id='word_1_272' title='bbox 1523 1901 1733 1955; x_wconf 79' lang='grc' dir='ltr'>αἰώνων</span> 
     </span>
    </p>
   </div>
   <div class='ocr_carea' id='block_1_37' title="bbox 178 1986 1731 2065">
    <p class='ocr_par' dir='ltr' id='par_1_37' title="bbox 178 1986 1731 2065">
     <span class='ocr_line' id='line_1_37' title="bbox 178 1986 1731 2065; baseline -0.001 -18"><span class='ocrx_word' id='word_1_273' title='bbox 178 1994 228 2047; x_wconf 81' lang='grc' dir='ltr'>δὲ</span> <span class='ocrx_word' id='word_1_274' title='bbox 256 1996 656 2064; x_wconf 85' lang='grc' dir='ltr'>συναναστήσας</span> <span class='ocrx_word' id='word_1_275' title='bbox 684 1993 860 2063; x_wconf 80' lang='grc' dir='ltr'>έαυτῷ</span> <span class='ocrx_word' id='word_1_276' title='bbox 894 1994 1142 2065; x_wconf 87' lang='grc' dir='ltr'>νεκρούς.</span> <span class='ocrx_word' id='word_1_277' title='bbox 1168 1986 1337 2055; x_wconf 80' lang='grc' dir='ltr'>Οὗτός</span> <span class='ocrx_word' id='word_1_278' title='bbox 1366 1996 1515 2047; x_wconf 78' lang='grc' dir='ltr'>ἐστιν</span> <span class='ocrx_word' id='word_1_279' title='bbox 1538 1996 1566 2046; x_wconf 87' lang='lat'><strong>6</strong></span> <span class='ocrx_word' id='word_1_280' title='bbox 1599 1994 1731 2060; x_wconf 81' lang='grc' dir='ltr'><strong>Χρι⁴</strong></span> 
     </span>
    </p>
   </div>
   <div class='ocr_carea' id='block_1_38' title="bbox 181 2078 1730 2153">
    <p class='ocr_par' dir='ltr' id='par_1_38' title="bbox 181 2078 1730 2153">
     <span class='ocr_line' id='line_1_38' title="bbox 181 2078 1730 2153; baseline 0 -17"><span class='ocrx_word' id='word_1_281' title='bbox 181 2085 309 2151; x_wconf 78' lang='grc' dir='ltr'>στὸς,</span> <span class='ocrx_word' id='word_1_282' title='bbox 357 2078 566 2150; x_wconf 77' lang='grc' dir='ltr'>οῦτοςὸ</span> <span class='ocrx_word' id='word_1_283' title='bbox 614 2085 706 2138; x_wconf 86' lang='grc' dir='ltr'><strong>τοῦ</strong></span> <span class='ocrx_word' id='word_1_284' title='bbox 756 2085 903 2153; x_wconf 65' lang='grc' dir='ltr'>Θεοῦ</span> <span class='ocrx_word' id='word_1_285' title='bbox 930 2085 1054 2149; x_wconf 77' lang='grc' dir='ltr'>Υἱὸς</span> <span class='ocrx_word' id='word_1_286' title='bbox 1082 2084 1349 2147; x_wconf 75' lang='grc' dir='ltr'>καὶΘεός.</span> <span class='ocrx_word' id='word_1_287' title='bbox 1400 2085 1492 2146; x_wconf 81' lang='grc' dir='ltr'><strong>Εἰς</strong></span> <span class='ocrx_word' id='word_1_288' title='bbox 1540 2083 1730 2136; x_wconf 88' lang='grc' dir='ltr'>τούτου</span> 
     </span>
    </p>
   </div>
   <div class='ocr_carea' id='block_1_39' title="bbox 177 2158 1735 2248">
    <p class='ocr_par' dir='ltr' id='par_1_39' title="bbox 177 2158 1735 2248">
     <span class='ocr_line' id='line_1_39' title="bbox 177 2158 1735 2248; baseline 0.001 -20"><span class='ocrx_word' id='word_1_289' title='bbox 177 2175 230 2228; x_wconf 71' lang='grc' dir='ltr'>τὸ</span> <span class='ocrx_word' id='word_1_290' title='bbox 256 2176 580 2244; x_wconf 88' lang='grc' dir='ltr'>Εὐαγγέλιον</span> <span class='ocrx_word' id='word_1_291' title='bbox 630 2176 838 2239; x_wconf 85' lang='grc' dir='ltr'>Παῦλος</span> <span class='ocrx_word' id='word_1_292' title='bbox 883 2158 1262 2248; x_wconf 67' lang='grc' dir='ltr'><strong>ἀφωρισμένος</strong></span> <span class='ocrx_word' id='word_1_293' title='bbox 1308 2176 1542 2244; x_wconf 74' lang='grc' dir='ltr'>ἐγένετο·</span> <span class='ocrx_word' id='word_1_294' title='bbox 1577 2177 1735 2229; x_wconf 87' lang='grc' dir='ltr'>τοῦτο</span> 
     </span>
    </p>
   </div>
   <div class='ocr_carea' id='block_1_40' title="bbox 178 2267 1725 2340">
    <p class='ocr_par' dir='ltr' id='par_1_40' title="bbox 178 2267 1725 2340">
     <span class='ocr_line' id='line_1_40' title="bbox 178 2267 1725 2340; baseline 0.002 -21"><span class='ocrx_word' id='word_1_295' title='bbox 178 2268 486 2340; x_wconf 75' lang='grc' dir='ltr'>παρίστησιν</span> <span class='ocrx_word' id='word_1_296' title='bbox 523 2271 557 2339; x_wconf 87' lang='grc' dir='ltr'>ή</span> <span class='ocrx_word' id='word_1_297' title='bbox 595 2268 684 2321; x_wconf 89' lang='grc' dir='ltr'><strong>τοῦ</strong></span> <span class='ocrx_word' id='word_1_298' title='bbox 728 2269 1035 2340; x_wconf 80' lang='grc' dir='ltr'>ὁρισθέντος</span> <span class='ocrx_word' id='word_1_299' title='bbox 1064 2267 1193 2321; x_wconf 83' lang='grc' dir='ltr'>Υἰοῦ</span> <span class='ocrx_word' id='word_1_300' title='bbox 1228 2268 1363 2322; x_wconf 86' lang='grc' dir='ltr'>Θεοῦ</span> <span class='ocrx_word' id='word_1_301' title='bbox 1389 2272 1536 2337; x_wconf 86' lang='grc' dir='ltr'>φωνή</span> <span class='ocrx_word' id='word_1_302' title='bbox 1561 2269 1663 2333; x_wconf 60' lang='grc'><strong>(46</strong></span> <span class='ocrx_word' id='word_1_303' title='bbox 1688 2272 1725 2332; x_wconf 89' lang='grc'><strong>).</strong></span> 
     </span>
    </p>
   </div>
   <div class='ocr_carea' id='block_1_41' title="bbox 177 2360 1734 2432">
    <p class='ocr_par' dir='ltr' id='par_1_41' title="bbox 177 2360 1734 2432">
     <span class='ocr_line' id='line_1_41' title="bbox 177 2360 1734 2432; baseline -0.002 -17"><span class='ocrx_word' id='word_1_304' title='bbox 177 2362 426 2431; x_wconf 79' lang='grc' dir='ltr'>Πρόσθες,</span> <span class='ocrx_word' id='word_1_305' title='bbox 483 2363 533 2415; x_wconf 82' lang='grc' dir='ltr'><strong>εί</strong></span> <span class='ocrx_word' id='word_1_306' title='bbox 577 2360 777 2432; x_wconf 84' lang='grc' dir='ltr'>βούλει,</span> <span class='ocrx_word' id='word_1_307' title='bbox 811 2360 951 2431; x_wconf 78' lang='grc' dir='ltr'>πρὸς</span> <span class='ocrx_word' id='word_1_308' title='bbox 1001 2360 1307 2425; x_wconf 82' lang='grc' dir='ltr'>ὲξάπλωσιν</span> <span class='ocrx_word' id='word_1_309' title='bbox 1354 2360 1448 2414; x_wconf 71' lang='grc' dir='ltr'><strong>κα)⁵</strong></span> <span class='ocrx_word' id='word_1_310' title='bbox 1501 2360 1734 2430; x_wconf 80' lang='grc' dir='ltr'>δήλωσιν</span> 
     </span>
    </p>
   </div>
   <div class='ocr_carea' id='block_1_42' title="bbox 180 2447 1737 2525">
    <p class='ocr_par' dir='ltr' id='par_1_42' title="bbox 180 2447 1737 2525">
     <span class='ocr_line' id='line_1_42' title="bbox 180 2447 1737 2525; baseline 0.001 -21"><span class='ocrx_word' id='word_1_311' title='bbox 180 2455 516 2524; x_wconf 72' lang='grc' dir='ltr'><strong>σαφεστέραν⁸</strong></span> <span class='ocrx_word' id='word_1_312' title='bbox 552 2454 632 2507; x_wconf 85' lang='grc' dir='ltr'>δι’</span> <span class='ocrx_word' id='word_1_313' title='bbox 659 2447 719 2509; x_wconf 83' lang='grc' dir='ltr'><strong>οῦ</strong></span> <span class='ocrx_word' id='word_1_314' title='bbox 748 2454 841 2507; x_wconf 69' lang='grc' dir='ltr'><strong>καὶ</strong></span> <span class='ocrx_word' id='word_1_315' title='bbox 869 2453 1078 2515; x_wconf 78' lang='grc' dir='ltr'>Παῦλος</span> <span class='ocrx_word' id='word_1_316' title='bbox 1110 2452 1268 2507; x_wconf 74' lang='grc' dir='ltr'>ἔλαϐε</span> <span class='ocrx_word' id='word_1_317' title='bbox 1294 2452 1456 2525; x_wconf 85' lang='grc' dir='ltr'>χάριν</span> <span class='ocrx_word' id='word_1_318' title='bbox 1514 2453 1737 2506; x_wconf 78' lang='grc' dir='ltr'>ἀποστο-</span> 
     </span>
    </p>
   </div>
   <div class='ocr_carea' id='block_1_43' title="bbox 178 2543 1734 2615">
    <p class='ocr_par' dir='ltr' id='par_1_43' title="bbox 178 2543 1734 2615">
     <span class='ocr_line' id='line_1_43' title="bbox 178 2543 1734 2615; baseline 0 -20"><span class='ocrx_word' id='word_1_319' title='bbox 178 2545 263 2614; x_wconf 80' lang='grc' dir='ltr'>λῆς</span> <span class='ocrx_word' id='word_1_320' title='bbox 294 2546 416 2615; x_wconf 75' lang='grc' dir='ltr'>ἔθνη</span> <span class='ocrx_word' id='word_1_321' title='bbox 477 2545 734 2615; x_wconf 69' lang='grc' dir='ltr'>βάρϐαρα</span> <span class='ocrx_word' id='word_1_322' title='bbox 782 2546 990 2608; x_wconf 88' lang='grc' dir='ltr'>πεῖσαι,</span> <span class='ocrx_word' id='word_1_323' title='bbox 1030 2544 1127 2596; x_wconf 80' lang='grc' dir='ltr'><strong>καὶ</strong></span> <span class='ocrx_word' id='word_1_324' title='bbox 1181 2543 1600 2613; x_wconf 81' lang='grc' dir='ltr'>παρασκευάσαι</span> <span class='ocrx_word' id='word_1_325' title='bbox 1629 2543 1734 2595; x_wconf 85' lang='grc' dir='ltr'>ὑπ-</span> 
     </span>
    </p>
   </div>
   <div class='ocr_carea' id='block_1_44' title="bbox 176 2632 1738 2705">
    <p class='ocr_par' dir='ltr' id='par_1_44' title="bbox 176 2632 1738 2705">
     <span class='ocr_line' id='line_1_44' title="bbox 176 2632 1738 2705; baseline -0.001 -18"><span class='ocrx_word' id='word_1_326' title='bbox 176 2634 385 2688; x_wconf 85' lang='grc' dir='ltr'>ακοῦσαι</span> <span class='ocrx_word' id='word_1_327' title='bbox 423 2638 489 2705; x_wconf 84' lang='grc' dir='ltr'>τῇ</span> <span class='ocrx_word' id='word_1_328' title='bbox 518 2636 699 2687; x_wconf 84' lang='grc' dir='ltr'>πίστει</span> <span class='ocrx_word' id='word_1_329' title='bbox 732 2633 825 2688; x_wconf 90' lang='grc' dir='ltr'><strong>τοῦ</strong></span> <span class='ocrx_word' id='word_1_330' title='bbox 860 2632 1119 2705; x_wconf 83' lang='grc' dir='ltr'>Χριστοῦ⁶</span> <span class='ocrx_word' id='word_1_331' title='bbox 1151 2634 1431 2685; x_wconf 84' lang='grc' dir='ltr'>τουτέστιν</span> <span class='ocrx_word' id='word_1_332' title='bbox 1469 2634 1548 2696; x_wconf 87' lang='grc' dir='ltr'>εἰς</span> <span class='ocrx_word' id='word_1_333' title='bbox 1577 2633 1738 2686; x_wconf 78' lang='grc' dir='ltr'>αὐτὸν</span> 
     </span>
    </p>
   </div>
   <div class='ocr_carea' id='block_1_45' title="bbox 178 2725 1735 2797">
    <p class='ocr_par' dir='ltr' id='par_1_45' title="bbox 178 2725 1735 2797">
     <span class='ocr_line' id='line_1_45' title="bbox 178 2725 1735 2797; baseline -0.002 -17"><span class='ocrx_word' id='word_1_334' title='bbox 178 2728 445 2782; x_wconf 82' lang='grc' dir='ltr'>πιστεῦσαι</span> <span class='ocrx_word' id='word_1_335' title='bbox 463 2728 578 2797; x_wconf 68' lang='grc'><strong>(47)</strong></span> <span class='ocrx_word' id='word_1_336' title='bbox 598 2728 691 2781; x_wconf 81' lang='grc' dir='ltr'><strong>καὶ</strong></span> <span class='ocrx_word' id='word_1_337' title='bbox 712 2726 995 2797; x_wconf 84' lang='grc' dir='ltr'>λατρεύειν</span> <span class='ocrx_word' id='word_1_338' title='bbox 1023 2726 1189 2797; x_wconf 85' lang='grc' dir='ltr'><strong>μόνῳ,</strong></span> <span class='ocrx_word' id='word_1_339' title='bbox 1219 2726 1295 2788; x_wconf 82' lang='grc' dir='ltr'>ὡς</span> <span class='ocrx_word' id='word_1_340' title='bbox 1322 2725 1560 2795; x_wconf 83' lang='grc' dir='ltr'>ἀληθινῷ</span> <span class='ocrx_word' id='word_1_341' title='bbox 1595 2725 1735 2795; x_wconf 82' lang='grc' dir='ltr'>Θεῷ,</span> 
     </span>
    </p>
   </div>
   <div class='ocr_carea' id='block_1_46' title="bbox 179 2817 1739 2891">
    <p class='ocr_par' dir='ltr' id='par_1_46' title="bbox 179 2817 1739 2891">
     <span class='ocr_line' id='line_1_46' title="bbox 179 2817 1739 2891; baseline 0 -20"><span class='ocrx_word' id='word_1_342' title='bbox 179 2820 263 2873; x_wconf 81' lang='grc' dir='ltr'>καὶ</span> <span class='ocrx_word' id='word_1_343' title='bbox 292 2819 401 2891; x_wconf 82' lang='grc' dir='ltr'><strong>Υίῷ</strong></span> <span class='ocrx_word' id='word_1_344' title='bbox 434 2819 595 2882; x_wconf 87' lang='grc' dir='ltr'>Θεοῦ,</span> <span class='ocrx_word' id='word_1_345' title='bbox 633 2819 882 2889; x_wconf 85' lang='grc' dir='ltr'>ἀφέμενα</span> <span class='ocrx_word' id='word_1_346' title='bbox 925 2817 1035 2872; x_wconf 86' lang='grc' dir='ltr'>τῶν</span> <span class='ocrx_word' id='word_1_347' title='bbox 1088 2817 1357 2888; x_wconf 81' lang='grc' dir='ltr'>πατρῴων</span> <span class='ocrx_word' id='word_1_348' title='bbox 1409 2817 1585 2882; x_wconf 81' lang='grc' dir='ltr'>ἐθῶν,</span> <span class='ocrx_word' id='word_1_349' title='bbox 1642 2819 1739 2871; x_wconf 78' lang='grc' dir='ltr'>καὶ</span> 
     </span>
    </p>
   </div>
   <div class='ocr_carea' id='block_1_47' title="bbox 172 2912 1537 2993">
    <p class='ocr_par' dir='ltr' id='par_1_47' title="bbox 172 2912 1537 2993">
     <span class='ocr_line' id='line_1_47' title="bbox 172 2912 1537 2993; baseline -0.004 -23"><span class='ocrx_word' id='word_1_350' title='bbox 172 2915 264 2985; x_wconf 67' lang='grc' dir='ltr'>τῆς</span> <span class='ocrx_word' id='word_1_351' title='bbox 298 2914 535 2993; x_wconf 78' lang='grc' dir='ltr'>παλαιᾶς</span> <span class='ocrx_word' id='word_1_352' title='bbox 561 2913 741 2970; x_wconf 83' lang='grc' dir='ltr'>αὐτῶν</span> <span class='ocrx_word' id='word_1_353' title='bbox 767 2915 859 2971; x_wconf 74' lang='grc' dir='ltr'><strong>καὶ</strong></span> <span class='ocrx_word' id='word_1_354' title='bbox 886 2913 1277 2993; x_wconf 80' lang='grc' dir='ltr'>δεισιδαίμονος</span> <span class='ocrx_word' id='word_1_355' title='bbox 1310 2912 1537 2983; x_wconf 82' lang='grc' dir='ltr'>πλάνης.</span> 
     </span>
    </p>
   </div>
   <div class='ocr_carea' id='block_1_48' title="bbox 239 3086 1736 3159">
    <p class='ocr_par' dir='ltr' id='par_1_48' title="bbox 239 3086 1736 3159">
     <span class='ocr_line' id='line_1_48' title="bbox 239 3086 1736 3159; baseline -0.003 -16"><span class='ocrx_word' id='word_1_356' title='bbox 239 3090 307 3143; x_wconf 84' lang='grc' dir='ltr'>Τὸ</span> <span class='ocrx_word' id='word_1_357' title='bbox 324 3090 398 3156; x_wconf 77' lang='grc' dir='ltr'><strong>δὲ,</strong></span> <span class='ocrx_word' id='word_1_358' title='bbox 427 3109 446 3143; x_wconf 80' lang='grc' dir='ltr'><strong>ι</strong></span> <span class='ocrx_word' id='word_1_359' title='bbox 469 3089 781 3159; x_wconf 77' lang='grc' dir='ltr'>Καυχάσθω</span> <span class='ocrx_word' id='word_1_360' title='bbox 796 3090 823 3142; x_wconf 88' lang='lat'><strong>6</strong></span> <span class='ocrx_word' id='word_1_361' title='bbox 847 3086 1072 3154; x_wconf 83' lang='grc' dir='ltr'>ἀδελφὸς</span> <span class='ocrx_word' id='word_1_362' title='bbox 1098 3089 1125 3140; x_wconf 90' lang='lat'><strong>6</strong></span> <span class='ocrx_word' id='word_1_363' title='bbox 1142 3087 1395 3151; x_wconf 82' lang='grc' dir='ltr'>ταπεινὸς</span> <span class='ocrx_word' id='word_1_364' title='bbox 1424 3089 1483 3141; x_wconf 81' lang='grc' dir='ltr'><strong>ὲν</strong></span> <span class='ocrx_word' id='word_1_365' title='bbox 1504 3087 1581 3158; x_wconf 84' lang='grc' dir='ltr'><strong>τῷ</strong></span> <span class='ocrx_word' id='word_1_366' title='bbox 1611 3087 1736 3157; x_wconf 79' lang='grc' dir='ltr'>ὕψει</span> 
     </span>
    </p>
   </div>
   <div class='ocr_carea' id='block_1_49' title="bbox 175 3178 1737 3249">
    <p class='ocr_par' dir='ltr' id='par_1_49' title="bbox 175 3178 1737 3249">
     <span class='ocr_line' id='line_1_49' title="bbox 175 3178 1737 3249; baseline -0.003 -13"><span class='ocrx_word' id='word_1_367' title='bbox 175 3181 346 3247; x_wconf 80' lang='grc' dir='ltr'>αὑτοῦ,</span> <span class='ocrx_word' id='word_1_368' title='bbox 391 3182 420 3234; x_wconf 90' lang='lat'><strong>6</strong></span> <span class='ocrx_word' id='word_1_369' title='bbox 444 3182 499 3235; x_wconf 86' lang='grc' dir='ltr'>δὲ</span> <span class='ocrx_word' id='word_1_370' title='bbox 539 3180 792 3242; x_wconf 80' lang='grc' dir='ltr'>πλούσιος</span> <span class='ocrx_word' id='word_1_371' title='bbox 832 3180 890 3232; x_wconf 76' lang='grc' dir='ltr'><strong>ἐν</strong></span> <span class='ocrx_word' id='word_1_372' title='bbox 918 3182 983 3249; x_wconf 83' lang='grc' dir='ltr'>τῇ</span> <span class='ocrx_word' id='word_1_373' title='bbox 1019 3178 1345 3232; x_wconf 85' lang='grc' dir='ltr'>ταπεινώσει</span> <span class='ocrx_word' id='word_1_374' title='bbox 1376 3179 1562 3244; x_wconf 81' lang='grc' dir='ltr'>αὑτοῦ,</span> <span class='ocrx_word' id='word_1_375' title='bbox 1595 3197 1615 3233; x_wconf 74' lang='grc' dir='ltr'><strong>ι</strong></span> <span class='ocrx_word' id='word_1_376' title='bbox 1658 3179 1737 3249; x_wconf 83' lang='grc' dir='ltr'><strong>τῷ</strong></span> 
     </span>
    </p>
   </div>
   <div class='ocr_carea' id='block_1_50' title="bbox 175 3266 1748 3344">
    <p class='ocr_par' dir='ltr' id='par_1_50' title="bbox 175 3266 1748 3344">
     <span class='ocr_line' id='line_1_50' title="bbox 175 3266 1748 3344; baseline -0.001 -21"><span class='ocrx_word' id='word_1_377' title='bbox 175 3271 292 3342; x_wconf 86' lang='grc' dir='ltr'>ἱερῷ</span> <span class='ocrx_word' id='word_1_378' title='bbox 321 3271 481 3344; x_wconf 79' lang='grc' dir='ltr'>ῥηθὲν</span> <span class='ocrx_word' id='word_1_379' title='bbox 526 3268 790 3339; x_wconf 78' lang='grc' dir='ltr'>Ἰακώϐῳ,</span> <span class='ocrx_word' id='word_1_380' title='bbox 838 3269 898 3322; x_wconf 84' lang='grc' dir='ltr'>οὐ</span> <span class='ocrx_word' id='word_1_381' title='bbox 924 3266 1082 3320; x_wconf 88' lang='grc' dir='ltr'>τοῦτο</span> <span class='ocrx_word' id='word_1_382' title='bbox 1109 3267 1278 3336; x_wconf 76' lang='grc' dir='ltr'>δηλοῖ,</span> <span class='ocrx_word' id='word_1_383' title='bbox 1320 3268 1421 3335; x_wconf 66' lang='grc' dir='ltr'>ιὼς</span> <span class='ocrx_word' id='word_1_384' title='bbox 1465 3270 1748 3341; x_wconf 78' lang='grc' dir='ltr'>Μεγαλορ-</span> 
     </span>
    </p>
   </div>
   <div class='ocr_carea' id='block_1_51' title="bbox 174 3360 1747 3437">
    <p class='ocr_par' dir='ltr' id='par_1_51' title="bbox 174 3360 1747 3437">
     <span class='ocr_line' id='line_1_51' title="bbox 174 3360 1747 3437; baseline -0.003 -18"><span class='ocrx_word' id='word_1_385' title='bbox 174 3366 484 3437; x_wconf 78' lang='grc' dir='ltr'>ρημονείτω,</span> <span class='ocrx_word' id='word_1_386' title='bbox 515 3360 941 3427; x_wconf 73' lang='grc' dir='ltr'>ἀλαζονευέσθω,</span> <span class='ocrx_word' id='word_1_387' title='bbox 981 3362 1412 3431; x_wconf 86' lang='grc' dir='ltr'>μεγαλαυχείτω.</span> <span class='ocrx_word' id='word_1_388' title='bbox 1440 3362 1602 3415; x_wconf 77' lang='grc' dir='ltr'>Οὐδὲν</span> <span class='ocrx_word' id='word_1_389' title='bbox 1625 3362 1747 3415; x_wconf 84' lang='grc' dir='ltr'>τού-</span> 
     </span>
    </p>
   </div>
   <div class='ocr_carea' id='block_1_52' title="bbox 172 3454 1746 3525">
    <p class='ocr_par' dir='ltr' id='par_1_52' title="bbox 172 3454 1746 3525">
     <span class='ocr_line' id='line_1_52' title="bbox 172 3454 1746 3525; baseline -0.003 -12"><span class='ocrx_word' id='word_1_390' title='bbox 172 3456 523 3513; x_wconf 78' lang='grc' dir='ltr'>των.Τίθεται</span> <span class='ocrx_word' id='word_1_391' title='bbox 553 3456 652 3525; x_wconf 82' lang='grc' dir='ltr'><strong>μὲν</strong></span> <span class='ocrx_word' id='word_1_392' title='bbox 687 3454 817 3523; x_wconf 79' lang='grc' dir='ltr'>γὰρ,</span> <span class='ocrx_word' id='word_1_393' title='bbox 860 3454 934 3518; x_wconf 87' lang='grc' dir='ltr'>ὡς</span> <span class='ocrx_word' id='word_1_394' title='bbox 960 3454 1186 3522; x_wconf 76' lang='grc' dir='ltr'>ἔθος,τά</span> <span class='ocrx_word' id='word_1_395' title='bbox 1216 3455 1439 3525; x_wconf 75' lang='grc' dir='ltr'>ῥήματα</span> <span class='ocrx_word' id='word_1_396' title='bbox 1458 3454 1631 3508; x_wconf 89' lang='grc' dir='ltr'>ταῦτα</span> <span class='ocrx_word' id='word_1_397' title='bbox 1653 3456 1746 3509; x_wconf 80' lang='grc' dir='ltr'><strong>ὲπὶ</strong></span> 
     </span>
    </p>
   </div>
   <div class='ocr_carea' id='block_1_53' title="bbox 173 3545 1746 3619">
    <p class='ocr_par' dir='ltr' id='par_1_53' title="bbox 173 3545 1746 3619">
     <span class='ocr_line' id='line_1_53' title="bbox 173 3545 1746 3619; baseline 0 -20"><span class='ocrx_word' id='word_1_398' title='bbox 173 3550 259 3616; x_wconf 83' lang='grc' dir='ltr'>τῆς</span> <span class='ocrx_word' id='word_1_399' title='bbox 280 3548 539 3619; x_wconf 83' lang='grc' dir='ltr'>τοιαύτης</span> <span class='ocrx_word' id='word_1_400' title='bbox 559 3546 815 3609; x_wconf 82' lang='grc' dir='ltr'>διανοίας,</span> <span class='ocrx_word' id='word_1_401' title='bbox 833 3545 1002 3599; x_wconf 75' lang='grc' dir='ltr'>καὶτὸ</span> <span class='ocrx_word' id='word_1_402' title='bbox 1022 3546 1310 3616; x_wconf 85' lang='grc' dir='ltr'>πρόχειρον</span> <span class='ocrx_word' id='word_1_403' title='bbox 1333 3548 1429 3617; x_wconf 76' lang='grc' dir='ltr'><strong>τῆς</strong></span> <span class='ocrx_word' id='word_1_404' title='bbox 1446 3546 1643 3611; x_wconf 78' lang='grc' dir='ltr'>λέξεως</span> <span class='ocrx_word' id='word_1_405' title='bbox 1666 3548 1746 3611; x_wconf 84' lang='grc' dir='ltr'><strong>είς</strong></span> 
     </span>
    </p>
   </div>
   <div class='ocr_carea' id='block_1_54' title="bbox 172 3633 1747 3712">
    <p class='ocr_par' dir='ltr' id='par_1_54' title="bbox 172 3633 1747 3712">
     <span class='ocr_line' id='line_1_54' title="bbox 172 3633 1747 3712; baseline 0 -21"><span class='ocrx_word' id='word_1_406' title='bbox 172 3640 318 3693; x_wconf 84' lang='grc' dir='ltr'>τοῦτο</span> <span class='ocrx_word' id='word_1_407' title='bbox 337 3641 512 3712; x_wconf 88' lang='grc' dir='ltr'>φέρει.</span> <span class='ocrx_word' id='word_1_408' title='bbox 541 3639 681 3691; x_wconf 81' lang='grc' dir='ltr'>Ἀλλ’</span> <span class='ocrx_word' id='word_1_409' title='bbox 709 3633 799 3693; x_wconf 81' lang='grc' dir='ltr'><strong>οὖν</strong></span> <span class='ocrx_word' id='word_1_410' title='bbox 814 3638 930 3690; x_wconf 84' lang='grc' dir='ltr'>νυνί</span> <span class='ocrx_word' id='word_1_411' title='bbox 954 3654 1019 3704; x_wconf 90' lang='grc' dir='ltr'><strong>γε</strong></span> <span class='ocrx_word' id='word_1_412' title='bbox 1036 3636 1097 3689; x_wconf 82' lang='grc' dir='ltr'><strong>τὸ</strong></span> <span class='ocrx_word' id='word_1_413' title='bbox 1113 3636 1419 3707; x_wconf 73' lang='grc' dir='ltr'>καυχᾶσθαι</span> <span class='ocrx_word' id='word_1_414' title='bbox 1439 3654 1601 3707; x_wconf 83' lang='grc' dir='ltr'>φησιν</span> <span class='ocrx_word' id='word_1_415' title='bbox 1626 3638 1747 3691; x_wconf 72' lang='grc' dir='ltr'>ἀντὶ</span> 
     </span>
    </p>
   </div>
   <div class='ocr_carea' id='block_1_55' title="bbox 172 3730 1747 3803">
    <p class='ocr_par' dir='ltr' id='par_1_55' title="bbox 172 3730 1747 3803">
     <span class='ocr_line' id='line_1_55' title="bbox 172 3730 1747 3803; baseline -0.001 -17"><span class='ocrx_word' id='word_1_416' title='bbox 172 3734 278 3799; x_wconf 84' lang='grc' dir='ltr'>τοῦ,</span> <span class='ocrx_word' id='word_1_417' title='bbox 303 3731 918 3803; x_wconf 70' lang='grc' dir='ltr'>οαρρείτω,ὲλπιζὲτω.</span> <span class='ocrx_word' id='word_1_418' title='bbox 941 3731 1090 3797; x_wconf 80' lang='grc' dir='ltr'>Μηδὲ</span> <span class='ocrx_word' id='word_1_419' title='bbox 1114 3730 1224 3800; x_wconf 72' lang='lat'><strong>(68)</strong></span> <span class='ocrx_word' id='word_1_420' title='bbox 1243 3731 1349 3800; x_wconf 80' lang='grc' dir='ltr'><strong>γάρ</strong></span> <span class='ocrx_word' id='word_1_421' title='bbox 1373 3732 1451 3784; x_wconf 76' lang='grc' dir='ltr'><strong>ὅτι</strong></span> <span class='ocrx_word' id='word_1_422' title='bbox 1474 3730 1747 3797; x_wconf 83' lang='grc' dir='ltr'>ταπεινὸς,</span> 
     </span>
    </p>
   </div>
   <div class='ocr_carea' id='block_1_56' title="bbox 174 3822 1744 3894">
    <p class='ocr_par' dir='ltr' id='par_1_56' title="bbox 174 3822 1744 3894">
     <span class='ocr_line' id='line_1_56' title="bbox 174 3822 1744 3894; baseline 0 -17"><span class='ocrx_word' id='word_1_423' title='bbox 174 3828 343 3893; x_wconf 77' lang='grc' dir='ltr'>φησὶν,</span> <span class='ocrx_word' id='word_1_424' title='bbox 396 3825 699 3894; x_wconf 86' lang='grc' dir='ltr'>ἀθυμείτω,</span> <span class='ocrx_word' id='word_1_425' title='bbox 754 3824 829 3887; x_wconf 86' lang='grc' dir='ltr'>ὡς</span> <span class='ocrx_word' id='word_1_426' title='bbox 902 3825 959 3875; x_wconf 83' lang='grc' dir='ltr'>ὲν</span> <span class='ocrx_word' id='word_1_427' title='bbox 1010 3822 1171 3892; x_wconf 78' lang='grc' dir='ltr'>πενίᾳ</span> <span class='ocrx_word' id='word_1_428' title='bbox 1220 3822 1573 3892; x_wconf 88' lang='grc' dir='ltr'>τρυχόμενος,</span> <span class='ocrx_word' id='word_1_429' title='bbox 1607 3824 1639 3891; x_wconf 85' lang='grc' dir='ltr'>ἢ</span> <span class='ocrx_word' id='word_1_430' title='bbox 1678 3825 1744 3893; x_wconf 82' lang='grc' dir='ltr'>τῇ</span> 
     </span>
    </p>
   </div>
   <div class='ocr_carea' id='block_1_57' title="bbox 174 3913 1746 3988">
    <p class='ocr_par' dir='ltr' id='par_1_57' title="bbox 174 3913 1746 3988">
     <span class='ocr_line' id='line_1_57' title="bbox 174 3913 1746 3988; baseline -0.001 -19"><span class='ocrx_word' id='word_1_431' title='bbox 174 3917 313 3988; x_wconf 79' lang='grc' dir='ltr'><strong>παρά</strong></span> <span class='ocrx_word' id='word_1_432' title='bbox 339 3917 449 3972; x_wconf 85' lang='grc' dir='ltr'><strong>τῶν</strong></span> <span class='ocrx_word' id='word_1_433' title='bbox 504 3914 809 3986; x_wconf 84' lang='grc' dir='ltr'>ἀνθρώπων</span> <span class='ocrx_word' id='word_1_434' title='bbox 860 3913 1045 3987; x_wconf 74' lang='grc' dir='ltr'>ἀδοξίᾳ</span> <span class='ocrx_word' id='word_1_435' title='bbox 1076 3913 1447 3985; x_wconf 75' lang='grc' dir='ltr'>ὑϐριζόμενος.</span> <span class='ocrx_word' id='word_1_436' title='bbox 1506 3915 1614 3967; x_wconf 78' lang='grc' dir='ltr'><strong>Καὶ</strong></span> <span class='ocrx_word' id='word_1_437' title='bbox 1638 3918 1746 3985; x_wconf 88' lang='grc' dir='ltr'>γὰρ</span> 
     </span>
    </p>
   </div>
   <div class='ocr_carea' id='block_1_58' title="bbox 173 4006 1746 4080">
    <p class='ocr_par' dir='ltr' id='par_1_58' title="bbox 173 4006 1746 4080">
     <span class='ocr_line' id='line_1_58' title="bbox 173 4006 1746 4080; baseline 0 -19"><span class='ocrx_word' id='word_1_438' title='bbox 173 4010 255 4061; x_wconf 67' lang='grc' dir='ltr'><strong>καὶ</strong></span> <span class='ocrx_word' id='word_1_439' title='bbox 280 4011 307 4063; x_wconf 87' lang='lat'><strong>6</strong></span> <span class='ocrx_word' id='word_1_440' title='bbox 335 4011 541 4079; x_wconf 84' lang='grc' dir='ltr'>Κύριος</span> <span class='ocrx_word' id='word_1_441' title='bbox 570 4007 725 4080; x_wconf 81' lang='grc' dir='ltr'>ἡμῶν</span> <span class='ocrx_word' id='word_1_442' title='bbox 753 4008 876 4069; x_wconf 82' lang='grc' dir='ltr'>τοὺς</span> <span class='ocrx_word' id='word_1_443' title='bbox 904 4007 1194 4070; x_wconf 78' lang='grc' dir='ltr'>ταπεινοὺς</span> <span class='ocrx_word' id='word_1_444' title='bbox 1233 4006 1327 4059; x_wconf 80' lang='grc' dir='ltr'><strong>καὶ</strong></span> <span class='ocrx_word' id='word_1_445' title='bbox 1364 4007 1599 4070; x_wconf 83' lang='grc' dir='ltr'>εὐτελεῖς</span> <span class='ocrx_word' id='word_1_446' title='bbox 1654 4009 1746 4061; x_wconf 75' lang='grc' dir='ltr'>καὶ</span> 
     </span>
    </p>
   </div>
   <div class='ocr_carea' id='block_1_59' title="bbox 172 4094 1741 4166">
    <p class='ocr_par' dir='ltr' id='par_1_59' title="bbox 172 4094 1741 4166">
     <span class='ocr_line' id='line_1_59' title="bbox 172 4094 1741 4166; baseline 0.002 -21"><span class='ocrx_word' id='word_1_447' title='bbox 172 4095 397 4166; x_wconf 85' lang='grc' dir='ltr'>πένητας</span> <span class='ocrx_word' id='word_1_448' title='bbox 475 4096 574 4149; x_wconf 80' lang='grc' dir='ltr'>καὶ</span> <span class='ocrx_word' id='word_1_449' title='bbox 610 4094 859 4164; x_wconf 71' lang='grc' dir='ltr'>πτωχοὺς</span> <span class='ocrx_word' id='word_1_450' title='bbox 911 4094 1215 4159; x_wconf 77' lang='grc' dir='ltr'>ἐξελέξατο,</span> <span class='ocrx_word' id='word_1_451' title='bbox 1242 4097 1369 4158; x_wconf 80' lang='grc' dir='ltr'>τοὺς</span> <span class='ocrx_word' id='word_1_452' title='bbox 1428 4096 1741 4161; x_wconf 80' lang='grc' dir='ltr'>πλουσίους,</span> 
     </span>
    </p>
   </div>
   <div class='ocr_carea' id='block_1_60' title="bbox 172 4186 1742 4259">
    <p class='ocr_par' dir='ltr' id='par_1_60' title="bbox 172 4186 1742 4259">
     <span class='ocr_line' id='line_1_60' title="bbox 172 4186 1742 4259; baseline 0.004 -22"><span class='ocrx_word' id='word_1_453' title='bbox 172 4186 255 4238; x_wconf 71' lang='grc' dir='ltr'><strong>καὶ</strong></span> <span class='ocrx_word' id='word_1_454' title='bbox 278 4187 399 4258; x_wconf 82' lang='grc' dir='ltr'>δόξῃ</span> <span class='ocrx_word' id='word_1_455' title='bbox 430 4188 530 4241; x_wconf 80' lang='grc' dir='ltr'><strong>καὶ</strong></span> <span class='ocrx_word' id='word_1_456' title='bbox 588 4187 735 4256; x_wconf 87' lang='grc' dir='ltr'>γένει</span> <span class='ocrx_word' id='word_1_457' title='bbox 778 4187 1334 4255; x_wconf 80' lang='grc' dir='ltr'>μεγαλοφρονοῦντας,</span> <span class='ocrx_word' id='word_1_458' title='bbox 1365 4190 1742 4259; x_wconf 85' lang='grc' dir='ltr'>φρυάττεσθαι</span> 
     </span>
    </p>
   </div>
   <div class='ocr_carea' id='block_1_61' title="bbox 169 4278 1741 4348">
    <p class='ocr_par' dir='ltr' id='par_1_61' title="bbox 169 4278 1741 4348">
     <span class='ocr_line' id='line_1_61' title="bbox 169 4278 1741 4348; baseline 0.005 -19"><span class='ocrx_word' id='word_1_459' title='bbox 169 4278 351 4336; x_wconf 85' lang='grc' dir='ltr'>λιπών.</span> <span class='ocrx_word' id='word_1_460' title='bbox 406 4279 621 4335; x_wconf 74' lang='grc' dir='ltr'>Οὔκουν</span> <span class='ocrx_word' id='word_1_461' title='bbox 668 4279 873 4347; x_wconf 80' lang='grc' dir='ltr'>ὀφείλει</span> <span class='ocrx_word' id='word_1_462' title='bbox 936 4296 1021 4342; x_wconf 90' lang='grc' dir='ltr'><strong>τις</strong></span> <span class='ocrx_word' id='word_1_463' title='bbox 1059 4278 1309 4348; x_wconf 79' lang='grc' dir='ltr'>ἀθυμεῖν,</span> <span class='ocrx_word' id='word_1_464' title='bbox 1338 4281 1425 4333; x_wconf 84' lang='grc' dir='ltr'>ὅτι</span> <span class='ocrx_word' id='word_1_465' title='bbox 1465 4282 1741 4345; x_wconf 81' lang='grc' dir='ltr'>ταπεινὸς.</span> 
     </span>
    </p>
   </div>
   <div class='ocr_carea' id='block_1_62' title="bbox 168 4371 1741 4443">
    <p class='ocr_par' dir='ltr' id='par_1_62' title="bbox 168 4371 1741 4443">
     <span class='ocr_line' id='line_1_62' title="bbox 168 4371 1741 4443; baseline 0.003 -20"><span class='ocrx_word' id='word_1_466' title='bbox 168 4372 495 4443; x_wconf 80' lang='grc' dir='ltr'>εὐφροσύνης</span> <span class='ocrx_word' id='word_1_467' title='bbox 530 4372 587 4425; x_wconf 77' lang='grc' dir='ltr'>δὲ</span> <span class='ocrx_word' id='word_1_468' title='bbox 627 4371 826 4441; x_wconf 80' lang='grc' dir='ltr'>μᾶλλον</span> <span class='ocrx_word' id='word_1_469' title='bbox 874 4371 1219 4442; x_wconf 87' lang='grc' dir='ltr'>πληρούσθω,</span> <span class='ocrx_word' id='word_1_470' title='bbox 1262 4373 1519 4427; x_wconf 81' lang='grc' dir='ltr'>κοινωνὸν</span> <span class='ocrx_word' id='word_1_471' title='bbox 1549 4375 1741 4429; x_wconf 79' lang='grc' dir='ltr'>ἑαυτὸν</span> 
     </span>
    </p>
   </div>
   <div class='ocr_carea' id='block_1_63' title="bbox 1834 1888 3413 1963">
    <p class='ocr_par' dir='ltr' id='par_1_63' title="bbox 1834 1888 3413 1963">
     <span class='ocr_line' id='line_1_63' title="bbox 1834 1888 3413 1963; baseline -0.006 -13"><span class='ocrx_word' id='word_1_472' title='bbox 1834 1896 1954 1951; x_wconf 89' lang='lat' dir='ltr'><strong>dem</strong></span> <span class='ocrx_word' id='word_1_473' title='bbox 1988 1892 2241 1963; x_wconf 87' lang='lat' dir='ltr'><strong>peremit.</strong></span> <span class='ocrx_word' id='word_1_474' title='bbox 2276 1890 2602 1960; x_wconf 80' lang='lat' dir='ltr'><strong>infernoque</strong></span> <span class='ocrx_word' id='word_1_475' title='bbox 2647 1890 2915 1960; x_wconf 89' lang='lat' dir='ltr'><strong>spoliato,</strong></span> <span class='ocrx_word' id='word_1_476' title='bbox 2949 1904 3077 1955; x_wconf 89' lang='lat' dir='ltr'><strong>eos,</strong></span> <span class='ocrx_word' id='word_1_477' title='bbox 3105 1888 3200 1957; x_wconf 87' lang='lat' dir='ltr'><strong>qui</strong></span> <span class='ocrx_word' id='word_1_478' title='bbox 3228 1888 3355 1943; x_wconf 89' lang='lat' dir='ltr'><strong>inde</strong></span> <span class='ocrx_word' id='word_1_479' title='bbox 3380 1903 3413 1941; x_wconf 74' lang='grc' dir='ltr'><strong>ει</strong></span> 
     </span>
    </p>
   </div>
   <div class='ocr_carea' id='block_1_64' title="bbox 1834 1979 3414 2058">
    <p class='ocr_par' dir='ltr' id='par_1_64' title="bbox 1834 1979 3414 2058">
     <span class='ocr_line' id='line_1_64' title="bbox 1834 1979 3414 2058; baseline -0.004 -17"><span class='ocrx_word' id='word_1_480' title='bbox 1834 1986 2026 2058; x_wconf 83' lang='lat' dir='ltr'><strong>primis</strong></span> <span class='ocrx_word' id='word_1_481' title='bbox 2051 1985 2269 2041; x_wconf 69' lang='lat' dir='ltr'><strong>saeculis</strong></span> <span class='ocrx_word' id='word_1_482' title='bbox 2303 1983 2503 2037; x_wconf 89' lang='lat' dir='ltr'><strong>mortui</strong></span> <span class='ocrx_word' id='word_1_483' title='bbox 2533 1989 2723 2047; x_wconf 89' lang='lat' dir='ltr'><strong>erant,</strong></span> <span class='ocrx_word' id='word_1_484' title='bbox 2758 1997 2865 2036; x_wconf 90' lang='lat' dir='ltr'><strong>una</strong></span> <span class='ocrx_word' id='word_1_485' title='bbox 2899 1996 3086 2035; x_wconf 87' lang='lat' dir='ltr'><strong>secum</strong></span> <span class='ocrx_word' id='word_1_486' title='bbox 3118 1979 3414 2035; x_wconf 86' lang='lat' dir='ltr'><strong>resuscita-</strong></span> 
     </span>
    </p>
   </div>
   <div class='ocr_carea' id='block_1_65' title="bbox 1834 2070 3412 2138">
    <p class='ocr_par' dir='ltr' id='par_1_65' title="bbox 1834 2070 3412 2138">
     <span class='ocr_line' id='line_1_65' title="bbox 1834 2070 3412 2138; baseline -0.003 -8"><span class='ocrx_word' id='word_1_487' title='bbox 1834 2078 1932 2132; x_wconf 85' lang='lat' dir='ltr'><strong>vit.</strong></span> <span class='ocrx_word' id='word_1_488' title='bbox 1986 2075 2085 2131; x_wconf 85' lang='lat' dir='ltr'><strong>Hic</strong></span> <span class='ocrx_word' id='word_1_489' title='bbox 2105 2083 2190 2131; x_wconf 87' lang='lat' dir='ltr'><strong>est</strong></span> <span class='ocrx_word' id='word_1_490' title='bbox 2234 2074 2490 2129; x_wconf 84' lang='lat' dir='ltr'><strong>Christus</strong></span> <span class='ocrx_word' id='word_1_491' title='bbox 2518 2111 2534 2135; x_wconf 91' lang='lat'><strong>,</strong></span> <span class='ocrx_word' id='word_1_492' title='bbox 2581 2073 2669 2127; x_wconf 89' lang='lat' dir='ltr'><strong>hic</strong></span> <span class='ocrx_word' id='word_1_493' title='bbox 2706 2080 2791 2128; x_wconf 92' lang='lat' dir='ltr'><strong>est</strong></span> <span class='ocrx_word' id='word_1_494' title='bbox 2825 2072 2915 2127; x_wconf 88' lang='lat' dir='ltr'><strong>Dei</strong></span> <span class='ocrx_word' id='word_1_495' title='bbox 2950 2070 3119 2138; x_wconf 70' lang='lat' dir='ltr'><strong>Filius</strong></span> <span class='ocrx_word' id='word_1_496' title='bbox 3162 2083 3216 2127; x_wconf 89' lang='lat' dir='ltr'><strong>et</strong></span> <span class='ocrx_word' id='word_1_497' title='bbox 3249 2072 3412 2126; x_wconf 83' lang='lat' dir='ltr'><strong>Deus.</strong></span> 
     </span>
    </p>
   </div>
   <div class='ocr_carea' id='block_1_66' title="bbox 1834 2164 3417 2237">
    <p class='ocr_par' dir='ltr' id='par_1_66' title="bbox 1834 2164 3417 2237">
     <span class='ocr_line' id='line_1_66' title="bbox 1834 2164 3417 2237; baseline -0.003 -14"><span class='ocrx_word' id='word_1_498' title='bbox 1834 2170 1912 2224; x_wconf 85' lang='lat' dir='ltr'><strong>Ad</strong></span> <span class='ocrx_word' id='word_1_499' title='bbox 1945 2168 2111 2237; x_wconf 87' lang='lat' dir='ltr'><strong>hujus</strong></span> <span class='ocrx_word' id='word_1_500' title='bbox 2138 2166 2491 2236; x_wconf 82' lang='lat' dir='ltr'><strong>Evangelium</strong></span> <span class='ocrx_word' id='word_1_501' title='bbox 2525 2164 2930 2234; x_wconf 65' lang='lat' dir='ltr'><strong>praedicandum</strong></span> <span class='ocrx_word' id='word_1_502' title='bbox 2961 2164 3163 2219; x_wconf 82' lang='lat' dir='ltr'><strong>Paulus</strong></span> <span class='ocrx_word' id='word_1_503' title='bbox 3195 2178 3417 2232; x_wconf 87' lang='lat' dir='ltr'><strong>separa-</strong></span> 
     </span>
    </p>
   </div>
   <div class='ocr_carea' id='block_1_67' title="bbox 1836 2254 3416 2325">
    <p class='ocr_par' dir='ltr' id='par_1_67' title="bbox 1836 2254 3416 2325">
     <span class='ocr_line' id='line_1_67' title="bbox 1836 2254 3416 2325; baseline -0.006 -9"><span class='ocrx_word' id='word_1_504' title='bbox 1836 2271 1924 2317; x_wconf 90' lang='lat' dir='ltr'><strong>tus</strong></span> <span class='ocrx_word' id='word_1_505' title='bbox 1951 2271 2052 2315; x_wconf 87' lang='lat' dir='ltr'><strong>est.</strong></span> <span class='ocrx_word' id='word_1_506' title='bbox 2092 2260 2203 2314; x_wconf 86' lang='lat' dir='ltr'><strong>Hoc</strong></span> <span class='ocrx_word' id='word_1_507' title='bbox 2242 2258 2449 2313; x_wconf 90' lang='lat' dir='ltr'><strong>indicat</strong></span> <span class='ocrx_word' id='word_1_508' title='bbox 2493 2272 2595 2311; x_wconf 82' lang='lat' dir='ltr'><strong>vox</strong></span> <span class='ocrx_word' id='word_1_509' title='bbox 2644 2257 2790 2311; x_wconf 89' lang='lat' dir='ltr'><strong>illius</strong></span> <span class='ocrx_word' id='word_1_510' title='bbox 2817 2297 2832 2319; x_wconf 93' lang='lat'><strong>,</strong></span> <span class='ocrx_word' id='word_1_511' title='bbox 2865 2256 2957 2325; x_wconf 90' lang='lat' dir='ltr'><strong>qui</strong></span> <span class='ocrx_word' id='word_1_512' title='bbox 2987 2256 3155 2309; x_wconf 83' lang='lat' dir='ltr'><strong>Filius</strong></span> <span class='ocrx_word' id='word_1_513' title='bbox 3187 2254 3281 2308; x_wconf 91' lang='lat' dir='ltr'><strong>Dei</strong></span> <span class='ocrx_word' id='word_1_514' title='bbox 3320 2255 3416 2308; x_wconf 84' lang='lat' dir='ltr'><strong>de-</strong></span> 
     </span>
    </p>
   </div>
   <div class='ocr_carea' id='block_1_68' title="bbox 1836 2344 3415 2418">
    <p class='ocr_par' dir='ltr' id='par_1_68' title="bbox 1836 2344 3415 2418">
     <span class='ocr_line' id='line_1_68' title="bbox 1836 2344 3415 2418; baseline -0.004 -12"><span class='ocrx_word' id='word_1_515' title='bbox 1836 2354 2079 2406; x_wconf 87' lang='lat' dir='ltr'><strong>claratus</strong></span> <span class='ocrx_word' id='word_1_516' title='bbox 2104 2361 2210 2405; x_wconf 91' lang='lat' dir='ltr'><strong>est.</strong></span> <span class='ocrx_word' id='word_1_517' title='bbox 2242 2350 2397 2404; x_wconf 85' lang='lat' dir='ltr'><strong>Adde</strong></span> <span class='ocrx_word' id='word_1_518' title='bbox 2430 2348 2621 2412; x_wconf 89' lang='lat' dir='ltr'><strong>etiam,</strong></span> <span class='ocrx_word' id='word_1_519' title='bbox 2651 2350 2696 2403; x_wconf 93' lang='lat' dir='ltr'><strong>si</strong></span> <span class='ocrx_word' id='word_1_520' title='bbox 2737 2348 2911 2418; x_wconf 83' lang='lat' dir='ltr'><strong>placet</strong></span> <span class='ocrx_word' id='word_1_521' title='bbox 2942 2346 3010 2400; x_wconf 88' lang='lat' dir='ltr'><strong>ad</strong></span> <span class='ocrx_word' id='word_1_522' title='bbox 3037 2347 3296 2415; x_wconf 86' lang='lat' dir='ltr'><strong>majorem</strong></span> <span class='ocrx_word' id='word_1_523' title='bbox 3335 2344 3415 2399; x_wconf 87' lang='lat' dir='ltr'><strong>rei</strong></span> 
     </span>
    </p>
   </div>
   <div class='ocr_carea' id='block_1_69' title="bbox 1836 2436 3417 2510">
    <p class='ocr_par' dir='ltr' id='par_1_69' title="bbox 1836 2436 3417 2510">
     <span class='ocr_line' id='line_1_69' title="bbox 1836 2436 3417 2510; baseline -0.006 -12"><span class='ocrx_word' id='word_1_524' title='bbox 1836 2443 2262 2498; x_wconf 81' lang='lat' dir='ltr'><strong>declarationem</strong></span> <span class='ocrx_word' id='word_1_525' title='bbox 2301 2450 2355 2497; x_wconf 89' lang='lat' dir='ltr'><strong>et</strong></span> <span class='ocrx_word' id='word_1_526' title='bbox 2382 2441 2791 2510; x_wconf 78' lang='lat' dir='ltr'><strong>intelligentiam</strong></span> <span class='ocrx_word' id='word_1_527' title='bbox 2837 2458 2851 2493; x_wconf 94' lang='lat'><strong>:</strong></span> <span class='ocrx_word' id='word_1_528' title='bbox 2902 2455 2996 2507; x_wconf 94' lang='lat' dir='ltr'><strong>per</strong></span> <span class='ocrx_word' id='word_1_529' title='bbox 3022 2453 3187 2508; x_wconf 88' lang='lat' dir='ltr'><strong>quem</strong></span> <span class='ocrx_word' id='word_1_530' title='bbox 3215 2436 3417 2491; x_wconf 87' lang='lat' dir='ltr'><strong>Paulus</strong></span> 
     </span>
    </p>
   </div>
   <div class='ocr_carea' id='block_1_70' title="bbox 1836 2531 3417 2606">
    <p class='ocr_par' dir='ltr' id='par_1_70' title="bbox 1836 2531 3417 2606">
     <span class='ocr_line' id='line_1_70' title="bbox 1836 2531 3417 2606; baseline -0.006 -15"><span class='ocrx_word' id='word_1_531' title='bbox 1836 2537 1998 2591; x_wconf 87' lang='lat' dir='ltr'><strong>etiam</strong></span> <span class='ocrx_word' id='word_1_532' title='bbox 2034 2537 2245 2606; x_wconf 90' lang='lat' dir='ltr'><strong>accepit</strong></span> <span class='ocrx_word' id='word_1_533' title='bbox 2270 2534 2611 2606; x_wconf 88' lang='lat' dir='ltr'><strong>apostolatus</strong></span> <span class='ocrx_word' id='word_1_534' title='bbox 2634 2533 2865 2601; x_wconf 81' lang='lat' dir='ltr'><strong>gratiam</strong></span> <span class='ocrx_word' id='word_1_535' title='bbox 2893 2533 2960 2596; x_wconf 72' lang='grc' dir='ltr'>θ’,</span> <span class='ocrx_word' id='word_1_536' title='bbox 2992 2542 3052 2585; x_wconf 84' lang='grc' dir='ltr'><strong>ιιι</strong></span> <span class='ocrx_word' id='word_1_537' title='bbox 3079 2539 3268 2600; x_wconf 90' lang='lat' dir='ltr'><strong>gentes</strong></span> <span class='ocrx_word' id='word_1_538' title='bbox 3294 2531 3417 2583; x_wconf 88' lang='lat' dir='ltr'><strong>bar-</strong></span> 
     </span>
    </p>
   </div>
   <div class='ocr_carea' id='block_1_71' title="bbox 1839 2623 3416 2701">
    <p class='ocr_par' dir='ltr' id='par_1_71' title="bbox 1839 2623 3416 2701">
     <span class='ocr_line' id='line_1_71' title="bbox 1839 2623 3416 2701; baseline -0.006 -16"><span class='ocrx_word' id='word_1_539' title='bbox 1839 2632 2002 2686; x_wconf 85' lang='lat' dir='ltr'><strong>baras</strong></span> <span class='ocrx_word' id='word_1_540' title='bbox 2034 2630 2415 2701; x_wconf 88' lang='lat' dir='ltr'><strong>persuadendo</strong></span> <span class='ocrx_word' id='word_1_541' title='bbox 2448 2629 2721 2690; x_wconf 80' lang='lat' dir='ltr'><strong>vinceret,</strong></span> <span class='ocrx_word' id='word_1_542' title='bbox 2768 2642 2969 2694; x_wconf 90' lang='lat' dir='ltr'><strong>easque</strong></span> <span class='ocrx_word' id='word_1_543' title='bbox 2994 2626 3061 2679; x_wconf 88' lang='lat' dir='ltr'><strong>ad</strong></span> <span class='ocrx_word' id='word_1_544' title='bbox 3092 2623 3416 2693; x_wconf 84' lang='lat' dir='ltr'><strong>obsequium</strong></span> 
     </span>
    </p>
   </div>
   <div class='ocr_carea' id='block_1_72' title="bbox 1839 2716 3413 2790">
    <p class='ocr_par' dir='ltr' id='par_1_72' title="bbox 1839 2716 3413 2790">
     <span class='ocr_line' id='line_1_72' title="bbox 1839 2716 3413 2790; baseline -0.007 -11"><span class='ocrx_word' id='word_1_545' title='bbox 1839 2724 1959 2779; x_wconf 87' lang='lat' dir='ltr'><strong>lidei</strong></span> <span class='ocrx_word' id='word_1_546' title='bbox 1995 2724 2047 2777; x_wconf 91' lang='lat' dir='ltr'><strong>in</strong></span> <span class='ocrx_word' id='word_1_547' title='bbox 2076 2723 2355 2777; x_wconf 85' lang='lat' dir='ltr'><strong>Christum</strong></span> <span class='ocrx_word' id='word_1_548' title='bbox 2385 2721 2752 2790; x_wconf 67' lang='lat' dir='ltr'><strong>praestandum</strong></span> <span class='ocrx_word' id='word_1_549' title='bbox 2785 2729 3139 2789; x_wconf 64' lang='lat' dir='ltr'><strong>praepararet,</strong></span> <span class='ocrx_word' id='word_1_550' title='bbox 3183 2716 3287 2770; x_wconf 86' lang='lat' dir='ltr'><strong>hoc</strong></span> <span class='ocrx_word' id='word_1_551' title='bbox 3309 2723 3413 2777; x_wconf 90' lang='lat' dir='ltr'><strong>est,</strong></span> 
     </span>
    </p>
   </div>
   <div class='ocr_carea' id='block_1_73' title="bbox 1837 2810 3414 2879">
    <p class='ocr_par' dir='ltr' id='par_1_73' title="bbox 1837 2810 3414 2879">
     <span class='ocr_line' id='line_1_73' title="bbox 1837 2810 3414 2879; baseline -0.006 -8"><span class='ocrx_word' id='word_1_552' title='bbox 1837 2816 2091 2877; x_wconf 87' lang='lat' dir='ltr'><strong>elliceret.</strong></span> <span class='ocrx_word' id='word_1_553' title='bbox 2123 2825 2181 2869; x_wconf 90' lang='lat' dir='ltr'><strong>ut</strong></span> <span class='ocrx_word' id='word_1_554' title='bbox 2212 2816 2264 2867; x_wconf 90' lang='lat' dir='ltr'><strong>in</strong></span> <span class='ocrx_word' id='word_1_555' title='bbox 2288 2814 2442 2867; x_wconf 91' lang='lat' dir='ltr'><strong>illum</strong></span> <span class='ocrx_word' id='word_1_556' title='bbox 2476 2816 2780 2873; x_wconf 86' lang='lat' dir='ltr'><strong>crederent,</strong></span> <span class='ocrx_word' id='word_1_557' title='bbox 2813 2812 2977 2879; x_wconf 90' lang='lat' dir='ltr'><strong>eique</strong></span> <span class='ocrx_word' id='word_1_558' title='bbox 3000 2810 3116 2873; x_wconf 90' lang='lat' dir='ltr'><strong>uni,</strong></span> <span class='ocrx_word' id='word_1_559' title='bbox 3154 2817 3414 2875; x_wconf 88' lang='lat' dir='ltr'><strong>tanquam</strong></span> 
     </span>
    </p>
   </div>
   <div class='ocr_carea' id='block_1_74' title="bbox 1840 2901 3413 2972">
    <p class='ocr_par' dir='ltr' id='par_1_74' title="bbox 1840 2901 3413 2972">
     <span class='ocr_line' id='line_1_74' title="bbox 1840 2901 3413 2972; baseline -0.003 -12"><span class='ocrx_word' id='word_1_560' title='bbox 1840 2926 1966 2962; x_wconf 86' lang='lat' dir='ltr'><strong>vero</strong></span> <span class='ocrx_word' id='word_1_561' title='bbox 2003 2909 2128 2969; x_wconf 77' lang='lat' dir='ltr'><strong>Deo,</strong></span> <span class='ocrx_word' id='word_1_562' title='bbox 2162 2918 2218 2961; x_wconf 89' lang='lat' dir='ltr'><strong>ct</strong></span> <span class='ocrx_word' id='word_1_563' title='bbox 2257 2906 2351 2961; x_wconf 88' lang='lat' dir='ltr'><strong>Dei</strong></span> <span class='ocrx_word' id='word_1_564' title='bbox 2382 2906 2519 2960; x_wconf 87' lang='lat' dir='ltr'><strong>Filio</strong></span> <span class='ocrx_word' id='word_1_565' title='bbox 2541 2906 2834 2965; x_wconf 89' lang='lat' dir='ltr'><strong>servirent,</strong></span> <span class='ocrx_word' id='word_1_566' title='bbox 2860 2920 2888 2957; x_wconf 88' lang='lat' dir='ltr'><strong>a</strong></span> <span class='ocrx_word' id='word_1_567' title='bbox 2928 2903 3118 2972; x_wconf 86' lang='lat' dir='ltr'><strong>patriis</strong></span> <span class='ocrx_word' id='word_1_568' title='bbox 3145 2901 3413 2963; x_wconf 88' lang='lat' dir='ltr'><strong>moribus,</strong></span> 
     </span>
    </p>
   </div>
   <div class='ocr_carea' id='block_1_75' title="bbox 1838 2994 3414 3070">
    <p class='ocr_par' dir='ltr' id='par_1_75' title="bbox 1838 2994 3414 3070">
     <span class='ocr_line' id='line_1_75' title="bbox 1838 2994 3414 3070; baseline -0.007 -15"><span class='ocrx_word' id='word_1_569' title='bbox 1838 3013 2124 3070; x_wconf 76' lang='lat' dir='ltr'><strong>vetereque</strong></span> <span class='ocrx_word' id='word_1_570' title='bbox 2156 3015 2257 3054; x_wconf 89' lang='lat' dir='ltr'><strong>sua</strong></span> <span class='ocrx_word' id='word_1_571' title='bbox 2285 3043 2298 3063; x_wconf 92' lang='lat'><strong>,</strong></span> <span class='ocrx_word' id='word_1_572' title='bbox 2350 3008 2405 3053; x_wconf 89' lang='lat' dir='ltr'><strong>et</strong></span> <span class='ocrx_word' id='word_1_573' title='bbox 2449 3013 2679 3053; x_wconf 84' lang='lat' dir='ltr'><strong>errouea</strong></span> <span class='ocrx_word' id='word_1_574' title='bbox 2716 2996 3108 3065; x_wconf 87' lang='lat' dir='ltr'><strong>superstitione</strong></span> <span class='ocrx_word' id='word_1_575' title='bbox 3151 2994 3414 3047; x_wconf 73' lang='lat' dir='ltr'><strong>liberatae.</strong></span> 
     </span>
    </p>
   </div>
   <div class='ocr_carea' id='block_1_76' title="bbox 1906 3086 3416 3161">
    <p class='ocr_par' dir='ltr' id='par_1_76' title="bbox 1906 3086 3416 3161">
     <span class='ocr_line' id='line_1_76' title="bbox 1906 3086 3416 3161; baseline -0.006 -15"><span class='ocrx_word' id='word_1_576' title='bbox 1906 3092 2174 3146; x_wconf 84' lang='lat' dir='ltr'><strong>Caeterum</strong></span> <span class='ocrx_word' id='word_1_577' title='bbox 2200 3091 2343 3161; x_wconf 91' lang='lat' dir='ltr'><strong>quod</strong></span> <span class='ocrx_word' id='word_1_578' title='bbox 2388 3091 2453 3145; x_wconf 87' lang='lat' dir='ltr'><strong>ad</strong></span> <span class='ocrx_word' id='word_1_579' title='bbox 2491 3090 2624 3145; x_wconf 92' lang='lat' dir='ltr'><strong>illud</strong></span> <span class='ocrx_word' id='word_1_580' title='bbox 2662 3090 2836 3145; x_wconf 89' lang='lat' dir='ltr'><strong>sancti</strong></span> <span class='ocrx_word' id='word_1_581' title='bbox 2872 3086 3060 3142; x_wconf 79' lang='lat' dir='ltr'><strong>Jacobi</strong></span> <span class='ocrx_word' id='word_1_582' title='bbox 3088 3086 3296 3140; x_wconf 88' lang='lat' dir='ltr'><strong>dictum</strong></span> <span class='ocrx_word' id='word_1_583' title='bbox 3329 3094 3416 3138; x_wconf 84' lang='lat' dir='ltr'><strong>at-</strong></span> 
     </span>
    </p>
   </div>
   <div class='ocr_carea' id='block_1_77' title="bbox 1850 3179 3414 3243">
    <p class='ocr_par' dir='ltr' id='par_1_77' title="bbox 1850 3179 3414 3243">
     <span class='ocr_line' id='line_1_77' title="bbox 1850 3179 3414 3243; baseline -0.007 -2"><span class='ocrx_word' id='word_1_584' title='bbox 1850 3187 2023 3242; x_wconf 84' lang='lat' dir='ltr'><strong>tinet:</strong></span> <span class='ocrx_word' id='word_1_585' title='bbox 2056 3184 2362 3240; x_wconf 69' lang='lat' dir='ltr'><strong>rGlorietur</strong></span> <span class='ocrx_word' id='word_1_586' title='bbox 2385 3183 2550 3238; x_wconf 81' lang='lat' dir='ltr'><strong>frater</strong></span> <span class='ocrx_word' id='word_1_587' title='bbox 2579 3182 2803 3237; x_wconf 90' lang='lat' dir='ltr'><strong>humilis</strong></span> <span class='ocrx_word' id='word_1_588' title='bbox 2835 3181 2891 3235; x_wconf 91' lang='lat' dir='ltr'><strong>in</strong></span> <span class='ocrx_word' id='word_1_589' title='bbox 2921 3179 3257 3235; x_wconf 86' lang='lat' dir='ltr'><strong>sublimitate</strong></span> <span class='ocrx_word' id='word_1_590' title='bbox 3294 3192 3414 3243; x_wconf 88' lang='lat' dir='ltr'><strong>sua,</strong></span> 
     </span>
    </p>
   </div>
   <div class='ocr_carea' id='block_1_78' title="bbox 1848 3270 3417 3339">
    <p class='ocr_par' dir='ltr' id='par_1_78' title="bbox 1848 3270 3417 3339">
     <span class='ocr_line' id='line_1_78' title="bbox 1848 3270 3417 3339; baseline -0.008 -3"><span class='ocrx_word' id='word_1_591' title='bbox 1848 3281 2000 3336; x_wconf 88' lang='lat' dir='ltr'><strong>dives</strong></span> <span class='ocrx_word' id='word_1_592' title='bbox 2029 3289 2209 3334; x_wconf 90' lang='lat' dir='ltr'><strong>autem</strong></span> <span class='ocrx_word' id='word_1_593' title='bbox 2251 3278 2305 3332; x_wconf 92' lang='lat' dir='ltr'><strong>in</strong></span> <span class='ocrx_word' id='word_1_594' title='bbox 2350 3277 2656 3332; x_wconf 89' lang='lat' dir='ltr'><strong>humilitate</strong></span> <span class='ocrx_word' id='word_1_595' title='bbox 2700 3290 2796 3329; x_wconf 87' lang='lat' dir='ltr'><strong>sua</strong></span> <span class='ocrx_word' id='word_1_596' title='bbox 2822 3275 2889 3339; x_wconf 84' lang='grc'>⁸³,</span> <span class='ocrx_word' id='word_1_597' title='bbox 2928 3293 2946 3324; x_wconf 76' lang='grc' dir='ltr'><strong>ι</strong></span> <span class='ocrx_word' id='word_1_598' title='bbox 2994 3288 3102 3327; x_wconf 88' lang='lat' dir='ltr'><strong>non</strong></span> <span class='ocrx_word' id='word_1_599' title='bbox 3156 3272 3272 3327; x_wconf 70' lang='lat' dir='ltr'><strong>hrec</strong></span> <span class='ocrx_word' id='word_1_600' title='bbox 3312 3270 3417 3325; x_wconf 85' lang='lat' dir='ltr'><strong>sibi</strong></span> 
     </span>
    </p>
   </div>
   <div class='ocr_carea' id='block_1_79' title="bbox 1848 3364 3417 3437">
    <p class='ocr_par' dir='ltr' id='par_1_79' title="bbox 1848 3364 3417 3437">
     <span class='ocr_line' id='line_1_79' title="bbox 1848 3364 3417 3437; baseline -0.006 -13"><span class='ocrx_word' id='word_1_601' title='bbox 1848 3372 1982 3435; x_wconf 86' lang='lat' dir='ltr'><strong>vult,</strong></span> <span class='ocrx_word' id='word_1_602' title='bbox 2025 3386 2091 3426; x_wconf 87' lang='lat' dir='ltr'><strong>ac</strong></span> <span class='ocrx_word' id='word_1_603' title='bbox 2123 3369 2167 3425; x_wconf 92' lang='lat' dir='ltr'><strong>si</strong></span> <span class='ocrx_word' id='word_1_604' title='bbox 2199 3370 2404 3424; x_wconf 87' lang='lat' dir='ltr'><strong>diceret</strong></span> <span class='ocrx_word' id='word_1_605' title='bbox 2431 3388 2445 3425; x_wconf 86' lang='lat'>:</span> <span class='ocrx_word' id='word_1_606' title='bbox 2479 3367 2761 3437; x_wconf 83' lang='lat' dir='ltr'><strong>Magniﬁce</strong></span> <span class='ocrx_word' id='word_1_607' title='bbox 2801 3371 3058 3435; x_wconf 87' lang='lat' dir='ltr'><strong>loquatur</strong></span> <span class='ocrx_word' id='word_1_608' title='bbox 3080 3405 3095 3428; x_wconf 93' lang='lat'><strong>,</strong></span> <span class='ocrx_word' id='word_1_609' title='bbox 3134 3364 3303 3433; x_wconf 90' lang='lat' dir='ltr'><strong>jactet</strong></span> <span class='ocrx_word' id='word_1_610' title='bbox 3336 3376 3417 3425; x_wconf 89' lang='lat' dir='ltr'><strong>se,</strong></span> 
     </span>
    </p>
   </div>
   <div class='ocr_carea' id='block_1_80' title="bbox 1846 3454 3418 3534">
    <p class='ocr_par' dir='ltr' id='par_1_80' title="bbox 1846 3454 3418 3534">
     <span class='ocr_line' id='line_1_80' title="bbox 1846 3454 3418 3534; baseline -0.006 -16"><span class='ocrx_word' id='word_1_611' title='bbox 1846 3464 2131 3534; x_wconf 85' lang='lat' dir='ltr'><strong>glorietur.</strong></span> <span class='ocrx_word' id='word_1_612' title='bbox 2162 3462 2311 3517; x_wconf 76' lang='lat' dir='ltr'><strong>Nihil</strong></span> <span class='ocrx_word' id='word_1_613' title='bbox 2366 3463 2563 3516; x_wconf 90' lang='lat' dir='ltr'><strong>horum</strong></span> <span class='ocrx_word' id='word_1_614' title='bbox 2604 3461 2783 3515; x_wconf 92' lang='lat' dir='ltr'><strong>locum</strong></span> <span class='ocrx_word' id='word_1_615' title='bbox 2831 3460 3014 3513; x_wconf 83' lang='lat' dir='ltr'><strong>habet.</strong></span> <span class='ocrx_word' id='word_1_616' title='bbox 3065 3456 3254 3511; x_wconf 89' lang='lat' dir='ltr'><strong>Solent</strong></span> <span class='ocrx_word' id='word_1_617' title='bbox 3289 3454 3418 3525; x_wconf 81' lang='lat' dir='ltr'><strong>qui-</strong></span> 
     </span>
    </p>
   </div>
   <div class='ocr_carea' id='block_1_81' title="bbox 1845 3550 3419 3619">
    <p class='ocr_par' dir='ltr' id='par_1_81' title="bbox 1845 3550 3419 3619">
     <span class='ocr_line' id='line_1_81' title="bbox 1845 3550 3419 3619; baseline -0.006 -7"><span class='ocrx_word' id='word_1_618' title='bbox 1845 3558 1970 3612; x_wconf 91' lang='lat' dir='ltr'><strong>dem</strong></span> <span class='ocrx_word' id='word_1_619' title='bbox 2011 3558 2104 3612; x_wconf 91' lang='lat' dir='ltr'><strong>illa</strong></span> <span class='ocrx_word' id='word_1_620' title='bbox 2134 3556 2300 3611; x_wconf 87' lang='lat' dir='ltr'><strong>verba</strong></span> <span class='ocrx_word' id='word_1_621' title='bbox 2344 3557 2445 3610; x_wconf 92' lang='lat' dir='ltr'><strong>hoc</strong></span> <span class='ocrx_word' id='word_1_622' title='bbox 2487 3570 2646 3610; x_wconf 87' lang='lat' dir='ltr'><strong>sensu</strong></span> <span class='ocrx_word' id='word_1_623' title='bbox 2691 3552 2961 3615; x_wconf 86' lang='lat' dir='ltr'><strong>adhiberi,</strong></span> <span class='ocrx_word' id='word_1_624' title='bbox 2987 3550 3249 3619; x_wconf 89' lang='lat' dir='ltr'><strong>vocisque</strong></span> <span class='ocrx_word' id='word_1_625' title='bbox 3278 3562 3419 3617; x_wconf 66' lang='lat' dir='ltr'><strong>prae-</strong></span> 
     </span>
    </p>
   </div>
   <div class='ocr_carea' id='block_1_82' title="bbox 1847 3639 3420 3719">
    <p class='ocr_par' dir='ltr' id='par_1_82' title="bbox 1847 3639 3420 3719">
     <span class='ocr_line' id='line_1_82' title="bbox 1847 3639 3420 3719; baseline -0.007 -14"><span class='ocrx_word' id='word_1_626' title='bbox 1847 3650 2017 3705; x_wconf 85' lang='lat' dir='ltr'><strong>sentis</strong></span> <span class='ocrx_word' id='word_1_627' title='bbox 2049 3649 2388 3719; x_wconf 86' lang='lat' dir='ltr'><strong>signiﬁcatus</strong></span> <span class='ocrx_word' id='word_1_628' title='bbox 2419 3648 2653 3717; x_wconf 89' lang='lat' dir='ltr'><strong>primum</strong></span> <span class='ocrx_word' id='word_1_629' title='bbox 2681 3646 2877 3700; x_wconf 87' lang='lat' dir='ltr'><strong>obvius</strong></span> <span class='ocrx_word' id='word_1_630' title='bbox 2900 3643 3041 3697; x_wconf 92' lang='lat' dir='ltr'><strong>idem</strong></span> <span class='ocrx_word' id='word_1_631' title='bbox 3073 3640 3255 3695; x_wconf 79' lang='lat' dir='ltr'><strong>infert.</strong></span> <span class='ocrx_word' id='word_1_632' title='bbox 3302 3639 3420 3694; x_wconf 90' lang='lat' dir='ltr'><strong>Hoc</strong></span> 
     </span>
    </p>
   </div>
   <div class='ocr_carea' id='block_1_83' title="bbox 1847 3731 3415 3808">
    <p class='ocr_par' dir='ltr' id='par_1_83' title="bbox 1847 3731 3415 3808">
     <span class='ocr_line' id='line_1_83' title="bbox 1847 3731 3415 3808; baseline -0.007 -13"><span class='ocrx_word' id='word_1_633' title='bbox 1847 3759 1977 3796; x_wconf 86' lang='lat' dir='ltr'><strong>vero</strong></span> <span class='ocrx_word' id='word_1_634' title='bbox 2000 3743 2118 3797; x_wconf 88' lang='lat' dir='ltr'><strong>loco</strong></span> <span class='ocrx_word' id='word_1_635' title='bbox 2135 3742 2360 3796; x_wconf 90' lang='lat' dir='ltr'><strong>verbum</strong></span> <span class='ocrx_word' id='word_1_636' title='bbox 2390 3736 2685 3808; x_wconf 84' lang='grc' dir='ltr'>καυχάσθω</span> <span class='ocrx_word' id='word_1_637' title='bbox 2712 3737 2851 3790; x_wconf 86' lang='lat' dir='ltr'><strong>idem</strong></span> <span class='ocrx_word' id='word_1_638' title='bbox 2870 3746 2952 3789; x_wconf 89' lang='lat' dir='ltr'><strong>est</strong></span> <span class='ocrx_word' id='word_1_639' title='bbox 2970 3734 3138 3804; x_wconf 89' lang='lat' dir='ltr'><strong>quod,</strong></span> <span class='ocrx_word' id='word_1_640' title='bbox 3159 3731 3415 3801; x_wconf 79' lang='lat' dir='ltr'><strong>conﬁdat,</strong></span> 
     </span>
    </p>
   </div>
   <div class='ocr_carea' id='block_1_84' title="bbox 1847 3825 3416 3903">
    <p class='ocr_par' dir='ltr' id='par_1_84' title="bbox 1847 3825 3416 3903">
     <span class='ocr_line' id='line_1_84' title="bbox 1847 3825 3416 3903; baseline -0.008 -17"><span class='ocrx_word' id='word_1_641' title='bbox 1847 3842 2036 3903; x_wconf 74' lang='grc' dir='ltr'>ερενει.</span> <span class='ocrx_word' id='word_1_642' title='bbox 2081 3831 2252 3887; x_wconf 85' lang='lat' dir='ltr'><strong>Nemo</strong></span> <span class='ocrx_word' id='word_1_643' title='bbox 2279 3831 2449 3893; x_wconf 89' lang='lat' dir='ltr'><strong>enim,</strong></span> <span class='ocrx_word' id='word_1_644' title='bbox 2477 3829 2674 3898; x_wconf 89' lang='lat' dir='ltr'><strong>inquit,</strong></span> <span class='ocrx_word' id='word_1_645' title='bbox 2704 3827 2847 3892; x_wconf 90' lang='lat' dir='ltr'><strong>ideo,</strong></span> <span class='ocrx_word' id='word_1_646' title='bbox 2884 3826 3030 3896; x_wconf 87' lang='lat' dir='ltr'><strong>quod</strong></span> <span class='ocrx_word' id='word_1_647' title='bbox 3059 3825 3283 3879; x_wconf 86' lang='lat' dir='ltr'><strong>humilis</strong></span> <span class='ocrx_word' id='word_1_648' title='bbox 3309 3832 3416 3885; x_wconf 88' lang='lat' dir='ltr'><strong>est,</strong></span> 
     </span>
    </p>
   </div>
   <div class='ocr_carea' id='block_1_85' title="bbox 1847 3921 3417 3992">
    <p class='ocr_par' dir='ltr' id='par_1_85' title="bbox 1847 3921 3417 3992">
     <span class='ocr_line' id='line_1_85' title="bbox 1847 3921 3417 3992; baseline -0.006 -14"><span class='ocrx_word' id='word_1_649' title='bbox 1847 3926 2088 3978; x_wconf 87' lang='lat' dir='ltr'><strong>animum</strong></span> <span class='ocrx_word' id='word_1_650' title='bbox 2119 3923 2453 3992; x_wconf 88' lang='lat' dir='ltr'><strong>despondeat</strong></span> <span class='ocrx_word' id='word_1_651' title='bbox 2477 3959 2492 3983; x_wconf 87' lang='lat'><strong>,</strong></span> <span class='ocrx_word' id='word_1_652' title='bbox 2528 3921 2657 3990; x_wconf 88' lang='lat' dir='ltr'><strong>quia</strong></span> <span class='ocrx_word' id='word_1_653' title='bbox 2697 3927 3014 3989; x_wconf 88' lang='lat' dir='ltr'><strong>paupertate</strong></span> <span class='ocrx_word' id='word_1_654' title='bbox 3044 3926 3126 3971; x_wconf 86' lang='lat' dir='ltr'><strong>est</strong></span> <span class='ocrx_word' id='word_1_655' title='bbox 3151 3926 3417 3970; x_wconf 72' lang='lat' dir='ltr'><strong>extenua-</strong></span> 
     </span>
    </p>
   </div>
   <div class='ocr_carea' id='block_1_86' title="bbox 1849 4006 3421 4082">
    <p class='ocr_par' dir='ltr' id='par_1_86' title="bbox 1849 4006 3421 4082">
     <span class='ocr_line' id='line_1_86' title="bbox 1849 4006 3421 4082; baseline -0.006 -13"><span class='ocrx_word' id='word_1_656' title='bbox 1849 4026 1972 4079; x_wconf 89' lang='lat' dir='ltr'><strong>tus,</strong></span> <span class='ocrx_word' id='word_1_657' title='bbox 2022 4024 2117 4069; x_wconf 89' lang='lat' dir='ltr'><strong>aut</strong></span> <span class='ocrx_word' id='word_1_658' title='bbox 2168 4014 2451 4068; x_wconf 90' lang='lat' dir='ltr'><strong>hominum</strong></span> <span class='ocrx_word' id='word_1_659' title='bbox 2506 4011 2723 4082; x_wconf 91' lang='lat' dir='ltr'><strong>probris</strong></span> <span class='ocrx_word' id='word_1_660' title='bbox 2772 4010 3071 4079; x_wconf 80' lang='lat' dir='ltr'><strong>subjectus.</strong></span> <span class='ocrx_word' id='word_1_661' title='bbox 3117 4006 3252 4061; x_wconf 88' lang='lat' dir='ltr'><strong>Nam</strong></span> <span class='ocrx_word' id='word_1_662' title='bbox 3303 4007 3421 4076; x_wconf 86' lang='lat' dir='ltr'><strong>ipse</strong></span> 
     </span>
    </p>
   </div>
   <div class='ocr_carea' id='block_1_87' title="bbox 1849 4102 3420 4172">
    <p class='ocr_par' dir='ltr' id='par_1_87' title="bbox 1849 4102 3420 4172">
     <span class='ocr_line' id='line_1_87' title="bbox 1849 4102 3420 4172; baseline -0.006 -10"><span class='ocrx_word' id='word_1_663' title='bbox 1849 4109 2111 4165; x_wconf 86' lang='lat' dir='ltr'><strong>Dominus</strong></span> <span class='ocrx_word' id='word_1_664' title='bbox 2156 4116 2345 4161; x_wconf 83' lang='lat' dir='ltr'><strong>noster</strong></span> <span class='ocrx_word' id='word_1_665' title='bbox 2377 4106 2612 4160; x_wconf 89' lang='lat' dir='ltr'><strong>humiles</strong></span> <span class='ocrx_word' id='word_1_666' title='bbox 2642 4112 2697 4159; x_wconf 91' lang='lat' dir='ltr'><strong>et</strong></span> <span class='ocrx_word' id='word_1_667' title='bbox 2729 4102 2969 4172; x_wconf 76' lang='lat' dir='ltr'><strong>abiectos</strong></span> <span class='ocrx_word' id='word_1_668' title='bbox 2990 4140 3006 4164; x_wconf 93' lang='lat'><strong>,</strong></span> <span class='ocrx_word' id='word_1_669' title='bbox 3053 4110 3108 4155; x_wconf 91' lang='lat' dir='ltr'><strong>et</strong></span> <span class='ocrx_word' id='word_1_670' title='bbox 3154 4113 3420 4169; x_wconf 85' lang='lat' dir='ltr'><strong>pauperes</strong></span> 
     </span>
    </p>
   </div>
   <div class='ocr_carea' id='block_1_88' title="bbox 1845 4192 3417 4266">
    <p class='ocr_par' dir='ltr' id='par_1_88' title="bbox 1845 4192 3417 4266">
     <span class='ocr_line' id='line_1_88' title="bbox 1845 4192 3417 4266; baseline -0.008 -12"><span class='ocrx_word' id='word_1_671' title='bbox 1845 4210 1901 4254; x_wconf 89' lang='lat' dir='ltr'><strong>et</strong></span> <span class='ocrx_word' id='word_1_672' title='bbox 1932 4198 2209 4253; x_wconf 89' lang='lat' dir='ltr'><strong>mendicos</strong></span> <span class='ocrx_word' id='word_1_673' title='bbox 2237 4197 2400 4266; x_wconf 85' lang='lat' dir='ltr'><strong>elegit</strong></span> <span class='ocrx_word' id='word_1_674' title='bbox 2421 4236 2436 4262; x_wconf 95' lang='lat'><strong>,</strong></span> <span class='ocrx_word' id='word_1_675' title='bbox 2469 4196 2664 4251; x_wconf 80' lang='lat' dir='ltr'><strong>divites</strong></span> <span class='ocrx_word' id='word_1_676' title='bbox 2713 4208 2845 4249; x_wconf 90' lang='lat' dir='ltr'><strong>vero</strong></span> <span class='ocrx_word' id='word_1_677' title='bbox 2865 4233 2880 4258; x_wconf 95' lang='lat'><strong>,</strong></span> <span class='ocrx_word' id='word_1_678' title='bbox 2916 4192 3199 4262; x_wconf 82' lang='lat' dir='ltr'><strong>gloriaque</strong></span> <span class='ocrx_word' id='word_1_679' title='bbox 3234 4198 3291 4244; x_wconf 86' lang='lat' dir='ltr'><strong>et</strong></span> <span class='ocrx_word' id='word_1_680' title='bbox 3321 4204 3417 4259; x_wconf 87' lang='lat' dir='ltr'><strong>ge-</strong></span> 
     </span>
    </p>
   </div>
   <div class='ocr_carea' id='block_1_89' title="bbox 1845 4284 3421 4362">
    <p class='ocr_par' dir='ltr' id='par_1_89' title="bbox 1845 4284 3421 4362">
     <span class='ocr_line' id='line_1_89' title="bbox 1845 4284 3421 4362; baseline -0.007 -16"><span class='ocrx_word' id='word_1_681' title='bbox 1845 4308 1975 4346; x_wconf 89' lang='lat' dir='ltr'><strong>nere</strong></span> <span class='ocrx_word' id='word_1_682' title='bbox 2002 4292 2289 4361; x_wconf 85' lang='lat' dir='ltr'><strong>magniﬁce</strong></span> <span class='ocrx_word' id='word_1_683' title='bbox 2314 4290 2610 4362; x_wconf 81' lang='lat' dir='ltr'><strong>gloriantes</strong></span> <span class='ocrx_word' id='word_1_684' title='bbox 2641 4288 2872 4343; x_wconf 78' lang='lat' dir='ltr'><strong>fremere</strong></span> <span class='ocrx_word' id='word_1_685' title='bbox 2890 4285 3080 4356; x_wconf 85' lang='lat' dir='ltr'><strong>jussit.</strong></span> <span class='ocrx_word' id='word_1_686' title='bbox 3106 4284 3291 4353; x_wconf 85' lang='lat' dir='ltr'><strong>Itaque</strong></span> <span class='ocrx_word' id='word_1_687' title='bbox 3318 4297 3421 4336; x_wconf 88' lang='lat' dir='ltr'><strong>ne-</strong></span> 
     </span>
    </p>
   </div>
   <div class='ocr_carea' id='block_1_90' title="bbox 1845 4375 3419 4450">
    <p class='ocr_par' dir='ltr' id='par_1_90' title="bbox 1845 4375 3419 4450">
     <span class='ocr_line' id='line_1_90' title="bbox 1845 4375 3419 4450; baseline -0.009 -11"><span class='ocrx_word' id='word_1_688' title='bbox 1845 4385 2043 4440; x_wconf 89' lang='lat' dir='ltr'><strong>minem</strong></span> <span class='ocrx_word' id='word_1_689' title='bbox 2068 4384 2188 4439; x_wconf 90' lang='lat' dir='ltr'><strong>ideo</strong></span> <span class='ocrx_word' id='word_1_690' title='bbox 2216 4384 2458 4437; x_wconf 90' lang='lat' dir='ltr'><strong>animum</strong></span> <span class='ocrx_word' id='word_1_691' title='bbox 2491 4381 2830 4450; x_wconf 85' lang='lat' dir='ltr'><strong>despondere</strong></span> <span class='ocrx_word' id='word_1_692' title='bbox 2862 4387 3101 4448; x_wconf 87' lang='lat' dir='ltr'><strong>oportet,</strong></span> <span class='ocrx_word' id='word_1_693' title='bbox 3135 4375 3283 4447; x_wconf 84' lang='lat' dir='ltr'><strong>quod</strong></span> <span class='ocrx_word' id='word_1_694' title='bbox 3316 4376 3419 4428; x_wconf 92' lang='lat' dir='ltr'><strong>hu-</strong></span> 
     </span>
    </p>
   </div>
   <div class='ocr_carea' id='block_1_91' title="bbox 168 4463 1735 4559">
    <p class='ocr_par' dir='ltr' id='par_1_91' title="bbox 168 4463 1733 4539">
     <span class='ocr_line' id='line_1_91' title="bbox 168 4463 1733 4539; baseline 0.001 -21"><span class='ocrx_word' id='word_1_695' title='bbox 168 4467 257 4539; x_wconf 76' lang='grc' dir='ltr'>καὶ</span> <span class='ocrx_word' id='word_1_696' title='bbox 304 4466 526 4537; x_wconf 84' lang='grc' dir='ltr'>μέτοχον</span> <span class='ocrx_word' id='word_1_697' title='bbox 567 4463 663 4518; x_wconf 90' lang='grc' dir='ltr'><strong>τοῦ</strong></span> <span class='ocrx_word' id='word_1_698' title='bbox 691 4463 1049 4518; x_wconf 79' lang='grc' dir='ltr'>ἀποστολικοῦ</span> <span class='ocrx_word' id='word_1_699' title='bbox 1105 4465 1266 4535; x_wconf 89' lang='grc' dir='ltr'>χοροῦ</span> <span class='ocrx_word' id='word_1_700' title='bbox 1314 4464 1404 4519; x_wconf 72' lang='grc' dir='ltr'>διὰ</span> <span class='ocrx_word' id='word_1_701' title='bbox 1452 4465 1551 4535; x_wconf 84' lang='grc' dir='ltr'><strong>τῆς</strong></span> <span class='ocrx_word' id='word_1_702' title='bbox 1582 4466 1733 4520; x_wconf 81' lang='grc' dir='ltr'>εὐτε-</span> 
     </span>
    </p>
   </div>
   <div class='ocr_carea' id='block_1_92' title="bbox 1841 4463 3419 4559">
    <p class='ocr_par' dir='ltr' id='par_1_92' title="bbox 1848 4467 3419 4543">
     <span class='ocr_line' id='line_1_92' title="bbox 1848 4467 3419 4543; baseline -0.008 -12"><span class='ocrx_word' id='word_1_703' title='bbox 1848 4477 1993 4533; x_wconf 90' lang='lat' dir='ltr'><strong>milis</strong></span> <span class='ocrx_word' id='word_1_704' title='bbox 2011 4485 2132 4543; x_wconf 85' lang='lat' dir='ltr'><strong>est;</strong></span> <span class='ocrx_word' id='word_1_705' title='bbox 2170 4476 2280 4529; x_wconf 90' lang='lat' dir='ltr'><strong>imo</strong></span> <span class='ocrx_word' id='word_1_706' title='bbox 2310 4489 2439 4528; x_wconf 93' lang='lat' dir='ltr'><strong>vero</strong></span> <span class='ocrx_word' id='word_1_707' title='bbox 2470 4472 2552 4528; x_wconf 86' lang='lat' dir='ltr'><strong>l‘as</strong></span> <span class='ocrx_word' id='word_1_708' title='bbox 2584 4483 2669 4528; x_wconf 90' lang='lat' dir='ltr'><strong>est</strong></span> <span class='ocrx_word' id='word_1_709' title='bbox 2718 4487 2844 4528; x_wconf 90' lang='lat' dir='ltr'><strong>eum</strong></span> <span class='ocrx_word' id='word_1_710' title='bbox 2876 4469 3068 4534; x_wconf 65' lang='lat' dir='ltr'><strong>laetari,</strong></span> <span class='ocrx_word' id='word_1_711' title='bbox 3108 4467 3256 4539; x_wconf 88' lang='lat' dir='ltr'><strong>quod</strong></span> <span class='ocrx_word' id='word_1_712' title='bbox 3296 4480 3419 4535; x_wconf 90' lang='lat' dir='ltr'><strong>par-</strong></span> 
     </span>
    </p>
   </div>
   <div class='ocr_carea' id='block_1_93' title="bbox 169 4554 1732 4623">
    <p class='ocr_par' dir='ltr' id='par_1_93' title="bbox 169 4554 1732 4623">
     <span class='ocr_line' id='line_1_93' title="bbox 169 4554 1732 4623; baseline 0.003 -17"><span class='ocrx_word' id='word_1_713' title='bbox 169 4554 308 4620; x_wconf 88' lang='grc' dir='ltr'>λείας</span> <span class='ocrx_word' id='word_1_714' title='bbox 338 4558 433 4611; x_wconf 70' lang='grc' dir='ltr'><strong>κα)⁸</strong></span> <span class='ocrx_word' id='word_1_715' title='bbox 476 4555 865 4623; x_wconf 82' lang='grc' dir='ltr'>ταπεινότητος</span> <span class='ocrx_word' id='word_1_716' title='bbox 907 4556 1125 4611; x_wconf 82' lang='grc' dir='ltr'>ὲννοῶν.</span> <span class='ocrx_word' id='word_1_717' title='bbox 1169 4554 1306 4607; x_wconf 80' lang='grc' dir='ltr'>Ἀλλ’</span> <span class='ocrx_word' id='word_1_718' title='bbox 1346 4556 1477 4620; x_wconf 87' lang='grc' dir='ltr'>ίσως</span> <span class='ocrx_word' id='word_1_719' title='bbox 1533 4555 1600 4610; x_wconf 78' lang='grc' dir='ltr'>ἀν</span> <span class='ocrx_word' id='word_1_720' title='bbox 1646 4574 1732 4621; x_wconf 87' lang='grc' dir='ltr'><strong>τις</strong></span> 
     </span>
    </p>
   </div>
   <div class='ocr_carea' id='block_1_94' title="bbox 168 4646 1729 4720">
    <p class='ocr_par' dir='ltr' id='par_1_94' title="bbox 168 4646 1729 4720">
     <span class='ocr_line' id='line_1_94' title="bbox 168 4646 1729 4720; baseline 0.002 -20"><span class='ocrx_word' id='word_1_721' title='bbox 168 4646 446 4720; x_wconf 80' lang='grc' dir='ltr'>ὑποφέρων</span> <span class='ocrx_word' id='word_1_722' title='bbox 484 4650 622 4718; x_wconf 82' lang='grc' dir='ltr'>έρεί,</span> <span class='ocrx_word' id='word_1_723' title='bbox 678 4647 753 4710; x_wconf 83' lang='grc' dir='ltr'><strong>ὡς</strong></span> <span class='ocrx_word' id='word_1_724' title='bbox 791 4647 1050 4717; x_wconf 84' lang='grc' dir='ltr'>ἁρμόσειε</span> <span class='ocrx_word' id='word_1_725' title='bbox 1104 4646 1164 4699; x_wconf 86' lang='grc' dir='ltr'>τὺ</span> <span class='ocrx_word' id='word_1_726' title='bbox 1192 4648 1286 4701; x_wconf 92' lang='grc' dir='ltr'><strong>νῦν</strong></span> <span class='ocrx_word' id='word_1_727' title='bbox 1318 4647 1608 4719; x_wconf 81' lang='grc' dir='ltr'>εἰρημένον</span> <span class='ocrx_word' id='word_1_728' title='bbox 1668 4649 1729 4703; x_wconf 87' lang='grc' dir='ltr'><strong>ού</strong></span> 
     </span>
    </p>
   </div>
   <div class='ocr_carea' id='block_1_95' title="bbox 170 4738 1732 4811">
    <p class='ocr_par' dir='ltr' id='par_1_95' title="bbox 170 4738 1732 4811">
     <span class='ocr_line' id='line_1_95' title="bbox 170 4738 1732 4811; baseline 0.004 -21"><span class='ocrx_word' id='word_1_729' title='bbox 170 4740 294 4810; x_wconf 76' lang='grc' dir='ltr'>πρὸς</span> <span class='ocrx_word' id='word_1_730' title='bbox 321 4742 448 4804; x_wconf 84' lang='grc' dir='ltr'>τοὺς</span> <span class='ocrx_word' id='word_1_731' title='bbox 503 4740 839 4811; x_wconf 83' lang='grc' dir='ltr'>ἀρχομένους</span> <span class='ocrx_word' id='word_1_732' title='bbox 867 4739 989 4792; x_wconf 85' lang='grc' dir='ltr'>τότε</span> <span class='ocrx_word' id='word_1_733' title='bbox 1036 4738 1333 4804; x_wconf 75' lang='grc' dir='ltr'>πιστεύειν,</span> <span class='ocrx_word' id='word_1_734' title='bbox 1362 4739 1498 4795; x_wconf 83' lang='grc' dir='ltr'>ἀλλὰ</span> <span class='ocrx_word' id='word_1_735' title='bbox 1529 4741 1732 4811; x_wconf 75' lang='grc' dir='ltr'>μᾶλλον</span> 
     </span>
    </p>
   </div>
   <div class='ocr_carea' id='block_1_96' title="bbox 171 4832 1733 4906">
    <p class='ocr_par' dir='ltr' id='par_1_96' title="bbox 171 4832 1733 4906">
     <span class='ocr_line' id='line_1_96' title="bbox 171 4832 1733 4906; baseline 0.003 -23"><span class='ocrx_word' id='word_1_736' title='bbox 171 4833 298 4902; x_wconf 76' lang='grc' dir='ltr'>πρὸς</span> <span class='ocrx_word' id='word_1_737' title='bbox 326 4835 452 4898; x_wconf 73' lang='grc' dir='ltr'>τοὺς</span> <span class='ocrx_word' id='word_1_738' title='bbox 479 4834 571 4888; x_wconf 88' lang='grc' dir='ltr'><strong>νῦν</strong></span> <span class='ocrx_word' id='word_1_739' title='bbox 606 4833 853 4896; x_wconf 82' lang='grc' dir='ltr'>πιστούς.</span> <span class='ocrx_word' id='word_1_740' title='bbox 884 4832 1051 4885; x_wconf 87' lang='grc' dir='ltr'>Οῦπω</span> <span class='ocrx_word' id='word_1_741' title='bbox 1085 4832 1193 4903; x_wconf 86' lang='grc' dir='ltr'><strong>γὰρ</strong></span> <span class='ocrx_word' id='word_1_742' title='bbox 1231 4834 1457 4895; x_wconf 80' lang='grc' dir='ltr'>ἐκείνοις</span> <span class='ocrx_word' id='word_1_743' title='bbox 1484 4835 1733 4906; x_wconf 82' lang='grc' dir='ltr'>λαμπρὸν</span> 
     </span>
    </p>
   </div>
   <div class='ocr_carea' id='block_1_97' title="bbox 168 4925 1726 4996">
    <p class='ocr_par' dir='ltr' id='par_1_97' title="bbox 168 4925 1726 4996">
     <span class='ocr_line' id='line_1_97' title="bbox 168 4925 1726 4996; baseline 0.003 -19"><span class='ocrx_word' id='word_1_744' title='bbox 168 4925 303 4985; x_wconf 75' lang='grc' dir='ltr'>οὕτω</span> <span class='ocrx_word' id='word_1_745' title='bbox 337 4926 434 4979; x_wconf 70' lang='grc' dir='ltr'><strong>καὶ</strong></span> <span class='ocrx_word' id='word_1_746' title='bbox 491 4926 923 4996; x_wconf 79' lang='grc' dir='ltr'>ἀξιοθαύμαστον</span> <span class='ocrx_word' id='word_1_747' title='bbox 974 4926 1034 4978; x_wconf 82' lang='grc' dir='ltr'><strong>τὸ</strong></span> <span class='ocrx_word' id='word_1_748' title='bbox 1080 4925 1190 4979; x_wconf 86' lang='grc' dir='ltr'>τῶν</span> <span class='ocrx_word' id='word_1_749' title='bbox 1254 4926 1568 4980; x_wconf 86' lang='grc' dir='ltr'>ἀποστόλων</span> <span class='ocrx_word' id='word_1_750' title='bbox 1631 4930 1726 4981; x_wconf 82' lang='grc' dir='ltr'><strong>ὑπο</strong></span> 
     </span>
    </p>
   </div>
   <div class='ocr_carea' id='block_1_98' title="bbox 170 5017 1731 5089">
    <p class='ocr_par' dir='ltr' id='par_1_98' title="bbox 170 5017 1731 5089">
     <span class='ocr_line' id='line_1_98' title="bbox 170 5017 1731 5089; baseline 0.001 -18"><span class='ocrx_word' id='word_1_751' title='bbox 170 5017 332 5089; x_wconf 82' lang='grc' dir='ltr'>ἦρχεν</span> <span class='ocrx_word' id='word_1_752' title='bbox 386 5019 628 5088; x_wconf 79' lang='grc' dir='ltr'>ἀξίωμα,</span> <span class='ocrx_word' id='word_1_753' title='bbox 664 5018 741 5081; x_wconf 84' lang='grc' dir='ltr'>ὼς</span> <span class='ocrx_word' id='word_1_754' title='bbox 788 5019 895 5071; x_wconf 84' lang='grc' dir='ltr'><strong>ἀπὸ</strong></span> <span class='ocrx_word' id='word_1_755' title='bbox 938 5018 1032 5071; x_wconf 88' lang='grc' dir='ltr'><strong>τοῦ</strong></span> <span class='ocrx_word' id='word_1_756' title='bbox 1062 5017 1183 5071; x_wconf 82' lang='grc' dir='ltr'>κατ’</span> <span class='ocrx_word' id='word_1_757' title='bbox 1220 5018 1421 5081; x_wconf 81' lang='grc' dir='ltr'>αὐτοὺς</span> <span class='ocrx_word' id='word_1_758' title='bbox 1471 5020 1731 5089; x_wconf 86' lang='grc' dir='ltr'>παραδεί-</span> 
     </span>
    </p>
   </div>
   <div class='ocr_carea' id='block_1_99' title="bbox 169 5110 1734 5182">
    <p class='ocr_par' dir='ltr' id='par_1_99' title="bbox 169 5110 1734 5182">
     <span class='ocr_line' id='line_1_99' title="bbox 169 5110 1734 5182; baseline 0 -18"><span class='ocrx_word' id='word_1_759' title='bbox 169 5126 370 5180; x_wconf 80' lang='grc' dir='ltr'>γματος</span> <span class='ocrx_word' id='word_1_760' title='bbox 421 5114 503 5175; x_wconf 84' lang='grc' dir='ltr'><strong>είς</strong></span> <span class='ocrx_word' id='word_1_761' title='bbox 535 5111 767 5181; x_wconf 84' lang='grc' dir='ltr'>μίμησιν</span> <span class='ocrx_word' id='word_1_762' title='bbox 790 5111 993 5182; x_wconf 84' lang='grc' dir='ltr'>ἀρετῆς</span> <span class='ocrx_word' id='word_1_763' title='bbox 1037 5111 1133 5164; x_wconf 74' lang='grc' dir='ltr'><strong>καὶ</strong></span> <span class='ocrx_word' id='word_1_764' title='bbox 1175 5110 1334 5181; x_wconf 81' lang='grc' dir='ltr'>ζῆλον</span> <span class='ocrx_word' id='word_1_765' title='bbox 1383 5111 1510 5173; x_wconf 84' lang='grc' dir='ltr'>τοὺς</span> <span class='ocrx_word' id='word_1_766' title='bbox 1541 5111 1734 5175; x_wconf 80' lang='grc' dir='ltr'>ἄλλους</span> 
     </span>
    </p>
   </div>
   <div class='ocr_carea' id='block_1_100' title="bbox 170 5201 1734 5275">
    <p class='ocr_par' dir='ltr' id='par_1_100' title="bbox 170 5201 1734 5275">
     <span class='ocr_line' id='line_1_100' title="bbox 170 5201 1734 5275; baseline 0.002 -22"><span class='ocrx_word' id='word_1_767' title='bbox 170 5203 578 5271; x_wconf 83' lang='grc' dir='ltr'>προκαλεῖσθαι.</span> <span class='ocrx_word' id='word_1_768' title='bbox 646 5202 815 5275; x_wconf 56' lang='lat' dir='ltr'><strong>aestv</strong></span> <span class='ocrx_word' id='word_1_769' title='bbox 862 5203 921 5256; x_wconf 75' lang='grc' dir='ltr'>δὲ</span> <span class='ocrx_word' id='word_1_770' title='bbox 978 5204 1087 5273; x_wconf 83' lang='grc' dir='ltr'>ἄρα</span> <span class='ocrx_word' id='word_1_771' title='bbox 1140 5201 1296 5255; x_wconf 88' lang='grc' dir='ltr'>τοῦτο</span> <span class='ocrx_word' id='word_1_772' title='bbox 1351 5202 1566 5256; x_wconf 88' lang='grc' dir='ltr'>κωλύει,</span> <span class='ocrx_word' id='word_1_773' title='bbox 1622 5204 1734 5258; x_wconf 76' lang='grc' dir='ltr'><strong>Καὶ</strong></span> 
     </span>
    </p>
   </div>
   <div class='ocr_carea' id='block_1_101' title="bbox 169 5293 1732 5367">
    <p class='ocr_par' dir='ltr' id='par_1_101' title="bbox 169 5293 1732 5367">
     <span class='ocr_line' id='line_1_101' title="bbox 169 5293 1732 5367; baseline 0.001 -21"><span class='ocrx_word' id='word_1_774' title='bbox 169 5295 272 5367; x_wconf 75' lang='grc' dir='ltr'>γὰρ</span> <span class='ocrx_word' id='word_1_775' title='bbox 309 5295 404 5348; x_wconf 76' lang='grc' dir='ltr'>καὶ</span> <span class='ocrx_word' id='word_1_776' title='bbox 428 5295 553 5348; x_wconf 83' lang='grc' dir='ltr'>τότε</span> <span class='ocrx_word' id='word_1_777' title='bbox 608 5294 785 5348; x_wconf 74' lang='grc' dir='ltr'>αὐτῶν</span> <span class='ocrx_word' id='word_1_778' title='bbox 818 5295 878 5347; x_wconf 85' lang='grc' dir='ltr'>τὸ</span> <span class='ocrx_word' id='word_1_779' title='bbox 929 5293 1027 5363; x_wconf 83' lang='grc' dir='ltr'>τῆς</span> <span class='ocrx_word' id='word_1_780' title='bbox 1066 5293 1267 5365; x_wconf 85' lang='grc' dir='ltr'>ἀρετῆς</span> <span class='ocrx_word' id='word_1_781' title='bbox 1317 5293 1545 5361; x_wconf 75' lang='grc' dir='ltr'>μέγεθος</span> <span class='ocrx_word' id='word_1_782' title='bbox 1610 5311 1732 5364; x_wconf 86' lang='grc' dir='ltr'>σχε-</span> 
     </span>
    </p>
   </div>
   <div class='ocr_carea' id='block_1_102' title="bbox 168 5384 1738 5455">
    <p class='ocr_par' dir='ltr' id='par_1_102' title="bbox 168 5384 1738 5455">
     <span class='ocr_line' id='line_1_102' title="bbox 168 5384 1738 5455; baseline 0.004 -18"><span class='ocrx_word' id='word_1_783' title='bbox 168 5384 253 5437; x_wconf 68' lang='grc' dir='ltr'><strong>δὸν</strong></span> <span class='ocrx_word' id='word_1_784' title='bbox 302 5387 496 5441; x_wconf 78' lang='grc' dir='ltr'>οὐδένα</span> <span class='ocrx_word' id='word_1_785' title='bbox 538 5388 861 5455; x_wconf 81' lang='grc' dir='ltr'>ἐλάνθανεν,</span> <span class='ocrx_word' id='word_1_786' title='bbox 901 5387 1104 5455; x_wconf 82' lang='grc' dir='ltr'>ὅπουγε</span> <span class='ocrx_word' id='word_1_787' title='bbox 1154 5387 1250 5441; x_wconf 77' lang='grc' dir='ltr'><strong>καὶ</strong></span> <span class='ocrx_word' id='word_1_788' title='bbox 1302 5387 1515 5450; x_wconf 85' lang='grc' dir='ltr'>θυσίαις</span> <span class='ocrx_word' id='word_1_789' title='bbox 1541 5387 1738 5451; x_wconf 83' lang='grc' dir='ltr'>αὐτοὺς</span> 
     </span>
    </p>
   </div>
   <div class='ocr_carea' id='block_1_103' title="bbox 231 5473 1056 5549">
    <p class='ocr_par' dir='ltr' id='par_1_103' title="bbox 231 5473 1056 5549">
     <span class='ocr_line' id='line_1_103' title="bbox 231 5473 1056 5549; baseline 0.001 -14"><span class='ocrx_word' id='word_1_790' title='bbox 231 5473 277 5502; x_wconf 82' lang='grc'>“</span> <span class='ocrx_word' id='word_1_791' title='bbox 300 5481 461 5538; x_wconf 76' lang='lat' dir='ltr'><strong>Rom.</strong></span> <span class='ocrx_word' id='word_1_792' title='bbox 498 5499 533 5545; x_wconf 85' lang='grc' dir='ltr'>ι.</span> <span class='ocrx_word' id='word_1_793' title='bbox 574 5484 631 5538; x_wconf 78' lang='lat'><strong>5.</strong></span> <span class='ocrx_word' id='word_1_794' title='bbox 698 5484 744 5531; x_wconf 71' lang='grc'><strong>⁸³</strong></span> <span class='ocrx_word' id='word_1_795' title='bbox 773 5483 889 5539; x_wconf 80' lang='lat' dir='ltr'><strong>Jac.</strong></span> <span class='ocrx_word' id='word_1_796' title='bbox 925 5499 962 5549; x_wconf 90' lang='grc' dir='ltr'><strong>ι,</strong></span> <span class='ocrx_word' id='word_1_797' title='bbox 1002 5484 1056 5537; x_wconf 88' lang='lat'><strong>9.</strong></span> 
     </span>
    </p>
   </div>
   <div class='ocr_carea' id='block_1_104' title="bbox 1840 4557 3419 4640">
    <p class='ocr_par' dir='ltr' id='par_1_104' title="bbox 1840 4557 3419 4640">
     <span class='ocr_line' id='line_1_104' title="bbox 1840 4557 3419 4640; baseline -0.008 -14"><span class='ocrx_word' id='word_1_798' title='bbox 1840 4572 2057 4640; x_wconf 89' lang='lat' dir='ltr'><strong>ticipem</strong></span> <span class='ocrx_word' id='word_1_799' title='bbox 2090 4585 2152 4624; x_wconf 90' lang='lat' dir='ltr'><strong>se</strong></span> <span class='ocrx_word' id='word_1_800' title='bbox 2180 4579 2233 4624; x_wconf 90' lang='lat' dir='ltr'><strong>ct</strong></span> <span class='ocrx_word' id='word_1_801' title='bbox 2261 4578 2573 4623; x_wconf 86' lang='lat' dir='ltr'><strong>consortem</strong></span> <span class='ocrx_word' id='word_1_802' title='bbox 2619 4564 2908 4636; x_wconf 89' lang='lat' dir='ltr'><strong>apostolici</strong></span> <span class='ocrx_word' id='word_1_803' title='bbox 2969 4563 3121 4617; x_wconf 93' lang='lat' dir='ltr'><strong>chori</strong></span> <span class='ocrx_word' id='word_1_804' title='bbox 3168 4561 3285 4629; x_wconf 86' lang='lat' dir='ltr'><strong>ipsa</strong></span> <span class='ocrx_word' id='word_1_805' title='bbox 3328 4557 3419 4613; x_wconf 89' lang='lat' dir='ltr'><strong>illa</strong></span> 
     </span>
    </p>
   </div>
   <div class='ocr_carea' id='block_1_105' title="bbox 1838 4652 3415 4732">
    <p class='ocr_par' dir='ltr' id='par_1_105' title="bbox 1838 4652 3415 4732">
     <span class='ocr_line' id='line_1_105' title="bbox 1838 4652 3415 4732; baseline -0.006 -15"><span class='ocrx_word' id='word_1_806' title='bbox 1838 4663 2047 4732; x_wconf 88' lang='lat' dir='ltr'><strong>abjecta</strong></span> <span class='ocrx_word' id='word_1_807' title='bbox 2081 4662 2380 4731; x_wconf 89' lang='lat' dir='ltr'><strong>humilique</strong></span> <span class='ocrx_word' id='word_1_808' title='bbox 2426 4668 2572 4715; x_wconf 90' lang='lat' dir='ltr'><strong>sorte</strong></span> <span class='ocrx_word' id='word_1_809' title='bbox 2597 4674 2695 4713; x_wconf 87' lang='lat' dir='ltr'><strong>sua</strong></span> <span class='ocrx_word' id='word_1_810' title='bbox 2731 4657 2933 4713; x_wconf 81' lang='lat' dir='ltr'><strong>factum</strong></span> <span class='ocrx_word' id='word_1_811' title='bbox 2980 4670 3101 4710; x_wconf 87' lang='lat' dir='ltr'><strong>esse</strong></span> <span class='ocrx_word' id='word_1_812' title='bbox 3143 4652 3415 4723; x_wconf 89' lang='lat' dir='ltr'><strong>intelligit.</strong></span> 
     </span>
    </p>
   </div>
   <div class='ocr_carea' id='block_1_106' title="bbox 1841 4745 3415 4820">
    <p class='ocr_par' dir='ltr' id='par_1_106' title="bbox 1841 4745 3415 4820">
     <span class='ocr_line' id='line_1_106' title="bbox 1841 4745 3415 4820; baseline -0.007 -13"><span class='ocrx_word' id='word_1_813' title='bbox 1841 4751 2101 4819; x_wconf 86' lang='lat' dir='ltr'><strong>Fortasse</strong></span> <span class='ocrx_word' id='word_1_814' title='bbox 2146 4766 2273 4805; x_wconf 77' lang='lat' dir='ltr'><strong>vero</strong></span> <span class='ocrx_word' id='word_1_815' title='bbox 2320 4751 2518 4820; x_wconf 84' lang='lat' dir='ltr'><strong>aliquis</strong></span> <span class='ocrx_word' id='word_1_816' title='bbox 2569 4760 2758 4805; x_wconf 87' lang='lat' dir='ltr'><strong>contra</strong></span> <span class='ocrx_word' id='word_1_817' title='bbox 2813 4746 2927 4799; x_wconf 85' lang='lat' dir='ltr'><strong>haec</strong></span> <span class='ocrx_word' id='word_1_818' title='bbox 2978 4745 3292 4814; x_wconf 83' lang='lat' dir='ltr'><strong>exceperit,</strong></span> <span class='ocrx_word' id='word_1_819' title='bbox 3327 4757 3415 4807; x_wconf 84' lang='lat' dir='ltr'><strong>ea,</strong></span> 
     </span>
    </p>
   </div>
   <div class='ocr_carea' id='block_1_107' title="bbox 1840 4837 3416 4913">
    <p class='ocr_par' dir='ltr' id='par_1_107' title="bbox 1840 4837 3416 4913">
     <span class='ocr_line' id='line_1_107' title="bbox 1840 4837 3416 4913; baseline -0.004 -17"><span class='ocrx_word' id='word_1_820' title='bbox 1840 4860 1960 4913; x_wconf 84' lang='lat' dir='ltr'><strong>qu:e</strong></span> <span class='ocrx_word' id='word_1_821' title='bbox 1996 4844 2268 4910; x_wconf 79' lang='lat' dir='ltr'><strong>diximus,</strong></span> <span class='ocrx_word' id='word_1_822' title='bbox 2313 4860 2421 4897; x_wconf 92' lang='lat' dir='ltr'><strong>non</strong></span> <span class='ocrx_word' id='word_1_823' title='bbox 2454 4846 2504 4897; x_wconf 90' lang='lat' dir='ltr'><strong>in</strong></span> <span class='ocrx_word' id='word_1_824' title='bbox 2550 4858 2647 4897; x_wconf 87' lang='lat' dir='ltr'><strong>eos</strong></span> <span class='ocrx_word' id='word_1_825' title='bbox 2671 4880 2688 4907; x_wconf 92' lang='lat'><strong>,</strong></span> <span class='ocrx_word' id='word_1_826' title='bbox 2720 4842 2813 4911; x_wconf 89' lang='lat' dir='ltr'><strong>qui</strong></span> <span class='ocrx_word' id='word_1_827' title='bbox 2845 4841 3066 4895; x_wconf 89' lang='lat' dir='ltr'><strong>credere</strong></span> <span class='ocrx_word' id='word_1_828' title='bbox 3093 4837 3416 4907; x_wconf 90' lang='lat' dir='ltr'><strong>inceperint,</strong></span> 
     </span>
    </p>
   </div>
   <div class='ocr_carea' id='block_1_108' title="bbox 1840 4929 3416 5004">
    <p class='ocr_par' dir='ltr' id='par_1_108' title="bbox 1840 4929 3416 5004">
     <span class='ocr_line' id='line_1_108' title="bbox 1840 4929 3416 5004; baseline -0.005 -15"><span class='ocrx_word' id='word_1_829' title='bbox 1840 4935 1935 4989; x_wconf 88' lang='lat' dir='ltr'><strong>sed</strong></span> <span class='ocrx_word' id='word_1_830' title='bbox 1973 4935 2024 4988; x_wconf 92' lang='lat' dir='ltr'><strong>in</strong></span> <span class='ocrx_word' id='word_1_831' title='bbox 2066 4934 2188 4989; x_wconf 86' lang='lat' dir='ltr'><strong>illos</strong></span> <span class='ocrx_word' id='word_1_832' title='bbox 2241 4937 2458 5003; x_wconf 86' lang='lat' dir='ltr'><strong>potius,</strong></span> <span class='ocrx_word' id='word_1_833' title='bbox 2514 4934 2607 5003; x_wconf 88' lang='lat' dir='ltr'><strong>qui</strong></span> <span class='ocrx_word' id='word_1_834' title='bbox 2651 4935 2762 5004; x_wconf 88' lang='lat' dir='ltr'><strong>jam</strong></span> <span class='ocrx_word' id='word_1_835' title='bbox 2805 4931 3075 4995; x_wconf 90' lang='lat' dir='ltr'><strong>credunt,</strong></span> <span class='ocrx_word' id='word_1_836' title='bbox 3123 4929 3416 4999; x_wconf 89' lang='lat' dir='ltr'><strong>quadrare.</strong></span> 
     </span>
    </p>
   </div>
   <div class='ocr_carea' id='block_1_109' title="bbox 1841 5017 3417 5092">
    <p class='ocr_par' dir='ltr' id='par_1_109' title="bbox 1841 5017 3417 5092">
     <span class='ocr_line' id='line_1_109' title="bbox 1841 5017 3417 5092; baseline -0.003 -17"><span class='ocrx_word' id='word_1_837' title='bbox 1841 5022 1996 5076; x_wconf 87' lang='lat' dir='ltr'><strong>Tunc</strong></span> <span class='ocrx_word' id='word_1_838' title='bbox 2019 5022 2164 5075; x_wconf 80' lang='lat' dir='ltr'><strong>enim</strong></span> <span class='ocrx_word' id='word_1_839' title='bbox 2192 5023 2475 5092; x_wconf 84' lang='lat' dir='ltr'><strong>apostolici</strong></span> <span class='ocrx_word' id='word_1_840' title='bbox 2510 5021 2755 5077; x_wconf 88' lang='lat' dir='ltr'><strong>muneris</strong></span> <span class='ocrx_word' id='word_1_841' title='bbox 2778 5020 3012 5091; x_wconf 85' lang='lat' dir='ltr'><strong>dignitas</strong></span> <span class='ocrx_word' id='word_1_842' title='bbox 3046 5028 3157 5074; x_wconf 86' lang='lat' dir='ltr'><strong>tam</strong></span> <span class='ocrx_word' id='word_1_843' title='bbox 3184 5017 3417 5072; x_wconf 88' lang='lat' dir='ltr'><strong>illustris</strong></span> 
     </span>
    </p>
   </div>
   <div class='ocr_carea' id='block_1_110' title="bbox 1842 5110 3419 5181">
    <p class='ocr_par' dir='ltr' id='par_1_110' title="bbox 1842 5110 3419 5181">
     <span class='ocr_line' id='line_1_110' title="bbox 1842 5110 3419 5181; baseline -0.004 -13"><span class='ocrx_word' id='word_1_844' title='bbox 1842 5126 1935 5169; x_wconf 89' lang='lat' dir='ltr'><strong>aut</strong></span> <span class='ocrx_word' id='word_1_845' title='bbox 1971 5114 2295 5169; x_wconf 85' lang='lat' dir='ltr'><strong>admiranda</strong></span> <span class='ocrx_word' id='word_1_846' title='bbox 2322 5116 2437 5170; x_wconf 90' lang='lat' dir='ltr'><strong>visa</strong></span> <span class='ocrx_word' id='word_1_847' title='bbox 2468 5131 2572 5169; x_wconf 93' lang='lat' dir='ltr'><strong>non</strong></span> <span class='ocrx_word' id='word_1_848' title='bbox 2602 5123 2728 5179; x_wconf 89' lang='lat' dir='ltr'><strong>est,</strong></span> <span class='ocrx_word' id='word_1_849' title='bbox 2764 5123 2823 5169; x_wconf 91' lang='lat' dir='ltr'><strong>ut</strong></span> <span class='ocrx_word' id='word_1_850' title='bbox 2849 5153 2866 5178; x_wconf 90' lang='lat'><strong>,</strong></span> <span class='ocrx_word' id='word_1_851' title='bbox 2904 5113 3151 5181; x_wconf 80' lang='lat' dir='ltr'><strong>exemplo</strong></span> <span class='ocrx_word' id='word_1_852' title='bbox 3196 5112 3264 5165; x_wconf 90' lang='lat' dir='ltr'><strong>ab</strong></span> <span class='ocrx_word' id='word_1_853' title='bbox 3311 5110 3419 5163; x_wconf 88' lang='lat' dir='ltr'><strong>illis</strong></span> 
     </span>
    </p>
   </div>
   <div class='ocr_carea' id='block_1_111' title="bbox 1844 5207 3419 5275">
    <p class='ocr_par' dir='ltr' id='par_1_111' title="bbox 1844 5207 3419 5275">
     <span class='ocr_line' id='line_1_111' title="bbox 1844 5207 3419 5275; baseline -0.006 -13"><span class='ocrx_word' id='word_1_854' title='bbox 1844 5208 2028 5275; x_wconf 88' lang='lat' dir='ltr'><strong>ducto,</strong></span> <span class='ocrx_word' id='word_1_855' title='bbox 2059 5209 2152 5263; x_wconf 90' lang='lat' dir='ltr'><strong>alii</strong></span> <span class='ocrx_word' id='word_1_856' title='bbox 2197 5208 2264 5262; x_wconf 90' lang='lat' dir='ltr'><strong>ad</strong></span> <span class='ocrx_word' id='word_1_857' title='bbox 2305 5208 2667 5263; x_wconf 89' lang='lat' dir='ltr'><strong>imitationem</strong></span> <span class='ocrx_word' id='word_1_858' title='bbox 2697 5207 2915 5262; x_wconf 83' lang='lat' dir='ltr'><strong>virtutis</strong></span> <span class='ocrx_word' id='word_1_859' title='bbox 2943 5220 3133 5261; x_wconf 90' lang='lat' dir='ltr'><strong>eorum</strong></span> <span class='ocrx_word' id='word_1_860' title='bbox 3161 5213 3216 5257; x_wconf 87' lang='lat' dir='ltr'><strong>et</strong></span> <span class='ocrx_word' id='word_1_861' title='bbox 3249 5216 3419 5256; x_wconf 69' lang='lat' dir='ltr'><strong>aemu-</strong></span> 
     </span>
    </p>
   </div>
   <div class='ocr_carea' id='block_1_112' title="bbox 1848 5295 3415 5373">
    <p class='ocr_par' dir='ltr' id='par_1_112' title="bbox 1848 5295 3415 5373">
     <span class='ocr_line' id='line_1_112' title="bbox 1848 5295 3415 5373; baseline -0.004 -22"><span class='ocrx_word' id='word_1_862' title='bbox 1848 5300 2100 5355; x_wconf 89' lang='lat' dir='ltr'><strong>lationem</strong></span> <span class='ocrx_word' id='word_1_863' title='bbox 2154 5302 2380 5357; x_wconf 79' lang='lat' dir='ltr'><strong>excitari</strong></span> <span class='ocrx_word' id='word_1_864' title='bbox 2424 5310 2668 5373; x_wconf 86' lang='lat' dir='ltr'><strong>possent.</strong></span> <span class='ocrx_word' id='word_1_865' title='bbox 2698 5300 2814 5356; x_wconf 85' lang='lat' dir='ltr'><strong>Hoc</strong></span> <span class='ocrx_word' id='word_1_866' title='bbox 2857 5314 2989 5356; x_wconf 89' lang='lat' dir='ltr'><strong>vero</strong></span> <span class='ocrx_word' id='word_1_867' title='bbox 3035 5296 3172 5353; x_wconf 89' lang='lat' dir='ltr'><strong>nihil</strong></span> <span class='ocrx_word' id='word_1_868' title='bbox 3213 5295 3415 5349; x_wconf 86' lang='lat' dir='ltr'><strong>obstat.</strong></span> 
     </span>
    </p>
   </div>
   <div class='ocr_carea' id='block_1_113' title="bbox 1844 5386 3415 5463">
    <p class='ocr_par' dir='ltr' id='par_1_113' title="bbox 1844 5386 3415 5463">
     <span class='ocr_line' id='line_1_113' title="bbox 1844 5386 3415 5463; baseline -0.004 -21"><span class='ocrx_word' id='word_1_869' title='bbox 1844 5389 1978 5447; x_wconf 73' lang='lat' dir='ltr'><strong>Nam</strong></span> <span class='ocrx_word' id='word_1_870' title='bbox 2025 5400 2081 5446; x_wconf 90' lang='lat' dir='ltr'><strong>et</strong></span> <span class='ocrx_word' id='word_1_871' title='bbox 2122 5400 2254 5450; x_wconf 91' lang='lat' dir='ltr'><strong>tunc</strong></span> <span class='ocrx_word' id='word_1_872' title='bbox 2298 5395 2516 5450; x_wconf 88' lang='lat' dir='ltr'><strong>virtutis</strong></span> <span class='ocrx_word' id='word_1_873' title='bbox 2542 5407 2743 5450; x_wconf 80' lang='lat' dir='ltr'><strong>eorum</strong></span> <span class='ocrx_word' id='word_1_874' title='bbox 2793 5390 3111 5463; x_wconf 68' lang='lat' dir='ltr'><strong>praestantia</strong></span> <span class='ocrx_word' id='word_1_875' title='bbox 3143 5386 3415 5447; x_wconf 78' lang='lat' dir='ltr'><strong>nemiuem</strong></span> 
     </span>
    </p>
   </div>
   <div class='ocr_carea' id='block_1_114' title="bbox 1729 5577 1957 5639">
    <p class='ocr_par' dir='ltr' id='par_1_114' title="bbox 1729 5577 1957 5639">
     <span class='ocr_line' id='line_1_114' title="bbox 1729 5577 1957 5639; baseline 0.026 -6"><span class='ocrx_word' id='word_1_876' title='bbox 1729 5577 1957 5639; x_wconf 70' lang='grc' dir='ltr'><strong>ΝΟΤίΕ.</strong></span> 
     </span>
    </p>
   </div>
   <div class='ocr_carea' id='block_1_115' title="bbox 246 5671 854 5743">
    <p class='ocr_par' dir='ltr' id='par_1_115' title="bbox 246 5671 854 5743">
     <span class='ocr_line' id='line_1_115' title="bbox 246 5671 854 5743; baseline 0.005 -18"><span class='ocrx_word' id='word_1_877' title='bbox 246 5671 357 5743; x_wconf 62' lang='grc'><strong>(45)</strong></span> <span class='ocrx_word' id='word_1_878' title='bbox 385 5672 540 5743; x_wconf 80' lang='lat' dir='ltr'><strong>Colb.</strong></span> <span class='ocrx_word' id='word_1_879' title='bbox 568 5690 667 5743; x_wconf 88' lang='lat' dir='ltr'><strong>pro</strong></span> <span class='ocrx_word' id='word_1_880' title='bbox 696 5671 854 5729; x_wconf 79' lang='grc' dir='ltr'>εἶναι.</span> 
     </span>
    </p>
   </div>
   <div class='ocr_carea' id='block_1_116' title="bbox 250 5742 1111 5817">
    <p class='ocr_par' dir='ltr' id='par_1_116' title="bbox 250 5742 1111 5817">
     <span class='ocr_line' id='line_1_116' title="bbox 250 5742 1111 5817; baseline 0.009 -24"><span class='ocrx_word' id='word_1_881' title='bbox 250 5742 363 5812; x_wconf 76' lang='grc'><strong>(46)</strong></span> <span class='ocrx_word' id='word_1_882' title='bbox 399 5742 518 5799; x_wconf 85' lang='lat' dir='ltr'><strong>Act.</strong></span> <span class='ocrx_word' id='word_1_883' title='bbox 547 5742 620 5814; x_wconf 62' lang='lat' dir='ltr'><strong>nx,</strong></span> <span class='ocrx_word' id='word_1_884' title='bbox 656 5746 721 5801; x_wconf 76' lang='grc'><strong>15</strong></span> <span class='ocrx_word' id='word_1_885' title='bbox 760 5747 882 5817; x_wconf 72' lang='grc' dir='ltr'>εὸτι</span> <span class='ocrx_word' id='word_1_886' title='bbox 922 5746 1111 5810; x_wconf 83' lang='grc' dir='ltr'>σκεῦος</span> 
     </span>
    </p>
   </div>
   <div class='ocr_carea' id='block_1_117' title="bbox 203 5745 1739 5827">
    <p class='ocr_par' dir='ltr' id='par_1_117' title="bbox 203 5745 1739 5827">
     <span class='ocr_line' id='line_1_117' title="bbox 203 5745 1739 5827; baseline 0.007 -34"><span class='ocrx_word' id='word_1_887' title='bbox 203 5745 363 5827; x_wconf 54' lang='grc' dir='ltr'><strong>τμϋ)</strong></span> <span class='ocrx_word' id='word_1_888' title='bbox 399 5745 518 5799; x_wconf 81' lang='lat' dir='ltr'><strong>Act.</strong></span> <span class='ocrx_word' id='word_1_889' title='bbox 547 5762 620 5814; x_wconf 75' lang='lat' dir='ltr'><strong>ix,</strong></span> <span class='ocrx_word' id='word_1_890' title='bbox 656 5746 721 5801; x_wconf 77' lang='grc'><strong>15</strong></span> <span class='ocrx_word' id='word_1_891' title='bbox 760 5747 882 5817; x_wconf 78' lang='grc' dir='ltr'>ιότι</span> <span class='ocrx_word' id='word_1_892' title='bbox 922 5746 1111 5810; x_wconf 84' lang='grc' dir='ltr'>σκεῦος</span> <span class='ocrx_word' id='word_1_893' title='bbox 1184 5745 1411 5827; x_wconf 76' lang='grc' dir='ltr'>ἐκλογῆς</span> <span class='ocrx_word' id='word_1_894' title='bbox 1449 5763 1539 5819; x_wconf 83' lang='grc' dir='ltr'><strong>μοι</strong></span> <span class='ocrx_word' id='word_1_895' title='bbox 1594 5749 1739 5803; x_wconf 79' lang='grc' dir='ltr'>ἐστὶν</span> 
     </span>
    </p>
   </div>
   <div class='ocr_carea' id='block_1_118' title="bbox 176 5824 1371 5892">
    <p class='ocr_par' dir='ltr' id='par_1_118' title="bbox 176 5824 1371 5892">
     <span class='ocr_line' id='line_1_118' title="bbox 176 5824 1371 5892; baseline -0.002 -31"><span class='ocrx_word' id='word_1_896' title='bbox 241 5828 325 5889; x_wconf 69' lang='grc' dir='ltr'><strong>τος</strong></span> <span class='ocrx_word' id='word_1_897' title='bbox 334 5854 347 5867; x_wconf 92' lang='grc'><strong>,</strong></span> <span class='ocrx_word' id='word_1_898' title='bbox 1320 5828 1323 5833; x_wconf 78' lang='grc'><em>’</em></span> <span class='ocrx_word' id='word_1_899' title='bbox 1370 5824 1371 5827; x_wconf 56' lang='grc'><em>“</em></span> 
     </span>
    </p>
   </div>
   <div class='ocr_carea' id='block_1_119' title="bbox 1922 5680 2784 5752">
    <p class='ocr_par' dir='ltr' id='par_1_119' title="bbox 1922 5680 2784 5752">
     <span class='ocr_line' id='line_1_119' title="bbox 1922 5680 2784 5752; baseline 0.001 -19"><span class='ocrx_word' id='word_1_900' title='bbox 1922 5680 2033 5750; x_wconf 66' lang='lat'><strong>(67)</strong></span> <span class='ocrx_word' id='word_1_901' title='bbox 2065 5680 2138 5752; x_wconf 76' lang='grc' dir='ltr'>Ειι</span> <span class='ocrx_word' id='word_1_902' title='bbox 2161 5681 2315 5736; x_wconf 87' lang='lat' dir='ltr'><strong>Colb.</strong></span> <span class='ocrx_word' id='word_1_903' title='bbox 2342 5697 2438 5752; x_wconf 93' lang='lat' dir='ltr'><strong>pro</strong></span> <span class='ocrx_word' id='word_1_904' title='bbox 2467 5681 2784 5743; x_wconf 78' lang='grc' dir='ltr'>πιστεύσας.</span> 
     </span>
    </p>
   </div>
   <div class='ocr_carea' id='block_1_120' title="bbox 1916 5751 2553 5825">
    <p class='ocr_par' dir='ltr' id='par_1_120' title="bbox 1916 5751 2553 5825">
     <span class='ocr_line' id='line_1_120' title="bbox 1916 5751 2553 5825; baseline 0.002 -22"><span class='ocrx_word' id='word_1_905' title='bbox 1916 5759 1964 5819; x_wconf 71' lang='grc'><strong>(4</strong></span> <span class='ocrx_word' id='word_1_906' title='bbox 1975 5754 2005 5805; x_wconf 84' lang='lat'>8</span> <span class='ocrx_word' id='word_1_907' title='bbox 2009 5764 2027 5825; x_wconf 78' lang='grc'><strong>)</strong></span> <span class='ocrx_word' id='word_1_908' title='bbox 2064 5751 2307 5823; x_wconf 76' lang='lat' dir='ltr'><strong>chcrim</strong></span> <span class='ocrx_word' id='word_1_909' title='bbox 2348 5751 2553 5824; x_wconf 73' lang='grc' dir='ltr'>μηδείς.</span> 
     </span>
    </p>
   </div>
  </div>
