3828 6202
369 287 500 354 755
1520 290 1784 352 ΡΗΟΤΙΙ
1823 288 1881 350 Pl

2087 289 2327 352 tBCH/E
2344 291 2453 352 CP.
3497 283 3599 346 756

381 398 602 463 latebat,
627 397 1066 469 quandoquidem
1093 400 1218 456 illos
1247 399 1515 467 nonnulli,
1547 400 1827 471 gentilium
1858 413 1893 452 s:

2089 417 2201 467 me,
2253 401 2429 455 καίτοι
2453 400 2522 454 τά
2571 397 2839 470 Ἐλλήνων
2864 393 2945 449 ἔτι
2971 393 3304 458 θειάζοντες,
3341 392 3601 462 γεραίρειν

370 491 481 546 cris
524 490 704 546 adhuc
737 491 958 557 addicti,
1012 492 1295 549 sacriﬁciis
1349 493 1608 563 prosequi
1656 500 1711 545 et
1757 491 1882 545 cole'

2090 493 2136 546 ti.
2173 495 2338 564 τιμᾷν
2367 492 2722 564 ἐμελέτησαν.
2755 489 2865 543 Καὶ
2888 487 3048 549 αὐτὸς
3069 486 3126 538 δὲ
3150 483 3373 545 Παῦλος
3402 485 3460 535 ἐν
3479 486 3602 554 παρι

374 580 818 636 instituebanl“.
887 581 1005 653 Ipse
1067 596 1284 652 quoque
1335 579 1531 636 Paulus
1583 586 1768 652 aperte
1819 579 1886 633 ait

2092 585 2205 656 ισίᾳ
2237 585 2418 656 φησίν’
2459 604 2480 637 ‹
2507 583 2757 654 Μιμηταε
2803 598 2902 652 μου
2960 578 3174 647 γίνεσθε
3233 573 3422 637 καθὼς
3469 574 3604 641 κάγὼ

380 660 719 729 «ιηιίιειιοι-εε
741 672 843 727 mei
867 681 1061 737 estote,
1089 671 1548 743 quemadmodum
1576 680 1630 727 et
1655 687 1756 742 ego
1780 671 1892 726 Chr

2097 677 2298 750 ριστοῦ.
2325 695 2345 729 ι
2380 676 2554 747 ’Υψος
2573 675 2664 731 οὖν
2682 674 2777 729 τοῦ
2805 667 3364 740 ταπεινοφρονοῦντος
3387 665 3609 736 ἀνδρδςή

377 762 444 816 sti
473 777 596 818 sum
619 763 686 815 “.
716 781 734 814 ι
793 759 1113 817 Sublimitas
1157 763 1321 834 igitur
1349 762 1612 825 hominis,
1657 760 1889 816 humiliti

2095 768 2538 841 ιπεινοφροσύνη,
2553 772 2610 823 ἐν
2631 761 2850 841 ᾖοῦτως
2875 760 3281 835 θεραπεύεσθαι
3304 759 3404 823 δεῖ,
3427 760 3518 812 καὶ
3533 761 3607 811 εὑ-

378 853 446 906 de
471 867 531 908 se
558 853 862 919 sentientis,
887 862 970 910 est
999 855 1300 917 humilitas,
1335 870 1446 924 qua
1477 853 1700 924 quidem
1735 853 1810 906 ita
1839 853 1886 907 si

2097 865 2257 933 ›μεῖν,
2287 863 2382 917 καὶ
2406 864 2580 934 χαρᾶς
2608 859 2949 932 πληροῦσθαι
2977 857 3075 927 τὴν
3107 854 3315 925 ψυχὴν,
3364 852 3439 916 ώς
3468 853 3516 905 εῖ
3534 867 3609 915 τις

378 943 628 1012 placere,
674 943 927 1012 bonoque
981 946 1164 1000 animo
1219 961 1342 1000 esse
1396 954 1451 999 ct
1502 943 1668 998 laetari
1709 952 1890 1012 oporte

2097 955 2204 1019 ιλος
2241 955 2331 1009 τὸν
2386 955 2674 1023 σύμπαντα
2720 950 2949 1006 πλοῦτον
2993 949 3086 1002 καὶ
3140 947 3246 1018 τὴν
3279 944 3609 1016 ἀνθρωπίνην

383 1050 548 1104 quam
588 1035 802 1090 laetatur
826 1038 983 1104 alias,
1019 1037 1112 1106 qui
1151 1038 1368 1092 divitias
1397 1052 1589 1091 omnes
1631 1037 1895 1090 hominun

2096 1048 2202 1113 ἱξαν
2241 1049 2326 1119 εῖη
2370 1046 2850 1120 περιϐεϐλημένος,
2901 1045 2995 1098 καλ⁵
3046 1043 3299 1112 κατέχων
3355 1040 3515 1111 χειρί.
3557 1041 3608 1091 '0

383 1143 492 1199 que
516 1128 744 1199 gloriam
769 1139 958 1185 nactus
996 1131 1096 1197 sit,
1142 1139 1196 1185 et
1219 1131 1272 1185 in
1304 1143 1557 1200 promptu
1601 1129 1811 1183 habeat.
1844 1125 1889 1192 Q

2095 1138 2153 1192 ἐν
2179 1139 2288 1209 γὰρ
2355 1136 2496 1192 οὕτω
2541 1138 2635 1192 καὶ
2685 1139 2744 1190 ἐν
2799 1134 3010 1198 τούτοις
3058 1131 3327 1192 ταπεινὸς
3384 1131 3473 1183 τὸν
3492 1129 3607 1183 Θεὸν

386 1219 532 1270 enim
564 1217 640 1272 ita
681 1219 814 1272 etin
867 1219 951 1275 his
996 1221 1220 1289 quidem
1275 1222 1440 1275 rebus
1489 1221 1712 1274 humilis
1750 1228 1856 1284 est,

2105 1228 2287 1299 poiv-ra
2317 1227 2448 1300 ἔχει,
2495 1229 2591 1282 καὶ
2627 1227 2738 1281 ἀνω
2767 1225 3001 1280 τιθέντα.
3033 1243 3052 1276 t
3105 1224 3166 1276 '0
3197 1221 3312 1293 γὰρ
3367 1220 3617 1274 ταπεινῶν

388 1307 560 1365 Deum
616 1311 798 1376 habet,
856 1327 916 1366 se
971 1312 1296 1366 exaltantem
1348 1323 1402 1368 et
1440 1311 1802 1367 cvehentem:
1848 1309 1900 1376 ρτ

2100 1322 2262 1384 ιυτὸν,
2295 1322 2476 1391 φησὶν,
2509 1317 2872 1390 ὑψωθήσεται,
2910 1335 2930 1368 ι
2966 1316 2995 1368 ό
3025 1315 3069 1370 δ’
3100 1312 3440 1375 ἀπεναντίας
3467 1310 3612 1380 ὑψού-

389 1399 529 1450 εηί¹η
558 1415 612 1452 ⁸⁸
661 1399 908 1452 humili”
933 1439 948 1464 ν
994 1399 1249 1469 inlinit“:
1301 1398 1652 1467 επαίίαδίιηνι
1687 1396 1782 1467 (ιιιί
1823 1409 1955 1450 vero
2060 1433 2220 1486 μενος
2252 1413 2444 1469 τούτου
2469 1414 2560 1467 τὸν
2587 1412 2719 1466 Θεὸν
2764 1409 3223 1480 ἀντιτασσόμενον
3271 1406 3514 1475 εὑρήσει,
3538 1406 3617 1457 καὶ

393 1501 584 1544 contra
617 1506 676 1544 se
703 1491 939 1556 exaltat,
987 1492 1076 1546 ille
1127 1491 1298 1546 Deum
1336 1491 1439 1545 sibi
1483 1491 1857 1545 adversantem
1904 1519 1905 1532 ι

2103 1503 2415 1559 ιπεινοῦντα
2436 1546 2450 1570 ,
2501 1504 2594 1558 καὶ
2628 1504 2709 1566 είς
2741 1503 2844 1571 γῆν
2868 1500 2992 1570 (49)
3024 1499 3175 1568 αὑτῷ
3223 1498 3504 1566 φυσήματι
3538 1494 3615 1547 καὶ

395 1580 796 1648 Iunniliantem,
830 1593 884 1636 et
911 1583 1030 1653 ipso
1070 1584 1173 1638 hoc
1207 1583 1534 1652 arrogantiae
1557 1581 1686 1635 ﬂatu
1713 1596 1907 1650 vanan

2106 1596 2279 1667 αταίῳ
2311 1597 2509 1666 κόμπῳ
2559 1593 2984 1649 καταϐάλλοντα.
3014 1589 3172 1653 Εἶδες
3215 1588 3354 1659 ὕψος
3407 1587 3617 1656 ἐσχάτης

331 1697 334 1700 ~
387 1669 646 1737 iactantia
695 1671 749 1723 in
794 1682 996 1726 terram
1042 1672 1388 1740 dejicientem
1431 1673 1762 1741 experietur.
1798 1672 1838 1725 V

2106 1691 2232 1743 ίτιον
2256 1687 2655 1754 ταπεινώσεως,
2690 1681 2830 1748 εἶδες
2883 1682 3218 1738 ταπείνωσιν
3280 1681 3364 1742 είς
3415 1676 3618 1748 οὐρανὸν

393 1761 578 1832 itaque
619 1762 1008 1817 sublimitatem
1058 1775 1315 1820 extrema:
1352 1765 1671 1819 humilitatis
1709 1779 1905 1818 causan

2105 1781 2461 1852 ναφέρουσαν,
2493 1779 2611 1842 πῶς
2655 1778 2755 1830 οὐκ
2787 1775 2852 1830 ἄν
2878 1792 2962 1838 τις
2993 1772 3234 1842 εὔθυμος
3273 1770 3359 1839 εἴη
3391 1770 3482 1821 καὶ
3505 1787 3617 1820 καυ-

392 1854 546 1911 vides
562 1855 924 1910 humilitatem
947 1857 1002 1910 in
1024 1857 1220 1912 caelum
1246 1858 1544 1923 tollentem;
1565 1858 1838 1928 quomodo
1861 1857 1904 1912 it

2104 1872 2279 1941 ἧσαιτ¹
2305 1873 2324 1940 (
2348 1868 2451 1936 50)
2477 1869 2545 1923 ἂν
2585 1869 2808 1929 εἰκότως
2834 1905 2850 1930 ,
2904 1863 3178 1924 τουτέστι,
3233 1859 3489 1928 τερφθείη
3542 1857 3616 1910 καὶ

395 1961 503 2014 que
528 1946 672 2001 bono
689 1946 874 2000 animo
895 1962 1003 2001 non
1034 1949 1186 2014 sit",
1207 1950 1542 2019 etglorietur
1562 1951 1693 2012 ,boe
1709 1949 1907 2012 est,laat

2068 1965 2331 2034 θαρῤήσει
2359 1963 2450 2016 ἐπὶ
2471 1961 2549 2033 τῷ
2576 1960 2701 2031 ὕψει
2747 1957 2912 2012 αὐτοῦ
2941 1960 3040 2028 τῆς
3069 1951 3454 2014 ταπεινώσεως
3482 1969 3493 2016 ;

398 2049 490 2092 tur
513 2047 570 2094 et
593 2039 834 2094 conﬁdat
875 2040 929 2094 in
973 2040 1063 2096 illa
1097 2041 1427 2096 humilitatis
1454 2057 1564 2098 sua:
1591 2041 1968 2097 sublimitate?

470 2129 610 2186 Num
640 2133 821 2201 itaque
850 2133 1048 2189 divites
1072 2134 1165 2188 illa
1194 2133 1476 2189 evectione
1529 2145 1581 2188 et
1641 2133 1971 2188 exaltatione

2145 2141 2211 2193 Τί
2241 2135 2335 2193 οὖν
2364 2140 2412 2192 οἱ
2449 2137 2692 2192 πλούσιοι
2715 2135 2918 2205 ταύτης
2958 2133 3287 2205 ἐστέρηνται
3315 2132 3413 2202 τῆς
3437 2132 3613 2196 ἀναγω-

400 2223 646 2278 destituti
670 2224 840 2280 sunt?
871 2224 984 2280 Hoc
1017 2226 1234 2296 quidem
1285 2242 1395 2280 non
1435 2225 1686 2294 dixerim,
1741 2225 1872 2296 quia

2108 2233 2179 2303 ἧς
2204 2232 2300 2286 καὶ
2326 2229 2587 2301 ὑψώσεως
2614 2247 2628 2296 ;
2661 2227 2736 2282 Οὐ
2766 2225 2922 2280 τοῦτό
2951 2242 3116 2295 φημι,
3143 2224 3273 2278 ἐπεὶ
3301 2223 3395 2275 καὶ
3414 2224 3441 2275 ό
3468 2221 3620 2283 κοινὸς

404 2315 672 2373 Dominus
706 2327 890 2373 noster
912 2333 1021 2372 non
1069 2319 1261 2374 divites
1317 2335 1385 2374 ex
1413 2335 1580 2389 regno
1609 2333 1710 2373 suo
1756 2333 1916 2388 prope

2098 2323 2346 2393 δεσπότης
2373 2322 2432 2374 οὐ
2467 2321 2592 2382 τοὺς
2622 2318 2911 2382 πλουσίους
2941 2317 3194 2370 ἐκϐάλλει
3221 2315 3325 2383 τῆς
3347 2313 3610 2382 βασιλείας,

403 2409 486 2474 lit,
519 2409 614 2464 sed
649 2424 742 2463 eos
771 2419 1003 2473 tantum,
1025 2411 1116 2479 qui
1148 2411 1366 2466 divitias
1394 2426 1522 2465 suas
1552 2422 1771 2481 augent,
1797 2411 1914 2465 curi

2106 2420 2196 2482 οὺς
2226 2417 2283 2471 δὲ
2311 2413 2750 2487 προστετηκότας
2780 2410 2858 2482 τῷ
2885 2410 3100 2480 πλούτῳ
3131 2409 3230 2462 καὶ
3259 2410 3378 2469 ταῖς
3431 2403 3618 2475 φροντί-

400 2515 508 2569 que
564 2503 681 2557 suis
713 2503 812 2556 toti
847 2502 1004 2558 avide
1036 2503 1143 2558 illis
1178 2505 1414 2567 inhiant,
1455 2505 1658 2574 quique
1701 2506 1912 2558 sollicit

2104 2526 2157 2564 ιν
2199 2509 2335 2571 ὅλως
2399 2507 2536 2578 πρὸς
2587 2505 2748 2557 αὐτὸν
2787 2501 3039 2563 νεύοντας
3063 2501 3157 2554 καὶ
3183 2497 3554 2567 ἐπτοημένους,
3577 2493 3616 2545 oi

401 2592 582 2648 dinem
621 2608 778 2649 suam
808 2609 1028 2648 omnem
1085 2595 1358 2650 thesauris
1415 2596 1697 2664 alligantes
1729 2596 1913 2648 animu

2107 2601 2171 2669 ὴν
2232 2598 2501 2669 μέριμναν
2554 2597 2734 2648 πᾶσαν
2793 2596 2904 2655 τοῖς
2962 2592 3260 2662 θησαυροῖς
3291 2588 3615 2658 ἐνδησάμενοι

404 2685 458 2738 in
490 2693 634 2741 terra
697 2702 962 2756 auroque,
1020 2697 1282 2757 tanquam
1331 2689 1385 2742 in
1437 2704 1659 2743 carcere
1715 2687 1916 2758 quodat

2106 2707 2293 2761 χουσιν
2352 2688 2427 2752 ὡς
2463 2689 2521 2740 ἐν
2576 2686 2935 2756 δεσμωτηρίῳ
2983 2686 3048 2754 τῇ
3079 2685 3150 2752 γῇ
3189 2681 3288 2735 καὶ
3341 2679 3417 2750 τῷ
3463 2675 3618 2747 χρυσῷ

402 2779 680 2836 defossum
710 2789 766 2835 et
789 2781 1033 2835 vinetum
1079 2782 1497 2837 circumferunt.
1550 2784 1759 2839 Horum
1796 2783 1914 2838 hom

2107 2783 2569 2854 ,ατορωρυγμένας
2622 2781 2716 2834 καὶ
2750 2777 3129 2846 πεπεδημένας
3187 2773 3384 2829 αὐτῶν
3420 2772 3511 2833 τὰς
3534 2771 3619 2839 ψυ-

407 2887 538 2925 num
565 2872 859 2927 amentiam
898 2873 1178 2944 castigans
1211 2876 1461 2931 Salvator
1495 2877 1570 2930 ait
1599 2895 1612 2931 :
1653 2896 1671 2929 ι
1705 2876 1806 2931 Ubi
1860 2879 1916 2932 th

2112 2879 2194 2941 ἀς.
2225 2870 2325 2930 Ὧν
2371 2875 2465 2928 καὶ
2515 2875 2613 2944 τὴν
2677 2874 2859 2928 ἄνοιαν
2898 2869 3232 2938 στηλιτεύων
3255 2869 3283 2920 ὁ
3321 2863 3498 2938 Σωτὴρ
3527 2863 3619 2915 ἕλε-

407 2980 606 3020 saurus
631 2973 816 3020 vester
843 2975 945 3032 est,
979 2967 1050 3021 ibi
1072 2975 1128 3021 et
1149 2983 1242 3023 cor
1264 2979 1347 3022 est
1369 2969 1434 3021 ⁸⁸.
1466 2987 1485 3019 ›
1529 2967 1810 3038 Ejusmodi
1841 2969 1919 3023 div

2109 2988 2193 3025 ἐν’
2230 2989 2249 3023 ι
2294 2971 2465 3023 Ὀπου
2510 2972 2538 3022 ὁ
2568 2967 2840 3039 θησαυρὸς
2881 2963 3055 3034 ὑμῶν,
3101 2964 3224 3015 ἐκεῖ
3277 2960 3372 3014 καὶ
3397 2961 3428 3028 ἡ
3455 2955 3621 3026 καρδία

406 3059 554 3114 tibus
583 3059 801 3114 caaleste
824 3060 1162 3115 domicilium
1197 3061 1535 3116 inaccessum
1580 3069 1665 3116 est
1699 3080 1712 3115 :
1770 3081 1787 3113 ε
1822 3062 1918 3116 Fat

2117 3065 2252 3134 μῶν.
2293 3083 2312 3116 ι
2345 3062 2568 3125 Τούτοις
2615 3063 2727 3123 τοῖς
2779 3059 3056 3120 πλουσίοις
3087 3055 3348 3122 ἄϐατοςή
3409 3050 3621 3121 οὖρὰνιος

407 3147 623 3219 liusque
648 3159 752 3214 est,
789 3159 850 3204 ut
879 3152 1125 3206 came-lus
1155 3168 1251 3222 per
1280 3151 1523 3207 foramen
1555 3167 1688 3209 acus
1741 3161 1919 3208 transe

2111 3155 2342 3219 πολιτεία,
2374 3154 2469 3208 καὶ
2501 3173 2518 3204 ι
2556 3151 2942 3221 Εὑκοπώτερόν
2973 3151 3089 3202 ἐστι
3119 3147 3368 3216 κάμηλον
3412 3141 3492 3194 διὰ
3516 3156 3623 3208 τρυ-

408 3255 574 3308 quam
625 3250 684 3296 ut
725 3241 801 3296 illi
854 3258 1079 3313 regnum
1128 3243 1389 3298 caelorum
1440 3244 1817 3312 ingrediantur
1854 3244 1918 3298 ".

2111 3248 2278 3309 ιαλιᾶς
2307 3246 2526 3316 ῥαφίδος
2555 3243 2802 3304 διελθεῖν,
2827 3243 2860 3314 ἦ
2886 3243 3107 3302 τούτους
3137 3240 3219 3301 είς
3246 3238 3344 3305 τὴν
3370 3233 3472 3287 τῶν
3490 3230 3623 3296 οὑρασ

411 3332 696 3398 Quomodo
721 3334 909 3403 itaque
935 3335 1132 3390 divites
1171 3336 1567 3406 ingredientur,
1605 3347 1658 3391 et
1707 3353 1923 3406 quorum

2113 3339 2187 3390 ὦν
2220 3337 2544 3409 βασιλείαν.)
2579 3334 2701 3397 Πῶς
2749 3329 2842 3386 οὖν
2871 3331 3277 3384 εἰσελεύσονται
3302 3328 3350 3379 oi
3392 3321 3622 3382 πλούσιοι,

413 3423 654 3480 celestis
682 3425 874 3479 civitas
897 3426 980 3480 eis
1009 3427 1294 3496 obtinget?
1322 3427 1378 3480 Si
1437 3427 1810 3482 Abrahamum
1866 3430 1925 3482 in'

2110 3430 2181 3482 :a‘t
2209 3430 2408 3498 κλῆρος
2461 3428 2648 3490 αὐτοῖς
2679 3425 2831 3477 ἔσται
2864 3423 2936 3476 τὰ
2986 3423 3217 3492 οὐράνια
3247 3414 3622 3482 πολιτεύματαῖ

417 3521 620 3579 tentur,
666 3515 714 3570 si
743 3514 962 3580 Jobum,
1005 3518 1054 3572 si
1081 3518 1208 3571 boni
1241 3519 1374 3574 liant
1413 3519 1727 3574 divitiarum
1763 3535 1929 3576 (noon:

2091 3523 2187 3575 "Av
2221 3521 2493 3591 μιμῶνται
2517 3517 2609 3570 τὸν
2657 3515 2923 3585 Ἀϐραὰμ,
2961 3515 3026 3567 ἂν
3050 3513 3145 3566 τὸν
3192 3510 3334 3572 Ἰὼϐ,
3363 3507 3427 3562 ἂν
3453 3501 3603 3558 οἱκονό

415 3605 512 3669 Ini,
541 3621 651 3660 non
676 3617 859 3661 autem
911 3609 1064 3677 parvi
1115 3609 1340 3679 quidam
1401 3613 1638 3681 tyranni,
1681 3629 1926 3683 pauperu

2109 3631 2179 3666 ιοι
2209 3611 2362 3666 καλοὶ
2397 3607 2492 3663 τοῦ
2537 3608 2794 3671 πλούτου,
2850 3605 2986 3660 ἀλλὰ
3023 3604 3096 3674 μὴ
3151 3601 3339 3672 μικροὶ
3367 3597 3621 3653 καθίσταν-

351 3745 356 3748 .
416 3696 672 3752 solatium
699 3712 822 3753 cum
860 3714 966 3754 non
1006 3701 1208 3755 minori
1241 3718 1374 3766 suae,
1411 3703 1625 3773 sibique
1668 3714 1860 3759 natura

2093 3721 2178 3759 ται
2222 3703 2494 3775 τύραννοι,
2514 3700 2666 3754 οὐδὲν
2697 3698 2916 3752 ἔλαττόν
2935 3714 2993 3749 τε
3023 3693 3298 3764 ὁμοφυοῦς
3325 3693 3357 3762 ἢ
3407 3690 3496 3783 τῆς
3526 3687 3605 3783 ὲαιι

418 3785 654 3853 milium,
681 3788 878 3843 salutis
903 3790 1186 3860 dispendio
1214 3793 1458 3848 clavibus
1481 3805 1536 3849 et
1560 3795 1828 3866 repagulis
1852 3812 1930 3850 mr

2114 3796 2198 3848 ςῶν
2232 3794 2502 3863 σωτηρίας
2528 3791 2743 3852 πολλοῖς
2771 3789 3043 3858 κλείθροις
3074 3787 3170 3838 καὶ
3201 3785 3412 3855 μοχλοῖς
3431 3779 3626 3846 τὴντῶν

419 3881 492 3934 tis
519 3892 856 3939 coercentes.
897 3883 1182 3950 Quomodo
1226 3902 1356 3942 vero
1409 3889 1559 3944 dives
1607 3905 1672 3945 eo
1722 3890 1931 3945 ducetur

2113 3886 2338 3955 πενήτων
2412 3880 2763 3952 παραμυθίαν
2816 3877 3282 3938 ἐναποκλείοντες.
3318 3871 3474 3926 Πόθεν
3517 3867 3564 3918 δέ
3603 3866 3625 3914 ὁ

417 3971 622 4040 etquid
651 3971 868 4035 elliciet,
910 3983 970 4028 ut
1009 3982 1115 4028 tam
1149 3976 1404 4043 praeclare
1459 3977 1619 4047 agat?
1662 3977 1864 4042 Animi,
1909 3979 1922 4030 i

2113 3975 2347 4036 τλούσιος
2381 3974 2460 4037 είς
2498 3971 2700 4040 ταύτην
2739 3971 2836 4040 τὴν
2879 3969 3079 4038 πρᾶξιν
3111 3967 3395 4036 ἀφίξεταις
3442 3960 3525 4012 καὶ
3559 3956 3625 4016 τίς

418 4048 565 4132 quit,
595 4063 874 4119 demissio.
907 4064 965 4119 Si
1017 4067 1160 4119 enim
1195 4069 1437 4136 seipsum
1481 4077 1756 4132 extenuet,
1790 4068 1927 4123 neci

2109 4067 2244 4123 ιίτία
2290 4067 2383 4119 καὶ
2425 4064 2526 4118 τοῦ
2557 4062 2982 4134 κατορθώματος
3013 4078 3030 4126 ;
3067 4061 3132 4112 Ἦ
3157 4059 3254 4126 (51
3279 4060 3296 4124 )
3318 4053 3621 4108 ταπείνωσις,

420 4155 544 4211 ﬂari
571 4170 632 4211 se
660 4157 924 4226 patiatur,
959 4173 1136 4228 neque
1162 4175 1296 4214 auro
1320 4168 1377 4215 et
1408 4159 1613 4215 divitiis
1670 4160 1910 4230 glorians

2111 4159 2282 4230 ρησίν.
2324 4157 2448 4211 Ἐὰν
2489 4158 2598 4228 γὰρ
2640 4153 2955 4225 ταπεινώσῃ
2998 4153 3190 4206 ἐαυτὸν
3219 4195 3236 4215 ,
3272 4149 3363 4203 καὶ
3413 4146 3468 4239 οὐ
3512 4139 3623 4239 πρὸξ

421 4247 694 4304 distentus
721 4247 774 4301 in
810 4251 1104 4304 amentiam
1147 4266 1388 4320 praceps
1415 4261 1559 4314 ruat,
1615 4251 1762 4305 novit
1812 4250 1933 4319 uliql

2113 4249 2365 4319 ρυσίωσιν
2416 4248 2650 4318 ἐπαρθῇ,
2705 4247 2815 4300 οὐδ’
2865 4247 2944 4308 είς
2994 4245 3254 4298 ἀπόνοιαν
3303 4238 3519 4308 ἐμπέσῃ.
3565 4238 3625 4296 τῷ

424 4337 563 4394 nihil
602 4338 796 4394 borum
818 4356 978 4395 suum
1011 4358 1156 4406 esse,
1183 4343 1389 4397 nudum
1434 4357 1496 4397 se
1523 4357 1589 4397 ex
1639 4351 1827 4397 ventre
1905 4359 1936 4395 ιι

2112 4337 2286 4410 χρυσῷ
2318 4338 2412 4392 καὶ
2456 4334 2670 4406 πλούτῳ
2719 4332 3094 4403 γανρούμενὸς
3121 4350 3183 4384 τε
3232 4329 3320 4383 καὶ
3347 4322 3624 4423 6:012:36?-

428 4430 527 4487 tris
555 4446 671 4488 sua:
698 4421 922 4494 exiissé,
953 4433 1135 4486 omnia
1164 4433 1257 4489 Dei
1285 4449 1428 4498 esse,
1467 4434 1655 4504 illique
1679 4433 1836 4489 facile
1863 4450 1940 4489 ess

2113 4447 2222 4493 νος,
2264 4423 2424 4493 οἶδεν,
2454 4428 2535 4480 ὅτι
2591 4426 2796 4480 τούτων
2814 4425 2966 4478 οὐδέν
3015 4427 3164 4477 ἐστιν
3197 4423 3324 4475 ῖδιον
3369 4415 3625 4514 αὐτοῦβξι

426 4530 488 4576 ut
505 4522 689 4577 omnia
729 4521 821 4576 illa
865 4522 968 4578 sibi
1014 4523 1228 4593 eripiat,
1283 4535 1338 4578 et
1388 4525 1442 4579 in
1493 4525 1630 4581 alios
1676 4525 1938 4581 transfera

2115 4522 2277 4576 ιιάντα
2297 4520 2412 4574 ἐστὶ
2425 4518 2694 4584 τοῦιΘεοῦ,
2720 4517 2802 4571 ὅτι
2826 4517 2953 4587 ῥᾷόν
2974 4516 3118 4568 ἐστιν
3140 4510 3422 4583 ἀφελέσθαι
3449 4505 3532 4575 μὲν
3553 4505 3627 4603 αῨῖ

427 4613 655 4684 darique
701 4613 834 4680 haac,
906 4631 1014 4670 non
1054 4625 1114 4670 ut
1162 4616 1393 4686 proximi
1437 4618 1601 4673 rebus
1668 4619 1939 4674 necessari

2114 4614 2201 4667 τοῦ
2233 4611 2427 4676 ταῦτα,
2485 4613 2565 4673 είς
2592 4609 2811 4678 ἐτέρους
2835 4607 2892 4659 δὲ
2916 4607 3282 4678 μετενεγκεῖν,
3303 4604 3380 4655 ὅτι
3407 4601 3559 4686 ταῦτα
3574 4591 3626 4642 δί-

427 4681 729 4776 priventur,
758 4709 852 4764 sed
890 4717 951 4763 ut
991 4681 1178 4764 eorum
1210 4727 1332 4780 qua:
1359 4710 1474 4780 ipse
1501 4711 1726 4780 accepit,
1763 4712 1939 4766 reddat

2111 4702 2316 4772 5ονταιί,
2337 4703 2434 4772 οὐχ
2457 4701 2543 4754 ἴνα
2569 4699 2865 4771 στέρωνται
2888 4698 2996 4750 τῶν
3021 4694 3330 4764 ἀναγκαίων
3352 4690 3400 4743 οί
3417 4681 3623 4787 πλησίον,

429 4771 517 4851 tur
545 4771 857 4866 participes.
894 4797 1071 4854 Taceo
1099 4803 1202 4854 alia
1228 4771 1531 4869 complura.
1569 4771 1771 4856 [lorum
1797 4817 1941 4870 gnari

2107 4795 2218 4849 ἀλλ’
2251 4771 2335 4845 ἵνα
2361 4771 2534 4861 ἔχοιεν
2569 4791 2634 4843 ἐκ
2655 4786 2750 4842 τοῦ
2773 4787 3027 4850 λαϐόντος
3059 4779 3490 4874 μεταλαμϐάνειν.
3514 4771 3613 4874 ’ρτι

432 4885 544 4948 ille,
575 4885 693 4939 haec
723 4887 904 4953 animo
933 4889 1238 4956 revolvens,
1258 4889 1434 4944 datori
1465 4890 1667 4958 gratias
1695 4892 1823 4960 agit.
1886 4892 1944 4945 Νι

2111 4887 2274 4958 μυρία
2296 4884 2451 4939 ἄλλα.
2472 4883 2582 4936 Καὶ
2599 4881 2770 4935 ταῦτα
2799 4878 2976 4944 εἰδὼς,
3003 4879 3227 4939 καὶτοῖς
3255 4875 3422 4940 λόγοις
3446 4862 3623 4972 ἀίθελίσ-

431 4976 512 5030 vit
539 4990 597 5031 se
616 4991 736 5032 esse
763 4977 1086 5045 debitorem,
1117 4981 1401 5050 praeceptis
1427 4980 1569 5050 eius,
1587 4982 1679 5051 qui
1707 4997 1766 5037 se
1789 4991 1842 5035 et
1875 4998 1940 5038 co

2109 4997 2212 5032 σων
2253 4975 2567 5046 εὐχαριστεῖ
2600 4973 2678 5043 τῷ
2725 4972 2934 5042 δοτῆρι.
2975 4966 3129 5023 Οἶδεν
3161 4965 3343 5021 ἐαυτὸν
3369 4965 3621 5051 χρεώστηνι

433 5068 572 5122 didit
608 5076 664 5124 et
698 5069 909 5137 ditavit,
969 5049 1195 5129 audiens
1249 5082 1350 5140 est,
1403 5049 1710 5144 opibusque
1749 5075 1882 5144 suis,
1940 5093 1945 5126 ι

2110 5068 2353 5123 πείθεται
2381 5067 2492 5129 τοῖς
2512 5065 2604 5118 τοῦ
2632 5064 2934 5126 πλάσαντος
2950 5062 3136 5124 αὑτὸν,
3160 5060 3252 5113 καὶ
3276 5049 3622 5143 πλουτίσαντκῖ

436 5159 635 5214 alienis
681 5163 896 5227 .utitur,
931 5178 1135 5232 easque
1179 5164 1542 5229 administrat,
1572 5165 1656 5220 vel
1705 5166 1776 5220 ita
1821 5168 1948 5238 potil

2111 5164 2315 5233 νόμοις,
2366 5159 2442 5223 ὡς
2495 5156 2793 5226 ἀλλοτρίων
2826 5155 2936 5208 τῶν
2999 5154 3148 5208 ἰδίων
3198 5149 3486 5222 προΐσταται
3513 5145 3623 5238 ,

434 5252 807 5320 administrat,
841 5263 900 5308 ut
957 5257 1194 5313 maxime
1237 5272 1350 5313 sua:
1401 5258 1530 5323 sint,
1599 5273 1697 5313 sua
1735 5259 1823 5313 illa
1881 5276 1946 5316 es:

2108 5223 2285 5310 ταύτα
2302 5223 2602 5320 οἰκονομεῖ,
2636 5223 2834 5320 μᾶλλον
2871 5247 2928 5301 δὲ
2953 5247 3028 5310 ὡς
3074 5246 3298 5318 μάλιστα
3325 5238 3455 5291 ἰδίων
3483 5244 3494 5258 ·
3528 5223 3620 5323 Δίδια

439 5318 800 5412 existimans,
835 5353 890 5401 et
953 5345 1184 5412 faciens,
1235 5362 1355 5417 quae
1423 5347 1478 5402 in
1511 5347 1756 5417 ejusdem
1805 5357 1858 5404 et
1909 5366 1951 5404 n:

2109 5351 2203 5404 καὶ
2226 5318 2590 5415 λογιζόμενος,
2632 5318 2726 5395 παὶ
2756 5341 3098 5410 ποιούμενος,
3126 5340 3224 5392 ὅσα
3245 5333 3370 5405 (52)
3390 5326 3498 5384 τοὺς
3520 5318 3619 5384 ὁμο·

492 5466 545 5498 ⁸⁵
585 5465 704 5522 Act.
737 5481 850 5529 xw,
895 5465 978 5520 l5.
1042 5465 1085 5496 “
1121 5463 1140 5518 ι
1193 5464 1317 5519 Cor.
1352 5479 1428 5530 χι,
1466 5465 1513 5517 l.
1569 5466 1611 5496 ⁸⁵
1652 5464 1781 5520 Luc.
1821 5481 1973 5532 xvm,

2161 5467 2204 5497 ιτ
2226 5463 2341 5518 Jac.
2379 5474 2452 5525 w,
2488 5456 2542 5510 6.
2621 5456 2666 5486 δε
2691 5453 2882 5508 Matth.
2926 5453 3112 5518 ψει.
3165 5443 3393 5502 “Matth.
3426 5421 3614 5492 ωλι

1958 5584 2183 5642 NOTAE.

525 5680 639 5754 (μὶ)
665 5681 744 5754 εἰς
783 5678 888 5747 γῆν
922 5678 1078 5754 Co“);
1109 5693 1209 5754 Pro
1246 5678 1432 5749 ὀργήν.

1246 5678 1432 5749 ὀργήνο
2204 5673 2313 5754 ei)
2344 5672 2387 5754 ,ιλ
2411 5671 2548 5754 ιξῑεοτ
2575 5665 2757 5754 lira??-

527 5680 644 5818 (49g
665 5681 744 5741 είς
783 5680 888 5747 γῆν
922 5680 1078 5732 Coll).
1112 5693 1209 5746 pro
1246 5680 1432 5749 ὀργήν.

527 5749 624 5820 (5ο
676 5749 754 5805 Id.
782 5764 880 5819 pro
897 5750 1121 5820 καυχῆτ³
1147 5749 1169 5801 ?

1249 5680 1432 5749 ὀργήν.
2204 5680 2313 5744 (51)
2353 5680 2387 5739 η
2411 5680 2547 5737 lego,
2575 5681 2671 5735 pro
2706 5680 2758 5732 η.

2202 5744 2314 5813 (52)
2342 5741 2497 5797 Colb.
2523 5752 2619 5808 pro
2643 5735 2761 5804 ἕσφ.
