3828 6202
187 252 262 317 157
1042 255 1141 314 AD
1177 253 1769 316 AMPHILOCHIUM
1806 254 2155 326 ρυλες»Ήο
2184 254 2491 319 CXXXVI.

3268 256 3372 321 758

180 375 368 432 πέστους
393 369 484 422 καὶ
510 366 768 437 ύμοφυεῖς
794 367 946 437 ίσχύν
974 367 1162 435 εἴληφε
1189 366 1533 439 θεραπεύειν,
1559 365 1701 421 οὕτω

1806 378 1941 422 ειη-ω
1962 377 2016 423 et
2042 369 2162 423 ﬂdei
2216 382 2501 427 consortes
2539 372 2849 427 conferendi
2914 373 3125 442 c0piam
3178 377 3367 429 nanci-

180 464 335 535 πράως
359 465 464 523 τοῖς
493 459 763 531 δεομένοις
802 460 1077 532 ἐπαρκῶν,
1106 460 1250 512 οὓτω
1280 460 1695 529 φιλανθρώπως,

177 555 320 618 οὕτως
347 552 694 622 οἰκονομικῶς
713 593 727 615 ,
758 552 833 615 ὡς
857 554 965 604 τῶν
998 550 1194 605 κοινῶν
1227 550 1401 619 φύλαξ
1436 552 1531 603 καὶ
1558 553 1700 604 οίκο-

177 646 307 715 νόμος
327 643 533 712 ταχθεὶς
562 644 626 694 ὲκ
653 640 805 695 Θεοῦ.
858 641 1041 711 Ὁρᾷς,
1075 640 1221 701 ὅπως
1264 640 1360 691 καὶ
1411 637 1501 690 τὸν
1534 637 1698 690 πλού-

176 738 315 807 σιονή
341 733 657 795 ταπείνωσις
693 733 941 803 λαμπρὸν
1002 734 1095 785 καὶ
1124 732 1326 801 ὑψηλὸν
1354 730 1449 783 καὶ
1472 730 1571 800 τῆς
1606 729 1700 798 βα·-

176 828 340 890 σιλείας
370 826 510 890 ἄξιον
550 824 840 892 ἀποφαίνει
865 842 881 891 ;
909 825 1007 877 Διὰ
1057 823 1214 876 τοῦτό
1261 839 1442 892 φησιν,
1482 841 1501 873 ‹
1546 821 1603 874 '0
1642 822 1699 874 δὲ

174 918 388 979 πλούσιος
441 917 732 986 καυχάσθω
758 918 815 968 ἐν
840 918 904 986 τῇ
953 912 1274 967 ταπεινώσει
1325 911 1513 966 αὑτοῦ.
1547 933 1566 965 ι
1613 912 1699 965 Ἐν

174 1009 329 1081 ταύτῃ,
347 1010 522 1079 φησιν,
554 1007 819 1072 ἐλπιζέτω
842 1009 907 1077 τῇ
935 1003 1278 1059 ταπεινώσει·
1302 1007 1361 1059 ἐν
1381 1004 1552 1075 ταύτῃ
1570 1003 1701 1075 θαρ-

171 1104 322 1173 ρείτω,
367 1102 451 1155 διὰ
502 1101 706 1170 ταύτης
739 1099 1105 1170 ὑψωθήσεται.
1164 1100 1227 1151 Εἰ
1254 1097 1365 1167 γὰρ
1406 1097 1482 1168 μὴ
1513 1096 1697 1160 τοῦτο,

169 1195 321 1265 φησιν,
361 1194 465 1247 ἀπὸ
497 1193 591 1246 τοῦ
626 1194 867 1246 Πλάστου
898 1192 1232 1263 κερδήσειεν,
1261 1190 1315 1243 τί
1364 1190 1493 1245 ἄλλο
1549 1189 1699 1259 αύτῷ

168 1286 215 1348 ὲξ
242 1284 388 1338 αὑτοῦ
421 1283 593 1350 ἔσται,
651 1286 759 1337 άπδ
786 1286 909 1351 γῆς,
934 1285 1040 1336 άπὸ
1066 1283 1259 1352 πηλοῦ,
1291 1283 1398 1336 ἀπὸ
1426 1282 1697 1351 ψηφιδίων

166 1373 280 1426 οὕτω
306 1372 509 1444 μικρῶν
535 1390 550 1438 ;
585 1374 785 1442 μᾶλλον
818 1373 896 1434 δὲ,
923 1374 998 1434 ώς
1043 1375 1183 1445 ἱερὸς
1223 1372 1477 1435 Ἰάκωϐος
1506 1373 1695 1439 φάναι,

168 1453 429 1531 μηῶνξάπὺ
470 1462 665 1526 άνθους
695 1463 888 1532 χόρτου
925 1464 1294 1533 διαφέροντος,
1329 1464 1357 1517 6
1387 1464 1524 1535 πρὸς
1547 1462 1699 1533 ὥραν

169 1554 251 1623 μὲν
273 1554 435 1617 ἀνθεῖ,
465 1556 562 1609 καὶ
604 1556 801 1624 τέρπει
834 1556 1094 1620 πολλάκις
1122 1556 1397 1627 αἴσθησιν,
1428 1556 1701 1610 ἐπικαίον-

163 1662 235 1707 τος
258 1645 309 1697 δὲ
331 1645 421 1699 τοῦ
446 1647 605 1716 ήλίου
639 1645 950 1717 ξηραίνεται
978 1665 1035 1699 τε
1069 1648 1163 1701 καὶ
1201 1647 1538 1715 ἀφανίζεται,
1567 1647 1702 1719 μηδὲ

1802 457 1975 513 scitur
2006 475 2021 511 :
2055 466 2164 513 tam
2196 470 2483 515 mansuete
2511 462 2697 531 egenis
2729 463 3068 530 impertiens,
3103 472 3214 517 tam
3264 465 3369 518 huc

1802 551 2065 615 maniter,’
2083 556 2193 603 tam
2218 548 2521 621 frugaliter,
2544 567 2710 621 quam
2731 585 2737 593 -
2763 554 3140 607 communium
3200 555 3372 608 bono-

1801 656 1922 694 rum
1952 642 2234 695 custodem
2262 650 2315 695 et
2341 643 2773 713 dispensatorem
2842 659 2901 698 se
2961 645 3029 697 ab
3088 646 3206 713 ipso
3259 647 3369 699 Deo

1802 732 1954 785 novit
1980 747 2103 788 esse
2124 735 2500 789 constitutum.
2536 734 2794 797 Videsne,
2826 737 3102 804 quomodo
3152 739 3370 790 lnunili-

1800 832 1885 881 tas
1934 827 2099 881 etiam
2129 828 2348 883 divitem
2377 829 2645 884 illustrem
2680 841 2733 884 et
2789 830 3079 884 sublimem
3108 838 3163 884 et
3204 846 3371 900 regno

1800 917 2008 972 caelesti
2036 918 2258 987 dignum
2289 920 2467 975 facere
2492 920 2713 989 possit?
2744 921 3035 989 Propterea
3070 920 3146 973 ait
3171 938 3185 974 :
3233 939 3252 971 ‹
3284 908 3385 973 υἰέ

1801 1024 1895 1063 ves
1933 1024 2063 1063 vero
2092 1011 2352 1079 glorietur
2381 1011 2434 1064 in
2464 1011 2768 1065 humilitate
2818 1026 2917 1065 sua
2942 1011 3010 1065 ⁷⁰.
3054 1029 3071 1061 ι
3132 1010 3191 1064 In
3250 1011 3372 1075 hac,

1803 1102 1996 1172 inquit,
2030 1104 2334 1157 humilitate
2364 1105 2507 1158 bene
2541 1112 2760 1172 Speret;
2816 1104 2919 1157 hac
2962 1104 3233 1164 conﬁdat;
3280 1114 3379 1170 per

1803 1194 1945 1247 hanc
1975 1194 2320 1247 exaltabitur.
2355 1191 2467 1247 Nisi
2496 1194 2639 1247 enim
2671 1193 2795 1256 hoc,
2855 1193 3050 1262 inquit,
3080 1209 3110 1245 a
3175 1194 3376 1245 Condi-

1803 1296 1922 1339 tore
1948 1285 2209 1349 lucretur,
2233 1284 2361 1353 quid
2391 1284 2534 1337 aliud
2560 1286 2628 1338 ab
2657 1284 2747 1338 illo
2779 1285 3071 1352 acceperit,
3112 1299 3179 1337 ex
3205 1293 3369 1347 terra,

1800 1392 1867 1432 ex
1891 1377 2027 1438 luto,
2072 1390 2136 1430 ex
2169 1375 2367 1444 lapillis
2394 1375 2531 1429 adeo
2560 1376 2767 1444 parvis,
2826 1376 2939 1428 imo
2974 1376 3174 1444 potius,
3228 1373 3374 1443 quod

1802 1480 2025 1524 sanctus
2068 1466 2301 1522 Jacobus
2350 1470 2424 1522 ait
2448 1470 2513 1533 ⁷³,
2549 1469 2617 1522 ab
2647 1469 2755 1522 illis
2786 1469 2974 1532 rebus,
3002 1485 3123 1538 qua:
3172 1485 3203 1522 a
3242 1470 3374 1522 ﬂore

1799 1560 2065 1631 graminis
2106 1559 2242 1612 nihil
2295 1558 2569 1623 diﬂ‘erunt,
2611 1559 2757 1628 quod
2820 1560 2877 1613 in
2922 1561 3113 1613 bora'n
3151 1558 3369 1626 quidem

1801 1654 1975 1719 ﬂoret,
2023 1666 2325 1721 sensusque
2357 1651 2749 1719 aliquantisper
2781 1651 3030 1716 delectat,
3088 1651 3202 1705 sole
3243 1663 3372 1702 vero

163 1736 378 1805 λείψανον
407 1737 509 1806 τῆς
546 1739 817 1809 προτέρας
870 1740 1204 1809 εὐπρεπείας
1254 1740 1699 1810 ὑπολειπόμενον.

1806 1754 2017 1809 urente,
2060 1743 2352 1798 marcescit
2380 1751 2435 1796 et
2459 1741 2788 1805 deﬂorescit,
2837 1743 2975 1795 nihil
3014 1741 3230 1810 pristini
3274 1741 3372 1793 den-

162 1829 343 1900 Ὥσπερ
386 1830 477 1884 οὖν
521 1831 588 1885 τὸ
632 1831 791 1894 ἄνθος
840 1831 935 1884 τοῦ
975 1832 1188 1902 χόρτου,
1240 1827 1367 1901 ἐνῷ
1393 1832 1454 1885 τὸ
1500 1832 1699 1903 ὡραῖον

161 1916 437 1989 πρόὁάλλει,
484 1922 769 1991 φθείρεται
818 1922 912 1976 καὶ
964 1922 1283 1989 ἀπόλλυται,
1357 1922 1645 1977 οὔτωικαὶ
1672 1925 1702 1976 6

162 2014 382 2079 πλούσιος
418 2018 475 2069 ἑν
519 2016 669 2086 αὐτῷ
721 2017 820 2087 τῆς
880 2016 1494 2087 πολυτελείας(53)τῷ
1548 2015 1702 2070 άνθει

162 2106 452 2177 μαραίνεται
483 2107 579 2161 καὶ
602 2108 892 2164 διόλλυται.
940 2108 1157 2162 Μᾶλλον
1189 2108 1246 2162 δὲ
1287 2106 1497 2162 καὶτοῦ
1545 2108 1604 2159 ὲν
1623 2107 1702 2178 τῷ

159 2198 309 2269 χόρτῳ
340 2201 591 2272 εὑρήσεις
622 2202 783 2255 αὑτὸν
830 2202 1215 2272 ἀσθενέστερόν
1242 2219 1303 2255 τε
1345 2201 1442 2254 καὶ
1485 2200 1703 2271 ἀδρανε-

160 2303 342 2358 περον.
374 2290 445 2344 Τὸ
474 2291 577 2360 μὲν
606 2292 714 2361 γάρ
743 2291 857 2362 ἰδίῳ
884 2292 1062 2361 καιρῷ
1092 2291 1261 2357 ἀνθεῖ,
1306 2292 1400 2343 καὶ
1434 2290 1548 2360 ἰδίῳ
1595 2309 1702 2360 μα-

161 2380 388 2448 ραίνεται’
445 2384 473 2435 6
500 2383 560 2435 δὲ
614 2384 867 2447 πλούσιος
892 2385 949 2438 ἐν
982 2386 1117 2455 αὐτῇ
1149 2384 1383 2455 μάλιστα
1410 2386 1475 2453 τῇ
1525 2385 1700 2456 ἀκμῇ,

157 2475 230 2528 ὅτε
254 2478 581 2549 πανταχόθεν
626 2480 776 2549 αὐτῷ
805 2480 1091 2550 βλαστάνει
1128 2481 1221 2533 καὶ
1250 2479 1402 2533 ἀνθεῖ
1429 2478 1498 2533 τά
1548 2479 1703 2550 ήδέα,

159 2568 237 2619 καὶ
266 2567 518 2623 δοκοῦντα
558 2563 695 2622 εἶναι
760 2570 987 2641 λαμπρὰ
1030 2572 1124 2623 καὶ
1184 2570 1397 2639 ζηλωτὰ
1422 2609 1437 2631 ,
1474 2570 1570 2621 καὶ
1627 2569 1704 2639 τῷ

157 2657 283 2729 δγιιῳ
333 2660 425 2714 καὶ
474 2662 557 2731 τῷ
610 2662 890 2730 φυσήματι
932 2660 1275 2730 φλεγμαίνων
1333 2664 1445 2724 τοῖς
1491 2661 1705 2722 πολλοῖς

158 2751 253 2803 ἐστι
277 2751 517 2823 φοϐερὸς,
548 2754 667 2804 τότε
699 2752 787 2821 δὴ,
811 2754 931 2805 τότε
949 2752 1143 2822 ἀθρόον
1172 2752 1483 2822 πολλάκιςῆ
1535 2752 1705 2807 θανά-

158 2859 234 2895 του
263 2844 401 2916 νόμῳ
428 2845 544 2917 (54)
572 2840 917 2915 συλληφθεὶς.
948 2845 1007 2910 ἐξ
1033 2844 1333 2915 ἀνθρώπων
1362 2845 1705 2914 ἀφανίζεται,

157 2932 444 3006 ἧναυάγιον
468 2938 657 3013 ἀὐτὸν
712 2941 855 2990 ποιεῖ
906 2938 1258 3007 ὑποϐρύχιον.
1295 2938 1400 2990 Καὶ
1432 2936 1491 2987 τὸ
1520 2937 1705 2989 καινὸν

158 3027 235 3078 καὶ
286 3030 605 3100 παράδοξον,
633 3032 741 3084 οὐδ’
769 3031 934 3085 αὑτὸν
966 3030 1078 3083 ἐσθ’
1133 3031 1220 3082 ὅτε
1285 3028 1503 3098 βυθίζον
1536 3028 1641 3093 (55
1662 3028 1703 3098 ),

1802 1836 1949 1890 coris
1982 1836 2310 1903 relinquens.
2346 1834 2818 1900 Quemadmodum
2852 1834 3018 1902 igitur
3044 1833 3140 1886 ﬂos
3166 1830 3372 1901 grami-

1804 1927 1912 1993 nis,
1954 1927 2008 1979 in
2040 1941 2150 1995 quo
2183 1926 2350 1980 decor
2378 1926 2498 1994 ejus
2520 1926 2740 1987 emicat,
2802 1923 2943 1992 perit
2974 1932 3027 1977 et
3090 1923 3369 1985 aboletur;

1804 2022 1878 2075 ita
1904 2021 2054 2075 dives
2081 2034 2319 2090 quoque,
2352 2018 2407 2071 in
2435 2018 2612 2072 media
2636 2016 2890 2070 felicitate
2942 2015 3297 2078 constitutus,
3322 2022 3377 2066 et

1808 2112 1861 2165 in
1895 2111 2015 2179 ipso
2050 2109 2469 2178 magniﬁcentia:
2498 2107 2630 2161 ﬂore
2662 2106 2950 2160 marcescit
2989 2114 3045 2158 et
3096 2101 3375 2155 consumi-

1807 2213 1913 2257 tur.
1944 2205 2056 2257 Imo
2086 2218 2214 2257 vero
2269 2201 2518 2256 eumdem
2554 2201 2673 2269 ipso
2703 2199 2796 2252 illo
2822 2196 3085 2269 graminis
3119 2194 3375 2248 ﬂoreim-

1807 2295 2143 2349 becilliorem
2177 2302 2231 2347 et
2284 2294 2532 2348 viliorem
2583 2291 2876 2345 inveneris.
2935 2289 3025 2342 Ille
3075 2285 3221 2341 enim
3275 2299 3378 2337 suo

1808 2397 2049 2457 tempore
2077 2388 2249 2452 ﬂoret,
2281 2401 2381 2441 suo
2434 2401 2562 2439 vero
2606 2386 2771 2438 etiam
2830 2380 3118 2436 marcescit
3167 2396 3182 2433 :
3226 2379 3378 2434 dives

1807 2491 1986 2535 autem
2035 2480 2091 2534 in
2160 2495 2375 2533 summo
2424 2479 2609 2548 vigore
2652 2492 2792 2542 suo,
2858 2474 3076 2545 quando
3136 2471 3377 2543 jucunda

1808 2587 2037 2646 quzeqne
2062 2581 2116 2626 et
2141 2571 2373 2624 illustria
2401 2570 2749 2638 maximeque
2773 2566 3136 2621 consectanda
3187 2565 3379 2618 viden—

1811 2676 1914 2729 tur,
1966 2662 2045 2717 illi
2079 2671 2380 2717 nascuntur
2406 2670 2459 2714 et
2487 2660 2698 2724 ﬂorent,
2761 2660 2877 2728 ipse
2923 2674 3072 2721 vero,
3130 2656 3270 2709 fastu
3325 2663 3380 2707 ec

1810 2754 2117 2824 arrogantia
2153 2752 2389 2811 inﬂatus,
2426 2750 2611 2803 multis
2660 2758 2926 2803 terrorem
2984 2747 3197 2809 incutit,
3250 2754 3381 2797 tunc

1810 2846 2058 2908 omnino,
2095 2853 2223 2898 tunc
2248 2842 2561 2911 frequenter
2595 2841 2679 2893 vel
2709 2840 3053 2894 mortalitatis
3098 2842 3213 2905 lege
3257 2852 3379 2890 cor-

1810 2948 1997 3006 reptus
2030 2952 2095 2991 ex
2139 2936 2452 2991 hominibus
2507 2934 2769 3001 disparet,
2809 2940 2902 2985 aut
2930 2929 3213 2998 naufragio
3248 2928 3377 2982 sub~

1814 3028 2092 3097 mergitur.
2117 3026 2297 3097 Neque
2326 3042 2454 3081 vero
2476 3041 2689 3094 semper
2719 3040 2918 3079 novum
2959 3023 3164 3092 aliquid
3194 3030 3247 3076 et
3290 3022 3371 3073 in-

154 3119 269 3174 ιλλά
299 3123 387 3176 τὸν
408 3125 633 3194 χρυσὸν,
670 3125 768 3195 τὴν
810 3125 972 3179 αὑτοῦ
1028 3124 1203 3194 ψυχὴν
1250 3127 1345 3177 καὶ
1390 3124 1555 3194 ζωὴν,
1611 3125 1702 3176 καὶ

1809 3120 2026 3174 solitum
2051 3119 2199 3173 illum
2239 3116 2554 3188 submergit,
2589 3117 2682 3170 sed
2715 3130 2909 3168 manus
2945 3114 3146 3183 potius,
3178 3111 3383 3180 majore

155 3211 385 3284 τύραννος
416 3218 473 3270 δὲ
506 3218 729 3287 μᾶλλον,
763 3218 797 3290 ἢ
827 3219 949 3271 κατ’
978 3219 1207 3281 ἐκεῖνον,
1235 3218 1356 3287 χεὶρ
1405 3217 1497 3270 τὸν
1543 3217 1707 3269 πλοῦ-

153 3323 230 3359 τον
257 3309 573 3379 ἁρπάσασα,
630 3311 833 3381 ἔρημον
882 3312 1044 3367 άυτὸν
1077 3312 1170 3364 καὶ
1221 3312 1323 3380 τῆς
1378 3310 1582 3379 ὀφρύος
1612 3312 1710 3363 καὶ

156 3400 236 3468 *ἧς
252 3402 387 3471 ζωῆς
415 3403 764 3467 ἑναπέλιπεν,
799 3403 1142 3473 θεραπόντων
1175 3403 1477 3468 ἐπιϐουλαὶ,
1500 3402 1711 3475 λῃστῶν

154 3488 338 3562 ινέδρα,
360 3494 411 3547 τί
440 3495 510 3550 ἄν
534 3513 635 3558 τις,
655 3493 735 3558 οἷς
762 3498 965 3557 ἐκεῖνος
992 3497 1268 3549 ἁλίσκεται
1300 3496 1394 3549 καὶ
1420 3495 1708 3560 διόλλυται,

155 3585 313 3655 φέρων
368 3589 594 3659 ἀριθμῷ
646 3588 761 3659 δοίη
794 3606 809 3655 ;
842 3590 985 3642 οὓτω
1042 3591 1135 3642 καὶ
1189 3588 1381 3650 ἄνθους
1441 3587 1631 3641 παθεῖν
1678 3588 1708 3638 6

152 3678 367 3743 τοιοῦτος
421 3680 758 3750 φαυλότερος
815 3698 877 3733 τε
952 3680 1049 3734 καὶ
1106 3680 1469 3749 ἑτοιμότερος.
1546 3677 1708 3731 Ἀλλά

154 3767 304 3823 ταῦτα
330 3772 449 3842 μὲν,
479 3774 613 3842 περὶ
639 3766 715 3825 ὧν
749 3771 1060 3842 ἠρώτησας,
1094 3773 1127 3841 ή
1159 3772 1414 3841 ἐπιστολή
1462 3787 1545 3822 σοι
1590 3768 1705 3821 δια-

155 3860 474 3928 λέγεται.οΣὺ
533 3865 592 3917 δὲ
648 3863 887 3935 Χριστοῦ
924 3862 1016 3917 τοῦ
1047 3863 1302 3934 ἀληθινοῦ
1331 3862 1465 3915 Θεοῦ
1522 3862 1703 3932 ήμῶν,

156 3952 315 4022 ἔργοις
341 3957 434 4011 καὶ
449 3958 685 4027 δόγμασι
714 3957 898 4011 δοῦλον
925 3956 1147 4009 σεαυτὸν
1174 3954 1473 4025 παριστῶν,
1504 3951 1707 4005 καὶτὸν

153 4043 358 4098 πλοῦτον
401 4047 586 4110 καλῶς
625 4047 923 4117 οίκονομῶν
955 4049 1013 4098 ὲν
1040 4048 1106 4116 τῇ
1157 4045 1377 4117 τοιαύτῃ
1426 4040 1703 4102 πεποιθὼς

155 4133 250 4199 lca,
292 4138 386 4191 καὶ
414 4139 667 4209 εύθύμει.
710 4137 1072 4204 Ταπεινώσει,
1100 4138 1195 4191 καὶ
1242 4133 1413 4189 τᾶλλα
1466 4137 1531 4205 τῇ
1560 4133 1705 4203 ψυχῇ

154 4228 234 4281 καὶ
254 4230 329 4301 τῷ
362 4230 579 4302 σώματι
609 4232 840 4305 ἔρρωσο.

211 4320 387 4378 "Jac.
429 4339 473 4389 ι,
499 4321 589 4377 10.
665 4322 708 4355 ⁷⁸
741 4322 873 4378 ibid.

1812 3224 1975 3277 quam
2037 3224 2143 3277 qua
2191 3208 2305 3275 ipse
2339 3222 2471 3259 usus
2519 3214 2624 3270 est,
2662 3207 2944 3275 tyrannide
2992 3218 3209 3267 aurum,
3234 3202 3379 3270 quod

1812 3304 2047 3355 animam
2074 3300 2193 3368 ejus
2225 3306 2279 3352 et
2304 3298 2466 3352 vitam
2490 3297 2790 3361 constituit,
2815 3296 3139 3366 subripiens,
3165 3304 3215 3348 et
3241 3294 3382 3347 fastu

1816 3403 1870 3448 et
1901 3394 2012 3446 vita
2037 3392 2308 3461 privatum
2327 3389 2607 3461 relinquit.
2637 3387 2783 3443 ldem
2820 3387 3027 3442 faciunt
3052 3387 3381 3440 famulorum

1823 3482 2254 3538 machinationes
2282 3489 2336 3534 et
2357 3481 2631 3533 latronum
2674 3478 2905 3532 insidiae.
2934 3476 3136 3545 thuis
3169 3478 3385 3529 tandem

1808 3589 2131 3633 enumerare
2156 3573 2329 3642 possit
2350 3572 2556 3637 omnia,
2584 3569 2786 3639 quibus
2806 3582 2969 3623 homo
2993 3567 3262 3636 ejusmodi
3288 3582 3385 3621 ca-

1808 3670 1951 3739 pitur
1966 3676 2020 3721 et
2036 3666 2172 3735 perit
2196 3665 2219 3716 ?
2242 3664 2376 3719 adeo
2404 3663 2494 3717 ille
2508 3663 2630 3716 vilis
2658 3670 2743 3717 est
2778 3660 3106 3716 conditionis
3134 3669 3187 3712 et
3211 3658 3385 3727 magis

1806 3773 1960 3831 aptus
1974 3760 2040 3813 ad
2059 3774 2142 3820 ea.
2159 3774 2280 3827 qua:
2301 3757 2417 3811 ﬂori
2436 3756 2709 3820 accidunt,
2732 3752 3256 3825 experienda.Atque
3275 3750 3390 3803 haac

1805 3853 2020 3922 quidem
2050 3850 2277 3918 epistola
2323 3864 2465 3912 mea,
2520 3849 2586 3903 de
2630 3849 2759 3911 illis,
2828 3845 3104 3915 quaescire
3149 3843 3387 3908 voluisti,

1805 3945 2047 4014 exponit.
2079 3942 2159 3996 Tu
2193 3959 2343 4007 vero,
2364 3942 2717 4007 Christi,veri
2745 3942 2837 3993 Dei
2865 3938 3059 4002 nostri,
3088 3951 3303 3991 servum
3335 3943 3390 3986 et

1814 4052 1976 4106 opere
1997 4046 2050 4089 et
2075 4035 2325 4090 doctrina
2356 4043 2404 4088 te
2422 4043 2704 4103 praastans,
2726 4045 2965 4100 opesque
2986 4040 3103 4084 tuas
3126 4039 3271 4082 recte
3294 4026 3389 4079 ad-

1816 4128 2158 4191 ministrans,
2192 4125 2364 4179 inista
2384 4124 2688 4177 humilitate
2700 4121 3187 4187 conﬂde,honoque
3207 4118 3389 4171 animo

1818 4230 1957 4287 esto,
1987 4234 2086 4274 nec
2106 4218 2287 4272 minus
2316 4225 2511 4272 caatera
2543 4215 2726 4269 animo
2741 4222 2795 4268 et
2816 4227 3047 4283 corpore
3060 4219 3205 4266 recte
3235 4209 3386 4263 valet

1741 4434 1805 4448 ...Δ

813 4571 971 4635 105.
1002 4570 1739 4643 HERGENROETHER,
1785 4569 1847 4631 S.
1905 4570 2199 4632 THEOL.
2237 4564 2802 4644 PROFESSORIS,

1386 4747 2081 4840 ADMONITIO

178 4944 236 5004 lN
271 4951 576 5009 UNDECIM
619 4952 1027 5019 SEQUENTES
1061 4950 1523 5020 QUxESTlONES
1564 4949 1692 5005 SEU
1721 4948 2265 5006 COMMENTARIOS
2302 4946 2371 5002 IN
2411 4942 2875 5003 ARISTOTELIS
2895 4940 3360 4999 CATEGOIHAS.

218 5259 344 5328 Quae
374 5270 688 5331 sequuntur
714 5260 967 5317 undecim
997 5259 1409 5316 dissertationes
1442 5266 1733 5315 tractatum
1764 5257 2044 5327 proprium
2080 5256 2418 5312 constituunt
2450 5254 2517 5310 de
2546 5254 2854 5311 Aristotelis
2880 5253 3219 5325 .Categoriis,
3253 5265 3392 5321 quas

161 5346 373 5415 Photius
397 5360 516 5429 jam
539 5367 665 5414 ante
689 5358 972 5429 discipulis
1004 5360 1119 5415 suis
1145 5360 1320 5415 fusius
1342 5358 1723 5429 explicaverat.
1750 5354 1967 5410 Ezedem
1995 5355 2049 5407 in
2080 5354 2345 5408 Vaticano
2375 5352 2563 5407 codice
2587 5368 2640 5423 q.
2669 5368 2727 5421 q.
2759 5352 2862 5407 157
2894 5368 3067 5422 usque
3089 5352 3154 5405 ad
3186 5367 3240 5420 q.
3278 5348 3398 5413 M7,

158 5449 483 5511 (ΜΤ-154
514 5455 774 5526 implent;
812 5457 863 5510 in
902 5456 1245 5513 Coisliniano
1290 5456 1504 5520 codice,
1557 5470 1718 5525 quem
1772 5451 2065 5521 descripsit
2103 5448 2573 5513 Montelalconius,
2605 5448 2937 5529 qqmstiones
2988 5454 3115 5500 sunt
3168 5458 3396 5498 numero

1662 5549 1897 5607 ΝΟΤᾸΞ.

228 5638 888 5723 ς53).(ὶοι1ε,πολιτε>.είας.
922 5646 1177 5723 Fortasse
1215 5647 1575 5723 scribendum
1596 5658 1710 5702 crat

166 5715 446 5779 πολιτείας.
484 5716 660 5773 Malim
695 5729 871 5773 tamen
899 5717 1121 5771 at‘m'um
1154 5729 1398 5774 nostrum
1448 5717 1598 5773 illud.

1887 5641 1999 5709 (δι)
2025 5640 2255 5692 θανάτου
2282 5640 2452 5709 νόμῳ,
2477 5638 2629 5696 Colb.
2651 5653 2746 5709 pro
2767 5633 3169 5704 θανατουμένῳ.

2029 5710 2208 5766 Malim
2254 5708 2479 5779 βυθίζοι.
