  <div class='ocr_page' id='page_1' title='image "/cluster/home/n/w/nwhite01/storage/ocr_20150623/101 pt.1/mdp.39015061955830/405.png"; bbox 0 0 3828 6202; ppageno 0'>
   <div class='ocr_carea' id='block_1_1' title="bbox 421 179 525 241">
    <p class='ocr_par' dir='ltr' id='par_1_1' title="bbox 421 179 525 241">
     <span class='ocr_line' id='line_1_1' title="bbox 421 179 525 241; baseline 0 0"><span class='ocrx_word' id='word_1_1' title='bbox 421 179 525 241; x_wconf 76' lang='grc'>763</span> 
     </span>
    </p>
   </div>
   <div class='ocr_carea' id='block_1_2' title="bbox 1576 189 2509 266">
    <p class='ocr_par' dir='ltr' id='par_1_2' title="bbox 1576 189 2509 266">
     <span class='ocr_line' id='line_1_2' title="bbox 1576 189 2509 266; baseline 0.018 -17"><span class='ocrx_word' id='word_1_2' title='bbox 1576 189 1839 253; x_wconf 88' lang='grc' dir='ltr'><strong>ΡΗΟΤΙΙ</strong></span> <span class='ocrx_word' id='word_1_3' title='bbox 1867 196 2370 264; x_wconf 81' lang='lat' dir='ltr'><strong>PATRIARCll/E</strong></span> <span class='ocrx_word' id='word_1_4' title='bbox 2403 207 2509 266; x_wconf 88' lang='lat' dir='ltr'><strong>CP.</strong></span> 
     </span>
    </p>
   </div>
   <div class='ocr_carea' id='block_1_3' title="bbox 3553 215 3667 280">
    <p class='ocr_par' dir='ltr' id='par_1_3' title="bbox 3553 215 3667 280">
     <span class='ocr_line' id='line_1_3' title="bbox 3553 215 3667 280; baseline -0.018 0"><span class='ocrx_word' id='word_1_5' title='bbox 3553 215 3667 280; x_wconf 64' lang='grc'><strong>764</strong></span> 
     </span>
    </p>
   </div>
   <div class='ocr_carea' id='block_1_4' title="bbox 416 292 1973 399">
    <p class='ocr_par' dir='ltr' id='par_1_4' title="bbox 416 292 1967 372">
     <span class='ocr_line' id='line_1_4' title="bbox 416 292 1967 372; baseline 0.011 -25"><span class='ocrx_word' id='word_1_6' title='bbox 416 292 710 348; x_wconf 81' lang='lat' dir='ltr'><strong>manifeste</strong></span> <span class='ocrx_word' id='word_1_7' title='bbox 740 298 1106 354; x_wconf 79' lang='lat' dir='ltr'><strong>communicat</strong></span> <span class='ocrx_word' id='word_1_8' title='bbox 1140 313 1264 354; x_wconf 91' lang='lat' dir='ltr'><strong>cum</strong></span> <span class='ocrx_word' id='word_1_9' title='bbox 1306 305 1686 372; x_wconf 84' lang='lat' dir='ltr'><strong>grammatica,</strong></span> <span class='ocrx_word' id='word_1_10' title='bbox 1721 323 1908 364; x_wconf 82' lang='lat' dir='ltr'><strong>verum</strong></span> <span class='ocrx_word' id='word_1_11' title='bbox 1939 328 1967 364; x_wconf 87' lang='lat' dir='ltr'><strong>e</strong></span> 
     </span>
    </p>
   </div>
   <div class='ocr_carea' id='block_1_5' title="bbox 2092 292 3669 399">
    <p class='ocr_par' dir='ltr' id='par_1_5' title="bbox 2095 321 3669 399">
     <span class='ocr_line' id='line_1_5' title="bbox 2095 321 3669 399; baseline 0.009 -30"><span class='ocrx_word' id='word_1_12' title='bbox 2095 321 2178 371; x_wconf 87' lang='grc' dir='ltr'>νεῖ</span> <span class='ocrx_word' id='word_1_13' title='bbox 2193 321 2291 390; x_wconf 85' lang='grc' dir='ltr'>τῆς</span> <span class='ocrx_word' id='word_1_14' title='bbox 2313 325 2727 394; x_wconf 74' lang='grc' dir='ltr'><strong>γραμματικῆς,</strong></span> <span class='ocrx_word' id='word_1_15' title='bbox 2757 324 2892 378; x_wconf 84' lang='grc' dir='ltr'>ἀλλὰ</span> <span class='ocrx_word' id='word_1_16' title='bbox 2925 325 3020 380; x_wconf 77' lang='grc' dir='ltr'><strong>καὶ</strong></span> <span class='ocrx_word' id='word_1_17' title='bbox 3047 326 3296 396; x_wconf 77' lang='grc' dir='ltr'><strong>διαφέρει</strong></span> <span class='ocrx_word' id='word_1_18' title='bbox 3321 327 3460 397; x_wconf 86' lang='grc'>(75)·</span> <span class='ocrx_word' id='word_1_19' title='bbox 3495 330 3528 397; x_wconf 82' lang='grc' dir='ltr'>ὴ</span> <span class='ocrx_word' id='word_1_20' title='bbox 3565 330 3669 399; x_wconf 72' lang='grc' dir='ltr'>μὲν</span> 
     </span>
    </p>
   </div>
   <div class='ocr_carea' id='block_1_6' title="bbox 412 384 1993 462">
    <p class='ocr_par' dir='ltr' id='par_1_6' title="bbox 412 384 1993 462">
     <span class='ocr_line' id='line_1_6' title="bbox 412 384 1993 462; baseline 0.012 -26"><span class='ocrx_word' id='word_1_21' title='bbox 412 384 481 437; x_wconf 93' lang='lat' dir='ltr'><strong>ab</strong></span> <span class='ocrx_word' id='word_1_22' title='bbox 515 397 579 436; x_wconf 86' lang='lat' dir='ltr'><strong>ea</strong></span> <span class='ocrx_word' id='word_1_23' title='bbox 612 384 811 440; x_wconf 86' lang='lat' dir='ltr'><strong>dill&#39;ert.</strong></span> <span class='ocrx_word' id='word_1_24' title='bbox 868 386 996 441; x_wconf 72' lang='lat' dir='ltr'><strong>llam</strong></span> <span class='ocrx_word' id='word_1_25' title='bbox 1023 392 1169 444; x_wconf 91' lang='lat' dir='ltr'><strong>enim</strong></span> <span class='ocrx_word' id='word_1_26' title='bbox 1203 400 1289 445; x_wconf 90' lang='lat' dir='ltr'><strong>est</strong></span> <span class='ocrx_word' id='word_1_27' title='bbox 1313 392 1564 462; x_wconf 84' lang='lat' dir='ltr'><strong>scientia,</strong></span> <span class='ocrx_word' id='word_1_28' title='bbox 1597 397 1684 450; x_wconf 90' lang='lat' dir='ltr'><strong>ille</strong></span> <span class='ocrx_word' id='word_1_29' title='bbox 1710 415 1842 453; x_wconf 89' lang='lat' dir='ltr'><strong>vero</strong></span> <span class='ocrx_word' id='word_1_30' title='bbox 1872 402 1993 454; x_wconf 86' lang='lat' dir='ltr'><strong>ani—</strong></span> 
     </span>
    </p>
   </div>
   <div class='ocr_carea' id='block_1_7' title="bbox 414 474 1992 552">
    <p class='ocr_par' dir='ltr' id='par_1_7' title="bbox 414 474 1992 552">
     <span class='ocr_line' id='line_1_7' title="bbox 414 474 1992 552; baseline 0.013 -25"><span class='ocrx_word' id='word_1_31' title='bbox 414 474 547 540; x_wconf 86' lang='lat' dir='ltr'><strong>mal,</strong></span> <span class='ocrx_word' id='word_1_32' title='bbox 577 475 630 530; x_wconf 91' lang='lat' dir='ltr'><strong>in</strong></span> <span class='ocrx_word' id='word_1_33' title='bbox 677 493 786 546; x_wconf 86' lang='lat' dir='ltr'><strong>quo</strong></span> <span class='ocrx_word' id='word_1_34' title='bbox 831 480 1077 534; x_wconf 87' lang='lat' dir='ltr'><strong>scientia.</strong></span> <span class='ocrx_word' id='word_1_35' title='bbox 1103 479 1168 534; x_wconf 90' lang='lat' dir='ltr'><strong>Et</strong></span> <span class='ocrx_word' id='word_1_36' title='bbox 1194 484 1401 552; x_wconf 88' lang='lat' dir='ltr'><strong>pariter</strong></span> <span class='ocrx_word' id='word_1_37' title='bbox 1433 486 1488 539; x_wconf 89' lang='lat' dir='ltr'><strong>in</strong></span> <span class='ocrx_word' id='word_1_38' title='bbox 1521 493 1742 544; x_wconf 89' lang='lat' dir='ltr'><strong>nomine</strong></span> <span class='ocrx_word' id='word_1_39' title='bbox 1776 507 1899 546; x_wconf 91' lang='lat' dir='ltr'><strong>cum</strong></span> <span class='ocrx_word' id='word_1_40' title='bbox 1931 509 1992 547; x_wconf 89' lang='lat' dir='ltr'><strong>ea</strong></span> 
     </span>
    </p>
   </div>
   <div class='ocr_carea' id='block_1_8' title="bbox 411 567 1991 637">
    <p class='ocr_par' dir='ltr' id='par_1_8' title="bbox 411 567 1991 637">
     <span class='ocr_line' id='line_1_8' title="bbox 411 567 1991 637; baseline 0.011 -20"><span class='ocrx_word' id='word_1_41' title='bbox 411 567 780 620; x_wconf 90' lang='lat' dir='ltr'><strong>communicat</strong></span> <span class='ocrx_word' id='word_1_42' title='bbox 803 576 857 621; x_wconf 89' lang='lat' dir='ltr'><strong>et</strong></span> <span class='ocrx_word' id='word_1_43' title='bbox 883 568 950 621; x_wconf 90' lang='lat' dir='ltr'><strong>ab</strong></span> <span class='ocrx_word' id='word_1_44' title='bbox 977 583 1043 623; x_wconf 90' lang='lat' dir='ltr'><strong>ea</strong></span> <span class='ocrx_word' id='word_1_45' title='bbox 1073 569 1285 637; x_wconf 82' lang='lat' dir='ltr'><strong>dill&#39;ert;</strong></span> <span class='ocrx_word' id='word_1_46' title='bbox 1314 573 1457 626; x_wconf 90' lang='lat' dir='ltr'><strong>circa</strong></span> <span class='ocrx_word' id='word_1_47' title='bbox 1491 574 1707 630; x_wconf 87' lang='lat' dir='ltr'><strong>initium</strong></span> <span class='ocrx_word' id='word_1_48' title='bbox 1737 581 1991 635; x_wconf 82' lang='lat' dir='ltr'><strong>vocabuli</strong></span> 
     </span>
    </p>
   </div>
   <div class='ocr_carea' id='block_1_9' title="bbox 411 659 1992 737">
    <p class='ocr_par' dir='ltr' id='par_1_9' title="bbox 411 659 1992 737">
     <span class='ocr_line' id='line_1_9' title="bbox 411 659 1992 737; baseline 0.013 -30"><span class='ocrx_word' id='word_1_49' title='bbox 411 671 532 708; x_wconf 88' lang='lat' dir='ltr'><strong>cum</strong></span> <span class='ocrx_word' id='word_1_50' title='bbox 555 671 618 710; x_wconf 92' lang='lat' dir='ltr'><strong>ea</strong></span> <span class='ocrx_word' id='word_1_51' title='bbox 667 659 940 725; x_wconf 76' lang='lat' dir='ltr'><strong>convenit,</strong></span> <span class='ocrx_word' id='word_1_52' title='bbox 1013 672 1290 730; x_wconf 88' lang='lat' dir='ltr'><strong>postrema</strong></span> <span class='ocrx_word' id='word_1_53' title='bbox 1353 678 1480 718; x_wconf 88' lang='lat' dir='ltr'><strong>vero</strong></span> <span class='ocrx_word' id='word_1_54' title='bbox 1545 668 1751 737; x_wconf 84' lang='lat' dir='ltr'><strong>syllaba</strong></span> <span class='ocrx_word' id='word_1_55' title='bbox 1793 671 1992 728; x_wconf 76' lang='lat' dir='ltr'><strong>diﬂ‘ert.</strong></span> 
     </span>
    </p>
   </div>
   <div class='ocr_carea' id='block_1_10' title="bbox 409 745 1995 832">
    <p class='ocr_par' dir='ltr' id='par_1_10' title="bbox 409 745 1995 832">
     <span class='ocr_line' id='line_1_10' title="bbox 409 745 1995 832; baseline 0.013 -33"><span class='ocrx_word' id='word_1_56' title='bbox 409 745 810 803; x_wconf 75' lang='lat' dir='ltr'><strong>Describuntur</strong></span> <span class='ocrx_word' id='word_1_57' title='bbox 839 767 969 806; x_wconf 87' lang='lat' dir='ltr'><strong>vero</strong></span> <span class='ocrx_word' id='word_1_58' title='bbox 985 754 1391 811; x_wconf 85' lang='lat' dir='ltr'><strong>denominativa</strong></span> <span class='ocrx_word' id='word_1_59' title='bbox 1425 773 1521 813; x_wconf 91' lang='lat' dir='ltr'><strong>seu</strong></span> <span class='ocrx_word' id='word_1_60' title='bbox 1547 761 1794 832; x_wconf 86' lang='lat' dir='ltr'><strong>analoga,</strong></span> <span class='ocrx_word' id='word_1_61' title='bbox 1818 774 1874 818; x_wconf 90' lang='lat' dir='ltr'><strong>ut</strong></span> <span class='ocrx_word' id='word_1_62' title='bbox 1907 781 1995 820; x_wconf 86' lang='lat' dir='ltr'><strong>ac-</strong></span> 
     </span>
    </p>
   </div>
   <div class='ocr_carea' id='block_1_11' title="bbox 407 841 1993 918">
    <p class='ocr_par' dir='ltr' id='par_1_11' title="bbox 407 841 1993 918">
     <span class='ocr_line' id='line_1_11' title="bbox 407 841 1993 918; baseline 0.012 -27"><span class='ocrx_word' id='word_1_63' title='bbox 407 841 652 894; x_wconf 86' lang='lat' dir='ltr'><strong>curatius</strong></span> <span class='ocrx_word' id='word_1_64' title='bbox 709 842 977 910; x_wconf 78' lang='lat' dir='ltr'><strong>dicamus,</strong></span> <span class='ocrx_word' id='word_1_65' title='bbox 1011 847 1114 901; x_wconf 79' lang='lat' dir='ltr'><strong>lioc</strong></span> <span class='ocrx_word' id='word_1_66' title='bbox 1166 859 1324 918; x_wconf 87' lang='lat' dir='ltr'><strong>pacto</strong></span> <span class='ocrx_word' id='word_1_67' title='bbox 1359 867 1372 904; x_wconf 87' lang='lat'><strong>:</strong></span> <span class='ocrx_word' id='word_1_68' title='bbox 1407 850 1812 908; x_wconf 82' lang='lat' dir='ltr'><strong>denominativa</strong></span> <span class='ocrx_word' id='word_1_69' title='bbox 1867 867 1993 910; x_wconf 87' lang='lat' dir='ltr'><strong>sunt</strong></span> 
     </span>
    </p>
   </div>
   <div class='ocr_carea' id='block_1_12' title="bbox 407 929 1995 1010">
    <p class='ocr_par' dir='ltr' id='par_1_12' title="bbox 407 929 1995 1010">
     <span class='ocr_line' id='line_1_12' title="bbox 407 929 1995 1010; baseline 0.013 -31"><span class='ocrx_word' id='word_1_70' title='bbox 407 943 530 995; x_wconf 66' lang='lat' dir='ltr'><strong>quae</strong></span> <span class='ocrx_word' id='word_1_71' title='bbox 558 929 625 982; x_wconf 85' lang='lat' dir='ltr'><strong>ab</strong></span> <span class='ocrx_word' id='word_1_72' title='bbox 655 929 837 999; x_wconf 88' lang='lat' dir='ltr'><strong>aliqua</strong></span> <span class='ocrx_word' id='word_1_73' title='bbox 882 948 942 987; x_wconf 88' lang='lat' dir='ltr'><strong>re</strong></span> <span class='ocrx_word' id='word_1_74' title='bbox 987 933 1219 990; x_wconf 87' lang='lat' dir='ltr'><strong>deducta</strong></span> <span class='ocrx_word' id='word_1_75' title='bbox 1248 953 1539 994; x_wconf 83' lang='lat' dir='ltr'><strong>commune</strong></span> <span class='ocrx_word' id='word_1_76' title='bbox 1564 942 1692 1010; x_wconf 86' lang='lat' dir='ltr'><strong>quid</strong></span> <span class='ocrx_word' id='word_1_77' title='bbox 1717 957 1784 998; x_wconf 89' lang='lat' dir='ltr'><strong>ac</strong></span> <span class='ocrx_word' id='word_1_78' title='bbox 1815 945 1995 998; x_wconf 83' lang='lat' dir='ltr'><strong>diver-</strong></span> 
     </span>
    </p>
   </div>
   <div class='ocr_carea' id='block_1_13' title="bbox 408 1026 1919 1100">
    <p class='ocr_par' dir='ltr' id='par_1_13' title="bbox 408 1026 1919 1100">
     <span class='ocr_line' id='line_1_13' title="bbox 408 1026 1919 1100; baseline 0.015 -28"><span class='ocrx_word' id='word_1_79' title='bbox 408 1035 530 1073; x_wconf 92' lang='lat' dir='ltr'><strong>sum</strong></span> <span class='ocrx_word' id='word_1_80' title='bbox 560 1031 674 1075; x_wconf 92' lang='lat' dir='ltr'><strong>tum</strong></span> <span class='ocrx_word' id='word_1_81' title='bbox 705 1026 886 1093; x_wconf 83' lang='lat' dir='ltr'><strong>quoad</strong></span> <span class='ocrx_word' id='word_1_82' title='bbox 945 1042 1058 1081; x_wconf 89' lang='lat' dir='ltr'><strong>rem</strong></span> <span class='ocrx_word' id='word_1_83' title='bbox 1082 1037 1191 1082; x_wconf 92' lang='lat' dir='ltr'><strong>tum</strong></span> <span class='ocrx_word' id='word_1_84' title='bbox 1223 1032 1404 1100; x_wconf 89' lang='lat' dir='ltr'><strong>quoad</strong></span> <span class='ocrx_word' id='word_1_85' title='bbox 1464 1048 1664 1089; x_wconf 87' lang='lat' dir='ltr'><strong>nomen</strong></span> <span class='ocrx_word' id='word_1_86' title='bbox 1697 1037 1919 1095; x_wconf 88' lang='lat' dir='ltr'><strong>habent.</strong></span> 
     </span>
    </p>
   </div>
   <div class='ocr_carea' id='block_1_14' title="bbox 479 1113 1991 1200">
    <p class='ocr_par' dir='ltr' id='par_1_14' title="bbox 479 1113 1991 1200">
     <span class='ocr_line' id='line_1_14' title="bbox 479 1113 1991 1200; baseline 0.012 -34"><span class='ocrx_word' id='word_1_87' title='bbox 479 1113 531 1168; x_wconf 85' lang='lat'><strong>5.</strong></span> <span class='ocrx_word' id='word_1_88' title='bbox 560 1113 856 1171; x_wconf 85' lang='lat' dir='ltr'><strong>Multivoca</strong></span> <span class='ocrx_word' id='word_1_89' title='bbox 884 1134 1015 1172; x_wconf 86' lang='lat' dir='ltr'><strong>vero</strong></span> <span class='ocrx_word' id='word_1_90' title='bbox 1045 1120 1326 1188; x_wconf 88' lang='lat' dir='ltr'><strong>dicuntur,</strong></span> <span class='ocrx_word' id='word_1_91' title='bbox 1353 1139 1476 1193; x_wconf 54' lang='lat' dir='ltr'><strong>quia</strong></span> <span class='ocrx_word' id='word_1_92' title='bbox 1503 1129 1748 1183; x_wconf 86' lang='lat' dir='ltr'><strong>eamdem</strong></span> <span class='ocrx_word' id='word_1_93' title='bbox 1773 1132 1991 1200; x_wconf 87' lang='lat' dir='ltr'><strong>quidem</strong></span> 
     </span>
    </p>
   </div>
   <div class='ocr_carea' id='block_1_15' title="bbox 409 1205 1994 1291">
    <p class='ocr_par' dir='ltr' id='par_1_15' title="bbox 409 1205 1994 1291">
     <span class='ocr_line' id='line_1_15' title="bbox 409 1205 1994 1291; baseline 0.013 -34"><span class='ocrx_word' id='word_1_94' title='bbox 409 1205 674 1261; x_wconf 87' lang='lat' dir='ltr'><strong>rationem</strong></span> <span class='ocrx_word' id='word_1_95' title='bbox 751 1211 1074 1280; x_wconf 87' lang='lat' dir='ltr'><strong>suscipiunt,</strong></span> <span class='ocrx_word' id='word_1_96' title='bbox 1111 1215 1333 1269; x_wconf 89' lang='lat' dir='ltr'><strong>nomina</strong></span> <span class='ocrx_word' id='word_1_97' title='bbox 1381 1232 1510 1272; x_wconf 83' lang='lat' dir='ltr'><strong>vero</strong></span> <span class='ocrx_word' id='word_1_98' title='bbox 1538 1219 1775 1286; x_wconf 83' lang='lat' dir='ltr'><strong>diversa,</strong></span> <span class='ocrx_word' id='word_1_99' title='bbox 1805 1238 1994 1291; x_wconf 90' lang='lat' dir='ltr'><strong>quem-</strong></span> 
     </span>
    </p>
   </div>
   <div class='ocr_carea' id='block_1_16' title="bbox 408 1299 1994 1384">
    <p class='ocr_par' dir='ltr' id='par_1_16' title="bbox 408 1299 1994 1384">
     <span class='ocr_line' id='line_1_16' title="bbox 408 1299 1994 1384; baseline 0.011 -36"><span class='ocrx_word' id='word_1_100' title='bbox 408 1299 696 1353; x_wconf 88' lang='lat' dir='ltr'><strong>admodum</strong></span> <span class='ocrx_word' id='word_1_101' title='bbox 750 1303 913 1356; x_wconf 89' lang='lat' dir='ltr'><strong>homo</strong></span> <span class='ocrx_word' id='word_1_102' title='bbox 965 1313 1018 1357; x_wconf 90' lang='lat' dir='ltr'><strong>et</strong></span> <span class='ocrx_word' id='word_1_103' title='bbox 1050 1306 1258 1360; x_wconf 87' lang='lat' dir='ltr'><strong>ratione</strong></span> <span class='ocrx_word' id='word_1_104' title='bbox 1325 1323 1388 1362; x_wconf 89' lang='lat' dir='ltr'><strong>ac</strong></span> <span class='ocrx_word' id='word_1_105' title='bbox 1417 1310 1601 1380; x_wconf 84' lang='lat' dir='ltr'><strong>lingua</strong></span> <span class='ocrx_word' id='word_1_106' title='bbox 1643 1313 1902 1384; x_wconf 67' lang='lat' dir='ltr'><strong>praeditus</strong></span> <span class='ocrx_word' id='word_1_107' title='bbox 1942 1321 1994 1371; x_wconf 87' lang='lat' dir='ltr'><strong>et</strong></span> 
     </span>
    </p>
   </div>
   <div class='ocr_carea' id='block_1_17' title="bbox 407 1391 1992 1477">
    <p class='ocr_par' dir='ltr' id='par_1_17' title="bbox 407 1391 1992 1477">
     <span class='ocr_line' id='line_1_17' title="bbox 407 1391 1992 1477; baseline 0.013 -36"><span class='ocrx_word' id='word_1_108' title='bbox 407 1391 654 1466; x_wconf 83' lang='lat' dir='ltr'><strong>mortalis</strong></span> <span class='ocrx_word' id='word_1_109' title='bbox 697 1393 897 1447; x_wconf 87' lang='lat' dir='ltr'><strong>dicitur</strong></span> <span class='ocrx_word' id='word_1_110' title='bbox 938 1396 1175 1466; x_wconf 81' lang='grc' dir='ltr'>(μέροψ,</span> <span class='ocrx_word' id='word_1_111' title='bbox 1212 1396 1442 1470; x_wconf 84' lang='grc' dir='ltr'>βροτός,</span> <span class='ocrx_word' id='word_1_112' title='bbox 1480 1406 1824 1477; x_wconf 75' lang='lat' dir='ltr'><strong>synonyma).</strong></span> <span class='ocrx_word' id='word_1_113' title='bbox 1866 1407 1992 1463; x_wconf 54' lang='lat' dir='ltr'><strong>Haec</strong></span> 
     </span>
    </p>
   </div>
   <div class='ocr_carea' id='block_1_18' title="bbox 404 1480 1987 1564">
    <p class='ocr_par' dir='ltr' id='par_1_18' title="bbox 404 1480 1987 1564">
     <span class='ocr_line' id='line_1_18' title="bbox 404 1480 1987 1564; baseline 0.01 -30"><span class='ocrx_word' id='word_1_114' title='bbox 404 1480 548 1534; x_wconf 87' lang='lat' dir='ltr'><strong>enim</strong></span> <span class='ocrx_word' id='word_1_115' title='bbox 582 1481 760 1550; x_wconf 88' lang='lat' dir='ltr'><strong>quoad</strong></span> <span class='ocrx_word' id='word_1_116' title='bbox 791 1498 990 1537; x_wconf 87' lang='lat' dir='ltr'><strong>nomen</strong></span> <span class='ocrx_word' id='word_1_117' title='bbox 1025 1486 1313 1556; x_wconf 84' lang='lat' dir='ltr'><strong>manifeste</strong></span> <span class='ocrx_word' id='word_1_118' title='bbox 1339 1490 1407 1543; x_wconf 92' lang='lat' dir='ltr'><strong>ab</strong></span> <span class='ocrx_word' id='word_1_119' title='bbox 1439 1491 1670 1546; x_wconf 83' lang='lat' dir='ltr'><strong>invicem</strong></span> <span class='ocrx_word' id='word_1_120' title='bbox 1703 1494 1987 1564; x_wconf 66' lang='lat' dir='ltr'><strong>differunt,</strong></span> 
     </span>
    </p>
   </div>
   <div class='ocr_carea' id='block_1_19' title="bbox 2095 412 3668 489">
    <p class='ocr_par' dir='ltr' id='par_1_19' title="bbox 2095 412 3668 489">
     <span class='ocr_line' id='line_1_19' title="bbox 2095 412 3668 489; baseline 0.013 -25"><span class='ocrx_word' id='word_1_121' title='bbox 2095 414 2204 483; x_wconf 81' lang='grc' dir='ltr'>γάρ</span> <span class='ocrx_word' id='word_1_122' title='bbox 2248 417 2366 467; x_wconf 78' lang='grc' dir='ltr'>ἐστι</span> <span class='ocrx_word' id='word_1_123' title='bbox 2397 415 2618 483; x_wconf 83' lang='grc' dir='ltr'>γνῶσις,</span> <span class='ocrx_word' id='word_1_124' title='bbox 2657 420 2686 470; x_wconf 98' lang='lat'><strong>6</strong></span> <span class='ocrx_word' id='word_1_125' title='bbox 2716 418 2772 470; x_wconf 86' lang='grc' dir='ltr'><strong>δὲ</strong></span> <span class='ocrx_word' id='word_1_126' title='bbox 2821 419 2958 483; x_wconf 82' lang='grc' dir='ltr'>ζῶον</span> <span class='ocrx_word' id='word_1_127' title='bbox 2989 419 3125 489; x_wconf 87' lang='grc'>(76),</span> <span class='ocrx_word' id='word_1_128' title='bbox 3171 422 3230 472; x_wconf 82' lang='grc' dir='ltr'>ἐν</span> <span class='ocrx_word' id='word_1_129' title='bbox 3259 412 3304 487; x_wconf 79' lang='grc' dir='ltr'><strong>ᾧ</strong></span> <span class='ocrx_word' id='word_1_130' title='bbox 3337 420 3371 489; x_wconf 86' lang='grc' dir='ltr'>ἡ</span> <span class='ocrx_word' id='word_1_131' title='bbox 3418 419 3628 486; x_wconf 77' lang='grc' dir='ltr'>γνῶσις</span> <span class='ocrx_word' id='word_1_132' title='bbox 3653 439 3668 454; x_wconf 83' lang='grc'><strong>⁸</strong></span> 
     </span>
    </p>
   </div>
   <div class='ocr_carea' id='block_1_20' title="bbox 2097 506 3668 580">
    <p class='ocr_par' dir='ltr' id='par_1_20' title="bbox 2097 506 3668 580">
     <span class='ocr_line' id='line_1_20' title="bbox 2097 506 3668 580; baseline 0.004 -23"><span class='ocrx_word' id='word_1_133' title='bbox 2097 506 2191 558; x_wconf 81' lang='grc' dir='ltr'><strong>καὶ</strong></span> <span class='ocrx_word' id='word_1_134' title='bbox 2241 506 2300 558; x_wconf 82' lang='grc' dir='ltr'>ὲν</span> <span class='ocrx_word' id='word_1_135' title='bbox 2330 507 2406 578; x_wconf 82' lang='grc' dir='ltr'>τῷ</span> <span class='ocrx_word' id='word_1_136' title='bbox 2438 508 2664 580; x_wconf 86' lang='grc' dir='ltr'>ὀνόματι</span> <span class='ocrx_word' id='word_1_137' title='bbox 2693 510 2749 561; x_wconf 85' lang='grc' dir='ltr'><strong>δὲ</strong></span> <span class='ocrx_word' id='word_1_138' title='bbox 2785 509 3048 574; x_wconf 84' lang='grc' dir='ltr'><strong>ὡσαύτως</strong></span> <span class='ocrx_word' id='word_1_139' title='bbox 3085 514 3333 564; x_wconf 84' lang='grc' dir='ltr'>κοινωνεί</span> <span class='ocrx_word' id='word_1_140' title='bbox 3363 511 3460 563; x_wconf 77' lang='grc' dir='ltr'><strong>καὶ</strong></span> <span class='ocrx_word' id='word_1_141' title='bbox 3478 511 3668 579; x_wconf 72' lang='grc' dir='ltr'>διαφὲο</span> 
     </span>
    </p>
   </div>
   <div class='ocr_carea' id='block_1_21' title="bbox 2099 595 3665 670">
    <p class='ocr_par' dir='ltr' id='par_1_21' title="bbox 2099 595 3665 670">
     <span class='ocr_line' id='line_1_21' title="bbox 2099 595 3665 670; baseline 0.006 -25"><span class='ocrx_word' id='word_1_142' title='bbox 2099 611 2210 662; x_wconf 86' lang='grc' dir='ltr'>ρει·</span> <span class='ocrx_word' id='word_1_143' title='bbox 2239 596 2333 648; x_wconf 73' lang='grc' dir='ltr'>καὶ</span> <span class='ocrx_word' id='word_1_144' title='bbox 2379 595 2488 668; x_wconf 71' lang='grc' dir='ltr'><strong>γὰρ</strong></span> <span class='ocrx_word' id='word_1_145' title='bbox 2521 598 2662 652; x_wconf 82' lang='grc' dir='ltr'>κατὰ</span> <span class='ocrx_word' id='word_1_146' title='bbox 2709 599 2810 669; x_wconf 86' lang='grc' dir='ltr'><strong>μὲν</strong></span> <span class='ocrx_word' id='word_1_147' title='bbox 2859 599 2960 669; x_wconf 81' lang='grc' dir='ltr'>τὴν</span> <span class='ocrx_word' id='word_1_148' title='bbox 3007 601 3182 670; x_wconf 82' lang='grc' dir='ltr'>ἀρχὴν</span> <span class='ocrx_word' id='word_1_149' title='bbox 3219 603 3487 665; x_wconf 84' lang='grc' dir='ltr'>κοινωνεῖ,</span> <span class='ocrx_word' id='word_1_150' title='bbox 3516 603 3665 655; x_wconf 67' lang='grc' dir='ltr'>κατὰ</span> 
     </span>
    </p>
   </div>
   <div class='ocr_carea' id='block_1_22' title="bbox 2093 683 3665 763">
    <p class='ocr_par' dir='ltr' id='par_1_22' title="bbox 2093 683 3665 763">
     <span class='ocr_line' id='line_1_22' title="bbox 2093 683 3665 763; baseline 0.006 -28"><span class='ocrx_word' id='word_1_151' title='bbox 2093 683 2151 737; x_wconf 84' lang='grc' dir='ltr'><strong>δὲ</strong></span> <span class='ocrx_word' id='word_1_152' title='bbox 2186 686 2287 754; x_wconf 81' lang='grc' dir='ltr'><strong>τὴν</strong></span> <span class='ocrx_word' id='word_1_153' title='bbox 2326 687 2645 743; x_wconf 82' lang='grc' dir='ltr'><strong>τελευταίαν</strong></span> <span class='ocrx_word' id='word_1_154' title='bbox 2683 690 2955 761; x_wconf 82' lang='grc' dir='ltr'>συλλαϐὴν</span> <span class='ocrx_word' id='word_1_155' title='bbox 2991 691 3258 763; x_wconf 86' lang='grc' dir='ltr'>διαφέρει.</span> <span class='ocrx_word' id='word_1_156' title='bbox 3311 691 3665 763; x_wconf 81' lang='grc' dir='ltr'>’Υπογράφε-</span> 
     </span>
    </p>
   </div>
   <div class='ocr_carea' id='block_1_23' title="bbox 2094 778 3666 852">
    <p class='ocr_par' dir='ltr' id='par_1_23' title="bbox 2094 778 3666 852">
     <span class='ocr_line' id='line_1_23' title="bbox 2094 778 3666 852; baseline 0.006 -25"><span class='ocrx_word' id='word_1_157' title='bbox 2094 793 2184 828; x_wconf 89' lang='grc' dir='ltr'><strong>ται</strong></span> <span class='ocrx_word' id='word_1_158' title='bbox 2223 778 2279 830; x_wconf 85' lang='grc' dir='ltr'><strong>δὲ</strong></span> <span class='ocrx_word' id='word_1_159' title='bbox 2308 779 2375 831; x_wconf 78' lang='grc' dir='ltr'>τὰ</span> <span class='ocrx_word' id='word_1_160' title='bbox 2423 780 2759 852; x_wconf 84' lang='grc' dir='ltr'>παρώνυμα,</span> <span class='ocrx_word' id='word_1_161' title='bbox 2789 782 2863 845; x_wconf 86' lang='grc' dir='ltr'><strong>ὡς</strong></span> <span class='ocrx_word' id='word_1_162' title='bbox 2911 783 3287 850; x_wconf 78' lang='grc' dir='ltr'>ἐντελέστερον</span> <span class='ocrx_word' id='word_1_163' title='bbox 3319 785 3496 836; x_wconf 71' lang='grc' dir='ltr'>εἰπεῖν</span> <span class='ocrx_word' id='word_1_164' title='bbox 3530 784 3666 852; x_wconf 83' lang='grc'>(77),</span> 
     </span>
    </p>
   </div>
   <div class='ocr_carea' id='block_1_24' title="bbox 2095 868 3666 945">
    <p class='ocr_par' dir='ltr' id='par_1_24' title="bbox 2095 868 3666 945">
     <span class='ocr_line' id='line_1_24' title="bbox 2095 868 3666 945; baseline 0.004 -24"><span class='ocrx_word' id='word_1_165' title='bbox 2095 868 2264 933; x_wconf 78' lang='grc' dir='ltr'>οὕτως</span> <span class='ocrx_word' id='word_1_166' title='bbox 2287 887 2303 902; x_wconf 81' lang='lat'><strong><em>°</em></strong></span> <span class='ocrx_word' id='word_1_167' title='bbox 2343 873 2650 944; x_wconf 86' lang='grc' dir='ltr'>παρώνυμά</span> <span class='ocrx_word' id='word_1_168' title='bbox 2680 876 2817 931; x_wconf 78' lang='grc' dir='ltr'>εἰσιν</span> <span class='ocrx_word' id='word_1_169' title='bbox 2866 875 2965 927; x_wconf 85' lang='grc' dir='ltr'><strong>ὅσα</strong></span> <span class='ocrx_word' id='word_1_170' title='bbox 2992 876 3100 927; x_wconf 85' lang='grc' dir='ltr'><strong>ἀπό</strong></span> <span class='ocrx_word' id='word_1_171' title='bbox 3142 893 3286 936; x_wconf 83' lang='grc' dir='ltr'>τινος</span> <span class='ocrx_word' id='word_1_172' title='bbox 3340 875 3666 945; x_wconf 80' lang='grc' dir='ltr'>πράγματος</span> 
     </span>
    </p>
   </div>
   <div class='ocr_carea' id='block_1_25' title="bbox 2096 965 3666 1038">
    <p class='ocr_par' dir='ltr' id='par_1_25' title="bbox 2096 965 3666 1038">
     <span class='ocr_line' id='line_1_25' title="bbox 2096 965 3666 1038; baseline 0.003 -24"><span class='ocrx_word' id='word_1_173' title='bbox 2096 965 2428 1034; x_wconf 76' lang='grc' dir='ltr'>παρηγμένα</span> <span class='ocrx_word' id='word_1_174' title='bbox 2452 966 2562 1036; x_wconf 88' lang='grc'><strong>(78)</strong></span> <span class='ocrx_word' id='word_1_175' title='bbox 2597 968 2775 1020; x_wconf 85' lang='grc' dir='ltr'>κοινόν</span> <span class='ocrx_word' id='word_1_176' title='bbox 2807 984 2860 1019; x_wconf 87' lang='grc' dir='ltr'><strong>τι</strong></span> <span class='ocrx_word' id='word_1_177' title='bbox 2887 967 2981 1020; x_wconf 75' lang='grc' dir='ltr'><strong>καὶ</strong></span> <span class='ocrx_word' id='word_1_178' title='bbox 3023 967 3279 1038; x_wconf 78' lang='grc' dir='ltr'>διάφορον</span> <span class='ocrx_word' id='word_1_179' title='bbox 3305 967 3454 1020; x_wconf 81' lang='grc' dir='ltr'><strong>κατά</strong></span> <span class='ocrx_word' id='word_1_180' title='bbox 3495 982 3559 1019; x_wconf 82' lang='grc' dir='ltr'><strong>τε</strong></span> <span class='ocrx_word' id='word_1_181' title='bbox 3608 966 3666 1018; x_wconf 68' lang='grc' dir='ltr'><strong>τὸ</strong></span> 
     </span>
    </p>
   </div>
   <div class='ocr_carea' id='block_1_26' title="bbox 2096 1057 3192 1127">
    <p class='ocr_par' dir='ltr' id='par_1_26' title="bbox 2096 1057 3192 1127">
     <span class='ocr_line' id='line_1_26' title="bbox 2096 1057 3192 1127; baseline 0.005 -21"><span class='ocrx_word' id='word_1_182' title='bbox 2096 1057 2331 1126; x_wconf 81' lang='grc' dir='ltr'>πρᾶγμα</span> <span class='ocrx_word' id='word_1_183' title='bbox 2365 1058 2624 1112; x_wconf 80' lang='grc' dir='ltr'>καὶκατὰ</span> <span class='ocrx_word' id='word_1_184' title='bbox 2653 1059 2713 1110; x_wconf 89' lang='grc' dir='ltr'><strong>τὸ</strong></span> <span class='ocrx_word' id='word_1_185' title='bbox 2757 1059 2925 1127; x_wconf 78' lang='grc' dir='ltr'>ὄνομα</span> <span class='ocrx_word' id='word_1_186' title='bbox 2957 1057 3192 1127; x_wconf 78' lang='grc' dir='ltr'>ἔχουσιν.</span> 
     </span>
    </p>
   </div>
   <div class='ocr_carea' id='block_1_27' title="bbox 2165 1148 3668 1222">
    <p class='ocr_par' dir='ltr' id='par_1_27' title="bbox 2165 1148 3668 1222">
     <span class='ocr_line' id='line_1_27' title="bbox 2165 1148 3668 1222; baseline 0.003 -22"><span class='ocrx_word' id='word_1_187' title='bbox 2165 1151 2251 1216; x_wconf 67' lang='grc' dir='ltr'><strong>ε’.)</strong></span> <span class='ocrx_word' id='word_1_188' title='bbox 2280 1148 2618 1219; x_wconf 85' lang='grc' dir='ltr'>Πολυώνυμα</span> <span class='ocrx_word' id='word_1_189' title='bbox 2640 1150 2696 1206; x_wconf 84' lang='grc' dir='ltr'>δὲ</span> <span class='ocrx_word' id='word_1_190' title='bbox 2724 1149 2941 1217; x_wconf 82' lang='grc' dir='ltr'>λέγεται</span> <span class='ocrx_word' id='word_1_191' title='bbox 2962 1151 3072 1222; x_wconf 86' lang='grc'>(79)</span> <span class='ocrx_word' id='word_1_192' title='bbox 3122 1151 3190 1206; x_wconf 79' lang='grc' dir='ltr'>τὰ</span> <span class='ocrx_word' id='word_1_193' title='bbox 3234 1149 3327 1202; x_wconf 83' lang='grc' dir='ltr'><strong>τὸν</strong></span> <span class='ocrx_word' id='word_1_194' title='bbox 3355 1150 3520 1217; x_wconf 78' lang='grc' dir='ltr'>λόγον</span> <span class='ocrx_word' id='word_1_195' title='bbox 3571 1150 3668 1220; x_wconf 77' lang='grc' dir='ltr'><strong>μὲν</strong></span> 
     </span>
    </p>
   </div>
   <div class='ocr_carea' id='block_1_28' title="bbox 2094 1237 3666 1314">
    <p class='ocr_par' dir='ltr' id='par_1_28' title="bbox 2094 1237 3666 1314">
     <span class='ocr_line' id='line_1_28' title="bbox 2094 1237 3666 1314; baseline -0.001 -22"><span class='ocrx_word' id='word_1_196' title='bbox 2094 1240 2184 1292; x_wconf 78' lang='grc' dir='ltr'><strong>τὸν</strong></span> <span class='ocrx_word' id='word_1_197' title='bbox 2243 1241 2405 1296; x_wconf 86' lang='grc' dir='ltr'>αὐτὸν</span> <span class='ocrx_word' id='word_1_198' title='bbox 2464 1242 2842 1313; x_wconf 85' lang='grc' dir='ltr'>ἐπιδεχόμενα,</span> <span class='ocrx_word' id='word_1_199' title='bbox 2879 1244 3113 1314; x_wconf 84' lang='grc' dir='ltr'>ὀνόματα</span> <span class='ocrx_word' id='word_1_200' title='bbox 3157 1243 3214 1296; x_wconf 84' lang='grc' dir='ltr'>δὲ</span> <span class='ocrx_word' id='word_1_201' title='bbox 3266 1243 3523 1313; x_wconf 84' lang='grc' dir='ltr'>διάφορα·</span> <span class='ocrx_word' id='word_1_202' title='bbox 3558 1237 3666 1295; x_wconf 72' lang='grc' dir='ltr'>οἷον</span> 
     </span>
    </p>
   </div>
   <div class='ocr_carea' id='block_1_29' title="bbox 2091 1333 3666 1406">
    <p class='ocr_par' dir='ltr' id='par_1_29' title="bbox 2091 1333 3666 1406">
     <span class='ocr_line' id='line_1_29' title="bbox 2091 1333 3666 1406; baseline 0.001 -20"><span class='ocrx_word' id='word_1_203' title='bbox 2091 1333 2166 1396; x_wconf 82' lang='grc' dir='ltr'>ὡς</span> <span class='ocrx_word' id='word_1_204' title='bbox 2198 1334 2307 1405; x_wconf 89' lang='grc'>(80)</span> <span class='ocrx_word' id='word_1_205' title='bbox 2328 1338 2357 1388; x_wconf 91' lang='lat'><strong>6</strong></span> <span class='ocrx_word' id='word_1_206' title='bbox 2397 1335 2687 1406; x_wconf 78' lang='grc' dir='ltr'>ἄνθρωπος</span> <span class='ocrx_word' id='word_1_207' title='bbox 2725 1335 2901 1406; x_wconf 70' lang='grc' dir='ltr'>μέροψ</span> <span class='ocrx_word' id='word_1_208' title='bbox 2932 1338 3022 1388; x_wconf 78' lang='grc' dir='ltr'><strong>καὶ</strong></span> <span class='ocrx_word' id='word_1_209' title='bbox 3071 1335 3262 1406; x_wconf 88' lang='grc' dir='ltr'>βροτός</span> <span class='ocrx_word' id='word_1_210' title='bbox 3287 1353 3303 1366; x_wconf 81' lang='grc'><strong>’</strong></span> <span class='ocrx_word' id='word_1_211' title='bbox 3357 1336 3536 1389; x_wconf 83' lang='grc' dir='ltr'>ταῦτα</span> <span class='ocrx_word' id='word_1_212' title='bbox 3560 1336 3666 1406; x_wconf 82' lang='grc' dir='ltr'><strong>γὰρ</strong></span> 
     </span>
    </p>
   </div>
   <div class='ocr_carea' id='block_1_30' title="bbox 2095 1425 3664 1498">
    <p class='ocr_par' dir='ltr' id='par_1_30' title="bbox 2095 1425 3664 1498">
     <span class='ocr_line' id='line_1_30' title="bbox 2095 1425 3664 1498; baseline 0 -20"><span class='ocrx_word' id='word_1_213' title='bbox 2095 1425 2236 1478; x_wconf 76' lang='grc' dir='ltr'>κατὰ</span> <span class='ocrx_word' id='word_1_214' title='bbox 2260 1426 2360 1496; x_wconf 81' lang='grc' dir='ltr'><strong>μὲν</strong></span> <span class='ocrx_word' id='word_1_215' title='bbox 2385 1426 2446 1480; x_wconf 81' lang='grc' dir='ltr'>τὸ</span> <span class='ocrx_word' id='word_1_216' title='bbox 2468 1427 2638 1497; x_wconf 79' lang='grc' dir='ltr'>ὄνομα</span> <span class='ocrx_word' id='word_1_217' title='bbox 2661 1427 2904 1498; x_wconf 84' lang='grc' dir='ltr'>δηλονότι</span> <span class='ocrx_word' id='word_1_218' title='bbox 2919 1429 3028 1497; x_wconf 83' lang='grc'>(81)</span> <span class='ocrx_word' id='word_1_219' title='bbox 3052 1427 3297 1498; x_wconf 77' lang='grc' dir='ltr'>ἀλλήλων</span> <span class='ocrx_word' id='word_1_220' title='bbox 3317 1427 3664 1497; x_wconf 76' lang='grc' dir='ltr'><strong>διαφέρουσι,</strong></span> 
     </span>
    </p>
   </div>
   <div class='ocr_carea' id='block_1_31' title="bbox 2093 1516 3666 1588">
    <p class='ocr_par' dir='ltr' id='par_1_31' title="bbox 2093 1516 3666 1588">
     <span class='ocr_line' id='line_1_31' title="bbox 2093 1516 3666 1588; baseline 0.007 -21"><span class='ocrx_word' id='word_1_221' title='bbox 2093 1516 2234 1568; x_wconf 85' lang='grc' dir='ltr'>κατὰ</span> <span class='ocrx_word' id='word_1_222' title='bbox 2261 1517 2317 1569; x_wconf 82' lang='grc' dir='ltr'><strong>δὲ</strong></span> <span class='ocrx_word' id='word_1_223' title='bbox 2379 1517 2468 1570; x_wconf 81' lang='grc' dir='ltr'><strong>τὸν</strong></span> <span class='ocrx_word' id='word_1_224' title='bbox 2526 1517 2682 1585; x_wconf 82' lang='grc' dir='ltr'>λόγον</span> <span class='ocrx_word' id='word_1_225' title='bbox 2733 1519 2792 1571; x_wconf 83' lang='grc' dir='ltr'><strong>ού</strong></span> <span class='ocrx_word' id='word_1_226' title='bbox 2851 1519 3240 1588; x_wconf 75' lang='grc' dir='ltr'>διαφέρουσινο</span> <span class='ocrx_word' id='word_1_227' title='bbox 3289 1520 3526 1574; x_wconf 76' lang='grc' dir='ltr'>ἕκαστον</span> <span class='ocrx_word' id='word_1_228' title='bbox 3556 1519 3666 1588; x_wconf 74' lang='grc' dir='ltr'><strong>γὰρ</strong></span> 
     </span>
    </p>
   </div>
   <div class='ocr_carea' id='block_1_32' title="bbox 403 1576 1973 1675">
    <p class='ocr_par' dir='ltr' id='par_1_32' title="bbox 403 1576 1973 1661">
     <span class='ocr_line' id='line_1_32' title="bbox 403 1576 1973 1661; baseline 0.011 -34"><span class='ocrx_word' id='word_1_229' title='bbox 403 1576 581 1642; x_wconf 88' lang='lat' dir='ltr'><strong>quoad</strong></span> <span class='ocrx_word' id='word_1_230' title='bbox 611 1577 874 1630; x_wconf 82' lang='lat' dir='ltr'><strong>rationem</strong></span> <span class='ocrx_word' id='word_1_231' title='bbox 897 1589 1076 1633; x_wconf 89' lang='lat' dir='ltr'><strong>autem</strong></span> <span class='ocrx_word' id='word_1_232' title='bbox 1104 1595 1212 1634; x_wconf 88' lang='lat' dir='ltr'><strong>non</strong></span> <span class='ocrx_word' id='word_1_233' title='bbox 1238 1582 1514 1637; x_wconf 78' lang='lat' dir='ltr'><strong>diﬂ&#39;erunt.</strong></span> <span class='ocrx_word' id='word_1_234' title='bbox 1553 1583 1973 1661; x_wconf 71' lang='lat' dir='ltr'><strong>Unumquodqui</strong></span> 
     </span>
    </p>
   </div>
   <div class='ocr_carea' id='block_1_33' title="bbox 2092 1576 3666 1675">
    <p class='ocr_par' dir='ltr' id='par_1_33' title="bbox 2094 1576 3666 1675">
     <span class='ocr_line' id='line_1_33' title="bbox 2094 1576 3666 1675; baseline 0.006 -22"><span class='ocrx_word' id='word_1_235' title='bbox 2094 1602 2272 1654; x_wconf 81' lang='grc' dir='ltr'>αὐτῶν</span> <span class='ocrx_word' id='word_1_236' title='bbox 2302 1603 2392 1656; x_wconf 82' lang='grc' dir='ltr'><strong>τὸν</strong></span> <span class='ocrx_word' id='word_1_237' title='bbox 2423 1576 2842 1674; x_wconf 61' lang='grc' dir='ltr'>αὐτὸνόρισμδν</span> <span class='ocrx_word' id='word_1_238' title='bbox 2889 1576 3195 1675; x_wconf 71' lang='grc' dir='ltr'>ἐπιδέχεται</span> <span class='ocrx_word' id='word_1_239' title='bbox 3231 1607 3328 1660; x_wconf 72' lang='grc' dir='ltr'><strong>καὶ</strong></span> <span class='ocrx_word' id='word_1_240' title='bbox 3379 1608 3501 1665; x_wconf 77' lang='grc' dir='ltr'>ἐστι</span> 
     </span>
    </p>
   </div>
   <div class='ocr_carea' id='block_1_34' title="bbox 400 1667 1973 1765">
    <p class='ocr_par' dir='ltr' id='par_1_34' title="bbox 400 1670 1973 1749">
     <span class='ocr_line' id='line_1_34' title="bbox 400 1670 1973 1749; baseline 0.008 -28"><span class='ocrx_word' id='word_1_241' title='bbox 400 1670 544 1722; x_wconf 88' lang='lat' dir='ltr'><strong>cnim</strong></span> <span class='ocrx_word' id='word_1_242' title='bbox 584 1686 772 1724; x_wconf 89' lang='lat' dir='ltr'><strong>eorum</strong></span> <span class='ocrx_word' id='word_1_243' title='bbox 806 1673 1088 1726; x_wconf 89' lang='lat' dir='ltr'><strong>eamdem</strong></span> <span class='ocrx_word' id='word_1_244' title='bbox 1140 1674 1508 1730; x_wconf 89' lang='lat' dir='ltr'><strong>delinitionem</strong></span> <span class='ocrx_word' id='word_1_245' title='bbox 1549 1680 1776 1749; x_wconf 87' lang='lat' dir='ltr'><strong>suscipit</strong></span> <span class='ocrx_word' id='word_1_246' title='bbox 1803 1690 1858 1735; x_wconf 88' lang='lat' dir='ltr'><strong>et</strong></span> <span class='ocrx_word' id='word_1_247' title='bbox 1901 1695 1973 1738; x_wconf 79' lang='grc' dir='ltr'><strong>εει</strong></span> 
     </span>
    </p>
   </div>
   <div class='ocr_carea' id='block_1_35' title="bbox 2092 1667 2718 1765">
    <p class='ocr_par' dir='ltr' id='par_1_35' title="bbox 2092 1667 2718 1765">
     <span class='ocr_line' id='line_1_35' title="bbox 2092 1667 2718 1765; baseline 0.006 -21"><span class='ocrx_word' id='word_1_248' title='bbox 2092 1693 2326 1762; x_wconf 72' lang='grc' dir='ltr'>λογικὸν,</span> <span class='ocrx_word' id='word_1_249' title='bbox 2365 1693 2559 1764; x_wconf 80' lang='grc' dir='ltr'>θνητόν</span> <span class='ocrx_word' id='word_1_250' title='bbox 2584 1667 2718 1765; x_wconf 52' lang='grc'>(89).</span> 
     </span>
    </p>
   </div>
   <div class='ocr_carea' id='block_1_36' title="bbox 403 1762 1245 1820">
    <p class='ocr_par' dir='ltr' id='par_1_36' title="bbox 403 1762 1245 1820">
     <span class='ocr_line' id='line_1_36' title="bbox 403 1762 1245 1820; baseline 0.01 -8"><span class='ocrx_word' id='word_1_251' title='bbox 403 1762 602 1814; x_wconf 89' lang='lat' dir='ltr'><strong>animal</strong></span> <span class='ocrx_word' id='word_1_252' title='bbox 630 1762 893 1817; x_wconf 85' lang='lat' dir='ltr'><strong>rationale</strong></span> <span class='ocrx_word' id='word_1_253' title='bbox 914 1773 968 1818; x_wconf 90' lang='lat' dir='ltr'><strong>et</strong></span> <span class='ocrx_word' id='word_1_254' title='bbox 995 1765 1245 1820; x_wconf 86' lang='lat' dir='ltr'><strong>mortale.</strong></span> 
     </span>
    </p>
   </div>
   <div class='ocr_carea' id='block_1_37' title="bbox 469 1874 1961 1954">
    <p class='ocr_par' dir='ltr' id='par_1_37' title="bbox 469 1874 1961 1954">
     <span class='ocr_line' id='line_1_37' title="bbox 469 1874 1961 1954; baseline 0.008 -27"><span class='ocrx_word' id='word_1_255' title='bbox 469 1875 520 1930; x_wconf 83' lang='lat'>6.</span> <span class='ocrx_word' id='word_1_256' title='bbox 593 1874 941 1932; x_wconf 82' lang='lat' dir='ltr'><strong>Diversivoca</strong></span> <span class='ocrx_word' id='word_1_257' title='bbox 985 1893 1117 1932; x_wconf 84' lang='lat' dir='ltr'><strong>vero</strong></span> <span class='ocrx_word' id='word_1_258' title='bbox 1158 1878 1415 1935; x_wconf 85' lang='lat' dir='ltr'><strong>dicuntur</strong></span> <span class='ocrx_word' id='word_1_259' title='bbox 1452 1897 1573 1951; x_wconf 73' lang='lat' dir='ltr'><strong>quae</strong></span> <span class='ocrx_word' id='word_1_260' title='bbox 1620 1893 1733 1937; x_wconf 91' lang='lat' dir='ltr'><strong>tum</strong></span> <span class='ocrx_word' id='word_1_261' title='bbox 1782 1886 1961 1954; x_wconf 86' lang='lat' dir='ltr'><strong>quoad</strong></span> 
     </span>
    </p>
   </div>
   <div class='ocr_carea' id='block_1_38' title="bbox 403 1970 1976 2048">
    <p class='ocr_par' dir='ltr' id='par_1_38' title="bbox 403 1970 1976 2048">
     <span class='ocr_line' id='line_1_38' title="bbox 403 1970 1976 2048; baseline 0.009 -30"><span class='ocrx_word' id='word_1_262' title='bbox 403 1982 598 2020; x_wconf 89' lang='lat' dir='ltr'><strong>nomen</strong></span> <span class='ocrx_word' id='word_1_263' title='bbox 644 1978 756 2021; x_wconf 89' lang='lat' dir='ltr'><strong>tum</strong></span> <span class='ocrx_word' id='word_1_264' title='bbox 815 1970 996 2038; x_wconf 86' lang='lat' dir='ltr'><strong>quoad</strong></span> <span class='ocrx_word' id='word_1_265' title='bbox 1039 1971 1306 2025; x_wconf 89' lang='lat' dir='ltr'><strong>rationem</strong></span> <span class='ocrx_word' id='word_1_266' title='bbox 1352 1974 1630 2041; x_wconf 83' lang='lat' dir='ltr'><strong>dillerunt,</strong></span> <span class='ocrx_word' id='word_1_267' title='bbox 1679 1984 1739 2030; x_wconf 87' lang='lat' dir='ltr'><strong>ut</strong></span> <span class='ocrx_word' id='word_1_268' title='bbox 1781 1994 1834 2032; x_wconf 88' lang='lat' dir='ltr'><strong>v.</strong></span> <span class='ocrx_word' id='word_1_269' title='bbox 1893 1993 1976 2048; x_wconf 80' lang='lat' dir='ltr'><strong>gr.</strong></span> 
     </span>
    </p>
   </div>
   <div class='ocr_carea' id='block_1_39' title="bbox 405 2058 1980 2134">
    <p class='ocr_par' dir='ltr' id='par_1_39' title="bbox 405 2058 1980 2134">
     <span class='ocr_line' id='line_1_39' title="bbox 405 2058 1980 2134; baseline 0.01 -25"><span class='ocrx_word' id='word_1_270' title='bbox 405 2058 572 2112; x_wconf 86' lang='lat' dir='ltr'><strong>homo</strong></span> <span class='ocrx_word' id='word_1_271' title='bbox 610 2067 665 2112; x_wconf 90' lang='lat' dir='ltr'><strong>et</strong></span> <span class='ocrx_word' id='word_1_272' title='bbox 694 2075 904 2128; x_wconf 89' lang='lat' dir='ltr'><strong>equus;</strong></span> <span class='ocrx_word' id='word_1_273' title='bbox 929 2076 1057 2116; x_wconf 91' lang='lat' dir='ltr'><strong>ecce</strong></span> <span class='ocrx_word' id='word_1_274' title='bbox 1088 2062 1202 2117; x_wconf 83' lang='lat' dir='ltr'><strong>haec</strong></span> <span class='ocrx_word' id='word_1_275' title='bbox 1236 2079 1413 2133; x_wconf 90' lang='lat' dir='ltr'><strong>neque</strong></span> <span class='ocrx_word' id='word_1_276' title='bbox 1438 2067 1613 2134; x_wconf 85' lang='lat' dir='ltr'><strong>quoad</strong></span> <span class='ocrx_word' id='word_1_277' title='bbox 1647 2084 1847 2123; x_wconf 91' lang='lat' dir='ltr'><strong>nomen</strong></span> <span class='ocrx_word' id='word_1_278' title='bbox 1876 2070 1980 2124; x_wconf 90' lang='lat' dir='ltr'><strong>sibi</strong></span> 
     </span>
    </p>
   </div>
   <div class='ocr_carea' id='block_1_40' title="bbox 402 2149 1982 2224">
    <p class='ocr_par' dir='ltr' id='par_1_40' title="bbox 402 2149 1982 2224">
     <span class='ocr_line' id='line_1_40' title="bbox 402 2149 1982 2224; baseline 0.008 -24"><span class='ocrx_word' id='word_1_279' title='bbox 402 2149 639 2204; x_wconf 82' lang='lat' dir='ltr'><strong>invicem</strong></span> <span class='ocrx_word' id='word_1_280' title='bbox 678 2151 1014 2205; x_wconf 82' lang='lat' dir='ltr'><strong>conveniunt</strong></span> <span class='ocrx_word' id='word_1_281' title='bbox 1040 2169 1216 2222; x_wconf 91' lang='lat' dir='ltr'><strong>neque</strong></span> <span class='ocrx_word' id='word_1_282' title='bbox 1247 2156 1426 2224; x_wconf 85' lang='lat' dir='ltr'><strong>quoad</strong></span> <span class='ocrx_word' id='word_1_283' title='bbox 1461 2157 1851 2213; x_wconf 81' lang='lat' dir='ltr'><strong>deﬁnitionem.</strong></span> <span class='ocrx_word' id='word_1_284' title='bbox 1889 2160 1982 2214; x_wconf 85' lang='lat' dir='ltr'><strong>Ille</strong></span> 
     </span>
    </p>
   </div>
   <div class='ocr_carea' id='block_1_41' title="bbox 401 2245 1981 2311">
    <p class='ocr_par' dir='ltr' id='par_1_41' title="bbox 401 2245 1981 2311">
     <span class='ocr_line' id='line_1_41' title="bbox 401 2245 1981 2311; baseline 0.007 -15"><span class='ocrx_word' id='word_1_285' title='bbox 401 2245 547 2296; x_wconf 89' lang='lat' dir='ltr'><strong>enim</strong></span> <span class='ocrx_word' id='word_1_286' title='bbox 575 2253 658 2297; x_wconf 86' lang='lat' dir='ltr'><strong>est</strong></span> <span class='ocrx_word' id='word_1_287' title='bbox 691 2245 892 2299; x_wconf 86' lang='lat' dir='ltr'><strong>animal</strong></span> <span class='ocrx_word' id='word_1_288' title='bbox 921 2246 1209 2311; x_wconf 87' lang='lat' dir='ltr'><strong>rationale,</strong></span> <span class='ocrx_word' id='word_1_289' title='bbox 1237 2248 1323 2301; x_wconf 89' lang='lat' dir='ltr'><strong>hic</strong></span> <span class='ocrx_word' id='word_1_290' title='bbox 1349 2263 1480 2302; x_wconf 91' lang='lat' dir='ltr'><strong>vero</strong></span> <span class='ocrx_word' id='word_1_291' title='bbox 1513 2250 1716 2303; x_wconf 89' lang='lat' dir='ltr'><strong>animal</strong></span> <span class='ocrx_word' id='word_1_292' title='bbox 1749 2253 1981 2308; x_wconf 89' lang='lat' dir='ltr'><strong>rationis</strong></span> 
     </span>
    </p>
   </div>
   <div class='ocr_carea' id='block_1_42' title="bbox 400 2337 1977 2410">
    <p class='ocr_par' dir='ltr' id='par_1_42' title="bbox 400 2337 1977 2410">
     <span class='ocr_line' id='line_1_42' title="bbox 400 2337 1977 2410; baseline 0.006 -22"><span class='ocrx_word' id='word_1_293' title='bbox 400 2350 617 2403; x_wconf 80' lang='lat' dir='ltr'><strong>expers.</strong></span> <span class='ocrx_word' id='word_1_294' title='bbox 667 2337 733 2390; x_wconf 84' lang='lat' dir='ltr'><strong>Et</strong></span> <span class='ocrx_word' id='word_1_295' title='bbox 776 2337 890 2391; x_wconf 71' lang='lat' dir='ltr'><strong>liazc</strong></span> <span class='ocrx_word' id='word_1_296' title='bbox 943 2339 1161 2408; x_wconf 85' lang='lat' dir='ltr'><strong>quidem</strong></span> <span class='ocrx_word' id='word_1_297' title='bbox 1213 2339 1359 2392; x_wconf 90' lang='lat' dir='ltr'><strong>dicta</strong></span> <span class='ocrx_word' id='word_1_298' title='bbox 1398 2340 1509 2394; x_wconf 90' lang='lat' dir='ltr'><strong>sint</strong></span> <span class='ocrx_word' id='word_1_299' title='bbox 1551 2343 1616 2395; x_wconf 90' lang='lat' dir='ltr'><strong>de</strong></span> <span class='ocrx_word' id='word_1_300' title='bbox 1659 2343 1977 2410; x_wconf 79' lang='lat' dir='ltr'><strong>aequivocis,</strong></span> 
     </span>
    </p>
   </div>
   <div class='ocr_carea' id='block_1_43' title="bbox 402 2426 1976 2496">
    <p class='ocr_par' dir='ltr' id='par_1_43' title="bbox 402 2426 1976 2496">
     <span class='ocr_line' id='line_1_43' title="bbox 402 2426 1976 2496; baseline 0.008 -19"><span class='ocrx_word' id='word_1_301' title='bbox 402 2426 672 2491; x_wconf 85' lang='lat' dir='ltr'><strong>uuivocis,</strong></span> <span class='ocrx_word' id='word_1_302' title='bbox 702 2426 1147 2496; x_wconf 84' lang='lat' dir='ltr'><strong>denominativis,</strong></span> <span class='ocrx_word' id='word_1_303' title='bbox 1178 2432 1490 2486; x_wconf 87' lang='lat' dir='ltr'><strong>multivocis</strong></span> <span class='ocrx_word' id='word_1_304' title='bbox 1520 2441 1573 2485; x_wconf 89' lang='lat' dir='ltr'><strong>et</strong></span> <span class='ocrx_word' id='word_1_305' title='bbox 1601 2433 1976 2489; x_wconf 86' lang='lat' dir='ltr'><strong>diversivocis.</strong></span> 
     </span>
    </p>
   </div>
   <div class='ocr_carea' id='block_1_44' title="bbox 472 2517 1974 2593">
    <p class='ocr_par' dir='ltr' id='par_1_44' title="bbox 472 2517 1974 2593">
     <span class='ocr_line' id='line_1_44' title="bbox 472 2517 1974 2593; baseline 0.007 -25"><span class='ocrx_word' id='word_1_306' title='bbox 472 2517 526 2569; x_wconf 85' lang='lat'><strong>7.</strong></span> <span class='ocrx_word' id='word_1_307' title='bbox 565 2517 792 2586; x_wconf 87' lang='lat' dir='ltr'><strong>Oportet</strong></span> <span class='ocrx_word' id='word_1_308' title='bbox 823 2519 1059 2574; x_wconf 89' lang='lat' dir='ltr'><strong>breviter</strong></span> <span class='ocrx_word' id='word_1_309' title='bbox 1087 2533 1142 2575; x_wconf 88' lang='lat' dir='ltr'><strong>ct</strong></span> <span class='ocrx_word' id='word_1_310' title='bbox 1175 2522 1278 2576; x_wconf 88' lang='lat' dir='ltr'><strong>hoc</strong></span> <span class='ocrx_word' id='word_1_311' title='bbox 1303 2523 1504 2589; x_wconf 89' lang='lat' dir='ltr'><strong>dicere,</strong></span> <span class='ocrx_word' id='word_1_312' title='bbox 1536 2523 1974 2593; x_wconf 80' lang='lat' dir='ltr'><strong>nihilimpcdire,</strong></span> 
     </span>
    </p>
   </div>
   <div class='ocr_carea' id='block_1_45' title="bbox 399 2611 1977 2686">
    <p class='ocr_par' dir='ltr' id='par_1_45' title="bbox 399 2611 1977 2686">
     <span class='ocr_line' id='line_1_45' title="bbox 399 2611 1977 2686; baseline 0.006 -24"><span class='ocrx_word' id='word_1_313' title='bbox 399 2611 696 2679; x_wconf 89' lang='lat' dir='ltr'><strong>quominus</strong></span> <span class='ocrx_word' id='word_1_314' title='bbox 733 2613 874 2665; x_wconf 87' lang='lat' dir='ltr'><strong>idem</strong></span> <span class='ocrx_word' id='word_1_315' title='bbox 915 2613 981 2666; x_wconf 90' lang='lat' dir='ltr'><strong>ad</strong></span> <span class='ocrx_word' id='word_1_316' title='bbox 1021 2614 1168 2668; x_wconf 84' lang='lat' dir='ltr'><strong>aliud</strong></span> <span class='ocrx_word' id='word_1_317' title='bbox 1207 2624 1262 2669; x_wconf 91' lang='lat' dir='ltr'><strong>et</strong></span> <span class='ocrx_word' id='word_1_318' title='bbox 1290 2616 1434 2670; x_wconf 84' lang='lat' dir='ltr'><strong>aliud</strong></span> <span class='ocrx_word' id='word_1_319' title='bbox 1480 2628 1534 2670; x_wconf 89' lang='lat' dir='ltr'><strong>et</strong></span> <span class='ocrx_word' id='word_1_320' title='bbox 1558 2619 1892 2686; x_wconf 75' lang='lat' dir='ltr'><strong>aequivocum</strong></span> <span class='ocrx_word' id='word_1_321' title='bbox 1923 2628 1977 2675; x_wconf 84' lang='lat' dir='ltr'><strong>ct</strong></span> 
     </span>
    </p>
   </div>
   <div class='ocr_carea' id='block_1_46' title="bbox 401 2703 1974 2781">
    <p class='ocr_par' dir='ltr' id='par_1_46' title="bbox 401 2703 1974 2781">
     <span class='ocr_line' id='line_1_46' title="bbox 401 2703 1974 2781; baseline 0.006 -24"><span class='ocrx_word' id='word_1_322' title='bbox 401 2704 694 2757; x_wconf 90' lang='lat' dir='ltr'><strong>univocum</strong></span> <span class='ocrx_word' id='word_1_323' title='bbox 723 2705 814 2758; x_wconf 91' lang='lat' dir='ltr'><strong>sit.</strong></span> <span class='ocrx_word' id='word_1_324' title='bbox 846 2703 1060 2759; x_wconf 86' lang='lat' dir='ltr'><strong>Etenim</strong></span> <span class='ocrx_word' id='word_1_325' title='bbox 1097 2707 1261 2761; x_wconf 84' lang='lat' dir='ltr'><strong>homo</strong></span> <span class='ocrx_word' id='word_1_326' title='bbox 1293 2709 1360 2762; x_wconf 87' lang='lat' dir='ltr'><strong>ad</strong></span> <span class='ocrx_word' id='word_1_327' title='bbox 1387 2710 1679 2780; x_wconf 83' lang='lat' dir='ltr'><strong>imaginem</strong></span> <span class='ocrx_word' id='word_1_328' title='bbox 1711 2713 1766 2766; x_wconf 89' lang='lat' dir='ltr'><strong>in</strong></span> <span class='ocrx_word' id='word_1_329' title='bbox 1806 2713 1974 2781; x_wconf 64' lang='lat' dir='ltr'><strong>tequi-</strong></span> 
     </span>
    </p>
   </div>
   <div class='ocr_carea' id='block_1_47' title="bbox 402 2795 1972 2869">
    <p class='ocr_par' dir='ltr' id='par_1_47' title="bbox 402 2795 1972 2869">
     <span class='ocr_line' id='line_1_47' title="bbox 402 2795 1972 2869; baseline 0.008 -23"><span class='ocrx_word' id='word_1_330' title='bbox 402 2795 549 2849; x_wconf 86' lang='lat' dir='ltr'><strong>vocis</strong></span> <span class='ocrx_word' id='word_1_331' title='bbox 577 2795 891 2864; x_wconf 68' lang='lat' dir='ltr'><strong>aequivocus</strong></span> <span class='ocrx_word' id='word_1_332' title='bbox 914 2809 1256 2853; x_wconf 89' lang='lat' dir='ltr'><strong>monstratus</strong></span> <span class='ocrx_word' id='word_1_333' title='bbox 1285 2809 1390 2866; x_wconf 89' lang='lat' dir='ltr'><strong>est,</strong></span> <span class='ocrx_word' id='word_1_334' title='bbox 1416 2801 1482 2854; x_wconf 90' lang='lat' dir='ltr'><strong>ad</strong></span> <span class='ocrx_word' id='word_1_335' title='bbox 1523 2817 1724 2869; x_wconf 89' lang='lat' dir='ltr'><strong>equum</strong></span> <span class='ocrx_word' id='word_1_336' title='bbox 1757 2819 1884 2858; x_wconf 88' lang='lat' dir='ltr'><strong>vero</strong></span> <span class='ocrx_word' id='word_1_337' title='bbox 1919 2805 1972 2858; x_wconf 91' lang='lat' dir='ltr'><strong>in</strong></span> 
     </span>
    </p>
   </div>
   <div class='ocr_carea' id='block_1_48' title="bbox 398 2888 1973 2958">
    <p class='ocr_par' dir='ltr' id='par_1_48' title="bbox 398 2888 1973 2958">
     <span class='ocr_line' id='line_1_48' title="bbox 398 2888 1973 2958; baseline 0.007 -19"><span class='ocrx_word' id='word_1_338' title='bbox 398 2888 649 2942; x_wconf 84' lang='lat' dir='ltr'><strong>univocis</strong></span> <span class='ocrx_word' id='word_1_339' title='bbox 679 2889 968 2944; x_wconf 87' lang='lat' dir='ltr'><strong>univocus.</strong></span> <span class='ocrx_word' id='word_1_340' title='bbox 1003 2889 1123 2944; x_wconf 78' lang='lat' dir='ltr'><strong>Non</strong></span> <span class='ocrx_word' id='word_1_341' title='bbox 1159 2892 1335 2946; x_wconf 90' lang='lat' dir='ltr'><strong>solum</strong></span> <span class='ocrx_word' id='word_1_342' title='bbox 1367 2908 1497 2946; x_wconf 87' lang='lat' dir='ltr'><strong>vero</strong></span> <span class='ocrx_word' id='word_1_343' title='bbox 1539 2895 1674 2958; x_wconf 76' lang='lat' dir='ltr'><strong>haec,</strong></span> <span class='ocrx_word' id='word_1_344' title='bbox 1710 2895 1804 2949; x_wconf 90' lang='lat' dir='ltr'><strong>sed</strong></span> <span class='ocrx_word' id='word_1_345' title='bbox 1839 2904 1892 2949; x_wconf 89' lang='lat' dir='ltr'><strong>et</strong></span> <span class='ocrx_word' id='word_1_346' title='bbox 1917 2895 1973 2950; x_wconf 90' lang='lat' dir='ltr'><strong>in</strong></span> 
     </span>
    </p>
   </div>
   <div class='ocr_carea' id='block_1_49' title="bbox 2160 1873 3661 1948">
    <p class='ocr_par' dir='ltr' id='par_1_49' title="bbox 2160 1873 3661 1948">
     <span class='ocr_line' id='line_1_49' title="bbox 2160 1873 3661 1948; baseline 0.003 -22"><span class='ocrx_word' id='word_1_347' title='bbox 2160 1873 2242 1938; x_wconf 83' lang='grc' dir='ltr'><strong>ς’.</strong></span> <span class='ocrx_word' id='word_1_348' title='bbox 2279 1873 2630 1946; x_wconf 85' lang='grc' dir='ltr'>Ἐτερώνυμα</span> <span class='ocrx_word' id='word_1_349' title='bbox 2658 1876 2716 1930; x_wconf 84' lang='grc' dir='ltr'><strong>δὲ</strong></span> <span class='ocrx_word' id='word_1_350' title='bbox 2763 1876 2978 1946; x_wconf 82' lang='grc' dir='ltr'>λέγεται</span> <span class='ocrx_word' id='word_1_351' title='bbox 3016 1878 3052 1932; x_wconf 77' lang='grc' dir='ltr'><strong>ὃ.</strong></span> <span class='ocrx_word' id='word_1_352' title='bbox 3080 1879 3173 1931; x_wconf 76' lang='grc' dir='ltr'>καὶ</span> <span class='ocrx_word' id='word_1_353' title='bbox 3207 1878 3348 1933; x_wconf 86' lang='grc' dir='ltr'>κατὰ</span> <span class='ocrx_word' id='word_1_354' title='bbox 3385 1877 3448 1930; x_wconf 84' lang='grc' dir='ltr'>τὺ</span> <span class='ocrx_word' id='word_1_355' title='bbox 3497 1878 3661 1948; x_wconf 75' lang='grc' dir='ltr'>ὄνομα</span> 
     </span>
    </p>
   </div>
   <div class='ocr_carea' id='block_1_50' title="bbox 2086 1966 3661 2040">
    <p class='ocr_par' dir='ltr' id='par_1_50' title="bbox 2086 1966 3661 2040">
     <span class='ocr_line' id='line_1_50' title="bbox 2086 1966 3661 2040; baseline 0.001 -20"><span class='ocrx_word' id='word_1_356' title='bbox 2086 1967 2178 2020; x_wconf 71' lang='grc' dir='ltr'>καὶ</span> <span class='ocrx_word' id='word_1_357' title='bbox 2216 1966 2358 2020; x_wconf 85' lang='grc' dir='ltr'>κατὰ</span> <span class='ocrx_word' id='word_1_358' title='bbox 2387 1967 2479 2020; x_wconf 85' lang='grc' dir='ltr'><strong>τὸν</strong></span> <span class='ocrx_word' id='word_1_359' title='bbox 2501 1967 2661 2034; x_wconf 85' lang='grc' dir='ltr'>λόγον</span> <span class='ocrx_word' id='word_1_360' title='bbox 2691 1968 3044 2037; x_wconf 78' lang='grc' dir='ltr'>διαφέρουσιν</span> <span class='ocrx_word' id='word_1_361' title='bbox 3066 1969 3174 2040; x_wconf 82' lang='grc'>(8⁸5)</span> <span class='ocrx_word' id='word_1_362' title='bbox 3197 1985 3210 1998; x_wconf 74' lang='grc'><strong><em>⁸</em></strong></span> <span class='ocrx_word' id='word_1_363' title='bbox 3241 1966 3352 2022; x_wconf 75' lang='grc' dir='ltr'>οἷον</span> <span class='ocrx_word' id='word_1_364' title='bbox 3375 1970 3661 2039; x_wconf 75' lang='grc' dir='ltr'>ἄνθρωπος</span> 
     </span>
    </p>
   </div>
   <div class='ocr_carea' id='block_1_51' title="bbox 2084 2059 3659 2132">
    <p class='ocr_par' dir='ltr' id='par_1_51' title="bbox 2084 2059 3659 2132">
     <span class='ocr_line' id='line_1_51' title="bbox 2084 2059 3659 2132; baseline 0.003 -20"><span class='ocrx_word' id='word_1_365' title='bbox 2084 2061 2179 2112; x_wconf 77' lang='grc' dir='ltr'><strong>καὶ</strong></span> <span class='ocrx_word' id='word_1_366' title='bbox 2211 2059 2381 2122; x_wconf 79' lang='grc' dir='ltr'>ἵππος</span> <span class='ocrx_word' id='word_1_367' title='bbox 2401 2074 2418 2092; x_wconf 84' lang='grc'>⁶</span> <span class='ocrx_word' id='word_1_368' title='bbox 2449 2060 2558 2113; x_wconf 78' lang='grc' dir='ltr'>ἰδοὺ</span> <span class='ocrx_word' id='word_1_369' title='bbox 2581 2061 2692 2130; x_wconf 83' lang='grc' dir='ltr'><strong>γὰρ</strong></span> <span class='ocrx_word' id='word_1_370' title='bbox 2728 2059 2901 2114; x_wconf 78' lang='grc' dir='ltr'>ταῦτα</span> <span class='ocrx_word' id='word_1_371' title='bbox 2931 2059 3055 2113; x_wconf 76' lang='grc' dir='ltr'>οὔτε</span> <span class='ocrx_word' id='word_1_372' title='bbox 3094 2061 3235 2115; x_wconf 81' lang='grc' dir='ltr'>κατὰ</span> <span class='ocrx_word' id='word_1_373' title='bbox 3265 2061 3325 2113; x_wconf 79' lang='grc' dir='ltr'><strong>τὸ</strong></span> <span class='ocrx_word' id='word_1_374' title='bbox 3356 2061 3540 2132; x_wconf 79' lang='grc' dir='ltr'>ὄνομα</span> <span class='ocrx_word' id='word_1_375' title='bbox 3556 2063 3659 2132; x_wconf 69' lang='grc'>(84)</span> 
     </span>
    </p>
   </div>
   <div class='ocr_carea' id='block_1_52' title="bbox 2081 2152 3662 2226">
    <p class='ocr_par' dir='ltr' id='par_1_52' title="bbox 2081 2152 3662 2226">
     <span class='ocr_line' id='line_1_52' title="bbox 2081 2152 3662 2226; baseline 0.001 -20"><span class='ocrx_word' id='word_1_376' title='bbox 2081 2152 2432 2206; x_wconf 79' lang='grc' dir='ltr'>κοινωνοῦσιν</span> <span class='ocrx_word' id='word_1_377' title='bbox 2457 2153 2725 2223; x_wconf 82' lang='grc' dir='ltr'>ἀλλήλοις,</span> <span class='ocrx_word' id='word_1_378' title='bbox 2759 2152 2882 2206; x_wconf 77' lang='grc' dir='ltr'>οὔτε</span> <span class='ocrx_word' id='word_1_379' title='bbox 2906 2155 3047 2206; x_wconf 73' lang='grc' dir='ltr'>κατὰ</span> <span class='ocrx_word' id='word_1_380' title='bbox 3073 2154 3164 2206; x_wconf 72' lang='grc' dir='ltr'><strong>τὸν</strong></span> <span class='ocrx_word' id='word_1_381' title='bbox 3211 2154 3442 2226; x_wconf 85' lang='grc' dir='ltr'>ὁρισμόν</span> <span class='ocrx_word' id='word_1_382' title='bbox 3467 2171 3482 2183; x_wconf 92' lang='grc'><strong>·</strong></span> <span class='ocrx_word' id='word_1_383' title='bbox 3514 2159 3544 2208; x_wconf 86' lang='lat'><strong>6</strong></span> <span class='ocrx_word' id='word_1_384' title='bbox 3568 2157 3662 2224; x_wconf 82' lang='grc' dir='ltr'>μὲν</span> 
     </span>
    </p>
   </div>
   <div class='ocr_carea' id='block_1_53' title="bbox 2079 2243 3662 2314">
    <p class='ocr_par' dir='ltr' id='par_1_53' title="bbox 2079 2243 3662 2314">
     <span class='ocr_line' id='line_1_53' title="bbox 2079 2243 3662 2314; baseline 0.002 -20"><span class='ocrx_word' id='word_1_385' title='bbox 2079 2244 2188 2313; x_wconf 82' lang='grc' dir='ltr'><strong>γάρ</strong></span> <span class='ocrx_word' id='word_1_386' title='bbox 2224 2246 2339 2296; x_wconf 79' lang='grc' dir='ltr'>ἐστι</span> <span class='ocrx_word' id='word_1_387' title='bbox 2378 2243 2518 2307; x_wconf 81' lang='grc' dir='ltr'>ζῶον</span> <span class='ocrx_word' id='word_1_388' title='bbox 2552 2243 2793 2312; x_wconf 83' lang='grc' dir='ltr'>λογικὸν,</span> <span class='ocrx_word' id='word_1_389' title='bbox 2827 2245 2855 2295; x_wconf 94' lang='lat'><strong>6</strong></span> <span class='ocrx_word' id='word_1_390' title='bbox 2882 2243 2938 2297; x_wconf 83' lang='grc' dir='ltr'><strong>δὲ</strong></span> <span class='ocrx_word' id='word_1_391' title='bbox 2990 2243 3128 2308; x_wconf 81' lang='grc' dir='ltr'>ζῶον</span> <span class='ocrx_word' id='word_1_392' title='bbox 3171 2244 3364 2313; x_wconf 79' lang='grc' dir='ltr'>ἄλογον</span> <span class='ocrx_word' id='word_1_393' title='bbox 3384 2245 3524 2314; x_wconf 84' lang='grc'>(85).</span> <span class='ocrx_word' id='word_1_394' title='bbox 3557 2245 3662 2299; x_wconf 75' lang='grc' dir='ltr'><strong>Καὶ</strong></span> 
     </span>
    </p>
   </div>
   <div class='ocr_carea' id='block_1_54' title="bbox 2079 2335 3659 2407">
    <p class='ocr_par' dir='ltr' id='par_1_54' title="bbox 2079 2335 3659 2407">
     <span class='ocr_line' id='line_1_54' title="bbox 2079 2335 3659 2407; baseline 0.001 -20"><span class='ocrx_word' id='word_1_395' title='bbox 2079 2336 2252 2390; x_wconf 80' lang='grc' dir='ltr'>ταῦτα</span> <span class='ocrx_word' id='word_1_396' title='bbox 2279 2336 2377 2406; x_wconf 78' lang='grc' dir='ltr'><strong>μὲν</strong></span> <span class='ocrx_word' id='word_1_397' title='bbox 2406 2337 2534 2407; x_wconf 81' lang='grc' dir='ltr'>περὶ</span> <span class='ocrx_word' id='word_1_398' title='bbox 2556 2335 2883 2407; x_wconf 84' lang='grc' dir='ltr'><strong>ὁμωνύμων,</strong></span> <span class='ocrx_word' id='word_1_399' title='bbox 2923 2337 3279 2404; x_wconf 81' lang='grc' dir='ltr'>συνωνύμων,</span> <span class='ocrx_word' id='word_1_400' title='bbox 3305 2337 3659 2407; x_wconf 82' lang='grc' dir='ltr'>παρωνύμων</span> 
     </span>
    </p>
   </div>
   <div class='ocr_carea' id='block_1_55' title="bbox 2080 2428 3082 2499">
    <p class='ocr_par' dir='ltr' id='par_1_55' title="bbox 2080 2428 3082 2499">
     <span class='ocr_line' id='line_1_55' title="bbox 2080 2428 3082 2499; baseline -0.001 -17"><span class='ocrx_word' id='word_1_401' title='bbox 2080 2429 2451 2498; x_wconf 87' lang='grc' dir='ltr'>πολυωνύμων</span> <span class='ocrx_word' id='word_1_402' title='bbox 2481 2446 2538 2481; x_wconf 91' lang='grc' dir='ltr'><strong>τε</strong></span> <span class='ocrx_word' id='word_1_403' title='bbox 2569 2429 2662 2481; x_wconf 78' lang='grc' dir='ltr'>καὶ</span> <span class='ocrx_word' id='word_1_404' title='bbox 2701 2428 3082 2499; x_wconf 81' lang='grc' dir='ltr'>ὲτερωνύμων.</span> 
     </span>
    </p>
   </div>
   <div class='ocr_carea' id='block_1_56' title="bbox 2153 2519 3660 2590">
    <p class='ocr_par' dir='ltr' id='par_1_56' title="bbox 2153 2519 3660 2590">
     <span class='ocr_line' id='line_1_56' title="bbox 2153 2519 3660 2590; baseline 0.004 -18"><span class='ocrx_word' id='word_1_405' title='bbox 2153 2521 2217 2585; x_wconf 77' lang='grc' dir='ltr'><strong>ξ’,</strong></span> <span class='ocrx_word' id='word_1_406' title='bbox 2249 2522 2342 2572; x_wconf 88' lang='grc' dir='ltr'><strong>Δεῖ</strong></span> <span class='ocrx_word' id='word_1_407' title='bbox 2373 2520 2428 2575; x_wconf 85' lang='grc' dir='ltr'>δὲ</span> <span class='ocrx_word' id='word_1_408' title='bbox 2457 2520 2530 2584; x_wconf 81' lang='grc' dir='ltr'>ὡς</span> <span class='ocrx_word' id='word_1_409' title='bbox 2549 2523 2607 2573; x_wconf 83' lang='grc' dir='ltr'>ὲν</span> <span class='ocrx_word' id='word_1_410' title='bbox 2631 2522 2879 2590; x_wconf 86' lang='grc' dir='ltr'>συντόμῳ</span> <span class='ocrx_word' id='word_1_411' title='bbox 2903 2523 3099 2586; x_wconf 83' lang='grc' dir='ltr'>εἰπεῖν,</span> <span class='ocrx_word' id='word_1_412' title='bbox 3114 2519 3195 2575; x_wconf 85' lang='grc' dir='ltr'>ὃτι</span> <span class='ocrx_word' id='word_1_413' title='bbox 3215 2521 3367 2577; x_wconf 79' lang='grc' dir='ltr'>οὐδὲν</span> <span class='ocrx_word' id='word_1_414' title='bbox 3391 2521 3660 2578; x_wconf 80' lang='grc' dir='ltr'>κωλύειτδ</span> 
     </span>
    </p>
   </div>
   <div class='ocr_carea' id='block_1_57' title="bbox 2075 2610 3657 2685">
    <p class='ocr_par' dir='ltr' id='par_1_57' title="bbox 2075 2610 3657 2685">
     <span class='ocr_line' id='line_1_57' title="bbox 2075 2610 3657 2685; baseline 0.001 -20"><span class='ocrx_word' id='word_1_415' title='bbox 2075 2612 2205 2665; x_wconf 83' lang='grc' dir='ltr'>αὐτὸ</span> <span class='ocrx_word' id='word_1_416' title='bbox 2240 2613 2374 2685; x_wconf 82' lang='grc' dir='ltr'>πρὸς</span> <span class='ocrx_word' id='word_1_417' title='bbox 2395 2613 2523 2665; x_wconf 85' lang='grc' dir='ltr'>ἄλλο</span> <span class='ocrx_word' id='word_1_418' title='bbox 2538 2613 2632 2664; x_wconf 74' lang='grc' dir='ltr'><strong>καὶ</strong></span> <span class='ocrx_word' id='word_1_419' title='bbox 2659 2613 2787 2665; x_wconf 84' lang='grc' dir='ltr'>ἄλλο</span> <span class='ocrx_word' id='word_1_420' title='bbox 2817 2611 2930 2682; x_wconf 90' lang='grc'>(86)</span> <span class='ocrx_word' id='word_1_421' title='bbox 2957 2613 3053 2664; x_wconf 81' lang='grc' dir='ltr'><strong>καὶ</strong></span> <span class='ocrx_word' id='word_1_422' title='bbox 3071 2611 3362 2683; x_wconf 84' lang='grc' dir='ltr'>ὁμώνυμον</span> <span class='ocrx_word' id='word_1_423' title='bbox 3395 2610 3544 2668; x_wconf 78' lang='grc' dir='ltr'>εἶναι</span> <span class='ocrx_word' id='word_1_424' title='bbox 3570 2617 3657 2668; x_wconf 72' lang='grc' dir='ltr'>καὶ</span> 
     </span>
    </p>
   </div>
   <div class='ocr_carea' id='block_1_58' title="bbox 2077 2703 3659 2776">
    <p class='ocr_par' dir='ltr' id='par_1_58' title="bbox 2077 2703 3659 2776">
     <span class='ocr_line' id='line_1_58' title="bbox 2077 2703 3659 2776; baseline 0.003 -18"><span class='ocrx_word' id='word_1_425' title='bbox 2077 2703 2415 2776; x_wconf 80' lang='grc' dir='ltr'>συνώνυμον·</span> <span class='ocrx_word' id='word_1_426' title='bbox 2447 2705 2543 2758; x_wconf 70' lang='grc' dir='ltr'>καὶ</span> <span class='ocrx_word' id='word_1_427' title='bbox 2565 2704 2673 2774; x_wconf 82' lang='grc' dir='ltr'><strong>γὰρ</strong></span> <span class='ocrx_word' id='word_1_428' title='bbox 2696 2707 2722 2757; x_wconf 89' lang='lat'><strong>6</strong></span> <span class='ocrx_word' id='word_1_429' title='bbox 2764 2703 3050 2774; x_wconf 68' lang='grc' dir='ltr'>ἄνθρωπος</span> <span class='ocrx_word' id='word_1_430' title='bbox 3084 2706 3220 2774; x_wconf 80' lang='grc' dir='ltr'>πρὸς</span> <span class='ocrx_word' id='word_1_431' title='bbox 3261 2705 3360 2776; x_wconf 77' lang='grc' dir='ltr'>τὴν</span> <span class='ocrx_word' id='word_1_432' title='bbox 3387 2706 3578 2761; x_wconf 83' lang='grc' dir='ltr'>εἰκόνα</span> <span class='ocrx_word' id='word_1_433' title='bbox 3604 2707 3659 2762; x_wconf 74' lang='grc' dir='ltr'>ἐν</span> 
     </span>
    </p>
   </div>
   <div class='ocr_carea' id='block_1_59' title="bbox 2077 2794 3657 2867">
    <p class='ocr_par' dir='ltr' id='par_1_59' title="bbox 2077 2794 3657 2867">
     <span class='ocr_line' id='line_1_59' title="bbox 2077 2794 3657 2867; baseline -0.001 -18"><span class='ocrx_word' id='word_1_434' title='bbox 2077 2800 2175 2867; x_wconf 84' lang='grc' dir='ltr'><strong>μὲν</strong></span> <span class='ocrx_word' id='word_1_435' title='bbox 2224 2799 2336 2859; x_wconf 85' lang='grc' dir='ltr'>τοῖς</span> <span class='ocrx_word' id='word_1_436' title='bbox 2365 2794 2677 2866; x_wconf 88' lang='grc' dir='ltr'>ὀμωνύμοις</span> <span class='ocrx_word' id='word_1_437' title='bbox 2721 2795 3008 2866; x_wconf 86' lang='grc' dir='ltr'>ὁμώνυμος</span> <span class='ocrx_word' id='word_1_438' title='bbox 3030 2796 3266 2866; x_wconf 77' lang='grc' dir='ltr'>ἐδείχθη,</span> <span class='ocrx_word' id='word_1_439' title='bbox 3293 2799 3434 2867; x_wconf 79' lang='grc' dir='ltr'>πρὸς</span> <span class='ocrx_word' id='word_1_440' title='bbox 3457 2799 3518 2849; x_wconf 80' lang='grc' dir='ltr'><strong>δὲ</strong></span> <span class='ocrx_word' id='word_1_441' title='bbox 3571 2799 3657 2849; x_wconf 78' lang='grc' dir='ltr'>τὸν</span> 
     </span>
    </p>
   </div>
   <div class='ocr_carea' id='block_1_60' title="bbox 2073 2890 3654 2961">
    <p class='ocr_par' dir='ltr' id='par_1_60' title="bbox 2073 2890 3654 2961">
     <span class='ocr_line' id='line_1_60' title="bbox 2073 2890 3654 2961; baseline 0.001 -19"><span class='ocrx_word' id='word_1_442' title='bbox 2073 2891 2236 2942; x_wconf 82' lang='grc' dir='ltr'>ἵππον</span> <span class='ocrx_word' id='word_1_443' title='bbox 2253 2892 2310 2942; x_wconf 86' lang='grc' dir='ltr'><strong>ἐν</strong></span> <span class='ocrx_word' id='word_1_444' title='bbox 2329 2892 2438 2952; x_wconf 87' lang='grc' dir='ltr'>τοῖς</span> <span class='ocrx_word' id='word_1_445' title='bbox 2459 2890 2664 2942; x_wconf 83' lang='grc' dir='ltr'>συνωνύ</span> <span class='ocrx_word' id='word_1_446' title='bbox 2674 2908 2793 2959; x_wconf 89' lang='grc' dir='ltr'>μοις</span> <span class='ocrx_word' id='word_1_447' title='bbox 2813 2891 3126 2959; x_wconf 80' lang='grc' dir='ltr'>συνώνυμος</span> <span class='ocrx_word' id='word_1_448' title='bbox 3147 2891 3199 2960; x_wconf 81' lang='grc'><strong>(8</strong></span> <span class='ocrx_word' id='word_1_449' title='bbox 3212 2890 3282 2961; x_wconf 85' lang='grc'><em>1</em></span> <span class='ocrx_word' id='word_1_450' title='bbox 3304 2891 3378 2942; x_wconf 87' lang='grc' dir='ltr'>Ού</span> <span class='ocrx_word' id='word_1_451' title='bbox 3397 2891 3564 2959; x_wconf 80' lang='grc' dir='ltr'>μόνον</span> <span class='ocrx_word' id='word_1_452' title='bbox 3580 2891 3654 2954; x_wconf 76' lang='grc' dir='ltr'><strong>δὲ,</strong></span> 
     </span>
    </p>
   </div>
   <div class='ocr_carea' id='block_1_61' title="bbox 398 2976 1973 3065">
    <p class='ocr_par' dir='ltr' id='par_1_61' title="bbox 398 2977 1973 3037">
     <span class='ocr_line' id='line_1_61' title="bbox 398 2977 1973 3037; baseline 0.003 -5"><span class='ocrx_word' id='word_1_453' title='bbox 398 2977 709 3032; x_wconf 76' lang='lat' dir='ltr'><strong>multivocis</strong></span> <span class='ocrx_word' id='word_1_454' title='bbox 761 2979 1092 3034; x_wconf 88' lang='lat' dir='ltr'><strong>multivocus</strong></span> <span class='ocrx_word' id='word_1_455' title='bbox 1136 2989 1190 3034; x_wconf 87' lang='lat' dir='ltr'><strong>et</strong></span> <span class='ocrx_word' id='word_1_456' title='bbox 1239 2981 1292 3034; x_wconf 91' lang='lat' dir='ltr'><strong>in</strong></span> <span class='ocrx_word' id='word_1_457' title='bbox 1346 2981 1701 3036; x_wconf 88' lang='lat' dir='ltr'><strong>diversivocis</strong></span> <span class='ocrx_word' id='word_1_458' title='bbox 1750 2981 1973 3037; x_wconf 88' lang='lat' dir='ltr'><strong>diversi-</strong></span> 
     </span>
    </p>
   </div>
   <div class='ocr_carea' id='block_1_62' title="bbox 2092 2976 3655 3065">
    <p class='ocr_par' dir='ltr' id='par_1_62' title="bbox 2092 2976 3655 3051">
     <span class='ocr_line' id='line_1_62' title="bbox 2092 2976 3655 3051; baseline 0.006 -23"><span class='ocrx_word' id='word_1_459' title='bbox 2092 2976 2206 3028; x_wconf 78' lang='grc' dir='ltr'>ιλλὰ</span> <span class='ocrx_word' id='word_1_460' title='bbox 2225 2979 2318 3030; x_wconf 77' lang='grc' dir='ltr'><strong>καὶ</strong></span> <span class='ocrx_word' id='word_1_461' title='bbox 2335 2978 2393 3030; x_wconf 83' lang='grc' dir='ltr'><strong>ἐν</strong></span> <span class='ocrx_word' id='word_1_462' title='bbox 2416 2979 2529 3042; x_wconf 74' lang='grc' dir='ltr'>τοῖς</span> <span class='ocrx_word' id='word_1_463' title='bbox 2559 2979 2802 3032; x_wconf 87' lang='grc' dir='ltr'>πολυωνύ</span> <span class='ocrx_word' id='word_1_464' title='bbox 2811 2996 2933 3049; x_wconf 83' lang='grc' dir='ltr'>μοις</span> <span class='ocrx_word' id='word_1_465' title='bbox 2954 2979 3304 3048; x_wconf 78' lang='grc' dir='ltr'>πολυώνυμος</span> <span class='ocrx_word' id='word_1_466' title='bbox 3321 2980 3462 3051; x_wconf 91' lang='grc'>(88),</span> <span class='ocrx_word' id='word_1_467' title='bbox 3486 2999 3655 3051; x_wconf 79' lang='grc' dir='ltr'>προσ·</span> 
     </span>
    </p>
   </div>
   <div class='ocr_carea' id='block_1_63' title="bbox 399 3087 587 3127">
    <p class='ocr_par' dir='ltr' id='par_1_63' title="bbox 399 3087 587 3127">
     <span class='ocr_line' id='line_1_63' title="bbox 399 3087 587 3127; baseline 0.005 -3"><span class='ocrx_word' id='word_1_468' title='bbox 399 3087 587 3127; x_wconf 67' lang='grc' dir='ltr'>γοευε.</span> 
     </span>
    </p>
   </div>
   <div class='ocr_carea' id='block_1_64' title="bbox 462 3161 1971 3232">
    <p class='ocr_par' dir='ltr' id='par_1_64' title="bbox 462 3161 1971 3232">
     <span class='ocr_line' id='line_1_64' title="bbox 462 3161 1971 3232; baseline -0.001 -15"><span class='ocrx_word' id='word_1_469' title='bbox 462 3165 516 3218; x_wconf 91' lang='lat'><strong>8.</strong></span> <span class='ocrx_word' id='word_1_470' title='bbox 560 3163 827 3218; x_wconf 62' lang='lat' dir='ltr'><strong>Praeterea</strong></span> <span class='ocrx_word' id='word_1_471' title='bbox 878 3177 1061 3216; x_wconf 88' lang='lat' dir='ltr'><strong>rerum</strong></span> <span class='ocrx_word' id='word_1_472' title='bbox 1111 3161 1358 3232; x_wconf 82' lang='lat' dir='ltr'><strong>quaedam</strong></span> <span class='ocrx_word' id='word_1_473' title='bbox 1391 3176 1487 3230; x_wconf 89' lang='lat' dir='ltr'><strong>per</strong></span> <span class='ocrx_word' id='word_1_474' title='bbox 1527 3161 1971 3231; x_wconf 88' lang='lat' dir='ltr'><strong>conjunctionem</strong></span> 
     </span>
    </p>
   </div>
   <div class='ocr_carea' id='block_1_65' title="bbox 397 3253 1968 3322">
    <p class='ocr_par' dir='ltr' id='par_1_65' title="bbox 397 3253 1968 3322">
     <span class='ocr_line' id='line_1_65' title="bbox 397 3253 1968 3322; baseline -0.001 -12"><span class='ocrx_word' id='word_1_475' title='bbox 397 3257 658 3310; x_wconf 91' lang='lat' dir='ltr'><strong>dicuntur</strong></span> <span class='ocrx_word' id='word_1_476' title='bbox 707 3255 823 3310; x_wconf 84' lang='lat' dir='ltr'><strong>sive</strong></span> <span class='ocrx_word' id='word_1_477' title='bbox 868 3254 1229 3322; x_wconf 79' lang='lat' dir='ltr'><strong>complexive,</strong></span> <span class='ocrx_word' id='word_1_478' title='bbox 1272 3271 1323 3308; x_wconf 92' lang='lat' dir='ltr'><strong>v.</strong></span> <span class='ocrx_word' id='word_1_479' title='bbox 1361 3269 1440 3322; x_wconf 80' lang='lat' dir='ltr'><strong>gr.</strong></span> <span class='ocrx_word' id='word_1_480' title='bbox 1497 3253 1661 3307; x_wconf 83' lang='lat' dir='ltr'><strong>homo</strong></span> <span class='ocrx_word' id='word_1_481' title='bbox 1705 3256 1968 3319; x_wconf 86' lang='lat' dir='ltr'><strong>ambulat,</strong></span> 
     </span>
    </p>
   </div>
   <div class='ocr_carea' id='block_1_66' title="bbox 400 3343 1970 3412">
    <p class='ocr_par' dir='ltr' id='par_1_66' title="bbox 400 3343 1970 3412">
     <span class='ocr_line' id='line_1_66' title="bbox 400 3343 1970 3412; baseline 0.001 -14"><span class='ocrx_word' id='word_1_482' title='bbox 400 3345 566 3398; x_wconf 85' lang='lat' dir='ltr'><strong>homo</strong></span> <span class='ocrx_word' id='word_1_483' title='bbox 620 3346 813 3408; x_wconf 89' lang='lat' dir='ltr'><strong>currit,</strong></span> <span class='ocrx_word' id='word_1_484' title='bbox 867 3343 1114 3412; x_wconf 65' lang='lat' dir='ltr'><strong>quaedam</strong></span> <span class='ocrx_word' id='word_1_485' title='bbox 1156 3359 1282 3397; x_wconf 87' lang='lat' dir='ltr'><strong>vero</strong></span> <span class='ocrx_word' id='word_1_486' title='bbox 1327 3344 1538 3412; x_wconf 88' lang='lat' dir='ltr'><strong>absque</strong></span> <span class='ocrx_word' id='word_1_487' title='bbox 1583 3345 1970 3412; x_wconf 78' lang='lat' dir='ltr'><strong>conjunctione</strong></span> 
     </span>
    </p>
   </div>
   <div class='ocr_carea' id='block_1_67' title="bbox 397 3436 1966 3506">
    <p class='ocr_par' dir='ltr' id='par_1_67' title="bbox 397 3436 1966 3506">
     <span class='ocr_line' id='line_1_67' title="bbox 397 3436 1966 3506; baseline -0.001 -14"><span class='ocrx_word' id='word_1_488' title='bbox 397 3439 566 3493; x_wconf 79' lang='lat' dir='ltr'><strong>veluti</strong></span> <span class='ocrx_word' id='word_1_489' title='bbox 599 3440 786 3502; x_wconf 89' lang='lat' dir='ltr'><strong>homo,</strong></span> <span class='ocrx_word' id='word_1_490' title='bbox 831 3437 952 3502; x_wconf 90' lang='lat' dir='ltr'><strong>bos,</strong></span> <span class='ocrx_word' id='word_1_491' title='bbox 1003 3452 1200 3506; x_wconf 89' lang='lat' dir='ltr'><strong>equus,</strong></span> <span class='ocrx_word' id='word_1_492' title='bbox 1237 3437 1503 3502; x_wconf 85' lang='lat' dir='ltr'><strong>ambulat,</strong></span> <span class='ocrx_word' id='word_1_493' title='bbox 1538 3436 1740 3502; x_wconf 82' lang='lat' dir='ltr'><strong>vincit,</strong></span> <span class='ocrx_word' id='word_1_494' title='bbox 1777 3436 1966 3490; x_wconf 90' lang='lat' dir='ltr'><strong>currit.</strong></span> 
     </span>
    </p>
   </div>
   <div class='ocr_carea' id='block_1_68' title="bbox 396 3528 1971 3598">
    <p class='ocr_par' dir='ltr' id='par_1_68' title="bbox 396 3528 1971 3598">
     <span class='ocr_line' id='line_1_68' title="bbox 396 3528 1971 3598; baseline -0.001 -13"><span class='ocrx_word' id='word_1_495' title='bbox 396 3531 572 3585; x_wconf 91' lang='lat' dir='ltr'><strong>Porro</strong></span> <span class='ocrx_word' id='word_1_496' title='bbox 603 3546 790 3584; x_wconf 87' lang='lat' dir='ltr'><strong>earum</strong></span> <span class='ocrx_word' id='word_1_497' title='bbox 831 3544 1031 3593; x_wconf 86' lang='lat' dir='ltr'><strong>rerum,</strong></span> <span class='ocrx_word' id='word_1_498' title='bbox 1066 3545 1186 3598; x_wconf 71' lang='lat' dir='ltr'><strong>quae</strong></span> <span class='ocrx_word' id='word_1_499' title='bbox 1227 3528 1432 3598; x_wconf 89' lang='lat' dir='ltr'><strong>absque</strong></span> <span class='ocrx_word' id='word_1_500' title='bbox 1469 3529 1856 3598; x_wconf 88' lang='lat' dir='ltr'><strong>conjunctione</strong></span> <span class='ocrx_word' id='word_1_501' title='bbox 1884 3529 1971 3583; x_wconf 86' lang='lat' dir='ltr'><strong>di-</strong></span> 
     </span>
    </p>
   </div>
   <div class='ocr_carea' id='block_1_69' title="bbox 397 3621 1971 3688">
    <p class='ocr_par' dir='ltr' id='par_1_69' title="bbox 397 3621 1971 3688">
     <span class='ocr_line' id='line_1_69' title="bbox 397 3621 1971 3688; baseline -0.002 -10"><span class='ocrx_word' id='word_1_502' title='bbox 397 3633 597 3678; x_wconf 90' lang='lat' dir='ltr'><strong>cuntur</strong></span> <span class='ocrx_word' id='word_1_503' title='bbox 623 3623 741 3677; x_wconf 71' lang='lat' dir='ltr'><strong>aliae</strong></span> <span class='ocrx_word' id='word_1_504' title='bbox 785 3631 914 3676; x_wconf 88' lang='lat' dir='ltr'><strong>sunt</strong></span> <span class='ocrx_word' id='word_1_505' title='bbox 961 3622 1301 3688; x_wconf 75' lang='lat' dir='ltr'><strong>substantiae,</strong></span> <span class='ocrx_word' id='word_1_506' title='bbox 1343 3622 1462 3676; x_wconf 75' lang='lat' dir='ltr'><strong>alia:</strong></span> <span class='ocrx_word' id='word_1_507' title='bbox 1500 3623 1826 3683; x_wconf 86' lang='lat' dir='ltr'><strong>accidentia,</strong></span> <span class='ocrx_word' id='word_1_508' title='bbox 1875 3621 1971 3675; x_wconf 90' lang='lat' dir='ltr'><strong>ba-</strong></span> 
     </span>
    </p>
   </div>
   <div class='ocr_carea' id='block_1_70' title="bbox 399 3711 1972 3784">
    <p class='ocr_par' dir='ltr' id='par_1_70' title="bbox 399 3711 1972 3784">
     <span class='ocr_line' id='line_1_70' title="bbox 399 3711 1972 3784; baseline -0.001 -14"><span class='ocrx_word' id='word_1_509' title='bbox 399 3730 634 3784; x_wconf 88' lang='lat' dir='ltr'><strong>rumque</strong></span> <span class='ocrx_word' id='word_1_510' title='bbox 663 3713 784 3768; x_wconf 68' lang='lat' dir='ltr'><strong>alia:</strong></span> <span class='ocrx_word' id='word_1_511' title='bbox 820 3712 1173 3777; x_wconf 68' lang='lat' dir='ltr'><strong>universalia,</strong></span> <span class='ocrx_word' id='word_1_512' title='bbox 1205 3713 1324 3766; x_wconf 76' lang='lat' dir='ltr'><strong>alia:</strong></span> <span class='ocrx_word' id='word_1_513' title='bbox 1356 3713 1728 3782; x_wconf 83' lang='lat' dir='ltr'><strong>particularia.</strong></span> <span class='ocrx_word' id='word_1_514' title='bbox 1762 3711 1972 3768; x_wconf 81' lang='lat' dir='ltr'><strong>Vocan-</strong></span> 
     </span>
    </p>
   </div>
   <div class='ocr_carea' id='block_1_71' title="bbox 399 3804 1966 3874">
    <p class='ocr_par' dir='ltr' id='par_1_71' title="bbox 399 3804 1966 3874">
     <span class='ocr_line' id='line_1_71' title="bbox 399 3804 1966 3874; baseline -0.003 -11"><span class='ocrx_word' id='word_1_515' title='bbox 399 3818 492 3864; x_wconf 80' lang='lat' dir='ltr'><strong>tur</strong></span> <span class='ocrx_word' id='word_1_516' title='bbox 538 3816 721 3861; x_wconf 90' lang='lat' dir='ltr'><strong>autem</strong></span> <span class='ocrx_word' id='word_1_517' title='bbox 775 3805 1077 3861; x_wconf 90' lang='lat' dir='ltr'><strong>accidentia</strong></span> <span class='ocrx_word' id='word_1_518' title='bbox 1114 3806 1198 3874; x_wconf 88' lang='lat' dir='ltr'><strong>(ea</strong></span> <span class='ocrx_word' id='word_1_519' title='bbox 1241 3820 1362 3872; x_wconf 73' lang='lat' dir='ltr'><strong>qua:</strong></span> <span class='ocrx_word' id='word_1_520' title='bbox 1403 3804 1552 3874; x_wconf 92' lang='lat' dir='ltr'><strong>sunt)</strong></span> <span class='ocrx_word' id='word_1_521' title='bbox 1609 3805 1664 3858; x_wconf 82' lang='lat' dir='ltr'><strong>in</strong></span> <span class='ocrx_word' id='word_1_522' title='bbox 1707 3804 1966 3874; x_wconf 80' lang='lat' dir='ltr'><strong>subjecto;</strong></span> 
     </span>
    </p>
   </div>
   <div class='ocr_carea' id='block_1_72' title="bbox 399 3895 1966 3970">
    <p class='ocr_par' dir='ltr' id='par_1_72' title="bbox 399 3895 1966 3970">
     <span class='ocr_line' id='line_1_72' title="bbox 399 3895 1966 3970; baseline -0.001 -16"><span class='ocrx_word' id='word_1_523' title='bbox 399 3900 660 3970; x_wconf 88' lang='lat' dir='ltr'><strong>quoniam</strong></span> <span class='ocrx_word' id='word_1_524' title='bbox 702 3897 1076 3952; x_wconf 77' lang='lat' dir='ltr'><strong>exsistentiam</strong></span> <span class='ocrx_word' id='word_1_525' title='bbox 1110 3913 1264 3952; x_wconf 90' lang='lat' dir='ltr'><strong>suam</strong></span> <span class='ocrx_word' id='word_1_526' title='bbox 1300 3897 1502 3951; x_wconf 86' lang='lat' dir='ltr'><strong>habent</strong></span> <span class='ocrx_word' id='word_1_527' title='bbox 1535 3897 1591 3951; x_wconf 92' lang='lat' dir='ltr'><strong>in</strong></span> <span class='ocrx_word' id='word_1_528' title='bbox 1624 3895 1804 3967; x_wconf 76' lang='lat' dir='ltr'><strong>aliqua</strong></span> <span class='ocrx_word' id='word_1_529' title='bbox 1837 3898 1966 3952; x_wconf 86' lang='lat' dir='ltr'><strong>sub-</strong></span> 
     </span>
    </p>
   </div>
   <div class='ocr_carea' id='block_1_73' title="bbox 397 3983 1970 4061">
    <p class='ocr_par' dir='ltr' id='par_1_73' title="bbox 397 3983 1970 4061">
     <span class='ocr_line' id='line_1_73' title="bbox 397 3983 1970 4061; baseline -0.001 -13"><span class='ocrx_word' id='word_1_530' title='bbox 397 3991 624 4048; x_wconf 86' lang='lat' dir='ltr'><strong>stantia.</strong></span> <span class='ocrx_word' id='word_1_531' title='bbox 661 3989 787 4046; x_wconf 64' lang='lat' dir='ltr'><strong>Haec</strong></span> <span class='ocrx_word' id='word_1_532' title='bbox 807 3990 954 4045; x_wconf 89' lang='lat' dir='ltr'><strong>enim</strong></span> <span class='ocrx_word' id='word_1_533' title='bbox 980 4001 1063 4043; x_wconf 85' lang='lat' dir='ltr'><strong>est</strong></span> <span class='ocrx_word' id='word_1_534' title='bbox 1102 3983 1346 4058; x_wconf 63' lang='lat' dir='ltr'><strong>ipsorum</strong></span> <span class='ocrx_word' id='word_1_535' title='bbox 1371 3989 1621 4044; x_wconf 86' lang='lat' dir='ltr'><strong>deﬁnitio</strong></span> <span class='ocrx_word' id='word_1_536' title='bbox 1651 3991 1749 4045; x_wconf 89' lang='lat' dir='ltr'><strong>:ln</strong></span> <span class='ocrx_word' id='word_1_537' title='bbox 1782 3991 1970 4061; x_wconf 87' lang='lat' dir='ltr'><strong>subje-</strong></span> 
     </span>
    </p>
   </div>
   <div class='ocr_carea' id='block_1_74' title="bbox 395 4081 1970 4152">
    <p class='ocr_par' dir='ltr' id='par_1_74' title="bbox 395 4081 1970 4152">
     <span class='ocr_line' id='line_1_74' title="bbox 395 4081 1970 4152; baseline -0.001 -13"><span class='ocrx_word' id='word_1_538' title='bbox 395 4094 483 4139; x_wconf 89' lang='lat' dir='ltr'><strong>cto</strong></span> <span class='ocrx_word' id='word_1_539' title='bbox 521 4091 627 4148; x_wconf 91' lang='lat' dir='ltr'><strong>est,</strong></span> <span class='ocrx_word' id='word_1_540' title='bbox 665 4082 769 4136; x_wconf 91' lang='lat' dir='ltr'><strong>hoc</strong></span> <span class='ocrx_word' id='word_1_541' title='bbox 812 4091 899 4136; x_wconf 89' lang='lat' dir='ltr'><strong>est</strong></span> <span class='ocrx_word' id='word_1_542' title='bbox 937 4081 1189 4135; x_wconf 88' lang='lat' dir='ltr'><strong>accidens</strong></span> <span class='ocrx_word' id='word_1_543' title='bbox 1235 4089 1338 4147; x_wconf 87' lang='lat' dir='ltr'><strong>est,</strong></span> <span class='ocrx_word' id='word_1_544' title='bbox 1394 4081 1541 4150; x_wconf 87' lang='lat' dir='ltr'><strong>quod</strong></span> <span class='ocrx_word' id='word_1_545' title='bbox 1596 4081 1653 4135; x_wconf 91' lang='lat' dir='ltr'><strong>in</strong></span> <span class='ocrx_word' id='word_1_546' title='bbox 1698 4082 1881 4152; x_wconf 88' lang='lat' dir='ltr'><strong>aliqua</strong></span> <span class='ocrx_word' id='word_1_547' title='bbox 1910 4099 1970 4139; x_wconf 91' lang='lat' dir='ltr'><strong>re</strong></span> 
     </span>
    </p>
   </div>
   <div class='ocr_carea' id='block_1_75' title="bbox 395 4173 1969 4244">
    <p class='ocr_par' dir='ltr' id='par_1_75' title="bbox 395 4173 1969 4244">
     <span class='ocr_line' id='line_1_75' title="bbox 395 4173 1969 4244; baseline 0.001 -14"><span class='ocrx_word' id='word_1_548' title='bbox 395 4175 640 4242; x_wconf 79' lang='lat' dir='ltr'><strong>exsistit,</strong></span> <span class='ocrx_word' id='word_1_549' title='bbox 697 4190 805 4228; x_wconf 90' lang='lat' dir='ltr'><strong>non</strong></span> <span class='ocrx_word' id='word_1_550' title='bbox 865 4188 996 4227; x_wconf 82' lang='lat' dir='ltr'><strong>vero</strong></span> <span class='ocrx_word' id='word_1_551' title='bbox 1043 4184 1100 4227; x_wconf 88' lang='lat' dir='ltr'><strong>ut</strong></span> <span class='ocrx_word' id='word_1_552' title='bbox 1152 4187 1278 4241; x_wconf 86' lang='lat' dir='ltr'><strong>pars</strong></span> <span class='ocrx_word' id='word_1_553' title='bbox 1311 4173 1594 4242; x_wconf 86' lang='lat' dir='ltr'><strong>ejusdem,</strong></span> <span class='ocrx_word' id='word_1_554' title='bbox 1639 4185 1804 4244; x_wconf 88' lang='lat' dir='ltr'><strong>atque</strong></span> <span class='ocrx_word' id='word_1_555' title='bbox 1849 4177 1969 4232; x_wconf 89' lang='lat' dir='ltr'><strong>sine</strong></span> 
     </span>
    </p>
   </div>
   <div class='ocr_carea' id='block_1_76' title="bbox 395 4264 1962 4337">
    <p class='ocr_par' dir='ltr' id='par_1_76' title="bbox 395 4264 1962 4337">
     <span class='ocr_line' id='line_1_76' title="bbox 395 4264 1962 4337; baseline 0.001 -16"><span class='ocrx_word' id='word_1_556' title='bbox 395 4266 639 4337; x_wconf 83' lang='lat' dir='ltr'><strong>subjecta</strong></span> <span class='ocrx_word' id='word_1_557' title='bbox 697 4266 800 4336; x_wconf 89' lang='lat' dir='ltr'><strong>ipsi</strong></span> <span class='ocrx_word' id='word_1_558' title='bbox 859 4281 920 4320; x_wconf 87' lang='lat' dir='ltr'><strong>re</strong></span> <span class='ocrx_word' id='word_1_559' title='bbox 973 4265 1121 4320; x_wconf 91' lang='lat' dir='ltr'><strong>nullo</strong></span> <span class='ocrx_word' id='word_1_560' title='bbox 1174 4275 1334 4335; x_wconf 89' lang='lat' dir='ltr'><strong>pacto</strong></span> <span class='ocrx_word' id='word_1_561' title='bbox 1403 4264 1705 4320; x_wconf 88' lang='lat' dir='ltr'><strong>subsistere</strong></span> <span class='ocrx_word' id='word_1_562' title='bbox 1762 4277 1962 4336; x_wconf 91' lang='lat' dir='ltr'><strong>potest.</strong></span> 
     </span>
    </p>
   </div>
   <div class='ocr_carea' id='block_1_77' title="bbox 2073 3069 3566 3141">
    <p class='ocr_par' dir='ltr' id='par_1_77' title="bbox 2073 3069 3566 3141">
     <span class='ocr_line' id='line_1_77' title="bbox 2073 3069 3566 3141; baseline 0.003 -21"><span class='ocrx_word' id='word_1_563' title='bbox 2073 3069 2154 3122; x_wconf 86' lang='grc' dir='ltr'><strong>έτι</strong></span> <span class='ocrx_word' id='word_1_564' title='bbox 2179 3069 2236 3121; x_wconf 86' lang='grc' dir='ltr'><strong>δὲ</strong></span> <span class='ocrx_word' id='word_1_565' title='bbox 2257 3069 2352 3122; x_wconf 74' lang='grc' dir='ltr'><strong>καὶ</strong></span> <span class='ocrx_word' id='word_1_566' title='bbox 2397 3071 2455 3122; x_wconf 80' lang='grc' dir='ltr'>ἐν</span> <span class='ocrx_word' id='word_1_567' title='bbox 2486 3072 2598 3132; x_wconf 85' lang='grc' dir='ltr'>τοῖς</span> <span class='ocrx_word' id='word_1_568' title='bbox 2633 3069 3000 3140; x_wconf 81' lang='grc' dir='ltr'>ἐτερωνύμοις</span> <span class='ocrx_word' id='word_1_569' title='bbox 3056 3070 3396 3141; x_wconf 82' lang='grc' dir='ltr'>έτερώνυμος</span> <span class='ocrx_word' id='word_1_570' title='bbox 3425 3072 3566 3141; x_wconf 90' lang='lat'><strong>(89).</strong></span> 
     </span>
    </p>
   </div>
   <div class='ocr_carea' id='block_1_78' title="bbox 2142 3158 3652 3230">
    <p class='ocr_par' dir='ltr' id='par_1_78' title="bbox 2142 3158 3652 3230">
     <span class='ocr_line' id='line_1_78' title="bbox 2142 3158 3652 3230; baseline 0.002 -19"><span class='ocrx_word' id='word_1_571' title='bbox 2142 3165 2212 3228; x_wconf 89' lang='grc' dir='ltr'><strong>η’.</strong></span> <span class='ocrx_word' id='word_1_572' title='bbox 2245 3160 2366 3211; x_wconf 86' lang='grc' dir='ltr'>Ἔτι</span> <span class='ocrx_word' id='word_1_573' title='bbox 2382 3158 2438 3211; x_wconf 80' lang='grc' dir='ltr'>δὲ</span> <span class='ocrx_word' id='word_1_574' title='bbox 2464 3159 2572 3210; x_wconf 83' lang='grc' dir='ltr'><strong>τῶν</strong></span> <span class='ocrx_word' id='word_1_575' title='bbox 2587 3159 2754 3215; x_wconf 75' lang='grc' dir='ltr'>ὄντων</span> <span class='ocrx_word' id='word_1_576' title='bbox 2779 3159 2846 3210; x_wconf 73' lang='grc' dir='ltr'><strong>τὰ</strong></span> <span class='ocrx_word' id='word_1_577' title='bbox 2877 3159 2974 3226; x_wconf 78' lang='grc' dir='ltr'><strong>μὲν</strong></span> <span class='ocrx_word' id='word_1_578' title='bbox 2999 3159 3139 3210; x_wconf 81' lang='grc' dir='ltr'>κατὰ</span> <span class='ocrx_word' id='word_1_579' title='bbox 3156 3159 3479 3230; x_wconf 78' lang='grc' dir='ltr'>συμπλοκὴν</span> <span class='ocrx_word' id='word_1_580' title='bbox 3502 3161 3652 3228; x_wconf 63' lang='grc' dir='ltr'>λέγε.</span> 
     </span>
    </p>
   </div>
   <div class='ocr_carea' id='block_1_79' title="bbox 2069 3245 3650 3323">
    <p class='ocr_par' dir='ltr' id='par_1_79' title="bbox 2069 3245 3650 3323">
     <span class='ocr_line' id='line_1_79' title="bbox 2069 3245 3650 3323; baseline 0.001 -22"><span class='ocrx_word' id='word_1_581' title='bbox 2069 3251 2355 3323; x_wconf 78' lang='grc' dir='ltr'>ται,ἤγουν</span> <span class='ocrx_word' id='word_1_582' title='bbox 2370 3267 2432 3301; x_wconf 88' lang='grc' dir='ltr'><strong>συ</strong></span> <span class='ocrx_word' id='word_1_583' title='bbox 2447 3250 2902 3319; x_wconf 79' lang='grc' dir='ltr'>μπεπλεγμένως,</span> <span class='ocrx_word' id='word_1_584' title='bbox 2920 3245 3028 3302; x_wconf 76' lang='grc' dir='ltr'>οἷον</span> <span class='ocrx_word' id='word_1_585' title='bbox 3042 3250 3136 3302; x_wconf 79' lang='grc' dir='ltr'>ἄνθ</span> <span class='ocrx_word' id='word_1_586' title='bbox 3146 3267 3326 3319; x_wconf 84' lang='grc' dir='ltr'>ρωπος</span> <span class='ocrx_word' id='word_1_587' title='bbox 3340 3256 3650 3322; x_wconf 69' lang='grc' dir='ltr'><strong>περιπεπατεῖ¹</strong></span> 
     </span>
    </p>
   </div>
   <div class='ocr_carea' id='block_1_80' title="bbox 2069 3341 3650 3417">
    <p class='ocr_par' dir='ltr' id='par_1_80' title="bbox 2069 3341 3650 3417">
     <span class='ocr_line' id='line_1_80' title="bbox 2069 3341 3650 3417; baseline 0.003 -21"><span class='ocrx_word' id='word_1_588' title='bbox 2069 3343 2167 3396; x_wconf 80' lang='grc' dir='ltr'><strong>ὅ.νο</strong></span> <span class='ocrx_word' id='word_1_589' title='bbox 2174 3361 2356 3414; x_wconf 83' lang='grc' dir='ltr'>ρωπος</span> <span class='ocrx_word' id='word_1_590' title='bbox 2369 3344 2570 3415; x_wconf 82' lang='grc' dir='ltr'>τρέχει·</span> <span class='ocrx_word' id='word_1_591' title='bbox 2587 3344 2653 3396; x_wconf 80' lang='grc' dir='ltr'><strong>τὰ</strong></span> <span class='ocrx_word' id='word_1_592' title='bbox 2664 3344 2719 3396; x_wconf 83' lang='grc' dir='ltr'>δὲ</span> <span class='ocrx_word' id='word_1_593' title='bbox 2733 3344 2860 3397; x_wconf 81' lang='grc' dir='ltr'>ἄνευ</span> <span class='ocrx_word' id='word_1_594' title='bbox 2876 3362 2938 3396; x_wconf 88' lang='grc' dir='ltr'><strong>συ</strong></span> <span class='ocrx_word' id='word_1_595' title='bbox 2947 3341 3325 3414; x_wconf 81' lang='grc' dir='ltr'>μπλοκῆς,οἷον</span> <span class='ocrx_word' id='word_1_596' title='bbox 3344 3347 3650 3417; x_wconf 82' lang='grc' dir='ltr'>ἄνθρωπος,</span> 
     </span>
    </p>
   </div>
   <div class='ocr_carea' id='block_1_81' title="bbox 2072 3436 3650 3509">
    <p class='ocr_par' dir='ltr' id='par_1_81' title="bbox 2072 3436 3650 3509">
     <span class='ocr_line' id='line_1_81' title="bbox 2072 3436 3650 3509; baseline 0.003 -20"><span class='ocrx_word' id='word_1_597' title='bbox 2072 3436 2218 3508; x_wconf 82' lang='grc' dir='ltr'>βοῦς,</span> <span class='ocrx_word' id='word_1_598' title='bbox 2236 3437 2421 3501; x_wconf 82' lang='grc' dir='ltr'>ἵππος,</span> <span class='ocrx_word' id='word_1_599' title='bbox 2435 3455 2502 3489; x_wconf 87' lang='grc' dir='ltr'><strong>πε</strong></span> <span class='ocrx_word' id='word_1_600' title='bbox 2511 3438 3323 3509; x_wconf 83' lang='grc' dir='ltr'>ριπατεῖ,νικᾷ,τρέχει.’1“ούτων</span> <span class='ocrx_word' id='word_1_601' title='bbox 3334 3438 3394 3494; x_wconf 80' lang='grc' dir='ltr'><strong>δὲ</strong></span> <span class='ocrx_word' id='word_1_602' title='bbox 3405 3440 3517 3492; x_wconf 84' lang='grc' dir='ltr'><strong>τῶν</strong></span> <span class='ocrx_word' id='word_1_603' title='bbox 3527 3441 3650 3499; x_wconf 77' lang='grc' dir='ltr'>ἄνευ</span> 
     </span>
    </p>
   </div>
   <div class='ocr_carea' id='block_1_82' title="bbox 2072 3531 3651 3604">
    <p class='ocr_par' dir='ltr' id='par_1_82' title="bbox 2072 3531 3651 3604">
     <span class='ocr_line' id='line_1_82' title="bbox 2072 3531 3651 3604; baseline 0.002 -22"><span class='ocrx_word' id='word_1_604' title='bbox 2072 3531 2394 3600; x_wconf 79' lang='grc' dir='ltr'>συμπλοκῆς</span> <span class='ocrx_word' id='word_1_605' title='bbox 2423 3531 2490 3583; x_wconf 82' lang='grc' dir='ltr'>τὰ</span> <span class='ocrx_word' id='word_1_606' title='bbox 2523 3531 2621 3601; x_wconf 83' lang='grc' dir='ltr'><strong>μέν</strong></span> <span class='ocrx_word' id='word_1_607' title='bbox 2659 3533 2796 3583; x_wconf 83' lang='grc' dir='ltr'>εἰσιν</span> <span class='ocrx_word' id='word_1_608' title='bbox 2827 3531 3006 3584; x_wconf 79' lang='grc' dir='ltr'>οὐσίαι</span> <span class='ocrx_word' id='word_1_609' title='bbox 3028 3533 3159 3601; x_wconf 89' lang='grc'>(90),</span> <span class='ocrx_word' id='word_1_610' title='bbox 3194 3531 3262 3584; x_wconf 84' lang='grc' dir='ltr'>τὰ</span> <span class='ocrx_word' id='word_1_611' title='bbox 3290 3531 3347 3584; x_wconf 84' lang='grc' dir='ltr'>δὲ</span> <span class='ocrx_word' id='word_1_612' title='bbox 3379 3534 3651 3604; x_wconf 73' lang='grc' dir='ltr'>συμϐεϐηο</span> 
     </span>
    </p>
   </div>
   <div class='ocr_carea' id='block_1_83' title="bbox 2070 3621 3646 3695">
    <p class='ocr_par' dir='ltr' id='par_1_83' title="bbox 2070 3621 3646 3695">
     <span class='ocr_line' id='line_1_83' title="bbox 2070 3621 3646 3695; baseline 0.003 -19"><span class='ocrx_word' id='word_1_613' title='bbox 2070 3624 2234 3691; x_wconf 57' lang='lat' dir='ltr'><strong>atri-car</strong></span> <span class='ocrx_word' id='word_1_614' title='bbox 2262 3623 2354 3674; x_wconf 70' lang='grc' dir='ltr'><strong>καὶ</strong></span> <span class='ocrx_word' id='word_1_615' title='bbox 2379 3621 2585 3674; x_wconf 85' lang='grc' dir='ltr'>τούτων</span> <span class='ocrx_word' id='word_1_616' title='bbox 2612 3623 2682 3675; x_wconf 81' lang='grc' dir='ltr'>τὰ</span> <span class='ocrx_word' id='word_1_617' title='bbox 2714 3622 2813 3691; x_wconf 83' lang='grc' dir='ltr'><strong>μὲν</strong></span> <span class='ocrx_word' id='word_1_618' title='bbox 2829 3622 3085 3688; x_wconf 86' lang='grc' dir='ltr'>καθόλου,</span> <span class='ocrx_word' id='word_1_619' title='bbox 3110 3624 3179 3676; x_wconf 78' lang='grc' dir='ltr'>τὰ</span> <span class='ocrx_word' id='word_1_620' title='bbox 3201 3623 3258 3676; x_wconf 83' lang='grc' dir='ltr'><strong>δὲ</strong></span> <span class='ocrx_word' id='word_1_621' title='bbox 3286 3625 3492 3694; x_wconf 82' lang='grc' dir='ltr'>μερικά</span> <span class='ocrx_word' id='word_1_622' title='bbox 3518 3626 3646 3695; x_wconf 84' lang='grc'>(91).</span> 
     </span>
    </p>
   </div>
   <div class='ocr_carea' id='block_1_84' title="bbox 2070 3711 3650 3784">
    <p class='ocr_par' dir='ltr' id='par_1_84' title="bbox 2070 3711 3650 3784">
     <span class='ocr_line' id='line_1_84' title="bbox 2070 3711 3650 3784; baseline 0.003 -20"><span class='ocrx_word' id='word_1_623' title='bbox 2070 3713 2332 3765; x_wconf 83' lang='grc' dir='ltr'>Καλεῖται</span> <span class='ocrx_word' id='word_1_624' title='bbox 2357 3713 2412 3764; x_wconf 82' lang='grc' dir='ltr'><strong>δὲ</strong></span> <span class='ocrx_word' id='word_1_625' title='bbox 2445 3712 2558 3782; x_wconf 72' lang='grc'>(92)</span> <span class='ocrx_word' id='word_1_626' title='bbox 2596 3713 2664 3765; x_wconf 85' lang='grc' dir='ltr'>τὰ</span> <span class='ocrx_word' id='word_1_627' title='bbox 2693 3712 2793 3782; x_wconf 83' lang='grc' dir='ltr'>μὲν</span> <span class='ocrx_word' id='word_1_628' title='bbox 2837 3711 3224 3783; x_wconf 83' lang='grc' dir='ltr'>συμϐεϐηκότα</span> <span class='ocrx_word' id='word_1_629' title='bbox 3264 3715 3323 3766; x_wconf 83' lang='grc' dir='ltr'>ὲν</span> <span class='ocrx_word' id='word_1_630' title='bbox 3352 3715 3650 3784; x_wconf 81' lang='grc' dir='ltr'>ὑποκειμέ-</span> 
     </span>
    </p>
   </div>
   <div class='ocr_carea' id='block_1_85' title="bbox 2071 3801 3650 3878">
    <p class='ocr_par' dir='ltr' id='par_1_85' title="bbox 2071 3801 3650 3878">
     <span class='ocr_line' id='line_1_85' title="bbox 2071 3801 3650 3878; baseline 0.001 -22"><span class='ocrx_word' id='word_1_631' title='bbox 2071 3821 2169 3874; x_wconf 82' lang='grc' dir='ltr'>νῳ,</span> <span class='ocrx_word' id='word_1_632' title='bbox 2198 3801 2387 3873; x_wconf 76' lang='grc' dir='ltr'>ἐπειδὴ</span> <span class='ocrx_word' id='word_1_633' title='bbox 2428 3803 2528 3872; x_wconf 82' lang='grc' dir='ltr'><strong>τὴν</strong></span> <span class='ocrx_word' id='word_1_634' title='bbox 2582 3802 2814 3872; x_wconf 80' lang='grc' dir='ltr'>ὓπαρξιν</span> <span class='ocrx_word' id='word_1_635' title='bbox 2877 3803 3058 3859; x_wconf 79' lang='grc' dir='ltr'>αὐτῶν</span> <span class='ocrx_word' id='word_1_636' title='bbox 3101 3803 3159 3856; x_wconf 79' lang='grc' dir='ltr'>ἕν</span> <span class='ocrx_word' id='word_1_637' title='bbox 3195 3820 3302 3856; x_wconf 82' lang='grc' dir='ltr'>τινι</span> <span class='ocrx_word' id='word_1_638' title='bbox 3329 3805 3441 3874; x_wconf 79' lang='grc'>(95)</span> <span class='ocrx_word' id='word_1_639' title='bbox 3498 3806 3650 3878; x_wconf 67' lang='grc' dir='ltr'>οὐσίᾳ</span> 
     </span>
    </p>
   </div>
   <div class='ocr_carea' id='block_1_86' title="bbox 2071 3895 3645 3972">
    <p class='ocr_par' dir='ltr' id='par_1_86' title="bbox 2071 3895 3645 3972">
     <span class='ocr_line' id='line_1_86' title="bbox 2071 3895 3645 3972; baseline -0.001 -21"><span class='ocrx_word' id='word_1_640' title='bbox 2071 3899 2311 3972; x_wconf 76' lang='grc' dir='ltr'>ἔχουσιν·</span> <span class='ocrx_word' id='word_1_641' title='bbox 2333 3898 2428 3950; x_wconf 69' lang='grc' dir='ltr'><strong>καὶ</strong></span> <span class='ocrx_word' id='word_1_642' title='bbox 2452 3897 2564 3968; x_wconf 85' lang='grc' dir='ltr'>γὰρ</span> <span class='ocrx_word' id='word_1_643' title='bbox 2598 3895 2692 3949; x_wconf 77' lang='grc' dir='ltr'>καὶ</span> <span class='ocrx_word' id='word_1_644' title='bbox 2725 3896 2835 3966; x_wconf 72' lang='grc'>(94)</span> <span class='ocrx_word' id='word_1_645' title='bbox 2869 3898 2897 3954; x_wconf 85' lang='grc' dir='ltr'>ὁ</span> <span class='ocrx_word' id='word_1_646' title='bbox 2924 3896 3149 3966; x_wconf 86' lang='grc' dir='ltr'>ὁρισμὸς</span> <span class='ocrx_word' id='word_1_647' title='bbox 3176 3895 3356 3948; x_wconf 85' lang='grc' dir='ltr'>αὐτῶν</span> <span class='ocrx_word' id='word_1_648' title='bbox 3379 3897 3617 3958; x_wconf 76' lang='grc' dir='ltr'>τοιοῦτος</span> <span class='ocrx_word' id='word_1_649' title='bbox 3634 3915 3645 3927; x_wconf 91' lang='grc'><strong>·</strong></span> 
     </span>
    </p>
   </div>
   <div class='ocr_carea' id='block_1_87' title="bbox 2071 3987 3643 4058">
    <p class='ocr_par' dir='ltr' id='par_1_87' title="bbox 2071 3987 3643 4058">
     <span class='ocr_line' id='line_1_87' title="bbox 2071 3987 3643 4058; baseline -0.003 -15"><span class='ocrx_word' id='word_1_650' title='bbox 2071 3994 2129 4043; x_wconf 80' lang='grc' dir='ltr'>ἐν</span> <span class='ocrx_word' id='word_1_651' title='bbox 2165 3987 2516 4058; x_wconf 81' lang='grc' dir='ltr'>ὑποκειμένῳ</span> <span class='ocrx_word' id='word_1_652' title='bbox 2548 3988 2657 4058; x_wconf 83' lang='grc' dir='ltr'><strong>γάρ</strong></span> <span class='ocrx_word' id='word_1_653' title='bbox 2687 3988 2828 4051; x_wconf 79' lang='grc' dir='ltr'>ἐστι,</span> <span class='ocrx_word' id='word_1_654' title='bbox 2857 3988 3103 4041; x_wconf 81' lang='grc' dir='ltr'>τουτέστι</span> <span class='ocrx_word' id='word_1_655' title='bbox 3130 3987 3482 4058; x_wconf 76' lang='grc' dir='ltr'>συμϐεϐηκός</span> <span class='ocrx_word' id='word_1_656' title='bbox 3512 3991 3643 4058; x_wconf 77' lang='grc' dir='ltr'>ὲστι,</span> 
     </span>
    </p>
   </div>
   <div class='ocr_carea' id='block_1_88' title="bbox 2069 4079 3644 4152">
    <p class='ocr_par' dir='ltr' id='par_1_88' title="bbox 2069 4079 3644 4152">
     <span class='ocr_line' id='line_1_88' title="bbox 2069 4079 3644 4152; baseline -0.002 -18"><span class='ocrx_word' id='word_1_657' title='bbox 2069 4082 2099 4134; x_wconf 87' lang='grc' dir='ltr'>ὃ</span> <span class='ocrx_word' id='word_1_658' title='bbox 2136 4081 2247 4152; x_wconf 77' lang='grc'>(95)</span> <span class='ocrx_word' id='word_1_659' title='bbox 2289 4080 2346 4135; x_wconf 77' lang='grc' dir='ltr'>ἐν</span> <span class='ocrx_word' id='word_1_660' title='bbox 2391 4097 2497 4133; x_wconf 87' lang='grc' dir='ltr'>τινι</span> <span class='ocrx_word' id='word_1_661' title='bbox 2553 4081 2840 4150; x_wconf 81' lang='grc' dir='ltr'>πράγματι</span> <span class='ocrx_word' id='word_1_662' title='bbox 2885 4079 3151 4150; x_wconf 80' lang='grc' dir='ltr'>ὑπάρχον,</span> <span class='ocrx_word' id='word_1_663' title='bbox 3188 4080 3264 4151; x_wconf 79' lang='grc' dir='ltr'>μὴ</span> <span class='ocrx_word' id='word_1_664' title='bbox 3301 4079 3363 4131; x_wconf 86' lang='grc' dir='ltr'>ὃν</span> <span class='ocrx_word' id='word_1_665' title='bbox 3393 4079 3451 4131; x_wconf 82' lang='grc' dir='ltr'><strong>δὲ</strong></span> <span class='ocrx_word' id='word_1_666' title='bbox 3487 4080 3644 4151; x_wconf 83' lang='grc' dir='ltr'>μέρος</span> 
     </span>
    </p>
   </div>
   <div class='ocr_carea' id='block_1_89' title="bbox 2070 4171 3642 4245">
    <p class='ocr_par' dir='ltr' id='par_1_89' title="bbox 2070 4171 3642 4245">
     <span class='ocr_line' id='line_1_89' title="bbox 2070 4171 3642 4245; baseline 0.001 -18"><span class='ocrx_word' id='word_1_667' title='bbox 2070 4171 2235 4228; x_wconf 82' lang='grc' dir='ltr'>αὑτοῦ</span> <span class='ocrx_word' id='word_1_668' title='bbox 2264 4172 2374 4242; x_wconf 88' lang='grc'>(96)</span> <span class='ocrx_word' id='word_1_669' title='bbox 2441 4171 2703 4245; x_wconf 79' lang='grc' dir='ltr'>ᾁδύνατον</span> <span class='ocrx_word' id='word_1_670' title='bbox 2729 4172 2840 4242; x_wconf 88' lang='grc'>(97)</span> <span class='ocrx_word' id='word_1_671' title='bbox 2888 4172 3057 4241; x_wconf 83' lang='grc' dir='ltr'>χωρὶς</span> <span class='ocrx_word' id='word_1_672' title='bbox 3111 4171 3204 4224; x_wconf 83' lang='grc' dir='ltr'><strong>τοῦ</strong></span> <span class='ocrx_word' id='word_1_673' title='bbox 3281 4172 3642 4243; x_wconf 71' lang='grc' dir='ltr'>ὑποκειμένου</span> 
     </span>
    </p>
   </div>
   <div class='ocr_carea' id='block_1_90' title="bbox 2071 4263 3641 4336">
    <p class='ocr_par' dir='ltr' id='par_1_90' title="bbox 2071 4263 3641 4336">
     <span class='ocr_line' id='line_1_90' title="bbox 2071 4263 3641 4336; baseline 0 -16"><span class='ocrx_word' id='word_1_674' title='bbox 2071 4265 2221 4336; x_wconf 81' lang='grc' dir='ltr'>αὐτῷ</span> <span class='ocrx_word' id='word_1_675' title='bbox 2273 4264 2600 4334; x_wconf 82' lang='grc' dir='ltr'>πράγματος</span> <span class='ocrx_word' id='word_1_676' title='bbox 2643 4264 2969 4334; x_wconf 74' lang='grc' dir='ltr'>ὑποστῆναι.</span> <span class='ocrx_word' id='word_1_677' title='bbox 3026 4263 3089 4317; x_wconf 87' lang='lat' dir='ltr'><strong>&#39;H</strong></span> <span class='ocrx_word' id='word_1_678' title='bbox 3118 4263 3176 4316; x_wconf 84' lang='grc' dir='ltr'>δὲ</span> <span class='ocrx_word' id='word_1_679' title='bbox 3207 4264 3369 4317; x_wconf 82' lang='grc' dir='ltr'>ούσεα</span> <span class='ocrx_word' id='word_1_680' title='bbox 3399 4265 3641 4320; x_wconf 83' lang='grc' dir='ltr'>καλεῖται</span> 
     </span>
    </p>
   </div>
   <div class='ocr_carea' id='block_1_91' title="bbox 1923 4385 2161 4442">
    <p class='ocr_par' dir='ltr' id='par_1_91' title="bbox 1923 4385 2161 4442">
     <span class='ocr_line' id='line_1_91' title="bbox 1923 4385 2161 4442; baseline 0.013 -3"><span class='ocrx_word' id='word_1_681' title='bbox 1923 4385 2161 4442; x_wconf 65' lang='lat' dir='ltr'><strong>NOTAE.</strong></span> 
     </span>
    </p>
   </div>
   <div class='ocr_carea' id='block_1_92' title="bbox 425 4473 2634 4554">
    <p class='ocr_par' dir='ltr' id='par_1_92' title="bbox 425 4473 2634 4554">
     <span class='ocr_line' id='line_1_92' title="bbox 425 4473 2634 4554; baseline 0.005 -30"><span class='ocrx_word' id='word_1_682' title='bbox 425 4543 450 4554; x_wconf 67' lang='lat'><strong>__</strong></span> <span class='ocrx_word' id='word_1_683' title='bbox 468 4474 579 4542; x_wconf 79' lang='lat'><strong>(75)</strong></span> <span class='ocrx_word' id='word_1_684' title='bbox 604 4473 748 4529; x_wconf 87' lang='lat' dir='ltr'><strong>Mon.</strong></span> <span class='ocrx_word' id='word_1_685' title='bbox 784 4476 894 4554; x_wconf 70' lang='grc' dir='ltr'>Καὶ</span> <span class='ocrx_word' id='word_1_686' title='bbox 917 4477 946 4529; x_wconf 85' lang='grc' dir='ltr'>ὁ</span> <span class='ocrx_word' id='word_1_687' title='bbox 967 4473 1375 4554; x_wconf 37' lang='grc' dir='ltr'>’γραμματικός</span> <span class='ocrx_word' id='word_1_688' title='bbox 1401 4489 1417 4502; x_wconf 83' lang='lat'><strong><em>°</em></strong></span> <span class='ocrx_word' id='word_1_689' title='bbox 1447 4473 1606 4542; x_wconf 79' lang='grc' dir='ltr'>δῆλον</span> <span class='ocrx_word' id='word_1_690' title='bbox 1628 4476 1712 4529; x_wconf 86' lang='grc' dir='ltr'><strong>ὅτι</strong></span> <span class='ocrx_word' id='word_1_691' title='bbox 1742 4479 1959 4550; x_wconf 80' lang='grc' dir='ltr'>μετέχει</span> <span class='ocrx_word' id='word_1_692' title='bbox 1989 4487 2040 4545; x_wconf 82' lang='grc' dir='ltr'>Ι)</span> <span class='ocrx_word' id='word_1_693' title='bbox 2070 4500 2206 4554; x_wconf 83' lang='grc' dir='ltr'>μων,</span> <span class='ocrx_word' id='word_1_694' title='bbox 2233 4481 2634 4554; x_wconf 19' lang='grc' dir='ltr'>*πολυωνύᾼμωψ</span> 
     </span>
    </p>
   </div>
   <div class='ocr_carea' id='block_1_93' title="bbox 391 4545 1382 4615">
    <p class='ocr_par' dir='ltr' id='par_1_93' title="bbox 391 4545 1382 4615">
     <span class='ocr_line' id='line_1_93' title="bbox 391 4545 1382 4615; baseline 0.003 -20"><span class='ocrx_word' id='word_1_695' title='bbox 391 4545 930 4615; x_wconf 15' lang='grc' dir='ltr'>τῆςίγραμματικῆς,</span> <span class='ocrx_word' id='word_1_696' title='bbox 957 4546 1092 4598; x_wconf 83' lang='grc' dir='ltr'>ἀλλὰ</span> <span class='ocrx_word' id='word_1_697' title='bbox 1118 4545 1382 4612; x_wconf 82' lang='grc' dir='ltr'>διαφέρει.</span> 
     </span>
    </p>
   </div>
   <div class='ocr_carea' id='block_1_94' title="bbox 468 4613 1955 4684">
    <p class='ocr_par' dir='ltr' id='par_1_94' title="bbox 468 4613 1955 4684">
     <span class='ocr_line' id='line_1_94' title="bbox 468 4613 1955 4684; baseline 0.006 -20"><span class='ocrx_word' id='word_1_698' title='bbox 468 4613 580 4684; x_wconf 88' lang='grc'>(76)</span> <span class='ocrx_word' id='word_1_699' title='bbox 608 4619 740 4681; x_wconf 60' lang='lat' dir='ltr'><strong>Quae</strong></span> <span class='ocrx_word' id='word_1_700' title='bbox 770 4613 894 4684; x_wconf 89' lang='lat' dir='ltr'><strong>post</strong></span> <span class='ocrx_word' id='word_1_701' title='bbox 921 4615 1059 4679; x_wconf 79' lang='grc' dir='ltr'>ζῶον</span> <span class='ocrx_word' id='word_1_702' title='bbox 1089 4626 1409 4683; x_wconf 82' lang='lat' dir='ltr'><strong>sequuntur,</strong></span> <span class='ocrx_word' id='word_1_703' title='bbox 1444 4613 1644 4669; x_wconf 86' lang='lat' dir='ltr'><strong>desunt</strong></span> <span class='ocrx_word' id='word_1_704' title='bbox 1667 4615 1722 4669; x_wconf 90' lang='lat' dir='ltr'><strong>in</strong></span> <span class='ocrx_word' id='word_1_705' title='bbox 1745 4615 1955 4673; x_wconf 80' lang='lat' dir='ltr'><strong>Monac.</strong></span> 
     </span>
    </p>
   </div>
   <div class='ocr_carea' id='block_1_95' title="bbox 391 4684 1958 4756">
    <p class='ocr_par' dir='ltr' id='par_1_95' title="bbox 391 4684 1958 4756">
     <span class='ocr_line' id='line_1_95' title="bbox 391 4684 1958 4756; baseline 0.004 -21"><span class='ocrx_word' id='word_1_706' title='bbox 391 4693 446 4736; x_wconf 88' lang='lat' dir='ltr'><strong>et</strong></span> <span class='ocrx_word' id='word_1_707' title='bbox 466 4685 644 4756; x_wconf 78' lang='lat' dir='ltr'><strong>solum</strong></span> <span class='ocrx_word' id='word_1_708' title='bbox 681 4685 910 4756; x_wconf 79' lang='lat' dir='ltr'><strong>legitur:</strong></span> <span class='ocrx_word' id='word_1_709' title='bbox 941 4686 1193 4755; x_wconf 80' lang='grc' dir='ltr'>Διαφέρει</span> <span class='ocrx_word' id='word_1_710' title='bbox 1227 4685 1285 4738; x_wconf 81' lang='grc' dir='ltr'><strong>δὲ</strong></span> <span class='ocrx_word' id='word_1_711' title='bbox 1328 4685 1472 4756; x_wconf 86' lang='grc' dir='ltr'>κατὰ</span> <span class='ocrx_word' id='word_1_712' title='bbox 1492 4684 1590 4756; x_wconf 79' lang='grc' dir='ltr'>τὴν</span> <span class='ocrx_word' id='word_1_713' title='bbox 1642 4687 1958 4742; x_wconf 83' lang='grc' dir='ltr'>τελευταίαν</span> 
     </span>
    </p>
   </div>
   <div class='ocr_carea' id='block_1_96' title="bbox 394 4754 1956 4878">
    <p class='ocr_par' dir='ltr' id='par_1_96' title="bbox 394 4754 1956 4878">
     <span class='ocr_line' id='line_1_96' title="bbox 394 4754 1956 4878; baseline 0.006 -74"><span class='ocrx_word' id='word_1_714' title='bbox 394 4754 685 4824; x_wconf 83' lang='grc' dir='ltr'>συλλαϐήν.</span> <span class='ocrx_word' id='word_1_715' title='bbox 711 4755 942 4878; x_wconf 64' lang='grc' dir='ltr'><strong>λυωὶηάο</strong></span> <span class='ocrx_word' id='word_1_716' title='bbox 971 4754 1204 4812; x_wconf 86' lang='lat' dir='ltr'><strong>mediate</strong></span> <span class='ocrx_word' id='word_1_717' title='bbox 1256 4755 1503 4825; x_wconf 83' lang='lat' dir='ltr'><strong>sequitur</strong></span> <span class='ocrx_word' id='word_1_718' title='bbox 1536 4754 1557 4808; x_wconf 67' lang='grc' dir='ltr'><strong><em>ἑ</em></strong></span> <span class='ocrx_word' id='word_1_719' title='bbox 1604 4756 1956 4829; x_wconf 81' lang='grc' dir='ltr'>Ὑπογρὰφε-</span> 
     </span>
     <span class='ocr_line' id='line_1_97' title="bbox 394 4839 760 4878; baseline 0.011 -4"><span class='ocrx_word' id='word_1_720' title='bbox 394 4839 504 4878; x_wconf 85' lang='grc' dir='ltr'>ται.</span> <span class='ocrx_word' id='word_1_721' title='bbox 549 4843 604 4878; x_wconf 84' lang='grc' dir='ltr'><strong>κ.</strong></span> <span class='ocrx_word' id='word_1_722' title='bbox 628 4841 680 4878; x_wconf 86' lang='grc' dir='ltr'>τ.</span> <span class='ocrx_word' id='word_1_723' title='bbox 747 4864 760 4877; x_wconf 93' lang='grc'><strong>.</strong></span> 
     </span>
    </p>
   </div>
   <div class='ocr_carea' id='block_1_97' title="bbox 391 4839 760 4888">
    <p class='ocr_par' dir='ltr' id='par_1_97' title="bbox 391 4839 760 4888">
     <span class='ocr_line' id='line_1_98' title="bbox 391 4839 760 4888; baseline 0.005 -13"><span class='ocrx_word' id='word_1_724' title='bbox 391 4839 504 4888; x_wconf 84' lang='grc' dir='ltr'>ται,</span> <span class='ocrx_word' id='word_1_725' title='bbox 549 4843 604 4880; x_wconf 85' lang='grc' dir='ltr'><strong>κ.</strong></span> <span class='ocrx_word' id='word_1_726' title='bbox 628 4841 680 4879; x_wconf 80' lang='grc' dir='ltr'>τ.</span> <span class='ocrx_word' id='word_1_727' title='bbox 711 4839 760 4878; x_wconf 74' lang='grc' dir='ltr'><strong>Α.</strong></span> 
     </span>
    </p>
   </div>
   <div class='ocr_carea' id='block_1_98' title="bbox 467 4893 1488 4966">
    <p class='ocr_par' dir='ltr' id='par_1_98' title="bbox 467 4893 1488 4966">
     <span class='ocr_line' id='line_1_99' title="bbox 467 4893 1488 4966; baseline 0.001 -18"><span class='ocrx_word' id='word_1_728' title='bbox 467 4895 576 4966; x_wconf 83' lang='grc'>(77)</span> <span class='ocrx_word' id='word_1_729' title='bbox 615 4895 701 4958; x_wconf 81' lang='grc' dir='ltr'>Ὠς</span> <span class='ocrx_word' id='word_1_730' title='bbox 729 4895 899 4950; x_wconf 80' lang='grc' dir='ltr'>ὲντελ.</span> <span class='ocrx_word' id='word_1_731' title='bbox 930 4898 1045 4950; x_wconf 82' lang='grc' dir='ltr'>εἰπ.</span> <span class='ocrx_word' id='word_1_732' title='bbox 1077 4896 1228 4951; x_wconf 88' lang='lat' dir='ltr'><strong>deest</strong></span> <span class='ocrx_word' id='word_1_733' title='bbox 1257 4896 1311 4949; x_wconf 94' lang='lat' dir='ltr'><strong>in</strong></span> <span class='ocrx_word' id='word_1_734' title='bbox 1344 4893 1488 4949; x_wconf 78' lang='lat' dir='ltr'><strong>Mon.</strong></span> 
     </span>
    </p>
   </div>
   <div class='ocr_carea' id='block_1_99' title="bbox 460 4966 1388 5038">
    <p class='ocr_par' dir='ltr' id='par_1_99' title="bbox 460 4966 1388 5038">
     <span class='ocr_line' id='line_1_100' title="bbox 460 4966 1388 5038; baseline 0 -20"><span class='ocrx_word' id='word_1_735' title='bbox 460 4966 575 5038; x_wconf 82' lang='grc'>(78)</span> <span class='ocrx_word' id='word_1_736' title='bbox 607 4967 806 5038; x_wconf 57' lang='grc' dir='ltr'>ᾼροκικ</span> <span class='ocrx_word' id='word_1_737' title='bbox 839 4967 973 5023; x_wconf 85' lang='lat' dir='ltr'><strong>Ven.</strong></span> <span class='ocrx_word' id='word_1_738' title='bbox 1011 4968 1388 5038; x_wconf 80' lang='grc' dir='ltr'>Παρηγμένον.</span> 
     </span>
    </p>
   </div>
   <div class='ocr_carea' id='block_1_100' title="bbox 459 5035 916 5106">
    <p class='ocr_par' dir='ltr' id='par_1_100' title="bbox 459 5035 916 5106">
     <span class='ocr_line' id='line_1_101' title="bbox 459 5035 916 5106; baseline 0.009 -18"><span class='ocrx_word' id='word_1_739' title='bbox 459 5037 573 5106; x_wconf 87' lang='grc'>(79)</span> <span class='ocrx_word' id='word_1_740' title='bbox 609 5035 756 5092; x_wconf 81' lang='lat' dir='ltr'><strong>Mon.</strong></span> <span class='ocrx_word' id='word_1_741' title='bbox 789 5039 916 5093; x_wconf 79' lang='lat' dir='ltr'><strong>sict.</strong></span> 
     </span>
    </p>
   </div>
   <div class='ocr_carea' id='block_1_101' title="bbox 457 5107 1109 5177">
    <p class='ocr_par' dir='ltr' id='par_1_101' title="bbox 457 5107 1109 5177">
     <span class='ocr_line' id='line_1_102' title="bbox 457 5107 1109 5177; baseline 0.005 -17"><span class='ocrx_word' id='word_1_742' title='bbox 457 5109 569 5177; x_wconf 84' lang='lat'><strong>(80)</strong></span> <span class='ocrx_word' id='word_1_743' title='bbox 609 5107 695 5169; x_wconf 81' lang='grc' dir='ltr'>Ὠς</span> <span class='ocrx_word' id='word_1_744' title='bbox 722 5108 752 5158; x_wconf 86' lang='lat'><strong>6</strong></span> <span class='ocrx_word' id='word_1_745' title='bbox 779 5110 932 5163; x_wconf 88' lang='lat' dir='ltr'><strong>deest</strong></span> <span class='ocrx_word' id='word_1_746' title='bbox 964 5107 1109 5163; x_wconf 79' lang='lat' dir='ltr'><strong>Mon.</strong></span> 
     </span>
    </p>
   </div>
   <div class='ocr_carea' id='block_1_102' title="bbox 456 5177 1073 5247">
    <p class='ocr_par' dir='ltr' id='par_1_102' title="bbox 456 5177 1073 5247">
     <span class='ocr_line' id='line_1_103' title="bbox 456 5177 1073 5247; baseline 0.002 -16"><span class='ocrx_word' id='word_1_747' title='bbox 456 5178 570 5247; x_wconf 89' lang='grc'>(81)</span> <span class='ocrx_word' id='word_1_748' title='bbox 603 5177 746 5230; x_wconf 78' lang='lat' dir='ltr'><strong>Mori.</strong></span> <span class='ocrx_word' id='word_1_749' title='bbox 777 5179 945 5246; x_wconf 80' lang='grc' dir='ltr'>Δῆλον</span> <span class='ocrx_word' id='word_1_750' title='bbox 973 5181 1073 5233; x_wconf 74' lang='grc' dir='ltr'>ὅτι.</span> 
     </span>
    </p>
   </div>
   <div class='ocr_carea' id='block_1_103' title="bbox 455 5248 1414 5318">
    <p class='ocr_par' dir='ltr' id='par_1_103' title="bbox 455 5248 1414 5318">
     <span class='ocr_line' id='line_1_104' title="bbox 455 5248 1414 5318; baseline -0.005 -15"><span class='ocrx_word' id='word_1_751' title='bbox 455 5250 571 5318; x_wconf 75' lang='grc'>(82)</span> <span class='ocrx_word' id='word_1_752' title='bbox 603 5249 748 5302; x_wconf 84' lang='lat' dir='ltr'><strong>Mon.</strong></span> <span class='ocrx_word' id='word_1_753' title='bbox 778 5249 1008 5315; x_wconf 83' lang='grc' dir='ltr'>Λογικὸν</span> <span class='ocrx_word' id='word_1_754' title='bbox 1043 5249 1138 5303; x_wconf 81' lang='grc' dir='ltr'>καὶ</span> <span class='ocrx_word' id='word_1_755' title='bbox 1169 5249 1238 5302; x_wconf 77' lang='grc' dir='ltr'>τὰ</span> <span class='ocrx_word' id='word_1_756' title='bbox 1268 5248 1414 5318; x_wconf 20' lang='grc' dir='ltr'>ὲξῆςλ.</span> 
     </span>
    </p>
   </div>
   <div class='ocr_carea' id='block_1_104' title="bbox 455 5263 1955 5389">
    <p class='ocr_par' dir='ltr' id='par_1_104' title="bbox 455 5263 1955 5389">
     <span class='ocr_line' id='line_1_105' title="bbox 455 5263 1414 5318; baseline -0.005 -15"><span class='ocrx_word' id='word_1_757' title='bbox 455 5263 550 5317; x_wconf 75' lang='grc' dir='ltr'><strong>(δΖ</strong></span> <span class='ocrx_word' id='word_1_758' title='bbox 603 5263 748 5302; x_wconf 79' lang='lat' dir='ltr'><strong>mon.</strong></span> <span class='ocrx_word' id='word_1_759' title='bbox 778 5263 1008 5315; x_wconf 83' lang='grc' dir='ltr'>Λογικον</span> <span class='ocrx_word' id='word_1_760' title='bbox 1043 5263 1138 5303; x_wconf 83' lang='grc' dir='ltr'>και</span> <span class='ocrx_word' id='word_1_761' title='bbox 1169 5263 1238 5302; x_wconf 83' lang='grc' dir='ltr'><strong>τα</strong></span> <span class='ocrx_word' id='word_1_762' title='bbox 1268 5263 1414 5318; x_wconf 76' lang='grc' dir='ltr'>εςης.</span> 
     </span>
     <span class='ocr_line' id='line_1_106' title="bbox 455 5263 1955 5389; baseline 0.003 -17"><span class='ocrx_word' id='word_1_763' title='bbox 455 5263 571 5389; x_wconf 72' lang='grc'>(85)</span> <span class='ocrx_word' id='word_1_764' title='bbox 597 5318 745 5373; x_wconf 83' lang='grc' dir='ltr'><strong>Μοη.</strong></span> <span class='ocrx_word' id='word_1_765' title='bbox 774 5319 937 5373; x_wconf 82' lang='lat' dir='ltr'><strong>liabet</strong></span> <span class='ocrx_word' id='word_1_766' title='bbox 969 5335 984 5373; x_wconf 90' lang='lat'>:</span> <span class='ocrx_word' id='word_1_767' title='bbox 1021 5320 1103 5372; x_wconf 87' lang='grc' dir='ltr'><strong>Τὰ</strong></span> <span class='ocrx_word' id='word_1_768' title='bbox 1127 5319 1266 5372; x_wconf 82' lang='grc' dir='ltr'><strong>κατὰ</strong></span> <span class='ocrx_word' id='word_1_769' title='bbox 1296 5321 1358 5370; x_wconf 83' lang='grc' dir='ltr'><strong>τὸ</strong></span> <span class='ocrx_word' id='word_1_770' title='bbox 1382 5316 1551 5386; x_wconf 76' lang='grc' dir='ltr'>ὄνομα</span> <span class='ocrx_word' id='word_1_771' title='bbox 1588 5319 1843 5376; x_wconf 74' lang='grc' dir='ltr'>καὶκατὰ</span> <span class='ocrx_word' id='word_1_772' title='bbox 1864 5323 1955 5376; x_wconf 86' lang='grc' dir='ltr'><strong>τὸν</strong></span> 
     </span>
    </p>
   </div>
   <div class='ocr_carea' id='block_1_105' title="bbox 383 5390 814 5456">
    <p class='ocr_par' dir='ltr' id='par_1_105' title="bbox 383 5390 814 5456">
     <span class='ocr_line' id='line_1_107' title="bbox 383 5390 814 5456; baseline -0.009 -10"><span class='ocrx_word' id='word_1_773' title='bbox 383 5392 434 5446; x_wconf 85' lang='grc' dir='ltr'>λ.</span> <span class='ocrx_word' id='word_1_774' title='bbox 466 5390 814 5456; x_wconf 79' lang='grc' dir='ltr'>διαφέροντα.</span> 
     </span>
    </p>
   </div>
   <div class='ocr_carea' id='block_1_106' title="bbox 454 5458 1774 5533">
    <p class='ocr_par' dir='ltr' id='par_1_106' title="bbox 454 5458 1774 5533">
     <span class='ocr_line' id='line_1_108' title="bbox 454 5458 1774 5533; baseline 0.001 -19"><span class='ocrx_word' id='word_1_775' title='bbox 454 5460 568 5533; x_wconf 54' lang='grc'>(84)</span> <span class='ocrx_word' id='word_1_776' title='bbox 598 5458 744 5533; x_wconf 56' lang='lat' dir='ltr'><strong>Moti.</strong></span> <span class='ocrx_word' id='word_1_777' title='bbox 773 5460 901 5530; x_wconf 81' lang='lat' dir='ltr'><strong>legit</strong></span> <span class='ocrx_word' id='word_1_778' title='bbox 932 5477 948 5513; x_wconf 91' lang='lat'><strong>:</strong></span> <span class='ocrx_word' id='word_1_779' title='bbox 976 5460 1133 5533; x_wconf 73' lang='grc' dir='ltr'>Κατὰ</span> <span class='ocrx_word' id='word_1_780' title='bbox 1160 5460 1220 5514; x_wconf 82' lang='grc' dir='ltr'>τὺ</span> <span class='ocrx_word' id='word_1_781' title='bbox 1247 5458 1551 5533; x_wconf 68' lang='grc' dir='ltr'>ἅνθρωπος</span> <span class='ocrx_word' id='word_1_782' title='bbox 1582 5461 1774 5533; x_wconf 74' lang='grc' dir='ltr'>ὄνομα.</span> 
     </span>
    </p>
   </div>
   <div class='ocr_carea' id='block_1_107' title="bbox 458 5529 1947 5604">
    <p class='ocr_par' dir='ltr' id='par_1_107' title="bbox 458 5529 1947 5604">
     <span class='ocr_line' id='line_1_109' title="bbox 458 5529 1947 5604; baseline 0 -19"><span class='ocrx_word' id='word_1_783' title='bbox 458 5529 571 5603; x_wconf 73' lang='grc'>(85)</span> <span class='ocrx_word' id='word_1_784' title='bbox 599 5531 658 5584; x_wconf 88' lang='lat' dir='ltr'><strong>ln</strong></span> <span class='ocrx_word' id='word_1_785' title='bbox 693 5529 847 5604; x_wconf 63' lang='lat' dir='ltr'><strong>Moti.</strong></span> <span class='ocrx_word' id='word_1_786' title='bbox 871 5539 956 5604; x_wconf 77' lang='lat' dir='ltr'><strong>est</strong></span> <span class='ocrx_word' id='word_1_787' title='bbox 981 5532 1143 5604; x_wconf 43' lang='grc' dir='ltr'><strong>[Καὶ</strong></span> <span class='ocrx_word' id='word_1_788' title='bbox 1187 5529 1412 5604; x_wconf 36' lang='grc' dir='ltr'>’τούτοις</span> <span class='ocrx_word' id='word_1_789' title='bbox 1475 5533 1573 5598; x_wconf 84' lang='grc' dir='ltr'>μὲν</span> <span class='ocrx_word' id='word_1_790' title='bbox 1605 5534 1639 5602; x_wconf 82' lang='grc' dir='ltr'>ὴ</span> <span class='ocrx_word' id='word_1_791' title='bbox 1679 5529 1947 5604; x_wconf 75' lang='grc' dir='ltr'>ἐἰρημένη</span> 
     </span>
    </p>
   </div>
   <div class='ocr_carea' id='block_1_108' title="bbox 385 5600 1946 5672">
    <p class='ocr_par' dir='ltr' id='par_1_108' title="bbox 385 5600 1946 5672">
     <span class='ocr_line' id='line_1_110' title="bbox 385 5600 1946 5672; baseline 0.002 -20"><span class='ocrx_word' id='word_1_792' title='bbox 385 5600 486 5672; x_wconf 52' lang='lat' dir='ltr'><strong>{Jan</strong></span> <span class='ocrx_word' id='word_1_793' title='bbox 532 5602 825 5672; x_wconf 79' lang='grc' dir='ltr'>ὑπογραφὴ</span> <span class='ocrx_word' id='word_1_794' title='bbox 885 5600 1128 5670; x_wconf 84' lang='grc' dir='ltr'>ἀρκέσει.</span> <span class='ocrx_word' id='word_1_795' title='bbox 1185 5601 1385 5655; x_wconf 85' lang='lat' dir='ltr'><strong>Deinde</strong></span> <span class='ocrx_word' id='word_1_796' title='bbox 1435 5616 1573 5655; x_wconf 88' lang='lat' dir='ltr'><strong>nova</strong></span> <span class='ocrx_word' id='word_1_797' title='bbox 1618 5600 1946 5672; x_wconf 72' lang='lat' dir='ltr'><strong>inscriptioi</strong></span> 
     </span>
    </p>
   </div>
   <div class='ocr_carea' id='block_1_109' title="bbox 397 5633 1947 5748">
    <p class='ocr_par' dir='ltr' id='par_1_109' title="bbox 397 5633 1947 5748">
     <span class='ocr_line' id='line_1_111' title="bbox 397 5633 1945 5672; baseline 0.001 -18"><span class='ocrx_word' id='word_1_798' title='bbox 397 5633 486 5671; x_wconf 70' lang='grc' dir='ltr'><strong>ΙυΙι</strong></span> <span class='ocrx_word' id='word_1_799' title='bbox 533 5633 661 5667; x_wconf 62' lang='grc' dir='ltr'><strong>νϊυυι</strong></span> <span class='ocrx_word' id='word_1_800' title='bbox 885 5633 1128 5670; x_wconf 57' lang='grc' dir='ltr'><strong>Ἆγδῧυῦιο</strong></span> <span class='ocrx_word' id='word_1_801' title='bbox 1185 5633 1385 5655; x_wconf 62' lang='grc' dir='ltr'><strong>υῧΙΙΙυυ</strong></span> <span class='ocrx_word' id='word_1_802' title='bbox 1437 5633 1573 5655; x_wconf 66' lang='grc' dir='ltr'><strong>ΙΙυΪιΙ</strong></span> <span class='ocrx_word' id='word_1_803' title='bbox 1618 5633 1754 5658; x_wconf 57' lang='grc' dir='ltr'><strong>ΙΙΙΒΒΙ</strong></span> <span class='ocrx_word' id='word_1_804' title='bbox 1772 5633 1904 5672; x_wconf 66' lang='grc' dir='ltr'>Ιμιςιυ</span> <span class='ocrx_word' id='word_1_805' title='bbox 1934 5645 1945 5655; x_wconf 80' lang='grc' dir='ltr'>ι</span> 
     </span>
     <span class='ocr_line' id='line_1_112' title="bbox 397 5633 1947 5748; baseline 0.005 -25"><span class='ocrx_word' id='word_1_806' title='bbox 397 5633 537 5744; x_wconf 62' lang='grc' dir='ltr'>11ερὶ</span> <span class='ocrx_word' id='word_1_807' title='bbox 558 5671 864 5745; x_wconf 85' lang='grc' dir='ltr'>ὁμωνύμων</span> <span class='ocrx_word' id='word_1_808' title='bbox 899 5671 1249 5744; x_wconf 85' lang='grc' dir='ltr'>συνωνύμων,</span> <span class='ocrx_word' id='word_1_809' title='bbox 1282 5672 1646 5746; x_wconf 85' lang='grc' dir='ltr'>παρωνύμων,</span> <span class='ocrx_word' id='word_1_810' title='bbox 1685 5674 1947 5748; x_wconf 82' lang='grc' dir='ltr'>ἑτερωνύ·</span> 
     </span>
    </p>
   </div>
   <div class='ocr_carea' id='block_1_110' title="bbox 2138 4545 3194 4623">
    <p class='ocr_par' dir='ltr' id='par_1_110' title="bbox 2138 4545 3194 4623">
     <span class='ocr_line' id='line_1_113' title="bbox 2138 4545 3194 4623; baseline -0.007 -18"><span class='ocrx_word' id='word_1_811' title='bbox 2138 4545 2251 4623; x_wconf 43' lang='grc'>(8⁷6)</span> <span class='ocrx_word' id='word_1_812' title='bbox 2283 4553 2425 4622; x_wconf 79' lang='grc' dir='ltr'>Πρὸς</span> <span class='ocrx_word' id='word_1_813' title='bbox 2463 4545 2594 4623; x_wconf 76' lang='grc' dir='ltr'>ᾄλλο</span> <span class='ocrx_word' id='word_1_814' title='bbox 2620 4566 2675 4602; x_wconf 83' lang='grc' dir='ltr'><strong>κ.</strong></span> <span class='ocrx_word' id='word_1_815' title='bbox 2707 4548 2768 4623; x_wconf 50' lang='grc' dir='ltr'><strong>ἅτ</strong></span> <span class='ocrx_word' id='word_1_816' title='bbox 2791 4548 2942 4623; x_wconf 78' lang='lat' dir='ltr'><strong>deest</strong></span> <span class='ocrx_word' id='word_1_817' title='bbox 2969 4547 3022 4623; x_wconf 79' lang='lat' dir='ltr'><strong>in</strong></span> <span class='ocrx_word' id='word_1_818' title='bbox 3047 4545 3194 4623; x_wconf 32' lang='lat' dir='ltr'><strong>M-on.</strong></span> 
     </span>
    </p>
   </div>
   <div class='ocr_carea' id='block_1_111' title="bbox 2137 4615 3634 4692">
    <p class='ocr_par' dir='ltr' id='par_1_111' title="bbox 2137 4615 3634 4692">
     <span class='ocr_line' id='line_1_114' title="bbox 2137 4615 3634 4692; baseline -0.007 -14"><span class='ocrx_word' id='word_1_819' title='bbox 2137 4615 2250 4692; x_wconf 68' lang='grc'>187)</span> <span class='ocrx_word' id='word_1_820' title='bbox 2287 4615 2436 4677; x_wconf 75' lang='grc' dir='ltr'>Μόιι.</span> <span class='ocrx_word' id='word_1_821' title='bbox 2479 4619 2620 4692; x_wconf 88' lang='lat'>&#39;0</span> <span class='ocrx_word' id='word_1_822' title='bbox 2654 4619 2781 4692; x_wconf 72' lang='grc' dir='ltr'>περὶ</span> <span class='ocrx_word' id='word_1_823' title='bbox 2810 4618 2916 4692; x_wconf 66' lang='grc' dir='ltr'>μὲν</span> <span class='ocrx_word' id='word_1_824' title='bbox 2936 4615 3032 4685; x_wconf 83' lang='grc' dir='ltr'>τὴν</span> <span class='ocrx_word' id='word_1_825' title='bbox 3059 4617 3243 4692; x_wconf 79' lang='grc' dir='ltr'>εἰκόνα</span> <span class='ocrx_word' id='word_1_826' title='bbox 3274 4619 3470 4681; x_wconf 83' lang='grc' dir='ltr'>ἐντοῖς</span> <span class='ocrx_word' id='word_1_827' title='bbox 3496 4620 3634 4689; x_wconf 82' lang='grc' dir='ltr'>ὀμω-</span> 
     </span>
    </p>
   </div>
   <div class='ocr_carea' id='block_1_112' title="bbox 2064 4685 3356 4763">
    <p class='ocr_par' dir='ltr' id='par_1_112' title="bbox 2064 4685 3356 4763">
     <span class='ocr_line' id='line_1_115' title="bbox 2064 4685 3356 4763; baseline -0.004 -18"><span class='ocrx_word' id='word_1_828' title='bbox 2064 4685 2276 4762; x_wconf 69' lang='grc' dir='ltr'>νύμοιξ,</span> <span class='ocrx_word' id='word_1_829' title='bbox 2311 4693 2439 4763; x_wconf 77' lang='grc' dir='ltr'>περὶ</span> <span class='ocrx_word' id='word_1_830' title='bbox 2466 4693 2522 4746; x_wconf 85' lang='grc' dir='ltr'><strong>δὲ</strong></span> <span class='ocrx_word' id='word_1_831' title='bbox 2553 4685 2946 4763; x_wconf 27' lang='grc' dir='ltr'>ίίππονενίτσῖς</span> <span class='ocrx_word' id='word_1_832' title='bbox 2979 4685 3356 4763; x_wconf 58' lang='grc' dir='ltr'>συνωνύμως.</span> 
     </span>
    </p>
   </div>
   <div class='ocr_carea' id='block_1_113' title="bbox 2135 4757 3130 4830">
    <p class='ocr_par' dir='ltr' id='par_1_113' title="bbox 2135 4757 3130 4830">
     <span class='ocr_line' id='line_1_116' title="bbox 2135 4757 3130 4830; baseline -0.009 -13"><span class='ocrx_word' id='word_1_833' title='bbox 2135 4757 2248 4830; x_wconf 74' lang='lat'><strong>(88)</strong></span> <span class='ocrx_word' id='word_1_834' title='bbox 2284 4757 2445 4817; x_wconf 75' lang='lat' dir='ltr'><strong>Deest</strong></span> <span class='ocrx_word' id='word_1_835' title='bbox 2485 4759 2853 4830; x_wconf 85' lang='grc' dir='ltr'>πολυωνύμως</span> <span class='ocrx_word' id='word_1_836' title='bbox 2885 4757 2941 4830; x_wconf 81' lang='lat' dir='ltr'><strong>in</strong></span> <span class='ocrx_word' id='word_1_837' title='bbox 2979 4757 3130 4830; x_wconf 65' lang='lat' dir='ltr'><strong>Moti.</strong></span> 
     </span>
    </p>
   </div>
   <div class='ocr_carea' id='block_1_114' title="bbox 2137 4767 3632 4905">
    <p class='ocr_par' dir='ltr' id='par_1_114' title="bbox 2137 4767 3632 4905">
     <span class='ocr_line' id='line_1_117' title="bbox 2137 4767 3130 4830; baseline -0.009 -13"><span class='ocrx_word' id='word_1_838' title='bbox 2137 4767 2226 4830; x_wconf 89' lang='lat'><strong>(88</strong></span> <span class='ocrx_word' id='word_1_839' title='bbox 2284 4767 2445 4817; x_wconf 84' lang='lat' dir='ltr'><strong>Deest</strong></span> <span class='ocrx_word' id='word_1_840' title='bbox 2485 4767 2853 4830; x_wconf 80' lang='grc' dir='ltr'>πολυωνύμως</span> <span class='ocrx_word' id='word_1_841' title='bbox 2885 4767 2941 4810; x_wconf 82' lang='lat' dir='ltr'><strong>in</strong></span> <span class='ocrx_word' id='word_1_842' title='bbox 2979 4767 3130 4810; x_wconf 86' lang='lat' dir='ltr'><strong>Mon.</strong></span> 
     </span>
     <span class='ocr_line' id='line_1_118' title="bbox 2137 4767 3632 4905; baseline -0.007 -17"><span class='ocrx_word' id='word_1_843' title='bbox 2137 4767 2248 4905; x_wconf 71' lang='grc'>(89)</span> <span class='ocrx_word' id='word_1_844' title='bbox 2309 4833 2495 4905; x_wconf 87' lang='lat' dir='ltr'><strong>Deest_</strong></span> <span class='ocrx_word' id='word_1_845' title='bbox 2533 4829 2877 4905; x_wconf 78' lang='grc' dir='ltr'>έτερώνυμος</span> <span class='ocrx_word' id='word_1_846' title='bbox 2912 4829 2980 4905; x_wconf 79' lang='lat' dir='ltr'><strong>in_</strong></span> <span class='ocrx_word' id='word_1_847' title='bbox 3031 4825 3175 4878; x_wconf 82' lang='lat' dir='ltr'><strong>Mon.</strong></span> <span class='ocrx_word' id='word_1_848' title='bbox 3214 4856 3284 4870; x_wconf 81' lang='lat'><strong>-—</strong></span> <span class='ocrx_word' id='word_1_849' title='bbox 3317 4826 3438 4882; x_wconf 90' lang='lat' dir='ltr'><strong>lluc</strong></span> <span class='ocrx_word' id='word_1_850' title='bbox 3468 4842 3632 4897; x_wconf 88' lang='lat' dir='ltr'><strong>usque</strong></span> 
     </span>
    </p>
   </div>
   <div class='ocr_carea' id='block_1_115' title="bbox 2059 4896 3206 4972">
    <p class='ocr_par' dir='ltr' id='par_1_115' title="bbox 2059 4896 3206 4972">
     <span class='ocr_line' id='line_1_119' title="bbox 2059 4896 3206 4972; baseline -0.009 -16"><span class='ocrx_word' id='word_1_851' title='bbox 2059 4896 2286 4958; x_wconf 77' lang='lat' dir='ltr'><strong>Aristot.</strong></span> <span class='ocrx_word' id='word_1_852' title='bbox 2323 4919 2442 4972; x_wconf 87' lang='lat' dir='ltr'><strong>cap.</strong></span> <span class='ocrx_word' id='word_1_853' title='bbox 2474 4903 2530 4965; x_wconf 88' lang='grc'>1,</span> <span class='ocrx_word' id='word_1_854' title='bbox 2560 4896 2830 4972; x_wconf 62' lang='grc' dir='ltr'>ᾱοοξιῑοε.</span> <span class='ocrx_word' id='word_1_855' title='bbox 2861 4896 3206 4972; x_wconf 78' lang='lat' dir='ltr'><strong>explanatur.</strong></span> 
     </span>
    </p>
   </div>
   <div class='ocr_carea' id='block_1_116' title="bbox 2133 4965 3632 5042">
    <p class='ocr_par' dir='ltr' id='par_1_116' title="bbox 2133 4965 3632 5042">
     <span class='ocr_line' id='line_1_120' title="bbox 2133 4965 3632 5042; baseline -0.005 -14"><span class='ocrx_word' id='word_1_856' title='bbox 2133 4974 2244 5042; x_wconf 87' lang='lat'><strong>(90)</strong></span> <span class='ocrx_word' id='word_1_857' title='bbox 2280 4972 2372 5028; x_wconf 90' lang='lat' dir='ltr'><strong>Sic</strong></span> <span class='ocrx_word' id='word_1_858' title='bbox 2391 4965 2579 5040; x_wconf 79' lang='lat' dir='ltr'><strong>priora</strong></span> <span class='ocrx_word' id='word_1_859' title='bbox 2599 4965 2802 5042; x_wconf 69' lang='lat' dir='ltr'><strong>omittit</strong></span> <span class='ocrx_word' id='word_1_860' title='bbox 2827 4985 2840 5031; x_wconf 91' lang='lat'><strong>;</strong></span> <span class='ocrx_word' id='word_1_861' title='bbox 2871 4967 3033 5042; x_wconf 78' lang='lat' dir='ltr'><strong>habet</strong></span> <span class='ocrx_word' id='word_1_862' title='bbox 3050 4967 3385 5042; x_wconf 33' lang='lat' dir='ltr'><strong>tantum‘hac</strong></span> <span class='ocrx_word' id='word_1_863' title='bbox 3407 4965 3435 5038; x_wconf 83' lang='lat'>§</span> <span class='ocrx_word' id='word_1_864' title='bbox 3461 4984 3476 5020; x_wconf 90' lang='lat'>:</span> <span class='ocrx_word' id='word_1_865' title='bbox 3515 4968 3632 5042; x_wconf 60' lang='grc' dir='ltr'>Ἔτι</span> 
     </span>
    </p>
   </div>
   <div class='ocr_carea' id='block_1_117' title="bbox 2061 5034 3627 5109">
    <p class='ocr_par' dir='ltr' id='par_1_117' title="bbox 2061 5034 3627 5109">
     <span class='ocr_line' id='line_1_121' title="bbox 2061 5034 3627 5109; baseline -0.006 -11"><span class='ocrx_word' id='word_1_866' title='bbox 2061 5046 2117 5098; x_wconf 83' lang='grc' dir='ltr'>δὲ</span> <span class='ocrx_word' id='word_1_867' title='bbox 2141 5034 2262 5095; x_wconf 66' lang='grc' dir='ltr'>’τῶν</span> <span class='ocrx_word' id='word_1_868' title='bbox 2301 5034 2468 5095; x_wconf 75' lang='grc' dir='ltr'>ὄντων</span> <span class='ocrx_word' id='word_1_869' title='bbox 2509 5043 2576 5094; x_wconf 81' lang='grc' dir='ltr'><strong>τὰ</strong></span> <span class='ocrx_word' id='word_1_870' title='bbox 2611 5039 2707 5109; x_wconf 86' lang='grc' dir='ltr'><strong>μέν</strong></span> <span class='ocrx_word' id='word_1_871' title='bbox 2737 5040 2842 5090; x_wconf 77' lang='grc' dir='ltr'>εἰσι</span> <span class='ocrx_word' id='word_1_872' title='bbox 2875 5038 3073 5090; x_wconf 73' lang='grc' dir='ltr'>οὐσίαι.</span> <span class='ocrx_word' id='word_1_873' title='bbox 3103 5034 3234 5088; x_wconf 84' lang='lat' dir='ltr'><strong>Vide</strong></span> <span class='ocrx_word' id='word_1_874' title='bbox 3248 5034 3478 5109; x_wconf 51' lang='lat' dir='ltr'><strong>Aristot.</strong></span> <span class='ocrx_word' id='word_1_875' title='bbox 3505 5053 3552 5090; x_wconf 92' lang='lat' dir='ltr'><strong>c.</strong></span> <span class='ocrx_word' id='word_1_876' title='bbox 3578 5037 3627 5089; x_wconf 74' lang='grc' dir='ltr'><strong>Ξ.</strong></span> 
     </span>
    </p>
   </div>
   <div class='ocr_carea' id='block_1_118' title="bbox 2139 5106 3631 5186">
    <p class='ocr_par' dir='ltr' id='par_1_118' title="bbox 2139 5106 3631 5186">
     <span class='ocr_line' id='line_1_122' title="bbox 2139 5106 3631 5186; baseline -0.005 -18"><span class='ocrx_word' id='word_1_877' title='bbox 2139 5115 2248 5186; x_wconf 90' lang='grc'>(91)</span> <span class='ocrx_word' id='word_1_878' title='bbox 2280 5113 2369 5169; x_wconf 90' lang='lat' dir='ltr'><strong>Sic</strong></span> <span class='ocrx_word' id='word_1_879' title='bbox 2398 5113 2515 5186; x_wconf 74' lang='lat' dir='ltr'><strong>vat.</strong></span> <span class='ocrx_word' id='word_1_880' title='bbox 2547 5106 2780 5165; x_wconf 31' lang='lat' dir='ltr'><strong>et’Mon.</strong></span> <span class='ocrx_word' id='word_1_881' title='bbox 2814 5118 2960 5186; x_wconf 74' lang='lat' dir='ltr'><strong>recte</strong></span> <span class='ocrx_word' id='word_1_882' title='bbox 2989 5110 3190 5177; x_wconf 80' lang='lat' dir='ltr'><strong>Apogr.</strong></span> <span class='ocrx_word' id='word_1_883' title='bbox 3237 5106 3401 5160; x_wconf 73' lang='lat' dir='ltr'><strong>Catil.</strong></span> <span class='ocrx_word' id='word_1_884' title='bbox 3449 5109 3631 5166; x_wconf 81' lang='lat' dir='ltr'><strong>habuit</strong></span> 
     </span>
    </p>
   </div>
   <div class='ocr_carea' id='block_1_119' title="bbox 2068 5182 2884 5256">
    <p class='ocr_par' dir='ltr' id='par_1_119' title="bbox 2068 5182 2884 5256">
     <span class='ocr_line' id='line_1_123' title="bbox 2068 5182 2884 5256; baseline -0.005 -18"><span class='ocrx_word' id='word_1_885' title='bbox 2068 5182 2260 5256; x_wconf 52' lang='grc' dir='ltr'>μικρᾷ,</span> <span class='ocrx_word' id='word_1_886' title='bbox 2282 5184 2442 5256; x_wconf 80' lang='lat' dir='ltr'><strong>quod</strong></span> <span class='ocrx_word' id='word_1_887' title='bbox 2476 5184 2590 5256; x_wconf 91' lang='lat' dir='ltr'><strong>ips_e</strong></span> <span class='ocrx_word' id='word_1_888' title='bbox 2628 5182 2884 5235; x_wconf 82' lang='lat' dir='ltr'><strong>correxit.</strong></span> 
     </span>
    </p>
   </div>
   <div class='ocr_carea' id='block_1_120' title="bbox 2134 5251 2632 5323">
    <p class='ocr_par' dir='ltr' id='par_1_120' title="bbox 2134 5251 2632 5323">
     <span class='ocr_line' id='line_1_124' title="bbox 2134 5251 2632 5323; baseline -0.01 -15"><span class='ocrx_word' id='word_1_889' title='bbox 2134 5251 2245 5323; x_wconf 73' lang='lat'><strong>(92)</strong></span> <span class='ocrx_word' id='word_1_890' title='bbox 2280 5251 2492 5308; x_wconf 81' lang='lat' dir='ltr'><strong>Monac.</strong></span> <span class='ocrx_word' id='word_1_891' title='bbox 2520 5251 2632 5304; x_wconf 80' lang='grc' dir='ltr'>οὖν.</span> 
     </span>
    </p>
   </div>
   <div class='ocr_carea' id='block_1_121' title="bbox 2133 5324 2551 5394">
    <p class='ocr_par' dir='ltr' id='par_1_121' title="bbox 2133 5324 2551 5394">
     <span class='ocr_line' id='line_1_125' title="bbox 2133 5324 2551 5394; baseline -0.007 -17"><span class='ocrx_word' id='word_1_892' title='bbox 2133 5325 2245 5394; x_wconf 80' lang='grc'>(95)</span> <span class='ocrx_word' id='word_1_893' title='bbox 2285 5324 2430 5378; x_wconf 84' lang='grc' dir='ltr'><strong>Μοη.</strong></span> <span class='ocrx_word' id='word_1_894' title='bbox 2463 5325 2551 5393; x_wconf 83' lang='grc' dir='ltr'><strong>τῇ.</strong></span> 
     </span>
    </p>
   </div>
   <div class='ocr_carea' id='block_1_122' title="bbox 2134 5388 3524 5463">
    <p class='ocr_par' dir='ltr' id='par_1_122' title="bbox 2134 5388 3524 5463">
     <span class='ocr_line' id='line_1_126' title="bbox 2134 5388 3524 5463; baseline -0.006 -14"><span class='ocrx_word' id='word_1_895' title='bbox 2134 5388 2246 5463; x_wconf 71' lang='grc'>(94)</span> <span class='ocrx_word' id='word_1_896' title='bbox 2278 5397 2387 5448; x_wconf 82' lang='grc' dir='ltr'>Καί</span> <span class='ocrx_word' id='word_1_897' title='bbox 2414 5388 2566 5447; x_wconf 80' lang='lat' dir='ltr'><strong>deest</strong></span> <span class='ocrx_word' id='word_1_898' title='bbox 2594 5393 2646 5446; x_wconf 93' lang='lat' dir='ltr'><strong>in</strong></span> <span class='ocrx_word' id='word_1_899' title='bbox 2686 5393 2856 5452; x_wconf 82' lang='lat' dir='ltr'><strong>Mon.,</strong></span> <span class='ocrx_word' id='word_1_900' title='bbox 2884 5395 3026 5448; x_wconf 90' lang='lat' dir='ltr'><strong>sicut</strong></span> <span class='ocrx_word' id='word_1_901' title='bbox 3059 5401 3118 5463; x_wconf 86' lang='lat' dir='ltr'><strong>et_</strong></span> <span class='ocrx_word' id='word_1_902' title='bbox 3136 5400 3368 5463; x_wconf 69' lang='lat' dir='ltr'><strong>sequens</strong></span> <span class='ocrx_word' id='word_1_903' title='bbox 3397 5388 3524 5459; x_wconf 80' lang='grc' dir='ltr'><strong>γάρ.</strong></span> 
     </span>
    </p>
   </div>
   <div class='ocr_carea' id='block_1_123' title="bbox 2133 5459 3202 5534">
    <p class='ocr_par' dir='ltr' id='par_1_123' title="bbox 2133 5459 3202 5534">
     <span class='ocr_line' id='line_1_127' title="bbox 2133 5459 3202 5534; baseline -0.007 -16"><span class='ocrx_word' id='word_1_904' title='bbox 2133 5459 2245 5532; x_wconf 83' lang='lat'><strong>(95)</strong></span> <span class='ocrx_word' id='word_1_905' title='bbox 2287 5465 2360 5518; x_wconf 88' lang='lat' dir='ltr'>T6</span> <span class='ocrx_word' id='word_1_906' title='bbox 2390 5464 2533 5534; x_wconf 82' lang='lat' dir='ltr'><strong>Mon.</strong></span> <span class='ocrx_word' id='word_1_907' title='bbox 2565 5463 2695 5519; x_wconf 77' lang='lat' dir='ltr'><strong>Vide</strong></span> <span class='ocrx_word' id='word_1_908' title='bbox 2735 5466 2903 5518; x_wconf 86' lang='lat' dir='ltr'><strong>Arist.</strong></span> <span class='ocrx_word' id='word_1_909' title='bbox 2937 5481 2986 5518; x_wconf 88' lang='lat' dir='ltr'><strong>c.</strong></span> <span class='ocrx_word' id='word_1_910' title='bbox 3012 5465 3071 5534; x_wconf 64' lang='grc'><strong>2,</strong></span> <span class='ocrx_word' id='word_1_911' title='bbox 3099 5459 3202 5534; x_wconf 63' lang='grc' dir='ltr'><strong>δε.</strong></span> 
     </span>
    </p>
   </div>
   <div class='ocr_carea' id='block_1_124' title="bbox 2135 5528 3466 5604">
    <p class='ocr_par' dir='ltr' id='par_1_124' title="bbox 2135 5528 3466 5604">
     <span class='ocr_line' id='line_1_128' title="bbox 2135 5528 3466 5604; baseline -0.007 -16"><span class='ocrx_word' id='word_1_912' title='bbox 2135 5528 2244 5604; x_wconf 80' lang='grc'>(96)</span> <span class='ocrx_word' id='word_1_913' title='bbox 2273 5536 2414 5590; x_wconf 84' lang='grc' dir='ltr'>Μοιι.</span> <span class='ocrx_word' id='word_1_914' title='bbox 2465 5533 2551 5595; x_wconf 81' lang='grc' dir='ltr'>Ὠς</span> <span class='ocrx_word' id='word_1_915' title='bbox 2584 5535 2748 5602; x_wconf 84' lang='grc' dir='ltr'>μέρος</span> <span class='ocrx_word' id='word_1_916' title='bbox 2779 5536 2835 5587; x_wconf 84' lang='grc' dir='ltr'><strong>ὲν</strong></span> <span class='ocrx_word' id='word_1_917' title='bbox 2856 5533 3031 5604; x_wconf 79' lang='grc' dir='ltr'>ἐαυτῷ</span> <span class='ocrx_word' id='word_1_918' title='bbox 3054 5528 3128 5603; x_wconf 79' lang='grc' dir='ltr'>τῷ</span> <span class='ocrx_word' id='word_1_919' title='bbox 3162 5528 3466 5600; x_wconf 82' lang='grc' dir='ltr'>πράγματι,</span> 
     </span>
    </p>
   </div>
   <div class='ocr_carea' id='block_1_125' title="bbox 2130 5605 3109 5675">
    <p class='ocr_par' dir='ltr' id='par_1_125' title="bbox 2130 5605 3109 5675">
     <span class='ocr_line' id='line_1_129' title="bbox 2130 5605 3109 5675; baseline 0.002 -15"><span class='ocrx_word' id='word_1_920' title='bbox 2130 5608 2241 5675; x_wconf 88' lang='grc'>(97)</span> <span class='ocrx_word' id='word_1_921' title='bbox 2279 5606 2388 5658; x_wconf 86' lang='grc' dir='ltr'><strong>Ἀδ.</strong></span> <span class='ocrx_word' id='word_1_922' title='bbox 2420 5606 2475 5662; x_wconf 86' lang='grc' dir='ltr'>δέ</span> <span class='ocrx_word' id='word_1_923' title='bbox 2505 5605 2716 5661; x_wconf 84' lang='lat' dir='ltr'><strong>Monac.</strong></span> <span class='ocrx_word' id='word_1_924' title='bbox 3108 5612 3109 5616; x_wconf 69' lang='grc'><em>“</em></span> 
     </span>
    </p>
   </div>
  </div>
