3828 6202
160 154 260 220 ’165

971 157 1072 216 ΑΙ)
1102 143 1708 218 ’ᾹΜΡΠΙΙιΟἙΗΙΗΜ
1746 154 2093 219 OU/ESTIO
2131 160 2466 222 CXXXVII.

3300 166 3402 232 766

160 272 262 323 οὐκ
302 267 372 322 ἐν
406 268 818 337 ὑποκειμένῳ·
869 267 1123 321 οὐδέποτε
1175 268 1281 339 γὰρ
1316 269 1350 338 ἡ
1391 267 1550 319 οὐσία
1585 265 1732 336 εὑρί-

1838 265 2154 324 Substantia
2197 283 2378 326 autem
2430 281 2660 326 vocatur
2703 264 2805 328 non
2843 275 2898 329 in
2941 273 3213 344 subjecto;
3256 291 3398 331 nuu-

161 376 340 414 σκεται
359 361 420 414 ἐν
444 359 592 430 ἄλλῳ
616 361 727 413 τινὶ
757 361 892 430 πρὸς
920 359 1155 430 ὓπαρξιν
1173 360 1342 428 αὐτῆς
1367 357 1730 412 συντελοῦντι·

224 561 288 616 θ’.
332 559 411 612 Τὸ
462 561 521 612 δὲ
571 560 798 615 καθόλου
858 561 1075 629 λέγεται
1130 561 1258 615 καθ’
1286 560 1682 630 ὑποκειμένου
1713 579 1726 593 ·

158 657 238 708 ἀεὶ
265 657 376 723 γὰρ
410 655 472 708 τὸ
507 654 736 708 καθόλου
793 655 935 709 κατά
989 671 1134 718 τινος
1184 655 1545 724 ὑποκειμένου
1584 653 1731 725 αὑτῷ

160 748 577 814 κατηγορεῖται⁶
602 745 670 798 τὰ
726 745 783 797 δὲ
825 743 1028 814 μερικὰ
1067 745 1284 814 λέγεται
1324 747 1396 800 οὐ
1425 745 1554 798 καθ’
1581 748 1732 799 ὑπο-

159 838 431 906 κειμένου
479 838 586 890 ’ἀεὶ
609 837 719 906 γὰρ
742 836 813 890 τὰ
835 836 1049 909 μερικὰ
1097 838 1266 908 ἤγουν
1293 837 1362 890 τὰ
1402 837 1579 905 ἄτομα
1607 837 1728 889 κατ’

157 931 367 992 οὐδενὸς
449 929 814 994 ὑποκειμένου
883 931 1125 999 λέγεται.
1178 931 1291 984 Καὶ
1359 931 1482 982 ἐπεὶ
1547 929 1581 998 ἡ
1632 928 1730 997 μὲν

156 1023 310 1074 οὐσία
348 1020 599 1074 καλεῖται
629 1023 740 1074 οὐκ
771 1021 842 1073 ἐν
872 1021 1265 1088 ὑποκειμένῳ,
1292 1020 1354 1072 τὸ
1393 1021 1450 1072 δὲ
1501 1019 1726 1072 καθόλου

156 1115 278 1167 καθ’
309 1113 734 1182 ὑποκειμένου,
768 1113 904 1184 ὁμοῦ
939 1113 998 1166 τό
1027 1131 1086 1165 τε
1118 1115 1226 1167 οὑκ
1249 1113 1321 1166 ἐν
1355 1113 1730 1182 ὑποκειμένῳ

155 1209 242 1259 καὶ
275 1207 337 1258 τὸ
365 1208 497 1260 καθ’
529 1209 926 1274 ὑποκειμένου
946 1204 1358 1274 λαμϐανόμενον
1378 1221 1391 1233 ·
1433 1203 1544 1271 τὴν
1587 1208 1727 1256 καθ-

155 1301 300 1353 όλου
356 1299 578 1352 οὐσίαν
667 1299 885 1360 πάντως
923 1297 1212 1368 δηλώσειεν
1243 1313 1255 1325 ·
1311 1291 1420 1350 οἷον
1463 1296 1539 1358 ὡς
1566 1297 1728 1367 ζτύπῳ

153 1393 325 1444 εἰπεῖν
346 1392 442 1444 τὸν
473 1391 698 1445 καθόλου
724 1391 1010 1462 ἄνθρωπον
1034 1408 1048 1422 ·
1078 1393 1106 1444 ό
1134 1390 1240 1460 γὰρ
1267 1391 1496 1444 καθόλου
1519 1390 1729 1460 ἄνθρω-

152 1502 247 1548 πος
283 1485 410 1538 καθ’
464 1485 822 1544 ὑποκειμένου
865 1483 962 1551 μὲν
988 1484 1098 1555 (98)
1154 1483 1373 1551 λέγεται
1426 1481 1522 1535 τοῦ
1583 1500 1728 1547 τινος

149 1578 463 1648 ἀνθρώπου,
509 1569 620 1630 οἷον
668 1577 952 1640 Πλάτωνος
1017 1576 1050 1646 ἢ
1101 1576 1262 1630 ἄλλου
1311 1575 1454 1638 τινὸς
1481 1574 1615 1645 (99),
1672 1577 1730 1629 ὲν

151 1671 499 1740 ὑποκειμένῳ
531 1671 586 1722 δὲ
645 1670 744 1722 οὑκ
807 1670 922 1722 ἔστι
949 1685 966 1699 ⁸
1009 1669 1078 1722 τὰ
1117 1668 1228 1738 γὰρ
1275 1670 1334 1721 ἐν
1391 1667 1732 1738 ὑποκειμένῳ

150 1763 540 1832 συμϐεϐηκότα
569 1761 808 1829 ἐλέγετο.
847 1762 1019 1816 Πάλιν
1050 1763 1173 1814 ἐπεὶ
1217 1762 1276 1815 τὸ
1313 1762 1411 1830 μὲν
1450 1761 1729 1833 συμϐεϐη-

148 1859 238 1920 κὸς
274 1857 525 1909 ἐκαλεῖτο
571 1857 640 1908 ἑν
684 1856 1081 1922 ὑποκειμένῳ,
1133 1855 1194 1907 τὸ
1241 1855 1298 1907 δὲ
1335 1854 1567 1908 καθόλου
1599 1857 1729 1908 καθ’

145 1949 572 2019 ὑποκειμένου,
621 1946 758 2017 ὁμοῦ
805 1947 864 2000 τό
903 1965 961 1998 τε
1008 1948 1079 2000 ἐν
1135 1945 1506 2016 ὑποκειμένῳ
1551 1947 1646 1999 καὶ
1675 1945 1734 1998 τὸ

146 2045 276 2097 καθ’
335 2041 742 2110 ὑποκειμένου
800 2040 1300 2110 λαμϐανόμενον(1)
1357 2041 1422 2093 τὸ
1470 2043 1732 2094 καθόλου

144 2132 531 2202 συμϐεϐηκὸς
589 2130 806 2193 πάντως
852 2131 1144 2199 δηλώσειεν
1173 2147 1188 2161 ο
1268 2129 1378 2184 οἷον
1445 2133 1520 2193 ὼς
1575 2129 1733 2200 τύπῳ

143 2229 200 2280 τὸ
231 2226 476 2280 καθόλου
507 2223 704 2296 χρῶμα
735 2239 749 2252 ·
782 2225 843 2276 τὸ
880 2224 989 2292 γὰρ
1016 2225 1246 2277 καθόλου
1272 2224 1476 2294 χρῶμα
1493 2224 1568 2294 (2)
1608 2225 1731 2277 καθ’

145 2319 514 2388 ὑποκειμένου
546 2318 643 2387 μὲν
668 2319 744 2386 (5)
802 2316 1021 2384 λέγεται
1072 2317 1164 2370 τοῦ
1219 2335 1366 2376 τινος
1421 2316 1729 2387 χρώματος,

143 2407 249 2463 οἷον
274 2409 437 2462 τοῦδε
470 2408 564 2460 τοῦ
595 2407 812 2469 λευκοῦ,
847 2407 982 2460 ἀλλὰ
1012 2407 1103 2459 καὶ
1132 2409 1192 2460 ὲν
1218 2407 1562 2477 ὑποκειμένῳ
1587 2409 1734 2460 ἐστὶν

145 2502 215 2565 ὥς
254 2504 318 2554 ἐν
353 2501 589 2570 σώματι,
646 2497 757 2553 οἷον
800 2501 858 2552 ἐν
897 2500 1034 2570 χιόνι
1059 2500 1136 2570 (4)
1172 2500 1204 2570 ἣ
1253 2499 1398 2570 ἄλλῳ
1446 2500 1575 2552 τινί.
1611 2501 1732 2554 Ἔτι

142 2599 196 2651 δὲ
222 2599 356 2651 ἐπεὶ
395 2598 458 2650 τὸ
487 2599 710 2668 μερικὸν
739 2597 987 2649 ἐκαλεῖτο
1043 2599 1115 2650 οὑ
1144 2596 1272 2650 καθ’
1307 2596 1730 2666 ὑποκειμένου,

145 2692 176 2760 ὴ
209 2691 269 2743 δὲ
301 2690 464 2742 οὐσία
490 2692 602 2742 οὐκ
633 2690 703 2742 έν
737 2691 1110 2758 ὑποκειμένῳ
1132 2729 1148 2752 ,
1183 2687 1322 2758 ὁμοῦ
1347 2688 1408 2740 τό
1429 2706 1488 2741 τε
1515 2691 1626 2742 οὑκ
1664 2689 1734 2741 ἐν

144 2786 529 2850 ὑποκειμένῳ
559 2783 650 2837 καὶ
676 2785 738 2835 τὸ
769 2786 839 2838 οὑ
884 2783 1012 2837 καθ’
1057 2780 1460 2850 ὑποκειμένου
1492 2781 1607 2850 τὴν
1629 2799 1733 2850 με·

141 2877 332 2945 ρικὴν
370 2875 592 2929 οὐσίαν
624 2875 838 2936 πάντως
864 2873 1158 2942 δηλώσειεν
1189 2888 1202 2903 ⁸
1232 2865 1342 2924 οἷον
1370 2872 1446 2934 ὡς
1476 2870 1632 2940 τύπῳ
1654 2870 1728 2940 (5)

1834 374 1998 430 quam
2029 362 2174 415 enim
2206 364 2515 418 substantia
2549 366 2822 420 invenitur
2845 367 2913 422 .in
2962 367 3074 422 alio
3117 369 3400 440 quopiam,

1833 455 1976 524 quod
2004 456 2071 510 ad
2096 456 2510 512 subsistentiam
2536 458 2658 528 ejus
2686 459 2956 514 conferat.
3185 526 3190 530 ῳ

1900 548 1954 603 9.
1995 549 2322 606 Uuiversale
2352 551 2552 606 dicitur
2591 553 2656 606 de
2697 554 2960 620 subjecto;
2997 569 3214 624 semper
3251 555 3400 610 enim

1833 641 2141 696 universale
2200 643 2268 696 de
2325 644 2510 712 aliquo
2583 645 2686 714 ipsi
2747 645 2992 713 subjecto
3053 649 3402 716 praedicatur.

1831 735 2189 790 Particularia
2215 736 2473 792 dicuntur
2497 754 2598 790 non
2631 739 2694 791 de
2722 739 2990 806 subjecto;
3020 755 3240 809 semper
3256 741 3401 794 enim

1829 829 2175 896 particularia
2206 829 2323 885 sive
2359 829 2638 885 individua
2667 831 2734 884 de
2762 831 2910 884 nullo
2941 831 3188 900 subjecto
3212 832 3400 886 dicun-

1830 926 1938 971 tur.
1971 918 2039 972 Et
2079 919 2207 987 quia
2263 920 2569 975 substantia
2608 931 2842 976 vocatur
2895 938 2997 974 non
3049 923 3106 975 in
3147 923 3400 992 subjecto,

1831 1009 2138 1063 universale
2168 1026 2297 1064 vero
2327 1013 2392 1066 de
2409 1012 2668 1081 subjecto,
2698 1015 2810 1068 haac
2839 1014 2968 1080 duo,
3003 1031 3106 1068 non
3133 1015 3188 1068 in
3226 1015 3401 1082 subje-

1831 1109 1911 1154 cto
1942 1112 1994 1156 et
2019 1103 2084 1156 de
2114 1103 2370 1171 subjecto,
2421 1106 2588 1160 simul
2634 1117 2850 1176 sumpta
2893 1109 3248 1163 uniuersalem
3279 1111 3406 1162 sub-

1829 1195 2107 1261 stantiam,
2133 1195 2532 1266 designabunt;
2573 1200 2722 1253 verbi
2753 1201 2924 1268 gratia
2969 1201 3248 1254 hominem
3286 1200 3407 1254 uni-

1829 1283 2112 1337 versaliter
2172 1295 2489 1354 sumptum;
2545 1288 2708 1341 homo
2769 1289 2912 1342 enim
2977 1290 3279 1344 universim
3337 1290 3406 1344 de

1830 1372 2076 1440 subjecto
2108 1376 2326 1443 quidem
2370 1377 2592 1443 dicitur,
2649 1379 2861 1434 scilicet
2902 1383 2968 1434 de
3007 1381 3228 1435 homine
3263 1396 3407 1449 quo-

1829 1466 1974 1532 dam,
2025 1475 2084 1520 ut
2127 1468 2193 1521 de
2231 1467 2454 1523 Platone
2477 1471 2562 1523 vel
2607 1472 2674 1524 de
2721 1473 2848 1536 alio,
2885 1473 2936 1525 in
2993 1472 3237 1539 subjecto
3271 1488 3404 1526 vero

1836 1572 1944 1612 non
1991 1569 2116 1623 cst;
2165 1574 2287 1628 quae
2328 1562 2470 1615 enim
2526 1563 2579 1614 iu
2632 1564 2875 1632 subjecto
2922 1576 3052 1618 sunt
3098 1565 3403 1619 accidentia

1835 1659 1960 1704 ante
1983 1650 2126 1705 dicta
2160 1661 2309 1706 sunt.
2343 1651 2582 1708 Rursum
2607 1657 2864 1722 quoniam
2900 1656 3157 1711 accidens
3185 1655 3405 1710 diceba-

1835 1750 1923 1795 tur
1968 1742 2023 1794 in
2067 1741 2324 1810 subjecto,
2376 1743 2680 1798 universale
2726 1762 2844 1798 vero
2894 1750 2957 1799 de
3000 1747 3254 1816 subjecto,
3292 1749 3405 1802 haec

1833 1833 1941 1886 duo
1969 1833 2134 1888 simul
2174 1841 2415 1901 sumpta,
2449 1835 2570 1888 scil.
2612 1837 2666 1888 in
2699 1837 2932 1903 subjecto
2964 1845 3020 1890 et
3057 1839 3118 1890 de
3145 1837 3401 1906 subjecto,

1833 1925 2055 1976 omnino
2124 1924 2364 1977 accidens
2429 1925 2725 1978 universale
2782 1926 3185 1992 iudicaverint;
3241 1927 3394 1980 verbi

1833 2017 2008 2086 gratia
2038 2017 2401 2070 universalem
2442 2017 2705 2071 colorem.
2737 2016 2872 2071 Nam
2919 2017 3072 2072 color
3105 2018 3403 2072 universim

1833 2117 2085 2176 sumptus
2123 2109 2191 2163 de
2225 2108 2474 2178 subjecto
2503 2109 2705 2163 dicitur
2749 2109 3038 2177 cujusdam
3079 2109 3213 2163 certi
3253 2109 3406 2163 colo-

1833 2201 1932 2269 ris,
1966 2209 2096 2270 puta
2129 2201 2294 2270 hujus
2317 2201 2518 2255 coloris
2547 2201 2678 2265 albi,
2712 2202 2766 2254 in
2798 2202 3048 2269 subjecto
3083 2218 3212 2256 vero
3241 2204 3407 2257 etiam

1832 2303 1917 2348 est
1952 2285 2089 2346 utin
2125 2308 2374 2362 corpore,
2402 2293 2550 2346 velut
2582 2294 2635 2346 in
2670 2293 2793 2347 nive
2822 2295 2904 2348 vel
2941 2295 2998 2348 in
3044 2311 3102 2348 re
3139 2295 3243 2348 alia
3273 2311 3408 2363 qua-

1833 2386 2000 2456 piam.
2036 2385 2304 2440 Praeterea
2342 2387 2601 2455 quoniam
2649 2386 2980 2454 particulare
3023 2385 3410 2440 nominabatur

1834 2495 1937 2533 non
1975 2479 2037 2532 de
2086 2479 2342 2547 subjecto,
2379 2480 2685 2534 substantia
2712 2492 2840 2531 vero
2896 2494 3001 2532 non
3048 2479 3100 2531 in
3150 2478 3408 2546 subjecto,

1834 2574 1949 2628 haec
1992 2572 2102 2626 duo
2143 2573 2328 2637 simul,
2377 2589 2480 2626 non
2529 2572 2592 2625 de
2636 2570 2870 2640 subjecto
2928 2588 3019 2624 nec
3068 2573 3120 2624 in
3151 2571 3408 2640 subjecto,

1833 2666 2058 2722 omnino
2070 2666 2449 2733 particularem
2464 2666 2824 2720 substantiam
2848 2665 3170 2719 indicabunt
3189 2681 3204 2731 ;
3223 2680 3412 2718 excin-

1833 2760 1905 2830 pli
1937 2774 2103 2814 causa
2134 2759 2294 2812 talem
2328 2765 2382 2811 ει
2413 2757 2573 2810 talem
2605 2757 2906 2819 hominem,
2949 2757 3112 2809 talem
3158 2764 3214 2809 et
3246 2755 3406 2809 talem

1833 2853 2048 2908 bovem.
2085 2851 2232 2906 Nihil
2263 2850 2408 2904 enim
2436 2849 2705 2919 ejusmodi
2739 2849 2791 2902 in
2827 2848 3072 2916 subjecto
3124 2856 3207 2901 est
3241 2845 3408 2916 (quod

147 2971 349 3031 εἰπεῖν,
376 2969 470 3021 τὸν
501 2969 648 3020 δεῖνα
693 2967 977 3036 ἄνθρωπον
1007 2966 1039 3033 ἦ
1086 2965 1177 3018 τὸν
1212 2964 1358 3017 δεῖνα
1385 2963 1513 3033 βοῦν
1538 2980 1553 2994 ·
1585 2963 1737 3016 οὐδὲν

1839 2947 1986 3001 enim
2027 2946 2081 3000 in
2106 2945 2356 3013 subjecto
2389 2951 2492 3010 est,
2534 2941 2789 2997 accidens
2821 2955 2944 2996 esse
2976 2941 3410 2994 demonstratum

151 3061 260 3129 γὰρ
317 3059 430 3110 τῶν
484 3056 740 3109 τοιούτων
789 3057 910 3108 οὔτε
939 3054 1012 3124 (6)
1064 3057 1121 3107 ἐν
1175 3054 1522 3124 ὑποκειμένῳ
1588 3053 1734 3107 ἐστὶν

148 3149 330 3218 (τοῦτο
372 3150 484 3219 γὰρ
542 3145 886 3216 συμϐεϐηκὸς
936 3144 1152 3214 ἐδείχθη
1181 3140 1412 3215 [εῖναι]ι,
1439 3143 1563 3196 οὔτε
1614 3143 1734 3196 καθ’

150 3241 519 3312 ὑποκειμένου
549 3240 727 3307 (τοῦτο
748 3239 856 3310 γὰρ
885 3237 1024 3310 [τοῦ]
1049 3236 1279 3290 καθόλου
1307 3236 1523 3306 ἐδείχθη
1547 3231 1732 3304 εῖναι).

151 3337 274 3387 Ἔτι
308 3333 368 3386 δὲ
401 3330 527 3384 ἐπεὶ
543 3329 605 3382 τὸ
632 3327 855 3398 μερικὸν
884 3329 1130 3380 ἐκαλεῖτο
1154 3329 1226 3379 οὑ
1259 3325 1386 3379 καθ’
1422 3323 1736 3393 ὑποκειμέ-

147 3446 279 3492 νου,
311 3426 376 3478 τὸ
397 3423 454 3477 δὲ
481 3441 542 3476 συ
554 3422 828 3493 μϐεϐηκὸς
848 3421 918 3474 ἐν·
937 3418 1333 3488 ὑποκειμένῳ,
1352 3417 1488 3489 ὁμοῦ
1517 3417 1578 3470 τό
1591 3434 1649 3470 τε
1668 3417 1738 3469 ἐν

147 3519 527 3589 ὑποκειμένῳ
543 3519 637 3570 καὶ
660 3518 720 3570 τὸ
742 3519 814 3570 οὑ
835 3517 962 3570 καθ’
978 3512 1382 3583 ὑποκειμένου
1411 3512 1478 3566 τὸ
1489 3511 1738 3580 μερικόν

148 3608 534 3681 συμϐεϐηκὸς
573 3608 894 3680 δηλώσειεν·
924 3602 1038 3661 οἷον
1069 3608 1144 3670 ὡς
1174 3605 1330 3676 τύπῳ
1352 3607 1551 3667 εἰπεῖν,
1575 3604 1735 3658 τοῦτο

147 3707 208 3757 τὸ
225 3705 424 3758 λευκὸν
452 3705 487 3773 ἢ
513 3702 674 3755 τοῦτο
699 3701 759 3754 τὸ
795 3701 961 3772 μέλαν
987 3719 1000 3733 ·
1031 3700 1190 3752 τοῦτο
1219 3698 1328 3770 γὰρ
1358 3697 1420 3751 τὺ
1445 3698 1639 3750 λευκὸν
1675 3698 1734 3748 ὲν

150 3796 370 3867 σώματι
403 3795 504 3867 μέν
559 3793 824 3859 ὲστίτινι,
865 3794 966 3845 οὐκ
996 3791 1113 3845 ἐστι
1143 3791 1200 3844 δὲ
1230 3790 1353 3845 καθ’
1373 3789 1734 3860 ὑποκειμένου

149 3905 294 3952 τινος
325 3904 341 3920 ⁸

1839 3039 1988 3110 fuit),
2020 3053 2194 3107 neque
2217 3038 2285 3090 de
2321 3036 2569 3104 subjecto
2587 3044 2670 3089 est
2701 3032 2866 3103 (quod
2895 3035 3040 3086 enim
3075 3031 3141 3085 de
3166 3027 3414 3098 subjecto

1839 3140 1944 3198 est,
1989 3129 2295 3184 universale
2328 3143 2451 3183 esse
2479 3123 3025 3195 demonstravimus).
3055 3122 3252 3177 Adhuc
3278 3137 3413 3176 vero

1839 3226 2101 3296 quoniam
2155 3223 2488 3293 particularc
2530 3219 2818 3275 dicebatur
2876 3234 2979 3271 non
3032 3217 3097 3270 de
3150 3215 3412 3284 subjecto,

1839 3319 2098 3375 accidens
2123 3333 2275 3378 vero,
2307 3317 2362 3368 in
2399 3313 2653 3381 subjecto,
2683 3312 2802 3365 haec
2836 3311 2966 3373 duo,
3001 3309 3058 3361 in
3097 3307 3332 3376 subjecto
3361 3315 3416 3359 et

1839 3429 1944 3466 non
1991 3413 2053 3464 de
2099 3409 2338 3478 subjecto
2384 3404 2627 3458 accidens
2679 3400 3007 3470 particulare
3040 3398 3412 3461 denotabunt;

1840 3507 1988 3561 verbi
2021 3505 2198 3575 gratia
2229 3504 2332 3556 hoc
2360 3501 2542 3554 album
2575 3498 2654 3550 vel
2688 3499 2790 3550 hoc
2825 3495 3077 3564 nigrum;
3129 3493 3235 3546 hoc
3268 3492 3415 3545 enim

1838 3599 2022 3653 album
2072 3597 2126 3650 in
2172 3608 2404 3664 corpore
2437 3591 2676 3661 quodam
2725 3597 2829 3650 est,
2875 3603 2979 3642 non
3035 3601 3166 3640 vero
3216 3593 3301 3639 est
3347 3583 3418 3636 de

1840 3691 2090 3760 subjecto
2131 3689 2399 3758 quodam;
2444 3699 2572 3737 nam
2607 3680 2754 3750 quod
2794 3681 2861 3734 de
2910 3678 3162 3748 subjecto
3191 3685 3272 3730 est
3298 3675 3418 3729 uni-

1837 3783 2054 3840 versale
2077 3795 2199 3835 esse
2232 3789 2519 3834 ostensum
2547 3784 2650 3829 est.
2691 3773 2796 3828 Sed
2820 3775 2887 3827 de
2920 3772 3007 3825 his
3043 3771 3330 3825 hactenus.

391 3864 454 3942 τὸ
506 3887 615 3959 γὰρ
648 3885 772 3941 καθ’
821 3884 1182 3956 ὑποκειμένου
1233 3882 1467 3937 καθόλου
1520 3881 1736 3953 ἐδείχθη
1762 3880 1924 3936 εἶναι.
1964 3877 2108 3933 Ἀλλ’
2131 3874 2222 3928 ἐπὶ
2249 3873 2505 3926 τοσοῦτον
2542 3869 2640 3938 μὲν
2670 3869 2799 3938 περὶ
2844 3865 3048 3921 τούτων
3072 3864 3173 3935 (7).

1706 4011 1939 4068 NOTAE.

224 4138 340 4210 (98)
373 4138 491 4210 Μέν
521 4137 678 4210 deest
696 4133 925 4210 injlon.
945 4131 1050 4210 ἐς,
1069 4131 1238 4210 Alis}.
1268 4147 1321 4187 c.
1349 4131 1404 4210 ε,
1429 4129 1455 4201 §
1480 4129 1533 4184 ε.

224 4197 335 4280 (99)
370 4208 519 4263 Men.
545 4209 668 4280 add.
706 4226 720 4260 :
760 4206 870 4259 Καὶ
898 4202 1006 4272 γὰρ
1031 4203 1058 4254 ὁ
1091 4201 1317 4256 Πλάτων
1370 4197 1730 4270 ὑποκείμενόν

153 4279 323 4345 ἐστιν,
349 4281 407 4331 ἐν
441 4280 538 4331 ὑπ.
571 4279 628 4330 δέ
659 4286 719 4331 ιιι
745 4289 931 4345 supra.

228 4343 315 4421 (1)
332 4351 584 4421 ᾼαμδαν.
612 4349 762 4421 deest
791 4343 845 4400 in
876 4343 1024 4421 Men.

342 4411 490 4473 Mo'u.
528 4439 540 4473 :
580 4418 820 4489 Χρῶμα·
856 4413 950 4468 τοῦ
977 4413 1058 4484 (το
1081 4415 1204 4469 καθ’
1227 4411 1416 4482 ὑποκ.)

228 4493 304 4560 (5)
331 4492 447 4544 Μέν
471 4488 704 4560 όεεειίὶιι
735 4488 881 4543 Mou.

233 4551 305 4633 (4)
333 4561 480 4617 Μοιι.
506 4555 632 4614 Οἷον
654 4560 727 4624 ὡς
759 4562 814 4614 ἐν
846 4559 1056 4634 σώματι
1081 4556 1115 4629 ἦ
1139 4557 1196 4608 ὲν
1220 4555 1288 4626 τῇ
1324 4551 1482 4623 χιόνι.

1141 4670 1263 4724 καθ’
1297 4666 1661 4738 ὑποκειμένου

1031 5058 1102 5111 ill
1132 5057 1195 5109 τὸ
1225 5054 1387 5112 καθό-

1171 5126 1262 5180 λου

1047 5196 1391 5269 συμϐεϐηκὸς

1118 5591 1177 5642 ὲν
1207 5581 1552 5655 ὑποκειμένῳ

1395 4761 1405 4816 l
1518 4795 1563 4839 κ
2008 4788 2098 4873 ᾖδε,

1554 4840 1699 4978 giae
1903 4865 2034 4970 (96%

1678 4964 1776 5068 ἢ,
1835 4964 1924 5050 es“

1750 5061 1815 5118 εδδ

1685 5127 1765 5203 0d.

1571 5196 1692 5302 ‘0‘£0
1707 5207 1720 5219 ~
1929 5224 2014 5304 ⁸άὸ
2197 5200 2198 5237 Τ

1493 5289 1598 5381 xx“
1654 5367 1662 5374 .
2000 5282 2053 5348 τά

1910 4126 1987 4196 (5)
2019 4125 2167 4180 Μοη.
2200 4125 2289 4179 hic
2325 4133 2383 4196 ut
2410 4122 2628 4196 et__alias
2657 4123 2718 4196 ἐν
2740 4117 2918 4196 τύπῳ.

1929 4186 1984 4262 6)
2018 4195 2155 4250 Οῠτε
2185 4198 2339 4250 deest
2369 4194 2422 4248 in
2455 4191 2602 4256 Vat.,
2628 4192 2720 4262 sed
2756 4186 2950 4262 legitur
2978 4188 3032 4242 in
3058 4186 3273 4262 Monac.

1929 4201 1984 4262 6)
2018 4201 2155 4250 Οῠτε
2185 4201 2339 4250 deest
2369 4201 2422 4248 in
2460 4201 2602 4256 Vat.,
2628 4201 2720 4245 sed
2756 4201 2950 4260 legitur
2979 4204 3032 4242 in
3058 4201 3273 4242 monac.

1906 4201 1986 4338 (7)
2019 4269 2145 4322 Haec
2174 4263 2558 4338 ultiumverba
2607 4261 2724 4314 ἀλλ’
2754 4291 2822 4338 -_—
2853 4259 3083 4338 cou'vwv
3109 4259 3325 4338 ιίεειιιιιιΔ
3358 4258 3413 4338 in

1835 4327 1984 4394 Mon'.
2011 4338 2346 4406 Explanatur
2370 4337 2469 4390 hoc
2498 4331 2858 4406 paragrapho.
2884 4331 3109 4406 A_ris_tot.
3135 4343 3185 4382 ε.
3205 4329 3261 4391 2,
3301 4327 3412 4406 ἐξ.

1835 4407 1892 4464 In
1926 4409 2068 4462 Mon.
2095 4399 2217 4462 eod.
2256 4409 2291 4459 Γ.
2320 4406 2410 4470 57,
2438 4399 2514 4467 a,'
2553 4405 2606 4458 iu
2638 4399 2934 4457 'Ammouii
2987 4399 3414 4454 Commentariis

1844 4481 1949 4535 hoc
1972 4481 2245 4534 schemate
2268 4477 2568 4532 illustratur
2598 4473 2744 4543 quod
2773 4473 2976 4534 dictum
3009 4478 3094 4528 est
3117 4507 3133 4526 .

2017 4661 2080 4716 οὑ
2113 4660 2240 4715 καθ’
2266 4659 2629 4736 ὑποκειμένου

2218 5044 2282 5099 IV
2316 5044 2584 5130 ή,μξρικὴ

2321 5133 2498 5170 ουσια.

2054 5575 2153 5630 οὐκ
2191 5576 2250 5630 ἐν
2285 5574 2628 5647 ὑποκειμένῳ
