3826 6206
449 156 552 233 ⁵167

1595 172 1851 233 ΡΗΟΤΙῘ
1890 173 2389 234 ΡΑΤΒΙΑΗΟΗΕ
2402 170 2528 241 ξΟΡ.

3566 178 3664 243 768

515 280 602 336 10.
643 278 874 346 Quando
909 278 1040 337 itero
1068 281 1217 338 aliud
1244 282 1313 337 de
1352 281 1458 337 alio
1487 284 1814 352 praedicatur
1852 295 1913 338 ut
1938 284 1990 339 dt

2199 292 2251 340 t'.
2293 288 2461 342 Ὅταν
2524 290 2573 341 δ’
2620 289 2808 361 ἕτερον
2833 291 2956 344 καθ’
2990 282 3175 363 ἑτέρου
3205 292 3570 364 κατηγορῆται
3599 297 3668 360 ὡς

442 374 690 443 Subjecto
713 374 828 428 sive
859 375 1110 439 univo¢e,
1134 389 1474 446 quascunque
1499 376 1566 430 de
1595 378 1885 446 prmdicato
1917 377 2012 431 illo

440 469 733 535 dicuntur,
803 468 987 522 omnia
1051 468 1121 522 de
1179 466 1427 537 subjecto
1472 482 1690 538 quoque
1740 468 2009 523 dicentur.

445 550 601 613 Verbi
628 560 800 630 gratia
827 556 991 615 homo
1019 560 1349 629 praedicatur
1381 560 1448 614 de
1478 559 1581 615 hoc
1615 568 1767 615 certo
1794 561 2014 616 homine

441 649 659 719 (Petrus
683 661 769 706 est
802 652 1015 721 homo),
1044 652 1246 706 animal
1285 666 1416 707 vero
1446 652 1513 706 de
1540 652 1761 706 homine
1797 653 2013 723 simpli-

438 741 610 809 citer;
662 744 954 798 manifeste
1014 758 1147 813 ergo
1199 752 1253 797 et
1311 745 1376 799 de
1431 752 1584 799 certo
1636 744 1742 797 hoc
1788 743 2012 799 homine

437 832 636 885 animal
662 834 1066 901 pmdicandttnt
1090 835 1192 888 erit
1216 834 1438 905 (Petrus
1475 842 1559 888 est
1588 833 1836 888 animal).
1870 834 2008 888 Nam

436 930 620 977 certus
640 925 872 994 quilibet
890 922 1054 979 homo
1078 934 1133 979 et
1162 927 1324 979 homo
1351 934 1401 979 et
1433 925 1637 978 animal
1658 935 1757 979 est.
1779 926 2009 991 Quando

438 1027 566 1067 vero
615 1030 723 1069 non
784 1019 1014 1071 univoce
1054 1017 1182 1086 quid
1233 1017 1300 1071 de
1352 1017 1461 1071 alio
1516 1018 1862 1088 prtedicalur,
1912 1017 2007 1073 sed

435 1108 755 1173 aaqui'voce,
816 1108 1036 1162 minime
1090 1123 1316 1163 necesse
1366 1118 1481 1175 est,
1540 1110 1721 1163 omnia
1776 1127 1898 1180 quae
1942 1112 2009 1166 de

434 1197 725 1265 praedicata
747 1199 1025 1261 dicuntur,
1052 1198 1165 1253 haec
1197 1210 1250 1254 ct
1277 1201 1345 1255 de
1376 1201 1623 1270 subjecto
1649 1202 1782 1257 dici.
1813 1202 2007 1257 Exem—

432 1286 507 1357 pli
564 1287 735 1357 gratia
772 1306 785 1341 :
821 1289 1015 1342 Album
1070 1291 1398 1359 praedicatur
1441 1295 1722 1363 aequivoce
1773 1295 1839 1348 dc
1882 1310 2006 1347 cor-

432 1393 600 1449 pore;
640 1381 822 1435 album
888 1382 1033 1437 enim
1087 1398 1286 1453 corpus
1340 1386 1573 1453 dicitur;
1634 1388 1775 1440 ratio
1824 1397 2003 1442 autem

432 1486 537 1540 qua
579 1472 837 1527 deﬁnitur
862 1475 1070 1540 album,
1100 1477 1251 1530 nullo
1273 1478 1437 1532 modo
1465 1479 1680 1548 corpori
1713 1479 2001 1548 congruit;

428 1574 514 1619 est
546 1566 689 1620 enim
721 1565 964 1621 deﬁnitio
1004 1568 1111 1621 albi
1160 1569 1314 1622 color
1345 1579 1400 1623 et
1446 1570 1551 1624 alia
1584 1570 1856 1640 quaedam,
1886 1586 2005 1626 cor-

430 1669 533 1724 pus
560 1670 691 1710 vero
722 1672 828 1711 non
862 1673 984 1712 esse
1013 1658 1247 1713 colerem
1283 1660 1629 1715 manifestum
1655 1673 1757 1717 ρει.

494 1741 585 1796 11.
628 1741 829 1798 Verum
882 1756 936 1799 et
988 1747 1095 1800 hoe
1145 1748 1289 1803 scire
1334 1759 1570 1819 oportet,
1622 1768 1836 1821 eorum,
1880 1772 2001 1826 quae

428 1843 559 1889 sunt
589 1835 791 1891 diversi
819 1839 1036 1907 generis
1089 1854 1190 1894 nec
1218 1841 1319 1895 sibi
1355 1842 1585 1896 invicem
1618 1846 1996 1914 subordinata,

428 1926 670 1983 diversas
700 1937 753 1982 et
783 1930 964 1999 specie
995 1946 1119 1987 esse
1149 1931 1507 2000 dill‘erentias,
1543 1936 1710 1991 veluti
1742 1939 1999 1996 animalis

427 2028 479 2072 et
526 2020 800 2088 scientias;
858 2023 1111 2078 animalis
1161 2025 1304 2079 enim
1365 2026 1683 2084 dill‘erentia:
1742 2041 2001 2088 terrestre

380 2104 385 2109 ’
426 2111 722 2182 (pedestre)
774 2123 829 2169 et
875 2116 1145 2184 aquatile;
1210 2118 1455 2173 scientia:
1504 2135 1632 2175 vero
1675 2123 1810 2176 nihil
1856 2124 2000 2194 ejus-

425 2200 613 2267 modi;
664 2218 842 2272 neque
890 2206 1036 2258 enim
1085 2206 1315 2261 scientia
1355 2222 1385 2262 a
1439 2209 1667 2265 scientia
1718 2211 1900 2268 din‘art
1933 2227 1999 2269 co

425 2295 569 2363 quod
600 2294 779 2349 altera
816 2297 886 2351 sit
912 2296 1087 2365 bipes.

495 2383 585 2465 12.
624 2383 897 2441 Praterea
938 2403 1128 2443 eorum
1155 2404 1277 2459 qua:
1320 2392 1529 2460 absque
1572 2395 1861 2465 complexu
1913 2396 1996 2451 di-

423 2463 639 2540 cuntur,
672 2475 816 2531 aliud
845 2488 932 2533 est
981 2481 1309 2548 substantia,
1346 2484 1492 2538 aliud
1519 2463 1817 2555 quantitas,
1848 2489 1995 2543 aliud

420 2564 683 2633 qualitas,
738 2566 885 2621 aliud
932 2569 1145 2632 relatio,
1196 2571 1339 2626 aliud
1390 2573 1504 2639 ubi,
1554 2575 1700 2629 aliud
1750 2580 1993 2646 quando,

419 2656 565 2710 aliud
598 2658 758 2724 situs,
803 2659 948 2713 aliud
995 2662 1213 2725 habere,
1269 2663 1414 2719 aliud
1448 2682 1627 2736 agerc,
1683 2669 1827 2724 aliud
1861 2673 1992 2740 pati.

419 2746 486 2802 Et
512 2749 819 2805 substantia
850 2753 1069 2823 quidem
1097 2766 1181 2810 est
1202 2756 1349 2811 verbi
1379 2760 1553 2829 gratia
1575 2761 1760 2826 homo,
1786 2776 1992 2833 equus;

416 2842 697 2910 quantitas
727 2859 857 2899 vero
894 2845 1209 2913 bicubitale,
1249 2850 1598 2921 tricubitale;
1634 2855 1872 2923 qualitas
1910 2865 1995 2909 est

2114 380 2235 432 καθ’
2263 379 2624 450 ὑποκειμένου
2669 384 2837 452 ῆγουν
2884 387 3233 454 συνωνύμως,
3274 386 3375 439 ὅσα
3419 386 3559 439 κατὰ
3586 387 3669 441 τοῦ

2114 477 2587 546 κατηγορουμένου
2620 477 2861 545 λέγεται,
2902 477 3076 530 πάντα
3107 478 3200 531 καὶ
3236 478 3379 532 κατὰ
3426 479 3524 531 τοῦ
3548 480 3670 532 ὑπο-

2113 566 2364 636 κειμένου
2389 566 2481 637 (8)
2508 568 2838 639 meamm-
2871 562 2985 621 οἷον
3040 568 3328 641 ἄνθρωπος
3358 574 3671 640 κατηγορεῖ-

2110 675 2200 710 ται
2240 658 2332 712 τοῦ
2348 676 2494 723 τινος
2521 660 2829 731 ἀνθρώπου,
2866 660 2926 712 τὸ
2944 660 3001 712 δὲ
3026 659 3161 724 ζῶον
3182 661 3325 713 κατὰ
3351 661 3446 711 τοῦ
3480 660 3672 730 ἀνθρὼ-

2111 760 2214 797 που
2244 746 2339 799 κα)⁸
2366 746 2524 817 δῆλον
2544 749 2626 819 ὅτι
2649 748 2724 818 (9)
2763 749 2859 800 καὶ
2900 747 3044 801 κατὰ
3076 748 3168 800 τοῦ
3219 766 3367 813 τινος
3392 749 3670 821 ἀνθρώπου

2108 836 2171 889 τὸ
2203 835 2343 901 ζῶον
2369 840 2874 912 κατηγορηθήσεται
2900 855 2915 872 ο
2946 842 2974 893 ό
3011 841 3119 912 γάρ
3160 858 3245 905 τις
3274 843 3567 912 ἄνθρωπος
3588 846 3673 897 καὶ

2108 931 2393 1001 ἄνθρωπός
2424 934 2540 985 ἐστι
2591 933 2685 984 καὶ
2736 933 2893 995 ζῶον.
2948 932 3117 986 Ὅταν
3147 932 3205 984 δὲ
3238 934 3315 1003 μὴ
3350 934 3672 1004 συνωνύμως

2109 1023 2483 1093 κατηγορῆταί
2527 1040 2581 1075 τι
2637 1025 2777 1077 κατά
2823 1040 2969 1087 τινος
2992 1024 3126 1095 (10),
3184 1023 3302 1076 ἀλλ’
3353 1026 3668 1096 ὁμωνύμως,

2108 1114 2207 1165 οὐκ
2239 1114 2472 1184 ἀνάγκη,
2512 1114 2611 1168 ὅσα
2642 1115 2784 1168 κατὰ
2815 1115 2908 1167 τοῦ
2939 1117 3427 1186 κατηγορουμένου
3448 1116 3668 1185 λέγεται,

2107 1204 2342 1257 τοσαῦτα
2372 1206 2483 1276 (11)
2514 1207 2609 1260 καὶ
2650 1206 2791 1259 κατὰ
2833 1205 2928 1259 τοῦ
2974 1208 3335 1277 ὑποκειμένου
3386 1208 3667 1276 λέγεσθαι·

2105 1289 2352 1365 οἶον·(1ἓ)
2385 1295 2448 1349 τὸ
2472 1296 2663 1351 λευκὸν
2690 1299 3073 1368 κατηγορεῖται
3103 1297 3417 1368 ὁμωνύμως
3454 1301 3549 1353 τοῦ
3576 1300 3670 1353 orb-

2109 1402 2273 1456 ματος
2301 1402 2315 1416 ο
2346 1385 2537 1439 λευκὸν
2566 1389 2674 1459 γὰρ
2704 1388 2863 1457 σῶμα
2892 1388 3109 1455 λέγεται
3136 1405 3150 1419 ·
3199 1391 3227 1442 ὁ
3249 1389 3307 1443 δὲ
3338 1390 3548 1458 λόγοςὸ
3589 1394 3670 1445 ἐπὶ

2104 1477 2197 1530 τοῦ
2229 1476 2423 1531 λευκοῦ
2457 1480 2568 1547 (15)
2596 1479 2850 1533 οὐδέποτε
2880 1481 3112 1552 ἁρμόσει
3141 1482 3234 1535 ἐπὶ
3258 1482 3354 1536 τοῦ
3394 1483 3665 1554 σώματος’

2106 1568 2224 1623 ἔστι
2260 1570 2367 1641 γὰρ
2390 1572 2419 1623 ὁ
2447 1570 2601 1640 λόγος
2627 1571 2790 1625 αὐτοῦ
2829 1573 3024 1643 χρῶμα
3069 1575 3162 1627 καὶ
3196 1575 3333 1628 ἄλλα
3354 1576 3500 1642 τινὰ,
3538 1578 3597 1630 τὸ
3617 1578 3665 1630 δὲ

2033 1647 2076 1702 Β
2106 1659 2263 1730 σῶμα
2291 1661 2525 1732 φανερὸν
2549 1664 2633 1715 ὅτι
2666 1664 2765 1715 οὐκ
2794 1662 2909 1717 ἐστι
2936 1663 3133 1734 χρῶμα
3182 1665 3317 1735 (14).

2174 1756 2264 1802 ια’.
2306 1753 2397 1802 Δεῖ
2435 1751 2490 1803 δὲ
2524 1752 2619 1805 καὶ
2662 1752 2818 1805 τοῦτο
2854 1754 3079 1821 ειδέναι,
3105 1755 3322 1809 ὅτιτῶν
3346 1759 3666 1829 ἑτερογενῶν

2102 1841 2196 1894 καὶ
2225 1842 2301 1914 μὴ
2332 1841 2422 1895 ὑπ’
2450 1843 2656 1914 ἄλληλα
2710 1846 3058 1916 τεταγμένων
3096 1847 3279 1918 ἕτεραι
3308 1848 3392 1919 τῷ
3417 1850 3551 1903 εῖδει
3582 1854 3664 1903 καὶ

2102 1933 2158 1985 αἱ
2187 1934 2480 2005 διαφοραί·
2525 1930 2638 1989 οἷον
2685 1936 2824 2001 ζώου
2870 1939 2965 1992 καὶ
2999 1941 3328 2011 ἐπιστήμης.
3380 1942 3534 1996 Ζώου
3576 1943 3663 2013 μιν

2102 2025 2210 2095 γὰρ
2252 2027 2506 2097 διαφοραὶ
2542 2027 2605 2080 τὸ
2654 2028 2816 2093 πεζὸν
2851 2031 2947 2084 καὶ
2980 2030 3043 2084 τὸ
3075 2031 3322 2103 ἔνυδρον,
3364 2033 3660 2106 ἐπιστήμης

2100 2117 2154 2169 δὲ
2186 2117 2409 2186 οὐδεμία
2439 2117 2645 2172 τούτων
2665 2135 2678 2148 ·
2711 2121 2772 2173 οὐ
2821 2121 2932 2191 γὰρ
2963 2121 3208 2194 διαφέρει
3238 2125 3528 2197 ἐπιστήμη
3555 2130 3660 2182 ἔπιε

2102 2210 2318 2280 στήμης
2343 2210 2421 2281 τῷ
2448 2210 2635 2276 δίπους
2664 2209 2804 2267 εἶναι
2831 2216 2964 2285 (ib).

2171 2388 2260 2459 ιβ’.
2306 2391 2425 2443 Ἔτι
2466 2392 2648 2446 τοίνυν
2688 2394 2799 2448 τῶν
2853 2395 3022 2469 χωρὶς
3072 2398 3398 2469 συμπλοκῆς
3449 2401 3659 2473 λεγομέ-

2099 2499 2205 2535 νων
2235 2482 2344 2554 (16)
2382 2484 2443 2536 τὸ
2498 2485 2598 2555 μέν
2645 2487 2793 2540 ἐστιν
2842 2489 3023 2553 οὐσία,
3070 2490 3129 2543 τὸ
3178 2490 3233 2543 δὲ
3273 2493 3463 2557 ποσὸν,
3514 2494 3571 2547 τὸ
3610 2494 3657 2546 δὲ

2099 2574 2271 2637 ποιὸν,
2311 2576 2372 2626 τὸ
2416 2574 2473 2628 δὲ
2510 2577 2646 2644 πρός
2685 2594 2773 2641 τι,
2804 2579 2867 2632 τὸ
2908 2580 2963 2632 δὲ
2993 2579 3127 2645 ποῦ,
3160 2580 3220 2635 τὸ
3245 2583 3301 2635 δὲ
3335 2583 3498 2648 ποτὲ,
3524 2585 3581 2637 τὸ
3608 2585 3655 2637 δὲ

2098 2664 2342 2729 κεῖσθαι,
2389 2666 2450 2719 τὸ
2482 2667 2539 2720 δὲ
2587 2668 2751 2739 ἔχειν,
2799 2670 2860 2723 τὸ
2895 2670 2953 2723 δὲ
2999 2675 3194 2739 ποιεῖν,
3224 2674 3287 2727 τὸ
3328 2674 3385 2727 δὲ
3417 2676 3652 2747 πάσχειν.

2097 2756 2208 2807 Καὶ
2253 2756 2401 2809 ἔστιν
2455 2758 2611 2813 οὐσία
2659 2761 2758 2831 μὲν
2795 2755 2906 2816 οἷον
2940 2763 3259 2835 ἄνθρωπος,
3311 2767 3479 2831 ἵππος
3515 2770 3651 2839 (17)·

2098 2848 2261 2902 ποσὸν
2280 2848 2335 2901 δὲ
2367 2843 2480 2903 οἷον
2498 2851 2721 2922 δίπηχυ,
2748 2854 2985 2925 τρίπηχυ
3011 2874 3025 2888 ·
3052 2858 3202 2911 ποιὸν
3232 2853 3433 2925 δὲ,οἶον
3458 2861 3653 2927 λευκὸν,

415 2933 633 2999 album,
673 2939 1089 3006 grammaticum
1129 2956 1287 3008 esse,
1333 2943 1523 2999 relatio
1574 2960 1708 3001 vero
1765 2947 1988 3017 duplex,

2103 2944 2479 3012 γραμματικόν
2506 2945 2643 3014 (18)⁶
2668 2948 2803 3017 πρός
2836 2966 2886 3001 τι
2915 2949 2994 3013 δὲ,
3011 2945 3121 3003 οἷον
3143 2952 3450 3021 διπλάσιον,
3473 2957 3654 3027 ἥμισυ,

413 3025 743 3095 dimidium,
797 3030 1009 3098 majus;
1058 3031 1149 3087 ubi
1187 3033 1381 3107 (locus)
1426 3051 1479 3090 v.
1532 3054 1584 3108 ε.
1633 3037 1894 3107 Athenis,
1934 3040 1990 3095 in

2103 3032 2283 3102 μεῖζον
2307 3052 2321 3066 ·
2352 3034 2455 3089 ποῦ
2488 3035 2684 3102 δὲ,οἷον
2718 3042 2775 3092 ἐν
2794 3039 3063 3110 Ἀθήναις,
3096 3045 3153 3096 ἐν
3184 3025 3653 3118 ἁκαδημίᾳέγποτὲ

413 3118 734 3185 academia;
787 3122 1006 3190 quando
1053 3124 1311 3194 (tempus)
1352 3143 1364 3179 :
1414 3125 1529 3181 heri
1582 3143 1727 3184 anno
1771 3140 1992 3199 praeter—

412 3206 594 3277 lapso;
627 3208 810 3265 situs:
844 3226 899 3266 v.
947 3228 1028 3281 gr.
1070 3215 1241 3279 sedet,
1287 3218 1580 3285 consistit;
1627 3221 1847 3277 habitus
1883 3234 1986 3291 est,

412 3312 463 3350 v.
499 3313 582 3366 gr.
623 3299 949 3365 calceatum,
983 3305 1237 3359 vestitum
1271 3322 1431 3376 esse;
1473 3308 1651 3365 facere
1688 3329 1783 3367 seu
1829 3329 1990 3383 agere

409 3398 514 3454 est,
555 3405 609 3443 v.
638 3407 691 3461 ε.
733 3407 943 3461 secare,
990 3411 1183 3463 urere;
1226 3399 1335 3468 pati
1393 3416 1521 3454 vero
1558 3410 1663 3466 est,
1694 3405 1867 3458 secari
1907 3406 1987 3460 vel

409 3482 684 3536 comburi.
741 3482 1182 3559 Unumquodque
1223 3491 1390 3560 igitur
1425 3495 1620 3548 horum
1666 3497 1988 3567 simpliciter

408 3574 615 3627 dictum
664 3590 841 3645 neque
888 3580 1171 3637 veritatem
1222 3585 1498 3654 signiﬁcat
1534 3603 1713 3657 neque
1758 3592 1985 3645 menda-

411 3667 593 3735 cium;
626 3670 910 3741 complexa
939 3688 1069 3727 νει-ο
1103 3677 1170 3729 ad
1203 3678 1437 3732 invicem
1471 3680 1754 3735 veritatem
1779 3684 1987 3752 signiﬁ-

408 3768 535 3815 cant
556 3769 652 3816 aut
691 3763 1066 3831 mendacium;
1102 3767 1247 3822 verbi
1270 3770 1440 3837 gratia
1467 3787 1482 3823 :
1508 3770 1680 3827 llomo
1717 3774 1980 3842 ambulat,

406 3854 493 3906 vel
523 3853 672 3909 aliud
697 3855 979 3925 quidpiam
1011 3859 1304 3927 ejusmodi.
1338 3858 1774 3932 Propositionem
1798 3867 1979 3921 enim:

407 3940 511 3998 llic
538 3956 712 4001 certus
742 3948 899 4002 homo
928 3952 1166 4004 ambulat
1201 3963 1294 4008 aut
1321 3970 1505 4010 veram
1532 3969 1625 4012 aut
1645 3958 1835 4015 falsam
1856 3976 1978 4017 esse

403 4052 628 4094 necesse
654 4051 757 4094 est.

643 4130 974 4196 QU/ESTIO
1010 4132 1343 4192 CXXXVIII.
1387 4136 1718 4214 [CLXXIVJ

972 4229 1050 4282 De
1078 4230 1398 4285 substantia.

2091 3124 2171 3189 δὲ,
2193 3120 2305 3180 οἷον
2332 3128 2481 3199 χθὲς,
2517 3129 2736 3198 πέρυσι·
2760 3133 2969 3187 κεῖσθαι
3004 3131 3196 3201 δὲδοῖον
3226 3138 3487 3208 κάθηται,
3518 3143 3644 3197 ἵστα-

2090 3236 2180 3272 ται
2212 3232 2226 3249 “
2256 3219 2402 3290 ἔχειν
2434 3220 2515 3289 δὲ,
2548 3219 2661 3277 οἷον
2717 3225 3071 3283 ὑποδεδέσθαι
3119 3230 3271 3300 (10),
3319 3234 3654 3289 ὲνδεδῦσθαι·

2091 3312 2241 3364 ποεῖν
2271 3309 2467 3377 δὲ,οἷον
2494 3314 2734 3386 τέμνειν,
2763 3319 2967 3373 καίειν·
3009 3322 3240 3391 πάσχειν
3262 3318 3462 3386 δὲ,οἷον
3482 3328 3645 3397 τέμνε-

2093 3402 2251 3469 σθαι,
2295 3405 2543 3459 καίεσθαι
2590 3407 2725 3479 (20).
2758 3409 3027 3465 Ἕκαστον
3078 3409 3173 3466 οὖν
3207 3414 3321 3467 τῶν
3357 3417 3657 3487 εἰρημένων

2090 3494 2296 3546 ἁπλοῦν
2339 3497 2436 3564 μὲν
2471 3497 2585 3566 (21)
2633 3499 2921 3570 λεγόμενον
2963 3502 3073 3557 οὔτ’
3118 3505 3381 3571 ἀλήθειαν
3414 3512 3655 3580 tinguitis:

2087 3585 2211 3639 οὔτε
2242 3586 2435 3656 ψεῦδος
2454 3604 2468 3617 ο
2527 3591 2951 3663 συμπλεκόμενα
2981 3595 3038 3648 δὲ
3090 3597 3208 3667 μετ’
3250 3599 3500 3671 ἀλλήλων
3527 3603 3657 3674 (21).

2085 3680 2345 3750 ἀλήθειαν
2392 3684 2706 3756 σημαίνειῆ
2750 3685 2981 3755 ψεῦδος·
3030 3684 3144 3742 οἷον
3180 3689 3475 3762 ἄνθρωπος
3506 3712 3655 3765 περι-

2086 3776 2281 3839 πατεῖ,
2305 3774 2337 3842 ἢ
2369 3774 2498 3828 ἄλλο
2518 3794 2572 3829 τι
2595 3776 2706 3831 τῶν
2728 3778 2986 3831 τοιούτων
3005 3797 3019 3809 ·
3047 3780 3107 3834 τὸ
3128 3781 3239 3852 γὰρ
3261 3783 3350 3846 τὶς
3377 3785 3655 3853 ἄνθρωπος

2085 3866 2379 3933 περιπατεῖ
2407 3866 2621 3936 ἀνάγκη
2652 3868 2683 3938 ἢ
2712 3867 2827 3938 (25)
2859 3868 3053 3940 ἀληθὲς
3085 3865 3229 3924 εἶναι
3255 3872 3290 3943 ἢ
3318 3872 3535 3943 ψεῦδος.

2600 4148 2823 4204 ΕΡΩΤΗ
2831 4152 2935 4204 ΣΙΣ
2972 4154 3145 4209 PAH'.

2657 4244 2797 4313 Περὶ
2831 4246 3067 4315 οὐσίας.

1462 4326 1605 4377 Nunc
1628 4329 1837 4391 primum
1862 4333 1992 4383 edita
2020 4348 2047 4382 a
2072 4335 2132 4386 υ.
2160 4335 2585 4399 ῐίετροιιτοειὶιετ.

473 4398 527 4455 1.
563 4400 752 4457 Primo
784 4404 1075 4460 dicendum
1100 4416 1186 4463 est
1215 4408 1283 4463 de
1306 4410 1631 4467 substantia.
1661 4413 1973 4471 Substantia

2155 4428 2224 4475 α’.
2269 4398 2489 4493 Ιρῶτον
2513 4424 2568 4477 δὲ
2590 4424 2783 4497 ῥητέον
2804 4428 2933 4497 περὶ
2954 4428 3163 4493 οὐσίαςι
3205 4430 3266 4484 Ἦ
3291 4435 3478 4490 τοίνυν
3502 4440 3647 4491 οὐσία

399 4490 563 4562 igitur
608 4508 716 4548 non
765 4497 1068 4551 secundum
1097 4514 1261 4553 unam
1311 4504 1667 4574 eamdemque
1695 4508 1968 4563 notionem

396 4585 600 4640 dicitur
626 4588 954 4656 substantia,
1002 4590 1096 4645 sed
1125 4606 1229 4647 vox
1270 4605 1352 4650 est
1393 4610 1580 4649 earum
1622 4612 1687 4651 ex
1717 4614 1967 4667 numero,

2078 4513 2140 4565 οὐ
2168 4514 2306 4567 κατὰ
2338 4515 2468 4585 μίαν
2510 4517 2603 4569 καὶ
2629 4515 2729 4587 τὴν
2756 4517 2926 4588 αὐτὴν
2965 4518 3172 4571 ἔννοιαν
3216 4520 3441 4590 λέγεται
3470 4529 3646 4591 οὐσία,

2076 4600 2211 4656 ἀλλὰ
2234 4603 2344 4656 τῶν
2371 4604 2653 4677 πολλαχῶς
2680 4606 2989 4678 λεγομένων
3015 4609 3162 4663 ἐστὶν
3192 4612 3225 4681 ή
3258 4614 3419 4684 φωνὴ
3436 4659 3451 4683 ,
3484 4619 3532 4671 εἰ
3558 4616 3646 4673 καὶ

1905 4689 2138 4746 NOTz’E.

467 4767 543 4839 (8)
574 4768 748 4842 Αὐτοῦ
778 4770 902 4824 add.
932 4769 1143 4826 Monac.
1170 4772 1279 4836 bis,
1311 4774 1455 4842 quod
1474 4775 1628 4830 deest
1658 4779 1714 4830 in
1744 4774 1871 4833 Vat.
1906 4788 1962 4833 et

392 4850 483 4906 up.
507 4840 673 4919 Arist.
709 4856 828 4912 cap.
855 4842 911 4904 ὅ,
943 4845 1088 4911 quod
1124 4843 1236 4899 fere
1265 4840 1588 4901 verbotenus
1618 4846 1710 4901 hic
1758 4848 1958 4904 inseri-

395 4916 504 4960 tur.

420 4923 504 4961 ur.

463 4976 541 5047 (9)
569 4978 680 5030 Καί
702 4978 854 5034 deest
882 4980 933 5034 in
973 4982 1114 5036 Mon.

462 5048 576 5114 (10)
608 5047 673 5099 Τί
706 5052 843 5102 κατά
875 5068 1017 5114 τινος
1049 5054 1200 5108 deest
1228 5052 1282 5108 in
1311 5052 1440 5111 Vat.

465 5115 574 5182 (11)
597 5115 742 5173 Mon.
772 5120 975 5173 Πάντα.

466 5184 575 5256 (12)
605 5184 750 5242 Men.
783 5185 907 5242 Οἷον
932 5191 1006 5254 ὡς
1036 5192 1096 5245 τὸ
1123 5191 1310 5247 λευκὸν
1335 5212 1459 5251 κατ.
1518 5198 1685 5267 ὀμων.
1742 5200 1820 5270 τῷ
1848 5201 1952 5253 ad»

434 5274 543 5311 ατι.

392 5269 573 5396 μαῦιέ)
598 5327 901 5398 Λεγόμενος
931 5330 1056 5385 add.
1088 5330 1295 5388 Monac.

461 5398 571 5469 (14)
602 5397 755 5453 Men.
788 5401 907 5453 Ὀτι
934 5402 1033 5453 οὐκ
1052 5402 1205 5469 ,ἐστιν
1230 5403 1423 5469 οὕτως.

460 5468 582 5546 (ιῆ).
606 5470 737 5546 ὕοι]Ῐ
779 5469 851 5546 Τὸ
876 5468 1271 5546 διπκεῖντῗυαιε
1295 5477 1666 5546 paragraphus
1712 5480 1861 5532 deest
1897 5479 1950 5532 lu

384 5536 679 5614 οοάειιρει.
708 5537 876 5614 Arist.
909 5556 957 5595 ο.
1002 5544 1054 5608 5,
1085 5543 1172 5614 (ll,
1202 5536 1337 5614 4,13.
1364 5546 1398 5597 2
1429 5536 1728 5603 “edimus.
1766 5549 1948 5610 4858).

456 5606 565 5667 116)
594 5605 739 5663 Non.
767 5610 887 5665 Τῶν
915 5605 1422 5685 χωρῖςουμπλοκῆς
1450 5615 1757 5686 λεγομένων
1772 5605 1949 5688 πραγ-

2071 4780 2256 4850 μάτων
2284 4783 2345 4836 τδ
2379 4801 2437 4853 μ.

2140 4854 2249 4920 (17)
2288 4855 2481 4917 Ἵππος
2506 4855 2658 4909 deest
2694 4857 2745 4910 in
2773 4856 2921 4913 Lion.

2140 4923 2252 5006 (18)
2286 4924 2580 5006 Τρίπςηχυ,
2622 4931 3031 5006 γραμματικόν.
3068 4942 3123 4987 et
3159 4936 3373 5006 reliqua
3398 4938 3636 5006 exempla

2065 4996 2399 5072 omittuntur
2428 4998 2488 5072 i_n_
2534 4996 2706 5064 Mon.,
2743 4996 2833 5053 ubi
2894 5018 3109 5072 semper
3145 4996 3315 5062 unum
3378 4996 3637 5062 duntaiat

2064 5066 2396 5133 excutplum,
2438 5067 2602 5138 idque
2633 5073 2869 5139 primum
2907 5087 2971 5127 ex
3015 5066 3196 5145 supra
3234 5079 3453 5147 positis,
3504 5081 3635 5133 allcé

2063 5148 2242 5201 gatur.

2136 5207 2245 5276 (19)
2284 5205 2428 5260 Mou.
2476 5210 2837 5267 ’ΥιποδέδεταιεΙ

2136 5278 2245 5347 (20)
2280 5279 2472 5330 Καίειν
2497 5290 2547 5333 el
2582 5282 2833 5335 καίεσθαι
2865 5285 3046 5339 omitt.
3077 5285 3222 5340 Mons

2133 5349 2245 5415 (21)
2279 5348 2396 5400 Μέν
2428 5349 2580 5404 deest
2615 5351 2667 5403 in
2693 5350 2836 5406 Mou.

2279 5417 2429 5494 dion.
2468 5421 2660 5494 add._i)
2696 5423 2851 5491 ἁλήθ.
2888 5427 3240 5494 σημαίσουσι.

2135 5488 2245 5571 (βξ)
2278 5488 2897 5571 ἬηοιιιριῑεὶΜξηιηῌᾳξρ
2925 5488 3066 5566 apud
3101 5499 3270 5554 Arist.
3311 5500 3471 5571 leges.
3499 5499 3623 5557 ei.

2059 5556 2107 5628 (ἓ
2133 5560 2233 5616 6’8
2254 5574 2308 5629 p-.
2342 5558 2399 5627 2,
2421 5562 2505 5616 cd.
2538 5560 2715 5628 Paris,
2744 5564 2923 5635 1848).
