3826 6206
216 230 323 303 ’169

1129 240 1229 300 AD
1256 234 1851 299 AMPHILOCI-IIUM
1880 235 2229 307 QUIESTIO
2265 234 2638 298 CXXXVIII.
3250 232 3279 243 ”’

3376 232 3485 297 770

209 354 427 417 πολλοῖς
490 353 602 406 τῶν
653 344 785 424 περὶ
836 352 1027 412 οὐσίας
1086 352 1264 405 εἰπεῖν
1320 369 1373 406 τι
1427 349 1807 421 προελομένων

1922 364 2035 417 qua:
2068 349 2444 419 multipliciter
2469 347 2763 413 dicuntur;
2793 346 2897 403 etsi
2931 346 3090 403 multi
3118 343 3365 412 illorum,
3392 343 3487 417 qui

210 447 595 520 παρεώραται.
645 448 757 500 Καὶ
804 446 913 517 γὰρ
965 446 1154 516 ἕτερον
1196 445 1295 513 μὲν
1338 443 1545 515 τρόπον
1597 441 1805 495 παντά-

215 557 388 594 πασιν
418 539 620 607 λέγοιτ’
648 538 717 593 ἂν
747 538 906 591 οὐσία
936 539 970 607 ὴ
1004 536 1328 608 ὐπερούσιος
1361 535 1457 588 καὶ
1495 533 1802 605 προακτικὴ

210 629 320 683 τῶν
354 630 529 683 ὄντων
558 628 753 694 οὐσία,
787 628 919 700 περὶ
959 624 1028 700 ἧς
1066 630 1292 699 θεωρεῖν
1327 628 1389 679 οὐ
1417 626 1518 695 τῆς
1547 622 1664 693 νῦν,
1703 626 1804 694 τῆς

208 721 266 774 δὲ
301 721 529 793 πρώτης
570 722 688 775 ἐστὶ
723 720 1040 791 φιλοσοφίας
1060 739 1074 752 ·
1109 722 1295 792 ἕτερον
1320 719 1378 773 δὲ
1405 718 1607 789 τρόπον
1640 718 1675 789 ἠ
1702 716 1801 788 ὕλη

208 811 434 879 λέγεται
481 809 662 878 οὐσία,
713 812 809 865 καὶ
838 811 1003 880 ἄλλον
1032 810 1198 865 πάλιν
1226 812 1287 864 τὸ
1327 810 1673 882 μορφωτικδν
1710 810 1805 863 καὶ

208 901 481 955 εἰδοποιδν
514 902 616 969 τῆς
653 902 788 972 ὓλης
817 899 957 966 εῐδος
980 917 996 932 ⁸
1025 902 1142 956 ἀλλ’
1168 902 1427 974 ἑκάτερον
1458 902 1559 974 μὲν
1585 902 1693 956 τῶν
1713 902 1807 955 δύο

209 993 466 1063 λέγεταιΔ
519 994 712 1058 οὐσία,
754 995 1038 1067 οὐδέτερον
1092 994 1149 1048 δὲ
1198 994 1380 1049 αὐτῶν
1434 995 1551 1047 ἐστι
1601 994 1806 1066 κυρίως

212 1087 451 1155 πρᾶγμα
493 1086 881 1156 αὐθύπαρκτον
904 1102 917 1117 ο
963 1089 998 1157 ἡ
1032 1086 1140 1157 μὲν
1184 1087 1293 1158 γὰρ
1330 1086 1432 1157 ὕλη
1464 1087 1635 1140 δεῖται
1668 1086 1805 1158 πρὸς

215 1175 461 1245 ὕπαρξιν
490 1177 586 1229 καὶ
617 1176 930 1248 φανέρωσιν
949 1176 1049 1245 τῆς
1075 1175 1342 1231 εἰδοποιοῦ
1367 1175 1583 1240 οὐσίας·
1620 1178 1715 1230 καὶ
1745 1176 1807 1230 τὸ

214 1262 360 1329 εἶδος
392 1267 449 1320 δὲ
470 1307 486 1332 ,
529 1268 579 1319 εἰ
607 1268 703 1320 καὶ
753 1266 829 1337 μὴ
866 1266 1164 1333 ὡσαύτως,
1200 1266 1316 1321 ἀλλ’
1356 1262 1451 1321 οὗν
1479 1268 1651 1321 δεῖται
1712 1268 1808 1321 καὶ

217 1359 357 1413 αὐτὸ
401 1358 505 1428 τῆς
552 1359 749 1429 ὑλικῆς,
766 1358 990 1425 οὐσίας,
1033 1359 1119 1427 ἐφ’
1165 1354 1208 1427 ᾧ
1242 1359 1446 1431 ἵδρυμα
1493 1360 1679 1415 λαϐεῖν
1713 1359 1809 1415 καὶ

216 1450 385 1520 βάσιν
406 1466 422 1482 ·
455 1451 725 1517 ἑκατέραν
753 1450 812 1505 δὲ
840 1449 1045 1504 τούτων
1071 1450 1167 1504 τοῦ
1190 1450 1421 1520 φυσικοῦ
1452 1452 1568 1505 ἐστι
1592 1450 1810 1506 διασκέ-

206 1542 457 1612 ψασθαι.
485 1543 607 1595 Ἔτι
633 1542 689 1595 δὲ
712 1542 871 1595 οὐσία
893 1542 1110 1611 λέγεται
1132 1543 1230 1597 καὶ
1251 1546 1286 1614 η
1311 1543 1558 1597 ὁπωσοῦν
1576 1544 1809 1598 ἑκάστου

215 1632 332 1686 τῶν
363 1632 536 1686 ὄντων
566 1631 803 1704 ὔπαρξίς
835 1649 895 1686 τε
922 1633 1015 1686 καὶ
1042 1634 1297 1697 οὐσίωσις
1318 1676 1333 1700 ,
1362 1635 1482 1704 ητις
1514 1634 1627 1705 ἔχει
1657 1635 1809 1688 ἀντι-

1904 440 2112 511 aliquid
2140 442 2207 496 de
2251 454 2316 496 ea
2359 441 2543 501 dicere
2587 437 2966 504 instituerunt,
3009 439 3063 495 id
3103 439 3485 511 neglexerunt.

1906 535 2124 590 Etenim
2166 534 2272 589 alio
2304 534 2537 589 omnino
2576 530 2741 586 modo
2782 531 3089 587 substantia
3126 540 3357 588 vocatur
3391 545 3488 587 su-

1906 626 2389 697 persubstantialis
2428 635 2592 696 atque
2632 625 3021 681 assistentium
3056 640 3241 682 rerum
3283 624 3491 696 produ-

1905 721 2049 777 ctrix
2080 719 2430 786 substantia;
2484 720 2645 791 cujus
2688 717 3064 775 consideratio
3105 733 3215 773 non
3250 721 3316 776 ad
3348 736 3490 792 prat-

1906 821 2139 877 sentem,
2185 827 2371 866 verum
2420 812 2488 864 ad
2533 810 2765 881 primam
2806 810 3042 880 pertinet
3081 810 3487 882 philosophiam

1908 909 2010 980 (sc.
2076 905 2513 976 metaphysicam
2582 918 2679 957 seu
2736 902 3067 972 theologiam
3131 904 3490 973 naturalem).

1905 998 2030 1052 Alio
2076 1012 2209 1051 vero
2268 997 2434 1050 modo
2488 993 2717 1048 materia
2771 993 2974 1048 dicitur
3041 993 3394 1059 substantia,
3441 1003 3499 1049 et

1908 1090 2018 1144 alio
2064 1084 2285 1144 rursum
2316 1095 2480 1157 pacto
2511 1084 2818 1141 intormans
2859 1095 2913 1140 et
2964 1084 3290 1155 specillcans
3331 1093 3501 1139 mate-

1908 1182 2047 1235 riam
2093 1180 2307 1248 forma;
2343 1194 2534 1233 verum
2576 1187 2874 1247 utrumque
2913 1176 3137 1248 quidem
3186 1179 3497 1235 substantia

1910 1273 2133 1337 dicitur,
2175 1284 2434 1327 neutrum
2466 1284 2595 1326 vero
2630 1270 2851 1341 proprie
2878 1282 2964 1326 est
2988 1286 3077 1326 res
3102 1286 3199 1341 per
3224 1285 3285 1327 se
3320 1271 3499 1328 subsi-

1911 1374 2084 1419 stens.
2122 1361 2257 1418 Nam
2297 1362 2523 1415 materia
2560 1360 2628 1415 ad
2651 1361 3031 1417 exsistentiam
3074 1369 3131 1416 et
3170 1361 3495 1419 manifesta-

1914 1457 2118 1511 tionem
2172 1454 2379 1525 indiget
2426 1454 2734 1510 substantia
2780 1454 3130 1524 speciticante
3168 1462 3223 1509 et
3266 1455 3496 1523 species,

1912 1549 2022 1604 etsi
2051 1563 2158 1603 non
2184 1547 2376 1602 eodem
2410 1546 2597 1610 modo,
2630 1556 2812 1601 tamen
2844 1555 2899 1600 et
2927 1547 3043 1617 ipsa
3082 1544 3291 1617 indiget
3321 1554 3496 1600 mate-

1913 1625 2402 1701 rialisubstantia.
2444 1639 2501 1693 in
2553 1654 2661 1709 qua
2711 1639 3010 1693 collocetur
3044 1647 3099 1693 et
3122 1638 3495 1703 sustineatur;

217 1725 482 1796 κείμενον
513 1724 575 1777 το
606 1725 682 1795 μὴ
713 1724 771 1777 ὃν
794 1740 808 1755 ο
846 1726 908 1778 οὐ
948 1724 1077 1796 μὴν,
1111 1726 1248 1781 ἀλλά
1278 1726 1496 1795 λέγεται
1538 1726 1699 1781 πάλιν
1721 1727 1812 1781 οὐ·

1922 1732 1968 1786 in
2014 1740 2307 1799 utramque
2358 1744 2486 1785 vero
2527 1728 2718 1782 harum
2761 1726 3064 1796 inquirere,
3113 1727 3179 1780 ad
3210 1725 3495 1796 physicum

220 1818 318 1872 σία
349 1820 470 1881 τοῖς
501 1817 803 1880 πολιτικοῖς
840 1819 875 1889 ἡ
901 1819 1136 1872 ἑκάστου
1161 1819 1271 1872 τῶν
1306 1820 1604 1889 κτημάτων
1632 1837 1693 1873 τε
1720 1820 1815 1873 καὶ⁴

221 1911 529 1981 χρημάτων
572 1909 861 1979 περιουσία
905 1912 1002 1965 καὶ
1040 1910 1293 1983 ὕπαρξις.
1332 1910 1695 1981 Τοσαυταχῶς
1719 1909 1815 1964 οὖν

228 2001 375 2064 τέως
402 1999 505 2069 τῆς
535 2001 724 2063 οὐσίας
758 2001 1080 2071 λεγομένης,
1112 2003 1341 2073 οὐδεμία
1368 2004 1478 2058 τῶν
1510 2004 1818 2075 εἰρημένων

220 2089 497 2160 οὐμενοῦν
520 2091 584 2142 οὐ
606 2090 830 2145 δύναται
859 2091 1163 2163 κατηγορία
1195 2088 1336 2145 εἰναι
1361 2091 1393 2162 ἢ
1427 2090 1814 2161 ὀνομάζεσθαι·

218 2182 346 2236 ἀλλ’
390 2184 425 2252 ἡ
483 2183 583 2252 μὲν
631 2183 739 2236 τῶν
791 2182 961 2237 όντων
1003 2183 1298 2255 συνεκτικὴ
1345 2185 1440 2237 καὶ
1492 2183 1816 2254 ὐπερούσιος

218 2274 389 2327 οὐσία
416 2275 491 2336 ὡς
531 2272 714 2342 πολλῷ
748 2274 1015 2343 κρείττων
1047 2273 1158 2326 τῶν
1206 2273 1466 2329 τοιούτων
1494 2274 1692 2344 φωνῶν
1722 2271 1818 2326 καὶ

224 2365 586 2434 ἐννοημάτων
626 2365 1038 2436 καθισταμένη,
1078 2364 1281 2435 μᾶλλον
1330 2364 1388 2419 δὲ
1416 2364 1493 2427 ὡς
1540 2365 1816 2435 ὑπερϐολῇ

222 2456 461 2527 ἀρρήτῳ
499 2455 814 2527 ἐξῃρημένη
846 2474 905 2509 τε
946 2456 1039 2511 καὶ
1083 2455 1585 2525 ὑπεριδρυμὲνη·ὴ
1628 2456 1686 2507 δὲ
1718 2454 1818 2525 ὒλη

228 2548 416 2599 καὶτὸ
457 2540 594 2609 εἶδος
633 2545 708 2608 ὡς
737 2545 814 2615 νῷ
847 2546 993 2616 μόνῳ
1024 2545 1207 2618 ληπτὰ
1234 2547 1331 2599 καὶ
1376 2548 1434 2599 ὲν
1475 2548 1586 2608 τοῖς
1634 2544 1822 2598 συνθέο

232 2656 355 2703 τοις
388 2638 677 2709 Θεωρητά,
722 2638 975 2710 ἐνεργείᾳ
1004 2640 1061 2692 δὲ
1100 2640 1197 2693 καὶ
1233 2638 1467 2710 ὑπάρξει
1519 2638 1639 2691 κατ’
1688 2638 1822 2693 ἰδίαν

224 2735 332 2803 οὐχ
362 2733 683 2802 ὑφεστῶτα·
719 2731 828 2786 τῶν
855 2733 913 2785 δὶ
945 2732 1123 2787 ἄλλων
1153 2732 1348 2802 φωνῶν
1380 2732 1413 2802 ὴ
1446 2731 1546 2801 μὲν
1584 2731 1712 2793 ἴσως
1747 2731 1824 2795 ὡς

229 2825 565 2889 πολιτικοῖς,
602 2824 719 2878 ἀλλ’
760 2824 820 2876 οὐ
870 2823 1181 2892 φιλοσόφοις
1228 2823 1437 2887 οἰκεία,
1478 2825 1509 2893 ἡ
1540 2822 1597 2875 δὲ
1625 2822 1702 2885 ὡς
1730 2822 1823 2875 οὐ-

226 2917 323 2969 δὲν
342 2913 678 2984 τεταγμένον
704 2915 798 2967 καὶ
816 2913 1150 2983 ὡρισμένον,
1178 2913 1293 2967 ἀλλ’
1318 2913 1623 2983 ὁμωνύμως
1647 2913 1824 2965 πάντα

229 3008 510 3079 δηλοῦσα·
559 3007 814 3078 διέστηκε
861 3006 918 3060 δὲ
962 3006 1145 3074 πολλῷ
1192 3005 1499 3076 κατηγορία
1545 3006 1643 3059 καλ⁸
1678 3006 1825 3074 ὁμωο

232 3099 429 3170 νυμία.

1918 1833 2153 1896 spectat.
2188 1826 2459 1879 Praeterea
2491 1821 2802 1877 substantia
2854 1820 3056 1875 dicitur
3091 1820 3255 1875 etiam
3301 1821 3499 1873 unius-

1917 1917 2185 1987 cujusque
2252 1916 2644 1971 exsistentium
2712 1912 3127 1983 quomodolibet
3178 1912 3501 1967 exsistentia

1917 2020 1968 2065 et
2009 2009 2267 2071 essentia,
2306 2022 2429 2078 qua:
2458 2007 2771 2076 Oppositum
2801 2006 2963 2060 habet
2996 2004 3047 2059 id
3079 2006 3225 2074 quod
3261 2019 3370 2061 non
3393 2014 3499 2061 est.

1920 2099 2116 2154 Adhuc
2151 2107 2333 2152 autem
2372 2098 2617 2167 politicis
2652 2112 2874 2152 rursum
2925 2094 3232 2151 substantia
3280 2096 3501 2161 dicitur,

1919 2187 2187 2257 quidquid
2228 2186 2559 2257 praediorum
2599 2188 2684 2241 vel
2727 2199 3081 2239 nummorum
3123 2184 3354 2255 quilibet
3380 2199 3509 2255 pos-

1922 2280 2085 2335 sidet.
2141 2279 2278 2334 Cum
2328 2280 2497 2351 igitur
2542 2288 2622 2333 tot
2664 2278 2845 2333 modis
2894 2278 3202 2333 substantia
3249 2277 3504 2341 dicatur,

1922 2371 2070 2424 nulla
2123 2384 2189 2423 ex
2236 2370 2511 2440 praedictis
2562 2368 2673 2423 ullo
2718 2368 2883 2422 modo
2926 2368 3200 2436 categoria
3238 2381 3363 2421 esse
3417 2365 3506 2421 vel

1923 2463 2189 2533 appellari
2242 2471 2460 2533 potest;
2500 2461 2595 2516 sed
2644 2461 2953 2515 substantia
2997 2474 3180 2513 rerum
3222 2472 3509 2515 conserva-

1926 2556 2033 2609 trix
2064 2564 2118 2607 et
2147 2555 2697 2623 supersubstantialis
2734 2552 2908 2607 multo
2942 2551 3029 2605 his
3061 2550 3286 2606 vocibus
3312 2560 3368 2604 et
3406 2564 3510 2604 no—

1925 2644 2169 2699 tionibus
2221 2644 2512 2698 sublimior
2560 2642 2798 2704 exsistit,
2854 2640 2964 2693 imo
3011 2639 3226 2693 infinito
3277 2653 3507 2693 excessu

1927 2749 2021 2788 eas
2051 2744 2274 2804 superat
2301 2749 2577 2803 superque
2610 2748 2706 2787 eas
2738 2732 2983 2786 elevatur
3011 2747 3025 2797 ;
3053 2731 3277 2783 materia
3307 2743 3435 2783 vero
3457 2740 3511 2783 et

1926 2826 2134 2891 Species
2184 2834 2245 2877 ut
2289 2824 2407 2879 sola
2454 2835 2638 2878 mente
2672 2832 2929 2892 percepta
2981 2830 3037 2875 et
3074 2820 3129 2873 in
3182 2819 3510 2888 compositis

1928 2915 2228 2980 intellecta,
2274 2915 2590 2985 operatione
2638 2925 2690 2968 et
2736 2914 2957 2984 propria
2999 2912 3360 2968 subsistentia
3398 2924 3515 2966 nou

1930 3007 2287 3063 subsistentia
2318 3009 2607 3079 categoria:
2633 3023 2742 3063 non
2773 3016 2931 3074 sunt;
2968 3007 3302 3076 reliquarum
3326 3012 3508 3059 autem

1848 3093 1894 3153 C
1926 3113 2121 3154 vocum
2158 3100 2328 3155 altera
2367 3101 2602 3171 politicis
2653 3099 2908 3165 fortasse,
2949 3113 3055 3152 non
3101 3111 3231 3152 vero
3267 3095 3511 3166 philoso-

233 3190 364 3260 phis
412 3198 677 3245 consueta
728 3199 785 3245 et
820 3189 1042 3260 propria
1093 3198 1207 3255 est;
1259 3188 1432 3243 altera
1469 3198 1655 3243 autem
1728 3188 1866 3243 nihil
1904 3190 2325 3246 determinatum
2366 3200 2419 3247 et
2451 3192 2773 3255 definitum,
2830 3190 2924 3246 sed
2971 3188 3252 3259 arquivuce
3326 3184 3510 3240 omnia

234 3286 553 3355 signiﬁcat;
622 3284 854 3338 multum
912 3297 1044 3337 vero
1089 3281 1351 3337 differunt
1403 3280 1720 3350 praedicatio
1770 3290 1829 3335 et
1864 3283 2245 3353 aequivocatio.

311 3377 379 3450 β’.
417 3376 577 3449 Παρὰ
626 3378 813 3447 μέντοι
842 3375 913 3430 τά
957 3377 1225 3448 εἰρημένα
1266 3376 1483 3443 λέγεται
1531 3376 1693 3429 οὐσία
1726 3378 1820 3431 καὶ

236 3476 351 3526 πᾶν
381 3475 518 3544 ὅπερ
564 3472 711 3526 ἐστὶν
742 3469 1141 3525 αὐτοσύστατον
1169 3470 1303 3541 (Ἡ),
1333 3462 1394 3522 οὗ
1429 3469 1523 3523 καὶ
1544 3470 1634 3523 τὸν
1665 3470 1821 3540 λόγον

238 3566 470 3630 εἰκότως
506 3565 570 3619 ἄν
611 3582 693 3629 τις
742 3564 969 3633 ἀποδοίη
1014 3566 1248 3634 πρᾶγμα
1279 3558 1420 3618 εἶναι
1467 3562 1643 3632 λέγων
1687 3563 1820 3617 αὐθ-

241 3665 525 3734 ύπαρκτον
549 3661 625 3733 μὴ
642 3660 897 3732 δεόμενον
919 3661 1108 3731 ἑτέρου
1130 3662 1267 3733 προς
1292 3661 1405 3732 (‘25)
1430 3659 1685 3732 ὕπαρξιν,
1711 3655 1824 3712 οἷον

238 3756 551 3825 ἅνθρωπος,
587 3752 736 3823 βοῦς,
758 3751 893 3823 πῦρ,
934 3751 1030 3821 γῆ,
1061 3752 1155 3805 καὶ
1182 3752 1251 3805 τὰ
1278 3752 1458 3822 ὅμοια.
1500 3750 1565 3803 Ἠ
1598 3750 1823 3820 τοιαύτη

236 3847 301 3901 δὲ
331 3845 487 3899 οὐσία
508 3844 605 3898 καὶ
624 3843 722 3914 τὴν
744 3846 844 3913 τῆς
874 3843 1208 3913 κατηγορίας
1239 3842 1442 3896 δύναιτ’
1471 3841 1538 3895 ἂν
1567 3841 1825 3905 δέξασθαι

238 3939 561 4010 ὀνομασίαν,
599 3937 708 3991 τῶν
744 3936 802 3990 δὲ
840 3936 1258 4007 προειρημένων
1288 3935 1449 4005 δῆλον
1480 3933 1557 3998 ὼς
1602 3934 1664 3987 οὐ
1699 3933 1819 4004 μία.

242 4031 465 4100 Ταύτης
498 4030 556 4083 δὲ
604 4029 705 4099 τῆς
753 4027 848 4083 νῦν
882 4026 1283 4098 ἀποδεδομένης
1309 4026 1497 4090 οὐσίας
1546 4029 1581 4097 ἡ
1625 4026 1724 4097 μὲν
1766 4025 1827 4089 ἐξ

243 4124 381 4191 ὓλης
411 4124 503 4175 καὶ
541 4121 716 4181 εἴδους
749 4120 1100 4189 συνέστηκεν,
1131 4120 1165 4189 ἡ
1212 4118 1270 4171 δὲ
1308 4118 1441 4188 ὕλης
1486 4118 1583 4187 μὲν
1623 4119 1715 4171 καὶ
1747 4118 1826 4169 εῖ-

238 4216 368 4277 δους
388 4213 749 4285 ἠλλοτρίωται
775 4254 789 4277 ,
822 4210 883 4276 ἐξ
913 4210 1179 4279 ἀναλόγου
1213 4209 1269 4263 δὲ
1297 4210 1509 4273 τούτοις
1533 4211 1631 4279 τὴν
1665 4209 1829 4279 φύσιν

246 4308 361 4377 ἔχει
385 4306 497 4376 (26)
524 4304 1001 4375 συνηρμοσμένην
1032 4302 1126 4355 καὶ
1145 4301 1349 4369 ταύτης
1372 4303 1404 4371 ή
1436 4300 1536 4371 μὲν
1566 4302 1685 4354 κατ’
1710 4304 1829 4355 ἐπι-

246 4402 414 4473 εολὴν
446 4402 541 4455 καὶ
572 4401 769 4471 ἀθρόον
797 4400 1043 4469 ἐνεργεῖ,
1078 4397 1155 4461 ὡς
1188 4396 1437 4465 ἀγγέλων
1481 4395 1643 4465 φύσις
1663 4436 1678 4461 ,
1710 4392 1830 4450 εἶτα

247 4494 346 4547 καὶ
378 4491 531 4555 νοῦςο
571 4493 606 4562 ἡ
648 4490 704 4544 δὲ
749 4490 887 4560 μετά
917 4480 1063 4552 τινος
1105 4488 1373 4557 κινήσεως
1418 4487 1517 4549 τὰς
1551 4486 1829 4555 ἐνεργείας

1992 3381 2047 3435 2.
2085 3380 2284 3436 Praeter
2325 3391 2506 3437 tamen
2553 3380 2699 3437 dicta
2745 3378 3048 3434 substantia
3104 3377 3307 3433 dicitur
3344 3378 3509 3431 etiam

1923 3493 2085 3531 omne
2116 3477 2259 3546 quod
2292 3484 2377 3531 est
2416 3492 2513 3547 per
2549 3488 2609 3529 se
2658 3472 2988 3528 subsistens.
3034 3468 3207 3539 Hujus
3239 3471 3511 3527 rationem

1922 3578 2070 3623 recte
2119 3569 2245 3638 quis
2288 3568 2651 3639 assignaverit
2696 3568 2883 3623 dicens
2910 3607 2925 3633 ,
2975 3582 3089 3621 rem
3133 3582 3255 3621 esse
3305 3580 3401 3636 per
3453 3580 3514 3620 se

1926 3663 2351 3728 subsistentem,
2402 3676 2511 3715 non
2555 3660 2886 3729 indigentem
2941 3658 3049 3712 alio
3094 3658 3161 3712 ad
3203 3656 3511 3713 subsisten-

1928 3755 2080 3817 tiam;
2107 3769 2161 3808 ν.
2194 3769 2276 3823 gr.
2304 3753 2493 3816 homo,
2515 3752 2634 3817 bos,
2665 3752 2827 3820 ignis,
2854 3759 2996 3804 terra
3017 3759 3069 3803 et
3097 3749 3317 3805 similia.
3351 3747 3514 3819 Ejus-

1928 3847 2075 3902 modi
2122 3846 2427 3901 substantia
2475 3846 2637 3900 etiam
2688 3843 2976 3913 categorim
3013 3839 3511 3896 denominatiunem

1929 3936 2208 4004 suscipere
2229 3932 2449 4004 poterit,
2481 3932 2860 4001 praedictarum
2899 3942 3029 3984 vero
3057 3929 3229 3991 nulla,
3260 3939 3317 3981 ut
3344 3937 3509 3996 patet.

1932 4025 2265 4081 Substantia:
2302 4038 2467 4087 vero,
2504 4023 2570 4076 de
2603 4022 2804 4091 quibus
2844 4033 2990 4073 nunc
3022 4021 3239 4086 agitur,
3280 4015 3401 4070 alia:
3442 4030 3511 4070 ex

1932 4117 2158 4171 materia
2187 4123 2241 4169 et
2265 4113 2440 4169 forma
2472 4114 2801 4177 consistunt,
2833 4111 2955 4165 alite
2982 4098 3111 4163 vero
3139 4123 3169 4163 a
3210 4106 3433 4161 materia
3457 4115 3513 4160 et

1931 4209 2108 4264 forma
2144 4198 2314 4277 longe
2333 4207 2566 4267 absunt,
2601 4220 2665 4258 ex
2702 4213 2901 4258 natura
2954 4210 3132 4256 tamen
3166 4199 3250 4255 his
3281 4212 3513 4268 respon-

1930 4303 2093 4357 dente
2146 4300 2485 4355 concinnata:
2514 4306 2662 4351 sunt.
2711 4296 2887 4364 Atque
2924 4309 2990 4347 ex
3035 4292 3121 4346 his
3154 4292 3259 4345 alia
3288 4290 3510 4360 quidem

1931 4391 1987 4445 in
2017 4389 2242 4444 instanti
2277 4397 2330 4442 et
2375 4402 2486 4440 uno
2523 4386 2725 4454 impetu
2772 4391 3055 4453 operatur.
3108 4391 3165 4435 ut
3194 4379 3511 4446 angelorum

1933 4492 2150 4546 natura,
2185 4481 2382 4535 deinde
2420 4493 2609 4544 mens;
2642 4476 2745 4531 alia
2781 4491 2909 4530 \ero
2938 4488 3064 4528 cum
3093 4472 3330 4544 quodam
3361 4478 3511 4523 motu

247 4586 364 4654 ἔχει
408 4560 796 4655 προαγομένας
817 4622 832 4646 ,
870 4570 946 4642 ὡς
986 4580 1169 4651 ψυχή·
1216 4573 1293 4633 ὧν
1318 4580 1366 4631 εἰ
1396 4580 1489 4632 καὶ
1511 4578 1764 4647 διάφορος
1796 4578 1822 4647 ἡ

1934 4573 2100 4629 habet
2141 4571 2493 4641 operationes
2541 4583 2671 4622 snas
2724 4566 3168 4636 progredientes,
3217 4572 3276 4615 ut
3302 4560 3508 4616 anima.

252 4652 509 4749 ἐνέργεια
558 4652 651 4728 καί
680 4676 714 4744 ὴ
748 4673 981 4744 ὒπαρξις
1029 4672 1144 4727 ἀλλ’
1176 4667 1271 4725 οὖν
1315 4670 1495 4725 κοινὸν
1543 4671 1725 4731 αὐτοῖς
1770 4669 1822 4721 τὲ

1936 4668 2181 4733 Quarum
2226 4664 2359 4718 licet
2390 4662 2606 4717 diversa
2652 4661 2722 4713 sit
2768 4658 3015 4729 operatio
3057 4666 3112 4711 et
3153 4652 3514 4716 ersistentia,

248 4747 391 4821 εἷναί
419 4783 478 4818 τε
520 4765 615 4818 καὶ
645 4763 929 4817 καλεῖσθαι
970 4762 1268 4829 άσώματα’
1300 4760 1399 4813 ὃσα
1430 4759 1538 4830 γὰρ
1562 4759 1660 4830 τῆς
1695 4757 1822 4829 ὕλης

1935 4769 2175 4814 attamen
2206 4769 2498 4809 commune
2527 4753 2659 4822 ipsis
2692 4760 2776 4807 est
2805 4765 2860 4806 et
2890 4765 3012 4805 esse
3036 4758 3094 4803 et
3122 4748 3226 4803 dici
3256 4747 3516 4815 incorpo-

248 4862 344 4915 καλ⁵
392 4858 491 4912 τοῦ
540 4858 728 4912 ὲνύλου
781 4857 957 4918 εἴδους
1010 4854 1453 4923 ἀνακεχώρηκεν,
1499 4854 1577 4914 είς
1609 4851 1698 4903 τὸν
1731 4850 1822 4904 τοῦ

1934 4864 2050 4903 rea.
2085 4845 2436 4913 Quaecunque
2483 4842 2630 4896 enim
2661 4848 2849 4894 carent
2884 4838 3112 4893 materia
3144 4843 3201 4890 et
3237 4834 3509 4890 materiali

247 4953 546 5022 ἀσωμάτου
574 4952 732 5019 λόγον
764 4947 1106 5021 μεταϐέϐηκε
1126 4963 1140 4976 ·
1173 4946 1278 4999 κᾶν
1311 4945 1418 5016 γὰρ
1464 4945 1600 5014 πρὸς
1637 4943 1697 4995 τὸ
1732 4959 1822 4997 κυ-

1937 4942 2135 5003 forma,
2166 4955 2229 4994 ea
2279 4939 2345 4992 ad
2382 4938 2834 5005 incorporeorum
2880 4931 3149 4986 rationem
3190 4934 3513 4993 transeunt;

250 5019 390 5117 ρίως
419 5045 515 5096 καὶ
546 5019 780 5114 πρώτως
818 5041 884 5095 ’ὃν
916 5039 1209 5111 ἀσώματόν
1250 5055 1311 5091 τε
1362 5037 1456 5091 καὶ
1504 5036 1822 5107 ὐπερούσιον

1934 5034 2063 5088 licet
2087 5032 2231 5086 enim
2261 5045 2385 5085 cum
2416 5044 2484 5083 eo
2511 5027 2655 5096 quod
2686 5024 2905 5098 pr0prie
2939 5033 2995 5079 et
3026 5022 3289 5093 primario
3320 5029 3405 5075 est
3430 5019 3517 5074 in-

250 5138 509 5205 ἀγαπῶσι
537 5134 711 5188 ταῦτα
742 5133 903 5203 σῶμά
933 5150 996 5201 γε
1033 5134 1122 5186 καὶ
1154 5127 1292 5184 εἶναι
1326 5131 1420 5183 καὶ
1447 5129 1822 5199 ὀνομάζεσθαι,

1938 5138 2261 5194 corporeum
2324 5131 2380 5176 et
2425 5118 2948 5190 supersubstantiale
3011 5121 3333 5186 conparata
3400 5111 3517 5165 haec

250 5229 372 5286 ἀλλ’
413 5229 505 5283 οὖν
534 5229 634 5301 τὴν
665 5227 849 5284 ενυλον
888 5227 981 5280 καὶ
1022 5226 1341 5295 σωματικὴν
1369 5221 1700 5292 διαφυγόντα
1725 5238 1822 5274 πα-

1940 5230 2160 5287 quoque
2207 5227 2405 5281 corpus
2454 5209 2667 5267 censeri
2721 5223 2787 5262 ac
2836 5205 2943 5262 dici
2974 5205 3235 5271 debeant,
3270 5209 3513 5257 attamen

1760 5398 1995 5457 NOTAE.

321 5597 441 5671 (an
476 5590 720 5671 §ic_Va_'-
748 5588 1126 5671 Αρρετ;.νεη·
1162 5585 1621 5671 αδθυπάσῖᾳτονί

1937 5577 2059 5634 cod.
2097 5576 2220 5629 V'at.

2012 5648 2119 5671 ιορι
2159 5648 2247 5671 uz-
2278 5652 2421 5671 ..Αηηι
2446 5642 2547 5671 ιτ...
2600 5642 2715 5671 1⁵⁸..οε

647 5639 1123 5719 ὖὲὲξιτίῖῗῖίειιέιξ
1162 5639 1497 5728 apographo,
1529 5652 1625 5711 sed
1647 5660 1730 5709 est
1768 5650 1827 5706 in
2012 5648 2250 5750 t26)‘Sic
2276 5652 2423 5703 recte
2446 5642 2569 5702 Vat.
2600 5641 2764 5701 Catii.
2797 5642 2898 5715 Ap.
2926 5639 3088 5713 ἔχειν.

618 5782 893 5846 Ριηιιοι..
932 5777 1051 5840 Gtt.
1135 5776 1229 5837 CI.

2462 5756 2468 5761 ’
3191 5753 3270 5816 25
