3828 6202
371 249 472 314 771

1529 249 1791 310 ΡΗΟΤΙΙ
1832 249 1941 309 PA'.

2048 246 2335 309 [ARCHIE
2366 248 2474 308 CP.
3505 248 3594 312 772

359 385 485 427 eum
546 368 882 424 materialem
933 383 998 423 ac
1041 381 1363 438 corpoream
1427 369 1736 424 crassiticm
1813 366 1941 422 etfu-

2055 365 2263 436 χύτητα
2308 366 2374 434 τῇ
2415 363 2510 416 τοῦ
2556 362 2722 416 ἀΰλου
2755 360 2916 430 φύσει
2953 357 3344 414 συνοικειοῦται
3390 361 3598 416 καὶτῶν

360 462 532 532 giant,
569 469 779 516 naturae
816 474 996 514 rerum
1033 459 1473 516 immaterialium
1504 468 1560 514 et
1593 460 1945 529 incorporeo-

362 569 480 607 rum
517 561 918 616 aceensentur;
952 566 1140 606 verum
1175 552 1279 607 hoc
1336 551 1568 606 alterius
1621 566 1685 606 ac
1715 548 1945 620 profun-

358 639 530 696 dioris
593 639 977 710 disputationis
1035 647 1139 694 est.
1203 637 1358 704 Quod
1421 653 1552 693 vero
1603 646 1811 707 spectat
1875 637 1943 692 ad

359 727 724 783 substantiam
756 743 824 782 ex
859 725 1085 781 materia
1122 736 1174 780 et
1207 725 1384 780 forma
1417 726 1802 795 compositam,
1839 725 1945 779 alia

356 822 440 870 est
475 812 801 878 uniformis,
847 829 1011 883 quam
1060 823 1114 868 et
1147 814 1450 883 simplicem
1487 814 1758 884 appellare
1803 815 1946 870 sole-

357 921 519 970 mus,
567 906 671 961 alia
702 922 833 962 vero
883 905 1267 972 multiformis,
1298 921 1462 976 quam
1500 915 1554 960 et
1587 906 1945 975 compositam

358 998 578 1067 preprie
609 1014 1016 1069 nuncupamus.
1051 999 1286 1052 Rursum
1321 998 1598 1067 simplices
1627 997 1946 1052 substantize

358 1088 480 1143 alia:
510 1097 641 1144 sunt
673 1103 793 1158 qua:
825 1099 972 1144 recte
1005 1088 1446 1159 progrediuntur,
1479 1089 1596 1143 aliae
1622 1104 1746 1158 qua:
1775 1089 1827 1142 in
1855 1103 1945 1143 or-

355 1181 478 1236 bem
524 1183 886 1254 rediguntur;
937 1197 1002 1235 ex
1053 1181 1138 1238 his
1168 1197 1295 1236 vero
1343 1181 1635 1252 postremis
1663 1181 1784 1236 alia:
1816 1195 1936 1236 mo-

362 1282 476 1328 tum
507 1274 577 1328 ab
603 1275 813 1329 oriente
838 1273 893 1328 in
931 1273 1270 1328 occidentem
1299 1272 1613 1342 perficiunt,
1643 1280 1704 1326 ut
1734 1271 1945 1341 sphaera

357 1382 480 1435 qua:
512 1367 713 1422 dicitur
743 1382 852 1420 non
899 1366 1109 1421 stellata
1139 1376 1193 1420 et
1227 1366 1460 1435 ipsamet
1497 1366 1724 1419 lixarum
1763 1364 1947 1419 stella-

356 1475 478 1514 rum
533 1460 789 1528 sphaera;
856 1458 974 1512 alia:
1033 1473 1064 1512 e
1118 1471 1385 1512 converso
1437 1457 1507 1511 ab
1555 1457 1841 1512 occidente
1891 1457 1943 1512 in

355 1553 618 1606 orientem
644 1553 942 1606 motionem
979 1550 1206 1612 faciunt,
1234 1560 1292 1603 ut
1315 1565 1436 1618 quae
1457 1548 1714 1603 dicuntur
1736 1559 1942 1620 septem

355 1639 698 1707 planetarum
731 1639 959 1707 sphaerae
986 1651 1001 1690 :
1025 1638 1452 1692 substantiarum
1484 1651 1772 1707 vero,quae
1800 1646 1944 1692 recte

353 1729 814 1800 progrediuntur,
865 1729 990 1784 alia:
1027 1745 1055 1782 a
1095 1728 1270 1783 medio
1305 1729 1386 1782 vel
1428 1727 1497 1783 ab
1538 1729 1647 1783 imo
1693 1729 1946 1784 feruntur

355 1821 422 1875 ad
455 1836 715 1891 superna,
749 1821 871 1875 alia;
903 1836 933 1874 e
968 1836 1237 1875 converso
1273 1835 1304 1874 a
1340 1821 1595 1890 supernis
1623 1823 1688 1875 ad
1716 1821 1942 1875 inferio-

355 1929 447 1978 ra;
481 1913 549 1966 ab
578 1912 718 1966 infra
751 1912 815 1966 ad
849 1926 1086 1981 superna
1117 1912 1288 1965 fertur
1315 1927 1408 1966 aer
1433 1921 1488 1966 et
1517 1912 1677 1982 ignis,
1707 1927 1941 1982 quorum

356 2017 548 2070 unum,
586 2001 751 2072 ignis,
783 2001 850 2056 ab
894 2017 1019 2056 aere
1064 2002 1307 2056 siccitate
1332 2001 1513 2057 differt
1538 2019 1552 2067 ;
1580 2002 1648 2056 ab
1683 2003 1792 2056 alto
1818 2017 1942 2058 vero

355 2094 422 2148 ad
448 2092 587 2148 infra
617 2093 792 2148 fertur
818 2110 959 2164 aqua
986 2103 1040 2149 et
1066 2103 1234 2161 terra,
1269 2112 1503 2166 quarum
1541 2107 1736 2154 natura
1762 2097 1942 2152 humi-

355 2187 524 2242 ditate
557 2186 756 2242 differt.
788 2185 855 2241 Et
885 2188 1019 2254 haec,
1053 2189 1289 2258 exempli
1318 2191 1490 2261 gratia
1510 2231 1526 2256 ,
1569 2189 1636 2243 de
1681 2190 1942 2245 substan-

356 2283 452 2348 tia,
503 2298 624 2354 qua:
669 2283 898 2354 simplex
935 2282 1166 2348 dicitur,
1203 2281 1350 2338 dicta
1383 2293 1568 2340 sunto.
1597 2283 1941 2354 Composita-

354 2390 475 2428 rum
529 2389 658 2429 vero
711 2373 1140 2429 substantiarum
1194 2373 1301 2428 alia
1358 2381 1443 2429 est
1491 2374 1793 2442 sensitiva,
1837 2375 1942 2430 alia

353 2467 714 2532 insensitiva;
749 2467 1010 2522 sensitiva
1061 2467 1280 2537 quidem
1319 2474 1493 2522 estea
1528 2482 1652 2538 quae
1689 2468 1943 2524 sensibus

353 2561 432 2615 uti
467 2569 592 2629 apta
618 2567 736 2626 est;
769 2558 1091 2613 insensitiva
1123 2574 1271 2621 vero,
1307 2569 1429 2628 quae
1460 2559 1580 2614 sine
1617 2559 1729 2614 ulla
1755 2574 1944 2614 sensao

354 2648 505 2701 tione
542 2654 687 2701 recta
737 2653 853 2711 est;
905 2645 1071 2716 hujus
1121 2645 1344 2715 quidem
1378 2645 1485 2700 alia
1515 2661 1692 2716 neque
1723 2647 1942 2701 nutriti-

355 2755 476 2794 vatn
507 2737 825 2793 facultatem
853 2737 1001 2791 intus
1045 2737 1234 2800 habet,
1262 2745 1322 2791 ut
1350 2751 1506 2802 saxa,
1539 2737 1682 2806 ligna
1712 2745 1767 2792 et
1789 2753 1940 2806 qua:-

353 2844 572 2900 cunque
616 2828 966 2898 hujusmodi;
1018 2827 1122 2882 alia
1159 2843 1287 2882 vero
1332 2843 1426 2898 per
1480 2829 1619 2883 hanc
1650 2829 1855 2900 regitur
1889 2836 1944 2883 et

353 2929 718 2986 sustentatur,
773 2919 920 2974 velut
959 2919 1156 2987 plantae
1176 2960 1189 2980 ,
1221 2919 1479 2990 virgulta,
1507 2919 1754 2988 gramina
1780 2930 1834 2974 et
1867 2918 1941 2974 si-

354 3009 526 3064 milia.
551 3007 683 3074 Quae
716 3023 844 3063 vero
868 3016 1121 3062 naturam
1149 3007 1310 3062 talem
1336 3008 1561 3071 habent,
1593 3016 1654 3063 ut
1685 3009 1938 3064 sensibus

355 3101 434 3160 uti
457 3110 680 3176 queant,
715 3101 845 3175 ipsa:
861 3114 1081 3175 quoque
1112 3100 1450 3159 differentias
1488 3103 1826 3173 suscipiunt;
1854 3100 1938 3156 vel
1964 3083 2007 3142 ο

353 3199 500 3254 enim
531 3199 638 3252 vim
683 3198 1084 3269 progressivam
1117 3197 1320 3251 habent
1348 3206 1402 3251 et
1428 3195 1746 3250 animalium
1779 3206 1940 3249 natu-

354 3305 471 3343 ram
506 3289 868 3351 constituunt,
897 3288 984 3340 vel
1023 3303 1085 3342 ea
1119 3287 1403 3356 privantur
1449 3293 1612 3355 atque
1643 3284 1941 3355 zoophyto—

356 3397 480 3436 rum
516 3381 884 3436 substantiam
926 3379 1200 3444 efficiunt,
1236 3379 1362 3432 talia
1398 3393 1526 3432 vero
1575 3385 1704 3432 sunt
1737 3385 1938 3440 ostrea,

357 3472 604 3544 spongia:
634 3480 688 3525 et
728 3471 834 3526 alia
865 3469 1416 3534 multa.‘Substantia
1447 3480 1656 3533 autem,
1685 3484 1807 3538 quae
1833 3482 1939 3521 una

356 3579 482 3618 cum
515 3562 772 3616 facultate
799 3563 1051 3617 sensibus
1082 3561 1268 3617 utendi
1298 3564 1464 3615 etiam
1504 3561 1609 3614 vim
1639 3559 1942 3631 progressi-

358 3671 478 3709 vain
511 3654 702 3710 sortita
723 3665 775 3709 et
797 3654 937 3708 hanc
958 3654 1026 3709 ob
1055 3669 1276 3708 causam
1308 3651 1362 3705 in
1411 3651 1729 3706 animalium
1762 3650 1942 3720 specie

357 3746 654 3802 constituta
683 3754 790 3810 est,
839 3746 892 3799 in
925 3745 1190 3800 rationale
1228 3756 1282 3800 et
1325 3744 1552 3798 rationis
1581 3758 1777 3814 eXpers
1802 3742 1941 3796 diri-

358 3839 508 3891 ditnr
529 3848 584 3892 et
612 3837 748 3892 duas
785 3838 998 3906 species
1025 3837 1273 3904 diversas
1303 3833 1484 3902 ellicit,
1518 3834 1721 3887 animal
1751 3833 1942 3886 videli-

358 3938 442 3984 cet
471 3928 759 3994 rationale,
798 3929 943 4006 (ιιιοᾴ
1003 3936 1086 3984 est
1133 3928 1320 3994 homo,
1377 3936 1430 3981 et
1475 3927 1677 3982 animal
1733 3927 1943 3980 ratione

360 4037 577 4087 carens,
619 4020 768 4092 quod
804 4022 990 4092 plures
1044 4036 1262 4076 rursum
1309 4019 1643 4075 differentias
1693 4020 1935 4091 suscipit.

357 4113 566 4171 llorum
605 4115 751 4170 enim
786 4115 932 4170 aliud
969 4124 1054 4170 est
1089 4122 1368 4178 terrestre,
1404 4097 1548 4169 aliud
1590 4115 1850 4179 natatile;
1889 4122 1944 4167 et

363 4209 562 4264 horum
601 4208 884 4278 quodlibet
922 4209 1118 4262 iterum
1151 4208 1408 4262 dividitur
1457 4217 1620 4277 atque
1661 4208 1800 4260 ultra
1828 4207 1944 4261 haec

359 4301 556 4356 divisio
585 4301 860 4370 procedit,
901 4311 960 4355 ut
1004 4299 1236 4354 breviter
1273 4299 1453 4352 dicant
1503 4313 1635 4352 neve
1677 4298 1733 4352 in
1767 4298 1941 4368 expli-

2054 458 2396 529 ἀσωμάτωνν
2429 456 2565 510 ἀλλὰ
2609 453 2771 508 τοῦτο
2819 454 2918 524 μὲν
2969 453 3156 524 ἑτέρου
3189 454 3285 506 καὶ
3328 452 3597 524 βαθυτέρω

2052 551 2232 619 λόγου.
2279 549 2390 618 Τῆς
2436 548 2494 602 δέ
2534 564 2598 617 γε
2651 546 2710 613 ἐξ
2745 545 2876 616 ὐλης
2922 545 3016 598 καὶ
3050 545 3226 608 εἴδους
3260 547 3598 616 συγκειμένης

2053 641 2241 705 οὐσίας
2267 641 2301 710 ή
2337 641 2438 709 μέν
2459 641 2576 692 ἐστι
2608 638 2908 709 μονοειδὴς.
2941 639 3008 705 ἡν
3033 637 3128 692 καὶ
3155 635 3330 705 ἁπλῆν
3360 634 3600 704 εἰώθαμεν

2053 733 2269 787 καλεῖνο
2301 734 2335 802 ή
2364 732 2420 786 δὲ
2451 730 2738 802 πολυειδὴς
2759 771 2775 793 ,
2816 732 2884 801 ἣν
2916 729 3010 782 καὶ
3051 727 3306 782 σύνθετον
3337 727 3474 791 ίδίως
3512 744 3600 782 κα-

2053 825 2274 895 λοῦμεν.
2316 823 2478 878 Ἀλλὰ
2503 825 2604 894 τῆς
2639 821 2817 892 ἁπλῆς
2849 821 3012 875 πάλιν
3043 819 3233 882 οὐσίας
3265 820 3300 888 ή
3351 818 3443 888 μέν
3472 820 3600 872 ἐστιν

2057 915 2369 987 ίθυφορικὴ,
2405 916 2439 983 ἡ
2463 915 2519 967 δὲ
2550 910 2942 983 κυκλοφορικὴ,
2975 911 3068 964 καλ⁷
3095 910 3195 978 τῆς
3225 907 3600 979 κυκλοφορικῆς

2052 1009 2087 1076 ή
2127 1007 2222 1077 μὲν
2252 1005 2352 1076 τὴν
2385 1005 2478 1059 ἀπ’
2510 1003 2776 1073 ἀνατολῆς
2806 1003 2898 1056 ἐπὶ
2930 1001 3081 1054 δύσιν
3111 999 3328 1071 κίνησιν
3355 1003 3598 1064 ποιεῖται,

2051 1096 2128 1160 ὡς
2160 1099 2192 1167 ή
2233 1096 2501 1168 λεγομένη
2539 1097 2805 1166 ᾶναστρος
2843 1095 3076 1164 σφαῖρα,
3131 1093 3228 1146 καὶ
3268 1090 3405 1161 αὐτὴ
3441 1093 3472 1161 ἡ
3509 1092 3602 1144 τῶν

2053 1187 2339 1242 ἀπλάνωνο
2378 1189 2411 1258 ή
2453 1187 2513 1241 δὲ
2537 1187 2596 1240 τὸ
2635 1185 2904 1240 ἀνάπαλιν
2927 1183 3033 1236 ἀπὸ
3075 1182 3283 1245 δύσεως
3322 1181 3406 1234 ἐπ’
3433 1183 3602 1235 ἀνατο-

2052 1279 2169 1352 λὴν,
2205 1279 2280 1343 ὡς
2323 1281 2377 1333 αἱ
2421 1278 2712 1348 λεγόμεναι
2736 1275 2844 1329 τῶν
2883 1276 3024 1328 ἑπτὰ
3055 1273 3423 1344 πλανωμένων
3462 1275 3603 1342 σφαῖ-

2057 1390 2179 1443 ραι·
2232 1372 2331 1441 τῆς
2378 1371 2435 1424 δὲ
2482 1368 2859 1438 ίθυιρορικῆςή
2897 1353 2998 1436 μέν
3037 1365 3146 1420 ἀπὸ
3175 1364 3274 1418 τοῦ
3317 1365 3475 1436 μέσου
3501 1366 3602 1432 ήτοι

2051 1464 2146 1518 τοῦ
2180 1464 2331 1518 κάτω
2363 1463 2588 1534 φέρεται
2623 1462 2758 1533 πρὸς
2789 1461 2857 1514 τὰ
2889 1458 3024 1523 ἄνω,
3052 1461 3085 1528 ἡ
3125 1458 3182 1509 δὲ
3214 1456 3475 1509 ἀνάπαλιν
3510 1457 3602 1508 ἀπὸ

2052 1555 2160 1610 τῶν
2185 1555 2299 1610 ἄνω
2329 1553 2464 1622 πρὸς
2492 1553 2561 1607 τὰ
2601 1554 2751 1608 κάτω
2772 1567 2785 1582 '
2833 1551 3080 1606 κάτωθεν
3120 1550 3222 1617 μὲν
3253 1546 3386 1618 πρὸς
3410 1547 3475 1600 τὰ
3508 1547 3602 1602 ἂνω

2051 1649 2182 1718 ἀὴρ,
2213 1645 2348 1717 πῦρ,
2378 1641 2453 1701 ὧν
2492 1647 2552 1698 τὸ
2596 1646 2708 1715 πῦρ
2758 1644 2894 1715 πρὸς
2922 1642 3014 1695 τὸν
3056 1640 3196 1712 ἀέρα
3225 1637 3475 1710 ξηρότητι
3505 1638 3601 1692 διαρ

1982 1733 2020 1786 Β
2050 1737 2328 1791 στέλλεται
2348 1753 2360 1765 ⁸
2396 1737 2600 1792 ἄνωθεν
2628 1736 2685 1790 δὲ
2733 1737 2883 1790 κάτω
2914 1735 3059 1806 ὕδωρ
3087 1734 3181 1786 καὶ
3220 1732 3317 1801 γῆ,
3346 1725 3419 1784 ὧν
3451 1733 3484 1802 ή
3511 1731 3598 1800 φύε

2045 1847 2130 1894 σις
2177 1829 2438 1901 ὑγρότητι
2467 1830 2762 1902 διενήνοχε.
2806 1832 2918 1884 Καὶ
2945 1828 3122 1883 ταῦτα
3157 1827 3258 1898 μὲν
3286 1826 3361 1889 ὡς
3383 1829 3437 1880 ὲν
3463 1825 3599 1895 τύπῳ

2042 1920 2173 1992 περὶ⁵
2210 1921 2308 1992 τῆς
2357 1919 2538 1991 ἁπλῆς
2574 1920 2875 1992 λεγομένης
2923 1919 3131 1982 οὐσίας.
3165 1919 3279 1989 Τῆς
3310 1917 3370 1970 δέ
3401 1933 3459 1985 γε
3492 1933 3597 1968 συν-

2042 2010 2198 2066 θέτου
2224 2013 2257 2082 ή
2303 2011 2402 2083 μὲν
2429 2010 2750 2082 αἰσθητικὴ,
2783 2012 2816 2082 ἡ
2841 2010 2898 2064 δὲ
2921 2009 3256 2080 ἀναίσθητος
3275 2025 3289 2040 ⁸
3333 2008 3596 2078 αἰσθητικὴ

2045 2105 2166 2176 μὲν,
2197 2107 2230 2176 ἡ
2256 2105 2544 2174 αίσθήσεσι
2579 2105 2857 2173 πεφυκυῖα
2898 2102 3177 2174 χρῆσθαι,
3213 2100 3526 2170 ἀναίσθητος
3549 2098 3595 2152 δὲ

2041 2201 2077 2269 ή
2109 2197 2276 2269 χωρίς
2299 2213 2445 2260 τινος
2472 2195 2780 2266 αἰσθήσεως
2812 2195 3160 2265 διοικουμένη
3181 2207 3196 2224 ·
3226 2187 3294 2264 ἦς
3319 2194 3353 2262 ή
3379 2191 3474 2263 μὲν
3493 2191 3594 2244 οὐδὲ

2040 2292 2142 2360 τὴν
2168 2287 2468 2362 θρεπτικὴν
2506 2287 2736 2359 δύναμιν
2764 2287 2975 2341 ἔνδοθεν
3005 2287 3139 2357 ἔχει,
3176 2287 3255 2350 ὼς
3285 2285 3453 2349 λίθοι,
3483 2282 3595 2350 ξύλα

2042 2382 2139 2436 καὶ
2167 2383 2268 2435 ὅσα
2295 2379 2546 2446 τοιαῦτα,
2573 2383 2608 2452 ἡ
2635 2380 2692 2435 δὲ
2721 2380 2865 2434 κατὰ
2893 2379 3097 2450 ταύτην
3123 2379 3410 2434 διοικεῖταί
3437 2395 3491 2430 τε
3518 2379 3597 2429 καὶ

2043 2473 2442 2543 διακρατεῖται,
2469 2468 2582 2542 οἷον
2610 2471 2776 2541 φυτὰ,
2809 2470 3189 2542 θάμνοινπόαι
3223 2471 3319 2523 καὶ
3348 2469 3414 2522 τὰ
3441 2469 3596 2538 ὃμοια.

2053 2565 2118 2617 Ἦ
2162 2564 2345 2635 μέντοι
2378 2565 2501 2628 ταῖς
2533 2564 2821 2635 αἰσθήσεσι
2865 2562 3028 2632 φύσιν
3074 2562 3279 2632 ἔχουσα
3326 2559 3598 2630 κεχρῆσθαι

2039 2657 2304 2729 διαφορὰς
2335 2658 2429 2710 καὶ
2460 2656 2598 2728 αὐτὴ
2639 2655 2985 2726 ἐπιδέχεται·
3020 2655 3054 2726 ἢ
3100 2654 3214 2724 γὰρ
3257 2650 3597 2723 μτασατικην

2041 2750 2404 2822 προϐάλλεται
2434 2748 2666 2820 δύναμιν
2693 2749 2787 2802 καὶ
2809 2747 2920 2800 τῶν
2945 2746 3099 2810 ζώων
3131 2746 3414 2814 συνίστησι
3437 2743 3597 2813 φύσιν,

2040 2845 2074 2914 ἢ
2109 2843 2402 2916 ἐστέρηται
2433 2841 2637 2911 ταύτης
2667 2843 2763 2894 καὶ
2785 2840 2884 2912 τὴν
2907 2840 3018 2893 τῶν
3051 2839 3350 2908 ζωοφύτων
3373 2834 3594 2891 ἀποτελεί

2040 2937 2260 2990 οὐσίαν·
2288 2936 2514 2990 τοιαῦτα
2539 2935 2596 2988 δέ
2635 2936 2781 2988 ἐστιν
2809 2932 3010 3004 ὄστρεά
3043 2949 3104 2985 τε
3135 2931 3236 2986 καὶ
3267 2931 3484 2999 σπόγγοι
3519 2927 3598 2980 καὶ

2042 3028 2211 3083 πολλὰ
2237 3028 2372 3083 ἄλλα
2394 3045 2407 3058 ·
2427 3030 2461 3099 ή
2491 3028 2549 3082 δὲ
2574 3028 2712 3098 μετὰ
2735 3025 2830 3080 τοῦ
2863 3024 3169 3097 κεχρῆσθαι
3199 3026 3320 3087 ταῖς
3344 3022 3598 3092 αἰσθήσεσι

2043 3119 2138 3172 καὶ
2167 3117 2266 3190 τὴν
2301 3117 2676 3188 μεταϐατικὴν
2701 3116 2933 3186 δύναμιν
2965 3113 3372 3184 προσειληφυῖα
3401 3113 3490 3164 καὶ
3523 3108 3596 3160 διὰ

2042 3208 2201 3266 τοῦτο
2249 3212 2329 3273 είς
2376 3209 2518 3274 ζῶον
2561 3206 2963 3270 είδοποιηθείσα
3011 3204 3088 3275 τῷ
3131 3202 3339 3272 λογικῷ
3388 3201 3476 3254 καὶ
3532 3197 3598 3267 τῷ

2041 3300 2223 3371 ἀλόγῳ
2249 3299 2540 3370 διαιρεῖται
2582 3298 2675 3353 καὶ
2713 3297 2808 3352 δύο
2857 3297 2972 3366 εἴδη
3008 3284 3442 3365 παρηλλαγμένα
3477 3292 3596 3342 dno-

2043 3390 2208 3460 γεννᾷ
2229 3427 2244 3454 ,
2281 3388 2342 3442 τὸ
2374 3389 2592 3457 λογικὸν
2622 3386 2760 3451 ζῶόν
2794 3405 2970 3457 φημι,
3001 3385 3143 3457 ὅπερ
3174 3384 3322 3437 ἐστὶν
3354 3383 3383 3433 ὁ
3413 3380 3597 3450 ἄνθρω-

2043 3498 2166 3546 πος,
2225 3481 2318 3534 καὶ
2365 3480 2426 3533 τὸ
2469 3480 2692 3548 ἄλογον.
2729 3480 2757 3532 ὃ
2797 3480 2890 3532 καὶ
2931 3478 3151 3541 πλείους
3181 3475 3481 3546 ἐπιδέχεται
3516 3470 3598 3532 τὰς

2042 3572 2341 3642 διαφοράς·
2373 3569 2579 3624 τούτων
2615 3569 2729 3642 (27)
2778 3571 2887 3640 γὰρ
2937 3570 2996 3622 τὸ
3037 3568 3138 3638 μέν
3175 3571 3292 3622 ἐστι
3335 3565 3508 3630 πεζὸν,
3547 3562 3598 3615 τὸ

2044 3664 2102 3716 δὲ
2130 3662 2328 3730 νηκτόν
2351 3679 2364 3692 ’
2396 3662 2493 3715 καὶ
2523 3661 2729 3714 τούτων
2772 3661 3004 3714 ἕκαστον
3026 3660 3408 3730 ἑπιδιαιρείται
3433 3655 3592 3717 πάλιν,

2044 3755 2139 3809 καὶ
2165 3755 2259 3808 ἐπὶ
2293 3753 2457 3806 πλέον
2487 3753 2788 3824 πρόεισινὴ
2832 3751 2996 3822 τομὴ,
3037 3751 3125 3803 ἵνα
3159 3750 3434 3819 συντόμως
3476 3748 3597 3799 εἴπω

2045 3849 2140 3901 καὶ
2168 3847 2244 3918 μὴ
2274 3848 2332 3900 ἐν
2366 3845 2726 3916 κατηγορίαις
2768 3846 2867 3915 τὴν
2902 3846 3030 3914 περὶ
3069 3841 3226 3908 ζώων
3250 3841 3482 3911 ἱστορίαν
3521 3840 3592 3890 αἰ-

2044 3939 2164 3992 τίαν
2209 3937 2318 4009 ἐχω
2357 3938 2721 4008 ἀναγράφειν.
2764 3936 2875 3990 Καὶ
2909 3935 3047 4007 αὐτη
3083 3935 3186 4005 μὲν
3221 3934 3360 3988 κατά
3387 3949 3446 4001 γε
3474 3928 3593 4000 ἐμὴν

2046 4032 2307 4104 ἐπιϐολὴν
2356 4034 2390 4104 ἦ
2424 4049 2484 4085 τε
2530 4032 2640 4085 τῶν
2677 4033 2776 4110 τῆς
2822 4031 3012 4094 οὐσίας
3057 4029 3466 4100 σημαινομένων
3493 4025 3592 4077 δια-

2047 4125 2209 4195 στολὴ
2247 4125 2341 4178 καὶ
2383 4125 2481 4195 τῆς
2507 4124 2583 4188 ὡς
2612 4125 2766 4193 γένος
2791 4124 2872 4187 είς
2902 4122 3017 4192 είδη
3056 4119 3394 4192 τεμνομένης
3417 4115 3592 4184 διαίρε-

2048 4232 2131 4280 σις
2154 4230 2168 4244 ⁸
2202 4216 2351 4280 ὅπως
2373 4213 2432 4268 δὲ
2456 4213 2555 4276 τὰς
2587 4198 2757 4276 λαϐὰς
2783 4214 2817 4280 ἡ
2855 4212 3080 4282 τοιαύτη
3109 4211 3315 4282 θεωρία
3335 4207 3593 4272 διαπέφευ-

2045 4324 2161 4376 γεν,
2217 4302 2304 4368 αἷς
2346 4307 2396 4360 oi
2443 4303 2924 4376 ὲπικεχειρηκότες
2975 4304 3180 4374 ἑτέρως
3239 4302 3458 4371 διαιρεῖν
3509 4296 3591 4366 τήν

364 4395 555 4450 caudis
581 4394 874 4464 categoriis
905 4393 1190 4448 historiam
1225 4391 1528 4446 naturalem
1576 4392 1642 4446 de
1689 4391 1940 4444 animali-

2048 4399 2233 4453 οὐσίαν
2260 4398 2594 4462 ἁλίσκονται,
2621 4397 2714 4452 καὶ
2740 4397 2933 4466 ἐφόσον
2964 4398 3024 4449 τὸ
3047 4395 3304 4466 χρειῶδες
3331 4393 3459 4462 αὐτῇ
3486 4406 3591 4442 συν·

359 4488 462 4544 bus
491 4496 828 4544 tractaturus
849 4500 974 4542 esse
999 4484 1204 4539 videar.
1237 4483 1301 4537 Et
1326 4485 1440 4538 haec
1463 4500 1527 4538 ex
1559 4499 1693 4539 meae
1719 4484 1937 4554 quidem

2048 4493 2362 4563 εισφέρεται
2381 4531 2398 4557 ,
2444 4491 2478 4564 ἢ
2509 4492 2605 4545 καὶ
2631 4490 2726 4544 νῦν
2763 4491 2963 4544 αὐτίκα
2989 4488 3120 4554 ἴσως
3147 4487 3180 4558 ἢ
3212 4487 3308 4541 καὶ
3338 4485 3589 4555 προῖόντες

360 4581 561 4637 mentis
599 4580 822 4636 notione
856 4589 940 4634 est
978 4577 1259 4632 distinctio
1303 4579 1583 4632 variarum
1630 4578 1938 4632 substantia:

2048 4584 2102 4650 ὶξ
2149 4581 2362 4638 ἑαυτῶν
2405 4582 2796 4652 ἐπιγνώσεσθε.
2861 4581 2998 4635 Ἀλλ’
3055 4583 3088 4652 ή
3136 4580 3236 4650 μὲν
3281 4579 3376 4648 τῆς
3425 4575 3589 4634 οὐσίας

358 4672 821 4743 significationum
852 4669 1226 4740 ejusdemque,
1275 4685 1396 4739 quae
1427 4679 1486 4723 ut
1514 4684 1686 4739 genus
1725 4670 1780 4723 in
1819 4683 1941 4738 spe-

2048 4675 2306 4746 διαίρεσις
2333 4676 2428 4730 καὶ
2452 4675 2482 4729 δ
2509 4675 2805 4746 προσήκων
2832 4675 2970 4745 αὐτῇ
2999 4673 3156 4742 λογος
3193 4673 3289 4726 καὶ
3314 4672 3346 4742 ή
3375 4667 3474 4723 τῶν
3501 4681 3587 4734 σηο

361 4762 474 4816 cies
520 4761 804 4826 dividitur,
849 4761 1088 4830 partitio.
1139 4757 1260 4827 Quo
1308 4775 1436 4815 vero
1473 4769 1634 4831 pacto
1668 4760 1940 4830 ejusmodi

2048 4768 2391 4838 μαινομένων
2419 4767 2674 4838 διαστολὴ
2699 4769 2756 4820 ὲν
2785 4765 3014 4829 τούτοις.
3091 4789 3097 4796 ·

361 4855 610 4909 doctrina
676 4854 920 4910 defectus
983 4853 1107 4910 illos
1167 4854 1446 4924 effugerit,
1496 4856 1697 4926 quibus
1744 4857 1968 4920 obnoxii
2007 4871 2135 4915 sunt
2170 4862 2264 4931 qui
2294 4862 2450 4916 aliter
2477 4860 2841 4916 substantiam
2875 4856 3109 4929 dispesci
3174 4855 3515 4912 conabantur,
3537 4857 3585 4902 et

361 4955 630 5015 quantum
675 4960 738 5000 ea
769 4947 1022 5002 utilitatis
1057 4946 1246 5002 afferat
1276 4955 1333 5002 et
1373 4947 1672 5017 impertiat,
1705 4948 1783 5003 vel
1812 4965 1960 5006 nunc
1998 4955 2184 5008 statim
2214 4955 2298 5009 vel
2346 4954 2573 5009 ulterius
2599 4952 2873 5024 progressi
2902 4966 2998 5021 per
3055 4964 3150 5004 vos
3218 4949 3362 5018 ipsos
3399 4955 3583 5014 cogno-

361 5043 543 5098 sectis.
591 5042 796 5100 Verum
833 5044 900 5100 de
955 5044 1275 5100 substantia:
1303 5045 1574 5100 divisione
1616 5055 1671 5100 et
1708 5045 1775 5102 de
1824 5049 2147 5119 congruenti
2190 5051 2295 5122 ipsi
2342 5051 2663 5106 definitione
2731 5059 2896 5120 atque
2957 5050 3026 5104 de
3065 5047 3454 5121 significatuum
3481 5040 3582 5096 ἀίει

361 5139 623 5194 tinctione
643 5141 948 5210 hucusque.

438 5229 489 5286 5.
530 5231 636 5287 Sed
659 5231 982 5288 AristOteles
997 5231 1242 5302 quidem,
1266 5230 1525 5298 quoniam
1555 5233 1934 5301 particularem

1882 5341 2112 5400 NOTIE.

435 5431 550 5503 (⁸27)
575 5431 778 5502 ΑΡΟΒΓ·
811 5431 1002 5486 Τοῦτο·
1109 5501 1119 5503 ᾼ
1541 5501 1550 5503 _
1753 5499 1809 5503 _r_
1897 5502 1927 5503 η
2057 5431 2198 5484 Ἀλλ’
2229 5425 2384 5494 οὗτος
2411 5432 2508 5501 μὲν
2532 5433 2560 5484 ὁ
2591 5430 2820 5503 ὁρισμὸς
2843 5432 2936 5503 καὶ
2961 5433 3024 5503 τῇ
3061 5428 3284 5503 καθόλου
3312 5422 3458 5503 οὐσίᾳ
3497 5409 3579 5503 κς)

589 5487 670 5582 {in
697 5487 804 5589 hoc
823 5501 1195 5589 ‘paragra'pho‘
1217 5516 1433 5589 ruﬁsnwm
1469 5501 1732 5589 habemus
1753 5499 1931 5589 Photii

2048 5505 2106 5589 τῇ
2157 5487 2815 5589 μερικῇζὲίραρινίδὰει.’’ρ⁷
2855 5501 2911 5553 δὲ
2985 5487 3576 5589 ’Ἀριστοῖέληςέἐτῗὶξὴ

364 5566 571 5643 textum
599 5574 649 5624 in
673 5573 794 5643 cod.
818 5566 1028 5625 Monac.
1052 5566 1277 5643 Legitur
1361 5571 1429 5625 39
1453 5587 1502 5624 a.
1534 5591 1546 5624 :
1571 5572 1775 5643 Φωτίου
1807 5572 1934 5643 περὶ

2048 5566 2642 5643 τῆν’μερικὴνόὐσίαν
2685 5571 2928 5642 ὁρίζεται
2992 5566 3159 5641 μόνην
3211 5571 3267 5621 ἐν
3306 5566 3426 5626 ταῖς
3462 5573 3574 5614 κατ’

362 5641 550 5704 οὐσίας
574 5659 589 5674 ο
625 5642 796 5713 Οὐσία
818 5643 912 5713 ὲπ¹ι
929 5643 1159 5712 πρᾶγμα
1189 5641 1570 5713 αὐθύπαρκτον
1606 5642 1682 5713 μὴ
1705 5711 1714 5713 Α
1740 5641 1934 5713 δεόμε-
2039 5641 2291 5713 ηγορίαις
2326 5644 2508 5712 φησίν.
2535 5649 2556 5671 ⁸

365 5728 456 5766 νον
485 5712 668 5785 ἑτέρου
700 5712 835 5784 πρὸς
891 5711 1144 5783 ὕπαρξιν.
1205 5711 1361 5782 (Vide
1422 5727 1583 5782 supra
1620 5712 1646 5781 §
1692 5711 1752 5778 2,
1786 5711 1930 5780 init.)

2126 5230 2184 5282 '0
2210 5228 2393 5298 μέντοι
2419 5245 2481 5296 γε
2525 5227 2902 5298 Ἀριστοτέλης
2935 5225 3071 5299 (28),
3099 5226 3220 5279 ἐπεὶ
3256 5224 3351 5292 τὴν
3377 5215 3582 5290 μερικὴν
