3826 6206
162 261 249 325 777

1034 261 1134 318 AD
1157 259 1751 320 AMPHILOCHIUM
1779 260 2121 329 OURESTIO
2159 260 2529 327 CXXXVIII.

3281 270 3389 334 778

161 386 290 426 νεται
316 365 490 439 ψυχρὰ
519 364 613 420 καὶ
640 365 838 438 θερμὴ,
870 366 903 437 ἢ
937 367 1122 422 δικαία
1154 368 1251 422 καὶ
1284 367 1487 433 ἄδικος,
1527 368 1562 438 ἢ
1600 368 1741 428 σώ-⁴

1830 378 1910 424 est.
1944 369 2054 426 Hoc
2084 371 2214 425 νείιῦ
2247 381 2298 426 et
2334 373 2551 442 proprie
2580 374 2749 443 ipsius
2775 378 3083 448 proprietas
3109 388 3218 445 est,
3253 381 3386 451 quia

162 482 293 536 φρων
314 463 402 517 καὶ
417 461 729 527 ἀκόλαστος,
754 462 787 533 ἢ
814 464 1095 535 φρενήρης
1116 464 1209 518 καὶ
1229 465 1569 535 ἀφραίνουσα
1594 464 1705 537 (46)

164 560 192 627 ἢ
216 574 265 611 τι
298 555 400 626 (47)
425 553 531 610 τῶν
564 553 965 627 παραπλησίων
985 570 1002 586 ⁸
1031 557 1081 609 εί
1110 556 1167 610 δέ
1196 574 1248 610 τι
1274 557 1370 610 καὶ¹
1406 560 1472 628 τῇ
1500 559 1575 621 ὡς
1603 556 1705 629 ὕλῃ

162 647 299 718 οὐσίᾳ
331 644 563 700 τοιοῦτον
587 646 940 719 συμϐέϐηκεν
959 688 975 713 ,
1001 649 1102 703 οὐκ
1133 648 1251 702 ἔστι
1276 649 1486 721 διαιτᾷν
1513 650 1706 720 καιροῦ

159 738 239 791 τοῦ
268 737 541 807 παρόντος.
576 738 639 791 Oi
671 737 729 791 δὲ
767 738 1049 808 λέγοντες,
1073 738 1151 804 ώς
1182 741 1277 794 καὶ
1316 741 1395 810 τῷ
1425 740 1569 812 λόγῳ
1614 741 1706 794 καὶ

159 832 214 900 τῇ
241 829 357 901 δόξῃ
378 828 530 883 τοῦτο
554 829 751 885 ἕπεται
779 831 840 885 τὸ
863 831 993 885 ἴδιον
1017 832 1152 903 (48),
1179 830 1498 905 εὐφώρατον
1525 834 1707 903 έχουσι

158 920 211 973 τὸ
239 919 418 990 ψεῦδος
436 939 451 954 ·
484 923 618 990 φασὶ
652 924 751 994 μὲν
780 923 910 995 γὰρ,
938 925 1012 988 ώς
1039 927 1067 979 ὀ
1097 924 1271 994 λέγων
1297 926 1389 979 τὸν
1412 927 1710 997 Σωκράτην

160 1013 404 1081 καθῆσθαι
448 1013 627 1083 λόγος,
659 1016 688 1067 ὁ
733 1015 895 1079 αὐτὸς
940 1017 1152 1086 μένων,
1196 1017 1330 1070 καθό
1368 1035 1432 1085 γε
1461 1018 1521 1070 τὸ
1570 1014 1710 1071 εἶναι

160 1104 295 1172 λόγος
320 1103 459 1175 ἔσχε,
490 1106 585 1159 τοῦ
627 1108 727 1176 μὲν
764 1107 1089 1177 Σωκράτους
1116 1109 1426 1179 καθημένου
1455 1109 1712 1181 ἀληθείας

158 1191 217 1265 ἦν
239 1197 579 1266 σημαντικὸς,
612 1199 946 1263 ἀναστάντος
972 1201 1030 1254 δὲ
1052 1201 1144 1254 τοῦ
1169 1202 1494 1273 Σωκράτους
1515 1202 1711 1272 ψεῦδος

160 1287 449 1359 εὑρίσκεται
486 1289 808 1361 δεδεγμένος
832 1308 845 1322 ο
877 1292 1019 1347 ὥστε
1054 1293 1150 1347 καὶ
1176 1297 1203 1347 ὁ
1237 1294 1396 1361 λόγος
1420 1294 1530 1348 τῶν
1553 1298 1711 1349 ἐναν-

160 1379 272 1433 τίων
313 1381 456 1435 ἐστὶν
489 1383 770 1449 δεκτικός·
810 1384 1069 1448 ώσαύτως
1105 1385 1162 1438 δὲ
1205 1387 1299 1440 καὶ
1327 1386 1507 1457 ήδόξα
1532 1403 1543 1415 ·
1581 1388 1715 1441 καθ-

161 1470 341 1539 ημένου
387 1473 482 1543 μὲν
529 1473 640 1546 γὰρ
677 1474 841 1529 αὐτοῦ
887 1476 1095 1547 ἀληθὴς
1141 1474 1209 1545 ἦν
1252 1479 1285 1547 ἡ
1314 1477 1408 1530 τοῦ
1435 1478 1708 1548 καθῆσθαι

159 1560 298 1629 δόξα,
343 1565 671 1630 ἀναστάντος
698 1568 755 1622 δὲ
792 1570 825 1640 ἡ
876 1568 1015 1641 αὐτὴ
1047 1569 1175 1634 δόξα
1215 1568 1449 1639 ψεύδους
1494 1571 1715 1640 ἐγένετο

158 1650 378 1724 δεκτική.
426 1657 569 1711 Ἀλλ’
607 1658 656 1711 οί
704 1658 803 1730 μὲν
853 1659 1241 1731 διαποροῦντες
1287 1659 1461 1723 οὕτως
1511 1662 1709 1729 φασίν*

159 1717 376 1799 ίστωσαν
402 1747 476 1814 δὲ,
512 1750 597 1803 ὅτι
628 1750 689 1804 οὐ
704 1717 865 1806 ’κατὰ
899 1752 998 1824 τὴν
1018 1717 1177 1807 ’ίδίαν
1214 1717 1535 1825 μεταϐολὴν.
1563 1755 1591 1807 ὁ
1624 1754 1713 1808 λό-
1746 1717 1794 1780 Β

159 1851 241 1903 τος
279 1839 463 1906 γέγονε
500 1840 732 1912 ψεύδους
760 1845 857 1899 καὶ
885 1844 1144 1917 ἀληθείας
1173 1844 1422 1910 δεκτικὸς
1442 1887 1457 1912 ,
1492 1848 1555 1900 οὐ
1575 1890 1590 1902 .
1609 1848 1718 1919 μὴν

157 1928 265 1985 οὐδὲ
296 1933 327 2004 ὴ
352 1933 476 2003 δόξα
497 1974 513 1999 ,
552 1936 689 1991 ἀλλὰ
728 1939 929 2009 μᾶλλον
956 1939 1096 1994 κατὰ
1132 1940 1233 2012 τὴν
1264 1941 1360 1994 τοῦ
1390 1941 1720 2013 πράγματος

158 2022 469 2098 ἐναλλαγὴν,
507 2029 647 2102 ὅπερ
681 2034 714 2104 η
756 2032 858 2103 μὲν
886 2033 1159 2101 ἐδόξασεν,
1192 2036 1220 2088 δ
1247 2034 1302 2088 δὲ
1338 2035 1681 2107 ἀπήγγειλεν
1701 2054 1717 2071 ·

157 2117 199 2170 εί
225 2118 325 2191 γάρ
357 2123 431 2193 μὴ
462 2123 762 2194 μετέϐαλεν
791 2128 820 2179 ό
841 2127 1140 2198 Σωκράτης
1174 2128 1240 2183 ἐκ
1266 2128 1360 2183 τοῦ
1392 2130 1721 2195 καθέζεσθαι

156 2209 408 2280 ἀναστὰς,
447 2215 552 2269 οὐκ
602 2214 668 2270 άν
708 2234 843 2270 ποτε
889 2219 917 2271 ὁ
955 2219 1047 2272 τὸν
1096 2220 1393 2292 Σωκράτην
1449 2221 1722 2293 καθῆσθαι

156 2298 313 2369 λέγων
351 2304 573 2372 ἐγένετο
598 2306 756 2377 λόγος
783 2308 982 2381 ψευδὴς
1000 2352 1013 2375 ,
1044 2311 1160 2363 ἀλλ’
1194 2311 1302 2364 οὐδ’
1343 2314 1375 2383 ἡ
1412 2312 1539 2377 δόξα
1557 2300 1682 2381 ’(49)
1705 2329 1719 2343 ⁶

157 2390 282 2445 ὥστε
305 2397 395 2449 καὶ
424 2397 490 2450 ὲκ
512 2398 704 2452 τούτου
729 2401 885 2472 δῆλον
904 2441 919 2465 ,
952 2402 1026 2465 ὡς
1054 2403 1290 2474 μάλιστα
1320 2403 1452 2457 ἴδιόν
1480 2405 1596 2457 ἐστι
1624 2404 1724 2473 τῆς

155 2485 327 2551 οὐσίας
366 2489 426 2541 τὸ
458 2490 852 2563 ἀποδεδόμενον
907 2494 1076 2548 ἴδιον
1124 2496 1186 2548 οὐ
1230 2495 1388 2565 μόνον
1435 2484 1546 2567 γὰρ
1584 2496 1723 2567 αὑτὴ

159 2577 352 2646 πέφυκε
381 2581 639 2652 δέχεσθαι
685 2586 948 2641 τάναντία
979 2587 1120 2641 κατὰ
1164 2588 1263 2658 τὴν
1303 2587 1506 2657 ἑαυτῆς
1557 2606 1725 2657 μετα-

157 2669 322 2741 ϐολὴν,
354 2675 491 2730 ἀλλὰ
518 2678 612 2730 καὶ
645 2679 853 2750 ἑτέροις
898 2681 1343 2752 μεταϐαλλομένη
1378 2681 1491 2753 (50)
1518 2682 1725 2749 γίνεται

157 2765 293 2818 αἰτία
342 2768 433 2820 τοῦ
483 2770 663 2823 δοκεῖν
710 2773 852 2827 αὐτὰ
905 2773 1153 2842 γίνεσθαι
1187 2773 1295 2827 τῶν
1344 2775 1603 2828 ἐναντίων
1639 2774 1726 2826 δε-

158 2859 306 2913 κτικά
324 2876 339 2891 ’
368 2862 394 2913 ό
420 2862 555 2931 γοῦν
584 2863 742 2932 λόγος
768 2866 861 2919 καὶ
893 2868 926 2937 ἡ
954 2866 1100 2930 δόξα,
1130 2867 1177 2919 εί
1196 2867 1291 2919 καὶ
1319 2866 1727 2937 συγχωρηθεῖεν

160 2940 286 3001 εἶναι
335 2951 443 3007 τῶν
503 2955 764 3009 ἐναντίων
795 2957 1057 3022 δεκτικά,
1107 2956 1221 3011 ἀλλ’
1250 2958 1352 3011 οὐκ
1380 2958 1446 3013 ἂν
1489 2957 1729 3028 λεχθεῖεν

1807 461 2165 515 convertitur.
2207 460 2529 516 SubStantia
2559 462 2704 516 enim
2743 467 2921 521 omnis
2944 477 2996 523 et
3021 467 3137 522 sola
3169 482 3385 536 perma-

1807 567 1944 605 nens
1974 554 2299 617 substantia,
2332 561 2538 607 mutata
2592 562 2773 609 tamen
2830 560 3006 626 quoad
3055 561 3385 629 qualitates,

1807 644 1868 698 fit
1899 643 2093 713 frigida
2131 654 2185 698 et
2214 645 2410 710 calida,
2442 646 2524 700 vel
2554 647 2701 713 justa
2743 657 2798 703 et
2830 648 3051 717 iniusta,
3093 655 3179 707 vel
3207 652 3386 707 conti-

1810 751 1946 790 nens
1977 744 2030 789 et
2050 736 2334 804 effrenata,
2362 738 2449 791 vel
2474 738 2718 807 prudens
2744 748 2798 793 et
2821 739 3121 797 insaniens
3148 750 3229 797 vel
3255 742 3388 813 quid

1811 828 2098 883 similium.
2130 829 2212 882 An
2248 844 2376 883 vero
2405 837 2458 883 et
2487 830 2797 885 substantia
2821 871 2836 894 ,
2870 848 2994 903 quae
3020 832 3184 886 veluti
3215 846 3389 890 mate-

1811 921 1891 974 ria
1928 930 2034 984 est,
2091 920 2363 989 ejusmodi
2418 922 2549 990 quid
2610 924 2913 991 acciderit,
2972 939 3080 977 non
3116 934 3200 978 est
3232 924 3391 993 hujus

1811 1012 2073 1081 temporis
2114 1012 2438 1082 diiudicare.
2485 1011 2589 1079 Qui
2641 1030 2779 1069 vero
2818 1015 3006 1070 dicunt
3055 1015 3219 1069 etiam
3275 1031 3396 1070 ser—
3476 1074 3480 1079 ,

1813 1103 1959 1156 moni
1990 1112 2042 1157 et
2070 1103 2312 1171 opinioni
2352 1103 2491 1157 hanc
2522 1105 2817 1159 convenire
2849 1104 3273 1173 proprietatem,
3310 1101 3395 1156 fa-

1814 1193 2013 1247 cillime
2073 1191 2341 1247 mendacii
2391 1195 2819 1249 convincuntur.
2897 1194 3111 1248 Etenim
3182 1196 3394 1256 dicunt,

1814 1299 2128 1342 sermonem
2165 1302 2315 1351 eum,
2365 1285 2458 1354 qui
2498 1286 2630 1340 dicit
2667 1287 2947 1341 Socratem
2982 1287 3202 1351 dicere,
3237 1303 3396 1340 eum-

1814 1381 1935 1435 dem
1984 1390 2325 1443 manenlem,
2385 1380 2438 1433 in
2492 1388 2759 1449 quantum
2815 1380 3084 1445 habebat,
3138 1379 3283 1450 quod
3328 1380 3401 1434 sit

1815 1487 2022 1537 sermo,
2042 1473 2281 1527 veritatis
2302 1472 2471 1527 fuisse
2503 1473 2947 1542 signiticativum,
2978 1472 3110 1525 dum
3142 1472 3400 1525 Socrates

1816 1564 2063 1630 sederet;
2089 1580 2212 1620 cum
2239 1580 2367 1620 vero
2393 1566 2645 1620 Socrates
2667 1570 3013 1621 surrexisset.
3049 1564 3398 1618 mendaciqu

1821 1660 2189 1714 continentem
2231 1657 2495 1727 reperiri;
2527 1659 2669 1713 unde
2694 1657 2831 1713 eflici
2863 1664 3059 1726 putant
3087 1656 3251 1709 etiam
3285 1670 3402 1708 ser-

1822 1765 2042 1807 monem
2074 1748 2346 1804 contraria
2376 1765 2537 1820 posse
2562 1749 2863 1819 suscipere.
2894 1747 3161 1802 Similiter
3180 1761 3402 1816 quoque

1819 1843 1888 1900 de
1918 1844 2177 1915 opinione
2203 1851 2474 1898 statuunt.
2509 1839 2747 1895 Sedente
2797 1841 2943 1895 enim
2993 1838 3223 1894 Socrate
3272 1854 3403 1893 vera

1823 1936 1923 1992 fuit
1954 1937 2176 2008 opinio,
2221 1952 2343 2006 quae
2388 1950 2517 1990 eum
2564 1934 2754 1990 sedere
2798 1933 3093 1999 censebat;
3146 1940 3407 2001 surgente

1823 2046 1953 2085 vero
1995 2031 2088 2085 illo
2123 2029 2311 2084 eadem
2350 2029 2538 2099 opinio
2573 2027 2807 2083 mendax
2848 2025 3046 2081 evasit.
3090 2024 3183 2078 Sic
3222 2023 3407 2092 itaque

1822 2124 2012 2180 dicunt
2044 2123 2138 2193 qui
2172 2122 2239 2177 de
2268 2122 2368 2176 hac
2397 2138 2454 2176 re
2483 2121 2752 2176 dubitant.
2792 2117 2996 2174 Verum
3035 2117 3235 2181 sciant,
3291 2132 3401 2170 non

1824 2214 2129 2271 secundum
2162 2214 2244 2268 sui
2297 2214 2472 2282 ipsius
2508 2213 2863 2267 mutationem
2907 2224 3217 2265 sermonem
3251 2208 3407 2262 illum

1827 2304 2120 2359 faisitatem
2149 2313 2203 2358 et
2232 2303 2517 2357 veritatem
2541 2302 2870 2370 suscepisse,
2894 2315 3070 2369 neque
3096 2299 3260 2353 etiam
3291 2297 3411 2365 opi-

1825 2396 2066 2457 nionem,
2101 2395 2194 2450 sed
2239 2393 2419 2463 potius
2464 2392 2763 2447 secundum
2816 2391 2891 2445 rei
2946 2390 3411 2452 immutationem,

1826 2487 1970 2558 quod
2009 2486 2194 2555 opinio
2230 2485 2557 2552 Opinaliatnr
2608 2494 2662 2538 et
2706 2482 2850 2553 quod
2894 2498 3076 2537 sermo
3112 2480 3408 2535 nuntiavit.

1828 2579 1940 2635 Nisi
1971 2580 2115 2634 enim
2146 2590 2386 2633 mutatus
2414 2577 2606 2632 fuisset
2640 2575 2918 2639 Socrates,
2948 2576 3041 2645 qui
3068 2615 3083 2639 ,
3118 2585 3410 2645 postquam

1829 2673 2011 2737 sedit,
2059 2673 2337 2737 surrexit,
2371 2687 2649 2741 nunquam
2683 2685 2865 2726 sermo
2899 2669 3181 2724 Sorratem
3220 2670 3415 2722 sedere

1829 2767 2104 2822 allirmans
2136 2768 2371 2819 mendax
2416 2764 2719 2827 evasisset,
2770 2778 2943 2831 neque
2976 2763 3140 2816 etiam
3200 2761 3414 2830 opinio.

1830 2860 2199 2927 Quamobrem
2243 2869 2297 2913 et
2343 2875 2408 2913 ex
2448 2859 2550 2913 hoc
2591 2867 2736 2924 patet
2779 2858 2979 2911 dictam
3005 2858 3413 2926 proprietatem

1834 2952 2071 3007 maxime
2097 2950 2421 3006 substantia:
2446 2965 2569 3003 esse
2587 2949 2884 3019 propriam.
2912 2947 3029 3002 Non
3060 2949 3236 3004 solum
3268 2949 3414 3003 enim

160 3036 285 3103 ὅλως
312 3044 450 3099 κατὰ
503 3047 604 3118 τὴν
646 3049 856 3102 έαυτῶν
895 3049 1202 3121 μεταϐολὴν
1234 3049 1484 3121 ὥσπερὴ
1531 3034 1688 3103 οὐσία
1711 3090 1725 3114 ,

1833 3045 1949 3114 ipsa
1974 3054 2097 3113 apta
2128 3042 2341 3097 exsistit
2368 3041 2433 3095 ad
2472 3041 2781 3112 recipienda
2807 3040 3081 3095 contraria
3111 3040 3416 3096 secundum

160 3126 284 3183 ἀλλὰ
326 3134 532 3203 μᾶλλον
569 3137 711 3191 κατὰ
754 3138 856 3208 τὴν
900 3137 1001 3209 τῆς
1038 3138 1232 3203 οὐσίας
1285 3140 1591 3212 μεταϐολὴν
1629 3140 1725 3193 καὶ

156 3219 237 3273 διὰ
262 3223 321 3277 τὺ
356 3228 578 3299 ἐκείνην
611 3230 861 3300 δέχεσθαι
902 3233 1183 3300 τάναντία,
1222 3235 1529 3288 δείκνυνται
1582 3251 1727 3306 παρ-

155 3313 485 3457 (ἕεπολαύοντα
521 3322 614 3375 καὶ
641 3323 814 3377 ταῦτα
842 3324 936 3378 τοῦ
958 3326 1135 3381 δοκεῖν
1161 3322 1304 3381 εἶναι
1333 3327 1443 3381 τῶν
1472 3327 1731 3382 ἐναντίων

212 3408 388 3457 κτικά-

212 3408 388 3464 κτικά.

1831 3153 1987 3194 suam
2022 3136 2197 3206 ipsius
2218 3135 2605 3197 mutationem,
2640 3150 2830 3187 verum
2861 3132 3027 3187 etiam
3061 3133 3183 3188 aliis
3216 3132 3269 3186 in
3316 3148 3418 3187 sua

1834 3220 2138 3286 mutatione
2165 3244 2334 3284 causa
2367 3230 2448 3291 lit,
2479 3227 2626 3297 quod
2667 3227 2785 3297 ipsa
2824 3227 3102 3281 contraria
3138 3242 3333 3294 capere
3362 3235 3419 3279 et

1837 3323 2113 3392 suscipere
2149 3321 2458 3375 videantur.
2494 3318 2689 3373 Sermo
2742 3318 2911 3387 igitur
2953 3331 3007 3373 et
3040 3319 3227 3386 Opinio
3251 3357 3265 3379 ,
3315 3317 3419 3369 etsi

1842 3412 2173 3470 concedatur
2203 3426 2299 3466 eos
2345 3424 2505 3478 posse
2540 3409 2814 3464 contraria
2857 3409 3146 3464 admittere
3169 3449 3184 3473 ,
3238 3415 3420 3461 tamen

157 3500 373 3558 omnino
405 3520 516 3560 non
552 3510 855 3565 secundum
882 3527 1039 3567 suam
1068 3514 1314 3584 ipsorum
1348 3514 1732 3576 mutationem,
1773 3510 1917 3564 sicut
1983 3505 2335 3571 substantiae,
2368 3504 2463 3558 sed
2508 3504 2691 3573 potius
2736 3503 3037 3558 secundum
3102 3501 3423 3555 substantiae

160 3598 513 3652 mutationem
547 3601 689 3655 hanc
712 3602 1154 3671 praedicationem
1176 3606 1498 3670 sortientur,
1524 3616 1577 3658 et
1606 3603 1735 3674 quia
1775 3600 2080 3655 substantia
2120 3596 2395 3651 contraria
2461 3594 2719 3661 admittit,
2784 3594 2907 3649 ideo
2966 3602 3021 3648 et
3075 3593 3192 3663 ipsa
3264 3607 3425 3649 mou-

158 3694 396 3744 strantur
436 3707 503 3747 ea
534 3690 641 3747 frui
671 3694 1078 3763 praxiicatione,
1124 3704 1184 3750 ut
1215 3706 1269 3752 et
1305 3696 1419 3765 ipsa
1454 3694 1728 3750 contraria
1769 3691 2055 3746 admittere
2081 3689 2390 3741 videantur.
2598 3744 2619 3762 χ
3490 3680 3493 3687 ’

224 3790 297 3849 ς’.
347 3785 407 3842 Ὀ
438 3788 625 3859 μέντοι
652 3806 717 3858 γε
760 3789 1141 3861 Ἀριστοτέλης
1173 3789 1615 3862 προχειρότερον,
1646 3787 1736 3840 ἵνα

159 3875 231 3943 μὴ
282 3876 430 3945 λέγω
488 3877 883 3951 ῥᾳθυμότερον,
916 3880 1044 3950 περὶ
1088 3880 1277 3942 οὐσίας
1322 3877 1594 3932 διαλαϐὼν
1642 3877 1737 3929 καὶ

156 3963 313 4038 ἕτερα
360 3969 458 4023 δύο
495 3969 602 4024 ἴδια
641 3971 857 4040 τίθησιν
905 3970 1127 4035 οὐσίας·
1177 3971 1237 4024 ἓν
1290 3971 1389 4043 μὲν
1426 3970 1487 4024 τὸ
1529 3969 1648 4022 τόδε
1681 3985 1736 4019 τι

155 4058 467 4126 σημαίνειν,
505 4061 643 4131 ὅπερ
686 4060 772 4133 εῐη
811 4062 877 4116 ἂν
912 4060 1043 4114 ῖδιον
1084 4060 1147 4114 οὐ
1178 4061 1277 4131 τῆς
1309 4060 1498 4123 άπλῶς
1525 4059 1735 4122 οὐσίας,

156 4150 251 4219 τῆς
298 4150 355 4204 δὲ
398 4154 533 4223 παρ’
569 4152 735 4207 αὐτοῦ
764 4151 1065 4224 κληθείσης
1111 4150 1337 4223 πρώτης
1374 4150 1599 4213 οὐσίας’
1642 4148 1738 4202 καὶ

155 4240 340 4312 ἕτερον
387 4245 553 4299 πάλιν
606 4245 670 4298 τὸ
720 4244 1053 4316 συνωνύμως
1105 4243 1537 4315 κατηγορεῖσθαι
1580 4242 1692 4311 (51)
1719 4257 1733 4273 ⁸

155 4333 240 4405 εἴη
284 4336 331 4390 δ’
360 4337 430 4392 ἂν
460 4338 558 4393 καὶ
594 4336 753 4393 τοῦτο
781 4339 912 4392 ῐδιον
940 4340 1040 4410 τῆς
1078 4337 1210 4409 παρ’
1250 4337 1416 4391 αὐτοῦ
1448 4336 1738 4407 κληθείσης

154 4430 415 4504 δευτέρας
455 4432 644 4495 οὐσίας
663 4448 677 4464 ·
705 4430 843 4486 ἀλλὰ
869 4430 931 4486 τὸ
966 4430 1068 4502 μὲν
1102 4431 1222 4485 τόδε
1247 4448 1299 4484 τι
1324 4430 1611 4501 σημαίνειν
1648 4429 1738 4498 μόο

154 4540 247 4593 νης
287 4525 412 4578 ἐστὶ
456 4524 559 4594 τῆς
597 4521 819 4595 πρώτης
865 4524 1088 4588 οὐσίας’
1129 4524 1267 4595 μόνη
1314 4523 1423 4594 γὰρ
1470 4522 1504 4594 ἡ
1537 4522 1737 4594 μερικὴ

154 4615 299 4685 χειρὶ
336 4616 671 4686 δεικνυμένη
697 4615 733 4684 ἢ
765 4615 938 4686 ἑτέρῳ
964 4614 1074 4668 τινὶ
1100 4614 1327 4685 τοιούτῳ
1351 4613 1470 4667 τόδε
1500 4630 1553 4665 τι
1583 4611 1739 4681 λέγε-

1904 3783 1956 3837 6.
1991 3781 2247 3836 Attamen
2279 3779 2599 3834 Aristoteles
2653 3779 2835 3834 minus
2893 3778 3203 3850 diligenter,
3235 3795 3304 3834 ne
3342 3780 3428 3834 di-

1834 3891 1953 3931 cam
1988 3874 2322 3943 negligenter
2344 3870 2734 3925 desubstantia
2760 3869 3042 3925 disserens
3095 3870 3235 3924 duas
3287 3872 3426 3926 alias

1836 3965 1989 4037 ponit
2019 3964 2342 4018 substantiae
2366 3962 2766 4032 preprietates:
2804 3974 2968 4014 unam
2994 3961 3239 4031 quidem,
3275 3963 3424 4032 quod

1836 4061 1941 4114 hoc
1971 4057 2179 4127 aliquid
2210 4055 2515 4126 significet;
2574 4053 2681 4108 hoc
2736 4068 2868 4107 vero
2926 4067 3039 4107 non
3100 4053 3428 4108 substantia:

1835 4147 2165 4219 simpliciter
2192 4144 2472 4215 proprium
2508 4141 2695 4210 fuerit,
2726 4141 2820 4197 sed
2851 4139 2992 4211 ejus,
3043 4156 3167 4210 qua:
3195 4143 3264 4196 ab
3305 4142 3428 4212 ipso

1843 4248 2069 4295 vocatur
2092 4238 2306 4308 prima;
2334 4234 2561 4289 alteram
2597 4249 2728 4288 vero
2756 4233 2903 4303 quod
2953 4230 3185 4303 univoce
3234 4233 3431 4304 pradi-

1847 4342 2035 4399 cetur;
2068 4330 2163 4385 sed
2200 4330 2305 4384 hoc
2332 4342 2553 4399 quoque
2575 4324 2858 4396 proprium
2884 4322 3048 4378 fuerit
3080 4323 3428 4388 substantiae,

1844 4441 2010 4495 quam
2048 4424 2167 4493 ipse
2196 4422 2495 4477 secundam
2521 4419 2778 4489 appellat.
2809 4416 2879 4472 At
2908 4431 3040 4471 vero
3063 4415 3238 4487 prius,
3281 4420 3429 4486 quod

1845 4514 2153 4571 substantia
2213 4512 2315 4568 hoc
2374 4511 2580 4581 aliquid
2628 4509 2918 4579 signiticet,
2971 4507 3145 4562 solius
3234 4508 3431 4577 prima:

1845 4607 2164 4666 substantias
2200 4614 2319 4671 est;
2350 4605 2465 4659 haec
2491 4602 2659 4668 enim,
2702 4600 3009 4656 substantia
3044 4598 3423 4669 particularis,

150 4721 241 4762 ται
270 4704 417 4765 εἶναι
460 4708 572 4781 (52)
591 4724 607 4742 ο
634 4708 697 4762 τὸ
721 4709 778 4762 δὲ
809 4706 1144 4778 συνωνύμως
1178 4704 1608 4778 κατηγορεῖσθαι
1635 4705 1736 4759 οὐκ

1839 4704 1956 4760 sola
1985 4701 2156 4772 digito
2185 4708 2406 4756 ostensa
2452 4696 2539 4751 vel
2584 4695 2693 4750 alio
2738 4692 3012 4763 ejusmodi
3064 4692 3169 4747 hoc
3219 4691 3427 4761 aliquid

1676 4837 1913 4895 ΝΟΤᾹΞ.

223 4942 341 5015 (46)
376 4938 675 5015 Perperam
698 4936 974 5015 Catiforus
1007 4936 1310 5015 legendum.
1320 4936 1583 5015 censebat
1623 4951 1723 4987 σω-

153 5006 437 5089 φρονοῦσα
465 5006 520 5067 et
555 5010 842 5089 lectionem
870 5006 1555 5089 acppaivbuaatollendam.

224 5087 341 5155 (47)
379 5084 474 5155 Sic
501 5090 659 5155 recte
680 5078 850 5155 Vatic.
883 5076 1075 5155 apogr.
1109 5077 1272 5155 Catil}
1299 5076 1559 5155 mendose
1584 5095 1597 5131 :
1682 5092 1736 5127 τι

229 5146 345 5224 (48)
381 5154 535 5209 lianc
572 5146 935 5224 objectioneni
962 5146 1080 5221 ipse
1108 5150 1212 5206 sibi
1236 5148 1367 5203 facit
1389 5146 1736 5210 Aristoteles,

155 5243 208 5284 ο.
240 5226 295 5287 5,
326 5225 354 5296 §
382 5226 475 5289 22,
516 5240 569 5294 p.
604 5223 661 5277 6.

230 5298 345 5368 (i9)
377 5297 613 5368 Aristot.
633 5295 670 5346 I.
706 5307 754 5347 ο.
788 5291 909 5368 :_'0
939 5291 996 5346 δὲ
1010 5291 1181 5368 ’λόγος
1226 5288 1322 5343 καὶ
1352 5289 1385 5358 ἡ

160 5580 289 5648 χθαι
320 5577 433 5631 τῶν
460 5579 616 5630 ἑναντ

162 5643 295 5718 περὶ
322 5649 514 5718 ἕτερόν
543 5664 597 5699 τι
624 5646 683 5699 τὸ
710 5645 881 5708 πάθος
919 5643 1273 5718 γεγενῆσθαι.

237 5709 355 5790 {50)
423 5709 696 5775 Catiforus
760 5709 942 5786 legere
997 5709 1170 5769 voluit
1230 5709 1743 5782 μεταϐαλλομένοις.

1484 5288 1542 5320 επ
1603 5289 1659 5320 η..

230 5286 354 5368 (49Ῑ
377 5286 605 5349 Ατίδίυι.
633 5295 670 5346 I.
706 5307 754 5347 ο.
788 5309 802 5344 :
849 5291 909 5343 Ὁ
939 5291 996 5346 δὲ
1024 5291 1181 5359 λόγος
1226 5288 1322 5343 καὶ
1352 5289 1385 5358 ἡ
1419 5288 1567 5352 δόξα,
1602 5286 1742 5340 αὐτὰ

161 5369 261 5441 μὲν
287 5368 525 5442 ἀκίνητα
545 5365 723 5442 πάντη
758 5362 981 5442 πάντως
1004 5360 1249 5442 διαμένει
1276 5377 1305 5442 ο.
1346 5359 1456 5442 τοῦ.
1473 5358 1742 5442 δὲιττράγ-

160 5428 336 5510 ματος
374 5428 722 5505 κινηθέντος,
748 5432 839 5484 ὁτὲ
871 5434 969 5504 μὲν
997 5428 1202 5501 ἀληθὴς
1228 5429 1318 5483 ὁτὲ
1344 5428 1401 5480 δὲ
1429 5428 1630 5498 ψευδὴς
1652 5429 1743 5481 λέ-

160 5525 318 5551 verm
353 5547 367 5551 _
397 5547 410 5551 -
444 5547 457 5551 _
489 5507 517 5551 ἧ
550 5507 660 5551 γὰο
690 5502 844 5551 λόγοι
882 5504 977 5551 καὶ
996 5505 1029 5551 ἦ
1058 5501 1186 5551 δόξα.
1210 5501 1269 5551 οὐ
1296 5498 1375 5551 τῶ
1431 5499 1575 5551 αὐτὰ
1602 5497 1745 5551 535:5.-

160 5502 319 5575 γεται
352 5547 367 5563 .
397 5547 410 5561 .
443 5547 458 5561 .
488 5502 517 5561 ό
550 5507 620 5574 γά
690 5502 845 5568 λόγος
874 5502 977 5557 καὶ
996 5505 1030 5573 ὴ
1058 5502 1186 5566 δόξα
1210 5502 1269 5554 οὐ
1296 5502 1375 5569 τῷ
1431 5502 1575 5553 αὐτὰ
1602 5502 1745 5551 δεδέ-
1849 5502 2100 5566 ἁρμόζει,
2132 5502 2253 5562 οὐχὶ
2276 5502 2331 5545 δὲ
2354 5502 2449 5545 καὶ
2465 5502 2586 5553 ταῖς
2616 5502 2845 5541 καυολου
2870 5502 2884 5515 ο
2914 5502 2975 5536 το
3000 5502 3110 5550 γαρ
3161 5502 3421 5531 catmum

160 5580 289 5639 γθαι
320 5577 433 5631 τῶν
460 5522 717 5630 ἐναντευν
742 5573 880 5630 εῖναι
906 5573 1132 5627 δεκτικὰ
1182 5571 1421 5639 λέγεται,
1479 5567 1617 5621 ἀλλὰ
1666 5566 1746 5638 τῷ
1846 5566 1937 5639 διὰ
1955 5567 2055 5639 τῆς
2077 5565 2263 5639 χειρὸς
2276 5560 2312 5633 ἦ
2345 5561 2506 5639 άλλου
2532 5558 2677 5621 τινος
2729 5551 3137 5639 τοιούτου).

1838 4932 1931 4987 sed
1964 4939 2253 4986 contextus
2277 4926 2610 4997 suffragatur
2642 4921 2865 4979 lectioni
2918 4919 3094 4974 Vatic.
3147 4932 3312 4986 quam
3373 4926 3429 4973 et

1834 5011 1988 5058 tenet
2017 5017 2206 5071 apogrf
2229 4999 2292 5055 C.

1912 5072 2024 5143 (51)
2052 5056 2279 5143 Ἐιυγςιι.
2306 5066 2554 5143 ordinem
2572 5065 2944 5143 membrorum
2976 5060 3228 5115 dedimus
3251 5056 3429 5143 EAVen.

1840 5129 2030 5231 apo'gr'.
2070 5142 2128 5196 iu
2164 5142 2250 5196 his
2278 5138 2561 5211 paululum
2594 5135 2771 5191 differt
2804 5144 2931 5203 post
2995 5146 3158 5186 voces
3209 5129 3429 5198 τίθησιν

1841 5215 2279 5355 ουῗὲἒῖιησοά.
2312 5278 2468 5355 Mem
2491 5280 2715 5355 haee‘est
2746 5275 3055 5355 proprietas
3088 5272 3272 5355 tertia,
3305 5283 3431 5355 qius

1847 5340 1937 5409 ita‘
1956 5340 2287 5409 describitur
2318 5369 2331 5405 :
2365 5350 2565 5420 Τρίτον
2590 5348 2720 5402 ῐδιον
2748 5340 3073 5420 τῆςούσίας
3104 5340 3227 5420 τόδε
3248 5355 3300 5391 τι
3331 5354 3431 5420 ση-

1852 5406 2105 5495 μάίιέιςε
2124 5406 2315 5495 τοῦτο
2336 5420 2394 5474 δὲ
2414 5406 2481 5495 ξω
2530 5419 2662 5495 [διον
2693 5421 2774 5495 ,τῇ
2807 5406 3025 5495 ’μερεκῇ
3050 5411 3235 5495 ,οῠσέςι
3284 5406 3431 5495 rem

1849 5479 2100 5566 ἆρμόζει,
2132 5493 2253 5566 οὐχὶ
2276 5492 2331 5566 δὲ
2354 5492 2449 5566 καὶ
2465 5492 2586 5553 ταῖς
2616 5479 2845 5566 καθόλου
2858 5500 2884 5566 ,ο
2900 5479 2975 5536 ’τὸ
3000 5479 3110 5566 γάρ

1847 5613 2190 5698 ὀᾲὖιὲὂίἒίᾶξ
2210 5613 2313 5686 ἆιὲ
2351 5613 2673 5699 ίὲνδέχεταιξ
2696 5629 2797 5699 τάς
2850 5624 2905 5678 δὲ
2937 5613 3170 5694 μερικὰέ
3225 5613 3433 5684 mele,

1850 5722 1941 5758 ται
1976 5705 2083 5777 (cr.
2121 5696 2291 5762 Arist.
2324 5716 2371 5757 c.
2413 5696 2527 5771 t,'§
2562 5700 2645 5764 ιο,
2670 5713 2720 5767 ρ.
2748 5696 2825 5766 5).
