3828 6202
242 243 275 307 7
282 242 343 309 31

1177 249 1279 310 AD
1303 247 1900 322 AMPHILOCHIUM
1937 252 2283 325 QUESTIO
2323 254 2637 317 CXXXIX.

3410 228 3533 309 '782

240 364 420 431 γένος,
469 362 723 436 δεύτερον
754 365 812 419 δὲ
844 365 925 419 ὅτι
958 365 1055 420 καὶ
1092 368 1120 421 6
1145 368 1320 422 εἰπὼν
1350 369 1411 422 τὸ
1437 364 1579 433 εἶδος
1628 370 1829 441 μᾶλλον
1860 391 1874 433 Α

1957 370 2228 427 ilexandri
2261 387 2486 444 equum,
2521 387 2688 443 quam
2723 372 2817 444 qui
2848 370 2999 439 dicit,
3018 382 3144 426 eum
3170 380 3373 438 equum
3406 379 3531 421 esse

235 456 390 530 δηλοί
438 457 534 511 τὸν
575 457 875 530 Σωκράτην
930 459 963 530 ἢ
1012 460 1041 512 6
1090 458 1262 514 εἰπὼν
1305 463 1366 515 τὸ
1406 462 1597 531 γένος·
1646 466 1674 516 ὀ
1721 463 1832 537 γὰρ

237 547 413 603 εἰπὼν
436 548 725 620 ἄνθρωπον
772 550 973 621 μᾶλλον
1014 551 1281 623 ἐδήλωσεν
1310 553 1455 624 ἥπερ
1490 556 1517 607 6
1545 552 1716 607 εἰπὼν
1747 556 1830 610 ὅτι

235 641 408 711 ζῶονο
444 640 587 695 ὥστε
632 641 693 710 ἐξ
734 636 810 698 ὧν
864 644 1250 717 Ἀριστοτέλης
1299 647 1571 718 ἐπιχειρεῖ
1612 647 1830 702 δίδωσιν

233 737 371 807 ἡμῖν
403 736 729 808 συμϐαλεῖν,
765 739 841 803 ὡς
873 738 1073 809 μᾶλλον
1101 739 1291 795 οὐσίαν
1314 741 1475 795 καλεῖ
1496 742 1596 813 τὴν
1625 743 1828 813 μᾶλλον

233 825 410 882 οὖσαν
443 829 842 904 ὲξαγγελτικὴν
892 831 989 886 καὶ
1026 835 1432 906 ἑρμηνευτικὴν
1474 834 1568 888 τοῦ
1605 852 1829 905 προκει-

236 917 407 988 μένου
448 922 603 991 παρὰ
640 921 739 993 τὴν
783 921 980 985 ἐνδεῶς
1021 923 1372 993 πράττουσαν
1404 922 1592 978 τοῦτο’
1622 924 1742 989 πῶς
1764 925 1830 992 ⁵δὲ

232 1000 297 1065 τδ
340 1010 549 1082 μᾶλλον
585 1013 985 1085 ἑρμηνευτικὸν
1014 1014 1110 1069 καὶ
1154 1014 1541 1085 ὲξαγγελτικὸν
1568 1013 1664 1068 τοῦ
1696 1033 1831 1086 προ-

235 1103 499 1172 κειμένου
530 1104 564 1175 ἢ
590 1105 727 1168 ὅλως
756 1105 916 1159 οὐσία
950 1106 1176 1166 δύναται
1208 1107 1530 1182 ὲννοηθῆναι
1559 1106 1591 1179 ἢ
1626 1107 1830 1182 μᾶλλον

235 1194 426 1262 οὐσία,
464 1197 526 1250 οὐ
581 1198 676 1251 τοῦ
720 1199 994 1269 παρόντος
1052 1200 1260 1254 σκοποῦ
1289 1200 1607 1271 διελέγχειν.
1672 1200 1834 1255 Ἀλλὰ

236 1284 373 1356 περὶ
406 1285 509 1357 μὲν
538 1287 727 1353 οὐσίας
758 1289 896 1353 τέως
924 1288 1019 1343 νῦν
1050 1291 1144 1344 ὲπὶ
1169 1290 1443 1345 τοσοῦτον.

1932 467 2015 521 vel
2050 467 2272 522 animal.
2310 465 2574 522 Similiter
2604 481 2843 538 quoque,
2872 463 3024 537 quod
3066 463 3135 518 ad
3168 459 3532 517 substantiam

1930 568 2139 630 speetat
2172 558 2561 624 univcrsalem,
2596 558 2771 633 magis
2824 556 3138 614 substantia
3182 564 3266 610 est
3320 551 3535 624 species

1925 667 2091 723 quam
2140 667 2334 724 geuus,
2391 661 2504 706 tum
2565 653 2695 724 quia
2755 649 2974 720 propior
3024 659 3109 705 est
3144 648 3356 718 species
3392 644 3536 701 sub-

1931 744 2145 798 stantiae
2180 743 2659 813 principalissimze
2688 741 2804 797 sive
2846 740 3159 804 individute,
3216 753 3379 809 quam
3439 751 3533 806 ge-

1937 852 2060 903 nus,
2091 846 2206 892 tum
2240 838 2367 908 quia
2421 837 2515 907 qui
2579 834 2816 905 speciem
2867 832 3003 888 dicit
3052 832 3225 903 magis
3281 830 3533 903 designat

1938 928 2242 995 Socratem,
2270 945 2436 1000 quam
2459 928 2554 999 qui
2575 925 2705 983 dicit
2728 942 2921 997 genus.
2951 924 3057 991 Qui
3082 925 3229 979 enim
3247 922 3526 977 hominem

1940 1022 2075 1081 dicit
2108 1023 2282 1093 magis
2304 1022 2574 1092 designat,
2611 1034 2778 1094 quam
2806 1019 2900 1091 qui
2935 1018 3071 1073 dicit
3101 1016 3324 1072 animal.
3377 1013 3531 1070 Unde

1934 1112 2100 1169 exiis
2131 1129 2253 1187 quae
2294 1120 2710 1185 argumentatur
2766 1110 3096 1166 Aristoteles
3155 1107 3525 1179 colligendum

1934 1203 2095 1259 nobis
2134 1205 2355 1275 praebet,
2387 1204 2533 1275 quod
2576 1203 2753 1275 magis
2779 1203 3147 1258 substantiam
3195 1200 3329 1256 dicit
3388 1213 3531 1260 eam,

1936 1308 2059 1362 Quae.
2092 1295 2267 1364 magis
2291 1297 2542 1351 enuntiat
2576 1302 2629 1350 et
2674 1294 2916 1366 explicat
2946 1294 3000 1348 id
3027 1295 3095 1349 de
3153 1306 3265 1363 quo
3326 1290 3529 1373 agitur.

235 1394 406 1451 quam
431 1382 562 1446 alia,
597 1399 721 1454 qua:
750 1384 805 1440 id
833 1385 1017 1445 minus
1046 1386 1204 1457 plene
1232 1395 1479 1458 praestat.
1532 1385 1824 1454 Quomodo
1896 1403 2030 1443 vero
2093 1390 2242 1463 quod
2292 1390 2467 1463 magis
2519 1390 2757 1461 explicat
2810 1398 2866 1445 et
2892 1388 3145 1445 enuntiat
3174 1387 3230 1443 id
3295 1386 3363 1442 de
3424 1401 3536 1455 quo

236 1478 525 1546 qumrltur,
550 1479 634 1535 vel
671 1480 900 1538 omnino
952 1482 1259 1539 substantia
1320 1483 1407 1538 vel
1458 1483 1630 1554 magis
1693 1484 2004 1539 substantia
2028 1484 2255 1554 cogitari
2280 1496 2466 1557 queat,
2519 1501 2628 1541 non
2697 1486 2751 1539 in
2818 1482 3107 1555 praesentia
3179 1486 3535 1553 perscrutan-

235 1569 369 1623 dum
414 1570 831 1640 proposuimus.
895 1570 1097 1628 Verum
1158 1573 1226 1630 de
1273 1574 1581 1631 substantia
1637 1574 1923 1632 hactenus.

760 1685 1096 1740 ΕΡΩΤΗΣῙΣ
1134 1686 1305 1741 ΡΛΘ’.

832 1779 971 1846 Περὶ
1011 1779 1229 1835 ποσοῦ.

2254 1684 2584 1756 QUIESTIO
2616 1685 2887 1747 CXXXIX
2912 1685 3223 1761 [CLXXV.]

2507 1780 2585 1836 De
2641 1781 2962 1850 quantitate.

1298 1900 1439 1950 Nunc
1462 1903 1675 1963 primum
1701 1900 1836 1949 edita
1866 1910 1892 1944 a
1937 1896 1999 1948 D.
2025 1898 2457 1961 Hergenroether.

306 2013 379 2065 α’.
428 2004 602 2062 Ποσόν
651 2008 804 2071 ἐστι,
856 2005 979 2060 καθ’
1020 2006 1049 2060 δ
1083 2005 1195 2079 (55)
1244 2005 1355 2061 τῶν
1400 2006 1568 2061 ὄντων
1600 2005 1874 2064 ἕκαστον]

2011 2004 2060 2058 1.
2103 2004 2381 2070 Quantum
2408 2012 2511 2067 est,
2544 2002 2851 2058 secundum
2881 2002 3028 2073 quod
3065 2016 3410 2073 unaquaeque
3443 2017 3531 2059 res

236 2099 588 2155 πεπύσωται·
633 2098 751 2171 εἴδη
783 2099 842 2153 δὲ
872 2098 1067 2153 τούτου
1099 2098 1214 2166 δύο,
1248 2100 1471 2171 συνεχὲς
1508 2101 1604 2153 καὶ
1647 2099 1829 2169 διωρι-

240 2194 458 2264 σμένον.
519 2193 748 2263 Συνεχὲς
784 2194 882 2265 μὲν
920 2188 1015 2247 οὖν
1046 2194 1164 2246 ἐστι
1217 2193 1418 2259 ποσὸν,
1451 2186 1513 2247 οὗ
1545 2194 1614 2247 τὰ
1664 2192 1831 2264 μόρια

239 2286 379 2357 πρός
420 2303 545 2341 τινα
591 2286 770 2340 κοινὸν
807 2286 935 2356 ὅρον
983 2287 1284 2351 συνάπτει,
1336 2287 1697 2357 διωρισμένον
1739 2285 1828 2351 δὲ,

240 2372 302 2433 οὗ
330 2378 402 2431 τὰ
432 2377 598 2448 μόρια
623 2377 763 2449 πρὸς
803 2378 996 2431 οὐδένα
1024 2377 1204 2432 κοινὸν
1242 2377 1368 2449 ὅρον
1400 2379 1683 2431 συνάπτει.
1721 2377 1832 2430 Καὶ

242 2470 529 2542 διαιρεῖται
564 2470 627 2523 τὸ
663 2471 760 2539 μὶν
795 2469 1154 2542 διωρισμένον
1184 2470 1264 2533 εἰς
1296 2468 1427 2533 δύο,
1472 2470 1553 2533 εἰς
1598 2467 1832 2539 ἀριθμὸν

243 2564 339 2617 καὶ
372 2565 453 2627 εἰς
483 2563 576 2617 τὸν
599 2563 936 2634 προφορικδν
965 2562 1124 2631 λόγον
1158 2561 1308 2632 (56)·
1339 2560 1462 2615 οὔτε
1502 2561 1611 2631 γάρ
1641 2561 1669 2613 6
1703 2563 1831 2631 ἀρι-

243 2654 381 2725 θμός
421 2656 538 2708 ἐστι
587 2656 855 2725 συνεχήςο
904 2655 1043 2725 πρὸς
1094 2652 1287 2707 οὐδένα
1333 2652 1442 2723 γάρ
1486 2652 1667 2705 κοινὸν
1707 2652 1832 2722 ὅρον

246 2750 515 2803 συνάπτει
536 2748 607 2802 τὰ
636 2748 802 2820 μόρια
826 2748 993 2802 αὐτοῦ
1022 2747 1137 2817 (57)
1160 2764 1173 2778 ·
1216 2747 1293 2811 ὡς
1320 2750 1347 2801 ὁ
1370 2747 1486 2816 (58)
1506 2746 1639 2800 δέκα
1664 2760 1677 2774 ’
1707 2744 1833 2798 οὔτε

243 2842 355 2913 γὰρ
396 2842 535 2913 πρὸς
579 2840 785 2912 ἄλληλα
810 2839 923 2911 (59)
964 2842 1036 2894 τὰ
1064 2840 1227 2895 πέντε
1266 2841 1458 2895 καὶτὰ
1500 2841 1660 2894 πέντε
1692 2839 1725 2912 ἢ
1764 2838 1835 2892 τὰ

244 2936 373 3008 τρια
405 2936 548 3007 πρὸς
578 2934 691 3005 (60)
753 2934 823 2989 τά
874 2933 1016 2989 ἑπτὰ
1070 2935 1332 2989 συνάπτει
1387 2933 1523 3002 (61),
1560 2932 1678 2987 ἀλλ’
1724 2931 1833 2986 οὐδ’

245 3027 408 3083 ἄλλου
446 3027 594 3092 τινὸς
652 3025 921 3098 ἀριθμοῦ·
979 3026 1181 3098 ὁμοίως
1224 3026 1283 3079 δὲ
1331 3026 1428 3079 καὶ
1480 3024 1591 3098 (6‘2)
1648 3024 1768 3077 οὐδὲ
1805 3024 1835 3077 6

244 3121 404 3191 λόγος
433 3122 553 3175 ἐστὶ
585 3121 817 3191 συνεχής
839 3136 854 3151 ·
902 3117 1422 3189 καταμετροὺμενος
1452 3117 1563 3187 γὰρ
1597 3115 1833 3187 συλλαϐῇ

248 3211 482 3283 βραχείᾳ
503 3212 597 3265 καὶ
622 3212 810 3282 μακρᾷ
836 3211 980 3282 πρὸς
1007 3209 1199 3264 οὐδένα
1222 3209 1400 3263 κοινὸν
1426 3209 1551 3279 ὅρον
1574 3208 1642 3261 τὰ
1671 3208 1835 3279 μόρια

246 3302 414 3357 αὐτοῦ
460 3302 571 3373 (63)
615 3303 897 3356 συνάπτει.
928 3301 1004 3354 Τὸ
1032 3301 1088 3353 δὲ
1120 3300 1341 3370 συνεχὲς
1376 3301 1455 3362 εἰς
1498 3299 1661 3352 πέντε
1697 3300 1835 3352 διαι-

248 3399 426 3469 ρεῖται
464 3395 581 3467 εἴδη
624 3396 677 3467 (6
692 3393 760 3466 ι),
793 3394 1062 3465 γραμμὴν
1094 3392 1230 3465 (65),
1269 3394 1614 3461 ἐπιφάνειαν,
1643 3392 1868 3477 χρόνονς

246 3488 344 3544 καὶ
371 3490 541 3542 τόπον
566 3488 656 3540 καὶ
682 3487 764 3550 εἰς
792 3484 1176 3556 μαθηματικὸν
1213 3482 1375 3554 σῶμα
1404 3481 1537 3553 (66)⁶
1573 3483 1835 3555 μαθημα-

245 3580 399 3634 τικὸν
424 3578 484 3632 δέ
512 3580 628 3632 ἐστι
658 3577 818 3647 σῶμα
852 3576 989 3648 (67),
1012 3567 1057 3643 ᾧ
1088 3576 1264 3646 μῆκος
1292 3575 1391 3645 μὲν
1421 3574 1520 3627 καὶ
1554 3573 1719 3644 βάθος
1744 3576 1837 3628 καὶ

245 3672 452 3735 πλάτος
484 3671 655 3737 ἔστιν,
696 3670 757 3723 οὑ
795 3669 976 3740 μέντοι
1012 3684 1077 3737 γε
1108 3668 1220 3739 ἁφῇ
1254 3667 1349 3721 καὶ
1387 3665 1486 3738 θέᾳ
1514 3666 1834 3735 ὑποπίπτει,

249 3765 386 3818 ἀλλά
435 3763 513 3834 νῷ
551 3762 699 3834 μόνῳ
752 3762 965 3830 πέφυκε
1010 3759 1253 3831 ληπτόν⁶
1295 3758 1527 3812 ἕκαστον
1567 3760 1677 3832 γὰρ
1721 3761 1833 3831 (68)

247 3858 454 3911 τούτων
502 3856 682 3910 κοινὸν
729 3854 857 3926 ὅρον
901 3854 1051 3925 ἔχει,
1082 3852 1219 3924 πρὸς
1265 3851 1325 3905 ὃν
1371 3851 1437 3905 τὰ
1471 3852 1637 3923 μόρια
1669 3854 1835 3907 αὑτοῦ

252 3951 541 4005 συνάπτειο
576 3951 611 4021 ἡ
644 3948 743 4020 μὲν
769 3948 879 4021 γὰρ
912 3948 1148 4018 γραμμὴ
1186 3947 1248 4000 τὸ
1288 3950 1515 4018 σημεῖον
1551 3946 1685 4018 (69),
1719 3950 1752 4019 ὴ
1780 3949 1837 4002 δὲ

250 4044 541 4113 ἐπιφάνεια
570 4041 671 4110 τὴν
699 4038 990 4110 γραμμὴν,
1011 4037 1071 4091 τὸ
1091 4037 1149 4091 δὲ
1174 4036 1334 4108 σῶμα
1358 4037 1457 4110 τὴν
1488 4040 1833 4108 ἐπιφάνειαν,

249 4138 277 4189 ὁ
302 4136 360 4191 δὲ
382 4135 572 4206 χρόνος
603 4134 664 4187 1:6
686 4132 815 4193 νῦν
851 4131 914 4186 τὸ
943 4130 1052 4201 γὰρ
1079 4128 1177 4185 νῦν
1208 4130 1475 4184 συνάπτει
1498 4131 1637 4202 πρός
1660 4148 1719 4183 τε
1744 4131 1837 4184 τὸν

249 4225 662 4297 παρεληλυθότα
689 4226 786 4279 καὶ
819 4223 912 4277 τὸν
950 4222 1244 4294 μέλλονταο
1282 4223 1310 4274 6
1337 4219 1395 4275 δὲ
1428 4220 1595 4285 τόπος
1631 4222 1837 4291 ὁμοίως

251 4320 483 4389 συνεχὴς
532 4317 608 4371 ὣν
635 4316 735 4389 τὴν
773 4316 1041 4388 γραμμὴν
1070 4313 1185 4385 ἔχει
1214 4313 1394 4368 κοινὸν
1437 4315 1563 4384 ὅρον
1585 4331 1598 4345 ·
1650 4316 1837 4385 σχεδὸν

250 4413 358 4483 γὰρ
388 4411 590 4466 ταυτόν
629 4413 746 4464 ἐστι
774 4411 803 4463 ὂ
832 4426 893 4461 τε
936 4408 1103 4471 τόπος
1151 4408 1248 4465 καὶ
1279 4407 1312 4477 ἡ
1346 4406 1637 4473 ἐπιφάνεια
1662 4425 1676 4440 ο
1717 4408 1834 4461 δια-

253 4503 409 4575 φέρει
458 4502 516 4556 δὲ
546 4503 629 4555 ὅτι
654 4501 753 4571 τὴν
799 4499 898 4572 μὲν
929 4498 1255 4567 ἐπιφάνειαν
1283 4496 1384 4550 οὑκ
1413 4497 1627 4570 ἀνάγκη
1677 4498 1835 4571 σῶμα

1863 3361 1907 3419 C

1931 2098 2295 2166 quantitatem
2338 2097 2524 2151 habet.
2558 2096 2693 2167 Ejus
2744 2112 2877 2152 vero
2914 2096 3129 2167 species
3175 2097 3300 2152 duae
3335 2115 3348 2151 :
3400 2112 3531 2152 con-

1932 2191 2147 2245 tinuum
2179 2200 2233 2243 et
2260 2188 2593 2255 discretum;
2625 2188 2951 2243 continuum
2994 2189 3163 2260 igitur
3209 2197 3295 2244 est
3353 2204 3531 2259 quan-

1934 2292 2071 2345 tum,
2120 2282 2280 2353 cujus
2310 2290 2493 2352 partes
2519 2283 2757 2338 termino
2795 2282 2961 2337 alicui
2990 2282 3273 2337 communi
3321 2297 3530 2337 conne-

1934 2386 2157 2430 ctuntur
2181 2392 2195 2441 ;
2222 2374 2524 2432 discretum
2560 2391 2716 2439 vero,
2749 2376 2913 2446 cujus
2966 2387 3154 2445 partes
3197 2376 3350 2430 nullo
3377 2390 3531 2432 com-

1934 2471 2089 2525 muni
2119 2470 2357 2526 termino
2400 2472 2701 2527 cohaerent.
2736 2471 2815 2526 Ac
2844 2470 3146 2526 discretum
3205 2470 3431 2542 quidem
3472 2471 3528 2525 in

1934 2565 2045 2621 duo
2074 2564 2359 2631 dividitur,
2406 2566 2459 2620 in
2510 2578 2804 2619 numerum
2828 2574 2884 2621 et
2935 2566 2991 2619 in
3019 2565 3266 2620 vocalem
3314 2580 3531 2620 sermo-

1934 2673 2081 2712 nem.
2113 2655 2306 2727 Neque
2352 2657 2499 2713 enim
2547 2671 2818 2712 numerus
2858 2669 2945 2713 est
3002 2656 3346 2723 continuus;
3404 2658 3524 2727 ejus

1934 2752 2080 2807 enim
2117 2759 2300 2822 partes
2340 2751 2474 2806 nulli
2508 2751 2789 2806 communi
2822 2752 3062 2805 termino
3090 2758 3524 2815 connectuntur;

1933 2862 1986 2902 ν.
2024 2862 2108 2918 gr.
2153 2847 2340 2902 decem
2403 2844 2605 2917 (neque
2660 2842 2805 2899 enim
2835 2844 2904 2898 ad
2962 2844 3195 2900 invicem
3251 2845 3530 2899 cohaerent

1935 2938 2178 3008 quinque
2206 2945 2261 2991 ct
2311 2937 2555 3007 quinque
2602 2935 2691 2990 vel
2723 2935 2826 2988 tria
2875 2935 2943 2989 ad
2974 2937 3249 3006 septem);
3285 2935 3365 2991 sic
3421 2950 3528 2989 nec

1937 3030 2163 3086 alterius
2196 3028 2364 3084 ullius
2390 3027 2603 3083 numeri
2630 3033 2837 3097 partes.
2867 3024 3132 3080 Similiter
3151 3041 3324 3096 neque
3344 3040 3529 3081 sermo

1936 3136 2019 3179 est
2063 3121 2396 3188 continuus;
2427 3121 2685 3175 metimur
2713 3120 2858 3175 enim
2886 3133 3013 3173 eum
3051 3119 3258 3189 syllaba
3291 3118 3437 3173 brevi
3474 3126 3530 3173 et

1936 3218 2098 3287 longa
2122 3224 2177 3271 et
2206 3213 2326 3284 ejus
2364 3222 2549 3284 partes
2582 3212 2733 3267 nullo
2761 3212 3040 3266 cohaerent
3073 3208 3355 3265 communi
3410 3216 3525 3263 ter-

1940 3310 2111 3365 mino.
2143 3308 2476 3362 Continuum
2517 3322 2650 3362 vero
2687 3306 2741 3361 in
2773 3305 3023 3376 quinque
3078 3303 3289 3374 species
3331 3301 3528 3357 dividi-

1942 3410 2051 3465 tur,
2090 3401 2313 3464 lineam,
2347 3397 2714 3469 superﬁciem,
2769 3408 2985 3467 tempus
3038 3406 3094 3452 et
3139 3397 3320 3451 locum
3372 3405 3427 3450 et
3472 3394 3527 3447 in

1940 3507 2140 3562 corpus
2166 3492 2641 3546 mathematicum.
2674 3489 2773 3546 Est
2811 3498 2994 3545 autem
3047 3503 3251 3558 corpus
3316 3489 3528 3540 matbe-

1941 3584 2222 3651 maticum,
2249 3584 2393 3655 quod
2417 3584 2836 3656 longitudinem,
2866 3581 3299 3653 profunditatem
3331 3591 3384 3633 et
3408 3579 3530 3633 lati-

1942 3677 2186 3731 tudinem
2221 3676 2409 3739 babet,
2443 3692 2551 3731 non
2604 3690 2739 3731 vero
2767 3673 2937 3729 tactui
2966 3681 3023 3729 et
3052 3672 3191 3727 visui
3214 3669 3525 3739 subjicitur,

1938 3782 2129 3822 verum
2194 3767 2309 3822 sola
2365 3775 2547 3821 mente
2599 3766 2803 3836 percipi
2858 3772 3057 3836 potest.
3110 3761 3319 3817 Horum
3354 3775 3524 3815 unum

1939 3858 2196 3931 quodque
2228 3872 2581 3913 communem
2608 3857 2773 3912 habet
2824 3856 3144 3919 terminum,
3190 3869 3312 3923 quo.
3344 3860 3526 3922 partes

1940 3954 2116 4021 ipsius
2141 3952 2449 4015 cohaerent;
2502 3949 2643 4004 linea
2693 3947 2951 4003 videlicet
2979 3954 3269 4016 punctum,
3300 3942 3529 4010 superﬁ-

1939 4042 2052 4097 cies
2080 4041 2305 4102 lineam,
2335 4055 2533 4110 corpus
2584 4037 2959 4109 superﬁciem,
3014 4045 3229 4104 tempus
3282 4047 3528 4103 praesens

1941 4140 2315 4198 momentum;
2367 4146 2609 4200 praesens
2663 4129 2812 4183 enim
2861 4136 3078 4196 tempus
3124 4125 3364 4180 cohaeret
3399 4138 3527 4177 cum

1938 4225 2216 4295 praeterito
2243 4232 2299 4279 et
2327 4222 2535 4278 futuro.
2572 4220 2751 4276 Locus
2776 4234 2930 4285 vero,
2981 4218 3075 4288 qui
3110 4216 3365 4272 similiter
3390 4228 3528 4270 con-

1939 4318 2127 4372 tinuus
2155 4325 2258 4382 est,
2317 4316 2514 4370 lineam
2572 4313 2733 4369 habet
2789 4326 3139 4368 communem
3194 4310 3522 4373 terminum;

1941 4408 2052 4463 fere
2080 4408 2227 4462 enim
2265 4407 2405 4462 idem
2455 4415 2584 4461 sunt
2637 4416 2752 4461 turn
2802 4406 2959 4460 locus
3000 4410 3115 4456 tum
3166 4402 3522 4471 superﬁcies;

1940 4499 2201 4555 ditl‘crunt
2231 4507 2438 4563 autem,
2468 4499 2598 4568 quia
2646 4495 2991 4569 superﬁciem
3055 4492 3277 4563 quidem
3322 4479 3526 4560 corpus

253 4596 482 4665 φυσικὸν
508 4596 817 4667 περιέχειν,
840 4592 931 4647 τὸν
956 4592 1014 4646 δὲ
1039 4591 1203 4646 τόπον
1236 4589 1452 4660 ἀνάγκη
1484 4589 1596 4661 (70)
1624 4608 1636 4622 ο
1671 4593 1728 4660 ἐξ
1759 4612 1834 4648 ων
1870 4612 1874 4662 ;

1957 4591 2389 4666 )bysicumltaud
2432 4606 2658 4647 necesse
2713 4598 2794 4646 est
2834 4587 3142 4650 continere,
3176 4585 3358 4641 locum
3392 4600 3525 4639 vero

1775 4708 2002 4769 ΝΟΤᾹΣ.

322 4809 437 4881 (55)
472 4808 609 4866 Cod.
634 4811 780 4866 Mon.
807 4811 848 4866 f.
885 4810 956 4865 2'7
989 4826 1041 4881 a.
1072 4827 1088 4864 :
1118 4805 1326 4881 Φωτίου
1366 4804 1496 4881 περὶ
1529 4808 1720 4863 ποσοῦ.
1758 4811 1825 4865 Π.

253 4874 680 4954 έέιςᾲατηγρρία,
716 4880 836 4954 καθῇ
864 4883 954 4954 ἦν,
982 4880 1057 4954 ne
1102 4882 1190 4937 his
1220 4875 1331 4946 agit
1378 4874 1605 4934 Aristot.
1663 4896 1714 4937 c.
1774 4880 1827 4937 6.

256 4951 336 5007 (C.
366 4951 420 5013 4,
445 4967 499 5021 p.
535 4951 577 5006 6⁷
597 4954 684 5009 ed.
715 4951 897 5007 Paris.
925 4951 1044 5019 cit.)
1615 4978 1618 4982 '

464 5025 635 5100 Arist.
663 5024 987 5100 simpliciter
1020 5022 1185 5100 habet
1234 5029 1411 5100 λόγον,
1476 5038 1637 5098 quem
1698 5039 1831 5079 vero

251 5092 445 5171 deinde
469 5109 540 5171 ει
552 5094 712 5163 plicat
738 5094 833 5171 τδν
861 5096 999 5164 μετὰ
1026 5095 1209 5171 φωνῆς
1254 5092 1560 5171 γινόμενον.

322 5163 435 5231 (57)
468 5164 615 5220 Mon.
658 5166 752 5233 qui
788 5163 906 5222 haec
947 5163 1288 5228 verboteuus
1319 5163 1538 5227 reddit:
1591 5166 1672 5219 Τὰ
1733 5166 1829 5236 μό-

253 5251 340 5305 ρια
371 5236 537 5288 αὐτοῦ
571 5237 853 5292 συνάπτει.

322 5304 437 5375 (58)
466 5305 609 5361 Men.
638 5307 755 5361 τοῦ.

343 5376 633 5455 59)-Αριρη.
676 5377 814 5455 Ορτε
841 5381 949 5455 γάρ
987 5383 1056 5437 τά
1116 5382 1281 5455 μόρια
1330 5382 1513 5437 αὐτῶν
1569 5382 1832 5436 συνάπτει

253 5443 388 5519 πρδς
415 5443 647 5519 ἄλληλα,
686 5443 798 5505 οἷον
824 5443 895 5505 τά
919 5443 1001 5508 ’π.
1116 5443 1130 5451 ’
1191 5443 1203 5455 ’
1506 5465 1514 5470 ·

319 5515 434 5656 (60)
465 5515 611 5573 Non.
646 5520 774 5575 Καί.

346 5588 432 5656 61)
458 5588 579 5643 Vat.
615 5591 774 5646 Συνάι

346 5588 432 5667 6i)
458 5588 579 5643 Vat.
608 5591 975 5667 ﬂairimant,
1011 5595 1297 5667 sequentia
1325 5595 1439 5650 ἀλλ’
1484 5594 1593 5649 οὐδ.
1667 5597 1720 5653 ἄ.
1773 5614 1823 5653 τ.

258 5660 343 5730 ἀρ.
377 5659 576 5719 desunt
608 5663 658 5715 in
687 5662 831 5722 Mor).

326 5731 434 5801 (62)
472 5733 565 5786 καί
597 5732 747 5791 deest
774 5737 827 5790 in
856 5736 999 5793 Men.

2032 4809 2124 4879 6'5)
2153 4808 2320 4864 αὐτοῦ
2354 4809 2424 4880 τά
2458 4808 2627 4880 μόρια
2654 4807 2804 4880 Mor}.
3025 4873 3039 4880 _

2027 4872 2118 4951 64)
2148 4880 2316 4951 διαιρ.
2346 4872 2485 4951 εῐδη”
2522 4872 2699 4934 ὀηιὶιι.
2756 4877 2941 4942 Mon.;
2973 4872 3123 4929 addit
3158 4888 3287 4934 vero
3314 4877 3404 4942 εἰς
3429 4893 3519 4946 γρ.

2028 4952 2118 5017 65)
2158 4950 2303 5005 Μοη.
2331 4950 2427 5002 καὶ
2452 4950 2534 5014 εἰς
2564 4951 2724 5017 ὲπιφε

2028 5022 2117 5089 66)
2146 5020 2292 5076 Μοη.
2332 5021 2427 5074 καὶ
2449 5022 2531 5085 εις
2566 5020 2729 5091 σῶμα
2768 5020 2899 5091 μαθ.
2937 5022 3030 5076 καὶ
3070 5022 3152 5086 εἰς
3186 5021 3380 5094 χρόνον
3426 5020 3523 5071 καὶ

1930 5094 2012 5156 εἰς
2039 5094 2224 5146 τόπον.

2007 5164 2117 5233 (67)
2148 5163 2295 5235 Μοη.
2320 5162 2485 5235 σῶμά
2509 5163 2658 5216 ἐστιν
2690 5163 2755 5217 τὸ
2793 5162 2971 5235 μῆκος
3022 5163 3117 5217 καὶ
3176 5162 3402 5235 πλάτοςΔ
3418 5162 3519 5235 ita}.

1935 5232 2105 5304 βάθος
2132 5233 2274 5303 ἕχον,
2311 5232 2605 5305 μὴ’μένλιοι
2636 5236 2702 5305 τῇ
2736 5232 2874 5289 άέκζ
2916 5232 2972 5287 ⁷0.
3015 5233 3347 5295 ὑποπίπτον,
3381 5232 3518 5285 ἀλλὰ

1934 5305 2026 5391 νῷΙ
2044 5306 2202 5391 μένω.
2222 5304 2575 5391 περιληπτόν.

2032 5356 2127 5431 (ξιξ)
2157 5356 2309 5431 ittth
2334 5356 2447 5431 εις..

2146 5444 2317 5520 Arist.
2351 5450 2607 5520 στιγμήν.

2004 5513 2118 5587 (70)
2147 5513 2656 5587 Ηυοιιειιυεέειᾶθιη
2687 5519 2753 5574 ad
2797 5518 3020 5573 verbum
3055 5516 3215 5571 habet
3244 5514 3363 5587 cod.
3395 5513 3511 5566 Μο-

1934 5583 2060 5659 uac.
2082 5583 2108 5659 γέ
2130 5583 2375 5657 sequitur
2424 5590 2495 5645 ibi
2553 5589 2745 5647 deinde
2774 5608 2788 5644 :
2820 5591 2913 5646 καὶ
2944 5590 2972 5641 ὁ
2999 5587 3231 5650 τόπος...
3257 5583 3318 5659 [1⁸.
3347 5601 3515 5653 φανε-

1936 5658 2048 5731 ρὸν)
2076 5658 2156 5711 ὅτι
2199 5660 2449 5731 συνεχής.
