3826 6206
179 225 272 289 785

1127 226 1228 287 AD
1267 223 1861 286 AMPHILOCHIUM
1898 180 2246 298 QUESTIO
2284 228 2450 289 CXL.

3324 224 3430 290 786

180 342 275 411 ἄρα
296 354 352 392 το
380 333 573 409 μικρὸν
607 336 701 390 καί
729 334 790 389 ea
816 336 961 408 μέγα
990 332 1137 390 ἐστὶν
1158 337 1400 390 ἐναντίον
1433 334 1567 406 (91)·
1595 335 1737 388 ὥστε

1860 352 2099 406 nagnum
2122 348 2177 393 et
2201 353 2431 408 parvum
2475 340 2835 410 conspicitur,
2906 339 3046 395 idem
3100 338 3427 409 sibimetipsi

181 433 223 485 ιι
251 430 340 484 καὶ
380 430 456 499 μὴ
501 430 607 483 τῶν
645 429 783 500 πρός
821 448 911 496 τι,
953 429 1089 485 ἀλλὰ
1118 428 1211 483 τοῦ
1266 429 1432 482 ποσοῦ
1472 426 1613 483 εἷναί
1660 445 1743 492 τις

181 522 307 578 αὑτά
363 521 517 592 Θείη,
565 522 720 575 οὐδὲν
774 508 980 592 ἄπορον
1035 523 1259 594 εὑρήσει
1310 520 1457 591 (92)⁸
1511 520 1743 590 φανερὸν

181 616 278 688 ἄρα
308 614 414 684 (95)
455 614 533 669 ὃτι
573 614 633 667 τὸ
668 614 744 685 μὴ
779 614 1127 685 ἐπιδέχεσθαι
1177 614 1419 667 ἐναντίον
1469 613 1630 665 παντ)⁵
1666 613 1744 681 τῷ

181 705 319 776 ποσῷ
344 704 591 776 ἁρμόζει.
628 707 824 777 Τρίτον
848 706 909 760 τὺ
958 707 1033 778 μὴ
1066 707 1411 777 ἐπιδέχεσθαι
1444 708 1506 760 τὸ
1541 706 1743 777 μᾶλλον

182 798 268 853 καὶ
289 801 353 868 τὸ,
373 793 533 870 ἦττον
556 816 571 832 ο
602 798 724 853 οὑτε
751 799 859 871 γάρ
888 799 955 853 τὰ
983 800 1110 872 τρία
1135 800 1245 853 τῶν
1273 799 1381 871 (94)
1413 800 1577 853 πέντε
1605 800 1746 869 μᾶλ-

181 890 262 943 λον
289 890 411 960 τρία
441 889 689 958 λέγεται,
720 888 842 943 οὔτε
876 892 903 943 ὁ
944 890 1134 960 χρόνος
1172 889 1262 944 τοῦ
1312 890 1505 962 χρόνου
1544 890 1746 959 μᾶλλον

158 980 355 1050 νχρόνος
393 979 523 1051 (95)°
556 980 655 1033 καὶ
683 980 777 1033 ἐπὶ
803 980 914 1053 τῷν
956 980 1129 1035 ἄλλων
1168 979 1431 1044 ὡσαύτως
1453 998 1467 1012 ο
1499 982 1660 1033 τοῦτο
1689 981 1747 1035 δὲ

178 1072 234 1124 τὸ
263 1072 385 1125 ἴδιον
418 1072 584 1126 παντὶ
614 1071 714 1143 μὲν
744 1072 824 1143 τῷ
852 1071 1005 1142 ποσῷ
1034 1074 1185 1125 ἐστιν
1210 1070 1359 1143 (96),
1390 1073 1450 1126 οὑ
1480 1073 1628 1143 μόνῳ
1654 1074 1741 1127 δέ’

182 1163 423 1232 πρόσεστι
456 1164 567 1233 (97)
596 1164 705 1233 γὰρ
738 1163 832 1216 καὶ
860 1166 926 1234 τῇ
960 1163 1140 1236 οὑσίᾳ.
1183 1165 1453 1236 Τέταρτον
1491 1164 1622 1220 ίδιον
1649 1165 1745 1218 τοῦ

185 1253 340 1305 ποσοῦ
382 1254 492 1325 (98)
528 1255 589 1309 τὸ
627 1253 744 1309 ἶσόν
803 1274 862 1310 τε
909 1257 1005 1309 καὶ
1050 1255 1233 1310 ἄνισον
1271 1255 1555 1325 λέγεσθαιο
1587 1255 1747 1310 τοῦτο

181 1343 231 1398 δὲ
276 1344 364 1397 καὶ
412 1345 524 1415 (99)
564 1347 769 1416 κυρίως
815 1347 947 1400 ἴδιον
978 1346 1071 1399 τοῦ
1126 1345 1314 1400 ποσοῦ·
1357 1347 1643 1402 ἀκολουθεῖ
1690 1349 1747 1401 δὲ

180 1437 322 1490 τοῦτο
358 1436 435 1507 τῷ
480 1438 683 1511 πρώτῳ
715 1439 862 1509 ίδίῳ,
896 1434 1008 1493 οἷον
1036 1438 1114 1511 τῷ
1144 1439 1491 1510 μετρεῖσθαι·
1530 1442 1599 1495 τά
1639 1442 1748 1514 γὰρ

183 1530 515 1602 μετρούμενα
547 1532 627 1602 (Ι)
660 1533 764 1586 ὑπό
797 1550 939 1595 τινος
969 1532 1088 1603 ἤτοι
1117 1532 1209 1587 ῐσα
1239 1534 1347 1586 εἰσὶ
1376 1534 1514 1604 πρὸς
1542 1534 1747 1604 ἄλληλα

182 1621 589 1693 συγκρινόμενα,
615 1623 650 1693 ἢ
680 1623 875 1687 ἄνισα,
907 1624 1155 1677 τουτέστι
1184 1624 1219 1696 ἢ
1260 1625 1484 1694 μείζονα
1517 1626 1551 1698 ἢ
1589 1626 1748 1681 ἐλάτ-

180 1728 317 1765 τοναο
351 1712 510 1766 τοῦτο
538 1711 597 1765 δὲ
629 1713 690 1766 τὺ
721 1712 853 1766 ἴδιον
886 1714 984 1766 καὶ
1019 1713 1187 1768 παντὶ
1214 1713 1295 1783 τῷ
1325 1713 1481 1787 πὸσῷ
1514 1716 1746 1787 ἁρμόζει

181 1806 265 1859 καὶ
290 1806 451 1877 μόνῳ.
486 1807 551 1860 Εί
573 1806 632 1860 δέ
659 1822 747 1870 τις
774 1804 931 1877 φαίη,
963 1806 1060 1860 καὶ
1080 1807 1180 1878 τὴν
1213 1805 1453 1862 διάθεσιν
1482 1809 1747 1879 ποιότητα

178 1893 331 1949 οὖσαν
365 1896 487 1966 ῐσην
527 1895 622 1949 καὶ
665 1893 849 1949 ἄνισον
894 1894 1187 1963 λέγεσθαι,
1234 1895 1295 1948 οὑ
1345 1896 1527 1960 καλῶς
1556 1896 1743 1964 λέγοι·

183 1989 367 2058 μᾶλλον
387 1989 497 2062 γάρ
520 1988 714 2061 ὁμοίαν
737 1990 835 2042 καὶ
853 1989 1115 2060 ἀνομοίαν
1139 1990 1220 2043 δεῖ
1240 1988 1444 2061 ταύτην
1463 1989 1745 2057 λέγεσθαι,

178 2079 290 2151 οὐχ).
310 2078 365 2134 δὲ
395 2081 519 2152 ῐσην
548 2080 645 2134 καὶ
674 2080 879 2147 ἄνισον,
902 2078 1044 2134 ὥστε
1076 2081 1241 2135 παντὶ
1268 2080 1364 2133 καὶ
1395 2080 1544 2152 μόνῳ
1574 2081 1749 2153 ἁρμό-

180 2171 254 2235 ζει
278 2172 353 2244 τῷ
388 2171 540 2243 ποσῷ
566 2172 727 2227 τοῦτο
755 2173 815 2227 τὸ
844 2174 974 2227 ἴδιον
1002 2173 1103 2245 (2).

1846 431 2188 490 contrarium
2239 448 2363 488 esse
2413 432 2646 499 accidet,
2694 434 2839 504 quod
2870 434 3231 504 impossibile,
3258 448 3431 503 quare

1846 524 2065 581 etiamsi
2113 524 2240 595 quis
2298 541 2409 580 non
2476 526 2772 581 relatorum
2818 530 2885 581 ad
2926 528 3129 597 aliquid
3165 528 3281 581 haec
3307 541 3431 580 esse

1846 623 2034 684 ponat,
2080 616 2177 670 sed
2237 627 2596 687 quantorum,
2655 618 2863 671 nullam
2925 617 3156 687 reperiet
3193 617 3428 671 dillicul-

1847 715 2032 761 tatem.
2076 708 2317 778 Apparet
2344 725 2496 779 ergo,
2549 709 2699 765 omni
2738 719 2941 777 quanto
2969 711 3284 770 convenire,
3319 725 3427 764 non

1848 800 2090 868 recipere
2123 802 2482 857 contrarium.
2531 802 2717 856 Tertia
2757 803 3063 871 proprietas
3102 801 3290 869 quanti
3316 809 3425 863 est,

1847 892 1990 960 quod
2059 908 2167 947 non
2228 894 2423 963 recipit
2483 894 2658 964 magis
2695 903 2752 949 et
2803 893 3008 949 minus.
3065 892 3249 961 Neque
3277 892 3427 946 enim

1850 985 1952 1037 tria
2007 985 2182 1054 magis
2244 970 2506 1041 dicuntur
2578 1000 2701 1041 esse
2782 986 2888 1040 tria
2955 1000 3121 1055 quam
3182 985 3429 1053 quinque

1849 1075 2127 1146 (dicuntur
2156 1077 2442 1148 quinque),
2502 1093 2679 1148 neque
2721 1088 2939 1148 tempus
2973 1087 3218 1146 tempore
3258 1077 3431 1145 magis

1848 1173 2081 1236 tempus,
2114 1176 2277 1237 atque
2300 1169 2368 1224 de
2418 1171 2631 1225 caeteris
2662 1169 2933 1223 similiter.
2978 1166 3104 1222 Hmc
3138 1182 3267 1220 vero
3304 1181 3434 1235 pro,

1849 1257 2052 1326 prietas
2105 1260 2254 1313 omni
2315 1261 2536 1330 quidem
2593 1269 2801 1330 quanto
2860 1259 3036 1325 adest,
3094 1273 3202 1313 non
3248 1267 3430 1312 autem

1849 1348 1985 1414 soli;
2038 1349 2181 1403 inest
2247 1351 2395 1405 enim
2442 1352 2608 1406 etiam
2661 1352 3003 1407 substantiae.
3059 1349 3267 1417 Quarta
3299 1363 3432 1419 pro—

1848 1438 2052 1507 prietas
2098 1442 2287 1509 quanti
2326 1452 2432 1506 est,
2507 1443 2714 1513 aequale
2769 1452 2826 1497 et
2872 1442 3139 1510 inaequale
3169 1442 3314 1508 dici;
3377 1441 3433 1496 id

1848 1545 1980 1585 vero
2005 1533 2225 1602 proprie
2250 1544 2333 1589 est
2368 1535 2563 1605 quanti
2596 1536 2934 1605 proprietas;
2974 1535 3225 1604 sequitur
3250 1544 3432 1587 autem

1848 1639 1917 1677 ex
1981 1625 2158 1693 prima
2214 1628 2570 1695 proprietate,
2622 1628 2766 1695 quod
2811 1627 3021 1682 scilicet
3062 1633 3431 1681 mensuratur.

1848 1713 1980 1778 Quae
2006 1715 2150 1767 enim
2191 1723 2581 1768 mensurantur
2605 1716 2674 1768 ab
2708 1714 2918 1784 aliquo,
2956 1714 3086 1769 dum
3121 1713 3431 1768 adinvicem

1810 1858 1813 1861 .
1848 1814 2260 1874 comparantur,
2285 1815 2376 1860 aut
2416 1807 2650 1876 aequalia
2691 1817 2820 1863 sunt
2859 1814 2955 1861 aut
2984 1806 3298 1875 inaequalia,
3333 1804 3436 1858 hoc

1856 1907 1941 1952 est
1990 1907 2087 1952 aut
2121 1898 2328 1966 majora
2360 1907 2453 1952 aut
2500 1898 2733 1952 minora.
2775 1897 2901 1952 Haec
2944 1911 3074 1950 vero
3131 1895 3437 1965 proprietas

1848 2000 1903 2045 et
1930 1992 2081 2046 omni
2115 2002 2170 2047 et
2200 1993 2303 2047 soli
2330 2001 2538 2062 quanto
2558 2000 2793 2060 aptatur.
2846 1990 2903 2044 Si
2950 1989 3076 2058 quis
3127 2002 3256 2042 vero
3292 1986 3438 2040 dicat

1856 2083 2272 2155 dispositionem
2317 2100 2561 2154 quoque,
2609 2098 2731 2153 quae
2763 2082 3002 2151 qualitas
3034 2092 3139 2144 est,
3168 2078 3434 2150 aequalem

1866 2177 1973 2232 dici
2012 2187 2066 2232 et
2098 2179 2446 2249 inaequalem,
2481 2178 2625 2231 haud
2653 2186 2799 2232 recte
2814 2175 2995 2230 dicere
3034 2173 3284 2239 videtur;
3321 2172 3437 2227 haec

180 2264 313 2318 enim
375 2267 559 2337 potius
608 2266 805 2321 similis
835 2275 890 2320 et
913 2265 1201 2322 dissimilis
1222 2266 1452 2322 dicenda
1485 2275 1591 2336 est,
1621 2282 1734 2324 non
1772 2283 1903 2326 vero
1950 2271 2176 2340 aequalis
2229 2279 2285 2326 et
2326 2270 2632 2339 inaequalis.
2707 2269 2889 2335 Quare
2956 2264 3178 2321 etomni
3233 2272 3290 2320 et
3327 2257 3436 2319 soli

182 2366 375 2426 quanto
407 2361 667 2415 convenit
697 2360 804 2415 ista
831 2361 1162 2432 proprietas.

711 2478 1045 2533 ΕΡΩΤΗΣΙΣ
1076 2482 1212 2535 PM'.

700 2571 841 2640 Περὶ
877 2573 1218 2641 ποιότητος.

2134 2477 2463 2547 ΟΗᾸΞΞΤΙΟ
2494 2475 2648 2531 CXL.
2686 2473 2879 2546 [CoisL
2902 2469 3164 2545 CLXXH

2456 2567 2538 2622 De
2570 2564 2850 2637 qualitate.

1248 2683 1388 2735 Nunc
1415 2685 1631 2748 primum
1653 2683 1786 2735 edita
1805 2698 1833 2734 a
1849 2684 1912 2735 D.
1937 2683 2365 2746 Hergenroether.

248 2780 312 2830 α’.
339 2774 573 2845 Ποιότης
595 2772 715 2826 ἐστὶ
745 2772 843 2843 (ὅ),
875 2771 998 2828 καθ’
1023 2773 1096 2846 ἢν
1126 2774 1271 2827 ποιοί
1303 2790 1447 2839 τινες
1473 2775 1507 2845 ἢ
1540 2775 1635 2828 καὶ
1662 2774 1752 2829 άλ-

1933 2773 1984 2826 1.
2049 2771 2298 2837 Qualitas
2350 2776 2454 2836 est,
2519 2784 2627 2838 qua
2687 2768 2881 2838 quales
2936 2767 3157 2837 quidem
3204 2764 3287 2819 vel
3329 2762 3442 2820 alio

183 2865 282 2928 λως
333 2883 447 2929 πως
487 2864 796 2920 διακεῖσθαι
843 2864 1116 2934 λέγονται.
1161 2865 1312 2936 Ἔχει
1350 2866 1408 2919 δὲ
1451 2867 1565 2936 είδη
1612 2866 1753 2919 κατὰ

187 2955 432 3025 συζυγίαν
456 2956 536 3027 (4)
562 2957 948 3028 προφερόμενα
971 2956 1232 3027 τέσσαραο
1262 2956 1478 3027 πρῶτον
1511 2958 1608 3026 μὲν
1637 2957 1754 3021 ἕξιν

185 3048 271 3101 καὶ
310 3048 583 3115 διάθεσιν,
620 3048 874 3120 δεύτερον
913 3049 970 3102 δὲ
1005 3048 1235 3117 δύναμιν
1290 3048 1386 3100 καὶ
1425 3046 1751 3117 ἀδυναμίαν,

184 3140 355 3211 τρίτον
407 3140 723 3212 παθητικὴν
777 3140 1039 3210 ποιότητα
1089 3140 1186 3193 καὶ
1233 3139 1439 3205 πάθος,
1493 3140 1753 3208 τέταρτον

188 3234 357 3303 σχῆμα
386 3235 481 3287 καὶ
513 3233 750 3304 μορφήν.
779 3234 889 3286 Καὶ
924 3233 1071 3285 ἐστιν
1099 3232 1212 3299 ἕξις
1250 3231 1348 3301 μὲν
1374 3230 1594 3298 πσιότης
1623 3230 1753 3283 δυσ-

191 3324 483 3395 απόὸλητος
541 3325 643 3394 (5),
687 3324 1158 3395 κακοποιητικὴῆ
1207 3322 1527 3392 τελειωτικὴ
1559 3320 1654 3372 τοῦ
1698 3322 1757 3373 ἐν

188 3405 229 3482 ᾧ
252 3415 504 3489 ὑπάρχει.
531 3416 783 3479 Διάθεσις
803 3416 860 3469 δέ
880 3416 957 3487 (6)
982 3418 1100 3469 ἐστι
1124 3416 1346 3485 ποιότης
1364 3413 1754 3483 εὑαπόὸλητος,
1776 3458 1791 3467 ,

187 3510 419 3564 τουτέστι
453 3510 595 3580 πρὸς
624 3509 701 3581 (7)
731 3509 923 3580 καιρὸν
950 3510 1207 3579 γινομένη
1240 3510 1335 3562 καὶ
1363 3506 1754 3577 ἁπογινομένηο

188 3598 422 3673 διαφέρει
445 3602 504 3656 δὲ
527 3602 626 3671 τῆς
648 3601 835 3668 ἕξεως,
865 3602 946 3654 ὅτι
969 3603 1002 3672 ή
1035 3602 1132 3672 μὲν
1152 3600 1265 3664 ἕξις
1284 3599 1758 3669 πολυχρονιωτέρα

189 3693 295 3746 ἐστὶ
316 3695 409 3748 καὶ
441 3693 819 3765 μονιμωτέρα,
848 3692 987 3764 α’ὑτη
1011 3692 1087 3761 (8)
1113 3692 1171 3744 δὲ
1199 3691 1481 3761 εὐκίνητος
1504 3692 1601 3743 καὶ
1621 3690 1758 3759 ταχὺ

191 3782 551 3852 ἀπογινομένη
576 3798 593 3814 ⁶
634 3781 880 3835 τοιαῦται
924 3781 982 3834 δὲ
1028 3780 1178 3833 αἵτε
1224 3778 1529 3848 ἐπιστῆμαι
1574 3778 1669 3832 καὶ
1702 3777 1758 3829 αἱ

191 3875 375 3946 ἀρεταὶ
401 3878 498 3930 καὶ
531 3876 588 3928 αἱ
619 3875 839 3930 κακίαιο
874 3874 987 3941 ἒειν
1018 3874 1116 3945 μὲν
1146 3873 1255 3943 γὰρ
1283 3870 1465 3925 αὐτῶν
1493 3870 1641 3940 ἔχειν
1666 3869 1761 3923 λέ-

191 3982 348 4037 γομεν
376 3969 452 4039 (9)
480 3966 575 4021 τὸν
610 3966 913 4037 κατέχοντά
936 3982 989 4019 τι
1016 3965 1221 4018 τούτων
1254 3966 1312 4017 ὲν
1345 3962 1549 4017 πλείονι
1586 3962 1763 4033 χρόνῳ

190 4059 221 4131 ἢ
247 4059 335 4113 καὶ
355 4061 421 4113 δι’
448 4061 577 4114 ὅλου
597 4059 694 4113 τοῦ
719 4058 858 4129 βίου’
886 4052 999 4112 οἷον
1020 4059 1112 4112 τὸν
1133 4057 1427 4127 δεξάμενον
1457 4056 1558 4125 τὴν
1580 4072 1764 4124 γραμ-

1854 2865 2110 2935 anpiam
2129 2863 2306 2917 affecti
2338 2862 2500 2916 modo
2522 2862 2800 2915 dicuntur.
2835 2857 3011 2913 Habet
3028 2867 3208 2911 autem
3230 2858 3441 2927 species

1855 2956 2156 3011 secundum
2217 2970 2405 3009 earum
2459 2953 2878 3024 conjugationes
2944 2952 3259 3005 enuntiatas
3301 2966 3442 3020 qua-

1827 3058 2007 3113 vtuor;
2087 3049 2262 3116 primo
2318 3045 2541 3115 quidem
2595 3044 2845 3099 habitum
2891 3051 2946 3098 et
2992 3042 3437 3111 dispositionem,

1860 3141 2103 3195 secundo
2131 3140 2427 3209 potentiam
2457 3144 2511 3191 et
2553 3135 2955 3206 impotentiam,
2992 3137 3152 3190 tertio
3170 3137 3441 3205 passivam

1857 3229 2185 3300 (patibilem)
2213 3227 2534 3297 qualitatem
2563 3234 2619 3279 et
2640 3225 2979 3295 passionem,
2998 3232 3196 3294 quarto
3218 3227 3442 3294 ligurum

1862 3333 1915 3378 et
1962 3321 2217 3376 formam.
2305 3319 2536 3375 Habitus
2588 3320 2806 3388 quidem
2864 3325 2949 3373 est
3009 3319 3248 3388 qualitas
3303 3332 3447 3387 aegre

1858 3415 2180 3470 amissibilis
2213 3413 2458 3468 deterius
2502 3411 2712 3466 faciens
2750 3412 2834 3465 vel
2874 3411 3072 3466 melius
3123 3411 3358 3465 reddens
3390 3409 3445 3463 id

1859 3507 1915 3560 in
1964 3522 2075 3576 quo
2119 3507 2356 3562 exsistit.
2386 3505 2684 3575 Dispositio
2707 3514 2887 3559 autem
2916 3512 3000 3558 est
3028 3504 3265 3573 qualitas
3292 3502 3449 3557 facile

1859 3598 2198 3661 amissibilis,
2253 3597 2306 3650 id
2358 3606 2462 3662 est,
2508 3612 2631 3667 qua:
2680 3596 2747 3649 ad
2800 3604 3013 3664 tempus
3067 3593 3367 3662 acquiritur
3395 3601 3451 3646 et

1861 3688 2164 3753 amittitur;
2193 3687 2376 3741 diﬂ‘ert
2398 3696 2581 3741 autem
2610 3686 2679 3739 ab
2712 3684 2924 3747 habitu,
2963 3683 3095 3752 quia
3122 3682 3209 3734 hic
3243 3680 3452 3733 ﬁrmior

1861 3787 2028 3833 estet
2064 3779 2396 3841 diuturnior,
2463 3779 2753 3847 dispositio
2788 3790 2917 3829 vero
2974 3773 3133 3828 facile
3162 3772 3363 3825 mutari
3397 3779 3453 3824 et

1863 3869 2063 3939 deponi
2094 3879 2299 3940 potest.
2362 3868 2647 3940 Ejusmodi
2691 3875 2822 3923 sunt
2864 3866 3107 3940 scientiae
3139 3875 3192 3919 et
3216 3865 3453 3917 virtutes

1864 3978 1928 4018 ac
1960 3963 2128 4031 vitia;
2176 3979 2302 4017 nam
2341 3963 2589 4017 habitum
2626 3960 2947 4016 eorumdem
2982 3958 3185 4012 habere
3214 3956 3453 4010 dicimus

1866 4070 1993 4110 eum
2025 4056 2119 4123 qui
2148 4054 2351 4124 aliquid
2370 4053 2640 4122 ejusmodi
2658 4046 2899 4121 longiori
2927 4059 3174 4118 tempore
3206 4047 3453 4116 possidet

195 4130 422 4224 ματικὴν
454 4151 554 4206 καὶ
583 4150 887 4222 κατέχοντα
914 4149 1118 4220 ταύτην
1145 4147 1259 4214 ἕξιν
1296 4147 1407 4219 (l0)
1435 4147 1582 4217 ἒχειν
1608 4146 1752 4213 λέγο-

1870 4145 1954 4199 vel
1985 4144 2149 4199 etiam
2183 4159 2280 4213 per
2311 4151 2482 4197 totam
2518 4142 2722 4206 vitam;
2766 4139 2935 4193 veluti
2969 4152 3096 4192 eum
3124 4136 3217 4205 qui
3268 4149 3453 4205 gram-

195 4256 309 4310 μενο
335 4244 540 4313 ὁμοίως
565 4243 663 4295 καὶ
686 4242 1038 4312 δικαιοσύνην
1060 4243 1157 4294 καὶ
1183 4240 1281 4303 τὰς
1306 4237 1493 4303 ἄλλας·
1520 4237 1765 4290 διάθεσιν

189 4328 244 4382 δὲ
277 4330 511 4404 λέγομεν
543 4332 690 4404 ἔχειν
718 4332 809 4386 τὸν
840 4331 1131 4401 δεξάμενον
1174 4330 1272 4401 μέν
1302 4346 1359 4381 τι
1398 4327 1509 4382 τῶν
1536 4326 1768 4398 εἰρημέ-

194 4439 311 4486 νων,
342 4427 480 4496 ταχὺ
507 4426 566 4480 δὲ
596 4423 770 4479 ταῦτα
802 4423 913 4495 (M)
940 4421 1402 4493 ἀποσαλλόμενον,
1432 4415 1545 4473 οἷον
1570 4418 1646 4482 ὡς
1673 4418 1766 4473 τὸν

192 4513 277 4569 διὰ
300 4516 468 4589 θυμὸν
498 4517 902 4591 ἐρυθριάσαντα
929 4516 963 4570 il
992 4515 1083 4570 διὰ
1116 4514 1281 4570 φόϐον
1310 4513 1683 4585 ὠχριάσαντα·
1716 4511 1767 4564 οι

1872 4235 2128 4289 maticam
2165 4234 2220 4288 in
2248 4249 2307 4289 se
2333 4232 2579 4303 suscepit
2604 4246 2669 4286 ac
2702 4238 2884 4285 mente
2913 4237 3081 4291 tenet,
3127 4242 3247 4280 eam
3293 4224 3457 4279 habi-

1871 4341 1986 4387 tum
2024 4332 2226 4387 habere
2252 4330 2508 4386 dicimus.
2567 4328 2776 4383 Eodem
2828 4324 2991 4380 modo
3042 4339 3133 4377 res
3195 4335 3255 4377 se
3284 4320 3452 4374 habet

1871 4439 1998 4479 cum
2023 4423 2231 4493 justitia
2249 4437 2315 4477 ac
2349 4420 2599 4490 reliquis.
2636 4417 3065 4489 Dispositionem
3091 4428 3223 4467 vero
3254 4411 3459 4465 habere

1872 4514 2108 4570 dicimus
2136 4529 2283 4580 eum,
2333 4511 2427 4582 qui
2458 4509 2845 4581 praedictorum
2887 4506 3017 4577 quid
3049 4508 3104 4559 in
3129 4519 3190 4557 se
3224 4501 3454 4569 recepit,

1714 4692 1952 4751 ΝΟΤΔΕ.

198 4853 417 4929 ϐήσεται
468 4855 531 4910 τὸ
576 4854 710 4929 αὑτὸ
768 4852 885 4929 ᾃμα
915 4851 983 4929 τά
1010 4851 1234 4929 ἐναντία
1291 4849 1639 4929 ἐπιδέχεσθαι
1676 4848 1773 4903 καὶ

196 4921 328 4981 αὑτά
362 4929 575 4990 ἑαυτοῖς
598 4922 741 4979 εἶναι
779 4922 1020 4994 ἐναντία.
1051 4921 1080 4994 §
1117 4923 1205 4987 M,
1245 4938 1297 4991 p.
1321 4922 1375 4976 8.

261 4997 371 5066 (9i)
406 4997 554 5053 Mon.
583 4995 806 5066 ἐναντία
826 4993 995 5066 ἐστίν.

261 5061 373 5135 (92)
408 5068 557 5122 Mon.
582 5067 682 5120 οὐκ
707 5064 859 5118 ἔσται
892 5061 1412 5135 ἀλλήλωνξὲναντία.

264 5131 375 5206 (95)
405 5138 552 5193 Mon.
584 5134 818 5206 φανερὸν
842 5135 924 5186 ὅτι
948 5134 1024 5206 το-
1042 5132 1286 5206 μῂᾷὲπιδ.
1320 5133 1388 5186 τὰ
1416 5131 1655 5187 ἐναντία.

264 5202 373 5277 (94)
405 5207 498 5263 Sic
521 5202 752 5277 Momet
784 5202 1155 5277 grist‘aGatif.
1181 5203 1277 5256 τοῦ
1311 5220 1372 5259 π.

285 5270 373 5341 95)
408 5278 554 5333 Μοη.
584 5276 732 5333 addit
762 5270 901 5327 εἶναι
924 5272 1163 5338 λέγεται.

286 5347 373 5416 96)
400 5348 546 5402 Men.
581 5347 818 5417 ὑπάρχει
851 5344 949 5415 μὲν
977 5359 1037 5397 π.
1070 5341 1148 5413 τῷ
1172 5341 1343 5414 ποσῷ.

287 5418 373 5487 9Ἱ)
398 5420 514 5472 ἐστι
538 5418 749 5471 Monac.

287 5483 378 5555 98)
412 5487 477 5541 ίδ.
509 5487 604 5541 τοῦ
641 5503 702 5539 π.
734 5485 884 5540 deest
912 5484 964 5538 in
992 5483 1140 5538 Mun.

273 5553 387 5627 (99)
407 5556 553 5627 μου.
582 5574 633 5610 τ.
661 5556 719 5609 δέ
749 5555 944 5627 ὲστιτὸ
969 5555 1172 5627 κυρίως
1206 5553 1275 5607 ἴδ.

268 5624 346 5697 (1)
375 5625 516 5684 Mou.
543 5644 702 5701 μετρ.
728 5625 860 5698 γάρ.

1952 4846 2030 4916 (2)
2060 4846 2153 4903 Sic
2181 4854 2235 4902 et
2252 4844 2467 4916 Monac.
2497 4842 2569 4899 cf.
2598 4842 2768 4916 Arist.
2801 4844 2897 4899 tln.
2926 4855 3049 4916 cap.
3081 4840 3137 4897 6.

1939 4909 2021 4988 (Β)
2040 4916 2127 4972 Μο
2144 4935 2199 4971 n.
2229 4916 2269 4971 f.
2308 4915 2377 4988 ξ»λὲ
2399 4917 2451 4988 _b.
2480 4941 2498 4967 ο
2530 4914 2735 4988 Φυξτίου
2759 4916 2901 4988 περὶ.
2917 4909 3220 4988 ποιότητος.
3251 4911 3316 4964 Π.

1867 4981 2194 5068 κατηγορία,
2228 4985 2349 5041 καθ’
2384 4986 2449 5066 ἣν
2480 4984 2622 5064 ποιοί
2660 5001 2807 5048 τινες
2836 4981 2987 5036 ἐἶναι
3031 4981 3319 5062 λέγονται.
3360 4981 3456 5035 Sic

1866 5069 1922 5115 et
1953 5060 2178 5111 Artstot.
2211 5071 2334 5124 cap.
2365 5056 2398 5110 8
2426 5062 2542 5124 unt.
2568 5061 2647 5122 (p.
2673 5055 2743 5110 15
2791 5054 2878 5109 ed.
2920 5052 3099 5107 Paris.
3137 5068 3188 5107 c.
3228 5052 3280 5105 6.

1940 5129 2017 5199 (4)
2047 5126 2191 5199 Men.
2228 5122 2341 5199 etSt)
2375 5122 2694 5195 συνώνυμα.

1947 5197 2024 5267 (5)
2056 5197 2201 5251 Mou.
2231 5197 2265 5265 ἦ
2301 5213 2427 5267 κακ.

1974 5264 2025 5337 6)
2058 5267 2116 5320 δέ
2138 5264 2291 5321 deest
2323 5266 2375 5320 in
2397 5264 2549 5321 Mou.

1972 5340 2027 5407 'l)
2057 5337 2202 5407 Mon.
2233 5337 2332 5399 είς.

1956 5405 2033 5483 (8)
2058 5406 2196 5483 ᾳβτη
2225 5436 2295 5483 :-_-
2314 5407 2605 5483 6‘“?¥“1°l"
2633 5406 2810 5483 °.“i“‘°
2836 5405 2891 5483 i9
2922 5406 3097 5483 M°"-'-
3159 5475 3172 5483 -
3302 5468 3313 5483 '

1951 5475 2030 5549 (9)
2060 5475 2205 5549 “_in
2224 5476 2337 5549 ἕξιν
2365 5477 2472 5549 γὰρ
2486 5475 2638 5549 ἔχειν
2662 5477 2808 5545 λέγ.;
2842 5476 2998 5533 deest
3014 5475 3209 5531 deinde
3225 5475 3449 5524 τούτων.

2099 5546 2250 5621 ξιοηζ
2280 5546 2450 5621 αὑτὴν
2469 5546 2543 5607 ὡς
2572 5546 2706 5621 ἕξιν.

1952 5612 2068 5690 (Η)
2098 5616 2191 5674 Sic
2212 5616 2373 5673 Catil.
2398 5612 2581 5683 recte;
2623 5615 2743 5673 Vat.
2764 5625 2821 5673 et
2842 5615 2988 5672 Mou.
3023 5612 3248 5670 ταύτην.
