3826 6206
406 233 517 300 787

1573 237 1840 299 ΡΗΟΤΙῙ
1868 239 2379 300 PATIlIARCH/E
2405 240 2515 301 CP.

3552 249 3648 313 788

407 370 539 411 mox
595 369 726 409 vero
781 354 914 410 illud
971 353 1176 426 abiecit
1207 364 1262 411 et
1283 354 1576 426 deposuit;
1627 355 1779 412 verbi
1812 357 1985 427 gratia

2106 357 2209 428 τὰρς
2232 357 2465 412 τοιοῦτοι
2500 356 2613 430 (12)
2654 359 2924 426 διαθέσεις
2956 360 3103 434 ἔχειν
3145 361 3416 432 λέγονται·
3453 363 3645 438 διετέθη

407 457 558 508 eum,
594 444 686 513 qui
711 454 934 514 propter
961 443 1304 498 iracundiam
1340 445 1560 499 erubuit
1591 445 1674 498 vel
1708 460 1816 512 prae
1841 455 1984 498 metu

410 536 631 607 palluit;
685 537 822 591 tales
856 536 1004 590 enim
1027 536 1442 605 dispositionem
1470 536 1673 590 habere
1696 536 1984 602 dicuntur;

409 625 712 694 dispositus
742 641 979 696 namque
1010 624 1114 681 fuit
1143 641 1333 681 eorum
1353 626 1584 696 quilibet
1615 626 1682 680 ad
1711 625 1988 680 modicum

412 722 624 783 tempus
659 714 960 768 secundum
984 716 1239 770 ruborem
1271 715 1355 769 vel
1399 716 1658 785 pallorem
1684 732 1698 782 ;
1730 730 1838 769 non
1863 730 1992 770 vero

412 806 579 858 uilius
629 806 820 858 harum
853 806 1180 874 qualitatum
1225 805 1471 860 habitum
1521 805 1785 876 suscepit.
1835 803 1993 862 Patet

411 907 592 949 autem
623 912 749 950 cum
779 897 871 966 qui
898 898 1143 952 habitum
1172 897 1354 963 habet,
1392 898 1544 968 prius
1567 899 1988 969 dispositionem

411 987 705 1048 habuisse;
745 990 898 1058 prius
954 991 1099 1045 enim
1128 990 1252 1044 talis
1282 990 1586 1046 secundum
1629 991 1778 1046 illam
1811 991 1993 1062 qua-li-

411 1089 580 1134 tatem
642 1083 944 1153 dispositus
993 1092 1128 1148 erat,
1191 1083 1387 1139 deinde
1434 1085 1516 1139 sic
1569 1085 1690 1155 ejus
1746 1085 1990 1139 habitum

409 1173 674 1242 sust-epit.
754 1176 932 1245 Atque
993 1175 1109 1231 haec
1164 1175 1387 1246 quidem
1433 1176 1502 1232 de
1567 1176 1746 1246 prima
1805 1176 1994 1247 specie

412 1265 722 1334 qualitatis.

481 1356 536 1410 2.
579 1357 760 1410 Altera
796 1373 928 1411 vero
955 1358 1238 1428 qualitatis
1265 1360 1478 1430 species
1512 1368 1598 1416 est
1662 1359 1907 1431 potentia
1939 1369 1994 1415 et

411 1445 756 1514 impotentia.
797 1448 924 1502 Haec
950 1464 1082 1504 vero
1109 1466 1219 1504 non
1245 1460 1532 1516 suntactu,
1563 1451 1658 1506 sed
1691 1467 1786 1520 per
1818 1452 1990 1506 solam

411 1534 749 1590 habilitatem
792 1539 1194 1605 producuntur.
1231 1540 1323 1594 Est
1354 1557 1482 1596 vero
1511 1541 1755 1610 potentia
1788 1540 1991 1595 habili-

411 1627 544 1681 tatis
584 1642 926 1697 progressus,
964 1630 1287 1699 impotentia
1345 1639 1526 1686 autem
1567 1631 1858 1688 difficultas
1907 1633 1993 1686 vel

2093 450 2192 521 μὲν
2216 450 2325 522 γὰρ
2348 452 2580 516 ἕκαστος
2605 454 2809 507 τούτων
2839 455 2975 526 πρὸς
2998 455 3179 525 ὀλίγον
3201 457 3348 510 κατὰ
3368 456 3467 528 τὴν
3494 459 3649 530 ὠῖφ

2089 543 2281 614 τηταῆ
2318 544 2696 616 ἐρυθρότητα·
2733 547 2835 600 οὐκ
2867 549 3083 616 ἐγένετο
3122 547 3180 600 δὲ
3220 549 3398 612 οὐδεὶς
3415 550 3651 621 οὐδεμιᾶς

2091 637 2310 700 ἐκτικὸς
2335 639 2542 692 τούτων
2566 640 2700 711 (15).
2723 641 2896 710 Δῆλον
2915 641 2959 695 δ’
2974 643 3056 695 ὅτι
3071 644 3100 696 ό
3121 641 3260 713 ἔχων
3286 642 3392 713 τὴν
3408 641 3520 707 ἕξιν
3535 645 3654 714 πρό-

2089 746 2247 800 τερον
2271 729 2398 801 ἔσχε
2426 734 2528 802 τὴν
2548 731 2788 792 διάθεσιν
2820 733 2953 804 (11)·
2991 733 3206 805 διετέθη
3241 731 3354 804 γάρ
3395 733 3604 796 πρῶτον
3631 736 3654 786 ό

2091 824 2331 887 τοιοῦτος
2359 823 2500 878 κατὰ
2525 823 2624 895 τὴν
2657 825 2942 896 ποιότητα,
2983 821 3085 880 εἷθ’
3113 825 3287 890 οὕτως
3322 825 3527 896 ταύτης
3557 826 3654 892 (15)

2092 915 2304 979 ἐκτικὸς
2332 916 2573 984 ἐγένετο.
2612 916 2722 972 Καὶ
2750 916 2896 972 οὕτω
2927 917 3027 990 μὲν
3053 918 3184 992 περὶ
3210 917 3308 972 τοῦ
3345 916 3562 990 πρώτου
3588 919 3656 971 εἴ-

2091 1011 2213 1076 δους
2234 1011 2333 1083 τῆς
2360 996 2665 1084 ποιότητος.

2164 1351 2231 1422 β’.
2261 1349 2524 1420 Δεύτερον
2549 1351 2607 1405 δέ
2646 1349 2784 1415 εἶδος
2815 1351 3103 1421 ποιότητος
3143 1349 3206 1404 δύ
3219 1367 3381 1421 θαμις
3422 1349 3516 1403 καὶ
3548 1350 3634 1403 άδυ

2058 1477 2059 1480 η
2092 1443 2299 1513 ναμία·
2335 1443 2510 1498 ταῦτα
2539 1444 2596 1496 δέ
2625 1444 2726 1497 οὐκ
2758 1445 2869 1496 είσ).
2897 1443 3042 1497 κατὰ
3069 1445 3176 1514 τὴν
3207 1444 3495 1516 ἐνέργειαν
3528 1443 3654 1515 (16).

2093 1537 2231 1590 ἀλλὰ
2281 1537 2404 1589 κατ’
2447 1537 2858 1608 ἐπιτηδειότητα
2918 1536 3087 1607 μόνην
3150 1536 3515 1609 προάγονται.
3566 1537 3656 1588 Καὶ

2093 1631 2209 1684 ἐστι
2247 1630 2358 1701 (17)
2384 1629 2614 1699 δύναμις
2652 1629 2752 1699 μὲν
2785 1628 3224 1698 ἐπιτηδειότητος
3249 1627 3525 1698 προκοπὴ,
3549 1627 3657 1680 ἀδυο

407 1719 620 1773 excisio
653 1719 980 1776 habilitatis.
1015 1722 1262 1790 Exempli
1309 1725 1483 1792 gratia
1541 1725 1856 1793 praestantis
1909 1723 1994 1778 in-

2106 1723 2268 1794 ναμία
2299 1722 2356 1776 δέ
2377 1721 2634 1776 δυσκολία
2661 1721 2696 1791 ἢ
2727 1720 2938 1792 ἐκκοπὴ
2965 1719 3429 1790 ἐπιτηδειότητοςο
3451 1713 3559 1772 οἷον
3582 1718 3657 1771 τὸν

414 1810 558 1878 genii
601 1825 827 1879 puerum
866 1813 1165 1880 potentiam
1213 1814 1416 1869 habere
1466 1814 1724 1880 dicimus,
1761 1825 1820 1869 ut
1867 1829 1997 1886 geo-

413 1902 678 1956 metricus
703 1903 817 1967 lial,
861 1903 1163 1959 bebetioris
1197 1919 1326 1960 vero
1361 1905 1566 1975 ingenii
1596 1921 1827 1976 puerum
1888 1908 1996 1962 im-

411 1993 738 2060 potentiam.
772 1992 975 2048 Eodem
1012 1996 1177 2049 modo
1232 1997 1344 2066 apti
1402 1999 1468 2053 ad
1531 2012 1757 2053 cursum
1813 2006 1869 2052 et
1926 1997 1996 2053 ad

413 2085 720 2154 pugilatum
779 2087 1040 2142 dicuntur
1075 2103 1182 2143 non
1216 2092 1439 2159 quidem
1471 2101 1755 2145 currentes
1782 2099 1838 2145 et
1893 2105 1996 2160 pu-

414 2178 648 2246 gilantes
687 2179 762 2249 (bi
794 2181 940 2234 enim
979 2191 1243 2235 vocantur
1267 2197 1520 2237 cursores
1548 2191 1603 2235 et
1621 2181 1874 2253 pugiles),
1902 2182 1997 2238 sed

416 2270 514 2338 qui
551 2270 908 2338 aplitndinem
943 2273 1395 2344 habilitatemque
1443 2274 1647 2329 habent
1671 2277 1737 2328 ad
1771 2290 1995 2329 cursum

417 2365 503 2417 vel
546 2366 612 2417 ad
645 2367 984 2436 pugilatum;
1048 2376 1102 2422 et
1131 2368 1381 2423 salubres
1435 2369 1694 2423 dicuntur
1752 2383 1860 2422 non
1909 2369 2002 2438 qui

417 2455 558 2512 bona
593 2457 852 2514 fruuntur
883 2461 1195 2516 valetudine
1227 2462 1304 2533 (hi
1338 2462 1483 2516 enim
1519 2469 1787 2516 vocantur
1831 2461 2002 2530 sani),

417 2549 513 2604 sed
546 2551 638 2620 qni
674 2553 970 2621 potentiam
1004 2555 1209 2609 habent
1257 2555 1392 2608 nihil
1429 2553 1589 2608 facile
1641 2554 1709 2608 ab
1747 2554 2003 2609 acciden-

418 2641 567 2696 tibus
598 2643 838 2710 patiendi
887 2646 1138 2716 (morbidi
1183 2661 1311 2701 vero
1344 2647 1427 2700 vel
1467 2645 1657 2717 aegroti
1723 2645 2004 2709 dicuntur,

2096 1815 2270 1884 εὐφυῆ
2302 1813 2467 1867 παῖδα
2493 1812 2724 1885 δύναμιν
2758 1810 2903 1881 ἔχειν
2932 1811 3115 1881 φαμὲν
3138 1810 3233 1864 τοῦ
3262 1809 3518 1878 γενέσθαι
3542 1825 3658 1877 γεω·

2099 1905 2379 1977 μετρικδν,
2415 1903 2507 1958 τὸν
2536 1903 2596 1956 δέ
2621 1901 2768 1971 ἀφυῆ
2804 1899 3126 1971 ἀδυναμίαν
3153 1899 3245 1954 τὸν
3271 1899 3439 1954 αὐτὸν
3465 1899 3522 1951 δὲ
3547 1899 3656 1968 τρό-

2097 2013 2198 2051 πον
2223 1995 2319 2049 καὶ
2350 1993 2605 2068 δρομικοὶ
2632 1992 2884 2062 λέγονται
2902 1991 2998 2044 καὶ
3024 1991 3283 2043 πυκτικο“ι
3301 2030 3316 2048 .
3347 1989 3448 2058 οὐχ
3473 1987 3522 2041 oi
3547 1986 3656 2056 τρέο

2096 2109 2282 2164 χοντες
2305 2090 2338 2161 ἢ
2368 2088 2734 2150 πυκτεύοντες
2758 2081 2942 2156 (οὗτοι
2974 2084 3084 2155 γὰρ
3113 2084 3338 2155 δρομεῖς
3358 2083 3455 2178 παὶ

2073 2182 2432 2254 καλοῦνται),
2460 2181 2577 2234 ἀλλ’
2603 2181 2650 2234 oi
2683 2178 2898 2249 ἔχοντες
2926 2175 3248 2246 ἐπιτηδείως
3277 2172 3417 2245 πρὸς
3442 2172 3530 2226 τὸν
3552 2172 3657 2243 δρός

2099 2293 2200 2348 μον
2237 2275 2332 2328 καὶ
2375 2272 2487 2344 (18)
2521 2273 2621 2341 τὴν
2659 2270 2919 2340 πυγμήν·
2953 2267 3048 2322 καὶ
3080 2267 3307 2335 ὑγιεινοὶ.
3343 2266 3443 2334 οὐχ
3487 2265 3534 2316 oi
3561 2263 3658 2334 (l9)

2098 2367 2440 2438 ὑγιαίνοντες
2491 2359 2672 2432 (οὗτοι
2721 2363 2832 2433 γὰρ
2879 2361 3054 2431 ὑγιεῖς
3102 2360 3436 2427 λέγονται),
3471 2357 3579 2411 ἀλλ’
3618 2358 3660 2409 οἱ

2098 2461 2312 2532 ἔχοντες
2336 2458 2565 2524 δύναμιν
2589 2454 2684 2509 τοῦ
2713 2453 2879 2525 μηδὲν
2899 2453 3129 2523 πάσχειν
3144 2451 3253 2506 ὑπὸ
3273 2450 3384 2503 τῶν
3409 2449 3662 2519 τυχόντων

2099 2552 2338 2615 εὐκόλως
2367 2550 2502 2621 (20).
2528 2548 2719 2603 Ταῦτα
2745 2545 2811 2618 δὴ
2840 2545 2974 2617 περ)⁵
2997 2545 3098 2615 τῆς
3118 2543 3406 2615 δυνάμεως
3432 2541 3526 2597 καὶ
3548 2540 3663 2594 ἀδυ-

2099 2645 2322 2716 ναμίας.

413 2735 510 2803 qni
537 2737 843 2792 naturalem
895 2738 1100 2794 habent
1134 2739 1512 2810 impotentiam
1546 2738 1684 2794 nihil
1722 2737 1886 2796 facile
1915 2737 2159 2808 patiendi
2188 2738 2259 2794 ab
2285 2736 2714 2808 accidentibus).
2779 2737 2908 2796 Haec
2977 2736 3047 2795 de
3104 2731 3350 2808 potentia
3388 2741 3443 2787 et
3505 2731 3663 2798 impo-

415 2833 583 2888 tentia
609 2833 751 2890 dicta
782 2844 968 2892 sunto.

489 2932 542 2986 5.
580 2929 765 2986 Tertia
815 2933 1099 3002 qualitatis
1156 2934 1370 3004 species
1416 2935 1633 3006 passiva
1699 2932 2068 3006 (patibilis)C

413 3024 652 3094 qualitas
676 3032 735 3079 et
762 3025 968 3093 passio.
1003 3026 1100 3080 Est
1135 3038 1318 3082 autem
1351 3029 1572 3098 passiva
1604 3029 1843 3099 qualitas
1872 3043 1999 3098 pas-

411 3117 555 3171 sioni
598 3117 816 3172 cuidam
876 3117 966 3173 diu
1009 3118 1326 3188 conjuncta,
1395 3121 1580 3189 passio
1607 3136 1735 3176 vero
1789 3121 1874 3174 via
1931 3119 1999 3174 ad

414 3207 734 3276 qualitatem
796 3210 1088 3278 passivam.
1147 3209 1462 3281 Tripliciter
1523 3212 1724 3268 dicitur
1780 3213 2000 3283 passiva

414 3299 656 3366 qualitas
689 3317 704 3353 :
732 3301 814 3353 vel
841 3300 985 3355 enim
1019 3316 1047 3354 a
1088 3301 1348 3370 passione
1378 3313 1559 3358 ortum
1589 3304 1802 3368 habuit,
1835 3303 1999 3358 veluti

414 3391 488 3444 ab
512 3391 800 3461 irregulari
834 3408 899 3448 ac
935 3401 1146 3448 natura:
1184 3409 1293 3449 non
1335 3403 1708 3450 consentanea
1742 3396 1890 3450 circa
1906 3411 2003 3450 cor

420 3483 636 3538 fervore
671 3483 862 3548 febris,
895 3494 950 3539 et
981 3487 1292 3554 passionem
1355 3489 1649 3558 quamdam
1714 3487 1858 3543 circa
1916 3498 1999 3542 ta-

415 3583 568 3629 ctum
605 3575 802 3642 eilicit;
834 3576 1249 3633 calefacitenim
1282 3595 1411 3634 eum
1464 3580 1559 3650 qui
1601 3579 1733 3634 illud
1791 3579 2000 3649 tangit;

418 3667 504 3722 vel
535 3668 848 3738 apassione
870 3671 1089 3740 quidem
1120 3679 1239 3726 orta
1269 3687 1376 3725 non
1401 3680 1506 3737 est,
1532 3671 1842 3742 passionem
1879 3686 2002 3726 vero

420 3760 604 3822 infert.
634 3770 694 3816 ut
735 3762 877 3832 ignis
903 3763 1273 3827 calor;-calor
1301 3765 1446 3819 enim
1493 3780 1524 3819 a
1589 3765 1860 3835 principio
1892 3763 2004 3836 igni

421 3851 564 3908 inest
595 3860 651 3906 et
681 3851 748 3906 ad
780 3853 1231 3908 constitutionem
1272 3853 1599 3910 substantiae
1648 3855 1822 3922 ipsius
1869 3869 2001 3909 con-

420 3941 564 4007 fert;
599 3942 889 3999 manifeste
911 3944 1076 4015 igitur
1106 3960 1135 3999 a
1167 3945 1424 4021 passione
1458 3953 1642 4000 ortum
1676 3963 1785 4000 non
1819 3945 2001 4013 habet,

421 4035 739 4104 passionem
769 4044 950 4090 tamen
992 4035 1190 4104 eilicit;
1248 4037 1505 4093 similiter
1561 4048 1614 4098 et
1654 4039 1834 4094 mellis
1883 4039 2005 4094 dul-

417 4124 612 4180 cedoa
650 4126 901 4194 passione
944 4138 1060 4182 orta
1119 4144 1230 4186 non
1295 4141 1395 4195 est,
1453 4131 1763 4200 passionem
1821 4141 2003 4187 autem

417 4217 569 4272 circa
596 4219 837 4289 linguam
875 4218 1042 4288 facit;
1071 4222 1153 4276 vel
1175 4237 1393 4277 rursum
1427 4239 1457 4276 a
1493 4224 1753 4292 passione
1780 4223 2002 4293 quidem

2171 2931 2242 3002 γ’.
2264 2931 2462 3004 Τρίτον
2483 2931 2538 2984 δὲ
2560 2925 2702 2992 εἶδος
2724 2926 3012 2997 ποιότητος
3036 2920 3318 2992 παθητικὴ
3347 2918 3561 2986 ποιότης
3580 2915 3668 2967 καὶ

2103 3025 2298 3089 πάθος.
2329 3023 2490 3078 Ἐστι
2514 3023 2558 3074 δ’
2582 3022 2616 3092 ὴ
2639 3020 2752 3090 (21)
2779 3018 2880 3088 μὲν
2901 3013 3180 3085 παθητικὴ
3207 3011 3434 3081 ποιότης
3460 3009 3493 3078 ἠ
3518 3005 3667 3060 πάθει

2099 3119 2208 3173 τινὶ
2221 3116 2400 3189 χρόνῳ
2421 3113 2532 3186 (22)
2555 3110 2960 3181 συνεζευγμένη
2986 3108 3119 3179 (25),
3144 3104 3317 3166 πάθος
3336 3103 3396 3156 δέ
3419 3102 3544 3172 ὴείς
3563 3098 3667 3169 (24)

2100 3211 2202 3281 τὴν
2236 3209 2547 3278 παθητικὴν
2580 3205 2842 3273 ποιότητα
2878 3201 3018 3264 ὁδός.
3059 3198 3278 3271 Τριχῶς
3307 3195 3368 3249 δέ
3401 3194 3612 3262 λέγεται
3641 3193 3671 3258 ἡ

2102 3301 2379 3372 παθητικὴ
2426 3298 2676 3368 ποιότὴςο
2710 3295 2744 3367 ἢ
2773 3295 2882 3367 γὰρ
2925 3294 3034 3348 ἀπὸ
3069 3291 3276 3352 πάθους
3308 3287 3524 3356 ἐγένετο
3547 3283 3670 3354 (25).

2100 3389 2212 3448 οἷον
2242 3393 2317 3457 ὡς
2342 3390 2452 3448 ἀπὸ
2476 3390 2576 3461 τῆς
2605 3386 2895 3458 ἀνωμάλου
2927 3386 3023 3439 καὶ
3053 3382 3204 3454 παρὰ
3233 3379 3398 3449 φύσιν
3430 3376 3556 3447 περ).
3584 3372 3672 3442 τὴν

2102 3485 2332 3557 καρδίαν
2364 3483 2570 3550 ζέσεως
2599 3484 2628 3536 ὁ
2659 3480 2926 3552 πυρετὸς,
2971 3477 3067 3531 καὶ
3107 3475 3283 3538 πάθος
3327 3489 3382 3526 τι
3415 3469 3556 3522 κατὰ
3582 3466 3673 3536 τὴν

2103 3580 2246 3649 ἁφὴν
2291 3579 2435 3631 ποιεῖ
2469 3573 2619 3648 (2‘3)°
2652 3571 2941 3643 θερμαίνει
2989 3569 3098 3639 γὰρ
3138 3567 3234 3620 τὸν
3277 3558 3672 3633 ἁπτόμενον-ἧ

2102 3672 2211 3727 ἀπὸ
2243 3671 2453 3733 πάθους
2486 3669 2586 3740 μὲν
2621 3667 2722 3721 οὐκ
2752 3665 2975 3736 ἐγένετο
2994 3705 3008 3729 ,
3039 3663 3212 3726 πάθος
3243 3660 3302 3714 δὲ
3331 3657 3580 3728 ἐμποιεῖ,
3607 3653 3673 3714 ὡς

2100 3769 2135 3840 ὴ
2166 3767 2260 3821 τοῦ
2286 3765 2457 3837 πυρὸς
2479 3764 2773 3838 θερμότης·
2803 3761 2944 3832 αὕτη
2968 3759 3078 3830 γὰρ
3109 3756 3349 3850 ἀρχῆθεν
3380 3755 3494 3824 (27)
3521 3750 3674 3850 ὖτξάρς

2101 3867 2274 3934 χουσα
2308 3860 2386 3931 τῷ
2416 3859 2553 3930 τιυρὶ
2577 3858 2674 3911 κα).
2707 3854 3036 3910 συντελοῦσα
3067 3851 3206 3922 πρὸς
3242 3847 3505 3902 σύστασιν
3525 3843 3672 3901 ιιύτι).ὗ

2102 3955 2202 4024 τῆς
2213 3951 2404 4014 οὐσίας
2425 3951 2537 4006 ἀπὸ
2555 3949 2764 4011 πάθους
2783 3948 2883 4018 μὲν
2904 3946 3064 4018 δῆλον
3092 3945 3176 3999 ὃτι
3199 3941 3304 3996 οὐκ
3326 3940 3564 4009 ἐγένετο,
3585 3937 3674 3989 πά·

2104 4044 2196 4106 θος
2223 4044 2280 4098 δὲ
2321 4045 2542 4113 ἐμποιεῖ
2573 4042 2684 4113 (28)
2706 4059 2721 4072 ·
2751 4040 2956 4109 ὁμοίως
2994 4038 3053 4091 δὲ
3094 4035 3192 4090 καὶ
3222 4036 3257 4102 ἡ
3290 4031 3566 4102 γλυκύτης
3590 4025 3670 4080 τοῦ

2109 4136 2324 4206 μέλιτος
2354 4135 2462 4189 ἀπὸ
2492 4134 2698 4196 πάθους
2742 4132 2844 4202 μὲν
2882 4131 2996 4202 (29)
3025 4131 3128 4184 οὐκ
3158 4128 3402 4197 ἐγένετο,
3437 4123 3602 4185 πάθος
3625 4118 3672 4170 δὲ

2108 4229 2239 4300 περὶ
2279 4228 2380 4300 τὴν
2421 4227 2672 4297 γλῶτταν
2702 4228 2846 4279 ποιεῖ
2866 4241 2879 4255 ·
2914 4225 2950 4294 ἢ
2998 4222 3161 4276 πάλιν
3191 4219 3303 4275 άπδ
3339 4216 3546 4278 πάθους
3587 4211 3674 4282 μὲν

419 4321 543 4365 orta
574 4319 677 4376 est,
709 4326 816 4370 non
849 4329 979 4368 vero
1030 4314 1343 4383 passionem
1369 4315 1521 4377 facit,
1555 4316 1721 4370 veluti
1766 4317 1999 4385 qualita-

2111 4298 2352 4389 ἐγένετο,
2399 4317 2570 4382 πάθος
2609 4317 2668 4371 δὲ
2699 4317 2760 4369 οὐ
2796 4318 2975 4377 ποιεῖ,
3006 4312 3084 4376 ὡς
3110 4312 3166 4365 αἱ
3196 4309 3328 4376 περὶ
3376 4306 3478 4377 τὴν
3517 4300 3674 4373 ψυχὴν

420 4413 525 4470 tes,
555 4419 684 4472 quae
710 4405 857 4460 circa
879 4406 1116 4461 animam
1141 4408 1436 4472 exsistunt,
1454 4408 1602 4463 verbi
1621 4408 1791 4478 gratia
1820 4425 2008 4464 amen-

421 4498 522 4563 tia,
563 4498 644 4552 ira
679 4509 735 4554 et
782 4500 905 4568 alia,
941 4500 993 4554 id
1052 4516 1262 4570 genus;
1323 4501 1440 4574 ipsa
1479 4501 1625 4556 enim
1685 4517 1715 4554 a
1746 4502 2002 4572 passione

419 4598 678 4666 ortaest,
710 4607 821 4647 non
857 4607 988 4647 vero
1018 4591 1073 4646 in
1101 4591 1475 4662 conspiciente
1503 4591 1588 4647 vel
1633 4600 1885 4662 tangente
1918 4591 2001 4647 ef—

2113 4413 2477 4482 ὐφιστάμεναι
2516 4411 2824 4480 ποιότητεςο
2862 4402 2975 4462 οἷον
3013 4406 3047 4476 ἦ
3089 4421 3152 4458 τε
3194 4399 3404 4472 μανικὴ
3439 4397 3674 4455 ἔκστασις

2107 4511 2204 4564 καὶ
2227 4511 2261 4579 ὴ
2291 4509 2432 4580 ὀργὴ
2461 4507 2559 4562 καὶ
2598 4506 2672 4560 τὰ
2694 4504 2924 4560 τοιαῦτα
2967 4503 3100 4575 (50)°
3132 4499 3278 4570 αὕτη
3310 4498 3416 4570 μὲν
3441 4495 3547 4566 γὰρ
3581 4490 3674 4546 ἁπδ

2107 4601 2313 4667 πάθους
2352 4602 2464 4674 (51)
2498 4601 2749 4668 ἐγένετο,
2795 4598 2967 4660 πάθος
2997 4595 3056 4650 δέ
3088 4595 3190 4648 οὐκ
3220 4593 3446 4664 ἐμποιεῖ
3482 4591 3558 4646 είς
3595 4584 3673 4639 τὸν

1926 4684 2160 4747 NOTAE.

523 4773 607 4842 12)
639 4773 787 4831 Mon.
811 4777 1014 4840 πάντες
1047 4770 1192 4830 οὗτοι
1230 4775 1494 4830 διάθεσιν.

372 4907 377 4910 .
497 4844 610 4916 (15)
645 4844 792 4916 Mon.
820 4847 920 4902 οὐκ
951 4847 1168 4916 ἐγένετο
1192 4847 1252 4899 δὲ
1279 4847 1536 4916 οὐδεμίαν
1567 4846 1681 4912 ἕξιν
1719 4844 1880 4916 ἔχων,
1916 4846 2007 4900 ὲκ-

420 4913 574 4978 τικὺς
593 4913 814 4972 τούτων.

644 4986 799 5058 ΔΜοῐι.
828 4989 930 5058 τὴν
951 4987 1094 5042 διάθ.
1126 4987 1274 5058 ἔσχε.

641 5055 787 5129 Men.
820 5055 920 5114 εἷθ’
943 5059 1118 5120 οὕτως
1151 5055 1356 5128 ταύτην
1377 5057 1490 5124 ἕξιν
1521 5057 1660 5129 ἔχων
1686 5059 1802 5112 ἐκτ.
1832 5057 1918 5129 ἐγ.

645 5127 793 5200 Non.
833 5130 954 5184 κατ’
990 5129 1292 5200 ἐνέργειαν.

528 5197 610 5265 17)
642 5197 786 5254 Μοη.
821 5200 1012 5254 ἔστιδὲ
1043 5197 1092 5252 δ.

524 5267 609 5343 18)
637 5270 776 5343 MP".
812 5271 1017 5343 ﬂﬂwbs
1046 5271 1324 5343 ἱε-ξτυγήνο

643 5340 789 5413 Mon.
814 5337 1023 5413 οὐχὀίς
1048 5339 1143 5413 [οῖ]
1180 5337 1318 5393 εἰσιν
1347 5342 1435 5413 ὐγ.

519 5409 613 5482 20);
645 5411 834 5482 Suppl.
860 5409 927 5465 ex
958 5409 1173 5465 Monac.
1227 5412 1482 5476 νοσώδεις
1521 5411 1578 5465 δὲ
1611 5413 1662 5464 oi
1700 5412 2006 5482 ἀδυναμίαν

427 5481 667 5602 32):;th
698 5481 915 5553 ἔχοντες
941 5481 1034 5535 τοῦ
1068 5483 1304 5552 πάσχειν
1329 5483 1432 5535 ὑπὸ
1456 5483 1564 5536 τῶν
1621 5481 1891 5554 τυχόντων
1916 5485 2006 5537 εὐ-

577 5567 624 5602 ς.

644 5620 794 5694 μου.
824 5621 1019 5676 ἔστιδέ
1052 5623 1184 5678 παθ.
1217 5622 1316 5693 μὲν
1345 5639 1403 5677 π.

507 5691 621 5751 (22)
644 5691 789 5746 Mon.
821 5695 1071 5763 χρονίως.

2183 4783 2295 4856 (25)
2326 4781 2473 4856 Mon.
2513 4781 2844 4856 συνεζευγμ.
2872 4778 3122 4851 ὡχρότης
3148 4776 3182 4847 ἢ
3205 4774 3384 4839 νόσος.

2200 4853 2722 4930 “Immensae:-
2767 4869 2920 4930 τς-π·
3002 4919 3015 4930 .
3138 4917 3190 4930 .-
3314 4917 3330 4930 .
3422 4915 3435 4929 .
3548 4910 3567 4930 .

2204 4909 2395 4996 £5),an
2443 4909 2589 4996 Mori.
2619 4909 2902 4996 'sequitur
2930 4919 3027 4974 καὶ
3081 4917 3256 4996 πάθος
3285 4915 3502 4996 ἐποίει,
3537 4910 3611 4996 ὣς

2103 4981 2236 5069 περὶ
2270 4981 2361 5069 risv
2386 4995 2675 5069 ἄνθρωπον
2703 4981 2968 5069 γ-ινρμένη
2994 4991 3154 5069 ,παρὰ
3187 4988 3354 5069 φύσιν
3381 4981 3667 5069 θερμασία-ς

2101 5061 2242 5136 αὕτη
2271 5066 2380 5138 γὰρ
2433 5061 2527 5119 καὶ
2576 5065 2685 5118 ἀπὸ
2718 5061 2965 5126 πάθους
2991 5061 3211 5128 ἐγένετο
3245 5061 3347 5128 τῆς
3399 5061 3667 5122 ἀνωμάλου

2102 5137 2300 5192 deinde
2321 5145 2376 5188 et
2404 5151 2590 5192 supra.

2321 5151 2376 5188 ρῑ
2404 5151 2590 5189 supra.

2139 5151 2300 5193 cinae
2321 5151 2376 5188 et
2404 5151 2590 5206 supra.

2173 5207 2285 5281 (
2320 5207 2467 5281 Mon.
2492 5208 2636 5281 ποιεῖ
2662 5206 2806 5281 κατὰ
2836 5203 2936 5276 τὴν
2956 5203 3122 5281 ἁφήν.
3230 5268 3257 5281 η

2175 5265 2290 5349 (27)
2319 5277 2466 5349 Μέθη.
2498 5279 2625 5346 ἁρχ.
2670 5278 2769 5349 μὲν
2797 5265 3166 5349 προσ-εγενετο
3186 5268 3268 5340 τῷ
3288 5270 3438 5341 πυρὶ,
3472 5265 3665 5322 συντελ.

2101 5350 2221 5404 δέπ

2188 5366 2276 5417 πρ.
2312 5366 2469 5402 συστ.
2526 5366 2626 5416 της
2658 5366 2680 5400 τ

2341 5417 2680 5490 Μριιηποιεί.

2186 5480 2300 5557 (29)
2342 5487 2443 5556 μέν
2472 5487 2625 5542 deest
2649 5489 2700 5541 in
2733 5488 2908 5553 Mon.,
2938 5486 3081 5541 sicut
3107 5496 3340 5552 sequens
3365 5480 3540 5535 πάλιν.

2185 5559 2300 5628 (50)
2326 5557 2469 5628 Mon.
2499 5558 2577 5628 τὰς
2595 5560 2776 5628 ὃμοια.

2187 5629 2302 5700 (51)
2339 5627 2482 5684 Mon.
2518 5627 2656 5700 αὐτη
2679 5630 2788 5700 γὰρ
2818 5628 2926 5684 ἀπὸ
2945 5646 3004 5683 π.
3041 5627 3141 5698 μὲν
3158 5628 3240 5694 ἐγ.

2263 5345 2279 5401 ζ
2312 5348 2469 5402 σύστ.
2526 5345 2626 5416 τῆς
2658 5345 2851 5401 τούτου
2882 5345 3092 5407 οὐσίας.
