3828 6202
238 264 333 330 789

1234 269 1335 332 AD
1368 265 1965 335 AMPHILOCHIUM
1989 267 2337 339 ΟΙΜΞΞΤΙΟ
2366 268 2529 328 CXL.

3394 265 3501 331 790

230 375 424 448 ὁρῶντα
443 372 477 447 ἢ
500 374 828 447 ἁπτόμενον.
849 377 1108 450 Διαφέρει
1129 378 1185 433 δὲ
1214 382 1247 449 ἡ
1272 378 1550 450 παθητικὴ
1572 379 1795 447 ποιότης

1938 377 2373 445 citpassionem.
2432 377 2620 432 Dill'ert
2676 384 2861 433 autem
2892 377 3135 448 patibilis
3188 378 3430 448 qualitas
3465 396 3496 437 a

148 518 159 525 ί
229 465 314 522 τοῦ
337 463 556 531 πάθους,
582 464 706 520 καθ’
722 465 783 519 ὃν
805 468 1008 538 τρόπον
1030 469 1143 541 (59)
1166 471 1198 540 ὴ
1224 469 1338 535 ἒξις
1357 470 1459 538 τῆς
1481 468 1795 531 διαθέσεως

229 559 272 611 ει
295 556 387 627 μὲν
409 555 519 627 γὰρ
540 558 598 609 ὲν
620 558 800 630 χρόνῳ
820 559 1027 614 πλείονι
1051 561 1360 633 παραμένει
1382 559 1492 631 (35)
1517 560 1578 613 τὸ
1598 559 1794 624 πάθος,

230 650 357 703 ὥστε
384 650 729 722 παρωνύμως
758 652 818 718 ἐξ
849 654 1016 707 αὐτοῦ
1046 653 1416 725 ὀνομασθῆναι
1444 654 1535 707 τὸν
1569 653 1799 720 δεξάμε-

230 756 308 792 νον
330 741 457 794 αὑτὸ
482 742 616 812 (54),
642 744 921 815 παθητικὴ
942 746 1416 816 ποιότης,λέγεταυ
1442 748 1490 799 εἰ
1515 745 1571 797 δὲ
1598 762 1802 815 παραυ-

1904 469 2161 538 passione
2186 468 2378 523 eodcm
2408 467 2594 534 modo,
2624 484 2733 538 quo
2763 469 2944 524 diﬂ'ert
2975 470 3196 526 habitus
3249 486 3279 524 a
3309 471 3497 540 dispo-

1902 559 2124 615 sitione.
2160 557 2217 613 Si
2250 559 2397 614 enim
2427 560 2612 630 passio
2637 558 2970 616 diuturniori
3002 570 3245 630 tempore
3306 577 3497 631 perse-

1906 663 2080 717 verat,
2113 651 2187 706 ita
2214 660 2275 706 ut
2301 651 2653 724 paronymice
2685 667 2751 707 ex
2797 652 2915 723 ipsa
2978 654 3362 709 denominetur
3400 654 3495 722 qui

1909 758 2031 797 eam
2064 743 2326 812 suscepit,
2354 745 2569 814 passiva
2591 744 2833 815 qualitas
2866 746 3103 812 dicitur;
3135 747 3181 802 si
3226 762 3355 801 vero
3380 756 3493 802 sta-

228 834 344 888 τίκα
373 834 730 905 ἀπογένηται,
761 837 934 903 πάθος
967 838 1126 910 μόνον
1160 838 1485 908 ὀνομάζεται
1517 837 1631 908 (35)

290 927 347 982 δ’.
379 925 649 1000 Τέταρτον
694 929 752 983 δὲ
802 929 914 1002 (56)
951 926 1091 995 εἶδος
1139 931 1426 1001 ποιότητος
1474 931 1660 1001 σχῆμα
1706 932 1802 985 καὶ

231 1017 420 1088 μορφή.
459 1019 720 1090 Διαφέρει
763 1020 821 1072 δὲ
871 1019 1075 1085 ταῦτα,
1109 1021 1191 1075 ὅτι
1229 1020 1291 1074 τὸ
1326 1020 1427 1091 μὲν
1477 1020 1664 1090 σχῆμα
1704 1039 1800 1075 κυ-

230 1108 351 1178 ρίως
380 1109 466 1160 ἐπ’
491 1108 717 1181 ἀψύχων
755 1110 893 1182 (57),
914 1113 948 1183 ή
976 1113 1032 1166 δὲ
1063 1113 1245 1184 μορφὴ
1263 1114 1358 1168 ἐπὶ
1382 1112 1644 1183 ἐμψύχων
1672 1113 1802 1167 τάτ-

227 1217 383 1255 τεται.
415 1201 557 1270 Πρὸς
586 1201 796 1266 τούτοις
824 1204 935 1257 εἰσὶ
963 1204 1075 1274 (58)
1107 1204 1202 1257 καὶ
1231 1204 1368 1257 ἄλλα
1400 1203 1538 1275 εῐδη,
1567 1198 1678 1258 οἷον
1707 1205 1801 1257 e6-

229 1293 383 1361 ούτης
425 1295 520 1347 καὶ
558 1296 921 1366 καμπυλότης
959 1296 1055 1350 καὶ
1097 1296 1169 1350 τὰ
1213 1296 1425 1362 τούτοις
1462 1298 1625 1367 ὃμοια
1664 1297 1798 1369 (59),

1905 836 2000 890 tim
2066 836 2354 905 abjiciatur
2380 848 2436 892 et
2459 838 2695 906 desinat,
2718 838 2906 910 passio
2957 840 3134 894 solum
3165 841 3488 910 appellatur.

1976 929 2032 982 4.
2064 928 2272 994 Quarta
2312 930 2524 999 species
2552 931 2838 1001 qualitatis
2865 940 2951 985 est
2980 931 3152 999 ﬁgura
3212 941 3266 986 et
3291 931 3489 988 forma.

1910 1021 2177 1076 Diﬂ‘ernnt
2230 1022 2365 1087 haec,
2397 1022 2525 1093 quia
2564 1023 2739 1093 ﬁgura
2771 1020 2992 1092 proprie
3053 1020 3122 1076 de
3150 1020 3491 1087 iuanimatis,

1906 1114 2087 1170 forma
2115 1130 2246 1170 vero
2302 1117 2367 1171 de
2407 1116 2664 1170 animatis
2695 1116 2940 1186 ponitur.
2962 1112 3233 1170 Praeterea
3268 1123 3399 1169 sunt
3439 1123 3496 1171 et

1912 1208 2035 1264 alia:
2066 1208 2300 1278 species,
2336 1208 2502 1264 veluti
2531 1207 2806 1264 rectitudo
2836 1216 2891 1263 et
2917 1206 3244 1279 obliquitas,
3276 1215 3330 1261 et
3374 1221 3496 1275 quae

1907 1304 1993 1358 liis
2024 1304 2225 1359 similia
2258 1313 2406 1369 sunt,
2461 1318 2697 1373 quaeque
2755 1318 2821 1356 ex
2862 1304 3098 1357 adverso
3153 1301 3497 1371 respondent

228 1384 372 1440 ἅτινα
397 1388 491 1440 καὶ
523 1387 940 1459 ἀντιδιαιρεῖται
966 1389 1043 1459 τῷ
1085 1390 1326 1460 σχήματι
1357 1389 1452 1443 καὶ
1481 1391 1547 1461 τῇ
1582 1391 1764 1461 μορφῇ
1783 1406 1798 1421 ⁸

1934 1396 2093 1457 igurae
2124 1400 2180 1447 et
2208 1391 2415 1447 forma).
2448 1391 2635 1462 Neque
2660 1391 2805 1446 enim
2838 1392 2942 1446 ista
2964 1392 3069 1445 sub
3120 1390 3353 1462 ﬁguram
3406 1406 3496 1445 re-

225 1477 463 1547 οὐδὲγὰρ
491 1478 670 1533 ταῦτα
694 1480 799 1533 ὑπὸ
824 1480 884 1533 τὸ
914 1482 1100 1552 σχῆμα
1129 1482 1423 1549 ἀνάγονται
1451 1480 1587 1549 (40),
1612 1480 1688 1544 ὥς
1715 1499 1802 1534 τι-

1934 1483 2206 1550 Iucuntur,
2258 1493 2319 1539 ut
2348 1483 2678 1553 quibusdam
2729 1484 2937 1553 absque
2975 1492 3125 1537 recta
3158 1482 3368 1537 ratione
3413 1482 3497 1535 vi-

229 1585 305 1624 σιν
336 1570 544 1639 ἀλόγως
569 1572 681 1643 (41)
711 1572 911 1639 ἔδοξεν,
940 1571 1101 1644 εἴπερ
1131 1574 1320 1644 σχῆμά
1345 1576 1496 1627 ἐστιν
1525 1575 1558 1644 η
1585 1572 1680 1628 τοῦ
1707 1591 1802 1626 τυ-

1937 1590 2026 1628 um
2066 1581 2171 1640 est,
2212 1589 2337 1629 cum
2364 1576 2534 1645 ligura
2563 1575 2629 1629 sil
2658 1573 2818 1629 molis
2853 1572 3121 1645 cujusque
3157 1573 3493 1636 terminatio,

225 1665 398 1734 χόντος
417 1664 584 1732 ὄγκου
613 1666 1072 1736 ἀππερὰτωσις,
1103 1667 1137 1738 ἢ
1166 1665 1242 1730 ὡς
1272 1665 1406 1719 ἔνιοι
1434 1665 1571 1736 (42),
1604 1666 1667 1719 τὸ
1698 1666 1803 1720 ὑπό

1934 1668 2015 1729 'el,
2054 1676 2111 1721 ut
2137 1666 2360 1734 quidam
2392 1667 2566 1733 aiunt,
2594 1668 2646 1721 id
2675 1666 2820 1736 quod
2853 1683 2883 1721 a
2917 1667 3151 1722 termino
3183 1668 3367 1736 aliquo
3408 1667 3495 1720 vel

225 1725 355 1821 τινος
446 1725 610 1812 τινων
638 1760 781 1829 ὅρων
803 1725 1451 1830 ’περιεχόμενονοϋόμοὶως
1475 1725 1663 1813 δὲὀύᾶ
1696 1759 1800 1813 ὑπὸ

1934 1759 1976 1812 1b
2009 1758 2288 1826 aliquibus
2313 1757 2629 1812 continetur
2655 1767 2711 1811 ct
2765 1759 3177 1824 circumdatur;
3244 1758 3496 1811 similiter

224 1850 314 1920 τὴν
343 1851 556 1923 μορφὴν
591 1852 704 1919 (43)
733 1893 748 1917 ,
781 1851 942 1925 εἴπερ
968 1854 1150 1927 μορφή
1183 1853 1332 1905 ἐστιν
1364 1853 1397 1921 ἡ
1434 1851 1558 1905 ὅλου
1587 1851 1678 1905 τοῦ
1719 1852 1798 1906 εἵ-

1938 1865 2033 1905 ero
2065 1865 2242 1920 ueque
2291 1850 2358 1905 ad
2410 1849 2642 1904 formam
2715 1850 3075 1913 reducuntur,
3139 1865 3263 1905 cum
3319 1847 3493 1904 forma

226 1938 337 2004 δους
359 1941 804 2012 ἀποπεράτωσις⁶
824 1943 941 1998 ἀλλ’
963 1945 1071 1997 εἰσί
1099 1960 1161 2013 γε
1183 1943 1305 1998 καθ’
1330 1943 1469 1997 αὐτὰ
1488 1943 1663 1997 ταῦτα
1687 1944 1800 2017 (44)

1938 1944 1980 1998 it
2013 1943 2181 1999 totius
2212 1944 2413 2014 speciei
2451 1944 2787 1999 terminatio.
2826 1943 3029 1997 Verum
3064 1951 3196 1998 sunt
3242 1944 3355 1996 haec
3397 1957 3496 2011 per

226 2032 295 2097 ὡς
316 2034 426 2104 εἴδη
440 2034 566 2088 τινὰ
588 2035 693 2089 ὑπὸ
712 2036 812 2107 τὴν
831 2037 1097 2107 ποιότητα
1113 2036 1429 2107 ἀναγόμενα
1452 2036 1587 2109 (45)
1611 2036 1802 2109 ὥσπερ

1936 2052 1966 2090 e
2005 2035 2122 2106 ipsa
2151 2046 2208 2089 ut
2234 2037 2446 2105 species
2477 2037 2725 2107 quaedam
2757 2036 2823 2090 ad
2860 2037 3183 2107 qualitatem
3213 2036 3495 2105 pertinen-

228 2124 313 2177 καὶ
343 2127 373 2195 ἡ
401 2126 685 2199 τραχύτης
718 2144 779 2181 τε
812 2129 904 2182 καὶ
935 2129 968 2199 ἡ
1015 2127 1233 2199 λειότης
1254 2169 1268 2192 ,
1317 2129 1556 2201 μανότης
1601 2146 1662 2182 τε
1706 2130 1802 2184 καὶ

227 2218 509 2289 πυκνότης,
542 2223 639 2273 καὶ
668 2221 793 2275 εἴτι
820 2220 1226 2292 παραπλήσιον.

289 2318 348 2366 ε’.
374 2314 780 2384 Κατηγορείται
817 2314 874 2368 δὲ
897 2317 930 2386 ὴ
957 2316 1182 2386 ποιότης
1208 2318 1511 2389 τετραχῶς
1546 2316 1803 2388 παρωνύ-

227 2420 353 2473 μως,
377 2406 708 2477 ὁμωνύμως,
744 2409 1128 2479 ἐτερωνύμως,
1172 2410 1633 2483 ἀκατονομάστως
1662 2411 1799 2483 (46)·

226 2496 567 2568 παρωνύμως
603 2500 702 2570 μὲν
740 2500 816 2563 ὡς
848 2500 955 2553 ἀπὸ
984 2501 1088 2571 τῆς
1116 2503 1513 2573 γραμματικῆς
1554 2505 1583 2557 6
1618 2520 1803 2574 γραμ-

229 2590 480 2658 ματικός’
513 2592 828 2663 ὁμωνύμως
861 2594 918 2647 δὲ
969 2594 1044 2657 ὡς
1092 2595 1199 2649 ἀπὸ
1254 2597 1355 2665 τῆς
1407 2598 1804 2668 γραμματικῆς

226 2681 529 2754 ἐπιστήμης
556 2686 590 2756 ή
630 2686 995 2757 γραμματικὴ
1028 2689 1204 2759 γυνή’
1238 2688 1599 2760 ἑτερωνύμως
1636 2689 1695 2743 δὲ
1728 2689 1804 2753 ὡς

226 2775 327 2829 ἀπὸ
370 2778 465 2848 τῆς
494 2780 703 2849 ἀρετῆς
734 2781 763 2832 6
799 2781 1120 2843 σπουδαῖος·
1155 2784 1184 2836 6
1212 2782 1334 2852 γὰρ
1368 2783 1657 2845 σπουδαῖος
1696 2782 1805 2835 ἀπὸ

226 2868 320 2939 τῆς
361 2869 564 2941 ἀρετῆς
602 2870 852 2938 λέγεται,
902 2870 1020 2927 ἀλλ’
1050 2872 1110 2925 o6
1144 2872 1513 2943 παρωνύμως,
1545 2868 1665 2944 [ὡς]
1697 2872 1804 2925 ἀπὸ

227 2959 318 3031 τῆς
360 2960 601 3033 σπουδῆς
635 2962 779 3032 (47),
812 2962 1272 3028 ἀκατονομάστως
1316 2962 1375 3016 δὲ
1421 2962 1611 3034 ὥσπερ
1644 2962 1739 3016 καὶ
1776 2964 1805 3015 6

1908 2129 2004 2192 tia,
2038 2129 2497 2199 quemadmodum
2524 2138 2579 2184 et
2604 2132 2873 2200 asperitas
2902 2140 2953 2185 ct
2984 2130 3214 2196 laevitas,
3250 2139 3361 2184 tum
3406 2145 3496 2185 ra-

1880 2219 2040 2274 ritas
2069 2229 2123 2271 et
2151 2218 2416 2283 densitas,
2461 2226 2517 2274 et
2545 2219 2590 2273 si
2626 2219 2756 2289 quid
2794 2219 2878 2273 his
2906 2228 2989 2274 est
3015 2220 3214 2275 simile.

1977 2312 2029 2366 5.
2064 2311 2395 2366 Praedicatur
2418 2312 2657 2381 qualitas
2704 2312 3046 2383 quadruplici
3084 2315 3248 2369 modo
3279 2331 3293 2367 :
3329 2312 3500 2367 deno-

1905 2403 2185 2469 minative,
2219 2404 2517 2474 aaquivoce,
2567 2405 2935 2469 diversivoce,
2981 2415 3037 2460 et
3089 2407 3501 2460 innominabili-

1909 2504 2029 2560 ter;
2080 2494 2486 2549 denominative
2542 2495 2761 2565 quidem
2839 2498 3001 2551 veluti
3054 2513 3084 2552 a
3144 2499 3500 2568 grammatica

1905 2590 2329 2657 grammaticus;
2350 2589 2628 2657 mquivoce
2644 2590 2808 2643 veluti
2827 2605 2856 2644 a
2885 2592 3234 2661 grammatica
3264 2591 3504 2647 scientiae

1908 2681 2262 2750 grammatica
2294 2681 2528 2746 mulier;
2568 2681 2929 2750 diversivoce,
2956 2685 3123 2738 veluti
3144 2701 3171 2738 a
3195 2685 3395 2739 virtute
3414 2686 3505 2738 lto-

1907 2782 2124 2839 nestus;
2153 2772 2415 2827 honestus
2437 2774 2582 2827 enim
2597 2789 2627 2828 a
2654 2775 2851 2828 virtute
2866 2775 3088 2841 dicitur,
3106 2775 3198 2830 sed
3219 2791 3324 2828 non
3340 2777 3505 2829 deno-

1907 2864 2188 2928 minative,
2209 2864 2349 2919 sicut
2373 2865 2778 2919 denominative
2798 2866 2867 2920 ab
2891 2866 3199 2937 honestate)
3227 2884 3241 2932 ;
3268 2868 3506 2920 inuomi-

1908 2959 2161 3013 nabilitcr
2219 2975 2348 3013 vero
2378 2960 2546 3015 veluti
2574 2969 2734 3029 aptus
2759 2961 2825 3014 ad
2853 2976 3079 3016 cursum
3110 2970 3162 3012 et
3193 2962 3258 3014 ad
3290 2961 3504 3031 pugila—

228 3051 470 3122 6poptx6;
500 3055 599 3107 xui.
626 3056 655 3107 6
696 3054 962 3117 πυκτικός
1010 3053 1160 3127 (48)·
1191 3054 1252 3108 o6
1290 3053 1398 3123 γὰρ
1428 3056 1637 3108 κεῖνται
1683 3057 1804 3116 ταῖς

1934 3067 2057 3116 um;
2095 3066 2202 3105 non
2233 3051 2377 3106 enim
2406 3052 2580 3123 posita
2605 3062 2734 3108 sunt
2762 3053 3119 3121 qualitatibus
3155 3054 3402 3114 nomina,
3436 3069 3503 3108 ex

228 3146 495 3218 ποιότησιν
528 3145 773 3216 ὀνόματα
806 3144 942 3218 (49),
980 3146 1039 3213 ὲξ
1073 3139 1148 3200 ὧν
1182 3146 1298 3213 (50)
1336 3141 1485 3201 οὗτοι
1529 3145 1803 3217 ὲποιώθη-

1934 3145 2116 3215 [uibus
2146 3144 2234 3199 isti
2260 3146 2443 3215 quales
2476 3145 2654 3201 eﬁ‘ecti
2695 3158 2844 3202 sunt.
2873 3146 3006 3201 Nam
3039 3163 3167 3214 vox,
3210 3164 3332 3217 quae
3362 3147 3503 3217 aptio

229 3253 339 3291 σαψ
380 3242 413 3310 ἡ
455 3240 568 3311 γὰρ
604 3239 841 3312 ὅρομικὴ
886 3239 1037 3312 φωνὴ
1071 3242 1172 3295 οὐκ
1222 3240 1339 3294 ἐστι
1368 3239 1471 3308 τῆς
1524 3241 1804 3311 δυνάμεως

1940 3236 2157 3291 udinem
2183 3237 2248 3291 ad
2294 3252 2515 3292 cursum
2543 3239 2814 3310 designat,
2840 3256 2947 3295 non
2977 3251 3061 3295 est
3094 3241 3356 3309 potentia:
3404 3255 3509 3294 no-

228 3331 406 3408 δνομα,
436 3330 506 3405 ἧς
548 3338 796 3405 μετέχων
847 3337 875 3389 6
927 3335 1185 3406 δρομικός
1230 3335 1476 3389 καλεῖται
1511 3335 1804 3406 δρομικὸς,

1938 3346 2065 3396 neu,
2101 3331 2261 3402 cujus
2292 3334 2564 3402 particeps
2593 3334 2688 3404 qui
2722 3336 2787 3389 ad
2808 3352 3031 3390 cursum
3060 3345 3222 3405 aptus
3260 3342 3345 3389 est
3381 3334 3508 3390 talis

227 3422 354 3477 ἀλλά
378 3424 476 3494 τῆς
501 3423 734 3494 τέχνης,
763 3424 821 3491 ἐξ
843 3419 912 3496 ἦς
946 3426 1046 3496 οὐχ
1082 3429 1110 3479 6
1148 3426 1434 3495 δρομικός,
1469 3424 1585 3479 ἀλλ’
1616 3428 1644 3479 6
1688 3427 1811 3496 δρο-

231 3517 356 3585 μεὺς
393 3518 487 3573 καὶ
523 3517 968 3589 παρονομάζεται
1003 3521 1099 3573 καὶ
1143 3520 1482 3590 προάγεταιο
1526 3520 1811 3591 ὁμοίωίδὲ

230 3613 315 3665 καὶ
340 3614 373 3683 ὴ
402 3613 650 3686 πυκτικὴ
679 3615 778 3667 οὐκ
808 3612 957 3666 ἐστιν
995 3612 1166 3683 ὄνομα
1205 3613 1305 3682 τῆς
1344 3613 1629 3683 δυνάμεως
1648 3654 1663 3678 ,
1688 3608 1759 3686 ἧς
1782 3614 1810 3666 6

1919 3518 2073 3580 dum,
2121 3519 2215 3573 sed
2270 3534 2468 3574 cursor
2507 3529 2561 3575 et
2595 3521 2988 3577 denominatur
3040 3530 3093 3577 et
3145 3521 3510 3592 producitur;

1919 3609 2170 3664 similiter
2203 3611 2369 3666 etiam
2412 3613 2662 3683 aptitudo
2692 3614 2759 3669 ad
2795 3614 3095 3685 pugilatum
3129 3631 3235 3667 non
3270 3622 3353 3668 est
3416 3628 3516 3669 no-

230 3703 481 3767 πυκτικδς
518 3706 766 3775 μετέχων
791 3704 1041 3759 καλεῖται
1074 3705 1361 3771 πυκτικὸς,
1392 3704 1528 3758 ἀλλά
1571 3708 1672 3775 τῆς
1714 3706 1804 3759 τὲ-

1934 3718 2043 3757 men
2084 3703 2355 3772 potentia),
2399 3706 2558 3776 cujus
2594 3706 2868 3776 particeps
2917 3706 2982 3760 ad
3020 3706 3322 3777 pugilatum
3356 3714 3515 3775 aptus

231 3809 385 3863 MC,
414 3795 473 3862 ἐξ
504 3789 577 3866 ἦς
602 3795 701 3865 οὐχ
728 3797 756 3847 6
785 3794 1081 3861 πυκτικδς,
1112 3794 1226 3848 ἀλλ’
1258 3795 1287 3847 6
1320 3795 1533 3866 πύκτης
1562 3796 1731 3866 ἤγουν
1783 3796 1804 3848 6

1934 3804 2151 3849 vocatur
2194 3797 2338 3862 talis,
2368 3814 2558 3852 verum
2590 3799 2745 3862 artis,
2772 3813 2839 3852 ex
2871 3813 2977 3868 qua
3018 3812 3126 3851 non
3174 3797 3241 3851 ad
3301 3796 3517 3867 pugila-

229 3883 320 3953 τῆς
345 3887 626 3957 πυκτικῆς
649 3888 970 3959 ἐπιστήμων
995 3888 1440 3959 παρονομάζεται
1464 3891 1557 3942 καὶ
1583 3891 1804 3960 προάγει

1934 3895 2039 3941 lum
2076 3897 2257 3958 aptus,
2292 3892 2385 3945 sed
2417 3890 2567 3962 pugil
2602 3892 2718 3947 sive
2749 3891 3026 3961 pugilatus
3070 3905 3279 3961 gnarus
3312 3900 3367 3944 et
3416 3890 3517 3945 de-

232 3991 330 4029 ται·
361 3977 447 4031 ἐπ’
486 3977 793 4032 ἐλαττόνων
844 3979 903 4031 δὲ
945 3978 1008 4032 τὸ
1036 3978 1280 4033 τοιοῦτον
1326 3980 1678 4052 εὑρίσκεται,
1713 3980 1804 4033 ἐπὶ

1934 3980 2233 4036 nominatur
2258 3992 2312 4037 et
2337 3983 2394 4037 ﬁt
2421 3985 2563 4039 talis.
2595 3984 2651 4037 In
2674 3984 3034 4054 paucioribus
3072 3992 3256 4036 autem
3286 3981 3338 4036 id
3365 3983 3520 4037 inve-

230 4067 283 4121 δὲ
308 4069 414 4124 τῶν
434 4072 711 4126 πλείστων
733 4071 1086 4142 παρωνύμως
1109 4074 1497 4142 κατηγορεῖται
1524 4074 1558 4143 ἡ
1586 4073 1804 4142 ποιότης

1934 4071 2103 4138 titur;
2147 4073 2201 4127 in
2231 4074 2486 4143 plurimis
2511 4075 2920 4129 denominative
2975 4074 3308 4144 praedicatur
3342 4074 3519 4143 quali-

231 4159 334 4213 τῶν
376 4163 718 4234 μετεχόντων
763 4164 935 4234 αὐτῆς
968 4164 1106 4234 (51)’
1142 4163 1334 4236 ὥσπερ
1388 4165 1447 4218 δὲ
1497 4165 1530 4235 ἡ
1584 4164 1804 4234 ποιότης

1939 4181 2001 4220 as
2027 4166 2094 4221 de
2128 4166 2218 4229 iis,
2248 4167 2341 4236 qui
2369 4168 2491 4237 ejus
2521 4169 2818 4240 participes
2851 4176 3000 4223 sunt.
3040 4166 3520 4235 Quemadmodum

232 4250 332 4306 τῶν
376 4255 759 4325 μετασχόντων
792 4255 969 4325 αὐτῆς
1006 4257 1106 4327 οὐχ
1143 4256 1344 4327 ὁμοίως
1383 4258 1804 4328 κατηγορεῖται,

1934 4273 2048 4313 μοι-ο
2078 4259 2315 4330 qualitas
2348 4276 2458 4315 non
2499 4260 2691 4316 eodem
2726 4260 2884 4315 modo
2915 4260 2983 4315 dc
3035 4261 3102 4316 iis
3146 4259 3510 4331 przedicatur,

1785 4378 2016 4438 NOTAE.

442 4475 692 4547 διαφέρει
720 4476 870 4531 addit
893 4474 1039 4532 Men.

300 4546 409 4620 (τῇ)
436 4546 585 4620 Man.
612 4546 871 4620 διαμένῃ.

303 4616 412 4687 (54)
443 4617 591 4672 Μοιι.
620 4619 681 4670 τὸ
704 4616 894 4681 πάθος.

300 4686 410 4757 (35)
447 4687 774 4757 ὀνομάζεται
805 4689 957 4745 deest
986 4690 1039 4743 in
1072 4688 1217 4744 Mon.

302 4758 410 4832 (56)
439 4759 497 4812 δέ
531 4761 710 4832 omitt.
748 4758 919 4832 Mon.,
974 4763 1067 4830 qui
1103 4777 1227 4816 cum
1266 4759 1434 4816 Arist.
1463 4774 1512 4815 c.
1550 4760 1614 4827 8,
1646 4760 1673 4832 §
1700 4761 1767 4815 14
1800 4778 1815 4817 :

239 4829 417 4912 εχῆμά
434 4846 505 4912 ξε
536 4830 689 4912 {eam
722 4831 852 4912 περ).
877 4829 1110 4887 ἕκαστον
1167 4832 1489 4906 ὑπάρχουσα
1519 4829 1707 4904 μορερή
1742 4832 1815 4902 (c.

240 4898 369 4968 6,p.
397 4900 466 4953 15
493 4903 580 4954 ed.
618 4898 819 4970 Paris.)

305 4969 414 5039 ('67)
453 4970 579 5041 γαί.
607 4969 643 5023 1.
672 4972 764 5025 121
798 4972 850 5028 1).
879 4973 972 5025 ἐπὶ
992 4971 1089 5041 ἀψ.
1144 4970 1147 4973 ’

306 5041 416 5111 (7:8)
458 5040 606 5111 Mou.
651 5042 881 5106 Τούτοις
910 5044 966 5096 δὲ
998 5040 1126 5099 εἰσί.
1934 5040 2121 5111 νύμως
2147 5050 2224 5105 δέ.

305 5110 414 5179 (59)
455 5110 601 5193 Mon.
625 5114 719 5168 καὶ
745 5115 815 5167 τὰ
835 5114 1018 5193 όμοια.
1052 5114 1345 5193 S_eqnentia
1365 5115 1526 5171 verba
1547 5114 1804 5171 destruet:

2006 5110 2121 5193 (48)
2149 5120 2305 5193 Αιυτ..
2340 5122 2418 5184 ὡς
2446 5122 2483 5193 6
2515 5138 2601 5184 π.,
2634 5120 2661 5173 6
2684 5116 3120 5193 69051..)léys-rat.
3202 5184 3226 5193 _
3403 5181 3487 5193 ___

241 5180 564 5274 platm‘s‘qnt
605 5199 778 5274 usque
802 5180 879 5238 ad
894 5185 974 5255 τῷ
999 5180 1264 5258 σχήματι.

1945 5262 1975 5274 ,.
2009 5180 2538 5274 (ﬁliiﬁlii-river
2586 5180 2762 5274 διεῖῐάι
2787 5180 2883 5261 ’τῇ
2916 5180 3162 5274 emite"
3200 5181 3528 5274 δγίέμίέξῖτξ

310 5252 420 5322 (40)
452 5250 597 5309 Mon.
648 5250 957 5323 ἀνάγεται.’

311 5324 418 5353 lll\
448 5324 569 5353 "nn
626 5325 717 5353 ...Α
750 5326 859 5353 ..ιη
889 5327 992 5353 -.-⁸.
1033 5328 1128 5353 ..ιη
1154 5327 1297 5353 l§-t-
1323 5329 1498 5353 -2_-?..
1537 5346 1600 5353 ρ..

1934 5250 2226 5353 (ξωὲξῆς)
2280 5250 2476 5353 οὕτωςΙ
2509 5250 3157 5353 ἓττοιὼθησανῗιῐὶθιίιιὺιι
3222 5250 3525 5353 ι1οέειιιιῑιίιξ

2030 5351 2049 5353 Α
2110 5350 2275 5353 _-_._,__
2316 5351 2331 5353 -
2354 5335 2374 5353 Δ
2425 5334 2436 5353 2
2488 5348 2506 5353 Α
2586 5334 2655 5353 -2-
2717 5331 2895 5353 2...“.-.
2924 5329 3028 5353 ἶλαι-ι
3084 5337 3363 5353 ηΑηιιΛ-ιιιη
3396 5341 3409 5353 ο
3470 5340 3508 5353 ια-

310 5324 419 5390 (41)
447 5324 593 5380 Mon.
626 5325 722 5379 καὶ
750 5326 861 5396 γὰρ
887 5327 997 5380 τισί
1030 5328 1128 5396 μὲν
1152 5327 1298 5395 ἔδοξε
1322 5329 1498 5382 εἰπεῖν
1534 5346 1622 5400 σχ.

312 5392 422 5466 (42)
457 5395 602 5451 Μοη.
641 5399 772 5450 ἔνιοι
803 5398 878 5462 δὲ,
911 5398 1101 5466 σχῆμά
1129 5400 1245 5452 ἐστι
1271 5401 1332 5452 τὸ
1355 5400 1405 5455 6.

1934 5324 2283 5403 Monfns'q'ue
2311 5335 2375 5387 ad
2423 5324 2515 5387 illa
2570 5334 2660 5388 hic
2717 5324 3030 5385 immediate
3067 5324 3508 5393 sequentiazén

1934 5403 2237 5457 ἐλαττόνων
2259 5405 2397 5466 (nol.
2435 5405 2512 5466 6).

551 5414 602 5451 η.
641 5414 772 5450 ενιοι
803 5414 878 5462 οε,
911 5414 1101 5462 σχημα
1129 5414 1245 5452 εστι
1271 5414 1332 5452 το
1355 5414 1405 5455 υ.
1932 5414 2237 5457 ἐλαττόνων
2259 5414 2397 5462 (not.
2435 5414 2512 5462 b'l.

313 5405 422 5466 (42)
457 5405 602 5451 Μοη.
641 5405 772 5450 ἔνιοι
803 5405 878 5462 δὲ,
911 5405 1101 5469 σχῆμά
1129 5405 1245 5452 ἐστι
1271 5405 1332 5452 τὸ
1355 5405 1405 5455 6.
1932 5405 2237 5457 ἐλαττόνων
2259 5405 2397 5477 (nol.
2435 5405 2512 5475 6).

448 5466 608 5546 _ll_lon.
637 5468 760 5546 066i}:
784 5470 964 5546 61:61::
987 5486 1047 5546 μ.
1071 5470 1374 5546 ἀνάγεταιι
1518 5541 1529 5546 _
1724 5540 1736 5546 _
1796 5539 1809 5546 _
2005 5475 2120 5546 (50)
2152 5473 2273 5546 Vat.
2310 5486 2362 5531 et
2388 5475 2590 5546 Apogr.
2615 5466 2805 5546 Ῠὲξλῆς.

311 5533 423 5608 (44)
448 5535 596 5593 Mon.
626 5539 750 5594 καθ’
771 5540 910 5597 αὐτά
942 5533 1003 5597 δέ
1044 5533 1220 5595 εισι..’.
1276 5540 1450 5595 ταῦτα
1505 5541 1667 5611 ἀναγ.
1716 5539 1823 5595 ὑπὸ
2153 5545 2255 5600 Ista
2325 5533 2487 5601 verba
2509 5533 2627 5599 ⁹ιπ³
2671 5533 2973 5597 ἐλαττόνων
3005 5540 3061 5593 δὲ
3088 5571 3160 5582 —-
3176 5536 3529 5665 (μετεχόντων

326 5622 384 5659 π·
1933 5616 2103 5665 αὐτῆς
2137 5616 2191 5665 in
2221 5616 2367 5665 Mnn-
2400 5618 2679 5665 lemmtur.
2718 5614 2921 5665 Caetera
2946 5625 3173 5665 usuuea
3240 5608 3337 5664 ﬁn.
3365 5608 3529 5665 huius

252 5621 298 5658 τ.
326 5622 384 5659 π.
1625 5608 1634 5611 ’
1933 5608 2103 5688 αὐτῆς
2137 5616 2191 5670 in
2220 5616 2367 5673 Mon.
2400 5618 2679 5688 leguntur.
2718 5614 2921 5672 Caetera
2946 5626 3123 5682 usque
3141 5608 3209 5665 ad
3240 5608 3337 5664 ﬁn.
3365 5608 3531 5678 hujus

257 5676 425 5763 LL55)
452 5674 595 5763 Loco
621 5680 967 5763 sequentium
988 5680 1100 5737 hrcc
1121 5681 1392 5763 habentur
1414 5682 1465 5735 in
1490 5680 1641 5763 dion.
1667 5701 1685 5763 ε
1714 5676 1825 5763 Αἴξ·
1939 5688 1969 5759 §
2002 5688 2217 5745 desunt.

255 5759 339 5800 ται
366 5747 465 5819 μὲν
489 5747 583 5809 οὖν
607 5747 717 5808 εἰσί
749 5753 1035 5825 ποιότητες
1056 5771 1068 5782 ·
1106 5753 1172 5806 τὰ
1213 5754 1268 5806 δὲ
1300 5754 1392 5806 ὑπ’
1442 5752 1626 5807 αὐτῶν
1667 5753 1825 5822 λεγό-

1924 4498 2061 4551 μενα
2097 4482 2229 4537 ποιά
2258 4483 2416 4541 εἰσιν.
2452 4483 2512 4537 o6
2541 4482 2826 4553 ποιότητες
2851 4498 2866 4512 ·
2906 4480 3001 4533 καὶ
3025 4480 3135 4549 γὰρ
3184 4476 3247 4531 τὸ
3282 4476 3383 4547 μὲν
3432 4475 3525 4527 εὑ-

1922 4552 2131 4625 θὺ-ὁιπδ
2158 4557 2258 4625 τῆς
2296 4554 2609 4625 εὐθύτητος,
2638 4554 2698 4606 τὸ
2727 4552 3093 4625 δεᾲκαμπύλον
3117 4548 3223 4625 ἀπο
3250 4548 3354 4625 ιτῆς
3381 4563 3523 4625 κ-αμ-

1922 4572 1988 4605 υυ
2022 4572 2131 4607 απο
2158 4572 2257 4625 της
2296 4572 2609 4624 ευυυτητος,
2638 4572 2698 4606 το
2727 4572 2782 4605 οε
2806 4572 3093 4621 καμπύλον
3117 4572 3223 4603 am
3257 4572 3353 4616 της
3382 4572 3523 4615 καμ-

1921 4622 2222 4695 πυλότητος
2250 4618 2591 4695 (λεγόμενα),
2624 4626 2699 4687 ὼς
2742 4623 2993 4694 εἴρηται,
3027 4621 3129 4695 οὐκ
3164 4619 3271 4670 εἶσὶ
3299 4618 3524 4695 ποιότη-

1919 4710 2033 4758 τες,
2067 4687 2204 4748 ἁλλὰ
2250 4687 2468 4764 ’μᾶλλον
2502 4687 2632 4748 ποιὰ
2691 4687 2862 4757 ὄντα,’
2883 4692 3131 4764 τουτέστι
3168 4687 3526 4764 πεποιωμένα

1924 4764 2029 4817 ὑπὸ
2063 4765 2126 4818 τὸ
2187 4757 2399 4820 κεῖσθαι
2453 4767 2873 4835 ἀναχθήσονται,
2912 4763 3106 4835 ὥσπερ
3144 4759 3326 4815 καὶτὸ
3359 4757 3527 4829 μανδν

1930 4836 2027 4888 καὶ
2057 4836 2119 4888 τὸ
2157 4837 2362 4890 πυκνὸν
2402 4837 2498 4890 καὶ
2521 4832 2781 4906 τὸτραχὺ
2807 4835 2901 4889 καὶ
2940 4834 3001 4888 τὸ
3036 4832 3200 4886 λεῖον.

2009 4906 2122 4975 (46)
2152 4907 2297 4963 Mon.
2326 4907 2823 4977 ἀκατωνομάστως.

1980 4971 2118 5065 ’(47)
2146 4978 2292 5103 Ilion.
2331 4982 2393 5032 οὐ
2419 4971 2769 5052 παρωνύμως
2789 4975 2896 5029 ἀπὸ
2945 4975 3045 5045 τῆς
3072 4973 3305 5049 ἀρετῆς,
3328 4971 3531 5043 ἑτερω-

1980 5066 2121 5103 λαως
2147 5064 2174 5102 ο
2212 5093 2224 5103 .
3302 5096 3305 5097 ν

1934 5066 2121 5119 νυμως
2147 5066 2224 5105 οε.
2694 5118 2699 5119 ί
2880 5116 2890 5119 Α
2926 5116 2936 5119 Α
3302 5096 3305 5097 ν

1918 3424 2143 3491 dicitur,
2179 3441 2369 3480 verum
2400 3428 2558 3491 artis,
2597 3442 2662 3481 ex
2701 3444 2810 3498 qua
2845 3444 2950 3483 non
2986 3439 3146 3498 aptus
3186 3419 3252 3482 ad
3277 3443 3513 3482 curren-
3620 3430 3623 3431 ⁷
