3826 6206
154 192 275 302 1793
1147 230 1248 289 AD
1280 223 1877 287 AMPBILOCHIUM
1921 225 2270 298 QUESTIO
2318 230 2518 292 CXLI.
3305 233 3414 297 τοι

181 353 263 407 λον
299 350 387 405 καὶ
642 345 694 400 εί
740 344 840 416 μὲν
883 342 995 414 γὰρ
1028 340 1341 413 συγκρίνεις
1376 338 1440 393 τὸ
1468 338 1692 410 τρίγωνι

1900 340 2110 397 talitate
2136 341 2349 407 all‘ecta,
2377 358 2486 397 non
2510 350 2642 399 sunt
2662 344 2838 416 magis
2870 352 2926 401 et
2946 344 3152 402 minus.
3185 344 3241 400 Si
3265 347 3411 403 enim

182 446 301 515 πρὸς
324 444 382 496 τὸ
410 441 783 513 τετράγωνον,
812 437 875 490 οὐ
919 436 1135 505 λέγεται
1172 434 1371 504 μᾶλλον
1400 430 1498 484 καὶ
1527 425 1691 501 ἦττον

1911 433 2171 503 angulum
2193 448 2319 488 cum
2342 434 2724 505 quadrangulo
2744 451 3057 507 comparas,
3080 452 3190 493 non
3217 438 3420 494 dicitur

181 535 276 589 οὐδ’
300 535 431 597 ὅλως
467 530 774 613 γὰρταῦτα
809 528 947 582 καθὸ
974 526 1239 599 τρίγωνον
1271 523 1369 578 καὶ
1393 523 1692 594 τετράγωνά

1906 527 2011 596 agis
2050 534 2107 582 et
2156 527 2380 593 minus;
2420 527 2536 583 haec
2579 529 2724 583 enim
2772 530 2921 584 nullo
2970 546 3197 601 prorsus
3236 540 3417 600 pacto,

179 629 301 689 ἐστι,
318 626 681 697 συγκρίνεται·
703 621 798 674 τοῦ
819 620 929 691 γὰρ
951 618 1118 673 αὐτοῦ
1137 617 1217 670 δεῖ
1239 616 1306 670 τὰ
1331 615 1690 686 συγκρινόμεν

1906 627 2111 674 ιαίθηιιε
2138 627 2269 674 sunt
2300 619 2637 689 triangulum
2665 631 2720 675 et
2741 623 3201 693 quadrangulum,
3236 624 3305 678 ad
3335 625 3417 678 in-

183 717 410 788 μετέχειν
452 714 744 784 ὀνόματοςο
773 713 824 765 εἰ
857 710 916 764 δὲ
943 708 1257 778 συγκρίνεις
1298 706 1567 777 τρίγωνον
1595 704 1694 774 πρὲ

1907 725 2007 766 :eni
2055 711 2366 780 comparari
2412 720 2681 780 possunt;
2725 712 2974 782 ejusdem
3014 714 3157 769 enim
3192 730 3255 769 ea
3294 730 3418 783 qua:

178 806 438 876 τρίγωνον,
460 804 493 874 ἢ
517 803 861 874 τετράγωνον
882 799 1020 871 πρὸς
1046 797 1412 867 τετράγωνον,
1430 797 1538 850 οὐδ’
1562 795 1689 850 οὗτοι

1906 811 2227 872 mparantnr
2283 802 2527 857 nominis
2583 804 2871 875 participia
2911 804 3021 859 sint
3071 814 3306 874 Oportet.
3359 804 3416 859 Si

181 897 386 968 θάτερον
418 895 643 966 θατέρου
679 894 879 965 μᾶλλον
923 893 956 960 ἢ
990 886 1156 962 ἦττον
1196 887 1521 959 λεχθήσεται
1544 904 1559 920 ο
1601 905 1692 957 συγ

1906 910 1968 949 ro
1990 910 2274 964 comparas
2300 894 2635 965 triangulum
2669 910 2793 950 cum
2828 896 3101 966 triangulo
3126 934 3141 959 ,
3173 897 3256 949 vel
3284 912 3417 965 qna-

180 988 403 1059 κρίνεται
433 986 531 1057 μὲν
560 986 670 1056 γὰρ
696 984 891 1048 ταῦτα,
912 982 1028 1037 ἀλλ’
1055 982 1178 1036 ἐπεὶ
1200 979 1483 1053 ὁμοτίμως
1503 979 1596 1033 τοῦ
1621 981 1691 1033 ὸνι

1906 988 2167 1059 angulum
2216 1004 2340 1043 cum
2380 989 2795 1058 quadrangulo,
2834 1004 3013 1056 neque
3065 988 3146 1043 sic
3183 990 3417 1042 alterum

183 1096 333 1150 ματος
353 1078 446 1132 καὶ
472 1076 566 1131 τοῦ
585 1075 819 1147 ὁρισμοῦ
841 1074 1023 1129 αὐτῶν
1046 1073 1118 1128 τά
1142 1091 1201 1127 τε
1224 1072 1540 1145 τετράγωνα
1569 1088 1694 1142 μετα

1908 1093 2011 1133 ιοιό
2042 1078 2216 1148 magis
2250 1078 2334 1131 vel
2363 1077 2545 1131 minus
2575 1078 2809 1132 dicetur.
2852 1078 3261 1145 Comparantur
3295 1077 3419 1146 qni-

179 1168 491 1239 ).αμ6άνουσι
521 1168 617 1221 καὶ
644 1167 810 1221 πάλιν
838 1164 906 1220 τὰ
937 1165 1202 1237 τρίγωνα,
1234 1164 1323 1218 διὰ
1354 1162 1514 1217 τοῦτο
1544 1164 1603 1217 οὑ
1642 1163 1690 1217 δι

1910 1186 1960 1224 m
1992 1171 2118 1234 ista,
2162 1170 2254 1225 sed
2286 1168 2414 1238 quia
2452 1168 2567 1239 pari
2612 1168 2777 1223 modo
2806 1178 2920 1223 tum
2958 1170 3010 1223 in
3045 1169 3271 1224 nomine
3304 1177 3419 1222 tum

179 1276 318 1314 ναται
356 1257 610 1328 λέγεσθαι
652 1257 998 1328 τετράγωνον
1032 1254 1377 1326 τετραγώνου
1411 1255 1612 1325 μᾶλλον
1647 1272 1690 1308 τε

1921 1261 2240 1317 deﬁnitione
2268 1276 2463 1315 eorum
2493 1261 2837 1315 consortium
2887 1261 3093 1315 habent
3139 1269 3254 1315 tum
3288 1276 3424 1329 qna-

177 1352 438 1421 τράγωνον
482 1350 516 1420 ἢ
561 1345 744 1423 ἦττον,
799 1348 915 1404 ἀλλ’
958 1347 1081 1401 οὐδὲ
1130 1347 1401 1419 τριγώνου
1446 1349 1688 1419 τρίγωνα

1916 1353 2135 1425 angula,
2171 1362 2284 1407 tum
2319 1368 2514 1407 rursus
2562 1352 2871 1421 triangula,
2915 1352 3124 1407 idcirco
3148 1352 3427 1423 quadrans

180 1442 355 1514 Τρίτον
390 1442 518 1496 ίδιον
545 1442 645 1512 τῆς
678 1440 986 1511 ποιότητος,
1022 1440 1085 1494 τὸ
1125 1442 1314 1511 ὅμοιον
1353 1439 1451 1493 καὶ
1479 1440 1691 1511 ἀνόμοιι

1918 1447 2029 1501 lum
2054 1444 2438 1515 quadrangulo
2465 1445 2640 1516 magis
2660 1445 2748 1500 vel
2770 1446 2956 1500 minus
2982 1444 3424 1515 quadrangulum

178 1534 442 1604 λέγεσθαιν
466 1532 701 1587 τοῦτοδὲ
726 1533 823 1588 καὶ
848 1531 960 1602 (67)
1008 1532 1211 1604 κυρίως
1250 1532 1381 1586 ίδιον
1401 1549 1415 1563 ·
1458 1531 1580 1586 κατ’
1608 1531 1689 1586 ἄλ]

1915 1539 1949 1593 :i
1987 1538 2215 1607 nequit,
2256 1536 2353 1592 sed
2384 1552 2559 1606 neque
2588 1538 2926 1607 triangulum
2961 1537 3257 1606 triangnlo.
3299 1537 3426 1591 Ter-

177 1626 274 1697 γὰρ
305 1626 452 1680 οὐδέν
494 1643 552 1680 τι
596 1625 707 1679 τῶν
760 1625 1072 1696 εἰρημένων
1128 1624 1244 1696 (68)
1282 1624 1470 1695 ὅμοιον
1495 1624 1688 1693 mm

1909 1652 1918 1685 ι
1940 1631 2251 1701 proprietas
2269 1628 2553 1699 qualitatis
2574 1638 2677 1693 est,
2702 1629 2886 1684 simile
2914 1637 2970 1682 et
2999 1627 3270 1683 dissimile
3290 1626 3420 1681 dici.

178 1720 282 1774 ἀλλ’
305 1722 338 1790 ἢ
370 1718 513 1775 κατὰ
549 1719 650 1791 τὴν
671 1717 959 1789 ποιότητα.

1914 1738 1974 1777 ec
2019 1735 2151 1775 vero
2189 1719 2409 1789 proprie
2440 1728 2527 1774 est
2570 1720 2922 1789 proprietas;
2950 1719 3252 1773 secundum
3278 1716 3425 1772 enim

1843 1812 1991 1869 aliud
2013 1852 2029 1877 ,
2058 1826 2225 1881 quam
2262 1809 2591 1878 qualitatem
2622 1809 2776 1878 (nihil
2808 1808 3195 1879 praedictorum
3241 1807 3424 1864 simile

1842 1905 1950 1961 dici
1959 1916 2068 1958 tur.

241 1977 304 2040 ζ’.
344 1980 433 2031 Δεί
471 1977 530 2032 δὲ
577 1978 813 2045 εἰδέναι,
852 1979 939 2033 ὅτι
977 1980 1035 2032 αί
1069 1977 1415 2033 εἰδικὼσαται
1455 1978 1739 2050 ποιότητες

1915 1997 1970 2050 7.
2001 1995 2157 2052 Scire
2195 2005 2378 2049 autem
2412 2002 2627 2064 0p0rtet.
2675 1990 3101 2061 specialissimas
3133 1991 3426 2060 qualitates

177 2069 330 2123 πᾶσαι
350 2069 459 2141 ,ὑπὸ
488 2068 590 2140 τὴν
625 2068 892 2140 ποιότητα
938 2068 1268 2138 ἀνάγονται,
1298 2068 1333 2139 ἦ
1382 2085 1440 2123 τε
1474 2085 1688 2139 γραμμι

1915 2103 2044 2145 mnes
2076 2088 2265 2143 reduci
2298 2087 2365 2142 ad
2402 2086 2747 2156 qualitatem,
2784 2084 3229 2155 grammaticam,
3258 2083 3426 2153 justi-

173 2158 303 2229 τικὴ,
330 2160 468 2230 φημὶ
492 2158 629 2228 (69),
660 2159 752 2211 καὶ
767 2161 800 2229 ἡ
822 2158 1137 2229 δικαιοσύνη
1158 2161 1251 2212 καὶ
1278 2161 1334 2211 αί
1357 2159 1542 2213 λοιπαὶ
1559 2160 1684 2212 ὼσαι

1919 2197 2019 2248 ιω,
2051 2181 2301 2251 aliasque
2354 2180 2643 2245 similiter;
2696 2178 3069 2249 gener-aliores
3124 2178 3430 2247 (universa-

172 2266 299 2313 τως·
332 2251 387 2304 αί
433 2250 489 2303 δὲ
534 2251 900 2320 γενικώτεραι
932 2250 1044 2322 (70)
1080 2253 1176 2304 καὶ
1207 2250 1312 2304 ὑπὸ
1360 2252 1429 2305 τὰ
1475 2251 1611 2322 πρός
1659 2268 1683 2304 τ

1920 2275 2039 2344 σεε)
2081 2288 2214 2328 vero
2243 2275 2409 2327 etiam
2454 2272 2519 2326 ad
2560 2272 2772 2337 relata;
2810 2270 3035 2325 scientia
3070 2270 3217 2325 enim
3255 2278 3338 2323 est
3364 2285 3431 2323 ex

172 2343 278 2411 ἥτε
305 2344 406 2415 γὰρ
440 2343 724 2414 ἐπιστήμη
754 2343 865 2395 τῶν
896 2343 1034 2413 πρός
1063 2344 1116 2396 τί
1142 2345 1259 2396 ἐστι
1293 2344 1455 2415 (πρὸς
1480 2344 1589 2413 γὰρ
1615 2345 1683 2396 ὲπ

1920 2343 2035 2421 latis
2063 2367 2131 2421 ad
2161 2366 2370 2435 aliquid
2408 2364 2501 2435 (ad
2531 2364 2725 2418 scihile
2748 2363 2894 2417 enim
2921 2363 3122 2416 dicitur
3174 2361 3431 2430 scientia)

177 2434 350 2503 στητὸν
379 2434 490 2505 (71)
515 2434 735 2502 λέγεται
756 2434 1098 2503 ἐπιστήμη),
1127 2435 1223 2488 καὶ
1249 2436 1283 2506 η
1304 2435 1417 2500 ἓξις
1447 2435 1606 2507 (πρὸς
1628 2435 1688 2503 γᾶ

1916 2468 2007 2514 :et
2029 2434 2370 2519 babitusi(ad
2394 2434 2450 2512 id
2480 2456 2628 2527 quod
2667 2456 2901 2510 habetur
2924 2456 3129 2510 dicitur
3157 2455 3427 2524 habitus).

175 2525 314 2578 ἑκτὸν
341 2525 558 2595 λέγεται
587 2526 700 2591 ἕξις
726 2524 887 2599 [72]).
910 2524 1099 2580 Ταῦτα
1129 2527 1227 2597 μὲν
1244 2523 1337 2581 οὖν
1365 2529 1495 2599 περὶ
1526 2528 1686 2581 ποιότ

175 2630 253 2681 τος
288 2616 420 2689 (τε).

1679 2544 1743 2597 η’
1848 2552 2029 2623 Atque
2062 2552 2179 2606 haec
2212 2550 2283 2605 de
2312 2523 2581 2620 qualitate
2611 2548 2758 2603 dicta
2792 2549 2904 2605 sint

174 2630 253 2681 τος
288 2630 420 2681 (ίῦ).

665 2756 1003 2812 ΕΡΩἸἨΣῙΣ
1043 2756 1221 2811 PMA'.
2062 2750 2176 2817 QU.

2062 2749 2398 2817 QUESTIO
2435 2748 2623 2805 cxu.
2665 2748 2857 2821 [οοεει.
2891 2746 3174 2803 CLxxvu
3203 2744 3221 2816 J

649 2849 790 2917 Περί
825 2847 947 2903 τῶν
979 2849 1131 2917 πρός
1165 2864 1243 2901 τι.

2318 2843 2393 2897 De
2428 2843 2613 2896 relatis
2652 2841 2721 2894 ad
2758 2840 2983 2909 aliquid.
3052 2858 3057 2865 ·

1204 2959 1347 3009 Nunc
1386 2958 1601 3022 primum
1632 2958 1766 3007 edita
1802 2974 1829 3008 a
1858 2959 1919 3009 D.
1942 2956 2376 3021 Hergenroether.

232 3071 299 3121 α’.
336 3064 479 3138 Πρός
512 3065 568 3118 τί
604 3065 753 3120 ἐστιν
789 3064 904 3136 (74)
926 3104 943 3131 ,
985 3059 1064 3129 οἷς
1093 3064 1155 3118 τὸ
1199 3059 1338 3116 εῖναι
1390 3061 1585 3117 ταυτόν
1629 3062 1743 3115 ἐστι

1926 3062 1973 3115 1.
2006 3063 2262 3118 Relatum
2295 3062 2363 3117 ad
2399 3062 2607 3132 aliquid
2658 3070 2741 3116 est
2767 3101 2783 3129 ,
2818 3059 2975 3130 cujus
3020 3072 3142 3114 esse
3181 3058 3323 3113 idem
3351 3064 3437 3113 est

172 3156 244 3228 τῷ
272 3158 375 3229 (75)
418 3158 561 3231 πρός
595 3157 650 3211 τί
686 3176 802 3222 πως
844 3158 1008 3227 ἔχειν’
1043 3157 1321 3210 τουτέστιν
1344 3149 1419 3210 ὧν
1442 3158 1475 3226 ἡ
1512 3155 1683 3226 ὕπαρξ

1946 3163 2099 3209 certo
2133 3155 2375 3225 quodam
2414 3155 2579 3209 modo
2623 3154 2690 3207 ad
2719 3152 2929 3223 aliquid
2963 3166 3023 3207 se
3054 3150 3254 3205 habere
3278 3192 3292 3217 ,
3330 3151 3435 3204 hoc

174 3249 225 3302 ἐν
251 3252 312 3318 τῇ
346 3250 477 3321 πρὸς
507 3248 697 3320 ἕτερον
720 3248 904 3319 σχέσει
934 3249 1105 3301 ἐστίν·
1140 3244 1251 3300 οἷον
1282 3248 1354 3310 ὡς
1378 3248 1437 3299 τὸ
1461 3247 1684 3300 διπλάσι

1925 3259 1955 3314 L,
1996 3249 2155 3318 cujus
2183 3248 2504 3304 exsistentia
2538 3247 2591 3301 in
2619 3247 2937 3301 habitudine
2975 3246 3042 3299 ad
3072 3244 3217 3298 aliud
3251 3244 3436 3298 consi-

175 3340 258 3392 καὶ
290 3342 397 3411 (76)
428 3341 492 3394 τὸ
526 3341 721 3411 ἤμισυ’
755 3340 816 3392 τὸ
853 3339 961 3409 γὰρ
1000 3338 1284 3422 διπλάσιον
1326 3340 1384 3391 ὲν
1410 3341 1478 3409 τῇ
1513 3337 1653 3409 πρὸς

1928 3352 1986 3408 ι;
2024 3341 2190 3396 veluti
2234 3341 2459 3412 duplum
2494 3351 2546 3396 et
2576 3340 2867 3394 dimidium
2898 3356 2913 3405 ;
2953 3354 3076 3391 nam
3107 3336 3333 3405 duplum
3378 3335 3432 3389 in

173 3431 329 3501 ἣμισυ
358 3434 545 3504 σχέσει
586 3433 649 3485 τδ
683 3426 823 3486 εἶναι
859 3431 974 3503 ἔχει
1009 3430 1143 3502 (77),
1180 3432 1272 3485 καὶ
1304 3431 1364 3483 τὸ
1388 3430 1561 3500 ἥμισυ
1593 3430 1650 3482 ὲν
1682 3450 1684 3458 ί

1929 3434 2173 3488 bitudine
2208 3434 2274 3488 ad
2316 3433 2603 3488 dimidium
2649 3431 3033 3488 exsistentiam
3077 3430 3240 3483 habet
3274 3438 3327 3483 et
3356 3428 3440 3481 di-

173 3524 297 3592 πρὸς
345 3526 405 3577 τὸ
445 3522 734 3577 διπλάσιον
766 3524 900 3594 (78)·
945 3523 1207 3586 ὡσαύτως
1248 3522 1306 3575 δὲ
1354 3523 1450 3575 καὶ
1500 3522 1594 3575 ἐπὶ
1638 3522 1684 3574 τε

1929 3531 2079 3584 dium
2117 3530 2172 3582 in
2208 3529 2531 3583 habitudine
2576 3528 2641 3582 ad
2688 3528 2959 3598 duplum;
2997 3526 3186 3595 sicque
3234 3523 3439 3592 pariter

173 3614 357 3671 ἄλλων.
412 3614 760 3685 ’Υποΰέϐηκε
805 3615 863 3666 δὲ
889 3616 1000 3678 τοῖς
1050 3615 1187 3684 πρός
1227 3612 1280 3665 τί
1325 3630 1449 3666 τινα
1481 3614 1618 3684 (79),
1673 3609 1684 3664 ε

1938 3622 1991 3675 in
2023 3621 2258 3675 caeteris.
2286 3620 2649 3676 Reducuntur
2669 3628 2853 3674 autem
2879 3619 2944 3673 ad
2968 3618 3137 3672 relata
3162 3617 3438 3687 quaedam,

172 3707 234 3761 τὰ
268 3708 378 3779 (80)
432 3708 536 3778 μὲν
585 3708 728 3760 κατὰ
771 3707 1077 3777 ταυτότητα
1116 3704 1370 3774 λέγεται,
1412 3704 1484 3757 τὰ
1528 3704 1585 3757 δὲ
1627 3721 1683 3756 κο

1928 3729 2085 3767 orum
2119 3713 2227 3767 alia
2258 3714 2561 3768 secundum
2616 3712 2958 3767 identitatem
3000 3712 3257 3765 dicuntur
3285 3748 3300 3772 ,
3332 3708 3439 3762 alia

174 3798 484 3871 ἀνισότητα,
535 3798 605 3853 τὰ
650 3798 709 3852 δὲ
751 3799 897 3852 κατὰ
942 3798 1199 3868 γέννησιν
1228 3797 1374 3868 (81),
1421 3796 1490 3849 τὰ
1520 3795 1577 3849 δὲ
1609 3812 1685 3849 καί

1925 3806 2158 3861 cundum
2209 3805 2633 3875 inaequalitatem
2658 3844 2675 3870 ,
2722 3806 2829 3859 alia
2868 3803 3173 3859 secundum
3206 3815 3436 3872 genera-

176 3890 398 3959 μέθεξιν,
429 3893 504 3946 τὰ
542 3891 602 3946 δὲ
641 3891 786 3945 κατὰ
810 3890 1024 3959 ὕφεσιν,
1072 3889 1142 3942 τὰ
1170 3889 1228 3941 δὲ
1262 3886 1409 3943 κατὰ
1440 3886 1647 3954 πάθος,
1680 3904 1687 3922 ε

1929 3914 2080 3964 nem,
2113 3898 2219 3953 alia
2246 3902 2552 3954 secundum
2582 3897 3082 3967 participationem,
3109 3893 3213 3946 alia
3242 3905 3440 3945 secun-

172 3982 224 4036 ὁὲ
264 3986 401 4042 κατὰ
440 3984 652 4057 κρίσιν,
691 3984 759 4037 τὰ
788 3984 846 4036 δὲ
872 3981 1015 4036 κατὰ
1043 3981 1216 4047 θέσιν,
1256 3980 1324 4034 τὰ
1361 3979 1420 4034 δὲ
1450 3979 1615 4055 ,κατὰ
1652 3995 1683 4031 τ

1931 4006 1984 4045 m
2020 3990 2442 4060 subiectionem,
2471 3991 2579 4044 alia
2617 3989 2923 4043 secundum
2949 3985 3262 4055 passionem
3287 4020 3304 4047 ,
3334 3982 3440 4036 alia

173 4075 297 4146 πρὸς
349 4077 410 4130 τὸ
449 4076 633 4146 ὁγένος
677 4076 977 4146 ἀναφοράνο
1027 4071 1451 4144 παραδείγματα
1495 4069 1609 4143 (82)
1657 4086 1684 4123 τ

1927 4080 2157 4135 cundum
2178 4080 2599 4151 iudicationem,
2620 4077 2725 4132 alia
2755 4077 3058 4133 secundum
3086 4072 3438 4144 positionem,

177 4167 268 4236 μὲν
295 4169 435 4223 κατὰ
482 4167 828 4238 ταυτότητα,
864 4159 977 4219 οἷον
1017 4165 1129 4237 (85)
1171 4163 1324 4234 φίλος
1372 4163 1525 4232 φίλου
1562 4161 1684 4232 φίλο

1936 4190 1966 4228 a
1990 4173 2294 4228 secundum
2327 4172 2541 4241 generis
2564 4170 2909 4227 relationem.
2939 4166 3199 4237 Exempla
3221 4178 3439 4230 eorum,

173 4263 260 4315 καί
302 4263 497 4334 ἐχθρὸς
545 4258 741 4332 ἐχθροῦ
791 4257 1006 4330 ἐχθρὸς,
1067 4259 1163 4310 καὶ
1212 4258 1274 4309 τὸ
1328 4255 1516 4326 ὅμοιον
1578 4254 1681 4324 ὁμο

1930 4280 1987 4319 ιω
2025 4262 2326 4319 secundum
2363 4262 2702 4317 identitatem
2728 4259 3009 4319 dicuntur,
3047 4252 3257 4310 amicus
3278 4252 3441 4306 amici

173 4352 364 4422 ὅμοιον·
391 4353 487 4407 τοῦ
518 4353 575 4405 δὲ
601 4352 723 4406 κατ’
752 4351 1052 4420 ἀνισότητα
1075 4350 1152 4413 ὼς
1174 4349 1235 4403 τὸ
1262 4347 1446 4419 μεῖζον
1469 4346 1684 4400 ὲλάττον

1934 4357 2074 4412 licus
2105 4365 2159 4411 et
2186 4355 2445 4410 inimicus
2482 4351 2692 4408 inimici
2728 4350 3009 4413 inimicus,
3051 4353 3106 4403 et
3148 4344 3330 4401 simile
3368 4342 3445 4397 si-

177 4447 351 4512 μεῖζον
384 4448 481 4499 κα)⁵
509 4445 570 4497 τὸ
596 4443 881 4497 διπλάσιον
909 4442 1157 4513 ἡμίσεως
1190 4440 1495 4495 διπλάσιον·
1628 4456 1688 4492 κα

1929 4445 1976 4499 lli
1999 4444 2219 4510 simile;
2247 4443 2368 4513 ejus
2386 4441 2533 4513 quod
2550 4451 2634 4496 est
2656 4438 2958 4495 secundum
2980 4433 3440 4505 inaequalitatem:

178 4537 392 4608 ἰσότητα
420 4539 500 4598 ὡς
545 4536 609 4590 τὸ
637 4532 757 4589 ἶσόν
784 4552 916 4598 τινι,
962 4534 1124 4607 ἴσονο]
1162 4533 1259 4587 τοῦ
1301 4534 1359 4587 δὲ
1388 4533 1531 4586 κατὰ
1562 4532 1689 4601 γένν

1930 4536 2042 4606 ajus
2082 4534 2285 4589 minori
2341 4533 2522 4603 majus
2556 4543 2610 4587 et
2658 4530 2888 4594 duplum
2956 4524 3171 4581 dimidii
3212 4523 3441 4590 duplum

177 4644 254 4685 σιν
279 4634 389 4707 (84)
418 4632 497 4697 ὡς
523 4633 706 4705 πατὴρ
734 4630 853 4688 υίοῦ
892 4634 1106 4703 πατήρο
1130 4632 1225 4685 τοῦ
1256 4630 1315 4686 δὲ
1335 4630 1476 4685 κατὰ
1508 4629 1688 4701 μέθεξι

1935 4629 2019 4700 ius
2045 4627 2189 4700 quod
2233 4625 2539 4685 secundum
2575 4623 2977 4695 aequalitatem,
3009 4626 3069 4674 ut
3106 4616 3315 4688 aquale
3341 4613 3446 4668 ali-

1710 4785 1939 4842 ΝΟΤᾹΞ.

245 4976 352 5047 (67)
379 4976 476 5089 τισί
509 4975 665 5089 ἀροῖ)
688 4975 750 5089 tin
782 4974 928 5032 Mon.
953 4975 1048 5046 qui
1097 4989 1128 5029 a
1176 4972 1359 5028 verbis
1403 4971 1530 5027 illis.
1561 4968 1755 5042 Τρίτον

246 5064 301 5089 rw
329 5063 390 5089 ρει
433 5062 519 5089 pm
562 5062 609 5089 ιιι
654 5063 681 5089 ιι
713 5084 726 5089 -

825 4974 928 5032 [οη.
953 4975 1048 5046 qui
1097 4989 1128 5029 a
1176 4972 1359 5028 verbis
1403 4971 1530 5027 illis.
1561 4968 1755 5042 Τρίτον
1936 4966 2049 5089 (75)
2086 4966 2228 5021 Μοη.
2259 4967 2336 5020 τό.

1935 5041 1951 5089 ί
1992 5038 2023 5089 6
2073 5036 2217 5089 Mou.
2251 5038 2284 5089 il
2314 5054 2336 5089 τ

179 5034 301 5099 ίδιὸν
329 5034 520 5101 eadem
541 5046 726 5100 habet.
970 5034 987 5046 ’
1613 5034 1625 5042 ’

1613 5034 1625 5042 ’
1935 5034 2047 5108 (76)
2073 5036 2217 5108 Men.
2251 5038 2285 5108 ἢ
2314 5034 2502 5108 τδνίῆμ.

243 5098 840 5186 (csfiibﬁjd‘e‘mc.
872 5114 980 5184 γάρ
1023 5130 1077 5168 τι
1134 5113 1245 5167 τῶν
1302 5112 1609 5184 εἰρημένων
1663 5113 1751 5167 οὗ·
2082 5107 2227 5186 Mon.
2259 5098 2352 5186 61:
2517 5105 2576 5158 τὸ
2598 5098 2763 5169 εἶναι,
2792 5103 2995 5175 ὁμοίως
3023 5120 3079 5155 κ.

177 5176 341 5241 δένᾞ
883 5176 963 5184 ”’

1358 5176 1370 5184 ’
1412 5176 1445 5183 ’⁷
1937 5176 2049 5249 (78)
2079 5179 2264 5247 σχέσει
2288 5178 2412 5231 add.
2442 5176 2588 5249 Moti.

240 5237 353 5329 (89)
387 5259 536 5329 φημί
569 5260 749 5313 omitt.
772 5256 923 5329 7M0".
950 5273 1127 5329 vpap.
1150 5254 1502 5329 uterumsc.

2082 5237 2204 5329 τζνά
2228 5249 2383 5329 deest
2414 5249 2469 5329 in
2515 5246 2664 5300 Mon.
2694 5239 2870 5329 ;'Yat.
2903 5237 2979 5299 ὧν
3013 5244 3114 5315 μὲν
3158 5242 3228 5297 τὰ
3263 5241 3360 5312 μὲν
3391 5257 3446 5293 κ.

394 5317 541 5383 Moti.
565 5328 813 5397 γενικαί·
847 5317 1006 5396 sequ.
1035 5317 1136 5397 κξιιίΔ
1161 5325 1339 5379 omitt.

1286 5334 1339 5377 lt.
2083 5318 2228 5397 Lion.
2260 5318 2346 5372 hic
2372 5330 2425 5372 et
2455 5319 2693 5397 in__sequ.
2718 5317 2797 5369 τό.

243 5381 354 5467 (71)
380 5381 538 5463 Moti.
559 5381 651 5452 καὶ
670 5400 778 5469 γὰρ
799 5381 1094 5468 ἐπιστητοῦ
1125 5394 1175 5450 λ.
1205 5397 1238 5465 ἡ
1267 5397 1354 5445 ἐπ.

243 5468 353 5522 (72}
382 5469 529 5522 Mon.
567 5471 600 5522 ὴ
632 5470 766 5522 ἕξις..

1937 5381 2048 5460 (81)
2099 5389 2249 5444 Μοη.
2299 5381 2632 5459 generalius'
2672 5387 3001 5443 vocabulum
3065 5383 3229 5440 habet
3296 5381 3448 5451 γένε-

1937 5480 1966 5515 ί-

243 5470 353 5537 (72)
382 5470 529 5524 Μοη-
567 5471 602 5538 ἡ
632 5470 766 5537 ἕξις.
1049 5535 1058 5538 _
1863 5478 1966 5538 σινἶ

246 5529 357 5609 (75)
385 5538 529 5593 Μοη.
567 5529 631 5593 Τ.
762 5538 855 5591 οὖν
885 5539 942 5590 ὲν
970 5535 1200 5598 τούτοις.
1240 5604 1249 5609 _
1369 5596 1396 5609 υ
1480 5600 1539 5609 Α
1596 5607 1605 5609 4
1657 5601 1669 5609 _
2067 5529 2212 5609 Lion.
2237 5529 2613 5609 παράδειγμα.

245 5596 354 5678 (74)
390 5609 541 5665 Mon.
568 5610 603 5665 l'.
643 5596 713 5665 ἓξ)
739 5624 794 5664 a.
835 5610 953 5661 ὲστι
984 5596 1308 5676 κατηγορία,
1340 5596 1420 5666 οἷς
1470 5600 1553 5658 Cf.
1581 5601 1748 5657 Arist.

837 5610 953 5661 ἐστι
984 5596 1308 5676 κατηγορία,
1340 5596 1420 5666 οἷς
1470 5600 1553 5658 Cf.
1581 5601 1748 5657 Arist.
1939 5596 2049 5678 (8:?)
2079 5601 2228 5678 dion.
2255 5596 2348 5678 ὡςἼ

177 5665 297 5730 c.6.
337 5665 350 5678 ’
1112 5665 1152 5676 ”
1197 5665 1210 5676 ’
1296 5665 1305 5671 ⁷
1406 5665 1411 5666 ⁷
1936 5665 2048 5743 (84)
2079 5672 2203 5728 Haec
2233 5671 2390 5728 uncis
2417 5672 2631 5729 inclusa
2663 5671 2813 5727 solus
2851 5668 3010 5725 habet
3042 5665 3188 5723 Mon.
