3826 6206
407 227 570 300 795’

1570 234 1835 296 ΡΠΟἸΊΙ
1868 229 2378 295 mmmam
2413 231 2524 293 cr.
3531 239 3610 302 796
3654 207 3667 224 ’

404 351 496 407 cui
535 348 806 422 aequale];
853 349 973 421 ejus
1012 349 1160 422 quod
1209 348 1515 406 secundum
1557 351 1984 421 generationem,

2095 347 2174 410 ὡς
2227 347 2290 399 τὸ
2327 346 2556 416 μετέχον
2596 343 2963 415 μετεχομένου
3008 348 3226 415 μετέχει
3248 359 3264 376 ο
3312 346 3397 398 τοῦ
3427 346 3477 401 δὲ
3506 355 3618 406 κατὰ

408 451 471 499 ιιι
501 453 658 512 pater
688 444 781 499 lilii
827 453 1023 514 pater;
1070 444 1191 514 ejus
1235 444 1382 514 quod
1425 444 1731 500 secundum
1773 443 1995 512 partici-

406 535 684 608 pationcm
721 552 737 589 :
775 535 1113 606 participans
1145 535 1267 604 ejus
1295 535 1443 604 quod
1486 535 1872 604 participatur,
1908 541 1996 588 est

407 630 720 700 particeps;
754 631 872 700 ejus
905 630 1050 700 quod
1082 628 1382 684 secundum
1413 626 1827 696 subjectionem,
1849 624 1996 678 velut

407 722 666 777 dominus
731 722 874 777 servi
941 721 1232 784 dominus;
1298 720 1418 788 ejus
1473 716 1619 788 quod
1687 715 1992 771 secundum

407 813 756 882 passionem,
791 813 958 867 veluti
1012 811 1325 882 percutiens
1359 825 1486 865 eum
1532 809 1626 878 qui
1676 808 1993 878 percutitur

406 903 666 972 percutit,
704 911 757 956 et
787 918 1082 971 percussus
1112 917 1140 956 a
1170 901 1506 968 percutiente
1551 915 1848 970 percussus
1870 909 1992 962 est;

405 994 527 1064 ejus
554 995 701 1065 quod
731 997 1036 1051 secundum
1079 993 1470 1064 judicationem
1503 992 1734 1047 scientia
1776 991 1992 1048 scibilis

405 1087 611 1142 dicitur
639 1087 869 1142 sci-entia
898 1105 912 1152 ;
953 1088 1076 1156 ejus
1106 1086 1249 1155 quod
1281 1085 1586 1139 secundum
1613 1084 1947 1153 positionem
1974 1102 1990 1138 :

408 1177 699 1232 dexterum
729 1177 938 1231 sinistri
965 1178 1250 1231 dexterum
1279 1193 1294 1241 ;
1322 1175 1440 1244 ejus
1467 1190 1596 1229 vero
1617 1174 1764 1244 quod
1789 1189 1988 1230 secun-

405 1270 536 1323 dum
566 1271 884 1326 relationem
919 1271 982 1324 ad
1028 1285 1222 1340 genus,
1267 1277 1326 1322 ut
1353 1270 1744 1338 grammatica.
1782 1268 1993 1322 musica

405 1363 634 1432 aliaeque
658 1363 710 1417 id
744 1379 917 1433 genus
951 1361 1296 1431 disciplima;
1330 1361 1594 1429 quaslibet
1623 1361 1769 1415 enim
1799 1375 1990 1414 earum

405 1450 705 1505 secundum
749 1451 986 1519 seipsam
1030 1465 1138 1503 non
1178 1443 1471 1504 revo'catnr
1497 1450 1563 1504 ad
1590 1464 1676 1511 ea,
1711 1463 1834 1518 quae
1863 1457 1989 1504 sunt

403 1541 576 1595 relata
609 1540 677 1595 ad
721 1539 970 1612 aliquid;
998 1539 1307 1595 secundum
1353 1537 1732 1593 habitudinem
1762 1553 1892 1593 vero
1919 1538 1988 1592 ad

2099 437 2310 508 ὕφεσιν,
2341 437 2419 502 ὡς
2461 435 2731 506 δεσπότης
2765 435 2953 490 δούλου
2998 435 3284 506 δεσπότηςο
3312 436 3396 490 τοῦ
3431 439 3478 494 δὲ
3509 447 3618 499 κατὰ
3675 460 3678 462 ⁷

2097 531 2266 602 πῆσιν
2288 530 2402 600 (85)
2430 531 2602 602 ἤγουν
2625 528 2772 583 κατὰ
2796 529 3060 599 πάοησιν,
3090 528 3166 592 ὡς
3187 529 3216 580 ό
3243 528 3441 583 τύπτων
3465 537 3620 587 sumi.

2103 636 2265 691 μενον
2304 619 2501 674 τύπτει
2529 621 2626 674 καὶ
2663 621 2692 674 ὁ
2733 618 3074 690 τυπτόμενος
3115 619 3220 672 ὑπὸ
3259 615 3521 686 τ’ῦπτοντος
3549 626 3623 678 τύ.

2101 730 2316 767 πτεταιο
2344 712 2439 766 τοῦ
2466 713 2524 766 δὲ
2546 714 2690 768 κατὰ
2718 712 2901 785 κρίσιν
2929 712 3006 776 ὡς
3028 714 3061 782 ἡ
3087 713 3361 784 ἐπιστήμη
3382 715 3621 787 ἐπιστητοῦ

2098 805 2403 875 ἐπιστήμηο
2428 803 2522 858 τοῦ
2556 804 2614 857 δὲ
2647 804 2791 858 κατὰ
2811 803 2986 869 Θέσιν,
3013 803 3089 867 ὡς
3116 804 3176 857 τὸ
3202 804 3366 870 δεξιδν
3389 807 3624 878 ἀριστεροῦ

2099 895 2292 960 δεξιόν⁸
2317 895 2408 949 τοῦ
2443 895 2501 950 δὲ
2535 896 2677 949 κατὰ
2703 895 2803 967 τὴν
2841 896 2980 968 πρὸς
3011 897 3074 949 τὸ
3099 895 3255 965 γένος
3287 898 3625 968 ἀναφορὰν,ὡς

2098 989 2133 1058 ἡ
2185 987 2550 1059 γραμματικὴ
2593 989 2690 1042 κα)⁵
2726 990 2760 1058 ὴ
2814 989 3052 1061 μουσικὴ
3099 991 3194 1044 καὶ
3219 989 3328 1061 (86)
3371 993 3422 1044 αἰ
3456 993 3624 1062 ὅμοιοι·

2097 1078 2308 1132 τούτων
2349 1079 2460 1149 γὰρ
2501 1079 2708 1149 ἑκάστη
2752 1079 2877 1132 καθ’
2908 1081 3108 1150 ἑαυτὴν
3150 1081 3252 1150 μὲν
3287 1082 3382 1135 οὐκ
3412 1084 3626 1150 ἀνάγεται

2099 1170 2206 1223 ὐπὸ
2228 1171 2298 1224 τὰ
2323 1170 2460 1240 πρός
2481 1187 2554 1224 τιο
2597 1171 2740 1225 κατὰ
2765 1171 2823 1223 δὲ
2846 1170 2946 1242 τὴν
2975 1171 3112 1242 πρὸς
3140 1171 3203 1224 τὸ
3229 1172 3382 1240 γένος
3401 1175 3630 1246 ἀναφορὰν

2094 1261 2356 1333 ἀναχθείη
2404 1262 2536 1325 ῐσως
2577 1262 2644 1316 ἄν
2669 1278 2688 1292 ο
2741 1261 2900 1329 γένος
2939 1262 3040 1331 μὲν
3087 1263 3195 1331 γὰρ
3238 1263 3496 1334 τούτωνὶ)
3537 1270 3630 1320 tino

2094 1355 2296 1424 στήμη’
2332 1355 2470 1424 αῦτη
2503 1371 2561 1406 τε
2593 1355 2699 1407 ὑπὸ
2727 1355 2796 1407 τὰ
2825 1355 2958 1426 πρός
2987 1371 3064 1408 τυ
3096 1355 3238 1408 ὥστε
3272 1357 3364 1408 καὶ
3393 1357 3543 1410 ταῦτα
3563 1358 3632 1411 διὰ

2090 1444 2150 1497 τὺ
2179 1445 2334 1512 γένος
2361 1445 2465 1499 ὑπὸ
2496 1446 2566 1500 τὰ
2594 1447 2731 1516 πρός
2757 1464 2832 1501 τι,
2889 1446 3050 1500 Ἀλλὰ
3074 1449 3201 1517 περὶ
3235 1448 3332 1518 μὲν
3360 1449 3533 1502 τούτου
3558 1449 3632 1502 τοῦ

2090 1539 2448 1610 Θεωρήματος
2482 1542 2541 1593 ὲν
2575 1539 2756 1605 ἄλλοις
2785 1538 3145 1611 πλατύτερον.

398 1648 574 1706 genus
608 1634 843 1690 fortasse
872 1635 937 1689 ad
977 1634 1078 1689 ista
1104 1632 1412 1688 revocanda
1444 1640 1575 1686 sont
1601 1649 1616 1693 ;
1645 1645 1817 1702 genus
1871 1631 2009 1685 enitr
2099 1632 2184 1688 his
2244 1642 2330 1690 est
2364 1633 2594 1688 scientia
2624 1650 2639 1699 ;
2671 1633 2786 1688 haec
2813 1648 2944 1688 vero
2986 1642 3074 1688 est
3115 1633 3220 1687 sub
3263 1633 3440 1690 relatis
3471 1637 3530 1689 ad
3553 1635 3634 1689 ali«

398 1728 572 1800 quid;
609 1743 780 1799 quare
822 1735 1047 1797 propter
1085 1739 1258 1794 genus
1303 1730 1358 1777 et
1391 1722 1497 1777 illa;
1523 1723 1591 1778 ad
1626 1721 1797 1777 relata
1831 1733 2178 1778 revet-autur.
2213 1722 2415 1778 Verum
2443 1724 2510 1778 de
2539 1725 2642 1778 hoc
2681 1723 3018 1778 theoremata
3047 1720 3230 1778 fusius
3266 1723 3416 1778 alibi.

466 1823 522 1877 2.
553 1821 818 1879 Definitio
863 1837 893 1876 a
943 1819 1218 1890 principio
1260 1819 1421 1874 allata
1449 1831 1640 1874 eorum
1697 1830 1821 1886 qua:
1866 1823 1994 1870 sunt
2021 1822 2069 1881 Β

396 1918 567 1972 relata
601 1915 669 1971 ad
705 1913 911 1986 aliquid
935 1954 951 1978 ,
983 1911 1208 1984 proprie
1249 1919 1462 1966 natura:
1510 1909 1808 1964 relatorum
1853 1922 1986 1962 eon-

396 2011 584 2075 venit;
617 2024 782 2078 quam
825 2022 955 2062 vero
985 2020 1134 2062 nunc
1168 2005 1485 2071 aﬂcremus,
1524 2018 1588 2060 ea
1613 2003 1772 2074 quasi
1801 2001 1984 2058 corol-

397 2104 594 2160 larium
619 2102 896 2173 quoddam
919 2101 1106 2173 potius
1130 2107 1378 2171 apparet.
1411 2097 1506 2153 Est
1527 2111 1655 2152 vero
1676 2094 1981 2166 ejusmodi:

396 2194 588 2250 “elata
621 2202 769 2259 sunt,
807 2209 930 2265 quae
961 2194 1079 2265 ipsa
1111 2190 1376 2262 quidquid
1417 2198 1568 2253 sunt,
1596 2188 1829 2243 aliorum
1861 2201 1984 2243 esse

394 2285 655 2340 dicuntur
690 2284 803 2339 sive
850 2283 958 2338 alio
999 2296 1330 2354 quocunque
1369 2281 1531 2334 modo
1572 2281 1640 2334 ad
1679 2278 1829 2333 aliud
1897 2293 1978 2332 re-

394 2373 668 2430 feruntur.
709 2372 966 2428 Dicebam
989 2386 1145 2439 vero,
1187 2387 1300 2426 non
1326 2386 1450 2427 esse
1483 2368 1754 2439 ejusmodi
1787 2367 1983 2423 deﬁni-

394 2468 600 2523 tionem
631 2466 1027 2522 declarativam
1070 2475 1283 2520 natura:
1310 2478 1528 2527 eorum,
1569 2476 1692 2532 quae
1722 2469 1854 2516 sunt
1887 2474 1978 2514 re-

392 2559 526 2624 lata,
562 2559 691 2629 quia
744 2573 853 2613 non
895 2570 1242 2627 quacunque
1282 2553 1516 2609 alierum
1540 2567 1664 2608 esse
1696 2552 1977 2617 dicuntur,

392 2653 584 2708 eadem
621 2665 842 2721 quoque
873 2651 1044 2705 relata
1089 2659 1257 2712 sunt;
1290 2662 1488 2702 manus
1511 2646 1659 2702 enim
1692 2645 1978 2716 cujusdam

397 2743 599 2798 dicitur
625 2755 822 2795 manus
847 2748 902 2795 et
940 2749 1106 2811 caput
1139 2739 1426 2807 cujusdam
1457 2747 1642 2808 caput,
1671 2753 1737 2793 ac
1765 2736 1977 2806 reliqua

392 2831 640 2887 membra
693 2831 964 2886 similiter.
1017 2829 1170 2886 Scire
1221 2844 1354 2886 vero
1408 2836 1627 2900 oportet
1677 2827 1976 2882 relatorum

390 2925 457 2979 ad
501 2925 708 2994 aliquid
750 2924 855 2979 alia
891 2939 990 2995 per
1020 2922 1318 2994 genitivum
1349 2921 1570 2990 eﬂ‘erri;
1618 2922 1824 2978 veluti:
1877 2911 1978 2976 tle-

391 3015 578 3072 minus
629 3015 774 3072 servi
827 3015 1122 3081 dominus;
1173 3013 1281 3069 alia
1334 3028 1429 3084 per
1477 3012 1760 3079 dativum;
1805 3009 1975 3066 veluti

391 3104 579 3158 scibile
614 3105 858 3160 scientia:
897 3105 1091 3160 scihilc
1115 3144 1130 3168 ,
1169 3104 1273 3158 alia
1308 3117 1405 3174 per
1443 3101 1844 3166 accusativum,
1879 3115 1974 3153 ve-

2168 1815 2236 1886 β’.
2278 1813 2436 1870 Ἔστι
2488 1814 2544 1870 δὲ
2581 1817 2609 1870 ό
2659 1817 2718 1869 ἐν
2755 1816 2898 1888 ἀρχῇ
2934 1817 3047 1887 (87)
3078 1815 3371 1887 εἰρημένος
3405 1817 3504 1869 τῶν
3530 1817 3638 1887 πρός

2085 1925 2139 1962 τι
2186 1908 2346 1977 λόγος
2391 1908 2600 1979 κυρίως
2633 1908 2748 1980 (88)
2791 1909 2893 1980 τῆς
2938 1908 3158 1980 φύσεως
3200 1909 3314 1963 τῶν
3353 1909 3486 1980 πρός
3507 1926 3570 1964 τι·
3591 1911 3639 1965 δν

2084 2000 2142 2056 δὲ
2185 2000 2281 2055 νῦν
2329 2001 2564 2072 ἐροῦμεν
2599 2000 2712 2072 (89)
2760 2000 2840 2066 ὡς
2879 2003 3358 2075 παρακολούθημα
3399 2023 3448 2058 τι
3475 2003 3638 2075 μᾶλλον
3736 2075 3740 2080 ψ

2086 2093 2380 2164 φαίνεται·
2422 2089 2830 2159 ἐστιδὲόὖτοςο
2873 2096 3014 2166 πρός
3054 2096 3110 2149 τί
3154 2098 3330 2160 ἐστιν,
3375 2099 3472 2151 ὅσα
3502 2099 3638 2163 αὐτὰ,

2089 2189 2235 2257 ἅπερ
2281 2186 2452 2252 ἐστὶν,
2499 2185 2704 2256 ἑτέρων
2749 2183 2890 2240 εἶναι
2951 2187 3170 2256 λέγεται
3223 2189 3257 2259 ἢ
3309 2189 3544 2244 ὁπωσοῦν
3568 2191 3640 2244 ἄλ·

2084 2277 2194 2341 λως
2219 2277 2358 2349 πρὸς
2385 2277 2572 2348 ἕτερον
2595 2277 2730 2348 (90)⁶
2749 2277 2888 2347 ἔφην
2911 2278 2969 2332 δὲ
2995 2279 3070 2350 μὴ
3094 2275 3238 2334 εἶναι
3261 2280 3543 2350 δηλωτικὸν
3565 2280 3640 2349 τῆς

2085 2366 2302 2437 φύσεως
2338 2366 2448 2420 τῶν
2483 2368 2622 2438 πρός
2647 2384 2701 2421 τι
2740 2367 2834 2421 τὸν
2855 2369 3101 2424 τοιοῦτον
3128 2369 3312 2438 λόγον’
3361 2372 3536 2440 ἐπειδὴ
3565 2371 3641 2441 οὐχ

2081 2456 2184 2509 ὅσα
2235 2455 2440 2528 ἑτέρων
2478 2453 2619 2510 εἶναι
2660 2457 2880 2526 λέγεται
2917 2459 3054 2531 (91),
3101 2459 3281 2514 ταῦτα
3321 2463 3419 2516 καὶ
3459 2463 3640 2534 πρόςτί

2082 2548 2254 2602 ἐστιν’
2285 2550 2318 2617 ἡ
2346 2549 2456 2618 γὰρ
2477 2550 2602 2620 χεὶρ
2626 2591 2640 2616 ,
2673 2551 2822 2614 τινὸς
2852 2551 2952 2622 μὲν
2975 2551 3200 2621 λέγεται
3231 2555 3377 2624 χεὶρ,
3409 2555 3547 2626 καὶὴ
3576 2572 3644 2606 κε-

2081 2639 2226 2710 φαλὴ
2246 2679 2262 2704 ,
2302 2640 2448 2703 τινὸς
2481 2640 2702 2708 λέγεται
2730 2641 2843 2712 (92)
2877 2643 3088 2714 κεφαλὴ
3108 2684 3124 2710 ,
3149 2645 3248 2697 καὶ
3293 2646 3364 2698 τὰ
3390 2646 3518 2699 ἄλλα
3557 2644 3644 2697 τῶν

2083 2731 2270 2803 μερῶν
2297 2731 2520 2802 ὁμοίωςο
2553 2733 2668 2786 ἀλλ’
2698 2734 2800 2788 οὐκ
2831 2734 2938 2786 εἰσί
2963 2735 3138 2789 ταῦτα
3165 2736 3280 2789 τῶν
3313 2737 3448 2808 πρός
3468 2754 3549 2790 τι·
3572 2736 3644 2788 οῦ-

2082 2825 2196 2878 σίαι
2225 2823 2355 2897 γὰρ,
2385 2824 2617 2896 οὐδεμία
2647 2826 2705 2879 δὲ
2727 2826 2887 2881 οὐσία
2915 2827 3025 2882 τῶν
3051 2828 3191 2899 πρός
3214 2846 3269 2882 τι
3296 2830 3432 2900 (95).
3465 2829 3643 2883 Εἰδὲναι

2081 2915 2266 2986 μέντοι
2300 2917 2412 2984 (94)
2449 2916 2585 2988 χρὴ,
2617 2917 2834 2971 ὅτιτῶν
2869 2919 3008 2989 πρός
3041 2937 3092 2974 τι
3125 2921 3195 2974 τὰ
3229 2922 3332 2991 μὲν
3364 2922 3502 2976 κατὰ
3530 2938 3647 2991 γενι-

2078 3008 2182 3075 κὴν
2213 3008 2326 3079 (95)
2365 3009 2663 3080 ἐκφέρεται
2694 3009 2834 3082 (96),
2862 3004 2974 3064 οἷον
3017 3011 3092 3075 ὡς
3122 3014 3152 3065 ὁ
3187 3013 3462 3084 δεσπότης
3487 3012 3645 3066 δούλου

2075 3099 2382 3172 δεσπότης,
2421 3102 2490 3156 τὰ
2530 3102 2590 3155 δὲ
2619 3105 2763 3158 κατὰ
2787 3104 3028 3171 δοτικὴν,
3071 3103 3149 3169 ὡς
3189 3104 3253 3159 τὸ
3287 3104 3570 3175 ἐπιστητὺν
3595 3105 3647 3174 τῇ

389 3195 489 3251 luti
520 3199 834 3268 percutiens
873 3202 998 3252 eum
1031 3198 1126 3268 qul
1153 3195 1462 3268 percutitur
1492 3194 1746 3265 percutit.
1782 3193 1974 3248 Corol-

2092 3195 2365 3267 ἐπιστήμῃ
2411 3194 2724 3262 ἐπιστητὸν,
2770 3195 2842 3249 τὰ
2885 3195 2941 3250 δὲ
2990 3199 3133 3251 κατὰ
3165 3199 3502 3268 αἰτιατικὴν,
3534 3196 3597 3258 ὡς
3625 3194 3650 3246 ὁ

389 3287 588 3345 larium
618 3291 806 3360 igitur,
831 3291 905 3353 id.
935 3293 1085 3360 quod
1116 3290 1324 3344 dictum
1347 3299 1449 3353 est,
1478 3287 1682 3342 idcirco
1708 3287 1776 3342 ad
1803 3287 1969 3343 verba

2092 3284 2298 3339 τύπτων
2327 3286 2676 3357 τυπτόμενον
2696 3286 2913 3342 τύπτειο
2947 3287 3010 3342 τὸ
3043 3288 3137 3343 οὖν
3169 3288 3643 3361 παρακολούθημα.

389 3382 482 3438 illa
508 3381 741 3435 aliorum
765 3399 875 3437 esse
915 3383 1167 3436 dicuntur
1196 3380 1405 3435 addidit
1439 3379 1546 3434 sive
1587 3380 1695 3434 alio
1731 3395 1971 3450 quocun-

2092 3378 2214 3448 ἰπερ
2239 3377 2456 3448 εἰρηται
2474 3422 2489 3445 ,
2525 3377 2614 3431 διὰ
2637 3377 2799 3433 τοῦτο
2838 3379 2950 3449 (97)
2985 3381 3124 3450 μετά
3147 3381 3247 3434 τοῦ
3275 3381 3495 3450 ἑτέρων
3520 3375 3649 3433 εἶναι

386 3486 486 3540 que
512 3472 668 3524 modo
691 3495 718 3533 ,>
753 3479 812 3524 ut
859 3485 954 3539 per
997 3470 1164 3526 verba
1210 3469 1440 3524 aliorum
1479 3485 1591 3524 esse
1626 3469 1881 3523 dicuntur
1906 3484 1971 3524 ea

2092 3469 2321 3540 πέτεται
2353 3468 2668 3542 προσέθηκε
2693 3471 2808 3541 (98)
2839 3471 2898 3525 τὸ
2926 3471 2963 3542 ἢ
2999 3473 3296 3528 ὁπωσοῦν
3319 3474 3521 3540 ἄλλως
3541 3470 3650 3542 (99),

389 3577 508 3630 qua:
535 3577 630 3630 per
663 3561 966 3631 genitivum
991 3559 1350 3630 proferuntur
1384 3559 1645 3626 declaret,
1679 3575 1776 3631 per
1806 3560 1970 3615 verba

2092 3563 2164 3616 ἵνα
2193 3563 2282 3617 διὰ
2309 3563 2412 3632 μὲν
2448 3563 2542 3617 τοῦ
2571 3563 2792 3633 ἑτέρων
2829 3560 2986 3619 εἶναι
3023 3565 3272 3636 λέγεται
3303 3567 3376 3620 τὰ
3417 3565 3544 3637 1:98;
3574 3580 3652 3632 γε·

389 3657 570 3703 autem
608 3649 716 3704 sive
754 3649 861 3702 alio
897 3664 1208 3720 quocunque
1239 3647 1392 3702 modo
1422 3664 1485 3704 ea
1519 3662 1639 3721 qua:
1671 3648 1974 3705 efferuntur

2092 3653 2231 3727 νικὴν
2278 3654 2539 3725 δηλώσειε
2580 3644 2875 3728 λεγόμενα,
2921 3658 3012 3712 διὰ
3057 3658 3115 3712 δὲ
3155 3658 3255 3713 τοῦ
3304 3659 3345 3729 ἢ
3391 3656 3647 3715 ὁπωσοῦν

388 3759 486 3814 per
515 3743 891 3798 accusativum
923 3751 978 3796 et
1006 3741 1278 3800 dativum.

2092 3747 2278 3814 Ξλλως
2307 3750 2377 3803 τά
2423 3765 2482 3802 τε
2510 3751 2646 3823 πρὸς
2685 3752 2994 3822 αἰτιατικὴν
3041 3751 3139 3805 καὶ
3174 3752 3430 3824 δοτικήν.

458 3835 514 3888 3.
543 3834 756 3890 Habent
788 3836 960 3890 relata
988 3836 1054 3890 ad
1085 3835 1295 3908 aliquid
1319 3836 1681 3906 preprietates
1714 3846 1972 3906 quatuor.

2143 3835 2216 3910 γ’.
2263 3841 2417 3910 Ἔχει
2445 3841 2504 3896 δὲ
2535 3841 2602 3895 τὰ
2634 3843 2772 3913 πρός
2810 3861 2863 3896 τι
2899 3844 3004 3897 ἰδια
3038 3842 3314 3915 τέσσαραο
3365 3837 3646 3916 πρῶτονμ)

387 3926 631 3994 Quarum
681 3929 854 3997 prima
892 3939 1017 3993 est,
1052 3945 1172 3985 esse
1221 3929 1274 3983 in
1319 3929 1453 3999 ipsis
1492 3931 1971 3997 contrarietatem;

2092 3929 2132 3984 ςὸ
2158 3930 2430 4002 ὑπάρχειν
2453 3933 2512 3985 ἐν
2544 3933 2728 3995 αὐτοῖς
2761 3932 3148 4002 ἐναντιότητασ
3181 3933 3284 3986 καὶ
3313 3935 3427 4005 γὰρ
3459 3936 3521 4002 τῇ
3551 3935 3650 3984 ἑπιο

387 4021 627 4076 scientiae
659 4023 804 4076 enim
833 4022 1173 4076 contrarium
1196 4030 1300 4086 est,
1330 4022 1453 4079 scil.
1490 4021 1816 4091 ignorantia.
1847 4021 1975 4078 llaec

2092 4024 2260 4096 ςτήμῃ
2295 4024 2448 4077 ἐστὶν
2481 4023 2723 4077 ἐναντίον
2761 4023 2838 4095 (2)
2871 4025 2904 4095 ἡ
2937 4023 3152 4091 ἄγνοια·
3181 4024 3351 4078 τοῦτο
3372 4024 3430 4078 δὲ
3458 4025 3514 4078 τὸ
3543 4023 3651 4077 [διον

385 4127 514 4167 vero
550 4113 860 4184 proprietas
893 4128 994 4169 nec
1017 4114 1279 4169 omnibus
1310 4129 1412 4169 nec
1439 4114 1570 4171 solis
1603 4114 1856 4168 convenit
1879 4128 1966 4168 re-

2092 4115 2169 4169 ιαί.
2209 4115 2272 4169 οὑ
2310 4115 2445 4169 πᾶσι
2493 4117 2608 4179 τοῖς
2651 4115 2794 4188 πρός
2834 4133 2889 4168 τι
2943 4117 3040 4170 καὶ
3072 4116 3135 4169 οὐ
3186 4118 3383 4188 μόνοις
3428 4116 3648 4188 ἁρμόζει·

384 4203 550 4272 latis;
603 4221 707 4260 non
756 4205 1009 4260 munibus
1043 4205 1297 4274 quidem,
1345 4206 1474 4276 quia
1521 4206 1688 4276 duplo
1717 4206 1854 4261 nihil
1883 4214 1968 4261 est

2092 4207 2137 4260 ›ὺ
2171 4206 2248 4279 (5)
2301 4207 2440 4260 πᾶσι
2473 4205 2595 4276 μὲν,
2645 4206 2836 4278 ἐπειδὴ
2880 4205 2959 4277 τῷ
3001 4207 3285 4280 διπλασίῳ
3335 4208 3488 4262 οὐδέν
3526 4207 3650 4258 ἐστιν

385 4297 771 4366 contrarium.
795 4314 902 4355 non
949 4297 1083 4355 solis
1120 4313 1252 4356 vero
1277 4339 1292 4366 ,
1343 4297 1474 4370 quia
1511 4299 1677 4355 etiam
1717 4299 1966 4370 qualitati

2092 4298 2342 4368 :vavriov,
2375 4299 2434 4353 οὐ
2468 4299 2655 4371 μόνοις
2703 4299 2794 4369 δὲ,
2840 4299 3030 4373 ἐπειδὴ
3060 4302 3158 4354 καὶ
3192 4301 3279 4374 (4)
3327 4305 3400 4374 τῇ
3433 4296 3649 4370 ποιότητί

1911 4497 2156 4558 ΝΟΤᾸΕ.

455 4637 570 4712 (85)
611 4637 704 4695 Sic
723 4637 848 4694 Vat.
879 4648 935 4696 et
961 4640 1169 4706 Catil.;
1205 4639 1358 4697 Mon.
1413 4640 1512 4696 τοῦ
1560 4643 1618 4698 δὲ
1663 4643 1808 4697 κατὰ
1859 4643 1966 4699 πά-

2092 4717 2104 4727 _
2138 4641 2364 4727 (93)(Ζῇ
2402 4640 2574 4698 Arist.
2615 4654 2667 4696 ε.
2688 4639 2746 4708 7,
2781 4639 2809 4713 ς
2843 4641 3053 4712 penult.
3084 4640 3159 4713 (c.
3194 4641 3255 4708 5,
3283 4658 3341 4715 p.
3369 4643 3458 4710 12,
3490 4641 3552 4698 15
3576 4641 3646 4699 ed.

381 4712 564 4873 ῗῗῗέθ)
590 4783 732 4873 ἕςμέίξ
747 4783 842 4873 .5}?
864 4790 1170 4873 3ξὲδὲνῖτῆ
1193 4784 1587 4873 ’ἔξῗῖἓίῖἓίίθΈ
1623 4783 1650 4854 §
1688 4784 1888 4873 δεεωὲί
1910 4785 1964 4873 ῖ¹¹

2092 4716 2268 4873 mir???)
2284 4788 2430 4873 lla!-
2461 4789 2519 4844 δὲ
2541 4788 2685 4873 19i-

379 4853 553 4919 Mon.,
590 4853 683 4930 ubi
705 4853 822 4930 [nec
844 4853 1112 4930 duntaxat
1158 4853 1413 4930 leguntur
1447 4871 1501 4908 κ.
1561 4855 1596 4930 ῂ
1632 4853 1807 4930 pavo.
1834 4856 1969 4930 ἀνᾴ-

2103 4929 2112 4930 ί
2141 4853 2254 4930 (95)
2285 4860 2418 4914 Scil.
2455 4853 2662 4915 πτῶσιν
2691 4859 2840 4916 Mon.
2871 4859 2932 4914 τὸ
2957 4860 3173 4930 γενικόν
3196 4873 3215 4891 ⁶
3254 4861 3342 4916 sic
3366 4867 3423 4918 et
3471 4857 3522 4911 in
3548 4869 3644 4925 seq.

380 4940 568 4994 γεται⁹
602 4925 694 5004 καὶ
718 4925 828 5004 γαρ
861 4926 959 5004 καὶ
1002 4925 1231 5004 τρύχεσιν
1252 4927 1494 5004 ἑκάστης
1556 4925 1836 5004 ἐπιστήμη
1863 4925 1959 4993 γε·
2067 4929 2130 4984 τὸ
2150 4925 2299 5004 ίδατη
2314 4932 2387 5004 ’τὸ
2412 4933 2522 4985 αἱτ.

379 4992 505 5076 νοςο
535 4993 707 5048 ταῦτα
733 4992 839 5067 μὲν
867 4992 962 5052 οὖν
989 4997 1058 5050 τὰ
1090 4997 1195 5050 ὑπὸ
1243 4999 1312 5048 τὰ
1351 4992 1489 5068 πρός
1521 5013 1574 5048 τι
1609 4994 1683 5059 ὡς
1714 4992 1834 5066 εῐδη
1867 4992 1958 5050 τεά
2138 4999 2252 5069 (96)
2282 4992 2430 5054 Mon.
2465 5001 2803 5073 προφέρεται
2826 5017 2843 5033 ·
2877 5015 3032 5071 sequ.
3069 4999 3144 5063 ὡς
3167 5001 3360 5082 deest.
3620 5063 3642 5076 _

379 5066 595 5120 λουντα.
2144 5071 2258 5126 (97)
2279 5073 2335 5126 In
2364 5070 2617 5126 Μοη.διὰ
2644 5072 2803 5124 τοῦτο
2831 5073 2980 5126 deest
3006 5080 3061 5125 et
3094 5080 3378 5126 sequitur.
3413 5067 3546 5126 μετά
3565 5081 3644 5120 τον

455 5075 595 5120 ivra.
2144 5075 2258 5140 (97)
2279 5075 2335 5126 In
2364 5075 2617 5126 Μοη.διὰ
2644 5075 2803 5124 τοῦτο
2831 5075 2980 5126 deest
3006 5080 3061 5125 et
3094 5075 3378 5141 sequitur.
3412 5088 3478 5140 με

455 5138 566 5211 (87)
602 5136 749 5211 lion.
781 5138 838 5190 ὲν
864 5135 1131 5211 ἀρχῇηὈ
1157 5135 1259 5208 μὲν
1283 5130 1376 5190 οὖν
1407 5136 1716 5210 εἰρημένος.
2071 5143 2225 5195 αὐτὰ
2254 5142 2406 5210 ἅπερ
2437 5142 2632 5204 ἐστὶν,
2663 5140 2901 5211 ἐτέρων,
2934 5159 2990 5196 κ.
3023 5159 3075 5195 τ.
3099 5140 3147 5195 λ.

457 5207 566 5280 (⁸⁸)
597 5207 745 5281 ῥίου.
769 5207 915 5281 add.
940 5207 1079 5281 ιεςξτέ2
1162 5207 1167 5208 ν
1462 5207 1474 5210 -
1517 5207 1524 5208 κ

2145 5213 2256 5281 (98)
2291 5207 2385 5266 καί
2411 5213 2536 5268 add.
2577 5211 2722 5268 Mon.

601 5278 747 5357 §v_6s
769 5277 999 5357 λέξομεν
1035 5275 1205 5357 ᾉίοῐι.⁸
1268 5349 1310 5357 __
1441 5348 1483 5357 __
1610 5351 1623 5357 _
1669 5349 1693 5357 Α
1743 5351 1753 5357 _
1787 5351 1800 5357 _

2103 5274 2249 5357 Δ(99)
2266 5282 2415 5357 Mun.
2445 5283 2506 5357 ﬂ
2533 5281 2785 5357 ὁπωσοῦν
2803 5299 2817 5314 ·
2851 5283 2967 5357 ἀλλ’
2999 5281 3074 5357 ὡς
3102 5279 3333 5357 (ἄλλως)
3356 5283 3434 5357 ⁸τά.
3453 5297 3509 5333 τε

472 5349 566 5432 90)
595 5350 714 5432 an.
751 5349 990 5432 πρδςέτ.
1020 5351 1172 5404 deest
1193 5350 1247 5406 in
1267 5349 1412 5406 Mon.
1441 5348 1568 5406 Haec
1591 5349 1841 5407 deﬁnitio
1871 5360 1956 5408 est

2092 5348 2366 5432 ,ἰτιατικὸν
2423 5348 2520 5406 καὶ
2573 5353 2712 5423 πρὸς
2755 5353 2988 5408 δοτικὸν.
3037 5348 3323 5423 Sequitur
3355 5348 3642 5407 immediate

379 5437 448 5478 ex
475 5423 645 5476 Arist.
679 5437 729 5474 c.
760 5419 806 5472 7'
836 5419 957 5474 init.

420 5491 750 5582 .(‘t'tllst-
782 5490 1022 5582 ἀέξ
1045 5490 1292 5582 ετπρμενν
1317 5492 1541 5576 ﬁt“);
1588 5493 1704 5582 ἔπι
1736 5491 1967 5582 inter:

2119 5423 2213 5582 iit
2233 5492 2456 5582 πρῶτφν.
2479 5492 2810 5582 ῬηῖἱίξηΜοα

379 5557 525 5625 κδςὸ
549 5557 728 5632 ’λόγος
775 5557 930 5625 οὗτος
960 5562 1058 5630 τῆς
1099 5557 1316 5633 φύσεως
1354 5565 1464 5620 τῶν
1498 5565 1635 5637 πρός
1691 5580 1764 5620 τι⁶
1854 5563 1964 5634 γὰρ
2253 5557 2363 5620 οἷον
2392 5564 2516 5618 add.
2550 5564 2696 5619 Mon.

381 5634 526 5702 χεὶρ,
557 5634 703 5696 τινὸς
724 5634 846 5702 χεὶρ
871 5632 1108 5701 λέγεται.
2163 5637 2195 5686 ζ’)
2247 5635 2342 5688 καὶ
2367 5636 2428 5687 οὐ
2459 5651 2521 5691 π.
2556 5633 2696 5689 Μοη.

381 5634 526 5702 χεὶρ,
557 5634 703 5696 τινὸς
724 5634 846 5702 χεὶρ
871 5632 1117 5701 λέγεται.
1543 5632 1558 5637 ⁷
1815 5632 1826 5634 “
1869 5632 1875 5633 ⁷
1936 5632 1946 5634 ἡ
2247 5635 2342 5688 καὶ
2367 5636 2428 5687 οὐ
2459 5651 2521 5691 π.
2556 5633 2702 5689 Μοη.

459 5704 570 5775 (92)
593 5703 809 5772 λέγεται
837 5703 988 5767 deest
1019 5705 1070 5760 in
1111 5705 1278 5764 Mem.

2140 5703 2218 5776 (4)
2249 5705 2341 5759 καί
2372 5707 2524 5763 deest
2553 5707 2607 5764 itt
2639 5705 2783 5764 Men.
