3826 6206
389 263 497 329 799
1565 238 1834 316 ruont
1872 250 2374 314 PATRIARCHIE
2407 250 2516 310 cr.
3190 287 3196 292 .
3564 244 3686 308 eoo.

391 377 538 432 dens
569 381 657 430 est
683 371 913 427 minime
940 383 1308 427 concessuros
1334 411 1349 437 ,
1381 378 1629 440 tempore
1653 369 1882 425 omnino
1906 370 1990 423 vel

2110 367 2270 439 ίρόνῳ
2288 366 2425 430 ὅλως
2467 360 2876 435 προῦφεστάναι
2920 359 2956 432 ἢ
2998 358 3071 413 τά
3102 358 3344 428 στοιχεῖα
3370 355 3480 410 τῶν
3519 355 3653 422 ζώων

391 464 662 519 elementa
712 460 1049 516 animalibus
1086 460 1175 515 vel
1216 469 1365 514 astra
1405 459 1649 514 scientia:
1695 457 1979 528 pmexsti-

2110 485 2113 528 ι
2155 458 2226 512 τὰ
2270 459 2447 528 ἄστρα
2489 458 2589 526 τῆς
2633 454 2950 525 ἐπιστήμης
2980 452 3423 522 συγχωρήσουσιο
3448 447 3654 520 λόγῳδξ

395 556 562 621 ιίεεε,
596 555 692 609 sed
737 553 915 608 solum
959 554 1176 608 ratione
1201 559 1366 622 atque
1398 550 1678 606 intellectu
1709 549 1978 620 simplicia

2110 552 2232 622 ιόνῳ
2261 551 2355 605 καὶ
2379 549 2587 621 θεωρίᾳ
2620 547 2690 600 τὰ
2738 545 2888 600 ἁπλᾶ
2914 545 3026 600 τῶν
3068 543 3339 598 συνθέτων
3362 542 3656 615 προτιθέναι

394 645 719 713 compositis
751 642 994 712 praeponi
1026 642 1413 697 arbitraturos.
1448 640 1815 707 Quamobrem
1847 655 1982 694 om-

2110 640 2496 695 ηικαιὼσουσινο
2529 639 2673 695 ὥστε
2720 638 2856 690 πᾶσι
2917 637 3032 699 τοῖς
3074 634 3213 704 πρός
3249 651 3304 687 τι
3343 633 3580 704 ὑπάρχει
3606 633 3656 685 τὸ

395 735 561 788 nibus
593 735 782 788 relatis
806 733 872 786 ad
905 733 1114 803 aliquid
1139 733 1414 796 convenit,
1443 732 1606 788 simul
1633 747 1758 787 cum
1785 741 1981 788 natura

2110 735 2207 804 ιμα
2255 735 2325 804 τῇ
2358 732 2520 802 φύσει
2553 731 2845 801 ὑπάρχειν.
2907 726 3050 780 Ἀλλ’
3101 725 3422 799 ἀρκούντως
3469 724 3655 796 εἴρηται

393 830 680 882 exsistere.
718 825 824 879 Sed
847 826 960 894 jam
994 825 1129 880 satis
1159 826 1368 880 dictum
1398 833 1484 880 est
1511 826 1578 879 de
1615 824 1825 880 relatis.

2110 827 2186 882 ιαὶ
2228 829 2358 899 περὶ
2397 825 2507 878 τῶν
2551 823 2686 896 πρός
2715 839 2789 876 τι.

875 936 1232 1004 .QU/ESTIO
1259 938 1469 993 CXL".

2615 936 2950 991 ΕΡΩΊἩΣΙΣ
2988 936 3162 992 PMB’.

788 1031 862 1085 De
902 1048 992 1085 sex
1024 1031 1241 1101 reliquis
1277 1033 1579 1101 categoriis.

2289 1029 2428 1096 Περὶ
2458 1026 2577 1081 τῶν
2624 1026 2980 1083 ὑπολοίπων
2998 1027 3068 1121 εξ
3096 1024 3492 1098 κατηγοριῶν.

1472 1145 1615 1196 Nunc
1650 1145 1862 1209 primum
1893 1144 2025 1195 edita
2045 1157 2071 1193 ε
2093 1144 2154 1195 D.
2179 1143 2610 1206 Hergenroether.

473 1259 815 1328 Aristoteles,
853 1264 1048 1325 utpote
1077 1270 1186 1310 non
1211 1255 1419 1312 docens
1449 1256 1706 1323 fortasse,
1751 1260 1844 1315 sed
1893 1259 1993 1314 do-

2180 1251 2238 1305 ,Ο
2272 1249 2372 1322 μὲν
2416 1247 2800 1321 Ἄριστοτέλης
2822 1247 2962 1321 (16),
2993 1248 3088 1302 ἅτε
3126 1246 3203 1319 μὴ
3232 1245 3508 1301 διδάσκων
3530 1246 3659 1310 ἴσως.

400 1353 634 1403 ctrinam
693 1347 941 1402 indicans
993 1345 1080 1400 vel
1127 1357 1414 1404 ostentans
1459 1349 1751 1419 (siquidem
1803 1365 1991 1404 verum

2110 1344 2194 1417 τὴν
2238 1344 2297 1398 δὲ
2339 1342 2688 1399 διδασκαλίαν
2741 1340 3150 1411 ἐνδεικνύμενος
3172 1381 3188 1405 ,
3235 1341 3399 1412 εῐπερ
3448 1339 3525 1410 μὴ
3555 1356 3666 1394 κατ-

402 1449 508 1504 εει,
536 1439 681 1508 qnod
715 1439 783 1493 dc
822 1439 978 1494 libris
1011 1440 1130 1495 suis
1160 1439 1364 1495 dixerit
1398 1458 1413 1497 ι
1464 1439 1615 1495 Editt'
1650 1450 1773 1496 sunt
1806 1453 1854 1495 et
1889 1457 1995 1496 non

2110 1437 2353 1508 ίψευσται
2370 1435 2538 1490 αὑτοῦ
2562 1436 2675 1510 (17)
2697 1435 2762 1490 τὸ
2775 1433 3084 1489 ἐκδέδοται
3102 1432 3201 1486 καὶ
3223 1434 3338 1487 οὐκ
3357 1431 3664 1498 ἐκόἐόοτιιι,

400 1528 577 1594 editi),
608 1536 726 1582 tum
757 1528 824 1582 de
849 1529 996 1593 aliis,
1033 1538 1147 1584 tum
1172 1530 1241 1586 de
1268 1546 1362 1587 sex
1395 1530 1670 1601 (reliquis)
1694 1532 1990 1603 categoriis

2110 1532 2228 1604 περί
2265 1548 2324 1585 τε
2350 1531 2460 1585 τῶν
2490 1530 2673 1586 ἄλλων
2701 1530 2798 1584 καὶ⁵
2828 1529 2958 1599 περὶ
2985 1528 3092 1582 τῶν
3127 1526 3188 1593 ἒξ
3222 1526 3569 1598 κατηγοριῶν
3600 1525 3667 1580 ἔτι

403 1618 578 1672 multo
612 1618 796 1671 adhuc
830 1618 1041 1674 arctius
1080 1618 1366 1674 disseruit.
1398 1617 1510 1674 Nos
1543 1635 1696 1686 vero,
1729 1619 1824 1690 qui
1853 1635 1990 1689 qua-

2110 1622 2302 1693 μᾶλλον
2347 1621 2757 1694 συντομώτερον
2787 1620 3140 1692 περιείληφεν
3161 1636 3175 1651 ·
3208 1621 3375 1692 ἡμεῖς
3401 1621 3461 1674 δὲ
3502 1620 3594 1683 τάς
3617 1636 3668 1672 τε

403 1720 532 1765 tuor
576 1709 1002 1781 praedicantem-ti
1035 1711 1217 1767 fusius
1248 1721 1304 1767 et
1329 1712 1408 1767 uti
1442 1713 1524 1768 rei
1554 1723 1991 1772 consentaneum

2110 1716 2206 1770 τῶν
2250 1713 2600 1786 κατηγοριῶν
2644 1713 2918 1785 τέσσαρας
2967 1714 3026 1766 έν
3057 1712 3250 1766 πλάτει
3283 1728 3347 1765 τε
3385 1711 3671 1782 συμμέτρῳ

404 1809 526 1856 erat
548 1803 1009 1870 pertractavimus
1034 1813 1089 1857 et
1115 1803 1400 1874 discipulis
1426 1805 1807 1875 exposuimus,
1834 1822 1994 1861 eum-

405 1892 530 1948 dem
571 1893 959 1964 explicationis
1002 1896 1225 1951 modum
1256 1898 1424 1952 etiam
1455 1899 1638 1968 quoad
1668 1915 1761 1956 sex
1785 1901 1994 1970 reliqua

408 1988 744 2040 servandum
785 1987 944 2042 vobis
971 2002 1094 2042 esse
1123 1989 1463 2046 censuimus.
1493 1990 1702 2047 Idcirco
1736 1992 1991 2057 dicimus,

409 2084 538 2126 ante
568 2075 756 2128 omnia
791 2075 925 2128 illud
952 2075 1093 2130 scitu
1123 2078 1500 2132 necessarium
1528 2094 1670 2145 esse,
1695 2081 1998 2149 quamlibet

405 2165 809 2235 categoriarum
837 2207 854 2232 ,
903 2167 968 2221 de
1000 2167 1200 2237 quibus
1249 2185 1395 2223 nunc
1443 2186 1646 2238 sermo,
1692 2174 2012 2242 simplicem.

408 2255 996 2323 quodammodoesse.
1046 2257 1313 2323 Quamvis
1347 2260 1493 2314 enim
1523 2275 1587 2314 ex
1631 2262 1848 2319 duobus
1874 2263 1996 2334 qui-

409 2343 658 2412 bus-piam
691 2345 1023 2402 combinatis
1066 2345 1332 2401 elliciatur
1361 2349 1616 2418 quaelibet
1661 2351 1852 2407 harum
1898 2370 1993 2409 sex

409 2435 810 2503 catcgoriarum
837 2478 852 2502 ,
901 2447 1140 2492 attamen
1189 2449 1334 2509 patet
1386 2457 1496 2498 non
1531 2443 1644 2512 ipsa
1682 2446 1994 2502 combinala

409 2521 514 2576 ista
545 2538 647 2576 nos
676 2523 860 2578 dicere
895 2527 1250 2594 categoriam,
1283 2528 1355 2581 ita
1394 2537 1452 2582 ut
1477 2530 1596 2586 illas
1619 2531 1742 2586 inde
1762 2543 1816 2587 et
1840 2549 1994 2589 com—

414 2614 618 2683 positio
665 2629 1073 2686 consequatur;
1124 2635 1302 2688 neque
1329 2623 1476 2676 enim
1524 2634 1583 2678 ut
1625 2635 1810 2695 partes
1851 2628 1995 2682 illius

414 2706 528 2761 lnec
558 2709 871 2763 combinata
903 2710 1278 2780 accipiuntur,
1312 2729 1487 2784 neque
1513 2727 1574 2770 ut
1597 2719 1822 2773 materia
1846 2736 1996 2790 qua:-

321 2785 334 2802 ’
409 2800 534 2854 dam
587 2802 873 2870 subjecta,
919 2818 1098 2873 neque
1154 2813 1214 2859 ut
1254 2807 1508 2875 quaedam
1561 2785 1996 2880 compositbele-

2095 1808 2192 1862 καὶ
2229 1810 2296 1879 τῇ
2349 1806 2656 1877 διδασκάλῳ
2702 1805 3065 1870 διεξελθόντες
3113 1802 3388 1875 σαφηνείᾳ
3424 1804 3521 1858 καὶ
3559 1805 3672 1875 περὶ

2094 1900 2206 1954 τῶν
2245 1899 2555 1954 ὑπολοίπων
2595 1897 2656 1965 ἒξ
2695 1900 2786 1953 τὸν
2816 1897 2981 1953 αὐτὸν
3015 1899 3145 1968 ὑμῖν
3175 1896 3445 1951 διασῶσαι
3472 1897 3569 1966 τῆς
3605 1895 3672 1950 δι-

2094 1990 2395 2055 δασκαλίας
2429 1989 2833 2061 ἐδικαιώσαμεν
2877 1989 3066 2044 τύπον.
3113 1989 3206 2042 Διό
3240 2005 3448 2059 φαμεν,
3482 1988 3555 2052 ὡς
3586 1986 3674 2058 πρό

2103 2103 2170 2155 γε
2197 2086 2417 2141 πάντων
2446 2088 2626 2140 ἐκεῖνο
2649 2085 2846 2139 εἰδέναι
2874 2084 2982 2156 χρὴ
3000 2123 3017 2148 ,
3051 2085 3134 2138 ὅτι
3167 2085 3377 2154 ἑκάστη
3421 2083 3532 2136 τῶν
3561 2099 3675 2138 κατ-

2103 2176 2367 2248 ηγοριῶν,
2422 2178 2552 2246 περὶ
2592 2168 2669 2230 ὧν
2699 2179 2728 2230 ὁ
2769 2175 2950 2245 λόγος,
2984 2176 3129 2246 ἁπλῆ
3174 2177 3260 2238 τίς
3295 2177 3470 2229 ἐστιν·
3499 2177 3550 2228 εί
3582 2177 3676 2246 γὰρ

2097 2267 2192 2319 καὶ
2235 2266 2328 2320 δύο
2373 2267 2537 2320 τινῶν
2585 2267 3036 2338 συνδυαζομένων
3083 2267 3438 2320 ἀποτελεῖται
3485 2267 3674 2335 ἑκάστη

2095 2357 2204 2410 τῶν
2247 2355 2307 2423 ἓξ
2349 2355 2720 2427 κατηγοριῶν,
2766 2355 2881 2410 ἀλλ’
2921 2355 3015 2409 οὖν
3060 2356 3244 2428 δῆλον,
3287 2357 3374 2409 ὅτι
3405 2358 3508 2409 οὐκ
3555 2357 3678 2409 αὐτὰ

2094 2451 2164 2503 τὰ
2197 2448 2604 2519 συνδυαζόμενα
2654 2465 2834 2518 φαμεν
2887 2443 3029 2501 εἶναι
3066 2448 3432 2519 κατηγορίαν,
3475 2448 3562 2500 ἵνα
3595 2447 3679 2501 καὶ

2095 2540 2156 2593 τὸ
2186 2539 2440 2593 σύνθετον
2464 2541 2657 2603 αὑταῖς
2680 2539 3118 2612 ἐπακολουθήσῃ·
3149 2539 3274 2594 οὔτε
3299 2541 3412 2611 γὰρ
3438 2541 3515 2603 ὡς
3548 2541 3675 2611 μέρη

2097 2631 2268 2703 αὐτῆς
2306 2632 2494 2687 ἐκεῖνα
2514 2631 3029 2703 παραλαμϐάνεται,
3061 2630 3185 2685 οὗτε
3216 2632 3293 2696 ὡς
3321 2631 3425 2703 ὕλη
3448 2650 3534 2696 τις
3560 2634 3680 2686 ὐπο-

2097 2725 2326 2792 κειμένη
2356 2764 2370 2784 ,
2408 2721 2524 2774 ἀλλ’
2558 2721 2667 2774 οὐδ’
2697 2722 2772 2783 ὥς
2802 2738 2927 2776 τινα
2957 2721 3213 2775 συνθέτου
3253 2724 3500 2793 στοιχεῖα
3519 2763 3534 2787 ,
3576 2719 3679 2775 ἀλλ’

2097 2812 2286 2885 ὥσπερ
2312 2816 2346 2884 ὴ
2378 2814 2530 2884 φιλία
2574 2813 2669 2868 δύο
2699 2814 2800 2882 μέν
2831 2815 2996 2868 τινών
3024 2815 3171 2868 ἐστιν
3208 2814 3444 2880 ἓνωσις,
3478 2815 3678 2868 οὐδέτε-

411 2901 635 2958 menta;
692 2907 878 2946 rerum
936 2896 1401 2964 quemadmodum
1451 2900 1694 2956 amicitia
1757 2904 1992 2960 duorum

2110 2921 2192 2973 οον
2225 2907 2339 2976 (l8)
2383 2907 2440 2961 δὲ
2489 2907 2600 2961 τῶν
2645 2906 2944 2976 φιλούντων
2989 2907 3162 2979 ἐστὶν,
3209 2908 3319 2961 οὐδ’
3373 2910 3441 2961 ἐκ
3489 2909 3685 2964 τούτων

411 2987 696 3051 hominum
746 2997 1024 3042 certorum
1059 2991 1374 3060 conjunctio
1411 3003 1530 3060 εει,
1583 3007 1836 3051 neutrum
1869 3013 1995 3054 vero

410 3079 717 3132 amicorum
745 3089 850 3144 est,
894 3096 1073 3150 neque
1097 3097 1164 3136 ex
1196 3083 1284 3138 bis
1313 3086 1730 3154 quomodolibet
1760 3089 1995 3147 conﬂata

409 3181 464 3223 ct
488 3175 830 3241 composita,
867 3174 1095 3228 omnino
1130 3190 1261 3230 vero
1302 3178 1532 3248 simplex
1567 3190 1689 3249 est;
1717 3193 1770 3237 et
1803 3199 1998 3254 quem-

411 3262 706 3318 admodum
744 3265 1050 3319 dominatio
1085 3282 1152 3320 ex
1189 3269 1522 3327 combinatis
1552 3275 1884 3342 quibusdam
1911 3277 1996 3334 ef—

412 3355 592 3410 ﬁcitur
639 3365 692 3409 et
727 3356 1139 3421 manifestatur,
1177 3361 1406 3416 omnino
1450 3379 1581 3420 vero
1615 3378 1701 3421 est
1730 3368 1994 3439 simplex:

415 3447 668 3500 eumdem
699 3463 921 3516 quoque
954 3448 1006 3501 in
1034 3448 1266 3504 modum
1288 3454 1546 3521 quaelibet
1577 3472 1668 3512 sex
1692 3463 1996 3532 categoria-

416 3551 536 3587 rum
574 3536 795 3590 duobus
839 3537 1062 3606 quidem
1097 3541 1553 3600 convenientibus
1586 3547 1810 3615 prodit,
1863 3567 1997 3607 neu-

412 3631 562 3676 trum
598 3639 732 3678 vero
761 3626 1206 3683 convenientium
1246 3642 1355 3697 est,
1395 3649 1574 3704 neque
1628 3637 1737 3692 ullo
1770 3653 1999 3708 prorsus

415 3711 580 3764 modo
611 3725 679 3764 ex
725 3712 916 3766 iisdem
965 3718 1342 3784 componitur.
1398 3719 1490 3777 Sic
1532 3739 1634 3794 ego
1669 3735 1725 3781 et
1769 3726 1994 3799 reliqua:

415 3799 500 3853 hac
531 3808 729 3868 praeter
766 3809 1008 3868 quatuor
1042 3803 1163 3860 illas
1205 3809 1513 3878 categorias
1539 3812 1820 3884 simplices
1845 3827 1996 3884 sunt,

411 3891 878 3960 quemadmodum
936 3901 992 3948 et
1033 3895 1158 3950 illae.
1193 3897 1370 3968 Atque
1397 3901 1721 3971 simplicitas
1746 3906 1849 3961 ista
1878 3922 1999 3962 om-

415 3981 582 4036 nibus
615 3984 909 4052 catcgoriis
948 3989 1258 4045 communis
1284 4000 1368 4046 est
1395 4010 1410 4060 ;
1443 3994 1588 4062 quod
1614 4012 1744 4052 vero
1766 4014 1831 4053 ex
1862 4001 2000 4056 duo-

419 4070 524 4125 bus
552 4071 880 4140 quibusdam
922 4077 1247 4133 coeuntibus
1276 4079 1595 4137 elliciuntur
1623 4095 1675 4138 et
1703 4087 1997 4155 prodeunt,

417 4161 473 4216 id
511 4161 748 4216 maxime
783 4178 879 4217 sex
931 4164 1053 4220 istis
1095 4169 1400 4237 proprium.
1469 4173 1606 4227 Cum
1650 4173 1814 4245 igitur
1846 4177 2003 4234 dixe-

2101 2996 2349 3051 ὁπωσοῦν
2372 2998 2728 3068 συγκειμένη,
2751 2998 2930 3068 πάντη
2946 2997 3004 3051 δέ
3020 3000 3168 3052 ἐστιν
3187 2999 3358 3070 ἁπλῆ,
3385 3000 3483 3056 καὶ
3507 3000 3686 3070 ῶσπερ

2101 3088 2134 3157 ὴ
2178 3087 2466 3143 δεσποτεία
2511 3089 2963 3161 συνδυαζομένων
3006 3090 3106 3161 μέν
3149 3108 3314 3146 τινων
3345 3093 3688 3148 ἀποτελεῖται

2103 3179 2199 3232 καὶ
2235 3179 2614 3248 ἀναφαίνεται,
2669 3184 2848 3256 πάντη
2896 3184 2953 3237 δέ
2999 3185 3146 3238 έστιν
3188 3185 3335 3256 ἁπλῆ
3356 3227 3376 3252 ,
3418 3187 3563 3240 κατὰ
3602 3186 3689 3240 τὸν

2103 3272 2264 3325 αὑτὸν
2313 3273 2515 3344 τρόπον
2549 3275 2645 3328 καὶ
2687 3275 2895 3348 ἑκάστη
2947 3277 3059 3331 τῶν
3104 3275 3167 3342 ἒξ
3209 3282 3566 3350 κατηγοριῶν
3604 3280 3690 3333 δύο

2111 3365 2213 3434 μέν
2251 3382 2416 3419 τινων
2449 3367 2739 3421 συνιόντων
2775 3368 3152 3437 ἀναφαίνεται,
3187 3371 3483 3443 οὐδέτερον
3507 3371 3565 3425 δὲ
3592 3371 3693 3424 τῶν

2107 3457 2397 3510 συνιόντων
2433 3459 2603 3525 ἐστὶν,
2648 3459 2758 3512 οὐδ’
2799 3460 3052 3516 όπώσοῦν
3078 3462 3138 3526 ἐξ
3165 3462 3352 3516 αὐτῶν
3384 3468 3691 3531 σύγκειταιο

2103 3547 2276 3618 ταύτῃ
2311 3549 2422 3618 (19)
2443 3551 2552 3620 ἄρα
2578 3552 2674 3604 καὶ
2702 3551 2887 3621 έτεραι
2917 3551 3084 3607 ἔνεισι
3113 3555 3269 3624 παρὰ
3295 3553 3401 3617 τὰς
3424 3555 3694 3625 τέσσαρας

2105 3632 2266 3692 αὗται
2283 3681 2300 3705 ,
2329 3640 2500 3696 ἁπλαῖ
2527 3642 2584 3696 δὲ
2612 3642 2803 3714 ὥσπερ
2827 3646 3100 3699 κάκεῖναι·
3141 3650 3238 3700 καὶ
3265 3647 3330 3698 τὸ
3379 3647 3484 3717 μὲν
3524 3647 3694 3709 ἁπλᾶς

2105 3724 2247 3783 εἶναι
2273 3730 2450 3784 κοινὸν
2475 3732 2740 3797 ἁπάσαις,
2767 3733 2830 3788 τὺ
2857 3735 2916 3788 δὲ
2940 3735 3034 3789 δύο
3060 3732 3224 3790 τινῶν
3252 3738 3695 3808 συνεληλυθότων

2105 3819 2511 3888 ὰπογεννᾶσθαι
2555 3823 2650 3877 καὶ
2689 3825 3082 3894 ἀναφαίνεσθαι
3128 3825 3372 3897 μάλιστα
3418 3828 3556 3881 ἴδιον
3595 3828 3694 3881 τῶν

2106 3908 2186 3974 ἓξ.
2237 3909 2495 3975 Εἰπόντες
2553 3911 2647 3968 οὖν
2677 3914 2746 3968 τὰ
2790 3915 2987 3980 κοινῶς
3017 3918 3401 3989 ἐνυπάρχοντα
3423 3922 3566 3982 ’ταῖς
3600 3918 3692 3982 ἒξ,

2106 4002 2202 4054 καὶ
2229 4003 2360 4075 περὶ
2383 4006 2514 4075 μιᾶς
2542 4004 2782 4077 ἑκάστης
2809 4009 2987 4063 αὐτῶν
3012 4009 3121 4082 ἰδίᾳ
3154 4009 3570 4083 θεωρήσαιμεν·
3605 4012 3692 4066 καὶ

2106 4092 2374 4166 πρότερόν
2402 4113 2467 4166 γε
2507 4100 2655 4178 περὶ⁸
2667 4100 2762 4153 τοῦ
2784 4100 2900 4172 (ΞΟ)
2925 4105 3121 4165 ποιεῖν,
3146 4105 3252 4174 τήν
3279 4121 3342 4158 τε
3371 4105 3696 4176 ὑπογραφὴν

2108 4185 2273 4238 αὐτοῦ
2307 4187 2714 4256 ὑποτυποῦντες
2736 4195 2922 4248 καὶτὰ
2959 4196 3074 4267 εἴδη
3103 4197 3198 4250 καὶ
3239 4198 3311 4254 τὰ
3341 4197 3481 4253 raw
3524 4215 3697 4267 παρα·-

414 4251 592 4306 rimus
633 4251 701 4309 de
750 4253 819 4308 iis
860 4270 983 4324 qua:
1029 4263 1403 4316 communiter
1455 4263 1644 4320 insunt
1695 4266 1815 4324 istis
1879 4285 1994 4340 sex,

2110 4276 2350 4348 πλησίως
2374 4279 2430 4334 δὲ
2453 4283 2550 4337 καὶ
2571 4283 2665 4338 ἐπὶ
2693 4251 2806 4339 τῶν
2831 4286 3027 4343 ἄλλων.

416 4344 582 4450 etiam
639 4345 705 4455 de
753 4346 986 4453 singulis
1039 4365 1230 4405 earum
1286 4355 1518 4410 seorsim
1563 4357 2003 4428 disquisitionem
2081 4344 2374 4429 instituere
2439 4378 2731 4446 volumus;
2777 4395 2844 4436 ac
2879 4383 3058 4451 primo
3093 4384 3319 4455 quidem
3353 4387 3425 4444 de
3467 4386 3693 4444 actius.

424 4440 584 4512 cujus
629 4441 1079 4512 descriptionem,
1120 4449 1332 4515 species
1371 4465 1435 4504 ac
1471 4453 1832 4522 proprietates
1862 4461 2259 4524 delineabimus
2285 4484 2302 4530 ;
2333 4470 2587 4528 similiter
2617 4440 2745 4529 vero
2783 4440 2949 4532 etiam
2983 4479 3050 4534 de
3072 4440 3312 4538 caeteris.

717 4555 1050 4622 QUASSTIO
1075 4559 1281 4615 cxuu
1313 4561 1692 4641 [CLXXVIIL]

1029 4650 1106 4706 De
1147 4655 1376 4709 actione.

2613 4588 2952 4646 ΕΡΩΤΗΣΙΣ
2987 4595 3166 4652 PMF’.

2625 4683 2768 4751 Περὶ
2809 4684 2917 4739 τοῦ
2956 4687 3172 4744 ποιεῖν.

1486 4769 1630 4820 Nunc
1655 4772 1870 4835 primum
1896 4779 2031 4831 edita
2049 4796 2078 4832 a
2101 4781 2163 4834 D.
2189 4785 2603 4852 Hergenroether

487 4868 539 4924 ιι.
572 4869 748 4941 Agere
775 4883 858 4928 est
881 4875 1161 4943 quomodo
1190 4875 1324 4933 libet
1345 4883 1588 4950 operari.
1615 4883 1792 4941 Habet
1820 4899 2000 4946 autem

417 4961 626 5030 primas
682 4965 894 5033 species
937 4967 1120 5024 duas:
1156 4969 1212 5023 in
1251 4971 1401 5026 aliud
1432 4975 1670 5043 operari,
1704 4987 1760 5032 et
1785 4995 1898 5035 non
1943 4983 2000 5037 in

416 5054 564 5112 aliud
627 5059 885 5130 operari;
926 5063 1239 5132 exemplum
1304 5067 1646 5135 operationis
1701 5071 1759 5126 in
1809 5074 1999 5132 aliud:

2187 4895 2257 4951 α’.
2298 4900 2482 4990 ῌοιεῖν
2513 4904 2694 4958 τοίνυν
2724 4906 2872 4963 ἔστιν
2909 4925 2972 4964 το
2993 4913 3247 4968 οτιωσοῦν
3279 4915 3527 4990 ἐνεργεῖν
3557 4917 3690 4990 (21).

2115 4987 2272 5081 ἐχει
2295 4989 2351 5042 δὲ
2381 4993 2574 5063 πρῶτα
2592 4997 2708 5068 εἴδη
2733 4999 2846 5053 δύοο
2863 5002 2927 5056 τό
2951 5020 3011 5056 τε
3041 5005 3120 5068 είς
3143 5005 3275 5060 ἄλλο
3302 4987 3576 5081 ἐνεργεῖν,
3602 5008 3692 5062 καὶ

2111 5078 2173 5133 τὸ
2197 5080 2274 5153 μὴ
2295 5084 2375 5148 είς
2395 5084 2544 5142 ἄλλο’
2573 5091 2929 5167 παράδειγμα
2954 5097 3050 5151 τοῦ
3071 5098 3172 5170 μὲν
3192 5078 3423 5167 είςάλλο
3449 5105 3692 5176 ἐνεργεῖν

1925 5274 2157 5336 ΝΟΤιΕ.

486 5402 600 5499 (l6)
629 5412 811 5499 Pauca
839 5416 1130 5499 admodum
1163 5419 1231 5499 de
1251 5436 1347 5499 se_x
1369 5424 1595 5499 reliquis
1611 5431 2001 5499 praedicamen-

419 5481 1034 5574 tistiabetaristoteles
1091 5503 1142 5574 ε.
1196 5491 1247 5546 9.
1306 5493 1368 5551 lu
1401 5481 1547 5553 Mo'n.
1570 5481 2000 5574 εὀό-ίξιιίῖεέὖῖε

413 5563 733 5618 occurrunt,
767 5557 911 5610 haud
933 5557 1208 5618 leguntur.

479 5622 595 5692 (l7)
633 5623 725 5678 Sic
749 5625 948 5688 Catif.;
990 5622 1110 5682 Vat.
1139 5633 1330 5691 αὑτοῦ.

479 5693 594 5761 (18)
634 5693 754 5749 Vat.
796 5695 1080 5769 οὐδετέρου
1106 5701 1268 5759 Catil.
1300 5707 1410 5762 οὐδ’
1452 5709 1642 5782 ἕτερον
1681 5709 1810 5770 Vide
1835 5730 1989 5787 sequ.

2325 5446 2434 5533 ista
2457 5449 2632 5533 ταιξτῃ
2668 5485 2738 5495 --
2770 5457 3021 5513 κάκεῖναι
3045 5461 3246 5518 desunt
3285 5478 3375 5533 ap.
3405 5463 3496 5517 lat.
3535 5459 3624 5516 Cf.

2179 5515 2290 5586 (βυ)
2311 5517 2440 5586 _C0|.
2465 5515 2680 5580 τούτου.

2309 5584 2365 5641 lu
2397 5590 2628 5672 Coislin.
2664 5595 2882 5672 videtur
2933 5600 3078 5672 addi.
3135 5603 3197 5655 τὺ
3227 5602 3468 5672 τύπτειν,
3501 5601 3690 5658 auiam

2099 5664 2152 5712 et
2194 5657 2300 5714 alia
2339 5663 2610 5734 quaedam,
2642 5676 2703 5722 ut
2728 5682 2796 5724 ex
2823 5669 3246 5730 Montefalconio
3263 5684 3426 5745 patet.
