3826 6206
139 253 222 316 801
957 250 1054 310 AD
1078 242 1678 309 AMPIIILOCHIUM
1706 236 2053 317 QUIESTIO
2081 242 2348 309 CXLIII.

3254 248 3363 325 802

139 368 190 419 τὸ
223 362 443 427 τύπτειν,
490 360 683 426 καίειν,
717 359 991 415 διδάσκειν
1024 364 1118 415 καὶ
1165 363 1233 415 τά
1284 362 1672 432 παραπλήσια·

1780 367 2085 426 percutere,
2113 360 2366 423 adurere,
2398 362 2617 429 docere,
2676 374 2730 420 et
2752 366 2988 434 similia;
3023 370 3365 438 operationis

139 456 214 510 τοῦ
238 456 287 508 δὲ
308 454 538 524 ἐνεργεῖν
560 453 658 522 μὲν
687 452 761 523 μὴ
788 454 869 516 είς
919 452 1047 507 ἄλλο
1078 453 1134 507 δέ
1161 472 1214 506 τι
1243 453 1318 517 ὡς
1345 453 1407 506 τὸ
1430 454 1675 523 θεωρεῖν,

138 545 400 617 κιθαρίζειν
444 545 535 597 καὶ
575 544 648 596 έτά
694 544 859 615 ὃμοια
888 560 901 575 ο
941 546 1206 616 ἑκάτερον
1233 545 1289 597 δέ
1332 545 1537 598 τούτων
1566 544 1679 615 ἔχει

136 636 363 708 διαφορὰς
400 636 689 707 τέσσαρας·
721 637 755 708 ἢ
806 637 916 707 γὰρ
950 636 1110 706 φύσει
1160 641 1336 703 ποιεῖ,
1362 637 1438 699 ὡς
1476 637 1537 690 τὸ
1568 636 1680 708 πῦρ

136 730 413 800 θερμαίνειν
434 729 650 798 λέγεται
675 731 768 783 καὶ
789 732 849 785 τὸ
874 731 1015 794 ζῶον
1033 733 1255 800 φωνεῖν·
1276 731 1308 801 ἢ
1337 731 1677 817 προαιρέσει,

132 824 194 885 ὡς
217 822 268 874 τὸ
290 821 607 886 πλουτίζειν,
638 825 885 876 ἐπαινεῖν
917 825 1008 876 καὶ
1027 823 1272 890 δοξάζειν
1291 836 1304 849 ·
1330 823 1362 893 ἢ
1391 823 1573 895 τέχνῃ,
1603 821 1678 887 ὡς

129 916 179 967 τὸ
202 914 483 982 οἰκοδομεῖν
530 915 708 967 οἰκίαν
749 915 842 967 καὶ
883 915 951 968 τά
996 916 1192 985 ὃμοια·
1227 916 1258 985 ἦ
1291 915 1450 987 τύχῃ,
1499 915 1573 978 ὡς
1617 914 1679 967 τδ

127 1005 250 1057 λίθον
276 1005 499 1057 πεσόντα
526 1006 727 1076 πλῆξαι
747 1024 871 1061 τινα
906 1007 938 1078 ἦ
968 1005 1205 1070 πατάξαι
1235 1006 1267 1077 ἢ
1294 1007 1511 1075 ἀφεῖναι
1537 1005 1674 1076 ἠχώ.

130 1095 339 1148 Ἔτιτοῦ
376 1098 546 1148 ποιεῖν
590 1096 687 1150 τοῦ
735 1097 834 1167 μὲν
885 1097 1237 1151 ὑπολείπεται
1279 1096 1492 1167 ποίημα
1541 1098 1678 1168 μετά

123 1188 205 1257 τὴν
230 1186 453 1256 ποίησιν,
499 1183 633 1251 οἷον,
684 1188 760 1252 ὡς
796 1187 941 1260 μετὰ
973 1187 1035 1241 τὸ
1086 1188 1388 1258 οἰκοδομεῖν
1420 1190 1453 1259 ἡ
1495 1189 1673 1255 οἰκία,

121 1280 199 1332 τοῦ
218 1279 267 1331 δέ
301 1280 470 1333 οὐδέν·
509 1281 649 1351 μετά
673 1282 782 1353 γὰρ
822 1282 884 1335 τὸ
923 1281 1233 1353 κιθαρίζειν
1278 1281 1432 1334 οὐδὲν
1460 1282 1677 1353 ποίημα

118 1371 206 1423 ἀπὸ
232 1370 317 1423 τοῦ
344 1371 646 1443 κιθαρίζειν
677 1374 1055 1429 ὑπολείπεται.
1092 1375 1214 1427 Ἔτι
1246 1374 1307 1428 τὸ
1330 1376 1527 1438 ποιεῖν,
1560 1375 1592 1445 ἢ
1618 1376 1675 1426 ἐν

122 1462 359 1533 σώματιῆ
391 1466 448 1515 ἐν
483 1465 653 1537 ψυχῇ,
686 1466 719 1535 ἢ
754 1468 813 1520 ἐν
838 1464 917 1536 τῷ
950 1466 1344 1537 συναμφοτέρῳ
1371 1466 1404 1537 ἢ
1443 1466 1570 1535 περὶ
1608 1466 1677 1518 τὰ

116 1556 267 1618 ἐκτός·
292 1558 346 1608 ἐν
374 1555 523 1626 ψυχῇ
558 1559 678 1628 μὲν,
706 1558 779 1621 ὡς
801 1558 860 1611 τὸ
888 1558 1212 1629 διδάσκει·ιῆ
1246 1558 1446 1622 ἐθίζειν
1474 1558 1675 1628 ἀρετήν

112 1663 214 1700 τινα
253 1647 282 1717 ἢ
314 1649 533 1701 κακίαν·
564 1650 621 1702 ἐν
649 1649 864 1721 σώματι
906 1650 986 1715 δὲ,
1009 1651 1084 1711 ὡς
1112 1651 1174 1702 τὸ
1212 1650 1409 1716 καίειν,
1434 1649 1672 1719 τέμνειν·

1783 466 1937 514 νει-ο,
1973 466 2095 520 qua:
2138 468 2247 505 non
2296 451 2357 506 fit
2400 453 2453 507 in
2486 455 2656 522 aliud,
2707 461 3089 530 contemplari,
3153 464 3365 518 cithara

1783 558 2009 607 canere,
2031 554 2086 598 et
2112 544 2217 599 alia
2269 544 2611 615 hujusmodi.
2663 550 2971 622 Utrumque
3003 569 3135 609 vero
3164 555 3363 610 hordm

1783 635 1945 691 habet
1967 638 2309 694 dilferentias
2339 653 2612 710 quatuor;
2634 643 2719 699 vel
2742 646 2886 700 enim
2915 656 3109 703 natura
3135 650 3270 720 agit,
3304 658 3366 704 ut.

1781 727 1925 797 ignis
1947 730 2249 786 calefacere
2281 733 2486 789 dicitur
2517 745 2571 791 et
2615 737 2820 791 animal
2855 747 3050 795 so‘num
3088 742 3361 809 emittere,

1781 820 1864 874 vel
1888 823 2142 886 arbitrio,
2172 828 2471 882 utdivitem
2490 827 2692 896 facere,
2715 831 2941 885 laudare
2968 841 3022 887 et
3044 834 3359 904 celebrare;

1779 911 1866 966 vel
1893 923 2029 977 arte,
2072 924 2131 969 ut
2167 918 2389 974 domum
2421 921 2714 990 aedificare,
2748 932 2801 977 et
2830 922 3069 992 similia;
3104 925 3187 979 vel
3232 942 3365 983 casu

1780 1019 1876 1058 seu
1905 1005 2151 1070 fortuito,
2180 1020 2238 1063 ut
2266 1010 2501 1081 lapidem
2531 1015 2815 1069 cadentem
2842 1016 3136 1071 verberare
3172 1034 3367 1089 quem-

1779 1094 1907 1149 dam
1942 1097 2026 1151 vel
2056 1098 2314 1167 plaudere
2336 1104 2595 1160 manibus
2633 1106 2718 1160 vel
2751 1108 2891 1162 echo
2918 1110 3189 1165 emittere.
3215 1109 3365 1166 Prae-

1780 1192 1925 1241 terea
1959 1189 2107 1244 aliud
2143 1200 2229 1246 est
2257 1204 2441 1263 agere,
2469 1197 2618 1266 quod
2650 1199 2918 1270 relinquit
2944 1203 3364 1271 postactionem

1778 1276 2053 1345 eﬁecwm,
2090 1284 2257 1338 veluti
2286 1297 2407 1353 post
2428 1288 2846 1345 aedificationem
2871 1292 3067 1349 domus
3090 1304 3364 1365 superest.

1778 1368 1925 1422 aliud
1990 1373 2135 1440 quod
2195 1375 2405 1430 nullum
2439 1378 2695 1436 eﬂ‘ectnm
2747 1393 2870 1450 post
2929 1400 2990 1439 se
3050 1387 3361 1457 relinquit;

1778 1467 2069 1528 postquam
2101 1464 2247 1518 enim
2279 1468 2489 1524 cithara
2554 1473 2883 1538 cecinimus,
2919 1478 3103 1533 nullus
3135 1479 3365 1536 effectus

1779 1551 1943 1620 hujus
1970 1558 2305 1623 operationis
2353 1562 2705 1632 relinquitur.
2738 1567 2932 1624 Adhuc
2963 1585 3126 1640 agere
3163 1574 3248 1627 vel
3279 1582 3365 1629 est

1778 1641 1832 1696 in
1864 1660 2096 1715 corpore
2128 1652 2210 1703 vel
2235 1650 2289 1703 in
2315 1652 2496 1707 anima
2534 1656 2615 1710 vel
2649 1656 2702 1710 in
2735 1659 3027 1728 utriusque
3081 1666 3364 1720 consortio

109 1739 157 1789 ἐν
177 1738 247 1807 τῷ
269 1741 666 1812 συναμφοτέρῳ
699 1742 776 1803 δὲ,
800 1742 876 1806 ὡς
901 1742 961 1795 τὸ
990 1740 1258 1809 ὑγιάζειν·
1286 1739 1380 1793 τοῦ
1406 1740 1672 1809 συνάμφω

1781 1736 1865 1790 vel
1894 1738 2039 1792 circa
2093 1756 2153 1793 ea
2203 1757 2325 1812 quae
2371 1756 2501 1800 sunt
2529 1749 2595 1801 ad
2631 1758 2785 1804 extra
2814 1768 2827 1804 :
2856 1752 2910 1806 in
2968 1756 3177 1818 anima,
3213 1759 3365 1813 velut

109 1829 201 1897 γὰρ
227 1829 375 1883 τοῦτο
401 1833 497 1884 καὶ
524 1831 651 1885 οὔτε
670 1832 768 1902 τῆς
787 1832 969 1903 ψυχῆς
993 1832 1117 1888 οὔτε
1145 1833 1255 1903 ίδίᾳ
1272 1831 1366 1885 τοῦ
1396 1829 1668 1901 σώματος·

108 1924 219 1989 περὶ
246 1922 298 1976 δὲ
337 1923 407 1977 τά
451 1925 614 1989 ἐκτὸς
637 1965 652 1990 ,
695 1925 773 1989 ὡς
818 1926 878 1979 τὸ
907 1926 1215 1987 πλουτίζειν
1249 1927 1342 1979 καὶ
1372 1925 1443 1978 τὰ
1486 1926 1668 1993 ὃμοια.

109 2015 213 2066 Ἔτι
241 2016 299 2067 τὸ
328 2020 507 2070 ποιεῖν
536 2017 569 2087 ἢ
606 2018 953 2072 τελειωτικὸν
983 2022 1133 2072 ἐστιν
1168 2018 1201 2089 ἢ
1230 2017 1552 2087 φθαρτικόν·
1580 2034 1671 2069 τε·

103 2101 362 2161 λειωτικὸν
393 2108 516 2177 μὲν,
550 2108 627 2172 ὼς
656 2110 718 2161 τὸ
754 2108 1004 2178 ὑγιάζειν
1030 2125 1043 2139 ⁸
1070 2109 1370 2178 φθαρτικὸν
1404 2106 1484 2169 δὲ,
1513 2105 1588 2169 ὡς
1612 2105 1673 2158 τὸ

102 2199 301 2269 νοσερὸν
344 2203 799 2272 παρασκευάζειν
840 2202 902 2255 τὸ
944 2203 1125 2272 σῶμα.
1162 2201 1281 2253 Ἔτι
1322 2199 1384 2252 τὸ
1421 2201 1594 2252 ποιεῖν
1637 2197 1671 2269 ἢ

100 2288 323 2344 τοιοῦτον
351 2292 644 2355 ἀποτελεῖ,
677 2290 898 2363 οἷόνπέρ
927 2294 1076 2345 ἐστιν
1103 2293 1280 2346 ἐκεῖνο
1298 2331 1313 2357 ,
1341 2289 1417 2353 ὡς
1458 2289 1518 2342 τὸ
1548 2288 1673 2359 θερ-

102 2384 272 2447 μαῖνον
298 2382 502 2452 θερμὸν
527 2383 560 2455 ἢ
586 2386 647 2437 ού
670 2384 933 2448 τοιοῦτον,
961 2382 1153 2453 ὥσπερ
1182 2382 1243 2435 τὸ
1260 2382 1456 2453 τέμνον
1476 2382 1667 2450 τομήν·

97 2471 139 2523 εί
163 2472 215 2524 δὲ
240 2472 414 2535 τοῦτο,
449 2477 737 2547 σύστοιχον
764 2477 821 2529 δέ
854 2478 971 2529 ἐστι
996 2475 1075 2546 τῷ
1102 2474 1347 2528 ποιοῦντι
1378 2473 1439 2527 τὸ
1476 2476 1668 2537 ποιεῖν,

96 2565 258 2619 καὶτὸ
295 2570 471 2621 ποιεῖν
497 2568 608 2637 ἄρα
637 2569 896 2637 τοιαύτην
924 2568 1037 2634 ἕξει
1066 2566 1355 2637 διαφοράν.

1781 1828 1978 1883 docere
2004 1830 2084 1885 vel
2110 1831 2399 1889 instituere
2436 1838 2677 1907 aliquem
2721 1842 2922 1898 virtute
2984 1846 3067 1900 vel
3095 1847 3227 1902 vitio
3257 1867 3272 1915 ;
3305 1849 3363 1905 in

1791 1926 2510 1993 corpore,_uteomburere,
2548 1947 2773 1998 SPCM‘e;
2822 1934 2875 1988 in
2910 1938 3199 2009 utriusque
3226 1956 3364 1996 con-

1784 2012 1959 2065 sortio
1981 2049 1995 2074 ,
2024 2021 2087 2065 ut
2137 2029 2334 2069 sanare
2367 2018 2496 2085 (hoc
2534 2022 2682 2074 enim
2716 2024 2781 2077 ad
2815 2034 3110 2097 utrumque
3130 2040 3362 2099 spectat,

1782 2114 1961 2169 neque
1997 2104 2226 2159 srorsim
2271 2109 2468 2163 anima:
2525 2124 2627 2179 est,
2674 2130 2852 2185 neque
2877 2122 3148 2191 corporis)
3176 2139 3191 2188 ;
3218 2123 3363 2178 circa

1779 2206 1842 2246 ea
1871 2208 1993 2262 quae
2039 2197 2105 2253 ad
2132 2209 2311 2264 extra,
2346 2210 2405 2256 ut
2428 2203 2651 2261 divitem
2673 2207 2851 2266 facere
2875 2222 2928 2267 et
2958 2213 3182 2269 similia.
3220 2215 3366 2271 Rur-

1780 2297 1901 2337 sum
1947 2300 2108 2354 agerc
2158 2289 2244 2343 vel
2278 2292 2638 2359 perfectivum
2698 2308 2782 2355 est
2835 2303 2918 2357 vel
2963 2308 3361 2377 corruptivum,

1778 2376 2164 2445 perfeclivum,
2197 2383 2366 2438 veluti
2421 2402 2659 2457 sanare;
2719 2396 3123 2465 corruptivum,
3195 2400 3363 2455 veluti

1780 2480 2042 2538 aegrotum
2074 2473 2306 2531 reddere
2338 2493 2561 2550 corpus.
2602 2484 2852 2556 Denique
2890 2506 3051 2559 agere
3077 2494 3161 2546 vel
3192 2494 3353 2551 talem

1786 2561 2038 2618 eli'ectum
2070 2565 2253 2633 efﬁcit,
2286 2572 2447 2639 quale
2483 2574 2615 2629 illud
2665 2576 2846 2646 ipsum
2904 2593 3009 2649 est,
3051 2593 3109 2639 ut
3156 2587 3363 2642 calefaa

95 2662 229 2719 ciens
267 2665 400 2729 facit
430 2668 702 2733 calidum,
738 2669 819 2722 vel
854 2685 960 2723 non
1022 2668 1211 2732 talem,
1238 2669 1382 2723 sicut
1429 2681 1628 2722 secans
1665 2665 2005 2727 sectionem;
2046 2663 2092 2715 si
2117 2679 2245 2720 vero
2273 2667 2345 2720 ita
2376 2678 2482 2732 est,
2509 2673 2847 2741 respondens
2880 2692 3009 2731 vero
3068 2689 3155 2733 est
3221 2692 3366 2738 actio

93 2762 280 2827 agenti,
334 2779 471 2835 ergo
507 2780 672 2834 agere
696 2780 917 2833 quoque
968 2765 1215 2819 eamdem
1268 2763 1628 2819 differentiam
1672 2759 1912 2813 habebit.

157 2851 221 2922 β’.
265 2857 616 2928 Ἐπιδέχεται
669 2859 725 2910 δὲ
772 2859 835 2911 τὸ
886 2861 1061 2911 ποιεῖν
1104 2858 1165 2911 τὸ
1220 2860 1422 2928 μᾶλλον
1466 2857 1562 2910 καὶ
1609 2856 1670 2908 τὸ

87 2938 266 3012 ἦττον·
307 2946 637 3017 θερμαίνειν
667 2947 776 3018 γὰρ
806 2947 922 3000 ἐστι
956 2949 1157 3018 μᾶλλον
1193 2949 1287 3002 καὶ
1333 2943 1495 3017 ἦττον
1518 2963 1533 2977 °
1573 2947 1669 2999 καὶ

87 3034 265 3106 ψύχειν
308 3038 583 3102 ὡσαύτως
605 3056 619 3069 ·
649 3040 752 3092 οὐκ
778 3040 870 3092 ἐπὶ
906 3042 1039 3093 πᾶσι
1068 3040 1126 3094 δέ
1154 3040 1311 3093 τοῦτο
1338 3039 1623 3109 συμϐαίνει
1652 3057 1664 3069 ·

84 3128 173 3179 οὐκ
199 3129 315 3183 ἔστι
347 3132 462 3201 γὰρ
497 3132 803 3202 οἰκοδομεῖν
847 3132 1049 3203 μᾶλλον
1084 3133 1191 3185 καὶ
1235 3127 1420 3205 ἦττον,
1457 3132 1666 3202 βέλτιον

87 3223 258 3291 μέντοι
291 3225 324 3295 ἢ
359 3229 553 3296 χεῖρον
586 3226 736 3279 ἐστιν
780 3227 1106 3296 οἰκοδομεῖν.
1144 3226 1407 3298 Δεύτερον
1447 3226 1503 3280 δὲ
1537 3226 1667 3279 ἴδιον

79 3314 165 3367 τοῦ
193 3320 369 3369 ποιεῖν
395 3317 461 3369 τὸ
492 3316 641 3386 ἔχειν
665 3318 1019 3387 ἐναντιότητα
1039 3335 1052 3347 ·
1097 3318 1193 3371 καὶ
1217 3318 1326 3388 γάρ
1351 3318 1410 3370 τὸ
1438 3316 1666 3388 θερμαί-

82 3423 184 3460 νειν
239 3412 495 3465 ἐναντίον
548 3410 667 3463 ἐστὶ
718 3412 795 3482 τῷ
841 3412 1056 3482 ψύχειν,
1099 3413 1194 3465 καὶ
1256 3412 1316 3465 τὸ
1370 3411 1560 3465 λυπεῖν
1588 3410 1666 3483 τῷ

78 3499 281 3567 ἡδύνειν
304 3519 317 3533 ο
338 3503 448 3557 οὐκ
482 3505 581 3556 ἐπὶ
612 3502 827 3555 πολλῶν
856 3503 914 3555 δὲ
946 3503 1105 3556 τοῦτο
1129 3503 1428 3574 συμϐαῖνον
1459 3502 1557 3555 ἴδοι
1582 3520 1667 3565 τις

76 3590 165 3642 ἄν·
200 3593 279 3664 τῷ
309 3594 425 3667 γὰρ
467 3595 697 3663 τέμνειν
736 3594 768 3665 ἢ
800 3594 976 3647 καίειν
1081 3597 1191 3659 τοῖς
1225 3595 1486 3657 τοιούτοις
1514 3593 1667 3647 οὐδέν

72 3683 209 3737 ἐστιν
237 3687 520 3743 ἐναντίον.
556 3687 750 3758 Τρίτον
781 3688 912 3741 ἴδιον
942 3689 999 3741 τὸ
1029 3686 1231 3757 ὁμοίως
1272 3687 1530 3754 λέγεσθαι
1571 3686 1668 3739 καὶ

70 3773 335 3844 ἀνομοίως
357 3794 372 3809 ·
411 3779 622 3849 ὁμοίως
659 3780 767 3850 γάρ
799 3778 1117 3849 θερμαίνειν
1149 3778 1385 3848 λέγομεν
1438 3777 1533 3830 καὶ
1568 3777 1666 3829 ἀν-

70 3865 294 3934 ομοίως,
331 3869 434 3921 καὶ
469 3868 721 3936 ὑγιάζειν
771 3868 974 3937 ὁμοίως
1006 3866 1099 3919 καὶ
1124 3864 1412 3936 ἀνομοίως,
1474 3864 1566 3917 καὶ
1588 3864 1670 3915 οἰ·-

68 3956 313 4026 κοδομεῖν
344 3962 565 4030 ὁμοίως
595 3961 689 4012 καὶ
717 3958 992 4029 ἀνομοίως
1050 3957 1146 4011 καὶ
1169 3956 1357 4027 σχεδὸν
1389 3955 1555 4009 παντὶ
1592 3953 1670 4025 τῷ

68 4053 235 4103 ποιεῖν
267 4051 592 4123 ἐφαρμόζει
641 4052 798 4104 τοῦτο
834 4051 892 4104 τὸ
932 4051 1061 4104 ἴδιον
1082 4067 1098 4081 ·
1133 4050 1183 4102 εἰ
1241 4051 1337 4100 καὶ
1371 4047 1447 4119 μὴ
1480 4047 1627 4118 μόνῳ
1650 4060 1667 4076 ⁸

67 4141 297 4211 ἁρμόζει
349 4147 472 4215 γὰρ
514 4146 609 4197 καὶ
641 4144 719 4213 τῷ
750 4148 1001 4213 πάσχειν.
1040 4141 1311 4212 Τέταρτον
1342 4139 1473 4193 ἴδιον
1501 4138 1560 4192 τὸ
1595 4137 1672 4209 μὴ

65 4234 184 4286 καθ’
214 4236 315 4288 ἕνα
339 4238 558 4307 τρόπον
590 4236 892 4303 ἀνάγεσθαι
917 4235 984 4286 τὰ
1018 4234 1109 4287 ὑπ’
1135 4233 1304 4305 αὐτὴν
1335 4233 1668 4300 ἀναγόμενα⁸

60 4329 115 4379 τὸ
166 4328 269 4396 μὲν
311 4331 434 4399 γὰρ
494 4327 1096 4399 θερμαίνειν,πρώτως
1148 4325 1411 4395 ἀνάγεται
1460 4324 1566 4377 ὑπὸ
1610 4322 1672 4375 τὸ

60 4422 232 4472 ποιεῖν
265 4423 369 4474 xal.
402 4422 531 4473 ἐστι
561 4419 625 4490 δὴ
674 4420 882 4491 κυρίως
936 4421 1109 4470 ποιεῖν
1129 4435 1144 4450 ο
1197 4417 1258 4470 τὸ
1287 4418 1345 4471 δὲ
1378 4418 1670 4488 θερμαῖνον

54 4513 363 4581 ἀνάγεσθαι
394 4512 626 4580 λέγεται
656 4512 761 4564 ὑπὸ
789 4512 851 4564 τὸ
880 4514 1079 4573 ποιεῖν,
1104 4511 1185 4563 ὅτι
1216 4509 1449 4579 πρώτως
1476 4509 1580 4563 ὑπὸ
1607 4510 1668 4562 τὸ

1846 2858 1901 2907 ‘2.
1948 2858 2197 2911 Admittit
2226 2868 2403 2912 autem
2439 2875 2599 2930 agere
2643 2863 2817 2933 magis
2842 2874 2895 2919 et
2933 2867 3110 2923 minus
3142 2888 3155 2936 ;
3219 2872 3365 2929 cale-

1777 2945 1957 3002 facere
1984 2952 2128 3003 enim
2160 2952 2368 3020 aliquid
2397 2963 2575 3021 potest
2619 2957 2792 3025 magis
2820 2958 2901 3013 vel
2952 2961 3158 3028 minus,
3199 2976 3253 3019 et
3286 2966 3363 3021 sia

1776 3041 1979 3094 militrr
2010 3042 2353 3115 refrigerare.
2387 3044 2504 3101 Non
2539 3063 2672 3102 vero
2708 3049 2762 3103 in
2787 3053 3048 3110 onmibus
3099 3057 3202 3112 hoc
3231 3075 3362 3115 eve-i

1778 3132 1894 3198 nit;
1923 3151 2046 3188 nam
2076 3137 2218 3191 haud
2250 3146 2429 3206 potest
2450 3139 2576 3209 quis
2613 3140 2891 3197 aedificare
2926 3145 3152 3202 domum
3187 3153 3362 3223 magis

1773 3232 1824 3277 et
1868 3226 2071 3292 minus,
2109 3229 2308 3285 melius
2342 3240 2522 3285 tamen
2557 3240 2612 3287 et
2663 3234 2819 3303 pejus
2846 3237 3116 3295 aediﬁcare
3154 3253 3356 3311 potest.

1765 3318 1951 3372 Altera
1976 3323 2283 3391 proprietas
2310 3324 2545 3380 actionis
2564 3332 2670 3386 est,
2696 3328 2843 3397 quod
2871 3329 3359 3391 habetcontrarie—

1768 3420 1930 3465 tatem
1958 3431 1973 3479 ;
2006 3430 2131 3468 nam
2159 3415 2456 3471 calefacere
2482 3429 2531 3472 et
2569 3417 2888 3489 frigefacere
2905 3424 3183 3480 contraria
3205 3437 3360 3494 sunt,

1769 3518 1833 3557 ac
1868 3506 2070 3570 pariter
2094 3509 2413 3563 contristari
2443 3520 2496 3565 et
2548 3510 2881 3569 exhilarare.
2916 3513 3033 3570 Non
3061 3516 3115 3570 in
3174 3520 3361 3577 multis

1773 3610 1906 3649 vero
1938 3596 1988 3650 id
2024 3600 2244 3653 evenire
2267 3602 2390 3671 quis
2420 3611 2610 3656 cernet
2642 3620 2656 3667 ;
2692 3619 2818 3658 nam
2852 3622 3041 3662 secare
3083 3613 3165 3665 vel
3199 3629 3360 3669 urere

1773 3687 1858 3738 vel
1897 3686 2095 3742 similia
2124 3690 2258 3743 nihil
2291 3691 2492 3746 habent
2514 3695 2877 3750 contrarium.
2913 3694 3095 3755 Tertia
3116 3706 3362 3774 proprie-

1774 3785 1861 3831 tas
1893 3780 2127 3834 actionis
2171 3789 2277 3849 est,
2312 3785 2460 3853 quod
2497 3784 2664 3840 simili
2717 3795 2772 3841 et
2803 3788 3058 3845 dissimili
3088 3797 3252 3849 modo
3276 3798 3360 3851 (Ιίά

1776 3869 1962 3937 εἰιυι·;
2017 3871 2274 3928 similiter
2322 3875 2469 3930 enim
2503 3877 2807 3933 calefacere
2843 3881 3078 3938 dicimus
3113 3894 3169 3939 et
3198 3888 3360 3943 dissi-

1772 3961 2001 4029 militer,
2035 3973 2090 4017 et
2130 3980 2328 4020 Sanum
2367 3969 2598 4023 reddere
2630 3971 2885 4027 similiter
2908 3983 2961 4029 et
2993 3976 3358 4045 dissimiliter,

1772 4062 1827 4107 et
1855 4053 2076 4109 domum
2105 4058 2377 4114 mdificare
2408 4061 2662 4117 similiter
2678 4072 2732 4117 et
2762 4065 3135 4130 dissimiliter;
3170 4078 3223 4124 ct
3246 4071 3363 4127 fere

1775 4148 1924 4200 omni
1953 4150 2156 4204 actioni
2192 4151 2307 4207 haec
2331 4154 2639 4224 proprietas
2656 4158 2937 4221 convenit,
2965 4159 3067 4214 etsi
3099 4175 3209 4215 non
3234 4164 3358 4229 soli;

1776 4254 1903 4293 nam
1946 4244 2203 4298 convenit
2241 4261 2466 4317 quoque
2505 4249 2772 4318 passioni.
2807 4249 3015 4316 Quarta
3045 4256 3359 4323 proprietas

1775 4344 1879 4398 est,
1920 4336 2066 4404 quod
2098 4353 2204 4390 non
2229 4340 2529 4394 secundum
2562 4356 2731 4395 unum
2751 4342 2973 4398 modum
3001 4345 3067 4399 ad
3091 4349 3360 4419 actionem

1777 4424 2095 4482 referuntur
2124 4446 2185 4485 ea
2216 4447 2338 4500 qua:
2382 4434 2449 4487 ad
2485 4434 2630 4487 illam
2657 4436 3018 4492 reducuntur.
3052 4438 3363 4496 Calefacere

1780 4519 1927 4573 enim
1955 4522 2217 4590 primario
2238 4526 2341 4580 sub
2357 4525 2626 4581 actionem
2652 4529 2935 4582 reducitur
2958 4540 3012 4584 et
3037 4540 3120 4586 est.
3149 4535 3364 4602 proprie

53 4605 242 4658 ποιοῦν
295 4605 582 4672 ἀνάγεται
612 4644 627 4670 ,
662 4603 799 4672 ὅπερ
832 4604 950 4656 ἐστὶ
994 4603 1277 4673 σύστοιχον
1311 4602 1407 4655 τοῦ
1448 4606 1623 4656 ποιεῖν
1652 4618 1666 4632 °

1780 4626 1974 4683 agerc;
2010 4616 2338 4673 calcfaciens
2358 4635 2491 4673 vero
2522 4620 2587 4674 ad
2611 4622 2885 4677 actionem
2920 4624 3107 4678 reduci
3137 4626 3361 4691 dicitur,

52 4694 326 4761 ὡσαύτως
355 4698 422 4751 δὲ
450 4697 553 4750 καὶ
583 4697 643 4749 τὸ
672 4695 953 4767 θερμῆναν
975 4694 1088 4766 (22)
1116 4695 1413 4763 ἀνάγεσθαι
1453 4696 1672 4763 λέγεται

46 4787 149 4841 ὑπὸ
181 4792 247 4845 τὸ
280 4793 481 4845 ποιεῖν
501 4829 516 4854 ,
551 4790 633 4843 ὅτι
669 4790 774 4842 ὑπὸ
822 4791 884 4842 τὸ
934 4790 1171 4859 ποιῆσαν
1202 4789 1433 4860 πρώτως
1462 4790 1668 4858 ἀνάγε-

39 4898 151 4947 ται,
187 4884 218 4936 ὃ
252 4884 361 4937 καὶ
397 4881 546 4936 αὐτὸ
596 4881 880 4951 σύστοιχον
909 4882 1027 4933 ἐστι
1060 4880 1156 4934 τοῦ
1207 4882 1415 4934 ποιεῖν·
1444 4883 1538 4935 καὶ
1572 4883 1668 4935 ἐπὶ

39 4972 144 5025 τῶν
199 4976 399 5029 ἄλλων
461 4972 763 5038 ὡσαύτως·
807 4974 901 5026 καὶ
947 4972 1093 5043 ἔχεις
1124 4971 1375 5026 ἐντεῦθεν
1416 4972 1475 5025 ἐν
1505 4973 1666 5045 πορί-

39 5083 255 5135 σματος
325 5068 538 5139 μοίρᾳ,
595 5068 676 5120 ὅτι
738 5067 798 5119 ού
841 5064 1280 5137 κατηγοροῦνται
1331 5065 1549 5128 πάντως
1609 5066 1664 5119 αῖ

37 5160 392 5230 κατηγορίαι
450 5157 534 5219 ὡς
578 5158 648 5210 τὰ
684 5158 816 5228 γένη
848 5158 944 5210 καὶ
976 5156 1236 5225 τά“εῖδη·
1271 5156 1396 5209 ἐπεὶ
1431 5156 1558 5219 ,πῶς
1595 5156 1663 5212 ἂν

33 5246 147 5305 οἷόν
179 5269 245 5305 τε
346 5251 551 5318 λέγειν
579 5251 639 5303 τὸ
689 5249 983 5320 θερμαῖνον
1015 5249 1111 5302 καὶ
1138 5249 1198 5301 τὸ
1243 5248 1527 5318 θερμῆναν
1555 5248 1661 5301 ὑπὸ

33 5341 94 5393 τὸ
126 5346 317 5395 ποιεῖν
352 5340 712 5407 ἁνάγεσθαις
758 5341 839 5393 ὅτι
870 5340 927 5394 δὲ
957 5340 1062 5392 ὑπὸ
1104 5338 1313 5409 ταύτην
1362 5339 1659 5408 ἀνάγονται

25 5435 125 5503 τὴν
179 5432 559 5504 κατηγορίαν
625 5434 693 5486 τά
744 5432 1012 5503 εἰρημένα
1040 5472 1056 5497 ,
1104 5432 1262 5503 δῆλον
1310 5432 1662 5502 προχειριζο-

29 5532 182 5599 ιιένῳ
219 5528 331 5591 τὰς
368 5524 556 5588 ἄλλας
581 5526 916 5596 κατηγορίας
942 5542 953 5553 ·
990 5526 1052 5578 τὸ
1076 5523 1185 5597 γὰρ
1217 5526 1509 5597 θερμαῖνον
1532 5522 1658 5579 οὔτε

1778 4704 1907 4771 quia
1958 4706 2143 4774 primo
2195 4708 2262 4762 ad
2293 4724 2462 4779 agens
2499 4709 2754 4778 refertur,
2817 4712 2966 4781 quod
3019 4715 3223 4769 actioni
3276 4724 3364 4769 est

1771 4798 2112 4865 respondens
2169 4799 2339 4870 (quod
2396 4804 2605 4871 pariter
2674 4805 2728 4859 in
2778 4807 2969 4859 eodem
3022 4814 3108 4861 est
3158 4823 3360 4877 genere

1774 4897 1939 4957 atque
1969 4891 2138 4961 actio)
2172 4908 2188 4946 :
2217 4888 2311 4948 sic'
2336 4896 2544 4964 pariter
2584 4896 2637 4951 id
2675 4897 2821 4969 quod
2868 4897 3118 4953 calefecit
3159 4900 3356 4955 referri

1772 4979 1975 5035 dicitur
2005 4982 2071 5035 ad
2107 4999 2291 5054 agere,
2325 4986 2457 5055 quia
2492 4988 2766 5057 primario
2795 4988 2865 5045 ad
2896 4989 2949 5044 id
2975 4991 3115 5061 quod
3148 4993 3255 5063 egit
3278 5009 3362 5048 re-

1768 5070 1964 5136 fertur,
2006 5076 2152 5143 quod
2186 5085 2241 5131 et
2298 5077 2477 5147 ipsum
2512 5081 2853 5150 respondens
2883 5091 2967 5138 est
2988 5082 3059 5138 ad
3075 5098 3272 5155 agere;
3309 5095 3364 5139 et

1774 5163 1856 5217 sic
1880 5166 2086 5232 pariter
2124 5168 2177 5221 in
2202 5171 2442 5227 caeteris.
2474 5170 2715 5229 “Exinde
2752 5174 2925 5230 habes
2962 5176 3139 5231 instar
3167 5176 3350 5230 corol-

1772 5252 1917 5319 larii,
1951 5258 2096 5327 quod
2128 5260 2274 5317 haud
2307 5263 2679 5331 praedicantur
2719 5268 2952 5321 omnino
2978 5268 3271 5337 categorias
3300 5276 3361 5321 ut

1768 5361 1969 5416 genera
1995 5360 2050 5405 et
2078 5355 2313 5422 species;
2331 5356 2776 5427 quandoquidem
2805 5361 3087 5429 quomodo
3106 5359 3362 5415 tunc-dici

1769 5451 1974 5509 posset,
2036 5444 2089 5498 id
2124 5449 2268 5516 quod
2310 5448 2559 5505 calefacit
2581 5451 2665 5505 vel
2685 5452 2934 5509 calefecit
2966 5454 3034 5508 ad
3081 5468 3241 5523 agere
3272 5467 3362 5506 re-

1768 5528 1927 5587 ferri?
1954 5538 2097 5605 quod
2118 5555 2244 5594 vero
2270 5540 2335 5596 ad
2360 5541 2847 5617 hanccalegoriam
2880 5545 3194 5601 referuntur
3222 5560 3357 5615 prae-

1603 5639 1839 5703 NOTIE.

99 5717 223 5787 (2‘2)
267 5714 409 5770 Vat.
455 5712 758 5783 θερμᾶναν.
809 5714 903 5783 Δρ.
935 5714 1230 5786 θερμῆναν.

408 5811 691 5872 Parnm”
731 5813 848 5871 (in.
904 5814 997 5873 Cl.

2931 5816 3006 5877 26
