3826 6206
154 213 166 230 ’
202 205 313 268 805

1105 202 1200 264 AD
1235 203 1829 265 AMPHILOCIIIUM
1865 204 2213 278 QU/ESTIO
2246 207 2490 282 CXLIV,
2527 208 2744 271 CXLV.

3373 198 3480 270 806

202 315 261 366 δὲ
288 311 528 385 πρώτως
550 313 630 377 εἰς
655 313 772 385 εἴδη
807 312 888 381 ἒξ,
909 313 987 378 εἷς
1017 331 1076 367 τε
1108 314 1168 367 τὸ
1193 316 1303 369 ἄνω
1327 311 1469 368 εἶναι
1503 317 1596 370 καὶ
1621 309 1793 385 κάτω,

1910 316 1957 372 in
1988 320 2200 388 species
2231 335 2349 386 sex,
2370 319 2623 376 videlicet
2645 321 2698 374 in
2724 335 2888 390 supra
2928 336 3052 377 esse
3081 329 3136 376 et
3161 319 3303 376 infra
3335 329 3479 385 esse,

200 403 356 477 δεξιᾷ
401 422 462 457 τε
513 407 608 458 καὶ
661 405 966 475 ἀριστερᾷ,
1024 401 1330 476 ἔμπροσθεν
1386 407 1476 460 καὶ
1523 407 1785 460 ὄπισθεν·

199 495 440 549 ’ἑκαστον
469 496 526 549 δὲ
559 495 766 549 τούτων
797 497 829 567 ἣ
863 498 1052 567 πόρρω
1094 500 1240 550 ἐστὶν
1275 498 1306 570 ἥ
1340 498 1537 567 ἐγγύς·
1571 499 1650 552 ἔτι
1677 496 1731 552 δὲ
1757 500 1790 568 ἦ

202 591 261 642 ἐν
291 589 496 660 πρώτῳ
530 589 564 659 ἦ
597 591 654 642 ἐν
685 587 922 660 δευτέρῳ
943 605 956 619 ⁸
993 589 1136 657 λέγω
1176 589 1232 642 δὲ
1257 591 1315 642 ὲν
1349 589 1549 661 πρώτῳ
1589 591 1688 661 μὲν
1716 589 1794 645 εἷ·-

201 696 294 732 ναι
324 679 388 731 τὸ
424 679 608 748 σῶμα,
647 679 777 733 ὅταν
817 681 875 732 ἐν
908 682 1007 752 ῖσῳ
1034 683 1184 752 τόπῳ
1220 681 1386 734 αὐτοῦ
1417 679 1474 754 ᾖ,
1511 684 1604 735 xal.
1634 685 1709 755 μὴ
1735 685 1793 738 ὲν

206 771 420 841 μείζονι
455 771 882 843 περιεχόμενον·
934 774 994 825 ὲν
1028 772 1267 844 δευτέρῳ
1307 774 1383 841 δὲ,
1418 775 1549 828 ὅταν
1583 778 1639 830 ἐν
1672 776 1793 849 μεί-

203 863 357 927 ζονι·
398 863 533 915 καθό
580 880 762 932 φαμεν
797 863 845 916 εἰ
876 864 1030 934 τύχοι
1059 865 1150 916 τὸν
1186 865 1485 937 Σωκράτην
1515 869 1574 920 ὲν
1607 870 1672 940 τῇ
1712 871 1794 922 οἰ-

206 954 307 1024 κίᾳ
337 949 479 1007 εἶναι
509 954 541 1026 ἢ
587 958 646 1008 ὲν
686 958 751 1026 τῇ
797 955 971 1010 πόλει.
1006 957 1127 1009 Ἔτι
1161 957 1254 1010 τοῦ
1288 957 1392 1011 ποῦ
1439 960 1625 1025 ίδικῶς
1651 961 1796 1033 λαμ-

208 1046 518 1117 ϐανομένου
572 1047 634 1098 τὸ
687 1048 790 1118 μὲν
846 1048 1012 1101 αὐτοῦ
1065 1048 1226 1117 φύσει
1269 1050 1514 1119 λέγεται,
1556 1054 1692 1125 ὅπερ
1733 1055 1796 1108 τὸ

209 1139 346 1192 αὐτὸ
382 1139 470 1192 ἀεὶ
503 1141 728 1204 νοεῖται,
773 1134 886 1194 οἷον
929 1141 988 1193 τὸ
1021 1141 1112 1193 τὸν
1153 1142 1380 1212 οὐρανὸν
1414 1145 1527 1199 ἄνω
1569 1144 1707 1200 εἶναι
1748 1137 1797 1218 (ὅ

207 1233 322 1304 γὰρ
350 1237 514 1298 τόπος
540 1233 708 1287 αὑτοῦ
727 1235 862 1304 πρὸς
889 1235 947 1288 έν
979 1236 1044 1304 γέ
1070 1254 1123 1290 τι
1153 1239 1487 1308 τεταγμένος
1515 1240 1629 1312 (26)
1646 1242 1798 1297 κάτω

205 1325 434 1394 λέγεται
474 1327 656 1396 μόνον,
690 1328 836 1396 λέγω
864 1327 930 1397 δὴ
959 1328 1095 1398 πρὸς
1119 1328 1213 1382 τὸν
1247 1329 1346 1397 τῆς
1380 1333 1485 1402 γῆς
1517 1332 1677 1402 μόνον
1703 1335 1795 1387 τό-

207 1419 370 1488 πον)·
408 1419 441 1489 ἢ
485 1419 547 1471 οὐ
597 1419 801 1487 φύσει,
834 1419 971 1472 ἀλλὰ
1001 1420 1146 1472 κατὰ
1193 1421 1565 1492 συμϐεϐηκὸς,
1615 1424 1690 1488 ὡς
1736 1425 1798 1478 τὸ

207 1511 352 1572 ζῶον
402 1512 514 1565 ἄνω
544 1511 799 1578 λέγεσθαι
830 1512 970 1566 κατὰ
1007 1513 1108 1584 τὴν
1140 1512 1232 1566 τοῦ
1261 1514 1412 1567 οἴκου
1441 1516 1674 1588 ὀροφήν·
1707 1516 1799 1568 δύ-

205 1617 371 1651 ναται
411 1599 520 1670 γὰρ
552 1600 729 1653 ταῦτα
759 1601 872 1672 (27)
905 1603 998 1655 καὶ
1023 1603 1136 1656 ἄνω
1162 1603 1424 1672 λέγεσθαι
1474 1608 1571 1659 καὶ
1624 1607 1793 1672 κάτω,

202 1691 347 1761 πρὸς
375 1691 502 1744 ἄλλο
531 1693 720 1763 μέντοι
752 1695 850 1747 καὶ
886 1695 1014 1748 ἄλλο
1045 1695 1456 1766 λαμϐανόμενα.

1899 409 1964 462 ad
1990 409 2268 465 dexteram
2298 420 2350 465 et
2372 411 2439 465 ad
2465 409 2676 476 laevam,
2715 419 2838 466 ante
2853 421 2908 466 et
2931 422 3079 466 retro
3106 411 3253 482 (ante
3277 411 3482 480 aliquid

1899 509 2012 560 eta
2045 513 2197 573 tergo
2244 503 2544 575 alicujus);
2604 504 3034 576 unumquodque
3103 517 3235 560 vero
3293 510 3488 559 eorum

1901 604 1999 650 aut
2020 595 2210 665 procul
2242 596 2502 668 (eminus)
2532 604 2629 650 aut
2663 611 2831 666 prope
2859 595 3156 667 (cominus)
3187 605 3292 651 est.
3340 594 3486 650 Prae-

1903 696 2051 742 terea
2080 699 2164 744 est
2193 689 2279 742 vel
2318 688 2372 743 in
2404 689 2584 759 primo
2609 689 2695 744 vel
2740 691 2793 742 in
2826 690 3066 744 Secundo
3102 707 3117 755 ;
3154 690 3278 744 dico
3301 699 3483 743 autem

1903 780 1957 834 in
1993 782 2173 851 primo
2223 797 2347 836 esse
2397 798 2620 851 corpus,
2681 783 2906 851 quando
2962 783 3017 835 in
3067 783 3188 837 loco
3237 791 3322 837 e'st
3381 782 3485 852 ipsi

1904 873 2122 943 aequali,
2151 889 2251 928 nec
2283 873 2336 927 in
2392 874 2588 943 majuri
2642 887 2696 929 et
2743 873 2998 941 ampliori
3041 884 3357 929 contentum
3385 891 3401 941 ;
3429 876 3486 929 in

1903 967 2144 1020 secundo
2184 981 2334 1028 vero,
2365 967 2584 1034 quando
2625 967 2679 1021 in
2699 967 2972 1037 ampliori,
3004 968 3306 1021 secundum
3341 966 3488 1038 qtlod

1905 1058 2165 1122 dicimus,
2189 1060 2422 1128 exempli
2445 1060 2642 1129 gratia,
2674 1059 2957 1114 Socratem
2985 1060 3039 1114 in
3073 1060 3240 1114 domn
3260 1075 3382 1114 esse
3404 1060 3488 1114 vel

1907 1149 1960 1203 in
2019 1151 2174 1205 urbe.
2221 1151 2416 1205 Adhuc
2463 1151 2554 1205 ubi
2604 1153 2828 1222 proprie
2885 1162 2940 1207 et
2989 1154 3219 1208 seorsim
3279 1167 3376 1222 per
3432 1167 3492 1207 se

1905 1251 2182 1311 sumptum
2202 1243 2284 1297 vel
2306 1243 2608 1300 secundum
2627 1254 2878 1300 naturam
2894 1245 3116 1313 dicitur,
3137 1246 3284 1315 quod
3298 1246 3492 1300 eodem

1905 1347 2123 1402 semper
2160 1333 2322 1387 modo
2397 1333 2739 1401 intelligitur,
2788 1336 2939 1389 velut
2981 1337 3027 1390 si
3059 1337 3234 1399 dicas.
3291 1338 3493 1391 coelum

1906 1438 2027 1478 esse
2069 1439 2268 1494 supra;
2317 1424 2470 1479 locus
2515 1426 2660 1479 enim
2686 1426 2805 1494 ejus
2832 1426 2899 1480 ad
2943 1443 3115 1480 unum
3149 1427 3371 1495 quidem
3403 1426 3496 1479 ali-

1908 1515 2038 1585 quid
2083 1518 2387 1573 Ordinatus
2444 1517 2593 1573 inl‘ra
2624 1520 2889 1574 duntaxat
2929 1520 3135 1574 dicitur
3167 1534 3331 1586 esse;
3368 1521 3494 1575 dico

1911 1619 2093 1664 autem
2139 1610 2206 1664 ad
2244 1618 2402 1663 terra:
2428 1610 2603 1664 solum
2654 1611 2872 1677 locum;
2904 1612 2988 1665 vel
3025 1619 3134 1666 non
3185 1610 3494 1666 secundum

1828 1697 1872 1750 Β
1902 1713 2181 1770 naturam,
2219 1719 2408 1758 verum
2439 1704 2742 1759 secundum
2782 1706 3080 1772 accidens;
3116 1722 3168 1759 v.
3208 1721 3260 1775 g.
3287 1703 3496 1759 animal

202 1795 376 1856 supra
409 1802 533 1841 esse
567 1789 769 1842 dicitur
787 1791 914 1859 quia
933 1799 1015 1844 est
1047 1791 1100 1845 in
1144 1802 1288 1847 tecto
1321 1793 1794 1851 domus.Possunt
1830 1798 1976 1853 enim
2013 1800 2130 1854 haec
2162 1808 2218 1854 et
2244 1814 2412 1869 supra
2458 1807 2512 1853 et
2551 1797 2694 1852 infra
2738 1814 2862 1853 esse
2901 1799 3030 1862 dici,
3097 1801 3163 1853 ad
3198 1800 3344 1854 aliud
3413 1810 3496 1853 ta-

202 1893 332 1933 men
350 1889 404 1934 et
434 1880 578 1935 aliud
609 1893 848 1951 sumpta.

281 1976 348 2047 β’.
390 1978 548 2031 Ἔστι
603 1978 662 2031 δὲ
713 1979 820 2033 ἴδια
854 1980 950 2033 τοῦ
987 1979 1091 2034 ποῦ
1141 1982 1233 2034 τὸν
1277 1983 1510 2055 ἀριθμὸν
1550 1985 1710 2057 τρίαο
1745 1986 1805 2040 ἓν

215 2067 320 2138 μὲν
358 2068 418 2121 τὸ
450 2069 889 2141 προσσημαίνειν
923 2071 1034 2142 (28)
1063 2073 1257 2126 τόπονο
1287 2075 1347 2128 τὸ
1375 2076 1483 2147 γὰρ
1516 2077 1628 2131 ἄνω
1659 2074 1804 2132 εἶναι

208 2161 334 2213 ἐστὶ
365 2161 464 2230 μὲν
491 2161 701 2233 κυρίως
745 2162 838 2216 τοῦ
877 2164 989 2233 (2m
1038 2164 1143 2217 ποῦ
1181 2161 1346 2232 εἶναι,
1401 2169 1804 2240 προσσημαίνει

209 2255 269 2308 δὲ
295 2256 460 2309 τόπον
484 2255 627 2320 τινὰ,
653 2256 798 2326 λέγω
833 2257 898 2327 δὴ
926 2257 1020 2311 τὸν
1056 2259 1170 2313 ἄνω
1201 2259 1368 2312 τόπον
1390 2275 1404 2290 ο
1448 2261 1610 2313 παντὶ
1634 2261 1692 2314 δὲ
1725 2261 1805 2332 τῷ

211 2348 346 2401 εῖδει
399 2349 636 2419 ὑπάρχει
672 2350 830 2403 τοῦτο
880 2351 942 2403 τὸ
977 2351 1108 2404 ἴδιον
1128 2369 1142 2382 ⁵
1173 2351 1428 2424 δεύτερον
1456 2353 1512 2405 δὲ
1540 2353 1601 2406 τὸ
1632 2371 1806 2424 προσ-

215 2443 510 2513 σημαίνειν
543 2444 732 2514 σχέσιν
765 2445 1035 2515 τοπικήν·
1089 2445 1243 2516 διττὴ
1276 2445 1332 2497 δὲ
1361 2450 1392 2516 ή
1425 2447 1625 2516 τοπικὴ
1676 2446 1801 2516 σχέ-

212 2549 336 2597 σις’
363 2537 399 2606 ἦ
433 2553 492 2588 τε
525 2537 634 2607 γὰρ
659 2537 966 2607 ὲμπεριοχὴ
997 2536 1110 2606 (50)
1144 2536 1239 2589 τοῦ
1269 2536 1542 2606 σώματος,
1580 2538 1704 2591 καθ’
1736 2539 1803 2610 ἣν

210 2628 649 2699 ὲμπεριέχεσθαι
673 2629 914 2698 λέγεται,
944 2631 1130 2702 σχέσις
1160 2630 1226 2684 ἂν
1251 2630 1336 2700 εἴη
1374 2631 1607 2704 τοπικὴ,
1643 2632 1738 2685 καὶ
1769 2634 1802 2704 ἠ

211 2722 446 2791 περιοχὴ
485 2721 579 2774 τοῦ
629 2723 819 2786 τόπου,
871 2723 995 2778 καθ’
1041 2724 1110 2795 ἦν
1159 2725 1438 2795 περιέχειν
1481 2724 1701 2791 λέγεται
1741 2725 1804 2778 τὸ

211 2811 396 2881 σῶμα,
423 2812 627 2883 ὁμοίως
646 2830 659 2845 ο
690 2814 874 2885 διττῆς
900 2810 1012 2879 οὖν,
1046 2815 1122 2878 ὡς
1157 2815 1398 2886 εἴρηται,
1446 2814 1548 2885 τῆς
1571 2815 1803 2886 τοπικῆς

211 2904 640 2976 λαμϐανομένης
685 2906 926 2976 σχέσεως
970 2907 1262 2978 ἀμφότερα
1295 2907 1395 2977 μὲν
1423 2906 1599 2960 ταῦτα
1627 2923 1802 2977 προσ-

213 2996 584 3066 σημαίνονται
614 2998 719 3050 ὑπὸ
744 2998 842 3068 τῆς
875 2997 1019 3070 [τοῦ]
1050 2998 1154 3052 ποῦ
1191 2999 1562 3070 κατηγορίας*
1602 2997 1802 3069 μᾶλλον

210 3090 272 3143 δὲ
321 3089 418 3160 τὴν
474 3091 813 3164 ἐμπεριοχὴν
875 3093 1315 3162 προσσημαίνειν
1381 3093 1558 3146 ἔοικεν
1615 3093 1648 3163 ἢ
1703 3091 1804 3163 τὴν

211 3201 284 3237 πε
295 3185 513 3255 ριοχήν·
549 3182 785 3256 πρώτως
816 3185 926 3256 γὰρ
955 3185 1056 3254 τὴν
1080 3183 1420 3257 ἐμπεριοχὴν
1449 3183 1803 3254 προσσημαί-

1978 1987 2033 2042 2.
2067 1979 2243 2040 Habet
2288 1992 2469 2039 autem
2515 1981 2606 2036 ubi
2659 1980 3021 2050 prOprietates
3076 1995 3310 2034 numero
3358 1991 3492 2037 tres.

1907 2079 2154 2146 Quarum
2186 2077 2358 2147 prima
2404 2083 2509 2141 est,
2543 2075 2686 2142 quod
2708 2074 2888 2127 locum
2920 2072 3267 2142 adsignificat
3298 2090 3312 2138 ;
3369 2087 3495 2130 nam

1907 2187 2072 2242 supra
2104 2185 2229 2224 esse
2251 2167 2474 2238 pr0prie
2508 2177 2592 2222 est
2615 2165 2817 2220 alicubi
2845 2180 2988 2230 esse,
3024 2166 3091 2218 ad
3125 2165 3223 2220 Ubi
3246 2177 3494 2236 spectat;

1906 2265 2251 2336 adsigniﬁcat
2275 2277 2464 2317 verum
2507 2261 2684 2315 locum
2748 2257 3070 2330 quemdam,
3124 2257 3380 2313 videlicet
3417 2259 3498 2312 lo-

1906 2373 2032 2412 cum
2071 2370 2394 2426 supernum.
2431 2351 2588 2406 Omni
2624 2367 2752 2405 vero
2803 2351 2923 2420 ejus
2967 2350 3166 2420 speciei
3201 2351 3316 2404 haec
3368 2366 3497 2420 prn-

1905 2450 2114 2520 prictas
2156 2447 2435 2502 convenit.
2479 2446 2664 2499 Altera
2699 2445 3003 2515 proprietas
3041 2452 3145 2508 est,
3179 2444 3327 2514 quod
3360 2460 3496 2498 con-

1907 2539 2182 2610 signiﬁcat
2239 2535 2617 2592 habitudinem
2660 2533 2913 2589 localem.
2975 2534 3186 2603 Duplex
3231 2526 3360 2587 Vero
3413 2537 3498 2588 est

1908 2628 2172 2687 habitudo
2213 2629 2449 2687 localis:
2487 2644 2613 2683 nam
2667 2637 2719 2683 et
2773 2628 3054 2682 exstensio
3111 2627 3364 2696 corporis
3411 2641 3496 2680 se-

1906 2724 2147 2779 cundum
2181 2737 2346 2791 quam
2381 2736 2583 2790 corpus
2622 2719 2894 2774 contineri
2927 2728 2981 2772 et
3031 2719 3235 2772 includi
3293 2736 3320 2771 a
3369 2719 3492 2773 loco

1905 2816 2128 2882 dicitur,
2187 2813 2452 2870 habitudo
2488 2813 2680 2867 localis
2736 2809 2920 2877 fuerit,
2971 2821 3024 2865 et
3078 2811 3336 2865 similiter
3385 2811 3493 2864 loci

1905 2909 2144 2964 ambitus
2182 2907 2485 2963 secundum
2518 2920 2681 2974 quem
2719 2902 2919 2959 dicitur
2947 2917 3148 2972 corpus
3185 2903 3490 2957 continere.

1905 3001 2043 3055 Cum
2102 3001 2292 3072 igitur,
2356 3008 2416 3052 ut
2475 2998 2680 3052 dictum
2730 3005 2834 3062 est,
2887 2994 3179 3065 dupliciter
3229 2993 3494 3048 habitudo

1907 3093 2096 3149 localis
2123 3099 2397 3157 sumatur,
2436 3100 2734 3159 utrumque
2773 3088 2878 3142 hoc
2909 3103 3006 3158 per
3034 3087 3370 3156 categoriam
3396 3087 3491 3140 τοῦ

1907 3186 1997 3240 ubi
2031 3185 2403 3255 signiﬁcatur;
2443 3181 2613 3251 magis
2647 3195 2776 3234 vero
2798 3179 3109 3249 signiﬁcare
3158 3178 3373 3232 videtur
3398 3194 3496 3232 cit-'-

212 3294 328 3330 νει·
376 3277 805 3347 συσσημαίνεται
856 3278 914 3330 δὲ
958 3277 1135 3352 ταύτῃ
1181 3276 1277 3330 καὶ
1325 3279 1358 3348 ἡ
1396 3278 1660 3348 περιοχήο
1707 3276 1796 3329 καὶ

1914 3275 2220 3329 tensionetn
2265 3279 2582 3326 contentam
2624 3286 2786 3340 quam
2813 3270 3077 3324 ambitum
3097 3271 3491 3324 continentem.

210 3368 380 3424 τοῦτο
405 3369 461 3422 δὲ
493 3371 554 3422 τὸ
587 3370 718 3424 ἴδιον
750 3372 912 3423 παντὶ
938 3369 1177 3441 ὑπάρχει
1210 3371 1287 3441 τῷ
1314 3369 1420 3422 ποῦ
1450 3370 1545 3422 καὶ
1574 3368 1804 3439 οὐδεμιᾷ

211 3469 352 3540 ἄλλῃ
387 3468 492 3522 τῶν
536 3466 744 3520 λοιπῶν
793 3466 951 3520 ἐννέα
985 3465 1334 3538 κατηγοριῶν
1385 3464 1537 3534 παρὰ
1573 3462 1801 3532 ταύτην.

212 3563 414 3633 Τρίτον
449 3561 579 3616 ἴδιον
598 3561 660 3614 τὸ
691 3560 840 3614 θέσιν
867 3558 990 3612 τινὰ
1016 3558 1345 3630 ἀχωρίστως
1374 3555 1805 3628 παρακολουθεῖν

213 3654 404 3724 αὐτῷ’
434 3655 511 3725 τῷ
547 3655 654 3724 γὰρ
699 3653 813 3706 ὄντι
862 3650 967 3704 ποῦ
997 3652 1216 3714 πάντως
1257 3650 1453 3702 ’έπεται
1493 3647 1642 3710 θέσις
1683 3659 1798 3711 τις;

212 3745 329 3802 οἷον
357 3748 432 3819 τῷ
460 3747 573 3801 ὗντι
605 3749 719 3802 ἄνω
743 3745 777 3816 ἢ
810 3743 924 3816 (51)
954 3744 1052 3798 ὡδὶ
1088 3743 1234 3814 ἔχειν
1260 3741 1360 3813 τὴν
1388 3741 1536 3795 θέσιν
1563 3739 1672 3793 τῶν
1706 3755 1804 3810 μο-

216 3843 353 3915 ρίων
401 3843 434 3911 ἢ
483 3841 581 3895 καὶ
630 3839 725 3893 τοῦ
776 3840 900 3893 ὅλου
957 3837 989 3908 ἦ
1039 3835 1171 3890 ὡδί⁶
1224 3835 1322 3888 καὶ
1371 3833 1449 3902 τῷ
1493 3831 1606 3885 ὄντι
1654 3831 1806 3884 κάτω

211 3935 423 4005 ὁμοίως
443 3951 457 3965 ·
524 3933 923 4005 παραπλησίως
949 3932 1007 3984 δὲ
1033 3930 1128 3984 καί
1157 3929 1252 3981 ἐπὶ
1279 3928 1386 3981 τῶν
1414 3927 1588 3979 ἄλλων
1607 3939 1620 3953 ·
1662 3923 1804 3977 ὥστε

212 4029 307 4099 εἴη
333 4027 398 4081 ἂν
428 4025 880 4098 παρακολουθοῦν
917 4024 1083 4078 παντὶ
1120 4022 1199 4094 τῷ
1236 4021 1337 4074 ποῦ
1377 4018 1537 4073 τοῦτο
1563 4018 1623 4072 τὸ
1649 4017 1802 4072 ἴδιον.

212 4118 489 4190 Τέταρτον
539 4117 670 4170 ἴδιον
715 4116 777 4169 τὸ
822 4110 961 4168 εἶναι
1008 4112 1141 4166 αὐτὸ
1175 4108 1526 4179 ἀποτέλεσμα
1555 4109 1807 4178 σώματος

210 4208 317 4262 καὶ
344 4208 512 4260 τόπου
547 4206 642 4260 τοῦ
676 4205 1024 4276 περιέχοντος
1051 4202 1183 4256 αὐτό
1203 4218 1218 4232 ο
1238 4201 1360 4253 τότε
1387 4199 1498 4270 γὰρ
1528 4199 1640 4253 ἄνω
1666 4193 1808 4250 εἶναι

210 4298 560 4370 ἀπετελέσθη
592 4301 702 4352 ἀπό
727 4315 786 4350 τε
820 4296 915 4349 τοῦ
962 4297 1075 4349 ἅνω
1103 4293 1270 4346 τόπου
1307 4293 1401 4344 καὶ
1433 4289 1527 4343 τοῦ
1564 4292 1621 4344 ὲν
1656 4286 1807 4358 αὑτῷ

213 4389 507 4462 σώματος·
545 4391 637 4444 καὶ
671 4390 732 4442 τὸ
779 4388 933 4442 κάτω
973 4385 1269 4449 ὡσαύτωςδ
1306 4380 1710 4454 παραπλησίως
1748 4379 1806 4432 δὲ

209 4486 315 4538 καὶ
347 4485 441 4536 ἐπὶ
465 4483 574 4537 τῶν
605 4483 804 4538 ἄλλων.
833 4482 925 4552 Μὴ
954 4479 1264 4534 λανθανέτω
1294 4478 1350 4532 δὲ
1381 4478 1531 4549 ἡμᾶς
1560 4475 1694 4546 (32),
1723 4475 1806 4527 ὅτι

207 4576 318 4630 τοῦ
353 4578 466 4629 ἄνω
493 4576 553 4629 τὸ
592 4576 687 4646 μὲν
714 4576 806 4627 ἐπὶ
831 4575 924 4627 τοῦ
957 4575 1123 4626 τόπου
1154 4573 1318 4643 μόνου
1345 4569 1686 4640 λαμϐάνεται
1713 4571 1807 4621 καὶ

1909 3365 2185 3420 Primario
2216 3365 2361 3419 enim
2409 3363 2788 3419 extensionem
2815 3371 3127 3418 contentam
3181 3362 3494 3434 signiﬁcat;

1906 3455 2360 3526 consigniﬁcatur
2389 3467 2573 3509 autem
2609 3469 2719 3508 una
2743 3469 2870 3508 cum
2909 3455 3002 3509 illa
3051 3454 3217 3509 etiam
3250 3453 3494 3508 ambitus

1908 3551 2215 3605 continens.
2285 3546 2412 3603 Haec
2433 3562 2565 3602 vero
2595 3547 2905 3619 pr0prietas
2937 3548 3087 3604 omni
3125 3548 3383 3603 convenit
3414 3539 3495 3618 τῷ

1910 3642 2001 3698 ubi
2041 3652 2095 3696 et
2132 3650 2331 3712 praeter
2381 3641 2526 3695 hanc
2552 3639 2690 3694 nulli
2746 3638 2904 3695 alteri
2935 3649 3001 3695 ex
3033 3641 3262 3711 reliquis
3298 3655 3494 3696 novent

1908 3735 2221 3807 catcgoriis.
2265 3733 2447 3788 Tertia
2478 3734 2785 3804 proprietas
2814 3739 2920 3800 est,
2987 3733 3135 3803 quod
3187 3733 3364 3804 ipsum
3397 3749 3497 3802 po-

1910 3828 2038 3884 sitio
2089 3828 2339 3897 quaedam
2373 3842 2469 3882 seu
2504 3827 2644 3881 situs
2693 3824 3136 3896 inseparabiliter
3191 3829 3493 3898 sequitur;

1909 3923 2138 3979 omnino
2165 3923 2310 3977 enim
2347 3919 2398 3975 id
2450 3919 2597 3990 quod
2628 3933 2755 3974 vere
2787 3926 2873 3973 est
2911 3918 3114 3972 alicubi
3167 3918 3279 3984 tibi,
3313 3919 3498 3988 sequi-

1910 4025 1998 4071 tur
2027 4015 2274 4085 qumdam
2317 4013 2562 4084 positio;
2592 4010 2758 4066 veluti
2815 4010 2868 4066 id
2931 4011 3082 4081 quod
3125 4011 3379 4080 superius
3413 4021 3498 4068 est

1909 4109 1994 4165 vel
2028 4111 2133 4165 hoc
2161 4109 2246 4164 vel
2274 4105 2384 4163 alio
2419 4107 2582 4163 modo
2614 4107 2819 4162 habere
2866 4103 3198 4178 positionem
3251 4105 3492 4177 partium

1913 4203 1998 4256 vel
2062 4201 2229 4256 etiam
2296 4197 2512 4267 totius;
2546 4200 2736 4270 sicque
2795 4190 3000 4268 pariter
3027 4207 3081 4253 et
3117 4196 3169 4253 id
3213 4199 3360 4270 quod
3412 4211 3497 4255 est

1911 4294 2142 4350 inferius
2176 4313 2190 4361 ;
2229 4291 2482 4349 similiter
2535 4303 2716 4348 autem
2758 4291 2812 4348 in
2866 4292 3102 4348 caeteris.
3133 4285 3290 4348 Unde
3334 4308 3498 4348 omne

1912 4390 2002 4444 ubi
2039 4387 2311 4458 ejusmodi
2346 4387 2659 4458 proprietas
2704 4387 3086 4457 consequitur.
3125 4385 3329 4453 Quarta
3365 4402 3497 4455 pro-

1913 4476 2116 4548 prietas
2178 4489 2282 4545 est,
2341 4479 2488 4549 quod
2529 4487 2609 4534 est
2655 4478 2834 4547 ipsum
2871 4475 3098 4531 elTectus
3137 4475 3389 4544 corporis
3441 4475 3497 4529 et

1916 4571 2021 4626 loci
2051 4581 2250 4640 corpus
2286 4570 2660 4636 continentis;
2686 4579 2811 4624 nam
2839 4561 3094 4639 superius
3114 4583 3236 4623 esse
3265 4565 3497 4622 elIicitur

210 4674 337 4724 ἐστι
368 4670 476 4723 τῶν
513 4670 650 4740 πρός
681 4685 765 4721 τι·
799 4668 860 4721 τὸ
908 4667 964 4720 δὲ
997 4669 1055 4718 τὸ
1085 4669 1144 4720 ὲν
1177 4666 1351 4736 τόπῳ,
1378 4653 1482 4718 ’καὶ
1517 4663 1664 4716 ἔστιν
1705 4662 1796 4715 ὑπί

1915 4681 1981 4721 ac
2005 4665 2231 4720 resultat
2260 4680 2324 4719 ex
2371 4665 2491 4718 loco
2520 4663 2792 4732 superiori
2844 4671 2898 4716 et
2949 4677 3014 4718 ex
3068 4677 3298 4732 corpore
3349 4663 3494 4732 quod

208 4764 319 4833 τὴν
350 4760 494 4833 [τοῦ]
526 4762 628 4815 ποῦ
663 4760 1001 4831 κατηγορίαν
1021 4775 1035 4789 ⁸
1067 4759 1225 4811 τοῦτο
1258 4758 1315 4811 δὲ
1340 4757 1433 4811 καὶ
1464 4755 1804 4826 πλατύτερον

208 4855 581 4924 διηκούσατε’
621 4855 716 4908 καὶ
750 4854 808 4906 τὸ
845 4852 935 4906 νῦν
963 4852 1019 4905 δὲ
1050 4852 1180 4904 ῐδιον
1208 4852 1374 4904 παντὶ
1406 4850 1485 4922 τῷ
1529 4849 1664 4902 εῖδει
1701 4849 1808 4902 ὑπ-

211 4949 381 5017 άρχει
412 4948 504 4999 καὶ
543 4947 690 5016 μόνῳ
725 4947 820 5000 καὶ
849 4945 957 5007 ἀεὶ,
992 4943 1071 4996 διὸ
1099 4943 1194 4996 καὶ
1219 4941 1592 5013 ἀντιστρέφει·
1626 4939 1808 4993 πλειό-

210 5056 328 5092 νων
359 5039 414 5091 δὲ
449 5039 618 5091 ὄντων
643 5037 752 5089 τῶν
785 5036 925 5090 κατὰ
947 5035 1226 5104 ἀπόφασιν
1253 5033 1424 5099 ἰδίων,
1447 5033 1593 5101 λέγω
1621 5031 1685 5101 δὴ
1711 5029 1806 5084 τοῦ

215 5129 300 5201 μὴ
336 5129 689 5200 ἐπιδέχεσθαι
721 5129 1074 5200 ἐναντιότητα
1107 5129 1200 5182 καὶ
1237 5127 1330 5181 τοῦ
1363 5128 1438 5198 μὴ
1472 5128 1618 5198 ἔχειν
1649 5129 1806 5180 ἐναν-

209 5222 360 5284 τίον,
398 5224 494 5275 καὶ
528 5221 622 5274 τοῦ
656 5221 732 5293 μὴ
776 5220 1125 5291 ἐπιδέχεσθαι
1154 5219 1215 5272 τὸ
1262 5219 1462 5290 μᾶλλον
1493 5221 1586 5273 καὶ
1617 5220 1679 5271 τὸ
1707 5213 1807 5289 ἦτ-

1915 4759 2067 4813 ineo
2099 4767 2221 4823 est;
2255 4757 2513 4812 similiter
2556 4768 2780 4826 quoque
2835 4769 2957 4810 esse
3018 4753 3285 4822 iul'eritts;
3348 4755 3495 4810 idem

1913 4849 2128 4904 dicatur
2155 4847 2223 4902 tle
2249 4847 2495 4918 reliquis.
2554 4845 2634 4901 Ne
2657 4862 2788 4902 vero
2836 4861 2939 4902 nos
2979 4838 3165 4911 lateat,
3203 4863 3362 4916 supra
3399 4863 3495 4904 sua

1915 4939 2100 5009 perius
2132 4937 2351 5007 quidem
2380 4937 2527 4991 aliud
2573 4937 2717 4992 sumi
2763 4937 2832 4992 de
2887 4935 3006 4992 loco
3044 4938 3163 4993 solo
3194 4945 3248 4992 ct
3297 4954 3365 4993 ex
3409 4954 3494 4995 re-

1911 5029 2042 5086 latis
2071 5031 2137 5085 ad
2174 5023 2382 5100 aliquid
2417 5045 2562 5096 esse,
2591 5029 2739 5084 aliud
2770 5038 2953 5084 autem
2999 5030 3196 5085 inloco
3221 5039 3274 5084 et
3297 5031 3494 5085 cadere

1915 5126 2021 5180 sub
2053 5125 2387 5192 categoriam
2419 5119 2514 5177 τοῦ
2546 5125 2660 5179 ubi.
2697 5123 2815 5179 Hoc
2839 5125 3098 5194 verojam
3125 5123 3302 5180 fusius
3337 5123 3495 5178 audi-

1915 5219 2095 5274 vistis.
2136 5217 2261 5273 Haec
2318 5233 2470 5280 vero,
2509 5211 2576 5272 de
2599 5234 2705 5288 qua
2750 5234 2895 5274 nunc
2925 5215 3161 5289 agimus,
3187 5217 3493 5288 proprietas

1741 5333 1970 5388 ΝΟΤΑΞ.

299 5454 410 5522 ['26)
443 5452 576 5507 Cod.
609 5455 960 5523 τεταγμένον.

292 5527 410 5594 (27)
445 5524 590 5577 Fort.
629 5527 696 5577 τὰ
715 5527 851 5578 αὐτὰ
891 5541 938 5579 s.
965 5526 1156 5579 ταύτά.

289 5595 410 5665 (28)
437 5595 584 5648 Fort.
622 5597 1037 5668 προσημαίνειν,
1067 5595 1502 5667 cousiguilicat‘c,
1556 5597 1798 5668 adsigni—

203 5665 412 5730 ﬁcare,
446 5681 553 5720 non
583 5667 1023 5735 praesigniﬁcare.

1983 5457 2093 5520 (ea)
2131 5455 2247 5509 Vat.
2281 5459 2361 5508 τό.

1987 5528 2098 5594 (230)
2135 5527 2294 5598 Catil’.
2339 5528 2398 5579 ἐν
2430 5530 2678 5598 περιοχῇ.

1985 5597 2498 5667 (51)(ξθιίί’.Αρ.ἡ.

1991 5663 2100 5737 (52)
2133 5663 2281 5722 Fort.
2322 5663 2486 5738 ὑμᾶς,
2522 5679 2582 5723 ιιι
2613 5668 2738 5723 alibi
2771 5676 2824 5724 et
2852 5667 2906 5720 in’
2932 5663 3311 5729 sequentibus.
