3828 6202
392 235 493 297 807

1547 234 1807 295 ΡΗΟΤΙΙ
1836 236 1958 295 ῬΑἾ

2066 235 2348 296 IABCHIE
2381 237 2488 300 CP.
3502 252 3587 317 808

388 356 537 414 omni
571 355 772 426 speciei
824 354 1084 410 convenit
1123 364 1179 410 et
1227 355 1327 410 soli
1357 364 1411 410 et
1460 370 1679 424 semper
1708 371 1722 419 ;
1752 353 1895 408 unde
1913 362 1958 408 el

2066 369 2179 417 τον,
2225 353 2441 407 καὶτοῦ
2477 352 2550 424 μὴ
2583 353 2770 424 ὅμοιον
2795 354 2888 410 καὶ
2917 355 3173 428 ἀνόμοιον
3212 357 3444 428 λέγεσθαι
3464 407 3479 432 ,
3514 372 3594 424 καὶ

386 449 746 505 convertitur.
783 448 920 502 Cum
980 463 1109 502 vero
1155 448 1342 518 plures
1388 448 1498 502 sint
1529 446 1771 516 ejusdem
1804 460 1958 515 nega-

2073 445 2251 496 ἄλλων
2283 445 2558 515 ἀπείρων·
2610 449 2724 510 τοῖς
2771 451 3165 517 καταφατικως
3201 451 3400 522 ῥηθεῖσι
3431 475 3483 510 τε
3518 467 3593 517 καὶ

389 545 512 597 ιὶνιε
555 541 938 612 preprietates,
991 541 1247 596 videlicet
1275 540 1419 610 quod
1455 556 1564 594 non
1609 538 1806 608 recipit
1831 554 1958 593 con-

2073 536 2438 608 ἐξευρεθεῖσιν
2471 538 2760 608 ἀρκεῖσθαι
2787 539 2971 613 δεήσει
2999 542 3060 595 τὺ
3090 542 3402 616 ἀφιλόσοφόν
3433 567 3487 603 τε
3518 555 3596 609 καὶ

387 635 720 689 trarietatem
766 641 821 687 et
868 647 976 686 non
1032 633 1196 686 habet
1238 631 1607 695 contrarium,
1653 628 1799 698 quod
1856 642 1963 682 non

2073 631 2330 698 περιττὸν
2360 631 2799 687 ὑπεκκλίνουσιν.

384 724 624 778 admittit
657 725 834 794 magis
871 733 927 778 et
961 726 1165 791 minus,
1233 723 1379 793 quod
1423 739 1531 777 non
1581 721 1782 776 dicitur
1855 721 2036 778 simile
2071 731 2127 777 et
2181 723 2473 789 dissimile,
2525 726 2757 796 aliaeque
2801 726 3052 795 infinitae,
3105 731 3255 786 hisce
3285 732 3599 804 affirmativis,

382 831 505 884 quae
539 815 697 870 dicta:
756 825 810 870 ct
873 826 1102 885 repertae
1155 823 1305 881 sunt,
1349 813 1704 882 acquiescere
1759 810 2034 882 oportebit
2074 827 2170 868 eos
2200 814 2294 884 qui
2351 817 2535 870 minus
2589 817 2971 888 philosophica
3005 834 3070 875 ac
3127 823 3394 892 superﬂua
3425 831 3602 887 evitare

415 912 622 964 ludent.

415 926 501 963 ιιιι
545 927 574 963 ιι
608 950 622 962 .

384 927 410 965 s
473 926 539 966 Le
583 926 927 1072 ιρυΑῖδΤιο
969 1001 1178 1058 CXLVI
1207 999 1400 1074 [Coisl.
1435 998 1746 1071 CLXXXI].

767 1100 845 1154 De
871 1115 928 1153 eo
960 1098 1102 1167 quod
1137 1109 1214 1152 est
1247 1097 1410 1151 situm
1439 1111 1571 1148 esse.

2567 1003 2901 1058 ΕΡΩΤΗΣιΣ
2955 1008 3154 1076 Ptuq'.

2552 1096 2692 1164 Περὶ
2740 1097 2848 1151 τοῦ
2894 1097 3152 1154 κεῖσθαι.

1475 1238 1615 1288 Nunc
1644 1235 1856 1300 primum
1878 1235 2014 1284 edita
2040 1247 2068 1283 a
2098 1234 2156 1284 D.
2180 1234 2610 1298 Hergenroether.

454 1376 509 1430 1.
554 1372 728 1426 Situm
760 1385 883 1423 esse
922 1379 1002 1422 est
1029 1369 1079 1422 in
1115 1383 1201 1433 eo,
1239 1368 1385 1438 quod
1417 1377 1599 1436 partes
1631 1367 1699 1421 ad
1728 1365 1960 1420 invicem

383 1464 548 1519 situm
615 1462 855 1529 aliquem
936 1459 1294 1529 (positionem
1354 1458 1678 1530 quamdam)
1734 1459 1960 1512 habent.

2148 1361 2214 1417 α’.
2241 1363 2472 1418 Κείσθαι
2501 1365 2558 1418 δέ
2587 1367 2702 1420 ἐστι
2729 1368 2790 1420 τὸ
2814 1366 2964 1421 θέσιν
2984 1370 3107 1425 τινὰ
3124 1371 3261 1442 πρὸς
3278 1373 3470 1446 ἄλληλα
3488 1377 3608 1447 ἔχειν

2069 1454 2139 1508 τὰ
2164 1456 2331 1527 μόρια
2350 1472 2365 1487 °
2394 1457 2495 1528 τῆς
2510 1457 2567 1511 δὲ
2599 1459 2803 1518 θέσεως
2825 1463 2858 1531 ἡ
2891 1463 2993 1532 μέν
3021 1463 3169 1517 ἐστιν
3192 1465 3606 1543 ἀσύνθετος,ἦτις

384 1555 534 1608 Situs
578 1527 878 1606 vero‘alius
924 1527 1032 1604 non
1065 1556 1152 1604 est
1199 1527 1560 1619 compositus,
1619 1527 1712 1619 qui
1742 1548 1958 1618 proprie

2069 1549 2273 1619 κυρίως
2309 1527 2534 1619 λέγεται
2559 1552 2655 1606 καὶ
2687 1527 2905 1620 στάσις,
2929 1556 2962 1627 ὴ
2987 1555 3043 1610 δὲ
3074 1558 3139 1610 ὲκ
3172 1527 3606 1636 διαφόρων,ηιῖ;ςη

380 1646 544 1700 etiam
585 1652 762 1700 status
820 1642 1032 1712 (statio)
1091 1640 1416 1711 appellatur,
1451 1640 1590 1696 alius
1623 1654 1754 1694 vero
1785 1655 1851 1693 ex
1875 1639 1960 1692 di-

383 1739 556 1793 versis
578 1747 682 1803 est,
716 1735 884 1791 Veluti
940 1734 1225 1789 reclinatio
1256 1744 1308 1787 et
1339 1733 1514 1789 sessio
1540 1752 1554 1801 ;
1595 1734 1642 1788 si
1679 1749 1806 1788 vero
1836 1733 1960 1796 hoc,

379 1831 543 1886 etiam
570 1831 731 1884 situm
757 1846 869 1882 esse
897 1828 979 1882 vel
1007 1843 1074 1883 ex
1104 1829 1211 1884 situ
1239 1829 1381 1883 haud
1415 1825 1729 1895 composito
1753 1825 1834 1879 vel
1892 1839 1961 1878 ex

379 1921 690 1989 composito
729 1920 987 1974 eli'ectum
1034 1930 1139 1974 est.
1198 1917 1471 1974 Praeterea
1504 1918 1644 1974 situs
1694 1917 1836 1972 alius
1865 1931 1961 1972 so-

379 2014 556 2067 larum
593 2012 827 2082 partium
865 2020 949 2066 est
985 2020 1034 2065 et
1072 2027 1179 2066 non
1233 2012 1423 2078 totius,
1464 2012 1613 2066 velut
1651 2010 1849 2065 raritas
1908 2017 1964 2064 et

379 2103 756 2163 condensatio,
787 2102 1053 2170 asperitas
1079 2109 1133 2155 et
1163 2101 1370 2155 lenitas
1396 2117 1410 2165 ;
1444 2100 1586 2155 alius
1627 2114 1755 2154 vero
1795 2098 1961 2153 totius

380 2199 665 2260 duntaxat,
714 2202 773 2247 ut
813 2193 1098 2248 reclinatio
1120 2203 1173 2247 et
1217 2193 1391 2247 sessio
1417 2191 1789 2263 (nequeenim
1831 2205 1962 2260 pars

379 2289 579 2342 dicitur
609 2287 798 2342 sedere
824 2285 908 2340 vel
930 2285 1187 2340 reclinata
1221 2301 1368 2349 esse,
1414 2285 1509 2340 sed
1551 2288 1783 2354 totum);
1818 2285 1961 2340 alius

378 2393 600 2433 rursum
628 2386 682 2432 et
714 2377 883 2431 totius
900 2383 954 2430 et
983 2375 1220 2445 partium
1245 2383 1349 2440 est,
1364 2375 1531 2428 veluti
1555 2373 1718 2428 statio
1742 2374 1962 2442 proprie

377 2473 545 2536 dicta,
575 2485 697 2540 qua:
727 2478 808 2524 est
846 2469 1123 2524 rectitude
1161 2483 1224 2522 ac
1253 2478 1402 2522 recta
1437 2467 1637 2538 positio
1671 2477 1787 2521 tum
1835 2480 1962 2535 par-

378 2565 515 2616 tiutn
548 2575 660 2616 tum
717 2561 900 2614 totius.
941 2559 1196 2615 Attamen
1238 2560 1290 2614 id
1326 2559 1476 2630 quod
1509 2559 1678 2614 situm
1735 2567 1822 2613 est
1875 2557 1959 2611 vel

376 2655 603 2710 omnino
657 2662 904 2708 erectum
958 2662 1043 2707 est
1099 2661 1153 2706 et
1205 2652 1408 2706 dicitur
1464 2660 1632 2718 stare,
1712 2650 1799 2704 vel
1857 2650 1959 2704 hac

375 2759 643 2805 ercetum,
687 2744 778 2798 illa
823 2758 951 2798 vero
983 2751 1137 2812 parte
1167 2743 1514 2807 reclinatum,
1543 2753 1597 2798 et
1643 2743 1845 2798 dicitur
1875 2758 1960 2798 se-

2063 1642 2353 1707 ἀνάκλισις
2388 1645 2484 1697 καὶ
2511 1646 2544 1716 ἡ
2572 1643 2844 1718 καθέδραο
2891 1650 2938 1700 εὶ
2972 1648 3029 1701 δὲ
3079 1649 3244 1704 τοῦτο
3266 1693 3281 1716 ,
3314 1653 3484 1707 καὶτὸ
3512 1658 3608 1708 κεῖ-

2065 1735 2185 1788 σθαι
2221 1735 2329 1807 ἄρα
2359 1736 2392 1808 ἢ
2424 1737 2724 1791 ἁσυνθέτου
2762 1738 2966 1804 θέσεως
2998 1740 3340 1814 ἀπετελέσθη
3375 1745 3488 1816 ἢὲκ
3514 1765 3612 1800 συν·

2060 1827 2402 1898 τεθειμένης.
2439 1829 2560 1883 Ἔτι
2594 1829 2652 1883 δὲ
2685 1831 2786 1900 τῆς
2813 1831 3018 1896 θέσεως
3055 1836 3090 1904 ἡ
3125 1835 3230 1903 μέν
3255 1836 3368 1889 ἐστι
3394 1836 3494 1889 τῶν
3528 1855 3608 1908 με·

2065 1919 2174 1990 ρῶν
2206 1921 2386 1990 μόνων
2414 1922 2512 1974 καὶ
2559 1921 2619 1975 ού
2665 1921 2761 1975 τοῦ
2806 1923 2928 1978 ὅλου
2950 1965 2964 1987 ,
2998 1924 3072 1989 ὼς
3115 1927 3150 1997 ἡ
3204 1927 3439 1997 μάνωσις
3469 1931 3552 1983 καὶ
3583 1931 3610 1998 ἠ

2063 2009 2504 2084 πύκνωσις,ἤτε
2548 2014 2830 2087 τραχύτης
2866 2017 2962 2070 καὶ
2992 2019 3026 2087 ἡ
3072 2018 3320 2091 λειότηςο
3370 2023 3402 2092 ἠ
3444 2022 3496 2076 δὲ
3531 2022 3609 2076 τοῦ

2061 2103 2184 2156 ὅλου
2219 2103 2406 2174 μόνου,
2431 2106 2509 2170 ὡς
2537 2108 2570 2178 ἡ
2600 2108 2885 2173 ἀνάκλισις
2911 2112 3008 2164 καὶ
3030 2113 3063 2181 ή
3086 2113 3332 2182 καθέδρα
3349 2113 3425 2186 (ού
3450 2115 3546 2188 γὰρ
3563 2117 3613 2170 τὸ

2067 2197 2232 2269 μέρος
2262 2199 2479 2269 λέγεται
2510 2201 2839 2267 καθέζεσθαι
2886 2204 2919 2276 ἢ
2958 2206 3377 2274 ἀνακεκλίσθαι,
3415 2209 3537 2265 ἀλλὰ
3563 2211 3612 2264 τὸ

2061 2289 2185 2343 ὅλον
2203 2293 2294 2362 ·)ἡ
2327 2291 2385 2346 δὲ
2413 2291 2509 2346 τοῦ
2539 2311 2599 2347 τε
2623 2295 2744 2349 ὅλου
2773 2297 2869 2350 καὶ
2893 2297 3002 2351 τῶν
3028 2299 3238 2372 μερῶν,
3269 2301 3343 2366 ὡς
3375 2303 3408 2374 ἡ
3438 2302 3612 2374 κυρίως

2061 2380 2328 2455 λεγομένη
2357 2385 2568 2449 στάσις,
2610 2388 2733 2456 ἥτις
2762 2389 2914 2442 ἐστὶν
2937 2390 3170 2462 ὀρθότης
3193 2395 3290 2447 καὶ
3317 2393 3424 2448 τῶν
3455 2394 3612 2467 μερῶν

2062 2477 2157 2530 καὶ
2203 2476 2299 2530 τοῦ
2324 2477 2480 2532 ὅλουθ
2517 2481 2612 2534 καὶ
2645 2483 2834 2552 μέντοι
2863 2482 2926 2537 τὸ
2967 2484 3226 2552 κείμενον
3253 2487 3287 2558 ἢ
3321 2487 3489 2558 πάντη
3523 2486 3614 2560 ὦρ-

2063 2569 2232 2622 θωται
2260 2569 2356 2624 καλ¹
2384 2570 2603 2640 λέγεται
2629 2573 2902 2642 ἵστασθαι,
2935 2576 2969 2649 ἢ
3011 2577 3090 2647 πῆ
3125 2578 3229 2649 μὲν
3253 2577 3515 2651 ὤρθωται,
3551 2581 3614 2650 πῆ

2059 2660 2116 2714 δὲ
2151 2662 2437 2729 κέκλιται,
2476 2664 2572 2717 καὶ
2601 2665 2820 2735 λέγεται
2846 2668 3123 2739 καθῆσθαι
3148 2687 3162 2700 ·
3197 2672 3294 2726 καὶ
3321 2673 3405 2741 εἴη
3437 2672 3497 2726 ἂν
3517 2673 3614 2743 εἴδη

2059 2755 2236 2810 ταῦτα
2259 2756 2352 2810 τοῦ
2379 2759 2596 2812 κεῖσθαι
2619 2777 2633 2791 ·
2660 2760 2723 2816 τὸ
2750 2762 3176 2830 ἁνακεκλίσθαι,
3210 2767 3275 2819 τὸ
3305 2767 3617 2822 ἑστάναικαὶ

375 2837 505 2892 dore
531 2855 547 2904 ;
579 2837 697 2891 haec
729 2851 860 2907 ergo
883 2837 1094 2906 species
1120 2834 1324 2889 fuerint
1351 2837 1472 2903 ejus
1507 2837 1650 2906 quod
1684 2845 1770 2890 est
1792 2839 1955 2891 situm

2066 2850 2123 2900 τὸ
2164 2849 2472 2920 καθῆσθαι·
2514 2853 2575 2906 οὐ
2629 2853 2794 2923 μόνον
2843 2854 2902 2908 δὲ
2932 2855 3105 2910 ταῦτα
3150 2857 3222 2912 ἂν
3267 2859 3351 2931 εἴη
3389 2859 3497 2931 εἴδη
3539 2857 3617 2912 τοῦ

375 2946 498 2987 esse
528 2949 542 2985 :
578 2930 904 2985 reclinatum
964 2944 1108 2993 esse,
1151 2939 1298 2984 stare
1353 2941 1517 2999 atquc
1571 2930 1781 2994 sedere,
1814 2937 1958 2984 atta-

377 3039 500 3076 men
527 3037 632 3075 non
686 3022 800 3076 haec
830 3029 1068 3084 tantum,
1122 3035 1310 3073 verum
1347 3019 1511 3074 etiam
1551 3021 1658 3074 alia
1711 3020 1955 3087 inﬁnita;

375 3115 647 3186 protinus,
679 3129 730 3168 v.
765 3127 872 3184 ειη,
913 3128 1102 3166 rarum
1127 3122 1181 3168 et
1219 3113 1453 3167 densum
1501 3122 1555 3166 et
1581 3113 1803 3178 similia,
1836 3129 1960 3184 quae

374 3209 480 3261 sita
503 3220 624 3260 esse
643 3203 926 3270 dicuntur,
967 3218 1145 3273 neque
1174 3211 1320 3258 stare
1343 3219 1521 3273 neque
1551 3205 1817 3259 reclinata
1839 3221 1962 3261 esse

375 3299 460 3354 vel
503 3299 693 3353 sedere
723 3297 1015 3363 dicuntur,
1069 3305 1311 3350 attamen
1366 3307 1420 3352 et
1480 3296 1596 3352 haec
1644 3297 1750 3352 sub
1807 3296 1958 3353 illam

375 3391 615 3460 speciem
646 3387 812 3458 hujus
862 3387 1153 3458 categorias
1177 3388 1374 3443 cadere
1415 3389 1692 3456 videntur,
1737 3403 1859 3457 qua:
1885 3389 1962 3445 si-

375 3490 490 3536 tutn
510 3481 744 3550 partium
776 3482 842 3536 ad
862 3481 1120 3547 invicem,
1143 3497 1252 3535 non
1280 3496 1408 3536 vero
1441 3482 1606 3536 totius
1632 3483 1958 3552 positionem

375 3575 635 3630 ostendit.
686 3573 843 3641 Quod
873 3584 1058 3631 autem
1080 3575 1282 3630 raritas
1309 3584 1363 3630 et
1393 3575 1752 3632 condensatio
1779 3592 1844 3631 ac
1876 3578 1957 3632 si-

373 3665 526 3720 milia
550 3664 694 3720 haud
719 3666 828 3720 sint
867 3667 1036 3721 totius
1077 3665 1483 3736 positiones,ex
1511 3681 1577 3721 eo
1596 3667 1783 3736 liquet,
1812 3669 1960 3738 quod

373 3758 540 3813 unius
566 3757 924 3829 ejusdemque
955 3757 1122 3813 totius
1150 3758 1261 3813 duo
1291 3757 1428 3813 situs
1462 3760 1627 3813 statui
1654 3760 1799 3815 haud
1835 3776 1959 3832 pos-

373 3859 541 3917 sunt;
571 3849 628 3905 in
663 3866 772 3905 uno
798 3865 929 3905 vero
953 3852 1256 3920 eodemque
1287 3859 1400 3904 tum
1426 3852 1624 3907 raritas
1646 3861 1760 3906 tum
1795 3851 1960 3910 statio

373 3941 1236 4012 reperiuntur.Quemadmodum
1252 3956 1380 3997 vero
1406 3957 1599 3998 omnes
1611 3953 1795 4013 partes
1825 3959 1956 4014 pro-

370 4035 548 4104 priam
576 4046 810 4105 possunt
852 4035 1055 4089 habere
1101 4035 1336 4106 tiguram
1361 4044 1559 4105 praeter
1600 4051 1744 4102 eam,
1787 4052 1955 4106 quam

372 4127 536 4181 habet
567 4135 762 4194 totum,
787 4125 883 4192 ,ita
917 4126 1120 4182 eaedem
1157 4136 1211 4182 et
1241 4128 1522 4197 proprium
1563 4128 1730 4183 situm
1756 4128 1960 4184 habere

2063 2939 2302 3006 κεῖσθαι,
2333 2943 2470 2996 ἀλλὰ
2499 2945 2593 2997 καὶ
2626 2945 2762 3000 ἄλλα
2792 2936 3026 3018 ἄπειραο
3057 2949 3264 3004 αὐτίκα
3297 2952 3426 3020 γοῦν
3452 2953 3506 3006 τὸ
3533 2970 3619 3022 μα-

2062 3033 2154 3086 νὺν
2189 3035 2284 3087 καὶ
2312 3035 2521 3090 πυκνὸν
2558 3039 2651 3090 καὶ
2677 3038 2746 3092 τὰ
2776 3039 2941 3110 ὃμοια
2974 3043 3194 3096 κεῖσθαι
3226 3043 3489 3114 λεγόμενα
3513 3042 3619 3097 οὔτε

2065 3123 2318 3180 ἵστασθαι
2345 3125 2619 3196 λέγονται,
2648 3127 2779 3183 οὔτε
2807 3133 3208 3188 ἀνακεκλίσθαι
3234 3135 3268 3207 ἢ
3297 3136 3618 3201 καθέζεσθαι·

2061 3216 2148 3283 εῐη
2192 3218 2239 3272 δ’
2280 3218 2346 3275 ἂν
2393 3219 2570 3276 ταῦτα
2602 3222 2694 3275 ὑπ’
2722 3225 2902 3278 ἐκεῖνο
2938 3225 3034 3280 τοῦ
3067 3229 3312 3294 κεῖσθαι,
3346 3229 3376 3283 ὃ
3403 3229 3494 3300 τὴν
3527 3227 3621 3282 τῶν

2065 3309 2249 3379 μερῶν
2292 3311 2457 3380 μόνον
2503 3313 2639 3384 πρὸς
2681 3313 2887 3388 ἄλληλα
2910 3357 2925 3382 ,
2956 3317 3073 3372 ἀλλ’
3100 3321 3227 3392 οὐχὶ
3261 3321 3362 3393 τὴν
3391 3321 3482 3375 τοῦ
3517 3321 3622 3375 ὅλου

2063 3399 2211 3454 θέσιν
2241 3403 2568 3474 ὑποφαίνει·
2616 3408 2698 3460 ὅτι
2737 3408 2854 3479 δὲή
2889 3410 3130 3480 μάνωσις
3158 3415 3256 3468 καὶ
3297 3416 3328 3484 ή
3373 3412 3623 3476 πύκνωσις

2061 3493 2158 3546 καὶ
2188 3494 2257 3547 τὰ
2286 3496 2449 3566 ὃμοια
2474 3499 2576 3553 οὐκ
2617 3501 2726 3553 εἰσὶ
2750 3501 2847 3554 τοῦ
2878 3502 3001 3556 ὅλου
3037 3502 3246 3570 θέσεις,
3274 3505 3430 3578 δῆλον
3456 3509 3516 3560 ἐκ
3538 3504 3623 3558 τοῦ

2065 3586 2141 3656 μὴ
2169 3587 2481 3658 ἐνδέχεσθαι
2523 3591 2619 3644 δύο
2653 3592 2833 3658 θέσεις
2877 3590 3022 3651 εἶναι
3055 3597 3152 3650 τοῦ
3202 3598 3372 3652 αὐτοῦ
3409 3599 3496 3652 καὶ
3523 3598 3624 3662 ἐνὸς

2061 3680 2209 3746 ὅλου,
2264 3683 2618 3754 εὑρίσκεσθαι
2665 3686 2724 3740 δὲ
2768 3689 2827 3740 ἐν
2875 3689 2957 3742 ἑνὶ
2986 3692 3082 3744 καὶ
3121 3690 3205 3762 τῷ
3255 3692 3406 3764 αὐτῷ
3450 3694 3544 3764 τήν
3575 3708 3626 3744 τε

2065 3773 2310 3842 μάνωσιν
2341 3777 2435 3828 καὶ
2459 3775 2521 3829 τὸ
2556 3778 2811 3833 ἑστάναι*
2847 3779 3039 3853 ὥσπερ
3063 3782 3119 3836 δὲ
3144 3785 3427 3856 ἐνδέχεται
3467 3785 3624 3838 πάντα

2062 3863 2131 3916 τὰ
2163 3865 2304 3937 μέρη
2340 3867 2486 3936 ἔχειν
2517 3869 2650 3922 ἴδιον
2683 3872 2870 3943 σχῆμα
2901 3877 3053 3945 παρὰ
3085 3875 3146 3930 τὸ
3181 3877 3281 3932 τοῦ
3315 3877 3624 3940 ὄλου,οὖτω;

2061 3956 2345 4028 ἐνδέχεται
2375 3958 2520 4029 ἔχειν
2569 3963 2709 4016 αὐτὰ
2753 3965 2851 4018 καὶ
2884 3966 3022 4021 ἱδὶαν
3054 3968 3208 4023 θέσιν
3239 3973 3389 4040 παρὰ
3420 3971 3512 4041 τὴν
3541 3968 3621 4023 τοῦ

2062 4047 2188 4101 ὅλου
2210 4065 2224 4079 ·
2253 4049 2362 4104 τῶν
2390 4051 2447 4102 δὲ
2483 4053 2760 4124 κειμένων
2787 4056 2856 4110 τὰ
2911 4058 3011 4127 μὲν
3054 4059 3222 4128 φύσει
3260 4061 3394 4131 ἔσχε
3427 4059 3486 4113 τὸ
3528 4061 3624 4111 κεί⁸

2065 4139 2211 4203 σθαι,
2241 4139 2318 4205 ὡς
2346 4142 2406 4196 τὸ
2433 4144 2604 4213 μανὸν
2633 4148 2730 4200 καὶ
2759 4147 2822 4201 τὸ
2863 4151 3067 4204 πυκνόν
3091 4152 3105 4204 l
3129 4152 3201 4205 τὰ
3233 4152 3293 4206 δὲ
3331 4150 3622 4224 προαιρέσει

370 4232 627 4292 possunt,
660 4231 859 4292 praeter
913 4238 1039 4278 eum
1093 4238 1255 4292 quem
1284 4223 1448 4278 habet
1494 4234 1689 4280 totum.
1749 4225 1954 4281 Eorum

2068 4231 2144 4296 ὡς
2173 4233 2236 4287 τὸ
2261 4234 2352 4289 τὸν
2385 4236 2674 4309 ἄνθρωπον
2702 4241 3037 4307 καθέζεσθαι
3056 4260 3071 4275 ⁸
3095 4245 3244 4299 τὰδὲ
3268 4218 3428 4316 τέχνῃ
3445 4285 3458 4306 ,
3482 4218 3551 4309 ὧς
3575 4241 3627 4295 τὸ

371 4329 502 4369 vero
545 4329 667 4384 quae
710 4316 877 4370 situm
904 4313 1126 4377 habent,
1164 4315 1270 4369 alia
1321 4325 1519 4370 natura
1548 4317 1800 4372 eumdem
1837 4334 1958 4374 sor-

2066 4323 2154 4377 τδν
2200 4325 2494 4396 ἀνδριάντα
2536 4329 2832 4385 ἵστασθαι·
2867 4333 2936 4387 τὰ
2963 4334 3021 4389 δὲ
3059 4335 3204 4410 τύχῃ
3224 4379 3242 4405 ,
3272 4313 3515 4401 τόνδε
3543 4334 3625 4387 τὸν

373 4402 470 4458 tita
501 4413 652 4469 sunt,
699 4404 865 4459 veluti
913 4419 1099 4458 rarum
1139 4411 1194 4458 et
1246 4406 1478 4459 densum
1516 4421 1532 4472 ;
1563 4406 1666 4460 alia
1703 4408 1960 4477 arbitrio,

2059 4415 2210 4471 λίθον
2237 4421 2474 4474 πεσόντα
2502 4420 2600 4475 ὡδὶ
2626 4424 2863 4480 κεῖσθαι.

369 4511 571 4591 εκείνη
599 4496 877 4591 hominem
908 4495 1136 4591 sedere;
1171 4495 1278 4550 alia
1315 4505 1453 4562 arte,
1482 4512 1534 4552 e.
1578 4512 1699 4570 gn;
1722 4508 1964 4559 statuam
2005 4515 2154 4566 stare
2180 4527 2197 4578 ;
2222 4511 2328 4567 alia
2355 4514 2578 4569 fortuna
2607 4531 2704 4571 seu
2736 4532 2892 4586 easu,
2934 4534 2986 4575 e.
3055 4536 3163 4591 gn,
3204 4522 3373 4577 talem
3411 4520 3624 4590 lapidem

370 4587 654 4658 delapsum
685 4587 789 4641 hac
819 4587 1032 4642 ratione
1054 4589 1260 4657 jacere.

441 4679 498 4734 2.
530 4677 822 4750 Proprium
863 4695 995 4735 vero
1029 4689 1112 4736 est
1147 4682 1288 4751 ejus,
1343 4683 1492 4752 quod
1519 4683 1687 4739 situm
1719 4694 1829 4752 est,
1859 4690 1958 4743 de-

373 4771 710 4826 nontinative
763 4787 795 4825 a
850 4771 961 4827 situ
1017 4773 1145 4842 (seu
1198 4773 1498 4845 positione)
1559 4775 1689 4832 dici.
1741 4777 1788 4832 A
1839 4795 1957 4835 ses-

371 4866 527 4920 sione
554 4864 702 4920 enim
731 4864 932 4920 dicitur
962 4866 1172 4931 sedere,
1208 4876 1262 4922 et
1309 4883 1339 4921 a
1364 4869 1604 4924 statione
1629 4879 1799 4937 stare,
1835 4881 1888 4925 et
1927 4888 1958 4927 a

369 4956 734 5014 reclinatione
771 4957 1094 5014 reclinatum
1122 4975 1265 5026 esse,
1317 4969 1482 5032 atque
1513 4962 1568 5016 in
1603 4962 1728 5018 aliis
1760 4964 1956 5019 simili-

371 5063 472 5108 ter.
499 5051 678 5120 Quare
693 5063 745 5110 et
770 5053 822 5108 in
843 5054 1044 5125 quibus
1067 5055 1400 5124 positionum
1425 5071 1535 5111 non
1561 5067 1688 5111 sunt
1711 5059 1956 5125 nomina,

371 5164 550 5216 neque
616 5148 928 5218 specierum
981 5147 1200 5218 jacendi
1258 5163 1458 5204 nomen
1516 5150 1689 5206 adest.
1735 5150 1953 5208 Etenim

371 5242 501 5296 huic
544 5241 642 5296 tali
690 5241 1141 5314 contigurationi,
1172 5242 1321 5295 verbi
1375 5243 1548 5313 gratia
1595 5246 1837 5302 cornicis
1861 5257 1958 5302 aut

370 5329 597 5386 alterius
626 5331 955 5402 cujusquam
981 5329 1098 5384 avis
1131 5328 1342 5383 nullum
1374 5341 1554 5386 exstat
1587 5348 1807 5401 nomen,
1828 5337 1957 5406 quia

371 5437 473 5477 nec
503 5423 631 5478 huic
675 5424 769 5478 tali
802 5421 1065 5493 positioni
1112 5431 1291 5476 exstat
1336 5435 1580 5491 nomen;
1633 5441 1738 5496 qua
1798 5427 1853 5481 in
1899 5445 1958 5484 re

374 5529 478 5567 nec
509 5514 760 5584 auspices
781 5513 940 5567 nobis
969 5510 1415 5582 rel'ragabuntur.
1453 5513 1658 5570 Dantes
1695 5517 1842 5572 enim
1873 5519 1956 5573 ni-

375 5601 487 5653 mio
544 5603 726 5658 studio
783 5602 972 5674 ﬁguris
1017 5601 1344 5672 animalium
1399 5605 1624 5660 nomina
1678 5609 1762 5664 vel
1790 5611 1956 5666 etiam

376 5693 708 5759 positionum
767 5695 989 5750 netnina
1040 5693 1191 5765 prius
1239 5694 1544 5766 assignant,
1601 5697 1684 5756 vel
1726 5717 1756 5756 a
1796 5703 1955 5761 nobis

2130 4691 2205 4762 β’.
2252 4693 2410 4747 Ἔστι
2438 4693 2496 4747 δὲ
2529 4695 2660 4750 ἴδιον
2685 4696 2779 4750 τοῦ
2812 4698 3028 4752 κεῖσθαι
3055 4713 3117 4754 το
3151 4699 3502 4771 παρωνύμως
3531 4697 3626 4752 ἀπὸ

2055 4785 2156 4855 τῆς
2193 4786 2394 4851 θέσεως
2421 4787 2680 4857 λέγεσθαι
2702 4805 2716 4820 ⁸
2743 4790 2854 4844 ἀπό
2893 4809 2954 4845 τε
2995 4795 3107 4864 γὰρ
3145 4796 3250 4864 τῆς
3278 4793 3544 4866 καθέδρας
3575 4790 3629 4844 τὸ

2057 4875 2386 4941 καθέζεσθαι
2423 4877 2643 4948 λέγεται
2669 4920 2684 4945 ,
2715 4883 2809 4936 καὶ
2835 4883 2944 4937 ἀπὸ
2985 4884 3089 4954 τῆς
3125 4887 3374 4950 στάσεως
3402 4887 3460 4939 τὸ
3484 4889 3626 4938 ἵστα·

2061 4969 2205 5035 σθαι,
2238 4971 2334 5024 καὶ
2357 4971 2464 5026 ἀπὸ
2485 4973 2589 5043 τῆς
2621 4973 2962 5040 ἀνακλίσεως
2993 4977 3056 5030 τὸ
3088 4978 3484 5033 ἀνακεκλίσθαι
3503 4996 3518 5010 ο
3543 4975 3628 5029 καὶ

2064 5060 2157 5114 ἐπὶ
2187 5062 2296 5116 τῶν
2333 5063 2509 5118 ἄλλων
2531 5064 2832 5130 ὡσαύτως·
2861 5068 2942 5122 διὸ
2974 5070 3072 5124 καὶ
3105 5072 3162 5125 ὲν
3195 5066 3282 5135 οἷς
3313 5071 3420 5124 τῶν
3445 5069 3627 5122 θέσεων

2068 5155 2143 5225 μή
2180 5156 2329 5211 ἐστιν
2360 5157 2626 5228 ὀνόματα,
2650 5160 2772 5214 οὐδὲ
2800 5161 2909 5217 τῶν
2944 5165 3103 5218 εἰδῶν
3131 5163 3229 5219 τοῦ
3257 5165 3470 5219 κεῖσθαί
3494 5165 3627 5217 ἐστιν

2045 5247 2235 5316 ’ὄνομα
2254 5265 2268 5279 °
2305 5249 2402 5303 καὶ
2433 5251 2543 5321 γὰρ
2564 5252 2643 5323 τῷ
2680 5253 2870 5325 τοιῷδε
2902 5258 3278 5330 σχηματισμῷ
3305 5260 3354 5311 εξ
3385 5259 3516 5327 τύχῃ
3541 5256 3627 5320 τῆς

2064 5343 2313 5415 κορώνης
2343 5345 2378 5416 ἢ
2409 5345 2573 5398 ἄλλου
2603 5347 2751 5411 τινὸς
2782 5350 2887 5403 οὐκ
2914 5349 3064 5406 ἔστιν
3093 5350 3266 5423 ὄνομα
3293 5352 3384 5405 διὰ
3415 5351 3475 5404 τὸ
3506 5347 3626 5420 μηδὲ

2066 5434 2165 5504 τῆς
2195 5435 2456 5508 τοιαύτης
2487 5436 2692 5502 θέσεως
2717 5439 2892 5513 ὄνομα
2938 5436 3080 5498 εἶναι
3111 5446 3208 5498 καὶ
3261 5442 3624 5498 οἰωνοσκόπων

2065 5528 2198 5597 ἡμῖν
2243 5528 2304 5581 ού
2352 5529 2788 5602 διενεχθήσονται
2843 5535 3068 5601 παῖδεςο
3119 5537 3356 5599 διδόντες
3411 5535 3516 5606 γὰρ
3565 5534 3622 5586 ἐκ

2066 5617 2270 5690 πολλῆς
2303 5617 2617 5691 φιλοτιμίας
2641 5625 2753 5687 τοῖς
2795 5625 3042 5698 σχήμασι
3073 5628 3178 5682 τῶν
3212 5628 3368 5693 ζώων
3398 5630 3620 5697 ὀνόματα

2063 5711 2097 5779 ἦ
2135 5714 2229 5767 καὶ
2258 5713 2367 5768 τῶν
2400 5713 2606 5771 θέσεων
2653 5718 3060 5790 προδεδώκασιν
3088 5724 3120 5792 ἢ
3151 5723 3339 5777 λαϐεῖν
3367 5721 3472 5776 εἰσὶ
3501 5714 3616 5787 παρ’
