3826 6206
228 359 323 425 8ὒ9
968 364 1069 424 AD
1106 358 1699 425 AMPIIILOCHIUM
1755 356 2103 428 QU/ESTIO
2129 359 2375 422 CXLVI.
2426 362 2705 422 CXLVII.

3353 362 3467 424 810

228 473 373 543 ἡμῶν
398 471 573 542 ἔνοχοι
599 486 615 503 ⁸
637 470 775 525 ἀλλὰ
812 472 939 540 περὶ
973 471 1073 541 μὲν
1102 469 1309 523 τούτων
1337 471 1396 523 ὲν
1426 467 1628 528 ἄλλοις.
1649 463 1779 519 Δεύ-

1888 466 2129 522 mutuari
2155 477 2445 538 coguntur.
2504 468 2706 523 Verum
2767 470 2834 524 de
2890 471 2973 527 his
3010 470 3159 526 alibi.
3210 472 3463 527 Secunda

224 580 369 635 τερον
395 562 453 617 δὲ
483 564 612 616 ἴδιον
635 562 729 616 τοῦ
761 563 977 616 κεῖσθαι
1021 563 1082 615 τὸ
1128 562 1331 632 ὁμοίως
1380 560 1633 630 λέγεσθαι
1663 560 1786 612 κατ’

224 655 375 711 αὐτόο
403 655 605 726 ὁμοίως
638 654 746 726 γὰρ
788 655 1062 727 καθῆσθαι
1087 654 1321 725 λέγομεν
1355 654 1447 707 καὶ
1491 653 1784 723 ἀνομοίως,

223 747 312 801 καὶ
342 746 729 801 ἀνακεκλίσθαι
760 747 962 817 ὁμοίως
990 747 1086 799 καὶ
1118 746 1411 816 ἀνομοίως.
1437 745 1630 813 Τρίτον
1656 744 1785 797 ἴδιον

221 836 279 891 τὸ
326 836 392 889 τὰ
443 836 759 905 ἀναγόμενα
818 836 910 888 ὑπ’
954 835 1123 906 αὐτὴν
1170 836 1244 906 μὴ
1295 836 1435 889 κατὰ
1481 836 1574 889 τὸν
1622 834 1786 888 αὐτὸν

220 927 505 995 ἀνάγεσθαι
557 928 793 998 τρόπον·
846 927 906 979 τὸ
947 927 1046 996 μὲν
1091 927 1200 997 γὰρ
1243 927 1514 998 καθῆσθαι
1549 928 1783 999 πρώτως

219 1020 471 1087 ἀνάγεται
501 1019 607 1072 ὑπὸ
635 1019 697 1072 τὸ
725 1019 941 1073 κεῖσθαι
996 1020 1090 1072 καὶ
1131 1020 1246 1073 ἔστι
1282 1020 1491 1093 κυρίως
1530 1022 1781 1075 κεῖσθαι*

216 1110 275 1162 τὸ
318 1109 371 1162 δὲ
415 1110 781 1181 καθεζόμενον
821 1112 926 1164 ὑπὸ
966 1113 1028 1167 τὸ
1076 1113 1290 1165 κεῖσθαι
1338 1113 1556 1181 λέγεται
1586 1114 1784 1182 ἀνάγε-

218 1200 357 1266 σθαι,
404 1202 487 1253 ὅτι
516 1201 621 1254 ὑπὸ
646 1203 708 1255 τὸ
739 1202 991 1272 κείμενον
1036 1203 1299 1272 ἀνάγεται
1344 1203 1600 1276 πρώτως,
1647 1206 1782 1274 ὅπερ

214 1291 327 1345 ἐστὶ
378 1292 663 1363 σύστοιχον
709 1293 790 1364 τῷ
853 1294 1103 1348 κεῖσθαι·
1146 1295 1409 1360 ὡσαύτως
1455 1298 1511 1349 δὲ
1566 1298 1666 1352 καὶ
1721 1297 1783 1351 τὸ

214 1382 498 1453 ἱστάμενον
526 1385 621 1437 καὶ
650 1383 711 1436 τὸ
740 1385 1172 1454 ἀνακεκλιμένον
1214 1386 1319 1439 ὑπὸ
1352 1387 1413 1440 τὸ
1444 1388 1658 1441 κεῖσθαι
1696 1387 1782 1441 λέ-

212 1492 395 1544 γονται
444 1476 786 1544 ἀνάγεσθαι,
833 1478 915 1531 ὅτι
970 1478 1080 1532 ὑπὸ
1145 1478 1207 1532 τὸ
1269 1478 1554 1551 σύστοιχον
1615 1481 1778 1534 αὑτοῦ

213 1568 439 1641 πρώτως
496 1570 821 1636 ἀνάγονταιο
885 1572 979 1624 καὶ
1035 1571 1195 1644 δῆλον
1247 1573 1567 1641 κάντεῦθεν,
1616 1576 1643 1628 ὃ
1688 1575 1782 1630 καὶ

213 1662 555 1733 προείρηται,
597 1664 677 1717 ὃτι
727 1664 784 1716 αἱ
813 1664 1138 1736 κατηγορίαι
1183 1665 1245 1719 οὐ
1272 1666 1491 1731 πάντως
1541 1685 1779 1738 κατηγο-

211 1752 423 1821 ροῦνται
469 1752 546 1815 ὠς
573 1756 643 1805 τὰ
673 1752 829 1825 γένη.
864 1754 1137 1824 Τέταρτον
1191 1755 1323 1809 ῐδιον
1352 1755 1446 1808 τοῦ
1474 1758 1691 1810 κεῖσθαι
1718 1759 1780 1811 τὸ

212 1844 559 1916 ἀποτέλεσμα
588 1841 730 1898 εἶναι
766 1846 899 1899 αὐτὸ
927 1846 1026 1916 τῆς
1069 1846 1270 1911 θέσεως
1324 1851 1419 1902 καὶ
1461 1844 1522 1903 οὗ
1566 1853 1711 1903 ἐστιν
1745 1853 1775 1921 ἡ

208 1935 355 1999 θέσις
374 1953 388 1968 ’
426 1938 522 1990 καὶ
550 1937 637 2007 εἴη
664 1938 731 1992 ἂν
763 1939 970 2010 κυρίως
1002 1939 1132 1994 ἴδιον
1159 1940 1241 1993 δτι
1272 1941 1367 1993 καὶ
1395 1943 1774 2013 ἀντιστρέφειο

205 2030 341 2100 ὅπερ
369 2029 476 2103 γάρ
507 2031 625 2084 ἐστι
659 2032 908 2097 κεῖσθαι,
960 2034 1070 2086 ἀπό
1116 2050 1176 2086 τε
1220 2035 1323 2105 τῆς
1363 2035 1563 2101 θέσεως
1594 2041 1692 2092 καὶ
1718 2034 1778 2094 οὗ

203 2123 349 2175 ἔστιν
393 2125 425 2193 ἡ
469 2123 618 2187 θέσις
667 2124 1038 2196 ἀπετελέσθη⁸
1094 2127 1188 2180 καὶ
1237 2129 1375 2199 ὅπερ
1410 2130 1528 2183 ἐστὶ
1582 2132 1777 2197 ταῦτα,

204 2214 415 2267 κεῖσθαί
445 2217 583 2270 ἐστι.
611 2218 721 2269 Καὶ
749 2218 877 2288 περὶ
907 2218 1007 2287 μὲν
1033 2220 1129 2289 τῆς
1161 2220 1362 2285 θέσεως
1388 2222 1562 2275 ταῦτα
1584 2240 1597 2253 ·
1629 2224 1699 2277 τὰ
1721 2223 1779 2277 δὲ

204 2304 346 2358 κατὰ
380 2304 658 2374 ἀπόφασιν
707 2305 814 2359 ἴδια
862 2307 1091 2360 πλεῖστὰ
1123 2325 1185 2376 γε
1220 2309 1351 2361 ὄντα
1398 2310 1494 2362 καὶ
1540 2310 1640 2362 οὐκ
1687 2310 1783 2363 ἐπὶ

204 2395 341 2449 πολὺ
373 2397 621 2466 χρήσιμα
650 2440 665 2461 ,
702 2397 877 2459 ἄλλως
910 2415 970 2451 τε
997 2398 1055 2452 δὲ
1089 2401 1184 2453 καὶ
1219 2400 1522 2471 εὐπόριστα
1548 2402 1779 2456 κάνθάδε

201 2486 641 2559 παραλελείφθω.

724 2624 1064 2676 ΕΡΩἸἩΣΙΣ
1096 2625 1272 2678 ΡΜΖ⁹.

751 2736 893 2790 Περὶ
920 2736 1027 2790 τοῦ
1062 2738 1225 2792 ποτέ.

1889 559 2197 628 proprietas
2226 576 2240 612 :
2272 561 2529 616 similiter
2573 561 2677 615 dici
2714 576 2778 616 ac
2814 561 3183 620 dissimiliter.
3214 562 3464 620 Dicimus

1887 651 2034 705 enim
2067 652 2316 707 similiter
2336 654 2524 708 sedere
2545 669 2609 709 ac
2638 654 3002 719 dissimiliter,
3031 665 3086 711 et
3111 657 3465 714 discumbere

1887 745 2142 800 similiter
2213 757 2379 816 atque
2448 747 2810 803 dissimiliter.
2893 746 3075 803 Tertia
3130 750 3459 819 proprietas,

1886 838 2031 907 quod
2065 854 2188 909 quae
2238 839 2308 893 ad
2357 838 2503 893 istud
2559 841 3040 909 praedicamentum
3102 844 3462 909 reducuntur,

1888 945 1995 983 non
2088 930 2277 983 eodem
2353 932 2693 985 reducuntur
2768 931 2955 987 modo.
3040 930 3241 989 Sedere
3314 936 3460 988 enim

1885 1023 2060 1093 primo
2100 1023 2379 1078 reducitur
2414 1023 2482 1077 ad
2515 1023 2684 1078 situm
2737 1038 2860 1078 esse
2892 1032 3084 1093 estque
3131 1025 3347 1095 proprie
3377 1026 3461 1094 ja-

1885 1131 2028 1180 cere,
2055 1131 2148 1170 seu
2176 1116 2339 1169 situm
2363 1131 2482 1189 esse
2508 1116 2738 1175 ;sedens
2765 1130 2897 1171 vero
2949 1116 3015 1169 ad
3046 1114 3231 1186 jacere
3262 1115 3462 1170 dicitur

1885 1208 2093 1273 reduci,
2134 1208 2264 1277 quia
2319 1206 2575 1278 adjacens
2629 1208 2807 1276 primo
2853 1207 3159 1271 reducitur,
3205 1209 3352 1279 quod
3409 1210 3462 1261 in

1884 1300 2074 1356 eadem
2107 1311 2189 1356 est
2218 1300 2382 1364 serie,
2406 1316 2513 1370 qua
2543 1308 2596 1355 et
2620 1301 2844 1368 jacere;
2899 1301 2972 1355 ita
3001 1311 3055 1356 et
3084 1312 3235 1358 stans
3265 1311 3319 1357 et
3349 1303 3463 1357 (lis-

1885 1394 2151 1448 cumbens
2183 1393 2249 1447 ad
2275 1393 2458 1462 jacere
2498 1392 2757 1445 dicuntur
2789 1391 2997 1456 reduci,
3038 1394 3166 1462 quia
3202 1393 3269 1447 ad
3306 1394 3463 1446 aﬂine

1882 1486 2004 1556 ejus
2036 1486 2215 1555 primo
2246 1484 2618 1549 reducuntur;
2680 1493 2845 1553 atque
2898 1482 3026 1537 hinc
3070 1484 3235 1537 etiam
3282 1483 3459 1535 mani-

1885 1577 2085 1633 festum
2140 1577 2219 1642 ﬁt,
2273 1578 2414 1645 quod
2472 1585 2527 1630 et
2588 1583 2751 1629 antea
2782 1575 2991 1629 dictum
3026 1573 3152 1640 fuit,
3187 1573 3455 1644 praedica-

1883 1682 2068 1724 menta
2118 1686 2226 1723 non
2275 1668 2501 1723 omnino
2548 1668 2834 1738 praedicari
2888 1677 2941 1722 ut
2998 1681 3219 1737 genera.
3253 1665 3459 1731 Quarta

1815 1804 1856 1859 Β
1885 1764 2217 1834 proprietas,
2276 1763 2456 1833 ipsum
2488 1777 2610 1817 esse
2638 1761 2891 1817 effectum
2923 1762 3085 1825 situs,
3117 1768 3168 1814 et
3198 1760 3316 1829 ejus
3366 1774 3463 1813 cu-

1880 1859 1972 1929 jus
2007 1858 2147 1914 situs
2176 1866 2301 1923 est;
2332 1856 2477 1926 quod
2527 1856 2693 1910 etiam
2747 1869 2874 1909 vere
2934 1852 3102 1907 fuerit
3139 1852 3460 1923 proprium;

1886 1970 2017 2009 nam
2050 1962 2106 2010 et
2143 1953 2502 2009 convertitur.
2536 1950 2692 2017 Quod
2719 1948 2864 2003 enim
2883 1947 3182 2017 cstjacere,
3211 1954 3265 2000 et
3292 1960 3320 1997 a
3353 1944 3460 1998 situ

1882 2058 1937 2100 et
1961 2045 2139 2109 abeo,
2199 2043 2359 2113 cujus
2407 2050 2491 2097 est
2527 2041 2690 2105 situs,
2743 2038 2999 2093 eﬁectum
3054 2046 3161 2099 est,
3209 2045 3265 2090 et
3315 2035 3458 2102 quod

1882 2140 1998 2193 inec
2035 2138 2217 2203 habet,
2238 2137 2423 2207 jacere
2456 2145 2565 2191 est.
2613 2134 2794 2204 Atque
2829 2135 2943 2186 11ωο
2975 2132 3041 2185 de
3070 2131 3200 2183 situ.
3234 2126 3465 2195 Propria

1882 2242 2066 2285 autem
2123 2228 2395 2297 negativa,
2458 2242 2583 2281 eum
2651 2224 2900 2295 plurimae
2957 2223 3069 2275 sint
3130 2234 3229 2272 nec
3280 2217 3464 2270 muer

1881 2323 2157 2388 utilitatis,
2188 2328 2246 2376 et
2275 2319 2616 2388 caeteroquin
2650 2316 2812 2373 facile
2850 2315 3030 2385 colligi
3083 2321 3306 2381 queant,
3359 2310 3463 2363 hoc

1877 2411 2042 2466 etiam
2074 2410 2198 2464 loco
2226 2406 2554 2463 omittimus.

2056 2625 2388 2696 QUABSTIO
2425 2624 2661 2682 CXLVII
2702 2622 2894 2696 [CoisL
2928 2616 3253 2689 CLXXXII].

2090 2743 2166 2796 De
2199 2742 2410 2797 auando
2436 2758 2526 2796 seu
2576 2742 2639 2794 de
2668 2740 2935 2795 cateaoria
2971 2739 3239 2804 temporis.

1244 2893 1386 2943 Nunc
1410 2895 1619 2958 primum
1644 2899 1771 2948 edita
1799 2915 1827 2948 a
1852 2902 1908 2950 Ι).
1944 2874 2371 2963 Ηειιέοητοοιιιθτ.

270 3022 422 3078 Ποτὲ
453 3022 513 3076 δέ
546 3023 665 3076 ἐστι
695 3022 756 3076 τὸ
783 3025 841 3076 ὲν
873 3024 1051 3093 χρόνῳ
1099 3018 1261 3078 εἶναι.
1306 3024 1438 3095 Εῑδη
1489 3026 1549 3079 δὲ
1607 3028 1772 3081 αὑτοῦ

190 3116 435 3171 τοσαῦτα
455 3157 471 3182 ,
507 3116 607 3169 ὅσα
639 3114 960 3169 ὑποτίθεταί
1008 3133 1090 3179 τις
1120 3111 1260 3171 εἶναι
1292 3118 1385 3170 καὶ
1416 3120 1509 3171 τοῦ
1542 3120 1734 3189 χρόνου
1758 3136 1772 3150 ο

1955 3030 2179 3095 Quando
2214 3040 2300 3085 est
2324 3030 2375 3083 in
2415 3039 2657 3098 tempore
2687 3042 2831 3081 esse.
2878 3024 3103 3094 Species
3134 3037 3299 3091 porro
3339 3020 3473 3089 ejus.

1884 3131 1964 3176 tot
1979 3131 2124 3184 sunt,
2150 3132 2284 3192 quot
2300 3123 2423 3192 quis
2441 3122 2696 3190 supponit
2716 3131 2769 3173 et
2795 3116 3056 3186 temporis
3076 3130 3200 3170 esse
3223 3114 3456 3183 species.

191 3210 244 3262 εἰ
278 3209 376 3278 μὲν
419 3208 530 3279 γὰρ
571 3208 899 3279 συναριθμεί
921 3226 1005 3272 τις
1032 3210 1125 3262 καὶ
1148 3209 1208 3299 τὸ
1236 3208 1353 3275 νῦν,
1379 3212 1499 3264 ἐστὶ
1526 3181 1653 3283 τρία
1676 3229 1691 3244 ⁸
1723 3213 1773 3267 εἰ

1884 3210 1941 3267 Si
1992 3216 2116 3284 quis
2172 3215 2318 3270 enim
2347 3223 2401 3268 et
2428 3229 2670 3284 praesens
2707 3218 3047 3266 momentum
3076 3214 3456 3269 conuulneret,

190 3302 253 3355 δὲ
278 3303 376 3373 μὴ,
407 3303 545 3373 ὅπερ
580 3303 675 3356 καὶ
705 3301 1040 3372 ἀληθὲς-,δύο
1060 3319 1073 3333 ’
1107 3303 1168 3356 τό
1191 3321 1251 3356 τε
1283 3306 1340 3357 ὲν
1377 3305 1773 3375 παρεληλυθότι

190 3389 340 3446 εἶναι
372 3394 468 3446 καὶ
495 3394 554 3446 ὲν
607 3392 879 3463 μέλλοντι.
910 3393 1033 3446 Ἔτι
1068 3396 1128 3447 τὸ
1156 3396 1216 3447 ὲν
1238 3395 1415 3467 χρόνῳ
1444 3391 1584 3450 εἶναι
1618 3398 1776 3465 λεγὸ-

192 3501 361 3554 μενον
390 3483 420 3554 ἢ
445 3486 502 3536 έν
538 3485 743 3555 πρώτῳ
773 3478 914 3537 εἶναι
962 3484 1184 3553 λέγεται
1214 3487 1247 3557 ἢ
1276 3489 1332 3539 ἐν
1359 3489 1599 3560 δευτέρῳ
1622 3508 1635 3520 ο
1680 3493 1775 3545 καὶ

185 3582 249 3632 ὲν
281 3578 503 3651 πρώτῳ,
531 3581 660 3634 ὅταν
684 3582 712 3634 ὁ
742 3582 933 3651 χρόνος
962 3582 1036 3652 μή
1064 3583 1181 3636 ἐστι
1220 3585 1421 3653 μείζων
1453 3587 1593 3655 μήτε
1620 3586 1776 3639 ἐλάτ-

184 3688 304 3725 των
328 3672 428 3741 τῆς
457 3676 725 3743 κινήσεως
765 3672 860 3724 τοῦ
892 3673 1189 3743 λεγομένου
1220 3676 1279 3728 ὲν
1303 3676 1454 3746 αὑτῷ
1498 3673 1639 3731 εἶναι
1660 3693 1674 3706 ⁸
1716 3682 1773 3730 ὲν

181 3765 435 3834 δευτέρῳ
476 3765 552 3830 δὲ,
602 3767 733 3819 ὅταν
863 3764 1067 3834 μείζων
1108 3768 1204 3820 καλ⁹
1251 3767 1773 3839 ὑπερεκτεινόμενος

178 3857 292 3924 τῆς
345 3856 643 3926 κινήσεωςο
699 3857 833 3909 καθό
877 3874 1059 3928 φαμεν
1104 3860 1154 3912 εί
1206 3856 1363 3928 τύχοι
1420 3862 1477 3914 έν
1524 3864 1590 3931 τῇ
1646 3863 1772 3931 χθὲς

180 3950 381 4021 ἡμέρᾳ
407 3950 557 4003 τόνδε
587 3951 971 4023 γεγεννῆσθαι,
993 3951 1069 4023 μὴ
1094 3951 1223 4022 ὅλης
1256 3952 1357 4022 τῆς
1392 3953 1520 4025 χθὲς
1553 3956 1772 4026 ἡμέρας

180 4036 610 4107 παραταθείσης
664 4041 728 4110 τῇ
776 4042 1031 4109 γεννήσει
1079 4039 1288 4107 αὑτοῦ,
1346 4042 1484 4096 ἀλλὰ
1542 4044 1772 4115 βραχέος

179 4129 294 4199 μέν
345 4146 490 4192 τινος
533 4130 900 4201 διαστήματος
947 4132 1085 4203 αὐτῇ
1122 4134 1633 4205 συμμετρηθέντος,
1674 4137 1769 4189 τοῦ

173 4222 241 4274 δὲ
268 4219 436 4273 ἄλλου
473 4221 667 4292 χρόνου
703 4223 1122 4293 ὑπερταθέντος.
1146 4224 1267 4277 Ἔτι
1296 4226 1391 4278 τοῦ
1423 4227 1555 4280 ποτὲ
1582 4231 1642 4280 τὸ
1672 4230 1771 4297 μέν

170 4315 339 4367 ἐστιν
386 4314 715 4384 ὡρισμένον,
764 4317 823 4368 τὸ
872 4316 928 4369 δὲ
968 4315 1029 4369 οὔ
1057 4332 1070 4345 ⁸
1105 4317 1409 4389 ὡρισμένον
1442 4319 1562 4389 μὲν,
1590 4320 1665 4383 ὡς
1705 4321 1769 4374 τὸ

171 4403 337 4475 χθὲς,
374 4406 637 4475 σήμερον,
676 4404 887 4477 αὔριον,
910 4408 1130 4477 πέρυσι,
1164 4410 1258 4461 καὶ⁴
1283 4409 1350 4462 τά
1377 4410 1538 4478 ὃμοια
1559 4426 1570 4438 ·
1614 4411 1770 4482 ἀόρι-

1877 3317 2040 3360 crunt
2070 3316 2177 3361 tres
2212 3325 2226 3371 ;
2259 3308 2342 3361 sin
2371 3316 2576 3370 autem,
2607 3304 2751 3374 quod
2789 3313 2843 3357 et
2873 3317 3082 3367 verum,
3118 3301 3239 3354 dua:
3269 3318 3282 3353 :
3317 3315 3453 3366 pra:-

1879 3402 2099 3455 teritum
2146 3411 2199 3455 et
2240 3400 2504 3454 futurum.
2576 3399 2707 3451 item
2754 3396 2898 3466 quod
2946 3396 2999 3448 in
3041 3404 3288 3463 tempore
3337 3406 3459 3446 esse

1876 3496 2100 3555 dicitur.
2136 3504 2229 3547 aut
2260 3495 2312 3546 in
2341 3493 2520 3563 primo
2548 3504 2645 3545 aut
2686 3490 2742 3543 in
2777 3489 3025 3543 secundo
3058 3503 3181 3542 esse
3214 3485 3457 3551 dicitur;

1877 3588 1932 3641 in
1969 3588 2168 3655 primo,
2204 3587 2427 3654 quando
2460 3594 2680 3654 tempus
2736 3599 2841 3637 nec
2900 3582 3080 3652 majus
3108 3590 3321 3636 estnec
3349 3581 3456 3634 mi-

1875 3697 1982 3736 nus
2018 3690 2161 3735 motu
2190 3680 2331 3750 ejus,
2363 3679 2509 3749 quod
2538 3678 2744 3733 dicitur
2776 3676 2828 3729 in
2860 3676 2951 3728 illo
2983 3692 3141 3740 esse;
3180 3676 3235 3727 in
3259 3689 3460 3729 secun-

1874 3769 1968 3835 do,
2002 3770 2223 3840 quando
2270 3770 2448 3838 majus
2500 3768 2573 3821 sit
2613 3766 2900 3837 magisque
2924 3774 3237 3827 extensum,
3290 3778 3453 3833 quam

1877 3870 2079 3914 motus.
2113 3859 2233 3924 Quo
2268 3873 2433 3913 sensu
2484 3856 2742 3918 dicimus,
2806 3871 2858 3910 e.
2921 3871 3029 3924 ειη,
3063 3855 3325 3909 hesterno
3367 3851 3456 3906 die

1875 3951 2022 4004 hunc
2072 3950 2353 4003 hominem
2415 3956 2601 4000 natum
2650 3962 2795 4012 esse,
2844 3962 2968 3999 cum
3014 3960 3123 3997 non
3171 3952 3314 3997 totus
3338 3943 3456 3996 dies

1874 4054 2199 4098 coextensus
2259 4041 2424 4095 fuerit
2478 4040 2600 4109 ejus
2655 4039 2949 4100 nativitati,
2990 4037 3085 4092 sed
3124 4037 3286 4090 breve
3325 4049 3456 4104 spa-

1874 4134 2009 4187 tium
2042 4132 2117 4185 illi
2172 4145 2549 4185 commensum
2578 4130 2670 4195 sit,
2737 4127 3010 4196 reliquum
3072 4140 3204 4180 vero
3242 4135 3459 4192 tempus

1873 4235 2350 4296 superextensum.
2382 4223 2607 4293 Insuper
2628 4220 2851 4292 quando
2873 4220 3018 4273 aliud
3037 4228 3122 4273 est
3140 4218 3449 4281 deﬁnitum,

1873 4318 2020 4372 aliud
2048 4333 2176 4371 vero
2217 4333 2361 4371 non:
2392 4316 2700 4381 deﬁnitum,
2762 4327 2823 4370 ut
2857 4312 2995 4381 heri,
3059 4311 3244 4376 hodie,
3304 4325 3448 4376 cras,

1875 4428 2019 4465 anno
2039 4411 2330 4481 superiori,
2350 4420 2405 4465 et
2435 4411 2518 4464 Itis
2547 4410 2782 4473 similia;
2814 4410 3182 4471 indeﬁnitum,
3216 4418 3272 4461 nt
3295 4404 3447 4472 olim,

171 4514 315 4550 στον
366 4496 422 4549 δὲ
463 4498 537 4560 ὡς
565 4498 626 4551 τὸ
656 4498 849 4562 πάλαι,
887 4498 1194 4569 πρόπαλαι,
1234 4500 1386 4571 ἄρτι,
1426 4502 1565 4572 μετὰ
1598 4503 1727 4556 τάδε
1750 4522 1762 4533 ·

1879 4501 2217 4570 iampridem,
2261 4514 2455 4569 nuper,
2504 4498 2875 4569 postmodum.
2934 4496 3194 4567 Spectant
3226 4496 3355 4549 item
3382 4496 3453 4549 ad

164 4598 268 4665 εἴη
303 4594 353 4647 δ’
386 4592 452 4646 ἂν
482 4594 575 4646 καὶ
601 4592 774 4646 ταῦτα
811 4593 905 4647 τοῦ
936 4594 1088 4659 ποτὲ,
1113 4594 1260 4663 λέγω
1283 4594 1347 4666 δὴ
1379 4594 1440 4648 τὸ
1468 4596 1557 4649 ὅτε
1589 4596 1683 4649 καὶ
1708 4599 1770 4649 τὸ

162 4688 304 4739 τότε
340 4686 440 4738 καὶ
474 4687 534 4739 τὸ
557 4686 822 4758 πρότερον
853 4687 948 4740 καὶ
973 4686 1218 4758 ὕστερον,
1266 4689 1362 4742 καὶ
1396 4689 1513 4760 ἅμα
1542 4690 1636 4741 καὶ
1664 4689 1767 4761 ἤδη

161 4780 277 4834 καὶ
312 4778 489 4848 βραδὺ
535 4779 631 4832 καὶ
664 4776 824 4848 ταχύ.
872 4778 1085 4832 Είδέναι
1122 4779 1179 4832 δὲ
1212 4779 1319 4851 χρὴ
1344 4819 1360 4845 ,
1403 4781 1485 4833 ὅτι
1517 4780 1579 4833 τὸ
1617 4782 1764 4851 χθὲς,

164 4871 458 4939 σήμερον,
479 4867 690 4939 αὔριον,
712 4870 889 4922 καὶτὰ
910 4870 1095 4940 ὅμοια,
1122 4868 1389 4941 ὁμώνυμα
1405 4872 1540 4925 ἐστι·
1564 4871 1641 4940 πῆ
1667 4871 1766 4941 μὲν

158 4964 290 5033 γὰρ
325 4963 524 5034 χρόνον
552 4964 713 5032 μόνον
738 4962 990 5033 σημαίνει
1039 4963 1132 5014 καὶ
1185 4962 1334 5014 ἐστιν
1361 4961 1476 5033 εἴδη
1508 4961 1606 5015 τοῦ
1640 4963 1767 5033 χρό-

158 5073 295 5122 νου,
327 5056 409 5126 πῆ
438 5056 493 5109 δὲ
522 5056 582 5108 τὸ
615 5059 673 5108 έν
713 5055 888 5125 χρόνῳ
929 5050 1067 5106 εἶναί
1105 5072 1157 5106 τι
1203 5053 1299 5107 καὶ
1330 5053 1478 5107 ἐστιν
1525 5055 1640 5123 είδη
1673 5055 1767 5108 τοῦ

158 5148 347 5201 ποτέ·
406 5149 500 5200 καὶ
547 5146 739 5217 λέληθε
790 5146 949 5198 τοῦτο
989 5147 1084 5196 καὶ⁵
1131 5143 1241 5197 τῶν
1287 5144 1453 5197 πάλαι
1499 5144 1767 5209 δοξάντων

158 5239 558 5310 φιλοσοφῆσαι
585 5239 685 5291 οὐκ
718 5238 951 5304 ὀλίγους.
1002 5236 1271 5305 ’Υπάρχει
1300 5235 1358 5289 δὲ
1385 5236 1462 5305 τῷ
1498 5236 1628 5289 ποτὲ
1666 5237 1768 5305 μά-

152 5338 350 5390 λιστα.
381 5334 442 5386 τὸ
471 5332 901 5405 προσσημαίνειν
933 5330 1125 5399 χρόνον
1146 5346 1160 5361 ο
1198 5329 1276 5382 ἔτι
1321 5329 1377 5381 δὲ
1428 5329 1557 5381 ἴδιον
1598 5328 1765 5381 αὑτοῦ

148 5429 230 5483 τὸ
267 5427 635 5496 ἀποτέλεσμα
666 5423 807 5478 εῖναι
837 5423 1031 5495 χρόνου
1062 5423 1161 5476 καὶ⁷
1184 5420 1427 5497 τῶνὶὺπὸ
1462 5422 1673 5489 χρόνον·
1707 5422 1765 5473 ἐν

147 5526 236 5593 τῇ
271 5521 426 5589 πρὸς
457 5517 593 5573 ἄλλα
625 5517 777 5588 (γὰρ
805 5515 1051 5585 τούτων)
1104 5515 1234 5582 ποιᾷ
1265 5514 1448 5582 σχέσει
1497 5512 1764 5581 λαμϐάνει

143 5615 267 5683 τὴν
299 5610 543 5681 ὓπαρξιν
563 5625 578 5640 ο
613 5608 697 5678 εἴη
729 5607 772 5659 δ’
796 5607 861 5660 ἂν
889 5604 1037 5675 αὐτῷ
1074 5604 1312 5673 μάλιστα
1340 5602 1499 5655 τοῦτο
1527 5602 1588 5655 τὸ
1614 5603 1762 5655 ίδιον·

147 5704 341 5775 μόνῳ
375 5718 436 5754 τε
470 5700 580 5770 γὰρ
613 5698 850 5768 ὑπάρχει
878 5697 975 5748 καὶ
1016 5694 1553 5762 ἁντικατηγορεῖται.
1602 5691 1764 5747 Ἀλλὰ

140 5811 262 5851 και
345 5794 477 5863 περὶ
529 5790 623 5845 τοῦ
672 5788 805 5843 ποτὲ
850 5786 1085 5841 τοσαῦτα
1142 5784 1300 5837 τοῦτο
1343 5785 1404 5837 τὸ
1460 5783 1757 5853 κάνταῦθα,

1874 4594 2094 4664 quando
2115 4604 2171 4648 et
2195 4592 2345 4659 haec;
2375 4592 2513 4647 dum
2548 4602 2713 4659 atque
2744 4600 2857 4644 tum
2881 4601 2934 4645 et
2968 4591 3142 4661 prius,
3176 4599 3228 4644 et
3262 4596 3448 4658 poste-

1872 4684 2011 4751 rius,
2036 4694 2092 4741 et
2122 4685 2311 4751 simul,
2342 4684 2550 4754 etjam,
2577 4696 2629 4737 et
2657 4686 2973 4747 tandem,et
2992 4684 3119 4737 cito.
3151 4680 3451 4736 Sciendum

1872 4794 2061 4848 porro,
2109 4777 2370 4833 adverbia
2418 4779 2522 4832 ista
2557 4778 2696 4842 lteri,
2748 4776 2932 4842 hodie,
2983 4791 3107 4830 cras
3136 4785 3190 4829 et
3220 4775 3451 4838 similia,

1871 4870 2154 4941 aaquivoca
2184 4885 2340 4936 esse;
2381 4870 2543 4924 modo
2582 4870 2728 4923 enim
2765 4881 2980 4938 tempus
3007 4867 3184 4924 solum
3238 4867 3449 4937 signiﬁ-

1870 4974 2017 5028 cant,
2051 4975 2290 5033 suntque
2336 4962 2597 5031 temporis
2618 4961 2869 5032 species;
2929 4961 3092 5016 modo
3140 4960 3451 5031 signiﬁcant

1871 5057 2080 5127 aliquid
2130 5071 2253 5111 esse
2290 5057 2343 5109 in
2374 5065 2638 5125 tempore,
2675 5064 2911 5123 suntque
2946 5054 3157 5124 species
3185 5054 3448 5123 praedica~

1872 5149 2038 5204 menti
2084 5149 2326 5218 quando.
2350 5148 2528 5216 Atque
2556 5147 2659 5200 hoc
2682 5146 2842 5201 latuit
2870 5156 3111 5201 veterum
3140 5162 3248 5199 non
3272 5145 3446 5199 inﬁmi

1872 5242 2109 5297 nominis
2166 5242 2617 5310 philosophorum
2667 5240 2815 5294 haud
2867 5255 3094 5309 paucos.
3131 5239 3227 5293 Est
3255 5247 3441 5291 autem

1871 5335 1999 5389 huic
2028 5335 2447 5403 praedicamento
2482 5333 2762 5402 proprium
2798 5333 3037 5387 maxime
3062 5330 3444 5400 adsigniﬁcare

1869 5436 2125 5495 tempus;
2192 5424 2321 5478 item
2370 5423 2621 5479 effectum
2686 5440 2809 5479 esse
2865 5423 3124 5493 temporis
3168 5429 3224 5475 et
3247 5435 3439 5474 eorum

1867 5534 1989 5586 qua:
2017 5516 2244 5586 tempori
2275 5517 2532 5571 subsunt.
2570 5516 2794 5587 Hocque
2821 5516 2874 5569 in
2902 5526 3051 5570 certa
3081 5513 3317 5582 quadam
3343 5514 3440 5565 ha-

1867 5610 2115 5664 bitudine
2140 5608 2207 5662 ad
2248 5610 2353 5663 alia
2386 5608 2657 5673 consistit,
2685 5617 2877 5677 estque
2918 5608 3019 5675 ipsi
3052 5605 3286 5658 maxime
3313 5618 3440 5670 pro-

1865 5698 2044 5768 prium
2079 5714 2093 5752 :
2124 5696 2239 5751 Soli
2300 5697 2498 5750 etenim
2536 5697 2677 5751 inest
2730 5704 2783 5749 et
2848 5705 3039 5747 mutuo
3091 5692 3433 5761 prazdicatur.

1872 5789 2070 5847 Verum
2110 5799 2162 5845 et
2193 5789 2260 5844 dc
2304 5789 2514 5859 quando
2568 5789 2680 5844 huic
2720 5786 2853 5842 satis
2876 5826 2891 5852 ,
2922 5786 3143 5841 omissis
3174 5785 3431 5841 nimirum
