3826 6206
354 347 454 417 811
1511 352 1767 412 ΡΗΟἸἪ
1807 351 2308 412 PATRIARCH/E
2337 351 2445 412 (ΣΡ.
3497 342 3594 406 812

356 465 883 536 παραλελειμμένων
916 464 1026 518 τῶν
1056 466 1198 522 κατὰ
1229 463 1504 533 ἀπόφασιν
1552 464 1698 518 ἰδίων
1753 463 1820 517 δι’
1859 461 1926 524 ἂς
1957 511 1962 522 ,

2049 481 2144 518 nec
2175 478 2396 534 quoque
2427 461 2693 531 negativis
2721 458 3142 531 proprietatibus
3175 456 3246 513 ob
3269 470 3468 513 causas
3489 455 3598 525 jam

353 560 531 623 αἰτίας
568 559 888 630 προέφημεν
929 558 1061 629 (35).

2044 553 2230 607 dictas.

1651 688 1981 756 QUIESTIO
2011 683 2288 742 CXLVIII.

1409 859 1891 937 EDITORIS
1988 856 2516 934 MONITUM-

422 1059 660 1126 Quaestio
697 1058 810 1113 hate
834 1058 1015 1127 locum
1036 1056 1185 1112 Pauli
1213 1056 1466 1120 δαισιν,
1487 1057 1553 1112 I5
1574 1056 1850 1126 explanat,
1877 1051 2152 1115 eumdem,
2173 1066 2336 1119 quem
2359 1051 2472 1121 jam
2500 1048 2955 1121 quinquagesima
2985 1059 3178 1118 quarta
3211 1053 3606 1119 pertractatum

351 1155 611 1211 vidimus.
649 1154 720 1208 Ea
747 1168 848 1208 nec
883 1155 938 1207 in
967 1152 1301 1208 Coisliniano
1332 1169 1432 1207 nec
1465 1153 1516 1206 in
1549 1149 1874 1205 Taurinensi
1905 1147 2093 1202 codice
2135 1147 2436 1200 invenitur.
2474 1144 2647 1210 Quam
2696 1159 2820 1198 cum
2864 1144 2918 1196 in
2954 1141 3106 1196 Italia
3143 1143 3247 1197 iter
3278 1147 3607 1212 perageutrs

353 1255 540 1314 utpote
567 1247 793 1300 minoris
821 1245 979 1314 pretii
1011 1244 1132 1298 aliis
1161 1245 1403 1298 nondum
1434 1243 1594 1298 editis
1631 1241 2060 1312 postponendam
2090 1239 2411 1294 duxerimus
2440 1245 2494 1292 et
2527 1237 2580 1290 in
2619 1234 2917 1306 propitiora
2961 1244 3206 1303 tempora
3249 1230 3609 1302 rejeeerimus

354 1337 846 1400 transcribendam,
879 1336 1134 1389 ineditam
1169 1335 1349 1389 adhuc
1375 1337 1683 1404 relinquere
1715 1332 1889 1387 coacti
1925 1346 2138 1385 sumus.

423 1430 644 1484 Initium
682 1429 927 1498 ejusdem
965 1440 1050 1486 est
1087 1430 1140 1484 in
1179 1428 1440 1484 Vaticano
1485 1430 1672 1484 codice
1718 1426 1756 1481 f.
1792 1426 1962 1490 l54,I

2044 1424 2124 1477 thv
2175 1425 2203 1476 6
2256 1421 2501 1486 Παῦλος,
2537 1416 2598 1474 οὗ
2646 1421 2680 1490 ἠ
2728 1419 2954 1487 γλῶσσα
2979 1417 3073 1471 τοῦ
3100 1419 3260 1487 ἁγίου
3291 1413 3609 1481 Πνεὺματος

349 1526 583 1597 δργανον
646 1523 858 1591 (Dicens
893 1523 1118 1590 Paulus,
1154 1525 1305 1595 cujus
1343 1525 1526 1594 lingua
1579 1524 1751 1578 sancti
1787 1520 1962 1590 Spirit:

2055 1501 2519 1582 instrumentum);
2576 1514 2698 1569 linis
2756 1528 2884 1567 vero
2919 1531 2932 1566 :
2976 1513 3044 1564 ti
3073 1513 3130 1564 δὲ
3181 1508 3389 1580 βιϐλία,
3417 1507 3496 1568 ὼς
3528 1507 3616 1557 καὶ

348 1619 383 1689 ἡ
427 1617 494 1683 σὴ
523 1617 883 1689 ἀρχιερατικὴ
926 1607 1220 1686 τελειότης
1260 1617 1674 1675 συνεπίσταται,
1719 1612 1858 1684 μετὰ
1917 1611 2026 1665 τῶν
2069 1609 2270 1673 ἄλλων,
2322 1608 2380 1676 ἒξ
2413 1601 2488 1661 ὧν
2523 1606 2749 1662 δυνατὸν
2783 1604 2904 1676 ζῇν,
2932 1606 2965 1675 ἡ
2992 1601 3344 1674 αἱχμαλωσία
3376 1599 3616 1667 λάφυρον

349 1696 502 1763 {Bero
533 1709 716 1780 (libros
755 1726 896 1773 vero,
927 1711 1062 1763 sicut
1094 1718 1144 1764 et
1179 1718 1271 1764 tua
1297 1709 1436 1762 novit
1465 1704 1786 1777 pontiﬁcalis
1814 1702 2084 1773 perfectio,
2116 1718 2222 1755 una
2245 1715 2364 1755 cum
2396 1699 2542 1764 aliis,
2575 1714 2603 1752 e
2631 1698 2820 1769 quibus
2853 1696 3016 1759 vitam
3045 1711 3199 1765 agere
3230 1692 3616 1760 potuissemus.

351 1808 632 1877 captivitas
667 1811 769 1865 sibi
798 1809 1034 1880 puellam
1069 1808 1295 1884 rapuit).

1361 1937 1686 2006 QUESTIO
1725 1935 1938 1994 cxux
1970 1933 2158 2008 [CoisL
2212 1929 2379 1984 Taur.
2427 1927 2588 2000 cm].

1729 2053 1802 2106 De
1835 2051 1956 2106 vita:
1998 2048 2240 2104 termino.

1056 2169 1199 2220 Edita
1222 2184 1249 2218 a
1273 2167 1400 2218 Maio
1424 2166 1594 2230 (Nom
1615 2165 1825 2216 Collect.
1851 2169 1983 2213 tomo
2004 2161 2045 2222 Ι,
2069 2174 2119 2223 p.
2146 2160 2238 2208 283
2258 2171 2389 2220 seq.;
2431 2157 2493 2216 II,
2519 2171 2568 2220 p.
2592 2155 2685 2205 683
2707 2156 2789 2205 ed.
2807 2154 2969 2215 1825.)

848 2297 1042 2364 Exstat
1071 2299 1215 2362 inter
1245 2313 1406 2367 opera
1434 2295 1494 2350 S.
1525 2293 1802 2362 Germani,
1855 2291 2023 2363 hujus
2070 2289 2347 2360 Patrolog.
2387 2301 2427 2344 t.
2462 2287 2698 2354 XCVIII,
2745 2287 2850 2343 col.
2887 2287 3118 2343 90-1-25.

1945 2481 2017 2495 υ--ο

1956 2590 2004 2648 Β
2570 2588 2905 2643 ΕΡΩΤΠΣΙΣ
2953 2588 3083 2640 ΡΝ⁹⁶

2397 2681 2589 2736 Πόσαι
2620 2681 2907 2735 Σιϐύλλαι
2941 2680 3225 2750 γεγόνασι
3245 2693 3266 2741 ;

1214 2781 1354 2832 Edita
1383 2795 1411 2830 a
1438 2783 1495 2831 Β.
1527 2781 1591 2830 de
1627 2783 1940 2838 Montfaucon
1965 2793 2215 2856 (Biblioth.
2245 2793 2422 2858 Coist,
2445 2810 2495 2859 p.
2519 2796 2630 2856 5n,
2651 2795 2760 2844 548.

487 2596 814 2665 QUIESTIO
849 2596 935 2651 (ΣΙ,
960 2594 1152 2668 [Coisl.
1183 2593 1342 2650 CLX.
1394 2595 1558 2650 Taur.
1591 2595 1796 2668 CLIX].

794 2689 934 2754 Quot
983 2689 1176 2758 fuerint
1219 2685 1437 2757 Sibylla:
1465 2689 1490 2740 ἱ)

429 2866 646 2940 Sibyllae
677 2865 828 2921 fuere
849 2865 1059 2929 decem,
1092 2880 1325 2935 quarum
1369 2865 1558 2936 prima:
1591 2882 1792 2923 nomen
1814 2884 1934 2928 erat

355 2961 692 3038 Sambethe:
747 2974 866 3014 eam
924 2974 1054 3014 vero
1105 2957 1414 3014 Chaldmain
1477 2958 1650 3015 fuisse
1708 2971 1936 3017 narrant

351 3066 602 3120 veteres;
635 3052 727 3108 alii
765 3051 946 3122 potius
994 3049 1303 3115 Hebraeam,
1336 3066 1458 3120 qiue
1481 3052 1646 3108 unius
1687 3069 1752 3108 ex
1805 3053 1932 3111 ﬁliis

353 3145 468 3200 Noe
509 3161 647 3201 uxor
674 3144 778 3199 fuit
807 3154 971 3212 atque
997 3158 1108 3198 una
1137 3158 1261 3197 cum
1293 3143 1388 3196 illo
1416 3153 1472 3197 et
1501 3143 1624 3198 aliis
1657 3145 1710 3198 in
1741 3161 1928 3201 arcam

354 3239 604 3310 ingressa
643 3237 735 3292 sit.
769 3235 922 3291 Hanc
950 3250 1076 3290 vero
1116 3249 1201 3299 ca,
1243 3250 1364 3304 qua:
1390 3235 1457 3289 ad
1487 3236 1654 3291 turris
1689 3238 1928 3292 :editica-

357 3329 560 3382 tionem
625 3326 972 3398 spectabant,
1019 3324 1382 3378 vaticinatain
1444 3325 1654 3388 dicunt,
1719 3343 1933 3382 necnon

356 3435 444 3485 ea,
475 3434 597 3488 qua:
654 3414 972 3472 acciderunt
1003 3415 1068 3469 iis
1099 3415 1192 3484 qui
1244 3414 1296 3468 in
1333 3415 1439 3468 tale
1497 3430 1692 3471 ausum
1725 3433 1924 3486 proru-

357 3529 524 3582 pere;
562 3511 786 3566 oracula
814 3507 1174 3572 verofudisse
1199 3506 1466 3562 Hebraica
1497 3508 1704 3579 lingua,
1742 3518 1929 3579 utpote

357 3620 482 3675 quae
509 3612 636 3657 ante
662 3601 987 3656 divisionem
1043 3601 1355 3670 linguarum
1386 3600 1550 3654 fuerit
1583 3617 1599 3666 ;
1632 3601 1934 3670 quinetiam

358 3696 652 3752 Alexandri
678 3693 990 3749 Macedonis
1007 3701 1160 3763 gesta
1176 3692 1518 3762 praedixisse,
1537 3693 1695 3763 cujus
1717 3710 1938 3764 quoque

359 3789 690 3843 mentionem
721 3785 850 3840 facit
881 3783 1146 3850 Nicanor,
1181 3785 1230 3838 is
1263 3783 1358 3854 qui
1413 3785 1710 3839 Alexandri
1763 3790 1932 3840 vitam

359 3878 600 3948 scripsit.
655 3875 908 3931 Secunda
933 3890 1062 3929 vero
1110 3873 1366 3946 Libyssa,
1401 3873 1562 3944 cujus
1595 3875 1846 3929 meminit
1880 3876 1936 3930 in

359 3973 560 4027 Lamia:
593 3969 820 4040 prologo
842 3965 1129 4035 Euripides
1159 3983 1172 4020 :
1206 3980 1406 4020 nomen
1437 3973 1620 4021 autem
1661 3967 1780 4035 ejus
1823 3982 1935 4021 non

356 4067 516 4137 plane
571 4063 872 4118 declarant.
907 4059 1092 4114 Tertia
1149 4057 1370 4128 Delphis
1413 4067 1540 4113 nata
1602 4067 1708 4123 est,
1776 4060 1937 4129 cujus

2106 2880 2361 2934 Σιϐύλλαι
2414 2881 2513 2951 μὲν
2569 2877 2828 2948 γεγόνασι
2886 2875 3040 2939 δέκα,
3085 2867 3160 2927 ὧν
3216 2871 3417 2944 πρώτη
3455 2871 3618 2942 ὄνομα

2037 2970 2324 3042 Σαμὸήθη,
2355 2969 2628 3024 Χαλδαίαν
2651 2968 2707 3024 δέ
2738 2984 2900 3038 φασιν
2923 2965 3092 3038 αὐτὴν
3118 2967 3168 3018 οἱ
3195 2964 3423 3017 παλαιοὶ
3454 2963 3614 3032 λόγοι,

2037 3067 2086 3118 οἱ
2112 3063 2168 3117 δὲ
2200 3062 2400 3134 μᾶλλον
2452 3061 2708 3132 Ἐϐραίαν
2729 3078 2742 3092 ·
2779 3060 2875 3113 καὶ
2909 3058 2975 3128 δὴ
3003 3057 3099 3112 καὶ
3144 3057 3224 3110 ὲνὶ
3273 3055 3486 3108 παίδων
3529 3054 3616 3106 τοῦ

2035 3154 2163 3209 Νῶε
2186 3155 2266 3218 εἰς
2293 3154 2530 3222 γυναῖκα
2560 3149 2903 3221 ἁρμοσθῆναι
2930 3149 3024 3202 καὶ
3073 3144 3442 3199 συνεισελθεῖν
3478 3142 3618 3214 αὖτῷ

2037 3266 2099 3302 τε
2133 3248 2229 3302 καὶ
2254 3248 2368 3310 τοῖς
2397 3243 2579 3308 ἄλλοις
2603 3246 2660 3296 ὲν
2679 3245 2743 3314 τῇ
2773 3241 3013 3310 κιϐωτῷ.
3039 3240 3256 3310 Ταύτην
3279 3239 3378 3292 καὶ
3400 3238 3470 3291 τὰ
3498 3237 3620 3306 περὶ

2039 3339 2141 3410 τῆς
2162 3335 2553 3409 ιπυργοποιίας
2597 3333 2990 3406 χρησμῳδῆσαι
3034 3349 3187 3401 φασι,
3224 3333 3322 3385 καὶ
3375 3331 3479 3384 ὅσα
3513 3331 3620 3391 τοῖς

2036 3429 2195 3483 τοῦτο
2225 3427 2422 3497 συνέϐη
2449 3411 2788 3496 τολμήσασι·
2822 3423 3220 3496 χρησμῳδῆσαι
3250 3421 3311 3474 δὲ
3362 3421 3476 3492 πρὸ
3525 3419 3621 3488 τῆς

2037 3520 2358 3592 διαιρέσεως
2387 3519 2500 3572 τῶν
2533 3517 2793 3586 γλωσσῶν
2829 3515 3207 3586 γεγενημένην
3235 3512 3465 3584 γλώσσῃ
3493 3512 3624 3581 qaut

2037 3612 2107 3665 τὰ
2137 3610 2604 3683 χρησμῳδηθέντα
2624 3612 2690 3680 τῇ
2737 3607 2981 3679 Ἐϐραΐδι
3012 3623 3026 3636 °
3048 3607 3110 3660 οὐ
3139 3607 3245 3676 μὴν
3272 3606 3351 3670 δὲ,
3376 3605 3515 3658 ἀλλὰ
3533 3604 3627 3657 καὶ

2036 3705 2106 3759 τὰ
2133 3703 2275 3758 κατὰ
2323 3702 2415 3755 τὸν
2459 3701 2810 3770 Ἀλέξανδρον
2850 3699 2942 3754 τὸν
2994 3699 3286 3753 Μακεδόνα
3316 3701 3627 3770 προειπεῖν,

2037 3794 2104 3870 ἦς
2158 3795 2255 3851 καὶ
2313 3796 2536 3867 μνήμην
2590 3794 2846 3864 Νικάνωρ
2889 3794 2918 3845 6
2967 3791 3058 3844 τὸν
3101 3789 3460 3860 Ἀλεξάνδρου
3515 3790 3629 3860 βίον

2039 3887 2363 3960 ἀναγράψας
2390 3883 2712 3958 πετέσέηκεν.
2753 3885 2991 3955 Δευτέρα
3015 3883 3070 3938 δὲ
3092 3882 3359 3946 Λίϐυσσα,
3394 3879 3464 3953 ἧς
3497 3882 3631 3952 μνή-

2045 4002 2150 4056 μην
2180 3983 2474 4052 ὲποιήσατο
2506 3981 2564 4033 ὲν
2591 3977 2670 4050 τῷ
2692 3979 2790 4047 τῆς
2828 3979 3060 4047 Δαμίης
3089 3976 3342 4049 προλόγῳ
3397 3973 3632 4045 Εὐριπίο

2040 4075 2136 4143 δης
2175 4073 2346 4144 ὄνομα
2393 4071 2452 4125 δὲ
2485 4069 2656 4140 αὐτῆς
2709 4069 2769 4122 οὺ
2816 4069 2957 4122 πάνυ
2993 4068 3410 4136 σαφηνίζουσιν.
3455 4067 3629 4138 Τρετη

357 4158 649 4213 historiam
703 4153 1027 4209 memoravit
1061 4150 1423 4222 Chrysippus.
1476 4150 1679 4217 Quarta
1728 4151 1934 4217 Italica,

2044 4163 2313 4233 Δελφὶς,ή
2357 4163 2414 4213 ὲν
2461 4159 2684 4228 Δελφοῖς
2736 4157 3008 4228 τεχθείσα,
3058 4156 3188 4227 περὶ
3237 4153 3309 4230 ἧς
3365 4157 3630 4227 ἱστόρησε

357 4268 481 4322 qua:
515 4251 569 4305 in
624 4248 919 4305 solitudine
955 4245 1124 4300 Italize
1196 4252 1534 4299 commorata
1584 4255 1687 4300 est.
1739 4245 1938 4311 Quinta

360 4343 663 4414 Erythraea,
703 4355 824 4409 qua:
851 4337 979 4394 belli
1013 4335 1239 4407 Trojani
1299 4347 1494 4390 eventa
1530 4336 1934 4406 praenuntiavit,

355 4435 424 4488 de
447 4448 555 4504 qua
598 4433 840 4502 loquitur
867 4428 1234 4499 Apollodorus
1261 4425 1601 4498 Erythraeus.
1657 4427 1820 4482 Sexta
1852 4437 1938 4482 est

358 4528 565 4590 Samia,
598 4525 755 4594 cujus
789 4539 990 4579 nomen
1026 4522 1308 4593 proprium
1345 4521 1500 4576 aiunt
1546 4536 1668 4576 esse
1719 4519 1930 4593 Pytho.

357 4621 599 4692 Septima
637 4621 852 4690 Cymma
912 4617 996 4671 vel
1022 4613 1244 4670 Cumaea
1260 4628 1480 4684 genere,
1515 4613 1735 4667 nomine
1756 4624 1936 4666 autem

355 4713 644 4786 Amalthea
677 4727 694 4777 ;
731 4708 824 4762 alii
856 4707 1174 4778 Erophilam
1213 4713 1434 4770 vocant,
1465 4706 1609 4774 apud
1662 4705 1933 4774 quosdam

353 4820 486 4860 vero
518 4805 660 4859 hanc
703 4800 1120 4871 appellationem
1171 4798 1368 4854 sortita
1425 4804 1511 4850 est
1559 4794 1934 4850 Taraxandra.

363 4897 622 4968 Virgilius
677 4880 842 4964 porro
872 4904 1033 4964 poeta
1079 4891 1364 4945 Romanus
1418 4887 1735 4958 Deiphoben
1813 4901 1934 4942 eam

356 4996 659 5058 nuncupat.
695 4985 900 5040 Octava
951 4996 1036 5040 est
1086 4981 1480 5051 Ilellespontia,
1537 4994 1660 5050 quae
1716 4979 1769 5034 in
1810 4979 1936 5034 vico

355 5081 617 5136 Marmiso
646 5089 765 5133 orta
792 5087 896 5143 est,
926 5091 1095 5146 prope
1116 5074 1373 5145 oppidum
1407 5073 1814 5144 Gergetionem,
1840 5074 1938 5141 qui

356 5173 513 5228 vicus
545 5172 674 5227 olim
710 5171 763 5224 in
795 5170 1033 5225 termino
1086 5167 1266 5236 Trojat
1301 5166 1423 5220 fuit.
1495 5163 1646 5219 Nona
1671 5165 1932 5236 Phrygia.

359 5266 583 5320 Decima
625 5261 876 5333 Tigurtia
907 5275 1125 5330 genere,
1161 5257 1384 5313 nomine
1417 5266 1602 5312 autem
1662 5257 1930 5312 Abunzea.

355 5357 466 5413 Ilas
495 5358 683 5412 dicunt
716 5357 915 5408 mentis
951 5354 1185 5421 impotes
1206 5350 1392 5413 futura
1421 5350 1744 5405 vaticinatas
1765 5365 1888 5405 esse
1919 5369 1934 5418 ;

356 5466 479 5503 eum
513 5458 697 5502 autem
725 5462 916 5501 earum
957 5442 1181 5499 oracula
1214 5440 1556 5511 excipientes
1589 5441 1794 5510 scripto
1827 5451 1936 5495 tra-

2039 4255 2382 4326 Χρύσιππος.
2405 4251 2654 4322 Τετάρτη
2681 4248 2989 4320 Ἰταλικὴ,ὴ
3028 4250 3084 4300 ὲν
3108 4251 3317 4320 ἐρημία
3353 4248 3460 4317 τῆς
3497 4249 3632 4300 Ἰτα-

2039 4347 2158 4410 λίας
2189 4345 2287 4416 τὴν
2310 4343 2596 4416 διατριὸὴν
2629 4341 2908 4412 ζλαχοῠσα.
2957 4341 3190 4411 Πέμπτη
3225 4343 3258 4412 ἠ
3301 4339 3630 4410 Ἐρυθραία,

2039 4441 2163 4510 ἥτις
2193 4439 2284 4493 καὶ
2313 4437 2383 4491 τὰ
2407 4437 2550 4491 κατὰ
2576 4434 2668 4489 τὸν
2692 4435 2938 4502 Τρωϊκὸν
2965 4435 3202 4503 πόλεμον
3232 4432 3631 4506 συνενεχθέντα

2039 4533 2467 4606 προηγόρευσεν,
2513 4529 2642 4599 περὶ
2685 4522 2754 4600 ἧς
2797 4526 3197 4597 Ἀπολλόδωρος
3237 4527 3268 4578 6
3301 4525 3631 4596 Ἐρυθραῖος

2039 4623 2396 4694 διεξέρχεται.
2443 4620 2619 4688 ’Ἐκτη
2654 4621 2688 4690 ἡ
2737 4619 2941 4689 Σαμία,
2995 4611 3063 4690 ἧς
3109 4618 3171 4670 τὸ
3216 4615 3412 4686 κύριον
3456 4617 3629 4684 ὄνομα

2038 4715 2192 4770 Φυτώ
2219 4729 2404 4784 φασιν.
2443 4712 2678 4782 Ἑϐδόμη
2709 4713 2742 4782 ἡ
2781 4711 3007 4778 Κυμαία
3038 4710 3138 4780 μὲν
3159 4708 3338 4779 γένος,
3373 4709 3548 4778 ὄνομα
3573 4706 3630 4759 δὲ

2052 4807 2389 4877 Ἀμάλθεια·
2428 4807 2477 4859 oi
2532 4805 2591 4858 δὲ
2652 4804 2958 4874 Ἐρωφίλην
3010 4802 3181 4870 φασί·
3218 4802 3377 4872 παρά
3428 4818 3538 4855 τισι
3570 4798 3628 4852 δὲ

2041 4902 2234 4970 κλῆσιν
2251 4900 2522 4970 ἠνέγκατο
2566 4896 2967 4966 Ταραξὰνδρα.
2999 4895 3271 4967 Βιργίλιος
3321 4894 3383 4947 δὲ
3440 4895 3470 4947 6
3504 4894 3631 4946 Ῥω-

2043 4990 2217 5062 μαίων
2243 4987 2472 5060 ποιητὴς
2500 4987 2775 5060 Δηιφόὸην
2819 4987 2989 5058 αὐτὴν
3037 4985 3319 5055 ὀνομάζει.
3373 4984 3563 5052 Ὀγδόη
3593 4983 3628 5048 ἡ

2051 5083 2494 5152 Ἑλλησποντεια,
2531 5082 2654 5151 ἥτις
2682 5081 2740 5134 ὲν
2769 5079 2930 5151 κώμῃ
2957 5077 3239 5150 Μαρμισὼ
3281 5080 3384 5148 τὴν
3410 5078 3628 5145 γένεσιν

2038 5177 2197 5246 ἔσχεν
2223 5175 2349 5246 περὶ
2378 5175 2474 5245 τὴν
2506 5173 2765 5244 πολίχνην
2818 5173 3178 5242 Γεργετιόναο
3243 5173 3351 5224 ὐπὺ
3387 5171 3488 5242 τὴν
3533 5173 3625 5222 ἑν·-

2037 5256 2192 5338 ορέαν
2217 5267 2275 5319 δὲ
2304 5265 2443 5336 αὕτη
2473 5264 2598 5318 ποτὲ
2635 5265 2734 5334 τῆς
2776 5264 2976 5334 Τροίας
3013 5264 3330 5334 ἐτύγχανεν.
3370 5264 3562 5332 Ἐνᾶτη
3589 5263 3624 5332 ἡ

2038 5359 2269 5429 Φρυγία,
2311 5357 2434 5410 Ἐπὶ
2463 5359 2599 5411 πᾶσι
2650 5356 2876 5427 δεκάτη,
2911 5358 2944 5426 ή
2975 5356 3273 5424 Τιγουρτία
3306 5355 3410 5424 μὲν
3443 5355 3622 5422 γένος,

2039 5451 2208 5519 ὄνομα
2262 5448 2319 5502 δὲ
2351 5448 2660 5502 ’Λὸουναία.
2695 5449 2912 5511 Ταύτας
2965 5448 3096 5516 φασὶ
3143 5449 3252 5500 τῶν
3289 5449 3500 5518 φρενῶν
3537 5446 3625 5510 ἐξ·

357 5542 576 5605 debant,
604 5557 729 5596 cum
759 5554 869 5594 non
927 5547 1154 5609 possent
1187 5536 1277 5590 illa
1318 5532 1493 5604 perite
1522 5540 1578 5588 et
1627 5533 1747 5588 sine
1777 5533 1934 5602 lapsu

2045 5556 2169 5593 ιστα
2179 5540 2343 5610 μένας
2366 5541 2432 5594 τὰ
2459 5540 2719 5612 μέλλοντα
2746 5539 3090 5610 χρησμῳδεῖν
3110 5556 3125 5571 ·
3156 5538 3267 5592 τῶν
3299 5537 3623 5608 ὑπολαμϐα-

1861 5651 1908 5702 Ν
1913 5650 2095 5705 ΟΤιίΕ.

431 5751 543 5820 (35)
579 5751 652 5804 De
683 5750 956 5817 calegoria
990 5746 1203 5820 ultima,
1234 5758 1355 5815 quae
1392 5749 1473 5798 est
1506 5757 1562 5794 το
1601 5739 1764 5810 ἔχειν,
1794 5743 1927 5814 nihil
1961 5744 2124 5818 habet
2188 5749 2429 5812 I‘hutius.
2486 5748 2859 5804 I‘crtiactatur
2921 5746 3061 5818 apud
3116 5746 3285 5801 Arist.
3344 5763 3392 5801 ρ.
3426 5747 3523 5801 ult.
3559 5746 3622 5798 lli

360 5841 431 5893 te.
472 5815 535 5876 li
562 5839 615 5894 p.
647 5823 714 5876 '24
746 5815 829 5876 cd.
856 5821 1008 5877 Paris
1047 5815 1222 5888 ISiS).
