3828 6202
170 282 253 346 813
988 278 1089 338 AD
1122 279 1716 340 AMPHILOCIIIUM
1754 279 2100 350 QU/ESTIO
2133 278 2598 341 CXLVIII-CLI.

3280 276 3383 340 814

168 403 333 455 νόντων
356 394 409 448 δὲ
435 394 614 464 γραφῇ
644 392 771 456 τοὺς
806 395 1110 463 χρησμοὺς,
1130 395 1229 449 οὐκ
1252 395 1484 465 ἐχόντων
1512 394 1702 463 σοφίαν

1823 394 2135 457 lcscribere,
2165 408 2404 462 cumque
2433 392 2571 448 alias
2598 393 2874 449 velocitati
2911 392 3190 448 dictorum
3222 408 3385 463 pares

168 494 222 544 τά
240 485 683 560 χρησμῳδοὺμενα
718 487 951 556 γράφειν
990 488 1320 551 ἀπταίστως;
1358 488 1531 550 ἄλλως
1561 505 1619 540 τε
1645 486 1701 539 δὲ

1823 501 1916 541 non
1949 486 2213 540 haberent
2241 500 2460 550 manus,
2491 485 2621 540 hinc
2653 487 2938 552 accidisse,
2967 497 3027 540 ut
3053 486 3226 540 multa
3256 502 3383 540 ora-

168 586 243 637 καὶ
270 581 337 650 τῷ
360 580 504 647 τάχει
536 579 633 647 τῆς
662 580 834 648 φορᾶς
869 578 977 631 τῶν
1012 579 1184 649 λόγων
1218 581 1314 631 οὐκ
1350 580 1583 648 ἑχόντων
1608 596 1705 631 κα-

1806 582 1926 636 cula
1962 583 2013 635 in
2053 582 2392 637 choliambos
2448 581 2817 646 deﬂecterent,
2878 598 2979 637 nec
3038 591 3263 652 possent
3306 581 3389 633 ul-

169 669 608 741 θυπηρετουμένας
646 670 744 732 τὰς
787 672 995 740 χεῖρας,
1029 671 1299 739 συμϐῆναι
1344 671 1572 734 πολλοὺς
1598 670 1707 723 τῶν

1823 675 1981 728 .erins
2027 675 2327 729 emendari.
2367 673 2505 740 Quia
2536 674 2794 728 nimirum
2841 690 2964 728 cum
2994 676 3254 728 mulieres
3279 672 3386 725 illae

166 764 394 836 χρησμῶν
427 764 504 826 εἰς
532 762 881 832 χωλιάμϐους
923 763 1203 817 διαπεσεῖν
1237 765 1331 817 καὶ
1368 764 1565 834 μηκέτι
1604 781 1698 817 τυ-

166 859 258 925 χεῖν
283 853 625 925 διορθώσεως.
673 855 802 907 Ἀτε
835 855 900 925 δὴ
943 855 1051 908 τῶν
1099 856 1198 923 μὲν
1232 856 1577 926 χρησμῳδῶν
1602 873 1701 922 γυ-

166 948 302 999 ναίων
329 949 381 998 ὲν
405 946 658 999 ἐκστάσει
684 945 1043 999 καθεστώτων
1065 961 1080 975 ·
1098 948 1318 1000 ἐπειδάν
1348 947 1447 1017 τὴν
1477 946 1710 1018 ὓπαρξιν

166 1038 499 1107 προηγόρευον
540 1037 646 1088 τῶν
695 1038 1030 1107 μελλόντων·
1099 1039 1465 1108 πεπαυμένων
1516 1039 1573 1091 δὲ
1613 1037 1710 1091 τοῦ

165 1129 520 1198 χρησμολογεῖν
552 1128 819 1198 μηδαμῶς
876 1128 1129 1199 αἴσθησιν
1164 1130 1396 1199 ἐχόντων
1448 1132 1585 1199 μήτε
1635 1123 1710 1183 ὧν

164 1218 336 1287 ἔλεγον,
369 1219 503 1288 μήτε
532 1219 585 1270 τί
609 1218 674 1271 ἂν
706 1218 983 1289 βούλοιντο
1010 1220 1075 1273 τὰ
1104 1217 1635 1291 κεχρησμῳδημένα.

604 1331 939 1383 ΕΡΩΤΗΣΙΣ
963 1331 1138 1383 PNA'.

161 1425 276 1493 Περὶ
314 1425 427 1479 τῶν
450 1423 731 1496 χρήσεων
763 1424 885 1477 τῶν
911 1425 1125 1496 ἐξωέν
1159 1422 1234 1493 τῇ
1274 1424 1531 1494 ἡμετέρᾳ
1554 1428 1702 1494 Γρα-

605 1494 692 1564 φῇ
720 1493 1187 1565 εὑρισκομένων.

1809 767 2169 821 vaticinantes
2212 767 2266 820 in
2318 767 2753 836 prmnuntiandis
2784 765 2982 820 futuris
3032 767 3237 821 mentis
3277 780 3387 818 non

1809 870 2088 929 compotes
2120 869 2324 926 essent,
2362 870 2655 930 postquam
2690 859 3020 914 vaticinandi
3060 858 3218 912 ﬁnem
3245 857 3390 911 iece-

1813 961 1956 1014 rant,
2010 952 2221 1005 nullum
2271 966 2464 1006 eorum
2497 968 2621 1021 qua:
2659 952 2915 1005 dixerant
2947 966 3171 1008 sensum
3220 950 3389 1004 habe-

1815 1045 1964 1109 bant,
2003 1062 2182 1117 neque
2200 1046 2331 1117 quid
2364 1048 2467 1102 sibi
2499 1048 2701 1103 vellent
2725 1049 2949 1103 oracula
2978 1047 3250 1102 sciebant.

1812 1334 2139 1402 QU/ESTIO
2168 1337 2275 1393 CLI
2308 1336 2497 1411 [CoisL
2526 1337 2853 1403 CLXXXIII,
2892 1338 3053 1393 Taur.
3108 1336 3406 1409 CLXXII].

1813 1426 1890 1481 De
1927 1430 2274 1497 profanorum
2307 1440 2582 1485 auctorum
2626 1432 2936 1485 testimoniis
2972 1448 3089 1487 ante
3132 1432 3185 1486 in
3225 1434 3394 1485 sacris

2311 1501 2528 1556 Litteris
2555 1502 2875 1571 allegantur.

1136 1613 1278 1665 Edita
1301 1629 1330 1664 a
1350 1616 1472 1665 Maio
1500 1616 1648 1681 (Nov.
1686 1615 1830 1678 Coll.,
1865 1622 1902 1667 t.
1926 1616 2008 1675 IX.
2037 1633 2085 1681 p.
2114 1619 2224 1679 101,
2252 1618 2359 1668 102.

228 1700 407 1763 Ἰούδας
439 1700 537 1770 μὲν
564 1700 655 1754 οὖν
679 1702 707 1753 6
733 1700 1030 1764 ἀπόστολος
1055 1701 1111 1753 ἐν
1133 1703 1198 1771 τῇ
1225 1700 1393 1753 αὐτοῦ
1413 1702 1703 1772 Ἐπιστολῇ

157 1795 325 1847 ἐκτῶν
390 1793 701 1863 λεγομένων
760 1794 1114 1865 ’ἀποκρύφων
1164 1794 1443 1856 Μωῡσέως
1499 1794 1705 1863 ταύτην

1885 1702 2053 1758 Judas
2081 1705 2303 1772 quidem
2326 1704 2632 1771 apostolus,
2654 1705 2706 1758 in
2744 1721 2841 1759 sua
2867 1704 3130 1773 Ep‘stola,
3151 1720 3213 1757 ex
3246 1703 3398 1757 libris

1813 1800 2140 1869 apocrypbis
2195 1798 2367 1869 Moysi
2423 1799 2704 1854 attributis
2769 1800 2917 1853 hunc
2964 1799 3121 1853 alfert
3172 1805 3392 1852 locum:

158 1888 360 1955 προάγει
414 1884 511 1955 τὴν
563 1885 753 1956 χρείαν
779 1901 795 1916 ·
870 1885 928 1939 Ὀ
950 1885 1006 1937 δὲ
1040 1884 1261 1955 Μιχαὴλ
1304 1887 1331 1937 ὁ
1361 1885 1705 1955 ἀρχάγγελος

1823 1910 1836 1943 ι
1866 1890 2097 1945 Michael
2130 1890 2494 1959 archangelus
2517 1905 2639 1944 cnm
2672 1889 2887 1944 diabolo
2922 1890 3207 1960 disputans
3236 1891 3413 1944 alter-.

157 1980 228 2030 ὅτε
261 1979 331 2049 τῷ
374 1978 607 2046 διαϐόλῳ
659 1979 1072 2048 διακρινόμενος
1126 1978 1402 2046 διελέγετο
1455 1978 1583 2047 περὶ
1611 1977 1707 2030 τοῦ

159 2071 408 2134 Μωῦσέως
436 2070 711 2141 σώματος,
743 2070 843 2123 οὐκ
872 2070 1139 2139 ἐτόλμησε
1172 2070 1353 2142 κρίσιν
1392 2071 1711 2138 ἐπενεγκεῖν

160 2159 500 2231 βλασρημίας,
525 2162 653 2215 ἀλλ’
673 2158 845 2216 εἶπεν·
879 2181 897 2215 ι
940 2164 1296 2235 Ἐπιτιμήσαι
1327 2181 1407 2217 σοι
1427 2165 1652 2236 Κύριος.
1687 2183 1704 2216 ι

171 2254 244 2304 Ἐν
265 2253 315 2305 δὲ
337 2257 399 2323 τῇ
421 2256 558 2324 αὐτῇ
586 2253 877 2325 Ἐπιστολῇ
903 2255 1009 2307 τῶν
1034 2256 1205 2325 Ἑνὼχ
1229 2256 1566 2327 ἀποκρύφων
1593 2257 1712 2309 ἐτέ-

160 2358 242 2409 ρας
273 2343 597 2413 μνημονεύει
615 2344 920 2414 τοιαύτης·‹
945 2345 1075 2399 Ἰδοὺ
1089 2342 1220 2417 ἦλθε
1238 2346 1441 2417 Κύριος
1460 2349 1517 2399 ἐν
1539 2347 1712 2415 ἁγίοις

161 2436 391 2502 μυριάσιν
420 2439 588 2491 αὐτοῦ
633 2438 860 2508 ποιῆσαι
916 2438 1099 2509 κρίσιν
1149 2442 1293 2494 κατά
1345 2440 1585 2506 πάντων,
1622 2442 1715 2493 καὶ

158 2528 349 2594 ἐλέγξαι
410 2531 618 2593 πάντας
679 2532 806 2594 τοὺς
837 2532 1060 2595 ἀσεϐεῖς
1111 2535 1242 2602 περὶ
1270 2533 1486 2587 πάντων
1538 2532 1714 2602 ἔργων

157 2618 385 2681 ἀσεϐείας
414 2618 600 2671 αὐτῶν
628 2612 701 2672 ὧν
741 2619 1043 2689 ἠσέϐησαν,
1077 2622 1325 2692 καὶπερὶ
1356 2623 1574 2675 πάντων
1605 2622 1715 2674 τῶν

160 2710 384 2779 σκληρῶν
414 2705 489 2765 ὧν
528 2712 798 2781 ἐλάλησαν
831 2713 951 2765 κατ’
1017 2713 1183 2767 αὑτοῦ
1235 2715 1549 2784 ἁμαρτωλοὶ
1583 2717 1716 2768 ἀσε-

160 2802 274 2865 ϐεἰς.
306 2822 324 2855 ›
346 2807 560 2868 Λουκᾶς
595 2806 652 2858 δὲ
687 2807 743 2857 ἐν
781 2808 901 2869 ταῖς
946 2806 1259 2861 ἀποστόλων
1298 2807 1570 2877 Πράξεσιν
1624 2808 1716 2860 τὸν

161 2896 404 2965 μακάριον
436 2898 650 2965 εἰσάγει
673 2898 886 2950 Παῦλον
917 2901 983 2951 ἐκ
1003 2898 1112 2952 τῶν
1155 2900 1248 2952 τοῦ
1291 2901 1519 2972 Ἀράτου
1549 2904 1715 2972 ἡρωϊ-

159 2985 253 3035 κῶν
299 2987 492 3058 στίχων
527 2988 695 3059 μέρος
744 3006 795 3041 τι
841 2988 979 3059 πρὸς
1009 2989 1136 3050 τοὺς
1182 2987 1499 3059 Ἀθηναίους
1533 2993 1590 3043 ὲν
1640 2990 1717 3061 τῷ

157 3076 473 3148 διαλέγεσθαι
538 3078 946 3151 προκομίζοντα
1010 3083 1067 3134 ὲν
1104 3075 1185 3144 οἷς
1225 3097 1410 3150 φησιν,
1450 3100 1468 3131 ι
1512 3084 1598 3144 Ὠς
1625 3082 1718 3136 καί

156 3185 282 3234 τινες
332 3172 438 3226 τῶν
488 3173 616 3227 καθ’
661 3174 806 3244 ὑμᾶς
865 3172 1106 3244 ποιητῶν
1163 3176 1417 3245 εἰρήκασι
1444 3191 1457 3204 ·
1485 3174 1580 3228 τοῦ
1612 3176 1720 3247 γὰρ

1818 1982 2118 2037 caretnrde
2148 1982 2315 2051 Moysi
2346 1998 2575 2052 corpore
2599 2021 2613 2045 ,
2649 1999 2755 2036 non
2804 1992 2887 2037 est
2925 1998 3093 2037 ausus
3133 1983 3398 2051 judicium

1818 2072 2022 2129 inferre
2082 2074 2470 2144 blasphemiae,
2532 2073 2625 2128 sed
2674 2074 2850 2128 dicit:
2906 2074 3139 2143 Imperet
3174 2073 3269 2127 tibi
3300 2074 3403 2127 Do-

1820 2166 2025 2220 minus.
2059 2184 2080 2217 ι
2124 2165 2180 2219 ln
2226 2168 2416 2219 eadem
2450 2164 2691 2235 Epistola
2715 2206 2731 2231 ,
2763 2182 2829 2219 ex
2879 2166 3033 2220 libris
3077 2165 3404 2236 apocryphis

1820 2257 2004 2313 Enocb
2032 2299 2047 2321 ,
2078 2260 2243 2312 alium
2282 2258 2600 2327 hujusmodi
2634 2258 2816 2313 locum
2852 2267 3122 2313 memorat
3157 2277 3170 2312 :
3220 2278 3238 2310 ι
3268 2259 3421 2313 Εςοσο

1819 2352 1968 2405 venit
1998 2350 2266 2405 Dominus
2310 2351 2361 2405 in
2396 2352 2602 2406 sanctis
2629 2352 2871 2407 millibus
2902 2352 3017 2407 suis
3052 2351 3403 2422 facerejudi-

1821 2446 1966 2501 cium
2014 2454 2202 2500 contra
2255 2461 2446 2500 omnes
2487 2455 2543 2499 et
2586 2460 2816 2517 arguere
2859 2461 3050 2500 omnes
3094 2445 3291 2516 impios
3339 2446 3408 2499 de

1821 2538 2380 2609 omnibusoperibus
2432 2537 2725 2606 impietatis
2758 2553 2949 2592 eorum
2998 2538 3198 2608 quibus
3243 2538 3408 2607 impie

1821 2642 2068 2701 egerunt,
2089 2631 2222 2683 etde
2248 2628 2505 2683 omnibus
2534 2630 2687 2685 duris
2711 2645 2833 2699 quae
2867 2631 3033 2685 locuti
3057 2638 3187 2684 sunt
3218 2637 3406 2683 contra

1824 2725 1993 2779 Deum
2026 2723 2193 2792 impii]
2216 2731 2549 2793 peccatores.
2588 2743 2605 2775 ι
2635 2722 2817 2778 Lucas
2858 2732 3060 2790 autem,
3090 2723 3143 2776 in
3180 2723 3411 2779 Actibus

1824 2814 2223 2885 apostolorum,
2254 2814 2475 2869 beatum
2522 2813 2741 2868 adducit
2780 2814 3011 2867 Paulum
3059 2828 3125 2869 ex
3171 2813 3410 2868 heroicis

1827 2906 2077 2961 versibus
2119 2905 2273 2960 Arati
2303 2906 2484 2961 locum
2524 2905 2815 2976 quemdam
2859 2906 2927 2961 ad
2958 2906 3320 2961 Athenienses
3352 2906 3406 2960 in

1826 3013 2077 3053 sermone
2096 2998 2433 3061 aﬂ'erentem,
2472 2998 2527 3052 in
2553 2998 2751 3067 quibus
2765 2998 2901 3053 dicit
2928 3017 2941 3053 :
2972 3016 2989 3048 ι
3022 2997 3176 3053 Sicut
3201 3007 3257 3053 et
3282 3000 3411 3068 qui-

1826 3087 1949 3140 dam
1976 3095 2260 3155 poetarum
2294 3096 2604 3143 vestrorum
2636 3088 2927 3154 dixerunt;
2952 3088 3132 3159 Ipsius
3155 3098 3209 3145 et
3238 3106 3412 3161 genus

1828 3192 2038 3233 sumus.
2057 3198 2074 3229 ι
2104 3176 2302 3232 Beatus
2320 3187 2500 3232 autem
2526 3177 2752 3244 Paulus,
2790 3179 2843 3233 in
2867 3177 3105 3247 Epistola
3127 3181 3191 3235 ad
3215 3179 3416 3236 Corin-

158 3263 240 3314 καὶ
287 3265 436 3332 γένος
460 3252 655 3335 ἐσμέν.
686 3285 705 3317 ›
756 3264 812 3318 '0
851 3265 906 3317 δὲ
976 3266 1245 3336 μακάριος
1298 3265 1509 3328 Παῦλος
1556 3268 1614 3319 ὲν
1652 3270 1714 3338 τῇ

1831 3266 1977 3321 thios
2023 3283 2089 3321 ex
2119 3268 2273 3323 libris
2307 3268 2632 3339 apocryphis
2664 3270 2946 3338 prophetae
2978 3270 3107 3324 Elia:
3138 3272 3415 3326 atlributis

158 3353 275 3420 πρὸς
328 3358 655 3427 Κορινθίους
684 3357 973 3428 Ἐπιστολῇ
1025 3360 1090 3410 ἐκ
1144 3357 1253 3410 τῶν
1281 3357 1591 3428 λεγομένων
1621 3358 1717 3412 τοῦ

158 3450 415 3518 προφήτου
448 3451 644 3504 Ἠλίου
732 3449 1073 3518 ἀποκρύφων
1133 3449 1335 3518 ταύτης
1393 3451 1723 3521 μνημονεύει

156 3537 240 3606 τῆς
297 3544 498 3613 φωνῆς·
536 3562 558 3595 ι
596 3545 662 3595 Ἃ
694 3542 977 3613 ὀφθαλμὸς
1006 3543 1106 3595 οὐκ
1153 3538 1281 3605 εἶδε,
1340 3543 1433 3594 καὶ
1484 3538 1575 3606 οὖς
1622 3543 1723 3596 οὐκ

155 3632 356 3700 ἢκουσε,
407 3637 503 3690 καὶ
564 3637 656 3689 ἐπὶ
692 3637 922 3707 καρδίαν
966 3636 1259 3707 ἀνθρώπου
1298 3637 1397 3689 οὐκ
1448 3637 1636 3707 ἀνέϐη,
1687 3636 1724 3693 ἃ.

155 3724 426 3794 ἡτοίμασεν
452 3731 480 3781 6
509 3728 646 3791 Θεὸς
670 3728 780 3790 τοῖς
808 3726 1096 3795 ἀγαπῶσιν
1117 3727 1329 3781 αὐτόν.»
1352 3727 1438 3780 Ἐν
1455 3726 1512 3780 δὲ
1530 3729 1595 3796 τῇ
1621 3727 1723 3778 αὺ-

153 3817 211 3883 τῇ
236 3814 510 3887 δημώδους
552 3819 699 3882 τινὸς
720 3819 1031 3888 λακωνικῆς
1088 3817 1360 3889 μέμνηται
1400 3817 1720 3888 παροιμίας,

152 3904 211 3972 ἦν
241 3908 328 3961 καὶ
355 3908 651 3979 προλαϐὼν
693 3908 917 3971 Ἡσαΐας
949 3910 977 3960 6
1012 3910 1296 3978 προφήτης
1330 3909 1389 3961 ὲν
1434 3910 1544 3970 τοῖς
1592 3909 1723 3960 ἐαυ-

153 3997 236 4050 τοῦ
261 4003 585 4055 κατατάττει
638 4000 837 4070 λόγοις·
874 4019 893 4051 ι
920 4002 1185 4070 Φάγωμεν
1219 4000 1316 4053 καὶ
1347 4000 1577 4070 πίωμεν·
1624 3999 1725 4052 αὕ-

157 4103 253 4155 ριον
274 4092 377 4160 γὰρ
410 4093 1035 4165 ἀποθνήσκομεν.ιἜτι
1060 4092 1118 4145 δὲ
1145 4094 1201 4144 ὲν
1227 4094 1289 4162 τῇ
1326 4092 1463 4163 αὐτῇ
1499 4094 1721 4147 ἐπιστο-

153 4180 231 4250 λῇ,
262 4185 575 4257 Μενάνδρου
606 4185 700 4238 τοῦ
733 4185 1003 4255 κωμικοῦ,
1037 4184 1262 4253 γνώμας
1291 4185 1347 4237 δὲ
1374 4184 1534 4247 αὐτὸς
1587 4187 1721 4238 ἁνα-

151 4275 402 4343 γράφεται
444 4279 695 4349 ἀρχαίων
749 4277 933 4343 τινῶν,
967 4276 1242 4347 μέμνηται
1293 4276 1467 4345 λέγων
1524 4276 1718 4339 οὕτως’

158 4380 174 4411 ι
203 4366 513 4437 Φθείρουσιν
545 4368 652 4439 ἥϐη
682 4367 895 4439 χρηστά
925 4367 1131 4438 ὁμιλίαι
1162 4367 1385 4420 κακαί-ι
1422 4367 1518 4421 καὶ
1570 4368 1717 4437 ἑξῆς·

152 4454 249 4511 Καὶ
298 4460 403 4531 μὴν
430 4461 530 4515 καὶ
582 4463 639 4514 ἐν
673 4464 738 4532 τῇ
772 4461 909 4532 πρὸς
941 4460 1186 4522 Γαλάτας
1218 4460 1285 4514 ὲκ
1310 4459 1417 4513 τῶν
1443 4462 1721 4524 Μωΰσέως

152 4548 475 4620 ἁποκρύφων
512 4552 783 4625 κέχρηται
816 4555 884 4627 τῇ
912 4552 1148 4624 λεγούσῃ
1178 4554 1353 4623 φωνῇ-
1398 4572 1416 4604 ‹
1446 4551 1586 4604 Οὔτε
1620 4570 1719 4604 πε-

1829 3361 2164 3416 hunclocum
2189 3371 2460 3417 memorat
2486 3381 2498 3416 :
2527 3382 2546 3415 ι
2579 3362 2779 3417 Oculus
2802 3379 2909 3418 non
2938 3363 3096 3429 vidit,
3130 3379 3231 3418 nec
3266 3365 3418 3422 auris

1827 3454 2060 3517 audivit,
2092 3468 2192 3507 nec
2231 3453 2283 3507 in
2312 3469 2408 3508 cor
2437 3454 2679 3508 hominis
2713 3456 2959 3509 ascendit
2988 3471 3111 3525 quae
3139 3470 3417 3526 praepara-

1824 3545 1903 3598 vit
1934 3544 2077 3599 Deus
2104 3545 2209 3599 illis
2226 3545 2318 3616 qui
2338 3545 2569 3615 diligunt
2598 3546 2802 3600 illum.»
2838 3549 2899 3601 In
2925 3546 3113 3601 eadem
3149 3547 3414 3618 Epistula,

1829 3637 2050 3707 aliquod
2075 3637 2300 3706 vulgare
2326 3646 2379 3693 et
2404 3638 2725 3694 laconicum
2754 3639 3103 3708 proverbium
3130 3647 3418 3708 memorat,

1826 3732 1972 3799 quod
2005 3738 2060 3784 et
2110 3728 2394 3799 proferens
2425 3730 2593 3786 Isaias
2628 3732 2890 3800 propheta
2942 3731 2994 3785 in
3042 3732 3158 3787 suis
3208 3749 3418 3789 sermo-

1825 3822 1988 3879 nibus
2032 3823 2317 3893 disponit:
2351 3842 2371 3874 ‹
2411 3823 2801 3880 Mandncemus
2827 3833 2879 3879 et
2940 3824 3196 3879 bibamus
3223 3865 3238 3887 ,
3295 3841 3427 3881 cras,

1823 3913 1970 3968 enim
2016 3916 2370 3969 moriemur.)
2407 3913 2464 3968 ln
2500 3916 2688 3969 eadem
2717 3915 2879 3971 etiam
2914 3914 3417 3991 Epi5tola,Menan-

1822 4005 1983 4059 drum
2020 4006 2293 4061 comicum
2346 4008 2440 4077 qui
2496 4008 2715 4076 quidem
2776 4011 3072 4063 sententias
3106 4009 3425 4078 aliquorum

1826 4107 2073 4152 veterum
2122 4100 2431 4170 consignat,
2463 4109 2733 4154 memorat
2767 4101 2847 4155 sic
2887 4101 3160 4171 loquendo
3191 4119 3203 4155 :
3238 4120 3255 4151 ι
3281 4100 3419 4156 Cor-

1824 4201 2086 4261 rumpunt
2120 4208 2302 4246 mores
2327 4193 2500 4247 bonos
2536 4193 2811 4263 colloquia
2832 4194 3000 4257 mala,
3043 4214 3060 4245 ι
3103 4204 3159 4249 et
3196 4204 3414 4250 caetera.

1825 4284 1891 4338 Et
1925 4284 2144 4355 quidem
2179 4286 2234 4340 in
2264 4285 2512 4355 Epistola
2543 4286 2608 4340 ad
2637 4285 2879 4353 Galatas,
2908 4302 2970 4342 ex
3006 4289 3159 4343 libris
3192 4304 3419 4360 apocry—

1822 4376 1945 4444 phis
1977 4375 2194 4446 Moyses
2218 4377 2386 4431 utitur
2417 4377 2501 4432 bis
2539 4376 2723 4433 verbis
2752 4397 2764 4432 :
2793 4396 2811 4428 ι
2846 4378 3033 4449 Neque
3070 4381 3419 4435 circumcisio

1824 4468 2030 4538 aliquid
2064 4469 2225 4535 valet,
2260 4485 2436 4539 neque
2466 4471 2819 4540 praeputium,
2857 4472 2949 4526 sed
2976 4487 3114 4526 nova
3133 4483 3416 4551 creatura;

1824 4569 1879 4616 et
1913 4564 2226 4633 quicunque
2256 4564 2397 4619 hanc
2436 4564 2678 4633 regulam
2710 4565 2885 4618 secuti
2916 4564 3161 4630 fuerint,
3189 4580 3293 4634 pax
3322 4582 3421 4621 su-

155 4644 333 4715 ριτομή
384 4663 436 4700 τι
489 4647 713 4717 ἰσχύει,
757 4644 878 4699 οὔτε
939 4646 1275 4716 ἀκροϐυστία
1306 4686 1320 4711 ,
1374 4645 1510 4698 ἀλλά
1560 4646 1714 4717 καινὴ

1828 4670 1923 4724 per
1959 4655 2079 4710 illos
2102 4663 2156 4708 et
2185 4654 2561 4709 misericordia
2583 4665 2635 4710 et
2664 4670 2828 4724 super
2851 4655 3018 4712 Israel
3052 4655 3199 4711 Dei.»
3233 4657 3336 4711 Sed
3369 4667 3423 4713 et

151 4734 333 4799 κτίσις·
401 4739 499 4793 καὶ
566 4740 680 4793 ὅσοι
746 4738 825 4809 τῷ
882 4738 1068 4791 κανόνι
1117 4738 1293 4809 τούτῳ
1329 4741 1723 4810 στοιχήσουσιν,

1835 4746 1889 4799 in
1911 4744 2153 4815 Epistola
2190 4747 2257 4801 ad
2292 4746 2580 4815 Ephesios,
2615 4763 2683 4800 ex
2718 4746 2873 4802 libris
2908 4750 3239 4818 apocryphis
3266 4748 3420 4805 Jere-

152 4827 325 4900 είρήνη
378 4832 465 4885 ἐπ’
530 4832 729 4893 αὐτοὺς
761 4831 853 4885 καὶ
908 4831 1055 4893 ἔλεος
1086 4832 1178 4885 καὶ
1226 4834 1318 4884 ἐπὶ
1377 4833 1468 4884 τὸν
1510 4833 1714 4905 Ἰσραὴλ

1828 4836 1950 4891 mite
1980 4856 1993 4892 :
2033 4856 2052 4888 ι
2081 4836 2273 4909 Surge,
2310 4839 2401 4908 qui
2434 4839 2662 4902 dormis,
2688 4848 2743 4893 et
2763 4854 2999 4909 exsurge
3032 4856 3063 4894 a
3088 4842 3322 4895 mortuis
3369 4853 3425 4897 et

154 4919 235 4971 τοῦ
272 4922 429 4977 Θεοῦ.
470 4943 491 4977 ι
544 4924 706 4977 Ἀλλὰ
736 4924 833 4977 καὶ
861 4925 918 4975 ἐν
950 4926 1016 4993 τῇ
1046 4923 1181 4993 πρὸς
1221 4923 1500 4991 Ἐφεσίους
1530 4925 1593 4977 ὲκ
1619 4927 1726 4979 τῶν

153 5004 447 5083 λεγομένων
460 5016 530 5068 Ἰε
539 5014 733 5086 ρεμίου
766 5013 1119 5085 ἀποκρύφων·
1141 5015 1447 5085 «Ἕγειρατ,
1479 5017 1506 5067 6
1524 5015 1722 5069 καθεύ-

153 5098 265 5167 δων,
297 5108 391 5158 καὶ
424 5106 641 5161 ἀνάστα
666 5108 729 5159 ὲκ
755 5106 864 5159 τῶν
915 5105 1125 5177 νεκρῶν
1156 5109 1250 5159 καὶ
1287 5107 1581 5176 ἐπιφαύσει
1642 5127 1726 5162 σοι

153 5191 426 5263 Χριστός.»
467 5198 583 5257 Καὶ
611 5199 669 5249 ὲν
702 5200 768 5269 τῇ
804 5198 940 5266 πρὸς
969 5199 1127 5251 Τῖτον
1158 5199 1215 5251 δὲ
1252 5199 1543 5271 Ἐπιστολῇ
1576 5200 1729 5253 Ἑπι-

158 5287 384 5352 μενίδους
410 5308 474 5343 τε
507 5290 601 5351 τοῦ
637 5291 880 5362 μάντεως
916 5292 1121 5363 κρητοῦ
1154 5293 1449 5361 καταλέγει
1475 5294 1566 5346 τὸν
1592 5311 1727 5363 χρη·

154 5380 300 5447 σμὸν.
362 5378 424 5436 οὗ
487 5383 585 5437 καὶ
642 5383 995 5455 Καλλίμαχος
1046 5386 1319 5456 μέμνηται
1378 5388 1436 5438 ἐν
1486 5389 1553 5455 τῇ
1619 5386 1724 5457 ἰδίᾳ

1830 4927 2161 4985 illuminabit
2189 4938 2238 4984 te
2265 4929 2540 4986 Christus.
2578 4949 2596 4981 ι
2631 4928 2697 4982 Et
2724 4930 2776 4983 in
2806 4930 3049 4998 Epistola
3085 4931 3151 4985 ad
3191 4928 3377 4984 Titum
3402 4970 3417 4993 ,

1828 5016 2181 5089 Epimenidae,
2205 5021 2346 5077 vatis
2369 5022 2670 5091 Cretensis,
2708 5022 3050 5092 prophetiam
3099 5031 3319 5089 narrat,
3355 5025 3422 5079 de

1837 5130 1948 5184 qua
1981 5114 2497 5169 etiam‘mentionem
2530 5113 2660 5169 facit
2694 5114 3065 5170 Callimachus
3089 5115 3143 5168 in
3160 5131 3263 5169 suo
3294 5131 3425 5184 poe-

1836 5213 2003 5259 mate.
2026 5203 2172 5259 Dixit
2202 5204 2425 5274 quidam
2459 5220 2525 5260 ex
2560 5204 2669 5259 illis
2712 5206 2970 5276 proprius
3006 5207 3253 5276 ipsorum
3294 5223 3426 5277 pro~

1832 5296 1993 5365 pheta
2029 5315 2041 5351 :
2077 5318 2094 5349 ι
2123 5298 2411 5353 Cretenses
2437 5313 2653 5368 semper
2682 5301 2996 5361 mendaces,
3024 5300 3389 5354 malaebestiae
3408 5364 3422 5385 ,

1832 5400 2050 5447 ventres
2081 5393 2256 5463 pigri;
2293 5393 2669 5449 testimonium
2706 5393 2794 5447 hic
2818 5408 3007 5447 verum
3041 5403 3143 5448 est.
3184 5413 3203 5443 ι

156 5477 378 5543 ποιήσει·
412 5473 585 5530 Εἶπέν
628 5496 712 5541 τις
771 5480 829 5545 ἐξ
895 5480 1075 5533 αὐτῶν
1138 5482 1443 5551 προφήτης·
1501 5479 1717 5549 Κρῆτες
1759 5482 1845 5535 ἀεὶ
1910 5484 2162 5553 ψεῦσται,
2204 5488 2349 5540 κακά
2423 5486 2605 5558 Θηρία,
2640 5485 2906 5558 γαστέρες
2956 5486 3141 5556 ἀργαί·
3184 5486 3245 5538 'II
3281 5502 3423 5556 μαρ-

155 5571 301 5643 τυρία
339 5573 480 5644 αὕτη
517 5574 662 5627 ἐστὶν
695 5574 918 5645 ἀληθής.
