3828 6202
400 248 506 314 8Ῑ5
1560 254 1822 313 ΙἮΟΤΙΙ
1855 253 1912 312 ΡΛ

2108 252 2356 312 lRCH/E
2390 253 2499 315 ΟΡ.
3377 271 3381 278 ’
3533 261 3620 324 816

517 365 850 432 ριἈεετιο
888 367 1023 422 01.Ιί
1055 367 1247 441 [CoisL
1274 368 1452 424 CXLI.
1493 368 1657 422 Taur.
1692 365 1876 438 CLX].
2007 374 2029 426 Α

1635 387 1657 422 ι.
1692 365 1876 438 CLX].
2007 374 2053 426 Α
2602 369 2935 421 semusta
2979 365 3147 423 PNB'.

700 462 809 518 Cur
834 479 1002 519 sacra:
1027 463 1242 520 Litterae
1273 465 1510 518 obscura:
1543 465 1669 516 sint.

2268 462 2335 517 Τί
2358 465 2530 519 ἐστιν
2558 465 2599 534 ἠ
2627 465 2888 536 ἀσάφεια
2905 465 3014 536 τῆς
3037 466 3284 537 Γωφῆς
3305 465 3440 541 (54).

1439 573 1578 625 Edita
1602 587 1630 623 a
1660 571 1787 622 Maio
1809 572 1960 634 (Nov.
1989 568 2134 632 COIL,
2155 578 2192 622 t.
2225 575 2266 634 I,
2289 575 2470 638 p.170,
2495 576 2624 640 171).

474 663 658 719 Multis
682 663 752 718 de
782 663 971 720 causis
999 679 1172 720 sacra:
1203 663 1422 719 Litterae
1460 662 1798 717 obscuritate
1827 660 1983 715 labo-

2167 659 2229 714 'H
2257 663 2315 714 ὲν
2353 665 2475 726 ταῖς
2511 662 2687 728 θείαις
2730 664 2978 738 Γραφαῖς
3033 667 3277 737 ἀσάφεια
3313 666 3505 732 πολλὰς
3532 669 3626 740 ἔχει

403 765 548 810 rant.
598 755 637 810 Ι.
667 755 808 822 Quia
834 757 1014 811 omnis
1047 756 1227 826 lingua
1263 756 1319 810 in
1351 753 1517 808 aliam
1545 768 1811 808 conversa
1836 795 1850 817 ,
1890 769 1915 822 p

2119 753 2181 816 ὰς
2209 755 2413 818 αἰτίας.
2447 756 2674 826 Πρῶτον
2695 758 2794 828 μὲν
2817 760 2898 812 ὅτι
2929 760 3083 812 πᾶσα
3111 759 3337 827 γλῶσσα
3362 763 3439 823 εἰς
3459 761 3627 834 ἑτέραν

404 848 658 903 sitionem
687 863 843 903 suam
881 849 1100 903 amittit.
1136 846 1356 914 lI.Quia
1377 861 1692 919 synonyma:
1723 845 1916 900 llebra.

2111 844 2488 918 ιετατιθεμένη
2522 846 2788 903 ἀπόλλυσι
2814 847 2908 902 τὸν
2941 850 3070 902 ῐδιον
3115 849 3330 919 είρμόν.
3387 851 3623 922 Δεύτερον

407 956 528 994 ium
590 955 755 995 voces
801 956 912 994 non
957 941 1095 996 satis
1139 943 1206 994 ab
1252 940 1647 1010 interpretibus
1688 939 1919 995 intellec1

2115 938 2141 990 ὲ
2179 939 2260 992 ὃτι
2321 941 2377 993 αἱ
2428 937 2735 1010 συνώνυμοι
2773 941 2882 994 τῶν
2932 940 3131 1006 λέξεων
3188 943 3321 1012 παρ’
3363 943 3627 1013 Ἑϐραίοις,

407 1028 629 1084 fuerunt
658 1049 671 1084 ε
706 1031 872 1084 veluti
912 1031 1054 1099 apud
1083 1030 1304 1086 Graecos
1337 1030 1503 1094 καλος
1524 1069 1541 1095 ,
1570 1030 1728 1100 cujus
1758 1045 1856 1100 pro
1895 1031 1919 1084 ἃ

2119 1051 2310 1102 ,γνοιαν
2344 1034 2673 1106 εἰργάσαντο
2709 1038 2819 1101 τοῖς
2857 1037 3223 1109 έρμηνευταῖς
3243 1055 3258 1068 ·
3281 1036 3357 1100 ὡς
3382 1037 3440 1090 τὸ
3470 1042 3631 1107 καλος

406 1122 666 1177 versitate
702 1133 961 1178 accentus
996 1123 1320 1194 signiﬁcatio
1347 1124 1524 1178 variat
1553 1141 1565 1176 :
1602 1123 1728 1178 item
1755 1140 1900 1192 ορος,

2114 1125 2216 1196 περὶ
2245 1125 2399 1181 τόνον
2421 1127 2517 1180 καὶ
2541 1127 2839 1198 σημασίαν,
2863 1128 2960 1181 καὶ
2989 1127 3049 1180 τὸ
3087 1145 3224 1196 ορος
3241 1126 3338 1181 καὶ
3364 1127 3431 1181 τὰ
3473 1128 3626 1199 ὅμοια.

409 1215 633 1271 similia.
673 1213 807 1268 Nam
837 1215 995 1278 καλὸς
1031 1223 1328 1285 oxytonum
1357 1215 1631 1285 signiﬁcat
1659 1214 1921 1270 formosut

2091 1217 2268 1280 Καλὸς
2294 1218 2403 1289 γὰρ
2451 1220 2717 1285 ὀξυτόνως
2753 1218 3012 1288 σημαίνει
3063 1219 3156 1273 τὸν
3189 1219 3391 1290 ὡραῖον
3434 1223 3523 1274 καὶ
3553 1223 3603 1274 εὖ

409 1305 714 1370 decentem,
747 1306 963 1359 virtutis
997 1304 1303 1359 studiosum
1325 1346 1338 1368 ,
1367 1303 1576 1363 utilem.
1615 1303 1794 1365 Κὰλος
1827 1319 1921 1373 par

2118 1307 2297 1378 τρεπῆ,
2355 1309 2642 1362 σπουδαῖόν
2689 1327 2750 1362 τε
2789 1310 2871 1373 εἰς
2921 1309 3123 1380 ἀρετὴν
3162 1309 3261 1362 καὶ
3320 1309 3630 1380 ἐπιτήδειον·

409 1409 672 1470 xytonum
739 1397 1027 1453 rudentem
1069 1398 1228 1452 navis
1273 1397 1568 1468 signiﬁcat.
1605 1395 1821 1452 Rursus
1863 1413 1921 1468 ορ

2121 1399 2253 1462 άλος
2311 1399 2368 1454 δὲ
2423 1401 2807 1474 παροξυτόνως
2852 1401 2914 1455 τὸ
2945 1401 3181 1472 σχοινίον
3224 1399 3321 1454 τοῦ
3349 1401 3524 1453 πλοίου
3555 1419 3633 1471 ση-

409 1500 808 1562 paroxytonum
837 1491 919 1544 vel
941 1499 1027 1546 est
1047 1489 1293 1546 deﬁnitio
1319 1490 1555 1560 alicujus
1587 1489 1686 1556 rei,
1710 1490 1792 1543 vel
1820 1489 1921 1559 (δρε

2121 1491 2273 1544 ιαίνει
2291 1507 2306 1521 ·
2339 1491 2503 1545 πάλιν
2529 1492 2656 1564 ὅρος
2685 1490 3069 1563 παροξυτόνως
3096 1493 3198 1564 μέν
3221 1493 3370 1546 ἐστιν
3397 1492 3428 1562 ἢ
3459 1493 3486 1545 ὁ
3503 1492 3633 1562 λόγος

408 1583 562 1639 collis
597 1582 844 1636 celsusve
887 1581 1080 1637 locus:
1124 1591 1424 1653 oxytonum
1477 1589 1659 1636 autem
1691 1581 1817 1652 ὀρδς
1860 1596 1920 1650 pa

2120 1581 2240 1636 οὔδε
2269 1582 2364 1637 τοῦ
2408 1583 2736 1654 πράγματος
2766 1582 2801 1655 ἢ
2835 1585 2863 1636 ό
2886 1583 3048 1653 λόφος
3081 1583 3178 1638 καὶ
3202 1583 3409 1655 ὑψηλὸς
3457 1585 3630 1648 τόπος·

409 1690 615 1744 aquosa
652 1675 807 1736 lactis
832 1683 934 1737 est,
983 1673 1076 1729 III.
1119 1673 1391 1730 Nonnulla
1418 1685 1546 1728 sunt
1581 1674 1847 1731 Hebraica
1895 1691 1921 1728 v

2120 1674 2355 1742 ξυτόνως
2384 1674 2443 1728 δὲ
2475 1676 2600 1745 δρός
2627 1677 2745 1730 ἐστι
2793 1675 2854 1728 τὸ
2896 1675 3170 1740 ὑδατῶδες
3219 1676 3316 1729 τοῦ
3377 1675 3630 1742 γάλακτος.

405 1766 622 1830 cabula,
653 1781 776 1838 quae
810 1781 908 1836 pro
942 1781 1042 1822 sua
1075 1775 1267 1821 natura
1322 1781 1449 1821 cum
1501 1765 1677 1822 Graeci
1719 1767 1914 1838 interpr

2119 1767 2285 1840 ’ρίτον
2333 1769 2441 1820 eici.
2479 1765 2653 1833 λέξεις
2709 1766 3022 1840 Ἐϐραϊκαὶ,
3051 1768 3108 1821 αἲ
3139 1769 3274 1839 παρ’
3307 1766 3550 1839 Ἓλλησιν
3573 1769 3631 1834 ὡς

407 1860 507 1913 tari
555 1875 663 1913 non
711 1868 976 1928 possent,
1012 1860 1216 1913 intacta
1260 1859 1641 1928 reliquerunt,
1672 1859 1919 1930 cujusnte

2121 1876 2273 1929 χουσι
2305 1859 2520 1930 φύσεως
2566 1859 2968 1932 ὲρμηνευθῆναι
3011 1861 3074 1914 οὐ
3107 1860 3385 1925 δύνανται,
3430 1861 3532 1913 ἀλλ’
3561 1861 3633 1913 ἐπὶ

405 1959 492 2006 ρει
521 1952 663 2021 apud
702 1949 997 2007 Jeremiam
1022 1967 1212 2006 carcer
1240 1951 1456 2008 sinoclt.
1494 1950 1584 2007 IV.
1610 1952 1917 2023 lnterpunct

2120 1928 2276 2020 ίῶρας
2305 1928 2610 2022 εἰάθησανξ
2637 1928 2723 2015 ἠὼς
2761 1928 2915 2023 παρὰ
2949 1951 3194 2023 Ἱερεμίᾳ
3233 1951 3295 2006 τὸ
3328 1951 3632 2020 ἀπόκλεισμα

387 2044 536 2112 item
565 2059 712 2115 saepe
738 2046 881 2114 parit
913 2045 1338 2110 obscuritatem,
1387 2054 1445 2100 ιιι
1477 2063 1490 2100 :
1539 2045 1670 2100 boni
1705 2056 1868 2100 erunt

2117 2042 2285 2116 ιινώχ.
2321 2044 2596 2115 Τέταρτον
2640 2045 2737 2099 καὶ
2790 2045 2996 2118 στιγμὴ
3039 2044 3309 2109 πολλάκις
3359 2046 3496 2098 ποιεῖ
3521 2046 3629 2100 ἀσά-

337 2137 344 2144 ’
406 2135 541 2191 colat
576 2146 771 2205 terra;
804 2137 906 2192 nisi
953 2137 1162 2193 scilicet
1203 2139 1660 2208 interpungamus
1685 2149 1808 2209 post
1837 2139 1849 2193 ί

2120 2154 2271 2204 ›ειαν,
2299 2137 2376 2202 ὡς
2401 2137 2463 2190 τὸ
2495 2138 2724 2210 χρηστοὶ
2760 2138 2876 2210 (55)
2913 2137 3126 2191 ἔσονται
3161 2139 3442 2210 οἰκήτορες
3459 2139 3576 2208 γῆς·
3595 2142 3632 2190 εξ

405 2231 472 2286 ν.
497 2233 772 2288 Accentus
801 2246 1020 2302 quoque
1045 2231 1364 2286 varietatem
1412 2230 1546 2286 facit
1573 2250 1588 2286 :
1647 2232 1815 2286 veluti
1839 2234 1917 2303 ἀρς

2120 2230 2170 2298 ιὴ
2209 2228 2510 2300 ὑποστιχθῇ
2542 2230 2603 2283 τὸ
2629 2230 2908 2300 χρηστοί.
2947 2230 3208 2301 Πέμπτον
3242 2231 3338 2284 καὶ
3375 2231 3516 2283 τόνου
3541 2231 3632 2283 δια-

407 2323 605 2394 σοφίας
640 2324 855 2379 initium
906 2323 1210 2394 sapientiae,
1255 2339 1443 2394 quaere
1481 2324 1846 2394 sapientiam;
1880 2343 1919 2379 n

2119 2323 2235 2395 ιορα
2276 2322 2352 2386 ὡς
2377 2322 2437 2376 τὸ
2477 2323 2620 2397 ἀρχὴ
2653 2323 2766 2394 (56)
2794 2323 3012 2392 σοφίας,
3065 2321 3307 2394 ζήτησον
3357 2324 3562 2391 σοφίαν·
3594 2324 3631 2375 εξ

210 2422 218 2430 ’
323 2467 328 2476 ,
403 2417 616 2474 scilicet
675 2427 1077 2489 paroxytonum
1137 2417 1445 2473 scribamus
1508 2418 1642 2489 ἆρχε
1695 2419 1722 2481 (l

2117 2414 2169 2487 ιὴ
2221 2413 2616 2488 παροξύνωμεν
2645 2416 2706 2470 τὸ
2737 2417 2874 2487 ἄρχε
2905 2417 3001 2470 καὶ
3021 2416 3178 2487 ῥῆμα
3217 2415 3489 2485 λάϐοιμεν.
3520 2417 3629 2468 Ἐκ-

403 2511 573 2583 ἁρχὴ)
607 2512 946 2578 verbumque
975 2526 1096 2566 esse
1126 2511 1518 2581 intelligamus.
1563 2509 1646 2566 Vl.
1689 2510 1915 2580 Complu

2123 2526 2211 2562 ον·
2250 2509 2423 2564 πολλά
2453 2512 2570 2563 ἐστι
2599 2510 2727 2581 παρ’
2759 2511 2943 2573 αὐτοῖς
2987 2512 3044 2564 ὲν
3083 2511 3186 2581 μιᾷ
3221 2513 3372 2582 φωνῇ
3398 2510 3455 2564 τὸ
3488 2509 3632 2561 ἑνικὸν

405 2603 548 2672 apud
578 2601 838 2657 Hebraeos
877 2601 1038 2656 unica
1085 2601 1472 2656 terminatione
1515 2601 1846 2672 singularem
1881 2619 1913 2656 ιι

2118 2603 2186 2656 ιαὶ
2219 2603 2585 2674 πληθυντικὸν
2623 2602 2910 2675 δηλοῦντα,
2968 2604 3044 2667 ὡς
3093 2605 3154 2656 τὸ
3214 2603 3347 2667 Θεὸς
3391 2603 3480 2656 καὶ
3523 2603 3630 2656 Θεοί.

404 2711 618 2752 merum
666 2695 1041 2767 pluralemque
1083 2695 1374 2760 denotant,
1432 2695 1574 2751 Deus
1623 2709 1677 2751 et
1718 2696 1814 2752 dii.
1867 2696 1911 2751 ν

2121 2695 2384 2765 Εϐδομον·
2407 2695 2578 2750 πολλὰ
2610 2697 2939 2768 μεταπίπτει
2963 2699 3077 2762 τοῖς
3101 2697 3411 2768 προσώποις
3429 2715 3441 2728 ⁸
3469 2696 3524 2748 τὸ
3546 2696 3631 2765 γὰρ

405 2787 574 2844 Multa
623 2803 889 2860 personas
925 2797 1278 2860 permutant;
1311 2805 1436 2842 nam
1491 2788 1623 2843 illud
1647 2788 1917 2846 Abraham

2121 2787 2520 2861 πρὸςἊϐρὰαμ,
2551 2788 2646 2842 νῦν
2673 2789 2867 2858 ἔγνων
2887 2791 2970 2846 ὃτι
2988 2789 3128 2862 φοϐῇ
3162 2791 3230 2843 σὺ
3258 2791 3350 2843 τὸν
3374 2789 3516 2854 Θεὸν,
3535 2789 3633 2841 ἀντὶ

405 2899 555 2942 nunc
592 2883 807 2954 cognovi
833 2881 980 2952 quod
1005 2881 1163 2938 times
1188 2881 1380 2948 Deum,
1418 2897 1528 2952 pro~
1544 2885 1841 2952 cognoscis,
1902 2900 1917 2939 ι

2124 2885 2186 2936 οὗ
2220 2883 2407 2953 ἔγνως
2462 2881 2703 2954 εἴρηται.
2743 2883 2992 2951 Ὄγδοον,
3052 2883 3135 2936 ὅτι
3181 2883 3285 2937 καὶ
3324 2885 3432 2946 τοῖς
3456 2881 3633 2950 γένεσιν

405 2988 554 3036 ctum
579 2986 662 3031 est
680 2976 718 3031 ¹.
747 2973 884 3031 VIII.
907 2973 1209 3032 Genet-ibus
1234 2988 1454 3044 quoque
1477 2984 1806 3045 praepostere
1827 2985 1917 3032 utu

2125 2976 2352 3040 ναντίως
2397 2975 2674 3048 χρῶνται·
2727 2977 3030 3048 ἀρρενικῶς
3061 2977 3169 3048 γὰρ
3219 2979 3280 3031 τὸ
3339 2975 3522 3047 σελήνη
3555 2977 3633 3027 καὶ

407 3082 496 3134 tur
526 3067 778 3133 Hebraei;
826 3069 1011 3122 lunam
1044 3066 1191 3122 enim
1236 3076 1294 3121 et
1349 3082 1498 3122 mare
1534 3069 1846 3124 masculino
1895 3085 1919 3140 ε

2121 3070 2340 3124 θάλασσα
2368 3070 2638 3138 λέγουσιν.
2671 3071 2931 3124 Ἕννατον
2962 3071 3045 3124 ὅτι
3073 3070 3340 3133 πολλάκις
3370 3067 3633 3121 ἐλλείπουσί

407 3174 539 3214 nere
573 3158 828 3213 eﬁ'erunt.
873 3155 962 3211 IX.
993 3156 1147 3226 Szepe
1178 3157 1325 3211 aliud
1358 3158 1531 3222 deest,
1574 3167 1656 3223 ut,
1694 3160 1919 3215 asceudu

2122 3181 2236 3229 ἰνα,
2273 3163 2349 3226 ὼς
2387 3163 2447 3216 τὸ
2489 3163 2925 3220 ἀναϐαίνουσιν
2956 3163 3065 3232 ὅρη
3097 3165 3196 3218 καὶ
3248 3164 3634 3217 καταϐαίνουσι

409 3262 616 3312 montes
644 3262 700 3307 et
730 3251 1056 3305 descendunt
1105 3252 1299 3320 campi.
1331 3249 1684 3307 Desideratur
1726 3255 1921 3308 nimiru

2117 3257 2294 3311 πεδία·
2314 3256 2490 3310 λείπει
2505 3255 2615 3328 γὰρ
2630 3256 2690 3309 τὸ
2709 3256 2809 3322 ὡς,
2831 3255 2918 3308 ἵνα
2989 3255 3425 3310 ἀναϐαίνουσιν
3437 3254 3509 3319 ὡς
3527 3253 3629 3320 ὄρη.

408 3346 680 3416 particula
730 3345 923 3405 sicuti,
991 3358 1185 3413 nempe
1219 3343 1509 3398 ascendunt
1565 3346 1726 3399 sicuti
1786 3362 1920 3402 mont

2122 3351 2222 3419 rapi.
2251 3351 2514 3418 κυμάτων
2549 3349 2659 3418 γὰρ
2681 3350 2708 3400 ό
2754 3347 2932 3415 λόγος,
2971 3350 3066 3401 καὶ
3103 3344 3634 3408 καταϐαίνουσιν-ὠς

411 3441 563 3510 (nam
615 3440 683 3494 de
731 3438 990 3492 ﬂuctibus
1041 3452 1226 3493 sermo
1265 3438 1368 3509 est)
1415 3449 1468 3494 et
1511 3440 1793 3495 subsidunt
1837 3441 1923 3496 siet

2123 3443 2270 3495 πεδία
2288 3442 2427 3513 (57).
2462 3443 2700 3494 Δέκατον
2717 3441 2773 3496 δὲ
2793 3441 2877 3494 ὅτι
2910 3442 2967 3493 έν
2993 3441 3057 3512 τῇ
3093 3437 3434 3509 αἰχμαλωσίᾳ
3461 3439 3635 3507 ἐμπρη-

411 3534 652 3604 φαιιιρί².
679 3533 747 3585 Χ.
781 3532 918 3587 Cum
977 3532 1030 3586 in
1088 3533 1403 3602 captivitate
1437 3537 1666 3589 cremati
1697 3535 1822 3592 libri
1853 3536 1923 3592 I‘ni

2121 3535 2321 3589 ’θεισῶν
2337 3534 2445 3590 τῶν
2459 3534 2679 3606 βίϐλων,
2708 3531 2826 3588 εἶτα
2853 3533 3013 3586 διαπε
3022 3533 3278 3603 μπόντων
3296 3530 3527 3600 ἀλλήλοις
3547 3526 3633 3579 τῶν

413 3635 582 3682 sent:
632 3640 697 3680 ac
734 3625 932 3679 deinde
977 3623 1118 3679 clam
1177 3625 1363 3695 aliqua
1422 3627 1757 3697 exemplaria
1803 3629 1925 3684 mitt

2117 3631 2197 3684 ιπδ
2257 3627 2613 3700 Ἰερουσαλὴμ
2637 3630 2718 3691 εἰς
2745 3625 3041 3680 Βαϐυλῶνα
3089 3625 3159 3679 τά
3213 3623 3367 3692 λόγια
3394 3622 3480 3674 τοῦ
3500 3615 3629 3679 Θεοῦ,

413 3730 606 3775 rentur
650 3719 884 3778 invicem
935 3717 1004 3772 ab
1043 3716 1550 3789 Hierosolymorum
1598 3730 1651 3776 et
1695 3719 1925 3792 Babylon

2120 3725 2360 3796 ,οχῶντες
2387 3724 2632 3796 ἀφῄρουν
2662 3721 2762 3786 τὰς
2786 3720 3026 3791 βίϐλους’
3054 3720 3103 3774 οἱ
3145 3719 3206 3772 δὲ
3236 3717 3390 3772 πάλιν
3416 3714 3497 3768 διὰ
3524 3729 3632 3778 συμ-

409 3811 608 3874 incolis
634 3850 648 3874 ,
683 3809 899 3870 insidiis
928 3810 1158 3864 structis
1201 3808 1389 3863 nescio
1421 3810 1515 3878 qui
1563 3810 1731 3866 libros
1757 3812 1921 3883 diripi

2118 3817 2289 3884 ῑόλων,
2327 3811 2402 3871 ὧν
2427 3817 2528 3870 οὐκ
2549 3814 2811 3885 ἠδύναντο
2845 3812 2988 3880 ξένοι
3025 3813 3190 3875 νοεῖν,
3225 3809 3472 3880 ἔγραφον,
3502 3801 3554 3867 ἐξ
3571 3797 3630 3854 ὧν

408 3905 560 3962 bant.
593 3901 807 3956 Hebraei
832 3908 1013 3956 autem
1040 3915 1235 3957 rursus
1259 3914 1356 3970 per
1391 3901 1639 3971 symbola
1659 3943 1675 3970 ,
1703 3918 1826 3972 quae
1858 3905 1920 3958 ali

2118 3933 2126 3984 ι
2153 3911 2389 3981 ἀσάφεια
2411 3927 2425 3941 ·
2451 3909 2556 3972 ἕως
2587 3908 2811 3977 ὕστερον
2834 3903 3198 3975 ὲμπνευσθεὶς
3225 3902 3451 3967 Ἔσδρας
3475 3895 3630 3949 πασῶν

405 4013 563 4070 gente
588 4011 696 4052 non
731 3994 1136 4064 intelligerent,
1191 3993 1530 4050 scribebant.
1561 3993 1700 4053 Hinc
1725 4010 1844 4055 orta
1881 4016 1914 4055 ο

1738 4010 1844 4055 )rta
1881 4002 1986 4056 ob-
2093 4003 2467 4075 ἐμνημόνευσε
2505 4000 2600 4053 καὶ
2627 4000 2812 4069 γραφῇ
2846 3995 3250 4067 παραδέδωκεν.

405 4095 645 4152 scuritas
700 4111 714 4149 :
763 4094 938 4150 donec
983 4093 1166 4148 denuo
1219 4090 1519 4162 inspiratus
1568 4091 1772 4152 Esdras
1805 4097 1981 4154 Biblia
2060 4102 2317 4156 universa
2369 4099 2422 4153 in
2471 4097 2792 4151 memoriam
2845 4095 3120 4148 revocavit
3191 4091 3500 4160 scriptisque
3542 4093 3629 4138 tra-

404 4187 561 4255 didit.

915 4303 1242 4370 QUESTIO
1278 4303 1453 4359 CLIII.

2625 4293 2962 4349 ΕΡΩΤΗΣΙΣ
2987 4293 3076 4345 ΡΝ
3085 4293 3155 4346 Γ’.

763 4392 840 4457 De
866 4395 1043 4447 eodem
1069 4401 1379 4462 argumento
1407 4392 1626 4446 clarius.

2400 4389 2470 4444 Τὸ
2500 4388 2649 4442 αὑτό
2695 4385 3208 4456 ἐκφαντικώτερον
3229 4384 3359 4454 (58).

1432 4481 1576 4530 Edita
1605 4495 1633 4531 a
1667 4483 1791 4534 Maio
1814 4487 1964 4547 (Non.
1988 4484 2094 4537 Coll
2119 4523 2134 4548 ,
2166 4491 2205 4536 t.
2231 4483 2273 4544 Ι,
2299 4497 2348 4545 ρ.
2383 4479 2633 4542 171-174).

473 4589 656 4644 Prima
692 4590 914 4658 quidem
949 4603 1118 4647 causa
1151 4591 1512 4660 quamobrem
1553 4591 1850 4662 Scriptura:
1887 4611 1982 4650 ve-

2157 4592 2274 4647 Μία
2301 4590 2402 4662 μὲν
2431 4588 2580 4642 αίτία
2629 4586 2729 4656 τῆς
2783 4583 3055 4654 ἀσαφείας
3085 4585 3204 4638 ἐστὶ
3249 4584 3356 4637 τῶν
3412 4576 3622 4634 παλαιῶν

401 4693 548 4748 teres
579 4683 633 4740 in
661 4683 1001 4739 obscuritate
1032 4692 1321 4739 versantur
1351 4699 1382 4738 a
1406 4683 1673 4739 lectorum
1701 4685 1866 4743 bruto
1898 4688 1912 4741 i

2106 4683 2472 4757 Γραμμάτων,
2500 4679 2608 4734 τῶν
2651 4677 2942 4747 ἀκροατῶν
2971 4678 3033 4730 τὸ
3070 4676 3333 4748 θηριῶδες
3358 4692 3372 4707 ο
3398 4675 3481 4727 καὶ
3503 4686 3618 4742 μαρ-

401 4777 562 4847 genio
601 4776 894 4845 repetenda
929 4785 1033 4831 est.
1069 4773 1434 4846 Testaturque
1466 4775 1671 4832 Paulus
1705 4778 1759 4832 id
1803 4779 1913 4848 ipsu

2101 4777 2247 4843 τυρεί
2276 4770 2506 4835 Παῦλος,
2532 4769 2594 4823 τὸ
2633 4767 2767 4823 αὐτὸ
2797 4767 3065 4838 κάλυμμα
3118 4767 3212 4820 ἐπὶ
3252 4769 3314 4837 τῇ
3349 4759 3613 4830 ἀναγνώσει

400 4870 648 4924 velamen
680 4883 710 4922 a
747 4867 958 4923 Veteris
993 4869 1328 4925 Testamenti
1380 4869 1614 4925 lectione
1661 4884 1770 4924 non
1813 4869 1912 4925 fuit

2104 4868 2190 4937 τῆς
2218 4866 2467 4928 Παλαιᾶς
2504 4863 2780 4935 Διαθήκης
2808 4863 2984 4932 λέγων
3030 4862 3104 4934 μὴ
3150 4856 3616 4924 ἀνακαλυπτόμενον

399 4966 673 5014 remotum
697 4999 712 5023 ,
750 4959 1012 5029 quoniam
1047 4959 1098 5011 id
1135 4959 1186 5012 in
1228 4957 1451 5014 Christo
1487 4966 1784 5024 evacuatur
1807 4959 1849 5014 ³.
1883 4957 1911 5014 ε

2103 4961 2174 5014 ὃτι
2207 4961 2264 5014 ἐν
2285 4957 2511 5031 Χριστῷ
2551 4961 2907 5028 καταργεῖται
2925 4975 2940 4990 ο
2968 4958 3195 5030 δευτέρα
3223 4955 3301 5020 δὲ,
3343 4951 3456 5007 ἐπεὶ
3482 4946 3615 5001 Maii»-

477 5052 496 5086 ⁸
528 5051 668 5108 Gen.
697 5068 838 5120 χχιι,
873 5053 962 5110 12.
1038 5053 1058 5083 ²
1101 5052 1245 5109 Psal.
1284 5069 1402 5118 Cill,
1439 5053 1494 5108 8.

1946 5146 2182 5205 NOTAE.

471 5238 583 5313 (54)
608 5237 765 5313 Hanc
792 5238 1149 5313 quaestionem
1179 5251 1245 5313 ex
1272 5237 1496 5313 prologo
1527 5237 1874 5312 Polychronii
1902 5241 1965 5313 in

2097 5238 2395 5313 βηματικόν⁸
2452 5241 2592 5303 ἐστι,
2639 5237 2850 5313 ’δηλοῦν
2891 5237 2953 5290 τὺ
2995 5236 3325 5313 ὑποτάσσεις
3371 5220 3609 5313 όξντννρῦς

397 5301 595 5368 Jobum
626 5310 768 5364 sumi
808 5301 969 5382 tacite
1006 5301 1290 5382 ³1³110ιίοξ
1307 5301 1502 5382 dixiin
1547 5301 1909 5380 prolegomeni

2078 5301 2240 5382 μένον
2373 5301 2694 5382 όνοματικδν
2709 5301 2956 5382 ’ὑπάρχει
2986 5309 3246 5378 σημαῖνον
3273 5303 3365 5375 τὴν
3427 5301 3575 5369 ἀρχὴν

397 5382 517 5438 Jam
548 5383 874 5454 scripturam
906 5379 1226 5454 Pliotianam
1246 5394 1371 5454 cum
1394 5378 1781 5450 antiquissimo
1801 5383 1909 5453 Pol;

1343 5395 1371 5432 n
1394 5378 1781 5450 antiquissimo
1801 5383 1969 5454 Poly-
2078 5378 2437 5454 λέγω-δέτὴν
2465 5378 2855 5451 προκαταρξιν.

399 5434 829 5524 éiiilbttirc’odigc
861 5434 1137 5524 collatam,
1161 5451 1340 5524 inveni
1365 5434 1591 5524 prorsits
1617 5434 1965 5508 concordem.
2081 5434 2107 5435 η
2149 5434 2264 5524 {57)
2306 5434 2569 5507 Noiemus
2605 5434 2898 5504 venustam
2931 5447 3038 5503 loci
3065 5441 3369 5519 psalmodici
3402 5434 3605 5505 explica-

473 5521 879 5593 (55)Scholion
924 5521 1258 5593 inﬁmargine
1303 5520 1441 5588 apud
1487 5520 1967 5593 ‘Polychronium:
2083 5520 2315 5593 tionem.

399 5585 654 5665 Χρηστὸς
685 5592 953 5665 ὀξυτόνως
982 5592 1010 5643 ό
1045 5585 1311 5665 χρεὶώδης
1340 5585 1353 5620 ³
1409 5585 1644 5663 χρῆστὸς
1671 5591 1727 5645 δὲ
1762 5612 1911 5665 προπ

2153 5591 2268 5662 (58)
2299 5590 2442 5656 Quia
2477 5589 2708 5665 scilicet
2758 5587 2991 5665 Photinus
3054 5586 3423 5665 precedentem
3449 5585 3597 5665 latigo;

409 5647 748 5746 δίσέτῗμέίνωέ
771 5662 838 5746 εδ
872 5647 1287 5746 κύριεϊῖδντθμαῖ.
1810 5647 1822 5665 ⁵

2088 5647 2412 5744 stione'mwex
2443 5659 2622 5715 alieno
2672 5647 3185 5746 scripto'hauserat,
3213 5657 3398 5713 idcirco
3433 5647 3600 5720 placuit

481 5734 594 5812 (56)
619 5733 879 5797 Scholion
923 5733 1044 5788 εΤὸ
1105 5733 1211 5805 γὰρ
1265 5732 1406 5804 ἁρχὴ
1456 5732 1818 5804 παροξύτονον
1875 5738 1974 5808 μὶν

1619 5733 1818 5800 ξύτονον
1875 5738 1974 5808 μὶν
2083 5736 2158 5804 ei,
2180 5744 2354 5794 marte
2388 5747 2487 5789 suo
2525 5733 2774 5789 eamdem
2805 5732 3131 5790 reformare.
