3826 6206
152 262 251 327 817

1024 268 1123 329 ΑΙ)
1146 268 1741 332 AMPHILOCHIUM
1779 273 2125 344 QUESTIO
2162 275 2337 337 CLII.
2372 276 2582 339 CLIII.

3303 282 3414 349 818

153 379 256 448 σῆς
282 380 311 432 6
332 378 631 449 νομοθέτης
656 376 921 449 κάλυμμα
953 377 1147 450 ἔφερεν
1168 379 1261 432 ἐπὶ
1288 379 1383 432 τοῦ
1407 379 1729 451 προσώπου,
1760 386 1803 442 Α

1855 383 2014 439 :unda
2046 397 2220 439 causa
2250 392 2365 451 est,
2432 386 2560 454 quia
2596 400 2720 440 cum
2788 384 2969 445 Moses
3002 389 3283 460 legislator
3316 407 3414 447 ve-

152 471 437 540 ἀναλόγως
489 471 586 525 καὶ
617 472 687 524 τὰ
746 470 1184 541 νομοθετούμενα
1233 466 1320 523 οἷα
1354 471 1421 542 δὴ
1464 472 1736 542 κάλυμμα

150 562 251 634 τὴν
274 563 547 630 ἀσάφειαν
581 563 919 632 συνεπέφερε
938 576 955 590 ·
986 562 1081 615 καὶ
1110 562 1393 633 οὐδέτερον
1430 563 1530 632 μὲν
1555 562 1736 616 αὐτῶν

149 653 211 705 τὸ
237 652 512 722 ἔγκλημα,
543 651 651 705 τῶν
680 653 724 705 δ’
755 650 1038 724 ἀκροατῶν
1072 654 1105 723 ἡ
1135 652 1387 705 ἀσθένεια
1425 653 1525 722 τὴν
1556 654 1738 707 αἰτίαν

151 744 268 813 ἔχει
291 761 304 773 ·
338 746 432 798 καὶ
454 745 563 816 γὰρ
594 745 841 813 Μωῢσῆς
864 744 925 797 τὸ
948 744 1213 815 κάλυμμα
1233 785 1249 805 ,
1298 745 1432 798 διότι
1462 748 1563 800 οὐκ
1604 746 1737 817 ἠδύ-

151 854 314 890 ναντο
358 837 544 907 φέρειν
591 838 692 907 τὴν
751 836 909 902 δόξαν
964 836 1059 889 τοῦ
1094 836 1389 908 προσώπου
1437 837 1605 891 αὑτοῦ
1661 838 1736 909 μὴ

151 930 598 1000 κεκαλυμμένου,
631 929 974 1000 περιετίθετο
999 944 1012 959 ’
1041 930 1135 983 καὶ
1157 932 1184 983 ὁ
1205 929 1369 999 νόμος
1391 931 1447 983 δὲ
1482 932 1605 983 ἀντὶ
1633 930 1729 984 τοῦ

150 1021 625 1092 προκαλύμματος
654 1022 721 1075 δι’
745 1022 878 1076 αὐτὸ
918 1022 1076 1075 τοῦτο
1109 1021 1207 1093 τὴν
1240 1023 1513 1091 ἀσάφειαν
1566 1040 1737 1093 περι-

150 1110 421 1181 εϐέϐλητο
439 1129 450 1140 ·
477 1111 950 1182 ἐναπετίθετογὰρ
980 1115 1035 1164 ἐν
1060 1113 1292 1176 ἐκείνοις
1318 1111 1407 1167 οἷα
1427 1114 1492 1186 δὴ
1525 1113 1737 1185 θησαυ-

153 1205 295 1273 ροῖς,
322 1204 393 1257 τὰ
414 1204 729 1277 τελειότερα
750 1206 847 1259 καὶ¹
875 1205 1186 1276 ὑψηλότερα
1212 1207 1521 1277 δογμάτων,
1568 1207 1604 1261 ἃ
1630 1208 1735 1261 τὸν

148 1297 394 1365 Χριστόν
421 1315 565 1368 φημι
588 1299 683 1351 καὶ
715 1299 815 1370 τὴν
834 1299 998 1352 αὑτοῦ
1021 1298 1299 1370 Διαθήκην
1322 1300 1737 1372 προκατήγγελο

149 1388 283 1441 λεν·
327 1389 442 1442 ἀλλ’
468 1389 700 1454 ἐκείνοις
749 1390 851 1460 μὲν
897 1391 962 1443 τὸ
1004 1391 1195 1452 ἀτελὲς
1234 1391 1330 1444 καὶ
1373 1391 1739 1463 ηρῤωστηκὸς

146 1481 255 1551 τῆς
282 1480 513 1551 γνώμης
544 1482 682 1553 πρὸς
704 1484 763 1536 τὸ
801 1483 1012 1537 ἐκεῖθεν
1036 1484 1224 1555 κέρδος
1242 1483 1493 1554 ἐμποδὼν
1514 1484 1700 1537 ἵστατο
1720 1500 1736 1516 ο

148 1572 288 1641 ἡμῖν
337 1570 394 1623 δὲ
449 1571 916 1643 θησαυριξόμενον
968 1572 1320 1642 ἐφυλάττετο,
1353 1572 1442 1627 ἴνα
1498 1571 1738 1643 Χριστοῦ

150 1662 627 1730 παραγεγονότος,
696 1662 783 1716 διὰ
839 1664 942 1734 τῆς
977 1665 1117 1734 πρὸς
1162 1663 1325 1718 αὐτὸν
1398 1664 1737 1736 ἐπιστροφῆς

1841 473 1953 527 lum
1983 473 2037 527 in
2068 472 2206 527 facie
2231 474 2500 543 gesserit,
2541 485 2903 541 congruenter
2928 479 3095 532 etiam
3126 478 3272 547 leges
3306 480 3411 533 veli

1837 564 2014 619 instar
2062 565 2452 619 obscuritatem
2506 566 2926 621 contrahebant.
2979 567 3168 624 Neutri
3216 586 3280 624 ex
3329 571 3413 625 his

1837 655 1996 724 culpa
2027 655 2343 724 imputanda
2381 667 2465 711 est
2492 697 2509 723 ,
2551 672 2717 726 quam
2767 658 3073 713 auditorum
3124 660 3413 715 infirmitas

1838 749 2090 803 sustinet.
2137 746 2274 801 Nam
2317 758 2373 803 et
2419 748 2598 804 Moses
2633 748 2841 804 idcirco
2870 762 3035 819 caput
3074 752 3413 819 obnubebat,

1837 840 1967 910 quia
2015 839 2240 909 gloriam
2277 841 2459 895 vultus
2500 842 2620 910 ejus
2650 839 2896 910 perferre
2940 857 3106 896 nemo
3152 852 3365 912 poterat
3398 860 3413 896 :

1838 931 2050 1002 legique
2076 932 2225 997 item,
2251 932 2355 986 veli
2386 932 2529 995 loco,
2558 934 2629 988 ob
2667 933 2918 986 eamdem
2959 947 3182 987 causam
3215 935 3417 989 obscu-

1836 1026 1973 1081 ritas
2005 1025 2178 1081 olfusa
2208 1024 2331 1079 fuit.
2363 1024 2575 1080 Etenim
2606 1027 2660 1080 in
2693 1041 2761 1081 eo
2784 1027 2952 1081 veluti
2989 1028 3249 1081 thesauro
3278 1042 3417 1081 con-
3464 1090 3467 1102 1

1837 1118 2105 1172 dabantur
2118 1116 2438 1186 perfectiora
2456 1118 2798 1185 celsioraque
2819 1117 3097 1186 dogmata,
3123 1133 3245 1187 quae
3266 1116 3422 1172 Chri-

1838 1218 1985 1263 stum
2031 1208 2241 1262 scilicet
2287 1206 2514 1277 ejusque
2542 1204 2954 1261 Testamentum
2996 1207 3418 1277 portendebant.

1842 1300 1946 1357 Sed
1978 1303 2122 1357 enim
2152 1301 2507 1356 Hebraeorum
2538 1301 2879 1371 imperfectio
2917 1313 2974 1356 et
3008 1302 3227 1356 inﬁrma
3259 1318 3419 1357 mens

1838 1394 2135 1464 quominus
2169 1394 2295 1447 inde
2336 1394 2550 1449 lucrum
2581 1393 2683 1463 ipsi
2726 1394 3107 1463 perciperent,
3150 1394 3420 1463 impedie-

1839 1487 1931 1541 bat
1963 1503 1978 1541 :
2011 1486 2171 1539 nobis
2203 1493 2384 1540 autem
2430 1501 2493 1540 ea
2532 1500 2619 1539 res
2657 1485 2939 1541 recondita
2974 1489 3318 1551 servabatur,
3362 1494 3422 1539 ut

1839 1579 2061 1634 Christo
2089 1588 2374 1649 praesente,
2402 1592 2497 1646 per
2526 1577 2941 1632 conversionem
2981 1576 3048 1629 ad
3071 1591 3219 1642 eum,
3265 1590 3422 1629 reve-

1842 1671 2048 1725 laretur
2072 1669 2389 1724 thesaurus.
2413 1667 2537 1722 .Iam
2564 1684 2779 1723 mecum
2803 1668 3149 1724 considerate
3168 1668 3223 1721 in
3245 1682 3423 1736 quan-

150 1754 526 1824 ἁνακαλυφθῇ
551 1754 612 1806 τὸ
642 1753 1140 1826 θησαυριξόμενον·
1167 1755 1263 1807 καὶ
1298 1755 1461 1826 όρᾶτε
1491 1757 1571 1818 είς
1609 1755 1740 1826 ὅσην
1769 1737 1803 1796 Ε

1855 1775 1957 1818 tam
1990 1778 2092 1817 nos
2132 1762 2451 1832 dignitatem
2486 1759 2705 1814 Domini
2744 1762 3031 1831 prtesentia
3064 1759 3419 1815 subvexerit:

146 1844 306 1914 ἡμᾶς
341 1842 499 1908 ἀξίαν
560 1848 593 1915 ἠ
628 1845 722 1897 τοῦ
769 1846 1040 1899 Δεσπότου
1077 1846 1351 1917 παρουσία
1396 1846 1736 1916 συνήγαγεν·

152 1933 244 1994 είς
269 1932 383 2002 γὰρ
416 1932 515 2003 τὴν
544 1933 638 1985 τοῦ
678 1934 959 1995 Μωῦσέως
1004 1932 1157 1998 τάξιν
1190 1934 1617 2005 ἐγκατέστησενί
1643 1932 1741 1987 ἄλ-

147 2024 263 2087 λως
295 2040 355 2076 τε
380 2024 437 2077 δὲ
475 2027 570 2077 καὶ
596 2025 704 2078 τῶν
736 2026 1037 2096 μελλόντων
1067 2026 1101 2096 ἡ
1136 2026 1459 2097 προφητεία,
1502 2025 1604 2079 κᾶν
1632 2043 1741 2097 μη-

145 2116 393 2185 δαμόθεν
413 2117 633 2171 ἄλλοθεν
672 2118 1068 2190 συνεφέλκηται
1094 2117 1154 2171 τὸ
1176 2118 1572 2190 δυσθεώρητον,
1600 2119 1741 2189 πλὴν

144 2207 256 2278 οὐχ
277 2208 454 2269 οὕτως
488 2208 601 2261 ἐστὶ
630 2208 804 2279 σαφὴς
826 2206 901 2272 ὡς
933 2212 965 2277 ὴ
997 2208 1107 2262 τῶν
1135 2208 1417 2282 παρόντων
1449 2209 1702 2281 διήγησις
1723 2225 1740 2241 ·

148 2300 433 2354 λαΰόντων
454 2300 511 2353 δὲ
538 2301 708 2371 πέρας
730 2301 838 2353 τῶν
866 2302 1372 2373 προφητευθέντων,
1405 2301 1500 2356 καὶ
1516 2302 1577 2354 τὸ
1604 2303 1745 2356 ἀσα-

150 2391 259 2459 φὲς
281 2389 725 2460 συμμεθίσταται
752 2389 891 2459 πρὸς
914 2392 1214 2460 σαφήνειαν
1234 2405 1248 2417 ·
1288 2391 1384 2441 καὶ
1417 2389 1529 2458 γὰρ
1556 2389 1650 2440 καὶ
1685 2390 1745 2439 τὸ

158 2500 177 2530 ς
190 2480 412 2533 Λύσατε
435 2479 528 2531 τὸν
553 2478 678 2531 ναδν
704 2479 893 2531 τοῦτον
912 2479 1007 2532 καὶ
1037 2480 1094 2531 ἐν
1119 2478 1298 2549 τρισὶν
1314 2480 1549 2549 ἡμέραις
1567 2476 1745 2547 ἐγερῶ

148 2570 348 2635 αὑτὸν,
382 2588 400 2621 ι
426 2568 521 2622 τοῦ
552 2569 809 2640 Σωτῆρος
828 2568 1359 2639 προαγορεύσαντος,
1381 2569 1439 2619 οὐ
1461 2568 1622 2638 μόνον
1638 2566 1746 2619 τῶν

150 2663 342 2718 ἄλλων
382 2662 652 2714 Ἰουδαίων
702 2661 764 2713 τὸ
794 2660 1019 2723 ἀπειθὲς
1054 2662 1149 2714 καὶ
1207 2659 1642 2729 ἀπονενοημένον
1684 2658 1747 2711 τὸ

151 2752 547 2825 προφητευθὲν
570 2754 629 2804 οὐ
667 2752 995 2823 κατενόησεν
1047 2752 1168 2805 οὐδὲ
1195 2753 1450 2821 συνῆκεν,
1482 2751 1597 2804 ἀλλ’
1638 2752 1744 2805 οὐδ’

152 2845 288 2898 ὅσον
327 2847 385 2895 ἐν
433 2844 619 2906 αὐτοῖς
699 2842 1069 2913 συνετώτερον
1128 2845 1222 2895 καὶ
1268 2846 1367 2914 τῆς
1407 2843 1747 2914 Δεσποτικῆς

150 2935 517 2997 διδασκαλίας
571 2933 939 2998 ἀπολαύοντες
990 2934 1099 2987 τῶν
1156 2935 1415 3005 μαθητῶν
1475 2936 1503 2988 6
1566 2937 1745 3006 χορὲς,

153 3028 273 3081 οὐδ’
310 3028 464 3080 αὐτοὶ
494 3027 766 3091 συνίεσαν,
792 3026 929 3079 ἀλλὰ
956 3027 1056 3097 τῆς
1111 3026 1201 3079 διὰ
1247 3026 1355 3079 τῶν
1401 3027 1748 3096 πραγμάτων

153 3120 467 3191 ἐδεήθησαν
496 3120 631 3189 πρὸς
653 3119 751 3189 τὴν
776 3120 1103 3191 κατανόησιν
1130 3120 1225 3172 τοῦ
1257 3120 1747 3191 προφητευθέντος,
1778 3106 1820 3162 C

154 3215 472 3277 ἐκϐάσεως.
493 3214 693 3283 Διόπερ
722 3212 829 3266 οὐδ’
852 3213 1036 3283 ἔνοχός
1059 3214 1209 3267 ἐστιν
1237 3212 1415 3275 αἰτίας
1442 3215 1469 3266 6
1494 3212 1751 3275 Ἰουδαῖος

154 3310 266 3371 τὰς
301 3309 429 3377 περὶ
478 3305 718 3377 Χριστοῦ
775 3306 1116 3377 προφητείας
1166 3306 1274 3377 πρὸ
1319 3306 1419 3376 τῆς
1454 3306 1621 3358 αὑτοῦ
1678 3305 1753 3376 μὴ

159 3400 376 3462 συνιεὶς
411 3400 715 3470 παρουσίας
737 3417 752 3430 ο
783 3398 959 3470 ταύτῃ
988 3416 1071 3451 τοι
1103 3400 1196 3451 καὶ
1230 3401 1258 3451 6
1287 3399 1478 3469 Σωτὴρ
1525 3398 1711 3465 ἔλεγεν
1740 3413 1753 3427 ⁸

168 3511 192 3545 σ
240 3493 305 3545 Et
344 3493 420 3567 μὴ
461 3488 626 3562 ἦλθον
664 3493 760 3545 καὶ
790 3492 1031 3560 ἐλάλησα
1063 3491 1269 3555 αὐτοῖς,
1319 3490 1597 3561 ἁμαρτίαν
1656 3489 1757 3542 οὐκ

160 3581 375 3654 εἶχον.»
409 3585 518 3637 Καὶ
548 3586 657 3655 γὰρ
694 3587 742 3636 εί
774 3585 869 3637 καὶ
896 3584 964 3636 τὰ
993 3584 1153 3651 λόγια
1178 3582 1367 3635 τοῦτον
1422 3582 1757 3652 ἐχρησμολόα

160 3696 285 3748 γει,
321 3676 434 3729 ἀλλ’
462 3677 823 3741 ἐπεσκιάζετο
886 3678 951 3747 τῇ
990 3676 1228 3746 ἀπουσίᾳ
1260 3674 1352 3727 τοῦ
1404 3674 1755 3745 κηρυσσομέ-

162 3786 304 3824 νουο
375 3770 643 3841 παρόντος
686 3770 764 3835 δὲ,
822 3767 1121 3839 οὐδαμόθεν
1150 3766 1337 3820 λοιπὸν
1390 3766 1611 3821 ἄλλοθεν
1657 3768 1757 3818 ἐπ-

164 3862 486 3925 εσκιάζετο,
519 3862 656 3933 μόνῃ
684 3863 739 3915 δὲ
770 3864 837 3933 τῇ
869 3861 1143 3933 μοχθηρία
1176 3864 1272 3915 καὶ
1309 3860 1617 3932 κακουργία
1650 3860 1760 3912 τῶν

171 3959 255 4030 μὴ
294 3958 635 4029 βουλομένων
665 3957 1000 4012 ἐκαλύπτετο
1030 3956 1454 4027 παραδέχεσθαι.
1477 3957 1604 4008 Ἐπὶ
1636 3955 1761 4009 τού-

162 4070 291 4114 τοις
319 4052 375 4103 δὲ
425 4051 525 4121 τῆς
577 4049 844 4119 ἀσαφείας
896 4050 1043 4103 ἐστὶν
1077 4048 1227 4103 αίτία
1263 4048 1324 4101 τὸ
1371 4047 1469 4119 μὴκ
1492 4051 1644 4118 φωνῇ
1691 4050 1760 4119 τῇ

184 4142 408 4197 Ἐλλάδι
432 4145 534 4213 τὴν
567 4141 813 4195 Παλαιὰν
848 4140 1261 4210 ἀπαγγελθῆναι
1282 4140 1525 4212 Γραφὴν,
1559 4139 1673 4191 ἀλλ’
1698 4141 1764 4191 ἐκ

166 4240 279 4309 τῆς
331 4238 610 4309 Ἐὃραῒδος
659 4239 739 4298 εἰς
786 4235 993 4307 ταύτην
1040 4238 1405 4305 μεταπεσεῖν
1438 4233 1652 4303 πέφυκε
1704 4232 1762 4285 δὲ

170 4334 332 4385 πᾶσα
362 4331 585 4400 γλῶσσα
616 4333 693 4393 εἰς
724 4330 957 4399 ἔκφυλον
994 4327 1411 4399 μετατιθεμένη,
1453 4326 1513 4379 τὸ
1554 4326 1765 4394 ἀσαφὲς

1847 1865 2085 1920 namque
2111 1850 2163 1904 iu
2197 1850 2316 1920 ipso
2356 1865 2456 1904 nos
2478 1846 2646 1902 Mosis
2680 1848 2876 1904 ordine
2906 1849 3211 1903 collocavit.
3242 1848 3416 1901 Caete-

1850 1940 2063 2009 teroqui
2095 1936 2405 1992 futurarum
2434 1952 2615 1992 rerum
2646 1936 2989 2001 vaticinium,
3029 1935 3247 1991 etiamsi
3279 1933 3422 1990 forte

1849 2032 2054 2087 nullam
2076 2030 2223 2084 aliud
2241 2030 2424 2083 trahat
2447 2029 2857 2094 obscuritatem,
2878 2027 3239 2083 nihilominus
3276 2044 3421 2082 nun-

1848 2138 2013 2193 quam
2044 2135 2201 2190 aeque
2224 2127 2308 2176 est
2328 2119 2576 2183 evidens,
2603 2129 2663 2172 ut
2686 2117 3037 2188 praesentium
3080 2131 3262 2170 rerum
3295 2131 3424 2169 nar-

1848 2217 2011 2272 ratio.
2052 2214 2253 2269 Vernm
2297 2212 2390 2267 ubi
2431 2212 2729 2282 prophetiae
2775 2211 2843 2265 ad
2892 2212 3099 2266 exitum
3151 2208 3427 2280 perductas

1851 2308 2089 2368 fuerint,
2126 2315 2244 2360 tum
2289 2305 2509 2360 demum
2553 2303 2864 2359 obscuritas
2895 2302 2951 2356 in
2987 2302 3164 2356 lucem
3193 2315 3429 2356 conver-

1850 2404 2001 2455 titur.
2021 2397 2155 2451 Nam
2179 2405 2234 2452 et
2258 2411 2383 2451 cum
2413 2395 2579 2449 verba
2603 2393 2962 2461 illa,tSolvite
3001 2392 3269 2462 templum
3297 2392 3425 2459 hoc,

1849 2504 1904 2547 et
1928 2508 2028 2563 ego
2068 2492 2242 2547 tribus
2268 2490 2461 2545 diebus
2485 2488 2736 2544 excitabo
2772 2487 2909 2542 illud
2934 2486 2976 2553 ⁸,
3008 2505 3027 2537 ι
3068 2502 3100 2541 a
3133 2484 3431 2541 Servatore

1852 2587 1995 2642 dicta
2034 2583 2293 2648 fuerunt,
2358 2598 2468 2638 non
2504 2580 2683 2637 solum
2734 2593 3060 2635 cancrorum
3106 2579 3430 2634 Jndreorum

1853 2692 1979 2748 pars
2007 2674 2286 2730 incredula
2334 2680 2389 2727 et
2423 2688 2616 2727 vecors
2660 2671 3009 2742 prophetiam
3048 2684 3228 2739 neque
3262 2666 3435 2722 sensit

1854 2784 2030 2838 neque
2061 2764 2350 2830 intellexit,
2390 2764 2487 2819 sed
2529 2780 2596 2818 ne
2643 2764 2720 2817 illi
2766 2764 2989 2833 quidem
3037 2761 3132 2831 qui
3164 2760 3305 2814 inter
3335 2774 3433 2812 eos

1853 2860 2236 2934 prudentiores
2266 2865 2448 2930 erant,
2485 2865 2540 2911 et
2573 2853 2872 2910 Dominicaa
2913 2853 3176 2908 doctrinae
3214 2848 3435 2904 audito-

1854 2972 1963 3019 res,
2000 2952 2398 3023 discipulorum
2442 2964 2638 3018 nempe
2672 2954 2848 3002 ccetus
2873 2986 2887 3012 ,
2931 2943 3234 3015 quidquam
3273 2939 3435 2993 intel-

1857 3049 2130 3111 lexerunt,
2167 3045 2262 3100 sed
2292 3058 2479 3097 rerum
2510 3040 2659 3097 exitu
2707 3040 3061 3110 indiguerunt
3091 3046 3147 3090 ut
3188 3030 3436 3088 vaticinii

1855 3155 2076 3197 sensum
2121 3138 2484 3209 perciperent.
2535 3134 2718 3201 Quare
2750 3150 2852 3188 nec
2892 3146 3019 3186 reus
3062 3127 3437 3185 traducendus

1853 3240 1936 3287 est
1963 3230 2185 3285 Judzeus
2213 3272 2227 3296 ,
2269 3229 2399 3299 quia
2428 3226 2687 3280 vaticinia
2734 3224 2801 3279 de
2836 3223 3058 3278 Christo
3109 3232 3235 3275 ante
3270 3220 3434 3289 hujus

1855 3323 2145 3377 adventum
2199 3336 2307 3373 non
2382 3317 2734 3373 intellexerit.
2783 3314 3016 3385 Ideoque
3076 3322 3132 3368 et
3182 3312 3442 3366 Servator

1856 3414 2037 3469 aiebat
2069 3430 2081 3466 :
2121 3430 2139 3463 ι
2170 3409 2287 3465 Nisi
2321 3424 2423 3479 ego
2454 3408 2728 3463 venissem
2756 3407 2968 3476 illlsqne
2992 3405 3212 3459 locutus
3237 3416 3443 3467 essem,

1859 3515 2139 3576 peccatum
2172 3518 2280 3557 non
2318 3502 2583 3555 haberent
2604 3502 2681 3553 ⁵.»
2716 3498 2828 3553 Etsi
2849 3499 2997 3552 enim
3026 3495 3252 3551 oracula
3278 3492 3444 3548 Chri-

1857 3610 2003 3656 stum
2033 3597 2424 3669 prmdicebant,
2452 3596 2566 3649 haec
2600 3604 2778 3647 tamen
2814 3592 3255 3645 obscurabuntur
3317 3602 3447 3656 pro-

1860 3704 1978 3763 pter
2001 3691 2121 3761 ejus
2152 3690 2244 3759 qui
2266 3688 2655 3758 designabatur
2684 3683 2989 3755 absentiam
3026 3702 3038 3737 :
3081 3696 3190 3752 quo
3224 3680 3445 3734 domum

1860 3792 2151 3855 praesente,
2176 3783 2288 3852 jam
2320 3780 2635 3849 neutiquam
2690 3776 2931 3845 tegmine
2975 3773 3445 3828 ohnubebantur:

1861 3878 1978 3933 sola
1997 3887 2178 3932 autem
2222 3872 2544 3943 improbitas
2561 3870 2929 3939 vecordiaque
2969 3866 3445 3929 refractariorum,

1865 3970 2162 4042 quominus
2197 3968 2244 4022 is
2272 3968 2605 4036 reciperetur
2625 4006 2639 4031 ,
2671 3962 2954 4017 obstabat.
2992 3960 3219 4015 Accedit
3251 3959 3317 4013 ad
3348 3958 3448 4012 0b-

1864 4061 2146 4119 scnritatis
2196 4074 2397 4113 causas
2443 4056 2589 4127 quod
2639 4065 2803 4108 vetus
2859 4050 3149 4120 Scriptura
3196 4063 3451 4104 sermone

1866 4154 2058 4211 Graeco
2088 4168 2197 4206 non
2232 4151 2337 4205 fuit
2364 4158 2651 4219 concepta,
2681 4147 2775 4202 sed
2803 4162 2867 4200 ex
2898 4144 3164 4199 llchraico
3202 4143 3270 4211 in;
3295 4141 3448 4195 illum

1867 4245 2130 4301 manavit.
2167 4243 2264 4298 Est
2293 4252 2472 4297 autem
2508 4248 2707 4294 natura
2749 4246 3129 4306 comparatum
3179 4242 3237 4288 ut
3269 4233 3451 4287 omnis

1869 4342 2088 4410 lingua,
2126 4353 2248 4408 qua:
2287 4338 2344 4391 in
2384 4334 2726 4406 peregrinam
2771 4329 3161 4407 convertitur,
3196 4326 3449 4381 obscuri-

171 4425 277 4478 καὶ
335 4423 768 4492 δυσκατανόητον
803 4421 1226 4491 συνεφέλκεσθαι
1249 4438 1265 4454 ο
1294 4423 1358 4490 τῇ
1403 4418 1648 4489 Ἐϐραΐδι
1705 4418 1803 4523 δὲ’.⁴

1871 4440 2035 4487 tatem
2072 4426 2592 4494 abstrusiouemqne
2637 4422 2950 4477 contrahat.
2997 4417 3117 4473 Jam
3151 4433 3281 4471 vero
3301 4416 3449 4485 prin-

171 4518 304 4571 κατ’
362 4518 537 4587 ἀρχὰς
601 4518 905 4589 ἐρρέθησαν
966 4517 1022 4569 αἱ
1053 4513 1349 4568 Μωσαϊκαὶ
1402 4511 1759 4583 νομοθεσίαι·

172 4612 317 4663 διότι
360 4610 518 4680 μόνον
566 4608 820 4680 τηνικάδε
873 4608 933 4661 τὸ
995 4607 1265 4659 Ἰουδαίων
1310 4605 1461 4668 ἐθνος
1513 4606 1579 4675 τῇ
1643 4603 1763 4655 θεο-

172 4704 394 4775 γνωσία
439 4707 798 4773 προσανεῖχε·
856 4704 923 4755 τὰ
970 4701 1026 4754 δὲ
1064 4699 1225 4752 λοιπὰ
1275 4698 1411 4767 πρὸς
1472 4696 1568 4767 τὴν
1614 4694 1767 4747 εἰδω-

172 4797 343 4868 λικὴν
375 4798 783 4868 ἀπετεθηρίωτο
836 4795 1054 4866 μανίαν.
1103 4793 1258 4846 Ἐπεὶ
1311 4791 1368 4845 δὲ
1402 4790 1638 4860 Χριστὸς
1666 4789 1767 4859 ἦγε

175 4888 308 4957 γιςε
337 4886 764 4956 παραγενέσθαι,
790 4884 886 4938 καὶ
912 4884 1048 4954 πρὸς
1073 4882 1265 4936 ἑαυτὸν
1296 4881 1397 4950 τὴν
1429 4877 1763 4948 οἰκουμένην

178 4981 391 5042 καλεῖν,
428 4983 461 5048 ἡ
521 4978 762 5048 Ἑλληνὶς
816 4978 873 5030 δὲ
906 4976 1130 5045 γλῶσσα
1180 4974 1289 5027 τῶν
1345 4973 1520 5028 ἄλλων
1567 4971 1769 5041 μᾶλλον

177 5074 297 5136 τοῖς
324 5071 537 5124 ἔθνεσιν
560 5070 886 5135 ἐπεπόλαζε,
900 5067 1202 5140 τηνικαῦτα
1223 5068 1314 5120 καὶ
1328 5064 1485 5137 ἡτῶν
1501 5064 1771 5135 Ἐϐραίων

181 5160 345 5233 φωνὴ
371 5162 509 5232 πρὸς
528 5161 628 5230 τὴν
658 5160 927 5231 Ἑλλήνων
955 5156 1337 5229 μετεϐέϐλητο,
1353 5155 1488 5223 πρὸς
1507 5153 1772 5206 ἐνιαυτῶν

177 5256 245 5308 οὐ
284 5254 450 5306 πλέον
488 5254 684 5306 ἑκατὸν
712 5253 811 5323 τῆς
836 5251 927 5304 τοῦ
965 5250 1218 5320 Σωτῆρος
1242 5245 1577 5317 παρουσίας,
1605 5245 1771 5297 αὑτοῦ

1867 4525 2009 4594 cipio
2040 4520 2297 4574 Mosaicae
2324 4520 2467 4587 leges
2505 4516 2789 4570 ilebraieze
2833 4513 3031 4583 lingua:
3056 4508 3452 4564 commendata:

1867 4617 2133 4672 fuerunt:
2178 4628 2352 4683 quare
2395 4620 2447 4664 ct
2475 4618 2605 4665 tunc
2642 4607 2815 4661 Judaei
2853 4605 2955 4660 soli
2989 4603 3180 4657 notitia
3220 4600 3313 4655 Dei
3349 4616 3449 4669 po-

1868 4711 2144 4764 tiebantur
2171 4724 2185 4773 ;
2215 4706 2441 4773 reliquae
2462 4711 2655 4773 gentes
2686 4698 2890 4755 idolica
2920 4697 3130 4753 insania
3158 4694 3451 4764 jactabanr-

1870 4814 1974 4858 tur.
2028 4800 2133 4855 Sed
2170 4799 2315 4854 enim
2344 4796 2553 4851 Christi
2588 4810 2713 4849 cum
2742 4792 3213 4863 appropinquaret
3248 4788 3454 4842 adven-

1875 4905 1983 4957 tus,
2010 4889 2311 4958 mundique
2340 4885 2405 4939 ad
2434 4898 2559 4938 eum
2594 4883 2810 4936 vocatio
2835 4898 2849 4939 :
2878 4893 3115 4948 cumque
3136 4876 3247 4948 jam
3269 4874 3457 4929 Graeca

1877 4982 2061 5049 lingua
2080 4992 2192 5048 pra:
2213 4976 2426 5032 caeteris
2447 4973 2503 5027 in
2533 4989 2694 5026 nsum
2718 4970 2960 5042 gentium
2992 4977 3205 5035 recepta
3244 4966 3456 5031 fuisset,

1879 5078 2009 5123 tunc
2034 5065 2273 5120 Hehrzea:
2307 5062 2530 5117 Littera:
2566 5061 2617 5115 in
2653 5059 2872 5114 Grazcas
2901 5071 3183 5112 conversae
3210 5054 3456 5116 fuerunt,

1880 5171 2024 5212 anno
2060 5163 2186 5208 ante
2214 5151 2418 5207 Christi
2451 5151 2742 5204 adventum
2781 5147 2869 5201 vix
2899 5146 3201 5201 centesimo
3226 5182 3241 5206 ,
3275 5140 3460 5195 Ptole-

1885 5263 2022 5302 maeo
2058 5243 2169 5315 (59)
2200 5244 2253 5297 in
2284 5239 2517 5313 [Egypto
2550 5248 2831 5310 regnante.
2869 5236 3082 5309 Quippe
3120 5235 3370 5297 decebat,
3401 5239 3459 5285 ut

256 5399 282 5432 ³
313 5398 359 5454 ll
390 5398 519 5453 Cor.
557 5412 643 5460 ιιι,
687 5395 774 5449 15.
848 5396 870 5427 ⁸⁵
894 5393 1054 5449 Joan.
1092 5410 1155 5457 tt,
1188 5393 1273 5446 19.
1353 5392 1373 5422 ⁸
1406 5388 1568 5443 Joan.
1599 5404 1690 5453 xv,
1716 5386 1809 5451 22,
1833 5385 1926 5441 24.

1712 5502 1946 5560 NOTAE.

258 5604 377 5678 (59)
407 5604 529 5672 Quo
553 5602 884 5678 Ptolemaeo?
910 5601 1045 5678 Nam
1064 5600 1477 5678 Philadelphum
1509 5598 1633 5678 (sub
1658 5612 1768 5678 quo

184 5669 653 5735 creditur-icurata
703 5674 1099 5747 interpretatio)
1134 5688 1241 5727 non
1268 5670 1480 5726 videtur
1537 5669 1767 5725 Photins

1876 5595 2201 5663 intelligere,
2236 5593 2375 5647 inter
2405 5589 2565 5663 cujus
2594 5603 2824 5663 regnum
2855 5584 3172 5653 Christique
3198 5576 3451 5633 nativita-

1878 5678 1984 5723 tem
2024 5660 2367 5721 intercedunt
2388 5661 2515 5718 anni
2545 5660 2795 5717 trecenti.
