3828 6202
445 238 553 302 810

1604 249 1866 313 PHOTII
1904 253 2410 318 PATRIARCHKE
2437 259 2544 321 CP.
3545 278 3628 334 820

445 367 555 423 quo
572 365 828 408 sermone
844 354 1140 411 multitudo
1175 357 1418 427 gentium
1442 359 1509 414 ad
1530 357 1623 416 Dei
1650 364 2015 433 cognitionem

2124 368 2223 438 τῆς
2253 370 2531 439 Αἰγύπτου
2581 370 2920 440 Πτολεμαίου
2978 371 3340 442 βασιλεύοντος
3370 374 3437 448 (6)
3462 395 3474 410 ο
3501 381 3634 454 ἐχρῆν

445 443 804 509 pertrahenda
831 454 971 509 erat,
1020 445 1211 502 eodem
1237 449 1463 504 oracula
1514 465 1735 521 quoque
1774 468 2023 521 praenun—

444 533 734 603 tiarentur,
765 552 886 606 quae
920 537 988 593 de
1017 541 1297 594 communi
1328 540 1619 598 Servatore
1649 545 2024 600 vaticinaban-

443 633 551 682 tur.
599 627 719 684 Jam
756 631 873 700 ipsa
923 631 1181 700 loquendi
1216 633 1298 688 vis
1333 634 1535 690 idcirco
1585 636 1637 690 in
1693 637 1878 707 plures
1907 639 2024 695 dia-

443 719 615 776 lectos
648 737 803 778 versa
839 732 942 789 est,
960 723 1090 793 quia
1115 742 1238 781 cum
1277 726 1434 781 initio
1477 729 1694 782 unicam
1725 745 1755 783 a
1794 729 1904 786 Deo
1931 747 2023 786 ac-

443 809 682 877 cepisset
711 810 904 877 homo,
952 813 1177 868 vesania
1202 822 1367 884 atque
1399 814 1679 884 impietate
1709 817 1886 874 elatus
1915 828 2020 876 est.

445 898 898 971 Quandoquidem
941 920 1070 976 ergo
1127 907 1289 961 unica
1345 907 1530 978 lingua
1574 909 1828 966 homines
1871 913 2021 970 abusi

445 1002 593 1057 sunt,
620 996 814 1050 merito
840 997 1049 1053 invecta
1080 998 1181 1053 fuit
1203 1001 1515 1056 multitudo.
1543 1001 1648 1057 Sed
1681 1005 1826 1060 enim
1859 1007 2023 1065 unius

445 1084 643 1154 linguae
679 1089 1106 1146 emolumentum
1132 1103 1185 1147 et
1205 1108 1364 1148 usum
1384 1134 1399 1159 ,
1428 1096 1597 1150 multo
1629 1104 1873 1168 tempore
1899 1111 2024 1171 post

443 1176 774 1234 divisionem
815 1182 1059 1250 ejusdem
1085 1194 1251 1254 atque
1274 1185 1588 1253 dissidium,
1623 1190 1796 1260 igneis
1819 1192 2022 1263 linguis

445 1285 541 1323 ora
588 1271 840 1327 instructi
872 1274 1163 1344 discipuli,
1210 1279 1485 1347 magnalia
1520 1281 1616 1335 Dei
1654 1283 2020 1352 praedicando,

443 1362 662 1417 tandem
709 1364 1007 1436 aliquando
1052 1368 1575 1430 demonstraverunt
1614 1384 1778 1448 atque
1825 1393 2024 1435 cumu-

441 1454 647 1510 larunt.

439 1568 769 1635 QU/ESTIO
789 1573 950 1630 CLIV
972 1576 1166 1649 [CoisL
1185 1579 1516 1648 CLXXXIV,
1542 1583 1843 1641 Taur.CLX
1854 1585 2018 1660 XIII].

634 1665 774 1729 Quot
806 1668 1064 1724 editiones
1093 1669 1390 1740 Scriptura:
1411 1673 1569 1743 facta:
1593 1676 1818 1745 fuerint.

2049 1699 2097 1758 B

2124 463 2234 531 γὰρ
2258 461 2325 514 δι’
2361 457 2429 533 ἦς
2462 461 2654 533 ἔμελλε
2683 463 2750 516 τὰ
2780 463 2948 517 πλείω
2973 464 3081 516 τῶν
3109 465 3274 518 ἐθνῶν
3333 470 3404 530 είς
3447 470 3633 541 θεογνω-

2125 555 2247 607 σίαν
2275 554 2758 624 χειραγωγεῖσθαι,
2810 555 2876 609 δι’
2908 556 3080 627 αὐτῆς
3125 559 3218 610 καὶ
3261 561 3376 622 τοὺς
3405 569 3634 633 χρησμοὺς

2125 645 2614 715 προαγγέλλεσθαι,
2633 646 2682 699 οἳ
2714 647 2804 700 τὸν
2829 648 3007 701 κοινὸν
3038 651 3395 720 προεφήτευον
3427 655 3632 724 Σωτῆρα.

2125 739 2219 802 Εἰς
2255 738 2476 803 πλείους
2521 738 2576 792 δὲ
2635 738 2818 808 φωνὰς
2869 741 2924 793 at
2979 739 3224 808 γλῶσσαι
3252 741 3634 818 διεμερίσθησαν,

2123 831 2257 886 διότι
2315 833 2445 902 μίαν
2509 833 2567 899 ἐξ
2639 833 2821 903 ἀρχῆς
2895 832 3077 887 λαϐὼν
3123 837 3152 887 ό
3204 833 3496 906 ἄνθρωπός,
3529 842 3636 910 πρὸς

2124 924 2384 978 ἀπόνοιαν
2418 924 2514 978 καὶ
2542 924 2810 994 ἀθεότητα
2863 924 3041 995 ἤρθηο
3078 927 3198 979 ἐπεὶ
3244 921 3333 980 οὖν
3378 929 3636 995 ἐπιϐλαϐὧς

2109 1016 2431 1086 ἐχρήσαντο
2455 1019 2524 1088 τῇ
2589 1017 2688 1088 μιᾷ
2736 1020 2909 1088 φωνῇ,
2944 1018 3186 1083 εὐλόγως
3213 1018 3570 1092 ἀντεισηνέχθη
3592 1027 3638 1076 τὶν

2125 1109 2350 1179 πλῆθος.
2374 1110 2486 1180 Τῆς
2521 1111 2620 1180 μέν
2649 1127 2732 1163 τοι
2765 1111 2896 1178 μιᾶς
2919 1110 2981 1162 τὸ
3005 1111 3196 1182 κέρδος
3229 1112 3320 1164 καὶ
3350 1112 3440 1183 τὴν
3470 1115 3640 1183 χρείαν,

2129 1201 2270 1271 μετὰ
2332 1203 2431 1273 τὴν
2469 1202 2676 1274 ταύτης
2735 1203 3001 1276 διαίρεσιν
3033 1205 3130 1258 καὶ
3180 1205 3464 1275 διασπορὰν
3501 1209 3642 1277 χρόνῳ

2126 1289 2352 1361 ὕστερον
2408 1293 2680 1358 πολυετεῖ,
2749 1293 3005 1364 πυρίναις
3036 1293 3402 1364 στομωθέντες
3423 1295 3642 1362 γλώτταις

2123 1385 2172 1437 οξ
2229 1382 2477 1454 μαθηταὶ
2504 1383 2598 1453 ίτὰ
2645 1383 2911 1454 μεγαλεῖα
2971 1382 3066 1437 τοῦ
3115 1383 3252 1438 Θεοῦ
3309 1385 3643 1456 κηρύττοντες,

2123 1475 2404 1541 ἐπέδειξαν
2434 1475 2557 1531 τότε
2589 1476 2686 1530 καὶ
2719 1476 3136 1549 ἀνεπλήρωσαν.

2643 1590 2980 1646 ΕΡΩΤΗΣΙΣ
3012 1591 3183 1646 PNA'.

2271 1683 2465 1736 Πόσαι
2503 1682 2781 1750 ἐκδόσεις
2832 1684 3113 1753 γεγόνασι
3163 1683 3244 1752 τῇ
3277 1683 3510 1753 Γραφῇξ

872 1782 912 1831 Ν
919 1797 1012 1832 unc
1026 1783 1238 1846 primum
1261 1786 1396 1838 edita
1414 1803 1442 1838 a
1462 1789 1521 1839 D.
1547 1789 1975 1854 Hergenroether.
1999 1820 2063 1832 -—
2083 1794 2158 1846 De
2180 1793 2363 1846 Graecis
2383 1795 2584 1846 Veteris
2605 1795 2915 1846 Testamenti
2939 1795 3274 1845 versionibus.

510 1863 698 1920 Prima
751 1875 835 1921 est
874 1867 1102 1938 (versio)
1172 1867 1529 1944 Septuaginta
1584 1876 1818 1932 duorum
1851 1880 2021 1936 inter-

441 1966 678 2026 pretum.
757 1955 822 2012 Ili
865 1974 992 2013 cum
1041 1959 1251 2016 Hebraei
1310 1973 1518 2033 essent,
1569 1969 1758 2024 selecti
1789 1982 1918 2027 sunt
1953 1988 2021 2028 ex

443 2063 771 2120 unaquaque
823 2050 965 2106 tribu
1025 2068 1120 2108 sex
1159 2063 1213 2109 et
1259 2055 1602 2128 interpretati
1628 2065 2018 2121 suntdivinam

441 2139 787 2208 Scripturam
842 2153 1104 2212 regnante
1147 2142 1441 2204 Ptolemaeo
1495 2149 1848 2224 Philadelpho
1871 2172 2017 2212 anno

444 2233 824 2288 tercentesimo
851 2234 1029 2302 primo
1046 2247 1171 2292 ante
1204 2237 1422 2295 Domini
1450 2245 1624 2299 nostri
1651 2243 1781 2302 Jesu
1808 2246 2018 2304 Christi

441 2324 741 2378 secundum
795 2339 1013 2380 carnem
1083 2329 1514 2398 generationem.
1606 2335 1858 2394 Secunda
1935 2350 2020 2398 est

437 2413 649 2482 Aquilae
666 2414 857 2470 editio.
895 2415 1015 2482 llic,
1047 2417 1250 2490 Sinope
1278 2423 1438 2478 Ponti
1480 2425 1745 2485 oriundus
1777 2446 1842 2486 ac
1867 2431 2010 2488 Grae-

440 2521 537 2559 cus
561 2521 781 2576 genere,
810 2507 1205 2583 Hierosolymis
1267 2515 1582 2587 baptizatus
1614 2531 1732 2588 est;
1799 2535 2013 2594 postea,

439 2597 652 2665 ahjecta
715 2598 1026 2656 Christiana
1086 2605 1354 2678 religione
1382 2610 1448 2665 ad
1489 2610 1708 2670 Judzeos
1744 2620 2016 2676 transiens

2196 1881 2395 1953 Πρώτη
2426 1881 2524 1952 μὲν
2549 1882 2582 1953 ἡ
2609 1881 2717 1936 τῶν
2732 1881 3134 1952 Ἐὁδομήκοντα
3152 1882 3299 1936 δυοῖν
3315 1883 3646 1954 ἑρμηνευτῶν·

2122 1970 2270 2032 οὗτοι
2311 1977 2551 2050 Ἑϐραῖοι
2582 1978 2733 2041 ὄντες
2760 1978 3087 2049 ἐξελέγησαν
3112 1981 3225 2035 ἀπὸ
3261 1981 3485 2052 ἑκάστης
3510 1983 3649 2052 φυλὴς

2121 2070 2182 2137 ἓξ
2202 2074 2295 2125 καὶ
2321 2073 2675 2143 ήρμήνευσαν
2697 2072 2798 2143 τὴν
2822 2072 2975 2128 θείαν
2991 2074 3220 2146 Γραφὴν
3248 2075 3340 2128 ἐπὶ
3365 2075 3646 2147 Πτολεμαίου

2123 2163 2386 2234 βασιλέως
2441 2163 2535 2218 τοῦ
2577 2164 2906 2235 Φιλαδέλφου
2979 2164 3084 2237 πρὸ
3118 2172 3204 2219 ταν
3270 2166 3516 2219 ἐνιαυτῶν
3573 2166 3650 2236 τῆς

2119 2252 2260 2306 κατὰ
2311 2253 2493 2325 σάρκα
2547 2255 2856 2325 γεννήσεως
2904 2252 2998 2309 τοῦ
3048 2254 3259 2327 Κυρίου
3305 2256 3456 2328 ἡμῶν
3511 2259 3648 2325 Ἰηοςῦ

2119 2345 2380 2415 Χριστοῦ.
2415 2348 2654 2418 Δευτέρα
2705 2347 2854 2401 ἐστὶν
2900 2349 2934 2420 ἡ
2993 2347 3086 2401 τοῦ
3133 2343 3538 2412 Ἀκύλαόὗτος
3569 2349 3651 2401 tim-‘2

2119 2435 2368 2506 Σινώπης
2389 2437 2481 2490 τοῦ
2507 2438 2707 2492 Πόντου
2729 2438 2990 2509 ὑπάρχων
3019 2440 3115 2492 καὶ
3140 2439 3343 2510 Ἕλλην
3361 2439 3433 2492 ὢν
3462 2439 3648 2493 ἐϐαπτί-

2121 2528 2222 2597 σθη
2238 2530 2296 2581 ἐν
2313 2528 2705 2600 Ἰεροσολύμοις
2726 2545 2738 2558 ·
2764 2525 2907 2593 εἶτα,
2925 2529 3016 2582 τὸν
3035 2531 3458 2601 Χριστιανισμὸν
3496 2529 3652 2597 ἀθετή-

2439 2622 2533 2642 9-,

2121 2636 2237 2686 σας,
2263 2620 2489 2683 καὶτοῖς
2521 2621 2793 2684 Ἰουδαίοις
2811 2620 3134 2692 συνδραμὼν
3157 2623 3463 2691 ἡρμήνευσε
3483 2621 3565 2672 καὶ
3575 2621 3651 2672 αύ-

437 2688 826 2760 interpretatus
889 2703 973 2751 est
1037 2705 1093 2752 et
1159 2698 1276 2771 ipse
1349 2700 1594 2758 divinam
1666 2707 2012 2778 Scripturam

2120 2713 2209 2776 τὸς
2226 2716 2322 2784 τὴν
2345 2713 2494 2767 θείαν
2521 2716 2743 2785 Γραφὴν
2764 2715 2856 2768 ἐπὶ
2871 2714 3153 2786 Ἀδριανοῦ
3189 2715 3284 2768 τοῦ
3311 2715 3552 2785 βασιλέως
3572 2712 3645 2766 τοῦ

432 2781 677 2838 Adriano
707 2784 1028 2856 imperante,
1057 2789 1151 2859 qui
1203 2790 1354 2862 lepra
1396 2809 1697 2862 percussus
1732 2800 1854 2866 fuit,
1880 2819 2015 2873 qna-

2120 2781 2489 2874 λεπρώθέντος
2522 2781 2659 2876 μετά
2685 2781 2778 2875 ἐτη
2799 2781 3099 2875 τριάκοντα
3118 2806 3215 2859 καὶ
3235 2781 3545 2874 τετρακόσια
3563 2802 3650 2871 (40)

430 2873 732 2947 dringentis
762 2888 812 2934 et
864 2882 1086 2952 triginta
1118 2885 1282 2942 annis
1315 2897 1440 2958 post
1473 2888 1832 2960 Septuaginta
1873 2897 2015 2954 duos

2120 2873 2237 2964 τῆς
2268 2896 2377 2949 τῶν
2419 2873 2562 2949 δυοῖν
2609 2898 2703 2950 καὶ
2745 2873 3153 2969 Ἕϐδομήκοντα
3205 2898 3525 2969 ἑρμηνείας·
3574 2896 3654 2947 οὐκ

429 2967 791 3039 interpretes;
827 2989 934 3028 non
961 2985 1111 3031 recto
1136 2992 1266 3034 vero
1300 2995 1463 3037 sensu
1498 2983 2012 3054 interpretationem

2120 2988 2263 3061 ὀρθῷ
2291 2989 2348 3043 δὲ
2376 2990 2625 3061 λογισμῷ
2664 2991 2761 3061 τὴν
2791 2967 3092 3063 ἑρμηνείαν
3147 2967 3384 3058 ἐξέθετο,
3422 2989 3544 3043 ἀλλὰ
3566 2989 3653 3047 τοῖς

429 3060 676 3130 perfecit,
733 3080 923 3121 verum
984 3068 1269 3126 inimicitia
1329 3073 1383 3127 in
1418 3075 1771 3134 Christianos
1803 3090 2008 3138 motus.

2120 3060 2463 3154 Χριστιανοῖς
2478 3060 3002 3154 ἀντιπαθώνίΤρίτη
3027 3083 3178 3137 ἐστὶν
3203 3084 3236 3154 ή
3264 3083 3357 3137 τοῦ
3374 3082 3651 3153 Συμμάχου·

431 3151 614 3209 Tertia
647 3166 730 3211 est
754 3154 1067 3229 Symmachi
1093 3163 1284 3218 editio.
1325 3166 1427 3233 Qui
1447 3169 1602 3237 prius
1629 3172 2008 3233 Samaritanus

2120 3151 2270 3238 οὗτος
2309 3175 2502 3246 πρῶτα
2537 3176 2634 3246 μὲν
2665 3151 3008 3246 Σαμαρείτης
3038 3172 3127 3248 ἦν·
3181 3151 3257 3248 μὴ
3305 3151 3588 3247 τιμώμενος
3609 3172 3655 3224 δὲ

427 3255 574 3312 erat;
643 3263 768 3302 cum
809 3262 992 3305 autem
1059 3269 1088 3307 a
1122 3255 1350 3325 propria
1399 3270 1557 3329 gente
1606 3263 1741 3319 nihil
1786 3266 2012 3324 honoris

2120 3266 2222 3320 ὑπὸ
2242 3267 2334 3320 τοῦ
2367 3267 2496 3320 ίδίου
2533 3267 2664 3320 λαοῦ
2698 3267 2990 3339 φιλαρχίας
3016 3267 3181 3339 ἔρωτι
3221 3270 3534 3340 προστρέχει
3563 3269 3653 3328 τοῖς

430 3342 724 3410 acciperet,
787 3343 1104 3402 dominandi
1163 3365 1353 3407 amore
1407 3357 1650 3425 percitus
1704 3360 1770 3415 ad
1795 3359 2011 3419 Judzeos

2128 3359 2404 3423 Ἰουδαίοις
2438 3360 2533 3413 καὶ
2587 3359 2840 3432 δεύτερον
2870 3361 3262 3433 περιτέμνεται
3294 3363 3386 3416 καὶ
3416 3362 3540 3433 πρὸς
3563 3361 3655 3424 ,ἀνα

427 3434 639 3488 accedit
669 3444 724 3490 et
760 3437 958 3493 iterum
998 3441 1451 3516 circumciditur;
1509 3457 1675 3520 atque
1723 3453 1776 3507 in
1825 3457 2008 3511 odium

2120 3450 2404 3503 τιπάοειαν
2488 3451 2582 3504 καὶ
2658 3450 2824 3514 αὐτὸς
2879 3450 2990 3504 τῶν
3057 3452 3418 3523 Σαμαρειτῶν
3469 3449 3657 3521 ἀφορῶν

430 3522 903 3583 Samaritanorum
942 3531 1233 3591 intendens
1258 3545 1311 3592 et
1344 3538 1460 3608 ipse
1497 3541 1730 3596 divinam
1762 3543 2010 3616 Scriptu-

2120 3541 2406 3614 ἐρμηνεύει
2423 3541 2520 3613 τὴν
2536 3543 2688 3596 θείαν
2702 3522 3194 3616 ΓραφὴνΣεϐήρου
3212 3543 3508 3615 τηνικαῦτα
3525 3542 3654 3611 βασι-

426 3634 543 3673 ram
585 3621 973 3692 interpretatur
995 3626 1297 3699 imperante
1325 3641 1436 3687 tum
1473 3633 1701 3704 Severo,
1732 3639 2009 3710 quinqua-

2120 3634 2360 3698 λεύοντος
2383 3636 2520 3706 μετὰ
2541 3634 2602 3701 ἐξ
2626 3638 2718 3689 καὶ
2751 3637 3091 3698 πεντήκοντα
3118 3637 3215 3710 ἐτη
3237 3637 3337 3704 τῆς
3365 3636 3455 3690 τοῦ
3488 3633 3657 3688 Ἀκύλα

424 3715 635 3781 gesimo
665 3728 818 3774 sexto
865 3736 1012 3778 anno
1049 3733 1172 3794 post
1201 3725 1458 3796 Aquilam
1491 3733 1768 3801 propriam
1803 3735 2006 3791 editio-

425 3823 548 3862 nem
621 3826 736 3866 suae
818 3813 1285 3885 interpretationis
1333 3820 1564 3879 faciens.
1654 3824 1860 3892 Quarta
1921 3838 2006 3884 est

423 3896 817 3958 Theodotionis
843 3903 1084 3976 Ephesii.
1130 3908 1258 3974 Iste,
1307 3912 1402 3982 qui
1440 3913 1676 3970 hzeresin
1708 3915 2006 3974 Marcionis

419 3992 633 4051 Pontici
669 3999 958 4067 amplexus
985 4001 1184 4070 fuerat,
1221 4005 1494 4064 hmreseos
1512 4008 1757 4079 ejusdem
1781 4014 2006 4071 asseclis

419 4091 606 4153 postea
647 4090 912 4159 irascens,
947 4097 1221 4165 prepriam
1262 4097 1673 4166 Scripturarum
1710 4104 2005 4162 editionem

421 4177 962 4244 perfecitCommodo
983 4185 1286 4260 Romanum
1307 4189 1597 4260 imperium
1617 4191 2008 4250 administran-

421 4278 491 4321 te.
516 4267 1108 4346 Quintainterpretatio
1137 4288 1325 4335 notum
1354 4297 1461 4336 non
1496 4283 1662 4338 habet
1684 4297 1995 4356 parentem,

417 4359 636 4419 inventa
677 4381 808 4422 vero
861 4367 965 4424 fuit
1024 4371 1080 4425 in
1130 4372 1293 4428 doliis
1343 4375 2000 4446 abscondita,-’,Caracalla

2110 3726 2410 3797 ἑρμηνείας
2438 3725 2536 3795 τὴν
2565 3728 2773 3780 οἰκείαν
2797 3727 3010 3781 ἔκδοσιν
3047 3729 3436 3799 ποιησάμενος.
3480 3727 3654 3793 Τετάρ-

2107 3836 2173 3889 τη
2226 3819 2444 3890 ἐστὶ.νὴ
2495 3819 2591 3873 τοῦ
2649 3820 3007 3884 Θεοδοτίωνος
3052 3819 3149 3874 τοῦ
3198 3821 3476 3890 Ἐφεσίου·
3523 3809 3651 3878 οὗτος

2107 3912 2210 3983 τῆς
2242 3913 2510 3983 αἱρέσεως
2567 3914 2893 3985 Μαρκίωνος
2957 3917 3202 3983 γεγονὼς
3276 3915 3371 3968 τοῦ
3426 3908 3650 3967 Ποντικοῦ

2107 4007 2333 4070 καὶτοῖς
2373 4007 2824 4076 συναιρεσιώταις
2853 4008 3064 4079 μηνιῶν
3095 4007 3312 4062 ἔκδοσιν
3345 4007 3475 4061 ἰδίαν
3500 4004 3656 4071 ἐποιή-

2113 4117 2248 4153 σατο
2279 4101 2377 4172 τῆς
2402 4102 2628 4173 Γραφῆς
2658 4102 2908 4173 Κομόδου
2939 4102 3038 4174 τὴν
3084 4101 3378 4173 Ῥωμαίων
3405 4099 3652 4170 βασιλείαν

2107 4193 2454 4266 χειρίξοντος.
2527 4193 2590 4246 Ἦ
2657 4194 2713 4246 δὲ
2791 4195 3017 4265 πέμπτη
3096 4196 3370 4268 ἑρμηνεία
3426 4194 3519 4246 οὐκ
3561 4189 3656 4261 ἔχει

2108 4285 2386 4356 γνώριμον
2450 4286 2543 4339 τὸν
2591 4287 2848 4357 πατέρα’
2909 4287 3108 4358 εὑρέθη
3169 4288 3216 4340 δ’
3272 4283 3366 4342 οὖν
3405 4289 3458 4338 ἐν
3506 4283 3654 4342 πίθοις

2107 4376 2472 4448 κεκρυμμὲνη
2501 4377 2595 4430 ἐπὶ
2619 4377 2985 4448 Καρακάλλου
3021 4377 3115 4431 τοῦ
3167 4378 3454 4450 Ῥωμαίων
3482 4373 3651 4446 ἄρξαν-

416 4453 682 4513 Romanis
701 4458 1002 4530 imperante
1024 4461 1331 4520 inJericho.
1358 4463 1520 4521 Sexta
1539 4468 1995 4538 pariterauctoris

2120 4484 2194 4532 τος
2220 4470 2278 4522 ἐν
2329 4466 2556 4540 Ίεριχώ.
2589 4469 2700 4522 Καὶ
2727 4470 2759 4540 ἡ
2799 4468 2933 4539 ἑκτη
2961 4469 3018 4522 δέ
3065 4470 3126 4522 τὸ
3171 4469 3453 4540 ἀνώνυμον
3481 4465 3653 4568 ὀμοίφς

414 4546 610 4602 incerti
666 4549 810 4608 fetus
849 4553 1017 4608 simili
1076 4555 1245 4611 modo
1294 4569 1508 4629 reperta
1564 4569 1685 4626 est,
1744 4561 1798 4615 in
1835 4562 1997 4618 doliis

2120 4559 2296 4630 ἷχουσα
2323 4561 2416 4614 καὶ
2463 4560 2561 4632 τὴν
2620 4559 2838 4632 εὕρεσιν
2868 4562 3064 4632 ὁμοίαν
3102 4562 3230 4634 ἔσχε
3259 4579 3273 4594 ’
3329 4561 3518 4629 εὑρέθη
3563 4554 3652 4656 γὰρ

411 4641 666 4698 videlicet
709 4644 1053 4712 abscondita,
1111 4649 1422 4706 Alexandro
1459 4651 1702 4709 Mamaeae
1736 4653 1849 4710 filio
1888 4655 1998 4710 im-

2120 4654 2190 4707 :al.
2219 4654 2358 4726 αὐτὴ
2385 4656 2444 4708 ἐν
2465 4654 2642 4718 πίθοις
2673 4657 3039 4726 κεκρυμμένη
3066 4658 3159 4708 ἐπὶ
3197 4654 3541 4724 Ἀλεξάνδρου
3567 4647 3645 4700 τοῦ

411 4743 688 4798 peratore,
726 4734 779 4788 in
814 4736 949 4790 urbe
987 4735 1258 4810 Nicopoli,
1291 4757 1413 4810 qua":
1435 4757 1608 4812 prope
1646 4743 1865 4798 Actium
1893 4745 1998 4801 sita

2120 4746 2358 4817 ιΙαμαίας
2389 4749 2449 4800 ἐν
2473 4747 2767 4802 Νικοπόλει
2811 4753 2876 4820 τῇ
2931 4750 3072 4802 κατὰ
3101 4750 3159 4802 τὸ
3220 4751 3439 4801 Ἄκτιον
3474 4745 3649 4797 διακει-

407 4833 512 4877 est.
564 4823 731 4880 llisce
765 4829 1025 4884 omnibus
1057 4834 1293 4887 accessit
1331 4833 1531 4888 divina:
1593 4842 1798 4890 nostra:
1844 4834 1997 4891 Scri-

2120 4840 2258 4911 ιένῃ.
2303 4839 2429 4894 Ἐπὶ
2461 4841 2595 4894 πᾶσι
2624 4839 2839 4905 τούτοις
2864 4841 3057 4910 γέγονε
3090 4841 3361 4912 ἑρμηνεία
3398 4834 3648 4932 τῆςᾴίερᾶξ

409 4914 1002 4988 pturaainterpretatio,
1019 4937 1184 4991 quam
1208 4933 1435 4980 sanctus
1458 4923 1738 4982 Lucianus
1764 4943 1996 4997 magnus

2120 4932 2260 5003 Ἷμών
2290 4932 2520 5003 Γραφῆς
2561 4932 2712 5003 παρὰ
2767 4933 2861 4990 τοῦ
2906 4935 2964 4987 ἐν
2995 4934 3172 5001 ἁγίοις
3224 4927 3517 4986 Λουκιανοῦ
3567 4922 3648 4977 τοῦ

407 5019 594 5064 asceta
643 5020 696 5066 et
741 5024 949 5085 martyr
1008 5014 1252 5084 perfecit.
1348 5016 1450 5073 Hic
1508 5019 1657 5074 enim
1707 5020 1990 5088 praedictis

2120 5024 2342 5092 ιεγάλου
2395 5023 2638 5094 ἀσκητοῦ
2699 5025 2791 5077 καὶ
2842 5025 3148 5096 μάρτυρος-θ
3204 5017 3359 5086 οὗτος
3405 5023 3508 5090 γὰρ
3543 5019 3642 5078 ταῖς

406 5098 745 5158 cditionibus
783 5106 1042 5162 adhibitis
1088 5117 1143 5162 et
1177 5107 1445 5166 Hebraica
1521 5120 1720 5167 nactus
1789 5127 1989 5180 magno

2120 5116 2628 5185 τρογεγραμμέναις
2721 5117 3024 5188 ἐπιστήσας
3097 5117 3347 5170 ἐκδόσεσι
3405 5113 3494 5168 καὶ
3552 5111 3647 5169 τοῖς

407 5207 534 5245 cum
585 5195 771 5249 studio
827 5200 1160 5268 exemplaria
1212 5210 1266 5256 et
1327 5212 1584 5259 accurate
1638 5205 1978 5274 perspiciens

2120 5209 2411 5280 Εϐραῖκοῖς
2429 5209 2730 5278 φιλοπόνως
2749 5209 2988 5281 ἐντυχὼν
3028 5214 3120 5264 καὶ
3139 5210 3383 5280 ἀκριϐῶς
3416 5203 3646 5260 ἐποπτεύ-

407 5303 530 5356 quae
556 5286 885 5344 deficiebant
921 5291 1001 5345 vel
1033 5307 1064 5345 a
1097 5294 1325 5349 veritate
1356 5298 1696 5351 excedebant
1730 5299 1986 5359 removit,

2120 5317 2198 5362 ῖας
2222 5299 2288 5352 τά
2315 5299 2413 5370 μὲν
2435 5299 2689 5352 λείποντα
2707 5300 2738 5371 ἢ
2759 5301 2993 5373 περιττὰ
3013 5303 3112 5372 τῆς
3138 5301 3392 5371 ἀληθείας
3415 5295 3640 5354 διώσατο,

408 5381 686 5450 propriam
715 5399 844 5439 vero
894 5386 1138 5455 ejusdem
1177 5387 1299 5443 fidei
1326 5391 1658 5447 Christianis
1691 5394 1988 5447 editionem

2120 5391 2314 5444 Lx8oatv
2372 5390 2428 5443 δὲ
2488 5391 2789 5462 ἰδιόκληρον
2843 5395 2957 5454 τοῖς
3011 5392 3284 5462 ὁμοδόξοις
3330 5388 3643 5492 Χριστιανοῖς

408 5474 558 5542 fecit,
588 5492 711 5546 qua:
739 5479 904 5534 editio
935 5492 1065 5549 post
1095 5482 1271 5551 ipsius
1310 5494 1587 5540 certamen
1620 5495 1674 5542 et
1703 5497 1824 5556 post
1862 5503 1988 5557 per-

2120 5481 2424 5551 ιποιήσατο,
2454 5480 2575 5550 ἥτις
2607 5481 2818 5546 ἐκδοσις
2855 5481 2993 5552 μετὰ
3016 5483 3114 5554 τὴν
3139 5481 3364 5552 ἄθλησιν
3394 5475 3544 5532 αὐτοῦ
3562 5471 3640 5526 καὶ

1883 5601 2111 5658 ΝΟΤίΕ.

489 5708 596 5776 (40)
621 5712 794 5768 Aliter
829 5731 883 5785 ιι.
921 5716 1069 5772 (ῘΙΛΙΙ
1105 5733 1318 5791 tempus
1359 5724 1692 5796 assignatur.
