3828 6202
136 320 214 386 821
918 324 1017 383 AD
1046 321 1642 382 AMPHILOCHIUM
1691 321 2038 392 OUJESTIO
2074 323 2264 395 CLIV,
2292 324 2451 386 CLV.

3237 323 3345 388 822

133 443 208 490 τὸν
223 437 444 505 διωγμόν
476 432 566 488 τὸν
595 432 886 504 γενόμενον
917 433 1011 486 ἐπὶ
1041 430 1393 500 Μαξιμιανοῦ
1420 433 1515 486 καὶ
1553 435 1670 486 Διο-

1794 432 2132 498 ιεουιίοιιοιη,
2181 447 2304 503 quae
2358 434 2462 488 sub
2523 432 2852 491 Maximiano
2901 443 2958 491 et
3010 435 3351 492 Diocletiano

135 530 384 600 κλητιανοῦ
445 528 553 582 τῶν
583 527 863 598 τυράννων
887 525 1088 598 εὑρέθη
1123 527 1181 578 ὲν
1230 525 1575 596 Νικομηδείᾳ
1609 527 1668 592 ἐξ

1795 528 2020 598 yrannis
2039 537 2231 583 exorta
2254 536 2358 590 est,
2388 525 2718 582 Nicomediae
2748 529 2968 584 inventa
3004 529 3107 584 fuit
3127 545 3194 584 ex
3219 531 3353 600 ipsis

136 622 382 692 ἰδιοχείρου
402 619 567 674 αὐτοῦ
590 619 975 690 γεγραμμένη.
1005 617 1415 679 Κωνσταντῖνος
1439 616 1496 668 δὲ
1521 633 1673 685 τηνι-

1770 617 2104 688 autographo
2165 618 2392 688 scripta.
2470 618 2864 674 Constantinus
2928 635 3160 691 magnus
3229 630 3345 676 tum

135 714 331 769 καῦταὸ
359 714 525 781 μέγας
571 711 898 766 ἐϐασίλευε·
951 711 1012 763 τὸ
1061 709 1118 762 δὲ
1173 707 1382 779 βιϐλίον
1438 707 1669 779 εὕρηται

1794 709 2106 778 mperabat;
2147 709 2285 764 liber
2319 724 2450 764 vero
2473 709 2727 764 inventus
2751 717 2835 763 est
2863 710 3005 778 apud
3035 708 3257 766 Iudaeos
3287 711 3345 766 in

133 806 255 876 παρὰ
286 804 553 868 Ἰουδαίοις
579 805 638 858 έν
667 803 975 874 πυργίσκου
1000 801 1166 871 τοίχῳ
1197 799 1490 870 κονιάματι
1531 801 1670 872 πρὸς

1795 801 2053 856 urricula:
2111 802 2395 872 cujusdam
2458 801 2662 872 pariete
2707 801 2858 856 calce
2889 802 2956 856 ad
2991 803 3345 857 securitatem

132 899 393 970 ἀσφάλειαν
423 897 863 969 διακεχρισμένῳ
893 894 1031 968 (41).

619 1008 956 1063 ΕΡΩΤΗΣΙΣ
1001 1003 1173 1062 PNE'.

134 1106 183 1160 Τί
222 1103 444 1179 ἰδόντες.
501 1105 555 1179 οἱ
593 1102 891 1179 ⁸παρειμέναι-ς
939 1097 1332 1179 δέεγνώριᾳαν
1387 1093 1522 1164 περὶ
1563 1095 1672 1149 τοῦ

409 1168 785 1240 λαληθέντος
822 1169 1026 1235 αὐτοῖς
1052 1168 1296 1221 παιδίου
1317 1182 1336 1230 ;

1775 891 1935 948 ἰΙΙὶῐο.

1779 1005 2106 1072 ΩΠᾸΞΞΤΙΟ
2132 1006 2262 1061 CLV
2293 1005 2481 1078 [CoisL
2513 1005 2822 1074 CLXXXV,
2846 1007 3011 1064 Taur.
3035 1007 3348 1080 CLXXIV].

1781 1099 1923 1164 Quid
1955 1117 1988 1152 α
2033 1117 2089 1154 se
2131 1109 2469 1168 compactum
2510 1111 2752 1168 pastores
2788 1102 2911 1154 aliis
2935 1101 3000 1154 de
3024 1118 3211 1171 puero,
3245 1101 3354 1155 illis

2183 1172 2521 1233 anuuntiato,
2556 1171 2926 1240 signiﬁcaram
2943 1172 2968 1224 Σ)

181 1289 407 1340 Editarum
425 1303 452 1338 a
475 1287 654 1338 Wolfio
679 1287 868 1335 decima
889 1282 1226 1346 octava!’(Cur.
1260 1278 1468 1341 PIu'loL,
1495 1279 1699 1393 ἴρηξ
1982 1280 2202 1332 Galland.
2226 1281 2475 1344 Biblioth.,
2499 1286 2538 1331 t.
2562 1280 2692 1342 XIII,
2728 1295 2779 1344 p.
2799 1281 2910 1342 756,
2936 1283 3046 1342 757,
3082 1297 3132 1331 n.
3161 1283 3264 1346 δι).

1701 1379 1712 1390 .
1734 1379 1786 1404 -.,
1805 1379 1835 1390 υ
1862 1379 1939 1391 -ν.

188 1455 408 1527 Αὐτοψίᾳ
426 1455 496 1507 τά
524 1452 964 1524 εὐηγγελισμένα
991 1449 1273 1514 λαϐόντες,
1305 1451 1400 1502 καὶ
1431 1448 1510 1520 τῷ
1545 1447 1678 1502 θαύ-

133 1570 240 1624 part
263 1553 352 1622 τῆς
378 1549 638 1621 ἀληθείας
663 1549 1042 1620 κατεχόμενοι,
1088 1545 1189 1599 οὐκ
1212 1541 1536 1614 ἀπέκρυψαν
1564 1543 1679 1604 τοῖς

131 1642 524 1714 πυνθανομένοις
549 1640 650 1712 τὴν
680 1640 884 1696 αἰτίαν.
936 1636 1097 1703 Ἀλλ’,
1129 1636 1275 1706 ἅπερ
1316 1651 1378 1688 τε
1409 1634 1678 1705 πρότερον

130 1735 410 1802 ἐθεάσαντο,
468 1734 564 1788 καὶ
595 1726 672 1788 ὧν
712 1733 850 1803 ἀκοῇ
910 1730 1010 1802 τὴν
1051 1729 1254 1799 γνῶσιν
1308 1727 1488 1798 ἔσχον,
1544 1724 1676 1798 παρ’

129 1829 267 1882 αὐτοῦ
294 1846 348 1882 τε
379 1828 471 1881 τοῦ
499 1822 991 1895 εὐαγγελιζομένου
1015 1822 1250 1891 ἀγγέλου
1282 1820 1375 1874 καὶ
1409 1820 1674 1891 κήρυκος,

131 1923 207 1975 καὶ
227 1921 367 1992 παρά
393 1920 492 1990 τῆς
531 1919 700 1989 ἄλλης
733 1915 1033 1987 ἀγγελικῆς
1055 1915 1151 1968 καὶ
1185 1912 1483 1985 ὐμνολόγου
1512 1928 1680 1981 στρα-

129 2015 248 2078 τιᾶς,
275 2013 440 2066 ταῦτα
473 2012 658 2065 πάντα
684 2013 799 2075 τοῖς
841 2009 1111 2080 παροῦσιν
1142 2006 1556 2066 ἀπεκάλυπτον,
1586 2003 1682 2057 καὶ

131 2105 579 2179 ἀνεκήρυττον.οὐ
603 2105 711 2176 γὰρ
740 2102 903 2175 μόνον
930 2104 996 2172 τῇ
1027 2100 1219 2172 Μαρίᾳ
1248 2099 1344 2153 καὶ
1366 2097 1446 2169 τῷ
1482 2095 1680 2166 Ἰωσὴφ

130 2201 184 2252 τὰ
211 2200 336 2269 ὑπὲρ
362 2199 520 2268 λόγον
554 2197 737 2261 αὐτοῖς
771 2194 1083 2265 τεθεαμένα
1137 2191 1508 2264 ἀπήγγελλον,
1541 2188 1678 2243 ἀλλά

132 2293 228 2362 μετ’
255 2293 490 2356 ἐκείνους
543 2292 639 2345 καὶ
685 2291 813 2353 τοὺς
859 2288 1055 2353 ἄλλους
1106 2288 1376 2352 ἃπαντας,
1436 2285 1584 2348 ὅσοις
1611 2278 1682 2355 ἦν

131 2387 362 2456 ἐντυχεῖν,
421 2384 717 2447 κοινωνοὺς
769 2380 877 2435 τῶν
911 2379 1209 2452 ὑπερφυῶν
1254 2377 1545 2448 θεαμάτων
1589 2378 1683 2429 καὶ

133 2479 463 2548 ἀκουσμάτων
538 2476 627 2531 διά
681 2476 779 2545 τῆς
841 2474 1148 2545 διηγήσεως
1229 2469 1678 2542 παρελάμϐανον.

132 2573 222 2624 Καὶ
247 2571 438 2625 αὐτίκα
472 2572 510 2640 ἡ
565 2569 724 2632 πόλις
754 2569 788 2639 ὴ
830 2567 1078 2638 Βηθλεὲμ
1107 2563 1512 2635 ἀνεπέπληστο,
1546 2564 1684 2634 πλη-

135 2665 229 2717 σίον
249 2666 351 2736 γὰρ
375 2660 464 2733 ἦν,
493 2663 591 2716 τοῦ
609 2680 670 2714 τε
692 2660 964 2732 σωτηρίου
997 2659 1158 2713 τόκου
1187 2657 1286 2728 τὴν
1312 2656 1572 2727 ἀλήθειαν
1591 2657 1687 2713 καὶ

132 2756 215 2825 τῆς
249 2757 303 2824 ἐξ
324 2757 579 2827 οὐρανῶν
613 2754 924 2826 μαρτυρίας
951 2751 1050 2822 τὴν
1083 2749 1390 2821 ἀκρίϐειαν,
1423 2748 1533 2801 τῶν
1568 2748 1686 2801 Oso-

134 2851 287 2918 σόφων
315 2850 422 2922 (42)
493 2848 724 2901 ἐκείνων
805 2843 1080 2915 ποιμένων
1150 2840 1450 2912 προθύμως
1482 2839 1687 2893 πάντα

131 2941 500 3013 διηγουμένων,
535 2939 631 2993 καὶ
659 2939 720 2992 τὸ
742 2937 969 3009 φρικτὸν
991 2934 1086 2988 τοῦ
1121 2934 1402 3004 θαύματος
1431 2933 1554 2995 ταῖς
1577 2930 1686 2984 τῶν

131 3031 405 3102 ἀνθρώπων
469 3031 678 3102 ψυχαῖς
749 3028 1102 3098 ὲναφιέντων.
1154 3027 1265 3080 Καὶ
1329 3024 1440 3096 γὰρ
1511 3021 1682 3094 φησί’

136 3145 152 3177 ι
185 3126 374 3188 Πάντες
403 3128 450 3179 οἱ
501 3123 838 3186 ἀκούσαντες
879 3120 1192 3192 ἐθαύμαζον
1217 3120 1350 3191 περὶ⁸
1385 3118 1495 3172 τῶν
1519 3117 1687 3188 λαλη-
1713 3139 1760 3198 C

132 3210 307 3266 θέντων
350 3213 455 3267 ὐπὸ
505 3211 614 3266 τῶν
665 3211 938 3282 ποιμένων
978 3210 1117 3282 πρὸς
1163 3207 1363 3271 αὐτούς
1385 3209 1450 3264 ⁷³.
1491 3225 1510 3259 ι
1563 3207 1689 3270 Πῶς

129 3304 220 3374 γὰρ
242 3306 335 3360 οὐκ
360 3301 429 3378 ἦν
452 3304 761 3375 θαυμάζειν
795 3304 888 3357 τὸν
915 3305 973 3357 ὲν
1006 3303 1263 3373 οὐρανοῖς
1278 3303 1376 3355 ἐπὶ
1405 3300 1512 3370 γῆς
1531 3300 1689 3371 όρᾷν,

132 3399 209 3450 καὶ
231 3401 322 3469 τήν
358 3417 419 3453 τε
463 3401 573 3470 γῆν
616 3399 729 3460 τοῖς
785 3397 1038 3465 οὐρανοῖς
1068 3393 1156 3448 διὰ
1185 3393 1286 3465 τῆς
1333 3390 1689 3464 εἰρήνηςμδ)

133 3491 466 3556 συνάπτοντα,
501 3492 600 3545 καὶ
631 3489 702 3543 τὰ
747 3489 978 3561 οὐράνια
1029 3489 1127 3560 τὴν
1168 3489 1273 3560 γῆν
1315 3486 1688 3558 οίκειούμενα.

132 3585 322 3639 Μᾶλλον
339 3586 396 3639 δὲ
425 3585 487 3638 τὸ
513 3585 796 3656 ἄφραστον
823 3584 1000 3636 έκεῖνο
1030 3580 1252 3652 βρέφος,
1277 3583 1346 3652 τῇ
1377 3581 1476 3650 μὲν
1507 3579 1694 3650 θεότη-

132 3694 176 3728 τι
199 3678 259 3732 τά
291 3679 543 3748 οὐράνια,
593 3680 659 3749 τῇ
699 3677 757 3730 δὲ
791 3674 1172 3746 ἀνθρωπότητι
1203 3673 1271 3728 τά
1301 3674 1522 3743 ἐπίγεια
1552 3688 1682 3726 συν-

134 3766 282 3820 άπτον
313 3769 591 3840 ἀλλήλοις.
623 3769 688 3820 ὲκ
735 3767 837 3836 τῆς
861 3765 1072 3828 οἰκείας
1111 3764 1431 3836 συναφείας,
1464 3763 1563 3818 καὶ
1590 3761 1691 3834 τὴν

133 3857 250 3928 πρὸς
280 3859 482 3930 ἄλληλα
504 3859 733 3930 είρήνην
767 3857 1080 3928 θαυμασίαν
1105 3857 1229 3910 τινὰ
1247 3855 1340 3908 καὶ
1368 3854 1508 3924 ὑπὲρ
1534 3853 1692 3924 λόγον

134 3951 498 4022 ὲπρυτάνευεν.
536 3953 600 4004 Ὃ
635 3950 729 4004 καὶ
772 3947 1091 4020 καθορῶσαι
1142 3949 1199 4001 αἱ
1235 3948 1488 4018 οὐράνιαι
1527 3963 1693 4016 στρα-

131 4044 228 4095 τιαὶ
247 4044 324 4108 τὸ,
357 4064 374 4097 ι
404 4043 544 4110 Δόξα
571 4045 628 4096 ὲν
649 4042 898 4113 ὑψίστοις
927 4040 1048 4112 Θεῷ
1069 4040 1164 4095 καὶ
1181 4042 1275 4094 ἐπὶ
1290 4040 1395 4109 γῆς
1413 4038 1633 4111 εἰρήνη,
1666 4056 1686 4091 ›

136 4134 256 4200 μετά
296 4136 395 4206 τῆς
427 4135 814 4206 πνευματικῆς
841 4134 1064 4206 χορείας
1089 4132 1416 4204 ἀνέμελπον.

202 4226 354 4279 Ἀλλά
392 4227 454 4280 τὸ
489 4227 590 4298 μὲν
621 4225 729 4280 τῶν
779 4225 1058 4296 ποιμένων
1097 4223 1280 4296 ἔργον,
1341 4223 1437 4277 καὶ
1461 4222 1546 4291 ίτὸ
1595 4223 1693 4295 κή-

133 4333 298 4389 ρυγμα
331 4321 424 4373 καὶ
457 4323 485 4373 ὁ
513 4320 716 4389 δρόμος
761 4318 820 4371 έν
847 4316 1078 4380 τούτοις.
1125 4316 1190 4368 Ἢ
1233 4316 1289 4368 δὲ
1321 4315 1533 4387 Μαρία,
1590 4332 1694 4385 φη-

137 4408 229 4472 σὶν,
264 4412 456 4483 συνετὴ
468 4429 552 4482 ρει
583 4412 654 4465 τά
681 4413 902 4482 ῥήματα
934 4408 1110 4463 ταῦτα
1127 4407 1508 4479 συμϐάλλουσα
1535 4409 1592 4460 έν
1622 4409 1690 4479 τῇ

1856 1449 2154 1520 Postquam
2205 1466 2292 1517 ea,
2341 1467 2464 1522 quas
2529 1454 2779 1507 nuntiata
2829 1461 3008 1519 erant,
3052 1455 3230 1511 oculis
3254 1455 3358 1526 ipsi

1781 1539 2054 1604 viderant,
2100 1526 2461 1597 admiratione
2497 1543 2575 1598 rei
2616 1543 2918 1598 verissumze
2944 1547 3204 1615 correpti,
3227 1562 3360 1601 eau-

1782 1647 1898 1688 sam
1932 1632 2082 1688 illius
2127 1649 2236 1689 non
2286 1636 2533 1690 celarunt
2567 1637 2935 1710 cognoscendi
2962 1639 3195 1709 cupidis.
3239 1638 3358 1695 lmo

1781 1739 1911 1779 vero
1943 1725 2125 1780 omnia
2163 1724 2276 1792 illa,
2317 1742 2441 1796 quae
2475 1735 2530 1782 et
2557 1737 2714 1784 antea
2749 1730 3014 1792 viderant,
3048 1740 3098 1785 et
3131 1731 3360 1787 auribus

1783 1824 1896 1870 tum
1920 1815 1991 1872 ab
2027 1816 2222 1886 angelo
2243 1824 2301 1873 et
2328 1832 2582 1887 praecone
2617 1819 2915 1892 Evangelii,
2951 1830 3064 1877 tum
3093 1840 3120 1876 a
3147 1824 3356 1894 reliqua

1782 1910 2125 1981 angelorum,
2170 1909 2343 1966 Deum
2379 1911 2749 1980 laudantium,
2783 1930 2988 1970 corona
3010 1928 3356 1986 acceperant,

1782 2004 2144 2074 praesentibus
2191 2003 2513 2074 aperiebant
2560 2016 2618 2061 et
2679 2007 3092 2062 renuntiabant.
3174 2007 3362 2079 Neque

1782 2097 1926 2150 enim
1953 2094 2136 2152 Mariae
2162 2098 2366 2163 solum,
2428 2107 2483 2154 et
2519 2097 2760 2168 Josepho
2787 2115 2853 2156 ea
2883 2101 3358 2172 signiﬁcabantur,

1784 2201 1906 2256 qua:
1954 2203 2120 2258 supra
2187 2189 2459 2246 rationem
2528 2191 2704 2261 posita
2763 2203 3204 2263 conspexerant,
3264 2195 3362 2251 sed

1786 2287 1983 2348 praeter
2029 2295 2125 2336 eos
2170 2290 2398 2338 caeteros
2437 2297 2648 2349 omnes,
2704 2284 2799 2354 qui
2839 2286 3058 2354 quidem
3109 2287 3359 2352 aderant,

1786 2387 1990 2437 rerum.
2039 2389 2177 2445 quas
2213 2376 2298 2432 vel
2340 2377 2588 2434 viderant
2627 2379 2712 2433 vel
2757 2379 3105 2445 audiverant,
3153 2397 3356 2451 super-

1787 2467 2118 2522 naturalium
2189 2469 2484 2540 participes
2562 2487 2684 2528 esse
2761 2474 3079 2530 voluerunt.
3161 2473 3360 2530 Statim

1787 2559 1974 2630 itaque
2029 2561 2159 2617 urbs
2193 2561 2530 2629 Bethlehem,
2577 2565 2756 2619 vicina
2806 2567 2952 2621 enim
2988 2575 3126 2631 erat,
3170 2567 3366 2622 nuntio

1788 2651 1894 2707 hoc
1940 2653 2300 2723 implebatur,
2352 2657 2792 2726 quandoquidem
2837 2658 3119 2713 veritatem
3177 2674 3367 2728 partus

1789 2745 2044 2801 salutaris
2093 2747 2578 2817 testimoniumque
2606 2749 2672 2803 de
2692 2750 2831 2804 caelo
2857 2765 2966 2804 non
3008 2751 3364 2805 inliciandum

1788 2847 2040 2908 pastores
2094 2839 2195 2905 illi,
2238 2839 2408 2895 Deum
2457 2841 2656 2905 edocti,
2710 2851 2960 2911 prompte
3008 2847 3362 2908 enarrabant,

1791 2931 2238 3002 tremendumque
2280 2932 2412 2986 illud
2455 2923 2780 2988 miraculum
2825 2935 3029 2988 animis
3076 2934 3361 2988 hominum

1790 3021 2152 3078 instillabant.
2205 3023 2331 3078 ldeo
2350 3024 2551 3080 dicitur
2581 3044 2592 3080 :
2635 3045 2653 3076 ι
2677 3025 2880 3082 Omnes
2899 3026 3183 3081 audientes
3204 3027 3370 3080 mira-

1790 3111 2011 3177 bantur,
2070 3129 2193 3183 quae,
2244 3113 2407 3169 illisa
2457 3116 2773 3185 pastoribus
2824 3118 3222 3171 nuntiabantur
3248 3119 3311 3171 ⁷³.
3343 3137 3362 3169 ι

1792 3207 1983 3266 Nonne
2011 3211 2155 3265 enim
2181 3211 2381 3266 mirum
2431 3223 2570 3278 erat,
2604 3227 2751 3279 eum,
2784 3213 2875 3284 qui
2904 3213 2960 3267 in
2991 3214 3148 3269 cmlis
3174 3223 3277 3278 est,
3312 3213 3367 3268 in

1793 3304 1957 3360 terris
1995 3305 2332 3375 conspicere,
2391 3314 2446 3360 et
2485 3306 2646 3360 talem
2693 3307 2951 3376 quidem,
3006 3307 3098 3377 qui
3142 3317 3367 3370 terram,

1796 3394 1935 3450 facta
1976 3411 2128 3467 pace,
2180 3397 2320 3453 coelo
2358 3396 2632 3468 jungeret,
2688 3398 2929 3454 coelestia
2991 3409 3170 3453 autem
3211 3407 3371 3452 terrae

1797 3489 2204 3560 impertiretur;
2249 3491 2331 3545 vel
2372 3492 2552 3561 potius
2595 3489 2858 3546 infantem
2896 3491 3048 3546 illum
3077 3507 3184 3546 non
3212 3506 3372 3546 enar-

1794 3582 2044 3648 rabilem,
2083 3583 2286 3650 videre,
2326 3585 2418 3653 qui
2445 3583 2733 3638 divinitate
2756 3599 2854 3640 sua
2886 3584 3156 3649 caelestia,
3179 3583 3375 3638 buma—

1795 3674 1969 3730 nitate
2031 3683 2216 3730 autem
2285 3678 2567 3731 terrestria
2639 3676 2744 3732 sibi
2803 3676 3039 3731 invicem
3094 3675 3371 3746 jungeret,

1793 3777 2154 3840 mutuamque
2208 3770 2597 3835 concordiam,
2661 3769 3028 3825 admiratione
3071 3777 3126 3824 et
3161 3768 3375 3823 ratione

1794 3862 1942 3916 omni
1985 3863 2347 3932 superiorem,
2411 3877 2509 3932 per
2554 3877 2714 3915 suam
2762 3862 2908 3916 illam
2943 3861 3204 3915 unionem
3241 3873 3378 3914 con-

1795 3952 2043 4007 ciliaret?
2089 3952 2205 4008 Hoc
2230 3952 2444 4008 scilicet
2466 3954 2732 4020 angelicae
2765 3952 2936 4022 copiae
2958 3949 3375 4022 perspicientes,

1794 4056 1850 4100 et
1881 4045 2152 4114 spirituali
2181 4044 2422 4114 tripudio
2449 4043 2645 4109 ductae,
2677 4047 2947 4098 canebant
2984 4060 2999 4097 :
3048 4061 3067 4094 ι
3096 4041 3282 4097 Gloria
3317 4041 3374 4095 in

1795 4137 2030 4194 excelsis
2061 4138 2192 4202 Deo,
2219 4145 2275 4190 et
2298 4137 2350 4190 in
2376 4146 2520 4190 terra
2551 4152 2652 4205 pax
2675 4137 2744 4189 ⁷⁸.
2773 4154 2791 4186 ι

1865 4233 2045 4300 Atque
2083 4229 2168 4283 bis
2201 4228 2418 4298 quidem
2443 4237 2728 4298 pastorum
2759 4227 2974 4281 illorum
2997 4241 3183 4296 opera,
3240 4240 3380 4294 prae-

1796 4326 2020 4380 conium
2069 4332 2124 4378 et
2177 4322 2418 4379 studium
2457 4322 2864 4377 absolvebatur.
2935 4338 2954 4372 ι
2991 4320 3162 4373 Maria
3225 4334 3375 4386 vero,

1797 4415 1945 4487 quod
1974 4415 2173 4481 Lucas,
2236 4415 2333 4481 ait,
2393 4415 2650 4470 servabat
2696 4414 2864 4468 verba
2903 4411 3041 4477 haec,
3107 4411 3164 4466 in
3219 4411 3382 4465 corde

133 4505 308 4577 καρδίᾳ
356 4508 554 4578 αὐτῆς.
599 4509 734 4564 Ποῖα
784 4507 1041 4577 ρήματας
1079 4504 1148 4558 τά
1203 4504 1300 4557 τοῦ
1342 4503 1687 4574 ἀρχαγγέλου

1799 4526 1901 4566 suo
1965 4509 2342 4564 conferens".
2376 4527 2396 4559 ι
2459 4507 2589 4575 Qua:
2645 4523 2774 4562 vero
2827 4506 3034 4562 verba?
3111 4503 3382 4559 Gabriclis

134 4596 374 4670 Γαϐριὴλ,
395 4601 465 4654 τὰ
487 4600 582 4654 τοῦ
606 4599 903 4671 Ζαχαρίου,
933 4598 1002 4652 τὰ
1034 4599 1137 4668 τῆς
1174 4595 1473 4662 Ἐλισάϐετ,
1501 4595 1570 4649 τά
1585 4594 1694 4651 τῶν

135 4693 412 4761 ποιμένων.
446 4695 506 4746 ἐν
568 4689 651 4757 οἷς
685 4693 714 4746 ὁ
752 4691 992 4761 ἄγγελος
1019 4691 1203 4753 αὐτοῖς
1241 4687 1497 4761 ἐκόμιζεν
1527 4687 1694 4756 εὐαγ-

135 4784 290 4852 γέλια.
338 4787 451 4840 Καὶ
485 4787 556 4842 τὰ
609 4786 867 4856 τάγματα
903 4785 1014 4839 τῶν
1069 4783 1340 4854 ἀγγέλων,
1392 4780 1428 4835 ἂ
1456 4780 1546 4834 διά
1599 4782 1700 4852 τῆς

136 4874 445 4947 ὑμνολογίας
475 4878 573 4949 τὴν
605 4879 794 4930 πίστιν
827 4879 939 4940 τοῖς
970 4875 1311 4946 εὐαγγελίοις
1343 4872 1697 4944 βεϐαιοτέραν

137 4971 469 5041 παρείχοντο.
524 4972 686 5028 Ἀλλά
717 4972 830 5026 τίσι
867 4971 938 5024 τὰ
970 4972 1194 5042 ῥήματα
1226 4969 1401 5023 ταῦτα
1436 4967 1700 5022 συνέϐαλ-

139 5055 218 5111 λεν
244 5063 299 5114 ὲν
321 5067 391 5134 τῇ
447 5064 648 5135 καρδίᾳ
682 5065 851 5133 αὐτῆς
878 5079 893 5129 ;
938 5065 1008 5116 Ἢ
1033 5063 1193 5134 δῆλον
1222 5062 1306 5119 ὅτι
1333 5064 1448 5125 τοῖς
1492 5061 1698 5132 ἔργοις,

140 5142 206 5203 ὧν
230 5155 324 5225 τὴν
353 5160 550 5228 πεῖραν
578 5153 745 5228 εἶχεν.
783 5158 862 5228 Τῇ
888 5155 1119 5228 ἀσπόρῳ
1175 5154 1456 5224 συλλήψει,
1491 5156 1554 5225 τῇ
1605 5153 1701 5206 ἀν·-

142 5239 298 5312 ωδίνῳ
348 5246 568 5317 κυήσει,
605 5246 683 5317 τῷ
731 5244 1048 5316 ἀδιαφθόρῳ
1078 5247 1263 5314 τόκῳ;
1297 5245 1421 5304 Τοῖς
1445 5240 1540 5296 οὖν
1573 5240 1699 5295 καθ’

143 5331 323 5405 ἑαυτὴν
352 5337 535 5408 ἔργοις
560 5339 686 5402 τοὺς
712 5338 906 5407 λόγους
935 5337 1322 5409 συμϐάλλουσα
1345 5335 1478 5389 Θεὸν
1509 5335 1702 5405 ὁμολο-

204 5468 248 5501 ⁷³
270 5469 402 5526 Luc.
425 5471 811 5538 11,18.“ibid.
847 5472 934 5525 14.
977 5470 1022 5501 ⁷⁸
1047 5470 1179 5526 ibid.
1213 5469 1297 5525 i9.

1801 4601 2113 4672 archangeli
2157 4601 2271 4666 illa,
2337 4609 2452 4655 tum
2483 4600 2785 4664 Zachariae,
2839 4615 3002 4670 porro
3033 4597 3379 4660 Elisabethae,

1803 4710 1906 4750 nec
1940 4696 2122 4750 minus
2153 4706 2459 4765 pastorum,
2521 4695 2724 4765 quibus
2775 4694 3120 4764 evangelium
3153 4689 3384 4760 angelus

1804 4789 2108 4853 attulerat,
2176 4797 2291 4842 tum
2344 4796 2671 4842 caeterorum
2741 4786 3060 4857 angelorum
3135 4785 3381 4848 ordines,

1806 4880 2010 4950 hymno
2037 4895 2139 4936 suo
2172 4880 2508 4936 salutaribus
2543 4879 2652 4934 illis
2681 4879 2906 4933 nuntius
2935 4877 3199 4946 majorem
3225 4875 3386 4930 ﬁdem

1805 4969 2092 5026 facientes.
2147 4972 2284 5026 Cum
2348 4973 2551 5042 quibus
2609 4987 2739 5026 vero
2785 4971 2950 5026 verba
3001 4970 3093 5025 illa
3120 4970 3175 5024 in
3225 4969 3388 5024 corde

1806 5076 1908 5117 suo
1933 5062 2287 5118 conferebat?
2329 5061 2520 5118 Nonne
2558 5060 2912 5117 manifestum
2949 5071 3056 5126 est,
3096 5060 3148 5115 id
3180 5059 3384 5115 factum

1805 5138 1927 5208 esse
1943 5169 2065 5210 cum
2085 5154 2249 5210 rebus
2275 5155 2402 5220 illis,
2428 5171 2566 5226 quas
2590 5164 2814 5226 experta
2839 5153 3130 5220 didicerat,
3164 5153 3385 5223 quando

1809 5247 1928 5300 sine
1987 5249 2196 5302 semine
2254 5262 2617 5317 conceperat,
2679 5248 2798 5303 sine
2867 5247 3153 5302 doloribus
3217 5243 3382 5297 fetum

1809 5341 2131 5409 nutriverat,
2185 5351 2238 5397 et
2301 5342 2422 5399 sine
2483 5343 2591 5397 ulla
2640 5357 2783 5398 noxa
2829 5341 3148 5414 pepererat?
3216 5337 3389 5390 Verba

1641 5610 1870 5668 NOTAE.

213 5733 320 5800 (4i)
353 5731 547 5788 Mirum
590 5744 676 5788 est
722 5733 856 5787 nihil
885 5734 950 5787 tle
998 5731 1251 5787 Orieenis
1295 5734 1539 5790 editione
1561 5732 1690 5790 dici.

221 5802 326 5875 (4:!)
360 5803 450 5861 Sic
481 5806 660 5863 scribo
687 5821 812 5862 cum
842 5804 995 5862 (lolb.
1032 5803 1316 5874 θεολόγων,

1879 5734 1993 5806 (45)
2023 5733 2180 5789 Coll).
2211 5749 2308 5803 pro
2331 5730 2648 5804 εἰρημένης.
