3826 6206
464 288 572 351 823
1626 281 1891 344 PHO'I-‘II
1919 281 2040 342 PA']

2156 280 2430 342 ARCHIE
2466 283 2574 345 ΟΡ.
3627 290 3707 354 824

463 401 650 466 itaque
712 393 808 450 illa
856 407 986 450 cum
1026 393 1195 450 rebus
1222 392 1366 463 apud
1397 407 1459 449 se
1499 393 1666 463 gestis
1695 406 2040 462 comparans,

2156 393 2274 462 γεῖν
2301 392 2394 447 τὸν
2421 393 2758 465 γεννηθέντα
2787 393 2888 465 τὴν
2919 395 3102 466 κρίσιν
3143 394 3312 467 ὀρθὴν
3339 394 3641 467 ἀνεδέχετο.
3668 395 3713 454 0i

464 497 614 544 recte
658 487 1004 553 conliciebat,
1062 501 1124 543 se
1163 485 1341 553 illum,
1402 487 1495 556 qui
1524 500 1594 541 ex
1623 501 1684 540 se
1714 494 1880 539 natus
1906 491 2040 551 erat1

2161 486 2349 557 μέντοι
2375 485 2633 558 ποιμένες
2660 485 2723 540 τὸ
2749 485 3082 550 τελευταῖον,
3116 480 3193 541 ὧν
3223 483 3391 554 εἶδον,
3425 491 3710 561 παραδόξων

463 581 636 637 Deum
670 580 916 652 profiteri
943 580 1164 637 debere.
1207 579 1481 635 Caeterum
1518 586 1771 649 pastores
1797 577 2040 632 ultimun‘

2159 578 2486 650 θεασάμενοι
2513 579 2610 633 καὶ
2637 581 2737 650 τὴν
2767 580 2949 651 ψυχὴν
2978 583 3158 652 χαρᾶς
3191 581 3583 654 πληρώσαντες
3623 585 3710 654 (ii)

463 691 679 742 eorum,
743 689 868 745 quae
919 674 1061 730 mira
1091 673 1361 738 viderant,
1399 671 1778 742 contemplati,
1819 669 2040 740 gaudio-

2163 671 2528 744 ὑπέστρεφον,
2557 671 2878 738 δοξάζοντες
2901 673 3000 728 καὶ
3031 673 3312 739 αἰνοῦντες
3344 674 3444 729 τὸν
3486 675 3615 730 Θεὸν
3653 679 3715 732 ἐπὶ

465 783 574 836 quc
597 767 827 838 perfusi,
859 767 1293 834 revertebantur,
1318 765 1661 821 celebrantes
1683 771 1738 818 et
1761 761 2040 817 laudante:

2160 766 2365 832 πᾶσιν,
2421 761 2504 830 οἷς
2553 765 2830 837 ἥκουσαν,
2886 764 2988 820 καὶ
3038 763 3200 833 είδον,
3259 767 3450 833 καθὼς
3519 767 3714 842 ἐλαλήθη

467 861 639 915 Deum
682 875 850 930 super
906 860 1163 915 omnibus
1220 858 1329 913 illis
1391 872 1512 928 qua?
1581 855 1910 913 audiverant
1998 862 2055 911 et
2159 858 2368 922 αὐτοῖς.

464 951 736 1016 viderant,
765 960 928 1021 prout
951 951 1082 1021 ipsis
1104 951 1308 1006 dictum
1342 959 1481 1004 erat.

583 1061 914 1130 QUESTIO
949 1063 1107 1120 CLVI
1168 1063 1356 1137 [CaisL
1396 1062 1733 1132 CLXXXVI,
1761 1063 1928 1120 Taur.

1099 1155 1384 1228 cuxva

467 1243 614 1300 Num
641 1247 889 1320 sacerdos
917 1255 1037 1320 erat
1054 1247 1314 1320 iSymeon,
1344 1251 1436 1320 qui
1497 1248 1787 1303 Dominum
1810 1254 2056 1302 nostrum

783 1317 968 1373 Iesum
999 1317 1269 1375 Christum
1300 1317 1439 1374 ulnis
1471 1320 1747 1391 suscepit?

588 1434 843 1486 Editarum
866 1449 896 1486 a
927 1437 1107 1488 Wolﬁo
1138 1438 1330 1490 decima
1353 1451 1486 1489 nona
1514 1440 1573 1490 ll.
1598 1452 1668 1507 ος,
1699 1452 1751 1502 p.
1788 1429 2450 1562 7::a'lji'll‘hgallllanggae,
2482 1443 2533 1494 p.
2567 1430 2802 1496 757-759,
2828 1447 2880 1483 n.
2905 1434 3010 1498 35).
3038 1461 3100 1471 —-
3123 1435 3201 1485 De
3223 1433 3466 1484 Simeone
3507 1447 3630 1485 sene

2659 1055 3002 1112 ΕΡΩΤΗΣιΣ
3061 1057 3256 1126 PNq'.

2154 1239 2315 1316 Ἀρα
2367 1237 2691 1316 ιερρὺςίῆν
2739 1241 3024 1316 Συέιεῲνν
3060 1245 3095 1298 δ
3145 1243 3255 1316 τὸν
3315 1246 3544 1314 Κύριον
3584 1247 3720 1316 ἡμῶν

2263 1313 2511 1382 Ἰησοῦν
2537 1313 2798 1382 Χριστὸν
2827 1313 3158 1384 δεξάμενος
3202 1315 3274 1368 ἐν
3304 1313 3644 1384 ἀγκάλαιςξ

539 1605 807 1664 Sacerdos
853 1621 963 1664 non
1027 1617 1151 1664 erat
1211 1609 1440 1665 Simeon
1492 1608 1621 1677 ille,
1674 1605 2040 1665 sacerdotibus

2231 1603 2347 1656 Οὐκ
2395 1597 2467 1675 ἦν
2519 1602 2756 1674 ἱερεὺςὸ
2811 1603 3063 1675 Συμεὼν,
3109 1605 3222 1662 τῶν
3261 1607 3321 1662 δὲ
3373 1609 3575 1680 ίερέων
3625 1610 3718 1674 ταῖς

461 1711 594 1752 vero
622 1698 828 1755 virtute
860 1703 1091 1755 multum
1119 1702 1442 1772 prastabat.
1466 1701 1765 1772 Propterea
1790 1702 2040 1759 sacerdos

2156 1695 2384 1765 ἀρεταῖς
2407 1694 2578 1749 πολλὰ
2599 1699 2874 1768 προεῖχεν.
2922 1698 3014 1752 Διὸ
3045 1701 3144 1754 καὶ
3177 1700 3207 1752 ὁ
3258 1701 3361 1770 μὲν
3393 1701 3582 1773 ἱερεὺς
3610 1702 3719 1771 in?

461 1790 604 1846 alius
629 1806 718 1858 ea,
741 1807 866 1862 quae
886 1793 954 1848 de
984 1793 1194 1851 infante
1231 1796 1319 1851 lex
1357 1796 1474 1852 ﬁeri
1498 1796 1751 1868 iubebat,
1805 1796 2040 1852 admini-

2158 1788 2252 1844 ἐπὶ
2298 1785 2395 1841 τοῦ
2441 1785 2681 1859 βρέφους
2729 1790 2846 1862 (45)
2888 1791 3154 1864 πράττειν
3183 1793 3213 1846 ὁ
3247 1793 3417 1862 νόμος
3469 1794 3716 1859 ἐκέλευεν,

462 1882 708 1950 strabat;
749 1884 992 1956 Symeon
1020 1901 1153 1942 vero
1201 1897 1316 1943 tum
1379 1887 1505 1944 aliis
1563 1889 1830 1960 praeclare
1855 1887 2040 1958 gestis,

2156 1878 2370 1941 τούτοις
2399 1874 2688 1951 ὑπηρέτει.
2729 1882 2791 1936 '0
2827 1882 2886 1937 δέ
2913 1882 3143 1954 Συμεὼν
3176 1885 3292 1948 τοῖς
3316 1901 3380 1937 τε
3412 1883 3606 1948 ἄλλοις
3623 1904 3717 1939 κατε

465 1983 582 2030 tum
611 1976 767 2032 canis
788 1978 1056 2035 senilibus
1085 1995 1254 2051 supra
1283 1980 1426 2040 alios
1461 1990 1709 2048 evectus,
1742 1982 2040 2038 secundum

2156 1975 2441 2050 ορθώμασι
2471 1975 2565 2032 καὶ
2604 1976 2673 2045 τῇ
2721 1973 3063 2045 πρεσϐυτικῇ
3102 1972 3356 2044 βεϐηκὼς
3390 1973 3562 2046 πολιᾷ
3611 1978 3718 2030 κατὰ

460 2069 751 2124 oraculum
793 2070 1040 2127 divinum
1075 2073 1275 2144 dignus
1312 2073 1617 2130 habebatur
1679 2073 1776 2145 qui
1801 2089 1868 2130 eo
1901 2074 2040 2130 frue-

2156 2070 2282 2135 τοὺς
2345 2069 2524 2133 θείους
2586 2068 2872 2140 χρησμοὺς
2932 2066 3033 2138 τῆς
3089 2065 3456 2131 ἀπολαύσεως
3509 2067 3716 2138 ἠξιοῦτο.

461 2171 636 2215 retur.
673 2162 1026 2232 Agnoscebat
1055 2164 1148 2221 ille
1177 2164 1444 2220 infantem
1481 2165 1864 2235 praedicatum,
1904 2166 2040 2221 veri-

2167 2162 2416 2232 Ἐπέγνω
2464 2161 2558 2228 τὸν
2601 2158 3037 2232 κηρυσσόμενον,
3101 2158 3211 2212 τῶν
3268 2159 3548 2231 χρησμῶν
3604 2161 3722 2233 ἐώρα

463 2260 629 2309 tatem
668 2255 1022 2311 oraculorum
1051 2256 1442 2328 perspiciebat,
1465 2257 1609 2314 ulnis
1638 2257 1880 2329 denique
1913 2256 2040 2314 fere

2156 2254 2260 2325 τὴν
2293 2254 2580 2326 ἀλήθειαν,
2613 2251 2884 2322 ἀγκάλαις
2916 2251 3116 2322 ἔφερεν
3149 2250 3243 2304 τὸν
3295 2253 3545 2324 φέροντα
3574 2253 3723 2308 πάντα

458 2345 555 2400 bat
585 2360 734 2413 eum,
770 2349 865 2418 qui
897 2353 1062 2404 verbo
1100 2364 1204 2406 suo
1231 2351 1488 2420 portabat
1539 2349 1751 2406 omnia.
1801 2349 2040 2421 Cumque

2156 2347 2235 2420 τῷ
2269 2348 2495 2419 ῥήματι.
2528 2346 2639 2402 Καὶ
2665 2345 2766 2416 τῆς
2817 2344 2912 2398 τοῦ
2968 2344 3162 2413 γένους
3205 2345 3495 2416 σωτηρίας
3523 2347 3585 2399 ἐν
3630 2346 3724 2411 ὕψει

460 2437 566 2493 hoc
591 2439 754 2494 modo
781 2439 1013 2496 humani
1043 2443 1260 2512 generis
1296 2442 1536 2498 salutem
1564 2441 1745 2498 oculis
1776 2456 2040 2512 usurpas-

2156 2440 2454 2504 καταστὰς,
2501 2440 2598 2495 καὶ
2645 2437 2932 2510 θειοτέρας
2973 2436 3349 2508 ἀναπλησθεὶς
3395 2437 3624 2509 ἡδονῆς,
3648 2440 3722 2492 οὐκ

459 2538 564 2592 set,
587 2528 955 2600 diviniorique
983 2530 1182 2601 gaudio
1205 2531 1462 2602 perfusus
1479 2538 1645 2598 esset,
1662 2546 1774 2586 non
1799 2531 1913 2602 jam
1929 2530 2040 2587 vita

2156 2531 2235 2587 ἔτι
2279 2531 2376 2586 τοῦ
2407 2531 2507 2603 ζῇν
2539 2531 2872 2603 περιείχετο,
2912 2530 3114 2584 αὐτίκα
3155 2529 3213 2583 δὲ
3259 2530 3408 2600 μάλα
3444 2531 3550 2601 τῆς
3578 2548 3724 2602 σωτη-

459 2621 666 2686 studio,
680 2623 774 2678 sed
794 2623 1132 2681 imminentis
1149 2624 1423 2680 felicitatis
1441 2624 1717 2680 desiderio
1735 2623 2040 2692 tenebatur,

2156 2626 2279 2700 ρίας
2307 2625 2628 2696 ἐφεστώσης
2669 2624 2998 2678 καταλιπεῖν
3050 2624 3149 2696 μὲν
3176 2623 3365 2678 ἐπόθει
3388 2624 3456 2677 τὺ
3496 2625 3720 2696 σαρκίον,

459 2727 772 2784 corpusque
812 2717 1084 2786 deponere
1144 2731 1311 2786 quam
1345 2716 1658 2782 celerrime,
1691 2725 1748 2771 et
1779 2714 2040 2772 defuncti:

2156 2719 2620 2790 εὐαγγελίσασθαι
2660 2719 2720 2773 δὲ
2767 2719 3004 2783 καὶτοῖς
3061 2719 3122 2771 ἐν
3150 2716 3282 2789 ᾅδου
3325 2716 3433 2788 τὴν
3471 2719 3725 2790 σωτηρίαν

459 2806 695 2862 salutem
722 2807 1216 2879 liberationemque
1245 2819 1458 2879 partam
1484 2809 1741 2865 nuntiare
1772 2808 2040 2879 cupiebat.

2156 2813 2251 2868 καὶ
2275 2812 2376 2884 τὴν
2409 2811 2822 2883 ἀπολύτρωσιν.

528 2897 703 2955 Porro
763 2901 876 2956 Deo
933 2901 1310 2968 benedicebat,
1366 2903 1471 2958 hoc
1534 2910 1638 2965 est,
1674 2901 1932 2957 laudibus
1993 2910 2048 2955 et

457 2993 746 3060 praeconiis
823 3008 955 3048 eum
1034 2995 1498 3064 prosequebatur.
1576 2992 1863 3049 Laudabat
1940 3009 2044 3049 au-

457 3091 570 3137 tem
641 3093 753 3138 tum
821 3085 952 3141 aliis
1002 3085 1364 3152 nominibus,
1417 3095 1532 3141 tum
1586 3100 1717 3140 vero
1752 3087 1808 3140 in
1856 3085 2054 3156 primis

458 3173 604 3242 ideo,
633 3179 782 3246 quod
819 3178 1090 3247 promissa
1142 3179 1250 3234 sibi
1297 3178 1440 3234 facta
1494 3188 1696 3234 eventu
1728 3178 2054 3234 conlirmata

2226 2907 2338 2962 Καὶ
2362 2905 2457 2960 τὸν
2485 2904 2622 2959 Θεὸν
2660 2903 2760 2972 μὲν
2801 2901 3039 2970 εὐλόγει,
3078 2899 3330 2955 τουτέστι
3377 2902 3452 2956 δι’
3511 2903 3725 2956 ἐπαίνων

2158 2997 2253 3052 καὶ
2295 2994 2610 3064 δοξολογίας
2644 2989 2802 3064 ἦγεν.
2853 2991 3083 3060 Εύλόγει
3109 2990 3168 3044 δὲ
3203 2990 3276 3044 τά
3297 3008 3359 3044 τε
3422 2991 3586 3059 ἄλλα,
3645 2994 3722 3046 καὶ

2155 3090 2289 3144 διότι
2326 3087 2426 3152 τὰς
2451 3086 2590 3158 πρὸς
2611 3085 2778 3140 αὐτὸν
2810 3085 3134 3155 ὑποσχέσεις
3162 3086 3244 3149 εἰς
3263 3084 3531 3155 ἀλήθειαν
3553 3086 3725 3138 ἒϐλεπε

2157 3178 2552 3256 προελθούσας,
2584 3177 2681 3232 καὶ
2707 3177 2806 3249 τὴν
2834 3177 2932 3232 τοῦ
2982 3178 3202 3250 Ἰσραὴλ
3241 3178 3601 3250 παράκλησιν
3644 3178 3724 3245 ιφ-

459 3269 689 3335 videret,
730 3270 1351 3340 solatiumquelsraelis
1397 3271 1888 3341 contemplandum
1943 3271 2050 3326 sibi

453 3360 656 3426 oculis,
691 3370 745 3418 et
771 3363 1027 3419 manibus
1056 3362 1342 3418 ferendum
1373 3364 1492 3418 dari
1528 3363 1879 3434 intelligeret.
1906 3363 2054 3419 Gau-

459 3451 552 3506 dio
583 3467 650 3506 ex
682 3453 767 3508 his
801 3453 996 3523 plenus
1026 3472 1041 3510 :
1075 3473 1096 3507 ι
1135 3451 1316 3520 Nunc,
1355 3455 1553 3526 inquit,
1585 3471 1808 3512 servum
1871 3467 2040 3525 tuum,

2156 3455 2415 3520 ἀπολύεις
2441 3455 2537 3509 τὸν
2561 3453 2749 3508 δοῦλόν
2799 3469 2919 3516 σου,
2975 3451 3243 3513 Δέσποτα.
3283 3452 3433 3507 κατὰ
3476 3453 3540 3506 τὸ
3590 3453 3725 3526 ῥῆμά

458 3543 715 3610 Domine,
734 3545 968 3601 dimittis
981 3546 1282 3602 secundum
1297 3547 1524 3602 verbum
1543 3558 1696 3603 tuum
1714 3549 1766 3602 in
1791 3550 2001 3618 pace".
2026 3568 2040 3602 ι

2156 3566 2275 3613 σου,
2305 3549 2366 3602 ἐν
2397 3547 2613 3618 εἰρήνῃ.
2651 3565 2670 3598 ι
2698 3544 2836 3611 Νῦν,
2861 3543 3050 3615 φησιν,
3081 3545 3205 3598 ἐπεὶ
3227 3546 3290 3598 τὸ
3318 3546 3474 3609 τέλος
3497 3546 3608 3615 ἔχω
3630 3546 3726 3598 τῶν

455 3631 635 3698 Νυηο,
675 3635 875 3706 inquit,
903 3638 1162 3706 quoniam
1186 3639 1395 3693 exitum
1419 3639 1594 3694 habeo
1625 3641 2040 3709 promissorum.

2156 3636 2606 3709 ἐπηγγελμένων,
2664 3635 2837 3706 ἐχέτω
2872 3633 3034 3687 τοῦτο
3073 3635 3168 3687 καὶ
3207 3636 3235 3688 ὁ
3289 3635 3564 3706 ἐπίκηρος
3604 3634 3723 3704 βίος.

457 3722 623 3776 linem
649 3738 871 3793 quoque
893 3723 1036 3779 ﬂuxa
1073 3726 1190 3781 hac
1217 3727 1330 3781 vita
1363 3727 1582 3783 habeat.
1624 3727 1866 3784 Verbum
1897 3731 2040 3785 enim

2156 3730 2228 3783 Tb
2261 3729 2372 3800 γὰρ
2401 3729 2494 3782 σόν
2530 3746 2622 3800 μοι
2647 3729 2799 3799 ῥῆμα
2828 3725 3006 3780 ταῦτα
3031 3726 3440 3797 προανεφώνει.
3473 3729 3583 3780 Καὶ
3607 3728 3724 3796 γὰρ,

457 3821 612 3869 tuum
644 3814 751 3870 hoc
781 3817 913 3869 mihi
943 3819 1358 3886 praenuntiavit.
1404 3819 1524 3890 lpse
1550 3819 1682 3874 mihi
1713 3820 1820 3876 lani
1869 3821 2040 3876 nuntii

2156 3821 2247 3876 τοῦ
2278 3820 2352 3893 μὴ
2380 3822 2507 3875 ἰδεῖν
2545 3837 2613 3891 με
2637 3818 2895 3882 θάνατον,
2918 3818 3050 3888 πρὶν
3079 3817 3212 3870 ἰδεῖν
3251 3818 3344 3871 τὸν
3363 3819 3600 3889 Χριστὸν
3622 3819 3723 3871 Κυ-

455 3907 729 3977 interpres
767 3907 942 3976 fuisti,
995 3926 1082 3979 me
1135 3920 1366 3966 mortem
1432 3929 1543 3968 non
1591 3923 1719 3968 ante
1767 3913 2040 3985 visurum,

2156 3912 2296 3985 ρίου,
2321 3913 2484 3977 αὑτός
2538 3929 2630 3982 μοι
2654 3908 2820 3964 πάλαι
2846 3909 2916 3963 τὰ
2943 3909 3244 3978 εὐαγγέλια
3275 3911 3554 3981 παρέσχες
3599 3907 3721 3975 (i6).

454 4016 616 4070 quarr
659 4000 938 4056 Christum
983 4003 1198 4058 Domini
1241 4004 1496 4059 viderim.
1535 4004 1809 4072 Quoniam
1864 4007 2040 4078 itaque

2164 4005 2318 4059 Ἐπεὶ
2339 4005 2394 4058 δέ
2417 4007 2498 4068 εἰς
2513 4004 2682 4075 ἐμοὺς
2707 4001 3022 4073 ὀφθαλμοὺς
3043 3996 3201 4074 ἧκεν.
3229 4000 3266 4055 ἃ
3291 4003 3545 4065 ἐπόθουν,
3561 4001 3594 4056 ἃ
3611 4001 3723 4067 ἐζή-

455 4094 632 4148 oculis
683 4093 802 4149 neis
850 4094 1032 4149 oblata
1087 4105 1235 4162 sunt,
1291 4111 1415 4166 quae
1467 4098 1870 4166 desiderabam,
1926 4115 2040 4168 quaa

2156 4114 2300 4160 τουν,
2335 4090 2409 4149 ὧν
2434 4094 2754 4168 ἐγλιχόμην,
2785 4091 2885 4146 νῦν
2941 4090 3203 4156 ἀπολύεις
3229 4091 3324 4145 τὸν
3378 4091 3563 4146 δοῦλόν
3612 4107 3723 4151 σου,

457 4183 790 4252 quaerebam,
827 4201 950 4254 quae
977 4186 1226 4257 impense
1257 4189 1567 4258 cupiebam,
1608 4205 1756 4246 nunc
1804 4192 2040 4249 dimittis

2156 4189 2272 4245 οὔτε
2306 4188 2442 4260 πρὸς
2471 4189 2572 4258 τὴν
2624 4189 2822 4258 πεῖραν
2867 4184 3276 4256 ταραττόμενον
3328 4183 3426 4238 τοῦ
3482 4184 3720 4239 θανάτου.

458 4291 676 4330 servum
725 4288 898 4345 tuum,
973 4295 1075 4334 nec
1127 4289 1274 4335 metu
1337 4283 1535 4338 mortis
1591 4285 1897 4350 turbatum,
1943 4302 2040 4342 nec

2156 4284 2274 4338 οὔτε
2303 4284 2584 4352 λογισμοῖς
2637 4279 3036 4353 θορυϐούμενον
3083 4277 3444 4349 ἀμφιϐολίας.
3501 4277 3632 4331 Ἀλλ’
3669 4278 3724 4328 ἐν

456 4368 642 4423 animo
667 4369 834 4425 dubio
861 4387 1215 4440 suspensum,
1241 4373 1338 4428 sed
1375 4373 1430 4427 in
1454 4390 1587 4444 pace
1615 4377 1796 4444 potius
1832 4378 2038 4444 stabili,

2156 4377 2337 4447 εἰρήνῃ
2372 4373 2614 4443 σταθερᾷ
2640 4371 2738 4425 καὶ
2776 4370 2982 4440 πολλὴν
3010 4368 3110 4442 τὴν
3160 4369 3505 4440 εὐφροσύνην
3551 4382 3721 4436 πηγα-

457 4461 813 4534 Ιαιιὶιίοηιιιυθ
843 4465 1236 4536 amplissimam
1275 4467 1558 4536 largiente.
1595 4468 1721 4524 Vidi
1766 4471 1913 4525 enim
1946 4487 2040 4540 po-

2156 4466 2312 4536 ζούσῃ
2338 4467 2474 4535 (47).
2507 4465 2617 4517 Καὶ
2647 4464 2757 4533 γὰρ
2780 4462 2842 4514 τὸ
2876 4465 3146 4533 σωτήριον
3186 4461 3413 4514 πάντων
3443 4459 3547 4513 τῶν
3584 4455 3722 4509 λαῶν

2157 3274 2389 3344 θαλμοϊς
2413 3288 2473 3324 τε
2496 3270 2738 3341 καθορᾷν
2767 3267 3009 3340 ἠξιοῦτο,
3044 3271 3139 3323 καὶ
3160 3271 3320 3340 χερσὶ
3372 3270 3588 3340 φέρειν.
3632 3271 3724 3322 lii

2155 3366 2331 3438 χαρᾶς
2348 3363 2444 3418 ἐπὶ⁵
2469 3362 2682 3426 τούτοις
2707 3363 2859 3431 ἱερᾶς
2887 3359 3375 3432 πεπληρωμένος,‹
3402 3360 3724 3432 Numen-.313,

454 4555 711 4625 pulorum
743 4558 986 4612 omnium
1023 4558 1281 4613 salutem.
1319 4556 1448 4613 Vide
1485 4558 1575 4614 hic
1601 4559 1774 4615 divini
1801 4563 2042 4618 sanctis-

455 4647 692 4718 simique
721 4649 870 4704 senis
900 4650 1214 4705 solertiam!
1248 4651 1391 4706 Ante
1423 4652 1569 4706 enim
1599 4667 1766 4721 quam
1798 4652 1916 4709 viso
1940 4652 2044 4709 hoc

454 4741 774 4797 beatissimo
835 4744 1033 4813 dignus
1091 4743 1418 4810 haberetur,
1495 4745 1753 4800 solatium
1821 4744 2044 4802 lsraelis

453 4835 824 4903 exspectabat.
858 4835 1155 4906 Postquam
1188 4852 1320 4891 vero
1350 4837 1461 4905 spei
1509 4838 1733 4908 votique
1763 4837 1850 4893 sui
1885 4838 2045 4893 dam.

454 4935 620 4981 natus
648 4935 784 4992 erat,
814 4941 925 4983 non
951 4928 1066 4994 jam
1099 4927 1356 4984 solatium
1383 4928 1628 4996 lsraelis,
1660 4930 1756 4984 sed
1793 4929 2038 4999 gentium

454 5019 703 5074 omnium
737 5021 966 5075 salutem
998 5021 1183 5077 videre
1246 5036 1306 5076 se
1353 5023 1648 5078 clamabat.
1705 5044 1726 5074 ι
1776 5021 2041 5080 Viderunt

452 5113 628 5174 enim,
653 5113 850 5183 inquit,
877 5113 1024 5169 oculi
1050 5113 1156 5170 mei
1179 5114 1420 5171 salutare
1446 5125 1624 5180 tuum,
1679 5115 1830 5186 quod
1869 5132 2036 5188 para-

454 5203 668 5260 stiantc
683 5205 876 5261 oculos
899 5206 1148 5262 omnium
1165 5207 1494 5279 populorum
1521 5209 1590 5264 7°.
1619 5225 1638 5260 ι
1673 5207 1824 5264 Adeo
1854 5209 2038 5280 splen-

527 5367 572 5400 ⁷⁸
601 5367 738 5434 Luc,
772 5386 834 5435 ιι,
875 5369 969 5435 50,
996 5371 1089 5426 51.

2147 4555 2307 4614 είδον.
2330 4558 2442 4612 Καὶ
2477 4558 2582 4628 ὅρα
2613 4554 2713 4626 τὴν
2739 4553 3028 4624 ἀκρίϐειαν
3083 4553 3179 4606 τοῦ
3244 4552 3396 4606 θείου
3437 4554 3530 4606 καὶ
3576 4547 3717 4617 ἱεροῦ

2147 4651 2438 4723 γέροντοςί
2468 4651 2602 4720 Πρὶν
2629 4647 2663 4719 ἢ
2718 4645 2819 4718 μὲν
2846 4645 2942 4700 τοῦ
2979 4644 3254 4717 μακαρίου
3282 4643 3553 4715 θεάματος
3591 4655 3720 4692 κατ·

2147 4746 2376 4816 αξιωθῇ,
2395 4742 2742 4814 παράκλησιν
2761 4739 3123 4812 προσεδέχετο
3151 4738 3246 4792 τοῦ
3295 4737 3529 4810 Ἰσραήλ.
3569 4732 3721 4786 Ἐπεὶ

2148 4839 2207 4891 δέ
2238 4836 2390 4899 ἐντὸς
2417 4835 2518 4904 τῆς
2555 4832 2769 4895 ἐλπίδος
2794 4831 2988 4901 γέγονε
3029 4831 3124 4885 καὶ
3160 4831 3259 4900 τῆς
3294 4828 3597 4899 ἐπιθυμίας,
3623 4828 3722 4876 οὖ-

2151 4929 2269 4983 κέτι
2299 4926 2378 4998 τῷ
2427 4924 2645 4998 Ἰσραὴλ
2671 4923 2976 4995 ἀνακράζει
3023 4922 3369 4994 παράκλησιν
3407 4921 3548 4982 ίδείν,
3580 4912 3723 4968 ἀλλὰ

2153 5023 2374 5076 πάντων
2413 5019 2688 5091 σωτηρίαν
2737 5018 2848 5070 τῶν
2875 5015 3042 5070 λαῶν.
3083 5033 3102 5066 ι
3133 5015 3244 5068 Καὶ
3274 5013 3408 5085 γὰρ,
3435 5010 3597 5081 φησὶν.
3629 5006 3718 5058 ὅτι

2149 5112 2289 5169 εἶδον
2321 5115 2370 5168 οἱ
2399 5111 2668 5183 ὀφθαλμοί
2704 5127 2807 5181 μου
2825 5109 2888 5163 τὸ
2919 5107 3187 5180 σωτήριόν
3214 5124 3333 5170 σου,
3367 5106 3396 5160 ὃ
3424 5103 3714 5176 ἡτοίμασας

2148 5204 2290 5260 κατὰ
2317 5203 2607 5276 πρόσωπον
2631 5201 2851 5257 πάντων
2905 5197 3015 5254 τῶν
3061 5197 3229 5253 λαῶν.
3272 5216 3294 5251 ι
3327 5195 3506 5257 Οὖτως
3549 5187 3716 5244 αὐτὸν

1975 5531 2210 5592 NOTAE.

531 5685 648 5756 (Ην)
687 5684 842 5756 Colb.
871 5684 1286 5756 πληρωθέντες.

532 5753 647 5827 (45)
671 5753 763 5828 Τῷ
786 5753 1026 5826 βρέφειν,
1051 5755 1203 5812 Culb.

2229 5686 2338 5760 με)
2367 5685 2469 5760 Sic
2484 5685 2670 5742 scribo
2693 5698 2793 5760 pro
2824 5686 3123 5760 παρέσχεν.

2229 5757 2338 5830 (i7)
2361 5757 2566 5815 Codex.
2591 5756 2925 5828 πηγὰζουσι.
