3828 6202
115 274 204 337 8‘23
1097 267 1194 329 AD
1226 263 1821 327 AMPHILOCHIUM
1858 263 2204 337 QUIES'I‘IO
2240 265 2433 329 CLVI.

3245 265 3354 330 826

117 378 498 453 περιήστραψεν
523 380 555 450 ἡ
580 380 639 433 ἐν
661 380 740 452 τῷ
764 380 954 453 βρέφει
970 382 1332 453 καθορωμένη
1358 384 1656 456 ἀπόρρητος

1771 378 1873 434 dor
1909 378 2203 434 ineﬂ‘abilis
2228 388 2283 434 et
2322 380 2534 434 ratione
2553 378 2703 434 omni
2730 378 3002 450 superior,
3046 393 3112 435 ex
3141 379 3352 436 infante

114 475 191 529 καὶ
210 473 341 542 ὑπὲρ
362 472 524 541 λόγου
555 474 744 544 αἴγλη,
777 474 854 538 ὡς
881 474 952 530 τά
1002 477 1287 549 προϊόντος
1324 475 1420 531 τοῦ
1472 477 1666 548 χρόνου

116 567 193 625 καὶ
221 565 356 620 κατὰ
406 564 603 636 μικρὸν
648 567 1124 639 ἀνακαλυφθέντα,
1182 568 1377 640 ἐκείνῳ
1407 568 1519 641 (48)
1572 569 1669 622 καὶ

118 652 390 724 τηνικαῦτα
419 653 515 707 καὶ
559 656 640 719 εἰς
672 657 877 723 γνῶσιν
926 657 1124 729 ἀθρόον
1172 658 1367 714 ἐλθεῖν.
1408 660 1519 715 Καὶ
1578 659 1669 714 ἵνα

117 747 230 817 μηδέ
266 745 447 816 χώραν
504 748 611 799 τινὶ
665 749 940 820 παράσχοι
989 750 1199 813 πάντας
1232 750 1399 814 λαοὺς
1456 750 1663 818 καλεῖν,

113 841 216 901 τοὺς
245 840 300 891 ὲν
336 838 415 909 τῷ
459 839 730 893 Ἰουδαίων
780 840 948 905 ἔθνει,
1003 843 1200 911 ἐπάγει
1249 843 1318 897 τὰ
1376 843 1663 915 εἰρημένα.

117 950 132 980 ι
157 929 261 990 Φῶς
287 931 363 991 εἰς
398 930 742 999 ἀποκάλυψιν
768 932 961 993 ἐθνῶν,
1005 951 1023 983 ι
1057 933 1180 989 ἀντὶ
1204 933 1298 987 τοῦ
1331 949 1345 963 ⁸
1378 935 1570 1006 μηδείς
1597 952 1666 1004 με

111 1022 189 1075 νῦν
221 1021 424 1091 οἰηθείη
460 1023 639 1076 πάντα
668 1024 856 1077 καλεῖν
885 1024 978 1078 τὸν
1020 1026 1313 1081 Ἰουδαϊκὸν
1344 1027 1492 1091 λαὸν,
1521 1029 1666 1082 ἀλλά

114 1118 306 1185 σύμπαν
335 1116 393 1168 τὸ
422 1115 580 1184 γένος
608 1117 696 1171 διά
732 1118 939 1189 ταύτης
966 1118 1156 1189 μηνύω
1179 1121 1278 1190 τῆς
1308 1123 1513 1191 φωνῆς.
1555 1122 1664 1176 Καὶ

110 1212 200 1278 γὰρ
234 1208 470 1279 σωτηρία
501 1210 596 1262 καὶ
622 1210 1005 1282 ἀπολύτρωσις
1041 1212 1195 1267 ἐσται
1224 1213 1446 1269 πάντων
1485 1208 1661 1282 οὗτος,

109 1300 156 1351 ὃν
177 1298 276 1366 ἐγὼ
315 1300 586 1370 τεθέαμαι
612 1302 710 1353 καὶ
758 1303 815 1354 ἐν
851 1302 1121 1370 ἀγκάλαις
1170 1304 1341 1376 φέρω.
1387 1306 1499 1360 Καὶ
1543 1307 1663 1359 ούδέ

114 1391 249 1461 μέχρι
284 1391 475 1444 τούτου
538 1394 808 1465 ἠρκέσθη.
871 1395 1013 1448 Ἀλλ’
1068 1397 1517 1452 ἀντιδιαστέλλων
1573 1398 1663 1452 τὸν

120 1484 354 1553 Ἰσραὴλ,ι
382 1486 560 1539 πάντα
575 1488 644 1540 τὰ
659 1487 816 1560 ἔθνη)
848 1489 1262 1551 ἐπισυνάπτει,ι
1293 1491 1408 1560 φῶς
1430 1493 1508 1555 εἰς
1527 1494 1661 1545 ἀπο-

113 1576 316 1644 κάλυψιν
349 1577 520 1630 ἐθνῶν
541 1580 816 1645 καὶδόξαν
847 1580 979 1635 λαοῦ
1029 1600 1121 1635 σου
1186 1583 1422 1653 Ἰσραήλ.
1457 1604 1475 1637 ι
1535 1581 1661 1638 Οἷον

111 1667 239 1736 κοινὴ
264 1669 360 1736 μέν
382 1669 500 1721 ἐστι
527 1672 773 1741 σωτηρία
796 1671 857 1723 τὸ
886 1672 1267 1744 ἀγκαλοφορού
1276 1692 1437 1744 μενον
1460 1676 1659 1745 βρέφος

108 1763 200 1823 τοῖς
226 1759 391 1815 ἔθνεσι
419 1766 577 1827 πᾶσι,
616 1766 712 1817 καλ⁹
746 1764 823 1834 τῷ
865 1766 1108 1837 Ἰσραήλ.
1181 1767 1341 1822 Ἀλλά
1397 1771 1511 1831 τοῖς
1562 1770 1660 1840 μὲν

110 1852 221 1917 φῶς,
252 1853 439 1906 ὃτιτοῦ
473 1855 698 1919 σκότους
731 1855 913 1926 ἐξάγει
940 1859 1039 1929 τῆς
1063 1860 1533 1933 εἰδωλολατρείας.
1568 1862 1660 1936 Τῷ

108 1944 153 1996 δὲ
170 1945 300 2011 δόξα,
321 1947 401 1998 ὅτι
423 1947 492 1999 τά
510 1948 720 2011 τούτοις
748 1950 916 2005 πάλαι
944 1954 1150 2025 νόμιμα
1171 1955 1393 2010 δοθέντα
1412 1956 1547 2027 (49),
1572 1958 1660 2013 διὰ

108 2036 189 2106 τῆς
212 2038 491 2110 εῐδωλικῆς
525 2040 967 2112 ἀπεκαθαίροντο
989 2046 1206 2116 ἀχλύος,
1242 2050 1323 2111 εἰς
1352 2048 1513 2116 δόξαν
1535 2049 1661 2119 εκαὶ

109 2128 388 2199 τελειότητα
424 2134 726 2202 μεταϐαλεῖ
756 2135 891 2206 (50).
920 2138 1031 2191 Καὶ
1080 2140 1256 2205 ἄλλως
1287 2141 1344 2195 δὲ
1393 2142 1519 2210 δόξα
1563 2141 1658 2195 τοῦ

118 2222 479 2293 Ἰσραηλιτικοῦ
504 2223 637 2279 λαοῦ
663 2227 691 2279 ὁ
709 2226 944 2299 τεχθεὶς,
988 2230 1084 2283 ἆτε
1114 2232 1178 2303 δὴ
1225 2235 1290 2286 ἐκ
1345 2234 1660 2304 σπέρματος

107 2311 184 2365 τοῦ
240 2315 485 2386 Ἀϐραὰμ
546 2317 833 2390 ἄνθρωπος
884 2321 1145 2390 γεγονώς.
1197 2322 1414 2395 Μικροῢ
1467 2324 1525 2377 δέ
1565 2325 1659 2378 καὶ

117 2405 314 2472 Ἡσαΐας
343 2410 370 2461 ὁ
401 2410 697 2482 προφήτης
730 2412 798 2465 τὰ
825 2413 965 2467 αὐτὰ
988 2416 1419 2488 προανακράζει,
1448 2417 1622 2484 λέγων
1640 2433 1655 2448 '

114 2514 128 2546 ι
169 2497 305 2563 Ἰδοὺ,
330 2499 555 2555 τέθεικά
587 2519 646 2555 σε
693 2504 774 2567 εἰς
803 2505 919 2573 φῶς
943 2506 1134 2573 ἐθνῶν,
1190 2506 1401 2572 ἀνοῖξαι
1454 2507 1656 2577 ὀφθαλ-

111 2591 223 2657 μοὺς
248 2592 479 2662 τυφλῶν,
524 2613 544 2647 ι
578 2597 826 2651 τουτέστι
876 2601 1180 2669 παρασχεῖν
1217 2601 1349 2671 ὁρᾷν
1396 2603 1489 2653 καὶ
1539 2600 1657 2654 δια-

111 2684 316 2737 στέλλειν
346 2687 404 2740 τὸ
438 2688 561 2757 φῶς
589 2690 653 2741 ἐκ
674 2689 768 2743 τοῦ
799 2691 1030 2755 σκότους
1063 2692 1180 2763 (51)
1227 2693 1324 2747 καὶ
1374 2693 1473 2764 τὴν
1522 2693 1660 2765 ἀλήιρ

111 2774 235 2829 θειαν
255 2779 313 2831 ἐκ
332 2778 425 2832 τοῦ
461 2778 719 2850 ψεύδους,
770 2782 867 2835 καὶ
907 2784 1007 2851 τὴν
1058 2783 1343 2837 εὐσέϐειαν
1393 2786 1503 2839 ἀπὸ
1555 2786 1659 2857 τῆς

110 2867 305 2940 πλάνης.
343 2872 434 2925 Διὸ
463 2873 563 2926 καὶ
587 2874 616 2926 ὁ
645 2874 810 2927 Δαϐὶδ
843 2875 1049 2943 ταύτην
1096 2876 1331 2947 κροτῶν,
1370 2879 1533 2931 οἱονεὶ
1565 2896 1658 2949 χοο

111 2958 254 3026 ρεύων
302 2964 392 3016 καὶ
447 2964 847 3036 ἀνακηρύττων
895 2966 994 3037 τὴν
1046 2969 1342 3039 σωτηρίαν,
1406 2989 1423 3020 ι
1471 2971 1656 3026 Πάντα

110 3048 232 3148 ἐθνῄη,
258 3055 405 3123 φησὶ,
440 3058 751 3127 κροτήσατε
789 3060 1002 3130 χεῖρας,
1050 3060 1134 3113 ὅτι
1168 3061 1369 3131 Κύριος
1405 3060 1651 3131 ὕψιστος.
1681 3085 1724 3148 C

110 3141 323 3213 φοϐερὸς,
355 3148 622 3213 Βασιλεὺς
654 3150 825 3219 μέγας
880 3153 973 3205 ἐπὶ
1007 3156 1184 3207 πᾶσαν
1231 3158 1328 3225 τὴν
1371 3156 1492 3226 γῆν.
1532 3176 1551 3207 ι
1594 3157 1658 3210 Εἰ

110 3232 155 3284 δὲ
181 3235 292 3300 λαὸς
315 3240 404 3292 τοῦ
433 3242 677 3311 Χριστοῦ
727 3246 820 3297 καὶ
849 3245 1092 3313 λέγεται,
1142 3247 1241 3303 καὶ
1296 3248 1445 3302 ἐστιν
1489 3249 1519 3302 ὁ
1557 3250 1657 3302 Ἰσ-

114 3327 241 3397 ραὴλ,
268 3333 397 3400 πρὸς
434 3336 503 3387 τά
534 3336 664 3404 ἔθνη
702 3338 1168 3411 διαστελλόμενος,
1201 3342 1655 3399 διαστέλλεταιδέ

112 3419 293 3485 πάντως
322 3428 427 3487 τοῖς
460 3444 520 3479 τε
558 3429 878 3494 Μωσαῖκοῖς
915 3433 1101 3503 νόμοις
1152 3434 1247 3487 καὶ
1285 3437 1399 3499 τοῖς
1452 3436 1653 3504 ἔθνεσι,

109 3509 255 3580 δῆλον,
290 3516 388 3581 ὅτι,
420 3519 522 3572 κᾶν
557 3522 724 3590 μήπω
751 3524 850 3593 τῆς
880 3525 1102 3595 χάριτος
1153 3526 1497 3596 ἀπήλαυσεν,
1554 3528 1654 3583 καὶ

110 3602 233 3669 ἐντὸς
258 3609 451 3678 ταύτης
479 3615 873 3684 ἐχρημάτισεν,
906 3616 1030 3681 λαὸς
1082 3618 1178 3672 καὶ
1208 3613 1361 3682 οὗτός
1411 3620 1527 3673 ἐστι
1556 3618 1653 3674 τοῦ

110 3694 333 3764 Χριστοῦ.
374 3702 434 3758 Ei.
462 3706 541 3758 δὲ,
575 3708 603 3759 ὁ
636 3709 693 3759 ἐν
741 3712 807 3779 τεῇ
863 3710 1071 3782 παλαιᾷ
1100 3710 1345 3787 Διαθήκῃ
1389 3712 1516 3778 λαὸς
1556 3714 1653 3768 τοῦ

111 3787 312 3858 Χριστοῦ
342 3797 487 3851 ἐστιν
527 3800 654 3864 λαὸς
684 3802 799 3871 (52)
852 3802 969 3863 πῶς
1018 3804 1118 3858 οὐκ
1163 3805 1538 3876 ἐμφράττεται
1584 3806 1655 3860 τὰ

113 3878 340 3938 ἀπύλωτα
376 3889 647 3959 στόματα,
679 3890 746 3944 τά
769 3892 875 3945 ἀπὸ
896 3894 1176 3959 Μάνεντος
1206 3896 1286 3960 εἰς
1308 3896 1504 3968 ἑτέραν
1531 3897 1654 3952 τού-

111 3986 212 4037 τους
240 3982 677 4052 παραπέμποντα
705 3985 885 4056 ἀρχήν

165 4242 255 4298 Τοῦ
279 4248 528 4320 μέντοιγε
566 4251 878 4323 πρεσϐύτου
908 4253 1219 4323 Συμεῶνος,
1270 4254 1650 4326 θεολογοῦντος

108 4333 161 4384 τὰ
188 4338 458 4408 εἰρημένα,
489 4338 581 4414 ἦν,
614 4345 777 4413 φησιν
816 4344 955 4415 (54),
981 4365 1001 4397 ι
1051 4345 1248 4418 Ἰωσὴφ
1279 4350 1371 4401 κα)¹
1404 4350 1436 4420 ή
1467 4350 1650 4421 μήτηρ

1771 470 2005 531 micans,
2046 472 2240 527 oculos
2272 472 2394 542 ejus
2420 472 2848 542 perstringebat,
2907 482 2989 536 ut,
3040 489 3162 543 quae
3197 473 3357 545 iupo-

1769 569 1978 617 sterum
2009 571 2273 618 eventura
2307 573 2363 617 et
2419 564 2567 618 brevi
2611 564 2905 632 aperienda
2967 574 3147 632 erant,
3187 565 3355 620 etiam

1769 661 1920 719 tunc,
1952 652 2117 724 idque
2146 654 2485 724 plenissime,
2514 654 2870 724 perspiceret.
2920 653 2999 711 Ne
3022 672 3152 712 vero
3182 672 3351 711 occa-

1769 742 1981 798 sionem
2011 745 2269 815 cuiquam
2308 745 2514 800 faceret
2546 746 2889 814 suSpicandi,
2939 760 2998 801 se
3030 761 3126 818 per
3176 762 3355 818 popu-

1768 835 1851 891 los
1880 838 2001 892 illos
2032 854 2224 895 omnes
2252 837 2568 894 Iudaeorum
2589 848 2803 894 tantum
2830 848 3046 911 gentem
3085 842 3352 908 indicare,

1767 932 2053 1001 sequentia
2110 933 2437 1003 subjungit:
2510 952 2529 985 ι
2590 931 2794 988 Lucem
2854 934 2909 987 in
2962 934 3351 989 revelationem

1767 1027 2028 1095 gentium.
2065 1045 2083 1076 ι
2118 1025 2288 1092 Quasi
2324 1026 2533 1081 diceret
2566 1043 2581 1080 :
2622 1025 2794 1080 Nemo
2839 1034 3016 1096 putet,
3048 1042 3136 1080 me
3162 1026 3231 1081 de
3259 1024 3357 1079 Ju-

1766 1116 1922 1172 daica
1971 1128 2130 1186 gente
2176 1117 2322 1172 omni
2353 1126 2567 1171 tantum
2606 1117 2792 1187 loqui;
2855 1118 2967 1172 imo
3016 1132 3145 1172 vero
3179 1124 3353 1171 totum

1767 1209 2051 1264 hominum
2087 1226 2257 1280 genus
2296 1210 2401 1265 hac
2424 1225 2563 1266 voce
2590 1212 2795 1266 indico.
2826 1211 2925 1265 [lle
2979 1211 3150 1276 enim,
3188 1224 3352 1280 quem

1764 1300 1895 1363 vidi,
1922 1316 2197 1371 quemque
2233 1302 2376 1356 ulnis
2429 1301 2569 1367 fero,
2633 1302 2885 1355 omnium
2939 1301 3091 1356 salus
3142 1301 3249 1355 erit
3299 1309 3356 1357 et

1764 1393 1988 1447 vindex.
2027 1393 2143 1447 lmo
2172 1408 2273 1447 nec
2328 1393 2383 1447 in
2432 1393 2521 1448 his
2573 1393 2870 1463 acquievit,
2918 1394 3035 1455 sed,
3095 1393 3355 1448 Israelem

1766 1484 2187 1547 distincturus,¢
2208 1494 2396 1556 gentes
2416 1500 2606 1541 omnes
2626 1485 2728 1539 »11Ιὶ
2755 1487 2876 1541 voci
2890 1487 3123 1558 jungit,¢
3150 1487 3349 1555 lucem,

1763 1574 2057 1645 inquiens,
2115 1577 2181 1631 ad
2240 1578 2627 1632 revelationem
2683 1579 2949 1648 gentium,
3009 1590 3065 1633 et
3116 1579 3351 1650 gloriam

1766 1669 1948 1737 populi
1981 1669 2056 1723 tui
2094 1670 2395 1724 lsraelis".
2442 1689 2459 1719 ι
2498 1670 2706 1725 Sensus
2736 1680 2861 1725 est:
2915 1669 3122 1736 Infans,
3186 1686 3351 1755 quem

1690 1730 1908 1813 Bulnis
1934 1758 2068 1827 fero,
2121 1761 2354 1816 salutem
2407 1762 2625 1831 quidem
2681 1763 2935 1831 gentibus
2983 1745 3245 1819 omnibus
3297 1771 3356 1817 et

1762 1851 1949 1907 lsraeli
1979 1869 2197 1924 quoque
2226 1870 2576 1910 communem
2644 1855 2832 1921 aﬂ‘ert;
2870 1865 2927 1910 at
2978 1857 3086 1911 illis
3126 1857 3349 1927 quidem

1762 1952 1846 1997 est
1874 1944 2045 1999 instar
2083 1946 2247 2011 lucis,
2304 1963 2369 2000 ex
2440 1945 2765 2000 idololatrize
2800 1946 3041 2001 tenebris
3090 1962 3184 2002 eas
3214 1948 3352 2003 edu-

1761 2050 1924 2102 cens;
1987 2037 2116 2092 huic
2178 2054 2307 2093 vero
2335 2038 2565 2108 gloriam
2630 2040 2794 2109 parit,
2850 2039 2977 2108 quia
3038 2039 3183 2108 leges
3212 2040 3351 2109 ipsis

1762 2129 2014 2203 (Iudaeis)
2068 2133 2197 2187 olim
2233 2133 2411 2192 datas.
2455 2148 2576 2201 quae
2606 2132 2845 2203 caligine
2877 2131 3208 2187 idololatria:
3246 2133 3348 2186 ob-

1761 2227 2035 2281 scuriores
2063 2226 2448 2292 reddebantur,
2479 2226 2878 2296 Splendidiores
2913 2234 2967 2280 et
2991 2225 3351 2296 perfectiores

1760 2318 1969 2372 reddet.
1999 2318 2121 2373 Alia
2154 2333 2287 2374 vero
2309 2318 2471 2372 etiam
2506 2320 2716 2374 ratione
2770 2328 2935 2375 natus
2996 2319 3090 2376 ille
3142 2320 3196 2375 in
3231 2321 3352 2391 glo-

1761 2411 1899 2465 riam
1965 2411 2153 2481 p0puli
2216 2410 2504 2467 lsraelitici
2562 2411 2840 2483 vergebat,
2904 2412 3110 2483 quippe
3155 2414 3349 2483 quiex

1758 2501 2059 2557 Abrahami
2090 2503 2303 2558 semine
2326 2501 2607 2557 hominem
2639 2502 2933 2558 induisset.
2953 2504 3133 2573 Atque
3158 2504 3351 2559 eadem

1759 2591 1873 2649 fere
1915 2594 2095 2650 Isaias
2126 2595 2390 2665 propheta
2448 2603 2607 2651 antea
2662 2596 3061 2665 pronuntiavit,
3103 2598 3294 2653 dicens
3328 2615 3344 2652 :

1764 2701 1784 2735 ι
1821 2682 1959 2740 Ecce
1993 2687 2150 2754 posui
2194 2694 2245 2740 te
2276 2685 2330 2740 in
2364 2685 2549 2740 lumen
2583 2686 2856 2755 gentium,
2899 2688 3193 2758 utaperias
3219 2704 3352 2744 ocu-

1759 2775 1843 2831 los
1896 2777 2253 2835 caacorum".
2298 2795 2318 2829 ι
2376 2776 2481 2831 hoc
2546 2786 2658 2841 est,
2719 2776 2893 2834 facias
2937 2787 2997 2833 ut
3048 2779 3269 2835 videant
3295 2790 3350 2836 et

1757 2867 2093 2940 distinguant
2146 2869 2322 2924 lucem
2356 2884 2423 2925 ex
2454 2870 2716 2935 tenebris,
2765 2872 3048 2927 veritatem
3082 2889 3149 2927 ex
3189 2889 3347 2929 men-

1759 2957 1935 3024 dacio,
1965 2968 2019 3014 et
2045 2960 2299 3029 pietatem
2330 2976 2394 3015 ex
2417 2959 2582 3015 variis
2606 2961 2732 3016 vitae
2757 2963 3062 3018 erroribus.
3089 2962 3349 3034 Pr0pter-

1759 3065 1822 3105 ea
1879 3059 1933 3105 et
1962 3050 2150 3119 David,
2180 3053 2427 3108 eamdem
2462 3055 2717 3119 salutem,
2765 3054 2939 3108 instar
2975 3055 3345 3125 tripudiantis,

1758 3140 2077 3207 decantans,
2133 3153 2187 3197 et
2220 3146 2613 3213 praenuntiatus,
2652 3166 2669 3198 ι
2708 3144 2930 3211 Omnes,
2958 3146 3161 3217 inquit,
3198 3165 3332 3219 gen-

1758 3243 1863 3297 tes,
1911 3234 2152 3304 plaudite
2188 3237 2463 3302 manibns,
2528 3240 2656 3308 quia
2718 3241 2980 3294 Dominus
3005 3240 3255 3295 excelsus
3288 3249 3345 3296 et

1758 3325 2093 3392 tremendus,
2124 3328 2239 3379 Rex
2272 3342 2501 3396 magnus
2525 3338 2607 3382 est
2642 3344 2807 3398 super
2835 3337 3033 3384 terram
3057 3330 3125 3382 τυ.
3149 3349 3169 3382 ι
3191 3328 3343 3398 Quo-

1756 3416 1905 3469 niam
1933 3431 2063 3471 vero
2094 3417 2261 3472 Israel
2296 3425 2349 3473 et
2380 3430 2605 3475 vocatur
2632 3430 2822 3500 “etest
2852 3423 3089 3491 populus
3115 3420 3343 3490 Christi,

1755 3509 1977 3578 quando
2000 3509 2255 3578 gentibus
2282 3512 2599 3580 opponitur,
2628 3513 2923 3583 opponitur
2945 3530 3075 3569 vero
3107 3516 3338 3570 omnino

1754 3607 1809 3653 et
1836 3597 2090 3655 Mosaicis
2122 3601 2332 3670 legibus
2352 3609 2407 3656 et
2437 3603 2711 3672 gentibus,
2745 3611 2895 3672 patet
2928 3605 3136 3675 utique,
3171 3606 3339 3675 quod,

1753 3689 1967 3745 etiamsi
2026 3707 2304 3762 nunquam
2358 3694 2547 3762 gratiae
2603 3695 2875 3764 particeps
2942 3694 3123 3752 factus
3170 3706 3340 3763 esset,

1753 3782 1984 3854 ejusque
2016 3785 2257 3840 fructum
2292 3788 2547 3855 cepisset,
2609 3787 2693 3841 vel
2754 3787 2834 3841 sic
2867 3787 3075 3843 Christi
3106 3792 3344 3859 populus

1751 3876 2069 3932 exsﬁtisset.
2119 3876 2275 3943 Quod
2302 3878 2346 3932 si
2383 3894 2512 3934 vero
2556 3880 2811 3950 populus,
2844 3880 2900 3935 in
2936 3882 3103 3937 veteri
3138 3882 3342 3939 fmdere

1752 3970 2078 4040 appellatus,
2142 3971 2343 4025 Christi
2408 3983 2493 4027 est
2540 3974 2794 4043 populus,
2855 3991 3036 4032 nonne
3067 3977 3173 4033 hoc
3220 3979 3339 4047 ipso

1751 4063 2013 4118 effrenata
2041 4062 2471 4120 Manichaeorum
2515 4080 2613 4121 ora
2668 4066 3017 4135 obturantur,
3053 4069 3149 4140 qui
3211 4070 3337 4125 illos

1752 4156 1909 4212 alteri
1937 4157 2154 4212 cuidam
2180 4157 2448 4227 principio
2475 4168 2733 4229 acceptos
2759 4159 2985 4215 ferunt?

1824 4248 2125 4313 Caeterum,
2158 4250 2428 4323 Symeone
2458 4266 2587 4307 sene
2627 4258 2883 4323 mysteria
2918 4254 3030 4309 haec
3064 4254 3135 4308 ita
3186 4256 3333 4310 edis-

1751 4353 1985 4411 serente,
2017 4364 2036 4397 ι
2070 4342 2362 4415 Josephus,
2394 4349 2539 4416 quod
2573 4344 2749 4403 Lucas
2798 4348 2893 4412 ait,
2925 4356 2979 4400 et
3013 4358 3185 4402 mater
3213 4350 3333 4419 ejus

110 4422 244 4511 αὑτοῦ
267 4428 633 4501 θαυμάζοντες
662 4435 755 4488 ἐπὶ
776 4438 888 4500 τοῖς
906 4435 1254 4508 λαλουμένοις
1272 4440 1400 4511 περ).
1420 4439 1609 4507 αὑτοῦ,
1623 4459 1641 4493 ι

1763 4436 2104 4491 mirabantur
2127 4454 2190 4492 ea
2246 4453 2370 4507 quae
2407 4439 2476 4493 de
2508 4439 2601 4493 illo
2630 4439 2772 4494 dicta
2798 4439 3039 4493 erant”.
3088 4457 3107 4491 ι
3165 4438 3335 4494 Mira-

110 4510 461 4588 θαυμάζοντες,
487 4525 588 4597 οὐχ
622 4527 706 4581 ὅτι
739 4526 835 4582 νῦν
881 4528 993 4583 τῶν
1022 4530 1162 4602 ὑπὲρ
1203 4510 1359 4600 λόγον
1408 4534 1508 4603 τὴν
1552 4534 1648 4588 νῦν

109 4608 276 4669 γνῶσιν
311 4614 572 4686 ἐδέχοντο,
627 4619 745 4673 ἀλλ’
802 4621 997 4694 ὅτιπερ
1047 4624 1141 4676 ἐπὶ
1187 4626 1301 4687 τοῖς
1351 4625 1647 4697 ὑπερφυῶς

110 4710 542 4787 τεροεγνωσμένοις
583 4712 677 4766 καὶ
741 4713 914 4768 ταῦτα
995 4715 1445 4787 προσελάμϐανον
1509 4717 1645 4787 (55).

119 4785 405 4863 ’Υπερφυῶν
438 4800 548 4872 γάρ
581 4804 921 4874 πραγμάτων
961 4785 1183 4873 γνῶσις,
1219 4806 1411 4870 ὁσάκις
1451 4785 1525 4859 ἂν
1567 4785 1649 4870 εις

113 4880 299 4954 μνήμην
326 4888 445 4955 άγει
472 4892 564 4945 τὸν
591 4895 894 4961 ἐγνωκότα,
928 4897 1257 4960 τοσαυτάκις
1296 4898 1354 4949 ἐν
1373 4898 1494 4958 ταῖς
1523 4896 1644 4949 δια-

111 4972 251 5038 νοίαις
298 4979 628 5050 ἁνακαινῐζει
672 4987 740 5041 τὸ
792 4987 999 5058 θαῦμα.
1055 4984 1191 5042 Εἶτα
1246 4989 1569 5053 συντελέσας
1617 4989 1647 5041 ὁ

168 5080 204 5112 ⁷⁷
225 5084 321 5144 lsa.
350 5108 499 5165 χιιι,
526 5095 581 5152 6.
658 5098 704 5130 ⁷⁸
731 5096 839 5153 lsa.
867 5114 1014 5165 xm,
1056 5098 1112 5155 7.
1187 5098 1235 5132 "'
1260 5097 1406 5155 Psal.
1438 5116 1584 5164 vai,
1616 5101 1673 5155 2.

1754 4529 1973 4596 bantur,
2007 4531 2205 4599 inquit,
2250 4547 2357 4587 non
2435 4532 2677 4601 quidem,
2734 4533 2879 4602 quod
2926 4541 3055 4588 tunc
3111 4533 3333 4587 demum

1752 4637 1967 4688 eorum,
2007 4638 2129 4690 qua:
2160 4623 2429 4678 rationem
2464 4638 2683 4679 omnem
2723 4624 3079 4692 superabant,
3140 4626 3334 4679 notitia
3385 4643 3394 4670 ι

1754 4713 2182 4781 instruerentur,
2208 4715 2303 4770 sed
2333 4717 2478 4785 quod
2511 4726 2706 4785 preter
2737 4716 2850 4779 illa,
2884 4731 3006 4785 quae
3028 4733 3094 4771 ex
3138 4731 3336 4786 super-

1755 4805 2097 4861 nntnralibns
2128 4817 2252 4863 ante
2277 4806 2497 4877 cognita
2526 4806 2819 4871 habebant,
2848 4808 3011 4862 etiam
3042 4807 3156 4862 haec
3187 4809 3329 4863 reci-

1754 4898 1993 4966 piebant.
2022 4897 2252 4965 Quoties
2286 4900 2432 4955 enim
2468 4900 2817 4954 insolentium
2856 4916 3038 4955 rerum
3066 4904 3332 4957 memoria

1752 4989 1881 5053 illis,
1941 4989 2037 5059 qui
2093 5006 2188 5047 eas
2214 5000 2434 5057 norunt,
2489 4991 2802 5062 refricatur,
2840 4993 2999 5050 toties
3047 4993 3333 5051 admiratio

1775 5100 1820 5133 ⁸⁰
1851 5100 1984 5157 Luc.
2018 5119 2078 5169 ll,
2120 5103 2209 5159 ³55.

1586 5231 1819 5291 NOTAE.

292 5319 361 5396 Ita
403 5321 560 5379 Colb.
587 5340 688 5396 pro
711 5328 939 5383 ἐκεῖνον.

170 5386 265 5463 (49)
302 5395 429 5447 Ante
458 5386 645 5450 voce'm
671 5396 758 5450 διὰ
788 5408 919 5463 puto
948 5396 1215 5451 excidisse
1267 5394 1302 5448 ἆ
1352 5409 1446 5463 per
1488 5402 1640 5447 ante-

118 5457 356 5538 cellfﬁley}
384 5465 646 5538 syllabam
666 5484 754 5521 τα.
778 5457 833 5521 ld
857 5484 985 5521 vero
1006 5467 1317 5538 frequenter
1338 5457 1438 5518 usu
1467 5465 1634 5518 venit.

303 5524 563 5608 §ic_Colb.
587 5554 686 5608 pro
715 5537 1034 5607 μετακαλεῖ.

176 5595 272 5662 (51)
301 5604 468 5677 Codex
493 5606 564 5661 ita
588 5595 609 5663 Ξ
637 5608 698 5660 τὸ
715 5595 915 5671 ’σκότος
945 5612 1009 5660 ἐκ
1038 5607 1130 5661 τοῦ
1163 5606 1362 5677 φωτὸς,
1420 5604 1646 5659 vocibus

122 5674 258 5790 ἔπᾸὲ
286 5681 335 5725 ει
398 5676 839 5736 inconvenienter
892 5677 1107 5749 positis,
1168 5674 1315 5749 quod
1362 5678 1646 5746 sequentia

170 5762 171 5765 ‘
258 5754 361 5790 lllll-

170 5754 361 5797 ‘lllClllll.

1818 5325 1931 5397 (52)
1960 5326 2087 5389 λαὸς
2122 5335 2204 5382 est
2231 5342 2295 5381 ex
2320 5327 2476 5383 Colb.

1822 5397 1936 5468 (55)
1968 5398 2249 5471 Manichaai
2275 5400 2422 5471 enim
2456 5407 2511 5453 et
2549 5396 2790 5463 Judteos,
2820 5411 2873 5453 et
2900 5401 3072 5471 legem
3133 5400 3331 5455 Mosai-

1750 5482 1869 5539 cam
1937 5471 2082 5523 malo
2128 5470 2399 5539 principio
2454 5471 2529 5539 in
2564 5473 2803 5539 acceptis
2870 5470 3137 5527 ferebant.
3196 5471 3335 5526 Vide

1750 5538 1929 5611 Pbotii
1973 5541 2172 5611 librum
2201 5539 2223 5593 l
2252 5537 2453 5611 Contra
2477 5537 2822 5609 Manichdzos,
2854 5550 2985 5598 tom.
3025 5541 3133 5597 Cll.

1823 5608 1936 5679 (54)
1961 5610 2117 5664 Colb.
2150 5623 2247 5678 pro
2267 5608 2450 5677 cpaatv.

1826 5680 1941 5752 (55)
1983 5679 2139 5737 Colb.
2170 5682 2292 5737 loco
2318 5681 2752 5753 προελάμϐανον.
