3828 6202
513 233 617 297 827

1673 227 1938 288 ΡΗΟΤῙΙ
1964 228 2103 288 ΡΑΤ

2216 228 2475 289 \BCHIE
2513 229 2622 289 CP.
3648 236 3725 299 82$

517 345 686 399 animi
713 343 890 398 denuo
924 349 1244 398 renovatur.
1299 338 1630 396 Perfunctus
1686 339 1759 393 ita
1814 354 1979 394 senex
2010 354 2103 393 nou

2217 339 2534 410 πρεσϐύτης
2569 337 2671 409 τὴν
2722 337 2803 398 είς
2859 336 2920 390 τὸ
2954 336 3109 390 Θεῖον
3167 336 3484 406 δοξολογίαν,
3516 344 3726 413 τρέπετιι

516 449 628 492 ster
665 435 836 490 divini
873 433 1129 490 Numinis
1172 434 1448 497 laudibus,
1485 432 1721 502 denique
1751 447 1809 486 se
1840 432 1906 485 ad
1937 431 2103 486 bene-

515 529 812 583 dictionem
878 527 1120 592 illorum,
1178 527 1272 598 qui
1319 525 1582 581 infantem
1612 524 1930 589 attulerant,
1965 538 2099 578 con-

516 621 698 677 vertit.
756 619 897 676 Hinc
937 636 1070 676 vero
1113 621 1182 674 ad
1233 629 1467 674 matrem
1513 618 1686 673 solam
1737 615 1901 671 verba
1949 614 2102 670 facit.

523 735 541 766 ι
586 714 869 769 Bened-ixit
903 712 1050 768 enim
1082 713 1189 768 illis
1219 714 1488 783 Symeon,
1525 718 1578 765 et
1616 709 1683 763 ad
1710 707 1958 775 Mariam,
1989 723 2107 763 ma-

519 817 656 862 trem
692 807 832 876 ejus,
882 806 1118 861 dixit“.
1162 823 1181 857 ι
1220 805 1302 859 Ad
1340 802 1589 866 Mariam,
1621 802 1819 871 inquit,
1851 812 2102 866 matrem,

518 915 626 954 non
655 899 721 954 ad
751 897 1072 968 Josephum,
1098 907 1306 967 patrem
1341 895 1484 965 ejus.
1521 892 1895 949 Nihilominus
1923 902 2104 948 tamen

520 993 767 1061 utrisque
793 991 1230 1046 benedictionem
1278 987 1610 1058 impertitur,
1675 988 1927 1058 quamvis
1967 987 2105 1041 allo-

519 1085 816 1151 cutionem,
848 1085 916 1140 de
941 1085 1107 1139 rebus
1136 1082 1386 1153 inprimis
1418 1082 1849 1147 sublimioribus,
1886 1080 1950 1135 ad
1985 1094 2105 1134 ma-

519 1186 657 1232 trem
689 1177 864 1232 solam
899 1176 1149 1230 instituat
1185 1192 1198 1228 :
1239 1183 1296 1228 ut
1333 1173 1548 1229 scilicet
1597 1172 1876 1228 communi
1936 1173 2104 1226 bene-

519 1268 953 1336 dictionefacta
1032 1265 1330 1336 Josephum
1421 1267 1666 1336 parentis
1730 1265 1921 1321 habitu
1997 1279 2106 1318 non

521 1375 748 1431 prorsus
775 1359 991 1428 privet;
1047 1358 1212 1414 simul
1261 1366 1442 1414 tamen
1474 1357 1656 1412 verbis
1707 1357 1844 1422 suis,
1891 1355 1958 1409 ad
1990 1370 2108 1408 ma-

519 1465 658 1507 trem
686 1451 964 1520 speciatim
991 1451 1232 1520 perlatis,
1263 1450 1530 1520 virginem
1566 1452 1633 1504 ab
1658 1465 1722 1504 eo
1745 1449 2104 1519 distinguens,

517 1561 639 1600 eam
673 1559 800 1599 vere
831 1555 1059 1598 matrem
1090 1543 1210 1614 ejus
1264 1543 1610 1614 proﬁteatur.
1671 1540 1810 1607 Quid
1866 1556 1998 1595 vero
2038 1541 2105 1594 ad

519 1646 746 1691 matrem
779 1637 1071 1706 loquitur?
1103 1655 1121 1686 ‹
1160 1635 1258 1691 llic
1290 1636 1437 1705 jacet
1467 1634 1522 1688 in
1573 1634 1786 1704 lapsum
1835 1643 1890 1688 et
1923 1648 2109 1688 resur-

2205 434 2392 487 λοιπὸν
2427 433 2520 486 ἐπὶ
2543 433 2642 502 τὴν
2673 431 2927 499 εὐλογίαν
2975 431 3084 484 τῶν
3137 432 3504 500 ἀναγαγόντων
3534 435 3586 488 τὸ
3629 439 3725 509 βρέ.

2209 545 2327 597 φος.
2363 521 2496 579 Εἶτα
2540 525 2754 578 ἐκεῖθεν
2785 525 2923 595 πρὸς
2955 524 3123 595 μόνην
3151 524 3248 594 τὴν
3283 525 3485 597 μητέρα
3511 527 3728 603 ἀποστρέ-

2209 639 2298 689 φει
2331 621 2445 692 (56)
2502 619 2595 673 τὸν
2618 619 2798 686 λόγον.
2857 637 2874 669 ι
2907 619 3018 672 Καὶ
3078 617 3374 689 εὐλόγησεν
3421 620 3521 692 γὰρ
3578 625 3729 690 αὐτοὺς

2210 712 2456 784 Συμεὼν,
2495 714 2591 766 καὶ
2619 707 2740 765 εἷπε
2759 710 2896 782 πρὸς
2922 711 3159 782 Μαριὰμ
3181 712 3279 783 τὴν
3311 714 3512 783 μητέρα
3534 717 3684 773 αὐτοῦ.
3710 741 3722 772 ι

2208 804 2352 872 Πρὸς
2379 803 2635 874 Μαριάμ,
2672 803 2828 873 φησὶ,
2856 803 2954 874 τὴν
3007 803 3240 874 μητέρα,
3267 805 3387 874 οὐχὶ
3410 807 3534 876 πρὸς
3576 809 3728 881 Ἰωσὴφ

2208 897 2300 950 τὸν
2335 898 2545 968 πατέρα
2583 895 2770 950 αὐτοῦ.
2821 896 2984 950 Ἀλλά
3009 896 3110 966 τῆς
3143 897 3243 967 μὲν
3279 898 3522 966 εὐλογίας
3575 902 3730 973 ὰμςςῐν

2211 989 2559 1061 μεταδίδωσι.
2588 989 2699 1060 Τὴν
2720 989 2778 1041 δὲ
2803 989 3111 1060 πρόσρησιν
3165 989 3276 1042 τῶν
3335 991 3729 1066 ἀπορρητοτέρων

2209 1085 2276 1153 τῇ
2312 1083 2480 1153 μητρὶ
2517 1081 2786 1152 προσάγει
2846 1083 3005 1155 μόνῃ,
3059 1082 3145 1135 ἵνα
3195 1082 3284 1135 διὰ
3329 1083 3424 1151 μὲν
3475 1086 3565 1154 τῆς
3593 1091 3730 1159 κοινῆς

2218 1174 2468 1242 εὐλογίας
2491 1172 2588 1226 τοῦ
2625 1172 2906 1243 σχήματος
2953 1173 3062 1226 τῶν
3106 1175 3445 1242 γεννητόρων
3482 1177 3547 1244 μὴ
3581 1179 3732 1245 dum.

2213 1267 2400 1339 μνώσῃ
2437 1266 2527 1319 τὸν
2565 1265 2792 1337 Ἰωσὴφ,
2818 1266 2908 1319 διὰ
2937 1266 2994 1319 δὲ
3024 1266 3132 1319 τῶν
3170 1267 3307 1337 πρὸς
3335 1269 3434 1337 τὴν
3467 1271 3648 1338 μητέρα
3671 1272 3731 1324 λό-

2210 1376 2324 1428 γων
2355 1360 2453 1429 τὴν
2488 1359 2768 1431 Παρθένον
2797 1359 3008 1412 ἐκείνου
3035 1359 3370 1423 διαστείλας,
3405 1361 3498 1428 τὴν
3545 1361 3609 1424 ὡς
3632 1364 3730 1434 ἀλη-

2213 1450 2320 1512 θῶς
2351 1451 2675 1524 ἀνακηρύξῃ
2701 1451 2932 1522 μητέρα.
2967 1446 3102 1504 Εἶτα
3133 1452 3229 1505 καὶ
3255 1452 3306 1504 τί
3339 1452 3728 1526 διαλέγεταιπῴς

2211 1543 2311 1612 τὴν
2338 1544 2555 1615 μητέρα
2577 1537 2806 1611 ;ιοὐτος
2826 1548 3004 1597 κεῖται
3032 1545 3112 1608 είς
3139 1545 3358 1596 πτῶσιν
3391 1547 3479 1598 καὶ
3499 1547 3730 1600 ἀνάστασιν

2215 1637 2426 1692 πολλῶν
2452 1638 2510 1690 ὲν
2535 1637 2614 1709 τῷ
2661 1637 2900 1708 Ἰσραὴλ,
2934 1637 3030 1690 καλ¹
3051 1639 3131 1701 εἰς
3166 1640 3396 1707 σημεῖον
3443 1639 3728 1708 ἀντιλεγόμε-

518 1733 818 1784 rectionem
873 1731 1166 1783 multorum
1218 1729 1273 1781 in
1326 1727 1514 1791 Israel,
1565 1735 1619 1780 et
1662 1727 1716 1780 in
1747 1726 1985 1797 signum,
2021 1726 2103 1781 cui

2216 1747 2324 1785 νον.
2339 1750 2356 1782 ›
2380 1731 2566 1803 Ὁρᾷς,
2599 1732 2748 1795 ὅπως
2770 1733 2897 1803 ὃλην
2917 1731 3013 1784 τοῦ
3041 1731 3347 1802 μυστηρίου
3367 1731 3462 1801 τὴν
3482 1733 3727 1801 οἰκονομίαν

517 1819 1002 1876 condradicitur“.
1045 1839 1064 1872 ι
1087 1818 1275 1882 Vides,
1307 1833 1434 1874 eum
1468 1827 1634 1872 totam
1666 1817 1911 1888 mysterii
1942 1816 2110 1888 hujus

518 1913 888 1968 conditionem
921 1912 1238 1968 summatim
1272 1910 1485 1982 Virgini
1520 1911 1754 1980 aperire,
1797 1909 1947 1963 illam
1975 1924 2105 1964 vero

517 2005 639 2073 ejus
668 2005 1076 2059 enarrationem
1109 2013 1297 2074 postea
1331 2005 1641 2060 instituere.
1672 2002 1830 2069 Quod
1870 2002 1918 2057 si
1955 2003 2106 2058 inse-

518 2108 648 2153 cuta
703 2108 1022 2154 sanctorum
1076 2099 1319 2152 virorum
1366 2097 1588 2152 oracula
1624 2094 1876 2151 conferre
1912 2094 2008 2148 tibi
2042 2094 2109 2148 li-

519 2190 666 2256 beat,
703 2191 953 2249 historiaa
980 2191 1149 2245 series
1185 2190 1545 2262 quaesitorum
1605 2200 1826 2244 tuorum
1875 2188 2107 2244 solutio-

519 2298 642 2337 nem
669 2283 887 2338 abunde
920 2283 1374 2354 suppeditaverit.

625 2399 954 2468 QUAESTIO
982 2401 1164 2457 CLVII
1217 2399 1782 2475 [CoisLCLXXXVIL
1807 2399 1977 2454 Taur.

875 2497 1133 2554 CLXXVI
1165 2505 1218 2553 et
1242 2496 1526 2553 CLXXVII
1565 2495 1756 2568 (55”)].

520 2591 666 2656 Quid
696 2591 961 2660 signiﬁcat
990 2591 1127 2644 illud
1162 2605 1181 2644 :
1223 2608 1240 2640 ι
1285 2589 1386 2643 Hic
1419 2590 1566 2658 jacet
1604 2592 1658 2642 in
1682 2580 1895 2643 ruinam
1947 2601 1994 2644 et
2030 2608 2111 2644 re-

591 2665 967 2716 surrectionem
1036 2661 1329 2715 multarunt
1379 2663 1433 2714 in
1475 2660 1671 2726 Israel,
1713 2663 1846 2714 etin
1899 2663 2111 2732 signum

592 2733 680 2786 cui
702 2733 1130 2788 contradicitur?
1173 2751 1191 2784 ι

2219 1826 2561 1890 πνοπτικῶς
2596 1827 2734 1895 πρὸς
2759 1824 2858 1896 τὴν
2897 1826 3176 1894 Παρθένον
3233 1826 3509 1894 ἀναφέρει,
3557 1827 3724 1893 κάκείνη

2216 1921 2452 1971 ποιεῖται
2479 1917 2579 1988 τὴν
2621 1918 2811 1971 τούτου
2855 1918 3128 1988 διήγησιν.
3174 1918 3238 1970 Ei
3264 1918 3320 1969 δέ
3369 1934 3447 1970 σοι
3493 1917 3622 1987 φίλον
3663 1919 3724 1971 καὶ

2212 2011 2351 2084 πρὸς
2371 2011 2440 2066 τά
2465 2011 2736 2066 ἀκόλουθα
2777 2010 3055 2082 μετελθεῖν
3085 2013 3301 2083 ἀνδρῶν
3325 2012 3479 2084 ἱερῶν
3530 2013 3722 2081 σεμνολοο

2210 2105 2433 2175 γήματα
2458 2105 2600 2176 (57),
2634 2104 2850 2160 τελείαν
2889 2122 2973 2159 σοι
2996 2105 3104 2160 τῶν
3137 2106 3488 2179 ζητουμένων
3518 2107 3725 2178 ἡὶστορία

2209 2193 2307 2266 τὴν
2333 2193 2485 2248 λύσιν
2516 2195 3011 2266 ἐπιδαψιλεύσοιτο.

2731 2415 3067 2472 ΕΡΩΤΗΣΙΣ
3122 2414 3295 2472 PNZ'.

2216 2597 2278 2650 Τί
2311 2597 2504 2649 ἐστιν·
2541 2614 2560 2647 σ
2600 2592 2788 2662 Οὗτος
2818 2596 3004 2650 κεῖται
3040 2598 3128 2661 εὶς
3149 2595 3385 2648 πτῶσιν
3407 2595 3494 2647 καὶ
3524 2593 3724 2646 ἀνάστα-

2281 2685 2388 2720 σιν
2426 2665 2674 2719 πολλῶν
2693 2669 2761 2720 ἐν
2793 2667 2873 2732 τῷ
2941 2666 3219 2734 Ἰσραὴλ,
3272 2667 3369 2720 καὶ
3412 2669 3494 2731 εὶς
3537 2662 3718 2732 σημεῖον

2280 2738 2766 2806 ἀντιλεγόμενον,
2798 2755 2853 2791 κ.
2884 2738 2972 2801 ἑξ.

1080 2836 1338 2897 Editarum
1359 2860 1386 2896 a
1423 2846 1602 2896 Wolfio
1635 2848 1879 2911 vigesima
1905 2847 1961 2908 (l.
1988 2862 2054 2907 c.,
2088 2863 2136 2912 p.
2172 2851 2400 2902 778-784.
2439 2853 2679 2912 Galland.,
2708 2868 2756 2916 p.
2785 2853 2897 2914 759,
2921 2853 3030 2913 777,
3054 2867 3105 2901 n.
3139 2851 3245 2915 56).

594 2957 867 3025 Quoniam
891 2967 947 3013 et
977 2957 1324 3027 sequentium
1358 2957 1687 3012 solutionem
1729 2959 1913 3013 statim
1946 2974 1976 3012 a
2017 2973 2114 3013 no-
2141 2977 2184 3034 ο

517 3053 602 3108 bis
634 3051 994 3122 requisivisti,
1054 3066 1174 3106 eam
1228 3050 1347 3117 tibi,
1392 3049 1581 3104 divina
1612 3066 1716 3121 ope
1751 3052 1889 3114 nixi,
1923 3052 2108 3107 itidem

519 3144 1014 3215 suppeditabimus.
1073 3141 1318 3212 Lapsum
1378 3143 1470 3197 hic
1531 3143 1639 3198 illis
1665 3143 1877 3205 tribuit,
1915 3144 2006 3214 qui
2040 3159 2105 3198 ex

518 3237 624 3291 ﬁde
647 3236 701 3290 in
758 3236 913 3290 illum
959 3243 1012 3289 et
1041 3235 1242 3305 pietate
1270 3235 1608 3298 exciderant,
1644 3237 2106 3290 resurrectionem

520 3340 649 3381 vero
672 3326 801 3391 illis,
834 3326 928 3395 qui
962 3324 1332 3392 Servatorem,
1395 3326 1448 3377 in
1509 3340 1675 3379 carne
1727 3336 2107 3396 apparentem,

520 3419 907 3488 agnoscebant.
960 3417 1077 3472 Hoc
1124 3418 1302 3486 ipsum
1369 3416 1538 3473 Isaias
1587 3433 1806 3488 quoque
1854 3433 2109 3488 praenun-

523 3511 698 3572 tiavit,
761 3511 1001 3565 dicens:
1068 3530 1087 3562 ‹
1126 3509 1268 3564 Ecce
1322 3523 1466 3579 pono
1541 3509 1594 3563 in
1658 3508 1792 3565 Sion
1869 3509 2107 3579 lapidem

521 3602 857 3668 oti‘endiculi,
891 3611 945 3657 et
979 3611 1186 3671 petram
1221 3600 1464 3656 scandali
1498 3619 1511 3655 :
1539 3610 1592 3656 et
1622 3603 1826 3666 omnis,
1865 3602 1958 3673 qui
1988 3617 2105 3657 cre-

521 3697 601 3751 dit
630 3697 683 3750 in
711 3695 886 3761 illum,
912 3710 1019 3748 non
1047 3694 1365 3764 pudeﬁet”.
1405 3713 1424 3747 ι
1452 3695 1640 3765 Itaque
1662 3694 1856 3750 cadere
1885 3711 2108 3752 necesse

520 3799 605 3843 est
655 3787 800 3852 illos,
871 3787 965 3858 qui
1022 3801 1133 3842 non
1205 3787 1438 3844 credunt
1483 3789 1538 3842 in
1587 3790 1790 3858 ipsum.
1823 3789 1906 3843 Ab
1933 3789 2105 3843 altera

519 3893 672 3950 parte
703 3879 770 3934 ad
805 3879 1292 3944 resurrectionem,
1330 3880 1518 3935 animo
1545 3880 1963 3944 instituendam,
1989 3897 2106 3936 ma-

518 3973 897 4038 nuducuntur,
948 3973 1042 4042 qui
1092 3974 1162 4027 ab
1223 3973 1493 4028 idolorum
1521 3975 1668 4028 cultu
1701 3985 1755 4029 et
1780 3975 1927 4042 aliis,
1965 3989 2106 4044 quos

519 4073 674 4118 antea
711 4063 995 4133 praefracte
1029 4064 1310 4127 tenebant,
1350 4066 1628 4121 erroribus
1657 4066 2029 4122 discedebant.

591 4153 824 4210 Causam
853 4170 1007 4219 vero,
1046 4170 1145 4210 cur
1173 4164 1230 4210 et
1261 4155 1449 4225 lapsus
1481 4164 1537 4210 et
1565 4158 1900 4212 resurrectio
1937 4173 2102 4212 even-

523 4260 644 4304 tura
695 4250 788 4315 sit,
825 4250 991 4304 simul
1035 4251 1233 4321 aperit.
1268 4250 1543 4316 Quoniam
1589 4253 1736 4307 enim
1783 4254 2104 4310 astronomia:

2301 2962 2520 3033 Ἐπειδὴ
2549 2960 2777 3014 καὶτῶν
2827 2959 3136 3012 ὑπολοίπων
3168 2959 3272 3028 τὴν
3319 2956 3466 3009 λύσιν
3501 2956 3636 3024 τάχος
3660 2955 3727 3005 ἐπ-

2220 3052 2519 3123 εζήτησας,
2558 3053 2720 3122 ἡμεῖς
2776 3068 2858 3104 σοι
2888 3051 2984 3103 καὶ
3030 3049 3261 3119 ταύτην,
3315 3048 3432 3118 Θεῷ
3458 3045 3725 3108 πεποιθότες,

2219 3145 2546 3214 παρέξομεν.
2574 3143 2786 3196 Πτῶσιν
2819 3143 2919 3212 μὲν
2957 3141 3201 3195 ἐνταῦθα
3229 3142 3338 3194 τῶν
3367 3141 3726 3194 ἐκπεπτωκότων

2217 3236 2317 3306 τῆς
2335 3239 2412 3299 είς
2452 3235 2615 3289 αὐτὸν
2648 3236 2886 3297 πίστεως
2918 3235 3009 3288 καὶ
3049 3234 3343 3297 εὐσεϐείας
3369 3233 3529 3300 λέγει,
3555 3233 3724 3284 ἀνάστα·

2220 3346 2303 3382 σιν
2330 3327 2386 3380 δὲ
2405 3327 2513 3380 τῶν
2542 3327 2935 3396 ὲπεγνωκότων
2967 3327 3390 3398 παραγεγονότα
3412 3325 3499 3378 τὸν
3534 3325 3723 3391 Σωτῆρι.

2216 3421 2386 3475 Τοῦτο
2419 3423 2514 3476 καὶ
2547 3423 2575 3474 ὁ
2633 3421 2861 3484 Ἡσαΐας
2905 3419 3312 3492 προανεφώνει,
3365 3419 3594 3488 λέγων’(
3636 3414 3725 3467 Ἰὼϋ

2213 3515 2405 3586 τίθημι
2457 3517 2515 3568 ὲν
2544 3514 2684 3567 Σιὼν
2734 3513 2882 3566 λίθον
2925 3513 3380 3585 προσκόμματος,
3441 3513 3528 3565 καὶ
3573 3509 3726 3576 πέτραν

2216 3605 2515 3660 σκανδάλου
2537 3623 2551 3637 ·
2589 3606 2683 3658 καὶ
2705 3607 2814 3668 πᾶς
2852 3606 2881 3657 ὁ
2913 3605 3190 3660 πιστεύων
3224 3605 3313 3659 ἐπ’
3339 3605 3493 3659 αὐτὸν
3509 3603 3561 3657 οὐ
3588 3618 3723 3653 καταιο

2214 3698 2595 3769 σχυνθήσεται.
2634 3717 2653 3749 ι
2691 3698 2952 3750 Πίπτοιεν
2973 3697 3017 3749 δ’
3049 3696 3115 3750 ἂν
3171 3700 3224 3750 οἱ
3253 3699 3329 3768 μὴ
3362 3694 3722 3750 πεπιστευκότες

2211 3789 2291 3853 εἰς
2324 3789 2507 3842 αὐτόν.
2541 3789 2651 3844 Καὶ
2686 3789 2825 3860 πρὸς
2869 3789 2967 3860 τὴν
3020 3791 3078 3842 ὲν
3105 3788 3256 3860 ψυχῇ
3297 3788 3576 3842 ἀνάστασιν
3617 3798 3724 3852 χειρ-

2213 3883 2562 3953 αγωγοῦνται
2592 3886 2642 3938 οἱ
2676 3886 2779 3953 τῆς
2807 3884 3112 3955 εἰδωλικῆς,
3141 3885 3242 3937 καὶ
3273 3884 3370 3951 τῆς
3421 3882 3587 3952 ἄλλης.
3632 3880 3674 3929 ἐν

2211 3976 2562 4048 ἑστηρίζοντο
2591 3976 2878 4049 πρότερον,
2911 3976 3120 4047 πλάνης
3163 3977 3282 4046 (58)
3326 3971 3702 4030 ἐκπεπτωκότες.

2282 4160 2394 4230 Τὴν
2423 4158 2624 4221 αἰτίαν,
2651 4157 2718 4212 δι’
2747 4159 2813 4229 ἢν
2844 4159 2876 4229 ή
2906 4157 3134 4221 πτῶσις,
3181 4158 3331 4228 καὶὴ
3364 4155 3624 4214 ἀνάστασις
3656 4149 3723 4200 ’ἐπ-

2211 4269 2352 4312 εται,
2394 4246 2719 4320 παραδηλοῖ.
2761 4249 2914 4301 Ἐπεὶ
2945 4251 3051 4320 γὰρ
3103 4249 3172 4302 τά
3204 4249 3298 4301 ἐπὶ
3330 4247 3426 4317 τῆς
3477 4238 3723 4309 οἰκονομίας

522 4340 779 4410 gratiosa:
834 4341 1248 4408 contradicitur,
1286 4342 1612 4413 mysterium
1648 4341 1755 4397 hoc
1783 4358 1946 4399 omne
1972 4345 2102 4411 illis,

2216 4343 2553 4411 ἀντιλέγεται
2578 4345 2692 4406 τοῖς
2723 4343 2820 4414 μὲν
2870 4343 3347 4414 κατατιθεμένοις,
3407 4341 3658 4398 ἀνάστασις
3684 4331 3724 4382 τὸ

521 4435 614 4504 qui
645 4434 1046 4501 assentiuntur,
1077 4435 1543 4502 resurrectionis;
1599 4436 1709 4490 illis
1737 4450 1888 4499 vero,
1928 4437 2022 4506 qui
2051 4453 2109 4492 se

519 4531 825 4594 opponunt,
884 4523 1072 4594 lapsus
1098 4533 1151 4579 et
1201 4524 1454 4581 interitus
1485 4541 1651 4580 causa
1680 4527 1914 4582 exsistit.
1945 4526 2110 4592 Quaa-

523 4634 649 4671 nam
713 4633 841 4672 vero
869 4626 998 4672 sunt
1033 4617 1147 4683 illa,
1199 4618 1402 4688 quibus
1436 4619 1871 4674 contradicitur?
1899 4617 2106 4674 Resur-

524 4725 711 4783 gentes
737 4713 814 4766 illi
843 4711 1216 4779 crediderunt,
1254 4713 1402 4782 quod
1430 4713 1583 4783 virgo
1609 4714 1841 4783 peperit,
1875 4723 1930 4768 et
1953 4716 2107 4783 virgo

524 4804 728 4860 mansit
754 4822 766 4856 :
807 4804 881 4856 illi
915 4819 1065 4872 vero,
1091 4805 1186 4873 qui
1217 4804 1272 4858 in
1309 4804 1583 4859 crassiora
1603 4805 1836 4874 cogitata
1863 4803 2106 4874 prolapsi

526 4906 676 4960 sunt,
732 4897 998 4966 nihilque,
1056 4897 1204 4967 quod
1253 4907 1504 4951 naturam
1538 4896 1916 4962 transcendat,
1945 4911 2110 4952 nosse

525 4990 791 5059 cupiunt,
859 4991 1054 5047 adduci
1138 5005 1248 5057 non
1331 5000 1560 5060 possunt
1645 4998 1706 5043 ut
1756 4990 2112 5058 proﬁteantur

527 5083 694 5152 quod,
727 5085 818 5151 qui
856 5085 1121 5153 virginem
1169 5083 1432 5149 condidit,
1467 5099 1593 5138 cum
1643 5083 1887 5138 nondum
1944 5089 2111 5144 esset,

527 5175 795 5240 eamdem,
816 5176 926 5245 jam
948 5177 1324 5241 exsistentem,
1364 5177 1630 5247 virginem
1659 5190 1881 5232 servare
1918 5177 2110 5245 possit,

619 5352 663 5385 ⁸¹
692 5351 827 5408 Luc.
863 5367 921 5418 ιι,
952 5353 1042 5407 55.
1119 5350 1165 5383 ³²
1208 5353 1341 5407 ibid.
1373 5353 1463 5408 ⁵54.
1543 5353 1587 5387 ⁸³
1619 5354 1731 5408 Isa.
1758 5369 1877 5417 vin,
1911 5353 1998 5407 M.

2218 4436 2515 4506 μυστήριον
2531 4434 2762 4502 γίνεται,
2794 4438 2907 4498 τοῖς
2937 4437 2992 4489 δὲ
3023 4436 3536 4506 ἅντιςρθεγγομένοις
3566 4429 3721 4485 πτῶσις

2215 4528 2311 4580 καὶ
2338 4527 2604 4580 ἀπώλεια.
2641 4527 2775 4581 Τίνα
2804 4527 2860 4580 δέ
2891 4530 3006 4582 ἐστι
3037 4528 3106 4582 τά
3131 4529 3538 4599 ἁντιλεγόμενα;
3561 4525 3613 4577 Ol
3654 4520 3721 4589 μὲν

2214 4616 2551 4680 ἀναστάντες
2573 4617 3028 4682 πεπιστεύκασιν,
3075 4621 3158 4673 ὅτι
3182 4620 3452 4689 Παρθένος
3477 4618 3632 4669 ἔτεκεν
3656 4610 3720 4664 καὶ

2213 4709 2489 4780 Παρθένος
2522 4709 2737 4782 ἔμεινεν
2766 4725 2780 4741 ⁸
2813 4713 2863 4765 οἰ
2891 4712 2949 4766 δὲ
2981 4713 3378 4766 καταπεσόντες
3408 4714 3480 4773 είς
3512 4710 3616 4769 τοὺς
3642 4703 3721 4755 ὑλι-

2213 4803 2343 4865 κοὺς
2373 4801 2689 4871 λογισμοὺς,
2725 4802 2821 4855 καὶ
2846 4803 2999 4858 οὐδὲν
3054 4806 3166 4858 τῶν
3216 4805 3356 4875 ὑπὲρ
3383 4804 3534 4872 φύσιν
3571 4797 3720 4852 εἰδέναι

2214 4893 2481 4960 θέλοντες,
2517 4895 2575 4948 οὐ
2606 4894 2885 4949 πείθονται
2942 4895 3348 4967 συνομολογεῖν,
3376 4896 3446 4958 ὡς
3495 4895 3518 4946 ό
3563 4890 3720 4944 πλάσας

2217 4984 2340 5056 μηδ’
2379 4985 2515 5047 ὅλως
2541 4979 2708 5037 οὖσαν
2744 4985 3039 5057 Παρθένον,
3087 4987 3310 5041 δύναται
3343 4986 3430 5039 καὶ
3475 4978 3718 5036 ὐποστὶσαν

2215 5077 2491 5150 Παρθένον
2525 5079 2838 5146 φυλάττειν,
2894 5079 3132 5150 μάλιστά
3184 5097 3250 5149 γε
3284 5078 3383 5150 τὴν
3435 5077 3651 5144 γέννησιν
3684 5068 3717 5116 εί

2216 5173 2378 5235 αὐτὸς
2410 5174 2438 5226 ό
2472 5172 2685 5235 πλάσας
2736 5173 3052 5245 ἀναδέχοιτο
3077 5189 3090 5203 ·
3127 5171 3453 5240 άντιλέγοιτο
3482 5168 3523 5221 δ’
3543 5165 3599 5219 ἄν
3641 5158 3718 5212 τῶν

2040 5471 2278 5528 NOTAE.

601 5563 732 5639 (ὅδ’)
775 5561 1044 5618 Nimirum
1099 5565 1152 5620 in
1190 5563 1356 5620 Taur.
1418 5569 1533 5624 hzec
1586 5569 1820 5639 quaastio
1866 5570 1922 5621 In
1970 5565 2110 5622 duas

535 5635 709 5692 divisa
741 5649 842 5691 esu.

606 5706 715 5778 (56}
748 5706 861 5761 lloc
896 5705 1194 5762 Colbcrtim
1233 5708 1412 5762 malim
1447 5725 1543 5780 pro
1585 5710 1677 5765 illo
1713 5708 1939 5764 alterius
1969 5708 2101 5763 ἀνα-

2222 5569 2907 5709 στῗξὲρῗιὲεμνολογήματα
2945 5638 3123 5693 scribo
3169 5651 3263 5703 pro
3309 5629 3662 5709 σεμνολόγημαο

2289 5707 2400 5782 (58)
2441 5707 2622 5766 Codex
2657 5707 2817 5765 habet
2853 5711 2929 5782 μὴ
2956 5712 3018 5764 ἐκ
3044 5707 3485 5764 incom'rnicntrr.
