3828 6202
212 230 297 294 839
1124 223 1220 282 AD
1253 218 1848 281 AMPHILOCHIUM
1876 217 2223 289 QU/ESTIO
2270 220 2492 280 CLVII.

3334 222 3437 286 830

212 340 321 411 περὶ
348 334 649 405 οἰκονομίαν
681 336 775 387 κα)⁵
802 333 934 387 ἄλλα
960 335 1163 402 σημεῖα
1187 351 1199 362 ·
1236 327 1347 385 οἷον
1367 332 1474 384 τῶν
1505 332 1602 402 μὲν
1625 332 1755 384 ἀνα-

1865 328 2113 397 inprimis
2154 328 2247 382 ubi
2271 328 2531 384 Conditor
2561 331 2675 397 ipse
2703 332 2968 388 nascitur.
2997 332 3136 389 Sunt
3165 343 3343 388 tamen
3382 350 3437 391 et

212 434 422 486 στάντων
444 428 573 480 Θεὸν
593 426 808 498 ἀληθῶς
836 427 930 480 κα)⁸
960 427 1249 495 ἄνθρωπον
1276 426 1369 479 τὸν
1417 425 1752 496 γεγεννημέ-

209 541 284 579 νον
313 521 575 592 ὑπερφυὲς
599 518 941 588 ποιουμένων
977 516 1226 588 μάθημα.
1260 518 1381 569 Τῶν
1407 517 1465 569 δὲ
1497 518 1633 586 πρὸς
1654 516 1753 586 τὴν

207 614 525 685 ἀνθρωπίνην
558 610 845 665 ἀσθένειαν
891 610 1290 679 ἀναφορώντων
1334 610 1447 680 (59)
1482 610 1576 663 καὶ
1630 609 1753 680 μηδ’

207 709 323 769 ὅλως
342 704 537 774 ταύτης
560 704 673 772 (60)
706 702 1038 773 ὑψηλότερον
1055 703 1361 774 ἐπαρθῆναι
1391 703 1751 774 βουλομένων,

204 801 255 852 τὸ
282 800 350 869 μὴ
382 797 762 867 συνομολογεῖν
790 797 882 849 τὸν
903 795 1067 849 αὑτὸν
1093 796 1227 850 Θεόν
1256 814 1316 850 τε
1337 792 1498 863 εἶναι,
1530 797 1625 851 κα)⁸
1658 797 1754 852 ἇν-

206 890 416 959 θρωπον.

263 1062 425 1115 Πολλά
451 1060 505 1113 δὲ
535 1060 630 1113 καὶ
658 1060 793 1115 ἄλλα
824 1063 1026 1131 σημεῖα
1054 1061 1153 1129 τῆς
1185 1061 1466 1131 ἁφράστου
1498 1062 1593 1114 τοῦ
1639 1062 1754 1115 Σω-

200 1158 346 1225 τῆρος
369 1154 669 1223 ἐπιδημίας
698 1156 773 1217 εἰς
807 1155 1122 1222 ἀντιλογίαν
1171 1156 1409 1226 κατέστη
1428 1174 1440 1185 ·
1467 1156 1754 1220 διεξελθὼν

201 1247 248 1299 δὲ
276 1247 399 1317 πρὸς
426 1248 525 1316 τὴν
561 1248 837 1318 Παρθένον
868 1250 895 1300 ὁ
928 1250 1067 1317 ἱερὸς
1097 1248 1325 1317 Συμεὼν
1364 1252 1429 1301 τὰ
1459 1250 1750 1321 εἰρημένα,

200 1339 523 1404 ἀκροτελευτὶ
543 1340 729 1402 αὐτοῖς
757 1339 1065 1408 ἐπιτίθησιν
1086 1340 1180 1392 καὶ
1200 1340 1261 1392 τὸ
1282 1340 1452 1409 αὐτῆς
1478 1342 1575 1411 τῆς
1605 1344 1756 1413 Παρ-

202 1428 334 1479 θένου
360 1428 415 1492 ἐξ
434 1428 727 1500 ἀχθηδόνος
752 1428 950 1492 πάθος,
1004 1430 1098 1482 καί
1134 1447 1298 1499 φησιν
1320 1447 1333 1460 ’
1369 1449 1386 1481 ι
1418 1432 1527 1485 Καὶ
1564 1433 1656 1485 σοῦ
1697 1433 1753 1486 δὲ

200 1520 349 1589 αὐτῆς
371 1522 466 1591 τὴν
483 1521 661 1592 ψυχὴν
684 1522 1016 1574 διελεύσεται
1052 1523 1317 1592 ῥομφαία,
1347 1524 1493 1585 ὅπως
1526 1525 1590 1577 ἂν
1622 1526 1756 1578 ἀπο-

198 1612 524 1681 καλυφθῶσιν
556 1616 620 1666 ὲκ
657 1614 869 1667 πολλῶν
908 1614 1147 1685 καρδιῶν
1175 1615 1536 1686 διαλογισμοί.
1571 1635 1589 1668 ι
1651 1616 1751 1670 Σοῦ

1862 420 1968 473 alia
1995 420 2140 475 circa
2172 421 2536 474 (Bconomiam
2570 423 2862 478 salutarem
2910 424 3200 489 miracula,
3234 428 3436 496 quibus

1862 510 2164 565 contradici
2198 512 2391 580 possit.
2428 510 2558 568 Tale
2606 525 2709 578 est,
2757 517 2900 585 quod
2945 529 3296 588 resurgentes
3336 534 3436 586 pro

1860 601 2110 657 doctrina
2156 602 2559 671 supernaturali
2614 604 2831 669 habent,
2888 616 3072 661 natum
3132 608 3281 661 illum
3312 621 3438 663 vere

1861 693 2033 749 Deum
2063 705 2118 749 et
2153 694 2432 748 hominem
2496 710 2657 761 esse;
2712 706 2902 750 contra
2934 712 3062 751 vero
3090 698 3188 764 illi,
3216 700 3308 769 qui
3337 700 3438 752 hu-

1861 801 2079 840 manam
2131 794 2342 839 tantum
2376 786 2750 841 inﬁrmitatem
2816 789 3137 857 respiciunt,
3188 799 3243 844 et
3270 805 3435 859 supra

1860 893 1979 931 eam
2017 879 2171 933 evehi
2206 895 2430 948 prorsus
2453 880 2664 947 nolunt,
2698 882 2945 937 eumdem
2974 891 3029 937 et
3060 882 3230 937 Deum
3262 893 3316 938 et
3340 884 3438 937 ho-

1860 970 2061 1024 minem
2096 986 2217 1026 esse
2244 970 2577 1026 iniiciantur.

1931 1060 2135 1115 Praeter
2170 1063 2285 1116 haec
2318 1079 2445 1117 vero
2466 1075 2519 1118 et
2542 1063 2647 1118 alia
2677 1065 2829 1133 plura
2861 1064 3152 1121 inefl‘ahilis
3184 1065 3435 1120 Servato-

1862 1152 1939 1207 ris
1973 1155 2240 1209 adventus
2288 1154 2441 1224 signa
2498 1157 2918 1211 contradictioni
2970 1158 3209 1213 obnoxia
3259 1168 3435 1213 erant.

1864 1246 2097 1301 Sanctus
2128 1262 2259 1301 vero
2291 1248 2546 1319 Symeon,
2575 1250 2717 1304 diota
2751 1252 2867 1306 hazc
2888 1250 3099 1322 Virgini
3134 1269 3437 1321 exponens,

1863 1339 2055 1393 ultimo
2092 1338 2211 1393 loco
2257 1339 2429 1409 ipsius
2472 1339 2712 1411 Virginis
2765 1344 3009 1399 dolorem
3056 1354 3109 1400 et
3162 1346 3435 1399 tristitiam

1861 1431 2130 1501 adjungit,
2150 1431 2337 1487 dicens
2364 1451 2376 1486 :
2414 1452 2431 1483 ι
2457 1431 2525 1486 Et
2566 1444 2709 1487 tuam
2738 1450 2959 1505 quoque
2986 1436 3160 1505 ipsius
3193 1440 3437 1491 animam

1860 1524 2073 1592 gladius
2116 1523 2390 1589 transibit,
2421 1532 2481 1578 ut
2514 1540 2579 1578 ex
2610 1525 2903 1579 multorum
2935 1528 3190 1582 cordibus
3228 1529 3437 1598 cogita-

1864 1617 2037 1671 tiones
2077 1618 2398 1686 detegantur
2418 1618 2485 1672 3".
2523 1636 2541 1669 ι
2578 1618 2749 1672 Tuam
2792 1620 2962 1689 ipsius
2989 1663 3003 1686 ,
3043 1622 3257 1691 inquit,
3315 1639 3437 1692 qua:

197 1707 367 1775 αὐτῆς,
399 1701 509 1759 οἷον
544 1708 642 1777 τῆς
666 1707 843 1761 πάντα
889 1708 1134 1777 ἀκριϐῶς
1195 1710 1263 1762 τὰ
1298 1710 1392 1762 τοῦ
1452 1711 1752 1782 μυστηρίου

1865 1709 2042 1763 omnia
2100 1710 2343 1781 mysterii
2404 1709 2568 1779 hujus
2622 1711 2797 1780 capita
2856 1723 3111 1767 accurate
3156 1726 3434 1783 perspecta

197 1797 717 1867 ἐξακριϐωσαμένης,
737 1798 858 1850 οὐδέ
884 1816 978 1851 σου
1008 1798 1255 1867 φείσεται
1283 1799 1394 1871 (61)
1433 1802 1493 1853 τὸ
1521 1802 1629 1855 ἀπὸ
1661 1802 1755 1855 λύ-

198 1904 291 1956 πης
320 1888 482 1952 πάθος
510 1907 525 1921 ·
565 1891 657 1943 καὶ
689 1892 797 1961 γὰρ
843 1891 918 1953 ὼς
962 1890 1221 1961 ἀσπόρως
1257 1892 1567 1955 συνέλαϐεν,
1602 1897 1696 1948 καὶ
1726 1897 1755 1949 ό

194 1980 335 2042 τόκος
363 1982 604 2053 ἄσπορος
632 1982 874 2052 γέγονεν,
907 1982 1003 2035 καὶ
1042 1984 1074 2053 ἡ
1109 1982 1307 2053 κύησις
1332 1984 1607 2050 ἀνώδινος,
1660 1989 1755 2042 καὶ

194 2075 252 2123 τὰ
270 2073 356 2126 τοῦ
392 2075 636 2146 Γαϐριὴλ
662 2075 979 2143 εὐαγγέλια,
1014 2075 1121 2128 τῶν
1158 2077 1437 2148 ποιμένων
1468 2080 1537 2132 τὰ
1561 2080 1757 2151 διηγή-

196 2184 344 2234 ματα,
376 2169 470 2220 καὶ
497 2171 568 2223 τὰ
597 2170 767 2239 μυρία
807 2170 941 2225 ἄλλα
977 2169 1085 2221 τῶν
1132 2172 1427 2241 θαυμάτων
1456 2174 1551 2226 καὶ
1604 2172 1754 2239 ἐξαί-

196 2273 329 2325 ρετα,
364 2260 541 2323 οὐδεὶς
592 2261 657 2314 ἄν
688 2278 781 2314 σου
838 2264 1038 2333 μᾶλλον
1071 2268 1434 2336 ἐπιστάμενος
1480 2267 1566 2335 εἴη
1592 2284 1606 2298 ο
1640 2264 1754 2321 ἀλλ’

191 2351 243 2402 οὐ
271 2353 423 2420 μόνον
453 2353 631 2407 ταῦτα
663 2354 913 2423 λέγουσιν
955 2357 1090 2427 (62),
1143 2362 1192 2413 οί
1231 2361 1330 2429 τῆς
1378 2360 1588 2431 πλάνης
1624 2361 1754 2430 ὲρα-

193 2447 304 2497 σταὶ
326 2450 416 2499 καὶ
442 2447 546 2517 τῆς
577 2448 836 2518 ἀληθείας
866 2453 1185 2523 κατήγοροι,
1214 2453 1350 2507 ἀλλὰ
1392 2452 1489 2507 καὶ
1524 2452 1756 2522 σεαυτὴν

190 2534 271 2586 ἐπί
298 2553 354 2587 τε
383 2540 446 2606 τῇ
515 2538 774 2609 συλλήψει
830 2541 921 2592 καὶ
960 2541 1104 2611 τόκῳ
1152 2542 1684 2611 συκοφαντήσουσινσ
1721 2543 1754 2612 ἡ

192 2627 515 2691 συκοφαντία
551 2628 827 2699 ῥομφαίας
879 2631 979 2683 οὐκ
1012 2630 1230 2685 ἔλαττον
1279 2631 1377 2702 τὴν
1436 2631 1532 2701 σὴν
1580 2631 1757 2703 ψυχὴν

190 2714 447 2770 δάκνουσα
482 2736 543 2771 τε
580 2721 673 2772 καὶ
703 2723 1221 2792 κατατιτρώσκουσα
1248 2722 1578 2775 διελεύσεται.
1604 2739 1618 2752 ·
1642 2722 1757 2776 ἀλλ’

192 2810 394 2864 ἐπειδάν
422 2830 481 2865 σε
512 2814 721 2878 τούτοις
761 2816 1087 2886 ἐνυϐρίσωσι
1119 2817 1251 2885 (65),
1305 2817 1429 2869 τότε
1465 2817 1665 2885 μᾶλλον
1695 2819 1760 2871 ἐκ

190 2903 386 2957 πολλῶν
412 2906 652 2978 καρδιῶν
703 2909 1247 2979 ἀποκαλυφοήσονται
1278 2912 1372 2963 καὶ
1408 2910 1758 2981 διαλυθήσον-

190 3012 269 3050 ται
304 2997 668 3068 διαλογισμοί.
716 3000 836 3061 Πῶς
860 3001 944 3070 δὴ,
970 3001 1204 3054 καὶτίνα
1229 3002 1465 3072 τρόπον;
1512 3002 1622 3057 τῶν
1660 3003 1757 3073 μὲν

192 3091 538 3158 συκοφαντῶν
565 3092 665 3144 οὐκ
697 3091 1010 3145 ἐνδιδόντων
1034 3095 1151 3155 ταῖς
1188 3094 1599 3162 συκοφαντίαις,
1646 3095 1754 3148 τῶν

188 3179 239 3232 δὲ
266 3198 603 3250 συκοφαντου
612 3184 787 3252 μένων
818 3185 908 3236 ἐπὶ
939 3185 1038 3257 τὴν
1061 3184 1296 3238 παλαιὰν
1316 3184 1410 3238 τοῦ
1433 3186 1598 3255 νόμου
1653 3202 1756 3239 κα-

188 3275 564 3345 ταφευγόντων
590 3276 859 3348 διὰκρισίν
885 3294 942 3329 τε
979 3278 1074 3330 καὶ
1100 3280 1302 3348 κρίσιν.
1367 3280 1462 3343 Τίς
1519 3282 1575 3334 δὲ
1618 3280 1756 3353 αὕτη

189 3367 323 3419 ἐστὶν
349 3369 381 3437 ἢ
406 3369 546 3439 ἡδιὰ
580 3369 674 3421 τοῦ
705 3370 891 3433 ὕδατος
921 3372 1017 3439 τῆς
1040 3372 1303 3438 ὲλέγξεως
1332 3373 1626 3443 γινομένη;
1664 3374 1759 3426 καὶ

189 3457 287 3528 γὰρ
308 3460 463 3527 λόγος
488 3460 831 3532 διεφοίτησεν
858 3462 1108 3525 παλαιὸς,
1140 3464 1215 3527 ὡς
1246 3466 1760 3536 συκοφαντουμένης

187 3553 276 3621 τῆς
294 3556 662 3625 ἀειπαρθένου
696 3556 915 3627 Μαρίας
944 3557 1202 3627 ἠνέσχετο
1234 3561 1538 3628 παρασχεῖν
1561 3558 1759 3629 ἑαυτὴν

188 3648 244 3715 τῇ
270 3648 447 3716 κρίσει
475 3646 572 3699 τοῦ
621 3646 832 3712 ὓδατος,
871 3650 964 3700 καὶ
1017 3648 1077 3701 τὸ
1132 3648 1374 3719 καθαρὸν
1430 3650 1602 3718 αὐτῆς
1664 3651 1761 3705 καὶ

188 3741 407 3793 ἄσπιλον
434 3740 711 3812 λαμπρῶς
759 3740 1193 3810 ἐπιδειξαμένου,
1226 3742 1318 3793 καὶ
1357 3741 1757 3811 ἀποφήναντος,

188 3834 410 3907 αἰσχύνῃ
433 3834 536 3905 μὲν
562 3834 922 3902 δοθῆναιτοὺς
959 3832 1302 3900 συκοφάντας
1334 3848 1349 3863 ο
1375 3833 1503 3896 τοὺς
1536 3832 1592 3885 δὲ
1630 3836 1761 3904 πρὶν

187 3923 541 3989 ὅιστάζοντας
564 3925 665 3994 τὴν
699 3922 1030 3993 παρθενείαν
1062 3926 1153 3975 καὶ
1197 3923 1290 3976 τὸν
1320 3922 1555 3993 ἄφθορον
1605 3924 1761 3975 τόκον

187 4016 604 4091 ἀναντιρῤήτως
632 4018 962 4089 μαρτυρίαις
981 4016 1365 4087 βεϐαιωθῆναι,
1390 4018 1483 4070 καὶ
1500 4016 1598 4088 τὴν
1616 4020 1764 4086 Παρο

187 4108 332 4164 θένον
357 4111 748 4180 ἀπαλλαγῆναι
778 4110 876 4179 τῆς
903 4109 998 4163 ἐπὶ
1026 4112 1092 4180 τῇ
1124 4110 1461 4180 συκοφαντίᾳ
1492 4110 1588 4163 καὶ
1642 4110 1762 4170 ταῖς

186 4202 456 4267 διαϐολαῖς
500 4203 803 4273 δυσθυμίας
832 4202 945 4272 (64)
970 4220 1027 4255 τε
1054 4203 1147 4256 καὶ
1165 4202 1342 4272 λύπης
1363 4219 1386 4233 ο·
1400 4202 1462 4254 τὸ
1514 4201 1762 4271 μέντοιγε

184 4292 278 4361 τῆς
311 4294 583 4361 ὲλέγξεως
608 4292 751 4365 ὕδωρ
810 4292 1019 4365 ἱστορίᾳ
1067 4292 1483 4363 παρειλήφαμεν
1510 4292 1640 4363 περὶ
1703 4295 1764 4345 τὸ

1859 1801 2047 1866 habes,
2071 1802 2174 1857 hoc
2200 1812 2306 1867 est,
2333 1802 2423 1857 tibi
2444 1803 2542 1872 ipsi
2575 1819 2681 1857 non
2712 1816 2896 1873 parcet
2926 1806 3159 1861 tristitiae
3186 1806 3433 1863 affectus.

1858 1896 2013 1961 Quod
2046 1898 2192 1951 enim
2240 1898 2358 1953 sine
2406 1897 2617 1952 semine
2648 1900 2964 1968 conceperis
2994 1940 3008 1964 ,
3040 1899 3290 1970 fetusque
3316 1902 3435 1955 sine

1859 1990 2067 2043 semine
2105 1988 2372 2046 formatus
2405 1995 2496 2056 εει,
2530 1993 2783 2061 quodque
2826 1992 2944 2046 sine
2990 1993 3177 2046 dolore
3222 2002 3434 2048 uterum

1860 2080 2125 2149 gestat-is;
2182 2096 2302 2149 qua:
2350 2096 2516 2150 porro
2554 2080 2773 2136 Gabriel
2806 2082 2925 2137 laeta
2970 2083 3274 2151 nuntiarit;
3316 2100 3437 2153 quae

1858 2178 2111 2239 pastores
2146 2170 2455 2238 retulerint,
2492 2188 2723 2243 qumque
2763 2174 2868 2229 alia
2918 2176 3058 2230 mira
3103 2185 3157 2230 et
3199 2176 3436 2249 insignia

1859 2262 2211 2331 contigerint,
2246 2278 2406 2317 nemo
2436 2273 2486 2319 te
2519 2266 2725 2321 rectius
2767 2268 2998 2322 noverit.
3046 2266 3154 2323 Sed
3196 2269 3286 2323 illa
3316 2284 3437 2323 om—

1860 2355 1951 2409 nia
1986 2354 2191 2410 erroris
2241 2368 2488 2412 amantes
2549 2370 2603 2413 et
2656 2360 2902 2415 veritatis
2962 2361 3263 2417 adversarii
3325 2378 3433 2415 non

1859 2451 2036 2505 solum
2072 2467 2182 2506 non
2220 2453 2641 2523 profitebuntur,
2686 2454 2780 2508 sed
2817 2465 2871 2510 et
2903 2464 2954 2509 te
2988 2456 3163 2526 ipsam
3191 2472 3257 2511 ex
3301 2472 3435 2509 con-

1859 2545 2106 2613 ceptione
2155 2556 2210 2602 et
2258 2554 2414 2617 partu
2439 2544 2962 2601 calunmiabuntur:
3001 2556 3162 2617 atque
3198 2548 3312 2603 haec
3348 2564 3438 2602 ca-

1860 2639 2067 2693 lumnia
2091 2681 2106 2704 ,
2141 2656 2247 2694 non
2285 2640 2467 2693 minus
2506 2655 2669 2708 quam
2698 2642 2911 2709 gladius
2936 2684 2951 2707 ,
2996 2643 3240 2696 animum
3282 2652 3436 2696 tuum

1862 2732 2120 2786 mordens
2154 2741 2205 2786 et
2234 2733 2528 2787 vulnerans
2558 2732 2835 2786 transibit.
2861 2731 3092 2797 Quando
3117 2748 3247 2788 vero
3272 2733 3355 2789 his
3386 2744 3437 2787 te

1862 2823 2084 2892 injuriis
2115 2822 2366 2888 adicient,
2406 2830 2536 2877 tunc
2564 2823 2781 2893 quidem
2813 2826 3172 2895 cogitationes
3196 2841 3263 2880 ex
3296 2826 3440 2879 mul-

1864 2924 2042 2968 torum
2070 2916 2327 2969 cordibus
2358 2915 2681 2985 detegentur
2709 2926 2763 2971 et
2786 2916 3117 2986 aperientur.
3153 2914 3438 2982 Quomodo

1864 3020 1995 3059 vero
2018 3048 2032 3071 ,
2062 3014 2114 3059 et
2149 3022 2255 3075 qua
2287 3006 2538 3061 rati0ne?
2580 3007 3018 3062 Calumniatores
3066 3008 3275 3062 scilicet
3326 3023 3436 3062 non

1860 3099 2127 3154 desistent
2146 3101 2214 3153 ab
2245 3098 2499 3167 injuriis;
2536 3100 2610 3152 illi
2640 3115 2788 3163 vero,
2819 3101 2911 3170 qui
2940 3100 3214 3155 calumnia
3242 3115 3438 3155 onera-

1860 3189 2103 3254 huntur,
2139 3189 2205 3243 ad
2245 3189 2601 3243 constitutum
2650 3190 2780 3242 olim
2823 3205 2917 3259 per
2952 3190 3123 3259 legem
3169 3189 3436 3258 judicium

1860 3288 1914 3335 et
1949 3279 2381 3349 explorationem
2440 3279 2780 3349 confugient.
2835 3279 2965 3344 Quae
3015 3294 3145 3334 vero
3196 3280 3284 3333 illa
3331 3281 3437 3334 alia

1860 3386 1983 3427 esse
2013 3372 2207 3439 possit,
2252 3386 2415 3440 quam
2447 3387 2571 3440 quae
2610 3386 2707 3440 per
2759 3386 2957 3441 aquam
3019 3371 3438 3440 exploratricem

1863 3464 2206 3517 instituitur?
2233 3460 2394 3519 Vetus
2420 3465 2571 3518 enim
2604 3464 2916 3533 percrebuit
2934 3463 3171 3527 traditio,
3213 3463 3436 3517 Mariam

1862 3568 2076 3623 semper
2094 3556 2381 3624 virginem,
2413 3555 2690 3610 calumnia
2719 3555 2808 3608 illa
2840 3562 3145 3621 oneratam,
3167 3570 3225 3610 se
3264 3555 3439 3625 ipsam

1862 3647 2230 3716 explorationi
2292 3662 2389 3717 per
2440 3662 2637 3717 aquam
2684 3646 3010 3716 subjecisse,
3068 3662 3191 3716 quae
3246 3662 3440 3716 puram

1864 3755 2020 3795 suam
2059 3749 2115 3794 et
2160 3736 2569 3795 immacula’tam
2600 3739 2982 3809 graviditalem
3018 3740 3322 3796 clarissime
3348 3741 3443 3794 de-

1863 3832 2188 3886 monstrarit
2212 3841 2266 3885 et
2298 3830 2643 3887 manifestam
2667 3830 2860 3885 fecerit
2888 3848 2901 3884 :
2935 3845 3045 3900 quo
3071 3829 3217 3885 facto
3239 3832 3444 3886 calum-

1866 3922 2081 3975 niantes
2104 3921 2323 3991 quidem
2364 3920 2572 3990 pudore
2601 3921 2712 3974 sint
2743 3921 2957 3986 suffusi,
3014 3920 3092 3973 illi
3119 3935 3246 3973 vero
3267 3961 3281 3986 ,
3344 3923 3439 3990 qui

1865 4015 1933 4069 de
1958 4014 2269 4084 virginitate
2294 4014 2412 4083 ejus
2436 4023 2489 4068 et
2528 4024 2686 4083 partu
2718 4015 3063 4067 immaculato
3097 4022 3255 4067 antea
3282 4014 3443 4067 dubi-

1869 4106 2054 4169 tarint,
2085 4106 2424 4175 argumentis
2458 4105 2778 4174 exceptione
2831 4104 3150 4172 majoribus,
3205 4106 3442 4160 convicti

1867 4201 1997 4263 sint,
2039 4198 2255 4267 Virgine
2288 4198 2503 4253 interim
2535 4199 2604 4252 ab
2630 4198 2957 4267 aegritudine
2988 4214 3087 4252 sua
3116 4207 3170 4252 et
3200 4198 3437 4264 tris1itia,

1867 4308 1932 4347 ex
1952 4291 2226 4345 calumnia
2245 4290 2331 4344 illa
2350 4296 2402 4344 et
2428 4289 2695 4344 conviciis
2709 4290 2925 4354 oborta,
2943 4290 3162 4360 penitus
3186 4292 3439 4346 liberata.

187 4383 352 4456 Γαϐὴ,
387 4386 825 4439 Παλαιστιναίων
858 4383 991 4439 δὲτὸ
1011 4384 1159 4455 ὅρος,
1202 4385 1301 4447 τὰς
1339 4385 1520 4454 πηγὰς
1574 4384 1757 4438 ἀναδι-

1867 4384 1943 4438 Ex
1964 4384 2193 4439 historia
2215 4384 2359 4437 enim
2380 4383 2715 4452 accepimus,
2739 4397 2935 4451 aquam
2958 4383 3100 4436 illam
3121 4385 3441 4451 exploratri-

185 4478 347 4544 δόναι,
372 4478 402 4531 ὃ
419 4478 707 4548 κριτήριον
724 4478 819 4530 καὶ
840 4477 869 4529 ὁ
894 4476 1123 4539 παλαιὸς
1140 4477 1427 4529 ἐπίσταται
1446 4477 1605 4547 νόμος
1628 4475 1762 4547 (65),

186 4570 288 4621 τῶν
304 4587 367 4622 τε
390 4570 494 4641 τὴν
515 4570 869 4639 σωφροσύνην
890 4568 949 4621 οὐ
973 4568 1440 4639 διαφθειρομένων
1466 4569 1763 4636 γυναικῶν,

187 4664 277 4716 καὶ
304 4664 418 4717 τῶν
450 4664 762 4733 ἀλλοτρίαις
783 4662 1022 4731 ὁμιλίαις
1042 4663 1140 4734 τὴν
1166 4663 1330 4732 νηδὺν
1349 4661 1762 4733 ἐνυϐριζόντων.

199 4754 360 4808 num
386 4755 552 4808 τοῦτο
576 4756 672 4824 μὲν
704 4754 832 4818 ἴσως
859 4756 1176 4825 ἀφαιρεῖται
1208 4754 1307 4823 τὴν
1354 4754 1557 4819 πίστιν,
1594 4756 1678 4809 ὅτι
1706 4772 1765 4807 τε

188 4850 475 4919 προελθεῖν
493 4851 585 4902 ἐπὶ
606 4853 670 4921 τῇ
698 4849 956 4919 παρθένῳ
983 4850 1043 4901 τὸ
1069 4849 1169 4918 τῆς
1188 4847 1449 4915 ὲλέγξεως
1468 4847 1610 4918 ὕδωρ
1638 4850 1767 4903 ἁνα-

189 4942 523 5012 γέγραπται,
564 4940 715 4994 ούπω
758 4943 852 4995 τοῦ
898 4942 1128 5013 βρέφους
1163 4940 1442 5009 φανέντος,
1484 4941 1644 5011 ἡνίκα
1671 4943 1764 4995 καὶ

186 5033 215 5084 ὁ
244 5032 438 5105 καιρὸς
466 5034 565 5104 τὴν
597 5033 923 5101 ἀμφιῢολίαν
950 5032 1169 5100 εὔλογον
1196 5032 1305 5101 (66)
1327 5033 1572 5103 παρεῖχε,
1608 5032 1701 5084 καὶ
1727 5034 1759 5102 ἡ

1869 4494 1985 4532 cem
2010 4478 2164 4547 juxta
2195 4476 2362 4538 Gabe,
2394 4475 2489 4545 qui
2516 4475 2816 4530 Palzestinae
2837 4490 2997 4529 mons
3018 4482 3123 4537 est,
3166 4491 3437 4542 manasse,

1869 4568 2013 4638 quod
2038 4565 2354 4636 explorandi
2402 4581 2575 4636 genus
2608 4566 2663 4619 in
2690 4565 2932 4632 feminis,
2958 4583 3080 4637 quae
3106 4568 3193 4621 vel
3217 4568 3440 4623 castita-
3487 4604 3492 4617 .

1871 4669 1977 4714 tem
2008 4659 2271 4713 illibatam
2303 4658 2597 4723 servarint,
2634 4658 2719 4713 vel
2752 4658 2969 4714 furtivis
2998 4660 3279 4713 amoribus
3317 4674 3441 4713 cor-

1869 4770 1971 4824 pus
2002 4753 2345 4820 macularint,
2399 4752 2704 4807 adhibitum
2741 4752 2913 4807 fuisse
2939 4791 2954 4817 ,
2994 4768 3093 4807 nec
3145 4761 3298 4807 vetus
3355 4753 3441 4807 lex

1868 4847 2103 4916 ignorat.
2136 4845 2388 4900 Fortasse
2422 4854 2603 4901 tamen
2640 4845 2941 4900 narrationi
2987 4845 3113 4901 huic
3158 4845 3293 4900 fides
3344 4846 3443 4900 ha-

1871 4942 1984 4996 beri
2018 4956 2125 4995 non
2156 4944 2349 5011 possit,
2375 4942 2519 5011 quod
2545 4955 2685 5010 aqua
2718 4941 2805 4993 illa
2839 4940 3205 5010 exploratoria
3243 4940 3440 5010 virgini

1870 5034 2086 5087 admota
2116 5049 2241 5089 esse
2268 5035 2483 5104 legitur,
2520 5034 2629 5089 fetu
2666 5033 2911 5088 nondum
2940 5033 3107 5099 edito,
3139 5035 3358 5105 quando
3389 5044 3442 5087 et

1695 5212 1740 5266 N
1753 5210 1930 5266 ΟΤΑΞ.

259 5394 541 5470 (ξωεριι).
574 5412 670 5465 pro
710 5397 1115 5470 ἀναφερόντων.

263 5465 379 5538 (66)
424 5466 572 5519 Idem
603 5482 699 5535 pro
729 5465 952 5538 ταύτην.

263 5536 375 5607 (lii)
414 5538 596 5607 Codex
632 5554 644 5588 :
691 5536 941 5607 φήσεται.

266 5604 379 5677 (62)
408 5606 550 5677 Ante
573 5604 817 5675 λέγουσιν
837 5607 1100 5661 excidisse
1122 5608 1182 5661 οὐ
1212 5606 1478 5677 suspicor.

264 5674 377 5746 (63)
406 5674 563 5733 Colb.
586 5674 685 5748 pro
720 5679 1037 5749 ὲμὸρίσωσι.

1949 5390 2057 5466 (64)
2091 5396 2246 5466 Qolh.
2284 5410 2379 5463 pro
2408 5395 2737 5466 δυσφημίας.

1948 5463 2061 5536 (65)
2090 5464 2313 5536 Numer.
2358 5482 2409 5529 v,
2448 5463 2536 5525 17,
2571 5463 2725 5536 seqq.
2926 5498 2931 5503 -

1946 5533 2057 5605 (66)
2093 5534 2168 5589 lta
2194 5537 2354 5607 συιδ.
2382 5552 2479 5606 pro
2508 5533 2716 5607 ἄλογον.
2741 5538 3005 5593 Caeterum
3032 5552 3137 5591 non
3164 5538 3296 5592 satis
3328 5538 3439 5593 ha-c

1871 5607 2053 5660 omnia
2085 5606 2264 5675 capio.
