3826 6206
395 247 502 314 831

1557 234 1820 298 ΡΗΟΤΙῙ
1856 231 2362 295 ΡΑΤΒΙΑΒΟΗΙΕ.
2383 231 2495 291 CP.

3551 229 3649 293 832

396 369 620 428 tempus
643 352 822 425 ipsum
847 351 1101 409 idoneam
1119 348 1408 406 dubitandi
1429 363 1654 405 causam
1679 346 1982 412 exhibebat,

2094 344 2278 414 κρίσις
2308 345 2409 397 οὐκ
2428 344 2508 406 εἰς
2535 341 2594 396 τὸ
2623 341 2935 413 παράλογον
2962 339 3285 411 ὑπεσύρετο,
3306 339 3402 392 τοῦ
3425 339 3483 394 δὲ
3506 341 3649 396 τόκου

398 461 459 507 et
487 447 759 520 judicium
815 461 926 501 non
973 446 1158 515 inepte
1209 443 1640 509 instituebatur;
1694 440 1807 495 fetu
1857 453 1988 494 vero

394 546 508 616 jam
523 543 690 606 edito,
713 551 770 596 et
795 548 953 611 partu
988 539 1202 611 agnito,
1234 552 1377 609 aqua
1412 534 1777 608 exploratoria
1805 533 1986 588 locum

404 652 503 693 nor
545 635 801 690 habebat.
842 633 1215 690 Nihilominus
1267 639 1450 685 tamen
1501 629 1556 684 in
1607 627 1836 683 historia
1870 627 1988 683 haec

402 729 716 784 traduntur.

471 820 703 876 Constat
734 817 870 872 mihi
919 817 1094 883 alias,
1148 815 1353 871 multos
1387 821 1708 870 sanctorum
1759 812 1982 868 Patrum

401 922 665 977 statuere,
695 911 937 982 gladium
1005 909 1156 964 illum
1211 908 1396 963 Maria:
1481 921 1700 977 semper
1753 907 1982 977 virginis

401 1007 650 1061 animum
700 1004 822 1074 ipso
852 1002 1112 1058 salutaris
1158 1001 1528 1072 perpessionis
1567 1007 1815 1069 tempore
1862 1015 1986 1054 ver-

403 1100 648 1163 berasse,
679 1096 906 1166 quando
939 1095 1028 1148 illa
1055 1094 1299 1148 dolorem
1345 1108 1506 1147 suum
1547 1093 1614 1146 de
1656 1091 1795 1146 Filio
1828 1107 1985 1146 acer-

401 1189 693 1244 bissimum
719 1196 772 1242 et
804 1187 1185 1242 vehementem
1241 1185 1576 1256 insitamque
1604 1185 1706 1240 sibi
1738 1187 1896 1239 matri
1929 1184 1982 1238 in

401 1279 572 1350 ﬁlium
599 1277 1152 1350 commiserationem
1183 1283 1300 1330 tum
1337 1276 1556 1332 tristitia
1597 1292 1834 1342 summa,
1868 1285 1981 1331 tum

399 1371 641 1425 violento
669 1371 946 1424 viscerum
972 1376 1124 1423 motu
1164 1377 1420 1424 testatam
1454 1369 1669 1424 fecerit.
1695 1367 1810 1423 Hoc
1833 1368 1982 1424 enim

400 1463 595 1518 matris
631 1462 819 1518 dolore
851 1461 1062 1517 factum
1100 1477 1245 1527 esse,
1276 1473 1336 1517 ut
1361 1463 1723 1533 cogitationes
1745 1476 1813 1517 ex
1839 1461 1984 1515 mul-

400 1567 581 1611 torum
611 1555 870 1612 cordibus
895 1557 1305 1627 detegerentur,
1337 1565 1393 1610 et
1415 1565 1528 1610 tum
1559 1555 1660 1621 illi,
1683 1557 1777 1626 qui
1801 1555 1981 1625 ipsum

399 1649 699 1704 Dominum
745 1657 995 1704 nostrum
1049 1665 1270 1705 carnem
1322 1657 1534 1703 tantum
1595 1652 1777 1719 specie
1819 1656 1982 1703 tenus

395 1743 801 1798 circumtulisse
837 1743 1018 1812 inepte
1049 1741 1348 1814 ﬁngebant,
1390 1752 1503 1797 tum
1536 1743 1636 1810 illi,
1684 1759 1827 1814 quos
1869 1759 1978 1798 non

393 1854 461 1891 ex
494 1835 739 1908 Virgine,
771 1836 864 1891 sed
884 1850 946 1890 ex
970 1835 1132 1900 caelo,
1165 1851 1388 1890 carnem
1419 1835 1564 1889 illam
1597 1847 1840 1906 repetere
1870 1852 1979 1889 non

393 1929 678 1998 pudebat,
727 1927 1216 1983 confunderentur.
1261 1927 1416 1995 Quod
1469 1927 1515 1984 si
1563 1943 1694 1984 vero
1738 1929 1978 2000 gladium

396 2022 552 2076 illum
578 2019 826 2092 Virginis
864 2021 1110 2076 animum
1141 2021 1307 2076 etiam
1333 2031 1465 2078 tunc
1490 2021 1807 2078 confodisse
1831 2022 1982 2077 dica-

397 2130 544 2177 mus,
597 2114 820 2184 quando
875 2121 1130 2184 parentes
1169 2113 1368 2167 Filium
1422 2121 1548 2185 post
1598 2129 1657 2169 se
1704 2114 1980 2177 relictum,

397 2207 644 2261 c0nfecta
672 2205 788 2276 jam
819 2205 980 2276 longa
1009 2205 1115 2270 via,
1144 2219 1252 2258 non
1294 2204 1641 2270 invenerunt,
1673 2205 1785 2260 imo
1815 2207 1978 2260 etiam

397 2295 624 2356 reversi.
674 2305 934 2366 tanquam
969 2297 1287 2352 thesaurum
1314 2296 1682 2366 deperditum,
1712 2297 1982 2367 quaesive-

397 2398 546 2452 runt,
577 2388 714 2442 nihil
745 2389 1104 2444 statuerimus
1157 2388 1303 2459 quod
1345 2397 1508 2444 recta:
1536 2389 1740 2444 rationi
1785 2391 1981 2447 adver-

402 2489 580 2534 setur.
617 2477 755 2534 Nam
777 2480 940 2535 etiant
976 2492 1106 2535 tunc
1132 2497 1196 2535 ex
1227 2480 1524 2534 multorum
1547 2481 1804 2537 cordibus
1830 2483 1982 2552 cogi-

401 2572 642 2627 tationes
668 2572 1099 2643 detegebantnr;
1159 2571 1380 2644 Virgine
1434 2573 1646 2629 scilicet
1684 2577 1750 2628 ad
1782 2573 1982 2630 Filium

397 2663 614 2719 dicente
643 2680 659 2719 :
693 2683 712 2715 ι
744 2663 860 2733 Ego
893 2673 946 2720 et
973 2675 1125 2734 pater
1163 2675 1288 2720 tuus
1322 2681 1448 2720 cum
1491 2665 1681 2721 dolore
1705 2675 1758 2721 te
1781 2668 1984 2737 quaesi-

395 2754 672 2822 vimus“;
701 2773 719 2806 ›
740 2753 920 2810 Verbo
951 2767 1133 2811 autem
1165 2757 1510 2828 hypostatlco
1527 2765 1581 2811 et
1606 2772 1773 2813 carne
1794 2759 1986 2813 induto

397 2844 766 2914 respondente
795 2865 808 2900 :
845 2864 864 2898 ι
897 2845 1041 2913 Quid
1090 2856 1216 2912 est,
1257 2848 1405 2918 quod
1454 2863 1542 2902 me
1569 2849 1986 2918 quaesiveritis?

395 2951 579 2992 nonne
614 2936 875 2993 sciebatis
928 2953 1014 2993 me
1041 2953 1164 2994 esse
1195 2938 1396 2994 debere
1431 2939 1488 2993 in
1536 2939 1604 2993 iis
1655 2955 1778 3009 qua:
1809 2938 1986 2996 Patris

2089 435 2471 507 προελθόντος,
2498 435 2704 488 καὶτοῦ
2737 433 2968 506 βρέφους
2992 431 3365 501 ἐγνωσμένου,
3402 432 3506 484 ποῦ
3543 451 3652 486 και-

2089 528 2183 598 ρὺν
2213 525 2356 596 εἶχεν
2390 526 2451 580 τὸ
2509 525 2656 597 ὓδωρ
2686 526 2787 595 τῆς
2836 523 3132 591 ἐλέγξεως;
3177 522 3317 576 ἀλλὰ
3363 521 3522 576 τοῦτο
3568 525 3653 594 μὲν

2087 617 2232 672 κατὰ
2253 618 2351 688 τὴν
2373 617 2616 688 ἱστορίαν
2635 618 2784 686 ὅμως
2823 615 3066 686 εἴρηται.

2163 809 2292 866 Οἶδα
2318 812 2397 873 δέ,
2431 811 2663 876 πολλοὺς
2690 813 2800 865 τῶν
2846 812 3008 881 ἱερῶν
3040 813 3200 884 ἡμῶν
3231 814 3502 884 Πατέρων
3540 815 3660 883 ῥομ-

2088 906 2254 976 φαίαν
2277 905 2630 976 ἐξειληφὸτας
2649 905 2878 958 διελθεῖν
2908 906 3012 977 τὴν
3031 907 3212 976 ψυχὴν
3244 907 3348 976 τῆς
3381 906 3662 976 άειπαρθέ-

2085 1019 2179 1056 νου
2202 1000 2441 1070 Μαρίας,
2479 999 2621 1052 κατὰ
2649 999 2740 1052 τὸν
2779 999 2974 1070 καιρὸν
3003 999 3099 1053 τοῦ
3153 999 3433 1070 σὼτηρίου
3472 999 3664 1062 πάθους

2086 1095 2256 1166 αὐτὴν
2282 1095 2380 1164 τὴν
2409 1093 2790 1164 κατασχοῦσαν
2825 1093 3032 1163 πικρὰν
3062 1094 3158 1146 καὶ
3183 1090 3458 1163 ὀδυνηρὰν
3485 1092 3578 1143 ἐπὶ
3597 1092 3666 1162 τῷ

2085 1189 2265 1257 τέκνῳ
2288 1187 2579 1256 ἀλγηδόνα,
2626 1189 2721 1240 καὶ
2778 1187 2857 1257 τῷ
2884 1186 3279 1256 ἀνυπερϐλήτῳ
3316 1187 3422 1252 τῆς
3478 1183 3664 1253 λύπης,

2086 1281 2284 1350 καὶτῷ
2319 1281 2644 1353 ἐξῃρημένῳ
2678 1279 2992 1350 σπαραγμῷ
3041 1280 3150 1332 τῶν
3187 1277 3524 1347 σπλάγχνων
3577 1278 3665 1346 τῆν

2087 1379 2326 1449 ἔμφυτον
2361 1378 2497 1448 πρὸς
2525 1379 2618 1430 τὸν
2664 1377 2792 1431 Υἱὸν
2855 1377 3129 1448 μητρικὴν
3165 1375 3521 1444 συμπάθειαν
3557 1377 3667 1426 ἐπι-

2085 1468 2284 1534 δεῖξαι.
2320 1468 2429 1519 Καὶ
2463 1466 2553 1520 διὰ
2576 1466 2680 1536 τῆς
2711 1471 2985 1538 μητρικῆς
3039 1467 3246 1537 ταύτης
3304 1465 3663 1536 συμπαθείας,

2086 1562 2150 1613 ἐκ
2195 1560 2406 1614 πολλῶν
2447 1559 2687 1632 καρδιῶν
2719 1559 3012 1629 λογισμοὺς
3067 1558 3549 1628 ἀποκαλυφθῆναι,
3584 1559 3665 1609 καὶ

2085 1651 2463 1723 διελεγχθῆναι
2485 1650 2612 1715 τούς
2641 1668 2699 1703 τε
2730 1649 2873 1704 κατὰ
2902 1651 3208 1720 φαντασίαν
3239 1650 3340 1720 τὴν
3368 1651 3553 1716 σάρκα
3584 1665 3665 1716 φο-

2087 1745 2265 1816 ρέσαι,
2298 1747 2393 1798 καὶ
2427 1746 2519 1798 τὸν
2550 1743 2755 1814 Κύριον
2799 1742 2956 1813 ήμῶν
3001 1741 3213 1814 Ἰησοῦν
3233 1741 3477 1811 Χριστὸν
3510 1757 3665 1810 τερα-

2082 1837 2464 1906 τολογοῦντας,
2498 1837 2595 1890 καὶ
2627 1838 2754 1900 τοὺς
2790 1837 2891 1890 οὑκ
2921 1839 2984 1889 ἐκ
3013 1836 3113 1907 τῆς
3143 1835 3448 1906 Παρθένου,
3503 1834 3564 1900 ἐξ
3583 1835 3664 1886 οῦ-

2085 1928 2247 2000 ρανοῦ
2277 1930 2335 1983 δέ
2354 1929 2560 1999 ταύτην
2590 1930 2924 1997 καταγαγεῖν
2953 1924 3556 1996 ἀπαναισχυντοῦντας.
3611 1923 3663 1977 ΕΞ

2081 2024 2139 2078 δὲ
2169 2025 2263 2078 καὶ
2283 2023 2586 2094 τηνικαῦτα
2617 2021 2933 2094 διελήλυθεν
2962 2022 3062 2090 τῆς
3094 2019 3377 2089 Παρθένου
3427 2018 3530 2088 τὴν
3567 2017 3660 2086 ψυ-

2083 2116 2184 2187 χὴν
2219 2117 2489 2188 ῥομφαία,
2516 2117 2684 2187 ἡνίκα
2710 2116 3026 2178 λελοιπότες
3064 2114 3156 2168 τὸν
3194 2113 3384 2178 παῖδα,
3431 2110 3573 2182 μετὰ
3610 2112 3662 2162 si

2085 2209 2288 2279 πολλὴν
2331 2208 2450 2262 ὁδὸν
2494 2207 2767 2274 διανύσαι,
2810 2208 2885 2280 μὴ
2938 2201 3095 2278 εὗρον
3143 2205 3357 2266 τοῦτον,
3409 2201 3548 2256 ἀλλὰ
3581 2201 3660 2254 καὶ

2084 2299 2529 2371 ὑποστρέψαντες
2548 2301 2874 2372 ἐπεζήτουν,
2896 2300 2972 2361 ὡς
3002 2300 3102 2370 ἥδη
3139 2298 3230 2351 τὸν
3262 2295 3547 2366 θησαυρὸν
3568 2298 3660 2348 ἀπ·-

2083 2394 2406 2460 λωλεκὸτες,
2430 2393 2586 2448 οὐδὲν
2627 2394 2693 2446 ἂν
2747 2393 2831 2464 εἴη
2879 2392 3030 2463 παρὰ
3058 2392 3151 2444 τὶν
3180 2388 3340 2460 ὀρθὸν
3398 2387 3658 2455 διανενοη-

2088 2487 2250 2558 μένον
2300 2486 2482 2555 λόγον.
2548 2487 2658 2539 Καὶ
2709 2486 2818 2557 γὰρ
2850 2487 2944 2538 καὶ
3001 2483 3303 2555 τηνικαῦτα
3342 2484 3409 2534 ἐκ
3461 2479 3655 2533 πολλῶν

2084 2579 2326 2649 καρδιῶν
2359 2579 2830 2650 ἁπεκαλύφθησαν
2850 2577 3210 2646 διαλογισμοὶ,
3240 2575 3342 2645 τῆς
3389 2574 3489 2643 μέν
3521 2574 3659 2640 Παρ-

2089 2671 2243 2724 θένου
2278 2671 2414 2742 πρὸς
2447 2672 2540 2724 τὸν
2570 2671 2745 2724 Παῖδα
2791 2669 3077 2739 λεγούσης·
3117 2688 3136 2720 ι
3185 2667 3328 2733 Ἐγὼ
3365 2667 3458 2719 καὶ
3493 2669 3521 2718 ὁ
3565 2683 3658 2717 πα·

2085 2764 2192 2833 τὴρ
2233 2781 2326 2817 σου
2355 2765 2686 2836 ὀδυνώμενοι
2714 2761 3015 2832 ἐζητοῦμεν
3066 2778 3146 2814 σε.
3187 2779 3205 2810 ι
3238 2759 3346 2812 Τοῦ
3377 2758 3433 2810 δὲ
3475 2760 3655 2810 ἐνυπν-

2091 2857 2290 2909 στάτου
2321 2856 2497 2920 Λόγου
2537 2855 2631 2909 καὶ
2679 2855 2859 2925 σάρκα
2889 2852 3218 2922 φορέσαντος
3267 2851 3654 2921 άνταποκρινο-

2093 2948 2278 3017 μένου,
2311 2964 2330 2998 ι
2365 2947 2450 3009 Τί,
2476 2948 2560 3000 ὅτι
2595 2945 2841 3015 ἐζητεῖτέ
2871 2962 2969 3016 με;
3004 2947 3105 2999 οὐκ
3137 2944 3339 3016 ⁴ἤδειτε,
3361 2945 3441 2997 ὅτι
3464 2945 3520 2996 ἐν
3555 2945 3656 3004 τοῖς

395 3027 503 3080 ιιιεὶ
537 3028 734 3082 sunt"
757 3028 778 3082 ?
805 3046 824 3079 ι
862 3029 968 3084 hoc
993 3029 1112 3099 ipso
1141 3045 1272 3085 vero
1310 3030 1576 3086 illustrem
1621 3032 1770 3086 illum
1811 3049 1982 3104 popu-

2092 3039 2180 3092 τοῦ
2206 3039 2421 3111 Πατρός
2459 3056 2562 3109 μου
2593 3039 2673 3091 δεῖ
2695 3032 2840 3091 εἷναί
2875 3054 2975 3108 με;
3025 3058 3042 3090 ι
3079 3039 3174 3091 καὶ
3233 3036 3522 3108 δηλοῦντος
3575 3037 3658 3088 τὸν

395 3119 510 3174 lum
563 3121 861 3188 indicante,
909 3123 1003 3192 qui
1053 3132 1107 3177 et
1149 3123 1412 3192 templum
1470 3133 1525 3178 et
1564 3125 1764 3182 domus
1805 3125 1984 3182 Patris

395 3213 798 3283 appellabatur.
843 3211 981 3268 Dum
1008 3215 1156 3268 enim
1193 3214 1366 3269 Filius
1410 3214 1628 3270 Patrem
1677 3233 1840 3272 suum
1873 3218 1987 3273 cla-

395 3305 620 3360 rissime
642 3305 1022 3376 proﬁtebatur,
1056 3305 1203 3360 clare
1233 3307 1397 3361 etiam
1417 3309 1779 3377 cogitationes
1793 3325 1985 3364 eorum

395 3395 813 3465 detegebantur,
848 3395 944 3465 qui
976 3411 1103 3450 eum
1135 3396 1397 3451 dicebant
1441 3412 1551 3451 non
1601 3397 1740 3452 labri
1789 3400 1985 3467 lilium,

401 3502 505 3542 nec
537 3488 777 3542 hominis
809 3489 1039 3544 alterius
1070 3489 1353 3555 sobolem,
1385 3490 1479 3545 sed
1507 3489 1655 3544 illius
1696 3506 1820 3545 esse
1844 3531 1858 3555 ,
1892 3493 1985 3561 qui

399 3583 529 3630 ante
579 3578 776 3632 saecula
813 3580 1087 3649 genuerit.
1131 3579 1286 3645 Quod
1335 3595 1465 3634 vero
1499 3580 1741 3634 nonnulli
1773 3579 1984 3644 dicunt,

400 3668 642 3739 gladium
697 3669 850 3723 illum
904 3671 1152 3727 animum
1210 3671 1332 3740 ejus
1390 3671 1741 3741 pervasisse.
1795 3673 1986 3728 oborta

400 3761 766 3826 dubitatione,
783 3778 853 3816 an
877 3763 1178 3819 cruciﬁxus
1211 3763 1302 3819 ille
1329 3757 1564 3821 fortasse
1581 3779 1691 3819 non
1720 3765 1793 3820 sit
1818 3764 1985 3829 Deus,

400 3858 456 3912 id
488 3872 765 3928 nunquam
795 3872 896 3928 ego
921 3857 1152 3913 dixerint
1178 3900 1193 3924 ,
1231 3859 1484 3928 quamvis
1518 3875 1547 3913 a
1595 3859 1875 3915 nonnullis
1918 3862 1989 3915 sit

403 3952 631 4006 dictum.

481 4089 501 4122 ‹
526 4069 592 4124 Et
625 4079 778 4137 erat,
819 4071 1038 4141 inquit,
1086 4070 1244 4125 Anna
1280 4071 1647 4141 prophetissa,
1688 4069 1988 4126 Phanuelis

401 4161 533 4226 ﬁlia,
563 4179 626 4218 ex
658 4163 801 4218 tribu
826 4164 1017 4225 Aser,»
1055 4173 1161 4218 etc.
1209 4182 1228 4215 ι
1259 4163 1324 4218 Ει
1351 4164 1440 4218 illa
1473 4163 1635 4218 vidua
1663 4173 1784 4218 erat
1812 4179 1987 4218 anno-

401 4270 522 4307 rum
561 4255 781 4309 circiter
814 4264 1054 4325 quatuor
1098 4263 1154 4309 et
1199 4255 1478 4325 octoginta
1499 4254 1566 4308 3‘.
1600 4274 1619 4305 ι
1672 4254 1829 4308 Anna
1861 4269 1986 4323 pro-

401 4345 667 4415 phetissa,
698 4343 995 4400 Phanuelis
1039 4345 1147 4399 ﬁlia
1172 4387 1187 4411 ,
1234 4346 1319 4401 his
1365 4344 1684 4400 diﬂ‘erentize
1717 4345 1985 4414 capitibus

2091 3131 2440 3202 περιώνυμον
2467 3131 2616 3193 λαὸν,
2643 3131 2701 3194 ὃς
2740 3129 2832 3183 τοῦ
2870 3129 3083 3202 Πατρὸς
3113 3128 3252 3193 νεώς
3287 3146 3345 3181 τε
3382 3129 3478 3181 καὶ
3525 3124 3669 3189 οἶκος

2088 3222 2495 3291 ἐπωνομάζετο.
2524 3223 2634 3275 Καὶ
2657 3222 2765 3292 γὰρ
2796 3221 2886 3274 τὸν
2907 3221 3039 3274 ἱδιον
3065 3221 3296 3291 Πατέρα
3317 3219 3508 3288 σαφῶς
3538 3220 3669 3271 ἀνα-

2089 3315 2432 3388 κηρύξαντος
2458 3315 2558 3368 τοῦ
2586 3314 2718 3368 Υίοῦ
2745 3314 2931 3384 σαφῶς
2967 3313 3446 3383 ἁπεκαλύφθησαν
3483 3313 3532 3366 oi
3557 3313 3671 3366 δια-

2088 3408 2340 3478 λογισμοὶ
2361 3409 2470 3461 τῶν
2496 3409 2760 3477 λεγόντων
2786 3408 2951 3460 αὐτὸν
2993 3407 3094 3460 οὐκ
3131 3407 3248 3478 (67)
3280 3403 3421 3460 εἶναι
3447 3407 3540 3460 τοῦ
3583 3407 3674 3459 τέ-

2088 3519 2276 3565 κτονος
2303 3502 2436 3566 υἱὸν,
2468 3501 2576 3556 οὐδ’
2607 3500 2775 3572 ἄλλης
2807 3499 2954 3562 τινὸς
2999 3501 3245 3567 ἐπιγείου
3273 3501 3508 3569 σπορᾶς,
3532 3499 3669 3553 ἀλλὰ

2088 3595 2183 3649 τοῦ
2210 3596 2317 3666 πρὸ
2342 3595 2540 3658 αἰῶνος
2561 3595 2957 3664 γεγεννηκότος
2995 3596 3182 3649 αὐτόν.
3209 3594 3315 3647 Τὸν
3371 3595 3558 3664 μέντοι
3589 3593 3674 3647 λό-

2088 3707 2207 3759 γον,
2235 3691 2327 3744 τδν
2361 3689 2614 3758 λέγοντα,
2646 3689 2927 3760 ῥομφαίαν
2951 3690 3122 3759 αὐτῆς
3152 3689 3252 3758 τὴν
3285 3688 3543 3759 ψυχὴνέξ
3567 3689 3673 3759 dp.-

2090 3783 2338 3855 φιϐολίας
2369 3781 2622 3846 διελθεῖν,
2657 3783 2734 3844 ὼς
2771 3783 2973 3852 μήποτ’
3025 3783 3128 3835 οὐκ
3164 3783 3250 3850 εἴη
3280 3783 3417 3845 Θεὸς
3447 3783 3477 3834 ὁ
3525 3797 3679 3835 σταυ-

2093 3877 2376 3948 ρούμενος,
2396 3877 2446 3928 εἰ
2478 3876 2572 3928 καί
2591 3891 2732 3927 τισιν
2764 3875 3001 3946 ἐρρήθη,
3040 3873 3157 3929 ἀλλ’
3187 3875 3290 3928 οὐκ
3321 3875 3391 3927 ἂν
3424 3874 3552 3945 ἐμοὶ
3584 3877 3677 3945 ῥη.

2094 3966 2233 4038 θείη.

2165 4077 2184 4110 ι
2215 4061 2323 4114 Καὶ
2341 4054 2430 4130 ἦν,
2451 4059 2817 4127 φησὶν,Ἀννα
2835 4060 3103 4132 προφῆτις
3121 4058 3396 4130 θυγάτηρ,
3415 4059 3675 4130 φανουὴλ,

2089 4153 2154 4205 ἐκ
2185 4153 2358 4224 φυλῆς
2405 4151 2597 4224 Ἀσὴρ,
2630 4152 2735 4216 ἕως
2762 4146 2846 4215 οῦ,
2895 4171 2913 4202 ι
2940 4150 3052 4205 Καὶ
3078 4150 3216 4221 αῦτη
3250 4156 3411 4222 χεῖρα
3441 4154 3520 4215 ὡς
3547 4151 3678 4204 ἐτῶν

2087 4243 2419 4314 ὀγδοήκοντα
2465 4243 2770 4313 τεσσάρων.
2825 4262 2844 4295 ›
2897 4243 3064 4295 Ἀννα
3103 4243 3400 4311 προφῆτις,
3438 4243 3680 4312 θυγάτηρ

2088 4335 2353 4406 Φανουὴλ,
2382 4335 2608 4399 ταύταις
2650 4334 3022 4388 διαστέλλεται
3050 4338 3172 4397 ταῖς
3205 4336 3500 4405 διαφοραῖς
3545 4335 3677 4405 cfs-:1;

402 4439 760 4508 distinguitur
791 4453 822 4492 a
854 4447 1028 4492 matre
1059 4436 1338 4509 Virginis;
1374 4438 1564 4492 eadem
1609 4452 1738 4491 vero
1767 4436 1982 4506 egregio

2092 4427 2226 4497 πρὸς
2268 4427 2367 4498 τὴν
2410 4427 2510 4497 τῆς
2552 4425 2830 4496 Παρθένου
2865 4424 3116 4496 μητέρα·
3152 4424 3425 4494 διέλαμπε
3462 4426 3521 4478 δὲ
3567 4428 3678 4485 ταῖς

400 4529 666 4585 virtutum
696 4531 941 4584 omnium
981 4529 1166 4585 studio
1193 4544 1306 4598 prae
1332 4528 1543 4583 cwtcris
1569 4527 1862 4582 eminebat.
1903 4527 1984 4581 Ex

401 4637 468 4676 co
511 4623 656 4678 enim
684 4662 700 4687 ,
755 4622 900 4692 quod
939 4636 972 4674 a
1012 4621 1215 4690 templo
1246 4637 1355 4675 non
1395 4619 1715 4682 recedebat,
1764 4618 1988 4687 jejuniis

403 4735 534 4774 vero
565 4729 620 4773 et
643 4717 899 4788 precibus
927 4726 1090 4772 noctu
1111 4727 1166 4771 et
1191 4715 1425 4771 interdiu
1452 4714 1706 4776 vacabat,
1738 4723 1982 4783 apparet,

403 4809 651 4864 eamdem
674 4811 1009 4881 reliquarum
1037 4811 1201 4864 etiam
1219 4809 1484 4864 virtutum
1508 4823 1712 4862 corona
1739 4817 1986 4861 ornatam

408 4903 600 4958 fuisse.
637 4901 736 4959 llis
788 4920 920 4959 vero
970 4903 1060 4958 illa
1106 4902 1401 4956 virtutibus
1429 4901 1577 4970 quod
1627 4901 1693 4954 ad
1741 4899 1986 4953 animum

405 4997 670 5052 mundata
701 5037 717 5062 ,
771 5010 826 5052 et
885 4997 1222 5054 sanctissimi
1269 4995 1505 5066 Spiritus
1555 4994 1774 5048 ofﬁcina
1820 4993 1988 5061 faeta,

405 5091 766 5160 ejusdemque
805 5091 1061 5161 alloquiis
1103 5091 1272 5144 ditata
1298 5130 1314 5154 ,
1359 5089 1549 5143 eadem
1605 5087 1743 5141 hora
1800 5097 1991 5141 astans

411 5182 797 5248 conﬁtebatur,
827 5194 883 5237 et
917 5181 1248 5250 loquebatur
1280 5180 1348 5234 de
1384 5193 1451 5233 eo
1493 5177 1558 5231 ad
1605 5177 1732 5232 illos
1772 5193 1988 5243 omnes,

407 5274 503 5344 qui
538 5274 920 5328 liberationem
960 5271 1356 5343 Hierosolymis
1385 5268 1798 5339 exspectabant.
1849 5287 1867 5321 ι
1893 5267 1998 5322 Ea-

407 5366 554 5431 dem,
591 5366 790 5435 inquit,
821 5366 957 5418 hora
989 5373 1199 5418 astans.
1233 5378 1252 5412 i
1291 5359 1409 5426 Qua
1437 5374 1567 5414 vero
1598 5359 1732 5413 illa?
1757 5358 1851 5413 llla
1879 5373 1999 5413 om-

479 5478 525 5510 “
549 5475 682 5534 Luc.
719 5493 781 5543 ιι,
813 5477 906 5532 55.

2092 4519 2314 4591 ἀρεταῖς
2365 4521 2628 4581 ἁπάσαις.
2680 4519 2774 4570 Ἐκ
2819 4520 2927 4589 γᾶρ
2973 4516 3068 4569 τοῦ
3099 4517 3177 4588 μὴ
3222 4518 3562 4586 ἀφίστασθαι
3591 4517 3675 4569 τοῦ

2096 4610 2266 4680 ἱεροῦ,
2303 4612 2398 4663 καὶ
2429 4610 2728 4679 νηστείαις,
2757 4611 2850 4662 καὶ
2887 4610 3135 4679 δεήσεσιν
3179 4608 3475 4680 λατρεύειν
3516 4610 3678 4662 νύκτα

2093 4705 2188 4757 καὶ
2222 4703 2458 4774 ἡμέραν,
2488 4702 2665 4773 δῆλον,
2705 4703 2783 4765 ὡς
2803 4702 2897 4755 καὶ
2929 4703 2958 4754 ὁ
2981 4702 3165 4765 λοιπὸς
3204 4703 3346 4774 αὐτῇ
3374 4703 3486 4754 τῶν
3512 4703 3677 4756 ἄλλων

2094 4797 2304 4867 ἀρετῶν
2337 4796 2632 4867 συμπαρῆν
2663 4796 2845 4864 χορός.
2895 4793 3019 4863 Ὑφ’
3060 4789 3134 4848 ὧν
3169 4796 3565 4866 κεκαθαρμένη
3595 4795 3678 4846 τὸν

2095 4889 2243 4952 νοῦν,
2289 4892 2381 4943 καὶ
2413 4889 2502 4942 τοῦ
2557 4890 2826 4958 παναγίου
2862 4888 3182 4957 Πνεύματος
3211 4886 3560 4957 γεγενημένη
3593 4886 3677 4938 δοο

2096 4988 2262 5056 χείον,
2291 4983 2504 5045 καὶτὰς
2551 4983 2683 5052 παρ’
2717 4980 2883 5033 αὑτοῦ
2909 4979 3174 5050 δεχομένη
3226 4981 3523 5048 ἐμφάσεις,
3548 4979 3675 5047 αὐτῇ

2096 5081 2162 5148 τῇ
2189 5076 2309 5147 ῶρᾳ
2349 5075 2622 5128 ἐπιστᾶσα
2664 5073 3101 5142 ἀνθωμολογεῖτο
3134 5068 3250 5140 (68)
3288 5072 3385 5122 καὶ
3417 5070 3593 5124 ἐλάλει
3614 5069 3679 5119 τά

2099 5170 2229 5241 περὶ
2258 5168 2423 5222 αὑτοῦ
2466 5169 2602 5221 πᾶσι
2635 5169 2749 5230 τοῖς
2806 5165 3264 5237 προσδεχομένοις
3317 5165 3588 5235 λύτρωσιν
3623 5166 3676 5213 ἐν

2104 5261 2513 5332 Ἱερουσαλήμ.ι
2533 5261 2680 5330 Αύτῇ
2701 5263 2767 5329 τῇ
2789 5258 2908 5329 ὥρᾳ.
2934 5258 3260 5318 ἐπιστᾶσα.)
3300 5256 3490 5326 φησίν.
3513 5256 3670 5321 Abt-1},

2103 5359 2276 5429 ποίας
2319 5355 2386 5409 Ἠ
2416 5353 2539 5408 καθ’
2570 5354 2636 5424 ἣν
2672 5352 2734 5405 τὸ
2761 5350 2982 5405 Παιδίον
3013 5351 3047 5421 ἡ
3069 5350 3272 5420 Μήτηρ
3298 5351 3445 5403 καὶό
3486 5347 3669 5416 ’lwst;

1011 5477 1058 5509 ⁸⁸
1097 5475 1230 5532 ibid.
1289 5473 1360 5530 48
1393 5489 1509 5544 seq.
1586 5474 1633 5507 ⁸⁸
1662 5471 1856 5528 Matth.
1891 5488 2014 5538 xm,
2037 5473 2128 5529 55.

1898 5587 2129 5644 ΝΟΤᾸΞ.

490 5709 606 5779 (67)
635 5708 735 5762 οὐκ
763 5708 966 5776 addidi,
999 5706 1145 5779 quod
1179 5721 1372 5764 sensus
1413 5703 1639 5758 omnino
1673 5699 1928 5773 postulat.

2173 5699 2284 5772 (68)
2312 5699 2466 5758 Colb.
2498 5714 2598 5772 pro
2629 5696 2989 5767 ἀνθολογεῖτο.
