3828 6202
384 208 498 272 835

1550 205 1812 267 ΡΗΟΤΙΙ
1857 207 1963 266 PA'.

2073 208 2359 268 [ARCH/E
2389 209 2499 268 (ΣΡ.
3500 224 3581 286 335
3649 226 3662 244 ι

381 329 505 380 vit-.e
534 325 696 379 tinent
744 323 926 379 divelli
968 323 1227 379 noluerit.
1292 321 1444 378 Sicut
1501 339 1694 394 porro,
1759 325 1957 394 inquit,

2073 325 2342 397 παρθένοῦ
2421 327 2512 398 καὶ
2573 325 2958 396 εὐαγγελιστοῦ
3037 326 3281 382 Ἰωάννου
3311 327 3443 403 (71').
3481 339 3584 392 Ὣς.

384 423 601 489 Petrus,
659 421 1036 490 apostolorum
1073 421 1302 490 primus,
1347 435 1543 475 nomen
1568 435 1728 475 suum
1759 438 1826 474 ex
1861 422 1963 476 tidc

381 515 628 576 immota,
659 528 824 582 quam
868 513 921 567 in
951 499 1231 568 Christum
1279 523 1484 582 petram
1517 513 1798 584 probabat,
1865 529 1958 568 ac-

384 606 560 675 cepit;
592 606 664 658 ita
691 605 782 660 illa
800 621 1044 675 quoque,
1078 617 1333 676 tanquam
1356 606 1744 676 discipularum
1764 607 1960 675 prima,

381 708 604 767 propter
649 698 942 767 puritatem
1003 714 1157 752 suam
1206 708 1260 750 et
1308 699 1677 759 desiderium,
1743 713 1853 766 quo
1907 697 1960 750 in

383 788 535 842 illum
583 787 880 853 ferebatur,
943 804 972 841 a
1033 787 1322 842 Servature
1363 790 1574 851 eodem,
1616 803 1725 856 quo
1767 787 1960 849 Mater,

389 881 611 936 nomine
645 891 729 936 est
785 882 1064 951 insignita.
1123 881 1591 947 Quemadmodum
1646 878 1828 947 itaque
1883 881 1964 933 di-

386 972 724 1041 scipulorum
783 971 984 1026 chorus
1038 970 1325 1024 Dominum
1353 971 1702 1039 sequebatur,
1739 971 1811 1024 ita
1843 986 1965 1024 mu-

385 1062 602 1123 lierum,
665 1060 874 1114 Domini
908 1060 1253 1129 disciplinam
1293 1060 1696 1128 recipientium,
1759 1075 1961 1112 corona

383 1155 556 1206 nostri
615 1152 824 1205 Domini
867 1150 1091 1204 Matrem
1137 1153 1583 1205 consectabatur.
1626 1150 1964 1205 Mirabantur

377 1245 544 1308 enim,
570 1243 766 1312 inquit,
795 1244 1087 1310 aliquando
1110 1242 1388 1311 discipuli,
1412 1243 1556 1311 quod
1590 1257 1713 1296 cum
1741 1242 1968 1295 muliere

383 1337 788 1406 loquebatur”.
856 1335 933 1388 Ex
973 1351 1083 1404 quo
1130 1335 1480 1388 manifestum
1550 1344 1634 1389 est
1671 1335 1960 1387 Dominum

384 1424 437 1477 id
471 1426 686 1493 quidem
724 1439 824 1478 usu
855 1433 1132 1493 receptum
1159 1441 1264 1477 non
1297 1425 1570 1478 habuisse.
1626 1423 1760 1478 Cum
1784 1423 1966 1492 itaque

379 1515 549 1568 Mater
595 1515 808 1570 Domini
845 1514 1119 1585 Evangelii
1163 1531 1386 1569 cursum
1437 1531 1541 1568 una
1572 1531 1695 1593 cuin
1746 1514 1884 1567 Filio
1915 1524 1968 1567 et

378 1623 563 1662 rerum
593 1607 890 1662 Conditore
933 1609 1278 1677 proueheret,
1333 1607 1612 1672 mulieres,
1677 1622 1798 1676 qua:
1845 1621 1965 1660 eam

2068 436 2195 488 περ,
2247 419 2434 488 φησὶν,
2473 419 2757 488 ήάπαρχὴ
2802 417 2911 471 τῶν
2953 419 3262 473 ἀποστόλων
3283 421 3456 492 Πέτρος
3483 428 3586 483 ὠνο-

2070 509 2251 578 μάσθη
2304 509 2390 562 διὰ
2444 509 2542 579 τὴν
2597 510 2895 564 ἀσάλευτον
2952 512 3171 575 πίστιν,
3234 515 3297 583 ἣν
3345 511 3467 588 εἶχεν
3513 524 3588 579 ἐπὶ

2067 601 2300 670 Χριστὸν
2350 599 2448 670 τὴν
2485 601 2693 671 πέτραν
2717 618 2730 630 ·
2764 601 2906 654 οὕτω
2953 603 3046 655 καὶ
3077 602 3236 672 αὑτὴ,
3271 605 3479 676 ἀρχηγὸς
3500 614 3585 666 τῶν

2078 693 2396 764 μαθητριῶν
2426 694 2717 765 γενομένη,
2744 695 2831 747 διὰ
2860 694 2960 764 τὴν
2981 695 3319 766 καθαρότητα
3349 700 3494 770 αὐτῆς
3515 706 3587 756 καὶ

2067 786 2159 838 τὸν
2191 786 2371 850 πόθον,
2401 786 2460 838 ὃν
2490 781 2635 856 εἶχεν
2670 789 2748 848 είς
2796 787 2976 850 αὐτὸν,
3030 787 3218 857 Μαρία
3248 789 3517 860 ὁμωνύμως
3539 797 3590 864 τῇ

2067 877 2252 947 Μητρὶ
2277 878 2430 949 παρὰ
2452 876 2546 930 τοῦ
2578 878 2826 949 Σωτῆρος
2851 879 3285 948 προσηγόρευται
3308 897 3322 912 ⁸
3351 879 3510 952 ὥσπερ
3534 886 3594 955 τῷ

2069 967 2318 1040 Δεσπότῃ
2342 966 2452 1019 τῶν
2477 966 2738 1037 μαθητῶν
2781 965 3067 1035 ἠκολούθει
3124 968 3152 1018 ὁ
3186 966 3360 1036 χορὸς,
3397 966 3519 1020 οὕτω
3541 975 3592 1040 τῇ

2067 1057 2337 1128 Δεσποίνῃ
2367 1057 2459 1110 καὶ
2497 1057 2680 1126 Μητρὶ
2710 1054 2803 1108 τοῦ
2829 1055 3034 1124 Κυρίου
3067 1054 3167 1107 τῶν
3192 1054 3598 1126 μαθητευομένων

2067 1146 2341 1213 γυναικῶν
2363 1147 2416 1197 κό
2466 1145 2646 1215 χορός.
2691 1143 3031 1214 Ἐθαύμαζον
3062 1144 3190 1214 γὰρ,
3227 1146 3399 1212 φησὶν,
3431 1146 3540 1197 ποτὲ
3560 1147 3598 1197 οἱ

2071 1237 2334 1307 μαθηταὶ,
2365 1238 2447 1291 ὃτι
2507 1237 2644 1306 μετὰ
2689 1235 2941 1303 γυναικὸς
2981 1236 3181 1289 ἐλάλει.
3215 1236 3394 1305 Δῆλον,
3437 1237 3501 1300 ὡς
3522 1240 3598 1292 οὐκ

2068 1327 2233 1398 οὔσης
2263 1329 2515 1397 τοιαύτης
2548 1327 2844 1396 συνηθείας
2874 1325 2952 1395 τῷ
2977 1327 3188 1396 Κυρίῳ,
3213 1325 3344 1378 ἀλλά
3361 1325 3441 1378 τὸν
3467 1329 3600 1394 εὐαγ-

2069 1417 2286 1485 γελικὸν
2328 1417 2528 1488 δρόμον
2574 1416 2670 1485 τῆς
2715 1416 2938 1486 Μητρὸς
2994 1414 3091 1467 τοῦ
3146 1416 3412 1467 Δεσπότου
3450 1417 3602 1479 συνεξ-

2068 1509 2337 1578 ανυούσης
2363 1510 2440 1580 τῷ
2471 1510 2581 1580 Υίῷ
2610 1510 2703 1563 καὶ
2731 1506 3076 1580 Δημιουργῷ,
3110 1507 3206 1561 καὶ
3228 1507 3384 1562 αὑταὶ
3411 1525 3602 1561 συνακο-

2068 1602 2358 1655 λουθοῦσαι
2389 1603 2526 1672 αὐτῇ
2560 1600 2637 1671 τῷ
2659 1601 2823 1671 κοινῷ
2845 1600 3096 1672 Δεσπότῃ
3129 1601 3195 1652 ὲκ
3231 1599 3338 1652 τῶν
3372 1599 3603 1668 ὑπαρχόν-

377 1699 803 1765 comitabantur,
837 1700 1119 1753 communi
1141 1699 1373 1754 Domino
1405 1700 1636 1769 ejusque
1669 1698 1956 1768 discipulis

2073 1713 2170 1748 των
2230 1697 2420 1759 αὑταῖς
2469 1695 2827 1762 ἀναγκαίοις,
2891 1695 2983 1748 καὶ
3033 1697 3147 1757 τοῖς
3211 1693 3464 1762 μαθηταῖς
3515 1692 3631 1760 διηί

375 1804 441 1844 ex
469 1789 826 1847 facultatibus
857 1794 973 1847 suis
1010 1791 1421 1847 ministrabant.

376 1943 704 2011 ρυΑεετιο
734 1945 893 2002 CLIX
914 1945 1098 2019 [CoisL
1125 1945 1459 2012 CLXXXIX,
1484 1944 1964 2015 Taur.CLXXIXJ.

381 2122 520 2189 Quid
547 2125 812 2195 signiﬁcat
847 2124 983 2177 illud
1014 2140 1032 2177 :
1091 2145 1106 2176 ι
1129 2126 1210 2178 Ea:
1239 2141 1318 2178 me
1345 2125 1456 2194 ipso
1482 2140 1584 2177 non
1617 2123 1862 2193 loquor"o
1892 2123 1956 2176 ί»

2074 1787 2285 1842 κόνουν.

2580 1941 2918 1995 ΕΡΩΤΗΣΙΣ
2979 1938 3147 1995 ΡΝΘ’.

2165 2122 2226 2175 Τί
2262 2121 2395 2176 ἐστι
2427 2123 2496 2174 τό
2513 2137 2528 2152 ’
2614 2119 2763 2190 Ἐγὼ
2791 2121 2892 2176 ἀπ’
2921 2119 3182 2190 ἐμαυτοῦ
3209 2121 3285 2174 οὐ
3313 2119 3506 2184 .2α.ιῶ;
3537 2135 3557 2170 ι

781 2305 1034 2355 Editarum
1053 2319 1081 2353 a
1106 2304 1283 2353 Wolﬁo
1304 2302 1543 2368 vigesima
1563 2304 1779 2354 secunda
1806 2305 1863 2367 (Ι.
1886 2318 1953 2366 c.,
1976 2318 2025 2367 p.
2050 2303 2276 2354 786-789.
2306 2302 2532 2352 Galland.
2561 2303 2595 2350 l.
2623 2315 2650 2351 c
2675 2339 2689 2365 ,
2713 2316 2760 2365 p.
2784 2300 2994 2351 742-745
3020 2314 3068 2349 η.
3091 2301 3196 2363 58).

455 2479 895 2536 Pseudumessiae
922 2493 988 2532 ex
1020 2492 1079 2533 se
1102 2478 1240 2547 ipsis
1262 2477 1652 2547 loquebantur,
1685 2493 1795 2531 non
1832 2493 1961 2531 vero

377 2588 445 2627 ex
476 2571 614 2641 lege,
652 2585 752 2624 nec
802 2584 865 2623 ex
913 2569 1216 2638 pt-Ophetis,
1251 2570 1346 2623 sed
1392 2584 1458 2624 ex
1485 2585 1583 2624 sua
1604 2571 1868 2624 sententia
1909 2578 1964 2623 et

378 2661 627 2717 arbitrio.
697 2660 896 2713 Contra
945 2657 1204 2713 Servatur
1270 2676 1300 2714 a
1343 2658 1458 2730 lege
1506 2675 1610 2714 non
1656 2660 1960 2723 recedebat,

379 2769 489 2807 non
549 2752 836 2806 omittebat
877 2752 1192 2821 pr0phetas,
1253 2751 1349 2806 sed
1379 2752 1618 2816 dicebat,
1668 2751 1962 2819 nuncqui-

375 2845 498 2900 dem
530 2862 542 2896 :
581 2845 784 2898 «Recte
835 2843 973 2897 dixit
997 2843 1227 2896 lsaias‘-H
1253 2861 1268 2908 ;
1293 2862 1312 2894 ι
1347 2858 1494 2898 nunc
1529 2857 1660 2897 vero
1689 2862 1702 2897 :
1734 2862 1750 2894 ι
1774 2841 1966 2896 Nonne

380 2937 430 2988 in
491 2935 606 3004 lege
641 2941 827 2987 vestra
857 2933 1121 3001 scriptum
1161 2933 1338 2999 est“,
1369 2952 1386 2984 ι
1438 2943 1492 2988 et
1548 2934 1782 3004 plurima
1815 2934 1965 3002 ejus-

380 3028 526 3081 modi
577 3026 704 3080 alia.
782 3025 1052 3091 Quoniam
1114 3025 1301 3095 igitur,
1355 3026 1448 3095 qui
1503 3036 1630 3082 ante
1681 3025 1962 3080 Christum

2143 2477 2204 2531 Ot
2229 2475 2607 2546 ψευδόχριςτοι
2628 2475 2719 2544 ἀφ’
2749 2475 2958 2528 ἑαυτῶν
2989 2474 3242 2541 ἐλάλουν,
3263 2463 3362 2529 οὑκ
3381 2478 3441 2530 ὲκ
3460 2477 3621 2547 νόμον,

2071 2573 2171 2622 οὐκ
2202 2571 2266 2622 ὲκ
2305 2569 2625 2639 προφητῶν,
2685 2570 2802 2622 ἀλλ’
2827 2570 2935 2622 ἀπὸ
2977 2571 3078 2640 τῆς
3108 2569 3252 2633 ἰδίας
3283 2571 3500 2641 γνώμης
3547 2571 3622 2623 ναὶ

2069 2659 2248 2732 ὁρμῆς
2276 2674 2287 2686 ·
2320 2659 2348 2710 ὁ
2381 2659 2437 2710 δὲ
2462 2659 2653 2730 Σωτὴρ
2680 2661 2780 2712 οὐκ
2805 2661 3021 2731 ἀπέστη
3054 2661 3250 2730 νόμου,
3283 2662 3381 2713 οὐκ
3424 2663 3624 2729 ἐγκατα-

2071 2751 2321 2804 λέλοιπεν
2375 2753 2682 2820 προφήτας,
2737 2751 2854 2804 ἀλλ’
2888 2751 3042 2819 ἔλεγε
3086 2752 3185 2804 νῦν
3232 2752 3352 2822 μὲν,
3391 2771 3407 2802 ι
3459 2750 3622 2811 Καλῶς

2071 2840 2225 2896 εἶπεν
2269 2843 2518 2906 Ἡσαΐας
2557 2842 2650 2895 νῦν
2680 2843 2755 2908 δὲ,
2793 2861 2811 2893 ι
2850 2844 2925 2896 Οὐ
2951 2844 3272 2915 γέγραπται
3307 2849 3364 2897 ἐν
3402 2843 3476 2913 τῷ
3504 2842 3630 2912 νόμῳ

2073 2935 2245 3004 ὑμῶν,
2273 2954 2292 2986 ι
2317 2936 2410 2988 καὶ
2440 2935 2609 3006 μυρία
2640 2935 2884 2988 τοιαῦτα.
2905 2936 3060 2988 Ἐπεὶ
3079 2935 3174 2989 οὖν
3202 2937 3252 2989 οἱ
3278 2935 3514 2998 ἐλθόντες
3541 2933 3629 3002 πρὸ

2071 3028 2329 3097 Χριστοῦ,
2365 3031 2460 3081 καὶ
2488 3029 2547 3080 τὸ
2570 3027 2781 3082 ἐκείνου
2809 3029 3130 3099 περιθέντες
3158 3030 3377 3090 ἑαυτοῖς
3417 3024 3630 3095 κακούρ-

377 3119 694 3181 veniebant,
753 3117 986 3186 ejusque
1037 3132 1235 3171 nomen
1293 3117 1430 3171 male
1475 3117 1582 3172 sibi
1627 3117 1961 3181 tribuebant,

2073 3137 2180 3187 γως
2208 3120 2402 3189 ὄνομα,
2434 3121 2534 3172 οὐκ
2567 3121 2675 3173 ἀπὸ
2707 3121 2817 3174 τῶν
2848 3122 3009 3192 ἱερῶν
3040 3121 3300 3193 Γραφῶν,
3326 3119 3436 3174 ἀλλ’
3469 3121 3528 3172 ὲκ
3551 3118 3632 3186 τῆς

381 3224 488 3262 non
525 3223 590 3262 ex
623 3207 798 3262 sacris
844 3206 1086 3270 Litteris,
1113 3207 1206 3262 sed
1247 3223 1312 3262 ex
1350 3224 1448 3262 sua
1481 3208 1717 3263 amentia
1751 3223 1966 3262 errores

380 3299 662 3363 serebant;
695 3297 820 3351 ideo
883 3295 1146 3352 Servator
1182 3308 1368 3352 noster
1413 3299 1488 3352 ait
1526 3317 1540 3351 :
1577 3316 1597 3351 ι
1632 3299 1743 3368 Ego
1780 3313 1845 3352 ex
1881 3312 1967 3352 mc

381 3385 500 3454 ipso
541 3399 650 3438 non
680 3384 902 3452 loquor,
934 3385 1231 3440 sicutilii.»
1289 3385 1366 3440 Ex
1389 3401 1448 3441 se
1482 3387 1597 3456 ipso
1635 3389 1779 3442 enim
1817 3387 1965 3456 loqui

381 3475 523 3528 idem
575 3483 679 3537 est,
736 3483 899 3544 atque
937 3484 1132 3544 praeter
1180 3475 1520 3547 Scripturam
1549 3493 1761 3531 sacram
1792 3479 1962 3546 loqui.

383 3568 540 3633 Quod
620 3581 749 3622 vero
809 3568 1348 3637 pseudomessiarum
1413 3580 1463 3623 et
1523 3569 1965 3638 pseudopmphc-

383 3668 561 3712 tarum
613 3655 706 3721 sit,
766 3673 785 3707 ι
811 3670 878 3710 ex
907 3671 966 3710 se
989 3656 1125 3725 ipsis
1157 3658 1368 3727 loqui,»
1411 3658 1464 3711 id
1533 3656 1678 3712 Deus
1723 3660 1840 3728 ipse
1871 3673 1967 3728 per

381 3745 704 3816 prophetam
734 3744 1076 3800 Ezechielem
1123 3754 1472 3810 testatusest,
1524 3745 1716 3800 dicens
1755 3761 1770 3798 :
1819 3742 1963 3798 «Non

380 3837 510 3893 misi
553 3851 649 3892 eos
681 3853 697 3903 ;
725 3851 793 3891 ex
852 3851 913 3891 se
969 3835 1103 3906 ipsis
1152 3844 1281 3891 sunt
1325 3837 1528 3905 locuti;
1580 3853 1648 3892 ex
1672 3837 1837 3892 corde
1865 3851 1966 3892 suo

379 3931 750 4000 loquuntur»
817 3927 1086 3994 Quoniam
1147 3929 1331 3999 itaque
1381 3930 1872 4000 pseudopropheta:
1900 3945 1966 3982 ex

381 4038 441 4078 se
473 4022 607 4091 ipsis
635 4020 1024 4090 loquebantur,
1080 4020 1221 4074 hanc
1271 4020 1567 4074 amentiam
1602 4035 1633 4074 a
1670 4036 1729 4075 se
1774 4019 1967 4074 amoli-

357 4124 493 4168 'tur..
537 4111 789 4183 lmproba
819 4112 964 4166 enim
999 4110 1316 4166 Judaaorum
1366 4127 1497 4181 gens
1526 4127 1777 4168 erronem
1810 4112 1964 4166 illum

381 4219 545 4269 esse,
624 4214 677 4260 et
762 4204 1028 4259 mundum
1096 4213 1408 4274 pervertere
1508 4205 1964 4260 calumniabatur.

382 4296 678 4365 Propterea
735 4297 920 4351 aiebat
952 4313 967 4351 :
1024 4315 1043 4348 ι
1070 4294 1180 4367 Ego
1211 4310 1276 4352 ex
1305 4310 1392 4350 me
1419 4296 1537 4366 ipso
1565 4312 1672 4351 non
1700 4297 1918 4367 loquor,
1943 4317 1961 4350 ι

381 4389 474 4444 sed
516 4403 582 4442 ex
624 4387 759 4457 lege,
826 4403 892 4442 ex
922 4388 1206 4458 prOphetis
1245 4405 1259 4442 :
1306 4403 1429 4456 qua:
1455 4404 1520 4442 ex
1564 4388 1723 4444 Patre
1747 4390 1800 4443 in
1827 4390 1963 4460 lege,

2075 3211 2210 3274 ἰδίας
2247 3212 2509 3274 ἀπονοίας
2529 3212 2598 3265 τὰ
2637 3213 2740 3283 τῆς
2793 3213 3006 3282 πλάνης
3049 3212 3478 3284 προυϐάλλοντο,
3505 3209 3632 3277 λέγει

2068 3304 2095 3355 ὁ
2118 3303 2310 3373 Σωτήρ
2340 3317 2355 3331 ’
2398 3322 2416 3354 ι
2460 3303 2602 3371 Ἐγὼ
2637 3305 2732 3357 ἀπ’
2763 3305 3008 3374 ἐμαυτοῦ
3037 3309 3096 3358 οὐ
3120 3305 3293 3368 λαλῶ,
3317 3305 3497 3375 ῶσπερ
3515 3304 3635 3356 ἐκεῖ·

2070 3411 2169 3446 νοι.
2210 3413 2229 3446 ι
2260 3395 2332 3446 Τὸ
2365 3393 2474 3466 γὰρ
2500 3395 2594 3464 ἀφ’
2635 3395 2833 3448 ἑαυτοῦ
2865 3396 3070 3460 λαλεῖν,
3103 3396 3168 3449 τὺ
3209 3396 3317 3460 ἔξω
3348 3393 3454 3448 τῶν
3496 3390 3633 3463 ἱερῶν

2069 3486 2301 3558 Γραφῶν
2342 3489 2456 3540 ἐστι
2507 3488 2709 3543 λαλεῖν.
2747 3489 2866 3542 Ὅτι
2895 3489 2952 3541 δὲ
2998 3489 3059 3542 τὸ
3093 3490 3193 3555 ἀφ’
3239 3487 3432 3541 ἑαυτοῦ
3480 3486 3637 3539 λαλεῖν

2071 3577 2473 3648 ψευδοχρίστων
2495 3580 2611 3632 ἐστὶ
2632 3580 2726 3633 καὶ
2754 3579 3250 3652 ψευδοπροφητῶν,
3280 3579 3427 3648 λέγει
3458 3579 3536 3630 διὰ
3555 3573 3634 3628 τοῦ

2070 3671 2350 3741 προφήτου
2372 3669 2465 3724 τοῦ
2504 3670 2753 3742 Ἐζεκιὴλ
2783 3670 2895 3741 (72)
2925 3675 2952 3726 ὁ
2975 3672 3106 3736 Θεός
3126 3689 3139 3701 ·
3178 3692 3198 3724 ι
3229 3675 3344 3727 Οὐκ
3374 3668 3639 3725 ἀπέστειλα

2068 3762 2286 3827 αὐτοὺς,
2313 3763 2406 3830 ἀφ’
2444 3762 2652 3816 ἑαυτῶν
2678 3763 2980 3835 ἐλάλησαν·
3006 3764 3070 3818 ὲκ
3088 3764 3193 3834 τῆς
3226 3763 3454 3836 καρδίας
3482 3758 3638 3814 αὐτῶν

2069 3853 2419 3922 φθέγγονται.
2461 3873 2480 3906 ι
2529 3855 2684 3909 Ἐπεὶ
2719 3851 2813 3910 οὖν
2835 3858 2883 3909 οἱ
2914 3856 3375 3928 ψευδοπροφῆται
3399 3855 3489 3924 ἀφ’
3529 3854 3638 3904 ἑαυ-

2067 3944 2175 3998 τῶν
2218 3947 2541 4018 ἐκήρυττον,
2580 3948 2787 4018 ταύτην
2816 3949 3192 4020 ἀποδυόμενος
3239 3949 3342 4020 τὴν
3407 3947 3637 4001 ἀπόνοιαν

2071 4038 2316 4109 (καὶγὰρ
2346 4040 2646 4111 ὲδυσφήμει
2677 4040 2810 4112 (η’)
2844 4041 2904 4094 τὸ
2934 4043 3236 4113 ἀχάριστον
3257 4044 3367 4096 τῶν
3404 4038 3640 4094 Ἰουδαίων

2071 4128 2223 4193 ἔθνος
2267 4130 2468 4186 πλάνον
2523 4132 2684 4185 αὐτὸν
2714 4134 2765 4203 (7
2776 4133 2832 4204 5)
2880 4136 2973 4187 καὶ
3026 4135 3245 4207 πλανᾷν
3299 4135 3392 4186 τὸν
3433 4129 3635 4198 κόσμον)

2069 4220 2157 4274 διὰ
2180 4220 2338 4275 τοῦτο
2367 4222 2552 4292 ἔλεγεν
2568 4239 2582 4254 ·
2605 4243 2623 4276 ι
2648 4223 2788 4294 Ἐγὼ
2813 4227 2906 4279 ἀπ’
2935 4225 3181 4297 ἐμαυτοῦ
3208 4227 3272 4280 οὐ
3301 4224 3468 4288 λαλῶ,
3499 4242 3518 4275 ι
3543 4220 3640 4275 ἀλλ’

2069 4313 2179 4367 ἀπὸ
2213 4315 2405 4382 νόμου,
2441 4316 2549 4370 ἀπὸ
2597 4316 2705 4371 τῶν
2751 4318 3071 4389 προφητῶν,
3105 4319 3213 4373 ὅσα
3268 4320 3475 4388 ἥκουσα
3506 4310 3639 4382 παρὰ

2070 4406 2163 4459 τοῦ
2199 4407 2410 4478 Πατρὺς
2437 4409 2494 4461 ἐν
2522 4410 2690 4480 νόμῳ,
2722 4410 2779 4463 ὲν
2799 4412 3109 4481 προφήταις
3128 4429 3142 4443 ο
3183 4414 3252 4464 ὲκ
3283 4408 3568 4481 προσώπου
3595 4402 3642 4454 δὲ

381 4489 436 4534 et
485 4479 539 4534 in
577 4479 861 4550 prophetis
909 4479 1114 4534 audivi.
1177 4479 1373 4534 Habito
1411 4496 1540 4534 vero
1571 4481 1634 4534 ad
1667 4482 1960 4535 humanam

2073 4498 2172 4566 τῆς
2197 4500 2399 4569 σαρκὸς
2425 4498 2597 4554 ταῦτα
2630 4501 2801 4570 λέγει,
2833 4505 2926 4556 καὶ
2948 4505 3027 4566 εἰς
3061 4503 3315 4556 διάλυσιν
3349 4503 3447 4571 τῆς
3473 4499 3641 4551 δυσσε-

383 4585 536 4624 suam
562 4577 817 4624 naturam
862 4577 1151 4639 respectu,
1191 4579 1247 4623 et
1278 4569 1346 4624 ad
1384 4569 1747 4625 ameliendam
1805 4571 1968 4626 mali-

384 4678 546 4733 gnam
571 4662 722 4718 illam
756 4663 826 4718 de
867 4677 926 4719 se
952 4664 1344 4734 suspicionem,
1400 4665 1474 4719 ita
1510 4665 1772 4735 loquitur.
1811 4684 1829 4717 ι
1863 4664 1969 4721 Vos

383 4767 539 4820 vero,
562 4771 581 4803 ι
612 4753 782 4818 addit,
839 4771 858 4806 ι
887 4769 974 4821 ea,
1004 4754 1332 4826 (loquimini)
1362 4771 1482 4826 quae
1511 4772 1575 4812 ex
1602 4766 1756 4827 patre
1788 4768 1970 4812 vestro

384 4844 634 4913 diabolo,
658 4845 969 4903 audivistis.
1007 4866 1026 4901 ι
1069 4846 1223 4904 Sicut
1246 4849 1414 4917 enim,
1459 4865 1580 4918 quae
1605 4851 1781 4920 patris
1819 4858 1968 4915 sunt,

383 4937 721 4994 hatreditatis
773 4939 893 4995 loco
949 4940 1076 4997 (iliis
1096 4942 1424 5014 obtingunt,
1458 4942 1533 4997 ita
1565 4951 1619 4998 et
1663 4957 1785 5012 qua:
1821 4942 1969 4999 illius

2073 4590 2274 4662 δούσης
2292 4592 2568 4658 ὑπονοίας·
2600 4613 2619 4646 ι
2656 4594 2848 4664 Ὑμεῖς
2867 4595 2945 4659 δὲ,
2971 4597 3071 4650 ὅσα
3090 4595 3375 4667 ἠκούσατε
3403 4591 3547 4665 παρὰ
3562 4585 3641 4642 τοῦ

2073 4682 2281 4752 πατρὸς
2311 4683 2464 4754 ὑμῶν
2513 4685 2608 4738 τοῦ
2637 4685 2905 4742 διαϐόλου.
2957 4707 2976 4739 ι
3004 4687 3088 4740 Τὰ
3132 4688 3248 4758 γὰρ
3316 4685 3410 4740 τοῦ
3462 4681 3642 4750 mna)»:

2075 4775 2276 4844 κλῆρος
2302 4775 2510 4844 γίνεται
2535 4781 2645 4842 τοῖς
2669 4781 2847 4843 παισὶ,
2882 4780 2976 4833 καὶ
3013 4779 3102 4832 διά
3157 4779 3324 4833 τοῦτο
3359 4779 3427 4832 τὰ
3457 4773 3642 4829 ἐκείνου

2075 4863 2287 4931 γίνεται
2327 4864 2436 4917 ’τῶν
2479 4864 2864 4938 κληρονόμων⁸
2891 4868 2966 4931 ὡς
3004 4867 3119 4921 ἴσον
3155 4865 3398 4920 ἐνταῦθα
3430 4857 3642 4930 καθορᾶ·

2078 4953 2224 5020 σθαι,
2257 4953 2350 5007 καὶ
2377 4957 2457 5019 εἰς
2483 4959 2680 5012 ταυτὸν
2711 4959 2951 5014 συνιέναι
3013 4960 3074 5014 τὸ
3104 4959 3170 5025 ἐξ
3213 4958 3427 5015 ἑαυτῶν
3458 4952 3641 5016 λαλεῖν,

453 5142 501 5177 ⁸³
531 5144 695 5203 Joan.
734 5161 810 5212 iv,
839 5145 935 5201 9.7.
966 5147 1011 5178 ὀ
1051 5143 1210 5201 Joau.
1243 5159 1355 5211 xtv,
1380 5144 1467 5200 10.
1500 5145 1543 5177 οι
1613 5147 1808 5206 Matth.
1845 5167 1937 5218 xv,

2073 5152 2106 5183 ’³
2132 5150 2292 5209 Joan.
2319 5169 2376 5219 κ,
2407 5155 2497 5209 54.

1911 5331 2146 5392 NOTAE.

451 5487 591 5558 (71‘)
634 5487 898 5551 Ἰωάννου¹
918 5485 1092 5541 habeo
1118 5504 1182 5542 ex
1212 5486 1455 5558 Qolbert.

454 5555 579 5627 (72)
603 5558 854 5614 Alludere
871 5558 1088 5612 videtur
1111 5558 1176 5611 ad
1211 5555 1412 5615 Ezech.
1446 5575 1567 5625 xm.
1593 5560 1651 5615 6.

455 5627 590 5699 (72')
631 5628 860 5685 Verbum
891 5628 1190 5700 ὲδυσφήμει
1240 5627 1414 5687 debeo
1455 5628 1786 5698 Colbertino,
1822 5635 1966 5705 quod

2079 5494 2134 5549 in
2155 5495 2329 5550 altero
2351 5497 2554 5552 deerat.

2147 5565 2260 5635 (75)
2299 5567 2388 5640 Sic
2409 5569 2593 5640 scribo
2625 5583 2725 5638 pro
2750 5568 2949 5640 πλάνον
2967 5567 3141 5640 αὐτῷ,
3164 5567 3390 5638 quando
3417 5562 3634 5627 Gallien-

2076 5635 2218 5693 idem
2255 5637 2395 5693 male
2426 5655 2439 5692 :
2475 5635 2690 5694 πλάνῶν
2721 5639 2904 5697 αὐτόν.
