3828 6202
192 185 284 249 ς83Ἰ
1016 178 1114 237 AD
1143 169 1734 264 AMPIIILOCHIUM

1863 163 2116 224 leSTIO
2172 165 2368 237 CLIX,
2418 165 2579 225 CLX.
3319 163 3422 228 833

200 299 350 355 καὶτὸ
388 299 450 351 ἐκ
486 294 579 348 τοῦ
613 294 816 365 πατρὸς
871 294 1050 350 αὐτῶν
1099 293 1192 346 τοῦ
1238 291 1485 345 διαϐόλου
1517 289 1697 342 λαλεῖν
1724 290 1738 304 ⁸

1863 293 1996 349 sunt,
2043 282 2108 337 ad
2144 282 2386 338 haeredcs
2426 280 2794 352 perferuntur.
2854 279 3041 354 Itaque
3075 281 3275 337 similia
3307 282 3422 337 haec

196 391 358 459 ὥσπερ
404 388 430 439 6
477 388 714 458 Χριστὸς
774 385 946 440 ἐλθὼν
979 385 1197 454 ἐγένετο
1225 383 1500 454 πλήρωμα
1553 380 1740 450 νόμου,

1863 375 1953 429 sibi
1997 375 2228 430 invicem
2259 389 2402 440 esse,
2462 384 2514 427 et
2563 375 2703 428 idem
2746 374 2948 429 inferre
2993 383 3236 445 apparet,
3267 390 3333 429 ex
3367 391 3426 429 se

197 481 276 534 καὶ
308 477 609 548 προφητῶν,
641 476 784 530 οὕτω
835 477 929 529 καὶ
972 475 1032 529 τὸ
1079 473 1303 543 Πνεῦμα
1342 471 1614 541 πλήρωμα
1649 467 1742 520 τοῦ

1869 467 1981 538 psis
2021 467 2188 539 loqui,
2215 477 2267 523 et
2295 484 2358 523 ex
2381 476 2536 538 patre
2559 495 2564 502 ·
2591 468 2809 523 ᾶίοὺοῖο
2858 469 3028 539 loqui.
3080 469 3232 526 Sicut
3266 484 3428 540 porro

195 573 516 643 Εὐαγγελίου.
538 574 772 642 Χριστὸς
800 571 970 624 ἐλθὼν
1013 570 1343 624 ὲ6ε6αεωσεν
1366 567 1436 619 τὰ
1473 565 1622 634 παρὰ
1650 562 1742 616 τοῦ

1863 560 2120 625 3hristus,
2146 563 2200 615 in
2231 576 2453 616 carnem
2495 561 2743 623 veniens,
2799 563 3256 631 complementum
3293 563 3426 634 legis

196 663 378 732 Πατρὸς
410 665 464 714 ὲν
487 661 562 730 τῷ
585 650 859 733 νόμῳΠιί)
888 661 1151 734 εἰρημένα
1175 661 1270 714 καὶ
1302 658 1628 731 προφήταις,
1666 656 1745 708 διὸ

1863 653 1987 719 fuit,
2038 655 2109 707 ita
2168 662 2223 707 et
2253 653 2490 723 Spiritus
2533 655 2991 724 complementum
3025 654 3300 726 Evangelii
3326 673 3424 711 ex-

1847 743 2009 797 stitit.
2067 741 2319 797 Christus
2345 743 2640 798 adveniens
2666 743 3013 796 confirmavit
3062 759 3182 811 qua:
3209 759 3238 796 a
3271 743 3428 796 l’atre

1850 837 1904 890 in
1961 835 2077 906 lege
2131 844 2183 890 et
2229 836 2508 906 prophetis
2553 836 2698 891 dicta
2763 845 2939 889 ertmt.
3032 835 3324 905 Pmpterea
3377 846 3432 890 et

1851 926 2055 983 Paulus
2089 929 2180 983 ait-
2207 947 2222 983 :
2274 945 2292 980 ι
2315 928 2568 984 Christus
2594 937 2679 985 est
2708 928 3120 1000 implementqu
3154 929 3372 997 leg’s".
3404 948 3422 980 ι

1850 1019 2105 1074 Vicissim
2151 1019 2385 1089 Spiritus
2420 1031 2664 1084 sanctus,
2695 1033 2885 1092 postea
2916 1022 3166 1085 veniens,
3193 1021 3434 1091 implevit

193 754 272 805 καὶ
298 752 434 818 λέγει
461 751 672 815 Παῦλος
700 767 713 780 ο
748 771 766 801 ι
800 752 1080 822 Πλήρωμα
1108 749 1272 820 νόμου
1295 747 1527 819 Χριστός
1551 748 1739 817 (74”)·›

195 847 244 900 τὸ
274 845 483 916 Πνεῦμα
520 847 584 899 τὸ
629 847 784 915 ἅγιον
822 846 1110 916 ἐπλήρωσε
1147 843 1217 896 τὰ
1246 844 1341 895 τοῦ
1370 839 1707 908 Εὐαγγελίου
1729 855 1743 869 ο

193 941 277 994 ὅσα
297 939 434 991 ἐστὶν
457 941 514 992 ὲν
545 941 609 1009 τῇ
639 937 878 1009 Χριστοῦ
901 935 1244 1006 διδασκαλίᾳ,
1267 934 1326 987 τὸ
1349 932 1572 1002 Πνεῦμα
1607 931 1742 1001 πλη-

197 1033 302 1102 ροῖ·
337 1032 430 1083 ὅσα
458 1032 514 1082 ὲν
545 1034 611 1100 τῇ
639 1029 733 1083 τοῦ
766 1031 960 1100 νόμου,
996 1031 1025 1082 ὁ
1050 1027 1288 1099 Χριστός
1312 1042 1328 1057 ·
1349 1024 1474 1094 οὐχὶ
1505 1025 1580 1087 ὡς
1619 1025 1745 1076 ἁτεο

194 1119 304 1183 λοῦς
329 1121 472 1183 ὄντος
495 1121 590 1174 τοῦ
620 1122 854 1192 Πατρὸς,
881 1119 994 1174 ἀλλ’
1020 1119 1095 1180 ὡς
1126 1118 1469 1189 ἑρμηνευτὴς
1508 1115 1616 1168 τῶν
1649 1113 1744 1167 τοῦ

193 1211 383 1282 Πατρὸς
415 1211 509 1265 καὶ
532 1211 848 1282 τελειωτής.
878 1211 1033 1264 Οὕτω
1072 1209 1130 1262 δὲ
1164 1210 1258 1262 καὶ
1283 1207 1344 1260 τὸ
1375 1205 1598 1276 Πνεῦμα
1629 1205 1744 1258 δια-

194 1305 336 1372 σαφοί
379 1303 470 1354 καὶ
517 1302 792 1371 διατρανοῖ
823 1302 894 1355 τὰ
919 1301 1014 1354 τοῦ
1044 1301 1199 1356 Υὶοῦ.
1246 1299 1356 1354 Καὶ
1401 1297 1509 1366 γάρ
1541 1314 1708 1368 φησιν
1728 1313 1739 1324 ·

195 1413 211 1444 ι
238 1392 400 1446 Πολλὰ
430 1392 540 1464 ἔχω
572 1395 699 1463 ὑμῖν
720 1393 918 1459 λαλεῖν,
943 1394 1058 1448 ἀλλ’
1087 1395 1150 1447 οὐ
1177 1391 1409 1446 δύνασθε
1457 1389 1747 1460 βαστάζειν

190 1484 328 1554 ἄρμ’
358 1486 482 1539 ὅταν
539 1486 596 1539 δὲ
631 1487 759 1560 ἔλθῃ
809 1488 870 1540 τὸ
902 1485 1126 1558 Πνεῦμα
1162 1487 1225 1538 τὸ
1263 1484 1438 1552 ἅγιον,
1491 1482 1747 1553 ὁδηγήσει

189 1577 315 1643 ὑμᾶς
346 1579 424 1640 εἰς
455 1579 637 1630 πᾶσαν
665 1579 762 1649 τὴν
801 1578 1080 1649 ἀλήθειαν,
1113 1597 1130 1630 ι
1176 1579 1270 1632 καὶ
1315 1577 1464 1646 ἑξῆς.
1499 1577 1622 1629 ’Ότι
1653 1575 1744 1642 ἀφ’

189 1666 362 1720 ἑαυτοῦ
390 1668 449 1720 οὐ
471 1667 652 1721 λαλεῖ·
676 1669 737 1722 οὐ
763 1667 870 1742 γὰρ
909 1669 1331 1738 ἀντιφθέγγεται
1371 1667 1449 1738 τῷ
1467 1667 1600 1737 Υἱῴ,
1627 1667 1741 1719 ἀλλ’

183 1754 468 1828 ἀναπληροῖ
494 1757 564 1812 τὰ
588 1759 683 1812 τοῦ
711 1760 865 1826 Υἱοῦ,
894 1761 1015 1814 καθ’
1039 1760 1098 1815 ὃν
1124 1763 1323 1832 τρόπον
1353 1761 1379 1812 6
1412 1759 1537 1821 Υἱὸς
1566 1759 1634 1812 τὰ
1649 1757 1743 1811 τοῦ

184 1845 400 1916 Πατρός.
438 1847 561 1900 Ὅτι
595 1847 654 1900 ἐν
683 1848 856 1919 τούτῳ
892 1848 970 1918 τῷ
1015 1838 1159 1919 λόγῳ
1207 1848 1461 1919 εὑρήσεις
1500 1848 1638 1917 πρὸς
1669 1847 1746 1917 τῷ

181 1935 308 1988 τέλει
323 1937 630 2002 δεικνύντος
646 1939 739 1993 τοῦ
757 1942 802 1993 Χ
809 1940 1146 2011 ρυσοστόμου
1166 1940 1304 2012 (75),
1323 1942 1405 1994 ὅτι
1421 1941 1454 2012 ἡ
1473 1941 1746 2010 ἀποστολὴ

182 2027 291 2082 οὔτε
313 2030 400 2082 τὸν
424 2031 574 2094 Υἱὺν,
601 2031 724 2085 οὔτε
747 2033 806 2086 τὸ
838 2034 1061 2102 Πνεῦμα
1081 2034 1291 2088 ἐλάττω
1324 2037 1470 2087 ποιεῖ
1506 2033 1599 2088 τοῦ
1639 2035 1749 2087 Πα-

179 2121 313 2191 τρὸς,
350 2123 431 2176 ὅτι
456 2123 553 2176 καὶ
579 2123 784 2188 αὑτὸςὸ
806 2127 996 2196 Πατὴρ
1033 2127 1420 2182 ἀποστέλλεται
1446 2126 1598 2197 παρὰ
1650 2124 1745 2179 τοῦ

180 2211 504 2281 Πνεύματος,
527 2215 620 2268 καὶ
637 2216 790 2285 παρὰ
809 2215 904 2268 τοῦ
928 2215 1058 2270 Υἱοῦ
1080 2233 1093 2246 ·
1120 2216 1268 2285 λέγει
1299 2219 1490 2280 αὑταῖς
1513 2215 1744 2280 λέξεσιν·

190 2302 302 2355 Ἐάν
325 2321 404 2358 σοι
421 2305 584 2372 δείξω
602 2307 692 2358 τὸν
711 2307 948 2379 Ποιητὴν
978 2308 1209 2376 οὐρανοῦ
1229 2309 1326 2362 καὶ
1349 2312 1453 2378 γῆς
1483 2309 1748 2363 ἀποστελ-

178 2394 572 2472 λόμενονκπαρέι
599 2399 693 2454 τοῦ
721 2400 1061 2471 Πνεύματος,
1087 2402 1181 2454 καὶ
1214 2404 1366 2472 παρὰ
1384 2402 1478 2456 τοῦ
1518 2402 1673 2467 Υἱοῦ,
1694 2402 1748 2455 τί

176 2491 338 2553 ποιεῖς
355 2507 370 2556 ;
392 2492 425 2562 ἢ
444 2491 680 2563 ἄρνησαι
694 2492 784 2545 τὸν
798 2493 1052 2564 Χριστὸν,
1074 2495 1165 2546 καὶ
1184 2493 1486 2566 ἀπόρριψον
1504 2494 1634 2564 (75”)
1652 2497 1747 2558 τὰς

175 2580 416 2650 Γραφάςο
451 2585 513 2656 ἢ,
542 2583 811 2648 δοῦλοςῶν
847 2585 957 2638 τῶν
989 2585 1242 2655 Γραφῶν,
1287 2587 1588 2656 ὑποτάττου
1627 2587 1749 2646 ταῖς

174 2660 425 2741 Γραᾷαἰς.
489 2676 601 2728 Καὶ
635 2676 760 2743 ποῦ,
810 2678 993 2748 φησὶν,
1061 2677 1276 2749 εἴρηται
1320 2678 1511 2744 τοῦτο;
1550 2678 1748 2731 ’Ἄκουε

173 2766 258 2819 τοῦ
296 2768 431 2822 Θεοῦ
455 2770 546 2823 διὰ
569 2770 662 2823 τοῦ
701 2775 985 2843 προφήτου
1039 2773 1290 2841 λέγοντος
1343 2773 1564 2827 Ἡσαΐου
1593 2773 1745 2843 (76)"

179 2875 196 2906 ‹
229 2856 419 2913 Ἄκουὲ
449 2879 575 2932 μου,
607 2863 843 2935 Ἰσραὴλ,
876 2864 936 2917 ὃν
965 2863 1078 2933 ἐγὼ
1104 2864 1254 2918 καλῶ
1274 2882 1287 2895 ·
1327 2884 1346 2917 ι
1383 2867 1473 2918 καὶ
1494 2866 1623 2937 ὃλην
1649 2865 1746 2936 τὴν

1849 1301 1963 1354 dita
2011 1308 2159 1364 sum,
2219 1317 2281 1355 ea
2345 1300 2594 1355 Christus
2650 1299 2896 1370 implevit
2948 1318 2961 1353 :

1848 1127 1911 1166 ea
1955 1129 2076 1182 quze
2101 1123 2225 1167 sunt
2257 1112 2552 1183 Evangelii.
2582 1113 2934 1184 Quaecunque
2952 1113 3154 1168 Christi
3186 1111 3432 1168 doctrina

1851 1208 2224 1272 continentur,
2253 1222 2314 1260 ea
2352 1208 2592 1277 Spiritus
2623 1218 2874 1273 sanctus;
2915 1222 3036 1277 quae
3078 1207 3136 1261 in
3178 1207 3293 1275 lege
3325 1215 3435 1259 tra-

3017 1314 3126 1353 non
3185 1298 3430 1367 quidem,

1853 1392 2012 1462 quasi
2037 1391 2198 1446 Pater
2238 1392 2372 1446 nihil
2408 1392 2497 1448 hic
2583 1391 2791 1455 fecerit,
2850 1390 2946 1446 sed
3000 1389 3145 1460 quod
3177 1390 3434 1445 Christus

1855 1483 2125 1552 interpres
2167 1489 2221 1536 et
2263 1491 2678 1537 eonsummator
2708 1481 2978 1534 dictorum
3011 1495 3042 1533 a
3071 1479 3232 1532 Patre
3259 1480 3434 1533 exsti-

1856 1574 1999 1630 terit.
2055 1573 2337 1629 Similiter.
2365 1574 2600 1643 Spiritus
2633 1573 2870 1627 illustrat
2919 1583 2973 1626 et
3017 1572 3273 1640 explanat
3307 1569 3428 1624 Filii

1854 1665 2016 1720 dicta.
2085 1663 2299 1729 «Multa,
2334 1664 2533 1734 inquit,
2577 1665 2750 1718 habeo
2799 1661 2953 1719 vobis
2978 1663 3226 1728 dicenda,
3253 1664 3346 1720 sed
3367 1678 3431 1718 ea

1857 1775 2003 1814 nunc
2031 1758 2249 1830 quidem
2283 1757 2426 1813 ferre
2456 1771 2561 1813 non
2586 1759 2810 1828 potestis
2866 1776 2881 1812 :
2936 1757 3028 1812 ubi
3072 1773 3204 1812 vero
3225 1757 3438 1812 venerit

1858 1851 2094 1921 Spiritus
2121 1860 2368 1915 sanctus,
2401 1849 2453 1903 in
2479 1849 2763 1904 veritatem
2792 1863 3009 1903 omnem
3039 1863 3135 1904 vos
3155 1849 3430 1914 ducet“,)

1854 1952 1962 1999 etc.
2023 1941 2214 2012 Neque
2270 1941 2414 1996 enim
2464 1957 2528 1995 ex
2577 1956 2636 1995 se
2688 1942 2808 2010 ipso
2844 1940 3086 2010 loquitur
3117 1957 3131 2006 ;
3161 1956 3286 1993 nam
3324 1956 3438 1994 non

1856 2035 2182 2090 contradicit
2211 2033 2374 2099 Filio,
2423 2033 2517 2089 sed
2542 2033 2688 2087 dicta
2715 2031 2861 2098 Filii,
2897 2032 3041 2087 sicut
3062 2031 3238 2087 Filius
3259 2031 3442 2086 Patris

1856 2127 1968 2193 illa,
2013 2127 2222 2196 implet.
2257 2126 2313 2180 In
2342 2125 2447 2179 hoc
2475 2139 2731 2181 sermone
2752 2124 2962 2179 videbis
2983 2123 3438 2196 Chrysostomum

1855 2216 1959 2272 sub
2027 2217 2189 2270 linem
2249 2215 2556 2281 ostendere,
2623 2215 2945 2270 missionem
3004 2230 3184 2286 neque
3241 2213 3439 2269 Filium

1857 2325 2035 2380 neque
2069 2308 2337 2380 Spiritum
2371 2317 2620 2366 sanctum
2669 2308 2835 2364 Patre
2884 2308 3066 2364 facere
3097 2307 3439 2371 inferiorem,

1857 2402 2115 2471 quoniam
2150 2401 2264 2469 ipse
2316 2413 2538 2471 quoque
2577 2399 2739 2455 Pater
2784 2416 2815 2455 a
2856 2398 3065 2471 Spiritu
3107 2409 3299 2454 sancto
3328 2409 3383 2454 et
3411 2413 3442 2453 a

1857 2493 1996 2549 Filio
2026 2494 2279 2549 mittitur.
2333 2491 2510 2548 Verba
2541 2494 2662 2565 ejus
2713 2494 2828 2549 hzec
2861 2502 2990 2550 sunt
3021 2510 3036 2548 :
3079 2492 3135 2548 Si
3171 2492 3267 2547 tibi
3294 2491 3440 2548 Con-

1856 2587 2090 2640 ditorem
2126 2585 2250 2640 coeli
2280 2592 2334 2639 et
2365 2594 2525 2640 terrm
2560 2587 2849 2640 ostendero
2897 2585 3130 2640 missum
3168 2601 3197 2640 a
3231 2585 3437 2655 Spiritu

1856 2689 1910 2732 ct
1939 2677 2098 2740 Filio,
2133 2677 2263 2746 quid
2295 2677 2502 2732 facies?
2534 2676 2641 2731 Attt
2675 2691 2808 2747 nega
2845 2676 3130 2732 Christum
3170 2687 3225 2732 et
3263 2678 3444 2748 alijico

1860 2771 2207 2840 Scripturas;
2283 2778 2415 2834 aut,
2469 2784 2594 2823 cum
2643 2767 2946 2839 Scriptura:
3001 2769 3078 2824 sis
3145 2769 3439 2829 obnoxius.

1859 2862 2156 2934 Scriptura:
2199 2872 2251 2918 te
2298 2862 2530 2932 subjiee.
2559 2859 2661 2916 Ubi
2693 2875 2846 2924 vero,
2875 2861 3078 2932 inquit,
3103 2861 3208 2916 hoc
3231 2860 3438 2916 dictum

172 2953 470 3024 περικοπὴν
506 2955 738 3018 ἐκτιθεὶς
771 2956 863 3008 τοῦ
899 2959 1102 3029 χωρίου
1137 2959 1299 3029 μέχρι
1322 2960 1437 3020 τοῦ,
1476 2978 1494 3009 ‹
1528 2958 1638 3012 Καὶ
1656 2958 1747 3011 νῦν

1863 2956 2134 3012 est?Audi
2161 2955 2353 3019 Deum,
2412 2969 2506 3025 per
2545 2953 2740 3009 Isaiam
2771 2954 3115 3024 prophetam,
3140 2953 3439 3008 dicentem:

173 3040 367 3111 Κύριος
390 3044 686 3098 ἀπέστειλέ
713 3063 803 3114 με,
833 3048 927 3101 καὶ
952 3047 1012 3100 τὸ
1033 3047 1256 3118 Πνεῦμα
1274 3048 1466 3112 αὑτοῦ,
1495 3068 1514 3099 ι
1545 3049 1750 3118 διισχυ-

175 3131 399 3201 ρίζεται,
439 3135 536 3188 τὸν
573 3136 792 3208 Πατέρα
827 3137 999 3192 ταῦτα
1039 3141 1235 3205 εἰπεῖν,
1264 3141 1328 3192 ἐκ
1351 3139 1458 3192 τῶν
1485 3157 1749 3210 προτετα-

173 3222 382 3290 γμένων
411 3223 654 3295 βεϐαιῶν
700 3227 792 3279 τὸν
817 3228 998 3297 λόγον,
1033 3231 1127 3281 καὶ
1157 3229 1429 3282 καθιστῶν
1466 3230 1644 3300 δῆλον,
1676 3230 1752 3292 ὡς

170 3312 196 3362 ὁ
227 3313 419 3385 Πατὴρ
453 3317 539 3387 εἴη
575 3317 668 3370 νῦν
716 3318 745 3369 6
774 3319 950 3388 λέγων
977 3322 1070 3375 καὶ
1103 3322 1566 3392 ἀποστελλόμενος
1599 3323 1752 3393 παρὰ

173 3418 226 3454 τε
257 3405 348 3458 τοῦ
372 3408 692 3479 Πνεύματος
721 3411 815 3464 καὶ
845 3411 938 3465 τοῦ
976 3410 1130 3469 Υἱοῦ.

720 3777 1049 3832 ΕΡΩΤΠΣΙΣ
1086 3781 1204 3834 PE’.

174 3951 298 4020 Πῶς
327 3973 346 4006 ‹
384 3956 697 4028 βραχίονα
727 3943 1003 4030 Κυρίουί
1055 3961 1422 4030 όγθεολόγος
1485 3927 1758 4030 Ἰωάννης

393 4031 518 4096 τήν
549 4031 893 4098 οἰκονομίαν
923 4029 1056 4101 (76')
1093 4029 1520 4099 6ta1ajt6'ci-rer;

1864 3067 1882 3098 ‹
1921 3048 2057 3102 Audi
2094 3063 2200 3112 tne,
2226 3048 2416 3111 Israel,
2453 3061 2616 3116 quem
2651 3060 2753 3116 ego
2781 3061 2917 3101 voco
2947 3045 3016 3100 '1’.
3039 3065 3056 3096 ι
3093 3044 3231 3100 Hinc
3276 3044 3445 3108 idem,

1863 3149 1970 3194 tota
2031 3140 2180 3195 illius
2233 3139 2442 3195 oraculi
2501 3138 2643 3192 serie
2698 3138 2974 3209 exposita,
3031 3153 3203 3208 usque
3244 3137 3310 3191 ad
3355 3137 3446 3191 illa

1862 3235 2024 3288 verba
2059 3254 2071 3287 :
2113 3253 2130 3284 ι
2173 3232 2239 3287 Ει
2267 3247 2413 3287 nunc
2463 3231 2730 3287 Dominus
2763 3247 2850 3286 me
2887 3232 3059 3299 misit,
3117 3239 3173 3286 et
3211 3229 3449 3301 Spiritus

1862 3327 1981 3395 ejus
2003 3328 2071 3391 9“,
2110 3345 2126 3377 ι
2155 3335 2456 3392 asseverat,
2481 3326 2693 3381 Patrem
2713 3324 2804 3379 illa
2822 3325 2991 3395 loqui,
3019 3339 3084 3378 ex
3117 3323 3446 3379 anteceden-

1864 3420 2008 3472 tibus
2051 3418 2210 3472 tidem
2260 3418 2629 3489 expositioni,
2707 3416 3178 3486 manifestumque
3218 3414 3446 3476 faciens.

1870 3508 2082 3562 Putrem
2121 3523 2265 3573 esse,
2329 3508 2421 3579 qui
2475 3509 2592 3563 haec
2645 3507 2921 3578 loquatur,
2973 3506 3179 3577 quique
3237 3506 3373 3560 adeo
3414 3521 3484 3557 ε.

1872 3598 2076 3668 Spiritu
2111 3612 2164 3654 et
2192 3597 2329 3655 Filio
2351 3601 2619 3655 mittatur.

1915 3777 2244 3844 Oli/ESTIO
2299 3777 2435 3833 CLX
2498 3780 2692 3851 [CoisL
2727 3776 2885 3843 CXC,
2929 3774 3094 3831 Tuur.
3131 3772 3414 3842 CLXXX].

1871 3962 2157 4027 Quomodo
2185 3960 2420 4014 Joannes
2457 3959 2746 4029 Thrologus
2783 3958 3131 4029 mconomiaut
3156 3955 3450 4029 salutarem

2079 4049 2172 4103 fer
2220 4049 2236 4080 ι
2263 4031 2533 4083 brachium
2564 4027 2777 4083 Domini
2799 4029 2915 4062 "'9’
2940 4047 2957 4080 ι
2995 4027 3236 4080 indicat?

706 4197 957 4257 Edifarum
992 4222 1021 4256 a
1054 4205 1236 4258 Wolﬁo
1262 4207 1498 4271 vigesima
1521 4210 1671 4260 tertia
1700 4212 1756 4272 (l.
1785 4224 1829 4260 c.
1858 4208 2087 4260 789-790.
2114 4209 2336 4260 Gallam].
2376 4209 2410 4257 ἰ.
2436 4221 2502 4268 c.,
2531 4221 2578 4269 p.
2609 4207 2716 4267 743,
2739 4220 2788 4256 n.
2812 4203 2913 4268 59).

244 4373 369 4428 Ὀτι
397 4377 426 4426 6
475 4375 740 4444 Θεολόγος
785 4377 1058 4447 Ἰωάννης,
1121 4377 1214 4431 τὸν
1263 4376 1523 4449 βραχίονα
1551 4382 1630 4440 εἰς
1669 4381 1747 4449 τὴς

1944 4379 2182 4436 Joannes
2264 4379 2576 4449 Theologus
2652 4379 2937 4433 brachium
3010 4377 3085 4431 ‘de
3145 4378 3448 4430 (Bconomia

169 4468 496 4540 οἰκονομίαν
541 4469 653 4538 (77)
693 4460 1188 4540 ἐκλαμϐάνων’τοῦ
1231 4471 1504 4542 Σωτῆρος,
1537 4471 1632 4529 καὶ
1663 4471 1762 4542 τὴν

213 4626 260 4657 ’³
286 4627 456 4684 Rom.
488 4645 541 4694 x,
566 4630 618 4683 ὦ.
652 4629 697 4663 9‘
732 4628 887 4683 Joan.
923 4643 1034 4692 xvr,
1067 4628 1263 4695 12,15.

1363 4630 1407 4659 9³
1438 4628 1539 4682 lsa.
1568 4646 1750 4695 vaut,
1786 4630 1872 4684 12.

1873 4472 2178 4528 Servatoris
2249 4473 2422 4528 nostri
2481 4473 2714 4542 ejusque
2767 4471 2973 4527 deitate
3037 4471 3444 4539 interpretans,

1970 4631 2178 4701 9°.ibid.
2214 4632 2300 4686 l6.
2377 4633 2496 4664 ποθ’
2525 4630 2683 4685 Joan.
2718 4645 2821 4696 ιιι,
2861 4629 2949 4683 58-

1710 4782 1942 4840 NOTAE.

239 4965 521 5035 (74)11;ιιο
576 4966 795 5021 totidem
853 4966 1034 5023 veri-is
1095 4983 1201 5022 non
1239 4975 1455 5022 exstant
1503 4967 1555 5020 in
1599 4969 1770 5022 sacris

168 5032 416 5155 {.itteris,
442 5045 502 5091 et
531 5040 938 5109 παραφράσεως
971 5038 1133 5092 locoa
1160 5036 1356 5092 Photio
1386 5036 1568 5093 addita
1587 5038 1774 5092 viden-

194 5121 279 5157 ur.

169 5147 379 5296 ἐξ.ιέ
404 5177 611 5232 Procul
639 5177 807 5232 dubio
834 5176 992 5233 nom.
1024 5193 1079 5242 κ,
1105 5178 1161 5244 ι,
1191 5177 1366 5232 innuit
1393 5195 1408 5231 ε
1438 5175 1591 5240 τέλος
1607 5177 1773 5248 νόμου

257 5264 344 5296 ιστ
381 5266 434 5296 ε.

257 5264 308 5298 ισ
385 5266 434 5300 ⁸.

220 5249 575 5387 ῆῖὲξδυοιη
645 5316 737 5370 hic
791 5314 1168 5386 Chrysosmmi
1229 5331 1536 5372 sermonem
1577 5316 1769 5373 afferat

167 5381 435 5451 Photius,’
468 5386 674 5440 frustra
694 5402 901 5451 (μίξει-ο.

237 5458 378 5528 (75*)
403 5458 565 5512 Colh.
597 5455 915 5525 ὰπάλειψον.

239 5526 366 5592 (76)
394 5529 674 5581 Caeterum
712 5528 858 5598 illam
907 5527 1112 5598 oraculi
1145 5527 1294 5583 Isaiae
1358 5526 1752 5598 expositionem

170 5601 376 5654 temere
413 5613 584 5652 nemo
618 5597 920 5653 admiserit.
973 5596 1274 5667 l’r0plietici
1307 5596 1450 5654 enim
1483 5600 1748 5654 sermonis

1878 4987 2050 5052 genus
2069 4971 2334 5052 ostendit,
2361 4991 2469 5052 non
2494 4974 2733 5047 Patrem,
2767 4980 2862 5035 scd
2890 4978 3086 5036 Filium
3117 4980 3184 5036 de
3214 4982 3372 5036 Patre
3398 4992 3454 5037 et

1878 5039 2080 5117 Spiritu
2110 5044 2232 5117 ejus
2261 5045 2432 5117 loqui.

1950 5112 2174 5198 (76°).ln
2217 5112 2527 5198 apographo
2557 5117 2799 5198 legebam
2837 5122 3201 5198 otuoupéqu,
3223 5139 3325 5198 pro
3350 5137 3456 5192 qua

1876 5196 2020 5266 voce
2059 5185 2285 5266 alteram
2328 5185 2500 5266 illam
2526 5185 2716 5266 “recte
2766 5185 3007 5266 exhibet:
3048 5185 3456 5266 erudiit'issimus

1879 5249 2334 5334 gigngfalconius
2366 5256 2418 5310 in
2452 5257 2642 5334 indice
2658 5261 3171 5334 Amphilochiorum
3193 5264 3371 5318 Photii
3399 5278 3453 5333 p.

1876 5321 1981 5405 53S?
2008 5322 2354 5405 Bibliotheca:
2413 5343 2548 5405 mss.
2605 5321 2928 5405 Coisli'nian.
2977 5331 3120 5388 Fieri
3160 5333 3323 5405 igitur
3353 5321 3451 5405 po-

1872 5400 1998 5457 ῐθει,
2031 5400 2160 5475 utin
2197 5400 2515 5475 apograplio
2545 5403 2909 5475 erratumgsit,
2954 5400 3208 5475 quamvis
3249 5400 3369 5457 moi
3401 5404 3452 5457 in

1867 5467 2221 5584 agigorisione
2248 5468 2314 5522 ad
2344 5467 2448 5524 hoc
2477 5471 2766 5541 qumsitum
2803 5467 2999 5529 iterum
3037 5473 3248 5543 legatur
3278 5475 3457 5528 οἰκον-

1865 5548 2054 5601 μενην.

1930 5549 2054 5672 ἴῃ).
2078 5605 2153 5660 Ita
2182 5608 2367 5668 scribo
2396 5625 2520 5669 cum
2543 5612 2782 5667 Colbert.
2827 5629 2926 5683 pro
2957 5614 3306 5684 οἰκουμένην.

2895 5863 2968 5910 με·
3014 5849 3052 5906 ξῖ
