3828 6202
359 199 466 261 833

1532 199 1794 261 Pl-IOTII
1832 199 2338 262 PATRIARCH/E
2367 202 2476 262 cr.
2819 176 2832 186 ’
3495 203 3582 271 sto

360 326 378 358 ι
413 306 677 373 Quamvis
724 298 918 373 multa,
985 308 1184 380 inquit,
1237 307 1503 366 miracula
1545 310 1724 364 ederet
1761 308 1952 373 Jesus,

2065 310 2225 364 αὐτοῦ
2257 310 2508 383 θεότητα,
2545 310 2741 377 Πολλὰ,
2767 312 2921 384 φησὶ,
2950 312 3154 384 σημεῖα
3186 311 3482 382 ποιήσαντος
3505 315 3584 370 τοῦ

353 397 520 452 Judaei
555 405 739 454 tamen
770 415 879 454 non
908 401 1222 468 credebant,
1269 411 1330 457 ut
1373 401 1690 471 impleretur
1741 400 1948 455 dictum

359 485 513 540 Isaia:
543 505 558 540 :
610 486 858 554 Domine,
894 488 1020 558 quis
1054 488 1287 544 credidit
1317 488 1480 544 dictis
1521 487 1748 551 nostris,
1776 497 1830 542 et
1856 487 1947 541 cui

361 580 642 634 brachium
680 579 899 635 Domini
933 589 1016 635 est
1052 579 1371 636 revelatum1
1401 581 1424 635 ?
1457 598 1475 630 ι
1509 578 1628 650 lpse
1661 588 1950 648 nempe,et

353 671 566 742 justitia
601 672 742 742 ejus.
783 689 802 722 ι
836 671 1019 742 Prope
1049 674 1195 728 enim
1228 682 1333 738 est,
1367 681 1425 726 ut
1451 671 1665 742 justitia
1699 686 1818 725 mea
1851 671 1950 725 ad-

360 762 556 816 veniat.
591 782 610 813 ι
642 761 761 831 lpse
788 762 974 833 itaque
1025 773 1080 818 et
1128 763 1389 817 Servator
1415 771 1522 825 est,
1557 771 1612 815 et
1640 760 1945 814 brachium.

360 852 654 923 Propterea
705 863 760 908 et
805 853 1012 910 Paulus
1063 854 1248 910 omnia
1306 853 1645 923 complexus,
1695 853 1748 906 in
1779 867 1946 907 unum

362 943 594 1008 confert,
621 945 844 1000 dicens:
886 964 904 995 ι
940 942 1044 1010 Qui
1095 942 1271 999 factus
1314 942 1474 997 nobis
1518 951 1605 998 cst
1655 957 1685 997 a
1714 941 1824 997 Deo
1857 957 1948 998 sa-

365 1037 593 1105 pientia,
649 1045 704 1093 et
747 1036 1130 1102 sanctificatio,
1153 1045 1208 1090 et
1253 1035 1504 1092 liberatio
1533 1036 1575 1089 ’.
1617 1055 1637 1087 ι
1687 1033 1788 1090 Hic
1816 1035 1948 1090 oriri

364 1128 525 1183 nobis
544 1129 672 1184 fecit
700 1139 880 1184 ortum
904 1127 1298 1198 iustissimum.
1331 1147 1349 1180 ι
1374 1127 1515 1184 Ecce
1543 1129 1713 1193 enim,
1748 1128 1944 1198 inquit,

364 1220 496 1274 oriri
532 1220 732 1275 faciam
764 1221 929 1276 domo
975 1218 1194 1274 Davidis
1226 1229 1408 1274 ortum
1454 1228 1729 1285 sanctum,
1769 1229 1822 1275 et
1859 1235 1946 1274 re-

364 1311 548 1380 gnabit
582 1309 694 1365 Rex
723 1310 907 1380 justus
936 1311 978 1363 ³.
1005 1329 1024 1363 ι
1058 1309 1225 1364 Ortus
1252 1310 1438 1380 itaque
1467 1326 1614 1366 unus
1644 1319 1750 1375 est,
1783 1309 1942 1364 multi

364 1415 494 1455 vero
551 1401 796 1467 eiusdem
847 1400 1008 1457 radii.
1067 1399 1224 1456 Radii
1286 1403 1499 1458 scilicet
1559 1402 1946 1467 humanitatis,

363 1493 706 1559 sanationis,
749 1494 902 1563 pacis
949 1511 963 1548 :
1018 1494 1159 1547 radii
1189 1493 1445 1564 justitiae.
1483 1494 1836 1565 pluriumque
1867 1494 1946 1547 si-

363 1587 598 1642 milium.
631 1585 933 1658 Propterca
963 1589 1130 1644 etiam
1165 1588 1331 1643 David
1352 1589 1681 1645 vaticinatus
1703 1590 1902 1645 cecinit
1927 1605 1941 1642 :

2073 400 2246 470 Ἰησοῦ
2282 400 2395 472 (78)
2447 401 2548 455 οὐκ
2589 401 2918 455 ἐπίστευσαν
2959 403 3009 454 oi.
3057 399 3316 465 Ἰουδαῖοι,
3364 402 3441 455 ἵνα
3470 404 3587 475 πλη-

2063 488 2210 559 ρωθῇ
2243 488 2304 541 τὸ
2331 488 2494 560 ῥηθὲν
2521 491 2626 543 ὑπὸ
2653 490 2752 544 τοῦ
2791 492 3017 546 Ἡσαΐου
3037 508 3054 524 ·
3108 509 3127 542 ο
3163 489 3349 563 Κύριε,
3381 493 3456 556 τίς
3485 495 3587 547 ἐπί-

2058 596 2282 633 στευσεν
2315 583 2379 650 τῇ
2411 583 2549 653 ἀκοῇ
2602 583 2780 654 ήμῶν,
2823 586 2917 638 καὶ
2944 585 2973 638 ὀ
3020 582 3256 654 βραχίων
3288 584 3475 654 Κυρίου
3503 588 3590 641 τίνι

2056 671 2415 745 ἀπεκαλύφθη
2437 689 2484 735 ς»
2509 675 2670 738 αὐτὸς
2693 675 2873 730 τοίνυν
2893 674 2990 729 καὶ
3002 675 3363 746 δικαιοσύνη.ι
3386 677 3590 745 Ἐγγίζει

2057 764 2163 836 γὰρ
2190 767 2222 836 ή
2252 765 2566 836 δικαιοσύνη
2599 783 2700 836 μου
2719 766 3149 838 παραγενέσθαι.
3178 787 3198 819 ›
3218 767 3384 831 Αὐτὸς
3397 768 3480 821 καὶ
3497 770 3594 822 Σω-

2054 857 2180 929 τὴρ,
2232 858 2394 922 αὐτὸς
2433 858 2526 912 καὶ
2569 858 2830 930 βραχίων.
2865 857 2965 912 Διά
3013 858 3172 912 τοῦτο
3223 861 3316 912 καὶ
3359 861 3386 912 ὁ
3416 859 3595 922 Παῦλος

2056 946 2371 1019 περιλαϐὼν
2419 946 2635 1000 ἅπαντα
2665 948 2742 1012 είς
2771 948 2830 1001 ἓν
2873 947 3157 1018 ἀναφέρει,
3213 946 3416 1015 λέγων,·
3455 967 3470 999 ι
3517 953 3597 1012 ὐς

2057 1041 2320 1112 ἐγεννήθη
2359 1043 2493 1113 ἡμῖν
2544 1041 2655 1095 ἀπὸ
2695 1041 2832 1096 Θεοῦ
2881 1042 3042 1112 σοφία
3095 1041 3186 1095 καὶ
3239 1040 3496 1110 ἁγιασμὸς
3522 1044 3599 1095 καὶ

2054 1133 2456 1204 ἀπολύτρωσις.
2503 1153 2523 1188 ι
2560 1129 2728 1196 Οὗτος
2773 1134 2906 1203 ἡμῖν
2945 1132 3220 1187 ἀνέτειλεν
3251 1132 3500 1202 ἀνατολὴν
3533 1133 3600 1185 6v.-

2056 1225 2237 1280 καίαν.
2273 1246 2292 1278 ι
2344 1227 2476 1282 Ἰδοὺ
2508 1227 2641 1299 γὰρ,
2685 1227 2872 1295 φησιν,
2905 1224 3150 1279 ἀνατελῶ
3203 1223 3282 1294 τῷ
3313 1224 3440 1294 οίκῳ
3463 1226 3604 1278 nam

2054 1317 2318 1389 ἀνατολὴν
2332 1317 2571 1386 δικαίαν,
2596 1317 2692 1370 καὶ
2714 1316 3024 1388 βασιλεύσει
3050 1315 3306 1386 βασιλεὺς
3345 1316 3550 1380 δίκαιος.
3578 1336 3593 1367 ι

2054 1409 2168 1462 Μία
2182 1410 2289 1480 ,μὲν
2318 1404 2410 1464 οὖν
2435 1411 2468 1480 ἡ
2499 1409 2754 1480 ἀνατολὴ,
2787 1408 2976 1462 πολλαὶ
3004 1407 3062 1462 δὲ
3091 1409 3264 1479 αὐτῆς
3293 1411 3346 1462 al
3378 1409 3603 1471 ἀκτῖνες·

2054 1500 2270 1565 ἀκτῖνες
2295 1499 2727 1571 φιλανθρωπίας,
2761 1499 2976 1565 ίάσεως,
2997 1499 3253 1570 εἰρήνης·
3284 1498 3600 1569 δικαιοσύνης

2055 1592 2296 1658 ἀκτῖνες,
2325 1593 2422 1645 καὶ
2453 1593 2668 1662 μυρίων
2697 1591 2894 1646 ἄλλων.
2929 1591 3020 1670 Διὸ
3049 1593 3145 1646 καὶ
3171 1594 3202 1645 ό
3249 1591 3410 1644 Δαθιδ
3439 1590 3609 1662 προθεο

367 1698 386 1730 ι
429 1675 487 1732 Ιιι
527 1679 724 1735 diebus
755 1679 876 1750 ejus
925 1682 1135 1736 orietur
1162 1681 1380 1750 justitia
1409 1719 1426 1744 ,
1479 1691 1534 1735 et
1573 1681 1725 1752 pacis
1769 1681 1946 1750 copia,

2065 1683 2262 1748 σπίζων
2290 1680 2457 1758 ᾖδενο
2515 1702 2534 1736 ι
2591 1685 2867 1740 Ἀνατελεῐ
2895 1687 2954 1739 ἐν
2996 1688 3118 1749 ταῖς
3177 1685 3412 1755 ἡμέραις
3463 1681 3608 1736 αὑτοῦ

361 1769 539 1826 donec
568 1770 698 1826 luna
730 1773 1016 1828 aboleatur
1033 1772 1074 1826 ³.
1117 1791 1136 1824 ι
1170 1773 1269 1828 llic
1321 1772 1485 1842 igitur
1528 1783 1683 1828 ortus
1728 1789 1796 1828 ex
1840 1772 1951 1828 alto

361 1875 516 1929 aeque
544 1869 710 1932 atque
740 1878 808 1918 ex
853 1873 1000 1918 terra
1044 1863 1275 1933 contigit
1306 1881 1319 1916 :
1372 1879 1438 1918 ex
1468 1864 1580 1918 alto
1609 1864 1830 1934 quidem
1865 1879 1951 1920 se-

362 1954 605 2009 cundum
631 1955 902 2021 divinam,
931 1972 1002 2012 ex
1029 1966 1173 2012 terra
1205 1963 1388 2012 autem
1413 1955 1711 2012 secundum
1749 1957 1949 2012 buma-

365 2055 491 2096 nam
531 2050 809 2097 naturam.

393 2213 722 2278 OUIESTIO
755 2213 913 2272 CLXI
948 2216 1143 2290 [CoisL
1180 2217 1362 2287 CXCI,
1414 2219 1580 2274 Taur.
1611 2217 1916 2293 CLXXXI].

366 2393 508 2460 Quid
549 2396 861 2468 signiﬁcat:
899 2416 920 2450 ι
941 2398 1096 2467 Quod
1123 2413 1173 2456 et
1209 2401 1327 2470 ipsa
1355 2412 1600 2456 creatura
1632 2402 1948 2461 liberabitur

894 2487 925 2523 a
960 2473 1208 2525 servitute
1231 2473 1286 2524 ’ἲ
1304 2492 1320 2524 ι
1343 2482 1448 2528 etc.

2056 1775 2376 1844 δικαιοσύνη
2407 1774 2502 1830 καὶ
2530 1775 2740 1846 πλῆθος
2771 1777 3023 1847 εἰρήνης,
3052 1774 3159 1836 ἕως
3186 1769 3250 1829 οὗ
3278 1773 3611 1844 ἀνταναιρεη

2055 1872 2089 1940 ή
2131 1870 2353 1939 σελήνη.
2393 1886 2412 1921 ι
2440 1867 2590 1940 Αὕτη
2639 1867 2772 1937 γοῦν
2809 1870 2843 1940 ἡ
2872 1867 3106 1939 ἀνατολὴ
3134 1867 3195 1932 ἐξ
3229 1865 3397 1936 ὖψους
3429 1865 3612 1918 ἀνέτειο

2055 1961 2168 2024 λεν.
2197 1962 2298 2016 καὶ
2317 1960 2428 2014 ἀπὸ
2451 1961 2550 2032 τῆς
2574 1959 2676 2032 γῆς
2693 1977 2708 1992 ο
2732 1959 2793 2026 ἐξ
2808 1959 2978 2031 ὕψους
3003 1961 3101 2031 μὲν
3119 1959 3264 2014 κατά
3280 1957 3610 2030 τὴνθεότητα,

2056 2053 2165 2107 ἀπὸ
2197 2053 2298 2122 γῆς
2327 2052 2385 2106 δὲ
2409 2054 2552 2107 κατά
2582 2054 2680 2124 τὴν
2710 2053 3043 2124 οἰκονομίαν.

2572 2230 2903 2285 ΕΡΩΤΗΣΙΣ
2931 2228 3077 2285 ΡΞΑ¹
3088 2272 3102 2288 .

2057 2409 2120 2463 Τί
2140 2407 2366 2478 δηλοῖ,ι
2405 2410 2528 2474 Ὅτι
2555 2407 2653 2462 καὶ
2681 2408 2833 2477 αὕτη
2868 2409 2908 2476 ἡ
2941 2411 3140 2476 κτίσις
3165 2407 3615 2478 ἐλευθερωθήσε-

2343 2496 2434 2534 ται
2456 2479 2573 2537 ἀπὸ
2599 2478 2708 2549 τῆς
2741 2478 3044 2545 δουλείας,
3067 2499 3087 2532 ι
3108 2478 3209 2532 καί
3237 2480 3360 2544 ἐξ.;

573 2649 824 2699 Editarum
865 2664 892 2700 a
929 2651 1107 2702 Wolfio
1129 2655 1367 2716 vigesima
1396 2661 1569 2718 quarta
1600 2657 1658 2720 (l.
1683 2671 1748 2718 c.,
1773 2672 1824 2720 p.
1852 2658 2083 2711 790-800.
2128 2659 2354 2712 Galland.
2383 2675 2430 2722 p.
2460 2662 2685 2724 745-747,
2710 2678 2761 2714 ιι.
2786 2665 2953 2727 lO).-—-
2979 2663 3033 2713 in
3061 2665 3204 2714 Rem.
3233 2677 3336 2725 vnl,
3362 2663 3438 2712 21-

437 2797 719 2854 Serviebat
754 2810 1014 2856 creatura
1071 2802 1318 2870 bomini,
1375 2819 1481 2860 non
1523 2815 1582 2860 ut
1639 2803 1828 2876 digno,
1876 2807 1958 2862 sol

367 2891 596 2959 scilicet,
647 2903 704 2948 et
732 2893 883 2960 luna,
918 2903 974 2949 et
1000 2907 1168 2960 astra,
1224 2905 1278 2951 et
1305 2906 1475 2963 terra,
1503 2913 1736 2969 quaeque
1763 2898 1818 2952 in
1846 2899 1955 2955 illis

2153 2807 2496 2862 Ἐδούλευσεν
2534 2812 2566 2880 ἡ
2595 2809 2775 2874 κτίσις
2812 2809 2892 2881 τῷ
2922 2809 3221 2882 ἀνθρώπῳ,
3248 2809 3348 2880 οὐχ
3375 2809 3448 2872 ὡς
3484 2808 3605 2879 ἀξίῳ

2063 2899 2212 2969 ἥλιος
2241 2901 2335 2954 καὶ
2365 2900 2586 2971 σελήνη,
2618 2901 2713 2954 καὶ
2746 2901 2922 2973 ἄστρα
2949 2904 3045 2957 καὶ
3071 2903 3167 2972 γῆ,
3212 2902 3312 2956 καὶ
3342 2901 3409 2955 τά
3438 2901 3492 2954 ἐν
3541 2901 3622 2953 aii-

367 2995 537 3043 sunt:
567 3001 700 3048 non.
743 2987 997 3056 inquam,
1031 3000 1091 3041 ut
1118 2986 1305 3057 digno.
1361 2988 1498 3044 Nam
1543 2997 1600 3045 et
1630 2991 1954 3061 praevarica-

2065 2991 2208 3053 τοίς’
2240 2991 2338 3060 οὐχ
2376 2991 2451 3054 ὡς
2481 2991 2615 3060 ἀξίῳ
2657 2991 2714 3044 δὲ
2749 2992 2868 3062 (καὶ
2915 2993 3024 3064 γὰρ
3066 2992 3396 3064 παραϐάτης
3434 2990 3498 3062 ἦν
3541 2991 3622 3044 καὶ

369 3087 459 3134 tus
510 3086 648 3135 erat.
683 3087 737 3132 et
795 3093 971 3148 paenae
1025 3080 1320 3136 obnoxius.
1392 3079 1674 3137 Serviebat
1737 3082 1960 3152 itaque,

371 3170 482 3226 Deo
513 3170 586 3224 ita
615 3171 868 3240 jubente,
907 3185 976 3225 ne
1006 3170 1190 3242 imago
1219 3187 1321 3228 sua
1372 3173 1594 3242 penitus
1646 3173 1966 3243 deturpare-

371 3273 484 3328 tur,
513 3263 769 3332 quamvis
801 3263 1147 3333 deliquisset.
1205 3264 1342 3320 Cum
1373 3266 1558 3336 itaque
1586 3266 1769 3322 omnis
1803 3281 1960 3320 erea-

374 3367 498 3409 tura
539 3355 803 3409 rebellem
862 3371 921 3410 se
971 3356 1214 3422 sisteret,
1271 3356 1418 3412 Deus
1447 3367 1628 3413 tamen
1657 3368 1965 3414 creaturam

373 3447 673 3516 imperium
726 3462 836 3501 non
864 3447 1177 3503 detrectare
1218 3448 1407 3518 jussit,
1453 3450 1547 3505 sed
1580 3450 1749 3506 solem
1783 3451 1967 3506 radios

375 3553 531 3604 suos,
567 3547 770 3593 terram
807 3538 1015 3611 fruges,
1042 3554 1195 3595 mare
1220 3541 1424 3611 pisces,
1453 3556 1776 3613 mercesque
1803 3543 1964 3609 alias,

375 3638 434 3684 et
468 3630 694 3685 condita
728 3645 946 3701 quoque
974 3640 1173 3687 caetera
1224 3648 1310 3699 ea,
1367 3648 1489 3704 quae
1541 3634 1668 3689 usui
1717 3644 1772 3690 et
1811 3650 1965 3690 com-

379 3723 544 3776 modo
599 3721 780 3776 forent
834 3723 1188 3788 hominibus,
1259 3725 1519 3783 exhibere
1567 3727 1756 3782 voluit.
1812 3726 1966 3781 Hanc

381 3818 713 3874 sententiam
748 3820 1124 3889 explicaturus
1152 3822 1454 3892 Apostolus
1485 3823 1559 3878 ait
1604 3842 1618 3878 :
1663 3842 1681 3876 ι
1721 3822 1964 3878 Sollicita

378 3909 525 3961 enim
561 3911 902 3978 exspectatio
952 3922 1223 3968 creaturae
1273 3915 1670 3970 revelationem
1722 3915 1963 3969 ﬁliorum

377 3998 472 4054 Dei
502 4008 804 4070 exspectat.
844 4000 1085 4058 Vanitati
1141 4005 1286 4060 enim
1328 4020 1580 4063 creatura
1631 4023 1740 4062 non
1772 4015 1965 4076 sponte

387 4107 486 4147 sua
543 4100 628 4146 est
676 4093 947 4162 subjecta,
1007 4095 1102 4152 sed
1159 4106 1381 4168 propter
1431 4114 1581 4164 eum,
1607 4099 1702 4169 qui
1733 4099 1837 4154 sub
1869 4113 1965 4168 spe

383 4183 618 4249 subjecit
645 4200 659 4237 :
691 4185 950 4253 quoniam
1006 4195 1060 4240 et
1093 4185 1210 4256 ipsa
1243 4187 1335 4240 illa
1366 4196 1618 4242 creatura
1644 4187 1964 4242 liberabitur

378 4291 410 4330 a
441 4275 706 4330 servitute
748 4279 1117 4347 corruptionis
1171 4281 1226 4332 in
1262 4280 1568 4333 libertatem
1602 4281 1790 4350 gloriae
1820 4281 1962 4337 lilio-

2067 3082 2363 3153 ὑπόδικος),
2390 3084 2527 3137 ἀλλά
2543 3083 2638 3137 τοῦ
2661 3084 2796 3138 Θεοῦ
2821 3085 3091 3138 δουλεύειν
3121 3085 3539 3157 προστάξαντος,
3561 3084 3625 3145 ὡς

2065 3174 2132 3229 ἂν
2173 3176 2248 3246 μὴ
2296 3175 2724 3248 (79)ἐξυ6ρισοῇ
2765 3177 2854 3230 διὰ
2894 3177 3114 3230 πάντων
3167 3178 3206 3248 ἡ
3254 3176 3440 3241 εἰκὼν,
3477 3176 3520 3228 εἰ
3547 3174 3626 3227 καὶ

2067 3268 2304 3340 παρέϐη.
2331 3270 2520 3340 Πάσης
2562 3269 2741 3323 τοίνυν
2771 3272 2871 3342 τῆς
2902 3269 3133 3334 κτίσεως
3166 3268 3578 3337 στασιαζούσης,
3604 3267 3629 3319 ὁ

2065 3360 2200 3424 Θεὸς
2229 3361 2440 3416 κελεύει
2469 3365 2535 3432 τῇ
2567 3361 2742 3414 κτίσει
2794 3362 2868 3433 μὴ
2903 3362 3161 3433 ἀφηνιᾷν,
3202 3362 3345 3416 ἀλλά
3390 3359 3629 3431 παρέχειν

2069 3453 2168 3523 μὲν
2193 3453 2283 3507 τὸν
2311 3454 2462 3525 ἥλιον
2486 3454 2585 3524 τὴν
2616 3454 2810 3507 ἑαυτοῦ
2833 3455 3051 3518 ἀκτῖνα,
3086 3455 3184 3526 τὴν
3221 3457 3328 3526 γῆν
3354 3456 3477 3518 τοὺς
3516 3469 3629 3520 κσρο

2067 3548 2225 3613 ποὺς,
2251 3549 2348 3619 τὴν
2382 3548 2659 3602 θάλασσαν
2697 3549 2851 3619 ἰχθῦς
2913 3549 3008 3601 καὶ
3070 3547 3170 3612 τὰς
3208 3548 3482 3619 ἐμπορίας
3508 3563 3520 3576 ’
3551 3546 3630 3597 καὶ

2065 3639 2296 3692 ἕκαστον
2326 3639 2436 3692 τῶν
2470 3641 2808 3710 κτισμάτων,
2842 3639 2941 3711 τὴν
2978 3639 3036 3706 ἐξ
3075 3639 3294 3693 ἑαυτῶν
3341 3639 3523 3711 χρείαν
3549 3637 3631 3693 καὶ

2065 3730 2334 3800 ὠφέλειαν
2401 3732 2516 3794 τοῖς
2584 3731 2918 3801 ἀνθρώποις.
2973 3731 3195 3803 Ταύτην
3252 3732 3562 3803 ἐπιγυμνῶν
3606 3730 3633 3782 ό

2079 3822 2406 3887 Ἀπόστολος
2433 3823 2530 3892 τὴν
2559 3822 2771 3876 ἔννοιαν
2801 3823 3001 3893 φάσκει
3027 3841 3041 3854 ⁸
3072 3844 3091 3876 ι
3133 3825 3201 3879 Ἦ
3229 3826 3343 3898 γὰρ
3373 3827 3632 3894 ἀποκαρα-

2065 3912 2218 3966 δοκία
2273 3913 2374 3984 τῆς
2412 3913 2644 3976 κτίσεως
2683 3913 2784 3984 τὴν
2816 3914 3165 3986 ἀποκάλυψιν
3215 3917 3328 3972 τῶν
3383 3916 3509 3970 υἱῶν
3549 3912 3631 3967 τοῦ

2064 4006 2200 4060 Θεοῦ
2228 4007 2615 4077 ἀπεκδέχεται·
2649 4009 2714 4078 τῇ
2745 4005 2855 4077 γὰρ
2897 4007 3228 4078 ματαιότητι
3261 4010 3296 4080 ἡ
3329 4010 3501 4071 κτίσις
3546 4007 3633 4058 ὑπ-

2065 4099 2235 4169 ετάγη
2253 4099 2351 4169 οὐχ
2376 4099 2597 4165 ἑκοῦσα,
2615 4100 2750 4154 ἀλλά
2770 4100 2857 4155 διά
2879 4099 2971 4153 τὸν
2989 4101 3339 4166 ὑποτάξαντα
3359 4103 3443 4154 ἐπ’
3461 4098 3632 4152 ἐλπίδι.

2063 4190 2146 4245 ὅτι
2170 4190 2262 4244 καὶ
2293 4189 2432 4260 αὑτὴ
2459 4191 2492 4262 ή
2527 4191 2707 4256 κτίσις
2741 4190 3246 4263 ἐλευθερωθήσεται
3278 4192 3388 4246 ἀπὸ
3413 4193 3508 4262 τῆς
3527 4189 3630 4242 δου·

2063 4285 2211 4348 λείας
2244 4285 2342 4355 τῆς
2375 4283 2580 4354 φθορᾶς
2609 4286 2690 4346 είς
2726 4285 2824 4355 τὴν
2855 4282 3175 4354 ἐλευθερίαν
3205 4283 3309 4352 τῆς
3359 4283 3512 4352 δόξης
3538 4278 3634 4332 τῶν

381 4382 502 4419 rum
532 4363 626 4419 Dei
652 4367 695 4420 ⁸.
730 4385 749 4417 ι
778 4365 892 4422 Hoc
920 4369 1101 4438 itaque
1128 4369 1282 4424 dico:
1313 4368 1607 4439 Postquam
1640 4370 1774 4426 vidit
1809 4372 1954 4428 Deus

2065 4375 2267 4428 τέκνων
2297 4374 2388 4427 τοῦ
2415 4373 2549 4426 Θεοῦ
2567 4391 2580 4404 ·
2614 4394 2632 4427 ι
2666 4370 2776 4427 οἷόν
2799 4391 2851 4426 τι
2877 4373 3023 4442 λέγω
3042 4390 3056 4404 ·
3091 4373 3178 4436 Ὠς
3206 4370 3349 4426 εἶδεν
3369 4373 3396 4424 ὁ
3417 4369 3541 4432 Θεὸς
3558 4368 3635 4420 τὸν

383 4461 665 4516 hominem
703 4460 942 4530 lapsum,
995 4471 1309 4516 creaturam
1341 4477 1469 4518 vero
1498 4463 1784 4520 servitium
1814 4465 1966 4536 lapso

389 4555 778 4625 denegantem,
811 4555 1154 4624 compescuit
1192 4555 1339 4610 illam
1367 4557 1531 4610 etiam
1565 4557 1814 4624 invitam,
1847 4573 1964 4614 ser-

382 4646 607 4713 vireque
667 4660 787 4700 cam
840 4643 1049 4714 jussit,
1108 4646 1251 4700 sicut
1303 4647 1456 4713 olim,
1513 4647 1734 4718 quando
1781 4647 1964 4714 homo,

385 4739 671 4808 prmceptis
701 4736 955 4803 audiens,
988 4739 1193 4809 regiam
1234 4739 1757 4811 imperatoriamque
1790 4740 1967 4812 digni-

387 4840 552 4884 tatem
585 4839 790 4884 sartam
823 4840 1132 4900 tectamque
1167 4833 1441 4887 servabat.
1473 4831 1789 4887 Creaturam
1823 4834 1965 4888 enim

2070 4466 2358 4538 ἄνθρωπον
2385 4467 2732 4528 ἐκπεσόντα,
2786 4464 2883 4520 καὶ
2915 4465 3018 4535 τὴν
3050 4465 3232 4519 κτίσιν
3283 4465 3634 4518 ἀνανεύουσαν

2073 4558 2209 4628 πρὸς
2235 4557 2542 4629 ὑπηρεσίαν
2571 4557 2665 4610 τοῦ
2686 4558 3089 4629 ἡμαρτηκότος,
3127 4557 3464 4626 ἐχαλίνωσεν
3487 4551 3634 4620 αὐτὴν

2071 4651 2264 4722 καὶμὴ
2296 4651 2578 4715 θέλουσαν,
2609 4651 2702 4703 καὶ
2732 4649 3020 4703 ἐκέλευσεν
3042 4649 3342 4720 ὑπηρετεῖν
3371 4646 3634 4717 πρότερον,

2073 4742 2238 4812 ἡνίκα
2272 4743 2331 4794 τὸ
2359 4741 2638 4812 βασιλικὸν
2668 4738 2848 4809 ἐαυτῷ
2883 4740 2978 4792 καὶ
3027 4738 3260 4810 ἀρχικὸν
3301 4737 3402 4807 τὴν
3438 4731 3634 4800 ἐντολὴν

2074 4833 2358 4903 φυλάττων
2411 4832 2766 4896 συνδιέσωζεν
2787 4847 2802 4862 ο
2832 4830 3096 4902 ᾐσχύνετο
3127 4830 3238 4901 γὰρ
3270 4830 3303 4899 ἡ
3361 4828 3528 4889 κτίσις
3557 4825 3636 4876 τὸν

384 4922 619 4993 pudebat
649 4936 796 4987 eum,
843 4922 938 4991 qui
967 4923 1122 4992 lapsu
1153 4924 1427 4993 captivum
1479 4939 1539 4979 se
1581 4923 1807 4988 fecerat,
1858 4922 1954 4978 Do-

2077 4923 2424 4995 αἰχμάλωτον
2451 4925 2516 4994 τῇ
2539 4921 2852 4993 παραϐάσει
2882 4920 3089 4991 Κύριον
3108 4918 3531 4990 ἐπιγράφεσθαι,
3550 4913 3634 4967 καὶ

383 5015 594 5068 minum
654 5029 995 5082 agnoscere,
1048 5016 1208 5083 eique
1265 5016 1495 5081 servire,
1547 5031 1709 5087 quem
1759 5017 1966 5086 peccati

385 5121 601 5160 servum
655 5107 860 5160 factum
891 5123 1012 5164 esse
1061 5105 1296 5162 videbat.
1348 5105 1610 5163 Conditor
1637 5097 1818 5164 autem
1851 5123 1961 5163 non

459 5261 659 5331 iluan.
691 5279 791 5328 ιιι,
821 5262 914 5327 57,
945 5259 1046 5328 58;
1081 5259 1186 5318 Isa.
1215 5277 1330 5330 L111,
1368 5264 1419 5318 1.
1496 5267 1516 5297 ²
1543 5262 1705 5320 lCor.
1738 5280 1776 5331 1,
1811 5265 1898 5320 30.

2065 5279 2224 5323 crem.
2256 5280 2416 5327 χχιιι,
2457 5267 2510 5319 ις.

388 5329 413 5363 ⁶
445 5329 607 5388 Rom.
643 5350 760 5401 v111,
798 5332 898 5398 l9,
948 5332 1038 5387 ‘20.

2074 5018 2430 5087 ἐξυπηρετεῖν
2475 5014 2643 5085 αὐτῷ,
2681 5013 2778 5082 τῆς
2813 5011 3088 5083 ἁμαρτίας
3116 5011 3286 5064 αὐτὸν
3322 5009 3502 5082 ὁρῶσα
3527 5005 3632 5060 δοῦ·

2072 5108 2160 5162 λον
2190 5111 2478 5180 γενόμενον
2504 5125 2516 5138 ·
2556 5108 2668 5161 ἀλλ’
2719 5109 3002 5162 ἐκέλευσεν
3033 5110 3060 5160 ό
3099 5108 3345 5177 Κτίστης
3376 5104 3448 5176 μὴ
3493 5102 3634 5170 ἐξαρ-

2585 5266 2606 5296 “
2644 5265 2782 5322 l‘sal.
2811 5283 2983 5332 um,
3019 5267 3067 5320 7.
3143 5269 3164 5299 "
3209 5267 3369 5323 Rom.
3411 5277 3522 5329 vm,
3551 5258 3628 5313 3L

1865 5488 2096 5547 NOTIE.

461 5641 574 5712 (78)
599 5642 762 5701 Colb.
795 5657 894 5715 pro
919 5643 1060 5700 υίοῦ.

948 5916 1032 5943 --ι
1083 5929 1088 5935 ι
1142 5916 1158 5930 ⁵
1214 5921 1220 5925 ”

2149 5648 2260 5720 (19)
2291 5649 2366 5720 μή
2406 5647 2587 5705 addidi
2606 5662 2672 5704 ex
2695 5646 2848 5705 Colb.
