3826 6206
183 332 241 396 3ιὲ
253 332 267 391 l

1108 333 1208 392 AD
1238 330 1830 391 AMPHILOCHIUM
1864 324 2212 400 QUIESTIO
2251 328 2444 389 CLXI.

3322 323 3431 386 842

180 444 367 498 νεῖσθαι
394 442 483 495 τὸν
509 442 853 513 παραϐάτην,
890 440 1006 495 ἀλλ’
1030 443 1403 497 ἐπιδεικνύναι
1431 441 1524 495 τοῦ
1553 439 1735 494 κοινοῦ

1866 440 2117 509 ibnegare
2160 439 2294 509 legis
2321 440 2670 499 violatorem,
2704 439 2796 492 sed
2831 439 3013 508 potius
3041 437 3415 507 locupletissi-

180 535 428 589 Δεσπότου
457 533 555 602 τὴν
584 533 815 602 ἄφθονον
846 534 1026 603 χάριν,
1054 535 1147 587 καὶ
1180 536 1241 586 τὺ
1283 534 1382 605 τῆς
1418 532 1741 605 εὐεργεσίας

181 627 519 697 ἀμετάθετον·
554 626 1024 694 ἐπαγγειλάμενος
1049 626 1144 679 καὶ
1176 628 1241 697 τῇ
1285 625 1485 690 κτίσει,
1545 626 1740 695 ὅτιπερ

180 713 646 783 ἀνακαινιζομὲνου
678 716 773 767 καὶ
804 714 1267 784 ἐλευθερουμένου
1296 714 1390 766 τοῦ
1425 714 1729 786 φθαρέντος

181 806 265 860 καί
306 804 833 875 αἰχμαλωτισθέντος
886 805 1178 875 ἀνθρώπου
1226 805 1742 877 ἀνακαινισθήσεται

183 898 267 950 καί
292 896 444 965 αὐτή·
474 895 677 949 ὡσανεὶ
708 897 914 966 ἔλεγεν·
949 897 1185 951 Ἔπεσεν
1215 900 1248 969 ὴ
1279 897 1464 965 εἰκὼν,
1498 900 1591 952 καί
1615 892 1745 951 ὠλί-

184 990 365 1058 σθησεν
407 988 495 1042 διὰ
535 988 633 1060 τὴν
690 990 1027 1061 παράϐασιν,
1066 991 1162 1044 καὶ
1202 991 1493 1065 φθείρεται
1519 991 1606 1045 διά
1643 991 1743 1063 τὴν

183 1081 491 1150 παρακοήνο
547 1080 782 1151 ἀνάσχου
842 1080 1127 1135 δουλεῦσαι
1174 1084 1242 1154 τῇ
1297 1082 1393 1136 τοῦ
1444 1083 1744 1154 φθαρέντος

183 1171 362 1240 φθορᾷ,
403 1171 489 1223 ἵνα
520 1172 648 1225 ὅταν
678 1172 843 1225 αὑτὸν
868 1172 1202 1238 ἀνακαινίζω
1230 1172 1328 1244 τὴν
1356 1175 1497 1245 ἐμὴν
1536 1175 1742 1239 εἰκόνα,

182 1259 261 1313 τὸν
290 1260 559 1330 φθαρέντα
597 1261 905 1334 ἄνθρωπον,
941 1265 1036 1317 σὺν
1078 1262 1228 1335 αύτῷ
1266 1266 1362 1318 καὶ
1402 1266 1459 1318 σὲ
1486 1265 1584 1337 τὴν
1627 1267 1746 1318 κτί-

184 1369 259 1404 σιν
311 1353 662 1421 ἀνακαινίσω,
729 1356 823 1408 καί
878 1356 1171 1429 σύνθρονον
1220 1359 1385 1414 αὐτοῦ
1441 1360 1542 1429 τῆς
1591 1358 1749 1428 δόξης

185 1446 419 1512 ποιήσω’
476 1446 972 1519 συγκατεσπάσθης
1030 1450 1197 1504 αὐτοῦ
1254 1454 1320 1523 τῇ
1377 1451 1745 1523 ταλαιπωρίᾳ,

183 1538 551 1608 συναναστήσῃ
577 1542 640 1609 τῇ
672 1539 816 1611 δόξῃ.
852 1542 916 1594 Τί
951 1542 1007 1596 δέ
1037 1543 1155 1597 ἐστι
1194 1543 1257 1597 τὸ
1282 1545 1381 1614 τὴν
1408 1543 1586 1597 κτίσιν
1614 1544 1749 1614 φεύ-

183 1641 291 1692 γειν
311 1627 406 1694 τὴν
437 1627 532 1679 τοῦ
564 1628 853 1699 ἀνθρώπου
872 1630 1235 1699 δεσποτείαν;
1263 1634 1425 1702 Λέγει
1449 1634 1579 1703 γὰρ,
1616 1652 1635 1684 ι
1669 1636 1749 1705 Τῇ

186 1715 846 1788 ματαιότητιήκτίσιςούχ
872 1719 1120 1794 ὑπετάγη
1142 1764 1156 1778 .
1186 1740 1203 1771 ι
1233 1722 1368 1792 Ιῐοίᾳ
1396 1723 1736 1793 ματαιότητι;

1847 544 1991 582 mam
2027 529 2339 583 communis
2362 527 2577 583 Domini
2606 528 2860 599 gratiatn,
2895 530 3428 599 beneficentiamque

1846 619 2242 673 immutabilem
2304 620 2688 672 demonstrare
2723 617 2869 671 illam
2916 617 3183 685 jubebat;
3246 619 3422 672 cidem

1846 722 2109 765 creaturae
2137 710 2434 781 pollicitus,
2489 709 2603 764 fore
2646 718 2722 775 ut,
2780 709 2873 762 ubi
2909 709 3071 762 homo
3103 710 3344 778 perditus
3375 720 3429 764 et

1845 807 2094 877 captivus
2125 814 2437 869 renovatus,
2496 814 2551 860 et
2582 804 2635 858 in
2670 804 2944 873 integrum
2978 804 3265 857 restitutus
3312 803 3427 857 fue-

1847 898 1939 963 rit,
1974 899 2089 968 ipsa
2120 913 2341 967 quoque
2380 907 2706 963 renovetur;
2755 895 2912 965 quasi
2942 894 3148 949 diceret
3182 914 3195 948 :
3230 895 3432 949 cecidit

1848 988 2046 1058 imago,
2086 1000 2138 1043 et
2176 998 2400 1058 peccato
2452 1003 2553 1043 suo
2603 986 2823 1047 defecit.
2878 1001 3085 1056 perque
3114 985 3429 1041 inobedien-

1849 1082 1977 1136 tiam
2011 1096 2167 1135 suam
2204 1080 2466 1149 perditur.
2533 1081 2758 1134 Sustine
2787 1080 2972 1149 itaque
3000 1079 3207 1133 servire
3233 1078 3430 1149 perditi

1851 1172 1997 1225 illius
2053 1171 2431 1239 corruptioni,
2505 1180 2583 1234 ut,
2614 1169 2836 1240 quando
2887 1170 3183 1241 imaginem
3230 1184 3429 1234 meam,

1852 1264 2127 1317 hominem
2163 1262 2316 1316 illum
2353 1263 2647 1332 perditum,
2683 1277 3049 1326 renovavero,
3080 1270 3133 1317 et
3175 1270 3247 1325 te,
3281 1277 3435 1315 crea-

1852 1364 2054 1419 turam,
2089 1371 2197 1409 una
2248 1352 2391 1408 7mm
2446 1355 2566 1424 ipso
2620 1368 2899 1415 renovem,
2959 1354 3259 1424 gloriaeque
3315 1355 3435 1423 ejus

1858 1454 2168 1499 consortem
2205 1444 2460 1498 eliieiam.
2511 1442 2592 1499 Tu
2625 1443 2870 1514 quidem,
2926 1460 3047 1512 qua:
3076 1459 3172 1513 per
3204 1444 3433 1498 calami-

1855 1546 2019 1591 tatem
2051 1536 2173 1606 ejus
2208 1536 2373 1591 simul
2403 1536 2666 1605 depressa
2694 1551 2775 1599 es,
2831 1536 3017 1604 gloriae
3066 1551 3287 1606 quoque
3315 1535 3435 1604 ejus

1855 1630 2125 1700 particeps
2167 1645 2439 1700 resurges.
2466 1629 2609 1695 Quid
2639 1645 2770 1683 vero
2804 1630 2935 1683 illud
2965 1629 3068 1683 sibi
3099 1629 3232 1694 vult,
3289 1628 3439 1698 quod

1863 1729 2117 1777 creatura
2148 1721 2386 1776 hominis
2415 1720 2722 1775 dominium
2754 1720 3036 1788 refugiat?
3066 1720 3157 1775 Ait
3184 1721 3395 1777 scilicet
3420 1739 3434 1775 :

193 1804 300 1873 Ἀφ’
319 1799 379 1859 οὗ
409 1806 477 1860 ἀν
506 1809 753 1879 ἐκτραπῇ
780 1812 807 1862 6
834 1810 1121 1883 ἅνθρωπος
1146 1811 1240 1865 τοῦ
1262 1812 1421 1879 Θεοῦ,
1447 1814 1746 1886 ματαιότης

1866 1831 1881 1863 ι
1915 1812 2178 1865 Creatura
2209 1812 2436 1865 vanitati
2468 1827 2573 1865 non
2604 1810 2976 1881 estsubjeeta.
3014 1831 3031 1863 ι
3086 1814 3186 1868 Cui
3219 1814 3436 1867 vanita-

184 1893 435 1950 καλεῖται.
496 1898 763 1952 Ἄκουσον
811 1900 1104 1968 ψάλλοντος
1153 1903 1318 1956 Δαϐίδ
1344 1921 1356 1935 ·
1400 1924 1418 1956 ι
1476 1904 1624 1977 Πλὴν
1679 1906 1750 1959 τὰ

184 1985 461 2052 σύμπαντα
523 1988 822 2061 ματαιότης
878 1992 987 2054 πᾶς
1037 1992 1327 2065 ἄνθρωπος
1380 1992 1509 2058 ζῶν.
1566 2015 1585 2047 ι
1638 1996 1751 2060 Πᾶς

183 2072 457 2146 ἄνθρωπος
488 2079 716 2147 μάταιός
745 2080 916 2145 ἐστιν,
947 2083 975 2136 6
1020 2082 1110 2135 τὸν
1151 2083 1283 2136 Θεὸν
1324 2085 1753 2156 καταλιμπάνων

182 2166 269 2217 καὶ
294 2167 361 2220 τὰ
397 2168 603 2238 μάταια
639 2171 1021 2240 μεταδιώκωνο
1060 2172 1288 2245 ἔστησεν
1335 2177 1362 2228 6
1412 2176 1541 2240 Θεὸς
1575 2178 1750 2247 ἀγγέ-

182 2255 295 2320 λους
326 2260 467 2314 κατά
492 2262 557 2314 τὰ
588 2262 829 2331 κλίματα
868 2263 981 2333 (80)
1014 2267 1110 2335 τῆς
1135 2266 1469 2338 οἰκουμένης
1501 2268 1597 2322 ἕνα
1622 2269 1753 2323 ἐκοι-

184 2361 297 2398 στον
324 2349 728 2421 ἐπιτροπεύειν,
763 2352 838 2415 ὡς
885 2354 977 2406 καὶ
1020 2356 1225 2425 Μωσῆς
1274 2356 1420 2425 λέγει
1463 2359 1595 2429 (81),
1639 2359 1757 2422 ἐνὸς

182 2437 400 2493 ἑκάστου
434 2440 654 2507 ἔθνους·
686 2442 882 2514 ἔστησε
934 2444 1008 2510 δὲ,
1058 2447 1148 2500 ἵνα
1194 2448 1293 2517 τὴν
1341 2448 1549 2519 ἄψυχον
1578 2450 1759 2505 κτίσιν

182 2528 569 2596 χαλινώσωσιν,
595 2532 769 2604 ἥλιον,
800 2536 893 2588 καὶ
922 2535 1172 2607 σελήνην,
1201 2537 1295 2590 καὶ
1333 2536 1631 2603 θάλασσαν,
1664 2541 1759 2595 καὶ

184 2618 299 2685 γῆν,
333 2622 425 2674 καὶ
455 2622 526 2675 τά
559 2625 615 2675 ἐν
646 2624 829 2688 αὐτοῖς
866 2625 1162 2696 ὑπηρετεῖν
1206 2630 1273 2697 τῇ
1320 2626 1415 2680 τοῦ
1467 2628 1758 2699 ἀνθρώπου

183 2709 495 2768 ἀπολαύσει.
529 2714 699 2769 Πάλιν
730 2717 776 2768 οἰ
808 2716 1030 2785 ἄγγελοι
1056 2717 1347 2788 ἐτρύχοντο
1371 2720 1756 2793 ύπηρετούμε·

184 2818 258 2854 νοι
284 2805 525 2871 ἀναξίοις
560 2809 654 2859 καὶ
688 2807 846 2879 δίκης
893 2809 1098 2879 ἐνόχοις
1144 2808 1488 2881 ἀνθρὼποις’
1518 2813 1616 2865 καὶ
1655 2813 1763 2882 μά-

184 2893 333 2947 λιστα
389 2897 627 2966 ὁρῶντες
684 2900 881 2964 αὐτοὺς
928 2901 1024 2972 τὴν
1081 2902 1415 2974 Δεσποτικὴν
1462 2900 1617 2968 ἀξίαν
1651 2907 1764 2968 τοῖς

185 2985 414 3052 εἰδώλοις
449 2990 793 3057 ἀνάπτοντας
834 2993 927 3046 καὶ
966 2994 1320 3065 ἀνιεροῦντας
1349 2994 1585 3069 ’ἔφερεν
1630 2998 1664 3067 ὴ
1691 2996 1762 3067 γῆ

186 3078 271 3129 τὸν
300 3076 468 3145 οἷκον,
496 3083 593 3136 καί⁵
614 3085 663 3137 oi
692 3084 869 3154 βωμοὶ
916 3086 1012 3149 τὰς
1053 3086 1284 3151 σπονδὰς
1318 3087 1564 3157 ἐδέχοντο
1587 3105 1602 3121 ο
1640 3090 1766 3152 τοὺς

185 3168 370 3234 ἄλλους
398 3188 406 3194 ’
430 3174 682 3244 καρποὺς
717 3175 812 3228 καί⁵
854 3178 965 3241 τοῖς
1004 3177 1245 3245 εἰδώλοις
1271 3180 1580 3234 ἀνετίθεντο
1606 3196 1621 3212 ⁸
1673 3182 1764 3237 διὰ

187 3262 337 3315 τοῦτο
388 3265 727 3336 ἐδυσφόρουν
770 3268 817 3319 οἱ
852 3266 1175 3337 ἄγγελοιτά
1209 3270 1284 3342 μὴ
1344 3271 1473 3325 ὄντα
1527 3273 1765 3343 ὁρῶντες

187 3353 305 3406 ἀντὶ⁹
340 3356 434 3408 τοῦ
472 3357 628 3418 ὄντος
658 3356 946 3428 τιμώμενα
967 3376 980 3388 ·
1025 3360 1277 3415 ἐντεῦθεν
1329 3361 1551 3431 λέγεται
1583 3366 1677 3417 καὶ
1708 3364 1769 3417 τὸ

190 3442 366 3514 ἕτερον
392 3446 618 3518 ζήτημα
647 3448 708 3500 τὸ
761 3451 841 3511 εἰς
869 3450 963 3503 τὸν
1013 3452 1303 3523 προφήτην
1334 3453 1766 3525 ἀναφερόμενον.

196 3552 214 3583 ι
248 3530 475 3591 Ἧλθενμ
506 3538 645 3610 πρὸς
683 3538 867 3605 αὐτὸν,
918 3541 1105 3610 φησιν,
1164 3543 1193 3594 6
1245 3544 1476 3612 ἄγγελος
1504 3544 1768 3615 Γαϐριὴλ,
1816 3544 1821 3547 ’

193 3628 283 3679 καὶ
306 3628 455 3697 λέγει
490 3630 641 3700 αὐτῷ
664 3648 678 3661 ’
710 3631 930 3703 Δανιὴλ,
972 3635 1000 3686 6
1044 3633 1229 3697 δοῦλος
1260 3635 1354 3687 τοῦ
1378 3635 1539 3700 Θεοῦ,
1575 3638 1668 3707 ἀφ’
1701 3635 1771 3710 ἧς

189 3719 398 3789 ἡμέρας
428 3721 664 3791 προέθου
708 3722 958 3776 κακῶσαι
988 3722 1085 3793 τὴν
1110 3724 1289 3795 ψυχήν
1318 3722 1431 3778 σου
1450 3726 1628 3781 ἔναντι
1658 3731 1771 3783 Κυ-

194 3809 327 3880 ρίου,
358 3811 695 3884 εἰσηκούσθη
713 3816 746 3882 ὴ
769 3813 954 3883 δέησίς
978 3831 1094 3880 σου,
1127 3818 1219 3867 καὶ
1249 3816 1563 3889 ἀπεστάλην
1588 3822 1774 3890 ἀπαγ-

191 3903 363 3969 γεῖλαί
392 3922 477 3958 σοι
519 3905 587 3958 τὰ
624 3906 849 3976 ῥήματα
874 3904 1079 3960 ταῦτα*
1114 3907 1230 3961 ἀλλ’
1265 3910 1294 3960 6
1322 3908 1506 3980 ἄρχων
1538 3910 1638 3981 τῆς
1670 3893 1769 3982 βά-

194 3996 392 4061 σιλείας
421 3999 652 4069 Περσῶν
674 3999 908 4069 ἀντέστη
940 4016 1051 4068 μοι,
1073 3999 1123 4051 εἰ
1160 4000 1234 4071 μὴ
1268 4001 1508 4073 Μιχαὴλ,
1540 4005 1567 4055 6
1590 3987 1776 4075 ἄρχων

190 4087 281 4141 τοῦ
313 4089 503 4154 ἔθνους
531 4091 707 4162 ὑμῶν,
736 4086 901 4161 ἦλθεν
923 4093 1002 4155 εἰς
1030 4091 1308 4163 βοήθειαν.
1346 4111 1364 4144 ι
1419 4093 1777 4165 Ἀπορήσειεν

194 4181 298 4251 γὰρ
332 4184 399 4236 ἄν
432 4201 539 4246 τις,
566 4185 615 4236 εἰ
645 4185 671 4236 6
702 4184 801 4252 τῆς
833 4184 1094 4256 Περσίδος
1124 4184 1501 4255 ἐπιτροπεύων
1544 4186 1777 4256 ἄγγελος

192 4275 336 4345 παρὰ
360 4275 499 4329 Θεοῦ
531 4276 917 4348 ἐπιτροπεύειν
945 4277 1227 4341 τέτακται,
1260 4277 1525 4341 ὡσαύτως
1551 4279 1608 4333 δὲ
1639 4282 1777 4333 καὶὸ

191 4367 454 4441 Γαϐριὴλ,
487 4370 838 4437 ἀνακομίσων
864 4370 973 4442 (82)
1002 4369 1090 4422 τὸν
1124 4370 1342 4441 Ἰσραὴλ
1369 4370 1468 4441 τῆς
1493 4372 1776 4442 αἰχμαλωο

1853 1903 1941 1959 ti?
1970 1902 2389 1972 Quamprimum
2435 1902 2602 1958 homo
2651 1918 2681 1957 a
2720 1902 2829 1958 Deo
2856 1920 2916 1959 se
2946 1905 3167 1969 avertit,
3222 1906 3438 1960 vanitas

1854 2007 2099 2052 vocatur.
2149 1997 2284 2051 Audi
2322 1996 2579 2051 Davidem
2630 2004 2956 2051 canentem:
3027 2015 3046 2049 ι
3114 1997 3219 2052 Sed
3253 1999 3438 2055 omnia

1854 2088 2090 2152 vanitas,
2127 2086 2308 2142 omnis
2364 2087 2528 2141 homo
2560 2087 2750 2141 vivens
2782 2086 2854 2140 ⁷.»
2914 2086 3104 2141 Omnis
3134 2088 3298 2142 homo
3347 2102 3443 2141 va—

1856 2195 1962 2235 nus
2016 2187 2122 2244 est,
2182 2177 2277 2248 qui
2321 2176 2490 2232 Deum
2535 2176 2759 2242 deserit,
2811 2185 2866 2231 et
2924 2192 3063 2233 vana
3099 2186 3443 2232 consectans.

1859 2270 2003 2324 Deus
2030 2268 2255 2338 angelos
2288 2282 2384 2337 per
2412 2266 2595 2321 varias
2640 2266 2789 2321 orbis
2821 2274 3003 2336 partes
3032 2266 3326 2335 disposuit,
3385 2272 3447 2320 ut
3498 2262 3507 2285 ’

1858 2361 2058 2432 singuli
2089 2374 2303 2424 eorum,
2328 2360 2475 2429 quod
2508 2367 2562 2413 et
2598 2358 2775 2415 Moses
2804 2360 2901 2420 ait.
2932 2360 3165 2428 singulis
3193 2359 3446 2429 gentibus

1858 2452 2098 2524 prazsint.
2137 2450 2438 2507 Constituit
2470 2466 2599 2508 vero
2630 2451 2777 2516 ideo,
2835 2459 2895 2505 ut
2920 2461 3231 2507 creaturam
3269 2452 3449 2505 inani-

1862 2554 2061 2597 malam
2111 2550 2423 2606 coerceant,
2477 2542 2670 2608 solem,
2722 2552 2776 2596 et
2806 2540 3019 2607 lunam,
3082 2550 3137 2596 et
3168 2556 3340 2607 mare,
3393 2551 3448 2595 et

1861 2644 2083 2699 terram,
2109 2646 2167 2688 nt
2187 2651 2309 2705 qua:
2336 2634 2389 2688 in
2420 2634 2527 2689 illis
2556 2645 2704 2699 sunt,
2736 2634 3021 2688 hominum
3050 2634 3242 2689 usibus
3272 2635 3447 2688 inser-

1864 2726 2030 2779 viant.
2082 2726 2165 2779 Ab
2193 2726 2361 2779 altera
2394 2733 2548 2795 parte
2573 2725 2833 2780 dolebant
2866 2725 3070 2795 angeli,
3131 2726 3449 2780 hominibus

1864 2818 2103 2888 indignis
2151 2832 2435 2888 piceaeque
2487 2817 2744 2873 obnoxiis
2801 2817 3136 2883 servientes,
3174 2816 3228 2870 in
3256 2816 3450 2887 primis

1865 2924 1989 2963 cum
2019 2909 2285 2971 viderent.
2339 2923 2434 2965 eos
2484 2907 2700 2965 Domini
2752 2898 3072 2978 dignitatem
3125 2906 3452 2975 cultumque

1867 3000 1921 3055 in
1958 3000 2103 3055 idola
2154 2998 2454 3056 transferre
2514 3006 2569 3054 et
2623 3010 2961 3053 convertere.
3023 2996 3191 3053 Terra
3241 2996 3456 3052 ferebat

1868 3091 2077 3156 vinum,
2110 3090 2305 3144 altaria
2327 3104 2465 3144 .vero
2510 3089 2858 3145 deastrorum
2901 3087 3165 3143 libamina
3218 3089 3454 3157 excipie-

1870 3186 2032 3246 bant;
2069 3182 2215 3239 sicut
2240 3191 2295 3239 et
2321 3183 2460 3237 alios
2492 3179 2707 3236 fructus
2740 3180 2903 3235 idolis
2931 3193 3121 3235 sacros
3145 3194 3267 3236 esse
3288 3179 3451 3251 jube-

1869 3272 2205 3345 bant.A‘Jgre
2233 3273 2417 3343 itaque
2436 3272 2683 3327 ferebant
2708 3270 2912 3341 angeli,
2942 3285 3005 3325 ea
3028 3286 3151 3341 quae
3169 3285 3278 3325 non
3304 3282 3454 3335 sunt,

1872 3383 1971 3439 pro
1998 3383 2084 3433 eo,
2118 3366 2212 3437 qui
2244 3373 2348 3431 est,
2407 3364 2513 3420 coli
2551 3364 2819 3420 videntes.
2869 3361 3011 3419 Hinc
3036 3361 3368 3433 intelligitur
3403 3373 3459 3417 et

1871 3462 2102 3516 alterum
2134 3458 2266 3513 illud
2292 3457 2607 3528 quaesitum,
2654 3456 2800 3526 quod
2857 3456 2924 3511 ad
2957 3455 3279 3526 prophetam
3334 3468 3459 3523 spe-

1872 3556 2029 3603 ctat:
2068 3566 2087 3599 ι
2131 3545 2292 3601 Venit
2350 3545 2418 3600 ad
2452 3546 2630 3609 illum,
2687 3545 2889 3614 inquit,
2950 3545 3182 3615 angelus
3212 3542 3455 3606 Gabriel,

1873 3641 2117 3710 dicitque
2147 3638 2224 3693 illi
2248 3656 2261 3693 :
2299 3636 2510 3704 Daniel,
2544 3652 2702 3693 serve
2724 3636 2839 3701 Dei,
2872 3652 2939 3693 ex
2964 3651 3075 3706 quo
3103 3636 3193 3690 die
3215 3636 3460 3689 animam

1876 3741 2026 3787 tuam
2061 3746 2251 3786 coram
2315 3730 2546 3784 Domino
2616 3728 2861 3798 affligere
2906 3728 3175 3792 statuisti,
3204 3727 3465 3782 exaudita

1876 3836 1958 3881 est
1994 3825 2236 3894 precatio
2266 3832 2380 3888 tua,
2411 3837 2627 3893 egoque
2658 3822 2867 3877 missus
2895 3834 3042 3884 sum,
3071 3828 3132 3875 ut
3162 3819 3264 3875 tibi
3295 3819 3465 3874 verba

1879 3919 1995 3971 haec
2052 3914 2382 3985 renuntiem.
2447 3914 2554 3968 Sed
2616 3928 2786 3983 regno
2837 3911 3132 3967 Persarum
3169 3912 3464 3980 praefectus

1878 4007 2171 4063 restitisset
2222 4006 2382 4070 mihi,
2440 4005 2545 4061 nisi
2600 4004 2857 4070 Michael,
2914 4006 3008 4075 qui
3063 4006 3210 4074 genti
3268 4013 3466 4060 vestrm

1880 4110 2099 4169 praeest,
2132 4098 2339 4153 auxilio
2370 4097 2610 4153 venisset
2632 4097 2709 4153 ⁸.»
2740 4095 2838 4151 llic
2862 4096 3194 4151 dubitaverit
3228 4096 3461 4167 aliquis,

1880 4190 1973 4260 qui
2008 4190 2122 4244 fieri
2152 4189 2410 4258 potuerit,
2466 4188 2510 4243 si
2550 4187 2799 4259 angelus,
2846 4185 3048 4241 Persia:
3091 4187 3402 4257 praefectus,
3436 4204 3468 4241 a

1884 4283 2016 4350 Deo,
2054 4292 2113 4336 ιιι
2138 4281 2213 4335 illi
2261 4292 2539 4351 praeesset,
2584 4280 2936 4345 constitutus,
2970 4279 3332 4349 similiterque
3361 4277 3469 4332 Ga-

1884 4376 2019 4429 briel
2048 4375 2115 4429 ad
2152 4374 2409 4428 lsraelem
2462 4389 2527 4427 ex
2583 4372 2901 4443 captivitate
2928 4371 3299 4426 reducendum
3339 4369 3473 4425 mis-

193 4461 314 4527 σίας
343 4465 500 4534 παρὰ
531 4463 667 4517 Θεοῦ
697 4463 1058 4529 ἀπέσταλται,
1097 4464 1213 4527 πῶς
1234 4464 1383 4535 αύτῷ
1412 4466 1521 4519 τῶν
1553 4468 1757 4538 Περσῶε

1885 4480 1979 4520 sus
2011 4465 2203 4533 fuerit,
2256 4472 2317 4518 ut
2365 4464 2444 4518 illi
2474 4461 2765 4518 Persarum
2810 4460 3105 4533 praefectus
3140 4459 3473 4516 resisteret?

190 4556 216 4606 6
240 4555 424 4625 ἀρχων
459 4555 780 4619 ἀνθίστατος
830 4555 1029 4627 Λυθείη
1062 4556 1107 4608 δ’
1148 4556 1215 4610 ἂν
1243 4556 1305 4609 τὸ
1353 4557 1779 4631 διαπορούμενον

191 4642 288 4701 ὧδε
314 4666 327 4680 ·
369 4649 429 4702 Ὀ
472 4649 677 4717 κόσμος
708 4648 1157 4720 εἰδωλολατρείας
1187 4651 1568 4722 ἐπεπλήρωτο.
1613 4653 1677 4705 0i
1722 4653 1780 4706 δὲ

192 4741 435 4809 ἄγγελοι,
472 4742 524 4794 οἰ
562 4739 868 4808 ἐφεστῶτες
902 4739 1010 4792 τῶν
1032 4740 1223 4807 ἐθνῶν,
1256 4742 1651 4813 ἠγανάκτησαν
1686 4744 1782 4797 καὶ

195 4829 497 4884 ἐθλίϐοντο·
528 4830 874 4902 αἰχμάλωτος
903 4830 959 4883 δὲ
985 4831 1185 4902 Δανιὴλ
1208 4832 1286 4893 εἰς
1316 4831 1613 4887 Βαϐυλῶνα
1641 4831 1784 4903 μετὰ

194 4924 299 4977 τῶν
324 4924 620 4995 ὁμοφύλων
656 4925 926 4997 ἀπαχθεὶς
953 4925 1052 4995 τὴν
1084 4924 1413 4992 θεογνωσίαν
1440 4926 1743 4997 ἐκήρυττεν
1763 4941 1777 4956 ⁸

195 5012 459 5075 ὡσαύτως
492 5004 588 5065 καὶ
618 5013 666 5065 οἰ
694 5016 839 5083 τρεῖς
871 5015 1077 5078 παῖδες,
1113 5012 1206 5077 οὓς
1239 5014 1300 5066 τὸ
1341 5012 1452 5084 πῦρ
1478 5015 1556 5078 εἰς
1589 5014 1784 5086 ἱλαρὰς

195 5104 369 5175 αὔρας
411 5106 517 5175 τὴν
563 5105 864 5176 καυστικὴν
903 5105 1134 5176 δύναμιν
1179 5105 1422 5176 ἀμεῖψαν
1481 5106 1780 5178 ἀνέψυχεν·

195 5194 274 5247 διὸ
300 5196 395 5249 καὶ
428 5196 663 5260 πολλοὺς
690 5197 788 5267 τῆς
834 5197 1119 5269 εἰδωλικῆς
1160 5200 1601 5270 μεταστήσαντες
1647 5199 1784 5253 πλά-

267 5375 289 5406 '
319 5375 472 5431 Psal.
523 5390 755 5441 xxxviii,
785 5377 837 5431 5.
915 5376 936 5405 ⁸
975 5376 1105 5430 Dan.
1144 5393 1195 5438 χ,
1253 5376 1320 5429 12
1370 5392 1505 5446 seqq

1892 4558 2181 4617 Enimvero
2231 4556 2412 4612 omnis
2447 4557 2563 4610 hinc
2590 4554 2860 4610 dubitatio
2904 4554 3063 4609 facile
3108 4554 3192 4610 sic
3222 4553 3475 4617 expedie-

1893 4660 2000 4707 tur.
2029 4650 2201 4705 Totus
2230 4650 2380 4705 orbis
2432 4647 2740 4704 idololatria
2794 4647 3075 4703 scatebat:
3110 4646 3288 4716 angeli
3325 4662 3470 4713 vero,

1891 4742 2145 4813 gentibus
2174 4738 2438 4811 praefecti,
2477 4738 2908 4807 indignabantur
2941 4747 2996 4794 et
3024 4753 3165 4809 aegre
3186 4754 3298 4792 rem
3329 4737 3474 4792 lere-

1890 4833 2042 4887 hant.
2078 4832 2293 4886 interea
2332 4828 2544 4894 Daniel,
2583 4843 2708 4882 cum
2740 4828 2958 4883 civibus
2989 4830 3106 4883 suis
3145 4827 3475 4899 Babylonem

1891 4925 2137 4996 captivus
2162 4923 2362 4978 ductus
2393 4920 2565 4976 divini
2601 4919 2854 4976 Numinis
2887 4921 3255 4992 cognitionem
3291 4920 3474 4975 instil-

1893 5015 2056 5068 labat.
2091 5011 2234 5065 Idem
2265 5008 2539 5065 faciebant
2572 5017 2684 5062 tres
2716 5008 2892 5083 pueri,
2920 5024 3058 5079 quos
3087 5010 3248 5079 ignis,
3281 5009 3478 5063 urendi

1893 5106 2209 5161 facultatem
2245 5119 2369 5158 cum
2396 5100 2648 5171 jucunda
2683 5116 2817 5155 aura
2858 5109 3203 5171 permutans,
3262 5115 3476 5155 recrea-

1893 5199 1988 5254 bat
2016 5200 2057 5250 ”.
2098 5195 2207 5252 lloc
2238 5194 2381 5251 facto
2414 5194 2576 5249 iidem
2602 5191 2926 5261 effecerunt,
2958 5203 3017 5250 ut
3046 5194 3224 5259 multi,
3250 5193 3320 5248 ab
3354 5191 3475 5247 ido-

1602 5378 1621 5408 ⁸
1659 5376 1790 5431 Dan.
1852 5392 1934 5444 ιιι,
1974 5377 2039 5429 ‘25
2074 5393 2226 5446 seqq.

1762 5553 1989 5609 NOT/E.

267 5719 383 5793 (80‘)
419 5723 502 5793 ita
546 5720 726 5793 scnibo
767 5735 861 5793 pro
885 5717 1161 5793 κλήματα.
1480 5783 1487 5792 ⁸
1543 5783 1550 5793 .

272 5791 387 5862 (8i)
416 5789 606 5847 Mosen
638 5789 688 5845 id
715 5789 933 5861 quidem
965 5788 1147 5843 dicere
1190 5804 1295 5843 non
1332 5788 1574 5841 utemini,

2440 5666 2455 5685 Ι

1977 5714 2087 5785 (8'3)
2122 5716 2212 5771 Sic
2246 5712 2425 5769 scribo
2459 5726 2554 5780 pro
2588 5708 2922 5777 ἀνακομίσω.
