3828 6202
399 333 611 400 843’

1556 339 1818 399 ΡΗΟΤΙΙ
1855 342 1981 399 ΡΛἸ

2090 342 2362 402 ΑΗΟΙΙᾹΞ
2390 343 2499 400 CP.
3514 342 3598 408 $.54

401 449 634 505 lolatriae
691 463 874 504 errore
904 450 1164 516 revocati,
1233 448 1402 504 Deum
1461 464 1649 505 verum
1713 451 1972 504 colerent.

2090 470 2177 522 νης
2206 453 2475 507 θεοσεϐεῖν
2507 452 2950 521 παρεσκεύασαν.
2998 452 3055 506 '0
3084 447 3176 507 οῦν
3222 451 3318 523 τῆς
3349 455 3500 526 ἀρχῆς
3516 458 3603 512 τῶν

400 540 587 596 Persis
644 540 827 608 itaque
887 538 1178 609 praefectus
1225 539 1454 609 angelus
1511 539 1802 606 gaudebat,
1850 555 1975 593 cum

408 634 617 689 videret
651 631 817 686 Deum
855 632 905 684 in
944 631 1194 702 partibus
1225 631 1338 684 suis
1393 630 1515 685 loco
1549 628 1814 683 idolorum
1847 631 1973 684 coli.

2083 543 2309 613 Περσῶν
2353 542 2673 612 ἐφεστηκὼς
2705 543 2937 611 ἄγγελος
2979 543 3218 614 ἔχαιρεν,
3273 543 3403 614 ὁρῶν
3434 548 3483 598 ἐν
3511 553 3604 612 τοῖς

2083 632 2247 686 αὐτοῦ
2275 632 2463 704 μέρεσι
2491 633 2580 685 τδν
2607 632 2740 685 Θεὸν
2770 633 2892 686 ἀντί
2916 632 3023 684 τῶν
3055 632 3291 686 εἰδώλων
3321 633 3607 706 λατρεώμε-

408 720 640 776 Videbat
712 721 802 775 ille
872 719 1466 774 Nahucbodonosorem
1521 733 1619 787 pro
1674 732 1782 784 eo,
1833 719 1981 788 quod

404 813 533 870 olim
586 812 691 885 diis
730 828 886 867 sacra
942 811 1118 866 facere
1166 810 1427 882 cogebat,
1497 821 1551 866 et
1602 810 1981 880 immorigeros

403 905 668 961 extremis
717 904 998 974 suppliciis
1054 903 1396 972 subjiciebat,
1449 917 1596 955 nunc
1633 897 1851 955 tandem
1886 919 1975 957 ve-

404 1009 527 1046 rum
558 992 726 1046 Deum
760 992 995 1048 maxime
1019 991 1296 1046 celebrare
1325 1001 1378 1045 et
1403 991 1586 1046 dicere
1614 1010 1626 1045 :
1663 1011 1681 1043 c
1716 991 1984 1056 Sedracb,

407 1087 637 1153 Misach,
674 1086 986 1156 Abdenago,
1015 1084 1155 1139 servi
1191 1084 1286 1138 Dei
1317 1086 1518 1140 excelsi
1547 1087 1629 1152 ¹⁰;
1661 1106 1677 1135 ι
1708 1095 1761 1139 et
1781 1087 1981 1142 similia

406 1179 587 1248 plura.
629 1178 899 1244 Quoniam
941 1177 1126 1246 itaque
1172 1177 1332 1231 divus
1366 1177 1553 1232 Daniel
1592 1178 1757 1232 Deum
1795 1195 1983 1248 preca—

407 1272 592 1333 batur,
645 1279 706 1325 ut
766 1269 1198 1324 hebdomadibus
1269 1269 1377 1325 illis
1435 1270 1802 1340 septuaginta,
1865 1286 1986 1340 qua:

409 1363 712 1442 captivitati
747 1369 968 1418 statuta:
1005 1372 1198 1427 erant,
1219 1362 1330 1432 jam
1360 1363 1783 1430 consummatis,
1811 1362 1986 1417 Israe-

409 1457 532 1511 litas
582 1471 645 1510 ex
678 1470 900 1510 carcere
938 1455 1227 1522 educeret;
1277 1466 1332 1510 et
1364 1454 1584 1511 Gabriel
1619 1467 1885 1526 praeterea
1920 1456 1986 1509 ad

407 1545 745 1602 aﬂ‘erendum
775 1546 852 1601 illi
881 1547 1156 1614 nuntium,
1208 1548 1410 1603 missus
1449 1559 1586 1612 erat,
1642 1548 1862 1623 Persico
1890 1550 1990 1604 im-

408 1639 560 1709 perio
593 1637 878 1708 pra-fectus
908 1638 1145 1694 Gabricli
1180 1641 1398 1708 restitit,
1426 1641 1784 1697 contristatus
1810 1657 1874 1697 ex
1901 1658 1981 1710 eo,

2093 1643 2268 1714 ἀρχῆς
2290 1642 2590 1711 ἐπιστάτης
2615 1638 2975 1710 λυπούμενος,
2994 1639 3077 1691 ὅτι
3106 1635 3272 1690 πάλιν
3296 1638 3328 1706 ὴ
3351 1635 3418 1706 γῆ
3439 1635 3558 1705 (85),
3577 1629 3631 1706 ἧς

409 1729 556 1798 quod
586 1739 751 1794 terra,
786 1730 874 1785 cui
907 1737 1154 1799 praeerat,
1217 1730 1268 1784 in
1313 1731 1598 1800 pristinam
1637 1731 1971 1801 impietatem

2097 1734 2407 1798 ἐπεστάτει,
2435 1733 2544 1786 τῶν
2599 1732 2934 1787 διδασκάαων
2975 1731 3075 1800 τῆς
3118 1730 3400 1793 εὐσεϐείας
3457 1727 3634 1782 ἐκεῖθεν

413 1829 470 1876 et
532 1836 752 1877 errores
823 1833 1081 1886 veteres,
1154 1822 1396 1876 reductis
1457 1823 1582 1878 inde
1636 1823 1748 1877 veri
1808 1824 1981 1878 cultus

2095 1825 2592 1894 ἀνακομισθέντων,
2624 1826 2706 1888 είς
2737 1823 2836 1894 τὴν
2866 1823 3150 1896 προτέραν
3173 1821 3497 1891 ἀναστρέψει
3527 1821 3634 1874 ἀσέ-

412 1914 756 1979 doctoribus,
817 1913 1026 1967 ruitura
1057 1912 1350 1966 videretur.
1384 1911 1605 1969 Restitit
1649 1931 1780 1970 vero
1803 1955 1817 1980 ,
1871 1932 1980 1971 non

2098 1920 2251 1972 ϐειαν
2277 1917 2372 1972 καὶ
2405 1916 2611 1986 πλάνην
2639 1933 2654 1948 ·
2687 1915 2977 1970 ἀνθίστατο
3011 1917 3068 1969 δὲ
3097 1916 3158 1968 οὐ
3188 1915 3506 1984 μαχόμενος,
3529 1911 3638 1966 ἀλλὰ

414 2021 690 2078 pugnans,
747 2005 840 2059 sed
870 2005 943 2058 ita
987 2005 1456 2074 causaejustitiam
1483 2006 1798 2062 edissercns
1829 2024 1844 2059 :
1879 2008 1981 2062 CUI

2095 2009 2618 2080 δικαιολογούμενος·
2651 2009 2746 2072 Τίς
2778 2011 2811 2080 ὴ
2845 2007 3070 2078 σπουδὴ,
3096 2007 3297 2075 λέγων,
3335 2005 3429 2075 τῆς
3454 2003 3637 2068 ἀνόδου;

417 2098 625 2153 reditus
652 2105 803 2151 tanto
823 2096 1006 2151 studio
1039 2097 1302 2167 urgetur?
1325 2095 1516 2163 Quoad
1549 2098 1788 2168 populus
1823 2099 1981 2154 Israe-

2095 2105 2196 2176 τὴν
2225 2105 2434 2158 οἰκείαν
2467 2103 2634 2156 οίκῶν
2693 2100 2930 2171 πατρίδα
2954 2102 2983 2154 ὁ
3023 2099 3245 2171 Ἰσραὴλ
3273 2099 3370 2151 καὶ
3419 2095 3637 2150 εὐπαθῶν

423 2188 607 2243 liticus
638 2196 838 2242 terram
873 2186 1104 2257 patriam
1142 2187 1444 2252 habitabat,
1504 2199 1557 2243 et
1578 2205 1840 2259 prospere
1872 2206 1981 2261 age-

2099 2199 2178 2259 εἱς
2235 2193 2650 2264 είδωλολατρίαν
2705 2191 2966 2254 πολλάκις
3013 2188 3339 2254 ὲξώλισθενο
3383 2186 3473 2244 νῦν
3505 2186 3555 2239 δὲ
3592 2187 3642 2238 οὐ

421 2277 531 2340 bat,
560 2291 700 2346 savpe
731 2276 785 2330 in
814 2275 1176 2332 idololatrian]
1199 2277 1446 2331 divertit:
1471 2277 1584 2347 jam
1604 2294 1731 2333 vero
1755 2283 1981 2350 peregri-

2099 2287 2358 2359 καθαρῶς
2403 2285 2623 2339 εὐσεϐεῖ
2667 2286 2850 2356 μόνον.
2907 2282 3043 2336 ἀλλά
3096 2282 3191 2336 καὶ
3251 2279 3534 2351 ὐπεραθλεί
3565 2281 3643 2349 τῆς

421 2383 545 2424 nam
583 2369 846 2430 incolens,
901 2384 1036 2438 pure
1082 2369 1252 2424 Deum
1307 2370 1455 2437 colit,
1510 2387 1610 2427 nec
1638 2372 1768 2426 colit
1799 2374 1972 2428 solum

2102 2378 2405 2442 εὐσεϐείας,
2440 2377 2535 2430 καὶ
2565 2375 2775 2429 πολλῶν
2801 2373 2910 2428 τῶν
2940 2370 3379 2441 πεπλανημένων
3412 2368 3538 2438 πρὸς
3571 2367 3646 2418 τὸν

421 2461 516 2516 sed
563 2470 618 2516 et
660 2476 757 2531 pro
808 2461 958 2516 cultu
1013 2462 1116 2516 hoc
1167 2461 1382 2517 iortiter
1429 2472 1655 2533 pugnat,
1689 2465 1981 2535 multosqm

2103 2471 2355 2544 ἀληθινὸν
2397 2467 2786 2540 ἐπιστρέφουσι
2813 2467 2905 2519 τὸν
2958 2464 3112 2518 Θεὸν.
3149 2464 3284 2516 Ὅτε
3321 2457 3413 2516 οῦν
3447 2459 3648 2520 καὶτοῖς

422 2553 726 2613 errantium
765 2552 831 2606 ad
861 2568 1049 2607 verum
1073 2552 1244 2607 Deum
1273 2553 1514 2608 adducit.
1544 2552 1981 2624 Quandoquich

2102 2559 2201 2632 τὴν
2231 2559 2392 2631 χάριν
2424 2556 2742 2628 δεχομένοις
2761 2554 2910 2608 οὐδὲν
2942 2551 3080 2608 κατά
3105 2550 3292 2622 ψυχὴν
3316 2548 3650 2602 λυσιτελέστεο

422 2658 550 2714 ergo
587 2653 640 2698 et
671 2643 799 2710 illis,
847 2645 941 2714 qui
988 2645 1217 2713 gratiam
1275 2655 1619 2714 receperunt,
1671 2646 1829 2711 nihil,
1858 2661 1981 2716 quor

2110 2671 2200 2724 ρον
2232 2647 2606 2715 ἐπακολουθεῖ,
2640 2649 2886 2711 καὶτοὺς
2912 2645 3155 2698 εὐσεϐεῖν
3189 2644 3258 2698 δι’
3293 2645 3484 2706 αὐτοὺς
3509 2640 3649 2712 ἀρξα-

423 2733 622 2790 animze
647 2733 946 2788 salutarius
982 2735 1075 2799 sit,
1111 2734 1316 2801 evenit,
1365 2742 1420 2789 et
1455 2735 1600 2800 illos,
1657 2739 1750 2804 qui
1787 2751 1879 2804 per
1907 2751 1981 2790 eo:

2111 2745 2304 2814 μένους
2343 2742 2454 2811 (84)
2484 2741 2543 2794 τὸ
2597 2740 2826 2808 ἔσχατον
2877 2737 3066 2803 κακὸν,
3112 2739 3144 2807 ἡ
3186 2736 3491 2794 δυσσέϐεια,
3522 2734 3654 2786 πάλιν

423 2839 612 2882 verum
645 2825 814 2881 Deum
867 2827 1049 2880 colere
1097 2826 1456 2896 inceperunt,
1520 2826 1790 2896 impietas,
1821 2837 1981 2883 extre

2109 2834 2456 2905 ὑποχειρίους
2489 2834 2653 2897 ποιεῖ,
2678 2831 2842 2884 πόσον
2875 2825 2944 2900 ὴν
2973 2829 3202 2899 ἄμεινον
3236 2828 3330 2882 καὶ
3357 2827 3442 2880 τὸν
3472 2824 3654 2895 Ἰσραὴλ

425 2931 577 2974 mum
609 2917 881 2971 malorum
913 2909 1186 2985 omnium,
1219 2917 1325 2973 sibi
1355 2919 1554 2973 iterum
1583 2919 1853 2975 obnoxios
1881 2919 1975 2974 rcd

2109 2926 2246 2989 τέως
2269 2925 2370 2991 τῆς
2401 2923 2783 2994 αἰχμαλωσίας
2815 2921 2892 2992 μὴ
2936 2922 3264 2989 ἀναγαγεῖν,
3297 2921 3392 2973 καὶ
3419 2919 3536 2979 τοὺς
3555 2917 3655 2986 ἄρτι

425 3006 551 3073 dat;
600 3021 782 3063 nonne
830 3016 1140 3079 praestaret,
1191 3009 1236 3064 si
1280 3006 1445 3065 Israel
1481 3024 1630 3064 nunc
1658 3009 1876 3080 quidem
1939 3025 1981 3065 et

2111 3015 2250 3086 πρὸς
2286 3015 2347 3068 τὺ
2403 3013 2519 3084 φῶς
2565 3012 2973 3082 ἀναϐλέψαντας
3023 3011 3124 3082 τῆς
3177 3009 3501 3080 θεογνωσίας
3526 3008 3657 3076 ,ἐντῇ

425 3099 741 3169 captivitate
774 3116 882 3156 non
911 3103 1258 3170 educeretur,
1313 3103 1390 3158 illi
1427 3118 1576 3169 vero,
1623 3104 1716 3174 qui
1749 3105 1974 3159 salutari

2111 3109 2247 3178 αὐτῇ
2273 3091 2557 3178 συντηρεῖν
2581 3105 2835 3177 εὐσεϐείᾳ
2857 3106 2869 3158 ι
2903 3101 3267 3173 Ἀπεστάλην,
3300 3102 3426 3174 φὴς,
3451 3098 3533 3152 τὸν
3557 3097 3662 3150 λαδν

429 3189 525 3246 Dei
550 3191 880 3262 cognitionis
908 3192 1084 3248 lucem
1114 3193 1225 3263 jam
1251 3203 1524 3265 spectant,
1579 3194 1634 3248 in
1667 3195 1858 3250 eadem
1888 3194 1981 3264 pie

2111 3176 2559 3273 ἀποκαταστὴσαι
2588 3204 2654 3271 τῇ
2695 3176 2942 3270 πατρίδι.
2977 3197 3113 3268 Ποία
3141 3196 3368 3268 πατρίδι
3405 3193 3546 3266 (85);
3579 3189 3662 3243 Ἦν

429 3289 544 3340 tate
573 3285 1078 3342 conservarentur?
1123 3284 1202 3340 Tu
1253 3286 1476 3356 quidem
1525 3286 1754 3341 missum
1803 3295 1854 3341 te
1903 3286 2007 3349 ais,
2113 3295 2388 3358 οικοῦντες
2406 3294 2634 3365 ἐμίαναν
2660 3294 2897 3358 κνίσαις,
2919 3291 3137 3361 δαίμοσι
3157 3289 3405 3352 θύοντες,
3433 3286 3520 3340 καὶ
3541 3283 3665 3336 εἰδω-

433 3384 494 3430 ut
537 3376 794 3446 p0pulum
847 3378 1036 3447 patria:
1094 3395 1207 3434 suae
1249 3381 1532 3436 restituas.
1585 3378 1718 3444 Quae
1769 3393 1898 3434 vero
1926 3393 1981 3436 es

2113 3385 2434 3456 λομανίαις·
2489 3384 2551 3437 οὐ
2609 3381 2785 3436 ταῦτα
2817 3382 3114 3451 κατηγορεῖ
3164 3378 3344 3448 λέγων
3383 3373 3660 3445 Ἱερεμίας·

431 3469 523 3525 illa
547 3471 720 3540 patria
744 3471 767 3525 ?
810 3469 884 3525 Ea
919 3471 1104 3543 utique
1130 3489 1295 3543 quam
1319 3473 1628 3529 habitantes
1672 3482 1726 3528 et
1750 3471 1981 3528 d:emoni

2122 3498 2140 3531 ι
2179 3479 2316 3533 Κατ’
2359 3475 2593 3548 ἀριθμὸν
2638 3473 2749 3527 τῶν
2799 3471 3006 3526 πόλεών
3050 3488 3143 3524 σου
3186 3465 3334 3542 ἦσαν
3357 3469 3404 3522 οἱ
3433 3465 3535 3521 θεοί
3567 3481 3664 3526 σου,

433 3563 538 3618 bus
569 3579 725 3619 sacra
748 3563 1008 3620 facientes
1027 3604 1044 3630 ,
1071 3565 1359 3622 nidoribus
1386 3575 1440 3622 et
1463 3565 1773 3621 idololatria
1803 3565 1981 3636 pollue

2127 3568 2300 3622 Ἰούδα
2320 3583 2336 3599 ⁶
2370 3567 2463 3620 καὶ
2498 3564 2638 3619 κατά
2665 3563 2736 3617 τὰ
2779 3562 3020 3633 ἀμφόδια
3057 3559 3422 3630 Ἰερουσαλὴμ
3447 3558 3585 3616 ἐθυες
3607 3555 3661 3622 τῇ

434 3665 584 3710 runt.
619 3654 808 3710 Nonne
830 3657 1022 3712 horum
1056 3667 1281 3714 accusat
1327 3672 1421 3713 eos
1449 3656 1717 3712 Jeremias
1767 3657 1956 3712 dicens

2117 3663 2261 3716 Ιῖαάλ
2295 3661 2428 3734 (86)·
2473 3679 2492 3712 ι
2534 3657 2749 3730 μυρίοις
2777 3657 2899 3709 τότε
2935 3655 3084 3735 παρά
3111 3653 3251 3708 Θεοῦ
3284 3649 3668 3724 περιεκλύζοντο

439 3767 460 3800 ι
490 3748 804 3803 Secundum
871 3766 1159 3806 numerum
1201 3750 1419 3805 urbium
1470 3761 1688 3804 tuarum
1732 3760 1888 3804 erant
1915 3749 1981 3803 til:

2116 3755 2360 3826 ἀγαθοῖς,
2387 3755 2489 3816 ,καὶ
2539 3752 2641 3824 τῆς
2673 3750 2870 3814 κακίας
2913 3750 3008 3804 καὶ
3057 3747 3320 3810 ἀσεϐείας
3349 3747 3448 3799 οὐκ
3493 3739 3668 3810 ἀνεχώο

434 3840 533 3905 dii,
565 3855 600 3894 o
633 3839 796 3907 Juda,
848 3851 901 3895 et
931 3843 1231 3897 secundum
1272 3841 1417 3896 bivia
1453 3841 1755 3896 Jerusalem
1803 3840 1981 3897 sacriﬁ

2120 3865 2283 3922 ρουνο
2318 3847 2487 3920 μυρία
2545 3846 2640 3901 νῦν
2701 3845 3033 3916 ὑπομένουσι
3087 3841 3260 3905 κακά,
3307 3840 3403 3893 καλ⁸
3439 3835 3529 3892 τοῦ
3555 3830 3668 3888 Θεοῦ

434 3934 602 3987 caltas
652 3931 914 3987 Baali“?
949 3953 968 3985 ι
997 3933 1152 3988 Tunc
1199 3934 1422 4003 quidem
1467 3950 1496 3987 a
1550 3933 1662 3988 Deo
1707 3935 1978 3989 innumeri

2116 3944 2214 3996 οὐκ
2238 3942 2584 4012 ἀφίστανται.
2613 3939 2680 3992 Τί
2712 3939 2828 3992 ποτ’
2867 3932 2960 3991 οῦν
3014 3935 3170 3991 ἔσται
3207 3935 3273 3987 τὸ
3319 3932 3416 4002 τῆς
3442 3927 3669 3983 ἐπανόδου

435 4026 716 4082 beneﬁciis
755 4026 1184 4090 inundabantur,
1236 4025 1330 4081 sed
1377 4027 1462 4082 vel
1515 4026 1595 4081 sic
1640 4042 1668 4080 a
1720 4029 1927 4082 malitia
1955 4043 1981 4084 c

2117 4035 2340 4105 κέρδος;
2372 4029 2480 4085 Ἦν
2499 4031 2681 4084 τοίνυν
2703 4031 2736 4100 ἡ
2768 4029 3078 4090 ἀντίστασις
3104 4027 3167 4080 οὐ
3202 4024 3380 4080 κακοῦ
3408 4023 3535 4094 πρὸς
3561 4022 3672 4086 ἀγα·

438 4115 715 4186 impietate
743 4133 840 4173 sua
875 4133 983 4173 non
1019 4119 1375 4174 desistebant.
1429 4118 1547 4174 Jam
1573 4135 1703 4174 vero
1729 4122 1979 4177 innumer

2118 4123 2244 4176 θὸν·
2277 4123 2338 4177 οὐ
2380 4122 2489 4193 γὰρ
2526 4115 2699 4184 εἶπεν,
2739 4119 2997 4190 ἐμάχετο,
3033 4117 3174 4182 ἀλλ’,
3209 4116 3507 4169 ἀνθίστατο
3530 4128 3543 4142 ·
3595 4108 3670 4160 καὶ

438 4211 579 4262 mala
615 4212 1010 4280 perpetiuntur,
1051 4227 1228 4280 neque
1271 4219 1452 4265 tamen
1496 4227 1527 4263 a
1578 4212 1687 4266 Deo
1730 4211 1981 4267 recedunl

2118 4217 2226 4286 γὰρ
2249 4213 2363 4269 ἔστι
2393 4211 2654 4276 πολλάκις
2689 4211 3004 4273 ἀντίστασις
3033 4207 3251 4262 δικαίου
3286 4206 3424 4279 πρὸς
3477 4198 3670 4271 ἀγαθὸν,

438 4299 574 4367 Quis
621 4303 785 4372 igitur
827 4303 1032 4358 reditus
1056 4301 1266 4356 fructus
1312 4301 1455 4355 erit?
1486 4301 1671 4370 Itaque
1706 4302 1979 4358 resistenti

2118 4307 2192 4370 ὡς
2256 4303 2575 4358 ἀνθίσταται
2631 4301 2890 4364 πολλάκις
2939 4300 3090 4370 νόμῳ
3147 4295 3552 4370 φιλανθρωπία,
3596 4288 3672 4343 καὶ

439 4391 531 4446 hic
557 4399 674 4447 erat
700 4407 809 4448 non
839 4392 966 4447 mali
986 4391 1254 4446 adversus
1285 4391 1510 4444 bonum.
1537 4389 1657 4444 Non
1683 4392 1827 4445 enim
1858 4392 1981 4447 dicil

2119 4395 2499 4467 φιλανθρωπίᾳ
2533 4395 2718 4464 νόμος.
2744 4393 2801 4447 Ὀ
2831 4393 2995 4462 νόμος
3020 4392 3110 4445 τὸν
3163 4391 3558 4462 ἀμαρτήσαντα
3593 4398 3671 4435 κο-

439 4484 734 4553 pugnabat,
767 4485 861 4541 sed
918 4483 1229 4539 resistebat.
1284 4483 1438 4553 Saepe
1486 4483 1632 4536 enim
1685 4483 1848 4538 datur
1881 4485 1981 4538 resi

2117 4485 2292 4550 λάζει.
2328 4483 2712 4554 Φιλανθρωπία
2739 4482 2997 4546 πολλάκις
3028 4481 3305 4551 βασιλέως
3331 4481 3421 4534 τὸν
3440 4473 3672 4575 ἀμαρτη·

440 4578 637 4632 stentia
666 4579 801 4647 justi
834 4577 1102 4633 adversus
1132 4577 1357 4644 bonum,
1411 4577 1554 4632 sicut
1585 4592 1728 4654 saepe
1757 4577 1980 4630 humani

2119 4595 2286 4630 σαντα
2326 4577 2484 4643 ἐλεεῖ,
2515 4577 2610 4629 καὶ
2647 4575 2950 4647 ἐξαρπάζει
2991 4574 3089 4644 τῆς
3115 4572 3414 4644 τιμωρίας.
3440 4563 3550 4620 Ὧδ’
3590 4555 3668 4654 οῦν

439 4681 521 4726 tas
551 4672 732 4726 obstat
764 4670 891 4739 legi,
921 4679 976 4725 et
1011 4671 1096 4725 lex
1122 4671 1468 4726 humanitati.
1523 4669 1636 4725 Lex
1664 4652 1806 4724 enim
1838 4669 1980 4723 delin

2115 4671 2149 4740 ἡ
2183 4669 2330 4740 μάχη
2361 4670 2462 4722 οὐκ
2490 4668 2736 4722 ἐναντίου
2765 4670 2901 4740 πρὸς
2928 4666 3197 4731 ἐναντίον,
3235 4663 3376 4718 ἀλλά
3407 4652 3673 4728 συγγενοῦς

437 4772 694 4831 quentem
725 4762 920 4832 punit;
982 4770 1039 4817 at
1086 4763 1374 4818 clementia
1401 4763 1546 4832 regis
1573 4760 1826 4816 eumdem
1861 4777 1981 4831 smpi

2118 4763 2253 4832 πρὸς
2281 4761 2559 4831 συγγενές.
2590 4760 2728 4814 Οὔτε
2755 4761 2864 4832 γὰρ
2894 4759 3180 4813 τὸδίκαιον
3213 4755 3321 4822 ἔξω
3345 4750 3670 4822 ἀγαθότητοςν

439 4854 750 4919 miseratur,
803 4863 858 4910 et
899 4871 930 4910 a
989 4871 1152 4926 pinna
1199 4855 1414 4910 liberat.
1467 4855 1655 4925 Pugna
1705 4855 1890 4924 itaque
1923 4855 1981 4909 hi

2119 4853 2242 4908 οὔτε
2266 4855 2326 4908 τὸ
2355 4854 2557 4924 ἀγαθὸν
2585 4854 2692 4920 ἔξω
2724 4852 3071 4924 δικαιοσύνης
3099 4850 3444 4922 εὑρίσκεται.

438 4955 522 5001 est
552 4961 659 5000 non
715 4946 920 5003 inimici
973 4950 1236 5004 adversus
1286 4947 1593 5014 inimicum,
1658 4945 1751 5003 sed
1783 4946 1999 5018 cOgnati
2041 4947 2303 5004 adversus
2360 4957 2673 5020 cognatum.
2709 4945 2895 5018 Neque
2958 4945 3102 5000 enim
3133 4941 3355 5014 iustitia
3386 4939 3497 4999 sine
3531 4927 3671 4989 boni.

439 5047 571 5103 tate,
603 5053 778 5109 neque
810 5041 1026 5097 bonitas
1050 5042 1208 5097 datur
1239 5043 1357 5098 sine
1388 5040 1619 5112 iustitia.

2083 743 2190 778 νον.
2225 725 2329 777 Τδν
2368 723 2843 795 Ναϐουχοδονόσορ
2898 723 3045 796 ἐώρα
3079 725 3202 777 ἀντὶ
3248 723 3338 778 τοῦ
3372 744 3605 794 καταναγ-

2085 817 2270 880 κάζειν
2302 815 2452 868 θύειν
2502 813 2761 877 εἰδώλοις,
2804 816 2900 868 καὶ
2931 815 3186 883 ἐσχάταις
3214 814 3334 876 τοὺς
3364 814 3430 884 μὴ
3461 815 3609 867 ne:an

2088 908 2282 978 μένους
2316 905 2637 961 ὑποϐάλλειν
2665 905 2975 977 τιμωρίαις,
3007 906 3274 977 λαμπρῶς
3311 905 3612 970 θεολογοῦντα

2087 999 2180 1053 καὶ¹
2216 999 2459 1067 λέγοντα,
2494 1017 2513 1050 ι
2555 997 2783 1069 Σεδράχ,
2813 999 3021 1062 Μισὰκ,
3067 996 3416 1064 ’Λϐδενναγὼ,
3447 998 3490 1049 oi
3516 998 3614 1050 δοὺ-

2087 1091 2168 1143 λοι
2228 1089 2320 1143 τοῦ
2374 1089 2510 1142 Θεοῦ
2553 1087 2647 1142 τοῦ
2697 1088 2923 1155 ὑψίστου
2951 1105 2964 1118 ·
3001 1107 3020 1139 ι
3078 1088 3170 1140 καὶ
3205 1087 3370 1140 πολλά
3406 1087 3614 1144 τοιαῦτα.

2102 1183 2252 1235 Ἐπεὶ
2281 1179 2374 1236 οῦν
2393 1185 2420 1236 δ
2441 1182 2707 1255 μακάριος
2726 1180 2922 1252 Δανιὴλ
2942 1182 3112 1234 ἐδεῖτο
3137 1180 3229 1233 τοῦ
3260 1179 3408 1246 Θεοῦ,
3434 1180 3620 1252 πληρῳα

2091 1273 2290 1328 θέντων
2319 1273 2428 1327 τῶν
2480 1271 2851 1344 ἐϐδομήκοντα
2899 1272 3057 1338 ἐτῶν,
3093 1272 3200 1325 τῶν
3232 1272 3322 1324 ἐπὶ
3375 1274 3437 1342 τῇ
3485 1274 3623 1342 αἰχμ-

2091 1359 2298 1438 αλωσίᾳ
2345 1364 2742 1436 διορισθέντων,
2805 1366 3100 1432 ἀναγαγεῖν
3143 1365 3240 1434 τῆς
3294 1364 3626 1433 αἰχμαλωσίας

2090 1460 2182 1513 τὸν
2224 1459 2461 1530 Ἰσραὴλ,
2480 1457 2760 1528 ἀπεστάλη
2792 1457 2849 1510 δὲ
2876 1456 3112 1527 Γαϐριὴλ
3144 1453 3383 1526 μηνῦσαι
3402 1455 3532 1524 αὐτῷ
3551 1455 3626 1525 τὴν

2093 1552 2416 1623 ἀνάρρησιν,
2447 1546 2863 1618 ἀνθίσταταιτῷ
2891 1545 3134 1617 Γαϐριὴλ
3184 1547 3213 1599 ὁ
3257 1546 3354 1615 τῆς
3393 1545 3630 1614 Περσικῆς

517 5247 557 5277 ¹⁰
598 5242 733 5296 Dan.
766 5257 848 5307 ιιι,
879 5241 969 5295 9.8.
1051 5242 1088 5272 “
1123 5238 1320 5301 Jerem,
1379 5259 1437 5306 ιι,
1488 5237 1577 5293 28.

1957 5419 2184 5475 ΧΟΤᾹΣ.

523 5636 631 5704 (85)
659 5636 838 5692 Codex
874 5638 1003 5707 ἡγῇ,
1035 5635 1194 5707 male,
1227 5641 1276 5687 et
1314 5645 1462 5696 mox,
1495 5630 1783 5700 ἐπεστάτη.

523 5707 630 5771 (34)
656 5707 809 5762 Colb.
845 5705 944 5776 pro
970 5705 1318 5776 ἀρχομένους;
1359 5772 1388 5776 __
1502 5770 1509 5776 _

528 5777 636 5844 (85)
665 5777 798 5850 Ποία
823 5772 1250 5846 πατρίδι,’‹ίρι)οο
1276 5772 1626 5858 Colbcrtino.

2114 5622 2300 5748 δώἓῖξῇ
2333 5623 2432 5681 Ubi
2464 5632 2642 5680 tamen
2682 5620 2841 5678 hodie
2902 5620 3094 5692 legitur
3129 5637 3147 5726 ἐ
3175 5618 3272 5673 καὶ
3310 5616 3426 5687 μετ’
3465 5608 3669 5684 ἀριθμὸν
