3826 6206
324 269 434 334 845

1280 287 1380 346 ΑΒ
1404 285 2013 353 AMPHILOCUIUM
2054 296 2398 368 QUASSTIO
2431 301 2626 362 CLXI.

3491 316 3521 373 8
3537 314 3592 374 iii

398 387 522 442 ὐτι
555 391 654 461 τῆς
700 393 949 462 κτίσεως,
994 399 1178 469 φησὶν,
1209 401 1283 464 ὡς
1319 405 1662 475 προείρηται,
1697 408 1891 462 διακει-

2077 413 2397 471 Creaturam
2425 419 2521 484 ait,
2549 421 2694 490 quod
2715 432 2840 478 ante
2867 424 3073 478 dictum
3107 435 3189 480 est
3209 465 3226 493 ,
3254 426 3392 480 male
3451 428 3584 480 all‘e-

327 479 499 551 μένης
529 482 626 536 καὶ
655 483 1092 560 ἀγανακτούσης,
1126 492 1213 562 ἐφ’
1244 487 1288 562 ᾧ
1320 497 1424 549 καὶ.
1443 497 1653 552 ἄκουσα
1681 499 1760 571 τῷ
1793 519 1903 554 πα-

327 577 540 650 ραδάτῃ
575 584 804 652 παρεῖχε
837 584 934 654 τὴν
960 587 1169 656 χρείαν,
1201 591 1294 643 καὶ
1320 591 1666 663 ἐξυπηρέτει,
1693 597 1787 649 καὶ
1807 597 1908 666 ἀγ-

323 668 501 735 γέλων
536 671 853 742 ἀχθομένων
882 678 977 730 ἐπὶ
1011 681 1074 748 τῇ
1110 679 1204 732 τοῦ
1235 682 1702 754 εὐεργετουμένου,
1728 689 1906 755 ἀγνω-

328 760 559 834 μοσύνῃ,
594 765 686 816 καὶ
721 765 843 820 ὅλου
886 770 1227 835 κακωθέντας
1280 774 1377 826 τοῦ
1423 775 1632 846 κόσμου
1680 779 1768 831 διά
1804 779 1904 844 τὰς

326 854 694 940 παρανομίας.
723 874 742 906 ι
769 858 878 911 Καὶ
907 859 1016 930 γὰρ
1040 857 1200 926 εἶδεν,
1236 865 1418 934 φησὶν,
1445 867 1472 919 6
1495 867 1625 932 Θεὸς
1647 869 1744 940 τὴν
1773 871 1941 939 γῆν,ο

323 941 422 994 καὶ
458 935 526 1014 ἦν
557 947 999 1022 κατεφθαρμένῃ,
1050 953 1132 1008 ὅτι
1174 956 1534 1029 κατέφθειρεν
1575 935 1724 1014 πᾶσα
1766 935 1903 1034 σὰρξ

322 1035 424 1098 τὴν
445 1034 563 1086 όδὸν
589 1036 779 1107 αὐτῆς.
818 1057 837 1090 ι
866 1042 980 1094 Οὐκ
1009 1037 1076 1112 ἦν
1114 1045 1146 1115 ή
1176 1045 1370 1113 κτίσις,
1427 1049 1544 1102 οἷαν
1598 1051 1904 1122 ὑπέστησεν

321 1124 510 1212 αὐτοῖς
535 1128 562 1178 6
591 1127 725 1189 Θεὸς
750 1130 844 1182 ἀπ’
877 1131 1052 1203 ἀρχῆς
1073 1150 1087 1162 ·
1115 1137 1214 1190 οὐκ
1254 1133 1321 1208 ἦν
1341 1142 1475 1203 ’τοῖς
1510 1140 1733 1212 ἄστροις
1763 1145 1790 1196 6
1813 1144 1902 1197 οὺ-

322 1211 507 1280 ρανὸς,
560 1215 636 1278 ὡς
691 1217 751 1269 τὸ
776 1220 927 1290 πρὶν,
949 1223 1075 1276 ἄνευ
1113 1225 1257 1289 τινὸς
1288 1228 1598 1298 μιάσματος
1619 1234 1900 1304 καταλαμ-

317 1303 558 1372 πόμενος
583 1323 598 1338 ο
638 1309 738 1362 οὐκ
777 1305 845 1380 ἦν
882 1313 914 1382 ἡ
963 1315 1034 1384 γῆ
1084 1317 1211 1381 τοὺς
1247 1321 1496 1390 καρποὺς
1538 1322 1897 1393 ἀμολύντους,

314 1395 392 1458 ὡς
418 1399 478 1450 τὸ
505 1401 654 1470 πρὶν,
706 1405 1029 1463 ἀναδιδοῦσα
1053 1427 1068 1442 ’
1098 1413 1159 1465 οὐ
1199 1413 1464 1480 θάλασσα,
1507 1419 1608 1473 οὐκ
1663 1421 1792 1474 ἄλλο
1846 1440 1898 1475 τι

312 1489 426 1582 τῶν
484 1491 544 1542 ἐν
581 1495 648 1565 τῇ
696 1496 890 1554 κτίσει.
932 1501 989 1554 '0
1042 1503 1152 1574 γὰρ
1203 1508 1528 1582 παραϐάτης
1555 1513 1812 1568 εἰσελθὼν
1840 1518 1898 1569 ὲν

311 1579 476 1650 αὐτῇ,
504 1588 854 1655 κατεμίανεν,
876 1593 970 1646 καὶ
987 1594 1322 1652 ἀνεθόλωσεν
1346 1601 1564 1656 ἅπαντα
1586 1608 1708 1669 ταῖς
1729 1606 1896 1676 βλασ-

312 1673 572 1740 φημίαις,
616 1680 738 1742 ταῖς
783 1680 1075 1753 θεομάχοις
1114 1689 1208 1757 καὶ
1238 1692 1492 1762 αἰσχραῖς
1523 1673 1748 1764 φωναῖς,
1776 1703 1894 1764 ταῖς

298 1764 649 1861 ’μιαιφονίαις
659 1767 756 1861 τὴν
774 1771 875 1842 γῆν
890 1774 1003 1844 (87)
1024 1779 1133 1841 τοῖς
1155 1785 1441 1852 πειραταῖς
1455 1786 1545 1838 καὶ
1564 1785 1782 1857 λῃσταῖς
1796 1791 1895 1861 τὴν
1929 1764 1970 1816 Β

309 1851 590 1910 θάλασσαν
611 1874 624 1887 ·
647 1859 745 1924 τὰς
781 1865 964 1933 πηγὰς
997 1871 1092 1921 καὶ
1135 1851 1418 1942 ποταμοὺς
1464 1881 1583 1940 ταῖς
1605 1851 1892 1934 εἰδωλολα-

306 1942 512 2011 τρίαις,
557 1949 820 2019 νύμφαις,
877 1957 971 2009 καὶ
1031 1960 1280 2031 δαίμοσιν
1328 1965 1662 2034 ἀνάπτοντες
1718 1972 1889 2027 αὑτάο

310 2039 464 2092 πᾶσα
523 2046 636 2106 τοῖς
687 2046 999 2116 ἀνθρώποις
1032 2052 1063 2122 ή
1097 2055 1274 2119 κτίσις
1320 2059 1399 2121 είς
1429 2058 1585 2124 θεοὺς
1623 2063 1892 2119 ἀνεπλάτ-

305 2146 437 2184 τετο
463 2147 477 2160 ’
511 2134 664 2186 οὐδὲν
685 2136 741 2190 δὲ
772 2138 946 2192 κτίσιν
991 2142 1133 2197 οὕτω
1187 2145 1389 2214 μιαίνει
1413 2150 1508 2203 καὶ
1556 2152 1887 2224 κιϐδηλεύει,

305 2221 386 2284 ὡς
410 2222 468 2275 τὸ
509 2223 872 2282 θεοποιεῖσθαι
926 2232 1118 2304 αὐτήν.
1168 2237 1431 2309 Εἰσῆλθεν
1469 2245 1497 2294 6
1553 2244 1744 2318 Σωτὴρ
1794 2249 1888 2301 τοῦ

303 2313 519 2384 κόσμου
547 2315 635 2370 διὰ
671 2321 870 2390 σαρκὸς
901 2323 959 2375 ὲν
991 2327 1151 2397 αὐτῇ,
1176 2331 1270 2382 καὶ
1296 2331 1501 2403 ταύτην
1529 2335 1638 2388 τῶν
1678 2313 1888 2408 μυρίων

302 2407 516 2462 τούτων
539 2409 858 2478 ἀπαλλάξας
886 2421 1212 2488 μιασμάτων
1242 2423 1605 2491 άνεκαίνισεν,
1628 2431 1761 2482 πολὺ
1787 2449 1888 2500 χα-

300 2498 636 2572 λεπωτέρων
680 2504 712 2574 ἢ
763 2513 1086 2580 σωματικῆς
1150 2511 1448 2585 διαφθορᾶς
1509 2518 1886 2591 ἐλευθερώσας

299 2591 476 2663 αὐτὴν
525 2597 822 2652 κακώσεων
877 2603 970 2655 καὶ
1004 2604 1218 2673 παθῶν,
1269 2609 1608 2675 ἀνακαινίζει
1659 2615 1746 2668 διὰ
1787 2618 1887 2688 τῆς

300 2683 528 2756 πρώτης
551 2693 856 2758 παρουσίας
873 2693 972 2764 τὴν
1007 2695 1181 2750 κτίσιν
1207 2714 1221 2729 ο
1259 2699 1346 2752 ἵνα
1379 2701 1558 2773 μάθῃς
1575 2746 1589 2770 ,
1613 2706 1694 2758 ὅτι
1720 2683 1885 2773 αὑτός

304 2779 460 2874 εστιν
486 2783 514 2833 6
551 2784 644 2835 καὶ
673 2785 768 2837 ἀπ’
816 2787 993 2858 ἀρχῆς
1026 2790 1196 2862 αὐτὴν
1214 2794 1626 2869 δημιουργήσας
1653 2817 1667 2831 ·
1691 2801 1752 2853 οὐ
1774 2801 1884 2874 γὰρ

295 2869 464 2925 ἄλλου
502 2874 601 2942 μὲν
628 2875 854 2941 κτίζειν,
896 2879 1058 2932 ἄλλου
1090 2880 1145 2933 δὲ
1179 2883 1570 2954 διαφθαρεῖσαν
1593 2869 1880 2946 ἀνακαινίλ

300 2961 453 3026 ζειν⁴
483 2963 618 3019 ἀλλὰ
645 2965 742 3036 τῆς
791 2968 963 3039 αὐτῆς
1000 2972 1259 3043 ἑκάτερον
1303 2978 1498 3045 σοφίας
1535 2980 1629 3033 καὶ
1666 2982 1880 3055 τέχνης,

2012 513 2154 559 ctam
2208 517 2262 562 et
2304 510 2641 580 indigestam
2696 528 2836 578 esse,
2873 515 3103 586 ideoque
3157 516 3320 572 etiam
3356 517 3584 574 invitam

2009 595 2345 667 delinquenti
2393 604 2702 658 necessaria
2731 606 3128 675 suppeditasse,
3157 617 3212 662 et
3245 609 3583 677 inserviisse,

2013 691 2219 758 angelis
2247 707 2463 762 quoque
2510 694 2785 763 ingratum
2847 698 3113 754 adversus
3163 700 3421 756 beneficia
3457 703 3582 757 ani-

2009 797 2156 835 mum
2177 783 2405 839 moleste
2427 785 2748 854 ferentibus,
2777 798 3001 858 totoque
3035 792 3236 845 mundo
3259 809 3354 862 per
3380 793 3582 864 ﬂagitia

2007 873 2344 942 corruptoJ
2385 878 2526 932 Deus
2553 881 2724 946 enim,
2757 881 2957 952 inquit,
2989 883 3126 937 vidit
3149 894 3345 939 terram
3387 902 3582 943 corru-

2007 974 2173 1034 ptam,
2208 969 2351 1036 quod
2381 985 2512 1024 caro
2542 967 2722 1029 omnis
2770 975 2908 1028 viam
2941 992 3095 1030 suam
3122 991 3440 1047 corruperat
3462 982 3530 1033 ι’.
3553 999 3574 1033 ι

2007 1059 2122 1113 Neu
2151 1071 2266 1116 erat
2296 1073 2544 1118 creatura
2575 1066 2791 1134 qualem
2829 1066 2974 1119 illam
3006 1068 3265 1122 ab-inilio
3317 1071 3578 1125 condide-

2007 1158 2087 1203 rat
2119 1150 2280 1206 Deus.
2333 1154 2544 1208 Caelum
2598 1149 2706 1210 non
2733 1196 2747 1217 ,
2819 1166 2877 1209 ut
2907 1157 3058 1220 olim,
3101 1159 3225 1212 sine
3248 1159 3367 1215 labe
3397 1161 3579 1231 aliqua

2004 1242 2167 1296 astris
2199 1245 2434 1298 micabat
2464 1264 2475 1299 :
2507 1255 2648 1300 terra
2677 1262 2808 1314 non,
2844 1258 2902 1302 ut
2932 1249 3086 1313 olim,
3125 1249 3333 1306 fructus
3357 1252 3581 1307 inteme-

2005 1342 2152 1388 ratos
2203 1334 2468 1390 inferebat
2496 1356 2509 1390 :
2574 1353 2681 1392 non
2714 1354 2885 1405 mare,
2942 1356 3048 1395 non
3076 1342 3224 1395 aliud
3253 1342 3575 1413 quidquam,

2003 1425 2146 1491 quod
2177 1425 2315 1479 inter
2343 1435 2622 1483 creaturas
2669 1430 3079 1485 numerabatur.
3145 1431 3402 1488 Peccator
3431 1435 3576 1489 enim

2003 1515 2283 1584 ingressus
2333 1533 2452 1572 eam
2501 1519 2814 1588 polluebat,
2863 1532 2916 1577 et
2959 1523 3144 1576 omnia
3196 1524 3576 1594 blasphcmiis,

2001 1608 2359 1680 turpibusque
2384 1617 2437 1664 et
2469 1609 2580 1664 Deo
2613 1611 2861 1668 adversis
2888 1615 3134 1680 vocibus,
3169 1616 3412 1672 ezwiibus
3447 1619 3572 1672 item

2003 1708 2221 1763 terram,
2249 1699 2440 1768 piratis
2492 1710 2545 1755 et
2575 1702 2919 1770 praedonibus
2946 1721 3119 1768 mare,
3156 1706 3334 1761 fontes
3380 1719 3432 1763 et
3471 1710 3573 1765 ﬂu-

2000 1785 2116 1840 vios
2167 1786 2512 1852 idololatriis,
2551 1790 2616 1842 ad
2676 1793 2945 1862 nymphas
2993 1804 3049 1848 et
3083 1795 3360 1853 daemonas
3391 1802 3574 1856 omnia

1997 1875 2306 1942 referendo,
2337 1879 2612 1934 turbabat.
2650 1881 2784 1936 Tota
2817 1893 3088 1950 creatura,
3157 1888 3226 1941 ab
3258 1890 3574 1947 hominibus

1997 1966 2050 2018 in
2116 1965 2367 2022 deastros
2393 1969 2834 2025 convertebatur.
2888 1971 3033 2027 Nihil
3083 1990 3210 2029 vero
3255 1987 3374 2043 est,
3430 1981 3574 2047 quod

1993 2066 2298 2112 creaturam
2326 2061 2463 2116 adeo
2491 2063 2696 2131 polluat
2742 2064 3111 2129 etadulteret,
3164 2082 3327 2136 quam
3377 2071 3424 2126 si
3478 2071 3572 2128 Dei

1993 2150 2113 2204 loco
2137 2151 2420 2208 habeatur.
2451 2151 2711 2210 Servator
2740 2158 2890 2212 orbis
2916 2175 3012 2229 per
3039 2176 3258 2216 carnem
3294 2163 3573 2232 ingressus

1992 2258 2112 2293 eam
2141 2243 2500 2312 (creaturam)
2547 2256 2654 2308 est.
2707 2263 2960 2319 eamque,
3013 2253 3222 2308 infinita
3279 2254 3400 2310 labe
3451 2273 3571 2323 sua,

1991 2347 2111 2400 qua:
2149 2333 2296 2386 omni
2330 2335 2679 2404 corruptione
2711 2355 2974 2408 corporea
3008 2343 3228 2409 gravior
3255 2353 3360 2410 est,
3427 2346 3567 2401 libe-

1992 2431 2164 2477 ratam
2194 2426 2495 2493 renovavit,
2525 2429 2820 2500 multisque
2850 2432 3256 2492 calamitatibus
3306 2445 3360 2490 et
3416 2438 3572 2494 malis

1988 2522 2227 2584 ereptam
2265 2531 2359 2586 per
2393 2517 2628 2586 primum
2657 2535 2818 2574 suum
2850 2522 3140 2578 adventum
3187 2528 3459 2595 restituit;
3512 2542 3574 2586 ut

1990 2605 2114 2660 inde
2150 2607 2437 2675 intelligas,
2475 2611 2651 2683 ipsum
2685 2613 2832 2680 illum
2865 2631 3009 2681 esse,
3045 2618 3136 2686 qui
3168 2635 3286 2673 eam
3322 2623 3568 2679 abinitio

1988 2699 2252 2753 condidit.
2282 2697 2471 2770 Neque
2501 2701 2646 2755 enim
2680 2702 2908 2766 alterius
2937 2713 3023 2759 est
3055 2709 3310 2772 condere,
3343 2709 3569 2764 alterius

1987 2809 2116 2847 vero
2139 2805 2453 2863 corruptam
2487 2810 2750 2850 renovare
2783 2814 2796 2849 :
2863 2800 2956 2851 sed
2993 2808 3288 2868 utrumque
3320 2799 3565 2868 ejusdem

1985 2893 2069 2938 cst
2103 2886 2384 2955 sapientia:
2414 2896 2467 2940 et
2497 2887 2653 2951 artis,
2715 2888 2879 2942 utsic
2919 2899 3169 2944 creatura
3206 2907 3300 2960 per
3327 2891 3564 2960 priorem

1985 2977 2278 3032 adventum
2310 2986 2619 3044 renovetur,
2655 2994 2754 3033 nec
2786 2979 2930 3035 ullus
2977 2980 3345 3035 incredulitati
3401 2983 3559 3037 locus

294 3057 674 3124 ἀνακαινίζειν
702 3062 800 3133 τὴν
826 3065 1002 3118 κτίσιν
1031 3067 1171 3120 κατά
1190 3069 1286 3138 τὴν
1313 3070 1536 3143 πρώτην
1558 3074 1880 3145 ἐπιδημίαν,

1991 3068 2350 3138 relinquatur,
2386 3069 2544 3138 quasi
2573 3069 2761 3124 eadem
2799 3071 2853 3123 in
2889 3071 3134 3125 secundo
3182 3073 3418 3126 adventu
3458 3088 3566 3127 non

291 3150 388 3204 ῐνα
415 3151 653 3223 μηδεμία
678 3155 933 3226 σοι’χώρα
960 3159 1297 3231 καταλειφθῇ
1325 3162 1585 3228 ἀπιστίας
1606 3208 1619 3232 ,
1639 3166 1713 3229 ὡς
1737 3169 1879 3222 κατά

290 3244 397 3314 τὴν
426 3244 689 3317 δευτέραν
737 3251 1041 3320 παρουσίαν
1081 3253 1142 3305 οὐ
1191 3255 1636 3328 καινισθήσεται,
1665 3260 1761 3312 καὶ
1814 3263 1877 3315 σὺ

296 3335 411 3407 πρὸ
441 3337 616 3408 αὐτῆς
651 3340 731 3403 είς
757 3341 1089 3412 ἀφθαρσίαν,
1125 3347 1206 3408 είς
1238 3347 1506 3402 ἀπάθειαν
1526 3389 1540 3413 ,
1573 3352 1652 3414 εἰς
1673 3353 1878 3422 ἄφατον

289 3428 586 3499 καλλονήν.
623 3431 684 3484 Εἰ
713 3432 822 3503 γὰρ
846 3433 934 3486 ὅτε
979 3431 1047 3506 ἦν
1080 3435 1221 3490 ἑκὼν
1271 3440 1328 3491 ἐν
1375 3440 1629 3514 ἀσθενείᾳ
1653 3445 1877 3511 σαρκὸς,

291 3521 356 3572 ὲν
396 3519 638 3590 ἱδρῶσιν,
671 3525 728 3576 ὲν
760 3524 991 3579 πάθεσιν
1024 3527 1135 3599 (88)
1164 3533 1191 3583 6
1218 3531 1481 3601 Χριστὸς,
1511 3533 1539 3586 ὃ
1577 3531 1634 3586 τε
1680 3536 1881 3602 πλάνος

290 3613 396 3663 καὶ
423 3610 770 3686 Σαμαρείτης
811 3617 1250 3686 ἐσυκοφαντεῖτο,
1282 3621 1378 3693 τὴν
1400 3623 1576 3677 κτίσιν
1605 3626 1880 3697 ἐκάθαιρεν

285 3702 403 3756 τῶν
429 3704 698 3759 τοσούτων
730 3709 824 3761 καὶ
850 3710 1184 3779 τηλικούτων
1232 3714 1324 3767 καὶ
1363 3715 1880 3787 πολυχρονιωτάτων

291 3793 491 3847 παθῶν
507 3799 600 3851 καὶ
625 3801 967 3870 μιασμάτων·
993 3803 1070 3856 ὅτ’
1088 3803 1152 3857 ἂν
1169 3804 1242 3868 ὡς
1261 3807 1450 3877 κριτὴς
1470 3808 1688 3872 ζώντων
1705 3830 1879 3883 παρα-

283 3888 517 3958 γένηται
546 3891 642 3943 καὶ
673 3893 882 3963 νεκρῶν
908 3935 923 3959 ,
956 3896 1083 3949 ὅταν
1133 3898 1387 3968 μυριάσιν
1433 3900 1680 3969 ἀγγέλων
1710 3905 1868 3978 δορυ-

287 3980 633 4050 φορούμενος
674 3984 970 4053 τάγμασιν,
1018 3988 1145 4041 ὅταν
1193 3990 1410 4044 πάντων
1458 3992 1737 4057 δεσπόζων
1782 3998 1880 4050 καὶ

287 4071 520 4139 Κύριος,
551 4072 678 4126 ὅταν
723 4077 898 4129 πάντα
936 4079 1138 4151 φρίσσῃ
1190 4083 1283 4133 καὶ
1319 4084 1667 4157 τρέμῃ.(89),
1700 4089 1816 4153 πῶς
1846 4093 1878 4160 ἡ

287 4163 361 4213 ἐκ
397 4160 602 4233 φθορᾶς
643 4166 725 4228 είς
770 4167 1078 4240 ἀφθαρσίαν
1144 4174 1415 4245 μεταϐολὴ
1464 4177 1525 4228 οὐ
1576 4179 1636 4231 τὸ
1684 4182 1879 4252 ῥᾷστον

283 4252 496 4320 ἔχουσα
521 4254 853 4326 καθορᾶται;
894 4260 1002 4313 Καὶ
1049 4261 1110 4314 τὸ
1140 4263 1455 4329 ἀκόλουθον,
1499 4269 1592 4320 καὶ
1649 4271 1877 4343 θεοπρε-

287 4343 420 4408 πὲς,
455 4346 538 4398 ὅτι
568 4348 930 4419 παραγίνεται
951 4354 978 4405 6
1010 4353 1222 4426 Σωτὴρ,
1257 4362 1746 4430 προκηρυττόντων
1770 4366 1878 4419 τῶν

1985 3159 2056 3213 sit
2093 3159 2422 3222 renovanda,
2458 3168 2512 3214 et
2540 3167 2598 3213 tu
2642 3159 2756 3229 ipse
2785 3169 2910 3214 ante
2961 3162 3107 3216 illam
3142 3162 3196 3216 in
3231 3163 3563 3233 incorrupti-

1982 3249 2266 3316 bilitatem,
2298 3249 2651 3304 indolentiam
2675 3259 2726 3304 et
2759 3251 3218 3319 pulchritudinem
3252 3266 3358 3305 non
3389 3261 3565 3308 trans-

1983 3340 2114 3395 ferri
2174 3341 2393 3396 debeas.
2448 3342 2602 3408 Quod
2630 3343 2677 3398 si
2722 3343 2866 3397 enim
2893 3341 3167 3408 Christus,
3197 3343 3326 3397 dum
3358 3345 3410 3397 in
3449 3359 3567 3398 car—

1983 3434 2070 3488 nis
2099 3433 2432 3500 infirmitate,
2463 3434 2780 3500 sudoribus,
2823 3444 2877 3490 et
2934 3436 3072 3490 varii
3128 3436 3346 3507 generis
3408 3437 3566 3490 malis

1983 3535 2176 3596 sponte
2203 3528 2549 3594 versabatur,
2587 3529 2715 3583 dum
2763 3528 3022 3583 seductor
3074 3537 3127 3582 et
3159 3527 3432 3585 Samarita
3474 3543 3567 3598 per

1984 3617 2316 3671 calumniam
2384 3619 2707 3692 vocabatur,
2741 3628 3051 3674 creaturam
3095 3636 3126 3674 a
3160 3629 3238 3674 tot
3290 3621 3567 3690 tantisque

1985 3717 2206 3781 tamque
2239 3710 2517 3766 diuturnis
2547 3712 2707 3770 malis
2757 3722 2810 3767 et
2843 3713 3250 3782 impuritatibus
3286 3714 3564 3780 liberavit;

1983 3816 2164 3856 nonne
2186 3841 2201 3867 ,
2259 3802 2351 3856 ubi
2387 3803 2528 3857 idem
2571 3814 2628 3857 ut
2655 3803 2820 3872 judex
2852 3805 3098 3859 vivorum
3129 3815 3179 3859 et
3199 3815 3562 3869 mortuorum,

1961 3893 2409 3950 .uhiinnnmeris
2447 3895 2766 3966 angelorum
2820 3897 3106 3952 ordinibus
3166 3899 3421 3966 stipatus,
3473 3898 3563 3950 ubi

1983 3994 2043 4039 ut
2089 3987 2385 4056 imperator
2432 3996 2486 4040 et
2535 3987 2801 4042 Dominus
2842 3989 3089 4042 omnium
3126 3989 3424 4053 advenerit,
3473 3989 3562 4042 ubi

1983 4080 2170 4132 omnia
2211 4079 2313 4133 sibi
2343 4079 2610 4133 timebunt
2635 4088 2688 4134 et
2724 4088 2983 4144 trement,
3018 4080 3303 4134 translatio
3333 4096 3398 4135 ex
3437 4095 3563 4134 cor-

1983 4173 2232 4242 ruptione
2294 4173 2345 4226 in
2398 4173 2987 4241 incorruptibilitatem,
3051 4180 3109 4226 ut
3171 4189 3260 4227 res
3316 4172 3561 4231 omnium

1983 4264 2259 4331 facillima,
2314 4264 2647 4334 apparebit?
2694 4263 2954 4330 Accedit,
3008 4265 3154 4334 quod
3208 4265 3336 4319 hinc
3365 4280 3562 4319 conse—

1983 4356 2189 4425 quitur,
2255 4355 2476 4425 Deoque
2519 4355 2770 4425 inprimis
2819 4356 3042 4426 dignum
3083 4364 3185 4421 est,
3241 4357 3384 4425 quod
3431 4371 3561 4425 pro.-

288 4440 613 4507 προφητῶν,
645 4441 733 4494 ἵνα
771 4445 931 4514 μήτις
961 4447 1178 4520 νομίσῃ,
1205 4450 1285 4502 ὅτι
1312 4453 1433 4505 καθ’
1459 4453 1518 4505 ὃν
1550 4456 1748 4524 τρόπον
1781 4458 1875 4514 ἄν-

1991 4450 2156 4519 phetae
2208 4450 2361 4505 illum
2411 4451 2718 4508 Servatoris
2771 4452 3061 4506 adventum
3098 4451 3557 4520 prmuunliarunt,

284 4531 512 4599 θρωπος
564 4534 661 4603 τῆς
689 4536 958 4608 προτέρας
982 4538 1299 4610 διαμαρτὼν
1333 4546 1594 4618 ἐπιϐολῆς
1628 4549 1720 4601 καὶ
1743 4549 1872 4621 βοη-

285 4622 445 4684 Οείας
494 4625 586 4678 ἐπὶ
626 4626 884 4698 δευτέραν
929 4631 1169 4702 ἔρχεται,
1205 4635 1347 4690 οὕτω
1385 4638 1478 4692 καὶ
1513 4642 1540 4692 ὁ
1566 4638 1723 4704 Θεός.
1762 4643 1875 4695 Ἵνα

279 4711 385 4767 οὗν
442 4718 514 4787 μή
575 4736 659 4782 τις
705 4721 979 4797 ὑπονοήσῃ
1022 4726 1199 4791 τοῦτο,
1240 4728 1448 4785 ἄνωθεν
1487 4734 1784 4803 προέλεγον
1824 4739 1871 4790 οἱ

282 4809 572 4880 προφῆται
618 4812 718 4882 τὴν
769 4819 1074 4887 παρουσίαν
1132 4821 1298 4874 αὐτοῦ
1323 4837 1336 4852 '
1366 4823 1454 4877 ἵνα
1492 4825 1759 4893 δείξωσιν,
1789 4829 1870 4882 ὅτι

280 4900 426 4962 Θεὸς
478 4902 538 4953 οὔ
582 4905 954 4976 σκεπτόμενος
1005 4909 1249 4981 εὑρίσκει
1298 4914 1360 4966 τὸ
1403 4896 1722 4988 συμφέρον,
1754 4917 1869 4972 ἀλλ’

281 4991 386 5044 ἀπ’
412 4992 589 5063 ἀρχῆς
625 4997 845 5068 προῖδεν
883 4999 1121 5055 ἅπαντα.
1158 5005 1352 5074 Ἡμεῖς
1397 5008 1497 5076 μὲν
1538 5009 1647 5078 γὰρ
1685 5012 1734 5063 οἱ
1776 5011 1870 5062 ἄν·

281 5081 500 5150 θρωποι
539 5087 908 5158 σκεπτόμεθα,
948 5093 1063 5156 καὶ,
1092 5093 1187 5147 ἐὰν
1219 5096 1584 5169 ἀποτύχωμεν
1600 5099 1698 5169 τῆς
1720 5101 1870 5171 πρώ-

282 5188 385 5240 της
417 5171 634 5243 πείρας,
679 5176 764 5246 ἐφ’
797 5178 990 5250 ἑτέραν
1022 5183 1455 5258 μεταϐαίνομεν·
1486 5188 1513 5240 ὁ
1534 5187 1590 5240 δὲ
1617 5189 1747 5254 Θεὸς
1766 5191 1864 5261 οὐχ

361 5355 404 5387 ¹²
437 5353 574 5411 Gen.
610 5373 682 5423 vr,
718 5357 800 5412 12.

1983 4543 2210 4612 nequis
2269 4543 2479 4601 scilicet
2519 4544 2815 4610 existimet,
2875 4545 3044 4612 quod,
3098 4543 3558 4612 quemadmodum

1985 4635 2254 4699 homines,
2282 4635 2439 4700 alias,
2478 4634 2672 4704 primis
2706 4635 2856 4689 ausis
2885 4645 2940 4689 et
2965 4635 3256 4689 conatibus
3289 4634 3558 4700 frustrati,

1979 4729 2084 4783 alia
2115 4729 2198 4782 via
2229 4743 2343 4782 rem
2370 4728 2800 4798 aggrediuntur;
2837 4728 2911 4782 ita
2935 4743 3154 4798 quoque
3190 4726 3335 4782 Deus
3364 4727 3554 4798 egerit.

1979 4815 2248 4890 Ne'quis,
2308 4822 2551 4890 inquam,
2606 4821 2678 4875 ita
2727 4820 3056 4890 suspicetur,
3113 4821 3388 4890 prophetae
3445 4820 3557 4890 jam

1978 4911 2107 4967 olim
2159 4915 2453 4966 adventum
2495 4910 2615 4981 ejus
2669 4912 3128 4981 praenuntiarunt,
3160 4919 3220 4964 ut
3249 4910 3329 4965 sic
3368 4920 3556 4966 osten-

1975 5006 2182 5070 derent,
2218 5005 2388 5060 Deum
2446 5019 2553 5059 non
2585 5019 2681 5074 per
2721 5004 3136 5066 meditationem
3173 5003 3470 5072 quamdam
3502 5012 3557 5057 et

1973 5099 2517 5168 circumspectionem
2545 5097 2623 5163 id,
2650 5096 2793 5167 quod
2823 5096 3086 5165 prodesse
3116 5095 3311 5165 possit,
3339 5094 3556 5149 tandem

1971 5191 2262 5257 detexisse,
2312 5191 2405 5247 sed
2433 5189 2504 5269 ab
2535 5189 2690 5244 initio
2727 5189 2908 5260 potius
2945 5187 3132 5245 omnia
3181 5177 3548 5258 perspexisse.

1802 5519 2031 5583 ΝΟΤᾸΕ.

504 5672 604 5751 τὴν
631 5673 741 5751 χήν.
768 5673 970 5751 addidi.
1011 5692 1174 5751 sensu
1225 5679 1294 5733 ita
1319 5655 1647 5751 postulante.

353 5743 472 5816 (15>)
509 5742 599 5800 Sic
628 5743 780 5812 Colb.
810 5761 910 5816 pro
941 5746 1264 5817 ἐμπαθέσιν.

2046 5687 2152 5755 (89)
2183 5687 2272 5740 καὶ
2299 5687 2492 5759 τρέμει,
2523 5687 2690 5745 debeo
2713 5688 3047 5745 Colbcrtino.
