3828 6202
362 235 469 302 847

1526 255 1790 317 ΡΗΟΤΙΙ
1828 259 2331 322 ΡΑΤΒΙΛΒΕΗᾹΞ
2362 265 2469 324 CP.

3487 275 3575 338 8&8

368 355 511 414 Deus
542 367 719 416 autem
761 377 870 417 non
905 363 978 419 Ita
1014 366 1145 437 agit.
1203 367 1358 424 Dedit
1405 369 1496 425 ille
1556 374 1713 442 prius
1747 373 1940 444 legem,

2048 376 2220 442 οὓτως
2245 394 2259 408 ·
2294 379 2407 432 ἀλλ’
2433 379 2600 433 ἔδωκε
2631 381 2814 452 νόμον,
2833 384 3147 453 προφήτας,
3177 383 3269 437 καὶ
3293 387 3416 455 μετὰ
3435 391 3581 446 ταῦτα

362 447 476 506 Nos
514 451 658 505 enim
697 451 950 510 homines
1000 457 1480 530 circumspicimus
1509 465 1716 528 omnia,
1767 474 1821 520 et
1854 467 1942 521 ubi

363 542 544 612 primo
593 543 984 614 exciderimus,
1044 563 1245 604 novum
1301 549 1530 609 facimus
1588 556 1942 625 periculum:

365 634 659 705 praphetas
683 645 738 692 et
769 647 955 708 postea
987 638 1364 711 Evangelium,
1399 661 1508 701 non
1538 662 1664 701 cum
1700 658 1946 718 tempore

365 724 590 779 meliora
621 726 955 795 postliminio
993 731 1244 798 edoctus,
1311 734 1406 789 sed
1441 736 1510 789 ab
1545 736 1704 792 initio
1740 741 1944 794 intelli-

2045 470 2106 520 τὸ
2135 469 2486 539 Εὐαγγέλιον,
2513 473 2574 525 οὐ
2597 475 2775 544 χρόνῳ
2817 475 2878 528 τὸ
2939 477 3218 547 συμφέρον
3268 482 3577 550 μεταμαθὼν,

2045 561 2141 614 ἀπ’
2166 562 2342 632 ἀρχῆς
2392 563 2450 616 δὲ
2493 563 2666 630 εἰδὼς,
2710 566 2787 630 ὡς
2833 567 2932 638 οὐχ
2977 561 3088 620 οἷόν
3119 584 3180 620 τε
3213 568 3383 633 ἄλλως
3416 567 3476 642 ἧν
3503 575 3583 646 τήν

2047 651 2246 716 κτίσιν,
2277 654 2371 706 καὶ
2415 653 2509 707 τὸν
2548 655 2606 708 ὲν
2649 655 2784 725 αὐτῇ
2832 656 3122 727 ἄνθρωπον
3172 657 3294 712 οὔτε
3341 661 3579 730 γενέσθαι,
3642 687 3645 690 ·

2045 741 2169 796 οὔτε
2187 743 2692 815 παιδαγωγηθῆναι,
2711 744 2836 799 οὔτε
2865 747 2927 801 τὸ
2955 751 3055 819 τῆς
3076 749 3380 820 ἀφθαρσίας
3397 752 3586 824 ἀξίωμα

275 838 277 841 ·
365 830 520 886 gens.
550 827 880 886 creaturam,
911 831 965 877 et
1012 825 1297 893 speciatim
1342 825 1642 892 hominem,
1699 845 1807 884 non
1837 833 1940 887 alia

2046 831 2333 886 ἀναλαϐεῖν
2354 850 2367 863 ·
2394 835 2443 886 εί
2479 832 2553 905 μὴ
2579 834 2702 887 καθ’
2727 835 2786 888 ὃν
2837 836 3039 905 τρόπον
3063 838 3095 908 ἡ
3133 837 3337 912 ἁφατος
3389 842 3585 910 πρόνοια

366 908 580 964 ratione
609 910 694 966 vel
737 911 921 979 condi,
975 915 1058 969 vel
1091 915 1238 982 dnci,
1285 926 1378 972 aut
1409 918 1944 990 incorruptibilitatis

367 1000 571 1055 donum
604 1004 843 1075 recipere
880 1021 1058 1077 posse,
1110 1007 1213 1062 nisi
1265 1008 1380 1074 illa,
1431 1026 1592 1080 quam
1654 1014 1946 1074 ineffabilis

367 1092 486 1162 cjus
519 1094 862 1164 providentia
907 1106 960 1152 et
1025 1099 1397 1154 benevolentia
1454 1102 1744 1173 disposuit.
1776 1107 1945 1165 Aiunt

367 1187 585 1255 quidem
617 1187 864 1243 nonnulli
902 1207 915 1242 :
974 1188 1030 1244 Si
1085 1188 1228 1246 Deus
1269 1193 1538 1250 Adamum
1590 1209 1942 1268 peccaturum

368 1290 489 1331 esse
528 1278 790 1346 praevidit,
844 1294 1015 1350 quare
1035 1296 1160 1336 eum
1191 1284 1471 1339 condidit?
1502 1287 1573 1341 At
1600 1290 1784 1346 multa:
1815 1301 1946 1347 sunt

366 1374 419 1420 et
449 1367 719 1436 praeclara:
772 1371 894 1434 vim,
951 1369 1154 1442 quibus
1200 1375 1474 1445 objectum
1523 1381 1628 1436 hoc
1672 1382 1940 1440 diluatur.

366 1455 442 1510 Ita
496 1456 737 1516 Joannes
795 1461 1270 1535 Chrysostomus,
1331 1469 1618 1528 divinioris
1676 1474 1943 1532 doctrinae

362 1549 744 1618 gnarissimus,
767 1553 842 1608 ait
869 1574 882 1609 :
921 1575 938 1607 ι
972 1555 1091 1611 Non
1124 1558 1227 1615 hoc
1254 1562 1430 1617 solum
1457 1564 1604 1632 dico,
1631 1569 1775 1636 quod
1803 1585 1942 1640 prae-

360 1639 560 1693 viderit
613 1642 895 1716 (lapsum),
918 1647 1014 1702 sed
1061 1653 1210 1719 quod
1265 1654 1428 1709 etiam
1491 1658 1822 1726 praeviderit,
1883 1677 1943 1717 se

360 1731 573 1807 lapsum
609 1749 704 1803 per
729 1739 1090 1794 oeconomiam
1121 1743 1418 1800 salutarem
1450 1747 1648 1804 iterum
1677 1751 1945 1807 excitatu-

360 1801 506 1874 ruin.
549 1801 808 1894 {Itaque
836 1842 943 1881 non
994 1829 1149 1898 prius
1197 1833 1331 1887 vidit
1374 1801 1946 1910 ιερεέιιᾷξείτῖᾆέιῖἇε

362 1909 700 1974 excitatione
753 1914 1032 1984 cogitavit.
1061 1916 1299 1976 Noverat
1341 1937 1466 1979 eum
1520 1909 1828 1997 lapsuram,
1885 1941 1945 1986 at

360 1998 708 2056 excitationis
737 2005 1040 2060 remedium
1067 2007 1179 2074 jam
1206 2020 1332 2066 ante
1361 2013 1702 2072 instruxerat
1729 2019 1945 2074 :homi-

361 2101 486 2147 nem
516 2089 856 2158 experiundo
905 2093 1117 2152 discere
1147 2107 1380 2156 mortem
1409 2117 1603 2172 passus
1644 2115 1747 2170 est,
1777 2117 1837 2162 ut
1856 2108 1941 2162 in-

364 2176 656 2248 telligeret,
686 2181 835 2249 hinc,
876 2186 1004 2255 quid
1033 2203 1135 2244 suo
1168 2191 1274 2246 sibi
1305 2193 1578 2264 jumento,
1630 2197 1779 2267 hinc,
1811 2201 1944 2271 quid

364 2283 463 2338 per
477 2269 790 2329 Conditoris
813 2279 1042 2346 gratiam
1074 2282 1178 2337 sibi
1197 2284 1269 2338 sit
1287 2288 1681 2346 accersiturus.
1705 2269 1943 2350 Noverat

362 2359 630 2422 Adamum
679 2376 1054 2436 peccaturum,
1115 2381 1171 2426 at
1225 2375 1558 2443 przevidebat
1608 2395 1846 2451 quoque,
1877 2397 1942 2438 ex

360 2451 552 2506 eodem
592 2457 1048 2523 proditurosesse
1068 2462 1315 2530 Abelem,
1336 2465 1601 2537 Enosum,
1633 2470 1941 2540 Euochum,

358 2539 558 2609 Noam,
612 2544 807 2616 Etiam,
862 2552 1173 2622 prophetas,
1239 2560 1518 2627 apostolos
1569 2564 1940 2632 admirandos,

360 2632 547 2688 nobile
577 2635 708 2691 illud
739 2653 931 2708 genus,
991 2657 1090 2699 nec
1121 2646 1306 2702 minus
1337 2661 1642 2723 martyrum
1680 2656 1874 2724 nubes,
1911 2675 1943 2714 a

360 2720 474 2778 Deo
507 2727 798 2809 excitatas,
832 2742 886 2788 et
932 2737 1189 2806 pietatem
1245 2720 1536 2801 stillantes.
1590 2745 1718 2804 Haec
1746 2720 1942 2820 praevi-

357 2815 522 2874 debat
550 2817 784 2882 Numen.
809 2822 1178 2886 Pulchrumne
1203 2832 1409 2904 itaque,
1423 2837 1726 2910 justumne,
1749 2815 1945 2902 'Deove

358 2903 584 2975 dignum
617 2907 833 2977 fuisset,
871 2912 1015 2980 ideo,
1068 2920 1214 2986 quod
1246 2903 1390 2978 unus
1420 2903 1584 2981 homo
1617 2938 1943 2998 peccaturus

353 3007 495 3061 erat.
525 3015 649 3054 eum
681 3017 746 3061 ex
799 3004 970 3063 nihilo
1027 3023 1136 3063 non
1167 3010 1426 3080 condere,
1471 3024 1526 3070 et
1557 3019 1747 3074 eadem
1777 3038 1942 3092 opera
1967 3056 2011 3119 ρ

357 3095 633 3119 inultus...“
687 3096 929 3119 -.2...._-__..
1052 3116 1146 3119 __e_
1636 3111 1670 3119 .-

357 3095 635 3146 tantorum
687 3096 970 3166 virorum,
1043 3116 1280 3170 quorum
1330 3121 1431 3162 nec
1461 3124 1570 3164 uno
1619 3111 1814 3182 dignus
1859 3124 1942 3170 est

357 3179 532 3243 orbis,
568 3193 896 3252 proventum
930 3188 1246 3258 prohibere,
1285 3201 1396 3248 tam
1427 3193 1606 3259 laetam
1629 3179 1941 3267 pulchram—

357 3286 468 3340 que
497 3274 723 3330 humani
759 3279 976 3345 generis
1020 3293 1320 3339 sementem
1369 3286 1636 3343 radicitus
1683 3291 1936 3356 evellere,

359 3359 545 3430 illique
571 3364 847 3422 excidium
897 3378 952 3425 et
1001 3370 1138 3427 iram
1167 3373 1481 3442 immittere,
1512 3377 1676 3448 idque
1702 3395 1768 3436 eo
1799 3390 1937 3437 tem-r

359 3466 512 3520 pore,
547 3471 657 3524 quo
692 3458 880 3527 homo,
933 3465 1025 3534 qui
1073 3475 1262 3536 postea
1321 3478 1547 3538 peccato
1601 3471 1936 3544 indulgebat,

358 3555 461 3594 nec
493 3555 830 3614 peccaverat,
882 3565 1058 3621 neque
1108 3553 1176 3608 de
1230 3557 1502 3626 patrando
1532 3568 1781 3628 peccato,
1812 3577 1937 3618 cum

357 3633 599 3689 nondum
633 3629 938 3708 exsisteret,
968 3646 1346 3714 cogitaverat?
1378 3649 1434 3704 Si
1461 3650 1605 3705 enim
1631 3655 1938 3724 sapientum

356 3732 460 3789 est,
493 3726 560 3781 ab
594 3742 680 3795 eo,
707 3733 801 3802 qui
837 3748 1062 3803 peccare
1095 3737 1317 3807 quidem
1354 3749 1585 3798 conatus
1623 3755 1723 3808 est,
1764 3761 1942 3817 neque

365 3826 547 3874 tamen
576 3835 700 3877 vere
751 3829 1016 3896 peccavit,
1053 3833 1262 3899 peccati
1292 3848 1483 3902 poenas
1511 3851 1621 3891 non
1654 3847 1936 3908 repetere;

355 3913 630 3978 quomodo
656 3913 826 3976 Deum
859 3918 1290 3990 decuerit,peum,
1315 3924 1408 3994 qui
1433 3939 1534 3980 nec
1563 3941 1790 3996 peccare
1813 3925 1949 3986 tunc

360 3999 695 4071 instituerat,
748 4010 1088 4075 peccantium
1138 4013 1318 4082 poenis
1347 4014 1942 4090 subjicere?lnprimis

353 4108 502 4158 cum,
541 4101 794 4168 quamvis
826 4115 1111 4171 peccatum
1143 4107 1281 4161 adeo
1331 4123 1496 4176 grave
1527 4119 1706 4177 esset,
1739 4110 1943 4182 (nonne

355 4183 502 4239 enim
533 4202 696 4256 grave
728 4201 848 4246 erat
881 4205 1210 4265 praeceptum
1252 4199 1469 4253 Domini
1501 4201 1766 4270 violare?)
1798 4203 1938 4257 idem

355 4282 536 4330 tamen
568 4279 892 4338 medicinam
921 4298 988 4338 ex
1024 4285 1636 4357 ineﬂabiliConditoris,
1663 4292 1938 4348 hominem

2046 921 2140 976 καὶ
2168 923 2544 994 φιλανθρωπία
2570 927 3103 996 ᾠκονόμησεν.”οτι,
3139 929 3323 1001 φασὶν,
3356 932 3401 984 εί
3421 937 3586 1002 προεῖ-

2044 1011 2133 1065 δεν
2172 1014 2515 1086 ἀμαρτήσειν
2573 1015 2665 1068 τὸν
2701 1016 2873 1086 Ἀδὰμ
2911 1018 2943 1070 ὁ
2975 1017 3130 1082 Θεὸς,
3157 1019 3211 1071 τί
3239 1019 3334 1072 καὶ
3368 1025 3589 1092 προήγα-

2045 1119 2142 1172 γεν
2171 1104 2369 1172 αύτόνς
2405 1105 2513 1158 Καὶ
2555 1105 2750 1158 πολλαὶ
2776 1106 2878 1176 μέν
2913 1107 3141 1161 εῖσικαὶ
3165 1109 3432 1176 πάγκαλοι
3457 1112 3588 1166 τοῦδε

2043 1194 2139 1248 τοῦ
2172 1197 2525 1268 ἀπορήματος
2585 1196 2882 1262 ὲπιλύσεις.
2913 1198 3074 1268 Λέγει
3117 1199 3163 1252 δ’
3188 1196 3283 1254 οὖν
3325 1203 3416 1254 καὶ
3437 1203 3465 1255 δ
3493 1203 3591 1257 θεό-

2047 1301 2210 1354 σοφος
2260 1286 2512 1356 Ἰωάννης
2557 1290 2586 1341 ὁ
2631 1287 3051 1358 Χρυσόστομος,
3098 1292 3181 1343 ὅτι
3236 1308 3256 1342 ι
3325 1293 3398 1344 Οὐ
3453 1293 3591 1347 τοῦτο

2048 1377 2209 1447 μόνον
2241 1378 2405 1448 φημὶ,
2431 1379 2512 1432 ὅτι
2537 1378 2786 1452 προῄδει,
2817 1379 2931 1433 ἀλλ’
2961 1381 3045 1435 ὅτι
3085 1382 3180 1434 καὶ
3221 1383 3451 1437 πεσόντα
3480 1386 3594 1439 ἀνα-

2048 1467 2238 1534 στήσει
2267 1467 2430 1520 αὺτδν
2459 1467 2547 1521 διὰ
2575 1469 2676 1538 τῆς
2710 1470 3022 1540 οἰκονομίας
3041 1488 3056 1503 ’
3085 1489 3104 1524 ›
3148 1472 3245 1525 καὶ
3300 1473 3360 1526 οὐ
3404 1473 3594 1543 πρῶτον

2047 1553 2186 1610 εἶδεν
2213 1558 2312 1629 τὴν
2337 1558 2568 1625 πτῶσιν,
2607 1561 2759 1633 εἰμὴ
2793 1563 3200 1634 προεπενόησεν
3248 1563 3349 1633 τὴν
3384 1565 3596 1619 ἁνάσταυ

2047 1663 2132 1701 σιν
2156 1665 2170 1679 ο
2203 1649 2341 1719 ᾔδει,
2403 1652 2485 1704 ὅτι
2535 1656 2803 1720 πεσεῖται,
2839 1654 2974 1708 ἀλλά
2993 1654 3336 1724 προαπέθετο
3365 1657 3457 1726 τῆς
3487 1659 3599 1710 ἀνα-

2050 1740 2292 1803 στάσεως
2318 1741 2629 1813 φὰρμακον,
2665 1743 2756 1798 καὶ
2788 1737 3169 1816 συνεχώρησεν
3197 1747 3281 1810 είς
3306 1748 3494 1817 πεῖραν
3526 1747 3600 1801 ὲλ-

2048 1831 2161 1885 θεῖν
2205 1832 2433 1888 Θανάτου
2483 1835 2575 1888 τὸν
2627 1835 2934 1906 ἄνθρωπον.
2972 1837 3089 1890 Ἵνα
3137 1836 3308 1908 μάθῃ,
3350 1837 3489 1921 τίνος
3515 1839 3601 1907 μὲν

2046 1923 2346 1978 ἀπολαύσει
2386 1925 2453 1978 δι’
2479 1926 2670 1980 ἑαυτόν
2695 1942 2709 1956 ·
2742 1927 2886 1992 τίνος
2944 1928 3001 1981 δὲ
3054 1930 3120 1999 τῇ
3169 1926 3264 1980 τοῦ
3318 1928 3599 1991 πλάσαντος

2046 2015 2229 2086 χάριτι
2255 2031 2268 2043 ·
2296 2016 2413 2087 ᾔδει
2470 2017 2808 2088 πεσούμενον
2849 2019 2942 2072 τὸν
2992 2019 3196 2088 Ἀδὰμ,
3247 2019 3365 2073 ἀλλ’
3400 2018 3603 2076 ἔϐλεπεν

2045 2107 2105 2170 ἐξ
2129 2106 2294 2161 αὐτοῦ
2327 2107 2792 2180 προελευσόμενον
2834 2108 2926 2162 τὸν
2965 2109 3150 2177 Ἅϐελ,
3183 2111 3280 2165 τὸν
3321 2110 3500 2174 Ἐνὼς,
3529 2111 3606 2164 τὸν

2057 2197 2253 2270 Ἑνὼχ,
2283 2199 2373 2253 τὸν
2400 2199 2546 2262 Νῶε,
2581 2200 2672 2253 τὸν
2700 2201 2917 2267 Ἠλίαν,
2966 2203 3094 2266 τοὺς
3142 2205 3463 2272 προφήτας,
3493 2203 3603 2264 τοὺς

2046 2291 2392 2362 θαυμαστοὺς
2437 2292 2793 2356 ἀποστόλους,
2831 2291 2928 2364 τήν
2952 2293 3238 2361 εὐγένειαν
3264 2293 3363 2363 τῆς
3387 2293 3604 2362 φύσεως,

2045 2384 2114 2437 τὰ
2143 2383 2434 2453 θεοκίνητα
2463 2384 2572 2438 τῶν
2605 2384 2904 2455 μαρτύρων
2937 2386 3030 2440 καὶ
3081 2385 3355 2450 στάζοντα
3390 2390 3488 2454 τὴν
3527 2386 3605 2437 εύ-

2047 2475 2266 2530 σέὸειαν
2304 2476 2440 2547 νέφη
2471 2494 2486 2509 ο
2524 2475 2722 2530 ἕδλεπε
2763 2476 2960 2543 ταῦτα,
3007 2477 3104 2532 καὶ
3154 2476 3264 2531 ποῦ
3313 2472 3383 2548 ἦν
3440 2476 3606 2539 καλὸν,

2045 2569 2148 2622 ποῦ
2183 2569 2242 2623 δὲ
2261 2566 2490 2635 δίκαιον,
2512 2568 2616 2623 ποῦ
2645 2569 2702 2623 δὲ
2744 2569 3071 2640 θεοπρεπὲς,
3113 2570 3243 2634 ἵνα,
3288 2569 3428 2624 διότι
3468 2568 3610 2639 ἔμελ-

2044 2660 2136 2714 λεν
2169 2653 2248 2723 εἷς
2286 2659 2575 2733 ἄνθρωπος
2601 2661 2965 2734 ἁμαρτάνειν,
2990 2660 3181 2715 τοῦτον
3215 2661 3296 2732 μὴ
3329 2661 3608 2728 ἀναγαγεῖν

2045 2753 2108 2805 ἐκ
2135 2752 2211 2822 μὴ
2263 2752 2455 2818 ὄντων,
2487 2754 2584 2806 καὶ
2639 2753 2914 2807 τοσούτων
2954 2753 3190 2825 ἀνδρῶν,
3233 2746 3312 2808 ὧν
3359 2752 3477 2806 οὐδὲ
3503 2751 3610 2804 καθ’

2043 2847 2139 2900 ἕνα
2193 2846 2344 2912 ἄξιος
2399 2848 2428 2900 ὁ
2474 2846 2699 2916 κόσμος,
2749 2844 2923 2915 φορὰν
2953 2844 3253 2915 ἀνακόψαι,
3287 2845 3386 2898 καὶ
3414 2841 3611 2914 θερίσαι

2045 2938 2344 3010 πρόρριζον
2382 2939 2481 3008 τὴν
2499 2938 2775 3009 τοσαύτην
2807 2934 2904 2992 τοῦ
2949 2937 3144 3006 γένους
3195 2936 3490 3008 βλάστησιν
3525 2933 3609 2987 καὶ

2045 3027 2328 3100 καλλονήν,
2369 3027 2464 3084 καὶ
2515 3029 2638 3084 κατ’
2666 3029 2838 3101 αὐτῆς
2887 3027 3186 3098 ἐπαφιέναι
3235 3026 3339 3098 τὴν
3389 3024 3611 3095 ἐκτομὴν

2045 3122 2138 3174 καὶ
2177 3122 2366 3192 ὀργὴν,
2392 3122 2488 3178 καὶ
2535 3122 2658 3176 τότε
2702 3121 2800 3176 τοῦ
2823 3121 2921 3194 τήν
2941 3117 3226 3193 ἁμαρτίαν
3268 3118 3494 3198 ὕστερον
3514 3118 3615 3204 ἑλο-

2045 3215 2208 3286 μένου
2230 3213 2355 3268 οὒτε
2380 3216 2746 3288 ᾁμαρτόντος,
2781 3214 2906 3270 οὔτε
2951 3215 3225 3285 ἁμαρτεῖν
3271 3209 3618 3284 μεμελετηκόι

2040 3322 2152 3369 τος,
2187 3306 2283 3360 ἆτε
2329 3307 2499 3378 μήπω
2551 3308 2678 3380 μηδ’
2700 3306 3014 3377 ὑφεστῶτος
3040 3323 3055 3372 ;
3084 3307 3144 3359 Εί
3190 3305 3305 3376 γὰρ
3338 3303 3618 3375 σωφρόνων

2041 3397 2189 3450 ἐστὶν
2219 3397 2449 3467 ἀνδρῶν,
2480 3399 2541 3453 τὸ
2588 3400 2968 3470 μελετήσαντα
3002 3397 3102 3468 μὲν
3147 3396 3494 3469 ἀμαρτῆσαι,
3552 3391 3617 3462 μὴ

2044 3488 2437 3558 ἀμαρτήσαντα
2487 3491 2564 3560 δὲ,
2627 3490 2702 3562 μὴ
2766 3491 3115 3562 είστράττειν
3172 3489 3408 3551 εὐθύνας
3454 3489 3623 3557 ἁμαρο

2041 3595 2108 3648 τη
2119 3579 2329 3649 μάτων·
2364 3581 2537 3634 εἵπου
2559 3597 2623 3650 γε
2646 3581 2713 3634 ἂν
2730 3583 2815 3652 είη
2840 3581 2974 3635 Θεοῦ
2995 3621 3010 3647 ,
3062 3583 3157 3634 τὸν
3193 3620 3210 3647 ,
3266 3579 3406 3651 μηδὲ
3477 3575 3621 3648 μελε-

2043 3671 2287 3739 τήσαντα
2316 3669 2725 3742 ὲξαμαρτῆσαι,
2760 3671 2994 3739 τάς,τῶν
3011 3665 3436 3743 ἡμαρτηκότων
3469 3668 3622 3724 ἁπαι-

2044 3763 2158 3813 τεῖν
2191 3761 2366 3826 δίκας,
2398 3764 2494 3816 καὶ
2524 3763 2648 3816 τότε
2685 3762 2927 3834 χαλεποῦ
2959 3762 3058 3831 μὲν
3091 3762 3250 3825 ὄντος
3304 3761 3402 3815 τοῦ
3453 3759 3621 3828 ἁμαρ-

2041 3852 2285 3923 τήματος
2334 3852 2476 3924 (πῶς
2505 3855 2614 3926 γὰρ
2649 3855 2710 3908 οὑ
2750 3854 2987 3925 χαλεπὸν
3008 3853 3274 3924 ἀθέτησις
3297 3848 3621 3918 Δεσποτικῆς

2043 3941 2264 4012 ἐντολῆς
2287 3946 2350 4013 ς),
2375 3943 2476 3997 οὐκ
2528 3945 2748 3998 ἀνιάτου
2775 3945 2833 3998 δὲ
2863 3943 3124 4015 ἐσομένου
3171 3945 3241 4014 τῇ
3277 3941 3470 4010 ἀφὰτῳ
3507 3935 3621 4006 φιλ-

2043 4031 2332 4103 ανθρωπίᾳ
2386 4033 2480 4086 τοῦ
2533 4034 2989 4099 Πλὰσαντος,καὶ
3029 4032 3125 4086 τοῦ
3179 4029 3622 4103 πρωτοπλάστου,

2044 4122 2123 4183 είς
2159 4125 2258 4190 τὴν
2291 4123 2524 4194 ἀρχαίαν
2553 4122 2924 4193 ὲπανάγεσθαι
2975 4123 3270 4195 μέλλοντος
3317 4121 3620 4190 εὐγένειαν·

2045 4211 2188 4274 ὥστε
2240 4216 2289 4267 εἰ
2335 4215 2410 4284 μὴ
2455 4216 2720 4287 προῆκτο,
2751 4216 2887 4268 διότι
2916 4215 3144 4286 ἔμελλεν
3175 4214 3453 4286 ἁμαρτεῖν
3479 4214 3505 4265 ὁ
3533 4210 3616 4278 ἀρ-

2045 4301 2290 4369 χέγονος,
2330 4302 2607 4357 ἐδείκνυτο
2637 4304 2704 4358 ἂν
2736 4304 2797 4359 τὸ
2819 4304 2996 4370 Θεῖον,
3032 4305 3128 4360 τὸν
3169 4305 3249 4375 μὴ
3290 4301 3624 4372 ἁμαρτάνον-

357 4363 425 4418 ad
466 4368 752 4435 pristinam
781 4387 936 4427 suam
992 4376 1312 4445 dignitatem
1345 4379 1647 4448 reducturi,
1695 4382 1936 4439 benevo-

2046 4409 2110 4445 τα
2137 4390 2403 4460 κολάζων,
2432 4395 2526 4449 καὶ¹
2565 4397 2663 4466 τῆς
2696 4395 2924 4466 ὕστερον
2973 4395 3334 4464 ἀνακλήσεως
3392 4393 3486 4447 καὶ
3530 4406 3624 4442 σω-

351 4455 524 4514 lentia
579 4461 909 4521 admitteret.
970 4466 1127 4531 Quod
1180 4470 1226 4523 si
1274 4469 1460 4542 itaque
1518 4475 1775 4530 conditus
1825 4493 1934 4532 non

349 4547 548 4606 {uisset
605 4552 748 4619 ideo,
806 4557 954 4625 quod
1008 4560 1218 4628 primus
1274 4562 1365 4619 ille
1415 4563 1580 4620 homo
1613 4577 1936 4636 peccaturus

2045 4483 2242 4554 τηρίας
2270 4485 2615 4557 ἀποστερῶν,
2659 4489 2754 4540 καὶ
2795 4487 3068 4541 τοσούτων
3112 4486 3332 4557 ἀνδρῶν
3365 4483 3541 4539 καλῶν
3567 4497 3622 4532 τε

2047 4577 2140 4630 καὶ
2176 4577 2398 4646 ἀγαθῶν
2432 4577 2638 4650 ἔρημον
2657 4579 2758 4651 τὴν
2790 4579 2969 4634 κτίσιν
3018 4579 3363 4648 ἀποφαίνων.

352 4656 490 4712 erat,
523 4646 668 4704 Deus
710 4651 899 4720 utique
968 4653 1091 4708 talis
1160 4657 1309 4713 visus
1343 4669 1508 4727 esset,
1557 4663 1650 4732 qui
1687 4674 1741 4718 et
1769 4665 2065 4734 hominem,
2103 4673 2310 4741 peccati
2375 4674 2619 4729 nondum
2679 4688 2855 4740 reum,
2901 4673 3193 4746 puniisset,
3255 4684 3313 4728 et
3380 4678 3620 4726 secutura

352 4741 705 4797 revocatione
761 4759 824 4798 ac
859 4743 1034 4803 salute
1096 4750 1359 4820 privaret,
1392 4763 1699 4811 creaturam
1736 4757 1973 4830 denique
1999 4769 2078 4816 tot
2131 4774 2185 4820 et
2218 4775 2321 4819 tam
2353 4763 2632 4837 praeelaris
2676 4768 2946 4839 bonisque
2965 4768 3286 4824 hominibus
3313 4765 3610 4836 spoliasset-

352 4855 680 4924 QUZESTIO
721 4861 904 4919 CLXII
943 4865 1131 4939 [ϐοἰδί.
1161 4871 1360 4944 CXCII,
1406 4876 1571 4934 Taur.
1606 4877 1940 4954 CLXXXII].

353 4967 498 5033 Quid
521 4973 812 5043 signiﬁcat,
845 4997 863 5029 ι
891 4979 1279 5052 anogenitus
1303 4991 1471 5052 omm's
1498 5005 1757 5052 creatura:
1777 5000 1885 5054 u‘?
1915 5019 1934 5053 ι

2551 4885 2888 4941 ΕΡΩΤΗΣΙΣ
2932 4887 3095 4942 ΡΞΒ’.

2172 5003 2232 5054 Τί
2260 5001 2388 5054 ἐστι
2408 5016 2422 5030 ·
2456 5019 2474 5052 ι
2500 5001 2881 5068 Πρωτότοκος
2909 4997 3114 5067 πάσης
3145 5001 3440 5065 κτι’σεως;
3469 5017 3488 5052 ι

566 5090 821 5145 Editarum
844 5113 870 5147 a
891 5099 1070 5155 Wolﬁo
1103 5105 1340 5171 vigesima
1367 5113 1540 5176 quinta
1563 5119 1618 5179 (Ι.
1642 5133 1707 5182 c.,
1729 5136 1778 5184 p.
1801 5123 2066 5176 δυο-θεον.
2099 5123 2320 5176 Galland.
2349 5136 2396 5185 p.
2427 5120 2538 5182 7&7,
2560 5120 2674 5180 9I8,
2700 5133 2752 5168 η.
2778 5119 2879 5180 42).
2904 5147 2964 5156 —-
2988 5120 3041 5169 In
3065 5119 3254 5170 (Ioloss.
3281 5133 3315 5182 ι,
3341 5119 3420 5170 15.

423 5191 650 5286 Quando
672 5197 876 5260 Paulus
906 5225 925 5258 ι
950 5201 1372 5285 primogenitum
1403 5225 1584 5281 omnis
1614 5238 1881 5286 creaturae
1900 5249 1920 5284 ι

351 5285 586 5352 appellat
635 5289 997 5368 (Dominum),
1029 5301 1264 5361 haeretici
1305 5325 1411 5366 non
1441 5316 1802 5384 recogitantes
1860 5285 1928 5376 de

425 5402 491 5433 "‘
515 5405 726 5463 Coloss.
759 5425 798 5476 ι,
848 5413 934 5468 15.

2107 5231 2229 5282 ’Ὁτι
2245 5227 2338 5282 τοῦ
2364 5226 2508 5280 θείου
2532 5225 2743 5280 Παύλου
2763 5225 3055 5287 είπόντος,‹
3081 5226 3440 5295 Πρωτότοκος
3455 5224 3623 5293 πάσης

2034 5321 2286 5387 κτίσεως,
2314 5339 2332 5371 ι
2369 5319 2418 5373 οἱ
2445 5318 2731 5390 αῖρετικοὶ,
2759 5315 2914 5386 φησὶ,
2940 5315 3052 5387 (90)
3078 5317 3153 5389 μὴ
3176 5318 3473 5390 νοήσαντες
3500 5313 3619 5386 περὶ

1907 5504 2144 5562 ΝΟΤΙΕ.

425 5591 625 5670 (9.0)“In
653 5611 754 5650 ωε.
791 5614 942 5670 φασι,
967 5602 1109 5670 quod
1165 5613 1338 5658 tamen
1397 5608 1466 5662 ob

357 5661 503 5724 φησι.
538 5661 1211 5743 Ισότιειεεοϐιηέγὲοειοωῑ
1231 5675 1344 5733 haec
1376 5661 1527 5738 sunt.

1531 5609 1763 5684 sequens
1793 5630 1940 5678 καται

2046 5617 2239 5688 ἰιζουσι,
2289 5623 2468 5680 locum
2507 5623 2710 5682 habere
2774 5639 2882 5682 non
2936 5631 3137 5695 potest.
3196 5621 3394 5693 itaque
3429 5616 3608 5688 scripsi
