3826 6206
143 225 237 290 8I9

997 232 1100 292 AD
1135 173 1728 299 IIMPHILOCHIUM
1754 239 2100 311 QUAESTIO
2153 243 2386 319 CLXII,
2421 246 2684 310 CLXIII.

3299 254 3404 318 850

140 339 282 400 ποίας
310 335 538 402 κτίσεως
565 338 738 408 λέγει,
764 341 842 404 είς
879 341 1086 414 κτίσμα
1125 345 1221 398 τὸν
1251 345 1382 401 Υίὸν
1401 348 1452 402 οί
1477 350 1700 422 ἀνόητοι

1862 355 1958 408 tali
1987 366 2239 411 creatura
2259 358 2536 429 loquatur,
2555 361 2755 416 Filium
2786 364 3106 436 insipientes
3151 369 3205 423 itt
3250 387 3403 426 crea.

139 427 548 492 καταϐιϐἀξουσι
573 445 588 461 ο
631 429 785 502 διττὴ
817 432 927 503 δὲή
964 434 1160 499 κτίσις·
1186 439 1219 507 ή
1252 438 1354 508 μὲν
1389 439 1500 510 γάρ
1549 442 1702 497 ἐστιν

138 520 539 592 ὴγεγενημένη,
590 523 766 594 sats
821 525 1309 600 ἀνακαινιζομένη.
1366 530 1540 595 Αὐτὸς
1591 536 1701 606 γὰρ

140 611 331 673 Παῦλος
379 611 508 683 βοᾷ’
548 633 566 665 ι
607 613 758 678 Είτις
796 617 854 669 ἐν
907 617 1167 689 Χριστῷ,
1211 621 1374 693 καινὴ
1425 623 1637 689 κτίσις·
1676 645 1696 679 ι

140 699 212 751 ἵνα
236 699 288 752 δὲ
321 699 586 771 λαμπρῶς
624 702 903 776 ἀποδείξῃ,
929 705 1013 760 ὅτι
1063 710 1161 777 τῆς
1215 711 1702 786 ἀνακαινισθείσης

139 793 353 856 κτίσεως
367 793 523 862 λέγει
533 796 880 866 πρωτότοκον
891 799 980 852 τὸν
992 801 1035 852 Χ
1046 801 1249 870 ριστὸν,
1264 804 1478 873 ἐπάγει’
1499 825 1518 858 ι
1540 807 1587 860 II
1591 824 1700 878 ρω-

137 885 336 946 τὸτοκος
359 886 422 938 ἐκ
446 887 678 957 νεκρῶν,
712 888 800 943 ἶνα
824 889 1049 960 γένηται
1076 894 1134 946 ἐν
1155 896 1292 948 πᾶσι
1315 897 1615 968 πρωτεύων
1633 917 1646 930 ·
1675 918 1694 950 ›

137 972 418 1043 πρωτεύων
447 975 557 1027 τῶν
585 976 982 1049 ἀνακαινιζομέ
994 997 1113 1048 νων,
1137 981 1248 1036 τῶν
1280 985 1362 1048 είς
1388 986 1700 1058 ἀφθαρσίαν

137 1064 471 1134 καλουμένων
497 1105 512 1128 ,
555 1066 663 1120 τῶν
726 1069 793 1120 ἐκ
847 1070 1055 1143 νεκρῶν
1107 1074 1505 1146 ἐγειρομένωνο
1547 1097 1701 1150 πρω-

136 1154 314 1217 τεύων.
345 1156 406 1210 ού
465 1157 610 1211 κατά
654 1158 754 1231 τὴν
811 1161 1045 1234 θεότητα
1072 1179 1085 1194 ·
1119 1166 1301 1235 ἄπαγε
1323 1185 1337 1199 ·
1369 1167 1528 1239 ὕϐρις
1588 1171 1698 1244 γὰρ

134 1244 258 1315 Θεῷ,
290 1245 349 1298 τὸ
378 1246 658 1302 καλεῖσθαι
701 1249 921 1321 πρῶτον
971 1252 1081 1306 τῶν
1141 1257 1482 1326 κτισμάτων,
1505 1259 1562 1323 ὃς
1595 1261 1697 1333 ἀρ-

134 1339 267 1408 ρήτῳ
296 1338 438 1409 λόγῳ
468 1341 564 1394 καὶ
585 1341 929 1414 ἀνεπινοήτῳ
960 1345 1204 1420 ὑπεροχῇ
1237 1350 1420 1420 πάσης
1453 1351 1699 1423 ὑπερήρ-

130 1446 276 1499 τηται
308 1432 401 1484 καὶ
429 1432 541 1504 (9|)
575 1434 928 1506 ὑπερίδρυται
957 1437 1174 1507 φύσεως
1204 1455 1219 1470 °
1253 1441 1392 1494 ἀλλὰ
1425 1443 1697 1514 πρωτεύει

131 1521 258 1574 κατά
293 1539 355 1591 γε
400 1524 500 1596 τὴν
530 1524 949 1598 ἀνθρωπότητα,
983 1529 1226 1600 ἀρχηγὸς
1271 1533 1429 1604 ἡμῶν
1457 1535 1698 1605 γεγονὼς

129 1613 217 1681 τῆς
249 1612 616 1679 ἀναστάσεως,
644 1619 740 1671 καὶ
773 1619 875 1688 τῆς
908 1621 974 1674 ἐκ
1019 1621 1226 1692 φθορᾶς
1265 1626 1345 1687 είς
1382 1628 1696 1699 ἀφθαρσίαν

132 1707 672 1776 μεταστοιχειώσεως.
709 1710 767 1762 Et
797 1727 906 1780 γαρ
954 1714 983 1766 ὁ
1035 1712 1145 1783 (92)
1190 1716 1378 1779 Ἠλίας
1428 1717 1522 1771 τὸν
1584 1721 1698 1774 υἱὸν
1731 1711 1772 1764 Β

127 1797 216 1864 τῆς
242 1798 414 1867 χήρας
442 1799 656 1870 ἤγειρε,
693 1803 788 1855 καὶ
829 1802 1133 1868 Ἐλισσαῖος
1159 1806 1249 1860 τὸν
1272 1808 1370 1877 τῆς
1388 1811 1694 1880 Σωμανίτι-

127 1885 229 1952 δος,
258 1890 349 1942 καὶ
385 1892 550 1956 αὐτὸς
571 1895 600 1945 ὁ
633 1893 823 1964 Σωτὴρ
856 1898 1106 1968 τεταρῖον
1137 1899 1266 1952 τδτα
1298 1901 1550 1973 Λάζαρον
1582 1891 1701 1960 συντ

127 1980 492 2054 εξανέστησεν,
522 1985 638 2038 ἀλλ’
672 1987 848 2050 οὐδεὶς
890 1988 1071 2044 αὐτῶν
1123 1989 1234 2061 (93)
1276 1994 1358 2056 εἰς
1387 1994 1699 2066 ἀφθαρσίαν

128 2071 212 2122 καὶ
240 2073 540 2128 ἀθανασίαν
562 2075 844 2149 ἐξανέστη.
875 2080 1047 2134 Πάλιν
1075 2083 1185 2154 γὰρ
1215 2085 1395 2138 αὐτῶν
1427 2087 1537 2157 (94)
1559 2089 1587 2140 ὁ
1605 2089 1700 2142 θά·

128 2177 272 2225 νατος
303 2165 642 2234 ἐκυρίευσεν.
676 2169 914 2238 Χριστὸς
937 2171 994 2224 δὲ
1023 2173 1260 2238 ἀναστὰς
1283 2177 1346 2229 ὲκ
1364 2179 1574 2249 νεκρῶν
1597 2180 1698 2232 οὐκ

124 2253 198 2332 ἐτι
233 2257 588 2330 ἀποθνήσκει,
639 2261 870 2329 θάνατος
919 2267 1087 2320 αὐτοῦ
1127 2270 1230 2322 οὐκ
1283 2270 1362 2324 ἔτι
1429 2271 1698 2342 κυριεύει.

137 2345 268 2401 Ἀλλ’
289 2350 408 2403 ούδέ
464 2351 710 2420 ἐκείνων,
741 2355 836 2416 οὓς
882 2358 1025 2412 κατὰ
1068 2359 1168 2430 τὴν
1211 2361 1473 2433 δευτέραν
1533 2365 1699 2418 αὐτοῦ

126 2441 414 2512 παρουσίαν
445 2444 767 2514 ἀναστήσει.
807 2448 870 2500 Ὠ
903 2449 1082 2518 κακῆς
1127 2451 1222 2503 καὶ
1270 2451 1504 2522 ἄφρονος
1542 2453 1700 2526 ἡμῶν

125 2530 333 2601 γνώμης
359 2533 372 2587 I
410 2528 575 2604 ἦλθεν
600 2537 628 2588 ὁ
657 2535 891 2606 Χριστὸς
941 2540 1078 2610 πρὸς
1119 2542 1265 2612 ἡμᾶς
1285 2583 1301 2608 ,
1339 2545 1538 2599 ἔδωκεν
1568 2549 1700 2618 ἡμῖν

125 2619 178 2672 τὸ
199 2620 356 2674 αὑτοῦ
392 2621 621 2693 Πνεῦμα
659 2625 795 2695 (95),
846 2627 941 2680 καὶ
987 2630 1254 2685 ἀνέλαϐεν
1319 2634 1379 2687 τὸ
1431 2636 1700 2710 ἡμέτερον

125 2711 289 2780 σῶμα,
317 2713 491 2766 καὶτὸ
519 2715 874 2789 συνάλλαγμα
892 2721 1161 2792 προῆλθεν
1190 2742 1203 2755 ·
1227 2727 1322 2778 καὶ
1345 2726 1525 2782 λαϐὼν
1544 2730 1700 2801 ἡμῶν

122 2803 177 2855 τὸ
229 2804 456 2876 φύραμα
503 2807 789 2877 ἀνύψωσεν
848 2812 1003 2877 αὐτὸ,
1031 2815 1127 2867 καὶ
1157 2817 1412 2871 ἐκάθισεν
1441 2820 1500 2872 ἐν
1550 2821 1702 2893 δεξιᾷ

125 2893 210 2947 τοῦ
264 2897 512 2967 Πατρός⁹
555 2900 650 2952 καὶ
707 2903 742 2972 ἡ
800 2902 1165 2976 ἀγνωμοσύνη
1228 2908 1329 2977 τὴν
1383 2911 1705 2980 εὐεργεσίαν

123 2985 356 3076 ῦὸρίζεμ
383 2989 651 3062 ἐλάσομεν
713 2993 771 3061 ἐξ
819 2995 986 3048 αὑτοῦ
1015 2995 1077 3050 τὺ
1125 2999 1375 3072 Πνεῦμα,
1410 3003 1503 3055 καὶ
1548 3003 1700 3076 ὑϐρί-

1808 451 2054 500 turarum
2091 463 2381 504 numerum
2417 451 2738 509 detrudunt.
2769 454 2887 511 1am
2922 473 3054 514 vero
3085 460 3286 532 duplex
3315 474 3399 518 est

1803 548 2074 593 creaturae
2118 555 2340 610 genus:
2385 543 2493 599 alia
2530 555 2616 600 est
2658 547 2914 615 condita,
2959 551 3066 606 alia
3116 565 3397 626 renovata.

1804 628 1923 700 Ipse
1953 631 2100 685 enim
2150 630 2356 690 Paulus
2379 635 2618 692 clamat:
2653 657 2672 689 ι
2713 638 2770 694 Si
2798 640 2918 709 quis
2945 641 2998 696 in
3031 644 3250 701 Christo
3273 658 3399 715 .est,

1803 736 1942 775 nova
1967 731 2054 778 est
2087 733 2337 780 creatura
2369 726 2415 758 ¹³
2438 767 2452 780 .
2498 745 2516 780 ι
2559 726 2630 784 Ut
2670 745 2796 784 vero
2817 732 2964 788 clare
2996 737 3310 793 ostenderet
3341 755 3401 795 se

1803 810 2084 869 Christum
2135 817 2560 887 primOgenitum
2609 820 2793 877 dicere
2817 863 2831 887 ,
2865 823 3054 878 habito
3084 826 3151 880 ad
3179 838 3396 885 creatu-

1802 919 1918 959 ram
1938 915 2254 962 renovatam
2280 920 2553 979 respectu,
2590 914 2869 986 subiungit
2897 932 2911 969 :
2941 933 2962 968 ι
3000 915 3400 989 Primogenitus

1799 1012 1865 1054 ex
1897 1001 2151 1067 mortuis,
2191 1013 2251 1056 ut
2284 1003 2580 1071 primatum
2608 1007 2752 1062 inter
2779 1023 2971 1067 omnes
3019 1011 3349 1069 obtineat“:
3374 1035 3392 1067 ι

1800 1093 2094 1162 primatum
2160 1094 2371 1152 scilicet
2431 1097 2574 1154 inter
2631 1114 2748 1160 eos.
2803 1102 2896 1172 qui
2960 1106 3207 1159 renovati
3250 1088 3436 1186 sunt,i

1801 1183 1894 1253 qui
1929 1182 1994 1236 ad
2027 1183 2605 1255 incorruptibilitatem
2644 1190 2861 1258 vocati,
2913 1193 3006 1263 qui
3051 1210 3117 1249 ex
3168 1196 3400 1251 mortuis

1799 1274 2055 1339 excltati;
2103 1274 2400 1344 primatum
2435 1288 2635 1350 tenet,
2687 1297 2796 1337 non
2865 1284 3168 1339 secundum
3222 1285 3402 1342 deita-

1796 1373 1908 1421 tem
1941 1381 1956 1429 ;
1999 1363 2143 1418 absit
2175 1366 2279 1424 hoc
2309 1369 2321 1422 ι
2363 1369 2625 1439 injurium
2665 1372 2812 1425 enitn
2844 1371 3029 1438 fuerit,
3064 1372 3238 1428 Deum
3281 1376 3397 1444 pri-

1798 1475 1945 1515 mum
1976 1474 2352 1518 creaturarum
2394 1464 2596 1527 vocari,
2616 1464 2709 1534 qui
2749 1463 2962 1520 ratione
2991 1467 3226 1537 quadam
3256 1466 3392 1522 inef-

1799 1553 1952 1609 fabili
1999 1565 2055 1610 et
2093 1557 2484 1625 prazrogativa,
2533 1557 2806 1612 intellectu
2860 1573 2967 1613 non
3026 1562 3393 1630 assequenda,

1800 1661 1967 1715 supra
2000 1662 2222 1702 omnem
2262 1655 2514 1701 naturam
2547 1649 2759 1718 positus
2789 1659 2846 1704 et
2878 1660 3100 1706 evectus
3135 1662 3238 1706 est.
3287 1653 3394 1708 Sed

1804 1740 2098 1810 primatum
2133 1748 2278 1794 tenet
2308 1741 2611 1795 secundum
2646 1740 3066 1806 humanitatem,
3091 1743 3200 1797 dux
3232 1744 3395 1799 nobis

1800 1831 1979 1886 factus
2011 1832 2078 1886 ad
2110 1832 2588 1890 resurrectionem.
2619 1839 2672 1885 et
2711 1831 2777 1885 ad
2811 1834 3386 1902 incorruptibilitatem

1799 1938 1864 1977 ex
1901 1924 2258 1993 corruptione
2287 1921 2745 1993 consequendam.
2771 1922 3034 1988 Quamvis
3066 1925 3210 1978 enim
3246 1925 3397 1979 Elias

1801 2014 1980 2069 vidua:
2026 2014 2197 2068 ﬁlium
2249 2014 2528 2079 excitavit,
2562 2013 2824 2068 Elissaaus
2855 2030 2986 2068 vero
3029 2016 3181 2069 illum
3214 2015 3398 2072 Suna-

1801 2105 2037 2170 militiis,
2097 2105 2356 2160 Servator
2405 2106 2644 2174 denique
2695 2115 2881 2160 noster
2936 2108 3242 2172 Lazarum,
3299 2123 3397 2177 per

1801 2196 2154 2266 quatriduum
2202 2205 2505 2259 mortuum,
2547 2195 2599 2248 in
2651 2193 2821 2249 vitam
2871 2196 3184 2261 revocavit;
3234 2211 3396 2250 nemo

1803 2295 1984 2340 tamen
2019 2299 2209 2338 eorum
2261 2285 2328 2338 ad
2365 2283 2938 2353 incorruptibilitatem
2973 2293 3026 2338 et
3069 2283 3396 2338 immortali-

1803 2381 1972 2426 tatem
2009 2372 2332 2427 resurrexit.
2379 2370 2525 2426 Mors
2554 2371 2700 2425 enim
2749 2371 2805 2424 in
2836 2365 2955 2425 illos
2990 2371 3186 2424 iterum
3219 2369 3397 2424 domi-

1804 2472 1932 2518 nata
1966 2471 2068 2517 est.
2105 2462 2362 2518 Christus
2408 2478 2562 2528 vero,
2595 2471 2885 2533 postquam
2940 2477 3004 2540 ex
3046 2461 3278 2516 mortuis
3308 2477 3396 2516 re-

1802 2554 2062 2618 surrexit,
2093 2568 2203 2607 non
2250 2553 2446 2606 iterum
2495 2554 2750 2614 moritur,
2803 2567 2953 2608 tnors
3001 2552 3054 2604 in
3108 2551 3258 2605 illum
3288 2566 3394 2606 non

1803 2645 2039 2714 amplius
2072 2643 2389 2699 dominatur
2417 2645 2485 2710 ’⁸,
2521 2645 2664 2700 sicut
2717 2658 2818 2698 nec
2864 2643 2917 2698 in
2975 2659 3091 2708 eos,
3161 2658 3301 2712 quos
3340 2641 3395 2694 in

1805 2736 2048 2792 secundo
2078 2735 2314 2791 adventu
2342 2750 2444 2789 suo
2472 2734 2748 2789 excitabit.
2786 2735 2828 2788 0
2861 2733 3146 2789 sinistrum
3177 2744 3229 2787 et
3258 2733 3394 2787 insi-

1801 2825 1960 2894 piens
2011 2831 2258 2878 nostrum
2305 2823 2618 2894 judicium!
2671 2822 2928 2878 Christus
2968 2823 3115 2878 venit
3145 2823 3212 2878 ad
3245 2837 3393 2877 nos:

1803 2915 1954 2971 dedit
1980 2915 2141 2971 nobis
2175 2913 2440 2985 Spiritum
2470 2930 2632 2970 suum
2660 2933 2674 2969 :
2707 2916 3008 2985 assumpsit
3034 2929 3162 2970 vero
3195 2929 3396 2982 corpus

1805 3011 2055 3058 nostrum
2089 3020 2102 3055 :
2140 3000 2281 3056 facta
2313 3010 2396 3057 est
2429 3003 2760 3071 permutatio
2796 3019 2812 3056 :
2848 3016 3086 3057 massam
3121 3002 3266 3056 enim
3294 3015 3397 3056 no-

124 3074 274 3148 ζομεν
325 3083 382 3137 ἐν
428 3083 696 3156 κτίσμασι
757 3088 851 3142 καὶ
908 3087 1122 3154 δούλοις
1175 3090 1308 3144 αὐτὸ
1365 3095 1697 3166 καταλέγον-

1862 3111 1972 3150 ram
1995 3105 2333 3166 assumptam
2356 3096 2557 3162 evexit,
2589 3105 2644 3152 et
2666 3097 2732 3151 ad
2759 3097 3005 3152 dextram
3029 3096 3204 3152 Patris
3225 3097 3396 3152 collo-

123 3185 226 3233 τες.

1801 3189 1967 3244 cavit.
2024 3187 2145 3243 1am
2177 3205 2307 3246 vero
2351 3189 2598 3261 ingratus
2647 3191 2864 3247 animus
2895 3191 2948 3245 in
2981 3191 3398 3247 beneﬁcentiam

125 3260 257 3358 hanc
285 3268 523 3339 injurius
570 3281 675 3328 est.
705 3271 961 3330 Naturam
991 3293 1052 3331 ex
1086 3279 1251 3335 nobis
1274 3283 1670 3354 assumpsit,et
1730 3299 1762 3339 a
1800 3285 2007 3340 dextris
2057 3283 2238 3341 Patris
2293 3260 2629 3341 collocavit:
2679 3302 2780 3343 nos
2833 3287 2903 3342 ab
2954 3287 3048 3342 illo
3082 3288 3395 3358 accepimus

126 3354 412 3432 Spiritum;
449 3374 506 3422 et
539 3366 618 3422 vel
671 3368 750 3424 sic
784 3369 986 3441 injuria
1010 3372 1279 3432 allicimus
1331 3376 1474 3432 inter
1505 3386 1784 3434 creaturas
1815 3386 1871 3434 et
1903 3393 2094 3434 servos
2117 3378 2272 3433 illum
2308 3391 2677 3436 numerantes.

636 3502 972 3606 EPQTIIEIE
1007 3551 1173 3609 P31".

418 3762 480 3815 Τί
498 3761 632 3817 ἐστι
655 3762 870 3831 δέησις
894 3768 994 3822 καὶ
1034 3772 1383 3840 προσευχή;

2023 3556 2354 3624 ΩΗᾹΞΞΤΙΟ
2418 3557 2621 3612 CLXIII
2689 3557 2877 3628 [(foirsl.
2945 3557 3186 3628 CXCIII,

2336 3628 2500 3685 Taur.
2531 3627 2889 3703 CLXXXIII].

2094 3788 2237 3854 Quid
2267 3798 2345 3843 est
2372 3790 2582 3857 δέησις
2609 3802 2657 3844 et
2705 3793 3018 3862 προσευχή
3044 3794 3124 3847 ’θῗ

603 3932 862 3986 Editarum
886 3952 913 3987 a
942 3938 1120 3990 Wolﬁo
1145 3944 1382 4006 vigesima
1404 3954 1550 3998 sexta
1577 3951 1634 4015 (ι.
1660 3964 1725 4014 c.,
1751 3967 1800 4017 p.
1817 3956 1940 4020 802,
1963 3960 2075 4009 803.
2105 3962 2330 4013 Galland.
2368 3977 2418 4026 p.
2441 3964 2552 4026 747,
2575 3965 2686 4026 748,
2721 3980 2770 4014 n.
2803 3966 2903 4028 42).

189 4100 324 4165 Ὅτι.
341 4123 415 4176 φη
426 4107 498 4171 σὶ,
520 4106 629 4178 (96)
651 4108 834 4180 δέησις
851 4111 948 4182 μὲν
964 4113 1205 4182 λέγεται,
1219 4116 1346 4171 ὅταν
1360 4120 1553 4183 τιςτὸν
1570 4122 1705 4178 Θεὸν

126 4191 254 4258 ἀξιοῖ
277 4199 358 4262 είς
389 4201 626 4270 πρᾶγμα
650 4218 665 4232 ·
693 4205 972 4276 προσευχὴ
995 4207 1075 4271 δὲ,
1108 4209 1236 4262 ὅταν
1255 4210 1396 4282 ὑμνῇ
1419 4214 1511 4266 τὸν
1534 4214 1668 4268 Θεόν
1684 4231 1698 4245 °

1883 4133 2118 4205 Δέησις,
2172 4133 2380 4205 inquit,
2431 4136 2654 4201 dicitur,
2699 4137 2920 4207 quando
2950 4137 3073 4207 quis
3112 4137 3279 4193 Deum
3330 4141 3399 4194 ad

1808 4238 1897 4279 res
1936 4240 2066 4280 suas
2105 4225 2470 4295 perﬁciendas
2505 4227 2730 4282 advocat
2763 4245 2775 4280 :
2827 4227 3131 4300 προσευχὴ,
3181 4230 3405 4299 quando

127 4285 438 4358 εὐχαριστία
465 4299 544 4355 σε,
573 4293 702 4347 ὅταν
735 4312 820 4359 τις
854 4298 994 4368 ὑπὲρ
1015 4291 1090 4352 ὧν
1125 4300 1349 4368 ἔπαθεν,
1381 4304 1542 4374 χάριν
1573 4305 1700 4359 ἀνθ-

127 4379 438 4402 ,ων-,η
484 4385 523 4402 η
567 4384 590 4396 ..
674 4389 686 4402 ,
843 4388 854 4402 .
917 4391 958 4402 -.
1028 4393 1051 4402 -
1402 4398 1410 4402 .
1491 4397 1515 4402 -
1600 4399 1643 4402 ξ-

1862 4331 1975 4370 eum
2008 4317 2192 4372 laudat
2225 4336 2239 4371 :
2275 4317 2621 4389 εὐχαριστία,
2658 4317 2878 4387 quando
2913 4333 3011 4386 pro
3037 4318 3276 4387 acceptis
3307 4319 3406 4374 ben

126 4379 346 4453 ομολογῇ
367 4382 448 4454 τῷ
483 4384 600 4456 Θεῷ
621 4403 636 4418 -
670 4388 892 4459 ἐντυχία
913 4391 990 4458 δὲ,
1025 4393 1154 4447 ὅταν
1177 4412 1260 4455 τις
1284 4398 1425 4450 κατά
1445 4397 1558 4450 τῶν
1587 4399 1703 4452 ἀδι-

127 4469 355 4562 κρύντων
382 4476 693 4550 ἐντυγχάνῃ
715 4479 794 4551 τῷ
817 4482 937 4554 Θεῴ
959 4487 1435 4558 προσκαλούμενος
1459 4489 1572 4562 (97)
1600 4491 1701 4544 αὑ-

125 4559 208 4613 τὸν
238 4565 317 4626 είς
341 4567 647 4637 ἐκδίκησιν.
683 4571 806 4624 Ὅτι
846 4573 900 4626 δὲ
929 4576 988 4628 τὸ
1030 4579 1382 4648 ἐντυγχάνειν
1433 4583 1532 4634 οὐκ
1561 4582 1700 4648 ἔστι,

127 4653 299 4720 φησιν,
339 4657 632 4726 ἱκετεύειν,
680 4661 794 4714 ἀλλ’
836 4664 1082 4734 ἐρωτᾷν,
1129 4657 1234 4722 καί
1261 4671 1585 4741 ἀπόκρισιν
1606 4673 1703 4728 δέ·-

129 4744 344 4809 χεσθαι,
375 4744 576 4814 λέγειό
605 4747 736 4812 Θεὸς
765 4755 901 4824 πρὸς
922 4756 1012 4810 τὸν
1049 4758 1254 4813 Ἠλίανο
1283 4779 1302 4812 ι
1341 4761 1405 4813 Τί
1432 4763 1498 4816 σὺ
1518 4762 1712 4817 ἐνταῦ-

1811 4402 2021 4460 neliciis
2050 4405 2256 4474 gratias
2287 4404 2396 4458 Deo
2419 4404 2530 4473 agit
2556 4421 2569 4458 :
2599 4404 2819 4475 ἐντυχία
2844 4421 2992 4470 vero,
3024 4405 3248 4474 quando
3278 4406 3404 4474 quis

1810 4492 2076 4547 adversus
2111 4493 2343 4562 ittjttrios
2379 4493 2547 4548 Deum
2580 4494 2912 4564 interpellat,
2953 4511 3191 4565 eumque
3221 4497 3288 4550 ad
3323 4496 3406 4550 ttl-

1811 4584 2015 4638 tioncm
2057 4585 2376 4640 sumendam
2427 4587 2649 4642 excitat.
2680 4587 2834 4653 Quod
2870 4602 3021 4652 vero,
3073 4587 3270 4657 inquit,
3318 4587 3406 4640 ένς

1810 4672 2102 4742 τυγχάνειν
2159 4689 2263 4727 non
2297 4675 2435 4729 idem
2484 4676 2557 4730 sit
2584 4677 2729 4744 quod
2762 4675 3052 4742 ίκετέυειν,
3103 4674 3198 4729 sed
3263 4674 3405 4728 idem

1821 4762 2007 4832 potius
2040 4763 2189 4833 quod
2219 4763 2564 4834 interrogare,
2596 4771 2652 4818 et
2679 4778 2986 4832 responsum
3016 4761 3273 4832 accipere,
3316 4776 3412 4824 ap»

189 4894 285 4950 “Il
315 4902 446 4958 Cor.
479 4921 530 4969 v,
565 4905 628 4959 l7
729 4907 994 4966 “Coloss.
1032 4914 1183 4976 1,18.
1261 4917 1304 4948 ’⁵
1334 4915 1492 4973 Rom.
1525 4934 1600 4984 γι,
1648 4918 1700 4974 9.

1862 4921 1873 4974 l
1901 4919 2041 4974 Tim.
2071 4936 2129 4985 ll,
2162 4921 2209 4974 I.

1634 5099 1873 5158 NOT/E.

336 5265 716 5340 ὑπερῇρτηται
746 5271 858 5336 καί,
891 5286 956 5326 cx
980 5273 1215 5329 Colbcrt.

194 5331 302 5404 (ξιτ)
330 5337 426 5389 καὶ
449 5331 674 5404 ”Ηλίοὶς,
711 5331 865 5396 0οη).

193 5403 302 5479 (ἓξ)
335 5405 491 5479 Colb.
525 5426 624 5479 pro
654 5403 834 5466 αὐτόν.

196 5473 305 5551 (ξιξ)
343 5478 422 5551 Ita
458 5473 637 5535 scribo
680 5497 780 5551 pro
812 5483 997 5540 αὐτόν.

199 5543 307 5615 (95)
343 5545 600 5622 liortassa
640 5543 926 5622 legendum
987 5567 1072 5611 est
1125 5560 1310 5622 αὐτόν,
1359 5570 1416 5613 ut
1451 5561 1516 5614 ad
1548 5561 1710 5616 Chri-

135 5621 269 5678 Slum
303 5616 593 5690 referatur,
623 5616 846 5693 quando
903 5639 1050 5681 nunc
1073 5629 1139 5683 ad
1174 5616 1420 5703 Πνεῦμα,
1455 5637 1705 5702 proxime

1828 5285 2176 5347 antecedens,
2209 5293 2436 5353 spectat.

1884 5357 1996 5427 (96)
2026 5355 2402 5427 Chrysostomi
2432 5358 2545 5410 hzcc
2575 5363 2724 5420 sunt,
2753 5368 2915 5427 quem
2936 5353 3290 5427 _Nostermox
3313 5365 3407 5427 ap-

1811 5421 1999 5498 pellat'.
2023 5421 2181 5498 Apud
2221 5440 2347 5480 eum
2372 5433 2555 5482 tamen
2581 5427 2671 5498 illa
2705 5421 2786 5481 adi
2823 5426 2886 5498 ί).
2912 5425 2973 5498 _l.
3014 5438 3121 5478 non
3157 5421 3406 5498 iit_veniu.

1884 5497 1997 5570 (97)
2024 5490 2180 5570 Colit.
2220 5511 2316 5565 pro
2349 5497 2814 5570 προκαλούμενος.
2868 5494 3018 5550 idem
3042 5506 3172 5547 mox
3207 5490 3409 5557 ἐτιιιω

1811 5569 1950 5639 ἐστί,
1977 5569 2138 5624 male.
