3826 6206
177 298 270 361 85-3

963 248 1679 361 AD’AMPIIILOCHIUM
1701 283 2049 357 QU/ESTIO
2077 283 2325 352 CLXIV,
2365 282 2582 353 CLXV.

3309 277 3417 368 854

171 405 314 465 αὑτοῦ
346 404 644 474 ἐρμήνευεν
688 403 960 467 ἐξουσιαν.
999 403 1182 458 Εἰπὼν
1227 403 1306 470 δὲ,
1350 401 1720 464 ἐϐασίλευσεν,

1849 395 2131 450 lominium
2171 394 2490 450 indicasset.
2519 393 2750 460 Quando
2792 407 2924 448 vero
2954 392 3032 446 ait
3062 430 3078 454 ,
3125 390 3414 458 regnavit,

169 503 255 572 τὴν
283 497 363 552 διὰ
394 496 593 567 σαρκὸς
617 496 782 551 αὑτοῦ
805 498 1116 566 οἰκονομίαν
1137 495 1401 564 λέγει,’δι’
1417 491 1484 569 ἧς
1508 499 1542 568 ἡ
1563 496 1725 565 φύσις

171 591 310 665 ἡμῶν
349 588 442 660 τὴν
489 588 846 658 ἐπικράτειαν
879 587 974 641 τοῦ
1008 589 1256 642 διαϐόλου
1309 588 1411 659 τῆς
1450 590 1728 661 ἁμαρτίας

170 684 250 738 τοῦ
289 681 511 736 θανάτου
555 682 819 734 ἁποσεισα
831 681 963 752 μένη
989 681 1206 750 ἐπέγνω
1236 681 1496 751 Πλάστην
1527 682 1620 734 τὸν
1651 681 1727 745 ὡς

170 775 362 848 ἀληθῶς
385 773 630 843 βασιλέα,
660 773 752 826 τὸν
777 773 1013 844 χορηγὸν
1035 775 1133 844 τῆς
1160 775 1470 843 ἀφθαρσίας
1493 775 1568 845 (5)
1629 774 1731 843 τῆς

169 867 514 929 ἀναστάσεως.
570 866 996 935 Εὑαγγελίζεται
1063 866 1244 921 τοίνυν
1310 870 1338 920 ὁ
1393 867 1558 921 Δαϐὶδ
1617 869 1732 930 τοῖς

170 959 380 1028 ὑπὸτῆς
419 957 718 1028 ἁμαρτίας,
748 957 853 1011 ὑπὸ
907 957 985 1028 (4)
1043 957 1138 1010 τοῦ
1173 958 1425 1024 θανάτου,
1479 957 1584 1012 ὑπὸ
1634 956 1729 1010 τοῦ

170 1049 394 1104 διαϐόλου
429 1049 599 1103 πάλαι
630 1048 1094 1119 βασιλευομένοις,
1128 1049 1210 1102 ὅτι
1263 1050 1292 1102 6
1330 1047 1491 1118 ζυγὸς
1525 1051 1734 1113 ἐκεῖνος

173 1140 533 1210 συντέτριπται
567 1180 582 1204 ,
647 1141 708 1192 τὸ
768 1141 967 1212 κράτος
1026 1141 1261 1208 λέλυται,
1307 1143 1400 1195 καὶ
1457 1141 1734 1212 βασιλεύει

171 1232 370 1285 πάντων
393 1227 431 1284 δ’
452 1230 678 1300 Κύριος,
712 1232 787 1295 ὡς
820 1233 915 1284 καὶ
938 1232 1102 1295 αὐτὸς
1145 1232 1283 1303 μετὰ
1303 1234 1403 1302 τὴν
1436 1233 1734 1286 ἀνάστασιν

172 1324 262 1395 ἔφη
287 1340 301 1355 ο
332 1341 352 1375 t
412 1323 600 1406 Ἐδόθη
637 1342 726 1394 μοι
769 1325 919 1377 πᾶσα
951 1323 1168 1390 ἐξουσία
1198 1327 1256 1378 ἐν
1282 1325 1494 1394 οὐρανῷ
1520 1325 1614 1378 καὶ
1643 1324 1737 1378 ἐπὶ

171 1418 279 1487 γῆς.
319 1435 336 1468 ι
379 1416 518 1486 Πρὶν
547 1416 605 1469 δὲ
652 1416 1004 1470 ἐϐασίλευσεν
1050 1416 1206 1488 ἡμῶν
1244 1416 1272 1468 6
1309 1415 1539 1479 Θάνατος
1582 1417 1675 1468 καὶ
1701 1418 1735 1487 ἡ

173 1507 398 1578 ἁμαρτία
422 1525 437 1540 ’
480 1525 500 1558 ι
552 1507 899 1561 Ἐϐασίλευσε
929 1508 1038 1579 γὰρ
1091 1509 1119 1560 6
1149 1509 1378 1572 Θάνατος
1421 1509 1528 1561 ἁπδ
1567 1508 1738 1578 Ἀδάμ

173 1599 320 1669 μέχρι
361 1599 663 1666 Μωῦσέως,
696 1620 715 1654 ι
753 1603 845 1655 καὶ
874 1600 1000 1672 ἑξῆς
1029 1617 1043 1632 ’
1069 1603 1164 1655 καὶ
1211 1603 1240 1654 6
1270 1602 1460 1673 Σωτὴρ
1490 1602 1618 1672 περὶ
1647 1602 1736 1655 τοῦ

170 1690 398 1744 διαϐόλου
436 1707 450 1721 ο
495 1693 610 1757 καὶ,
649 1711 669 1743 ι
710 1693 773 1746 Ei
803 1695 831 1746 6
860 1695 1104 1758 Σατανᾶς
1131 1695 1222 1747 τὸν
1260 1696 1506 1750 Σατανᾶν
1538 1696 1735 1749 ἐκϐάλ-

157 1780 261 1846 .λει,
288 1781 548 1854 ἐμερίσθη
575 1785 607 1854 ἡ
633 1783 881 1853 βασιλεία
909 1785 1073 1838 αὑτοῦ
1099 1803 1113 1817 ·
1153 1805 1172 1836 ι
1212 1785 1352 1840 ὥστε
1388 1787 1738 1842 ἐϐασίλευσεν

170 1872 265 1942 πρὸ
289 1872 386 1940 τῆς
421 1874 716 1945 ἐπιδημίας
748 1876 843 1929 τοῦ
875 1877 1110 1947 Χριστοῦ
1151 1877 1246 1931 τοῦ
1278 1879 1470 1946 γένους
1523 1879 1682 1950 ἡμῶν
1708 1883 1737 1934 6

171 1964 418 2030 Σατανᾶς,
457 1967 600 2020 ἀλλὰ
637 1967 732 2022 καὶ
783 1971 816 2041 ὴ
874 1970 1136 2041 ἁμαρτία.
1171 1971 1336 2040 Λέγει
1365 1973 1474 2042 γὰρ
1520 1973 1681 2026 πάλιν
1711 1974 1739 2026 ό

172 2053 364 2118 Παῦλος
390 2071 406 2086 ο
453 2075 474 2108 ι
537 2058 745 2131 Ὥσπερ
794 2061 904 2130 γὰρ
935 2061 1281 2116 ἐϐασίλευσεν
1323 2065 1357 2135 ἡ
1405 2064 1648 2136 ἁμαρτία
1685 2066 1742 2119 ἐν

169 2145 240 2216 τῷ
267 2147 438 2218 θνητῷ
479 2149 636 2219 ἡμῶν
679 2149 915 2221 σώματι,
967 2152 1110 2207 οὕτω
1160 2155 1319 2226 καὶὴ
1363 2156 1524 2227 χάρις
1583 2157 1738 2228 βασι-

170 2235 302 2290 λεύει
341 2239 430 2292 διὰ
459 2240 721 2311 Χριστοῦ.
762 2260 781 2294 ι
803 2274 873 2284 -
907 2261 925 2293 ι
977 2245 1035 2297 '0
1065 2244 1270 2316 Κύριος
1293 2246 1675 2300 ἐϐασίλευσεν⁸
1717 2267 1735 2299 ι

170 2329 427 2384 πέπαυται
461 2333 560 2402 τῆς
592 2333 866 2404 ἁμαρτίας
900 2335 960 2389 τὸ
994 2338 1216 2409 κράτος,
1244 2338 1337 2392 τοῦ
1367 2340 1619 2405 θανάτου,
1644 2339 1740 2394 τοῦ

169 2421 402 2477 διαϐόλου
425 2425 652 2481 ὀὐκοῦν
673 2427 1022 2496 ἀγαλλιάσθω
1039 2432 1072 2500 ἠ
1098 2431 1191 2502 γῆ,
1217 2433 1250 2502 ἡ
1286 2432 1449 2502 φύσις
1477 2433 1738 2504 γηγενὴς,

170 2513 201 2584 ἠ
226 2515 346 2568 ποτὲ
365 2517 718 2590 πλανωμένη,
738 2519 831 2573 νῦν
857 2521 914 2574 δὲ
936 2521 1294 2594 δοξαζομένη,
1327 2526 1360 2596 ἡ
1395 2525 1525 2579 ποτὲ
1555 2527 1612 2579 ἐν
1638 2526 1736 2579 τά·

170 2623 298 2674 φοις,
353 2609 447 2663 νῦν
505 2612 562 2664 ὲν
619 2611 851 2683 Θρόνοες.
887 2614 1032 2679 Ὅτι,
1072 2618 1235 2684 φησὶ)
1261 2657 1277 2676 ,
1325 2618 1635 2690 οἰκονομίας
1673 2615 1744 2690 ἦν

171 2698 231 2751 τά
285 2700 514 2755 πλεῖστα
584 2702 692 2757 τῶν
761 2708 818 2758 ἐν
879 2709 945 2777 τῇ
993 2708 1228 2781 Παλαιᾷ,
1292 2710 1407 2763 ἀλλ’
1455 2713 1555 2766 οὐκ
1608 2713 1740 2783 ἀρε-

172 2790 348 2854 σκείας
394 2791 534 2846 Θεοῦ
563 2795 658 2847 καὶ
702 2799 1126 2869 προηγουμένης
1171 2801 1420 2866 εὐδοκίας
1446 2817 1460 2831 ⁸
1508 2803 1602 2856 καὶ
1650 2803 1743 2856 τύ-

170 2898 253 2935 ποι
279 2883 387 2937 τῶν
440 2885 746 2956 μελλόντων
783 2890 878 2942 καὶ
932 2891 1083 2945 σκιαί
1117 2909 1130 2922 ⁸
1171 2893 1285 2946 ἀλλ’
1314 2895 1414 2946 οὐκ
1480 2895 1622 2948 αὑτά
1663 2895 1739 2966 (5)

170 2973 234 3026 τά
261 2976 583 3046 πράγματα.
608 2979 720 3032 Καὶ
749 2980 895 3035 ἔστιν
923 2983 1052 3036 ἰδεῖν
1082 2985 1167 3036 ἐπ’
1195 2985 1376 3040 αὐτῶν
1394 2986 1530 3041 ἄλλα
1557 2987 1654 3058 μὲν
1674 2987 1742 3042 τὰ

1829 488 1942 552 illa,
1974 502 2094 557 quae
2125 487 2194 542 ab
2221 501 2287 542 eo
2318 489 2371 540 in
2401 490 2572 542 car'ne
2589 492 2752 555 gesta
2778 495 2927 548 sunt,
2961 482 3188 543 indicat,
3217 480 3419 550 quibus

1830 582 2032 635 factum
2056 587 2161 644 est,
2193 585 2255 634 ut
2294 587 2492 633 natura
2526 586 2733 641 nostra,
2766 575 2990 641 diaboli,
3023 573 3233 645 peccati
3269 587 3418 626 mor-

1831 674 2010 744 tisque
2041 671 2332 740 imperium
2361 670 2610 735 amolita,
2635 667 2979 723 Conditorem
3012 681 3195 731 suum,
3227 679 3416 718 verum

1832 766 1985 820 illum
2010 780 2214 834 regem,
2243 774 2303 819 ut
2329 765 2527 819 ducem
2558 759 2977 816 resurrectionis
3008 768 3060 813 et
3089 754 3418 824 incorrupti.

1833 856 2060 911 bilitatis
2087 865 2430 926 agnosceret.
2462 853 2633 908 David
2667 853 2829 923 igitur
2860 850 2994 913 illis,
3024 851 3076 903 in
3105 864 3244 918 quos
3271 863 3419 901 mors

1832 957 1887 1005 et
1910 949 2162 1004 diabolus
2192 948 2321 1002 olim
2352 947 2666 1002 dominatus
2714 952 2854 1008 erat,
2879 943 3060 997 laetum
3091 942 3238 995 hunc
3275 955 3416 994 nun-

1833 1042 1968 1096 tium
2005 1040 2190 1106 alien,
2220 1039 2363 1109 quod
2393 1038 2585 1109 jugum
2623 1037 2755 1090 illud
2787 1036 3020 1089 fractum
3059 1032 3152 1097 sit,
3182 1038 3422 1100 potestas

1837 1134 2062 1200 abolita,
2096 1141 2150 1187 et
2184 1131 2451 1186 Dominus
2480 1129 2736 1184 omnibus
2770 1129 3021 1196 imperet,
3063 1125 3421 1192 quemadmo-
3452 1137 3458 1200 ς

1836 1227 1964 1280 dum
2016 1234 2069 1278 et
2116 1224 2231 1290 ipse
2285 1231 2408 1292 post
2454 1220 2914 1275 resurrectionem
2973 1215 3104 1270 dicit
3151 1233 3163 1268 :
3216 1232 3233 1264 ι
3291 1195 3457 1265 om'

1837 1329 1921 1374 est
1951 1319 2082 1372 mihi
2129 1314 2310 1370 omnis
2360 1322 2598 1384 potestas
2637 1311 2692 1365 in
2738 1315 2877 1365 cmlo
2923 1319 2977 1361 et
3023 1308 3076 1361 in
3129 1307 3362 1360 terra“.
3399 1322 3416 1352 ι

1837 1413 2008 1464 Antea
2042 1424 2170 1463 vero
2217 1423 2369 1462 mors
2411 1419 2465 1462 et
2499 1415 2782 1475 peccatum
2820 1401 2978 1455 nobis
3018 1398 3420 1453 dominabatur.

1845 1519 1862 1551 ι
1923 1499 2067 1553 Mors
2132 1498 2276 1552 enim
2331 1497 2607 1552 dominata
2666 1501 2750 1548 est
2803 1492 2873 1546 ab
2921 1491 3131 1545 Adamo
3188 1488 3255 1542 ad
3309 1487 3419 1540 Mu-

1840 1608 1935 1649 sen
1957 1592 2025 1657 ³³,
2051 1609 2069 1642 ι
2099 1600 2206 1646 etc.
2256 1590 2514 1645 Servator
2543 1601 2672 1642 vero
2702 1586 2768 1641 de
2798 1583 3013 1639 diabolo
3044 1582 3119 1636 ait
3157 1602 3171 1638 :
3213 1600 3230 1631 ‹
3258 1579 3323 1634 Et
3374 1581 3421 1633 si

1843 1685 2077 1742 Satanas
2129 1683 2387 1739 Satanam
2439 1681 2678 1750 expellit,
2733 1692 2960 1748 regnum
3013 1675 3132 1744 ejus
3184 1675 3422 1729 divisum

1841 1778 2005 1834 est".
2041 1796 2060 1829 ι
2112 1775 2301 1845 Itaque
2340 1783 2466 1827 ante
2499 1772 2790 1825 adventum
2821 1767 3024 1824 Christi
3056 1766 3198 1835 genti
3226 1775 3426 1820 nostrae

1842 1869 2156 1924 dominatus
2187 1875 2272 1920 est
2307 1865 2560 1923 Satanas,
2614 1864 2724 1916 imo
2772 1869 2827 1914 et
2877 1867 3183 1930 peccatum.
3222 1856 3426 1910 Paulus

1843 1961 1987 2017 enim
2019 1960 2216 2015 iterum
2266 1959 2343 2012 ait
2373 1975 2388 2012 :
2425 1977 2443 2007 ι
2479 1956 2636 2010 Sicut
2665 1953 2812 2008 enim
2862 1959 3145 2021 peccatum
3182 1949 3427 2016 regnavit

1846 2057 1898 2109 in
1935 2054 2154 2108 mortali
2192 2061 2383 2106 nostro
2421 2063 2673 2120 corpore,
2713 2047 2785 2101 ita
2821 2047 2984 2100 etiam
3017 2043 3190 2114 gratia
3235 2047 3429 2110 regnat

1843 2163 1940 2217 per
1973 2145 2342 2201 Christum”.
2379 2161 2398 2195 ι
2425 2171 2497 2182 —
2527 2160 2544 2192 ι
2588 2140 2851 2194 Dominus
2901 2135 3174 2207 regnavit;
3213 2153 3232 2187 ›
3268 2132 3429 2188 desiit

1843 2237 2071 2309 peccati,
2102 2237 2317 2302 mortis,
2343 2234 2548 2289 diaboli
2576 2231 2764 2287 robur.
2789 2231 2975 2299 Itaque
2995 2228 3230 2283 exsultet
3246 2231 3426 2291 ’terra,

1845 2341 2040 2384 natura
2098 2336 2341 2389 terrana,
2393 2325 2522 2380 olim
2573 2322 2854 2377 erroribus
2887 2320 3107 2390 iactata,
3149 2318 3264 2387 jam
3301 2329 3430 2370 vero

1842 2421 2164 2492 glorificata,
2209 2417 2337 2472 olim
2381 2414 2615 2484 sepulta,
2646 2425 2792 2466 nunc
2821 2410 2874 2463 in
2908 2410 3108 2463 throno
3138 2405 3428 2460 collocata.

1844 2514 2129 2582 Pleraque,
2159 2511 2256 2573 ait,
2289 2508 2504 2564 Veteris
2531 2501 2866 2559 Testamenti
2917 2516 3012 2571 per
3064 2497 3427 2554 teconomiam

1844 2608 2136 2677 quamdam
2161 2604 2481 2674 agebantur,
2507 2599 2618 2654 Deo
2639 2613 2768 2654 vero
2790 2613 2894 2650 non
2923 2611 3018 2666 per
3039 2609 3098 2648 se
3121 2591 3429 2663 placebant,

1844 2707 1938 2752 aut
1966 2696 2233 2752 voluntati
2265 2695 2384 2763 eius
2414 2692 2700 2762 prwcipute
2732 2685 3166 2744 satisfaciebant.
3219 2681 3352 2754 Typi
3377 2691 3434 2736 et

1845 2790 2053 2843 umbrae
2082 2796 2239 2841 erant
2278 2784 2609 2846 futurorum,
2655 2795 2764 2833 non
2809 2793 2897 2832 res
2941 2776 3089 2846 ipsae.
3138 2773 3326 2841 Itaque
3375 2770 3432 2824 itt

1845 2882 1950 2936 illis
1978 2881 2113 2935 alias
2142 2880 2371 2948 liguras,
2423 2875 2529 2928 alia
2559 2887 2688 2927 vero
2738 2884 2899 2927 sensa
2931 2866 3248 2936 conspicere
3284 2862 3431 2916 licet.

1845 2975 1923 3030 Ita
1955 2976 2097 3029 Deus
2133 2987 2239 3026 non
2269 2969 2485 3039 penitus
2532 2965 2831 3034 acquiescit
2875 2963 2928 3016 in
2991 2956 3291 3030 hyacintho
3340 2961 3436 3008 aut

173 3067 447 3139 σχήματα,
478 3070 615 3124 ἄλλα
639 3072 696 3125 δὲ
744 3074 814 3126 τά
872 3075 1122 3144 νοήματα
1147 3093 1160 3107 ·
1206 3072 1316 3131 οἷον
1334 3047 1568 3142 πάντως.
1613 3079 1741 3142 Θεὸς

1849 3081 2124 3138 purpura,
2167 3071 2262 3117 aut
2289 3074 2480 3126 cocco,
2512 3065 2611 3112 aut
2640 3057 2822 3128 bysso.
2861 3053 3007 3106 Deus
3045 3049 3192 3105 enim
3224 3047 3431 3101 anima-

171 3159 262 3212 οὐκ
307 3163 383 3232 (6)
428 3163 770 3218 ἀναπαύεται
827 3167 1068 3239 ὑακίνθῳ
1118 3171 1212 3222 καὶ
1290 3171 1548 3243 πορφύρᾳ
1577 3212 1591 3236 ,
1651 3173 1744 3226 καὶ

171 3251 366 3324 κόκκῳ,
410 3257 509 3309 καὶ
555 3255 756 3326 βύσσῳ.
795 3257 927 3323 Θεὸς
968 3261 1078 3330 γάρ
1104 3260 1290 3332 ψυχῶν
1329 3263 1552 3316 ἀπαιτεῖ
1580 3263 1748 3316 καθα-

174 3343 389 3414 ρότητα,
418 3348 481 3402 οὐ
537 3349 806 3419 σωμάτων
833 3348 995 3422 ἄνθη,
1038 3354 1131 3404 καὶ
1187 3353 1572 3424 λαμπρότητα,
1627 3355 1743 3408 ἀλλ’

173 3435 225 3489 ἐν
261 3438 380 3502 ταῖς
429 3441 775 3510 σωματικαῖς
833 3443 1158 3514 φαιδρότησι
1215 3445 1312 3517 τὴν
1379 3426 1566 3499 εἰκόνα
1640 3447 1747 3500 τῶν

170 3533 372 3602 ἀρετῶν
421 3535 740 3608 διαγράφει.
789 3539 854 3591 Ei
907 3539 1016 3608 γὰρ
1073 3542 1195 3602 ταῖς
1254 3538 1465 3603 στολαῖς
1510 3539 1748 3604 ἐκείναις

176 3621 242 3686 ὡς
295 3625 514 3697 άληθῶς
558 3630 883 3693 ἀνεπαύετο,
920 3629 1038 3695 πῶς
1077 3631 1167 3684 τὸν
1212 3631 1456 3701 Μωῡσῆν
1485 3631 1589 3702 πρὸ
1653 3630 1748 3685 τοῦ

183 3714 386 3786 Ἀαρὼν
407 3719 507 3772 οὐκ
540 3721 788 3774 ἐνέδυσεν
810 3737 825 3752 ο
851 3722 962 3776 ἀλλ’
994 3725 1059 3795 ἢν
1091 3725 1298 3789 ἐκεῖνος
1328 3728 1424 3780 οὐκ
1441 3728 1747 3796 ἐνεδύσατο,

172 3805 370 3878 ταύτην
419 3810 551 3873 τοὺς
608 3813 794 3883 ἱερέας
823 3815 1136 3884 ἡμφίασεν;
1167 3818 1260 3870 καὶ
1300 3819 1504 3888 Μωσῆς
1528 3821 1626 3890 μὲν
1651 3821 1752 3873 οὐκ

172 3892 394 3966 ἐλούσθη
454 3899 608 3954 ὕδατι
650 3903 745 3955 καὶ
779 3902 962 3956 ἔλουεν
996 3921 1008 3933 ο
1049 3904 1136 3957 διὰ
1167 3906 1218 3958 τί
1250 3924 1264 3974 ;
1297 3908 1383 3960 ἵνα
1441 3910 1618 3981 μάθῃς
1647 3910 1748 3981 (7),

173 3999 250 4037 οτι
281 3987 381 4041 οὐκ
425 3985 495 4060 ἦν
527 3991 700 4045 ταῦτα
735 3995 1125 4066 προηγούμενα
1159 3997 1237 4068 τῷ
1267 3997 1406 4068 Θεῷ,
1449 4000 1530 4053 ὅτι
1561 3999 1637 4071 τῷ
1659 4019 1752 4054 τε·
1786 3990 1797 4004 ’

172 4072 292 4146 λείῳ
319 4079 456 4150 πρὸς
492 4083 699 4152 κόσμον
733 4086 894 4155 ἀρκεῖ
924 4089 957 4157 ἡ
1001 4088 1169 4158 ἀρετὴ
1199 4091 1300 4160 (8),
1332 4092 1428 4144 καὶ
1467 4093 1548 4144 ὅτι
1577 4091 1754 4147 ταῦτα

173 4166 335 4237 τύπος
367 4169 436 4245 ἦν
464 4177 690 4248 ἀρετῆς,
722 4177 836 4232 ἁλλ’
872 4181 972 4232 οὐκ
1006 4181 1200 4254 ἀρετή.

675 4317 1004 4384 QU/ESTIO
1036 4321 1243 4390 chv.

177 4428 298 4485 Ὅτι
327 4431 427 4487 ἐπὶ
465 4431 576 4502 τῆς
604 4435 1351 4581 κεφαλᾷῖὰἓφῖρεὼςῗησὶν,
1383 4444 1416 4496 ό
1443 4443 1753 4516 ἀρχιεέεὺς

943 4527 982 4563 α
1192 4527 1208 4576 ἓ

943 4527 1021 4563 αν
1087 4527 1208 4576 (υ);

1850 3137 1970 3212 rum
2005 3154 2291 3225 puritatem
2326 3149 2573 3220 requirit,
2607 3161 2714 3200 non
2762 3156 3051 3212 corporum
3103 3137 3292 3191 ﬂorem
3340 3140 3437 3188 aut

1849 3223 2190 3312 splendorem
2216 3256 2232 3304 ;
2263 3237 2372 3292 illis
2417 3250 2567 3297 vero,
2619 3248 2742 3303 qua:
2779 3232 2834 3285 in
2866 3242 3096 3298 corpore
3127 3223 3435 3295 splendent,

1849 3340 2114 3392 virtutum
2155 3332 2444 3401 imaginem
2476 3326 2753 3396 exprimit.
2796 3321 2954 3388 Quod
3006 3319 3054 3373 si
3104 3317 3251 3372 enim
3283 3313 3439 3368 stolis

1851 3429 1959 3486 illis
1993 3442 2116 3482 vere
2143 3424 2534 3482 delectaretur,
2563 3431 2733 3487 quare
2764 3414 2950 3469 Mosen
2983 3426 3090 3465 non
3123 3424 3236 3479 pra-3
3262 3402 3438 3460 Aaro-

1851 3537 1920 3576 ne
1939 3519 2134 3583 induit,
2157 3514 2271 3577 sed,
2299 3527 2462 3582 quam
2492 3511 2581 3564 ille
2601 3517 2806 3562 vestem
2835 3521 2943 3559 non
2966 3501 3238 3564 adhibuit,
3265 3513 3328 3552 ea
3353 3513 3440 3552 sa-

1852 3612 2100 3668 cerdotes
2120 3604 2366 3663 ornavit?
2389 3601 2454 3656 Et
2475 3600 2651 3655 Moses
2671 3597 2890 3668 quidem
2917 3609 3016 3649 nec
3035 3594 3179 3646 lotus
3199 3603 3339 3659 aqua
3359 3595 3444 3640 est

1853 3717 1954 3758 nec
1975 3699 2109 3755 lavit
2128 3697 2287 3753 alios.
2311 3694 2423 3748 Cur
2447 3692 2557 3747 ita?
2583 3689 2652 3744 Ut
2672 3688 2872 3743 exinde
2893 3685 3156 3747 disceres,
3184 3680 3309 3734 talia
3335 3693 3441 3731 non

1854 3811 1976 3850 esse
1993 3793 2134 3863 apud
2157 3789 2328 3844 Deum
2356 3787 2648 3856 praecipua,
2674 3779 3021 3850 perfectoque
3043 3772 3252 3827 homini
3275 3769 3338 3823 ad
3359 3783 3445 3822 or-

1856 3895 2042 3941 natum
2063 3881 2310 3939 sullieere
2334 3881 2613 3936 virtutem,
2635 3876 2737 3927 ista
2757 3870 2991 3938 denique
3014 3864 3198 3919 omnia
3214 3863 3444 3914 virtutes

1857 3978 2213 4032 adumbrasse
2237 3971 2477 4042 quidem,
2539 3965 2635 4021 sed
2687 3978 2795 4018 non
2851 3963 3024 4030 ipsam
3067 3956 3235 4010 fuisse
3275 3951 3441 4003 virtu-

1858 4079 1984 4125 tem.

2395 4309 2731 4368 ΕΡΩΤΗΣΙΣ
2764 4305 2925 4361 ΡΞΕΥ.

1864 4449 2044 4513 Quare
2093 4455 2353 4497 summum
2385 4434 2682 4556 pontiﬁcem
2709 4427 2955 4534 in9capite
2996 4422 3168 4475 iurant
3204 4416 3446 4471 habuisse

2577 4511 2771 4555 tcatnr.

2577 4511 2771 4555 παίω-ξ

852 4652 1108 4703 Editarum
1141 4669 1168 4705 a
1200 4655 1377 4708 Wollio
1399 4661 1646 4723 vigestmte
1675 4643 1904 4727 septimae
1938 4679 2051 4728 pars
2077 4659 2323 4725 posterior
2347 4657 2402 4718 (l.
2435 4668 2499 4714 c.,
2525 4666 2573 4714 ρ.
2601 4647 2734 4707 807)-

244 4781 504 4835 Διότιτὺν
534 4784 1016 4855 προχειριζόμενον
1053 4789 1308 4843 ἁπάντων
1341 4793 1584 4864 κεφαλὴν
1617 4796 1741 4849 κατὲ

1934 4794 2070 4862 Quia
2143 4793 2235 4860 qui
2301 4787 2556 4842 omnibus
2611 4784 2784 4838 instar
2841 4775 3035 4847 capitis
3100 4782 3245 4829 esset
3307 4785 3450 4842 pra:-

245 4923 288 4952 ²²
329 4923 524 4979 Matth.
558 4939 748 4986 xxvm,
783 4923 870 4978 i8.
947 4924 992 4956 ³³
1025 4924 1187 4980 Rom.
1228 4944 1280 4994 ν,
1317 4931 1404 4984 14.
1480 4931 1526 4962 ’⁸
1557 4931 1741 4988 Matth.

1849 4949 1881 5000 I,
1909 4932 2000 4986 26.
2079 4932 2124 4963 ’⁵
2165 4929 2321 4984 Rom.
2350 4944 2403 4991 ν,
2435 4926 2523 4981 21.

1689 5047 1925 5104 NOTAE.

270 5154 324 5225 3)
358 5155 628 5225 Suspicor
656 5156 930 5213 excidisse
958 5160 1073 5212 καί.

267 5223 320 5293 4)
352 5223 462 5278 ὑπό
479 5223 670 5279 addidi
695 5242 760 5281 ex
785 5227 1028 5284 Colbert.

247 5293 326 5365 (5)
353 5293 448 5349 Sic
477 5295 633 5350 Colb.
671 5312 771 5365 pro
799 5298 860 5352 οὐ
900 5328 965 5339 -
993 5299 1156 5354 κατὰ.

271 5364 326 5439 ρ)
349 5365 454 5439 οῦκ
485 5364 690 5431 addidi,
720 5369 864 5439 quod
906 5385 1102 5427 sensus
1141 5371 1395 5439 postulat.

274 5433 326 5508 ἶ)
355 5435 516 5508 Idem
541 5451 641 5508 pro
676 5433 751 5508 μή
784 5437 916 5508 θείςο

354 5506 434 5590 [ξε
468 5507 650 5590 scribo
669 5505 848 5577 prodi
887 5509 1079 5590 ἀρετή.

212 5574 479 5655 '(Q'LNon
513 5585 594 5631 est
626 5574 743 5655 haec
767 5574 998 5655 quaestio
1045 5574 1098 5632 in
1130 5582 1252 5655 cod.
1284 5580 1514 5655 Goislin.
1539 5592 1594 5637 ct
1617 5582 1762 5637 Tauo

178 5643 854 5737 rinzﬁrgltacyqu‘tcsti’ti’ne
884 5649 936 5702 in
963 5651 1238 5737 nonnullis
1259 5653 1562 5732 codicibus,
1581 5670 1632 5737 γ.
1660 5672 1765 5722 gr.,

187 5712 447 5772 Vaticano
469 5712 593 5785 450,
621 5718 659 5772 f.
695 5719 797 5774 155
813 5736 866 5785 a,
894 5735 1022 5795 pars
1046 5720 1293 5790 quaedam
1317 5712 1768 5787 seorsiutdcscri;

1864 5173 1955 5233 pta
1984 5170 2068 5217 est
2084 5160 2187 5233 sub
2221 5158 2412 5233 titulo:
2443 5155 2600 5218 Τίνος
2614 5154 2775 5233 χάριν
2801 5150 3004 5233 τίθεται
3029 5148 3090 5233 τρ
3115 5145 3444 5233 Εὖαγγὲλιον

1863 5215 2181 5304 ἑῇᾌέέωλῖδ
2216 5215 2813 5304 τοῦλχειροτονοδμξνοπυ
2836 5221 2983 5304 ς-ρως
3029 5215 3450 5304 Ευρριρείίιιηξιίη

1865 5283 2724 5372 ordinandi“imponam}?
2752 5283 3058 5372 dum"):
3100 5283 3450 5372 lii-Priami“-

1868 5355 2082 5428 teiaria:
2113 5373 2433 5438 scriptores,
2453 5355 2582 5422 dum
2614 5364 2944 5438 peculiarem
2996 5357 3174 5412 Photii
3225 5355 3446 5438 librum,

1953 5421 2436 5512 Ἇὶιῖρῐιῖῐοὲδίἀίιίἐ
2458 5421 3198 5512 quaestionibus-diversum,
3208 5493 3218 5512 ε
3232 5421 3451 5512 hacde

1868 5493 1933 5568 ἦ
1960 5493 2425 5568 ὲόῆἷῐὶιειίιοι-ιιιιῑ,
2443 5493 2582 5576 Aug.
2618 5504 2755 5576 MA].
2776 5532 2855 5576 __—
2872 5499 2996 5576 Haec
3031 5493 3258 5576 quaestio
3285 5504 3449 5576 quam

1875 5559 1935 5637 tit
2443 5559 2582 5646 Ᾰιιξ,
2617 5571 2718 5628 Μιιί
2746 5573 2883 5646 (Yet.
2925 5559 3125 5646 Script.
3145 5579 3274 5646 non.
3297 5559 3446 5646 cpiti,

1877 5664 1914 5708 ι.
1946 5652 2040 5716 IX,
2061 5637 2347 5718 102,105),
2372 5663 2498 5718 pars
2511 5637 2602 5718 est
2619 5637 2888 5714 posterior
2905 5637 3183 5707 vigesima:
3204 5637 3448 5700 septima:

1876 5741 1906 5780 a
1947 5723 2135 5780 \Vollio
2165 5719 2458 5777 cditarum.
2487 5717 2641 5771 Eutr.
