  <div class='ocr_page' id='page_1' title='image "/cluster/home/n/w/nwhite01/storage/ocr_20150623/101 pt.1/mdp.39015061955830/451.png"; bbox 0 0 3828 6202; ppageno 0'>
   <div class='ocr_carea' id='block_1_1' title="bbox 431 243 538 304">
    <p class='ocr_par' dir='ltr' id='par_1_1' title="bbox 431 243 538 304">
     <span class='ocr_line' id='line_1_1' title="bbox 431 243 538 304; baseline 0.019 -2"><span class='ocrx_word' id='word_1_1' title='bbox 431 243 538 304; x_wconf 82' lang='grc'>855</span> 
     </span>
    </p>
   </div>
   <div class='ocr_carea' id='block_1_2' title="bbox 1586 234 3621 312">
    <p class='ocr_par' dir='ltr' id='par_1_2' title="bbox 1586 234 3621 312">
     <span class='ocr_line' id='line_1_2' title="bbox 1586 234 3621 312; baseline -0.008 -14"><span class='ocrx_word' id='word_1_2' title='bbox 1586 236 1851 299; x_wconf 86' lang='grc' dir='ltr'><strong>ΡΗΟΤΙΙ</strong></span> <span class='ocrx_word' id='word_1_3' title='bbox 1888 236 2394 312; x_wconf 71' lang='grc' dir='ltr'><strong>ΡᾼΤΒΙΑΗΟΗᾹΞ</strong></span> <span class='ocrx_word' id='word_1_4' title='bbox 2420 239 2530 300; x_wconf 93' lang='lat' dir='ltr'><strong>CP.</strong></span> <span class='ocrx_word' id='word_1_5' title='bbox 2702 234 2718 248; x_wconf 85' lang='grc'>⁶</span> <span class='ocrx_word' id='word_1_6' title='bbox 3537 247 3621 312; x_wconf 61' lang='grc' dir='ltr'><strong>δδς</strong></span> 
     </span>
    </p>
   </div>
   <div class='ocr_carea' id='block_1_3' title="bbox 434 312 2020 430">
    <p class='ocr_par' dir='ltr' id='par_1_3' title="bbox 434 349 2007 425">
     <span class='ocr_line' id='line_1_3' title="bbox 434 349 2007 425; baseline -0.003 -15"><span class='ocrx_word' id='word_1_7' title='bbox 434 355 634 421; x_wconf 78' lang='lat' dir='ltr'><strong>fectus,</strong></span> <span class='ocrx_word' id='word_1_8' title='bbox 681 368 846 425; x_wconf 87' lang='lat' dir='ltr'><strong>super</strong></span> <span class='ocrx_word' id='word_1_9' title='bbox 883 352 1061 424; x_wconf 86' lang='lat' dir='ltr'><strong>capite</strong></span> <span class='ocrx_word' id='word_1_10' title='bbox 1094 359 1416 424; x_wconf 88' lang='lat' dir='ltr'><strong>potestatem</strong></span> <span class='ocrx_word' id='word_1_11' title='bbox 1461 349 1666 406; x_wconf 86' lang='lat' dir='ltr'><strong>habere</strong></span> <span class='ocrx_word' id='word_1_12' title='bbox 1703 350 2007 422; x_wconf 87' lang='lat' dir='ltr'><strong>oportebat,</strong></span> 
     </span>
    </p>
   </div>
   <div class='ocr_carea' id='block_1_4' title="bbox 2127 312 3622 430">
    <p class='ocr_par' dir='ltr' id='par_1_4' title="bbox 2127 352 3622 430">
     <span class='ocr_line' id='line_1_4' title="bbox 2127 352 3622 430; baseline 0.008 -26"><span class='ocrx_word' id='word_1_13' title='bbox 2127 352 2349 424; x_wconf 81' lang='grc' dir='ltr'>ιεφαλῆς</span> <span class='ocrx_word' id='word_1_14' title='bbox 2394 352 2658 423; x_wconf 76' lang='grc' dir='ltr'>ἔχειντὴν</span> <span class='ocrx_word' id='word_1_15' title='bbox 2695 352 2945 418; x_wconf 77' lang='grc' dir='ltr'><strong>ἐξουσίαν</strong></span> <span class='ocrx_word' id='word_1_16' title='bbox 2995 353 3105 424; x_wconf 86' lang='lat' dir='ltr'><strong>(I0)</strong></span> <span class='ocrx_word' id='word_1_17' title='bbox 3136 354 3262 418; x_wconf 78' lang='grc' dir='ltr'>ἔδει,</span> <span class='ocrx_word' id='word_1_18' title='bbox 3316 357 3400 410; x_wconf 82' lang='grc' dir='ltr'>καὶ</span> <span class='ocrx_word' id='word_1_19' title='bbox 3441 357 3622 430; x_wconf 69' lang='grc' dir='ltr'>εἰδέναι,</span> 
     </span>
    </p>
   </div>
   <div class='ocr_carea' id='block_1_5' title="bbox 433 443 2012 517">
    <p class='ocr_par' dir='ltr' id='par_1_5' title="bbox 433 443 2012 517">
     <span class='ocr_line' id='line_1_5' title="bbox 433 443 2012 517; baseline -0.001 -16"><span class='ocrx_word' id='word_1_20' title='bbox 433 457 595 517; x_wconf 85' lang='lat' dir='ltr'><strong>atque</strong></span> <span class='ocrx_word' id='word_1_21' title='bbox 628 445 754 500; x_wconf 88' lang='lat' dir='ltr'><strong>inde</strong></span> <span class='ocrx_word' id='word_1_22' title='bbox 797 445 1070 515; x_wconf 74' lang='lat' dir='ltr'><strong>colligere,</strong></span> <span class='ocrx_word' id='word_1_23' title='bbox 1102 445 1271 515; x_wconf 87' lang='lat' dir='ltr'><strong>quod,</strong></span> <span class='ocrx_word' id='word_1_24' title='bbox 1295 443 1546 515; x_wconf 84' lang='lat' dir='ltr'><strong>quamvis</strong></span> <span class='ocrx_word' id='word_1_25' title='bbox 1579 445 1756 514; x_wconf 86' lang='lat' dir='ltr'><strong>capite</strong></span> <span class='ocrx_word' id='word_1_26' title='bbox 1795 443 2012 499; x_wconf 81' lang='lat' dir='ltr'><strong>caeteris</strong></span> 
     </span>
    </p>
   </div>
   <div class='ocr_carea' id='block_1_6' title="bbox 434 536 2015 606">
    <p class='ocr_par' dir='ltr' id='par_1_6' title="bbox 434 536 2015 606">
     <span class='ocr_line' id='line_1_6' title="bbox 434 536 2015 606; baseline -0.003 -12"><span class='ocrx_word' id='word_1_27' title='bbox 434 539 694 603; x_wconf 80' lang='lat' dir='ltr'><strong>emineat,</strong></span> <span class='ocrx_word' id='word_1_28' title='bbox 729 539 843 606; x_wconf 87' lang='lat' dir='ltr'><strong>ipse</strong></span> <span class='ocrx_word' id='word_1_29' title='bbox 875 547 1056 592; x_wconf 88' lang='lat' dir='ltr'><strong>tamen</strong></span> <span class='ocrx_word' id='word_1_30' title='bbox 1091 537 1195 592; x_wconf 85' lang='lat' dir='ltr'><strong>sub</strong></span> <span class='ocrx_word' id='word_1_31' title='bbox 1242 537 1440 606; x_wconf 91' lang='lat' dir='ltr'><strong>capite,</strong></span> <span class='ocrx_word' id='word_1_32' title='bbox 1489 536 1769 592; x_wconf 91' lang='lat' dir='ltr'><strong>communi</strong></span> <span class='ocrx_word' id='word_1_33' title='bbox 1805 536 2015 590; x_wconf 76' lang='lat' dir='ltr'><strong>scilicet</strong></span> 
     </span>
    </p>
   </div>
   <div class='ocr_carea' id='block_1_7' title="bbox 435 626 2010 698">
    <p class='ocr_par' dir='ltr' id='par_1_7' title="bbox 435 626 2010 698">
     <span class='ocr_line' id='line_1_7' title="bbox 435 626 2010 698; baseline -0.003 -12"><span class='ocrx_word' id='word_1_34' title='bbox 435 630 682 686; x_wconf 91' lang='lat' dir='ltr'><strong>omnium</strong></span> <span class='ocrx_word' id='word_1_35' title='bbox 724 629 955 684; x_wconf 89' lang='lat' dir='ltr'><strong>Domino</strong></span> <span class='ocrx_word' id='word_1_36' title='bbox 1007 638 1062 683; x_wconf 91' lang='lat' dir='ltr'><strong>et</strong></span> <span class='ocrx_word' id='word_1_37' title='bbox 1115 628 1481 698; x_wconf 81' lang='lat' dir='ltr'><strong>imperatore,</strong></span> <span class='ocrx_word' id='word_1_38' title='bbox 1537 630 1608 682; x_wconf 86' lang='lat' dir='ltr'><strong>sit</strong></span> <span class='ocrx_word' id='word_1_39' title='bbox 1657 626 2010 682; x_wconf 89' lang='lat' dir='ltr'><strong>constitutus.</strong></span> 
     </span>
    </p>
   </div>
   <div class='ocr_carea' id='block_1_8' title="bbox 437 718 2008 792">
    <p class='ocr_par' dir='ltr' id='par_1_8' title="bbox 437 718 2008 792">
     <span class='ocr_line' id='line_1_8' title="bbox 437 718 2008 792; baseline -0.003 -15"><span class='ocrx_word' id='word_1_40' title='bbox 437 721 726 792; x_wconf 90' lang='lat' dir='ltr'><strong>Imperium</strong></span> <span class='ocrx_word' id='word_1_41' title='bbox 753 722 902 784; x_wconf 83' lang='lat' dir='ltr'><strong>enim</strong></span> <span class='ocrx_word' id='word_1_42' title='bbox 933 720 1152 789; x_wconf 85' lang='lat' dir='ltr'><strong>penitus</strong></span> <span class='ocrx_word' id='word_1_43' title='bbox 1180 721 1408 775; x_wconf 90' lang='lat' dir='ltr'><strong>liberum</strong></span> <span class='ocrx_word' id='word_1_44' title='bbox 1437 729 1490 774; x_wconf 93' lang='lat' dir='ltr'><strong>et</strong></span> <span class='ocrx_word' id='word_1_45' title='bbox 1524 718 1733 789; x_wconf 84' lang='lat' dir='ltr'><strong>legibus</strong></span> <span class='ocrx_word' id='word_1_46' title='bbox 1767 718 2008 774; x_wconf 89' lang='lat' dir='ltr'><strong>solutum</strong></span> 
     </span>
    </p>
   </div>
   <div class='ocr_carea' id='block_1_9' title="bbox 435 810 2014 884">
    <p class='ocr_par' dir='ltr' id='par_1_9' title="bbox 435 810 2014 884">
     <span class='ocr_line' id='line_1_9' title="bbox 435 810 2014 884; baseline -0.001 -17"><span class='ocrx_word' id='word_1_47' title='bbox 435 829 600 884; x_wconf 78' lang='lat' dir='ltr'><strong>grave</strong></span> <span class='ocrx_word' id='word_1_48' title='bbox 638 823 742 877; x_wconf 89' lang='lat' dir='ltr'><strong>est,</strong></span> <span class='ocrx_word' id='word_1_49' title='bbox 770 824 823 868; x_wconf 88' lang='lat' dir='ltr'><strong>et</strong></span> <span class='ocrx_word' id='word_1_50' title='bbox 851 813 982 867; x_wconf 72' lang='lat' dir='ltr'><strong>ferri</strong></span> <span class='ocrx_word' id='word_1_51' title='bbox 1011 814 1100 868; x_wconf 77' lang='lat' dir='ltr'><strong>vix</strong></span> <span class='ocrx_word' id='word_1_52' title='bbox 1131 822 1328 882; x_wconf 84' lang='lat' dir='ltr'><strong>potest.</strong></span> <span class='ocrx_word' id='word_1_53' title='bbox 1358 811 1650 880; x_wconf 82' lang='lat' dir='ltr'><strong>Propterea</strong></span> <span class='ocrx_word' id='word_1_54' title='bbox 1679 820 1732 866; x_wconf 91' lang='lat' dir='ltr'><strong>et</strong></span> <span class='ocrx_word' id='word_1_55' title='bbox 1765 812 1819 866; x_wconf 90' lang='lat' dir='ltr'><strong>in</strong></span> <span class='ocrx_word' id='word_1_56' title='bbox 1861 810 2014 866; x_wconf 81' lang='lat' dir='ltr'><strong>Novo</strong></span> 
     </span>
    </p>
   </div>
   <div class='ocr_carea' id='block_1_10' title="bbox 437 899 2013 981">
    <p class='ocr_par' dir='ltr' id='par_1_10' title="bbox 437 899 2013 981">
     <span class='ocr_line' id='line_1_10' title="bbox 437 899 2013 981; baseline -0.007 -18"><span class='ocrx_word' id='word_1_57' title='bbox 437 905 794 963; x_wconf 88' lang='lat' dir='ltr'><strong>Testamento</strong></span> <span class='ocrx_word' id='word_1_58' title='bbox 832 903 928 967; x_wconf 89' lang='lat' dir='ltr'><strong>illi,</strong></span> <span class='ocrx_word' id='word_1_59' title='bbox 970 903 1073 981; x_wconf 67' lang='lat' dir='ltr'><strong>qui</strong></span> <span class='ocrx_word' id='word_1_60' title='bbox 1098 901 1402 956; x_wconf 89' lang='lat' dir='ltr'><strong>sacerdotio</strong></span> <span class='ocrx_word' id='word_1_61' title='bbox 1429 914 1646 955; x_wconf 90' lang='lat' dir='ltr'><strong>summo</strong></span> <span class='ocrx_word' id='word_1_62' title='bbox 1676 899 2013 970; x_wconf 85' lang='lat' dir='ltr'><strong>inauguran-</strong></span> 
     </span>
    </p>
   </div>
   <div class='ocr_carea' id='block_1_11' title="bbox 438 991 2014 1067">
    <p class='ocr_par' dir='ltr' id='par_1_11' title="bbox 438 991 2014 1067">
     <span class='ocr_line' id='line_1_11' title="bbox 438 991 2014 1067; baseline -0.005 -16"><span class='ocrx_word' id='word_1_63' title='bbox 438 1007 548 1061; x_wconf 93' lang='lat' dir='ltr'><strong>tur,</strong></span> <span class='ocrx_word' id='word_1_64' title='bbox 582 996 859 1067; x_wconf 88' lang='lat' dir='ltr'><strong>Evangelii</strong></span> <span class='ocrx_word' id='word_1_65' title='bbox 892 996 1091 1049; x_wconf 89' lang='lat' dir='ltr'><strong>librum</strong></span> <span class='ocrx_word' id='word_1_66' title='bbox 1130 993 1292 1061; x_wconf 91' lang='lat' dir='ltr'><strong>capiti</strong></span> <span class='ocrx_word' id='word_1_67' title='bbox 1338 991 1657 1061; x_wconf 89' lang='lat' dir='ltr'><strong>impositum</strong></span> <span class='ocrx_word' id='word_1_68' title='bbox 1700 991 1923 1054; x_wconf 89' lang='lat' dir='ltr'><strong>habent,</strong></span> <span class='ocrx_word' id='word_1_69' title='bbox 1957 998 2014 1044; x_wconf 92' lang='lat' dir='ltr'><strong>ut</strong></span> 
     </span>
    </p>
   </div>
   <div class='ocr_carea' id='block_1_12' title="bbox 437 1081 2014 1151">
    <p class='ocr_par' dir='ltr' id='par_1_12' title="bbox 437 1081 2014 1151">
     <span class='ocr_line' id='line_1_12' title="bbox 437 1081 2014 1151; baseline -0.005 -10"><span class='ocrx_word' id='word_1_70' title='bbox 437 1087 616 1142; x_wconf 81' lang='lat' dir='ltr'><strong>cilicio</strong></span> <span class='ocrx_word' id='word_1_71' title='bbox 650 1087 779 1142; x_wconf 90' lang='lat' dir='ltr'><strong>huic</strong></span> <span class='ocrx_word' id='word_1_72' title='bbox 811 1085 1059 1140; x_wconf 87' lang='lat' dir='ltr'><strong>initiatus</strong></span> <span class='ocrx_word' id='word_1_73' title='bbox 1102 1083 1389 1151; x_wconf 77' lang='lat' dir='ltr'><strong>intelligat,</strong></span> <span class='ocrx_word' id='word_1_74' title='bbox 1423 1097 1484 1138; x_wconf 91' lang='lat' dir='ltr'><strong>se</strong></span> <span class='ocrx_word' id='word_1_75' title='bbox 1515 1098 1700 1138; x_wconf 83' lang='lat' dir='ltr'><strong>veram</strong></span> <span class='ocrx_word' id='word_1_76' title='bbox 1738 1081 2014 1151; x_wconf 77' lang='lat' dir='ltr'><strong>Evangelii</strong></span> 
     </span>
    </p>
   </div>
   <div class='ocr_carea' id='block_1_13' title="bbox 440 1171 2015 1243">
    <p class='ocr_par' dir='ltr' id='par_1_13' title="bbox 440 1171 2015 1243">
     <span class='ocr_line' id='line_1_13' title="bbox 440 1171 2015 1243; baseline -0.003 -15"><span class='ocrx_word' id='word_1_77' title='bbox 440 1176 632 1229; x_wconf 85' lang='lat' dir='ltr'><strong>tiaram</strong></span> <span class='ocrx_word' id='word_1_78' title='bbox 663 1175 961 1243; x_wconf 85' lang='lat' dir='ltr'><strong>accepisse,</strong></span> <span class='ocrx_word' id='word_1_79' title='bbox 994 1187 1180 1242; x_wconf 85' lang='lat' dir='ltr'><strong>seque.</strong></span> <span class='ocrx_word' id='word_1_80' title='bbox 1212 1171 1428 1226; x_wconf 89' lang='lat' dir='ltr'><strong>etiamsi</strong></span> <span class='ocrx_word' id='word_1_81' title='bbox 1467 1172 1698 1226; x_wconf 87' lang='lat' dir='ltr'><strong>aliorum</strong></span> <span class='ocrx_word' id='word_1_82' title='bbox 1731 1181 1896 1240; x_wconf 87' lang='lat' dir='ltr'><strong>caput</strong></span> <span class='ocrx_word' id='word_1_83' title='bbox 1928 1184 2015 1225; x_wconf 89' lang='lat' dir='ltr'><strong>sa-</strong></span> 
     </span>
    </p>
   </div>
   <div class='ocr_carea' id='block_1_14' title="bbox 438 1263 2015 1332">
    <p class='ocr_par' dir='ltr' id='par_1_14' title="bbox 438 1263 2015 1332">
     <span class='ocr_line' id='line_1_14' title="bbox 438 1263 2015 1332; baseline -0.003 -11"><span class='ocrx_word' id='word_1_84' title='bbox 438 1283 533 1321; x_wconf 90' lang='lat' dir='ltr'><strong>cro</strong></span> <span class='ocrx_word' id='word_1_85' title='bbox 582 1269 688 1320; x_wconf 88' lang='lat' dir='ltr'><strong>ritu</strong></span> <span class='ocrx_word' id='word_1_86' title='bbox 744 1267 815 1319; x_wconf 90' lang='lat' dir='ltr'><strong>sit</strong></span> <span class='ocrx_word' id='word_1_87' title='bbox 876 1265 1230 1331; x_wconf 85' lang='lat' dir='ltr'><strong>constitutus,</strong></span> <span class='ocrx_word' id='word_1_88' title='bbox 1288 1265 1373 1319; x_wconf 85' lang='lat' dir='ltr'><strong>vel</strong></span> <span class='ocrx_word' id='word_1_89' title='bbox 1423 1264 1502 1318; x_wconf 84' lang='lat' dir='ltr'><strong>sic</strong></span> <span class='ocrx_word' id='word_1_90' title='bbox 1557 1275 1738 1318; x_wconf 79' lang='lat' dir='ltr'><strong>tamen</strong></span> <span class='ocrx_word' id='word_1_91' title='bbox 1804 1263 2015 1332; x_wconf 81' lang='lat' dir='ltr'><strong>legibus</strong></span> 
     </span>
    </p>
   </div>
   <div class='ocr_carea' id='block_1_15' title="bbox 438 1353 2014 1426">
    <p class='ocr_par' dir='ltr' id='par_1_15' title="bbox 438 1353 2014 1426">
     <span class='ocr_line' id='line_1_15' title="bbox 438 1353 2014 1426; baseline -0.002 -15"><span class='ocrx_word' id='word_1_92' title='bbox 438 1357 629 1411; x_wconf 81' lang='lat' dir='ltr'><strong>iisdem</strong></span> <span class='ocrx_word' id='word_1_93' title='bbox 679 1357 982 1425; x_wconf 82' lang='lat' dir='ltr'><strong>subjectum</strong></span> <span class='ocrx_word' id='word_1_94' title='bbox 1030 1371 1172 1420; x_wconf 87' lang='lat' dir='ltr'><strong>esse,</strong></span> <span class='ocrx_word' id='word_1_95' title='bbox 1209 1355 1445 1424; x_wconf 87' lang='lat' dir='ltr'><strong>aliisque</strong></span> <span class='ocrx_word' id='word_1_96' title='bbox 1488 1356 1844 1426; x_wconf 86' lang='lat' dir='ltr'><strong>imperantem</strong></span> <span class='ocrx_word' id='word_1_97' title='bbox 1876 1353 2014 1423; x_wconf 90' lang='lat' dir='ltr'><strong>legis</strong></span> 
     </span>
    </p>
   </div>
   <div class='ocr_carea' id='block_1_16' title="bbox 437 1443 2016 1516">
    <p class='ocr_par' dir='ltr' id='par_1_16' title="bbox 437 1443 2016 1516">
     <span class='ocr_line' id='line_1_16' title="bbox 437 1443 2016 1516; baseline -0.001 -15"><span class='ocrx_word' id='word_1_98' title='bbox 437 1447 668 1516; x_wconf 90' lang='lat' dir='ltr'><strong>imperio</strong></span> <span class='ocrx_word' id='word_1_99' title='bbox 708 1447 900 1502; x_wconf 89' lang='lat' dir='ltr'><strong>teneri.</strong></span> <span class='ocrx_word' id='word_1_100' title='bbox 933 1446 1124 1516; x_wconf 82' lang='lat' dir='ltr'><strong>Itaque</strong></span> <span class='ocrx_word' id='word_1_101' title='bbox 1167 1448 1300 1500; x_wconf 85' lang='lat' dir='ltr'><strong>tiara</strong></span> <span class='ocrx_word' id='word_1_102' title='bbox 1332 1446 1420 1500; x_wconf 88' lang='lat' dir='ltr'><strong>illa</strong></span> <span class='ocrx_word' id='word_1_103' title='bbox 1451 1453 1768 1516; x_wconf 85' lang='lat' dir='ltr'><strong>potestatem</strong></span> <span class='ocrx_word' id='word_1_104' title='bbox 1804 1443 2016 1514; x_wconf 81' lang='lat' dir='ltr'><strong>signiﬁ-</strong></span> 
     </span>
    </p>
   </div>
   <div class='ocr_carea' id='block_1_17' title="bbox 436 1531 2014 1608">
    <p class='ocr_par' dir='ltr' id='par_1_17' title="bbox 436 1531 2014 1608">
     <span class='ocr_line' id='line_1_17' title="bbox 436 1531 2014 1608; baseline -0.003 -17"><span class='ocrx_word' id='word_1_105' title='bbox 436 1539 615 1603; x_wconf 86' lang='lat' dir='ltr'><strong>cahat,</strong></span> <span class='ocrx_word' id='word_1_106' title='bbox 649 1547 781 1601; x_wconf 88' lang='lat' dir='ltr'><strong>tum,</strong></span> <span class='ocrx_word' id='word_1_107' title='bbox 831 1552 995 1608; x_wconf 88' lang='lat' dir='ltr'><strong>quam</strong></span> <span class='ocrx_word' id='word_1_108' title='bbox 1037 1537 1089 1590; x_wconf 90' lang='lat' dir='ltr'><strong>in</strong></span> <span class='ocrx_word' id='word_1_109' title='bbox 1141 1537 1401 1606; x_wconf 87' lang='lat' dir='ltr'><strong>populum</strong></span> <span class='ocrx_word' id='word_1_110' title='bbox 1453 1535 1706 1599; x_wconf 84' lang='lat' dir='ltr'><strong>habebat,</strong></span> <span class='ocrx_word' id='word_1_111' title='bbox 1755 1543 1889 1595; x_wconf 92' lang='lat' dir='ltr'><strong>tum,</strong></span> <span class='ocrx_word' id='word_1_112' title='bbox 1927 1531 2014 1587; x_wconf 89' lang='lat' dir='ltr'><strong>cui</strong></span> 
     </span>
    </p>
   </div>
   <div class='ocr_carea' id='block_1_18' title="bbox 437 1626 2013 1700">
    <p class='ocr_par' dir='ltr' id='par_1_18' title="bbox 437 1626 2013 1700">
     <span class='ocr_line' id='line_1_18' title="bbox 437 1626 2013 1700; baseline -0.002 -18"><span class='ocrx_word' id='word_1_113' title='bbox 437 1630 552 1700; x_wconf 84' lang='lat' dir='ltr'><strong>ipse</strong></span> <span class='ocrx_word' id='word_1_114' title='bbox 580 1629 844 1685; x_wconf 89' lang='lat' dir='ltr'><strong>adversus</strong></span> <span class='ocrx_word' id='word_1_115' title='bbox 877 1628 1045 1684; x_wconf 88' lang='lat' dir='ltr'><strong>Deum</strong></span> <span class='ocrx_word' id='word_1_116' title='bbox 1077 1638 1197 1684; x_wconf 85' lang='lat' dir='ltr'><strong>erat</strong></span> <span class='ocrx_word' id='word_1_117' title='bbox 1244 1628 1548 1698; x_wconf 83' lang='lat' dir='ltr'><strong>subjectus.</strong></span> <span class='ocrx_word' id='word_1_118' title='bbox 1593 1627 1764 1681; x_wconf 84' lang='lat' dir='ltr'><strong>Porro</strong></span> <span class='ocrx_word' id='word_1_119' title='bbox 1796 1626 2013 1680; x_wconf 87' lang='lat' dir='ltr'><strong>bractea</strong></span> 
     </span>
    </p>
   </div>
   <div class='ocr_carea' id='block_1_19' title="bbox 2114 443 3623 514">
    <p class='ocr_par' dir='ltr' id='par_1_19' title="bbox 2114 443 3623 514">
     <span class='ocr_line' id='line_1_19' title="bbox 2114 443 3623 514; baseline 0.005 -18"><span class='ocrx_word' id='word_1_120' title='bbox 2114 445 2196 497; x_wconf 85' lang='grc' dir='ltr'>ὃτι</span> <span class='ocrx_word' id='word_1_121' title='bbox 2227 444 2432 513; x_wconf 80' lang='grc' dir='ltr'>κεφαλῇ</span> <span class='ocrx_word' id='word_1_122' title='bbox 2462 446 2570 497; x_wconf 85' lang='grc' dir='ltr'>τῶν</span> <span class='ocrx_word' id='word_1_123' title='bbox 2597 443 2772 498; x_wconf 75' lang='grc' dir='ltr'>ἄλλων</span> <span class='ocrx_word' id='word_1_124' title='bbox 2797 445 3232 514; x_wconf 87' lang='grc' dir='ltr'>προϐαλλόμενος</span> <span class='ocrx_word' id='word_1_125' title='bbox 3267 446 3357 498; x_wconf 56' lang='grc' dir='ltr'><strong>καὶ⁸</strong></span> <span class='ocrx_word' id='word_1_126' title='bbox 3377 447 3516 513; x_wconf 75' lang='grc' dir='ltr'>αὐτὸς</span> <span class='ocrx_word' id='word_1_127' title='bbox 3540 451 3623 506; x_wconf 62' lang='grc' dir='ltr'><strong>ὑπὸ</strong></span> 
     </span>
    </p>
   </div>
   <div class='ocr_carea' id='block_1_20' title="bbox 2114 536 3628 609">
    <p class='ocr_par' dir='ltr' id='par_1_20' title="bbox 2114 536 3628 609">
     <span class='ocr_line' id='line_1_20' title="bbox 2114 536 3628 609; baseline 0.003 -19"><span class='ocrx_word' id='word_1_128' title='bbox 2114 536 2355 609; x_wconf 81' lang='grc' dir='ltr'>κεφαλὴν</span> <span class='ocrx_word' id='word_1_129' title='bbox 2383 539 2498 590; x_wconf 81' lang='grc' dir='ltr'>ἐστι</span> <span class='ocrx_word' id='word_1_130' title='bbox 2522 537 2614 591; x_wconf 81' lang='grc' dir='ltr'>τὸν</span> <span class='ocrx_word' id='word_1_131' title='bbox 2635 537 2815 591; x_wconf 71' lang='grc' dir='ltr'>κοινὸν</span> <span class='ocrx_word' id='word_1_132' title='bbox 2840 537 3095 592; x_wconf 84' lang='grc' dir='ltr'>ἀπάντων</span> <span class='ocrx_word' id='word_1_133' title='bbox 3112 537 3378 609; x_wconf 81' lang='grc' dir='ltr'>Δεσπότην</span> <span class='ocrx_word' id='word_1_134' title='bbox 3392 542 3479 594; x_wconf 67' lang='grc' dir='ltr'>καὶ</span> <span class='ocrx_word' id='word_1_135' title='bbox 3501 542 3628 607; x_wconf 73' lang='grc' dir='ltr'><strong>ἐξου-</strong></span> 
     </span>
    </p>
   </div>
   <div class='ocr_carea' id='block_1_21' title="bbox 2117 627 3630 705">
    <p class='ocr_par' dir='ltr' id='par_1_21' title="bbox 2117 627 3630 705">
     <span class='ocr_line' id='line_1_21' title="bbox 2117 627 3630 705; baseline 0.007 -25"><span class='ocrx_word' id='word_1_136' title='bbox 2117 628 2366 698; x_wconf 87' lang='grc' dir='ltr'>σιαστήν.</span> <span class='ocrx_word' id='word_1_137' title='bbox 2407 628 2813 698; x_wconf 85' lang='grc' dir='ltr'>Ἀπολελυμένη</span> <span class='ocrx_word' id='word_1_138' title='bbox 2830 627 2940 699; x_wconf 81' lang='grc' dir='ltr'><strong>γὰρ</strong></span> <span class='ocrx_word' id='word_1_139' title='bbox 2957 628 3243 682; x_wconf 88' lang='grc' dir='ltr'>αὐθεντεία</span> <span class='ocrx_word' id='word_1_140' title='bbox 3266 633 3356 684; x_wconf 76' lang='grc' dir='ltr'>καὶ</span> <span class='ocrx_word' id='word_1_141' title='bbox 3380 633 3630 705; x_wconf 76' lang='grc' dir='ltr'>αὐτόνομος</span> 
     </span>
    </p>
   </div>
   <div class='ocr_carea' id='block_1_22' title="bbox 2113 718 3632 798">
    <p class='ocr_par' dir='ltr' id='par_1_22' title="bbox 2113 718 3632 798">
     <span class='ocr_line' id='line_1_22' title="bbox 2113 718 3632 798; baseline 0.005 -26"><span class='ocrx_word' id='word_1_142' title='bbox 2113 718 2387 789; x_wconf 81' lang='grc' dir='ltr'>ἁφόρητός</span> <span class='ocrx_word' id='word_1_143' title='bbox 2405 719 2516 788; x_wconf 86' lang='lat' dir='ltr'><strong>(II)</strong></span> <span class='ocrx_word' id='word_1_144' title='bbox 2549 720 2696 772; x_wconf 78' lang='grc' dir='ltr'>ἐστιν</span> <span class='ocrx_word' id='word_1_145' title='bbox 2718 721 2811 773; x_wconf 77' lang='grc' dir='ltr'>καὶ</span> <span class='ocrx_word' id='word_1_146' title='bbox 2839 719 3072 790; x_wconf 85' lang='grc' dir='ltr'>χαλεπή.</span> <span class='ocrx_word' id='word_1_147' title='bbox 3101 723 3200 774; x_wconf 87' lang='grc' dir='ltr'>Διά</span> <span class='ocrx_word' id='word_1_148' title='bbox 3229 721 3378 776; x_wconf 89' lang='grc' dir='ltr'>τοῦτο</span> <span class='ocrx_word' id='word_1_149' title='bbox 3404 726 3487 778; x_wconf 77' lang='grc' dir='ltr'>καὶ</span> <span class='ocrx_word' id='word_1_150' title='bbox 3505 727 3554 780; x_wconf 77' lang='grc' dir='ltr'>ὲν</span> <span class='ocrx_word' id='word_1_151' title='bbox 3580 731 3632 798; x_wconf 80' lang='grc' dir='ltr'><strong>τῇ</strong></span> 
     </span>
    </p>
   </div>
   <div class='ocr_carea' id='block_1_23' title="bbox 2115 809 3634 882">
    <p class='ocr_par' dir='ltr' id='par_1_23' title="bbox 2115 809 3634 882">
     <span class='ocr_line' id='line_1_23' title="bbox 2115 809 3634 882; baseline 0.005 -20"><span class='ocrx_word' id='word_1_152' title='bbox 2115 810 2300 880; x_wconf 84' lang='grc' dir='ltr'>χάριτι</span> <span class='ocrx_word' id='word_1_153' title='bbox 2333 811 2382 862; x_wconf 75' lang='lat' dir='ltr'><strong>oi</strong></span> <span class='ocrx_word' id='word_1_154' title='bbox 2421 809 2833 880; x_wconf 87' lang='grc' dir='ltr'>ἀρχιερατεύειν</span> <span class='ocrx_word' id='word_1_155' title='bbox 2876 809 3214 880; x_wconf 79' lang='grc' dir='ltr'><strong>τελούμενοι,</strong></span> <span class='ocrx_word' id='word_1_156' title='bbox 3249 811 3309 866; x_wconf 79' lang='grc' dir='ltr'>τὸ</span> <span class='ocrx_word' id='word_1_157' title='bbox 3351 813 3634 882; x_wconf 79' lang='grc' dir='ltr'>Εὑαγγέλιον</span> 
     </span>
    </p>
   </div>
   <div class='ocr_carea' id='block_1_24' title="bbox 2117 899 3636 974">
    <p class='ocr_par' dir='ltr' id='par_1_24' title="bbox 2117 899 3636 974">
     <span class='ocr_line' id='line_1_24' title="bbox 2117 899 3636 974; baseline 0.004 -21"><span class='ocrx_word' id='word_1_158' title='bbox 2117 901 2212 954; x_wconf 76' lang='grc' dir='ltr'><strong>ἐπὶ</strong></span> <span class='ocrx_word' id='word_1_159' title='bbox 2246 900 2486 971; x_wconf 74' lang='grc' dir='ltr'>κεφαλῆς</span> <span class='ocrx_word' id='word_1_160' title='bbox 2513 900 2781 971; x_wconf 86' lang='grc' dir='ltr'>δέχονται,</span> <span class='ocrx_word' id='word_1_161' title='bbox 2812 899 2899 954; x_wconf 84' lang='grc' dir='ltr'><strong>ἴνα</strong></span> <span class='ocrx_word' id='word_1_162' title='bbox 2945 900 3094 972; x_wconf 81' lang='grc' dir='ltr'>μάθῃ</span> <span class='ocrx_word' id='word_1_163' title='bbox 3119 901 3147 952; x_wconf 83' lang='grc' dir='ltr'><strong>ὁ</strong></span> <span class='ocrx_word' id='word_1_164' title='bbox 3191 905 3636 974; x_wconf 77' lang='grc' dir='ltr'><strong>χειροτονούμενος,</strong></span> 
     </span>
    </p>
   </div>
   <div class='ocr_carea' id='block_1_25' title="bbox 2114 991 3620 1066">
    <p class='ocr_par' dir='ltr' id='par_1_25' title="bbox 2114 991 3620 1066">
     <span class='ocr_line' id='line_1_25' title="bbox 2114 991 3620 1066; baseline 0.003 -18"><span class='ocrx_word' id='word_1_165' title='bbox 2114 995 2198 1048; x_wconf 84' lang='grc' dir='ltr'>ὅτι</span> <span class='ocrx_word' id='word_1_166' title='bbox 2229 995 2328 1064; x_wconf 75' lang='grc' dir='ltr'>τὴν</span> <span class='ocrx_word' id='word_1_167' title='bbox 2359 991 2616 1064; x_wconf 79' lang='grc' dir='ltr'>ἀληθινήν</span> <span class='ocrx_word' id='word_1_168' title='bbox 2639 991 2731 1046; x_wconf 90' lang='grc' dir='ltr'><strong>τοῦ</strong></span> <span class='ocrx_word' id='word_1_169' title='bbox 2775 993 3107 1062; x_wconf 84' lang='grc' dir='ltr'>Εύαγγελίου</span> <span class='ocrx_word' id='word_1_170' title='bbox 3149 996 3342 1064; x_wconf 80' lang='grc' dir='ltr'>τιάραν</span> <span class='ocrx_word' id='word_1_171' title='bbox 3386 997 3620 1066; x_wconf 71' lang='grc' dir='ltr'>λαμϐάνει</span> 
     </span>
    </p>
   </div>
   <div class='ocr_carea' id='block_1_26' title="bbox 2115 1082 3638 1158">
    <p class='ocr_par' dir='ltr' id='par_1_26' title="bbox 2115 1082 3638 1158">
     <span class='ocr_line' id='line_1_26' title="bbox 2115 1082 3638 1158; baseline 0.005 -22"><span class='ocrx_word' id='word_1_172' title='bbox 2115 1084 2209 1136; x_wconf 77' lang='grc' dir='ltr'>καὶ</span> <span class='ocrx_word' id='word_1_173' title='bbox 2229 1085 2332 1146; x_wconf 82' lang='grc' dir='ltr'>ὅτι,</span> <span class='ocrx_word' id='word_1_174' title='bbox 2360 1083 2409 1136; x_wconf 88' lang='grc' dir='ltr'><strong>εί</strong></span> <span class='ocrx_word' id='word_1_175' title='bbox 2437 1082 2530 1136; x_wconf 77' lang='grc' dir='ltr'>καὶ</span> <span class='ocrx_word' id='word_1_176' title='bbox 2559 1083 2668 1136; x_wconf 85' lang='grc' dir='ltr'><strong>τῶν</strong></span> <span class='ocrx_word' id='word_1_177' title='bbox 2707 1082 2883 1136; x_wconf 79' lang='grc' dir='ltr'>ἄλλων</span> <span class='ocrx_word' id='word_1_178' title='bbox 2917 1085 3280 1154; x_wconf 76' lang='grc' dir='ltr'>ἱερουργείται</span> <span class='ocrx_word' id='word_1_179' title='bbox 3305 1087 3502 1158; x_wconf 79' lang='grc' dir='ltr'>κεφαλῇ</span> <span class='ocrx_word' id='word_1_180' title='bbox 3523 1090 3638 1155; x_wconf 75' lang='grc' dir='ltr'><strong>(Ιῖ).</strong></span> 
     </span>
    </p>
   </div>
   <div class='ocr_carea' id='block_1_27' title="bbox 2115 1165 3644 1248">
    <p class='ocr_par' dir='ltr' id='par_1_27' title="bbox 2115 1165 3644 1248">
     <span class='ocr_line' id='line_1_27' title="bbox 2115 1165 3644 1248; baseline 0.004 -20"><span class='ocrx_word' id='word_1_181' title='bbox 2115 1173 2229 1228; x_wconf 84' lang='grc' dir='ltr'>ἀλλ’</span> <span class='ocrx_word' id='word_1_182' title='bbox 2262 1170 2354 1228; x_wconf 85' lang='grc' dir='ltr'><strong>οῦν</strong></span> <span class='ocrx_word' id='word_1_183' title='bbox 2395 1175 2688 1238; x_wconf 74' lang='grc' dir='ltr'>καὶάύτὸς</span> <span class='ocrx_word' id='word_1_184' title='bbox 2721 1175 2827 1228; x_wconf 78' lang='grc' dir='ltr'><strong>ὑπὸ</strong></span> <span class='ocrx_word' id='word_1_185' title='bbox 2873 1165 3096 1240; x_wconf 79' lang='grc' dir='ltr'>τούτους</span> <span class='ocrx_word' id='word_1_186' title='bbox 3136 1178 3248 1248; x_wconf 77' lang='grc'><strong>(15)</strong></span> <span class='ocrx_word' id='word_1_187' title='bbox 3295 1177 3513 1231; x_wconf 80' lang='grc' dir='ltr'><strong>τελεῖται</strong></span> <span class='ocrx_word' id='word_1_188' title='bbox 3545 1183 3644 1244; x_wconf 74' lang='grc' dir='ltr'>τοὺς</span> 
     </span>
    </p>
   </div>
   <div class='ocr_carea' id='block_1_28' title="bbox 2118 1265 3644 1342">
    <p class='ocr_par' dir='ltr' id='par_1_28' title="bbox 2118 1265 3644 1342">
     <span class='ocr_line' id='line_1_28' title="bbox 2118 1265 3644 1342; baseline 0.006 -26"><span class='ocrx_word' id='word_1_189' title='bbox 2118 1265 2340 1334; x_wconf 86' lang='grc' dir='ltr'>νόμους,</span> <span class='ocrx_word' id='word_1_190' title='bbox 2363 1267 2458 1319; x_wconf 62' lang='grc' dir='ltr'><strong>καὶ⁹</strong></span> <span class='ocrx_word' id='word_1_191' title='bbox 2489 1266 2598 1320; x_wconf 83' lang='grc' dir='ltr'>τῶν</span> <span class='ocrx_word' id='word_1_192' title='bbox 2618 1266 2792 1320; x_wconf 80' lang='grc' dir='ltr'>ἄλλων</span> <span class='ocrx_word' id='word_1_193' title='bbox 2821 1268 3041 1338; x_wconf 85' lang='grc' dir='ltr'>κρατῶν</span> <span class='ocrx_word' id='word_1_194' title='bbox 3094 1271 3377 1339; x_wconf 87' lang='grc' dir='ltr'>κρατεῖται</span> <span class='ocrx_word' id='word_1_195' title='bbox 3409 1270 3480 1332; x_wconf 80' lang='grc' dir='ltr'>τῷ</span> <span class='ocrx_word' id='word_1_196' title='bbox 3503 1271 3644 1342; x_wconf 82' lang='grc' dir='ltr'>νόμῳ.</span> 
     </span>
    </p>
   </div>
   <div class='ocr_carea' id='block_1_29' title="bbox 2129 1355 3647 1431">
    <p class='ocr_par' dir='ltr' id='par_1_29' title="bbox 2129 1355 3647 1431">
     <span class='ocr_line' id='line_1_29' title="bbox 2129 1355 3647 1431; baseline 0.005 -23"><span class='ocrx_word' id='word_1_197' title='bbox 2129 1355 2268 1409; x_wconf 82' lang='grc' dir='ltr'>Ἀλλ’</span> <span class='ocrx_word' id='word_1_198' title='bbox 2318 1358 2350 1427; x_wconf 86' lang='grc' dir='ltr'><strong>ή</strong></span> <span class='ocrx_word' id='word_1_199' title='bbox 2407 1357 2507 1426; x_wconf 79' lang='grc' dir='ltr'>μὲν</span> <span class='ocrx_word' id='word_1_200' title='bbox 2554 1360 2718 1429; x_wconf 83' lang='grc' dir='ltr'>τιάρα</span> <span class='ocrx_word' id='word_1_201' title='bbox 2771 1359 2870 1431; x_wconf 78' lang='grc' dir='ltr'>τὴν</span> <span class='ocrx_word' id='word_1_202' title='bbox 2921 1359 3172 1426; x_wconf 74' lang='grc' dir='ltr'>ἐξουσίαν</span> <span class='ocrx_word' id='word_1_203' title='bbox 3232 1361 3449 1428; x_wconf 68' lang='grc' dir='ltr'>ἑτύπου,</span> <span class='ocrx_word' id='word_1_204' title='bbox 3496 1363 3555 1428; x_wconf 73' lang='grc' dir='ltr'>ἦν</span> <span class='ocrx_word' id='word_1_205' title='bbox 3599 1381 3647 1416; x_wconf 86' lang='grc' dir='ltr'><strong>τε</strong></span> 
     </span>
    </p>
   </div>
   <div class='ocr_carea' id='block_1_30' title="bbox 2117 1444 3650 1526">
    <p class='ocr_par' dir='ltr' id='par_1_30' title="bbox 2117 1444 3650 1526">
     <span class='ocr_line' id='line_1_30' title="bbox 2117 1444 3650 1526; baseline 0.005 -23"><span class='ocrx_word' id='word_1_206' title='bbox 2117 1449 2279 1511; x_wconf 82' lang='grc' dir='ltr'>αὐτὸς</span> <span class='ocrx_word' id='word_1_207' title='bbox 2337 1444 2482 1520; x_wconf 81' lang='grc' dir='ltr'>εἶχεν</span> <span class='ocrx_word' id='word_1_208' title='bbox 2529 1449 2622 1504; x_wconf 88' lang='grc' dir='ltr'><strong>τοῦ</strong></span> <span class='ocrx_word' id='word_1_209' title='bbox 2658 1450 2810 1516; x_wconf 87' lang='grc' dir='ltr'>λαοῦ,</span> <span class='ocrx_word' id='word_1_210' title='bbox 2851 1453 2944 1505; x_wconf 70' lang='grc' dir='ltr'>καὶ</span> <span class='ocrx_word' id='word_1_211' title='bbox 2981 1452 3075 1521; x_wconf 82' lang='grc' dir='ltr'><strong>ὑφ’</strong></span> <span class='ocrx_word' id='word_1_212' title='bbox 3106 1454 3174 1522; x_wconf 79' lang='grc' dir='ltr'>ἢν</span> <span class='ocrx_word' id='word_1_213' title='bbox 3215 1453 3375 1516; x_wconf 78' lang='grc' dir='ltr'>αὐτὸς</span> <span class='ocrx_word' id='word_1_214' title='bbox 3399 1454 3650 1526; x_wconf 71' lang='grc' dir='ltr'>ἀνεφέρετο</span> 
     </span>
    </p>
   </div>
   <div class='ocr_carea' id='block_1_31' title="bbox 2115 1532 3649 1610">
    <p class='ocr_par' dir='ltr' id='par_1_31' title="bbox 2115 1532 3649 1610">
     <span class='ocr_line' id='line_1_31' title="bbox 2115 1532 3649 1610; baseline 0.004 -22"><span class='ocrx_word' id='word_1_215' title='bbox 2115 1535 2209 1588; x_wconf 92' lang='grc' dir='ltr'><strong>τοῦ</strong></span> <span class='ocrx_word' id='word_1_216' title='bbox 2234 1534 2369 1589; x_wconf 88' lang='grc' dir='ltr'>Θεοῦ</span> <span class='ocrx_word' id='word_1_217' title='bbox 2397 1552 2410 1566; x_wconf 92' lang='grc'><strong>·</strong></span> <span class='ocrx_word' id='word_1_218' title='bbox 2435 1535 2497 1589; x_wconf 80' lang='grc' dir='ltr'><strong>τὺ</strong></span> <span class='ocrx_word' id='word_1_219' title='bbox 2523 1535 2581 1589; x_wconf 82' lang='grc' dir='ltr'>δὲ</span> <span class='ocrx_word' id='word_1_220' title='bbox 2616 1536 2844 1590; x_wconf 81' lang='grc' dir='ltr'>πέταλον</span> <span class='ocrx_word' id='word_1_221' title='bbox 2873 1537 2935 1590; x_wconf 79' lang='grc' dir='ltr'><strong>τὸ</strong></span> <span class='ocrx_word' id='word_1_222' title='bbox 2969 1538 3224 1609; x_wconf 81' lang='grc' dir='ltr'>χρυσοῦν,</span> <span class='ocrx_word' id='word_1_223' title='bbox 3249 1540 3306 1592; x_wconf 78' lang='grc' dir='ltr'>ὲν</span> <span class='ocrx_word' id='word_1_224' title='bbox 3339 1532 3384 1606; x_wconf 81' lang='grc' dir='ltr'>ᾧ</span> <span class='ocrx_word' id='word_1_225' title='bbox 3423 1540 3479 1592; x_wconf 85' lang='grc' dir='ltr'><strong>τδ</strong></span> <span class='ocrx_word' id='word_1_226' title='bbox 3507 1542 3649 1610; x_wconf 74' lang='grc' dir='ltr'>ὄνομα</span> 
     </span>
    </p>
   </div>
   <div class='ocr_carea' id='block_1_32' title="bbox 2118 1627 3650 1701">
    <p class='ocr_par' dir='ltr' id='par_1_32' title="bbox 2118 1627 3650 1701">
     <span class='ocr_line' id='line_1_32' title="bbox 2118 1627 3650 1701; baseline 0.003 -21"><span class='ocrx_word' id='word_1_227' title='bbox 2118 1627 2454 1682; x_wconf 75' lang='grc' dir='ltr'>ὲκεκόλαπτο</span> <span class='ocrx_word' id='word_1_228' title='bbox 2491 1627 2583 1682; x_wconf 87' lang='grc' dir='ltr'><strong>τοῦ</strong></span> <span class='ocrx_word' id='word_1_229' title='bbox 2631 1628 2792 1696; x_wconf 83' lang='grc' dir='ltr'><strong>Θεοῦ,</strong></span> <span class='ocrx_word' id='word_1_230' title='bbox 2815 1629 3067 1682; x_wconf 72' lang='grc' dir='ltr'>ἐπέκειτο</span> <span class='ocrx_word' id='word_1_231' title='bbox 3099 1629 3199 1698; x_wconf 81' lang='grc' dir='ltr'>μὲν</span> <span class='ocrx_word' id='word_1_232' title='bbox 3228 1629 3309 1700; x_wconf 82' lang='grc' dir='ltr'>τῷ</span> <span class='ocrx_word' id='word_1_233' title='bbox 3345 1631 3537 1701; x_wconf 80' lang='grc' dir='ltr'>στήθει,</span> <span class='ocrx_word' id='word_1_234' title='bbox 3569 1649 3650 1699; x_wconf 74' lang='grc' dir='ltr'>φυ-</span> 
     </span>
    </p>
   </div>
   <div class='ocr_carea' id='block_1_33' title="bbox 437 1713 2020 1794">
    <p class='ocr_par' dir='ltr' id='par_1_33' title="bbox 437 1714 2015 1786">
     <span class='ocr_line' id='line_1_33' title="bbox 437 1714 2015 1786; baseline -0.004 -12"><span class='ocrx_word' id='word_1_235' title='bbox 437 1735 626 1786; x_wconf 90' lang='lat' dir='ltr'><strong>anrea,</strong></span> <span class='ocrx_word' id='word_1_236' title='bbox 688 1721 774 1774; x_wconf 91' lang='lat' dir='ltr'><strong>cui</strong></span> <span class='ocrx_word' id='word_1_237' title='bbox 836 1719 930 1774; x_wconf 88' lang='lat' dir='ltr'><strong>Dei</strong></span> <span class='ocrx_word' id='word_1_238' title='bbox 995 1735 1194 1774; x_wconf 89' lang='lat' dir='ltr'><strong>nomen</strong></span> <span class='ocrx_word' id='word_1_239' title='bbox 1243 1729 1360 1772; x_wconf 88' lang='lat' dir='ltr'><strong>erat</strong></span> <span class='ocrx_word' id='word_1_240' title='bbox 1413 1717 1762 1785; x_wconf 84' lang='lat' dir='ltr'><strong>insculptum,</strong></span> <span class='ocrx_word' id='word_1_241' title='bbox 1811 1714 2015 1784; x_wconf 87' lang='lat' dir='ltr'><strong>pectori</strong></span> 
     </span>
    </p>
   </div>
   <div class='ocr_carea' id='block_1_34' title="bbox 2127 1713 3647 1794">
    <p class='ocr_par' dir='ltr' id='par_1_34' title="bbox 2127 1719 3647 1794">
     <span class='ocr_line' id='line_1_34' title="bbox 2127 1719 3647 1794; baseline 0.002 -22"><span class='ocrx_word' id='word_1_242' title='bbox 2127 1719 2293 1788; x_wconf 80' lang='grc' dir='ltr'>λακῆς</span> <span class='ocrx_word' id='word_1_243' title='bbox 2339 1719 2383 1772; x_wconf 72' lang='grc' dir='ltr'>δ’</span> <span class='ocrx_word' id='word_1_244' title='bbox 2402 1721 2587 1790; x_wconf 75' lang='grc' dir='ltr'>ἐπεῖχε</span> <span class='ocrx_word' id='word_1_245' title='bbox 2621 1719 2792 1773; x_wconf 83' lang='grc' dir='ltr'>τύπον</span> <span class='ocrx_word' id='word_1_246' title='bbox 2832 1721 2940 1774; x_wconf 86' lang='grc' dir='ltr'>τῶν</span> <span class='ocrx_word' id='word_1_247' title='bbox 2989 1722 3046 1774; x_wconf 80' lang='grc' dir='ltr'>ὲν</span> <span class='ocrx_word' id='word_1_248' title='bbox 3080 1723 3283 1794; x_wconf 76' lang='grc' dir='ltr'>καρδίᾳ</span> <span class='ocrx_word' id='word_1_249' title='bbox 3321 1723 3613 1791; x_wconf 68' lang='grc' dir='ltr'>κινημάτων</span> <span class='ocrx_word' id='word_1_250' title='bbox 3636 1738 3647 1752; x_wconf 81' lang='lat'><strong><em>°</em></strong></span> 
     </span>
    </p>
   </div>
   <div class='ocr_carea' id='block_1_35' title="bbox 439 1807 2017 1880">
    <p class='ocr_par' dir='ltr' id='par_1_35' title="bbox 439 1807 2017 1880">
     <span class='ocr_line' id='line_1_35' title="bbox 439 1807 2017 1880; baseline -0.003 -16"><span class='ocrx_word' id='word_1_251' title='bbox 439 1811 810 1876; x_wconf 85' lang='lat' dir='ltr'><strong>incumbebat,</strong></span> <span class='ocrx_word' id='word_1_252' title='bbox 862 1810 1166 1880; x_wconf 90' lang='lat' dir='ltr'><strong>eademque</strong></span> <span class='ocrx_word' id='word_1_253' title='bbox 1215 1826 1380 1880; x_wconf 81' lang='lat' dir='ltr'><strong>opera</strong></span> <span class='ocrx_word' id='word_1_254' title='bbox 1422 1809 1785 1878; x_wconf 77' lang='lat' dir='ltr'><strong>signiﬁcabat.</strong></span> <span class='ocrx_word' id='word_1_255' title='bbox 1832 1807 2017 1861; x_wconf 90' lang='lat' dir='ltr'><strong>cordis</strong></span> 
     </span>
    </p>
   </div>
   <div class='ocr_carea' id='block_1_36' title="bbox 437 1899 2018 1974">
    <p class='ocr_par' dir='ltr' id='par_1_36' title="bbox 437 1899 2018 1974">
     <span class='ocr_line' id='line_1_36' title="bbox 437 1899 2018 1974; baseline -0.003 -17"><span class='ocrx_word' id='word_1_256' title='bbox 437 1902 664 1958; x_wconf 81' lang='lat' dir='ltr'><strong>aﬂ&#39;ectus</strong></span> <span class='ocrx_word' id='word_1_257' title='bbox 700 1904 869 1974; x_wconf 85' lang='lat' dir='ltr'><strong>probe</strong></span> <span class='ocrx_word' id='word_1_258' title='bbox 900 1903 1298 1965; x_wconf 89' lang='lat' dir='ltr'><strong>observandos,</strong></span> <span class='ocrx_word' id='word_1_259' title='bbox 1327 1901 1657 1968; x_wconf 87' lang='lat' dir='ltr'><strong>eosdemque</strong></span> <span class='ocrx_word' id='word_1_260' title='bbox 1700 1899 1767 1953; x_wconf 87' lang='lat' dir='ltr'><strong>ad</strong></span> <span class='ocrx_word' id='word_1_261' title='bbox 1811 1900 2018 1953; x_wconf 88' lang='lat' dir='ltr'><strong>summi</strong></span> 
     </span>
    </p>
   </div>
   <div class='ocr_carea' id='block_1_37' title="bbox 438 1988 2020 2049">
    <p class='ocr_par' dir='ltr' id='par_1_37' title="bbox 438 1988 2020 2049">
     <span class='ocr_line' id='line_1_37' title="bbox 438 1988 2020 2049; baseline -0.003 0"><span class='ocrx_word' id='word_1_262' title='bbox 438 1993 693 2049; x_wconf 84' lang='lat' dir='ltr'><strong>Numinis</strong></span> <span class='ocrx_word' id='word_1_263' title='bbox 729 2005 918 2049; x_wconf 87' lang='lat' dir='ltr'><strong>nutum</strong></span> <span class='ocrx_word' id='word_1_264' title='bbox 960 2009 1082 2049; x_wconf 90' lang='lat' dir='ltr'><strong>esse</strong></span> <span class='ocrx_word' id='word_1_265' title='bbox 1122 1992 1638 2048; x_wconf 87' lang='lat' dir='ltr'><strong>accommodandos.</strong></span> <span class='ocrx_word' id='word_1_266' title='bbox 1675 1988 1731 2044; x_wconf 92' lang='lat' dir='ltr'><strong>In</strong></span> <span class='ocrx_word' id='word_1_267' title='bbox 1774 1989 2020 2044; x_wconf 88' lang='lat' dir='ltr'><strong>humeris</strong></span> 
     </span>
    </p>
   </div>
   <div class='ocr_carea' id='block_1_38' title="bbox 440 2080 2017 2155">
    <p class='ocr_par' dir='ltr' id='par_1_38' title="bbox 440 2080 2017 2155">
     <span class='ocr_line' id='line_1_38' title="bbox 440 2080 2017 2155; baseline -0.003 -16"><span class='ocrx_word' id='word_1_268' title='bbox 440 2094 706 2155; x_wconf 64' lang='lat' dir='ltr'><strong>praeterea</strong></span> <span class='ocrx_word' id='word_1_269' title='bbox 738 2085 1011 2155; x_wconf 82' lang='lat' dir='ltr'><strong>smaragdi</strong></span> <span class='ocrx_word' id='word_1_270' title='bbox 1043 2083 1174 2148; x_wconf 92' lang='lat' dir='ltr'><strong>duo,</strong></span> <span class='ocrx_word' id='word_1_271' title='bbox 1210 2099 1305 2138; x_wconf 79' lang='lat' dir='ltr'><strong>sex</strong></span> <span class='ocrx_word' id='word_1_272' title='bbox 1337 2084 1579 2137; x_wconf 86' lang='lat' dir='ltr'><strong>tribuum</strong></span> <span class='ocrx_word' id='word_1_273' title='bbox 1617 2082 1834 2136; x_wconf 89' lang='lat' dir='ltr'><strong>nomina</strong></span> <span class='ocrx_word' id='word_1_274' title='bbox 1868 2080 2017 2146; x_wconf 92' lang='lat' dir='ltr'><strong>hinc,</strong></span> 
     </span>
    </p>
   </div>
   <div class='ocr_carea' id='block_1_39' title="bbox 440 2173 2020 2245">
    <p class='ocr_par' dir='ltr' id='par_1_39' title="bbox 440 2173 2020 2245">
     <span class='ocr_line' id='line_1_39' title="bbox 440 2173 2020 2245; baseline -0.001 -15"><span class='ocrx_word' id='word_1_275' title='bbox 440 2176 592 2231; x_wconf 91' lang='lat' dir='ltr'><strong>illinc</strong></span> <span class='ocrx_word' id='word_1_276' title='bbox 644 2191 775 2231; x_wconf 84' lang='lat' dir='ltr'><strong>vero</strong></span> <span class='ocrx_word' id='word_1_277' title='bbox 821 2177 1045 2230; x_wconf 85' lang='lat' dir='ltr'><strong>totidem</strong></span> <span class='ocrx_word' id='word_1_278' title='bbox 1106 2190 1361 2245; x_wconf 81' lang='lat' dir='ltr'><strong>expressa</strong></span> <span class='ocrx_word' id='word_1_279' title='bbox 1420 2175 1703 2229; x_wconf 84' lang='lat' dir='ltr'><strong>habentes.</strong></span> <span class='ocrx_word' id='word_1_280' title='bbox 1746 2173 1829 2227; x_wconf 91' lang='lat' dir='ltr'><strong>Illi</strong></span> <span class='ocrx_word' id='word_1_281' title='bbox 1891 2187 2020 2228; x_wconf 90' lang='lat' dir='ltr'><strong>vero</strong></span> 
     </span>
    </p>
   </div>
   <div class='ocr_carea' id='block_1_40' title="bbox 441 2262 2022 2340">
    <p class='ocr_par' dir='ltr' id='par_1_40' title="bbox 441 2262 2022 2340">
     <span class='ocr_line' id='line_1_40' title="bbox 441 2262 2022 2340; baseline -0.004 -17"><span class='ocrx_word' id='word_1_282' title='bbox 441 2268 745 2340; x_wconf 83' lang='lat' dir='ltr'><strong>symbolum</strong></span> <span class='ocrx_word' id='word_1_283' title='bbox 772 2277 929 2322; x_wconf 88' lang='lat' dir='ltr'><strong>erant</strong></span> <span class='ocrx_word' id='word_1_284' title='bbox 958 2266 1387 2336; x_wconf 84' lang='lat' dir='ltr'><strong>pulchritudinis</strong></span> <span class='ocrx_word' id='word_1_285' title='bbox 1411 2281 1506 2320; x_wconf 90' lang='lat' dir='ltr'><strong>seu</strong></span> <span class='ocrx_word' id='word_1_286' title='bbox 1536 2263 1724 2319; x_wconf 74' lang='lat' dir='ltr'><strong>formae</strong></span> <span class='ocrx_word' id='word_1_287' title='bbox 1758 2262 2022 2318; x_wconf 82' lang='lat' dir='ltr'><strong>sacerdo-</strong></span> 
     </span>
    </p>
   </div>
   <div class='ocr_carea' id='block_1_41' title="bbox 443 2355 2014 2428">
    <p class='ocr_par' dir='ltr' id='par_1_41' title="bbox 443 2355 2014 2428">
     <span class='ocr_line' id='line_1_41' title="bbox 443 2355 2014 2428; baseline -0.001 -16"><span class='ocrx_word' id='word_1_288' title='bbox 443 2370 550 2413; x_wconf 88' lang='lat' dir='ltr'><strong>tem</strong></span> <span class='ocrx_word' id='word_1_289' title='bbox 605 2357 868 2413; x_wconf 89' lang='lat' dir='ltr'><strong>dccentis.</strong></span> <span class='ocrx_word' id='word_1_290' title='bbox 927 2356 1262 2428; x_wconf 83' lang='lat' dir='ltr'><strong>Smaragdus</strong></span> <span class='ocrx_word' id='word_1_291' title='bbox 1311 2357 1496 2422; x_wconf 88' lang='lat' dir='ltr'><strong>enim,</strong></span> <span class='ocrx_word' id='word_1_292' title='bbox 1551 2357 1691 2426; x_wconf 89' lang='lat' dir='ltr'><strong>lapis</strong></span> <span class='ocrx_word' id='word_1_293' title='bbox 1738 2355 2014 2411; x_wconf 84' lang='lat' dir='ltr'><strong>viriditate</strong></span> 
     </span>
    </p>
   </div>
   <div class='ocr_carea' id='block_1_42' title="bbox 439 2450 2020 2522">
    <p class='ocr_par' dir='ltr' id='par_1_42' title="bbox 439 2450 2020 2522">
     <span class='ocr_line' id='line_1_42' title="bbox 439 2450 2020 2522; baseline -0.001 -17"><span class='ocrx_word' id='word_1_294' title='bbox 439 2451 637 2506; x_wconf 88' lang='lat' dir='ltr'><strong>decora</strong></span> <span class='ocrx_word' id='word_1_295' title='bbox 699 2459 753 2505; x_wconf 92' lang='lat' dir='ltr'><strong>et</strong></span> <span class='ocrx_word' id='word_1_296' title='bbox 817 2451 1084 2521; x_wconf 91' lang='lat' dir='ltr'><strong>pellucida</strong></span> <span class='ocrx_word' id='word_1_297' title='bbox 1137 2452 1373 2522; x_wconf 89' lang='lat' dir='ltr'><strong>puritate</strong></span> <span class='ocrx_word' id='word_1_298' title='bbox 1422 2453 1750 2516; x_wconf 89' lang='lat' dir='ltr'><strong>instructus,</strong></span> <span class='ocrx_word' id='word_1_299' title='bbox 1811 2450 2020 2521; x_wconf 90' lang='lat' dir='ltr'><strong>speculi</strong></span> 
     </span>
    </p>
   </div>
   <div class='ocr_carea' id='block_1_43' title="bbox 441 2542 2021 2599">
    <p class='ocr_par' dir='ltr' id='par_1_43' title="bbox 441 2542 2021 2599">
     <span class='ocr_line' id='line_1_43' title="bbox 441 2542 2021 2599; baseline -0.001 -2"><span class='ocrx_word' id='word_1_300' title='bbox 441 2542 755 2597; x_wconf 80' lang='lat' dir='ltr'><strong>facultatem</strong></span> <span class='ocrx_word' id='word_1_301' title='bbox 801 2543 1131 2599; x_wconf 90' lang='lat' dir='ltr'><strong>suhindicat.</strong></span> <span class='ocrx_word' id='word_1_302' title='bbox 1181 2543 1534 2598; x_wconf 88' lang='lat' dir='ltr'><strong>Sacerdotem</strong></span> <span class='ocrx_word' id='word_1_303' title='bbox 1566 2543 1710 2597; x_wconf 89' lang='lat' dir='ltr'><strong>enim</strong></span> <span class='ocrx_word' id='word_1_304' title='bbox 1755 2542 2021 2596; x_wconf 90' lang='lat' dir='ltr'><strong>virtutum</strong></span> 
     </span>
    </p>
   </div>
   <div class='ocr_carea' id='block_1_44' title="bbox 440 2633 2024 2706">
    <p class='ocr_par' dir='ltr' id='par_1_44' title="bbox 440 2633 2024 2706">
     <span class='ocr_line' id='line_1_44' title="bbox 440 2633 2024 2706; baseline 0.002 -18"><span class='ocrx_word' id='word_1_305' title='bbox 440 2633 702 2688; x_wconf 80' lang='lat' dir='ltr'><strong>exercitio</strong></span> <span class='ocrx_word' id='word_1_306' title='bbox 724 2635 972 2704; x_wconf 82' lang='lat' dir='ltr'><strong>vigilare,</strong></span> <span class='ocrx_word' id='word_1_307' title='bbox 999 2635 1274 2706; x_wconf 91' lang='lat' dir='ltr'><strong>vitamque</strong></span> <span class='ocrx_word' id='word_1_308' title='bbox 1303 2651 1460 2691; x_wconf 90' lang='lat' dir='ltr'><strong>suam</strong></span> <span class='ocrx_word' id='word_1_309' title='bbox 1491 2636 1618 2698; x_wconf 88' lang='lat' dir='ltr'><strong>illis,</strong></span> <span class='ocrx_word' id='word_1_310' title='bbox 1645 2635 1738 2706; x_wconf 92' lang='lat' dir='ltr'><strong>qui</strong></span> <span class='ocrx_word' id='word_1_311' title='bbox 1763 2636 1866 2690; x_wconf 89' lang='lat' dir='ltr'><strong>sibi</strong></span> <span class='ocrx_word' id='word_1_312' title='bbox 1894 2645 2024 2691; x_wconf 90' lang='lat' dir='ltr'><strong>sunt</strong></span> 
     </span>
    </p>
   </div>
   <div class='ocr_carea' id='block_1_45' title="bbox 439 2724 2022 2794">
    <p class='ocr_par' dir='ltr' id='par_1_45' title="bbox 439 2724 2022 2794">
     <span class='ocr_line' id='line_1_45' title="bbox 439 2724 2022 2794; baseline 0.001 -15"><span class='ocrx_word' id='word_1_313' title='bbox 439 2724 695 2794; x_wconf 87' lang='lat' dir='ltr'><strong>subjecti,</strong></span> <span class='ocrx_word' id='word_1_314' title='bbox 743 2725 919 2779; x_wconf 79' lang='lat' dir='ltr'><strong>inStar</strong></span> <span class='ocrx_word' id='word_1_315' title='bbox 965 2725 1174 2794; x_wconf 90' lang='lat' dir='ltr'><strong>speculi</strong></span> <span class='ocrx_word' id='word_1_316' title='bbox 1229 2735 1624 2794; x_wconf 72' lang='lat' dir='ltr'><strong>repraesentare</strong></span> <span class='ocrx_word' id='word_1_317' title='bbox 1677 2735 1910 2794; x_wconf 91' lang='lat' dir='ltr'><strong>oportet.</strong></span> <span class='ocrx_word' id='word_1_318' title='bbox 1965 2725 2022 2780; x_wconf 92' lang='lat' dir='ltr'><strong>In</strong></span> 
     </span>
    </p>
   </div>
   <div class='ocr_carea' id='block_1_46' title="bbox 445 2815 2026 2888">
    <p class='ocr_par' dir='ltr' id='par_1_46' title="bbox 445 2815 2026 2888">
     <span class='ocr_line' id='line_1_46' title="bbox 445 2815 2026 2888; baseline 0.002 -18"><span class='ocrx_word' id='word_1_319' title='bbox 445 2815 682 2870; x_wconf 80' lang='lat' dir='ltr'><strong>humero</strong></span> <span class='ocrx_word' id='word_1_320' title='bbox 717 2831 846 2870; x_wconf 89' lang='lat' dir='ltr'><strong>vero</strong></span> <span class='ocrx_word' id='word_1_321' title='bbox 885 2817 1127 2872; x_wconf 82' lang='lat' dir='ltr'><strong>haerebat</strong></span> <span class='ocrx_word' id='word_1_322' title='bbox 1168 2819 1511 2887; x_wconf 83' lang='lat' dir='ltr'><strong>smaragdus,</strong></span> <span class='ocrx_word' id='word_1_323' title='bbox 1555 2819 1815 2888; x_wconf 88' lang='lat' dir='ltr'><strong>quoniam</strong></span> <span class='ocrx_word' id='word_1_324' title='bbox 1859 2819 2026 2874; x_wconf 90' lang='lat' dir='ltr'><strong>actio-</strong></span> 
     </span>
    </p>
   </div>
   <div class='ocr_carea' id='block_1_47' title="bbox 444 2905 2025 2979">
    <p class='ocr_par' dir='ltr' id='par_1_47' title="bbox 444 2905 2025 2979">
     <span class='ocr_line' id='line_1_47' title="bbox 444 2905 2025 2979; baseline 0.004 -20"><span class='ocrx_word' id='word_1_325' title='bbox 444 2905 532 2961; x_wconf 88' lang='lat' dir='ltr'><strong>nis</strong></span> <span class='ocrx_word' id='word_1_326' title='bbox 555 2915 673 2961; x_wconf 87' lang='lat' dir='ltr'><strong>erat</strong></span> <span class='ocrx_word' id='word_1_327' title='bbox 695 2906 979 2962; x_wconf 89' lang='lat' dir='ltr'><strong>indicium.</strong></span> <span class='ocrx_word' id='word_1_328' title='bbox 1005 2908 1208 2979; x_wconf 87' lang='lat' dir='ltr'><strong>Agendi</strong></span> <span class='ocrx_word' id='word_1_329' title='bbox 1242 2908 1388 2962; x_wconf 89' lang='lat' dir='ltr'><strong>enim</strong></span> <span class='ocrx_word' id='word_1_330' title='bbox 1417 2911 1660 2978; x_wconf 89' lang='lat' dir='ltr'><strong>potentia</strong></span> <span class='ocrx_word' id='word_1_331' title='bbox 1689 2910 1756 2963; x_wconf 89' lang='lat' dir='ltr'><strong>ab</strong></span> <span class='ocrx_word' id='word_1_332' title='bbox 1779 2908 2025 2966; x_wconf 88' lang='lat' dir='ltr'><strong>humeris</strong></span> 
     </span>
    </p>
   </div>
   <div class='ocr_carea' id='block_1_48' title="bbox 2120 1813 3654 1886">
    <p class='ocr_par' dir='ltr' id='par_1_48' title="bbox 2120 1813 3654 1886">
     <span class='ocr_line' id='line_1_48' title="bbox 2120 1813 3654 1886; baseline 0.001 -20"><span class='ocrx_word' id='word_1_333' title='bbox 2120 1815 2215 1866; x_wconf 79' lang='grc' dir='ltr'>καὶ</span> <span class='ocrx_word' id='word_1_334' title='bbox 2247 1814 2322 1876; x_wconf 82' lang='grc' dir='ltr'>ὡς</span> <span class='ocrx_word' id='word_1_335' title='bbox 2368 1814 2449 1867; x_wconf 90' lang='grc' dir='ltr'><strong>δεῖ</strong></span> <span class='ocrx_word' id='word_1_336' title='bbox 2477 1813 2654 1867; x_wconf 87' lang='grc' dir='ltr'>ταῦτα</span> <span class='ocrx_word' id='word_1_337' title='bbox 2696 1814 3162 1886; x_wconf 77' lang='grc' dir='ltr'>καταρρυθμίζειν</span> <span class='ocrx_word' id='word_1_338' title='bbox 3196 1815 3312 1886; x_wconf 74' lang='grc'><strong>(14)</strong></span> <span class='ocrx_word' id='word_1_339' title='bbox 3344 1817 3409 1885; x_wconf 77' lang='grc' dir='ltr'>τῇ</span> <span class='ocrx_word' id='word_1_340' title='bbox 3447 1815 3569 1883; x_wconf 76' lang='grc' dir='ltr'>πρὸς</span> <span class='ocrx_word' id='word_1_341' title='bbox 3608 1816 3654 1868; x_wconf 75' lang='grc' dir='ltr'><strong>τὸ</strong></span> 
     </span>
    </p>
   </div>
   <div class='ocr_carea' id='block_1_49' title="bbox 2119 1905 3656 1979">
    <p class='ocr_par' dir='ltr' id='par_1_49' title="bbox 2119 1905 3656 1979">
     <span class='ocr_line' id='line_1_49' title="bbox 2119 1905 3656 1979; baseline 0.003 -21"><span class='ocrx_word' id='word_1_342' title='bbox 2119 1905 2273 1958; x_wconf 87' lang='grc' dir='ltr'>Θεῖον</span> <span class='ocrx_word' id='word_1_343' title='bbox 2303 1905 2482 1960; x_wconf 86' lang='grc' dir='ltr'>νεύσει</span> <span class='ocrx_word' id='word_1_344' title='bbox 2519 1906 2610 1959; x_wconf 79' lang='grc' dir='ltr'>καὶ</span> <span class='ocrx_word' id='word_1_345' title='bbox 2643 1907 2889 1977; x_wconf 73' lang='grc' dir='ltr'>ἀναφορᾷ</span> <span class='ocrx_word' id='word_1_346' title='bbox 2922 1924 2938 1939; x_wconf 77' lang='grc' dir='ltr'><strong>ο</strong></span> <span class='ocrx_word' id='word_1_347' title='bbox 2976 1907 3068 1960; x_wconf 77' lang='grc' dir='ltr'><strong>ἐπὶ</strong></span> <span class='ocrx_word' id='word_1_348' title='bbox 3109 1907 3165 1960; x_wconf 78' lang='grc' dir='ltr'>δὲ</span> <span class='ocrx_word' id='word_1_349' title='bbox 3211 1908 3325 1961; x_wconf 85' lang='grc' dir='ltr'><strong>τῶν</strong></span> <span class='ocrx_word' id='word_1_350' title='bbox 3355 1907 3515 1978; x_wconf 79' lang='grc' dir='ltr'>ὤμων</span> <span class='ocrx_word' id='word_1_351' title='bbox 3541 1926 3656 1979; x_wconf 76' lang='grc' dir='ltr'>σμα-</span> 
     </span>
    </p>
   </div>
   <div class='ocr_carea' id='block_1_50' title="bbox 2124 1996 3658 2068">
    <p class='ocr_par' dir='ltr' id='par_1_50' title="bbox 2124 1996 3658 2068">
     <span class='ocr_line' id='line_1_50' title="bbox 2124 1996 3658 2068; baseline 0.002 -19"><span class='ocrx_word' id='word_1_352' title='bbox 2124 1997 2321 2067; x_wconf 78' lang='grc' dir='ltr'>ράγδου</span> <span class='ocrx_word' id='word_1_353' title='bbox 2355 1996 2489 2051; x_wconf 85' lang='grc' dir='ltr'>λίθοι</span> <span class='ocrx_word' id='word_1_354' title='bbox 2521 1997 2632 2064; x_wconf 89' lang='grc' dir='ltr'>δύο,</span> <span class='ocrx_word' id='word_1_355' title='bbox 2660 1997 2874 2068; x_wconf 74' lang='grc' dir='ltr'>ἔχοντες</span> <span class='ocrx_word' id='word_1_356' title='bbox 2896 1999 2992 2062; x_wconf 82' lang='grc' dir='ltr'><strong>τὰς</strong></span> <span class='ocrx_word' id='word_1_357' title='bbox 3020 1998 3081 2062; x_wconf 83' lang='grc' dir='ltr'><strong>ἒξ</strong></span> <span class='ocrx_word' id='word_1_358' title='bbox 3109 1999 3283 2066; x_wconf 81' lang='grc' dir='ltr'>φυλὰς</span> <span class='ocrx_word' id='word_1_359' title='bbox 3311 1999 3562 2062; x_wconf 77' lang='grc' dir='ltr'>ἐντεῦθεν,</span> <span class='ocrx_word' id='word_1_360' title='bbox 3583 2001 3658 2052; x_wconf 74' lang='grc' dir='ltr'>καὶ</span> 
     </span>
    </p>
   </div>
   <div class='ocr_carea' id='block_1_51' title="bbox 2120 2082 3657 2156">
    <p class='ocr_par' dir='ltr' id='par_1_51' title="bbox 2120 2082 3657 2156">
     <span class='ocr_line' id='line_1_51' title="bbox 2120 2082 3657 2156; baseline 0 -18"><span class='ocrx_word' id='word_1_361' title='bbox 2120 2087 2217 2148; x_wconf 78' lang='grc' dir='ltr'><strong>τὰς</strong></span> <span class='ocrx_word' id='word_1_362' title='bbox 2247 2085 2307 2150; x_wconf 79' lang='grc' dir='ltr'><strong>ἒξ</strong></span> <span class='ocrx_word' id='word_1_363' title='bbox 2336 2085 2608 2140; x_wconf 83' lang='grc' dir='ltr'>ἐντεῦθεν.</span> <span class='ocrx_word' id='word_1_364' title='bbox 2635 2083 2795 2142; x_wconf 79' lang='grc' dir='ltr'>Οὗτοι</span> <span class='ocrx_word' id='word_1_365' title='bbox 2819 2086 2875 2139; x_wconf 81' lang='grc' dir='ltr'>δὲ</span> <span class='ocrx_word' id='word_1_366' title='bbox 2906 2086 3181 2156; x_wconf 86' lang='grc' dir='ltr'>σύμϐολον</span> <span class='ocrx_word' id='word_1_367' title='bbox 3206 2082 3350 2156; x_wconf 78' lang='grc' dir='ltr'>ἦσαν</span> <span class='ocrx_word' id='word_1_368' title='bbox 3397 2087 3487 2154; x_wconf 81' lang='grc' dir='ltr'>τῆς</span> <span class='ocrx_word' id='word_1_369' title='bbox 3513 2086 3657 2154; x_wconf 56' lang='grc' dir='ltr'>ὅψεως</span> 
     </span>
    </p>
   </div>
   <div class='ocr_carea' id='block_1_52' title="bbox 2119 2176 3658 2248">
    <p class='ocr_par' dir='ltr' id='par_1_52' title="bbox 2119 2176 3658 2248">
     <span class='ocr_line' id='line_1_52' title="bbox 2119 2176 3658 2248; baseline -0.001 -18"><span class='ocrx_word' id='word_1_370' title='bbox 2119 2177 2216 2247; x_wconf 83' lang='grc' dir='ltr'>τῆς</span> <span class='ocrx_word' id='word_1_371' title='bbox 2246 2177 2638 2248; x_wconf 80' lang='grc' dir='ltr'>ἀρχιερατικῆς</span> <span class='ocrx_word' id='word_1_372' title='bbox 2667 2195 2682 2209; x_wconf 89' lang='grc'><strong>·</strong></span> <span class='ocrx_word' id='word_1_373' title='bbox 2719 2178 2832 2248; x_wconf 77' lang='grc' dir='ltr'>ἔχει</span> <span class='ocrx_word' id='word_1_374' title='bbox 2856 2177 2964 2248; x_wconf 83' lang='grc' dir='ltr'>γὰρ</span> <span class='ocrx_word' id='word_1_375' title='bbox 2986 2180 3019 2247; x_wconf 86' lang='grc' dir='ltr'><strong>ή</strong></span> <span class='ocrx_word' id='word_1_376' title='bbox 3040 2177 3135 2230; x_wconf 88' lang='grc' dir='ltr'><strong>τοῦ</strong></span> <span class='ocrx_word' id='word_1_377' title='bbox 3167 2176 3482 2247; x_wconf 75' lang='grc' dir='ltr'>σμαράγδου</span> <span class='ocrx_word' id='word_1_378' title='bbox 3509 2176 3658 2247; x_wconf 75' lang='grc' dir='ltr'>ψῆφος</span> 
     </span>
    </p>
   </div>
   <div class='ocr_carea' id='block_1_53' title="bbox 2121 2267 3658 2339">
    <p class='ocr_par' dir='ltr' id='par_1_53' title="bbox 2121 2267 3658 2339">
     <span class='ocr_line' id='line_1_53' title="bbox 2121 2267 3658 2339; baseline 0 -19"><span class='ocrx_word' id='word_1_379' title='bbox 2121 2268 2217 2320; x_wconf 78' lang='grc' dir='ltr'>καὶ</span> <span class='ocrx_word' id='word_1_380' title='bbox 2264 2267 2581 2339; x_wconf 84' lang='grc' dir='ltr'>χλωρότητα</span> <span class='ocrx_word' id='word_1_381' title='bbox 2630 2269 2904 2338; x_wconf 80' lang='grc' dir='ltr'>εὐπρεπῆ,</span> <span class='ocrx_word' id='word_1_382' title='bbox 2940 2269 3037 2322; x_wconf 74' lang='grc' dir='ltr'>καὶ</span> <span class='ocrx_word' id='word_1_383' title='bbox 3078 2268 3434 2339; x_wconf 77' lang='grc' dir='ltr'>καθαρότητα</span> <span class='ocrx_word' id='word_1_384' title='bbox 3473 2270 3658 2336; x_wconf 77' lang='grc' dir='ltr'>διαυγῆ,</span> 
     </span>
    </p>
   </div>
   <div class='ocr_carea' id='block_1_54' title="bbox 2121 2359 3664 2430">
    <p class='ocr_par' dir='ltr' id='par_1_54' title="bbox 2121 2359 3664 2430">
     <span class='ocr_line' id='line_1_54' title="bbox 2121 2359 3664 2430; baseline 0.001 -20"><span class='ocrx_word' id='word_1_385' title='bbox 2121 2359 2425 2429; x_wconf 86' lang='grc' dir='ltr'>κατόπτρου</span> <span class='ocrx_word' id='word_1_386' title='bbox 2482 2359 2712 2430; x_wconf 89' lang='grc' dir='ltr'>δύναμιν</span> <span class='ocrx_word' id='word_1_387' title='bbox 2758 2359 3152 2430; x_wconf 77' lang='grc' dir='ltr'>ὑποφαίνουσα.</span> <span class='ocrx_word' id='word_1_388' title='bbox 3203 2361 3317 2412; x_wconf 76' lang='grc' dir='ltr'><strong>Καὶ</strong></span> <span class='ocrx_word' id='word_1_389' title='bbox 3354 2360 3460 2430; x_wconf 89' lang='grc' dir='ltr'><strong>γάρ</strong></span> <span class='ocrx_word' id='word_1_390' title='bbox 3498 2360 3568 2412; x_wconf 82' lang='grc' dir='ltr'><strong>δεῖ</strong></span> <span class='ocrx_word' id='word_1_391' title='bbox 3591 2360 3664 2412; x_wconf 68' lang='grc' dir='ltr'><strong>τον</strong></span> 
     </span>
    </p>
   </div>
   <div class='ocr_carea' id='block_1_55' title="bbox 2124 2449 3666 2520">
    <p class='ocr_par' dir='ltr' id='par_1_55' title="bbox 2124 2449 3666 2520">
     <span class='ocr_line' id='line_1_55' title="bbox 2124 2449 3666 2520; baseline -0.001 -18"><span class='ocrx_word' id='word_1_392' title='bbox 2124 2449 2276 2520; x_wconf 78' lang='grc' dir='ltr'>ἱερέα</span> <span class='ocrx_word' id='word_1_393' title='bbox 2301 2451 2394 2503; x_wconf 80' lang='grc' dir='ltr'>καὶ</span> <span class='ocrx_word' id='word_1_394' title='bbox 2415 2451 2645 2520; x_wconf 83' lang='grc' dir='ltr'>ἀσκήσει</span> <span class='ocrx_word' id='word_1_395' title='bbox 2674 2451 2888 2520; x_wconf 84' lang='grc' dir='ltr'>νήφειν,</span> <span class='ocrx_word' id='word_1_396' title='bbox 2914 2451 3008 2504; x_wconf 75' lang='grc' dir='ltr'>καὶ</span> <span class='ocrx_word' id='word_1_397' title='bbox 3036 2451 3128 2504; x_wconf 85' lang='grc' dir='ltr'>τὸν</span> <span class='ocrx_word' id='word_1_398' title='bbox 3152 2450 3270 2520; x_wconf 81' lang='grc' dir='ltr'>βίον</span> <span class='ocrx_word' id='word_1_399' title='bbox 3289 2453 3402 2514; x_wconf 79' lang='grc' dir='ltr'>τοῖς</span> <span class='ocrx_word' id='word_1_400' title='bbox 3427 2449 3666 2504; x_wconf 79' lang='grc' dir='ltr'>ὑπἀύτδν</span> 
     </span>
    </p>
   </div>
   <div class='ocr_carea' id='block_1_56' title="bbox 2122 2539 3667 2613">
    <p class='ocr_par' dir='ltr' id='par_1_56' title="bbox 2122 2539 3667 2613">
     <span class='ocr_line' id='line_1_56' title="bbox 2122 2539 3667 2613; baseline 0.001 -19"><span class='ocrx_word' id='word_1_401' title='bbox 2122 2540 2312 2613; x_wconf 81' lang='grc' dir='ltr'>ὥσπερ</span> <span class='ocrx_word' id='word_1_402' title='bbox 2340 2544 2647 2612; x_wconf 81' lang='grc' dir='ltr'>κάτοπτρον</span> <span class='ocrx_word' id='word_1_403' title='bbox 2687 2542 2948 2612; x_wconf 87' lang='grc' dir='ltr'>παρέχειν</span> <span class='ocrx_word' id='word_1_404' title='bbox 2971 2557 2986 2574; x_wconf 78' lang='grc' dir='ltr'><strong>ο</strong></span> <span class='ocrx_word' id='word_1_405' title='bbox 3019 2544 3112 2596; x_wconf 71' lang='grc' dir='ltr'><strong>ἐπὶ</strong></span> <span class='ocrx_word' id='word_1_406' title='bbox 3137 2545 3232 2596; x_wconf 80' lang='grc' dir='ltr'>τὸν</span> <span class='ocrx_word' id='word_1_407' title='bbox 3255 2539 3475 2613; x_wconf 77' lang='grc' dir='ltr'>ὢμονδὲ</span> <span class='ocrx_word' id='word_1_408' title='bbox 3497 2544 3527 2610; x_wconf 82' lang='grc' dir='ltr'>ἡ</span> <span class='ocrx_word' id='word_1_409' title='bbox 3551 2543 3667 2611; x_wconf 78' lang='grc' dir='ltr'>σμᾶ-</span> 
     </span>
    </p>
   </div>
   <div class='ocr_carea' id='block_1_57' title="bbox 2125 2631 3669 2705">
    <p class='ocr_par' dir='ltr' id='par_1_57' title="bbox 2125 2631 3669 2705">
     <span class='ocr_line' id='line_1_57' title="bbox 2125 2631 3669 2705; baseline -0.002 -19"><span class='ocrx_word' id='word_1_410' title='bbox 2125 2633 2342 2705; x_wconf 84' lang='grc' dir='ltr'>ραγδος,</span> <span class='ocrx_word' id='word_1_411' title='bbox 2408 2633 2596 2704; x_wconf 78' lang='grc' dir='ltr'>ἐπειδὴ</span> <span class='ocrx_word' id='word_1_412' title='bbox 2646 2632 2898 2704; x_wconf 79' lang='grc' dir='ltr'>πράξεώς</span> <span class='ocrx_word' id='word_1_413' title='bbox 2959 2633 3108 2686; x_wconf 75' lang='grc' dir='ltr'>ἐστιν</span> <span class='ocrx_word' id='word_1_414' title='bbox 3173 2636 3404 2704; x_wconf 86' lang='grc' dir='ltr'>σημεῖον</span> <span class='ocrx_word' id='word_1_415' title='bbox 3434 2651 3448 2664; x_wconf 70' lang='grc'><strong><em>⁸</em></strong></span> <span class='ocrx_word' id='word_1_416' title='bbox 3507 2632 3538 2701; x_wconf 83' lang='grc' dir='ltr'><strong>ή</strong></span> <span class='ocrx_word' id='word_1_417' title='bbox 3583 2631 3669 2699; x_wconf 72' lang='grc' dir='ltr'>γὰρ</span> 
     </span>
    </p>
   </div>
   <div class='ocr_carea' id='block_1_58' title="bbox 2124 2723 3672 2798">
    <p class='ocr_par' dir='ltr' id='par_1_58' title="bbox 2124 2723 3672 2798">
     <span class='ocr_line' id='line_1_58' title="bbox 2124 2723 3672 2798; baseline -0.003 -19"><span class='ocrx_word' id='word_1_418' title='bbox 2124 2727 2406 2798; x_wconf 83' lang='grc' dir='ltr'>πρακτικὴ</span> <span class='ocrx_word' id='word_1_419' title='bbox 2452 2726 2681 2797; x_wconf 90' lang='grc' dir='ltr'>δύναμις</span> <span class='ocrx_word' id='word_1_420' title='bbox 2733 2725 2841 2779; x_wconf 86' lang='grc' dir='ltr'><strong>τῶν</strong></span> <span class='ocrx_word' id='word_1_421' title='bbox 2887 2723 3053 2795; x_wconf 80' lang='grc' dir='ltr'>ώμων</span> <span class='ocrx_word' id='word_1_422' title='bbox 3109 2725 3348 2794; x_wconf 74' lang='grc' dir='ltr'>ἢρτηται</span> <span class='ocrx_word' id='word_1_423' title='bbox 3383 2745 3397 2756; x_wconf 78' lang='grc' dir='ltr'><strong>ο</strong></span> <span class='ocrx_word' id='word_1_424' title='bbox 3437 2723 3515 2777; x_wconf 80' lang='grc' dir='ltr'><strong>διδ</strong></span> <span class='ocrx_word' id='word_1_425' title='bbox 3539 2723 3672 2776; x_wconf 78' lang='grc' dir='ltr'>καὶὸ</span> 
     </span>
    </p>
   </div>
   <div class='ocr_carea' id='block_1_59' title="bbox 2125 2813 3674 2889">
    <p class='ocr_par' dir='ltr' id='par_1_59' title="bbox 2125 2813 3674 2889">
     <span class='ocr_line' id='line_1_59' title="bbox 2125 2813 3674 2889; baseline -0.004 -19"><span class='ocrx_word' id='word_1_426' title='bbox 2125 2817 2258 2881; x_wconf 83' lang='grc' dir='ltr'>Θεὸς</span> <span class='ocrx_word' id='word_1_427' title='bbox 2302 2818 2439 2886; x_wconf 81' lang='grc' dir='ltr'>πρὸς</span> <span class='ocrx_word' id='word_1_428' title='bbox 2480 2817 2580 2888; x_wconf 85' lang='grc' dir='ltr'>τὴν</span> <span class='ocrx_word' id='word_1_429' title='bbox 2621 2817 2978 2889; x_wconf 83' lang='grc' dir='ltr'>Ἰερουσαλὴμ</span> <span class='ocrx_word' id='word_1_430' title='bbox 3027 2816 3174 2885; x_wconf 82' lang='grc' dir='ltr'>λέγει</span> <span class='ocrx_word' id='word_1_431' title='bbox 3215 2816 3354 2888; x_wconf 82' lang='grc'><strong>(15)’</strong></span> <span class='ocrx_word' id='word_1_432' title='bbox 3411 2833 3430 2866; x_wconf 81' lang='grc' dir='ltr'><strong>ι</strong></span> <span class='ocrx_word' id='word_1_433' title='bbox 3474 2814 3569 2878; x_wconf 76' lang='grc' dir='ltr'>Θὲς</span> <span class='ocrx_word' id='word_1_434' title='bbox 3595 2813 3674 2883; x_wconf 77' lang='grc' dir='ltr'>τὴν</span> 
     </span>
    </p>
   </div>
   <div class='ocr_carea' id='block_1_60' title="bbox 2125 2907 3677 2981">
    <p class='ocr_par' dir='ltr' id='par_1_60' title="bbox 2125 2907 3677 2981">
     <span class='ocr_line' id='line_1_60' title="bbox 2125 2907 3677 2981; baseline -0.003 -19"><span class='ocrx_word' id='word_1_435' title='bbox 2125 2908 2354 2981; x_wconf 83' lang='grc' dir='ltr'>καρδίαν</span> <span class='ocrx_word' id='word_1_436' title='bbox 2412 2925 2505 2962; x_wconf 86' lang='grc' dir='ltr'><strong>σου</strong></span> <span class='ocrx_word' id='word_1_437' title='bbox 2563 2909 2658 2962; x_wconf 73' lang='grc' dir='ltr'><strong>ἐπὶ</strong></span> <span class='ocrx_word' id='word_1_438' title='bbox 2698 2907 2807 2962; x_wconf 85' lang='grc' dir='ltr'><strong>τῶν</strong></span> <span class='ocrx_word' id='word_1_439' title='bbox 2859 2907 3025 2978; x_wconf 79' lang='grc' dir='ltr'>ὤμων</span> <span class='ocrx_word' id='word_1_440' title='bbox 3071 2925 3188 2976; x_wconf 89' lang='grc' dir='ltr'>σου,</span> <span class='ocrx_word' id='word_1_441' title='bbox 3246 2908 3484 2976; x_wconf 81' lang='grc' dir='ltr'>θύγατερ</span> <span class='ocrx_word' id='word_1_442' title='bbox 3534 2908 3565 2975; x_wconf 85' lang='grc' dir='ltr'><strong>ή</strong></span> <span class='ocrx_word' id='word_1_443' title='bbox 3610 2923 3677 2958; x_wconf 83' lang='grc' dir='ltr'>τι·</span> 
     </span>
    </p>
   </div>
   <div class='ocr_carea' id='block_1_61' title="bbox 444 2995 2020 3103">
    <p class='ocr_par' dir='ltr' id='par_1_61' title="bbox 444 2997 2020 3072">
     <span class='ocr_line' id='line_1_61' title="bbox 444 2997 2020 3072; baseline 0.003 -20"><span class='ocrx_word' id='word_1_444' title='bbox 444 2997 665 3066; x_wconf 90' lang='lat' dir='ltr'><strong>pendet.</strong></span> <span class='ocrx_word' id='word_1_445' title='bbox 689 2999 985 3068; x_wconf 87' lang='lat' dir='ltr'><strong>Pr0pterea</strong></span> <span class='ocrx_word' id='word_1_446' title='bbox 1005 2999 1170 3053; x_wconf 89' lang='lat' dir='ltr'><strong>etiam</strong></span> <span class='ocrx_word' id='word_1_447' title='bbox 1200 2997 1346 3055; x_wconf 87' lang='lat' dir='ltr'><strong>Deus</strong></span> <span class='ocrx_word' id='word_1_448' title='bbox 1373 3001 1440 3054; x_wconf 87' lang='lat' dir='ltr'><strong>ad</strong></span> <span class='ocrx_word' id='word_1_449' title='bbox 1469 2999 1774 3055; x_wconf 79' lang='lat' dir='ltr'><strong>Jerusalem</strong></span> <span class='ocrx_word' id='word_1_450' title='bbox 1809 3001 2020 3072; x_wconf 88' lang='lat' dir='ltr'><strong>inquit:</strong></span> 
     </span>
    </p>
   </div>
   <div class='ocr_carea' id='block_1_62' title="bbox 2127 2995 3678 3103">
    <p class='ocr_par' dir='ltr' id='par_1_62' title="bbox 2131 2995 3678 3071">
     <span class='ocr_line' id='line_1_62' title="bbox 2131 2995 3678 3071; baseline -0.003 -19"><span class='ocrx_word' id='word_1_451' title='bbox 2131 2998 2380 3069; x_wconf 84' lang='grc' dir='ltr'>μωμένη,</span> <span class='ocrx_word' id='word_1_452' title='bbox 2412 2997 2494 3050; x_wconf 86' lang='grc' dir='ltr'>ὅτι</span> <span class='ocrx_word' id='word_1_453' title='bbox 2516 2997 2720 3069; x_wconf 82' lang='grc' dir='ltr'>Κύριος</span> <span class='ocrx_word' id='word_1_454' title='bbox 2767 2998 2944 3063; x_wconf 77' lang='grc' dir='ltr'>κτίζει</span> <span class='ocrx_word' id='word_1_455' title='bbox 2999 3015 3059 3050; x_wconf 89' lang='grc' dir='ltr'><strong>σε</strong></span> <span class='ocrx_word' id='word_1_456' title='bbox 3100 2999 3181 3058; x_wconf 80' lang='grc' dir='ltr'>εἰς</span> <span class='ocrx_word' id='word_1_457' title='bbox 3209 2999 3518 3071; x_wconf 80' lang='grc' dir='ltr'>σωτηρίαν·</span> <span class='ocrx_word' id='word_1_458' title='bbox 3557 3015 3574 3048; x_wconf 72' lang='grc' dir='ltr'><strong>ι</strong></span> <span class='ocrx_word' id='word_1_459' title='bbox 3598 2995 3678 3048; x_wconf 77' lang='grc' dir='ltr'>καὶ</span> 
     </span>
    </p>
   </div>
   <div class='ocr_carea' id='block_1_63' title="bbox 448 3089 2020 3161">
    <p class='ocr_par' dir='ltr' id='par_1_63' title="bbox 448 3089 2020 3161">
     <span class='ocr_line' id='line_1_63' title="bbox 448 3089 2020 3161; baseline 0.002 -18"><span class='ocrx_word' id='word_1_460' title='bbox 448 3108 468 3141; x_wconf 76' lang='grc' dir='ltr'><strong>ι</strong></span> <span class='ocrx_word' id='word_1_461' title='bbox 498 3089 605 3144; x_wconf 86' lang='lat' dir='ltr'><strong>Cor</strong></span> <span class='ocrx_word' id='word_1_462' title='bbox 644 3099 795 3144; x_wconf 91' lang='lat' dir='ltr'><strong>tuum</strong></span> <span class='ocrx_word' id='word_1_463' title='bbox 852 3091 1096 3146; x_wconf 87' lang='lat' dir='ltr'><strong>humeris</strong></span> <span class='ocrx_word' id='word_1_464' title='bbox 1157 3089 1264 3146; x_wconf 90' lang='lat' dir='ltr'><strong>tuis</strong></span> <span class='ocrx_word' id='word_1_465' title='bbox 1313 3091 1549 3161; x_wconf 91' lang='lat' dir='ltr'><strong>impone,</strong></span> <span class='ocrx_word' id='word_1_466' title='bbox 1596 3091 2020 3148; x_wconf 88' lang='lat' dir='ltr'><strong>honoratissima</strong></span> 
     </span>
    </p>
   </div>
   <div class='ocr_carea' id='block_1_64' title="bbox 442 3182 2020 3252">
    <p class='ocr_par' dir='ltr' id='par_1_64' title="bbox 442 3182 2020 3252">
     <span class='ocr_line' id='line_1_64' title="bbox 442 3182 2020 3252; baseline 0.003 -17"><span class='ocrx_word' id='word_1_467' title='bbox 442 3182 574 3246; x_wconf 76' lang='lat' dir='ltr'><strong>illia,</strong></span> <span class='ocrx_word' id='word_1_468' title='bbox 604 3183 733 3252; x_wconf 88' lang='lat' dir='ltr'><strong>quia</strong></span> <span class='ocrx_word' id='word_1_469' title='bbox 767 3183 1034 3238; x_wconf 87' lang='lat' dir='ltr'><strong>Dominus</strong></span> <span class='ocrx_word' id='word_1_470' title='bbox 1064 3192 1116 3238; x_wconf 94' lang='lat' dir='ltr'><strong>te</strong></span> <span class='ocrx_word' id='word_1_471' title='bbox 1147 3182 1201 3237; x_wconf 92' lang='lat' dir='ltr'><strong>in</strong></span> <span class='ocrx_word' id='word_1_472' title='bbox 1234 3184 1462 3238; x_wconf 87' lang='lat' dir='ltr'><strong>salutem</strong></span> <span class='ocrx_word' id='word_1_473' title='bbox 1491 3185 1698 3240; x_wconf 88' lang='lat' dir='ltr'><strong>creavit</strong></span> <span class='ocrx_word' id='word_1_474' title='bbox 1722 3185 1792 3239; x_wconf 80' lang='lat'><strong>“.</strong></span> <span class='ocrx_word' id='word_1_475' title='bbox 1830 3204 1848 3238; x_wconf 76' lang='grc' dir='ltr'><strong>ι</strong></span> <span class='ocrx_word' id='word_1_476' title='bbox 1881 3183 2020 3239; x_wconf 86' lang='lat' dir='ltr'><strong>Nam</strong></span> 
     </span>
    </p>
   </div>
   <div class='ocr_carea' id='block_1_65' title="bbox 439 3273 2023 3344">
    <p class='ocr_par' dir='ltr' id='par_1_65' title="bbox 439 3273 2023 3344">
     <span class='ocr_line' id='line_1_65' title="bbox 439 3273 2023 3344; baseline 0.001 -16"><span class='ocrx_word' id='word_1_477' title='bbox 439 3282 497 3328; x_wconf 89' lang='lat' dir='ltr'><strong>ct</strong></span> <span class='ocrx_word' id='word_1_478' title='bbox 543 3288 737 3327; x_wconf 72' lang='lat' dir='ltr'><strong>mantus</strong></span> <span class='ocrx_word' id='word_1_479' title='bbox 778 3284 833 3328; x_wconf 88' lang='lat' dir='ltr'><strong>et</strong></span> <span class='ocrx_word' id='word_1_480' title='bbox 880 3273 1139 3328; x_wconf 89' lang='lat' dir='ltr'><strong>humeros</strong></span> <span class='ocrx_word' id='word_1_481' title='bbox 1183 3273 1250 3328; x_wconf 91' lang='lat' dir='ltr'><strong>de</strong></span> <span class='ocrx_word' id='word_1_482' title='bbox 1292 3273 1600 3329; x_wconf 90' lang='lat' dir='ltr'><strong>actionibus</strong></span> <span class='ocrx_word' id='word_1_483' title='bbox 1639 3275 1836 3344; x_wconf 87' lang='lat' dir='ltr'><strong>accipit</strong></span> <span class='ocrx_word' id='word_1_484' title='bbox 1872 3274 2023 3330; x_wconf 86' lang='lat' dir='ltr'><strong>Scri—</strong></span> 
     </span>
    </p>
   </div>
   <div class='ocr_carea' id='block_1_66' title="bbox 442 3362 2025 3435">
    <p class='ocr_par' dir='ltr' id='par_1_66' title="bbox 442 3362 2025 3435">
     <span class='ocr_line' id='line_1_66' title="bbox 442 3362 2025 3435; baseline 0.003 -19"><span class='ocrx_word' id='word_1_485' title='bbox 442 3367 625 3433; x_wconf 83' lang='lat' dir='ltr'><strong>ptura,</strong></span> <span class='ocrx_word' id='word_1_486' title='bbox 654 3365 892 3433; x_wconf 88' lang='lat' dir='ltr'><strong>quando,</strong></span> <span class='ocrx_word' id='word_1_487' title='bbox 921 3380 975 3420; x_wconf 91' lang='lat' dir='ltr'><strong>v.</strong></span> <span class='ocrx_word' id='word_1_488' title='bbox 996 3381 1071 3435; x_wconf 86' lang='lat' dir='ltr'><strong>g..</strong></span> <span class='ocrx_word' id='word_1_489' title='bbox 1103 3363 1170 3418; x_wconf 86' lang='lat' dir='ltr'><strong>de</strong></span> <span class='ocrx_word' id='word_1_490' title='bbox 1189 3363 1392 3418; x_wconf 87' lang='lat' dir='ltr'><strong>Davide</strong></span> <span class='ocrx_word' id='word_1_491' title='bbox 1421 3364 1529 3418; x_wconf 88' lang='lat' dir='ltr'><strong>ait:</strong></span> <span class='ocrx_word' id='word_1_492' title='bbox 1561 3382 1579 3416; x_wconf 83' lang='grc' dir='ltr'><strong>ι</strong></span> <span class='ocrx_word' id='word_1_493' title='bbox 1610 3362 1678 3418; x_wconf 89' lang='lat' dir='ltr'><strong>Et</strong></span> <span class='ocrx_word' id='word_1_494' title='bbox 1709 3364 1764 3418; x_wconf 90' lang='lat' dir='ltr'><strong>in</strong></span> <span class='ocrx_word' id='word_1_495' title='bbox 1788 3365 2025 3434; x_wconf 85' lang='lat' dir='ltr'><strong>pruden-</strong></span> 
     </span>
    </p>
   </div>
   <div class='ocr_carea' id='block_1_67' title="bbox 443 3453 2024 3526">
    <p class='ocr_par' dir='ltr' id='par_1_67' title="bbox 443 3453 2024 3526">
     <span class='ocr_line' id='line_1_67' title="bbox 443 3453 2024 3526; baseline 0.001 -18"><span class='ocrx_word' id='word_1_496' title='bbox 443 3455 519 3508; x_wconf 90' lang='lat' dir='ltr'><strong>tia</strong></span> <span class='ocrx_word' id='word_1_497' title='bbox 555 3469 818 3508; x_wconf 88' lang='lat' dir='ltr'><strong>manuum</strong></span> <span class='ocrx_word' id='word_1_498' title='bbox 851 3469 1077 3509; x_wconf 91' lang='lat' dir='ltr'><strong>suarum</strong></span> <span class='ocrx_word' id='word_1_499' title='bbox 1111 3454 1267 3508; x_wconf 79' lang='lat' dir='ltr'><strong>duxit</strong></span> <span class='ocrx_word' id='word_1_500' title='bbox 1313 3469 1410 3509; x_wconf 91' lang='lat' dir='ltr'><strong>eos</strong></span> <span class='ocrx_word' id='word_1_501' title='bbox 1431 3456 1501 3508; x_wconf 74' lang='lat'><strong>’7.</strong></span> <span class='ocrx_word' id='word_1_502' title='bbox 1541 3473 1558 3506; x_wconf 77' lang='grc' dir='ltr'><strong>ι</strong></span> <span class='ocrx_word' id='word_1_503' title='bbox 1595 3453 1828 3510; x_wconf 88' lang='lat' dir='ltr'><strong>Oraculo</strong></span> <span class='ocrx_word' id='word_1_504' title='bbox 1858 3471 2024 3526; x_wconf 89' lang='lat' dir='ltr'><strong>porro</strong></span> 
     </span>
    </p>
   </div>
   <div class='ocr_carea' id='block_1_68' title="bbox 449 3546 2026 3617">
    <p class='ocr_par' dir='ltr' id='par_1_68' title="bbox 449 3546 2026 3617">
     <span class='ocr_line' id='line_1_68' title="bbox 449 3546 2026 3617; baseline 0.003 -18"><span class='ocrx_word' id='word_1_505' title='bbox 449 3546 551 3612; x_wconf 91' lang='lat' dir='ltr'><strong>illi,</strong></span> <span class='ocrx_word' id='word_1_506' title='bbox 589 3547 736 3615; x_wconf 91' lang='lat' dir='ltr'><strong>quod</strong></span> <span class='ocrx_word' id='word_1_507' title='bbox 773 3546 983 3616; x_wconf 89' lang='lat' dir='ltr'><strong>pectori</strong></span> <span class='ocrx_word' id='word_1_508' title='bbox 1029 3556 1148 3601; x_wconf 90' lang='lat' dir='ltr'><strong>erat</strong></span> <span class='ocrx_word' id='word_1_509' title='bbox 1197 3555 1463 3616; x_wconf 89' lang='lat' dir='ltr'><strong>aptatum,</strong></span> <span class='ocrx_word' id='word_1_510' title='bbox 1495 3546 1780 3602; x_wconf 90' lang='lat' dir='ltr'><strong>duodecim</strong></span> <span class='ocrx_word' id='word_1_511' title='bbox 1817 3547 2026 3617; x_wconf 83' lang='lat' dir='ltr'><strong>lapides</strong></span> 
     </span>
    </p>
   </div>
   <div class='ocr_carea' id='block_1_69' title="bbox 446 3637 2022 3710">
    <p class='ocr_par' dir='ltr' id='par_1_69' title="bbox 446 3637 2022 3710">
     <span class='ocr_line' id='line_1_69' title="bbox 446 3637 2022 3710; baseline -0.003 -15"><span class='ocrx_word' id='word_1_512' title='bbox 446 3640 600 3695; x_wconf 82' lang='lat' dir='ltr'><strong>inlixi</strong></span> <span class='ocrx_word' id='word_1_513' title='bbox 653 3647 846 3706; x_wconf 90' lang='lat' dir='ltr'><strong>erant,</strong></span> <span class='ocrx_word' id='word_1_514' title='bbox 900 3639 994 3708; x_wconf 92' lang='lat' dir='ltr'><strong>qui</strong></span> <span class='ocrx_word' id='word_1_515' title='bbox 1047 3638 1337 3694; x_wconf 85' lang='lat' dir='ltr'><strong>duodecim</strong></span> <span class='ocrx_word' id='word_1_516' title='bbox 1397 3639 1570 3693; x_wconf 89' lang='lat' dir='ltr'><strong>tribus</strong></span> <span class='ocrx_word' id='word_1_517' title='bbox 1621 3637 2022 3710; x_wconf 76' lang='lat' dir='ltr'><strong>signiﬁcabant.</strong></span> 
     </span>
    </p>
   </div>
   <div class='ocr_carea' id='block_1_70' title="bbox 446 3728 2024 3801">
    <p class='ocr_par' dir='ltr' id='par_1_70' title="bbox 446 3728 2024 3801">
     <span class='ocr_line' id='line_1_70' title="bbox 446 3728 2024 3801; baseline -0.002 -15"><span class='ocrx_word' id='word_1_518' title='bbox 446 3732 550 3786; x_wconf 87' lang='lat' dir='ltr'><strong>Ilic</strong></span> <span class='ocrx_word' id='word_1_519' title='bbox 578 3731 738 3786; x_wconf 90' lang='lat' dir='ltr'><strong>velim</strong></span> <span class='ocrx_word' id='word_1_520' title='bbox 775 3731 1057 3796; x_wconf 83' lang='lat' dir='ltr'><strong>observes,</strong></span> <span class='ocrx_word' id='word_1_521' title='bbox 1107 3746 1274 3801; x_wconf 88' lang='lat' dir='ltr'><strong>supra</strong></span> <span class='ocrx_word' id='word_1_522' title='bbox 1313 3729 1532 3801; x_wconf 88' lang='lat' dir='ltr'><strong>quidem</strong></span> <span class='ocrx_word' id='word_1_523' title='bbox 1576 3737 1631 3784; x_wconf 92' lang='lat' dir='ltr'><strong>et</strong></span> <span class='ocrx_word' id='word_1_524' title='bbox 1683 3730 1737 3783; x_wconf 92' lang='lat' dir='ltr'><strong>in</strong></span> <span class='ocrx_word' id='word_1_525' title='bbox 1783 3728 2024 3784; x_wconf 88' lang='lat' dir='ltr'><strong>humeris</strong></span> 
     </span>
    </p>
   </div>
   <div class='ocr_carea' id='block_1_71' title="bbox 447 3820 2025 3894">
    <p class='ocr_par' dir='ltr' id='par_1_71' title="bbox 447 3820 2025 3894">
     <span class='ocr_line' id='line_1_71' title="bbox 447 3820 2025 3894; baseline -0.004 -14"><span class='ocrx_word' id='word_1_526' title='bbox 447 3839 619 3880; x_wconf 92' lang='lat' dir='ltr'><strong>unum</strong></span> <span class='ocrx_word' id='word_1_527' title='bbox 656 3825 885 3879; x_wconf 91' lang='lat' dir='ltr'><strong>omnino</strong></span> <span class='ocrx_word' id='word_1_528' title='bbox 916 3823 1172 3894; x_wconf 84' lang='lat' dir='ltr'><strong>lapidem,</strong></span> <span class='ocrx_word' id='word_1_529' title='bbox 1217 3823 1564 3894; x_wconf 89' lang='lat' dir='ltr'><strong>smaragdum</strong></span> <span class='ocrx_word' id='word_1_530' title='bbox 1597 3821 1842 3888; x_wconf 90' lang='lat' dir='ltr'><strong>scilicet,</strong></span> <span class='ocrx_word' id='word_1_531' title='bbox 1884 3820 2025 3875; x_wconf 82' lang='lat' dir='ltr'><strong>infra</strong></span> 
     </span>
    </p>
   </div>
   <div class='ocr_carea' id='block_1_72' title="bbox 445 3909 2059 3980">
    <p class='ocr_par' dir='ltr' id='par_1_72' title="bbox 445 3909 2059 3980">
     <span class='ocr_line' id='line_1_72' title="bbox 445 3909 2059 3980; baseline -0.001 -14"><span class='ocrx_word' id='word_1_532' title='bbox 445 3919 631 3966; x_wconf 84' lang='lat' dir='ltr'><strong>autem</strong></span> <span class='ocrx_word' id='word_1_533' title='bbox 689 3919 744 3965; x_wconf 90' lang='lat' dir='ltr'><strong>et</strong></span> <span class='ocrx_word' id='word_1_534' title='bbox 796 3911 851 3966; x_wconf 90' lang='lat' dir='ltr'><strong>in</strong></span> <span class='ocrx_word' id='word_1_535' title='bbox 908 3921 1127 3980; x_wconf 90' lang='lat' dir='ltr'><strong>pectore</strong></span> <span class='ocrx_word' id='word_1_536' title='bbox 1177 3912 1461 3967; x_wconf 86' lang='lat' dir='ltr'><strong>duodecim</strong></span> <span class='ocrx_word' id='word_1_537' title='bbox 1514 3911 1703 3966; x_wconf 84' lang='lat' dir='ltr'><strong>fuisse.</strong></span> <span class='ocrx_word' id='word_1_538' title='bbox 1744 3909 1859 3964; x_wconf 86' lang='lat' dir='ltr'><strong>Hoc</strong></span> <span class='ocrx_word' id='word_1_539' title='bbox 1899 3927 2059 3972; x_wconf 78' lang='lat' dir='ltr'><strong>vero,</strong></span> 
     </span>
    </p>
   </div>
   <div class='ocr_carea' id='block_1_73' title="bbox 446 4003 2026 4072">
    <p class='ocr_par' dir='ltr' id='par_1_73' title="bbox 446 4003 2026 4072">
     <span class='ocr_line' id='line_1_73' title="bbox 446 4003 2026 4072; baseline 0.001 -16"><span class='ocrx_word' id='word_1_540' title='bbox 446 4003 752 4066; x_wconf 88' lang='lat' dir='ltr'><strong>subinnuit,</strong></span> <span class='ocrx_word' id='word_1_541' title='bbox 797 4017 1127 4068; x_wconf 84' lang='lat' dir='ltr'><strong>nosomnes</strong></span> <span class='ocrx_word' id='word_1_542' title='bbox 1159 4003 1292 4057; x_wconf 89' lang='lat' dir='ltr'><strong>olim</strong></span> <span class='ocrx_word' id='word_1_543' title='bbox 1322 4003 1541 4072; x_wconf 91' lang='lat' dir='ltr'><strong>quidem</strong></span> <span class='ocrx_word' id='word_1_544' title='bbox 1591 4003 1782 4056; x_wconf 90' lang='lat' dir='ltr'><strong>eodem</strong></span> <span class='ocrx_word' id='word_1_545' title='bbox 1828 4017 2026 4071; x_wconf 79' lang='lat' dir='ltr'><strong>genere</strong></span> 
     </span>
    </p>
   </div>
   <div class='ocr_carea' id='block_1_74' title="bbox 447 4092 2026 4162">
    <p class='ocr_par' dir='ltr' id='par_1_74' title="bbox 447 4092 2026 4162">
     <span class='ocr_line' id='line_1_74' title="bbox 447 4092 2026 4162; baseline 0.003 -18"><span class='ocrx_word' id='word_1_546' title='bbox 447 4102 598 4146; x_wconf 88' lang='lat' dir='ltr'><strong>ortos</strong></span> <span class='ocrx_word' id='word_1_547' title='bbox 638 4105 778 4157; x_wconf 83' lang='lat' dir='ltr'><strong>esse,</strong></span> <span class='ocrx_word' id='word_1_548' title='bbox 841 4093 1164 4161; x_wconf 91' lang='lat' dir='ltr'><strong>procedente</strong></span> <span class='ocrx_word' id='word_1_549' title='bbox 1208 4109 1340 4147; x_wconf 92' lang='lat' dir='ltr'><strong>vero</strong></span> <span class='ocrx_word' id='word_1_550' title='bbox 1389 4105 1633 4162; x_wconf 91' lang='lat' dir='ltr'><strong>tempore</strong></span> <span class='ocrx_word' id='word_1_551' title='bbox 1701 4092 1756 4146; x_wconf 92' lang='lat' dir='ltr'><strong>in</strong></span> <span class='ocrx_word' id='word_1_552' title='bbox 1811 4093 2026 4148; x_wconf 77' lang='lat' dir='ltr'><strong>diversa</strong></span> 
     </span>
    </p>
   </div>
   <div class='ocr_carea' id='block_1_75' title="bbox 451 4184 2027 4255">
    <p class='ocr_par' dir='ltr' id='par_1_75' title="bbox 451 4184 2027 4255">
     <span class='ocr_line' id='line_1_75' title="bbox 451 4184 2027 4255; baseline 0.002 -17"><span class='ocrx_word' id='word_1_553' title='bbox 451 4184 631 4238; x_wconf 89' lang='lat' dir='ltr'><strong>studia</strong></span> <span class='ocrx_word' id='word_1_554' title='bbox 673 4185 898 4240; x_wconf 83' lang='lat' dir='ltr'><strong>scissos.</strong></span> <span class='ocrx_word' id='word_1_555' title='bbox 947 4185 1135 4255; x_wconf 84' lang='lat' dir='ltr'><strong>Itaque</strong></span> <span class='ocrx_word' id='word_1_556' title='bbox 1187 4185 1335 4238; x_wconf 85' lang='lat' dir='ltr'><strong>aliud</strong></span> <span class='ocrx_word' id='word_1_557' title='bbox 1389 4185 1573 4238; x_wconf 87' lang='lat' dir='ltr'><strong>studio</strong></span> <span class='ocrx_word' id='word_1_558' title='bbox 1618 4195 1827 4251; x_wconf 83' lang='lat' dir='ltr'><strong>nostro,</strong></span> <span class='ocrx_word' id='word_1_559' title='bbox 1880 4186 2027 4241; x_wconf 90' lang='lat' dir='ltr'><strong>aliud</strong></span> 
     </span>
    </p>
   </div>
   <div class='ocr_carea' id='block_1_76' title="bbox 453 4276 2027 4346">
    <p class='ocr_par' dir='ltr' id='par_1_76' title="bbox 453 4276 2027 4346">
     <span class='ocr_line' id='line_1_76' title="bbox 453 4276 2027 4346; baseline 0.003 -17"><span class='ocrx_word' id='word_1_560' title='bbox 453 4285 663 4330; x_wconf 67' lang='lat' dir='ltr'><strong>naturae</strong></span> <span class='ocrx_word' id='word_1_561' title='bbox 708 4276 883 4331; x_wconf 81' lang='lat' dir='ltr'><strong>fertur</strong></span> <span class='ocrx_word' id='word_1_562' title='bbox 937 4285 1248 4346; x_wconf 89' lang='lat' dir='ltr'><strong>acceptum.</strong></span> <span class='ocrx_word' id='word_1_563' title='bbox 1309 4277 1422 4331; x_wconf 87' lang='lat' dir='ltr'><strong>Sub</strong></span> <span class='ocrx_word' id='word_1_564' title='bbox 1462 4276 1676 4331; x_wconf 88' lang='lat' dir='ltr'><strong>limbria</strong></span> <span class='ocrx_word' id='word_1_565' title='bbox 1726 4278 2027 4333; x_wconf 71' lang='lat' dir='ltr'><strong>sacerdotis</strong></span> 
     </span>
    </p>
   </div>
   <div class='ocr_carea' id='block_1_77' title="bbox 451 4368 2026 4440">
    <p class='ocr_par' dir='ltr' id='par_1_77' title="bbox 451 4368 2026 4440">
     <span class='ocr_line' id='line_1_77' title="bbox 451 4368 2026 4440; baseline 0.003 -19"><span class='ocrx_word' id='word_1_566' title='bbox 451 4369 889 4438; x_wconf 82' lang='lat' dir='ltr'><strong>conspiciebatur</strong></span> <span class='ocrx_word' id='word_1_567' title='bbox 925 4379 1137 4440; x_wconf 79' lang='lat' dir='ltr'><strong>margo,</strong></span> <span class='ocrx_word' id='word_1_568' title='bbox 1171 4368 1328 4438; x_wconf 85' lang='grc' dir='ltr'>λῶμα</span> <span class='ocrx_word' id='word_1_569' title='bbox 1357 4369 1560 4433; x_wconf 90' lang='lat' dir='ltr'><strong>dictus,</strong></span> <span class='ocrx_word' id='word_1_570' title='bbox 1610 4383 1676 4424; x_wconf 79' lang='lat' dir='ltr'><strong>ex</strong></span> <span class='ocrx_word' id='word_1_571' title='bbox 1706 4383 1816 4439; x_wconf 88' lang='lat' dir='ltr'><strong>quo</strong></span> <span class='ocrx_word' id='word_1_572' title='bbox 1864 4369 2026 4425; x_wconf 82' lang='lat' dir='ltr'><strong>ﬂores</strong></span> 
     </span>
    </p>
   </div>
   <div class='ocr_carea' id='block_1_78' title="bbox 452 4457 2027 4530">
    <p class='ocr_par' dir='ltr' id='par_1_78' title="bbox 452 4457 2027 4530">
     <span class='ocr_line' id='line_1_78' title="bbox 452 4457 2027 4530; baseline -0.001 -17"><span class='ocrx_word' id='word_1_573' title='bbox 452 4460 580 4513; x_wconf 89' lang='lat' dir='ltr'><strong>mali</strong></span> <span class='ocrx_word' id='word_1_574' title='bbox 633 4460 838 4527; x_wconf 91' lang='lat' dir='ltr'><strong>punici,</strong></span> <span class='ocrx_word' id='word_1_575' title='bbox 898 4459 1040 4513; x_wconf 90' lang='lat' dir='ltr'><strong>mala</strong></span> <span class='ocrx_word' id='word_1_576' title='bbox 1089 4460 1293 4530; x_wconf 89' lang='lat' dir='ltr'><strong>punica</strong></span> <span class='ocrx_word' id='word_1_577' title='bbox 1337 4473 1502 4512; x_wconf 88' lang='lat' dir='ltr'><strong>aurea</strong></span> <span class='ocrx_word' id='word_1_578' title='bbox 1551 4466 1605 4512; x_wconf 89' lang='lat' dir='ltr'><strong>ct</strong></span> <span class='ocrx_word' id='word_1_579' title='bbox 1662 4457 2027 4512; x_wconf 88' lang='lat' dir='ltr'><strong>tintinnabula</strong></span> 
     </span>
    </p>
   </div>
   <div class='ocr_carea' id='block_1_79' title="bbox 451 4549 2032 4627">
    <p class='ocr_par' dir='ltr' id='par_1_79' title="bbox 451 4549 2032 4627">
     <span class='ocr_line' id='line_1_79' title="bbox 451 4549 2032 4627; baseline -0.003 -21"><span class='ocrx_word' id='word_1_580' title='bbox 451 4552 781 4622; x_wconf 85' lang='lat' dir='ltr'><strong>pendebant.</strong></span> <span class='ocrx_word' id='word_1_581' title='bbox 811 4551 1097 4618; x_wconf 86' lang='lat' dir='ltr'><strong>Quomodo</strong></span> <span class='ocrx_word' id='word_1_582' title='bbox 1125 4566 1255 4605; x_wconf 89' lang='lat' dir='ltr'><strong>vero</strong></span> <span class='ocrx_word' id='word_1_583' title='bbox 1280 4552 1390 4604; x_wconf 61' lang='lat' dir='ltr'><strong>haec</strong></span> <span class='ocrx_word' id='word_1_584' title='bbox 1415 4549 1524 4604; x_wconf 90' lang='lat' dir='ltr'><strong>Deo</strong></span> <span class='ocrx_word' id='word_1_585' title='bbox 1549 4565 1642 4619; x_wconf 89' lang='lat' dir='ltr'><strong>per</strong></span> <span class='ocrx_word' id='word_1_586' title='bbox 1658 4565 1718 4604; x_wconf 89' lang='lat' dir='ltr'><strong>se</strong></span> <span class='ocrx_word' id='word_1_587' title='bbox 1740 4558 1795 4603; x_wconf 92' lang='lat' dir='ltr'><strong>et</strong></span> <span class='ocrx_word' id='word_1_588' title='bbox 1823 4549 2032 4627; x_wconf 78' lang='lat' dir='ltr'><strong>ratiouc</strong></span> 
     </span>
    </p>
   </div>
   <div class='ocr_carea' id='block_1_80' title="bbox 454 4641 2030 4714">
    <p class='ocr_par' dir='ltr' id='par_1_80' title="bbox 454 4641 2030 4714">
     <span class='ocr_line' id='line_1_80' title="bbox 454 4641 2030 4714; baseline -0.001 -18"><span class='ocrx_word' id='word_1_589' title='bbox 454 4645 712 4714; x_wconf 70' lang='lat' dir='ltr'><strong>praacipui</strong></span> <span class='ocrx_word' id='word_1_590' title='bbox 758 4645 969 4698; x_wconf 84' lang='lat' dir='ltr'><strong>consilii</strong></span> <span class='ocrx_word' id='word_1_591' title='bbox 1023 4643 1106 4698; x_wconf 92' lang='lat' dir='ltr'><strong>sui</strong></span> <span class='ocrx_word' id='word_1_592' title='bbox 1155 4643 1376 4713; x_wconf 88' lang='lat' dir='ltr'><strong>placere</strong></span> <span class='ocrx_word' id='word_1_593' title='bbox 1423 4641 1706 4712; x_wconf 90' lang='lat' dir='ltr'><strong>poterant?</strong></span> <span class='ocrx_word' id='word_1_594' title='bbox 1750 4641 1864 4695; x_wconf 92' lang='lat' dir='ltr'><strong>Imo</strong></span> <span class='ocrx_word' id='word_1_595' title='bbox 1902 4655 2030 4695; x_wconf 91' lang='lat' dir='ltr'><strong>vero</strong></span> 
     </span>
    </p>
   </div>
   <div class='ocr_carea' id='block_1_81' title="bbox 456 4732 2029 4806">
    <p class='ocr_par' dir='ltr' id='par_1_81' title="bbox 456 4732 2029 4806">
     <span class='ocr_line' id='line_1_81' title="bbox 456 4732 2029 4806; baseline -0.003 -16"><span class='ocrx_word' id='word_1_596' title='bbox 456 4737 578 4806; x_wconf 80' lang='lat' dir='ltr'><strong>ipso</strong></span> <span class='ocrx_word' id='word_1_597' title='bbox 604 4737 706 4792; x_wconf 89' lang='lat' dir='ltr'><strong>hoc</strong></span> <span class='ocrx_word' id='word_1_598' title='bbox 734 4736 1037 4792; x_wconf 90' lang='lat' dir='ltr'><strong>sacerdotis</strong></span> <span class='ocrx_word' id='word_1_599' title='bbox 1063 4736 1250 4790; x_wconf 89' lang='lat' dir='ltr'><strong>habitu</strong></span> <span class='ocrx_word' id='word_1_600' title='bbox 1280 4735 1507 4788; x_wconf 88' lang='lat' dir='ltr'><strong>virtutes</strong></span> <span class='ocrx_word' id='word_1_601' title='bbox 1534 4733 1748 4803; x_wconf 82' lang='lat' dir='ltr'><strong>depingi</strong></span> <span class='ocrx_word' id='word_1_602' title='bbox 1775 4732 2029 4786; x_wconf 81' lang='lat' dir='ltr'><strong>faciebat.</strong></span> 
     </span>
    </p>
   </div>
   <div class='ocr_carea' id='block_1_82' title="bbox 462 4825 2038 4895">
    <p class='ocr_par' dir='ltr' id='par_1_82' title="bbox 462 4825 2038 4895">
     <span class='ocr_line' id='line_1_82' title="bbox 462 4825 2038 4895; baseline -0.002 -14"><span class='ocrx_word' id='word_1_603' title='bbox 462 4827 565 4893; x_wconf 88' lang='lat' dir='ltr'><strong>Qui</strong></span> <span class='ocrx_word' id='word_1_604' title='bbox 596 4827 734 4882; x_wconf 78' lang='lat' dir='ltr'><strong>infra</strong></span> <span class='ocrx_word' id='word_1_605' title='bbox 760 4836 919 4883; x_wconf 89' lang='lat' dir='ltr'><strong>erant</strong></span> <span class='ocrx_word' id='word_1_606' title='bbox 945 4827 1104 4882; x_wconf 85' lang='lat' dir='ltr'><strong>llores</strong></span> <span class='ocrx_word' id='word_1_607' title='bbox 1147 4837 1200 4882; x_wconf 90' lang='lat' dir='ltr'><strong>et</strong></span> <span class='ocrx_word' id='word_1_608' title='bbox 1239 4827 1472 4890; x_wconf 75' lang='lat' dir='ltr'><strong>fructus,</strong></span> <span class='ocrx_word' id='word_1_609' title='bbox 1516 4825 1806 4895; x_wconf 72' lang='lat' dir='ltr'><strong>praeclaras</strong></span> <span class='ocrx_word' id='word_1_610' title='bbox 1869 4839 2038 4893; x_wconf 81' lang='lat' dir='ltr'><strong>quas-</strong></span> 
     </span>
    </p>
   </div>
   <div class='ocr_carea' id='block_1_83' title="bbox 2127 3088 3678 3161">
    <p class='ocr_par' dir='ltr' id='par_1_83' title="bbox 2127 3088 3678 3161">
     <span class='ocr_line' id='line_1_83' title="bbox 2127 3088 3678 3161; baseline -0.003 -18"><span class='ocrx_word' id='word_1_611' title='bbox 2127 3089 2238 3160; x_wconf 69' lang='grc' dir='ltr'><strong>γὰρ</strong></span> <span class='ocrx_word' id='word_1_612' title='bbox 2299 3089 2400 3153; x_wconf 83' lang='grc' dir='ltr'>τὰς</span> <span class='ocrx_word' id='word_1_613' title='bbox 2448 3092 2638 3160; x_wconf 81' lang='grc' dir='ltr'>χεῖρας</span> <span class='ocrx_word' id='word_1_614' title='bbox 2692 3091 2788 3144; x_wconf 71' lang='grc' dir='ltr'><strong>καὶ</strong></span> <span class='ocrx_word' id='word_1_615' title='bbox 2849 3090 2976 3153; x_wconf 81' lang='grc' dir='ltr'>τοὺς</span> <span class='ocrx_word' id='word_1_616' title='bbox 3023 3089 3212 3160; x_wconf 77' lang='grc' dir='ltr'>ὤμους</span> <span class='ocrx_word' id='word_1_617' title='bbox 3266 3091 3349 3154; x_wconf 79' lang='grc' dir='ltr'>εἰς</span> <span class='ocrx_word' id='word_1_618' title='bbox 3402 3088 3678 3161; x_wconf 80' lang='grc' dir='ltr'>πράξειςή</span> 
     </span>
    </p>
   </div>
   <div class='ocr_carea' id='block_1_84' title="bbox 2126 3181 3682 3256">
    <p class='ocr_par' dir='ltr' id='par_1_84' title="bbox 2126 3181 3682 3256">
     <span class='ocr_line' id='line_1_84' title="bbox 2126 3181 3682 3256; baseline -0.001 -20"><span class='ocrx_word' id='word_1_619' title='bbox 2126 3182 2320 3256; x_wconf 78' lang='grc' dir='ltr'>Γραφὴ</span> <span class='ocrx_word' id='word_1_620' title='bbox 2377 3182 2698 3252; x_wconf 83' lang='grc' dir='ltr'>λαμϐάνει,</span> <span class='ocrx_word' id='word_1_621' title='bbox 2766 3182 2842 3246; x_wconf 83' lang='grc' dir='ltr'><strong>ὡς</strong></span> <span class='ocrx_word' id='word_1_622' title='bbox 2894 3182 3022 3238; x_wconf 80' lang='grc' dir='ltr'>ὅταν</span> <span class='ocrx_word' id='word_1_623' title='bbox 3072 3183 3220 3252; x_wconf 81' lang='grc' dir='ltr'>λέγει</span> <span class='ocrx_word' id='word_1_624' title='bbox 3274 3185 3408 3254; x_wconf 73' lang='grc' dir='ltr'>περὶ</span> <span class='ocrx_word' id='word_1_625' title='bbox 3462 3181 3551 3235; x_wconf 86' lang='grc' dir='ltr'><strong>τοῦ</strong></span> <span class='ocrx_word' id='word_1_626' title='bbox 3598 3184 3682 3234; x_wconf 70' lang='lat' dir='ltr'><strong>Aa.-</strong></span> 
     </span>
    </p>
   </div>
   <div class='ocr_carea' id='block_1_85' title="bbox 2131 3275 3683 3348">
    <p class='ocr_par' dir='ltr' id='par_1_85' title="bbox 2131 3275 3683 3348">
     <span class='ocr_line' id='line_1_85' title="bbox 2131 3275 3683 3348; baseline -0.003 -18"><span class='ocrx_word' id='word_1_627' title='bbox 2131 3277 2214 3330; x_wconf 88' lang='grc' dir='ltr'><strong>ϐίδ</strong></span> <span class='ocrx_word' id='word_1_628' title='bbox 2255 3295 2269 3308; x_wconf 76' lang='grc' dir='ltr'><strong><em>ο</em></strong></span> <span class='ocrx_word' id='word_1_629' title='bbox 2325 3297 2342 3330; x_wconf 84' lang='grc' dir='ltr'><strong>ι</strong></span> <span class='ocrx_word' id='word_1_630' title='bbox 2393 3279 2504 3332; x_wconf 78' lang='grc' dir='ltr'><strong>Καὶ</strong></span> <span class='ocrx_word' id='word_1_631' title='bbox 2556 3278 2616 3331; x_wconf 80' lang='grc' dir='ltr'>ὲν</span> <span class='ocrx_word' id='word_1_632' title='bbox 2667 3279 2786 3341; x_wconf 81' lang='grc' dir='ltr'>ταῖς</span> <span class='ocrx_word' id='word_1_633' title='bbox 2823 3278 3073 3331; x_wconf 84' lang='grc' dir='ltr'>συνέσεσι</span> <span class='ocrx_word' id='word_1_634' title='bbox 3112 3277 3223 3330; x_wconf 83' lang='grc' dir='ltr'><strong>τῶν</strong></span> <span class='ocrx_word' id='word_1_635' title='bbox 3284 3276 3484 3348; x_wconf 81' lang='grc' dir='ltr'>χειρῶν</span> <span class='ocrx_word' id='word_1_636' title='bbox 3530 3275 3683 3329; x_wconf 81' lang='grc' dir='ltr'>αὐτῶν</span> 
     </span>
    </p>
   </div>
   <div class='ocr_carea' id='block_1_86' title="bbox 2129 3364 3682 3440">
    <p class='ocr_par' dir='ltr' id='par_1_86' title="bbox 2129 3364 3682 3440">
     <span class='ocr_line' id='line_1_86' title="bbox 2129 3364 3682 3440; baseline -0.003 -18"><span class='ocrx_word' id='word_1_637' title='bbox 2129 3367 2410 3440; x_wconf 81' lang='grc' dir='ltr'>ὡδήγησεν</span> <span class='ocrx_word' id='word_1_638' title='bbox 2457 3369 2675 3430; x_wconf 80' lang='grc' dir='ltr'>αὐτούς.</span> <span class='ocrx_word' id='word_1_639' title='bbox 2725 3387 2743 3419; x_wconf 83' lang='grc'>›</span> <span class='ocrx_word' id='word_1_640' title='bbox 2795 3367 3028 3438; x_wconf 82' lang='grc' dir='ltr'>Ἐνῆσαν</span> <span class='ocrx_word' id='word_1_641' title='bbox 3057 3368 3115 3422; x_wconf 80' lang='grc' dir='ltr'>δὲ</span> <span class='ocrx_word' id='word_1_642' title='bbox 3145 3367 3224 3439; x_wconf 80' lang='grc' dir='ltr'>τῷ</span> <span class='ocrx_word' id='word_1_643' title='bbox 3270 3368 3460 3438; x_wconf 84' lang='grc' dir='ltr'>λογίῳ,</span> <span class='ocrx_word' id='word_1_644' title='bbox 3489 3367 3562 3437; x_wconf 82' lang='grc' dir='ltr'>τῷ</span> <span class='ocrx_word' id='word_1_645' title='bbox 3604 3364 3682 3420; x_wconf 64' lang='grc' dir='ltr'><strong>ἐπὶ</strong></span> 
     </span>
    </p>
   </div>
   <div class='ocr_carea' id='block_1_87' title="bbox 2130 3459 3687 3531">
    <p class='ocr_par' dir='ltr' id='par_1_87' title="bbox 2130 3459 3687 3531">
     <span class='ocr_line' id='line_1_87' title="bbox 2130 3459 3687 3531; baseline -0.001 -18"><span class='ocrx_word' id='word_1_646' title='bbox 2130 3460 2224 3513; x_wconf 89' lang='grc' dir='ltr'><strong>τοῦ</strong></span> <span class='ocrx_word' id='word_1_647' title='bbox 2253 3460 2484 3528; x_wconf 85' lang='grc' dir='ltr'>στήθους</span> <span class='ocrx_word' id='word_1_648' title='bbox 2517 3461 2611 3513; x_wconf 71' lang='grc' dir='ltr'>καὶ</span> <span class='ocrx_word' id='word_1_649' title='bbox 2638 3462 2690 3512; x_wconf 87' lang='grc' dir='ltr'><strong>οί</strong></span> <span class='ocrx_word' id='word_1_650' title='bbox 2723 3460 2932 3515; x_wconf 84' lang='grc' dir='ltr'>δώδεκα</span> <span class='ocrx_word' id='word_1_651' title='bbox 2966 3459 3104 3514; x_wconf 88' lang='grc' dir='ltr'>λίθοι</span> <span class='ocrx_word' id='word_1_652' title='bbox 3161 3461 3580 3531; x_wconf 80' lang='grc' dir='ltr'>ὲνηρμοσμένοι,</span> <span class='ocrx_word' id='word_1_653' title='bbox 3605 3460 3687 3520; x_wconf 77' lang='grc' dir='ltr'>τὰς</span> 
     </span>
    </p>
   </div>
   <div class='ocr_carea' id='block_1_88' title="bbox 2131 3548 3687 3622">
    <p class='ocr_par' dir='ltr' id='par_1_88' title="bbox 2131 3548 3687 3622">
     <span class='ocr_line' id='line_1_88' title="bbox 2131 3548 3687 3622; baseline -0.002 -19"><span class='ocrx_word' id='word_1_654' title='bbox 2131 3549 2338 3604; x_wconf 84' lang='grc' dir='ltr'>δώδεκα</span> <span class='ocrx_word' id='word_1_655' title='bbox 2368 3549 2538 3620; x_wconf 78' lang='grc' dir='ltr'>φυλὰς</span> <span class='ocrx_word' id='word_1_656' title='bbox 2572 3549 2986 3620; x_wconf 83' lang='grc' dir='ltr'>ὑποδηλοῦντες.</span> <span class='ocrx_word' id='word_1_657' title='bbox 3013 3552 3122 3606; x_wconf 71' lang='grc' dir='ltr'><strong>Καὶ</strong></span> <span class='ocrx_word' id='word_1_658' title='bbox 3150 3552 3256 3622; x_wconf 69' lang='grc' dir='ltr'><strong>δρα</strong></span> <span class='ocrx_word' id='word_1_659' title='bbox 3286 3569 3299 3581; x_wconf 93' lang='grc'><strong>·</strong></span> <span class='ocrx_word' id='word_1_660' title='bbox 3326 3552 3439 3606; x_wconf 80' lang='grc' dir='ltr'>ἄνω</span> <span class='ocrx_word' id='word_1_661' title='bbox 3469 3551 3582 3622; x_wconf 76' lang='grc' dir='ltr'>μὲν,</span> <span class='ocrx_word' id='word_1_662' title='bbox 3609 3548 3687 3601; x_wconf 79' lang='grc' dir='ltr'>καὶ</span> 
     </span>
    </p>
   </div>
   <div class='ocr_carea' id='block_1_89' title="bbox 2133 3637 3687 3714">
    <p class='ocr_par' dir='ltr' id='par_1_89' title="bbox 2133 3637 3687 3714">
     <span class='ocr_line' id='line_1_89' title="bbox 2133 3637 3687 3714; baseline 0.005 -21"><span class='ocrx_word' id='word_1_663' title='bbox 2133 3641 2356 3694; x_wconf 76' lang='grc' dir='ltr'>ἐπὶτῶν</span> <span class='ocrx_word' id='word_1_664' title='bbox 2386 3641 2553 3712; x_wconf 80' lang='grc' dir='ltr'>ὤμων</span> <span class='ocrx_word' id='word_1_665' title='bbox 2587 3642 2686 3713; x_wconf 85' lang='grc' dir='ltr'><strong>μία</strong></span> <span class='ocrx_word' id='word_1_666' title='bbox 2717 3637 2786 3713; x_wconf 80' lang='grc' dir='ltr'>ἦν</span> <span class='ocrx_word' id='word_1_667' title='bbox 2813 3641 2974 3710; x_wconf 82' lang='grc' dir='ltr'>φύσις</span> <span class='ocrx_word' id='word_1_668' title='bbox 2996 3643 3105 3696; x_wconf 85' lang='grc' dir='ltr'>τῶν</span> <span class='ocrx_word' id='word_1_669' title='bbox 3133 3643 3304 3698; x_wconf 84' lang='grc' dir='ltr'>λίθων</span> <span class='ocrx_word' id='word_1_670' title='bbox 3325 3647 3352 3698; x_wconf 85' lang='grc' dir='ltr'><strong>ό</strong></span> <span class='ocrx_word' id='word_1_671' title='bbox 3385 3643 3687 3714; x_wconf 75' lang='grc' dir='ltr'>σμάραγδος.</span> 
     </span>
    </p>
   </div>
   <div class='ocr_carea' id='block_1_90' title="bbox 2133 3731 3689 3804">
    <p class='ocr_par' dir='ltr' id='par_1_90' title="bbox 2133 3731 3689 3804">
     <span class='ocr_line' id='line_1_90' title="bbox 2133 3731 3689 3804; baseline 0 -21"><span class='ocrx_word' id='word_1_672' title='bbox 2133 3731 2284 3784; x_wconf 87' lang='grc' dir='ltr'>κάτω</span> <span class='ocrx_word' id='word_1_673' title='bbox 2333 3732 2389 3786; x_wconf 80' lang='grc' dir='ltr'>δὲ</span> <span class='ocrx_word' id='word_1_674' title='bbox 2453 3733 2548 3785; x_wconf 77' lang='grc' dir='ltr'><strong>καὶ</strong></span> <span class='ocrx_word' id='word_1_675' title='bbox 2591 3732 2686 3784; x_wconf 80' lang='grc' dir='ltr'><strong>ἐπὶ</strong></span> <span class='ocrx_word' id='word_1_676' title='bbox 2742 3731 2837 3785; x_wconf 87' lang='grc' dir='ltr'><strong>τοῦ</strong></span> <span class='ocrx_word' id='word_1_677' title='bbox 2891 3732 3121 3804; x_wconf 89' lang='grc' dir='ltr'>στήθους</span> <span class='ocrx_word' id='word_1_678' title='bbox 3172 3735 3220 3787; x_wconf 73' lang='lat' dir='ltr'><strong>oi</strong></span> <span class='ocrx_word' id='word_1_679' title='bbox 3271 3733 3689 3788; x_wconf 80' lang='grc' dir='ltr'>δώδεκα·αἰνιτο</span> 
     </span>
    </p>
   </div>
   <div class='ocr_carea' id='block_1_91' title="bbox 2132 3822 3692 3896">
    <p class='ocr_par' dir='ltr' id='par_1_91' title="bbox 2132 3822 3692 3896">
     <span class='ocr_line' id='line_1_91' title="bbox 2132 3822 3692 3896; baseline -0.001 -20"><span class='ocrx_word' id='word_1_680' title='bbox 2132 3822 2360 3892; x_wconf 82' lang='grc' dir='ltr'>τομένου</span> <span class='ocrx_word' id='word_1_681' title='bbox 2411 3823 2506 3876; x_wconf 88' lang='grc' dir='ltr'><strong>τοῦ</strong></span> <span class='ocrx_word' id='word_1_682' title='bbox 2564 3822 2724 3892; x_wconf 84' lang='grc' dir='ltr'>λόγου</span> <span class='ocrx_word' id='word_1_683' title='bbox 2757 3863 2774 3890; x_wconf 89' lang='grc'><strong>,</strong></span> <span class='ocrx_word' id='word_1_684' title='bbox 2815 3824 2896 3878; x_wconf 83' lang='grc' dir='ltr'>ὅτι</span> <span class='ocrx_word' id='word_1_685' title='bbox 2943 3823 3151 3878; x_wconf 82' lang='grc' dir='ltr'>ἀνωθεν</span> <span class='ocrx_word' id='word_1_686' title='bbox 3213 3828 3316 3896; x_wconf 77' lang='grc' dir='ltr'>μὲν</span> <span class='ocrx_word' id='word_1_687' title='bbox 3360 3825 3590 3886; x_wconf 71' lang='grc' dir='ltr'>ἅπαντες</span> <span class='ocrx_word' id='word_1_688' title='bbox 3640 3824 3692 3875; x_wconf 75' lang='grc' dir='ltr'>ὲκ</span> 
     </span>
    </p>
   </div>
   <div class='ocr_carea' id='block_1_92' title="bbox 2138 3914 3687 3990">
    <p class='ocr_par' dir='ltr' id='par_1_92' title="bbox 2138 3914 3687 3990">
     <span class='ocr_line' id='line_1_92' title="bbox 2138 3914 3687 3990; baseline 0.001 -22"><span class='ocrx_word' id='word_1_689' title='bbox 2138 3917 2264 3986; x_wconf 84' lang='grc' dir='ltr'>μιᾶς</span> <span class='ocrx_word' id='word_1_690' title='bbox 2307 3916 2646 3987; x_wconf 86' lang='grc' dir='ltr'>προήλθομεν</span> <span class='ocrx_word' id='word_1_691' title='bbox 2699 3915 2949 3984; x_wconf 74' lang='grc' dir='ltr'>φύσεωςο</span> <span class='ocrx_word' id='word_1_692' title='bbox 3000 3917 3285 3987; x_wconf 78' lang='grc' dir='ltr'>προϊόντος</span> <span class='ocrx_word' id='word_1_693' title='bbox 3327 3918 3385 3970; x_wconf 82' lang='grc' dir='ltr'>δὲ</span> <span class='ocrx_word' id='word_1_694' title='bbox 3442 3915 3534 3990; x_wconf 70' lang='grc' dir='ltr'><strong>τοῦ</strong></span> <span class='ocrx_word' id='word_1_695' title='bbox 3578 3914 3687 3985; x_wconf 81' lang='grc' dir='ltr'>χρό-</span> 
     </span>
    </p>
   </div>
   <div class='ocr_carea' id='block_1_93' title="bbox 2135 4004 3691 4079">
    <p class='ocr_par' dir='ltr' id='par_1_93' title="bbox 2135 4004 3691 4079">
     <span class='ocr_line' id='line_1_93' title="bbox 2135 4004 3691 4079; baseline -0.002 -20"><span class='ocrx_word' id='word_1_696' title='bbox 2135 4025 2228 4060; x_wconf 90' lang='grc' dir='ltr'><strong>νου</strong></span> <span class='ocrx_word' id='word_1_697' title='bbox 2281 4006 2557 4077; x_wconf 73' lang='grc' dir='ltr'>διαφόροις</span> <span class='ocrx_word' id='word_1_698' title='bbox 2609 4007 2857 4076; x_wconf 81' lang='grc' dir='ltr'>γνώμαις</span> <span class='ocrx_word' id='word_1_699' title='bbox 2899 4007 3274 4079; x_wconf 75' lang='grc' dir='ltr'>ἒμερίσθημεν</span> <span class='ocrx_word' id='word_1_700' title='bbox 3336 4009 3486 4077; x_wconf 81' lang='lat' dir='ltr'><strong>(I6)&#39;</strong></span> <span class='ocrx_word' id='word_1_701' title='bbox 3527 4009 3610 4061; x_wconf 71' lang='grc' dir='ltr'>καὶ</span> <span class='ocrx_word' id='word_1_702' title='bbox 3641 4004 3691 4058; x_wconf 63' lang='lat' dir='ltr'><strong>te</strong></span> 
     </span>
    </p>
   </div>
   <div class='ocr_carea' id='block_1_94' title="bbox 2139 4095 3691 4167">
    <p class='ocr_par' dir='ltr' id='par_1_94' title="bbox 2139 4095 3691 4167">
     <span class='ocr_line' id='line_1_94' title="bbox 2139 4095 3691 4167; baseline -0.003 -18"><span class='ocrx_word' id='word_1_703' title='bbox 2139 4097 2236 4166; x_wconf 80' lang='grc' dir='ltr'>μὲν</span> <span class='ocrx_word' id='word_1_704' title='bbox 2292 4095 2475 4148; x_wconf 72' lang='grc' dir='ltr'>δίδωσι</span> <span class='ocrx_word' id='word_1_705' title='bbox 2528 4098 2592 4166; x_wconf 82' lang='grc' dir='ltr'><strong>τῇ</strong></span> <span class='ocrx_word' id='word_1_706' title='bbox 2644 4096 2860 4167; x_wconf 77' lang='grc' dir='ltr'>γνώμῃ,</span> <span class='ocrx_word' id='word_1_707' title='bbox 2898 4097 2957 4148; x_wconf 81' lang='grc' dir='ltr'>τὸ</span> <span class='ocrx_word' id='word_1_708' title='bbox 3012 4097 3068 4150; x_wconf 79' lang='grc' dir='ltr'>δὲ</span> <span class='ocrx_word' id='word_1_709' title='bbox 3125 4099 3192 4167; x_wconf 80' lang='grc' dir='ltr'>τῇ</span> <span class='ocrx_word' id='word_1_710' title='bbox 3239 4097 3447 4166; x_wconf 72' lang='grc' dir='ltr'>φύσει¹</span> <span class='ocrx_word' id='word_1_711' title='bbox 3509 4096 3606 4149; x_wconf 79' lang='grc' dir='ltr'><strong>ὑπὸ</strong></span> <span class='ocrx_word' id='word_1_712' title='bbox 3645 4095 3691 4145; x_wconf 70' lang='grc' dir='ltr'>δὲ</span> 
     </span>
    </p>
   </div>
   <div class='ocr_carea' id='block_1_95' title="bbox 2137 4183 3692 4258">
    <p class='ocr_par' dir='ltr' id='par_1_95' title="bbox 2137 4183 3692 4258">
     <span class='ocr_line' id='line_1_95' title="bbox 2137 4183 3692 4258; baseline -0.001 -19"><span class='ocrx_word' id='word_1_713' title='bbox 2137 4184 2439 4256; x_wconf 84' lang='grc' dir='ltr'>κράσπεδον</span> <span class='ocrx_word' id='word_1_714' title='bbox 2486 4185 2581 4238; x_wconf 87' lang='grc' dir='ltr'><strong>τοῦ</strong></span> <span class='ocrx_word' id='word_1_715' title='bbox 2622 4185 2813 4257; x_wconf 83' lang='grc' dir='ltr'>ἱερέως</span> <span class='ocrx_word' id='word_1_716' title='bbox 2840 4225 2856 4251; x_wconf 89' lang='grc'><strong>,</strong></span> <span class='ocrx_word' id='word_1_717' title='bbox 2899 4186 2960 4240; x_wconf 78' lang='grc' dir='ltr'>τὸ</span> <span class='ocrx_word' id='word_1_718' title='bbox 3018 4187 3314 4256; x_wconf 88' lang='grc' dir='ltr'>λεγόμενον</span> <span class='ocrx_word' id='word_1_719' title='bbox 3374 4183 3692 4258; x_wconf 74' lang='grc' dir='ltr'>λῶμα,ἀνθη</span> 
     </span>
    </p>
   </div>
   <div class='ocr_carea' id='block_1_96' title="bbox 2139 4276 3694 4354">
    <p class='ocr_par' dir='ltr' id='par_1_96' title="bbox 2139 4276 3694 4354">
     <span class='ocr_line' id='line_1_96' title="bbox 2139 4276 3694 4354; baseline -0.003 -23"><span class='ocrx_word' id='word_1_720' title='bbox 2139 4279 2288 4348; x_wconf 79' lang='grc' dir='ltr'>ῥόας,</span> <span class='ocrx_word' id='word_1_721' title='bbox 2311 4279 2404 4330; x_wconf 74' lang='grc' dir='ltr'><strong>καὶ</strong></span> <span class='ocrx_word' id='word_1_722' title='bbox 2421 4277 2626 4347; x_wconf 77' lang='grc' dir='ltr'>ῥοΐσκοι</span> <span class='ocrx_word' id='word_1_723' title='bbox 2643 4280 2853 4348; x_wconf 83' lang='grc' dir='ltr'>χρυσοῖ,</span> <span class='ocrx_word' id='word_1_724' title='bbox 2877 4278 2970 4332; x_wconf 74' lang='grc' dir='ltr'>καὶ</span> <span class='ocrx_word' id='word_1_725' title='bbox 2988 4278 3235 4342; x_wconf 81' lang='grc' dir='ltr'>κώδωνες</span> <span class='ocrx_word' id='word_1_726' title='bbox 3258 4279 3601 4354; x_wconf 74' lang='grc' dir='ltr'>ἀπῃώρηντοο</span> <span class='ocrx_word' id='word_1_727' title='bbox 3616 4276 3694 4328; x_wconf 76' lang='grc' dir='ltr'>καὶ</span> 
     </span>
    </p>
   </div>
   <div class='ocr_carea' id='block_1_97' title="bbox 2070 4368 3696 4455">
    <p class='ocr_par' dir='ltr' id='par_1_97' title="bbox 2070 4368 3696 4455">
     <span class='ocr_line' id='line_1_97' title="bbox 2070 4368 3696 4455; baseline -0.018 -6"><span class='ocrx_word' id='word_1_728' title='bbox 2070 4400 2111 4455; x_wconf 86' lang='grc' dir='ltr'><strong>Ι)</strong></span> <span class='ocrx_word' id='word_1_729' title='bbox 2140 4368 2257 4432; x_wconf 71' lang='grc' dir='ltr'><strong>πῶς</strong></span> <span class='ocrx_word' id='word_1_730' title='bbox 2291 4368 2356 4421; x_wconf 74' lang='grc' dir='ltr'><strong>ἂν</strong></span> <span class='ocrx_word' id='word_1_731' title='bbox 2399 4369 2482 4440; x_wconf 66' lang='grc' dir='ltr'><strong>εἴη</strong></span> <span class='ocrx_word' id='word_1_732' title='bbox 2530 4369 2649 4441; x_wconf 79' lang='grc' dir='ltr'>θεῷ</span> <span class='ocrx_word' id='word_1_733' title='bbox 2693 4371 2867 4426; x_wconf 85' lang='grc' dir='ltr'>ταῦτα</span> <span class='ocrx_word' id='word_1_734' title='bbox 2918 4373 3062 4426; x_wconf 84' lang='grc' dir='ltr'><strong>κατά</strong></span> <span class='ocrx_word' id='word_1_735' title='bbox 3113 4373 3336 4444; x_wconf 81' lang='grc' dir='ltr'>πρῶτον</span> <span class='ocrx_word' id='word_1_736' title='bbox 3398 4373 3550 4442; x_wconf 83' lang='grc' dir='ltr'>λόγον</span> <span class='ocrx_word' id='word_1_737' title='bbox 3588 4368 3696 4439; x_wconf 82' lang='grc' dir='ltr'>ἀρέ-</span> 
     </span>
    </p>
   </div>
   <div class='ocr_carea' id='block_1_98' title="bbox 2141 4459 3696 4533">
    <p class='ocr_par' dir='ltr' id='par_1_98' title="bbox 2141 4459 3696 4533">
     <span class='ocr_line' id='line_1_98' title="bbox 2141 4459 3696 4533; baseline -0.001 -22"><span class='ocrx_word' id='word_1_738' title='bbox 2141 4476 2373 4524; x_wconf 73' lang='grc' dir='ltr'>σκοντας</span> <span class='ocrx_word' id='word_1_739' title='bbox 2425 4459 2540 4512; x_wconf 84' lang='grc' dir='ltr'>ἀλλ’</span> <span class='ocrx_word' id='word_1_740' title='bbox 2597 4465 2656 4514; x_wconf 86' lang='grc' dir='ltr'>ὲν</span> <span class='ocrx_word' id='word_1_741' title='bbox 2711 4461 2788 4532; x_wconf 80' lang='grc' dir='ltr'>τῷ</span> <span class='ocrx_word' id='word_1_742' title='bbox 2821 4465 3059 4532; x_wconf 82' lang='grc' dir='ltr'>σχήματι</span> <span class='ocrx_word' id='word_1_743' title='bbox 3115 4462 3208 4515; x_wconf 90' lang='grc' dir='ltr'><strong>τοῦ</strong></span> <span class='ocrx_word' id='word_1_744' title='bbox 3269 4464 3466 4533; x_wconf 79' lang='grc' dir='ltr'>ἱερέως</span> <span class='ocrx_word' id='word_1_745' title='bbox 3514 4459 3696 4529; x_wconf 75' lang='grc' dir='ltr'>ἐφῆκεν</span> 
     </span>
    </p>
   </div>
   <div class='ocr_carea' id='block_1_99' title="bbox 2141 4547 3695 4624">
    <p class='ocr_par' dir='ltr' id='par_1_99' title="bbox 2141 4547 3695 4624">
     <span class='ocr_line' id='line_1_99' title="bbox 2141 4547 3695 4624; baseline -0.003 -22"><span class='ocrx_word' id='word_1_746' title='bbox 2141 4549 2560 4613; x_wconf 78' lang='grc' dir='ltr'>ἐξεικονίζεσθαι</span> <span class='ocrx_word' id='word_1_747' title='bbox 2601 4553 2700 4614; x_wconf 82' lang='grc' dir='ltr'>τὰς</span> <span class='ocrx_word' id='word_1_748' title='bbox 2733 4553 2932 4624; x_wconf 83' lang='grc' dir='ltr'>ἀρετάς</span> <span class='ocrx_word' id='word_1_749' title='bbox 2976 4570 2988 4582; x_wconf 95' lang='grc'><strong>·</strong></span> <span class='ocrx_word' id='word_1_750' title='bbox 3028 4553 3178 4606; x_wconf 83' lang='grc' dir='ltr'><strong>κάτω</strong></span> <span class='ocrx_word' id='word_1_751' title='bbox 3209 4553 3350 4623; x_wconf 84' lang='grc' dir='ltr'>ἄνθη</span> <span class='ocrx_word' id='word_1_752' title='bbox 3384 4553 3480 4606; x_wconf 70' lang='grc' dir='ltr'>καὶ</span> <span class='ocrx_word' id='word_1_753' title='bbox 3511 4547 3695 4620; x_wconf 72' lang='grc' dir='ltr'>καρποὶ</span> 
     </span>
    </p>
   </div>
   <div class='ocr_carea' id='block_1_100' title="bbox 2137 4640 3695 4712">
    <p class='ocr_par' dir='ltr' id='par_1_100' title="bbox 2137 4640 3695 4712">
     <span class='ocr_line' id='line_1_100' title="bbox 2137 4640 3695 4712; baseline -0.003 -19"><span class='ocrx_word' id='word_1_754' title='bbox 2137 4641 2206 4694; x_wconf 83' lang='grc' dir='ltr'><strong>τά</strong></span> <span class='ocrx_word' id='word_1_755' title='bbox 2239 4641 2348 4692; x_wconf 82' lang='grc' dir='ltr'><strong>τῶν</strong></span> <span class='ocrx_word' id='word_1_756' title='bbox 2381 4640 2590 4710; x_wconf 85' lang='grc' dir='ltr'>ἀρετῶν</span> <span class='ocrx_word' id='word_1_757' title='bbox 2632 4642 3055 4712; x_wconf 79' lang='grc' dir='ltr'>κατορθώματα,</span> <span class='ocrx_word' id='word_1_758' title='bbox 3103 4643 3263 4696; x_wconf 81' lang='grc' dir='ltr'>ἀτινά</span> <span class='ocrx_word' id='word_1_759' title='bbox 3310 4644 3461 4695; x_wconf 71' lang='grc' dir='ltr'>ἐστιν</span> <span class='ocrx_word' id='word_1_760' title='bbox 3487 4640 3695 4707; x_wconf 78' lang='grc' dir='ltr'>ἐλεημο-</span> 
     </span>
    </p>
   </div>
   <div class='ocr_carea' id='block_1_101' title="bbox 2139 4726 3685 4804">
    <p class='ocr_par' dir='ltr' id='par_1_101' title="bbox 2139 4726 3685 4804">
     <span class='ocr_line' id='line_1_101' title="bbox 2139 4726 3685 4804; baseline -0.004 -18"><span class='ocrx_word' id='word_1_761' title='bbox 2139 4734 2274 4802; x_wconf 86' lang='grc' dir='ltr'>σύνη</span> <span class='ocrx_word' id='word_1_762' title='bbox 2327 4733 2421 4784; x_wconf 80' lang='grc' dir='ltr'>καὶ</span> <span class='ocrx_word' id='word_1_763' title='bbox 2477 4731 2792 4802; x_wconf 84' lang='grc' dir='ltr'>δικαιοσύνη</span> <span class='ocrx_word' id='word_1_764' title='bbox 2844 4735 2938 4786; x_wconf 73' lang='grc' dir='ltr'>καὶ</span> <span class='ocrx_word' id='word_1_765' title='bbox 2983 4733 3394 4804; x_wconf 81' lang='grc' dir='ltr'>φιλανθρωπία,</span> <span class='ocrx_word' id='word_1_766' title='bbox 3448 4731 3542 4786; x_wconf 81' lang='grc' dir='ltr'>καὶ</span> <span class='ocrx_word' id='word_1_767' title='bbox 3591 4726 3685 4782; x_wconf 84' lang='grc' dir='ltr'><strong>τῶν</strong></span> 
     </span>
    </p>
   </div>
   <div class='ocr_carea' id='block_1_102' title="bbox 2135 4822 2909 4894">
    <p class='ocr_par' dir='ltr' id='par_1_102' title="bbox 2135 4822 2909 4894">
     <span class='ocr_line' id='line_1_102' title="bbox 2135 4822 2909 4894; baseline -0.001 -18"><span class='ocrx_word' id='word_1_768' title='bbox 2135 4822 2309 4876; x_wconf 83' lang='grc' dir='ltr'>ἄλλων</span> <span class='ocrx_word' id='word_1_769' title='bbox 2353 4825 2381 4875; x_wconf 81' lang='grc' dir='ltr'>ὁ</span> <span class='ocrx_word' id='word_1_770' title='bbox 2421 4823 2701 4893; x_wconf 86' lang='grc' dir='ltr'>σύστοιχος</span> <span class='ocrx_word' id='word_1_771' title='bbox 2730 4822 2909 4894; x_wconf 83' lang='grc' dir='ltr'>χορός.</span> 
     </span>
    </p>
   </div>
   <div class='ocr_carea' id='block_1_103' title="bbox 479 4913 3694 4991">
    <p class='ocr_par' dir='ltr' id='par_1_103' title="bbox 479 4913 3694 4991">
     <span class='ocr_line' id='line_1_103' title="bbox 479 4913 3694 4991; baseline -0.004 -18"><span class='ocrx_word' id='word_1_772' title='bbox 479 4933 589 4991; x_wconf 90' lang='lat' dir='ltr'><strong>que</strong></span> <span class='ocrx_word' id='word_1_773' title='bbox 648 4921 898 4985; x_wconf 85' lang='lat' dir='ltr'><strong>virtutes,</strong></span> <span class='ocrx_word' id='word_1_774' title='bbox 952 4921 1142 4990; x_wconf 88' lang='lat' dir='ltr'><strong>quales</strong></span> <span class='ocrx_word' id='word_1_775' title='bbox 1183 4928 1312 4975; x_wconf 89' lang='lat' dir='ltr'><strong>sunt</strong></span> <span class='ocrx_word' id='word_1_776' title='bbox 1365 4918 1732 4989; x_wconf 90' lang='lat' dir='ltr'><strong>cleemosyna,</strong></span> <span class='ocrx_word' id='word_1_777' title='bbox 1785 4916 2018 4988; x_wconf 86' lang='lat' dir='ltr'><strong>justitia,</strong></span> <span class='ocrx_word' id='word_1_778' title='bbox 2061 4915 2409 4984; x_wconf 83' lang='lat' dir='ltr'><strong>humanitas,</strong></span> <span class='ocrx_word' id='word_1_779' title='bbox 2476 4926 2529 4970; x_wconf 89' lang='lat' dir='ltr'><strong>et</strong></span> <span class='ocrx_word' id='word_1_780' title='bbox 2585 4917 2916 4986; x_wconf 84' lang='lat' dir='ltr'><strong>reliquarum</strong></span> <span class='ocrx_word' id='word_1_781' title='bbox 2966 4916 3072 4971; x_wconf 91' lang='lat' dir='ltr'><strong>illis</strong></span> <span class='ocrx_word' id='word_1_782' title='bbox 3129 4913 3398 4970; x_wconf 88' lang='lat' dir='ltr'><strong>similium</strong></span> <span class='ocrx_word' id='word_1_783' title='bbox 3460 4919 3694 4968; x_wconf 82' lang='lat' dir='ltr'><strong>coronata</strong></span> 
     </span>
    </p>
   </div>
   <div class='ocr_carea' id='block_1_104' title="bbox 467 5014 945 5084">
    <p class='ocr_par' dir='ltr' id='par_1_104' title="bbox 467 5014 945 5084">
     <span class='ocr_line' id='line_1_104' title="bbox 467 5014 945 5084; baseline -0.008 -13"><span class='ocrx_word' id='word_1_784' title='bbox 467 5014 945 5084; x_wconf 63' lang='lat' dir='ltr'><strong>reprmsentahant.</strong></span> 
     </span>
    </p>
   </div>
   <div class='ocr_carea' id='block_1_105' title="bbox 527 5143 1754 5209">
    <p class='ocr_par' dir='ltr' id='par_1_105' title="bbox 527 5143 1754 5209">
     <span class='ocr_line' id='line_1_105' title="bbox 527 5143 1754 5209; baseline -0.001 -9"><span class='ocrx_word' id='word_1_785' title='bbox 527 5147 575 5184; x_wconf 75' lang='grc'><strong>³⁸</strong></span> <span class='ocrx_word' id='word_1_786' title='bbox 595 5143 796 5202; x_wconf 77' lang='lat' dir='ltr'><strong>Iercm.</strong></span> <span class='ocrx_word' id='word_1_787' title='bbox 824 5162 976 5209; x_wconf 76' lang='lat' dir='ltr'><strong>xxxr,</strong></span> <span class='ocrx_word' id='word_1_788' title='bbox 1009 5144 1100 5199; x_wconf 72' lang='lat'><strong>2‘2.</strong></span> <span class='ocrx_word' id='word_1_789' title='bbox 1177 5146 1221 5175; x_wconf 80' lang='grc'><strong>’⁷</strong></span> <span class='ocrx_word' id='word_1_790' title='bbox 1245 5144 1388 5200; x_wconf 89' lang='lat' dir='ltr'><strong>Psal.</strong></span> <span class='ocrx_word' id='word_1_791' title='bbox 1425 5159 1632 5209; x_wconf 72' lang='lat' dir='ltr'><strong>Luvu,</strong></span> <span class='ocrx_word' id='word_1_792' title='bbox 1663 5143 1754 5199; x_wconf 90' lang='lat'><strong>78.</strong></span> 
     </span>
    </p>
   </div>
   <div class='ocr_carea' id='block_1_106' title="bbox 2010 5235 2241 5294">
    <p class='ocr_par' dir='ltr' id='par_1_106' title="bbox 2010 5235 2241 5294">
     <span class='ocr_line' id='line_1_106' title="bbox 2010 5235 2241 5294; baseline 0.017 -4"><span class='ocrx_word' id='word_1_793' title='bbox 2010 5235 2241 5294; x_wconf 65' lang='lat' dir='ltr'><strong>NOTIE.</strong></span> 
     </span>
    </p>
   </div>
   <div class='ocr_carea' id='block_1_107' title="bbox 529 5352 1752 5424">
    <p class='ocr_par' dir='ltr' id='par_1_107' title="bbox 529 5352 1752 5424">
     <span class='ocr_line' id='line_1_107' title="bbox 529 5352 1752 5424; baseline -0.004 -9"><span class='ocrx_word' id='word_1_794' title='bbox 529 5359 646 5424; x_wconf 77' lang='lat'><strong>(10)</strong></span> <span class='ocrx_word' id='word_1_795' title='bbox 675 5357 870 5414; x_wconf 84' lang='lat' dir='ltr'><strong>Phrasi</strong></span> <span class='ocrx_word' id='word_1_796' title='bbox 905 5356 1076 5411; x_wconf 89' lang='lat' dir='ltr'><strong>tttitur</strong></span> <span class='ocrx_word' id='word_1_797' title='bbox 1101 5353 1326 5410; x_wconf 88' lang='lat' dir='ltr'><strong>Paulina</strong></span> <span class='ocrx_word' id='word_1_798' title='bbox 1356 5352 1375 5405; x_wconf 94' lang='lat' dir='ltr'><strong>I</strong></span> <span class='ocrx_word' id='word_1_799' title='bbox 1403 5354 1530 5409; x_wconf 81' lang='lat' dir='ltr'><strong>Cor.</strong></span> <span class='ocrx_word' id='word_1_800' title='bbox 1559 5370 1636 5421; x_wconf 68' lang='grc' dir='ltr'><strong>λι,</strong></span> <span class='ocrx_word' id='word_1_801' title='bbox 1669 5354 1752 5410; x_wconf 84' lang='grc'><strong>10.</strong></span> 
     </span>
    </p>
   </div>
   <div class='ocr_carea' id='block_1_108' title="bbox 532 5425 1435 5500">
    <p class='ocr_par' dir='ltr' id='par_1_108' title="bbox 532 5425 1435 5500">
     <span class='ocr_line' id='line_1_108' title="bbox 532 5425 1435 5500; baseline -0.006 0"><span class='ocrx_word' id='word_1_802' title='bbox 532 5425 648 5500; x_wconf 77' lang='grc' dir='ltr'><strong>(Η)</strong></span> <span class='ocrx_word' id='word_1_803' title='bbox 674 5427 966 5500; x_wconf 66' lang='lat' dir='ltr'><strong>Sicscribo</strong></span> <span class='ocrx_word' id='word_1_804' title='bbox 1001 5441 1098 5500; x_wconf 65' lang='lat' dir='ltr'><strong>pro</strong></span> <span class='ocrx_word' id='word_1_805' title='bbox 1127 5425 1435 5496; x_wconf 77' lang='grc' dir='ltr'>ἀφόριστοςο</span> 
     </span>
    </p>
   </div>
   <div class='ocr_carea' id='block_1_109' title="bbox 565 5497 1124 5566">
    <p class='ocr_par' dir='ltr' id='par_1_109' title="bbox 565 5497 1124 5566">
     <span class='ocr_line' id='line_1_109' title="bbox 565 5497 1124 5566; baseline -0.011 -12"><span class='ocrx_word' id='word_1_806' title='bbox 565 5497 651 5566; x_wconf 68' lang='grc' dir='ltr'>ιε)</span> <span class='ocrx_word' id='word_1_807' title='bbox 680 5498 861 5554; x_wconf 78' lang='lat' dir='ltr'><strong>Malim</strong></span> <span class='ocrx_word' id='word_1_808' title='bbox 891 5497 1124 5566; x_wconf 85' lang='grc' dir='ltr'>κεφαλή.</span> 
     </span>
    </p>
   </div>
   <div class='ocr_carea' id='block_1_110' title="bbox 535 5504 1694 5642">
    <p class='ocr_par' dir='ltr' id='par_1_110' title="bbox 535 5504 1694 5642">
     <span class='ocr_line' id='line_1_110' title="bbox 535 5504 1302 5642; baseline -0.01 -88"><span class='ocrx_word' id='word_1_809' title='bbox 535 5504 651 5642; x_wconf 54' lang='grc' dir='ltr'>με)</span> <span class='ocrx_word' id='word_1_810' title='bbox 680 5504 861 5554; x_wconf 77' lang='lat' dir='ltr'><strong>Malim</strong></span> <span class='ocrx_word' id='word_1_811' title='bbox 891 5504 1124 5619; x_wconf 55' lang='grc' dir='ltr'>κεφαλίὲ.</span> <span class='ocrx_word' id='word_1_812' title='bbox 1188 5565 1200 5578; x_wconf 44' lang='lat'><strong><em>.</em></strong></span> <span class='ocrx_word' id='word_1_813' title='bbox 1290 5564 1302 5579; x_wconf 52' lang='lat'><strong><em>&#39;</em></strong></span> 
     </span>
     <span class='ocr_line' id='line_1_111' title="bbox 567 5569 1694 5642; baseline -0.004 -18"><span class='ocrx_word' id='word_1_814' title='bbox 567 5572 654 5642; x_wconf 75' lang='lat' dir='ltr'><strong>I5)</strong></span> <span class='ocrx_word' id='word_1_815' title='bbox 688 5569 843 5642; x_wconf 63' lang='lat' dir='ltr'><strong>Golb.</strong></span> <span class='ocrx_word' id='word_1_816' title='bbox 886 5583 982 5642; x_wconf 74' lang='lat' dir='ltr'><strong>pro</strong></span> <span class='ocrx_word' id='word_1_817' title='bbox 1008 5585 1082 5620; x_wconf 90' lang='grc' dir='ltr'>υπ</span> <span class='ocrx_word' id='word_1_818' title='bbox 1141 5581 1358 5642; x_wconf 58' lang='grc' dir='ltr'>αυτορς.</span> <span class='ocrx_word' id='word_1_819' title='bbox 1400 5636 1418 5642; x_wconf 38' lang='grc' dir='ltr'><strong>Α</strong></span> <span class='ocrx_word' id='word_1_820' title='bbox 1484 5635 1538 5642; x_wconf 35' lang='grc' dir='ltr'>,μ</span> <span class='ocrx_word' id='word_1_821' title='bbox 1661 5601 1694 5627; x_wconf 54' lang='grc' dir='ltr'><strong>ς</strong></span> 
     </span>
    </p>
   </div>
   <div class='ocr_carea' id='block_1_111' title="bbox 545 5578 2019 5710">
    <p class='ocr_par' dir='ltr' id='par_1_111' title="bbox 545 5578 2019 5710">
     <span class='ocr_line' id='line_1_112' title="bbox 545 5578 1694 5642; baseline -0.006 -18"><span class='ocrx_word' id='word_1_822' title='bbox 545 5578 634 5642; x_wconf 71' lang='grc'><strong>[15</strong></span> <span class='ocrx_word' id='word_1_823' title='bbox 688 5578 843 5626; x_wconf 65' lang='lat' dir='ltr'><strong>llolb.</strong></span> <span class='ocrx_word' id='word_1_824' title='bbox 886 5583 982 5637; x_wconf 87' lang='lat' dir='ltr'><strong>pro</strong></span> <span class='ocrx_word' id='word_1_825' title='bbox 1008 5578 1113 5620; x_wconf 78' lang='grc' dir='ltr'><strong>ὑπὸ</strong></span> <span class='ocrx_word' id='word_1_826' title='bbox 1141 5578 1358 5628; x_wconf 85' lang='grc' dir='ltr'>αυτους.</span> <span class='ocrx_word' id='word_1_827' title='bbox 1661 5601 1694 5627; x_wconf 65' lang='grc'>,</span> 
     </span>
     <span class='ocr_line' id='line_1_113' title="bbox 545 5578 2019 5710; baseline 0 -16"><span class='ocrx_word' id='word_1_828' title='bbox 545 5578 657 5710; x_wconf 48' lang='grc' dir='ltr'>(ιιιζ</span> <span class='ocrx_word' id='word_1_829' title='bbox 695 5639 785 5698; x_wconf 86' lang='lat' dir='ltr'><strong>Sic</strong></span> <span class='ocrx_word' id='word_1_830' title='bbox 817 5639 998 5699; x_wconf 82' lang='lat' dir='ltr'><strong>scribo</strong></span> <span class='ocrx_word' id='word_1_831' title='bbox 1055 5652 1154 5708; x_wconf 85' lang='lat' dir='ltr'><strong>pro</strong></span> <span class='ocrx_word' id='word_1_832' title='bbox 1194 5635 1640 5708; x_wconf 76' lang='grc' dir='ltr'>καθαριθμήζειν,</span> <span class='ocrx_word' id='word_1_833' title='bbox 1697 5639 1802 5693; x_wconf 71' lang='lat' dir='ltr'><strong>nisi</strong></span> <span class='ocrx_word' id='word_1_834' title='bbox 1859 5639 2019 5694; x_wconf 82' lang='lat' dir='ltr'><strong>scribi</strong></span> 
     </span>
    </p>
   </div>
   <div class='ocr_carea' id='block_1_112' title="bbox 2146 5353 2810 5428">
    <p class='ocr_par' dir='ltr' id='par_1_112' title="bbox 2146 5353 2810 5428">
     <span class='ocr_line' id='line_1_114' title="bbox 2146 5353 2810 5428; baseline 0 0"><span class='ocrx_word' id='word_1_835' title='bbox 2146 5353 2810 5428; x_wconf 54' lang='grc' dir='ltr'><strong>ωδ¹ἱέκᾳῖςοφρυθμῆσαιέ</strong></span> 
     </span>
    </p>
   </div>
   <div class='ocr_carea' id='block_1_113' title="bbox 2217 5412 3695 5498">
    <p class='ocr_par' dir='ltr' id='par_1_113' title="bbox 2217 5412 3695 5498">
     <span class='ocr_line' id='line_1_115' title="bbox 2217 5412 3695 5498; baseline -0.002 -18"><span class='ocrx_word' id='word_1_836' title='bbox 2217 5425 2332 5498; x_wconf 60' lang='grc' dir='ltr'><strong>(ιδ)</strong></span> <span class='ocrx_word' id='word_1_837' title='bbox 2370 5412 2692 5482; x_wconf 62' lang='lat' dir='ltr'><strong>Ubi&#39;t‘amén&#39;</strong></span> <span class='ocrx_word' id='word_1_838' title='bbox 2707 5426 2866 5484; x_wconf 87' lang='lat' dir='ltr'><strong>hodie</strong></span> <span class='ocrx_word' id='word_1_839' title='bbox 2890 5425 3033 5498; x_wconf 85' lang='lat' dir='ltr'><strong>apud</strong></span> <span class='ocrx_word' id='word_1_840' title='bbox 3060 5424 3183 5490; x_wconf 72' lang='grc' dir='ltr'>τοὺς</span> <span class='ocrx_word' id='word_1_841' title='bbox 3210 5420 3350 5478; x_wconf 75' lang='lat' dir='ltr'><strong>LXX</strong></span> <span class='ocrx_word' id='word_1_842' title='bbox 3384 5418 3574 5491; x_wconf 86' lang='lat' dir='ltr'><strong>legitur</strong></span> <span class='ocrx_word' id='word_1_843' title='bbox 3619 5412 3695 5477; x_wconf 70' lang='grc' dir='ltr'><strong>δὸς</strong></span> 
     </span>
    </p>
   </div>
   <div class='ocr_carea' id='block_1_114' title="bbox 2145 5497 3694 5638">
    <p class='ocr_par' dir='ltr' id='par_1_114' title="bbox 2145 5497 3694 5638">
     <span class='ocr_line' id='line_1_116' title="bbox 2145 5497 3694 5638; baseline -0.006 -17"><span class='ocrx_word' id='word_1_844' title='bbox 2145 5497 2438 5637; x_wconf 54' lang='grc' dir='ltr'><strong>ωἳιὲῗςίιει</strong></span> <span class='ocrx_word' id='word_1_845' title='bbox 2478 5566 2672 5638; x_wconf 83' lang='lat' dir='ltr'><strong>scripsi</strong></span> <span class='ocrx_word' id='word_1_846' title='bbox 2696 5582 2794 5638; x_wconf 88' lang='lat' dir='ltr'><strong>pro</strong></span> <span class='ocrx_word' id='word_1_847' title='bbox 2825 5566 3214 5638; x_wconf 79' lang='grc' dir='ltr'>ἐμερίσθησαν,</span> <span class='ocrx_word' id='word_1_848' title='bbox 3258 5560 3457 5633; x_wconf 82' lang='lat' dir='ltr'><strong>pendet</strong></span> <span class='ocrx_word' id='word_1_849' title='bbox 3479 5556 3614 5616; x_wconf 86' lang='lat' dir='ltr'><strong>enim</strong></span> <span class='ocrx_word' id='word_1_850' title='bbox 3636 5551 3694 5607; x_wconf 70' lang='lat' dir='ltr'><strong>ab</strong></span> 
     </span>
    </p>
   </div>
   <div class='ocr_carea' id='block_1_115' title="bbox 2133 5635 2880 5708">
    <p class='ocr_par' dir='ltr' id='par_1_115' title="bbox 2133 5635 2880 5708">
     <span class='ocr_line' id='line_1_117' title="bbox 2133 5635 2880 5708; baseline -0.004 -15"><span class='ocrx_word' id='word_1_851' title='bbox 2133 5635 2486 5695; x_wconf 81' lang='lat' dir='ltr'><strong>antecedente</strong></span> <span class='ocrx_word' id='word_1_852' title='bbox 2516 5635 2880 5708; x_wconf 53' lang='grc' dir='ltr'>προήλθομεν.</span> 
     </span>
    </p>
   </div>
  </div>
