3828 6202
164 209 247 272 857
826 201 925 261 AD
962 195 1555 259 AMPHILOCHIUM
1598 193 1708 267 QU.

1827 193 1944 254 l‘IO
2006 194 2254 269 CLXVI,
2297 196 2563 258 CLXVII.

221 329 325 379 Ὀτι
360 322 489 394 (l7),

159 420 329 484 ζῶντος
356 433 369 446 ·
404 419 480 480 εἰς
528 416 771 485 Πατέρα,
802 413 898 467 καὶ
926 412 1077 474 Υἱὺν,
1131 412 1227 464 καὶ
1273 410 1427 477 ἆγιον
1483 408 1707 477 Πνεῦμα

159 508 477 579 ὲϐαπτίσθης,
521 508 575 561 τί
616 509 861 577 ἀναιρεῖς
902 505 1013 577 (18)
1060 504 1128 557 τά
1150 503 1389 572 ὀνόματα
1426 501 1496 554 τά
1528 500 1705 565 ζῶντα

158 602 235 654 καὶ
273 599 504 667 εἰσάγεις
542 599 783 669 ὀνόματα
840 594 1139 666 λογισμῶν,
1200 595 1448 663 γέννημα
1504 592 1701 661 λέγων,

161 696 237 746 καὶ
257 694 560 762 ἀγέννητον,
586 692 682 746 καὶ
709 690 980 762 γεννητὸν,
1000 688 1058 742 ὃν
1082 688 1189 748 ἀεὶ,
1226 689 1321 741 καὶ
1353 688 1428 758 μὴ
1476 685 1535 741 ὃν
1582 685 1705 754 ἀει,

158 785 349 838 Τούτων
396 785 648 855 ἀνέχεται
690 783 822 857 Θεὸς
866 782 974 835 τῶν
1034 780 1276 853 ματαίων
1321 781 1613 851 ρημάτων;
1646 779 1705 833 ἓν

158 878 291 949 ῥῆμα
318 877 400 929 ἵνα
447 875 758 948 μεταϐάλῃ,
794 875 1079 947 προφήτας
1142 873 1273 927 ποτὲ
1332 872 1706 926 ἐκινδύνευσεν

154 969 409 1023 ἀπολέσαι.
474 969 587 1021 Καὶ
658 968 821 1038 βλέπε
879 968 1124 1038 ῥήματος
1166 963 1367 1036 μικροῦ
1419 961 1704 1032 ἀκριϐολο-

156 1058 261 1125 γίαν
288 1073 301 1087 ·
346 1057 424 1109 Τὰ
484 1057 705 1127 ῥήματα
744 1055 855 1109 τῶν
931 1053 1226 1124 προφητῶν
1274 1070 1419 1114 τινες
1478 1051 1704 1106 ἐκάλουν

153 1150 244 1201 ὑπὸ
290 1146 542 1219 ἀπειρίας
571 1146 681 1217 (19)
735 1147 929 1217 λῆμμα
993 1146 1238 1217 Κυρίου·
1280 1144 1426 1212 λέγει
1480 1145 1509 1195 ὁ
1571 1142 1705 1205 Θεὸς

151 1238 223 1291 διθά
252 1238 507 1310 Ἱερεμίου
531 1238 679 1308 (20),⁶
717 1256 737 1289 ι
780 1240 905 1291 Ἐὰν
934 1240 1185 1308 ὲρωτήση
1236 1253 1295 1289 σε
1341 1237 1369 1288 6
1417 1233 1563 1300 λαὸς,
1611 1233 1644 1303 ἢ
1680 1235 1709 1287 6

151 1329 328 1399 ἱερεὺς,
356 1329 389 1399 ἢ
417 1333 445 1382 6
496 1331 800 1401 προφήτης,
829 1331 922 1383 καὶ
968 1331 1110 1382 εἴποι
1139 1346 1239 1393 σοι,
1270 1328 1335 1380 Τί
1377 1326 1440 1380 τὸ
1465 1326 1657 1396 λῆμμα
1688 1341 1703 1391 ;

3283 201 3393 266 858

553 323 759 395 φησιν,
819 323 894 391 μὴ
943 319 1246 391 μεταϐαλλε
1299 318 1520 390 ῥήματα
1570 314 1704 369 Θεοῦ

1879 310 1960 367 Ne
1988 312 2265 379 immutes,
2318 312 2516 382 inquit,
2545 313 2704 369 verba
2742 314 2837 379 Dei
2887 315 3141 374 viventis.
3189 318 3248 373 In
3288 320 3391 375 Pa-

1816 412 1973 467 trem,
2010 401 2228 467 Filium,
2257 412 2312 457 et
2344 402 2605 473 Spiritum
2653 415 2902 461 sanctum
2949 408 3259 477 baptizatus
3303 427 3387 469 es.

1813 493 1994 559 Quare
2022 492 2245 547 numina
2292 492 2411 546 viva
2436 493 2607 560 tollis,
2647 502 2702 547 et
2734 496 2953 550 nomina
2993 499 3389 567 cogitationum

1825 592 2042 637 tuarum
2081 582 2318 647 invehis,
2350 582 2691 653 progeniem,
2720 593 2774 637 et
2811 584 3110 653 ingenitum
3149 597 3204 642 et
3238 591 3391 658 geni-

1814 681 1949 737 tum,
1997 687 2210 740 semper
2258 673 2548 737 exsistens,
2594 681 2648 727 et
2694 688 2800 727 non
2841 689 3056 744 semper
3104 678 3388 735 exsisteus

1811 763 2177 834 appellando?
2224 761 2365 817 Num
2422 779 2559 818 vana
2602 764 2876 834 ejusmodi
2932 767 3097 821 verba
3134 771 3391 825 tolerabit

1813 857 1993 914 Deus?
2032 857 2339 923 Periculum
2385 858 2516 912 olim
2563 870 2701 924 erat,
2734 874 2803 913 ne
2846 874 3014 913 unum
3039 862 3268 916 verbum
3310 863 3382 917 ad

1814 950 2199 1020 pervertendos
2235 950 2526 1019 prophetas
2562 951 2787 1019 periret.
2813 950 2948 1005 Vide
2978 966 3130 1017 vero,
3153 964 3395 1021 quanto-

1812 1057 1941 1110 pere
1989 1043 2194 1097 vocula:
2241 1057 2422 1111 parva:
2464 1043 2605 1096 ratio
2650 1042 2942 1098 habeatur.
2988 1041 3394 1113 Prophetarum

1812 1134 1976 1188 verba
2037 1135 2287 1189 nonnulli
2351 1149 2431 1199 ,ex
2484 1134 2853 1204 imprudentia
2917 1134 3114 1204 λῆμμα
3178 1133 3395 1189 Domini

1814 1225 2085 1281 vocabant
2134 1244 2147 1280 :
2197 1248 2215 1279 ι
2263 1227 2322 1281 Si
2376 1235 2429 1281 te
2487 1227 2907 1297 interrogaverit
2960 1227 3236 1295 populus,
3301 1235 3397 1280 aut

1814 1322 2108 1386 sacerdos,
2177 1330 2270 1376 aut
2323 1322 2625 1390 propheta,
2689 1329 2743 1375 et
2797 1320 3037 1385 dixerit,
3093 1321 3233 1386 Quid
3290 1321 3397 1376 sibi

147 1420 251 1473 εἰπὲ
282 1421 487 1485 αὐτοῖς,
530 1423 611 1474 ὅτι
648 1422 721 1474 Τὸ
768 1421 960 1491 λῆμμα
990 1421 1191 1492 Κυρίου
1232 1420 1389 1490 ὑμεῖς
1418 1420 1561 1473 ὲστε.
1593 1417 1701 1488 Λή-

1827 1415 1918 1469 'ult
1956 1414 2190 1485 λῆμμαῖ
2239 1415 2326 1469 dic
2369 1414 2498 1479 illis,
2543 1413 2651 1470 Vos
2701 1415 2834 1470 eStis
2887 1414 3084 1485 λῆμμα
3130 1415 3392 1469 Domini:

142 1511 295 1581 ψομαι
342 1512 451 1583 γάρ
496 1514 641 1582 ὑμᾶς
704 1512 919 1583 λῆμμα,
956 1512 1049 1566 καὶ
1093 1512 1241 1582 page
1291 1512 1456 1581 ὑμᾶς,
1498 1509 1588 1563 ἵνα
1629 1509 1703 1580 μὴ

140 1602 315 1673 λέγητε
345 1604 560 1675 λῆμμα.
588 1624 606 1657 ι
636 1606 731 1657 Ἐν
755 1607 905 1676 ῥῆμα
938 1605 1020 1658 ἵνα
1050 1605 1126 1675 μὴ
1159 1602 1523 1676 μεταποιηθῇ,
1550 1603 1706 1655 ἀπει-

138 1695 252 1749 λεῖό
281 1696 412 1760 Θεός
440 1714 454 1727 ·
479 1696 574 1751 καὶ
617 1698 682 1751 σὺ
720 1698 1011 1767 ὁλόκληρον
1065 1696 1349 1767 δογμάτων
1400 1692 1707 1766 ἁκρίϐειαν;

136 1788 456 1861 διαστρέφων
478 1789 717 1860 νομίζεις
740 1790 1024 1859 διαφυγεῖν
1061 1790 1157 1852 τὰς
1181 1786 1277 1841 τοῦ
1308 1784 1443 1840 Θεοῦ
1474 1788 1664 1858 χεῖρας
1687 1802 1705 1851 ς

658 2004 992 2060 ararum}:
1024 2005 1207 2073 Psq'.

222 2165 354 2233 Πῶς
370 2160 970 2289 πρεσϐευτὴςηῆλθιιὲν
994 2166 1028 2219 ὀ
1051 2164 1307 2234 Χριστὸς
1321 2165 1478 2233 παρὰ
1493 2165 1603 2220 τοῦ

801 2253 906 2289 ατο
946 2256 977 2289 c
1008 2250 1028 2289 :

801 2250 977 2304 ατρος
1006 2250 1028 2300 ἱ

1810 1518 1908 1558 vos
1977 1505 2123 1558 enim
2188 1504 2362 1562 instar
2439 1504 2722 1575 λήμματος
2781 1506 3088 1576 arripiam,
3146 1514 3200 1560 et
3259 1521 3395 1561 con-

1815 1595 2045 1666 i'ringam
2070 1612 2190 1663 vos,
2224 1613 2292 1653 ne
2312 1598 2505 1652 dicatis
2527 1599 2763 1667 amplius
2788 1598 3064 1668 λῆμμαη.
3093 1618 3111 1649 ι
3142 1597 3220 1653 Ibi
3251 1599 3396 1653 Deus

1818 1691 1997 1745 minas
2054 1688 2202 1754 fecit,
2248 1705 2318 1744 ne
2369 1704 2480 1744 una
2528 1706 2631 1745 vox
2679 1698 2962 1745 mutetur:
2998 1699 3052 1744 tu
3101 1705 3254 1756 vero,
3297 1689 3395 1759 qui

1821 1781 2139 1836 universam
2178 1791 2494 1850 rectamque
2531 1782 2903 1836 doctrinarum
2946 1783 3140 1837 seriem
3170 1798 3393 1852 perver-

1819 1874 1911 1940 tis,
1938 1888 2132 1928 manus
2159 1872 2251 1927 Dei
2275 1872 2511 1941 eﬂugere
2538 1883 2590 1927 te
2624 1888 2785 1942 posse
2817 1873 3095 1942 opinaris?

1816 2007 2148 2078 QUAESTIO
2171 2010 2379 2066 CLXVI
2406 2010 2596 2084 [CoisL
2614 2011 2827 2079 cxcv,
2858 2012 3023 2067 Taur.
3058 1970 3393 2088 CLxxxv].

1919 2166 2191 2232 Quomodo
2224 2166 2471 2223 Christus
2514 2169 2719 2239 legatus
2772 2187 2804 2224 a
2834 2168 3003 2224 Patre
3041 2172 3283 2226 venerit?

856 2388 1002 2439 Edita
1025 2402 1052 2439 a
1078 2388 1205 2439 Maio
1234 2387 1290 2450 (l.
1326 2400 1371 2437 c.
1395 2401 1448 2450 p.
1470 2387 1609 2451 104.)
1638 2415 1698 2424 -—
1719 2389 1795 2441 De
1815 2387 2011 2441 Christo
2034 2395 2267 2451 tanquam
2292 2388 2455 2439 Patris
2486 2391 2670 2453 legato.

185 2539 307 2592 Ὀτι
327 2533 489 2608 ἦλθε,
512 2536 667 2609 φησι,
699 2536 851 2610 παρά
892 2534 986 2590 τοῦ
1015 2535 1229 2605 Πατρδς
1255 2537 1284 2588 6
1306 2533 1543 2605 Χριστὸς
1568 2534 1708 2605 πρὸς

1887 2536 2045 2603 Quod
2084 2536 2569 2593 venerithristus
2607 2552 2638 2592 a
2673 2536 2835 2592 Patre
2875 2538 3083 2609 legatus
3114 2540 3181 2595 ad
3217 2541 3391 2597 homi-

123 2632 240 2695 τοὺς
270 2630 603 2702 ἀνθρώπους
627 2628 989 2701 πρεσϐευτὴς,
1016 2628 1230 2699 ἐσφάγη
1278 2630 1306 2681 6
1355 2626 1715 2699 πρεσϐευτὴς,

122 2725 208 2775 καὶ
233 2724 359 2775 τότε
384 2722 615 2791 γέγονεν
632 2723 665 2791 ή
688 2722 900 2792 εἰρήνη.
936 2720 1074 2773 Ἀλλ’
1091 2720 1140 2773 οἱ
1159 2718 1418 2791 πρέσϐεις
1435 2718 1718 2789 ἐρχόμενοι

126 2815 213 2865 καὶ
249 2813 406 2884 δῶρα
467 2814 695 2885 φέρουσι
725 2814 821 2865 καὶ
868 2811 1017 2881 δῶρα
1062 2810 1419 2881 λαμϐάνουσι.
1445 2812 1603 2864 Ποῖον
1624 2807 1719 2864 οὖν

120 2900 235 2973 ἧκε·
260 2904 456 2976 φέρων
484 2903 679 2973 δῶρον,
703 2902 799 2955 καὶ
834 2906 984 2956 ποῖον
1009 2901 1269 2955 ἀντέλαϐε
1293 2918 1308 2966 ;
1330 2901 1637 2971 Παράδοξον
1657 2900 1718 2954 τὸ

119 2992 305 3062 δῶρον,
324 2992 406 3056 ὡς
439 2992 539 3045 καὶ
567 2994 596 3045 6
618 2990 958 3061 πρεσϐευτὴς
978 2990 1278 3061 παράδοξος
1299 2990 1359 3043 τὸ
1386 2987 1523 3060 αἷμα
1551 2990 1717 3044 αὑτοῦ

119 3084 297 3153 φέρων
317 3080 461 3155 ἦλθε
485 3083 681 3153 δῶρον·
702 3081 764 3135 τὸ
788 3082 948 3153 σῶμα
967 3082 1135 3136 αὑτοῦ
1153 3078 1284 3152 ἦλθε
1312 3084 1494 3153 φέρων
1520 3082 1712 3155 δῶρον·

116 3178 207 3227 καὶ
223 3177 277 3229 τί
298 3177 442 3248 παρ’
474 3176 609 3247 ἐμοῦ
635 3174 795 3229 ἔλαϐε
822 3170 1025 3246 δῶρον;
1048 3176 1256 3229 Πίστινο
1285 3177 1382 3230 καὶ
1405 3176 1456 3229 τί
1478 3176 1599 3229 ἀντὶ
1622 3177 1720 3229 αὐ-

112 3266 204 3337 τῆς
235 3284 329 3336 μοι
357 3264 617 3337 παρέσχε
648 3265 879 3335 ;Χάριν.
916 3263 1239 3317 Ἐπίστευσα
1270 3262 1397 3330 ἐγώ·
1428 3264 1721 3333 ἐχαρίσατο

114 3358 338 3422 ἐκεῖνος·
356 3359 538 3427 ἐλύθη
564 3360 597 3428 ή
623 3355 812 3427 ἔχθρα·
846 3360 873 3409 6
905 3355 1247 3426 πρεσϐευτὴς
1277 3355 1404 3409 ὅταν
1432 3355 1560 3425 ἔλθῃ
1585 3355 1721 3424 πρὸς

110 3447 280 3513 ἔθνος,
312 3449 423 3503 οὐκ
447 3450 596 3515 ἀξιοῖ
618 3465 724 3500 τινι
753 3446 859 3501 τῶν
888 3446 1162 3517 ἀγοραίων
1193 3446 1227 3516 ἢ
1261 3446 1510 3517 πενήτων
1538 3446 1719 3499 διαλε-

110 3539 329 3611 χθῆναι,
362 3542 494 3596 ἀλλ’
550 3540 711 3604 εὐθὺς
740 3540 819 3611 τῷ
852 3540 1061 3610 βασιλεῖ
1090 3540 1391 3610 πρόσεισιν.
1420 3531 1588 3602 Οὗτος
1613 3537 1670 3591 δὲ
1692 3539 1720 3591 ὀ

112 3632 473 3704 πρεσϐευτὴς
500 3626 655 3703 ἦλθε,
686 3632 782 3685 καὶ
819 3631 982 3694 εὐθὺς
1038 3630 1234 3701 πόρνῃ,
1265 3631 1358 3684 καὶ
1406 3632 1597 3701 λῃστῇ,
1629 3630 1722 3681 καὶ

110 3724 344 3798 τελώνῃ,
375 3725 484 3779 καὶ
516 3724 714 3794 μάγοις
740 3722 1012 3793 διηλέχθη.
1047 3719 1199 3786 Εἶδες
1229 3722 1571 3793 πρεσϐευτοῦ
1596 3721 1719 3790 φιλ-

108 3816 447 3890 ανθρωπίαν
476 3835 493 3884 ;
527 3818 590 3870 οὐ
627 3818 734 3885 γὰρ
785 3817 922 3886 πρὸς
951 3816 1047 3869 ἕνα
1089 3817 1184 3871 καὶ
1218 3814 1473 3888 δεύτερον
1530 3808 1716 3884 ἦλθεν,

1824 2642 1943 2692 nes,
1975 2629 2214 2683 ostendit
2245 2627 2350 2683 hoc
2384 2646 2397 2682 :
2432 2627 2756 2683 interfectus
2789 2638 2872 2683 est
2917 2629 3146 2700 legatus,
3184 2642 3238 2687 et
3271 2642 3402 2689 tunc

1820 2719 1964 2775 facta
1990 2729 2075 2776 est
2099 2735 2225 2791 pax.
2278 2719 2383 2775 Sed
2414 2720 2575 2791 legati
2614 2722 2898 2776 venientes
2936 2723 3076 2777 dona
3124 2723 3307 2779 ferunt
3348 2735 3403 2781 et

1821 2809 1983 2864 simul
2026 2810 2169 2863 dona
2221 2808 2519 2879 accipiunt.
2567 2808 2738 2875 Quale
2783 2826 2915 2881 ergo
2966 2811 3170 2866 donum
3217 2813 3401 2870 ferens

1820 2901 1990 2963 venit.
2022 2911 2075 2957 et
2104 2902 2263 2972 quale
2292 2900 2850 2972 recepit?Miriticum
2877 2903 3105 2970 donum,
3129 2905 3401 2973 siquidem

1823 2993 2089 3048 mirabilis
2143 2994 2247 3047 iste.
2294 2994 2525 3049 nuntius
2550 3009 2722 3057 suum
2759 2995 3082 3065 sanguinem
3113 2997 3167 3049 in
3197 2996 3401 3052 donum

1823 3084 2004 3140 ferens
2037 3087 2201 3139 venit.
2248 3084 2462 3155 Corpus
2504 3102 2665 3141 suum
2732 3085 2914 3141 ferens
2970 3086 3173 3143 donum
3234 3089 3401 3142 venit.

1823 3176 2108 3242 Quodnam
2156 3188 2334 3230 autem
2383 3193 2411 3229 a
2462 3177 2622 3231 nobis
2652 3177 2856 3232 donum
2890 3180 3144 3247 accepit?
3170 3178 3357 3233 Fidem
3386 3196 3401 3246 ;

1823 3279 1876 3324 et
1904 3268 2034 3339 quid
2078 3284 2178 3337 pro
2224 3269 2312 3322 illa
2347 3269 2482 3323 mihi
2522 3269 2791 3323 donavit?
2828 3269 3093 3325 Gratiam.
3129 3270 3244 3343 Ego
3283 3288 3406 3327 cre-

1823 3361 1965 3426 didi,
2000 3360 2089 3414 ille
2119 3360 2456 3431 gratiticabat
2476 3400 2492 3426 ,
2529 3362 2707 3416 soluta
2735 3373 2818 3415 est
2840 3362 3147 3417 inimicitia.
3169 3362 3407 3433 Legatus

1824 3467 1947 3507 cum
1990 3464 2137 3506 venit
2175 3452 2242 3505 ad
2288 3460 2502 3522 gentem
2530 3491 2545 3517 ,
2602 3467 2714 3505 non
2758 3452 3015 3523 dignatur
3056 3468 3180 3507 cum
3224 3453 3408 3524 aliquo
3522 3488 3531 3493 —
3572 3504 3581 3511 .

1825 3542 2034 3611 plebeio
2076 3542 2165 3597 vel
2209 3557 2452 3613 paupere
2478 3544 2831 3609 conversari,
2870 3544 2963 3598 sed
2994 3545 3103 3599 cito
3140 3545 3251 3614 regi
3288 3560 3411 3600 sese

1824 3630 1999 3687 oﬁert.
2030 3631 2269 3702 Legatus
2312 3642 2497 3687 autem
2531 3633 2621 3687 ille
2653 3635 2877 3688 veniens
2905 3636 3090 3688 statim
3132 3650 3254 3690 cum
3293 3649 3412 3690 me-

1825 3725 2019 3779 retrice
2052 3734 2106 3780 et
2133 3725 2347 3780 latrone
2372 3734 2427 3781 et
2458 3727 2715 3781 usurario
2739 3736 2793 3780 et
2827 3726 2998 3797 magis
3027 3736 3408 3781 conversatur.

1827 3814 2063 3869 Videsne
2092 3816 2253 3885 legati
2285 3816 2792 3886 philanthropiam?
2821 3816 2938 3870 Non
2958 3818 3100 3869 cnim
3136 3816 3201 3869 ad
3235 3832 3407 3871 unum

106 3885 242 3963 ἀλλά
291 3911 447 3982 πρὸς
504 3909 607 3979 τὴν
664 3885 850 3978 κοινὴν
896 3908 1080 3978 φύσιν.
1156 3909 1268 3962 Καὶ
1287 3885 1420 3979 ἦλθε
1473 3908 1536 3961 τὸ
1585 3907 1708 3975 ἐμὸν

1827 3908 1909 3961 vel
1947 3908 2177 3961 alterum
2216 3909 2399 3971 venit,
2436 3908 2531 3961 sed
2566 3908 2634 3961 ad
2672 3910 2863 3961 Omnes
2894 3909 3178 3973 homines,
3216 3916 3273 3961 et
3310 3924 3406 3962 ve-

106 3999 603 4070 περιϐεϐλημένος
636 3999 851 4069 ἱμάτιον
884 4038 898 4064 ,
928 3999 1014 4051 ἵνα
1066 3998 1140 4070 μὴ
1188 4002 1369 4070 γυμνῇ
1392 4001 1458 4070 τῇ
1505 3998 1719 4068 θεότητι

101 4092 579 4163 παραγενόμενος
598 4090 813 4163 φοϐήσῃ
828 4092 928 4161 τὴν
958 4091 1153 4160 θήραν.

672 4249 1010 4303 ΕΡΩΤΗΣΙΣ
1060 4248 1221 4302 ΡΞΖ’.

97 4500 200 4565 Εἰς
222 4500 292 4553 τὸ
322 4502 542 4569 ῥητόν
576 4498 706 4569 (21)·
742 4518 762 4550 ‹
800 4499 874 4569 ΕΖ
899 4514 989 4563 τις
1025 4496 1366 4569 ἐθνςΧρισ-τῷ,
1397 4496 1574 4565 καινὴ
1602 4496 1723 4569 κτίτ-

171 4588 278 4635 σις
308 4566 431 4623 (τὰ
469 4566 692 4638 ἀρχαῖά
721 4568 1016 4637 παρῆλθε,
1047 4567 1174 4620 ἰδοὺ
1206 4567 1412 4638 γέγονε
1448 4567 1624 4621 καινὰ
1650 4566 1723 4620 τὰ

168 4642 413 4695 πάντα.
455 4660 478 4691 ι

1826 4000 1985 4054 niens
2015 4008 2205 4053 nostro
2233 3999 2480 4051 induitur
2517 3998 2739 4061 vestitu,
2777 4013 2865 4064 ne,
2901 3998 2946 4053 si
2970 4000 3242 4063 venisset,
3270 3999 3409 4055 divi-

1828 4091 1998 4145 nitate
2028 4104 2134 4145 non
2166 4089 2361 4155 velata,
2394 4088 2540 4144 illius
2571 4104 2861 4144 occursum
2896 4090 3204 4146 timeamus.

1940 4258 2266 4328 QUASSTIO
2325 4258 2553 4315 CLXVII
2603 4260 2788 4330 [CuisL
2859 4258 3087 4326 CXCVI,
3140 4259 3304 4315 Taur.

2458 4330 2810 4403 CLXXXVI].

1832 4489 1899 4543 In
1935 4482 2211 4544 oraculum
2261 4491 2437 4545 illud:
2477 4510 2494 4543 (
2526 4489 2585 4546 Si
2614 4494 2733 4560 quis
2771 4500 2846 4544 est
2896 4492 2951 4544 in
3004 4488 3238 4552 Christo,
3273 4504 3407 4542 nova

1901 4571 1976 4613 est
2005 4572 2279 4626 creatura;
2316 4574 2486 4617 vetera
2550 4562 2899 4626 transierunt,
2947 4576 3065 4615 ecce
3103 4575 3235 4612 nova
3266 4560 3413 4628 facta

1900 4642 2021 4684 sum
2051 4632 2228 4685 omnia
2274 4633 2344 4685 ”.
2380 4651 2398 4681 ι

593 4794 854 4846 Editarum
876 4810 904 4867 a
929 4796 1107 4845 Wolﬁo
1132 4792 1367 4857 vigesima
1390 4799 1559 4844 octava
1584 4792 1599 4855 (
1629 4794 1665 4841 l.
1704 4806 1770 4854 c.,
1793 4806 1841 4855 p.
1867 4794 2096 4843 810-812.
2120 4793 2348 4844 Galland.
2370 4792 2502 4855 XIII,
2522 4793 2642 4853 .750,
2668 4790 2781 4853 751,
2804 4804 2853 4843 ιι.
2876 4791 2977 4853 44.)

175 4952 311 5006 Ὀτι
342 4952 537 5023 φασὶν
588 4952 637 5004 οἱ
681 4951 1043 5023 Ἐλληνιστα“ι,
1076 4951 1169 5004 καὶ
1198 4951 1261 5005 τὸ
1301 4950 1584 5016 Ἰουδαῖζον
1612 4967 1626 4981 ο
1654 4950 1720 5004 Ti

1910 4949 2152 5005 Gentiles
2201 4962 2254 5005 et
2296 4949 2649 5005 Judaizantes
2701 4948 2932 5003 dicunt:
2970 4946 3118 5028 Quid.
3155 4945 3420 5017 gloriatur

102 5045 406 5115 κομπάζει
443 5042 664 5107 Παῦλος
698 5043 891 5112 λέγων·
926 5064 943 5095 ι
969 5043 1048 5096 Τά
1072 5045 1273 5114 ἀρχαῖα
1302 5043 1569 5114 παρῆλθε,
1624 5043 1708 5096 ἔδοξ

1838 5041 2042 5098 Paulus
2102 5042 2326 5098 dicens:
2374 5061 2391 5093 ι
2431 5040 2621 5097 Vetera
2670 5040 3046 5097 transierunt:
3076 5055 3204 5096 ecce
3235 5039 3420 5094 omnia

174 5212 224 5243 ’⁸
247 5211 490 5266 Jerem.
522 5221 678 5271 χχιιι,
703 5205 793 5259 55.
868 5207 912 5236 ²⁹
935 5203 979 5258 ll
1007 5204 1138 5258 Cor.
1171 5219 1223 5270 ν,
1251 5204 1337 5259 17.

1690 5316 1922 5373 ΝΟΤᾸΕ.

179 5481 308 5551 (Π)
334 5480 499 5551 Qum:
527 5482 854 5551 sequuntur,
883 5489 944 5529 ea
1003 5474 1280 5545 quomodo
1307 5475 1413 5529 huc
1439 5473 1728 5543 quadrent,

106 5566 222 5607 non
256 5546 594 5607 admodum
624 5546 802 5601 video.

181 5624 307 5694 (18)
343 5618 527 5676 Colb.
560 5632 659 5686 pro
693 5616 759 5671 ἂν
792 5617 955 5687 ἐρεῖς.

1914 5471 2027 5540 (l9)
2057 5470 2345 5541 Siciscribo
2368 5484 2467 5541 pro
2491 5471 2753 5539 ἀπηρίας.
2798 5468 2914 5524 Nisi
2945 5470 3101 5524 malis
3135 5463 3419 5534 ὲπηρεαὶς.

1936 5543 2027 5610 20)
2061 5541 2117 5594 1η
2142 5540 2569 5607 Οοόἱρθ,“ηιαιθε
2616 5541 2856 5610 Ἡσαΐου.

1936 5543 2027 5610 20)
2061 5543 2117 5594 1η
2142 5543 2360 5607 Codice,
2394 5543 2569 5595 male:
2616 5543 2856 5595 Ἡσαΐου.

1915 5543 2027 5682 ξεί)
2058 5613 2136 5674 εἰς
2164 5611 2224 5664 τὸ
2253 5612 2436 5683 ῥητόν,
2466 5611 2649 5679 accepi
2669 5625 2734 5664 ex
2766 5609 2921 5665 Colb.
