3826 6206
430 247 536 310 859

1595 245 1859 308 PIIOTII
1897 247 2404 308 PATRIARCILE
2436 249 2544 308 CP.

3595 252 3696 314 860

434 361 577 416 facta
618 369 749 418 sunt
793 376 933 417 nova
970 378 983 414 :
1017 362 1062 417 si
1087 363 1211 432 quis
1243 362 1296 416 in
1337 361 1558 417 Christo
1603 374 1708 425 est,
1737 379 1876 418 nova
1923 375 2004 420 est

2113 367 2302 435 γέγονε
2354 365 2424 417 τὰ
2469 366 2647 418 πάντα
2679 364 2957 418 κιινᾶἐί
3016 383 3100 427 τις
3159 368 3217 418 ὲν
3274 364 3688 438 Χριττῷ,καινὴ

431 464 706 508 creatura.
744 473 763 505 ι
817 454 928 523 Ego
979 456 1152 520 enim,
1218 454 1418 525 inquit,
1465 456 1602 509 nihil
1654 458 1776 510 novi
1834 457 2013 512 video.

434 543 629 599 Nonne
656 561 786 600 vero
812 547 982 601 habes
1012 548 1223 611 oculos,
1263 557 1322 602 ut
1360 563 1423 602 ea
1464 551 1772 618 perspicere
1797 550 2015 620 possis?

433 639 734 702 Adesdum,
765 649 819 693 et
865 640 1062 693 faciam
1101 641 1195 695 tibi
1237 641 1452 705 oculos,
1497 651 1557 695 ut
1600 641 1812 696 videas.
1860 642 2014 696 Tune

430 746 564 784 vero
615 732 807 786 oculos
863 732 998 787 das?
1046 734 1161 787 lmo
1211 749 1362 788 vero.
1407 731 1558 786 Tune
1605 734 1867 789 Conditor
1915 735 2015 791 es?

433 821 656 893 Utique.
687 823 878 879 Nonne
921 839 1100 881 mente
1133 837 1325 896 captus
1355 829 1453 882 es?
1489 828 1833 898 Neutiquam.
1868 827 2014 884 Ocu-

433 916 586 970 losne
621 917 805 986 itaque
851 921 1098 987 corporis
1142 919 1312 973 facis?
1359 919 1478 974 Non
1514 935 1668 983 sane.
1717 919 1834 987 sed,
1866 921 2010 990 quod

433 1009 555 1077 plus
602 1010 764 1075 valet,
813 1014 1032 1065 mentis.
1072 1011 1260 1080 Itaque
1302 1021 1356 1066 et
1406 1013 1539 1066 mihi
1584 1014 1774 1068 oculos
1815 1013 2013 1084 paras?

434 1098 530 1153 Vel
572 1103 830 1155 maxime.
866 1099 1057 1156 Nonne
1089 1118 1218 1156 vero
1255 1118 1350 1158 eos
1379 1104 1593 1158 habeo?
1619 1104 1860 1159 Minime.
1905 1104 2012 1160 Sed

435 1201 493 1246 tu
527 1193 737 1246 habes?
775 1193 992 1262 Utique.
1035 1192 1152 1254 Dic,
1193 1210 1403 1263 quaaso,
1436 1197 1748 1265 quomodo?
1777 1195 1932 1262 Quod
1964 1198 2010 1252 si

433 1294 490 1337 tu
529 1285 786 1352 templum
837 1285 1118 1354 ingressus
1166 1289 1370 1340 nudum
1420 1288 1492 1341 ibi
1533 1288 1913 1354 simulacrum,
1957 1297 2014 1344 et

433 1387 646 1430 mutum
694 1377 925 1446 lapidem
977 1378 1182 1442 videas,
1229 1379 1492 1448 dicasque
1525 1419 1540 1443 ,
1568 1379 1668 1436 llic
1714 1391 1797 1437 est
1830 1380 2009 1446 Deus,

433 1488 562 1525 nutu
595 1473 785 1526 oculos
822 1482 953 1526 tunc
990 1473 1198 1526 habes?
1226 1473 1412 1542 Neque
1441 1475 1586 1528 enim
1621 1475 1829 1530 externi
1867 1475 2010 1529 oculi

433 1565 732 1634 quidquam
761 1575 1015 1633 prosunt,
1045 1567 1265 1634 quando
1302 1567 1526 1622 internis
1572 1578 1764 1637 captus
1805 1583 1885 1623 es.
1918 1567 2012 1621 Vi—

431 1658 528 1710 des
560 1657 743 1726 itaque
777 1671 1003 1711 necesse
1031 1674 1171 1721 esse,
1205 1668 1264 1711 ut
1305 1660 1494 1715 oculos
1527 1660 1621 1714 tibi
1658 1675 1866 1730 parem,
1899 1677 2009 1729 quo

2119 459 2294 521 κτίσις
2327 476 2341 523 ;
2375 478 2392 510 ι
2428 457 2539 526 ἐγὼ
2591 457 2724 527 γὰρ,
2753 459 2906 528 φησὶ,
2939 458 3125 512 καινὸν
3173 460 3325 512 οὐδὲν
3389 459 3590 530 βλέπω.
3623 462 3690 513 Ού

2116 551 2225 621 γὰρ
2285 550 2429 621 ἔχεις
2489 549 2826 622 ὀφθαλμοὺς,
2859 552 2945 604 ἵνα
3005 552 3118 622 ῐδῃς
3152 551 3326 604 ταῦτα
3353 571 3368 610 ;
3396 550 3586 620 Δεῦρο,
3607 553 3693 606 καὶ

2117 647 2330 715 ποιήσω
2381 662 2464 697 σοι
2499 645 2853 715 ὀφθαλμοὺς,
2894 647 2991 699 καὶ
3037 647 3258 716 ὁράσεις
3300 646 3433 716 (2-3)-
3478 649 3584 699 Καὶ
3632 648 3688 700 σὺ

2116 739 2292 798 ποιεῖς
2346 735 2700 805 ὀφθαλμούς;
2761 737 2890 790 Ναί.
2926 737 3037 789 Καὶ
3090 738 3428 809 δημιουργὸς
3486 734 3564 803 ai;
3595 741 3689 792 Καὶ

2116 828 2288 880 πάνυι
2301 827 2373 880 Σὺ
2392 828 2653 897 ἁπονενύη
2663 844 2770 894 σαι;
2788 829 2920 898 Οὐχί
2931 871 2943 882 .
2960 829 3170 882 Ούκοῦν
3186 832 3359 891 ποιεῖς
3379 831 3490 896 (25)
3509 831 3687 898 ὀφθαλ-

2119 919 2254 988 μοὺς
2280 918 2374 972 τοῦ
2408 919 2690 990 σώματος;
2711 919 2809 972 Οὔ·
2829 920 2964 973 ἀλλὰ
2997 921 3059 972 τὸ
3096 921 3302 990 μεῖζον,
3325 923 3422 991 τῆς
3443 922 3683 984 διανοίας.

2115 1009 2225 1060 Kal.
2268 1011 2441 1073 ποιεῖς
2475 1026 2565 1078 μοι
2595 1009 2940 1079 ὀφθαλμούς;
2978 1011 3248 1064 Μάλιστα.
3279 1013 3353 1063 Ού
3404 1013 3513 1080 γὰρ
3561 1012 3681 1081 Elui;

2115 1102 2354 1170 Οὐχί.Σὺ
2371 1103 2427 1154 δὲ
2454 1101 2632 1171 ἔχεις;
2663 1101 2790 1156 Ναί.
2816 1102 2938 1166 Πῶς
2959 1119 2973 1168 ;
2992 1103 3111 1156 εἰπέ
3139 1121 3252 1172 μοι.
3277 1103 3448 1156 Ὅταν
3464 1105 3682 1176 ἀπέλθῃς

2113 1193 2193 1254 είς
2242 1193 2387 1258 ναὸν,
2430 1194 2524 1245 καὶ
2566 1193 2678 1264 ἴδῃς
2711 1193 2829 1246 ἐκεῖ
2876 1193 3062 1257 ξόανον
3120 1193 3350 1262 γυμνὸν,
3379 1193 3680 1261 ).ίθονᾶ;ω-

2117 1298 2222 1344 νον,
2257 1283 2352 1334 καὶ
2407 1283 2567 1352 εἴπῃς
2597 1299 2612 1313 ·
2647 1275 2818 1346 Οὗτος
2865 1286 2892 1336 ὁ
2926 1284 3059 1346 Θεός
3109 1287 3258 1338 ἐστιν
3284 1302 3297 1314 ⁸
3342 1282 3451 1356 ἆρα
3499 1288 3678 1354 ὀφθαλ-

2117 1373 2251 1442 μοὺς
2282 1371 2465 1442 Exue;
2502 1373 2576 1445 μὴ
2606 1374 2712 1443 γὰρ
2736 1375 2923 1442 ὀφελός
2941 1393 2992 1427 τι
3015 1393 3122 1428 των
3151 1377 3352 1439 ἔξωθεν
3405 1377 3675 1446 ὀφθαλμῶν

2111 1462 2221 1514 τῶν
2263 1463 2410 1515 ἔνδον
2439 1465 2907 1535 πεπηρωμένων;
2969 1467 3134 1536 Ὁρᾷς
3181 1467 3263 1518 ὅτι
3312 1467 3502 1536 χρείαν
3552 1467 3675 1535 ἔχεις

2113 1554 2201 1607 ἵνα
2231 1555 2443 1624 ποιήσω
2478 1571 2558 1608 σοι
2594 1553 2928 1624 ὀφθαλμοὺς,
2963 1554 3102 1607 ὥστε
3151 1555 3242 1607 τὸν
3273 1555 3424 1608 λίθον
3478 1572 3532 1607 σε
3566 1558 3672 1609 ἰδεῖν

2113 1644 2280 1710 λίοον,
2316 1645 2410 1697 καὶ
2471 1644 2532 1696 τὸ
2583 1643 2760 1709 ξύλον,
2787 1644 2944 1707 ξύλον
2973 1661 2989 1677 ο
3023 1645 3338 1714 ὀφθαλμοὺς
3372 1645 3534 1715 ἔχεις,
3565 1648 3670 1700 ὅταν

430 1745 664 1814 lapidem
719 1745 905 1800 videas
958 1763 1081 1802 esse
1128 1749 1385 1816 lapidem,
1429 1756 1483 1802 et
1515 1750 1724 1818 lignum
1776 1765 1897 1805 esse
1939 1752 1998 1803 li-

2112 1737 2224 1805 ῖξῃς
2259 1735 2435 1801 ξύλον,
2468 1737 2562 1790 καὶ
2594 1738 3005 1809 προσκυνήσῃς·
3039 1740 3132 1791 καὶ
3167 1738 3348 1792 λαϐὼν
3400 1740 3529 1807 ἐγὼ,
3561 1741 3672 1794 αὐτὸ

433 1854 622 1908 gnum.
672 1835 874 1892 Oculos
915 1837 1106 1900 habes,
1141 1846 1199 1890 ut
1232 1837 1422 1892 videns
1462 1838 1667 1907 lignum
1710 1839 1838 1893 illud
1884 1841 2008 1894 ado-

429 1927 562 1982 res?
599 1928 710 1998 Ego
741 1943 868 1981 vero
903 1927 1034 1982 illud
1074 1929 1418 1983 comburam.
1453 1928 1590 1984 Num
1629 1931 1802 2001 igitur
1819 1932 2006 1986 oculos

431 2019 623 2080 habes,
653 2019 747 2088 qui
801 2019 954 2080 illttd,
997 2019 1143 2087 quod
1194 2021 1554 2087 comburitur,
1597 2022 1766 2076 Deum
1821 2023 2008 2094 appel-

431 2110 554 2165 les?
596 2109 770 2164 llomo
802 2111 1004 2179 aliquis
1054 2111 1242 2165 ebrius
1282 2122 1387 2173 est,
1420 2119 1473 2165 et
1517 2111 1918 2178 circumfertur,
1955 2126 2009 2168 et

427 2204 726 2268 deridetur,
766 2211 820 2256 et
855 2219 920 2258 ex
957 2203 1178 2258 homine
1224 2205 1435 2258 ratione
1462 2205 1757 2260 destitutus
1802 2206 2006 2261 evadit.

429 2288 509 2342 Tu
543 2304 673 2343 vero
719 2289 841 2344 ais:
891 2289 1199 2345 Ebriositas
1239 2291 1374 2345 deus
1409 2301 1512 2356 est,
1563 2292 1842 2358 Bacchus;
1891 2294 2009 2348 fur—

431 2393 543 2435 tum
595 2384 730 2438 deus
757 2391 860 2448 est,
897 2381 1220 2436 Mercurius.
1253 2381 1507 2449 Videsne,
1539 2385 1714 2439 oculis
1745 2385 1841 2439 tibi
1871 2401 2009 2456 opus

429 2475 593 2529 esse?
624 2474 732 2529 Lex
777 2488 943 2544 prava
979 2475 1170 2543 punit;
1205 2484 1259 2528 tu
1298 2491 1448 2539 vero,
1488 2491 1550 2529 ea
1595 2485 1837 2545 patrans,
1868 2479 2008 2532 nihil

427 2566 622 2620 Sentis.
672 2564 817 2634 Jam,
893 2584 1080 2637 qumso
1132 2577 1202 2633 te,
1243 2569 1458 2622 attende
1503 2568 1776 2637 quomodo
1826 2571 2008 2624 omnia

430 2657 573 2710 facta
628 2657 739 2711 sint
791 2673 952 2711 nova.
1017 2658 1279 2712 Creatura
1324 2659 1378 2712 in
1443 2657 1722 2728 Scriptura
1780 2671 2010 2714 vocatur

431 2761 538 2802 non
569 2748 772 2811 solum,
802 2749 1023 2818 quando
1075 2750 1280 2820 aliquid
1321 2766 1387 2805 ex
1419 2751 1760 2807 nihilowsse
1795 2751 2008 2820 incipit,

429 2842 522 2894 sed
582 2851 635 2894 et
669 2842 890 2909 quando
923 2842 1150 2911 aliquid,
1185 2843 1332 2910 quod
1361 2852 1465 2906 est,
1515 2842 1568 2896 in
1598 2844 1794 2898 melius
1829 2853 2010 2897 muta:

428 2940 540 2990 tur.
576 2929 720 2985 Deus
743 2932 943 2986 emlum
972 2933 1239 3000 condidit,
1287 2935 1390 2989 hoc
1418 2943 1520 2996 est,
1543 2933 1672 2988 fecit
1703 2935 1909 3005 aliquid
1939 2950 2003 2989 ex

430 3021 645 3076 nihilo:
686 3023 823 3076 idem
859 3038 990 3077 vero
1038 3025 1202 3078 etiam
1249 3036 1420 3089 creat,
1465 3025 1685 3096 quando
1731 3027 2006 3081 hominem

423 3115 652 3184 impium
689 3117 893 3170 bonum
926 3116 1106 3172 edicit.
1147 3117 1327 3189 Atque
1367 3120 1454 3173 hic
1491 3135 1680 3174 creare
1717 3119 1858 3174 idem
1899 3130 2004 3185 est,

423 3209 574 3279 quod
627 3209 832 3280 aliquid
871 3212 926 3264 in
967 3210 1163 3264 melius
1202 3221 1435 3266 mutare.
1483 3211 1622 3266 Audi
1655 3228 1818 3282 porro
1851 3212 2008 3267 Davi-

433 3301 557 3355 dem
600 3302 938 3372 loquentem.
991 3302 1261 3368 Quoniam
1315 3305 1461 3358 enim
1513 3305 1602 3359 ille
1649 3315 1704 3359 et
1747 3320 1843 3360 cor
1884 3304 2006 3374 ejus

428 3401 677 3446 creatum
709 3402 848 3457 erat,
881 3395 1152 3449 adulterio
1175 3411 1308 3450 vero
1327 3406 1379 3449 et
1409 3395 1555 3450 czede
1588 3395 2002 3465 inquinabatur,

423 3490 480 3536 et
538 3482 604 3536 ad
649 3483 850 3538 caedem
903 3485 1202 3552 ferebatur,
1253 3485 1422 3540 Deum
1468 3495 1744 3555 precalur,
1783 3495 1839 3541 et
1879 3490 2000 3543 ait:

430 3591 448 3623 ι
484 3572 590 3626 Cor
632 3589 836 3627 novum
871 3589 994 3629 crea
1027 3576 1080 3628 in
1119 3592 1228 3642 me,
1264 3574 1405 3632 Deus
1429 3578 1507 3640 3°;
1540 3597 1558 3629 ι
1611 3593 1720 3641 non
1757 3581 2001 3650 quidem,

421 3662 567 3730 quod
609 3672 736 3718 ante
775 3678 882 3719 non
935 3665 1167 3720 habebat
1205 3681 1321 3730 cor,
1379 3667 1522 3722 sicut
1570 3684 1671 3724 nec
1717 3670 1784 3724 de
1821 3671 2002 3727 cordis

422 3755 680 3819 essentia,
732 3756 828 3811 sed
875 3757 942 3810 de
987 3758 1215 3826 optima,
1269 3775 1390 3827 quae
1423 3759 1554 3814 illud
1589 3769 1770 3826 ornat,
1818 3762 2004 3818 condi-

427 3845 572 3899 tione
609 3845 873 3914 loquitur.
911 3844 1074 3902 Vides
1105 3849 1287 3916 itaque
1317 3849 1464 3917 quod
1497 3859 1748 3905 creatura
1780 3860 2002 3907 vocetur

415 3955 528 3991 non
578 3938 778 4002 solum,
827 3938 873 3992 si
933 3955 996 3992 ex
1035 3941 1210 3994 nihilo
1262 3941 1467 4012 aliquid
1511 3942 1749 3998 existere
1784 3943 1997 4013 incipit,

417 4031 510 4084 sed
543 4031 735 4094 etiam,
780 4031 827 4084 si
859 4031 989 4100 quid
1025 4034 1204 4101 quoad
1250 4035 1546 4090 essentiam
1580 4044 1896 4104 corruptum
1943 4035 1997 4089 in

420 4123 618 4176 melius
676 4133 936 4179 mutetur.
1001 4124 1077 4180 lta
1135 4127 1391 4181 meretrix
1457 4127 1746 4192 conditur,
1803 4129 1849 4182 si
1906 4127 2001 4182 tiat

415 4222 568 4267 casta
595 4230 609 4278 ;
647 4215 718 4267 ita
749 4230 940 4284 rapax,
976 4216 1020 4270 si
1049 4217 1246 4271 evadat
1275 4218 1616 4273 misericors.
1648 4219 1728 4272 lta
1761 4219 1813 4272 in
1840 4234 1996 4273 ovem

419 4312 664 4357 mutatur
717 4304 896 4373 lupus,
947 4314 1000 4358 et
1063 4306 1116 4360 in
1169 4306 1482 4361 columbam
1551 4309 1828 4377 accipiter.
1881 4311 1996 4363 Duo

415 4395 599 4464 itaque
649 4407 777 4451 sunt
801 4399 1099 4453 creationis
1139 4415 1354 4471 genera.
1386 4401 1678 4471 Propterea
1726 4403 1889 4457 etiam
1919 4403 1995 4458 la—

423 4503 648 4541 vacrum
686 4490 892 4544 dicitur
946 4492 1176 4558 creatio,
1219 4493 1520 4556 lavacrum,
1557 4495 1805 4564 inquam,
1839 4511 1995 4566 rege-

419 4579 745 4632 nerationis.
789 4597 806 4629 ι
840 4578 1118 4634 Exuentes
1154 4581 1322 4648 enim,
1355 4582 1548 4652 inquit,
1589 4583 1863 4638 hominem
1901 4599 1994 4639 ve-

415 4678 612 4733 terem,
671 4671 956 4727 induentes
1011 4681 1190 4726 autem
1227 4689 1451 4737 novum,
1500 4675 1593 4745 qui
1642 4685 1994 4745 regeneratus

411 4770 495 4814 est
537 4761 602 4815 ad
646 4762 937 4832 imaginem
975 4764 1116 4833 ejus,
1159 4766 1251 4833 qui
1299 4781 1423 4820 eum
1477 4767 1736 4821 condidit.
1775 4787 1794 4819 ι
1831 4765 1994 4824 Vides

414 4852 622 4921 itaque,
656 4853 797 4921 quod
848 4870 988 4908 nova
1017 4856 1199 4925 aliqua
1256 4857 1326 4911 sit
1356 4866 1630 4913 creatura.
1661 4857 1800 4924 Quid
1845 4860 1991 4915 enim

412 4943 547 4996 mihi
573 4944 816 5012 prodest,
849 4947 894 5001 si
929 4946 1128 5001 coelum
1171 4948 1262 5000 [iat
1294 4963 1520 5012 novum,
1555 4959 1610 5003 et
1641 4958 1782 5004 terra
1829 4965 1994 5014 nova,

412 5050 544 5104 ergo
576 5051 707 5090 vero
740 5038 976 5107 peccatis
1028 5039 1367 5093 inveteravi?
1402 5039 1614 5094 Caelum
1651 5041 1846 5096 domus
1883 5052 1986 5109 est,

409 5143 509 5199 ego
533 5145 662 5184 vero
696 5133 746 5184 in
797 5149 864 5186 eo
897 5131 1146 5186 diversor
1182 5139 1236 5187 et
1277 5143 1502 5203 aegroto.
1540 5133 1770 5198 Quando
1815 5135 1988 5189 medi-

482 5309 527 5342 ³⁸
557 5309 700 5366 Psal.
728 5327 782 5375 ι,
811 5311 898 5365 ll.

2111 1827 2318 1883 καύσω.
2351 1825 2498 1899 *Λρα
2526 1828 2669 1898 ἔχεις
2691 1829 3002 1900 ὀφθαλμοὺς
3023 1831 3080 1882 τὸ
3104 1832 3397 1900 καιόμενον
3423 1832 3550 1885 Θεον
3573 1836 3668 1886 rivo-

2113 1911 2332 1989 μάζων;
2363 1921 2491 1974 ὃταν
2518 1920 2584 1974 τὰ
2617 1921 2766 1992 πάθη
2821 1921 3108 1986 Θεοποιεῖς,
3154 1923 3468 1992 ὀφθαλμοὺς
3516 1924 3669 1994 ἔχειςς

2113 2012 2303 2080 μεθύει
2347 2015 2376 2065 6
2437 2011 2724 2083 ἄνθρωπος
2758 2053 2773 2077 ,
2812 2014 2909 2065 καὶ
2969 2015 3349 2085 περιφέρεται,
3386 2017 3477 2068 καὶ
3525 2033 3668 2070 κατα-

2109 2104 2336 2172 γελᾶται
2374 2122 2387 2134 ·
2434 2106 2530 2158 καὶ
2575 2105 2783 2172 γίνεται
2820 2107 2939 2158 ἀντὶ
2987 2106 3082 2160 τοῦ
3139 2106 3430 2177 ἀνθρώπου
3482 2108 3667 2175 ἄλογος.

2111 2197 2184 2250 Σὺ
2209 2197 2266 2250 δὲ
2295 2198 2510 2267 λέγεις·
2556 2198 2620 2251 Ἢ
2671 2198 2810 2268 μέθη
2853 2199 2993 2264 Θεὸς,
3025 2200 3053 2251 6
3093 2201 3344 2264 Διόνυσος
3379 2218 3393 2233 ·
3443 2202 3475 2272 ἡ
3519 2202 3668 2270 κλοπὴ

2111 2288 2254 2355 Θεὸς,
2307 2291 2335 2342 6
2381 2288 2618 2361 Ἐρμῆςο
2647 2292 2801 2360 ὁρᾷς,
2843 2291 2924 2343 ὅτι
2981 2291 3140 2360 χρεία
3195 2309 3276 2344 σοι
3316 2292 3670 2361 ὁφΘα).μῶν;ὀ

2111 2384 2278 2450 νόμος
2326 2382 2395 2433 τὰ
2452 2382 2599 2450 πάοη
2648 2380 2865 2446 κολάζει
2893 2397 2905 2411 ⁸
2941 2382 3128 2435 καὶσὺ
3167 2383 3341 2434 ταῦτα
3384 2384 3547 2435 ποιῶν
3589 2384 3669 2436 οὐκ

2112 2473 2340 2543 αἰσθάνῃ
2371 2489 2385 2536 ;
2423 2474 2470 2525 εἰ
2497 2473 2676 2542 βούλει
2706 2473 2784 2536 δὲ,
2821 2474 3082 2543 πρόσχες,
3118 2474 3268 2536 ὅπως
3297 2477 3486 2542 γέγονε
3518 2476 3668 2527 πάντα

2112 2565 2296 2618 καινά.
2329 2564 2524 2626 Κτίσις
2565 2564 2621 2614 ὲν
2655 2567 2720 2635 τῇ
2751 2564 2940 2633 Γραφῇ
2992 2565 3232 2632 λέγεται,
3262 2566 3295 2635 ἡ
3327 2565 3386 2616 οὐ
3436 2565 3587 2633 μόνον
3617 2565 3668 2617 ὲκ

2109 2656 2204 2710 τοῦ
2240 2657 2315 2727 μὴ
2354 2656 2505 2720 ὄντος
2538 2659 2615 2719 εἰς
2648 2658 2707 2709 τὸ
2737 2651 2877 2710 εἶναι
2905 2659 3238 2726 παραγωγὴ,
3269 2658 3407 2710 ἀλλὰ
3432 2659 3524 2711 καὶ
3561 2660 3665 2728 ﬁt:

2110 2747 2202 2800 τοῦ
2229 2747 2378 2810 ὄντος
2427 2748 2522 2799 ἐπὶ
2551 2748 2610 2799 τὸ
2651 2747 2860 2818 βέλτιον
2892 2750 3184 2818 μεταὸολή.
3209 2751 3463 2803 Ἐκτισεν
3491 2753 3518 2804 6
3558 2750 3667 2812 Θεὸς

2109 2840 2203 2892 τὸν
2233 2841 2460 2907 οὐρανόν
2485 2855 2499 2870 ·
2533 2840 2691 2892 τοῦτό
2715 2842 2861 2893 ἐστιν
2897 2842 2962 2893 ἐκ
2987 2842 3081 2895 τοῦ
3126 2843 3201 2912 μὴ
3250 2842 3405 2906 ὄντος
3449 2845 3663 2914 ὲργάςα-

2113 2931 2237 2985 σθαι
2263 2949 2277 2962 ·
2311 2933 2506 2998 κτίζει,
2540 2935 2632 2986 καὶ
2659 2935 2785 2986 ὅταν
2818 2933 2910 2986 τὸν
2944 2936 3178 3005 πονηρὸν
3207 2935 3497 3006 ἄνθρωπον
3528 2937 3665 2989 καλὸν

2111 3025 2497 3096 ἀπεργάσηται
2521 3043 2534 3056 ⁸
2569 3026 2803 3079 ἐνταῦθα
2831 3027 2892 3079 τὸ
2923 3027 3130 3092 κτίζειν
3164 3030 3311 3080 ἐστὶν
3346 3029 3440 3081 ἐπὶ
3481 3029 3538 3082 τὸ
3563 3029 3665 3099 $51-

2110 3137 2221 3172 τιον
2272 3118 2571 3190 μεταϐολή.
2621 3120 2732 3171 Καὶ
2770 3120 3001 3173 ἄκουσον
3048 3119 3142 3172 τοῦ
3182 3120 3351 3173 Δαδὶδ
3404 3121 3663 3190 λέγοντος·

2111 3208 2304 3279 ἐπειδὴ
2328 3209 2437 3278 γὰρ
2468 3205 2533 3279 ἦν
2560 3208 2723 3271 αὐτὸς
2749 3209 2845 3260 καὶ
2876 3209 2909 3277 ἡ
2945 3207 3146 3279 καρδία
3173 3207 3340 3260 αὑτοῦ
3372 3209 3666 3278 ἐκτισμένη,

2109 3298 2406 3372 ὲρρυπώθη
2453 3299 2514 3352 δὲ
2558 3302 2626 3370 τῇ
2665 3298 2902 3369 μοιχεία,
2932 3297 3027 3350 καὶ
3076 3298 3152 3367 τῷ
3201 3298 3370 3368 φόνῳ,
3409 3300 3502 3350 καὶ
3551 3298 3666 3367 πρὸς

2110 3391 2317 3462 φθορὰν
2341 3389 2696 3460 κατεφέρετο,
2729 3389 3044 3461 παρακαλεί
3071 3390 3164 3442 τὸν
3190 3389 3348 3452 Θεὸν,
3383 3391 3479 3442 καὶ
3505 3390 3666 3457 λέγει·

2112 3502 2132 3535 ι
2171 3483 2412 3555 Καρδίαν
2440 3483 2686 3553 καθαρὰν
2721 3483 2904 3536 κτίσον
2927 3483 2986 3534 ὲν
3004 3484 3149 3551 ἐμοὶ,
3170 3482 3199 3534 6
3231 3482 3384 3545 Θεός.
3417 3501 3438 3535 ι
3475 3482 3581 3552 Οὐχ
3601 3484 3668 3535 ὅτι

2109 3575 2378 3644 πρότερον
2409 3573 2510 3626 οὐκ
2550 3569 2661 3642 εἶχε
2692 3571 2916 3642 καρδίαν
2953 3586 2966 3600 ·
3010 3570 3132 3624 οὐδὲ
3175 3571 3308 3640 περὶ
3357 3573 3456 3641 τῆς
3501 3571 3668 3630 ούσίας

2105 3665 2202 3734 τῆς
2228 3663 2454 3735 καρδίας
2486 3663 2654 3732 λέγει,
2686 3662 2823 3717 ἀλλὰ
2855 3663 2983 3733 περὶ
3025 3661 3127 3732 τῆς
3160 3661 3472 3733 κοσμούσης
3511 3661 3665 3731 αὐτὴν

2103 3756 2336 3827 ἀρίστης
2378 3755 2671 3819 πολιτείας.
2721 3755 2850 3809 Ἰδοὺ
2905 3755 3083 3808 τοίνυν
3132 3753 3312 3818 κτίσις
3361 3754 3590 3822 λέγεται,
3610 3752 3661 3806 οὐ

2109 3849 2270 3921 μόνον
2297 3849 2329 3918 ή
2354 3849 2420 3902 ὲκ
2441 3847 2536 3901 τοῦ
2557 3847 2632 3918 μὴ
2663 3848 2814 3910 ὄντος
2836 3848 2912 3910 εἰς
2934 3846 2995 3900 τὸ
3023 3841 3166 3900 εἶναι
3198 3847 3527 3918 παραγωγὴ,
3546 3845 3662 3898 ἀλλὰ

2103 3945 2197 3996 καὶ
2224 3944 2258 4013 ἡ
2281 3941 2380 4014 τῆς
2415 3942 2604 4004 οὐσίας
2642 3939 3036 4011 διαφθαρείσης
3073 3941 3152 4002 είς
3187 3940 3247 3992 τὸ
3275 3939 3482 4009 βέλτιον
3516 3956 3660 4009 μεταο

2106 4033 2236 4102 ϐολή
2267 4050 2280 4065 ·
2315 4033 2456 4087 οὕτω
2482 4033 2726 4098 κτίζεται
2772 4035 3004 4102 σώφρων
3033 4033 3066 4101 ἡ
3099 4031 3298 4103 πόρνη,
3322 4031 3495 4094 οὕτως
3522 4032 3656 4098 ἐλεή-

2107 4141 2225 4193 μων
2259 4125 2286 4176 ὁ
2343 4123 2529 4194 ἆρπαξ
2553 4141 2566 4154 ο
2602 4123 2745 4176 οὕτω
2794 4121 3191 4192 μεταϐάλλεται
3229 4124 3308 4185 είς
3355 4120 3656 4191 πρόϐατονὸ

2101 4216 2283 4281 λύκος,
2315 4216 2410 4269 καὶ
2441 4218 2468 4268 6
2489 4215 2643 4279 ἱέραξ
2672 4217 2750 4278 είς
2793 4213 3124 4284 περιστεράν
3150 4231 3164 4245 ο
3195 4213 3290 4267 δύο
3336 4215 3550 4276 κτίσεις.
3573 4212 3656 4262 ,ιιά

2100 4309 2259 4362 τούτο
2302 4310 2397 4361 καὶ⁸
2430 4308 2491 4360 τὸ
2534 4307 2757 4375 λουτρὸν
2803 4306 3009 4376 κτίσμα
3055 4304 3314 4372 λέγεται’
3361 4304 3418 4357 τὸ
3459 4302 3656 4372 λουτρὸν

2102 4401 2247 4470 λέγω
2267 4401 2363 4471 τῆς
2390 4397 2829 4468 παλιγγενεσίας.
2861 4417 2878 4449 ι
2917 4397 3346 4466 Ἀποδυσάμενοι
3371 4399 3492 4466 γὰρ,
3517 4395 3651 4463 φησὶ,

2103 4494 2196 4548 τὸν
2227 4491 2459 4545 παλαιὸν
2485 4491 2795 4562 ἄνθρωπον,
2828 4489 3182 4560 ἐνδυσάμενοι
3215 4489 3272 4541 δὲ
3296 4491 3386 4541 τὸν
3421 4489 3548 4551 νέον,
3575 4486 3651 4537 τὸν

2105 4584 2551 4655 ἀναγεννώμενον
2575 4582 2695 4636 κατ’
2711 4582 3003 4636 είκόνατοῦ
3028 4581 3313 4644 κτίσαντος
3334 4579 3644 4649 αὐτόν(ι³.ί).ι

2110 4680 2274 4751 Ὁρᾷς
2324 4679 2417 4732 οὖν
2443 4680 2526 4732 ὅτι
2555 4679 2673 4732 ἐστὶ
2693 4677 2855 4750 καινὴ
2886 4678 3081 4740 κτίσις.
3107 4677 3173 4729 Τί
3201 4679 3311 4749 γάρ
3348 4695 3434 4747 μοι
3462 4676 3644 4742 ὄφελος,

2099 4771 2195 4826 ὲάν
2224 4771 2451 4842 γένηται
2483 4771 2511 4822 ὁ
2541 4770 2767 4839 οὐρανὸς
2800 4769 3006 4832 καινὸς,
3033 4769 3128 4822 καὶ
3158 4769 3229 4839 γῆ
3263 4769 3440 4839 καινὴ,
3473 4764 3573 4833 ἐγὼ

2099 4862 2218 4923 ταῖς
2280 4859 2578 4929 ἁμαρτίαις
2655 4859 3091 4928 πεπαλαίωμαις
3163 4859 3192 4910 6
3254 4857 3472 4928 οὐρανὸς
3516 4848 3642 4911 οἶκός

2092 4952 2264 5016 ἐστιν,
2290 4950 2400 5019 ἐγὼ
2421 4951 2476 5003 δὲ
2495 4951 2524 5002 6
2543 4951 2898 5021 διαιτώμενος
2922 4951 2981 5002 ὲν
3005 4949 3176 5020 αὐτῷ,
3198 4951 3296 5003 καὶ
3324 4948 3503 5002 νοσῶν.
3533 4943 3641 4997 Ἐὰν

2099 5041 2284 5113 ἰατρὸς
2324 5045 2404 5107 είς
2449 5045 2549 5113 τὴν
2593 5043 2771 5096 οἰκίαν
2809 5042 2903 5096 τοῦ
2956 5042 3364 5114 ἁῤῥωστοῦντος
3415 5035 3636 5097 εἰσέλθοι,

2097 5136 2193 5189 καὶ
2230 5136 2324 5190 τού
2378 5137 2476 5207 μὲν
2505 5136 2764 5207 οὐδεμίαν
2791 5136 3050 5208 πρόνοιαν
3100 5134 3280 5202 λάὃοι,
3308 5130 3557 5186 λευκαίνει
3587 5125 3632 5178 δὲ

1891 5450 2121 5508 ΝΟΤᾹΞ.

476 5605 588 5677 (2‘2)
618 5609 770 5662 Coll).
794 5610 888 5661 καὶ
920 5611 1071 5679 ὁρᾷς.

479 5680 590 5748 (25)
623 5679 790 5747 Idem,
815 5679 1061 5750 ποίησον.

2170 5606 2285 5675 (Ἡ)
2315 5608 2528 5663 Coloss.
2563 5623 2644 5671 nt,
2676 5607 2756 5673 lO,
2791 5607 2880 5663 ubi
2913 5618 3092 5663 tamen
3121 5603 3620 5662 hodiecodicesuon-

2097 5681 2229 5735 nihil
2259 5678 2415 5734 aliter
2446 5679 2664 5732 habent.
