3828 6202
436 247 545 312 863

1599 245 1862 307 ΡΗΟΤΙΙ
1899 247 2036 308 ΡΑΤ

2144 248 2404 310 ARCH/E
2435 249 2548 310 CP.
3557 257 3644 319 Sili

440 357 669 415 Relictis
698 356 1039 424 hominibus,
1087 370 1213 412 cum
1251 356 1519 414 creaturis
1555 356 2022 416 irrationabilibus

2144 379 2263 425 τους
2288 361 2386 416 καὶ
2436 362 2550 422 τοῖς
2581 358 2797 426 ἀλόγοις
2853 358 3138 428 στοιχείοις
3171 359 3505 433 προσδιαλέγῃ
3526 380 3542 431 ;
3564 367 3650 421 Ναὶ

438 450 824 508 conversaris?
873 450 1003 520 quia
1065 448 1478 504 irrationalibus
1540 449 1665 504 facti
1729 451 2022 506 suntirra-

440 543 761 598 tionaliores
813 541 910 612 qui
971 541 1185 596 ratione
1233 541 1490 612 gaudent,
1549 551 1604 597 ct
1647 557 1756 595 non
1805 553 2024 612 propter

448 635 578 690 illud
628 634 998 698 solummodo,
1063 633 1156 688 sed
1205 642 1258 688 et
1293 633 1421 703 quia
1456 631 1688 705 Moyses,
1715 649 1842 688 cum
1875 633 1928 687 in
1959 649 2026 688 eo

445 736 592 782 esset
642 735 704 782 ut
757 727 880 783 illos
947 727 1016 780 ad
1066 733 1268 780 terram
1320 726 1648 796 promissam
1703 727 2017 793 deduceret,

445 816 626 870 futura
655 815 982 883 praevidens,
1018 816 1152 870 dicit
1205 834 1218 870 :
1256 816 1504 883 «Audite,
1535 817 1680 884 cceli,
1721 825 1776 872 et
1799 819 2018 888 loquar,

445 912 682 972 attende,
723 917 888 972 terra,
931 908 1111 968 verbis
1156 909 1268 964 oris
1310 909 1411 963 mei
1435 911 1503 964 ".
1548 939 1620 950 —
1659 909 1870 979 Adjuro
1907 925 2026 974 vos,

444 1001 577 1056 dicit
639 1000 890 1072 Moyses,
972 1016 1069 1070 per
1123 1001 1322 1054 caelum
1378 1010 1432 1056 et
1498 1010 1737 1067 terram,
1776 1003 1920 1074 quod
1981 1002 2028 1056 si

450 1092 679 1161 ingressi
741 1091 955 1146 fueritis
1009 1091 1066 1145 in
1121 1101 1320 1145 terram
1374 1094 1703 1160 promissam
1732 1103 1786 1149 ct
1824 1093 2025 1148 dereli-

447 1182 676 1251 queritis
733 1181 1024 1235 Dominum
1092 1181 1302 1247 Deum,
1400 1184 1456 1238 in
1516 1199 1710 1240 omnes
1766 1186 2021 1241 nationes

449 1272 984 1342 dispergemini“.s
1075 1273 1252 1338 Venit}
1299 1290 1428 1346 ergo
1499 1275 1704 1344 Isaias;
1802 1277 2030 1348 jamjam

449 1366 611 1439 minae
661 1376 783 1419 actu
827 1366 1167 1436 complenda:
1219 1377 1395 1421 erant.
1453 1366 1687 1438 Moyscm
1714 1380 2019 1432 mortuum,

450 1471 551 1510 nec
609 1456 731 1509 illos
792 1457 884 1525 qui
952 1467 1082 1513 tunc
1137 1459 1424 1514 audierant
1486 1475 1612 1514 eum
1667 1474 1868 1515 vocare
1918 1475 2026 1514 non

453 1557 670 1617 potest;
707 1549 978 1619 reliquum
1013 1561 1097 1606 est
1133 1561 1191 1606 ut
1233 1561 1515 1608 creaturas
1545 1568 1683 1622 quas
1715 1562 1768 1607 et
1797 1553 1849 1607 in
1887 1555 2033 1608 testi-

451 1639 695 1693 monium
733 1643 946 1696 vocavit
979 1642 1191 1714 Moyses
1221 1653 1400 1702 vocet.
1437 1645 1693 1700 Attamen
1714 1645 1802 1701 ille
1823 1645 2028 1712 Aaron,

2128 457 2315 526 φησίν·
2379 453 2566 523 ἐπειδὴ
2617 452 2728 506 τῶν
2787 451 2998 520 ἀλόγων
3047 451 3366 524 ἀλογώτεροι
3409 460 3652 524 γεγόνασιν

2126 549 2176 601 οἱ
2215 546 2443 615 λογικοί.
2475 545 2587 599 Καὶ
2614 543 2674 596 οὐ
2701 543 2789 597 διὰ
2817 541 2973 596 τοῦτο
3035 543 3194 610 μόνον
3217 583 3231 607 ,
3263 543 3392 597 ἀλλὰ
3434 548 3520 598 καὶ
3542 548 3654 602 διότι

2132 637 2341 708 μέλλων
2370 638 2398 690 ὁ
2425 635 2667 705 Μωῦσῆς
2713 635 2954 702 εἰσάγειν
2984 634 3182 692 αὐτοὺς
3236 637 3312 698 εἰς
3341 635 3434 704 τὴν
3453 633 3544 705 γῆν
3567 639 3648 708 τῆς

2128 726 2461 798 ἐπαγγελίας
2487 727 2581 780 καὶ
2609 724 2858 797 προορῶν
2883 724 2950 778 τὰ
2992 725 3250 796 μέλλοντα
3295 725 3517 785 ἔσεσθαι.
3541 729 3658 783 οὕτω

2129 821 2246 886 πῶς
2267 836 2453 891 φησιν·
2485 840 2502 871 ι
2520 821 2739 882 Ἄκουε,
2759 819 2978 892 οὐρανέ,
3017 820 3110 872 καὶ
3125 819 3344 889 λαλήσω
3365 836 3378 847 ·
3401 823 3664 890 προσεχέτω

2131 913 2200 982 γῆ
2234 912 2434 982 ῥήματι
2459 911 2522 962 ἐκ
2551 909 2818 979 στόματός
2843 927 2966 979 μου.
2991 937 3062 950 —-
3083 909 3516 980 Διαμαρτύρομαι
3541 911 3663 978 ὑμῖν,

2133 1004 2316 1074 φησιν,
2359 1002 2622 1068 Ἰουδαῖοι,
2642 1001 2736 1055 τὸν
2761 1001 2989 1071 οὐρανὸν
3022 1001 3116 1054 καὶ
3137 999 3237 1069 τὴν
3263 999 3388 1068 γῆν,
3406 1002 3433 1051 6
3448 1001 3665 1068 Μωῦτῆς·

2131 1095 2214 1149 ὅτι
2245 1095 2339 1146 ἐὰν
2367 1093 2642 1163 είσέλθητε
2693 1095 2772 1157 εἰς
2801 1093 2899 1161 τήν
2937 1092 3043 1160 γῆν
3095 1092 3192 1160 τῆς
3241 1091 3552 1158 ἐπαγγελίας
3591 1100 3667 1145 καὶ

2132 1185 2538 1255 ἐγκαταλίπητε
2567 1185 2771 1254 Κύριον
2801 1186 2891 1237 τὸν
2911 1183 3067 1249 Θεὸν,
3089 1183 3588 1252 διασκεδασθήσεσθε
3610 1187 3673 1247 εἰς

2134 1277 2311 1330 πάντα
2362 1276 2432 1329 τὰ
2467 1275 2614 1345 ἔθνη.
2658 1295 2677 1328 ι
2714 1271 2885 1328 Ἰἰλθε
2934 1274 3115 1328 τοίνυν
3152 1274 3398 1336 Ἡσαΐας·
3431 1275 3674 1348 ἔμελλενὴ

2133 1369 2335 1434 ἀπειλὴ
2366 1367 2759 1440 περατοῦσθαι·
2791 1370 2890 1420 οὐκ
2947 1367 3178 1434 ἡδύνατο
3240 1367 3423 1421 καλεῖν
3477 1369 3677 1421 Μωῦσὲα

2131 1459 2226 1512 τὸν
2259 1460 2358 1532 ήδη
2389 1459 2710 1528 τεθνηκότα,
2747 1459 2867 1512 οὐδὲ
2902 1461 3029 1523 τοὺς
3086 1459 3204 1513 τότε
3238 1459 3548 1528 ἀκηκοότας·
3577 1462 3669 1512 λοι·

2135 1550 2238 1604 πδν
2263 1551 2331 1604 τὰ
2366 1555 2606 1620 στοιχεῖα
2631 1552 2785 1604 καλεῖ
2815 1551 2955 1622 ἅπερ
2982 1551 3485 1622 διαμαρτυρόμενος
3526 1552 3677 1613 αὐτοῖς

2135 1642 2320 1696 ἐκάλει
2380 1645 2475 1696 καὶ
2519 1647 2547 1696 6
2597 1644 2858 1713 Μωῦσῆς·
2885 1643 3059 1696 καίτοι
3111 1660 3175 1712 γε
3222 1646 3426 1708 ἐκεῖνος
3474 1645 3556 1696 καὶ
3607 1645 3679 1698 τὸν

451 1732 764 1802 multosque
823 1735 962 1790 alios
1022 1737 1078 1789 in
1129 1737 1503 1791 testimonium
1550 1753 1748 1793 vocare
1798 1746 2032 1808 poterat,

2151 1734 2363 1808 Ἀαρὼν
2400 1735 2633 1806 ἠδύνατο
2684 1735 2869 1789 καλεῖν
2907 1738 2985 1800 είς
3013 1736 3320 1808 μαρτυρίαν
3355 1737 3445 1788 καὶ
3493 1735 3682 1799 πολλοὺς

451 1823 552 1879 sed
610 1833 898 1895 propterea
961 1825 1140 1881 dicam
1199 1842 1301 1897 ego
1351 1843 1458 1882 non
1493 1829 1677 1884 vocari
1726 1829 1852 1886 illos
1879 1829 2028 1900 quod

451 1917 704 1971 morituri
748 1925 925 1981 erant,
978 1934 1079 1974 nec
1119 1928 1284 1975 testes
1324 1920 1686 1991 superfuturi,
1732 1933 1784 1976 et
1809 1923 1934 1991 quia
1966 1920 2034 1975 ad

454 2006 778 2082 injustitiam
848 2010 1147 2066 inclinabat
1203 2012 1390 2068 Israel.
1470 2011 1658 2083 Itaque
1707 2013 2035 2083 superstites

458 2109 738 2154 creaturas
772 2101 823 2154 in
871 2104 1246 2158 testimonium
1282 2119 1443 2159 voco.
1480 2103 1573 2160 Sic
1605 2114 1659 2159 et
1681 2103 1852 2160 Isaias
1883 2106 2034 2172 facit,

458 2203 569 2244 non
617 2198 827 2244 tantum
871 2202 1093 2262 propter
1135 2196 1408 2266 exposita,
1467 2197 1561 2253 sed
1589 2206 1643 2254 et
1669 2197 1797 2267 quia
1823 2195 2039 2254 Iudaeos

457 2279 752 2345 allocutus,
807 2291 863 2336 et
913 2283 1036 2339 illos
1089 2303 1196 2340 non
1253 2289 1537 2344 audientes
1595 2290 1916 2357 inveniens,
1971 2291 2039 2346 ad

458 2380 740 2427 creaturas
795 2388 916 2429 sese
938 2378 1209 2444 convertit
1262 2389 1318 2433 et
1375 2380 1496 2435 illas
1555 2380 1609 2434 iu
1667 2381 2038 2438 testimonium

458 2476 646 2516 secum
689 2466 940 2521 assumit.
1010 2469 1232 2534 Audite,
1268 2471 1430 2537 coeli,
1487 2486 1584 2527 vos
1643 2472 1788 2526 enim
1841 2488 2042 2529 manna

458 2556 741 2611 attulistis.
801 2557 1043 2615 Auribus
1095 2563 1337 2632 percipe,
1383 2574 1554 2630 terra,
1583 2573 1640 2620 tu
1675 2568 1821 2621 enim
1859 2575 2043 2622 cotur-

460 2647 636 2701 nicem
661 2649 880 2713 dedisti;
945 2654 1150 2720 audite,
1208 2655 1354 2721 cmli,
1387 2655 1511 2725 quae
1531 2658 1678 2712 enim
1715 2667 1846 2712 sunt
1875 2673 2040 2728 supra

459 2749 712 2795 naturam
773 2742 880 2798 illis
933 2745 1308 2803 ministrastis.
1373 2746 1610 2806 Sursum
1642 2751 1832 2805 eodem
1879 2750 2043 2805 modo

459 2844 526 2884 ac
574 2831 798 2886 stabiliti
855 2831 1054 2900 fuistis,
1109 2837 1511 2906 permansistis,
1572 2848 1628 2895 et
1661 2838 1892 2895 formam
1923 2841 2033 2897 cir-

458 2923 566 2978 culi
598 2938 706 2980 non
747 2928 984 2982 aversati
1012 2931 1171 2986 estis.
1228 2931 1472 2988 Auribus
1505 2934 1740 3004 percipe,
1781 2945 1947 2999 terra,
1985 2943 2043 2988 tu

463 3014 612 3068 enim
661 3015 919 3071 deorsum
984 3027 1038 3073 et
1069 3020 1252 3074 cibum
1277 3021 1409 3087 illis,
1442 3023 1592 3077 nulla
1628 3024 1850 3078 illorum
1892 3024 2044 3080 solli-

471 3106 712 3162 citudine
771 3109 1118 3167 ministrasti.
1150 3111 1445 3183 Propterea
1479 3115 1620 3171 alius
1661 3117 1922 3187 propheta
1950 3117 2041 3183 ²⁶¹,

463 3213 643 3268 regem
693 3198 964 3257 furentem
1005 3204 1218 3269 videns,
1251 3206 1396 3261 idola
1425 3207 1718 3270 colentem,
1757 3208 1928 3263 Deum
1956 3210 2043 3264 in—

458 3289 622 3359 juriis
679 3304 1124 3363 persequentem,
1184 3297 1432 3368 aliosque
1489 3298 1545 3352 in
1597 3308 1821 3369 peccato
1841 3300 2040 3370 lapsos,

463 3380 532 3434 ad
567 3381 775 3434 nullum
818 3383 1036 3438 illorum
1063 3400 1370 3442 sermonem
1394 3387 1542 3452 facit,
1567 3389 1662 3444 sed
1695 3406 1997 3447 conversus
2025 3408 2040 3444 :

463 3472 627 3539 Audi,
661 3474 858 3544 inquit,
902 3476 1094 3542 altare,
1143 3479 1268 3533 audi
1317 3495 1421 3534 me.
1456 3480 1635 3546 Quare
1661 3497 1794 3554 ergo
1811 3484 2044 3554 lapidem

465 3565 812 3634 alloqualur?
866 3567 940 3623 Ita
963 3585 1116 3635 sane,
1153 3571 1352 3640 inquit,
1385 3573 1512 3642 quia
1545 3591 1637 3629 rex
1671 3577 2046 3632 insensibilior

465 3666 551 3713 est
579 3660 779 3729 lapide.
809 3661 971 3729 Audi,
993 3664 1188 3729 altare,
1227 3665 1344 3720 haec
1366 3667 1496 3721 dicit
1515 3666 1781 3724 Dominus
1814 3688 1827 3723 :
1859 3679 1914 3724 et
1933 3679 2046 3724 sta-

466 3751 564 3805 tim
604 3761 825 3821 ruptum
873 3764 956 3810 est
1008 3756 1181 3811 altare
1221 3768 1277 3811 et
1324 3757 1610 3813 eﬂ‘ractum
1637 3769 1802 3815 estet
1837 3762 2046 3816 effluxit

465 3843 715 3910 victima;
753 3845 918 3901 homo
962 3857 1142 3902 autem
1189 3863 1296 3903 non
1330 3850 1577 3917 audivit;
1625 3852 1717 3906 sed
1752 3853 1923 3908 tendit
1948 3869 2045 3908 rex

464 3951 662 3990 manus
718 3945 777 3990 ut
829 3939 1149 4008 prophetam
1187 3951 1422 4010 raperet.
1503 3941 1647 3998 Deus
1693 3952 1874 3997 autem
1913 3943 2044 4012 quid

464 4025 634 4081 facit?
667 4025 887 4083 Manum
915 4029 1062 4085 illius
1093 4031 1304 4086 aridam
1332 4031 1482 4086 fecit.
1530 4032 1653 4086 Non
1685 4033 1736 4086 in
1777 4033 2046 4102 principio

468 4135 692 4174 manum
731 4121 879 4177 illius
913 4121 1046 4178 facit
1081 4123 1316 4191 aridam,
1363 4134 1424 4179 ut
1457 4124 1653 4195 lapidis
1686 4125 2047 4180 sensibilitate

467 4213 768 4282 sapientior
825 4215 1096 4270 evaderet.
1178 4214 1407 4271 Volebat
1453 4222 1600 4292 enim
1656 4217 1832 4280 illum,
1894 4218 2045 4272 nulla

2137 1827 2348 1890 ἄλλους.
2395 1827 2558 1880 Ἀλλὰ
2589 1827 2674 1880 διὰ
2701 1827 2880 1891 τοῦτο,
2903 1828 3068 1898 φαίην
3098 1829 3184 1893 ἂν,
3215 1829 3318 1881 οὐκ
3347 1828 3565 1882 ἐκάλεσα
3581 1827 3680 1882 τού-

2136 1935 2264 1984 τους
2302 1959 2318 1984 ,
2391 1920 2688 1992 ἐπειδήπερ
2762 1921 2985 1988 ἔμελλον
3047 1923 3245 1974 ἐκεῖνοι
3319 1921 3561 1992 τελευτᾷν
3609 1922 3684 1976 καὶ

2142 2011 2218 2081 μὴ
2285 2013 2540 2082 παρεῖναι
2597 2013 2875 2084 μάρτυρες
2906 2029 2920 2042 ·
2951 2011 3170 2065 ἐπειδὰν
3227 2013 3310 2076 εἰς
3373 2013 3678 2082 παρανομίαν

2139 2101 2409 2167 ἐξέκλινεν
2436 2104 2465 2156 6
2517 2102 2733 2174 Ἰσραήλ
2763 2120 2780 2135 ·
2816 2102 2896 2156 διὸ
2950 2102 3016 2156 τὰ
3076 2102 3306 2172 μένοντα
3360 2104 3581 2170 στοιχεῖα
3622 2103 3683 2163 si;

2142 2195 2451 2264 μαρτυρίαν
2528 2193 2699 2248 καλῶ.
2761 2193 2916 2248 Οὕτω
2996 2193 3090 2249 καὶ
3129 2193 3377 2255 ’Ἡσαΐας
3450 2194 3581 2245 ποιεί
3637 2192 3684 2243 οὐ

2139 2283 2227 2338 διὰ
2261 2283 2331 2336 τὰ
2362 2283 2628 2353 εἰρημένα
2662 2284 2842 2353 μόνον,
2879 2282 3016 2336 ἀλλὰ
3066 2284 3157 2336 καὶ
3197 2282 3390 2351 ἐπειδὴ
3428 2279 3686 2352 διαλεχθεὶς

2141 2377 2256 2437 τοῖς
2302 2373 2577 2437 Ἰουδαίοις
2614 2370 2742 2445 εὗρε
2775 2373 2849 2444 μὴ
2903 2372 3203 2436 ἀκούοντας
3261 2371 3450 2437 αὑτοῦ,
3500 2370 3585 2423 ἐπὶ
3635 2369 3688 2423 τὰ

2142 2466 2382 2534 στοιχεῖα
2443 2465 2730 2536 στρέφεται
2763 2505 2779 2528 ,
2835 2465 2928 2518 καὶ
3010 2463 3300 2534 μάρτυρας
3363 2460 3688 2534 παραλαμθὰο

2143 2571 2223 2608 νει
2281 2553 2445 2612 αὑτοῦ
2478 2571 2491 2586 ·
2523 2572 2544 2605 ‹
2579 2554 2800 2618 Ἀκουε,
2855 2553 3051 2625 οὐρανέ
3083 2571 3098 2586 ο
3140 2571 3160 2604 ι
3197 2553 3264 2606 σὺ
3299 2552 3408 2624 γὰρ
3464 2553 3522 2604 τό
3549 2552 3692 2621 μάννα

2144 2647 2432 2718 ἦνεγκας.ι
2455 2647 2864 2716 Ἐνωτίζου.γῆ·
2903 2665 2921 2696 ι
2955 2646 3018 2699 σὺ
3049 2646 3160 2715 γὰρ
3194 2645 3296 2717 τὴν
3321 2645 3693 2715 ὀρτυγομήτραν

2145 2738 2402 2802 ἔδωκαςα
2419 2739 2638 2802 Ἀκουε,
2672 2737 2890 2809 οὐρανέ·
2909 2757 2928 2789 ι
2959 2737 3030 2790 τὰ
3057 2737 3167 2808 γὰρ
3192 2738 3339 2807 ὑπὲρ
3366 2737 3520 2806 φύσιν
3545 2737 3695 2797 αὐτοῖς

2145 2832 2515 2902 ἐχορήγησας·
2547 2832 2659 2885 ἄνω
2688 2831 2808 2884 καθ’
2827 2831 2885 2883 ὃν
2915 2831 3116 2900 τρόπον
3139 2832 3263 2884 ἐστε
3272 2830 3483 2901 ρεὼθης
3508 2830 3691 2899 ἔμενες,

2146 2922 2240 2975 καὶ
2267 2922 2497 2992 μίμησιν
2515 2921 2610 2992 οὐχ
2627 2921 2909 2993 ὑπερεῖδες
2923 2920 3149 2984 ἅλωνος·
3161 2941 3181 2972 ι
3206 2921 3514 2986 Ἑνωτίζου,
3526 2921 3609 2990 γῆ·
3622 2920 3695 2971 »σὺ

2147 3015 2256 3082 γαρ
2289 3015 2438 3066 κάτω
2465 3007 2555 3083 ἧς,
2613 3013 2706 3066 καὶ
2743 3007 3022 3083 τράπεζαν
3072 3011 3262 3074 αὐτοῖς
3294 3011 3595 3081 παρετίθεις
3618 3008 3698 3061 αὑ-

2148 3104 2439 3174 τοσχέδιον.
2478 3103 2580 3160 Διά
2610 3104 2768 3157 τοῦτο
2793 3105 2888 3157 καὶ
2919 3103 3106 3174 ἕτερος
3135 3104 3431 3175 προφήτης
3457 3103 3588 3173 ὀρῶν
3619 3100 3699 3171 βα-

2148 3195 2302 3250 σιλέα
2355 3195 2714 3266 μαινόμενον,
2781 3195 2850 3248 τὰ
2927 3195 3121 3250 εἴδωλα
3178 3195 3571 3268 λατρευόμενα,
3627 3193 3697 3246 τὸν

2145 3288 2277 3342 θεὸν
2305 3289 2681 3360 ὑϐριζόμενον,
2711 3289 2836 3352 τοὺς
2872 3288 3071 3351 ,ἄλλους
3101 3289 3438 3358 ἐπτηχότας,
3474 3287 3598 3358 πρὸς
3623 3286 3699 3338 οὑ-

2145 3379 2270 3433 δένα
2297 3379 2499 3433 τούτων
2559 3382 2793 3433 ποιεῖται
2826 3379 2916 3431 τὸν
2944 3378 3122 3445 λόγον,
3150 3378 3274 3432 ἀλλ’
3329 3376 3690 3447 ἀποστραφεὶς,

2150 3469 2437 3534 Ἄκουσον,
2466 3470 2652 3539 φησὶν,
2689 3467 3092 3540 θυσιαστήριον,
3129 3469 3371 3524 ἄκουσόν
3403 3486 3523 3540 μου.
3550 3469 3608 3520 Τί
3633 3462 3706 3519 οὖν

2143 3559 2279 3630 λίθῳ
2311 3560 2534 3632 διαλέγῃ
2563 3577 2578 3626 ;
2603 3561 2730 3623 Nat,
2777 3561 2966 3632 φησὶν,
2997 3561 3183 3632 ἐπειδὴ
3223 3561 3376 3614 λίθου
3417 3558 3704 3627 ἀναισθητόο

2145 3670 2301 3721 τερος
2323 3656 2351 3707 6
2373 3652 2642 3724 βασιλεύς.
2675 3655 2962 3717 Ἄκουσον,
2991 3653 3410 3726 θυσιαστήριον·
3443 3654 3562 3707 τάδε
3587 3653 3707 3720 λέγει

2147 3745 2389 3817 Κύριος·
2441 3747 2535 3804 καὶ
2580 3745 2784 3809 εὐθέως
2834 3746 3058 3816 ἐσχίσθη
3086 3746 3147 3800 τὸ
3215 3747 3596 3816 θυσιαστήριον
3633 3745 3707 3797 καὶ

2147 3837 2359 3907 ὶρῤἀγη
2391 3836 2488 3890 καὶ
2518 3835 2698 3907 ἐξέχεε
2755 3837 2854 3906 τὴν
2897 3836 3110 3890 θυσίαν·
3140 3838 3168 3889 ὁ
3207 3837 3268 3892 δὲ
3320 3836 3596 3908 ἄνθρωπος
3626 3836 3706 3888 οὐκ

2148 3930 2403 4000 ἦκουσεν·
2444 3929 2559 3982 ἀλλ’
2616 3930 2846 3983 ἐκτείνει
2899 3931 2996 3998 τὴν
3056 3931 3220 4000 χεῖρα
3269 3933 3299 3983 6
3335 3930 3582 4000 βασιλεὺς
3634 3927 3707 3978 τὸν

2148 4023 2436 4093 προφήτην
2473 4022 2718 4090 ἁρπάσαι
2773 4020 3112 4092 βουλόμενος.
3139 4024 3166 4074 ὁ
3189 4021 3251 4074 δὲ
3283 4021 3417 4085 Θεὸς
3448 4022 3502 4074 τί
3555 4019 3705 4081 noui;

2148 4114 2416 4186 ἐξήρανεν
2445 4113 2610 4168 αὐτοῦ
2643 4114 2743 4185 τὴν
2777 4116 2956 4184 χεῖρα·
2995 4112 3057 4165 οὺ
3089 4110 3342 4183 ξηραίνει
3375 4113 3433 4166 δὲ
3478 4112 3535 4176 ἐξ
3561 4110 3706 4181 ἀρχῆς

2147 4205 2311 4261 αὑτοῦ
2344 4205 2444 4278 τὴν
2472 4207 2652 4278 χεῖρα,
2684 4206 2771 4258 ἵνα
2802 4205 2878 4276 τῷ
2904 4205 2996 4258 τοῦ
3033 4205 3182 4258 λίθου
3245 4207 3412 4261 πάθει
3466 4201 3707 4276 σωφρονέο

466 4305 751 4374 punitioue
799 4305 1068 4373 adhibita,
1127 4309 1518 4378 sapientiorem
1567 4309 1703 4364 fieri.
1782 4308 1889 4364 Sed
1916 4309 2036 4379 quia

2150 4315 2340 4369 στερος
2367 4299 2608 4368 γένηται·
2673 4297 2924 4350 ἐϐούλετο
2965 4297 3073 4367 γὰρ
3127 4297 3295 4350 αὐτὸν
3343 4298 3471 4352 ἄνευ
3510 4297 3599 4366 τῆς
3646 4295 3709 4354 εἰς

465 4395 601 4464 lapis
627 4396 886 4453 elfractus
931 4407 1018 4452 est
1050 4407 1104 4454 et
1161 4407 1216 4453 tu
1261 4399 1325 4452 ad
1365 4400 1648 4455 meliorem
1679 4415 1904 4456 sensum
1935 4415 2045 4455 non

466 4488 702 4553 rediisti,
729 4498 920 4544 contra
963 4498 1014 4546 te
1044 4490 1196 4560 justa
1236 4492 1318 4546 ira
1350 4507 1438 4547 me
1461 4503 1798 4548 convertam.

575 4757 902 4824 QUAZSTIO
941 4757 1149 4813 CLXX.
1214 4757 1696 4828 ισυίειηεχειχ,
1744 4757 1907 4812 Taur.

1065 4827 1444 4900 CLXX-xm]

472 4980 602 5048 Qua:
643 4993 718 5054 est
747 4985 1007 5052 parabola
1047 4985 1116 5038 tle
1141 4985 1276 5054 ﬁlio,
1324 4995 1574 5054 paternas
1605 4985 1896 5053 facultates
1945 4985 2050 5038 sibi

543 5053 864 5178 vindicgnée,
915 5066 964 5109 et
1011 5057 1063 5110 in
1096 5057 1248 5125 longe
1296 5053 1542 5110 dissitam
1587 5067 1784 5109 terram
1827 5056 2045 5124 proﬁci-

530 5135 703 5178 acerne

2152 4390 2312 4442 αὐτὸν
2370 4389 2644 4452 κολάσεως
2685 4388 3138 4460 σωφρονισθῆναι·
3180 4389 3302 4442 ἀλλ’
3344 4388 3534 4458 ἐπειδὴ
3581 4385 3709 4440 καὶὸ

2155 4482 2300 4547 λίθος
2331 4482 2554 4552 ἐσχίσθη
2586 4483 2770 4534 καὶσὺ
2807 4481 2868 4534 οὗ
2902 4477 3245 4552 διωρθώθης,
3285 4482 3383 4534 ἐπὶ
3415 4481 3473 4533 σέ
3508 4479 3598 4550 τήν
3645 4477 3709 4528 δι-

2157 4573 2321 4629 καίαν
2347 4573 2516 4645 ὀργὴν
2548 4576 2704 4627 ἐπιστ
2714 4574 2881 4644 ρέφω.

2685 4754 3022 4810 ΕΡΩΤΗΣῘΣ
3086 4754 3212 4809 ΡΟ’.

2160 4975 2253 5040 Τίς
2315 4976 2352 5044 ἡ
2380 4974 2692 5044 παραϐολὴ
2763 4975 2869 5029 τοῦ
2904 4975 3017 5043 τὴν
3060 4975 3368 5044 πατρικὴν
3395 4974 3713 5030 addantu-

2227 5047 2456 5112 6όντος,
2474 5046 2569 5099 καί
2591 5048 2679 5111 εὶς
2700 5046 2898 5114 χώραν
2924 5047 3443 5115 ἀποδημήσαντος
3461 5045 3712 5117 μαλιρὰνὶ

1037 5311 1291 5362 Editarum
1325 5324 1352 5359 a
1389 5311 1565 5360 Wolﬁo
1592 5313 1841 5372 trigesima
1872 5313 1930 5373 (Ι.
1958 5324 2000 5360 c.
2029 5327 2076 5374 p.
2102 5311 2212 5374 8H,
2233 5313 2344 5366 8l5.
2385 5314 2606 5364 Galland.
2635 5329 2684 5376 p.
2723 5315 2833 5375 751,
2856 5315 2966 5375 752,
2991 5329 3039 5364 n.
3065 5313 3146 5377 46)

534 5485 632 5543 Illa
681 5501 747 5542 eo
793 5489 1052 5557 pertinet,
1098 5489 1242 5560 quod
1291 5489 1564 5558 iustorum
1615 5473 1812 5548 cohors
1860 5493 2039 5548 domi-

537 5666 586 5701 9'
607 5668 764 5724 Deut.
800 5687 970 5740 xxx",
1004 5673 1056 5726 l.

2220 5494 2344 5549 Ὅτι
2376 5501 2434 5550 τὸ
2467 5496 2652 5566 τάγμα
2691 5496 2802 5550 τῶν
2830 5496 3053 5551 δικαίων
3104 5497 3165 5552 οὐ
3196 5497 3451 5568 βούλεται
3479 5495 3554 5560 είς
3601 5493 3711 5545 sav-

1143 5675 1187 5706 ³⁸
1225 5674 1380 5726 Deut.
1414 5689 1535 5740 xxx,
1580 5675 1629 5728 I.
1708 5676 1772 5710 "‘
1805 5674 1873 5731 III
1906 5676 2033 5748 Reg.
2072 5691 2190 5742 xui,
2227 5677 2274 5730 l.
2358 5679 2402 5711 "
2427 5677 2557 5734 Luc.
2591 5694 2680 5746 xv,
2711 5679 2795 5733 15.
