3828 6202
409 284 511 347 867

1566 279 1828 340 PHOTII
1870 277 2377 341 PATRIARCH/E
2404 280 2514 341 cp.
3502 250 3619 354 aes

409 406 681 456 tantorum
732 396 865 464 fuit,
923 393 1198 466 quomodo
1246 393 1370 464 quis
1425 391 1702 462 ambigere
1755 399 1979 461 posset,

2086 390 2301 443 ἀσεϐεῖν
2318 390 2473 443 ἔθετο
2493 388 2747 461 μελέτην,
2765 392 2846 445 ὅτι
2865 391 2940 464 μὴ
2964 392 3084 463 οὐχὶ
3099 392 3381 464 παρθένος,
3400 397 3431 467 ή
3449 397 3620 469 Παρθέ-

405 492 548 546 haud
594 490 876 560 intelligo,
926 487 1055 543 licet
1100 486 1203 557 ipsi
1238 485 1513 556 proposita
1576 482 1741 538 fuerit
1768 497 1986 537 summa

407 583 674 653 impietas,
706 597 774 636 an
808 581 973 651 Virgo
1018 580 1173 649 virgo
1218 577 1481 633 manserit
1510 591 1683 645 usque
1712 574 1766 629 in
1800 574 1985 629 ﬁnem.

406 673 559 739 Quod
613 672 658 726 si
709 670 935 742 quidam
992 669 1409 725 fundamentum
1484 668 1590 722 sibi
1642 666 1989 737 blasphemiae

410 762 713 818 strnxerint
756 761 931 815 illud:
969 777 987 811 ι
1027 760 1091 814 Et
1136 775 1241 813 non
1295 757 1547 828 cognovit
1611 771 1764 821 eam,
1812 755 1989 809 donec

408 863 692 923 pepererat
722 852 919 906 Filium
953 868 1111 916 suum
1147 851 1591 921 primogenitum,
1616 867 1635 901 ι
1662 847 1986 916 intelligant,

408 945 479 997 illi
532 945 677 1012 quod
739 943 1214 997 immaculatowm
1276 943 1624 993 oraculorum
1678 937 1880 993 veritas
1933 936 1987 990 id

408 1038 617 1092 volebat
667 1036 1022 1090 constitutum
1077 1032 1227 1094 dare,
1260 1033 1402 1100 quod
1453 1030 1789 1100 opinionem,
1828 1038 1987 1083 natu-

406 1145 545 1194 ram,
570 1127 1059 1199 apprehensionem
1082 1124 1482 1194 transgreditur
1509 1139 1726 1178 omnem
1749 1165 1763 1190 ,
1792 1137 1987 1192 nempe

406 1224 523 1276 sine
553 1221 651 1275 viri
694 1219 975 1276 consortio
1000 1217 1413 1287 conceptionem
1447 1224 1501 1270 et
1524 1215 1899 1281 nativitatem;
1932 1214 1985 1269 id

406 1328 533 1368 vero
569 1311 954 1382 praetermisit,
1010 1321 1270 1380 tanquam
1326 1308 1753 1372 consectarium,
1808 1315 1986 1363 mente

403 1403 698 1471 animoque
743 1401 1183 1471 concipiendum,
1220 1399 1367 1471 quod
1391 1399 1648 1468 deinceps
1682 1398 1805 1453 fuit.
1826 1399 1986 1452 Certe

401 1495 547 1549 illam
579 1509 703 1564 quae
725 1493 777 1547 in
814 1502 971 1563 partu
1020 1491 1325 1561 permansit
1368 1491 1547 1560 virgo,
1585 1505 1680 1559 per
1711 1489 1982 1558 reliquum

399 1587 522 1641 vita:
570 1601 795 1640 cursum
845 1584 1151 1655 perstitisse
1213 1584 1502 1655 virginem,
1553 1598 1726 1651 neque
1779 1597 1981 1636 novum

399 1686 534 1743 erat,
569 1694 669 1734 nec
707 1678 1070 1748 paradoxum,
1106 1676 1290 1747 potius
1332 1676 1385 1731 id
1419 1675 1566 1746 quod
1613 1676 1926 1729 necessarie
1952 1689 1983 1728 e

399 1770 696 1839 praemissis
745 1768 1204 1838 consequebatur.
1260 1768 1366 1823 Sed
1429 1776 1483 1822 et
1551 1782 1613 1822 os
1668 1765 1980 1821 Iudaeorum

401 1861 778 1929 blasphemum
829 1860 1089 1913 obturare
1118 1858 1356 1923 volebat,
1388 1856 1483 1928 qui
1518 1856 1585 1912 de
1614 1855 1977 1911 fornicatione

400 1964 586 2021 natum
614 1954 735 2008 sine
763 1952 974 2007 semine
1000 1960 1325 2021 conceptum
1350 1950 1726 2005 traducebant.
1753 1946 1980 2003 Obviam

399 2046 562 2115 igitur
598 2045 694 2098 ivit
722 2059 915 2100 eorum
943 2044 1123 2114 impia:
1158 2042 1476 2110 sententiae,
1504 2042 1634 2097 dum
1668 2042 1981 2097 manifestat

398 2148 452 2192 et
502 2137 833 2207 depraedicat
888 2137 1145 2190 intactam
1184 2133 1356 2190 fuisse
1390 2135 1542 2201 viro,
1591 2149 1714 2205 quae
1778 2132 1978 2187 Filium

398 2238 697 2299 pepererat.
730 2226 868 2281 Illud
918 2235 1180 2305 praeterea
1231 2225 1535 2296 intelligere
1580 2224 1797 2287 debent,
1834 2222 1979 2293 quod

397 2336 498 2375 nec
523 2334 717 2375 vocum
742 2333 931 2374 earum
962 2317 1070 2372 vim
1096 2317 1386 2373 voluerunt
1414 2317 1759 2387 percipere,c
1778 2315 1979 2384 quibus

396 2413 577 2469 divina
622 2413 841 2467 oracula
874 2420 1166 2476 constant;
1203 2409 1411 2480 alioqui
1443 2408 1666 2463 difﬁteri
1706 2424 1814 2462 non
1846 2421 1976 2477 pos.

395 2515 525 2561 sunt
571 2504 745 2559 Donec
804 2504 1074 2558 interdum
1122 2516 1218 2573 per
1274 2499 1661 2555 antidiastolen
1715 2496 1977 2568 temporis

395 2597 637 2654 secuturi
674 2596 949 2665 usurpari,
974 2594 1242 2649 interdum
1275 2592 1525 2647 adhiberi
1557 2592 1624 2646 ad
1658 2592 1840 2647 remm
1864 2588 1981 2644 exi-

395 2690 632 2745 miarum
683 2698 739 2743 et
785 2687 1093 2742 divinarum
1140 2685 1564 2740 declarationem
1605 2702 1618 2739 :
1662 2690 1722 2737 ut
1757 2683 1811 2737 in
1841 2696 1977 2751 pra:-

393 2780 556 2845 senti,
596 2794 705 2833 non
742 2778 963 2849 quidem
992 2776 1061 2831 ad
1090 2775 1539 2847 distinguendum
1580 2774 1801 2845 aliquod
1829 2774 1977 2829 aliud

394 2878 633 2939 tempus,
668 2866 765 2923 sed
810 2882 844 2922 e
892 2874 1082 2921 contra
1128 2864 1311 2934 potius
1347 2863 1414 2918 ad
1447 2861 1813 2917 intimandum
1849 2877 1976 2931 spa-

394 2958 529 3014 tium
565 2958 1033 3015 immensurablle.
1062 2957 1323 3028 Exempla
1368 2966 1569 3029 praesto
1591 2965 1721 3011 sunt
1742 2974 1756 3011 :
1781 2972 1800 3006 ι
1832 2952 1977 3011 Con-

394 3048 632 3103 surrexit
682 3048 888 3103 etenim
931 3047 987 3102 in
1034 3045 1229 3102 diebus
1275 3046 1397 3116 ejus
1437 3045 1683 3116 justitia,
1713 3053 1770 3100 et
1797 3044 1976 3099 abun-

2088 500 2178 547 vo;
2200 483 2296 537 xui.
2325 484 2488 555 μέχρι
2514 484 2703 546 τέλους
2726 484 3030 555 διέμεινεν;
3077 487 3139 539 El
3160 486 3219 540 δὲ
3246 487 3327 549 τὸ,
3352 507 3380 561 ¹ι
3406 489 3507 543 Οὐκ
3530 492 3623 560 ἐγί-

2089 591 2297 629 νωσκεν
2317 575 2485 644 αὐτὴν
2511 573 2617 639 ἕως
2644 569 2706 629 οῦ
2733 575 2917 630 ἔτεκεν
2942 577 3036 630 τὸν
3060 577 3189 631 Υἱδν
3213 578 3380 649 αὐτῆς
3392 580 3473 633 τδν
3495 600 3621 652 npu-

2088 668 2328 730 τότοκον,
2344 688 2361 720 ι
2387 668 2643 722 ὑπόθεσιν
2664 668 3011 741 βλασφημίας
3036 672 3248 736 ἑαυτοῖς
3265 689 3405 735 τινες
3423 674 3480 727 ἂν
3500 676 3624 746 εὑρί-

2090 775 2331 823 σκουσιν,
2349 759 2602 826 ἴστωσαν,
2629 760 2705 825 ὡς
2726 763 2760 833 ἡ
2780 762 2887 815 τῶν
2911 763 3197 833 ἀχράντων
3212 764 3415 832 Λογίων
3432 765 3625 835 ἀλήθεια

2088 852 2149 906 τὸ
2182 852 2281 922 μὲν
2309 853 2610 924 παράδοξον
2640 854 2734 908 καὶ
2763 855 3040 924 ὑπερφυὲς
3063 856 3158 909 καὶ¹
3187 856 3328 926 ὑπὲρ
3362 858 3626 928 κατάληψιν

2088 943 2364 1015 ἠϐουλήθη
2397 944 2712 1016 πραστῆσαι
2730 984 2745 1011 ,
2800 946 2939 1017 ὅπερ
2965 948 3082 1007 ἐστὶ
3135 948 3293 1011 τόκος
3319 948 3441 1001 ἄνευ
3466 949 3627 1019 ἀνδρὸς

2090 1034 2442 1103 ἐπιγνώσεως
2466 1052 2480 1066 ⁸
2515 1037 2579 1090 τὸ
2608 1037 2664 1090 δὲ
2718 1038 2857 1108 μετὰ
2896 1036 3072 1092 ταῦτα
3098 1040 3236 1091 νοεῖν
3279 1037 3546 1092 κατέλιπεν
3568 1040 3630 1103 ὡς

2087 1124 2400 1179 ἀκόλουθον.
2436 1126 2510 1179 Τὸ
2540 1126 2670 1199 γάρ,
2718 1127 2817 1199 τὴν
2843 1128 2902 1181 ὲν
2921 1127 3065 1199 τόκῳ
3091 1126 3534 1199 παρθενεύουσαν,
3555 1131 3632 1182 καὶ

2089 1215 2152 1269 τὸ
2185 1216 2371 1298 λοιπὸν
2400 1218 2488 1271 διὰ
2527 1217 2644 1288 βίου
2671 1217 3028 1290 παρθενεύειν
3054 1260 3070 1284 ,
3096 1217 3221 1272 οὔτε
3251 1217 3434 1271 καινὸν
3467 1217 3630 1288 ὅλωςῆ

2087 1305 2415 1376 παράδοξον,
2464 1306 2600 1360 ἀλλὰ
2626 1310 2721 1361 καὶ
2753 1310 2865 1372 τοῖς
2894 1308 3374 1380 προηγησαμένοις
3403 1308 3458 1372 ἒξ
3490 1310 3632 1375 ἀναγ-

2088 1397 2247 1452 καίου
2281 1399 2480 1470 μᾶλλον
2513 1399 2799 1471 ἑπόμενον.
2820 1411 2828 1418 ·
2847 1399 3055 1463 ΙἌλλως
3080 1417 3137 1453 τε
3162 1399 3219 1452 δὲ
3257 1399 3355 1454 καὶ
3386 1399 3489 1453 τῶν
3526 1398 3637 1450 Ἰου-

2086 1489 2250 1545 δαίων
2278 1491 2416 1555 τέως
2462 1491 2839 1562 ἐπιστομίζειν
2865 1491 3007 1561 ἔγνω
3053 1491 3114 1544 τὸ
3148 1490 3483 1561 βλάσφημον,
3511 1488 3555 1542 οἳ
3582 1492 3635 1541 ἐκ

2087 1582 2342 1653 πορνείας
2368 1582 2459 1637 τὸν
2494 1584 2733 1654 ἄσπορον
2763 1586 2923 1638 τόκον
2965 1584 3230 1655 διέσυρον.
3264 1584 3358 1636 Διὸ
3391 1582 3480 1635 καὶ
3519 1580 3637 1653 πρὸς

2088 1671 2185 1743 τὴν
2227 1673 2451 1726 έκείνων
2490 1675 2701 1729 ἵσταται
2748 1676 3061 1739 κακόνοιαν,
3104 1676 3172 1728 δι’
3201 1667 3277 1730 ὧν
3331 1676 3511 1747 τρανστ
3556 1675 3635 1725 καὶ

2016 1743 2055 1797 Β
2087 1763 2451 1836 άνακηρύττει
2478 1766 2578 1835 τῆς
2610 1766 2879 1834 τεκούσης
2914 1767 2975 1819 τὸ
3002 1766 3299 1834 ἀνέπαφον.
3337 1743 3561 1820 Κάκεῖνο
3594 1767 3639 1819 δὲ

2086 1856 2437 1917 συνιέτωσαν,
2488 1856 2573 1909 ὃτι
2629 1857 2753 1927 μηδ’
2792 1856 2960 1919 αὐτάς
3012 1856 3110 1920 τὰς
3155 1856 3355 1922 λέξεις,
3403 1857 3459 1922 ἐξ
3487 1850 3555 1911 ὧν
3598 1858 3640 1909 ei

2084 1943 2217 1996 θεῖοι
2246 1946 2508 2015 χρησμοὶ,
2537 1947 2775 2001 συνιέναι
2818 1947 3216 2017 ἠϐουλήθησαν·
3254 1949 3286 2017 ἥ
3321 1948 3431 2019 γάρ
3479 1950 3540 2000 ἂν
3565 1947 3638 2011 τὸ,

2082 2034 2214 2101 ἕως,
2272 2037 2583 2107 κατέμαθον
2610 2039 2780 2093 ἐνίοτε
2832 2039 2930 2110 μὲν
2961 2040 3100 2110 πρὸς
3135 2040 3537 2111 ἀντιδιαστολὴν
3560 2040 3640 2093 τοῦ

2082 2126 2283 2197 έφεξῆς
2351 2130 2547 2203 χρόνου
2604 2130 3211 2203 παραλαμϐανόμενον,
3267 2133 3438 2187 ἐνίοτε
3469 2133 3513 2188 δ’
3561 2127 3642 2188 οὖν

2082 2219 2172 2274 ἐπὶ
2206 2220 2438 2305 δηλώσει
2472 2223 2723 2293 μεγάλων
2765 2224 2865 2293 μὲν
2910 2224 3087 2297 ἔργων
3141 2227 3236 2279 καὶ
3290 2226 3599 2297 θεοπρεπῶν
3628 2242 3640 2257 ο

2081 2312 2333 2385 καθάπερ
2366 2315 2459 2369 καὶ
2492 2314 2609 2382 νῦν,
2640 2316 2700 2371 οὐ
2734 2318 2843 2387 μὴν
2872 2320 3009 2388 πρὸς
3042 2318 3452 2390 ἁντιδιαστολὴν
3476 2320 3643 2391 ἑτέρου

2082 2405 2274 2476 χρόνου
2307 2406 2476 2473 τινος,
2532 2407 2668 2462 ἀλλὰ
2716 2411 2808 2463 καὶ
2841 2412 3173 2478 τούναντίον,
3218 2414 3301 2476 εἰς
3330 2412 3647 2483 smmum

2080 2497 2387 2568 ἀπεράντου
2419 2499 2808 2571 διαστήματος·
2837 2503 2931 2555 καὶ
2957 2504 3060 2557 ἀνὰ
3112 2506 3270 2574 χεῖρα
3296 2504 3369 2557 τὰ.
3412 2504 3646 2576 παραδείο

2079 2604 2317 2659 γματα·‹
2341 2590 2616 2644 Ἀνατελεϊ
2643 2593 2751 2665 γὰρ
2773 2595 2832 2647 ὲν
2862 2598 2980 2657 ταῖς
3009 2594 3241 2666 ἡμέραις
3270 2595 3439 2650 αὑτοῦ
3459 2596 3646 2650 δικαιο·

2081 2676 2217 2747 σύνη
2276 2681 2372 2732 καὶ
2426 2680 2632 2751 πλῆθος
2688 2682 2951 2753 εἰρήνης,
2982 2684 3087 2747 ἓως
3124 2679 3185 2738 οῦ
3235 2685 3645 2757 ἀνταναιρεθῇή

2081 2769 2301 2841 σελήνη·
2333 2790 2352 2823 ι
2392 2772 2484 2825 καὶ
2508 2810 2524 2839 ,
2576 2791 2594 2825 ι
2632 2773 2814 2827 Κάθου
2847 2776 2911 2829 ὲκ
2951 2775 3141 2841 δεξιῶν
3178 2794 3292 2847 μου,
3326 2797 3345 2831 ι
3386 2779 3648 2850 (ἀνάγρα-

2080 2855 2215 2926 πτός
2261 2865 2409 2917 ἐστιν
2465 2866 2494 2919 ό
2546 2866 2736 2937 Πατὴρ
2765 2866 2940 2936 λέγων
2980 2868 3058 2939 τῷ
3084 2868 3244 2941 Υἱῷ)
3277 2888 3297 2923 ι
3332 2870 3439 2933 ἓως
3465 2869 3529 2924 ἂν
3579 2867 3647 2923 θῶ

2077 2953 2205 3017 τοὺς
2231 2953 2460 3025 ἐχθρούς
2506 2972 2600 3008 σου
2634 2957 2930 3012 ὑποπόδιον
2962 2958 3071 3012 τῶν
3105 2960 3283 3012 ποδῶν
3320 2977 3416 3014 σου
3438 2972 3454 2988 '
3490 2977 3511 3012 ι
3544 2959 3646 3025 καὶ,

2087 3059 2105 3094 ι
2146 3042 2298 3109 Ἰδοὺ,
2341 3042 2455 3114 ἐγὼ
2499 3046 2619 3116 μεθ’
2655 3046 2810 3117 ὑμῶν
2859 3048 2976 3119 εἰμι
3016 3048 3201 3120 (πάλιν
3249 3051 3280 3105 ὁ
3323 3051 3513 3122 Σωτὴρ
3547 3053 3648 3114 τοῖς

393 3141 575 3195 dantia
594 3139 769 3211 pacis,
787 3154 898 3209 quo
929 3138 996 3193 ad
1022 3153 1194 3209 usque
1219 3109 1583 3208 perduratura
1599 3135 1702 3191 l‘nit
1725 3135 1912 3191 luna"
1948 3153 1966 3187 ›

2082 3134 2352 3206 μαθηταῖς
2377 3109 2563 3208 (ρησιν)
2622 3109 2730 3202 ιωξ
2779 3142 2880 3211 τῆς
2914 3109 3227 3207 συντελείας
3258 3144 3354 3197 τοῦ
3388 3109 3596 3208 αἰῶνος.

395 3235 499 3288 Sed
534 3243 588 3287 et
617 3232 879 3302 scriptum
907 3241 989 3287 est
1008 3230 1216 3286 dixisse
1236 3229 1453 3285 Patrem
1480 3229 1621 3285 Filio
1647 3247 1662 3285 :
1693 3248 1712 3282 ι
1741 3228 1979 3285 Conside

394 3342 423 3377 υ
450 3323 655 3378 dextris
697 3321 854 3389 mihi,
884 3336 1055 3390 usque
1084 3321 1214 3374 dum
1248 3335 1446 3389 ponam
1477 3321 1734 3375 inimicos
1767 3320 1979 3375 scabel-

395 3415 507 3469 lum
570 3414 766 3484 pedum
820 3423 1038 3467 tuorum
1063 3410 1129 3462 ³¹.
1170 3429 1188 3461 ι
1220 3409 1285 3463 Et
1312 3410 1378 3464 ad
1406 3409 1710 3478 discipulos
1742 3411 1822 3463 ait
1854 3410 1975 3464 Sal-

395 3516 551 3560 vator
585 3522 600 3560 :
641 3523 658 3556 ι
691 3503 851 3567 Ecce,
881 3517 986 3572 ego
1031 3517 1154 3556 cum
1187 3501 1454 3556 vobismet
1492 3516 1637 3562 sum,
1685 3516 1861 3571 usque
1908 3502 1975 3555 ad

396 3596 583 3650 mundi
637 3592 1251 3649 consummationem”.
1299 3611 1317 3644 ι
1354 3590 1549 3661 Liquet
1596 3599 1781 3646 autem
1829 3592 1974 3661 quod

394 3691 448 3743 in
502 3687 621 3742 istis
664 3685 794 3740 illud
846 3685 1034 3749 donec,
1077 3698 1184 3737 non
1246 3682 1468 3753 aliquod
1514 3682 1780 3753 temporis
1806 3682 1976 3735 inter-

393 3779 604 3834 stitium
643 3786 739 3832 aut
782 3778 1075 3831 terminum
1112 3773 1405 3837 subinl‘ert,
1444 3773 1540 3827 sed
1583 3788 1686 3827 vox
1728 3773 1842 3837 illa,
1874 3786 1971 3825 ex-

394 3870 698 3925 cellentiam
725 3884 905 3922 rerum
934 3866 1245 3922 divinarum
1278 3865 1608 3928 subindicat,
1672 3872 1727 3918 et
1761 3875 1974 3918 mentes

390 3964 685 4035 legentium
743 3963 1068 4029 animosque
1134 3959 1201 4013 ad
1248 3957 1597 4028 cogitandum
1648 3956 1974 4011 transmittit

390 4054 766 4111 extensionem
829 4052 1122 4123 quamdam
1155 4051 1518 4106 indeﬁnitum.
1560 4050 1666 4105 Sed
1722 4066 1823 4106 nec
1868 4052 1971 4107 ista

391 4158 601 4203 tantum
654 4147 927 4218 signiﬁcat
962 4146 1145 4210 donec,
1174 4160 1364 4199 verum
1400 4154 1454 4199 et
1479 4146 1695 4199 tertiam
1722 4145 1972 4199 animad-

390 4251 603 4295 vertere
630 4247 715 4294 est
740 4238 1176 4309 intelligentiam,
1209 4251 1317 4306 qua
1356 4234 1572 4304 quidem
1612 4236 1746 4289 nihil
1789 4235 1970 4307 magni

390 4346 651 4387 CICBSHIS
681 4331 974 4395 indicatur,
1010 4327 1392 4383 tantummodo
1422 4328 1759 4380 contrarium
1786 4326 1970 4380 innui-

2080 3227 2189 3280 Καὶ
2215 3226 2394 3297 δῆλον,
2422 3229 2499 3292 ὡς
2527 3228 2765 3283 ἐνταῦθα
2798 3232 2879 3297 τὸ,
2907 3232 3039 3299 ἕως,
3073 3234 3133 3287 οὐ
3169 3237 3426 3305 κρονικόν
3452 3253 3504 3289 τι
3536 3236 3651 3307 μεθ·

2081 3316 2229 3388 όριον
2257 3318 2350 3369 καὶ
2386 3318 2561 3387 πέρας
2596 3319 2947 3390 παρεισάγει,
2966 3321 3208 3391 ’μέγεθος
3246 3322 3305 3376 δὲ
3332 3323 3495 3377 θείων
3524 3339 3652 3393 πρα-

2080 3406 2309 3477 γμάτων
2353 3406 2563 3477 ήλέξις
2597 3409 3101 3481 συμπαραδηλοῦσα
3151 3412 3231 3474 είς
3276 3413 3653 3484 ἀπεριόριστον

2080 3500 2393 3571 παράτασιν
2423 3500 2516 3552 τὸν
2551 3500 2675 3554 νοῦν
2707 3501 2818 3554 τῶν
2848 3501 3287 3572 ἐντυγχανόντων
3322 3503 3651 3574 ἀναπέμπει.

2080 3595 2154 3646 Οὐ
2198 3594 2358 3664 μόνον
2388 3592 2467 3657 δὲ,
2508 3594 2645 3647 ἀλλὰ
2677 3595 2773 3649 καὶ
2802 3595 2985 3667 τρίτον
3015 3597 3163 3648 ἔστιν
3192 3595 3327 3649 ἰδεῖν
3358 3596 3523 3650 αὐτοῦ
3558 3611 3647 3663 ση-

2079 3684 2427 3755 μαινόμενον,
2472 3684 2541 3760 δι’
2573 3680 2633 3739 οὗ
2684 3686 2827 3756 μέγα
2862 3685 2964 3755 μὲν
3014 3686 3109 3740 καὶ¹
3155 3686 3473 3759 ὑπέρογκον
3510 3685 3652 3742 οὐδὲν

2075 3776 2457 3848 ὑποδηλοῦται,
2512 3777 2699 3841 ἁπλῶς
2746 3778 2803 3832 δὲ
2849 3777 2910 3832 τὸ
2953 3780 3199 3833 ἐναντίον
3240 3780 3342 3833 τοῦ
3394 3781 3651 3853 προτέρου

2074 3868 2206 3936 ἕως,
2258 3869 2678 3942 διασημαίνεται
2701 3887 2713 3899 ·
2749 3869 2825 3934 ὡς
2857 3870 2941 3937 τὸ,
2982 3890 3000 3922 ι
3036 3872 3149 3925 Οὐκ
3179 3871 3490 3943 ἀνέστρεψε
3526 3871 3651 3944 πρὸς

2074 3963 2163 4016 τὸν
2198 3962 2323 4015 Νῶε
2354 3964 2387 4035 ἡ
2414 3962 2736 4035 περιστερά,
2762 3963 2868 4027 ἕως
2900 3963 2994 4017 τοῦ
3031 3964 3523 4037 καταξηρανθῆναι
3560 3966 3651 4035 τὴν

2075 4053 2212 4123 γῆν·
2249 4072 2268 4105 ι
2310 4052 2441 4119 καὶ,
2469 4052 2616 4115 Ἕως
2648 4051 2714 4106 ἂν
2771 4052 3200 4123 καταγηράσητε
3238 4050 3521 4123 (ἀλλακοῦ
3551 4067 3650 4121 φτν

2078 4142 2206 4212 σιν),
2243 4141 2353 4211 ἐγώ
2388 4144 2503 4213 εἰμι
2529 4145 2557 4195 ό
2590 4142 2755 4207 Θεόςο
2791 4161 2811 4195 ι
2862 4144 2958 4196 καὶ
2994 4142 3127 4198 ἄλλα
3150 4144 3345 4215 μυρία,
3377 4145 3448 4199 δι’
3473 4138 3547 4197 ὦν
3571 4141 3650 4195 εὕ-

2072 4236 2235 4304 δηλον
2269 4238 2362 4315 καὶ
2406 4239 2521 4301 τοῖς
2567 4236 2688 4290 λίαν
2728 4237 3126 4307 έθελοκωφοῦσι
3182 4238 3537 4301 καθίσταται,
3578 4236 3648 4300 ὡς

2073 4328 2195 4380 ἀντὶ
2248 4325 2346 4381 τοῦ
2384 4326 2703 4395 Διηνεκῶς,
2748 4330 2842 4382 καὶ
2883 4331 2989 4396 Εἰς
3034 4331 3143 4384 τὸν
3170 4330 3385 4397 αἰῶνα,
3440 4334 3475 4404 ἠ
3512 4330 3648 4396 λέξις

389 4435 479 4480 tur
525 4421 775 4479 absolute
828 4420 1205 4476 antecedentis
1223 4417 1522 4487 cujusdam
1574 4420 1740 4472 donec
1770 4434 1788 4473 :
1817 4428 1877 4474 ut
1911 4418 1963 4471 in

2082 4419 2581 4489 παραλαμϐάνεται.
2614 4420 2785 4475 Ὅταν
2817 4420 2911 4475 οῦν
2932 4420 3181 4487 δείξωσιν
3220 4424 3270 4478 οἱ
3307 4423 3493 4477 πάντα
3520 4422 3645 4494 θρα·

390 4520 511 4575 istis
547 4538 561 4575 :
601 4538 619 4572 ι
652 4517 771 4573 Non
834 4532 1051 4572 reversa
1106 4525 1189 4571 est
1233 4516 1302 4569 ad
1346 4513 1461 4569 Noe
1488 4513 1764 4577 columba,
1793 4516 1966 4568 donec

2082 4514 2206 4575 σείς,
2255 4511 2395 4583 μετὰ
2446 4512 2544 4584 τὴν
2575 4512 2675 4584 τῆς
2720 4513 2951 4586 σελήνης
2984 4514 3395 4587 άνταναίρεσιν,
3424 4516 3524 4585 τὴν
3558 4512 3645 4567 τοῦ

386 4611 699 4667 exarel‘acta
743 4618 862 4665 erat
902 4619 1045 4664 terra
1077 4606 1143 4661 ³³.
1187 4626 1206 4659 ι
1265 4605 1327 4659 Ει
1352 4606 1480 4660 alibi
1510 4605 1709 4661 dicitur
1746 4622 1760 4659 :
1804 4622 1821 4655 ι
1859 4602 1966 4657 Ι)οο

2082 4605 2309 4677 Χριστοῦ
2352 4606 2448 4659 καὶ
2494 4605 2629 4659 Θεοῦ
2661 4606 2820 4677 ἡμῶν
2873 4607 3220 4679 δικαιοσύνην
3258 4610 3342 4673 είς
3374 4609 3439 4663 τὸ
3474 4608 3549 4680 μὴ
3591 4607 3646 4660 ὃν

388 4718 486 4758 nec
511 4701 932 4763 consenueritis,
953 4715 1053 4772 ego
1078 4698 1220 4754 Deus
1250 4714 1392 4754 sum.
1434 4717 1453 4750 ι
1486 4696 1550 4751 Et
1572 4705 1830 4753 sexcenta
1860 4696 1965 4751 hu-

2082 4702 2475 4767 καταδύουσαν,
2530 4702 2628 4756 καὶ
2677 4703 2739 4756 τὸ
2804 4701 3009 4775 πλῆθος
3068 4704 3235 4759 αὑτοῦ
3281 4704 3386 4776 τῆς
3432 4704 3646 4775 εἰρήνης

385 4794 695 4865 juscemodi
727 4796 779 4849 in
813 4801 1068 4863 promptu
1100 4801 1249 4858 sunt,
1278 4805 1401 4860 quae
1428 4790 1510 4844 vel
1537 4791 1692 4845 valde
1743 4788 1961 4844 affectat

2082 4793 2482 4865 ὲκμειούμενον,
2510 4795 2604 4850 καὶ
2632 4796 2711 4859 εἰς
2740 4794 2942 4868 ἔχθραν
2968 4796 3319 4868 διαχεόμενον
3341 4814 3355 4827 ⁸
3388 4797 3485 4852 καὶ

388 4886 585 4942 surdos
616 4887 715 4942 hos
743 4887 940 4941 docere
973 4894 1222 4956 possunt,
1258 4884 1403 4955 quod
1442 4898 1544 4938 vox
1587 4883 1676 4938 illa
1714 4883 1967 4954 usurpari

2082 4904 2135 4957 γε
2157 4887 2219 4941 τὸ
2241 4886 2571 4959 ὑπο-τεθῆναι
2591 4887 2718 4951 τοὺς
2746 4887 2977 4958 ἐχθροὺς
2997 4888 3163 4942 αὐτοῦ
3196 4888 3299 4942 ὑπὸ
3319 4890 3453 4952 τοὺς
3483 4888 3642 4948 πόδας

388 4982 522 5038 solet
567 4998 666 5052 pro
698 4984 948 5049 continuo
984 4991 1040 5036 ct
1069 4981 1122 5035 in
1145 4980 1366 5036 sa'cula.
1395 4979 1533 5035 Cum
1571 4979 1738 5049 igitur
1767 4980 1969 5034 docue-

2082 4980 2257 5045 κὺτοῦ,
2276 4979 2384 5057 ,τῆς
2412 4980 2477 5033 ὲκ
2505 4979 2699 5044 δεξιῶν
2732 4980 3003 5049 καθέδρας
3030 4979 3125 5033 τοῦ
3161 4981 3377 5053 [ἰατρὸς
3404 4996 3641 5053 παρακι-

387 5076 497 5129 rint
524 5074 901 5138 audacissimi,
923 5073 1067 5143 quod
1094 5082 1214 5142 post
1241 5074 1382 5127 lunae
1408 5071 1737 5126 ablationem
1760 5070 1964 5127 Christi

2082 5074 2327 5144 οούμενον
2350 5072 2606 5144 τρέποιτο
2636 5072 2791 5142 (τόδε
2820 5072 2882 5126 τὸ
2912 5071 3233 5144 βλάσφημον
3282 5074 3367 5138 εἰς
3416 5074 3517 5137 τὰς
3542 5073 3643 5126 τῶν

388 5166 480 5220 Dei
516 5166 689 5221 nostri
718 5166 933 5235 jnstitia
966 5167 1018 5217 in
1055 5165 1285 5217 nihilum
1308 5179 1590 5218 recessura
1614 5164 1709 5225 sit,
1739 5172 1793 5218 et
1815 5163 1973 5241 pacis

2082 5163 2569 5235 Ιιναισχυντούντων
2599 5163 2885 5235 κεφαλὰς)
2917 5179 2933 5195 ⁶
2983 5160 3105 5220 εἶτα
3135 5164 3192 5219 δὲ
3221 5165 3317 5219 καὶ
3370 5168 3514 5236 μετὰ
3549 5167 3642 5235 τὴν

386 5258 558 5326 ipsius
611 5256 1009 5312 abundantiam
1066 5255 1442 5319 minuendam,
1473 5255 1560 5308 vel
1594 5256 1647 5309 in
1682 5254 1869 5310 odium
1912 5265 1969 5310 et

2082 5258 2386 5312 συντέλειαν
2421 5256 2515 5311 τοῦ
2546 5258 2764 5322 αἰῶνος,
2806 5258 2896 5312 ὅτε
2925 5256 3129 5328 μᾶλλον
3160 5258 3345 5322 αὐτοῖς
3372 5259 3406 5329 ἡ
3436 5257 3643 5311 οξκείω-

387 5352 703 5406 inimicitias
752 5349 1254 5414 disseminandam;
1294 5359 1389 5403 aut
1431 5349 1575 5419 quod
1606 5364 1731 5404 cum
1780 5351 1966 5420 subje-

2082 5366 2176 5415 τις,
2208 5349 2317 5402 τῶν
2349 5348 2609 5419 μαθητῶν
2636 5348 3006 5421 ἀφιστάμενον
3026 5363 3043 5380 ο
3066 5350 3161 5404 καὶ
3186 5348 3356 5403 έπειδ⁹
3384 5347 3453 5403 ἂν
3477 5364 3640 5401 κατα-

386 5444 521 5499 cerit
570 5444 822 5498 inimicos
870 5458 1002 5498 suos
1035 5442 1137 5496 sub
1168 5440 1400 5510 pedibus
1428 5441 1566 5508 suis,
1591 5441 1657 5495 de
1691 5442 1810 5496 loco
1832 5456 1967 5496 con-

2082 5442 2386 5515 mpdcwcw
2413 5442 2464 5494 oi
2492 5442 2614 5495 τότε
2656 5441 2957 5514 ἄνθρωποι,
2984 5442 3183 5515 μηκέτι
3212 5442 3344 5499 ὄντα
3368 5442 3461 5496 τδν
3491 5440 3637 5495 Θεόνο

458 5712 502 5743 ³ο
535 5711 675 5767 Psal.
706 5725 857 5775 usi,
890 5711 940 5763 7.
980 5710 1019 5741 ³³
1054 5708 1195 5763 Psal.
1225 5722 1337 5773 cut,
1373 5708 1417 5761 I.
1461 5708 1502 5741 "
1537 5708 1723 5765 Matth.
1759 5728 1951 5780 smn,

2082 5756 2084 5767 .
2162 5712 2204 5743 ³³
2230 5709 2367 5764 Gen.
2402 5720 2520 5773 vut,
2552 5706 2605 5777 7.
