3826 6206
314 352 422 415 869
1169 353 1268 412 AD
1310 350 1899 413 AMPHILOCHIUM
1932 350 2275 424 QU1ESTIO
2306 351 2591 412 CLXXII.
3441 354 3545 419 870

302 462 354 515 cl
394 460 574 532 βούλει
601 459 660 513 δὲ
690 459 786 513 καὶ
839 459 941 531 τὴν
975 461 1308 530 περιστερὰν
1341 461 1480 531 μετὰ
1505 460 1569 515 τὸ
1603 460 1871 533 ξηρανθῆ-

1981 475 2167 515 sessus
2191 460 2256 514 ad
2286 459 2534 514 dextram
2564 458 2649 513 sui
2687 457 2865 515 Patris
2897 444 3272 514 deturbabitur
3302 458 3542 529 (interim

302 567 395 603 ναι
415 550 518 617 τὴν
540 552 643 620 γῆν
676 548 813 618 πρὸς
840 548 929 602 τὸν
967 550 1090 603 Νῶε
1123 550 1575 621 ἀναστρέψασανθ
1608 552 1729 605 τότε
1761 551 1871 606 δια·

1980 552 2029 604 in
2081 558 2363 604 auctorum
2399 549 2579 619 capita
2630 548 2744 603 haec
2788 548 3122 618 blasphemia
3173 546 3543 617 convertatur)

305 639 672 710 πορείτωσαν,
705 640 797 692 καὶ⁸
826 642 875 693 εί
915 640 1053 710 μετὰ
1080 640 1171 693 τὸν
1197 642 1435 712 ἄρρητον
1466 643 1559 697 καὶ
1586 643 1871 714 παρθένιον

1980 648 2029 693 et
2073 647 2197 709 post
2234 639 2418 695 saeculi
2468 638 3018 701 consummationem,
3044 653 3171 693 cum
3210 638 3384 692 multo
3422 652 3553 707 pro-

299 730 484 795 τόκον,
536 730 729 801 ἀνδρὸς
756 730 978 800 ὁμιλίαν
1018 732 1051 802 ἡ
1096 734 1376 803 Παρθένος
1422 735 1771 806 ἐμελέτησεν.
1814 737 1871 789 Ei

1980 731 2240 800 pinquius
2299 730 2376 784 illi
2439 730 2843 801 conjungentur
2888 728 3159 799 discipuli,
3194 745 3316 783 eum
3366 728 3436 782 ab
3482 726 3550 780 iis

298 822 357 874 δὲ
406 821 482 891 μὴ
528 820 648 875 κατ’
705 824 993 896 ἐπιστολὴν
1026 826 1291 898 ἔγραφον,
1343 827 1561 892 πλείους
1607 827 1693 890 ἂν,
1742 828 1871 882 Θεοῦ

1980 839 2352 890 recessurum,
2394 831 2490 877 aut
2522 822 2687 878 Deum
2717 837 2826 877 non
2862 821 3090 876 ulterius
3118 821 3383 884 futurum,
3404 830 3553 890 post-

299 910 557 975 διδόντος,
583 911 680 977 τὰς
714 912 1017 980 ἀποδείξεις
1044 932 1125 969 σοι
1157 915 1513 987 παρεθέμεθα
1532 933 1546 947 °
1566 917 1680 971 ἀλλ’
1713 918 1871 971 ἱκανά

1983 932 2148 986 quam
2202 917 2278 971 illi
2327 916 2574 971 homines
2611 924 2772 970 astate
2806 915 3202 985 provehantur;
3234 921 3328 968 aut
3354 912 3555 967 docue-

301 1000 398 1051 καὶ
428 998 601 1052 ταῦτα
647 993 729 1064 οἷς
764 1003 840 1073 μὴ
874 1005 1012 1073 μετά
1045 1004 1144 1074 τῆς
1205 1006 1425 1073 ἀγνοίας
1466 1006 1561 1060 καὶ
1596 1008 1631 1077 ἡ
1672 1006 1871 1062 διάνοια

1985 1010 2116 1072 rint,
2170 1016 2292 1091 pqst
2340 1007 2634 1077 arefactam
2683 1015 2883 1061 terram
2946 1005 3251 1062 columbam
3316 1003 3384 1068 ad
3437 1003 3552 1063 Noe

300 1092 717 1161 προσαπώλετο.
777 1095 857 1149 Τὰ
883 1095 929 1149 δ’
978 1096 1147 1163 ἄλλα,
1193 1096 1336 1168 ψυχῇ
1388 1099 1483 1152 καὶ
1533 1097 1745 1154 σώματι
1783 1100 1871 1173 ιρ-

1984 1100 2234 1165 rediisse,
2274 1108 2403 1154 tunc
2455 1098 2798 1163 addubitent,
2848 1112 2949 1152 nec
3011 1096 3269 1166 impedio,
3312 1111 3381 1150 an
3432 1103 3555 1164 post

301 1181 469 1249 ῥωσο·
1668 1182 1673 1185 ’
1794 1191 1801 1204 ’
1985 1199 2201 1261 partum
2235 1190 2537 1259 virgineum
2573 1188 3032 1256 inexplicabilem,
3065 1188 3133 1243 de
3162 1187 3306 1243 virili
3332 1202 3557 1242 consor-

300 1272 383 1325 tio
413 1272 578 1345 Virgo
626 1277 970 1346 cogitaverit.
1015 1277 1169 1345 Quod
1211 1279 1256 1335 si
1290 1295 1398 1335 non
1433 1281 1719 1351 epistolam
1751 1281 2071 1348 scriberem,
2092 1282 2274 1351 plures
2299 1280 2498 1344 adhuc,
2523 1292 2645 1333 cum
2682 1277 2828 1332 bono
2894 1277 3027 1342 Deo,
3084 1277 3184 1331 tibi
3248 1290 3554 1344 repraesen-

303 1374 483 1420 tarem
513 1369 1031 1447 demonstrationes.
1061 1372 1164 1449 Sed
1196 1374 1313 1429 istae
1345 1374 1613 1431 sufficient
1648 1376 1786 1431 satis
1843 1374 1919 1430 iis
1948 1375 2224 1439 omnibus,
2254 1374 2349 1444 qui
2400 1389 2509 1429 non
2565 1390 2674 1430 una
2716 1390 2843 1431 cum
2891 1375 3222 1444 ignorantia,
3244 1383 3297 1429 et
3357 1369 3555 1425 mentis

296 1473 419 1515 sua:
474 1460 719 1516 fecerunt
750 1462 1043 1532 jacutram.
1072 1463 1299 1532 Caetera
1361 1466 1554 1521 Valeas
1598 1467 1782 1521 animo
1832 1474 1888 1520 et
1925 1480 2178 1535 corpore.

817 1662 1153 1717 ΕΡΩΤΗΣΙΣ
1190 1625 1355 1720 pm.

843 1842 981 1911 Περὶ
1015 1843 1321 1911 προνοίας.

1909 1645 1957 1704 Β
2059 1662 2386 1730 ρυλΕδΤιο
2418 1660 2673 1717 CLXXII.
2726 1658 2915 1731 [CoisL
2948 1654 3077 1711 CCI.
3109 1653 3270 1709 Taur.
3302 1643 3532 1717 CXCII.)

2544 1842 2617 1895 De
2646 1839 3017 1899 Providentia..

610 2066 746 2116 Edita
780 2082 805 2115 a
843 2066 1142 2117 Montacutio
1166 2068 1269 2131 (ep.
1298 2068 1351 2116 5i
1380 2067 1439 2117 ad
1471 2066 1636 2117 Taras.
1663 2080 1710 2128 p.
1736 2064 1903 2126 90-91,
1938 2072 1989 2116 et
2013 2079 2205 2117 rursum
2235 2080 2260 2114 a
2294 2062 2433 2124 Maio,
2466 2066 2592 2115 Nov.
2618 2065 2743 2117 Coll.
2770 2071 2803 2113 ι.
2844 2064 2881 2124 l,
2905 2078 2951 2126 p.
2991 2062 3240 2123 173-178).

364 2256 439 2310 α’.
486 2255 549 2309 Εί
580 2254 768 2327 μηδεὶς
797 2254 907 2307 τῶν
941 2253 1295 2319 ἀδικούντων,
1332 2257 1425 2308 καὶ
1453 2254 1591 2318 ὅλως
1620 2255 1871 2325 ἁμαρτα-

286 2346 519 2410 νόντων,
552 2344 691 2399 κατὰ
718 2346 907 2415 χεῖρας
931 2338 1041 2414 εἷχε
1072 2340 1379 2413 φθάνουσαν
1402 2342 1503 2413 τὴν
1531 2342 1708 2412 δίκην,
1739 2342 1876 2397 ἀλλὰ

287 2439 394 2493 καὶ
410 2439 609 2502 πάντες
627 2438 676 2491 οἱ
704 2437 801 2506 τῆς
832 2435 1034 2507 ἀρετῆς
1053 2432 1412 2504 ὲργάται,τὸν
1439 2433 1552 2504 βίον
1577 2433 1791 2504 ἔτριϐον
1816 2436 1873 2487 ὲν

285 2526 647 2599 ταλαιπωρίᾳ
683 2565 699 2590 ,
733 2527 833 2580 οὐκ
879 2526 945 2579 ἄν
985 2542 1063 2579 σοι
1113 2523 1236 2578 λίαν
1268 2524 1485 2587 ἀτόπως
1520 2522 1549 2574 δ
1578 2524 1706 2593 περὶ
1743 2541 1876 2594 προ-

286 2620 444 2685 νοίας
471 2619 626 2688 λόγος
656 2617 1115 2690 ιχὼλευεν.Ἐπεὶ
1160 2616 1216 2670 δὲ
1261 2615 1447 2670 πολλοὶ
1489 2617 1585 2670 καὶ
1629 2617 1738 2669 τῶν
1774 2617 1873 2687 τὴν

287 2710 495 2764 κακίαν
544 2711 865 2780 μετιόντων,
908 2708 1041 2779 παρ’
1073 2708 1245 2771 αὑτὰς
1268 2708 1369 2771 τὰς
1410 2707 1640 2779 πράξεις
1687 2706 1873 2777 ὤφθη-

287 2820 398 2857 σαν
430 2801 528 2866 τὰς
557 2803 708 2865 δίκας
737 2802 1053 2867 δεδωκότες,
1085 2802 1177 2854 καὶ⁸
1211 2800 1318 2854 τῶν
1340 2800 1508 2872 ἀρετῇ
1534 2800 1871 2873 ῥυθμιζομέ-

286 2909 402 2946 νων
426 2891 789 2954 εὐπαθοῦντές
818 2892 958 2944 εἰσιν
984 2889 1343 2961 ἐγνωσμένοι,
1376 2890 1494 2953 πῶς
1522 2890 1622 2943 οὐκ
1644 2889 1871 2961 ἀνόητος

2050 2254 2090 2309 Ι.
2122 2253 2180 2309 Si
2211 2267 2373 2308 nemo
2402 2266 2627 2322 prorsus
2659 2251 3051 2321 improborum,
3089 2258 3145 2304 et
3169 2250 3412 2319 peccatis
3458 2263 3551 2319 pe—

1979 2341 2128 2397 nitus
2173 2340 2477 2395 deditorum
2516 2339 2812 2394 vindictam
2847 2353 2961 2409 prte
3006 2338 3263 2394 manibus
3316 2352 3553 2409 praesen-

1978 2439 2085 2484 tem
2145 2429 2431 2496 haberent,
2464 2429 2555 2484 sed
2607 2428 2823 2483 virtutis
2870 2435 3218 2496 operatores,
3251 2423 3548 2479 univcrsim

1979 2536 2192 2587 omnes,
2222 2522 2386 2576 vitam
2434 2521 2791 2591 transigerent
2824 2534 2921 2590 per
2955 2518 3230 2583 miserias,
3267 2517 3408 2572 haud
3452 2516 3551 2570 ab-

1981 2614 2145 2668 surde
2180 2614 2275 2669 tibi
2312 2614 2586 2668 videretur
2627 2614 2693 2668 de
2744 2612 3120 2683 providentia,
3176 2610 3315 2664 ratio
3355 2624 3550 2664 manca

1979 2716 2143 2774 atque
2175 2706 2401 2773 mutila;
2444 2704 2537 2761 sed
2587 2720 2709 2760 cum
2741 2704 2960 2775 plurimi
2996 2718 3208 2768 eorum,
3238 2702 3331 2773 qui
3363 2717 3423 2756 se
3450 2716 3549 2755 ne-

1977 2798 2167 2867 quitiis
2189 2797 2536 2865 dediderunt,
2565 2797 2620 2853 in
2645 2799 2766 2869 ipso
2788 2796 3155 2867 improbitatis
3184 2804 3335 2857 actu.
3360 2808 3549 2864 poenas

1976 2888 2192 2942 dedisse
2248 2896 2671 2958 cognoscantur,
2714 2896 2770 2941 et
2820 2886 2914 2956 qui
2966 2884 3266 2940 secundum
3326 2883 3550 2937 virtutis

286 2983 325 3053 ἡ
357 2980 501 3035 κατά
536 2980 638 3050 τῆς
686 2980 943 3052 προνοίας
976 2980 1226 3047 ὲπίνοιας
1258 2980 1322 3033 Et
1354 2979 1400 3034 δ’
1429 2980 1511 3034 ὅτι
1562 2980 1638 3050 μὴ
1672 2978 1871 3045 πάντες

1980 2992 2217 3035 tenorem
2243 2987 2413 3035 semet
2437 2995 2537 3034 con
2549 2979 2853 3046 firmarunt,
2880 2993 3140 3049 prospere
3166 2976 3372 3032 vixisse
3400 2976 3549 3031 intel-

287 3074 532 3130 ἐνταῦθα
563 3075 879 3146 κομίζονται
908 3075 978 3129 τὰ
1006 3074 1281 3147 ἐπίχειρα,
1317 3074 1477 3130 τοῦτό
1519 3093 1579 3130 σε
1629 3077 1753 3130 κατ’
1775 3075 1867 3129 αὖ·

285 3169 395 3239 τῆς
423 3167 747 3236 ἀνερεθίζει,
786 3168 895 3222 ίσθι
916 3169 993 3230 ὡς
1013 3167 1080 3221 δι’
1107 3161 1182 3222 ὧν
1219 3167 1392 3236 ἔγνως
1418 3168 1553 3240 αὐτῇ
1583 3168 1868 3239 μάχεσθαι,

290 3259 499 3331 μᾶλλον
524 3259 695 3331 αὐτῆς
726 3260 1124 3332 ἀνακηρύττεις
1161 3262 1204 3324 ί,
1236 3261 1376 3330 μετά
1419 3262 1517 3330 τῆς
1571 3261 1782 3329 σοφίας,
1813 3260 1876 3315 τὸ

286 3352 539 3423 ἄμαχονθ
588 3353 637 3406 εί
662 3352 771 3424 γὰρ
799 3351 1001 3416 πάντες
1032 3354 1088 3405 ὲν
1115 3351 1195 3421 τῷ
1223 3351 1318 3405 νῦν
1364 3352 1547 3418 αἰῶνι,
1573 3352 1625 3404 oi.
1654 3352 1753 3423 μὲν
1773 3352 1874 3415 τὰς

285 3442 525 3507 εὐθύνας
555 3444 979 3515 είσεπράττοντο
1001 3443 1112 3496 τῶν
1162 3443 1569 3515 ἡμαρτημένων
1600 3450 1650 3508 ιι,
1699 3444 1748 3496 oi
1792 3443 1869 3509 δὲ,

287 3532 385 3603 ἐφ’
416 3529 497 3595 οἷς
525 3532 729 3587 εἴλοντο
754 3537 822 3588 τά
854 3533 1082 3604 ἀμείνω,
1109 3532 1264 3603 δόξης
1282 3533 1377 3585 καὶ
1397 3533 1565 3602 τιμῆς
1594 3532 1873 3604 ἀπήλαυον

286 3624 395 3678 καὶ
415 3623 781 3695 εὐδαιμονίας,
813 3624 991 3695 μάτην
1020 3640 1081 3676 τε
1128 3623 1195 3677 ἂν
1234 3623 1296 3676 τὸ
1336 3623 1545 3676 ἐκεῖθεν
1590 3624 1873 3694 κριτήριον

287 3717 641 3791 συνειστήκει
691 3717 852 3787 (ὅπερ
901 3715 1019 3768 ἐστὶ
1063 3716 1162 3785 τῆς
1208 3715 1469 3769 ἀνωτάτω
1510 3714 1648 3768 Θεοῦ
1681 3715 1872 3782 σοφίας

288 3805 394 3859 καὶ
414 3804 783 3876 κηδεμονίας),
826 3807 920 3857 καὶ
952 3804 1128 3875 βίαιον
1159 3804 1333 3867 ἄλλως
1358 3813 1383 3841 ν
1416 3803 1511 3859 καὶ
1552 3802 1808 3857 ἀκούσιον
1838 3805 1872 3873 ἠ

286 3895 393 3950 τοῦ
426 3896 598 3950 κακοῦ
635 3896 783 3967 φυγὴ
807 3896 1196 3950 ἀπεδείκνυτο·
1237 3895 1572 3961 δεδοικότων,
1598 3893 1674 3958 ὡς
1702 3895 1868 3960 εἰκὸς,

286 3987 409 4043 τῶν
436 3988 778 4060 πλημμελεῖν
809 3989 1150 4058 ἐγνωκότων,
1184 3988 1285 4060 τὴν
1336 3986 1650 4059 παραυτίκα
1699 4003 1873 4057 τιμω-

291 4079 467 4151 ρίανο
498 4081 593 4133 καὶ
624 4080 746 4151 οὐχὶ
783 4080 1011 4151 γνώμης
1059 4080 1271 4150 ἀγαθῆς
1312 4078 1542 4150 αἱρέσει,
1601 4077 1772 4149 δειλίᾳ
1815 4077 1873 4130 δὲ

289 4172 500 4244 μᾶλλον
530 4174 639 4226 ἀπὸ
663 4174 762 4244 τῆς
803 4173 1003 4236 κακίας
1050 4172 1460 4241 διασπωμένων.
1513 4169 1675 4223 Ἀλλά
1706 4187 1770 4239 γε
1807 4170 1871 4240 δὴ

286 4264 395 4317 καὶ
426 4264 719 4335 μισθαρνίᾳ
750 4264 847 4317 καὶ
891 4265 989 4317 οὐκ
1034 4263 1237 4334 ἀρετῆς
1270 4270 1293 4298 ⁸
1318 4302 1333 4328 ,
1364 4262 1462 4332 τῆς
1488 4262 1690 4334 ἀρετῆς
1720 4262 1873 4337 ὲῖὖγ·

260 4360 459 4426 “χανεν
495 4354 561 4407 ἂν
586 4357 620 4426 ἡ
647 4355 909 4426 ἐργασίαο
938 4355 1035 4408 καὶ
1059 4354 1243 4408 οὐκέτι
1268 4354 1537 4423 διάκρισις
1568 4353 1676 4406 τῶν
1707 4370 1872 4406 σπου-

285 4446 461 4499 δαίων
490 4447 583 4499 κ-αὶ
606 4446 713 4500 τῶν
739 4446 959 4516 φαύλων
996 4447 1238 4514 ἐγεγόνει
1264 4462 1279 4476 '
1308 4444 1429 4499 οὐδὲ
1477 4444 1591 4496 τισὶ
1630 4445 1751 4514 μὲν,
1783 4445 1869 4497 ἵνα

284 4535 397 4605 τῆς
438 4535 647 4589 ἐκεῖθεν
702 4536 907 4607 τύχωσι
947 4537 1246 4608 βασιλείας,
1299 4538 1394 4591 καὶ
1431 4538 1515 4590 ἵνα
1537 4536 1871 4599 Δεσποτικὰς

290 4630 712 4699 συντηρήσωσιν
739 4629 980 4694 ἐντολὰς,
1009 4632 1043 4699 ἡ
1070 4630 1273 4701 ἀρετῆς
1304 4628 1523 4699 πρᾶξις,
1559 4628 1654 4681 καὶ
1680 4630 1714 4698 ἡ
1739 4628 1870 4681 ταύ-

286 4734 397 4788 της
434 4719 629 4790 χρῆσις
652 4719 712 4784 ἐξ
740 4720 939 4792 ἔρωτος
965 4720 1133 4785 θείου,
1186 4719 1365 4773 τισὶδὲ
1400 4719 1487 4773 ἵνα
1513 4719 1603 4772 τὸν
1626 4718 1867 4788 παρόντα

288 4812 414 4882 βίον
444 4812 502 4865 ἐν
528 4812 826 4866 ἀπολαύσει
848 4811 1140 4867 διανύσωσι
1176 4813 1270 4867 καὶ
1295 4812 1634 4883 εὐδαιμονίᾳ.

1976 3075 2238 3145 ligantur,
2266 3072 2491 3126 omnino
2517 3086 2739 3126 necesse
2761 3079 2845 3125 est
2886 3079 2947 3124 ut
2976 3069 3205 3126 stultum
3227 3069 3300 3123 sit
3324 3067 3548 3137 obloqui

1973 3164 2353 3220 Providentiae.
2384 3163 2540 3230 Quod
2569 3164 2616 3219 si
2654 3164 2785 3218 illud
2816 3172 2867 3218 te
2894 3171 3083 3219 contra
3115 3178 3235 3217 eam
3265 3162 3548 3227 stimulat,

1974 3258 2101 3329 quia
2132 3273 2242 3312 non
2268 3257 2636 3312 indiﬂ'erenter
2667 3272 2855 3311 omnes
2887 3258 2988 3310 hac
3015 3256 3068 3311 in
3109 3256 3217 3310 vita
3251 3255 3553 3325 percipiant

1975 3351 2166 3407 merita
2202 3366 2324 3417 sua,
2355 3351 2500 3407 scias
2527 3358 2759 3420 oportet,
2794 3358 2846 3404 te
2886 3365 2982 3420 per
3011 3349 3065 3405 id
3101 3365 3209 3419 quo
3234 3357 3424 3403 contra
3453 3349 3550 3403 de-

1975 3460 2221 3516 pugnare
2243 3445 2392 3500 illam
2423 3449 2583 3511 reris,
2617 3444 2702 3498 vel
2736 3442 2974 3496 maxime
3006 3442 3249 3511 ejusdem
3277 3442 3385 3494 vim
3414 3440 3551 3494 irre-

1975 3536 2267 3592 sistibilem
2294 3545 2349 3592 et
2384 3536 2709 3607 sapientium
2750 3534 3049 3589 celebrare.
3064 3519 3253 3598 certe,
3287 3532 3331 3587 si
3360 3546 3552 3585 omnes

1976 3644 2073 3698 per
2092 3638 2412 3698 praesentem
2451 3628 2638 3692 vitam,
2673 3626 2757 3683 vel
2788 3626 3053 3680 rationem
3085 3624 3309 3679 reddere
3336 3623 3402 3677 de
3425 3638 3551 3692 pec-

1975 3722 2111 3776 catis
2160 3730 2506 3791 cogerentur,
2540 3719 2626 3773 vel
2680 3733 2747 3773 eo
2791 3717 2937 3787 quod
2996 3717 3277 3770 meliorem
3336 3725 3545 3784 partem

1976 3812 2177 3867 fuerint
2229 3811 2484 3881 amplexi,
2537 3810 2788 3880 gloriam,
2827 3810 3113 3870 honorem,
3161 3807 3549 3862 beatitudinem

1975 3903 2063 3957 bic
2093 3913 2536 3973 assequerentur,
2563 3902 2791 3955 omnino
2818 3899 3022 3954 frustra
3048 3898 3296 3951 futurum
3330 3897 3550 3967 aliquod

1969 3991 2237 4061 judicium
2300 3997 2712 4060 exspectaretur
2769 3986 2935 4058 (quod
2990 3997 3167 4041 tamen
3218 4002 3250 4040 a
3295 4001 3549 4055 suprema

1973 4080 2239 4150 sapientia
2288 4090 2343 4135 et
2392 4094 2523 4134 cura
2568 4079 2753 4133 divina
2791 4076 3133 4148 ordinatur);
3170 4077 3264 4132 sed
3326 4077 3550 4145 insuper

1972 4172 2269 4225 violentum
2312 4170 2440 4241 quid
2486 4178 2543 4224 et
2583 4169 2903 4226 coactitium
2950 4169 3261 4235 videretur,
3316 4182 3347 4222 a
3401 4168 3546 4221 malo

1980 4263 2351 4328 abstinuisse;
2414 4262 2460 4317 si
2506 4252 2815 4316 'horrerent
2851 4262 3229 4329 delinquentes
3254 4275 3286 4316 e
3318 4260 3546 4330 vestigio

1975 4369 2192 4424 semper
2205 4369 2441 4423 sequens
2466 4362 2520 4408 et
2547 4353 2831 4408 adhaerens
2860 4352 3222 4422 supplicium;
3250 4366 3361 4421 quo
3384 4361 3545 4421 pacto

1974 4448 2145 4511 fieret,
2187 4454 2243 4501 ut
2288 4462 2393 4500 non
2443 4447 2509 4501 de
2539 4446 2803 4501 electione
2837 4445 3077 4499 melioris
3103 4444 3408 4507 sententiae,
3449 4442 3546 4497 sed

1973 4548 2116 4594 metu
2159 4537 2365 4607 potius,
2413 4546 2467 4591 et
2509 4537 2815 4601 timiditate,
2846 4552 2876 4589 a
2906 4535 3050 4589 malo
3086 4534 3493 4588 deterrerentur
3529 4550 3543 4586 :

1972 4628 2183 4683 accedit
2231 4627 2378 4698 quod
2428 4627 2645 4682 virtutis
2672 4626 2937 4695 operatio,
2968 4640 3076 4679 non
3119 4640 3185 4679 ex
3217 4625 3404 4693 aliquo
3434 4624 3548 4678 vir-

1975 4719 2108 4774 tutis
2160 4726 2429 4788 respectu,
2464 4718 2557 4773 sed
2594 4717 2860 4772 mercedis
2892 4716 3091 4770 intuitu
3137 4715 3545 4784 susciperetur;

1978 4810 2125 4864 nulla
2182 4809 2449 4863 bonorum
2477 4824 2506 4862 a
2536 4809 2695 4862 malis
2722 4807 3003 4862 distinctio
3034 4816 3364 4861 statueretur
3399 4824 3412 4860 :
3450 4806 3543 4861 sed

286 4901 843 4978 nec’aquibusdam,
884 4918 942 4963 ut
982 4924 1207 4978 regnum
1280 4908 1543 4963 caalorum
1608 4917 2036 4976 consequantur,
2112 4916 2205 4960 aut
2251 4915 2315 4959 ut
2385 4905 2568 4961 divina
2624 4903 2878 4959 mandata
2927 4902 3271 4965 custodiant,
3331 4901 3548 4955 virtutis

283 5010 473 5069 actus,
528 5003 882 5074 ejusdemque
932 5005 1190 5075 frequens
1232 5019 1363 5059 usus
1406 5018 1471 5058 ex
1523 5017 1709 5057 amore
1755 5003 1873 5065 Dei,
1913 5002 2414 5072 proficiscerentur,
2470 4999 2687 5070 quidam
2743 5008 2922 5053 autem
2976 4999 3030 5052 in
3082 5012 3206 5054 eum
3268 4998 3426 5052 finem
3493 4996 3545 5050 id

284 5107 537 5166 agerent,
588 5107 651 5154 ut
696 5101 979 5170 prmsentis
1008 5102 1131 5155 vitae
1173 5114 1393 5155 cursum
1443 5100 1682 5154 suaviter
1748 5099 2138 5161 transmittant,
2164 5106 2218 5150 et
2245 5097 2417 5150 beate.

368 5231 435 5303 β’.
456 5232 664 5296 ’Δλλως
679 5248 739 5285 τε
763 5232 935 5286 καὶτὸ
960 5233 1178 5287 πάντων
1194 5231 1497 5297 καλλιστον,
1513 5232 1636 5295 τοὺς
1658 5230 1875 5299 ἀγῶνας

289 5322 443 5391 λέγω
472 5320 559 5390 ἐφ’
590 5317 671 5385 οἷς
703 5321 753 5374 οἱ
797 5321 998 5376 δίκαιοι
1036 5322 1267 5394 μαλιστα
1298 5320 1685 5391 στεφανοῦνται,
1719 5322 1870 5374 ἀναι-

2054 5231 2109 5284 9..
2137 5230 2379 5286 Ulterius
2415 5239 2597 5285 autem
2647 5228 2698 5283 id
2733 5228 2875 5297 quod
2930 5229 3088 5298 longe
3117 5225 3542 5297 pulcherrimum

1976 5331 2083 5387 est,
2118 5322 2375 5377 nimirum
2427 5323 2748 5388 certamina,
2800 5328 3020 5391 propter
3056 5334 3177 5390 qua
3224 5318 3367 5374 adita
3411 5316 3545 5386 justi

1584 5497 1817 5558 \‘ARIIE
1858 5499 2261 5561 LECTIUNES.

296 5764 336 5820 ἀ
384 5695 401 5730 ί
440 5692 618 5835 fhilarius
651 5692 1071 5765 ἀνακηρύτταις.
1150 5704 1177 5733 ιι
1213 5692 1283 5748 Μ.
1314 5688 1743 5763 ἁμαρτημάτων.

342 5781 437 5817 est
482 5806 495 5818 .

342 5781 495 5818 οετη.

1855 5700 1881 5725 ν
1918 5689 2089 5755 ἄλλος
2156 5689 2309 5745 deest
2369 5688 2423 5744 in
2486 5687 2649 5745 Maio.

2762 5686 2879 5741 ιΜ.
2929 5686 3217 5758 μισθαρνία
3286 5685 3380 5739 καὶ
3442 5684 3543 5740 οὐκ
