3828 6202
360 348 459 416 871

1503 335 1764 397 PlIOTlI
1799 333 2304 398 PATRIARCHXE
2334 333 2438 397 CP.

3470 342 3563 404 87?.

361 466 715 522 coronantur,
742 454 1078 516 tollerentur,
1100 450 1146 507 si
1168 462 1329 504 nemo
1363 461 1587 517 prorsus
1613 448 1777 517 hujus
1803 448 1925 501 vitae

2033 447 2250 518 ροῦντός
2273 449 2389 501 ἐστι
2415 446 2478 501 τὸ
2510 448 2714 520 μηδένα
2749 447 2953 503 τούτων
2981 447 3269 518 βούλεσθαι
3303 451 3410 514 τοῖς
3444 468 3571 524 παρα

359 555 596 613 miseriis
649 560 703 605 et
750 545 1155 604 calamitatibus
1189 541 1617 598 conﬂictaretur.
1656 539 1764 596 Nec
1810 541 1924 594 haec

359 658 568 706 tantum
589 645 799 709 dixero,
832 640 927 696 sed
970 636 1220 707 adjiciam
1252 634 1304 688 id
1333 633 1474 703 quod
1501 634 1650 686 nulla
1685 631 1751 686 de
1779 631 1926 700 prio-

357 741 509 796 ribus
541 730 1108 792 demonstrationibns
1135 736 1219 783 est
1250 724 1562 788 invalidius,
1587 735 1732 778 esset
1760 723 1862 776 hoc
1896 737 1926 776 a

360 831 469 885 Deo
492 828 583 899 qui
604 824 929 895 supplicium
949 836 1014 875 au
1025 829 1194 890 geret,
1213 828 1267 872 et
1283 815 1658 870 vehementius
1680 814 1732 867 in
1751 813 1928 868 delin-

357 928 587 992 quentes
608 918 687 971 ira
714 913 1158 970 excandesceret.
1189 907 1344 974 Quod
1373 917 1664 974 utrumque
1688 905 1926 958 alienum

359 1022 442 1067 est
471 1027 501 1066 a
532 1009 712 1065 divina
749 1006 1028 1068 bonitate;
1060 1002 1196 1057 velle
1233 1001 1379 1055 enim
1411 1014 1646 1054 coronas
1671 997 1924 1065 ,attferre,

358 1115 412 1158 et
447 1115 661 1173 pinnam
695 1096 996 1153 machinari
1028 1093 1438 1149 acerbissimam
1467 1133 1482 1158 ,
1534 1105 1765 1161 eamque
1810 1090 1929 1146 sine

359 1195 764 1256 allevlamento,
798 1189 1113 1258 longissime
1146 1185 1350 1240 recedit
1384 1199 1414 1238 a
1446 1184 1590 1238 bono
1620 1183 1929 1237 moderato-

360 1290 436 1344 ris
460 1289 682 1352 animo;
720 1283 834 1338 lierl
859 1283 1004 1335 enim
1055 1294 1162 1332 non
1203 1285 1403 1352 potest,
1426 1276 1556 1345 quin
1601 1274 1925 1346 supplicium

359 1390 548 1435 contra
583 1381 872 1447 peccantes
905 1369 1237 1426 inexorabile
1270 1351 1345 1422 sit
1403 1375 1668 1422 statutum
1697 1407 1710 1430 ,
1749 1371 1816 1420 'et
1872 1366 1924 1419 in

357 1471 587 1527 solidum
623 1482 772 1522 mera
805 1463 1161 1519 vindemiatio
1183 1469 1504 1530 praeparata,
1547 1474 1670 1512 cum
1708 1459 1759 1511 in
1809 1467 1928 1512 tan-

359 1573 471 1620 tum
495 1560 720 1616 ebulliat
743 1555 1122 1618 beneﬁcentia,
1159 1563 1216 1606 ut
1246 1553 1408 1605 liceat
1433 1552 1499 1605 iis
1520 1551 1613 1620 qui
1647 1550 1926 1604 honestius

357 1658 588 1712 vixerint
611 1664 664 1708 et
688 1651 974 1722 pravsentis
1003 1649 1124 1702 vitae
1154 1645 1432 1711 felicitate,
1464 1653 1518 1698 et
1539 1643 1739 1698 futuris
1769 1643 1927 1698 bonis

357 1749 582 1820 perfrui.
623 1747 728 1812 Qui
770 1761 897 1798 Vero
926 1758 1036 1796 non
1068 1743 1140 1794 ita
1163 1746 1570 1808 comparantur,
1604 1737 1780 1790 locum
1810 1749 1924 1804 pa:-

2029 539 2146 592 οὐσι
2167 541 2348 603 πόνοις
2373 539 2921 609 ὲνταλαιπωρεῖσθαι.
2943 541 3016 594 Οὐ
3038 540 3198 611 μόνον
3225 541 3303 604 δὲ,
3323 540 3450 598 ἀλλὰ
3468 551 3570 615 καὶ,
3645 558 3656 574 ·

2027 627 2056 678 ὃ
2081 628 2189 682 τῶν
2218 631 2338 702 είρη
2348 630 2524 699 μένων
2551 629 2762 692 οὐδενὸς
2784 631 2864 692 είς
2885 629 3161 696 ἀπόδειξιν
3185 630 3569 704 ἀσθενέστερον,

2029 718 2282 784 αὐξοντός
2316 721 2432 773 ἐστι
2468 719 2567 792 τὴν
2637 722 2910 793 τιμωρίαν
2953 723 3052 776 καὶ
3099 721 3573 793 ὑπεροργιζομένου

2028 811 2168 865 κατὰ
2206 812 2314 866 τῶν
2386 813 2828 883 ἁμαρτανόντων.
2859 808 2962 866 Ὧν
3007 813 3270 883 ἑκάτερον
3319 813 3577 885 ἀλλότριον

2026 903 2125 972 τῆς
2151 902 2244 956 τοῦ
2269 903 2404 956 Θεοῦ
2438 905 2875 974 φιλανθρωπίας.
2905 905 2978 958 Τό
3021 921 3082 956 τε
3137 905 3246 975 γὰρ
3300 907 3578 973 στεφάνους

2029 993 2304 1064 ἀφαιρεῖν,
2330 994 2510 1047 καὶτὸ
2544 995 2878 1065 πικροτάτην
2927 996 3022 1048 καὶ
3065 995 3303 1066 ἄκρατον
3349 1000 3580 1066 μηχανᾶ-

2031 1083 2153 1137 σθαι
2182 1087 2473 1156 τιμωρίαν,
2505 1087 2696 1158 πόρρω
2746 1087 3051 1156 καθέστηκε
3109 1087 3208 1157 τῆς
3248 1087 3581 1154 ἀγαθοειδοῦς

2027 1175 2372 1239 ἐπιστασίας,
2401 1175 2515 1240 πῶς
2557 1177 2600 1230 δ’
2632 1176 2731 1230 οὐκ
2780 1176 2845 1230 ἂν
2902 1175 2987 1247 εἴη
3037 1179 3148 1240 τοῖς
3198 1178 3583 1247 ἁμαρτάνουσιν

2031 1267 2238 1337 σφόδρα
2273 1269 2367 1320 καὶ
2392 1267 2790 1337 ἀπαραίτητος,
2814 1267 2907 1322 καὶ
2934 1269 3054 1321 ὅλον
3095 1269 3327 1339 τρυγίας
3366 1271 3584 1340 ἄκρατος

2002 1360 2062 1428 ’ἠ
2093 1359 2331 1428 τιμωρία
2390 1359 2589 1437 τρόπον
2616 1362 2740 1412 τινὰ
2785 1360 3303 1431 παρεσκευασμένη,
3335 1361 3462 1414 ὅταν
3502 1363 3585 1414 ἐπὶ

2029 1448 2280 1501 τοσοῦτον
2325 1448 2424 1517 μὲν
2461 1448 2789 1519 ὑπέρϐλυσις
2898 1449 2996 1517 τῆς
3037 1448 3360 1517 εὐεργεσίας
3385 1488 3400 1514 ,
3455 1446 3585 1502 ὥστε

2029 1542 2150 1607 ἐξὸν
2188 1540 2410 1612 ἄμεινον
2437 1540 2709 1610 βιοῦντας,
2748 1543 2843 1592 καὶ
2869 1541 2967 1609 τῆς
2997 1539 3248 1592 ἐντεῦθεν
3275 1541 3586 1605 εὐπαθείας,

2029 1635 2122 1687 καὶ
2147 1633 2254 1686 τῶν
2279 1633 2489 1686 ἐκεῖθεν
2515 1631 2735 1701 ἀγαθῶν
2764 1631 3079 1696 ἀπολαύειν,
3136 1634 3249 1696 τοῖς
3277 1632 3336 1685 δὲ
3375 1633 3479 1685 οὐδ’
3505 1633 3588 1686 οὐ·

2027 1739 2153 1785 τως,
2191 1722 2311 1776 ἀντὶ
2343 1721 2450 1774 τῶν
2482 1721 2762 1792 χειρόνων,
2793 1721 3005 1791 αἵρεσις
3034 1721 3214 1774 ἔπεισι
3267 1721 3378 1774 τῶν
3413 1739 3586 1793 κρειτο

358 1857 549 1897 narum
582 1839 731 1895 subit
775 1836 1124 1906 pra‘auiorum
1174 1830 1397 1884 ablatio.
1456 1827 1726 1894 Quocirca
1777 1824 1920 1896 quod

2028 1815 2225 1881 τόνων;
2253 1814 2416 1866 Ὥστε
2449 1814 2530 1878 τὸ,
2565 1812 2642 1884 μὴ
2670 1813 2878 1875 πάντας
2907 1813 3034 1874 τοὺς
3065 1812 3388 1876 σπουδαίους
3411 1813 3590 1866 ὲνταῦ·

358 1951 464 1987 non
499 1945 693 1985 omnes
717 1927 820 1982 viri
852 1925 1006 1996 probi
1029 1924 1094 1978 ad
1119 1924 1450 1977 voluntatem
1475 1936 1561 1973 res
1585 1920 1672 1974 hic
1702 1917 1923 1971 allluen-

359 2037 438 2078 tes
472 2023 716 2086 habent;
747 2033 849 2081 nec
881 2015 1112 2085 improbi
1145 2027 1337 2070 omnes
1371 2009 1608 2064 miseriis
1643 2009 1923 2066 involvan-

361 2127 469 2179 tur,
502 2125 773 2168 summam
805 2108 950 2163 circa
987 2108 1283 2159 humanum
1332 2116 1502 2171 genus
1535 2098 1628 2154 Dei
1684 2111 1923 2152 amorem

357 2204 607 2260 enuntiat
658 2200 1232 2272 procurationemque.
1296 2193 1418 2248 ldeo
1481 2192 1565 2247 hic
1626 2192 1926 2262 puniuntur

356 2297 578 2367 quidam
624 2293 772 2358 boni,
811 2301 868 2343 ut
929 2287 1148 2342 coronis
1187 2286 1439 2359 deinceps
1481 2283 1836 2342 redimantur,
1866 2290 1926 2334 ut

359 2386 531 2456 magis
557 2384 621 2438 ad
647 2381 850 2438 amoris
885 2379 977 2431 Dei
1006 2375 1420 2431 admirationem
1449 2373 1773 2434 excitentur,
1801 2385 1925 2448 cum

357 2480 440 2560 vel
472 2492 567 2548 per
595 2464 974 2530 tribulationes
1009 2475 1270 2537 appareat
1290 2477 1346 2518 et
1384 2463 1707 2518 clllorcscat.
1737 2461 1793 2515 Si
1825 2476 1924 2513 au-

358 2555 462 2627 tem
483 2581 537 2630 et
559 2567 690 2624 illud
725 2565 818 2620 tibi
847 2561 1072 2624 arridet,
1096 2557 1239 2628 quod
1267 2557 1484 2612 divinus
1507 2556 1706 2613 Paulus
1739 2555 1924 2615 habet,

359 2662 649 2734 adjiciam;
684 2660 743 2712 lit
781 2657 910 2710 hinc
955 2659 1109 2706 utne
1136 2649 1298 2702 nimis
1337 2646 1636 2706 elIerantur
1669 2640 1792 2714 ipsi,
1828 2660 1928 2699 nec

359 2753 530 2808 multo
547 2747 876 2820 quibusdam
897 2743 1179 2796 videantur
1207 2737 1572 2807 angustiores,
1593 2752 1755 2806 quam
1781 2735 1926 2805 quod

361 2844 536 2900 oculis
575 2848 931 2908 usurpantur.

427 2937 480 2990 5.
512 2934 592 2988 Tu
627 2933 759 2987 mihi
796 2930 960 2984 etiam
992 2937 1036 2978 et
1079 2924 1210 2978 illud
1250 2921 1448 2990 cogita,
1474 2921 1516 2976 si
1552 2919 1750 2990 placet,
1778 2916 1926 2987 quod

358 3043 482 3082 cum
516 3024 748 3081 summis
779 3030 832 3075 ct
853 3019 1073 3088 quidem
1120 3011 1551 3069 delwcatissitnis
1585 3009 1802 3064 virtutis
1832 3023 1928 3061 vo-

358 3117 662 3188 luptatibus
695 3111 900 3185 perfusi
939 3109 1096 3179 quasi
1147 3105 1442 3166 luxuriant,
1493 3118 1590 3172 par
1616 3111 1669 3156 et
1710 3115 1924 3168 aequum

2027 1903 2093 1955 θα
2110 1903 2198 1956 τὸν
2229 1902 2340 1973 βίον
2367 1901 2509 1972 ἔχειν
2532 1903 2590 1954 ἐν
2618 1901 2825 1972 εὐροίᾳ,
2852 1901 2987 1972 μηδὲ
3012 1904 3136 1966 τοὺς
3168 1903 3406 1972 φαύλους
3432 1905 3593 1958 ᾶπαν-

2024 2012 2122 2056 τα;
2150 1996 2208 2048 ὲν
2228 1993 2593 2064 ταλαιπωρία,
2620 1996 2719 2065 τῆς
2745 1993 2921 2064 ἄκρας
2949 1994 3067 2046 ἐστὶ
3100 1994 3228 2065 περὶ
3281 1995 3345 2047 τὸ
3393 1995 3592 2066 ἀνθρώ-

2026 2103 2181 2138 πινον
2209 2085 2618 2157 φιλανθρωπίας
2644 2102 2701 2138 τε
2744 2086 2837 2138 καὶ
2877 2085 3223 2155 κηδεμονίας.
3264 2087 3590 2152 Κολάζονται

2029 2177 2210 2231 τοίνυν
2249 2178 2481 2231 ἐνταῦθα
2505 2195 2649 2240 τινες
2673 2179 2782 2230 τῶν
2815 2177 2914 2249 μὲν
2940 2180 3265 2243 σπουδαίων,
3294 2181 3388 2233 ἐπὶ
3407 2183 3470 2251 τῇ
3495 2174 3596 2233 τῶν

2030 2270 2311 2336 στεφάνων
2343 2271 2631 2341 ἀπολήψει,
2667 2271 2760 2323 καὶ
2798 2271 2885 2323 ἵνα
2933 2272 3134 2346 μᾶλλον
3171 2274 3358 2334 αὐτοῖς
3401 2271 3428 2322 ὁ
3464 2272 3595 2335 θεῖος

2028 2354 2165 2426 ἔρως
2221 2357 2527 2426 θαυμαστὸς
2551 2368 2602 2424 3',
2659 2360 2843 2430 ἡλίκος
2901 2363 3003 2413 κάν
3059 2365 3177 2425 ταῖς
3249 2361 3497 2431 θλίψεσιν
3537 2363 3596 2415 ἂν

2027 2447 2292 2518 ἀκμάζων
2323 2450 2731 2506 ἐπιδεικνύοιτο.
2760 2453 2822 2511 Ei
2851 2452 3033 2522 βούλει
3065 2453 3122 2506 δὲ
3154 2455 3245 2507 καὶ
3280 2455 3371 2507 ἵνα
3404 2453 3497 2525 μὴ,
3527 2455 3596 2519 ὡς

2027 2543 2054 2594 ὁ
2076 2541 2217 2605 θεῖος
2235 2542 2442 2606 nam;
2460 2561 2532 2615 φη
2543 2539 2853 2616 σιν,ὐπεραί
2859 2563 3079 2616 ρωνται,
3103 2547 3236 2617 μηδέ
3254 2563 3319 2614 γε
3353 2547 3591 2617 μείζους,

2030 2633 2171 2705 ὑπὲρ
2203 2635 2231 2688 ὂ
2258 2637 2511 2706 ὁρῶνται.
2545 2639 2673 2710 παρ’
2699 2639 2864 2703 ἐνίοις
2890 2639 3238 2710 νομίζωνται.

2100 2899 2168 2969 γ’.
2189 2900 2259 2953 Si)
2277 2901 2332 2954 δέ
2354 2918 2442 2972 μοι
2468 2901 2645 2968 ούνες,
2665 2915 2712 2954 ει
2731 2915 2932 2974 ρουλει,
2955 2906 3046 2958 καὶ
3065 2905 3199 2958 διότι
3225 2909 3494 2976 μεγάλαις
3513 2911 3602 2963 καὶ

2029 2991 2296 3062 καθαραῖς
2315 2992 2526 3062 ἡδοναῖς
2544 2995 2663 3056 ταῖς
2687 2993 2806 3046 κατ’
2826 2995 3027 3065 ἀρετὴν
3047 2998 3357 3068 ἐντρυφῶσι
3381 3001 3475 3052 καὶ
3493 3001 3600 3054 δια-

2029 3084 2258 3154 χέωνται
2282 3094 2304 3120 ι
2327 3085 2534 3138 δίκαιον
2553 3099 2578 3125 ιι
2611 3087 2675 3139 ἂν
2706 3084 2833 3151 εἷεν,
2868 3087 3062 3160 ὥσπερ
3088 3090 3346 3160 στύφοντξ
3381 3111 3486 3146 τινι
3511 3096 3602 3149 καὶ

361 3163 660 3188 ’νιν-*η--ιν-
696 3163 776 3185 ι-ντ
796 3163 804 3165 ν
825 3163 844 3166 κν
862 3163 871 3165 ~
957 3163 972 3179 ι
1430 3163 1438 3166 -
1495 3163 1510 3172 .
1777 3163 1786 3168 -

361 3213 544 3276 fuerit,
577 3217 637 3263 ut
663 3206 808 3276 potio
829 3203 976 3258 velut
1003 3203 1404 3269 constringens,
1427 3203 1482 3250 et
1505 3195 1834 3270 constipans
1857 3193 1924 3246 iis

2031 3177 2313 3276 συνάγοντι
2343 3179 2618 3249 φαρμάκῳ
2644 3180 2996 3250 προσομιλεῖν
3043 3181 3183 3254 [καὲ]
3214 3188 3337 3249 ταῖς
3362 3185 3597 3257 θλίψεσιο

359 3305 782 3376 propinaretur,
839 3298 941 3350 hoc
1006 3302 1090 3355 est
1155 3302 1214 3346 ut
1266 3291 1505 3356 subeant
1570 3286 1922 3351 afﬂictiones;

362 3404 642 3468 praeterea,
686 3406 752 3446 eo
785 3389 928 3460 quod
968 3385 1153 3441 divina
1191 3383 1361 3453 gratia
1405 3381 1579 3434 multo
1617 3378 1788 3446 magis
1833 3393 1928 3446 per

361 3492 604 3558 ipsorum
637 3480 983 3537 inﬁrmitates
1016 3475 1296 3538 elucescit,
1348 3482 1405 3529 et
1431 3473 1660 3526 habetur
1691 3470 1928 3524 admira—

361 3577 516 3634 tioni.
548 3574 690 3640 Quin
724 3569 951 3626 ulterius
979 3567 1044 3623 ad
1076 3573 1510 3622 consummatam
1543 3561 1796 3632 nequitia:
1825 3576 1926 3632 pu-

359 3671 719 3725 defactionetn
752 3672 807 3719 et
836 3661 1262 3734 depressionem,
1285 3672 1408 3712 cum
1439 3654 1531 3725 qui
1564 3653 1921 3707 certaminum

358 3775 580 3818 suorum
623 3767 676 3812 et
706 3755 1066 3812 Ientationum
1114 3749 1408 3806 sudoribus
1452 3745 1741 3809 dillluunt,
1793 3744 1926 3799 nihil

359 3855 424 3909 de
448 3851 665 3906 virtutis
704 3846 909 3903 tenoris
941 3841 1290 3904 remiserint,
1344 3851 1444 3892 nec
1495 3835 1719 3890 mollitie
1768 3832 1923 3889 fracti

359 3943 579 4007 fuerint,
614 3940 909 4009 quominus
961 3935 1163 3990 inirent
1187 3931 1627 3990 colluctationem
1655 3947 1668 3983 :
1695 3929 1788 3983 sed
1826 3943 1926 3982 nec

357 4031 838 4091 indiscriminatim
867 4043 1059 4084 omnes
1087 4037 1143 4082 et
1173 4024 1502 4079 tentationes
1541 4021 1921 4076 transmittan-

360 4139 468 4189 tnr,
499 4140 566 4179 ne
595 4123 689 4193 qui
712 4128 841 4176 sunt
869 4118 1222 4183 inﬁrmiores,
1249 4113 1671 4186 cogitationibus
1693 4122 1922 4166 conlur-

358 4222 549 4272 hentur
586 4216 653 4269 de
699 4211 1077 4283 providentia;
1107 4207 1481 4278 improborum
1521 4204 1684 4262 etiam
1729 4201 1919 4271 aliqui,

355 4307 448 4376 qui
489 4305 742 4360 nimirum
776 4313 885 4356 tam
919 4297 1215 4354 enormiter
1249 4310 1359 4352 non
1389 4292 1756 4362 deliquerunt,
1803 4289 1923 4343 ideo

355 4399 666 4468 plectuntur
693 4433 708 4458 ,
768 4400 826 4445 nt
879 4398 1178 4460 purgentur
1211 4386 1454 4455 ipsorum
1491 4381 1712 4448 sordes;
1755 4379 1922 4450 aliqui

2030 3267 2126 3320 καὶ
2155 3269 2295 3339 ὅτιή
2322 3269 2414 3321 τοῦ
2446 3269 2581 3322 Θεοῦ
2618 3271 2782 3340 χάρις
2829 3271 2918 3324 διὰ
2957 3274 3056 3344 τῆς
3090 3274 3382 3340 ἀσθενείας
3431 3279 3602 3330 αὐτῶν

2030 3360 2192 3413 πλέον
2219 3360 2486 3430 ἐκλάμπει
2521 3362 2613 3415 καὶ
2641 3361 3003 3431 θαυμάζεται.
3045 3365 3207 3418 Ἀλλὰ
3251 3371 3349 3420 καὶ
3389 3371 3474 3432 εἰς
3515 3387 3604 3422 τε-

1974 3462 1983 3470 ·
2027 3450 2178 3504 λείαν
2207 3450 2467 3522 αἰσχύνην
2493 3451 2586 3504 τοῦ
2623 3454 2857 3523 πονηροῦ
2891 3455 2983 3506 καὶ
3007 3455 3388 3520 κατάπτωσιν,
3416 3450 3496 3510 δτι
3515 3457 3604 3510 καὶ

2027 3543 2140 3604 τοῖς
2163 3542 2272 3594 τῶν
2329 3543 2654 3612 πειρασμῶν
2699 3544 2885 3615 ἱδρῶσι
2946 3546 3429 3616 περισταζόμενοι,
3483 3547 3603 3600 οὔτε

2027 3633 2118 3685 τὸν
2165 3633 2262 3702 τῆς
2290 3633 2490 3703 ἀρετῆς
2524 3635 2678 3687 τόνον
2709 3635 2928 3699 ἔλυσαν,
2960 3636 3072 3702 οὐδ’
3102 3639 3181 3702 είς
3224 3639 3326 3708 τὴν
3360 3638 3484 3691 κατ’
3506 3638 3600 3691 αὐ-

2027 3723 2120 3776 τοῦ
2153 3718 2341 3793 ’πάλην
2393 3724 2970 3797 κατεμαλακίσθησαν.
3009 3729 3084 3781 Οὐ
3143 3730 3350 3793 πάντες
3407 3731 3465 3784 δὲ
3495 3734 3603 3795 τιῖς

2029 3819 2353 3886 πειρασμοῖς
2376 3817 2782 3887 παραδίδονται,
2807 3819 2893 3871 ἵνα
2923 3821 2997 3890 μὴ
3020 3822 3132 3884 τοῖς
3167 3822 3599 3895 ἀσθενεστέροις,

2025 3907 2166 3960 κατά
2210 3909 2307 3978 τῆς
2361 3911 2618 3980 προνοίας
2641 3950 2658 3977 ,
2693 3912 2743 3964 ol
2775 3911 3030 3982 λογισμοὶ
3069 3918 3560 3986 συνταράσσωνται
3584 3934 3597 3948 ·

2026 3999 2344 4064 κολάζονται
2366 4001 2421 4054 δὲ
2455 4003 2680 4056 καὶτῶν
2703 4004 2926 4072 φαύλων
2959 4007 3006 4059 οἱ
3037 4009 3134 4078 μὲν
3165 4009 3262 4061 ἐπὶ
3333 4010 3600 4083 καθάρσει

2029 4092 2409 4161 μολυσμάτων,
2434 4094 2581 4156 ὅσοις
2620 4095 2986 4165 μετριώτερόν
3017 4115 3069 4148 τι
3119 4098 3525 4169 διημάρτηται·
3555 4101 3603 4152 οἱ

2025 4183 2104 4246 δὲ,
2147 4185 2226 4246 είς
2256 4184 2566 4254 παράτασιν
2597 4185 2624 4223 b
2655 4184 2750 4238 τοῦ
2801 4188 3137 4257 πικροτέραν
3165 4190 3352 4253 αὐτοῖς
3388 4191 3600 4253 πάντως

2025 4273 2349 4328 ἀποκεῖσθαι
2373 4274 2482 4326 τῶν
2531 4274 2880 4344 βεϐιωμένων
2927 4276 3136 4330 ὲκεῖθεν
3163 4278 3263 4348 τὴν
3293 4280 3598 4351 εἴσπραξιν,

2027 4366 2119 4418 καὶ
2153 4366 2241 4419 ἵνα
2299 4368 2392 4418 καὶ
2449 4369 2560 4430 τοῖς
2605 4367 2852 4436 ἀνοήτοις
2881 4371 2980 4438 τῆς
3015 4368 3109 4423 τοῦ
3137 4369 3274 4423 Θεοῦ
3304 4388 3601 4441 μισοπονη-

353 4499 535 4544 autem
561 4488 627 4541 ad
651 4482 1024 4541 extensionetn
1067 4477 1240 4548 magis
1262 4475 1512 4532 acerbam
1540 4474 1768 4528 rationis
1800 4473 1923 4528 red-

2028 4458 2150 4528 ρίας
2181 4457 2535 4527 συναίσθησις
2562 4459 2808 4528 γένηται.
2846 4461 2920 4513 Οὐ
2944 4463 3142 4523 πάντες
3165 4461 3244 4526 δὲ,
3277 4461 3371 4516 ῐνα
3397 4463 3474 4534 μὴ
3503 4462 3603 4532 μά-

353 4582 542 4638 denda:
569 4579 698 4634 olim
722 4590 912 4631 eorum
941 4586 1062 4642 quae
1091 4569 1144 4624 in
1174 4570 1283 4624 vita
1310 4576 1583 4637 patrarant
1612 4565 1794 4634 impie,
1813 4580 1923 4635 quo

356 4669 518 4722 etiam
541 4669 646 4720 line
666 4661 1069 4731 insipientiores
1089 4657 1484 4727 persentiscere
1503 4665 1725 4726 queant,
1747 4669 1925 4724 quan-

359 4771 473 4814 tum
503 4758 629 4812 odio
655 4765 741 4811 est
761 4753 1083 4823 improbitas
1108 4749 1239 4804 Deo.
1265 4746 1382 4803 Non
1419 4763 1609 4802 omnes
1636 4761 1822 4818 porro,
1855 4761 1923 4800 ne

359 4850 513 4904 liberi
541 4846 753 4904 arbitrii
806 4843 1049 4899 studium
1083 4849 1137 4896 et
1178 4839 1445 4894 industria
1467 4880 1482 4903 ,
1524 4837 1725 4892 frustra
1755 4837 1924 4892 fuisse

356 4940 660 4995 adhibitum
713 4933 1107 4996 convincatur;
1156 4939 1216 4983 ut
1253 4927 1536 5000 potestatis
1593 4944 1714 4996 qua:
1769 4927 1922 4981 adest

360 5033 594 5101 puritas,
625 5037 679 5081 et
701 5024 1090 5094 impermistio,
1123 5021 1286 5076 simul
1330 5036 1452 5074 cum
1475 5020 1712 5074 utilitate
1750 5019 1926 5072 mani-

359 5123 612 5181 l'estetur,
641 5131 762 5186 qua:
784 5115 1010 5168 resultat
1037 5113 1106 5167 ab
1133 5111 1329 5166 divinae
1359 5111 1492 5178 legis
1516 5110 1926 5174 observatione;

357 5217 422 5266 de
440 5226 547 5280 qua
566 5209 786 5279 quidem
809 5206 1187 5259 observatione
1206 5202 1472 5271 judicium
1504 5209 1716 5269 oportet
1738 5215 1930 5257 omnes

357 5319 409 5359 et
443 5304 686 5372 singulos
726 5298 910 5360 subire
955 5297 1008 5350 in
1057 5295 1242 5356 futuro
1276 5293 1496 5349 saeculo.
1534 5291 1769 5356 Rursus.
1803 5307 1927 5346 eum

355 5397 540 5467 quiete
567 5402 621 5449 ct
650 5391 909 5447 felicitate
937 5385 1092 5442 multi
1136 5383 1238 5437 viri
1266 5383 1400 5452 justi
1447 5384 1568 5439 ideo
1612 5384 1840 5448 vivunt,
1877 5390 1936 5460 ut

2026 4565 2126 4618 την
2144 4547 2239 4602 τοῦ
2274 4548 2620 4613 αὐτεξουσίου
2644 4550 2956 4623 ἀπελεγχθῇ
2981 4553 3042 4606 τὸ
3069 4554 3356 4624 φιλότιμον
3372 4571 3388 4586 ·
3412 4556 3507 4608 καὶ
3519 4555 3599 4608 ῖνα

2022 4644 2264 4718 καθαρὸν
2291 4644 2540 4710 ἐξουσίας
2572 4645 2668 4700 καὶ
2731 4646 2995 4716 ἀμίαντον
3053 4648 3451 4721 συναποδειχθῇ
3506 4649 3601 4715 τῆς

2021 4736 2128 4790 τῶν
2181 4737 2413 4791 ἐντολῶν
2465 4736 2788 4808 νομοθεσίας
2835 4737 2896 4790 τὸ
2927 4749 2950 4776 ε
2981 4737 3254 4809 ὠφέλιμον
3278 4756 3290 4769 ·
3331 4742 3428 4795 καὶ
3470 4740 3598 4792 διότι

2027 4830 2177 4901 μένει
2206 4829 2266 4882 τὸ
2301 4829 2480 4883 κοινὸν
2512 4816 2722 4883 ἐκεῖθεν
2757 4831 2852 4885 καὶ
2883 4832 3102 4886 πάντων
3137 4833 3440 4904 κριτήριον.
3472 4831 3596 4884 Πολ-

2021 4921 2106 4974 λολ⁸
2141 4921 2197 4975 δὲ
2225 4922 2390 4976 πάλιν
2419 4924 2476 4976 ὲν
2507 4922 2783 4994 εὐπαθείᾳ
2828 4923 3078 4990 διάγουσι
3109 4924 3214 4976 τῶν
3241 4926 3338 4996 μὲν
3355 4925 3596 4985 δικαίων,

2026 5015 2371 5086 παράκλησις
2399 5017 2493 5069 καὶ
2520 5017 2821 5088 παραψυχὴ
2870 5017 2968 5070 καὶ
3018 5016 3192 5070 κοινὸν
3243 5016 3452 5085 ἀγαθὸν
3493 5019 3598 5078 τοῖς

2025 5107 2253 5179 πλησίον
2280 5110 2653 5179 προκείμενοι,
2688 5109 2784 5162 καὶ
2816 5111 2896 5172 είς
2926 5109 3223 5181 ἀρραϐῶνα
3247 5109 3348 5180 τῆς
3380 5107 3597 5180 μελλού-

2031 5217 2133 5271 σης
2159 5201 2532 5264 ἀπολαύσεως,
2570 5203 2665 5258 καὶ
2702 5202 2789 5258 ἵνα
2809 5201 2904 5256 τὸν
2935 5200 3208 5273 ἀλάθητον
3236 5201 3594 5255 πιστεύσωσιν

2032 5291 2307 5361 ὀφθαλμὸν
2338 5293 2433 5346 καὶ
2460 5293 2528 5348 τὰ
2555 5292 2788 5350 ἐνταῦθα
2821 5291 3170 5349 ἐποπτεύειν.
3197 5292 3273 5345 Οὐ
3295 5291 3498 5353 πάντες
3519 5289 3593 5350 δὲ.

2043 5383 2131 5437 ἵνα
2169 5386 2244 5454 μὴ
2271 5387 2592 5455 προσκαίρῳ
2625 5385 2804 5454 μισθῷ
2838 5384 2937 5453 τῆς
2969 5384 3172 5455 ἀρετῆς
3218 5384 3251 5456 ἠ
3287 5384 3448 5454 χάρις
3477 5380 3592 5452 δόξῃ

1630 5585 1859 5641 VARUE
1898 5582 2300 5641 LECTIONES.

831 5783 852 5809 ε
886 5773 954 5828 Μ.
985 5772 1302 5841 διαχέονται.
1380 5784 1404 5809 α
1439 5768 1507 5822 lli.
1535 5785 1624 5834 rp.
1653 5767 1870 5821 δίκαιοι.

1949 5765 1976 5806 δ
2006 5765 2074 5819 Μ.
2112 5767 2482 5836 παράστασιν.

2562 5779 2581 5805 ε
2616 5766 2686 5820 Μ.
2737 5749 2847 5820 om.
2902 5768 2984 5823 τὸ.
