3826 6206
314 237 420 300 873

1248 240 1348 300 AD
1383 231 1973 303 AMPHILOCHIUM
2011 236 2358 314 QUIESTIO
2390 246 2702 305 CLXXIII.

3471 245 3577 307 874

309 347 624 402 διαλύεσθαι
652 365 667 380 ⁸
701 351 793 402 καὶ
814 351 903 404 ἵνα
936 352 1011 422 μὴ
1043 349 1325 421 βαρυτάτη
1366 353 1460 404 καὶ
1502 354 1739 421 ἄκρατος
1778 357 1890 417 τοῖς
1928 356 2010 414 At

2002 356 2410 419 consolationi,
2464 351 2866 426 refrigerationi
2892 397 2907 422 ,
2956 366 3011 411 et
3046 357 3325 411 communi
3355 340 3599 412 cuidam.

311 442 780 516 παρολισθοῦσιά,
808 449 1012 516 τρόπον
1056 445 1210 512 τινὰ,
1248 445 1748 518 παρεσκευασμένη
1807 447 1891 518 εἴη

309 537 345 606 ἡ
375 537 643 607 τιμωρία,
675 540 773 593 ᾶτε
799 539 865 609 δὴ
915 537 1199 603 παντελῶς
1238 542 1318 603 είς
1354 539 1768 610 ἀναπολόγητον
1799 540 1896 594 αὐ-

305 631 424 692 τοῖς
459 632 890 702 περιισταμένης
952 631 1052 701 τῆς
1101 631 1399 702 ἁμαρτίας.
1453 631 1519 683 Τί
1553 632 1684 701 γὰρ,
1717 626 1839 695 ὲξδν
1871 643 1894 670 θ

309 721 596 774 κάνταῦθα
657 723 937 791 κάκεῖθεν,
982 726 1040 777 ὲν
1085 721 1354 794 εὐπαθείᾳ
1414 722 1662 792 διάγειν;
1698 723 1765 776 σὺ
1820 723 1900 788 δὲ,

313 813 456 882 μετά
508 817 607 884 τῆς
657 815 1003 886 ἑκατέρωθεν
1048 816 1261 885 ποινῆς,
1305 815 1416 870 τῶν
1450 817 1778 888 κρειττόνων
1801 817 1900 888 ἡλ-

306 903 460 970 λάξω
518 907 587 960 τὰ
625 908 845 978 χείρονα
872 924 885 938 °
922 909 1059 980 μηδὲ
1111 906 1387 981 ὑπερϐολὴ
1442 911 1832 981 χρηστότητος,
1867 911 1901 980 ἡ

304 996 420 1049 τῶν
476 999 822 1070 είσπράξεων
882 999 1162 1072 ὑπερϐολὴ
1231 1002 1689 1073 μεμηχανημένη,
1752 1002 1904 1072 νομί-

305 1087 478 1152 ζοιτο.

2003 448 2295 523 commodo
2344 447 2648 503 inserviant
2707 448 2900 505 vicinis
2965 450 3116 514 suis,
3181 448 3330 504 etin
3381 449 3578 519 pignus

2003 542 2202 595 futuras
2287 540 2714 602 oblectationis,
2813 549 2874 593 ut
2956 540 3178 595 oculum
3254 539 3580 593 conﬁrment

2003 633 2161 687 aliter
2207 631 2536 700 dispositum
2565 671 2579 697 ,
2637 632 2706 686 ad
2752 640 2904 688 recte
2953 647 3076 702 quae
3121 633 3211 687 hic
3261 633 3398 686 [lunt
3457 647 3579 701 pcr-

1999 724 2401 795 stringendum.
2474 721 2594 778 Non
2644 734 2837 780 omnes
2893 737 3089 794 porro,
3151 737 3218 778 ne
3247 722 3418 792 gratia
3459 737 3581 791 qua:

2001 817 2184 870 virtuti
2216 816 2469 879 debetur,
2504 817 2784 885 persoluta
2819 815 2992 872 fuisse
3035 823 3254 885 putetur
3283 854 3297 877 ,
3358 823 3576 883 accepta

2001 906 2251 963 mercede
2301 907 2625 976 temporali;
2668 919 2830 977 atque
2859 917 2918 962 ut
2963 923 3028 962 ue
3079 905 3404 976 supplicium
3447 906 3577 959 illud

2001 999 2388 1070 gravissimum
2419 1015 2521 1054 nec
2544 999 2910 1054 intermistum
2937 999 3241 1054 secundum
3269 1013 3577 1052 mensuram

2005 1091 2297 1161 quamdam
2326 1089 2580 1145 videatur
2608 1092 2991 1147 aberrantibus
3033 1099 3356 1162 apparatum
3388 1089 3581 1144 intole~

306 1182 560 1247 rabilem,
593 1197 658 1238 ac
701 1186 749 1240 si
793 1186 940 1241 nulla
976 1197 1209 1243 restaret
1257 1187 1323 1242 de
1362 1189 1602 1258 peccatis
1667 1185 1972 1243 adhibenda
2013 1187 2300 1260 apologia;
2332 1203 2598 1258 quorsum
2624 1203 2772 1252 vero,
2800 1197 2855 1244 et
2873 1190 2984 1250 hic.
3010 1191 3140 1244 etin
3165 1187 3352 1243 futuro
3382 1186 3582 1242 saeculo

299 1272 495 1328 liceret
529 1276 595 1330 ad
631 1279 966 1334 voluntatem
1001 1281 1228 1334 vivere?
1272 1282 1350 1334 'l‘u
1384 1281 1607 1351 quidem
1635 1291 1754 1350 post
1817 1293 2033 1350 ptenam
2069 1281 2332 1336 utrolibet
2396 1281 2750 1336 conStitutam
2777 1322 2791 1347 ,
2860 1297 2960 1350 pro
3026 1280 3346 1335 melioribus
3395 1277 3577 1347 pejora

304 1367 802 1432 permutasti;nec
833 1367 1091 1425 bonitatis
1113 1372 1636 1440 superabundantia,
1696 1370 1976 1443 exigendae
2033 1371 2257 1427 rationis
2307 1383 2622 1443 comparata
2689 1373 3226 1442 superabundantiae,
3284 1373 3579 1442 hyperbole

305 1464 614 1523 reputetur.

380 1548 446 1603 δ’.
466 1551 740 1616 Ὡσαύτως
760 1553 818 1606 δὲ
841 1554 938 1608 καὶ
959 1551 1068 1607 τῶν
1091 1554 1292 1608 ἀδίκων
1317 1556 1531 1621 πολλοῖς
1552 1557 1620 1611 τὰ
1639 1558 1881 1628 παρόντα
1909 1561 1957 1620 Β
1988 1581 1995 1585 ·

2054 1555 2108 1608 4.
2139 1550 2400 1606 Similiter
2424 1556 2474 1605 et
2513 1548 2754 1606 secundo
2799 1559 2983 1616 curs",
3033 1551 3201 1604 multa
3234 1549 3288 1602 in
3325 1553 3577 1619 praesenti

301 1639 452 1692 κατά
481 1638 610 1710 ῥοῦν
645 1642 892 1710 φέρεται,
921 1642 1006 1695 ἵνα
1027 1642 1081 1696 εί
1099 1657 1149 1696 τι
1176 1644 1592 1713 καλοκάγαθίας
1619 1646 1761 1718 ἴχνος
1791 1647 1890 1701 αὔ-

297 1733 422 1794 τοῖς
470 1731 798 1803 διεπράχθη,
832 1733 1082 1787 ἐντεῦθεν
1113 1725 1214 1788 ὦσι
1255 1737 1352 1804 τὴν
1398 1728 1748 1807 ἀντιμισθίαν
1785 1739 1892 1792 ἀπ-

299 1822 615 1891 ειληφότες,
653 1823 1052 1896 ἐξασθενούσης
1077 1827 1174 1896 τῆς
1203 1825 1456 1900 πράξεως
1472 1829 1892 1900 παρατείνεσθαι

300 1905 449 1986 πρὸς
475 1915 572 1986 τὴν
601 1915 817 1968 ἐκεῖθεν
849 1917 1278 1987 μισθαποδοσίαν
1305 1937 1318 1950 ·
1353 1923 1400 1974 εί
1435 1919 1452 1960 ι
1485 1921 1542 1973 δὲ
1577 1923 1669 1975 καὶ
1701 1923 1788 1975 ἵνα
1817 1920 1892 1993 μὴ

295 2006 587 2096 ιπρόξρασιν
610 2006 714 2076 τῆς
751 2010 1090 2079 κακουργίας
1113 2010 1216 2081 τὴν
1245 2011 1626 2083 ταλαιπωρίαν
1662 2014 1894 2085 προϐάλ-

297 2097 528 2153 λωνται.
556 2099 672 2152 Οὐκ
702 2101 781 2164 είς
816 2101 1022 2166 πάντας
1053 2101 1111 2155 δὲ
1153 2102 1336 2156 αὐτῶν
1391 2103 1460 2157 τὰ
1521 2104 1622 2173 τῆς
1675 2105 1892 2169 εὐθείας

297 2194 710 2262 agamagam,
742 2196 827 2248 ἵνα
857 2195 932 2266 μὴ
961 2198 993 2267 ή
1020 2197 1120 2266 τῆς
1149 2195 1350 2260 κακίας
1367 2197 1574 2268 τρίϐος,
1605 2199 1696 2251 ἐπὶ
1728 2199 1889 2252 πλέον

299 2285 740 2357 ἀνευρυνομένη,
772 2286 998 2350 πολλοὺς
1038 2286 1245 2360 ἑλκύσῃ
1277 2286 1413 2358 πρὸς
1444 2286 1716 2358 βάραθρον
1749 2303 1761 2317 ·
1799 2288 1892 2340 καὶ

299 2378 399 2431 ἵνα
432 2377 506 2447 μὴ
538 2376 671 2446 πρὸς
702 2373 1043 2447 ἀναλγησίαν
1105 2376 1186 2429 ἔτι
1223 2377 1423 2448 μᾶλλον
1453 2376 1502 2430 οί
1554 2378 1893 2450 φιλαμαρτήο

303 2485 472 2537 μονες
498 2466 852 2531 ἀποκλίνωσι,
874 2468 968 2521 καί
999 2469 1030 2539 ὴ
1058 2467 1178 2520 θεία
1210 2469 1390 2538 ψῆφος
1412 2470 1525 2532 τοῖς
1557 2468 1774 2533 πολλοῖς
1808 2471 1889 2533 είς

298 2552 506 2624 χλεύην
546 2551 842 2624 νομίζοιτο.
881 2555 992 2608 Καὶ
1050 2556 1221 2626 μυρία
1253 2557 1388 2609 ἄλλα
1425 2557 1492 2609 δι’
1523 2550 1597 2610 ὧν
1621 2559 1721 2628 τῆς
1754 2575 1891 2628 προ-

300 2645 459 2708 νοίας
483 2643 542 2697 τὸ
572 2645 915 2716 ἀγαθουργόν
943 2664 1003 2699 τε
1033 2649 1126 2700 καὶ
1159 2648 1325 2722 σοφὸν
1376 2649 1474 2703 καὶ
1513 2650 1652 2720 ὑπὲρ
1683 2650 1892 2722 ἀνθρω-

298 2737 472 2809 πίνην
496 2737 678 2809 κρίσιν
704 2753 764 2791 τε
791 2740 886 2792 καὶ
909 2739 1158 2809 μεθοδίαν
1177 2742 1203 2781 ³
1237 2740 1332 2793 καὶ
1360 2740 1587 2813 ἔρευναν
1616 2742 1732 2796 ἐστι
1761 2742 1890 2797 θεά-

299 2830 528 2884 σασθαι.
549 2815 784 2894 ’Τούτοις
832 2832 927 2884 καὶ
975 2831 1090 2895 τοῖς
1126 2831 1392 2897 τοιούτοις
1425 2832 1766 2904 ὲμμελετῶν,
1795 2837 1890 2888 καὶ

1998 1645 2244 1700 feruntur
2269 1643 2472 1722 impiis,
2510 1653 2564 1695 ut
2591 1643 2634 1695 si
2668 1642 2956 1711 probitatis
2985 1637 3206 1712 aliquod
3232 1642 3300 1695 ab
3326 1642 3394 1696 iis
3409 1653 3576 1711 gesta:

1996 1740 2079 1794 vel
2108 1738 2398 1807 vesﬁgium
2433 1737 2771 1805 apparuerit,
2804 1735 2876 1788 illi
2906 1736 2961 1789 in
2997 1735 3100 1789 hac
3147 1733 3256 1788 vita
3288 1737 3571 1804 praemium

1997 1831 2293 1901 accipiant,
2331 1845 2454 1882 cum
2493 1827 2658 1881 nimis
2693 1827 2763 1882 sit
2793 1825 3101 1881 imbecillus
3135 1838 3310 1891 actus,
3351 1834 3411 1880 ut
3449 1837 3574 1896 pcr-

1996 1923 2169 1993 tingat
2192 1923 2259 1976 asl
2294 1920 2536 1974 futuram
2565 1919 2637 1972 ibi
2669 1918 3086 1972 retributionem
3119 1935 3133 1972 :
3163 1919 3254 1972 sed
3287 1928 3340 1972 et
3375 1933 3442 1972 ne
3474 1918 3576 1971 mi-

1995 2017 2176 2070 serias
2210 2010 2287 2067 illi
2318 2028 2474 2073 suas,
2509 2010 2576 2064 ad
2613 2009 2996 2080 prtett-xetidas
3027 2009 3319 2078 allegat-ent
3369 2010 3576 2079 impro-

1995 2106 2196 2160 bitates
2256 2118 2406 2159 suas.
2461 2100 2818 2172 Nequaquam
2851 2115 2980 2156 vero
3007 2117 3130 2155 eum
3170 2101 3401 2171 singulis
3432 2110 3578 2155 recte

1995 2195 2268 2252 inceditur
2293 2234 2309 2259 ,
2361 2209 2428 2248 ne
2456 2194 2715 2248 vitiorum
2749 2193 2834 2246 via
2875 2191 3128 2246 diﬂ‘usior
3164 2190 3327 2257 facta,
3374 2190 3577 2244 multos

1994 2287 2359 2358 praecipitaret
2416 2284 2470 2338 in
2529 2283 2890 2348 barathrum;
2949 2293 3082 2336 neve
3144 2281 3318 2351 magis
3394 2280 3573 2335 adhuc

1995 2378 2280 2448 magisque
2315 2377 2406 2445 qui
2449 2375 2689 2445 peccatis
2717 2373 3087 2438 obiectantur,
3136 2371 3205 2424 ad
3243 2371 3574 2425 inseusatio.

1996 2485 2116 2524 netu
2160 2469 2439 2522 deviarem
2465 2507 2479 2533 ,
2535 2481 2636 2520 nec
2672 2465 2939 2535 judicium
2979 2462 3069 2518 Dei
3106 2463 3406 2516 multorum
3438 2461 3577 2513 ludi-

1993 2560 2112 2614 brio
2138 2566 2532 2628 exponeretur;
2565 2566 2692 2610 sunt
2721 2566 2774 2609 et
2799 2555 2903 2609 alia
2933 2562 3214 2616 sexcenta,
3247 2553 3389 2606 unde
3419 2553 3577 2605 liceat

1998 2649 2359 2722 providentiae
2388 2649 2588 2703 divinae
2618 2648 2755 2703 bene
2787 2646 3022 2702 faciendi
3053 2646 3393 2716 propositum
3417 2683 3432 2707 ,
3482 2659 3570 2696 sa-

1992 2744 2256 2814 pientiam
2280 2760 2295 2811 ;
2345 2743 2642 2796 humanum
2671 2740 2940 2809 judicium
2967 2779 2982 2803 ,
3014 2753 3234 2792 omnem
3262 2750 3571 2800 censuram,

1993 2847 2046 2890 et
2083 2837 2578 2906 investigationem,
2623 2836 2971 2902 superantem
3002 2829 3219 2884 intueri.
3256 2827 3417 2884 Hisce
3439 2836 3494 2880 tu
3521 2837 3576 2879 et

297 2923 435 2982 τοὺς
487 2921 784 2990 λογισμοὺς
845 2923 1346 2995 ἔγγυμναξόμενος,
1383 2923 1482 2996 τῆς
1531 2925 1793 2998 δοκούσης
1827 2931 1886 2982 ὲν
1915 2915 1959 2973 c
1992 2931 2008 2984 Ι

1997 2929 2372 3000 hujuscemodi
2402 2927 2785 2982 meditationes
2814 2921 3315 2987 accommodaudo,
3341 2929 3397 2974 et
3423 2921 3574 2990 cogi-

296 3016 418 3076 τοίς
449 3015 714 3086 παροῦσιν
741 3017 1056 3088 ἀνωμαλίας
1085 3019 1179 3071 καὶ
1203 3019 1521 3088 συγχύσεως
1542 3021 1887 3075 σαυτδνάνα-

297 3103 574 3174 λάμϐανε,
633 3106 727 3158 καὶ
760 3106 829 3160 τὰ
859 3106 987 3178 περὶ
1028 3105 1179 3176 ἡμᾶς
1211 3108 1389 3178 πάθη,
1425 3111 1520 3162 καὶ
1546 3109 1658 3162 τῶν
1687 3123 1885 3182 πειρα-

299 3198 518 3268 σμῶνή
549 3199 822 3269 συνέχεια,
858 3199 1024 3271 μηδὲν
1052 3216 1116 3252 σε
1145 3199 1288 3252 κατὰ
1311 3202 1410 3270 τῆς
1439 3202 1700 3272 προνοίας
1729 3203 1888 3257 ὁπλι-

296 3290 468 3354 ζέτω.
507 3290 628 3343 Εἴτε
659 3293 789 3362 γὰρ,
815 3289 892 3354 ὡς
951 3293 1114 3362 ἡμεῖς
1159 3291 1452 3362 εὐχόμεθα,
1485 3292 1553 3346 δι’
1576 3292 1755 3347 αὐτῶν
1790 3295 1886 3348 τοῦ

296 3382 563 3436 πλείστου
607 3382 778 3453 ῥύπου
827 3382 1226 3454 καθαιρόμεθα,
1267 3384 1520 3438 ἐντεῦθεν
1579 3387 1782 3457 μᾶλλον
1827 3391 1887 3444 τὸ

294 3475 620 3546 ὑπέρσοφον
654 3477 748 3530 καὶ
772 3476 1160 3547 φιλάνθρωπον
1186 3479 1285 3548 τῆς
1323 3477 1580 3548 προνοίας
1610 3479 1888 3551 λαμπρῶς

293 3566 684 3634 διαφαίνεται·
711 3567 843 3628 εἴτε,
870 3566 1124 3636 καθάπερ
1171 3567 1334 3630 αὐτὸς
1380 3569 1655 3638 νομίζεις,
1691 3570 1888 3636 ἄθλους

297 3659 402 3712 γῖαὶ
428 3658 644 3726 ἀγῶνας
702 3658 1076 3730 ὑπερχόμεθα,
1110 3661 1246 3728 μήτε
1304 3658 1418 3712 τῶν
1471 3660 1679 3713 ἐκεῖθεν
1740 3663 1887 3732 ἡμᾶς

301 3749 592 3817 στεφάνων
627 3751 904 3819 φθονήσῃς
944 3749 1040 3803 καὶ
1071 3749 1170 3817 τῆς
1208 3749 1469 3819 προνοίας
1509 3751 1569 3803 τὸ
1627 3751 1714 3826 διά
1752 3754 1887 3806 πάν-

294 3859 413 3894 των
439 3841 782 3912 ἀγαθουργὸν
837 3841 935 3904 καὶ
987 3842 1272 3911 μεγαλεῖον
1329 3841 1629 3906 ἐκθειάζων
1686 3845 1886 3914 μᾶλλον

296 3927 660 3996 ἑπιγξνωσκε.
701 3929 798 4001 Είη
829 3931 885 3984 δὲ
915 3929 983 3984 τὰ
1005 3931 1250 4002 ἡμέτερα
1303 3932 1452 4002 πάθη
1497 3932 1734 4004 Χριστοῦ
1787 3936 1883 3989 τοῦ

296 4020 440 4074 Θεοῦ
472 4019 629 4092 ἡμῶν
663 4024 790 4093 περί
837 4023 986 4092 ἡμᾶς
1041 4022 1569 4094 σπλαγχνιζομὲνου,
1605 4026 1713 4081 τῶν
1742 4043 1878 4094 προ-

297 4114 612 4186 ειρημένων
642 4117 703 4168 τὸ
733 4116 921 4187 ἕτερον
950 4133 963 4148 ·
1001 4116 1142 4169 ἀλλὰ
1179 4116 1260 4187 μὴ’
1279 4116 1586 4187 βαρυτέρας
1613 4120 1883 4190 τιμωρίας

296 4209 402 4261 καὶ
427 4209 820 4280 ἀπαρακλήτου
861 4209 1168 4280 προοίμιον.

1991 3023 2225 3078 taliones
2259 3033 2384 3077 tuas
2425 3020 2746 3090 occupando
2768 3061 2783 3084 ,
2819 3019 2889 3072 ab
2919 3017 3067 3073 illius
3105 3014 3471 3077 confusionis,
3521 3025 3572 3065 et

1988 3113 2643 3184 anomaliaa'Opinionibus
2665 3127 2830 3182 quam
2863 3111 2916 3164 in
2943 3108 3236 3180 praesentis
3261 3108 3383 3160 vitae
3411 3105 3572 3159 rebus

1989 3207 2175 3261 videre
2208 3207 2431 3270 videris,
2460 3215 2510 3259 te
2540 3205 2856 3273 expeditum
2881 3202 3109 3266 reddes;
3142 3213 3243 3254 nec
3267 3210 3392 3268 quae
3417 3195 3574 3250 nobis

1989 3302 2264 3356 obvenere
2293 3300 2652 3362 calamitates,
2697 3306 2793 3350 aut
2842 3295 3175 3350 continuatae
3220 3290 3572 3348 tentationes,

1994 3403 2186 3447 contra
2217 3391 2636 3461 providentiam,
2657 3387 2827 3443 armis
2853 3395 2905 3442 tc
2924 3387 3231 3440 instruant:
3257 3387 3372 3438 sive
3400 3382 3570 3440 enim,

1989 3482 2138 3554 quod
2190 3483 2348 3538 nobis
2403 3484 2457 3536 in
2509 3483 2651 3535 votis
2709 3488 2828 3543 est,
2883 3478 2954 3532 ab
2991 3477 3118 3532 inde
3149 3476 3334 3545 plures
3387 3473 3576 3529 sordes

1990 3576 2301 3638 abluamus,
2339 3574 2440 3628 hoc
2463 3574 2626 3627 modo
2653 3586 2907 3626 summus
2953 3571 3152 3623 divina:
3198 3567 3478 3637 sapientiae
3523 3578 3576 3620 et

1991 3666 2384 3720 misericordiae
2419 3664 2624 3734 gradus
2656 3677 2754 3732 per
2778 3661 3195 3715 Providentiam
3215 3658 3577 3714 collustratus

1990 3755 2300 3810 ostenditur
2331 3773 2344 3809 :
2384 3757 2519 3819 sive,
2548 3753 2696 3824 quod
2731 3760 2845 3806 tute
2883 3750 3130 3820 opinaris
3154 3789 3170 3812 ,
3208 3749 3400 3804 luctus
3447 3749 3577 3803 sub-

1990 3849 2134 3903 imus
2164 3855 2218 3902 et
2247 3849 2584 3911 certamina;
2611 3846 2721 3900 noli
2755 3845 2915 3899 nobis
2933 3857 3166 3897 coronas
3199 3843 3414 3896 futuras
3438 3841 3576 3894 invi-

1987 3939 2136 4006 dere,
2159 3939 2525 3994 Providentia:
2541 3947 2724 3992 autem
2743 3953 2838 4007 per
2857 3937 3042 3990 omnia
3069 3933 3424 4004 permeantis,
3447 3945 3575 4001 ope-

1989 4048 2046 4085 ra
2070 4033 2212 4086 bona
2237 4042 2290 4086 et
2315 4032 2546 4086 illustria
2569 4032 2744 4100 magis
2775 4028 2919 4098 apud
2940 4028 3187 4080 animum
3220 4039 3571 4094 recognosce.

1994 4121 2205 4177 Nostrae
2264 4132 2446 4176 autem
2494 4121 2811 4191 passiones,
2870 4129 2967 4189 per
3015 4117 3225 4174 viscera
3261 4115 3576 4171 misericor-

2000 4215 2103 4266 diae
2142 4212 2346 4267 Christi
2389 4212 2480 4265 Dei
2506 4211 2682 4266 nostri
2727 4223 2854 4279 erga
2897 4220 3021 4273 nos,
3052 4210 3108 4263 in
3142 4208 3365 4263 alteram
3391 4220 3572 4261 rerum

299 4304 778 4374 praeallegatarum
811 4304 1135 4365 concedant,
1172 4319 1278 4357 non
1322 4314 1504 4357 autem
1537 4307 1888 4372 prooemium,
1931 4318 2026 4361 aut
2088 4310 2302 4362 initium
2337 4307 2467 4360 tian-t
2497 4306 2765 4378 gravioris
2796 4305 3112 4376 cujusdam,
3143 4312 3198 4358 et
3261 4301 3575 4358 inconsola-

296 4395 431 4450 bilis
469 4397 740 4466 supplicii.

834 4509 1171 4563 ΕΡΩΤΗΣῘΣ
1194 4508 1357 4562 POP.

865 4648 1008 4715 Περὶ
1055 4647 1316 4715 Τριάδος.

2013 4501 2343 4572 ρυΑῑδτιο
2380 4497 2637 4555 CLXXIII
2672 4490 2858 4568 [CoisL
2893 4497 3043 4555 CCII.
3097 4499 3262 4554 Taur.
3308 4500 3568 4572 CXCIIII.

2591 4637 2662 4690 De
2691 4636 2968 4690 Trittitale.

1199 4809 1340 4858 Edita
1363 4824 1388 4858 a
1414 4809 1711 4859 liloutacutio
1753 4809 1857 4872 (ep.
1878 4810 1940 4857 55
1964 4808 2022 4856 ad
2058 4809 2198 4858 Joan.
2226 4806 2476 4865 Chrysost.
2500 4818 2546 4866 p.
2575 4803 2681 4862 94).

387 4958 456 5010 Ἦ
505 4956 602 5027 τῆς
633 4955 864 5025 Τριάδος
904 4953 1164 5023 σύγχυσις
1187 4992 1203 5018 ,
1226 4953 1509 5024 ἀναίρεσιν
1539 4954 1650 5010 τῶν
1698 4968 1880 5027 προσ-

295 5049 471 5103 ώπων
499 5048 645 5099 ποιεῖ
669 5061 682 5074 ⁶
715 5047 748 5115 ή
782 5045 838 5098 δὲ
863 5045 960 5114 ﬁt:
994 5045 1185 5110 οὐσίας
1213 5046 1494 5116 διαίρεσις,
1529 5046 1886 5118 ἀλλοτρίωσιν

298 5141 397 5192 καὶ
453 5137 768 5204 κατα-τομὴν
839 5138 1047 5188 ἐπινοεῖ
1100 5137 1200 5205 τῆς
1242 5137 1547 5207 Θεότητοςο
1576 5134 1747 5208 φεῦγε
1793 5137 1884 5190 τδν

297 5230 437 5295 παρ’
494 5228 733 5298 ἑκάτερα
789 5228 899 5298 τῆς
941 5227 1234 5298 βασιλικῆς
1272 5223 1393 5280 ὀδοῦ
1459 5227 1726 5298 κρημνὸν,
1788 5228 1886 5281 καὶ

297 5321 447 5375 κατὰ
499 5321 628 5384 τοὺς
670 5318 1160 5391 ἐκκλησιαστικοὺς
1200 5319 1359 5389 ὄρους
1405 5336 1465 5373 τε
1495 5319 1596 5374 καὶ
1622 5318 1884 5389 θεσμοὺς,

2065 4953 2386 5006 Trinitatem
2420 4950 2784 5014 confundere,
2802 4961 3064 5019 personas
3093 4947 3404 5012 est‘toll’ere,
3436 4949 3569 5003 sub-

1992 5047 2210 5102 stantiae
2245 5043 2483 5102 divulsio
2507 5041 2732 5096 Deitatis
2758 5041 3163 5105 alienationem,
3195 5049 3250 5094 et
3269 5041 3570 5096 consectio-

1995 5153 2117 5192 nem
2147 5135 2447 5192 introducit
2469 5155 2482 5190 :
2502 5134 2864 5205 praecipitium
2903 5143 3196 5203 utrumque
3223 5133 3394 5204 fugito
3416 5140 3567 5186 extra

1995 5231 2198 5300 regiam
2230 5229 2372 5284 viam
2405 5227 2764 5284 constitutum
2794 5266 2809 5292 ,
2840 5236 2895 5281 et
2916 5225 3073 5296 juxta
3107 5226 3250 5297 leges
3271 5265 3285 5288 ,
3329 5226 3486 5285 scita,
3516 5233 3568 5276 ct

1994 5323 2482 5377 determinationes
2507 5315 2930 5386 ecclesiasticas,
2962 5318 3177 5372 unicam
3207 5315 3564 5371 substantiam

1610 5499 1844 5556 VAle
1878 5498 2279 5556 LECTIONES.

381 5662 410 5704 ά
447 5664 517 5719 Μ.
552 5664 1004 5736 παρολισθήσασι.
1087 5678 1108 5705 ε
1133 5664 1200 5718 Μ.
1237 5665 1286 5718 τί
1323 5665 1464 5736 γάρ;
1494 5665 1632 5732 ἐξόν.

1718 5664 1734 5706 τ
1772 5665 1838 5718 Μ’.
1861 5664 1960 5719 ἔτι.

2042 5666 2065 5706 ⁸
2097 5662 2164 5721 Μ.
2205 5665 2504 5736 μεθοδείαν.
