3826 6206
337 272 444 335 875

1491 270 1757 331 ΡΗΟΤΠ
1795 262 2301 328 ΡΔΤΒΙΑΒΟΗᾹΞ
2330 262 2439 322 CP.

3486 250 3583 314 876

302 370 390 437 ‘et
429 382 693 438 Deitetem
728 384 782 437 in
819 382 992 437 tribus
1028 379 1398 437 subsistentiis
1430 390 1485 434 et
1527 379 1777 448 personis
1820 391 1910 429 ve-

2027 372 2146 442 μίαν
2175 371 2364 425 οὐσίαν
2417 368 2513 423 καὶ
2551 366 2782 438 θεότητα
2838 366 2896 420 ἐν
2931 364 3266 419 ὑποστάσεσι
3300 361 3399 415 καὶ
3422 378 3583 431 προσ-

240 500 241 503 η
334 488 555 535 nerare,
583 482 637 528 et
664 472 817 538 cole;
854 480 910 527 et
933 471 1302 527 Christianam
1335 469 1401 523 de
1431 469 1542 522 Deo
1578 466 1736 521 [idem
1758 507 1777 530 ,
1827 464 1909 517 vel

336 565 664 635 theologiam
692 564 841 619 hisce
864 564 1319 633 comprehensam
1360 560 1673 631 praedicato.

335 738 661 805 QUESTIO
687 738 944 792 CLXXIV
993 738 1183 810 [CoisL
1240 735 1417 801 CCIII,
1454 734 1618 789 'I'aur.
1657 730 1909 801 CXLIV].

387 831 662 894 Quomodo
692 830 1093 899 intelligendum
1130 831 1199 883 sit
1223 828 1361 899 quod
1393 830 1455 881 de
1483 826 1588 899 .lob_
1611 826 1812 878 dicitur
1838 840 1856 876 :

616 923 632 952 ι
661 900 848 954 Pereat
869 897 990 953 dies
1032 901 1088 952 in
1126 897 1417 968 qua-natus
1434 897 1593 949 sum?
1640 915 1657 947 ι

2015 464 2186 527 ὡποις
2208 462 2356 534 τρισὶ
2377 460 2658 531 λατρεύων
2684 459 2781 512 καὶ
2812 455 3135 528 προσκυνῶν
3154 496 3169 520 ,
3197 453 3300 522 τὴν
3337 452 3445 505 τῶν
3465 454 3587 522 Χρι-

2020 554 2252 608 στιανῶν
2283 552 2564 621 θεολογίαν
2589 549 2803 613 τούτοις
2860 543 3440 617 συγκεφαλαιούμενος
3467 545 3588 597 ἀνα-

2017 643 2279 714 κήρυττε.

2519 730 2854 785 ΕΡΩΤΗΣΙΣ
2891 726 3057 782 ΡΟΔ’.

2015 823 2147 892 Πῶς
2183 824 2280 877 δεῖ
2297 823 2462 877 νοεῖν
2487 822 2555 876 τὸ
2584 821 2716 891 περὶ
2739 823 2847 892 τὸν
2888 820 3021 892 ’ζὼϐ
3047 818 3389 892 εἰρινιμέανον⁹
3424 820 3591 869 «Kar-

2219 895 2464 962 αραθείη
2500 894 2537 961 ἡ
2569 886 2759 961 ἡμέρα
2792 891 2863 945 ἐν
2893 886 2933 963 ᾖ
2957 886 3294 960 ἐγεννήθην
3315 905 3339 953 ;
3369 907 3387 939 ι

1012 1011 1156 1061 Edita
1175 1025 1202 1061 a
1226 1009 1351 1059 Maio
1398 1010 1548 1071 (Nov.
1587 1006 1708 1058 Coll.
1735 1012 1771 1055 t.
1801 1006 1883 1065 IX,
1908 1005 1920 1054 1

2042 1005 2174 1067 106).
2201 1032 2262 1042 -
2288 1007 2559 1070 Exegetlca
2581 1006 2644 1055 In
2676 1003 2768 1053 Job
2790 1016 2859 1063 ιιι,
2878 1003 2927 1052 5.

408 1114 514 1169 Job
553 1113 828 1169 maledicit
854 1113 961 1168 diei
991 1111 1293 1167 nativitatis
1316 1126 1448 1175 suae,
1480 1118 1541 1165 ut
1564 1109 1704 1164 inter
1730 1110 1918 1179 plures

2083 1110 2411 1181 Καταρᾶται
2437 1110 2538 1180 τὴν
2561 1109 2773 1180 ἡμέραν
2807 1107 2906 1177 τῆς
2930 1106 3202 1174 γενέσεως
3233 1100 3399 1157 αὑτοῦ
3426 1102 3455 1155 ό
3482 1101 3591 1154 Ἰὼϐ

339 1222 538 1265 causas
571 1206 791 1277 eligam,
849 1206 977 1275 quia
1017 1214 1198 1260 mente
1225 1203 1454 1257 multum
1488 1201 1815 1271 agitabatur,
1850 1216 1918 1255 nc

2027 1199 2083 1255 Id
2108 1218 2168 1255 τε
2198 1201 2335 1255 ἀλλα
2355 1202 2448 1254 καὶ
2474 1200 2536 1252 οὐ
2560 1198 2816 1252 τοσοῦτον
2833 1198 2915 1250 ὅτι
2940 1199 3052 1259 τοῖς
3071 1196 3359 1264 λογισμοῖς
3379 1194 3596 1263 ἐκυμαί-

342 1299 485 1355 forte
541 1299 594 1352 in
643 1307 849 1350 tantam
882 1295 1100 1364 culpam
1150 1293 1455 1353 incidisset.
1495 1301 1555 1345 ut
1590 1299 1794 1345 tantam
1825 1288 1918 1344 Dei

2027 1308 2161 1345 θετο⁴
2192 1292 2299 1362 εμή
2346 1293 2466 1345 ποτ’
2513 1289 2620 1361 ἀρα
2659 1291 2745 1360 εῖη
2793 1288 2888 1341 ἐπὶ
2933 1286 3191 1340 τοσοῦτον
3223 1284 3597 1355 πλημμελείας

345 1392 480 1444 iram
513 1396 704 1444 contra
737 1386 887 1440 illum
927 1386 1239 1450 excitasset,
1297 1384 1350 1439 id
1389 1394 1472 1439 est
1503 1401 1516 1437 :
1552 1383 1607 1437 in
1648 1392 1859 1437 tantum
1886 1396 1914 1433 a

346 1480 651 1535 Dominicis
678 1478 951 1535 mandatis
979 1476 1204 1542 recessi,
1241 1485 1302 1530 ut
1329 1475 1461 1531 mihi
1506 1474 1671 1529 lateat
1706 1474 1921 1543 magni-

342 1573 475 1628 tudo
506 1573 671 1639 mali;
719 1572 771 1625 in
830 1580 1044 1626 tantum
1103 1577 1286 1624 autem
1343 1568 1811 1639 longanimitatem
1858 1576 1914 1624 et

344 1664 804 1733 pbilanthropiam
836 1663 927 1718 Dei
968 1662 1282 1734 provocavi,
1316 1670 1375 1715 ιιι
1396 1670 1559 1716 tanta:
1591 1661 1687 1716 ira:
1712 1660 1911 1730 subjici

2016 1384 2299 1455 ἐληλακὼς
2327 1383 2402 1447 ὡς
2426 1382 2698 1453 τοσαύτην
2726 1381 2895 1452 ὀργὴν
2917 1378 3057 1433 Θεοῦ
3098 1379 3321 1448 κινῆσαι
3348 1377 3469 1430 κατ’
3508 1376 3595 1430 αὐ-

2023 1478 2119 1532 τοῦ
2141 1493 2155 1507 ’
2179 1476 2483 1539 τουτέστιν,
2507 1476 2602 1538 Εἰς
2624 1472 2879 1527 τοσοῦτον
2908 1470 3174 1535 ὲξὼκειλα
3204 1467 3316 1521 τῶν
3345 1469 3595 1520 Δεσποτι-

2024 1567 2140 1624 κῶν
2175 1566 2403 1623 ἐντολῶν
2444 1565 2585 1620 ὥστε
2632 1565 2816 1619 λαθεῖν
2867 1563 2967 1634 μέν
3018 1561 3120 1631 ἐμὲ
3148 1560 3212 1612 τὸ
3251 1559 3481 1629 μέγεθος
3508 1557 3596 1610 τοῦ

2025 1659 2221 1725 κακοῦ,
2284 1660 2365 1722 είς
2412 1657 2672 1712 τοσοῦτον
2726 1654 2784 1708 δὲ
2816 1652 3117 1726 παροξῦναι
3150 1652 3212 1704 τὸ
3254 1649 3600 1721 μακρόθυμον

338 1755 595 1825 dignatus
641 1757 836 1811 fuerim
869 1795 885 1821 ,
946 1764 1001 1810 et
1039 1754 1137 1819 Itali
1182 1768 1356 1824 poenae
1390 1750 1659 1807 submitti.
1693 1751 1920 1807 Maledi-

2027 1754 2118 1806 καὶ
2138 1750 2523 1823 φιλάνθρωπον
2545 1748 2638 1804 τοῦ
2668 1746 2829 1813 Θεοῦ,
2851 1746 2991 1800 ὥστε
3018 1745 3113 1799 καὶ
3141 1743 3416 1813 τοσαύτης
3444 1741 3601 1812 ὀργῆς

338 1847 482 1902 citur
516 1846 636 1902 dies
682 1847 807 1911 ista,
869 1847 944 1901 ita
985 1856 1163 1900 tamen
1216 1853 1277 1899 ut
1329 1843 1436 1898 ista
1464 1842 1775 1898 maledictio
1806 1861 1914 1898 nou

338 1948 483 1995 esset
520 1938 824 2009 indignatio
871 1945 1058 1992 contra
1103 1936 1195 1990 illa
1258 1950 1381 2006 quae
1422 1949 1617 2004 passus
1646 1944 1788 2000 erat,
1820 1936 1915 1990 sed

338 2031 521 2099 potius
582 2030 1004 2085 lamentationes
1073 2036 1130 2083 et
1191 2025 1601 2082 obsecrationes
1666 2041 1767 2096 pro
1833 2026 1918 2082 his

335 2123 538 2192 quibus
595 2122 763 2176 Deum
814 2120 1114 2174 offenderat
1189 2118 1346 2185 Quod
1396 2129 1450 2173 et
1488 2117 1638 2173 clare
1679 2117 1917 2187 explicat

339 2213 628 2279 Dominus,
651 2229 779 2270 cum
830 2213 896 2268 ad
946 2214 1094 2267 illum
1127 2213 1260 2267 dicit
1297 2232 1312 2268 :
1348 2231 1366 2264 ι
1389 2209 1556 2268 Putas
1586 2228 1673 2268 me
1706 2228 1811 2266 non
1842 2212 1915 2266 ita

339 2319 518 2362 tecum
566 2307 745 2377 egisse
808 2316 870 2362 ut
915 2305 1097 2375 iustus
1152 2304 1475 2370 videreris,»
1520 2319 1550 2357 e
1578 2313 1772 2358 contra
1805 2318 1915 2356 non

338 2408 467 2452 sunt
524 2398 620 2453 tibi
684 2407 1034 2468 peccatorum
1095 2397 1352 2467 repetitio
1413 2396 1698 2465 passiones
1776 2410 1916 2465 quas

340 2490 583 2547 habuisti
627 2490 976 2556 subeundas,
1029 2489 1124 2545 sed
1170 2489 1488 2544 exercitium
1532 2488 1750 2560 quidem
1804 2487 1915 2541 vir-

341 2580 497 2643 tutis,
521 2579 875 2649 praemiorum
904 2588 960 2634 et
992 2578 1371 2648 pulchriorum
1396 2593 1725 2634 coronarum
1750 2594 1916 2646 quam

340 2686 439 2742 pro
470 2672 754 2729 doloribus
780 2685 833 2729 et
872 2675 1045 2746 plagis
1061 2676 1567 2744 compensationem
1588 2690 1916 2746 procurans.

338 2763 527 2835 Itaque
555 2780 663 2820 non
682 2766 763 2820 ira
784 2766 1074 2836 impulsus,
1101 2775 1152 2821 te
1179 2767 1343 2822 tantis
1360 2767 1641 2823 laboribus
1660 2768 1916 2838 probavi;

339 2855 433 2910 sed
466 2856 648 2924 potius
692 2866 751 2911 ut
796 2867 887 2911 tua
926 2856 1103 2910 virtus
1151 2855 1442 2926 fulgentior
1494 2865 1819 2927 appareret,
1865 2865 1921 2912 et

2019 1845 2205 1915 ἔνοχον
2226 1843 2325 1914 ἐμὲ
2355 1842 2614 1913 κριθῆναι
2654 1841 2753 1894 καὶ
2789 1838 3124 1910 τηλικαύτας
3148 1834 3501 1891 ἀπαιτεῖσθαι
3532 1833 3592 1887 δί-

2018 1952 2143 1997 κας.
2166 1930 2614 2002 Ἐπικατάρατος
2653 1930 2686 1999 ἠ
2717 1928 2902 1999 ἡμέρα
2929 1928 3115 1996 ἐκείνη
3143 1925 3285 1979 ὥστε
3316 1926 3419 1979 οὐκ
3451 1925 3600 1992 ἀγαν-

2017 2027 2304 2097 ακτήσεως
2361 2019 2431 2094 ἦν
2454 2022 2598 2092 ὑπὲρ
2619 2014 2695 2076 ὧν
2721 2020 2961 2088 ἔπασχεν
2986 2019 3020 2089 ἡ
3063 2018 3195 2090 ἀρὰ,
3224 2016 3363 2071 ἀλλά
3400 2015 3605 2085 θρήνων

2017 2118 2113 2172 καὶ
2140 2114 2528 2182 ἐλεεινολογίας
2558 2112 2700 2182 ὑπὲρ
2732 2105 2809 2164 ὧν
2837 2109 3017 2164 ἐδόκει
3052 2109 3299 2179 λυπῆσαι
3322 2107 3415 2161 τδν
3442 2107 3604 2162 Θεόν·

2017 2208 2112 2262 καὶ
2139 2209 2299 2261 τοῦτο
2329 2205 2628 2275 παρίστησι
2655 2201 2844 2272 σαφῶς
2882 2203 2917 2272 ἡ
2951 2200 3261 2271 Δεσποτικὴ
3294 2200 3448 2270 φωνὴ
3477 2198 3605 2269 πρὸς

2017 2299 2180 2353 αὑτὸν
2204 2300 2262 2352 ἐν
2289 2291 2370 2362 οἷς
2389 2312 2577 2368 φησιν’
2617 2295 2765 2349 (Οἴει
2796 2311 2863 2363 με
2892 2293 3069 2358 ἄλλως
3100 2310 3180 2346 σοι
3209 2291 3605 2362 κεχρηματικέ-

2020 2407 2109 2443 ναι
2148 2392 2182 2460 ii
2213 2389 2304 2443 ἴνα
2333 2388 2615 2457 ἀναφανῇς
2644 2384 2848 2447 δίκαιος
2876 2400 2923 2449 ;ι
2952 2384 3073 2436 ἀντὶ
3097 2380 3215 2444 τοῦ,
3243 2381 3361 2433 Οὐκ
3383 2379 3497 2433 ἐστι
3532 2396 3605 2431 σοι

2019 2482 2130 2535 τῶν
2156 2479 2564 2551 ἡμαρτημένων
2585 2477 2886 2546 ἀπαίτησις
2912 2473 2980 2527 τά
3017 2472 3166 2543 πάθη
3198 2473 3255 2526 ἐν
3275 2465 3353 2535 ,οἷς
3371 2469 3604 2525 ἐναθλεῖν

2020 2570 2463 2644 παρεχωρήθηςο
2523 2568 2660 2638 ἀλλά
2720 2566 3001 2638 γυμνασία
3060 2564 3157 2634 μὲν
3199 2564 3299 2634 τῆς
3360 2562 3557 2635 ἀρετῆς
3587 2578 3600 2593 ο

2020 2665 2272 2721 ἐπάθλων
2292 2662 2351 2717 δὲ
2380 2662 2476 2717 καὶ
2510 2658 2774 2733 μειζόνων
2803 2659 3084 2727 στεφάνων
3123 2658 3157 2727 ἢ
3192 2658 3337 2710 κατὰ
3359 2656 3462 2718 τὰς
3494 2653 3606 2708 ὀδύ-

2022 2776 2121 2822 νας
2178 2759 2273 2813 καὶ
2318 2755 2534 2828 πληγὰς
2567 2753 2938 2825 προξενοῦντα
2968 2751 3067 2823 τὴν
3111 2751 3370 2822 ἀμοιϐήν.
3403 2747 3604 2802 Οὐκοῦν

2020 2854 2120 2908 οὐκ
2141 2851 2310 2925 ὀργὴν
2340 2850 2546 2922 ἐκχέων
2577 2849 2889 2920 ὑπαχθῆναί
2921 2865 2979 2901 σε
3003 2846 3362 2918 συνεχώρησα
3379 2848 3499 2907 ταῖς
3525 2861 3603 2897 το-

337 2952 532 2996 contra
593 2956 945 2998 communem
1004 2956 1207 2999 nostra:
1256 2957 1467 3000 naturae
1511 2946 1723 3001 boSIem
1762 2945 1920 3001 fortis

2027 2941 2250 3006 σαύταις
2278 2942 2514 3006 ποιναῖς,
2550 2938 2666 2993 ἀλλ’
2705 2939 2793 2992 ἵνα
2835 2937 3036 3008 μᾶλλον
3062 2939 3097 3008 ή
3134 2936 3204 3008 σὴ
3229 2936 3605 3007 λαμπρότερον

337 3043 394 3087 et
423 3033 682 3104 trophaeis
714 3050 951 3093 onustus
974 3038 1234 3094 omnibus
1263 3038 1548 3093 videreris.
1593 3038 1705 3095 Dici
1733 3051 1916 3095 autem

2027 3034 2272 3105 ἀναφανῇ
2332 3034 2527 3103 ἀρετὴ,
2579 3032 2675 3086 καὶ
2716 3030 2861 3085 κατά
2899 3030 2996 3085 τοῦ
3034 3028 3214 3084 κοινοῦ
3262 3029 3363 3099 τῆς
3401 3028 3606 3099 φύσεως

340 3124 642 3181 nativitatis
675 3128 815 3181 male
836 3129 951 3183 lieit
977 3140 1032 3184 et
1063 3129 1166 3185 hoc
1196 3145 1305 3185 non
1341 3131 1614 3197 absolute,
1657 3131 1752 3188 sed
1793 3132 1919 3203 quia

2027 3101 2185 3198 ἡμῶν
2232 3101 2429 3196 ἐχθροῦ
2480 3101 2787 3196 ἀριστεύων
2830 3122 2927 3177 καὶ
2964 3120 3385 3191 τροπαιοφορῶν
3446 3121 3605 3173 πᾶσιν

341 3217 396 3271 in
431 3217 524 3272 illa
550 3218 637 3273 die
675 3220 974 3289 splendidis
991 3223 1255 3278 conviviis
1281 3223 1405 3279 illos
1441 3226 1532 3292 qui
1565 3227 1644 3279 vel
1680 3226 1920 3281 amicitia

2027 3218 2361 3288 ἐπιδειχθῇς·
2392 3216 2701 3288 καταρᾶται
2731 3215 2787 3269 δέ
2816 3215 2915 3285 τῆς
2945 3214 3217 3283 γενέσεως
3245 3212 3345 3284 τὴν
3374 3213 3601 3284 ἡμέραν

347 3307 429 3360 vel
471 3309 739 3379 sanguine
780 3310 854 3363 illi
905 3311 1397 3380 coniungebantur.
1467 3313 1584 3370 Illos
1638 3323 1724 3370 est
1774 3316 1920 3370 enim

2027 3313 2147 3366 οὐδέ
2168 3311 2325 3366 τοῦτο
2356 3309 2562 3375 ἁπλῶς,
2588 3309 2724 3363 ἀλλά
2739 3308 2927 3378 ἐπειδὴ
2949 3308 3093 3362 κατά
3118 3306 3327 3377 ταύτην
3349 3307 3448 3376 τὴν
3476 3304 3604 3375 ἠμέ-

343 3400 626 3469 splendide
655 3402 899 3458 viventes
932 3418 1052 3459 sese
1091 3405 1526 3474 spectaculorum
1570 3416 1625 3461 et
1658 3417 1921 3463 cantuum

344 3494 653 3563 aliquorum
678 3494 1020 3563 iucunditate
1057 3504 1109 3549 et
1136 3494 1352 3553 deliciis
1372 3498 1668 3562 delectare,
1689 3517 1787 3571 per
1803 3518 1925 3572 quae

342 3595 399 3639 et
437 3584 593 3640 visus
637 3593 694 3639 et
750 3586 969 3640 auditus
1037 3584 1400 3643 fasciuantur.
1479 3589 1719 3661 Regibus
1776 3597 1921 3650 enim

344 3675 709 3743 conantibus,
762 3677 1093 3733 conveniens
1125 3687 1244 3734 erat
1285 3680 1413 3734 talia
1466 3681 1520 3735 in
1553 3684 1807 3742 convivio
1841 3688 1923 3741 iu-

343 3767 494 3823 duci.
523 3767 815 3839 Propterea
848 3784 979 3824 sane
1003 3780 1183 3825 mente
1210 3772 1531 3829 turbabatur
1571 3790 1638 3831 ne
1682 3776 1785 3832 ista
1814 3777 1926 3834 Deo

347 3857 587 3915 fuissent
633 3859 845 3924 odiosa,
870 3870 923 3915 et
945 3861 1082 3915 iram
1111 3862 1262 3921 illius
1281 3874 1470 3921 contra
1490 3880 1550 3922 se
1565 3866 1922 3925 excitassent.

346 3949 533 4022 Itaque
563 3951 839 4007 maledicit
870 3953 1171 4010 nativitatis
1207 3954 1336 4020 diei,
1372 3956 1425 4012 id
1469 3968 1575 4024 est,
1614 3958 1669 4013 in
1698 3976 1822 4030 qum
1872 3972 1928 4016 et

344 4041 488 4098 vires
513 4050 569 4097 et
600 4041 861 4113 vigorem,
903 4050 958 4098 et
987 4044 1171 4099 anima
1208 4044 1557 4101 rellcxionem
1608 4047 1662 4102 in
1714 4050 1925 4105 deliciis

345 4132 567 4189 atiluere
611 4133 858 4199 sinebat,
920 4144 976 4191 et
1031 4136 1190 4193 vanis
1254 4138 1627 4209 voluptatibus
1684 4142 1924 4197 deliniri.

347 4221 500 4287 Quod
538 4229 721 4276 autem
745 4222 907 4279 istam
934 4224 1375 4282 maledictionem
1410 4216 1664 4285 exterius
1695 4231 1924 4300 profert,

342 4327 414 4365 ne
445 4312 704 4370 omnibus
735 4314 1074 4372 insensibilis
1094 4327 1202 4373 tam
1239 4320 1533 4376 terribilem
1559 4322 1925 4379 calamitatem

2029 3422 2136 3476 ραν
2169 3404 2453 3475 λαμπραῖς
2483 3402 2788 3456 ἑστιάσεσιν
2821 3400 3226 3471 ἐφιλοφρονεῖτο
3244 3401 3373 3462 τοὺς
3401 3399 3601 3475 ᾠκειω-

2032 3497 2226 3568 μένους
2252 3496 2330 3559 είς
2360 3493 2540 3564 φιλίαν
2559 3493 2707 3564 αὐτῷ
2738 3494 2833 3547 καὶ
2870 3493 3047 3555 ἄλλως
3079 3492 3404 3562 προηενείς
3429 3506 3443 3520 ·
3468 3490 3605 3550 elato;

2027 3587 2084 3641 δὲ
2102 3586 2424 3658 τρυφῶντας
2452 3586 2547 3639 καὶ
2572 3587 2683 3646 τοῖς
2716 3583 2804 3638 διά
2832 3582 3125 3653 θεαμάτων
3151 3580 3312 3633 τινῶν
3341 3578 3602 3647 ἀκουσμά-

2027 3696 2137 3733 των
2169 3677 2395 3748 τέρψεσι
2427 3677 2520 3730 καὶ
2544 3676 2760 3747 ἡδοναῖς
2788 3675 3139 3745 ψυχαγωγεῖν
3166 3673 3415 3735 ἑαυτοὺς,
3443 3671 3509 3725 δι’
3531 3663 3600 3723 ὧν

2027 3769 2289 3840 τέρπεται
2316 3767 2416 3838 μὲν
2442 3765 2602 3837 ἀκοὴ,
2639 3764 2900 3836 τέρπεται
2922 3764 2979 3817 δὲ
3009 3763 3132 3833 ὄψις
3161 3780 3176 3794 ’
3217 3762 3482 3833 βασιλέων
3503 3761 3597 3832 γὰρ

2031 3859 2509 3930 συνεστιωμένων,
2540 3858 2686 3920 εἰκὸς
2713 3852 2783 3929 ἦν
2815 3857 2909 3910 καὶ
2944 3856 3014 3909 τά
3040 3854 3267 3909 τοιαῦτα
3296 3854 3596 3921 συνεισάγε-

2031 3951 2157 4006 σθαι
2188 3954 2254 4024 τῇ
2290 3951 2582 4023 πανδαισίᾳ
2603 3966 2616 3981 ·
2659 3951 2747 4004 διὰ
2772 3949 2930 4004 τοῦτο
2964 3949 3072 4021 ἄρα
3098 3948 3354 4021 λογισμοὶ
3388 3948 3595 4002 adverti-

2033 4060 2226 4117 ραττον
2264 4043 2448 4108 αὐτὸν,
2503 4044 2717 4114 μήποτε
2748 4042 2925 4095 ταῦτα
2973 4041 3180 4113 μισητά
3220 4042 3483 4109 γεγονότα
3527 4037 3596 4107 τῷ

2029 4134 2148 4206 Θεῷ
2174 4135 2274 4206 τὴν
2302 4135 2475 4207 ὀργὴν
2520 4136 2780 4205 ἐκίνησαν
2817 4136 2940 4189 κατ’
2972 4132 3137 4188 αὐτοῦ
3163 4150 3178 4165 ·
3209 4133 3301 4188 διὰ
3331 4131 3483 4187 τοῦτο
3508 4131 3595 4200 τῆς

2028 4227 2296 4297 γενέσεως
2330 4227 2430 4298 τὴν
2458 4226 2676 4298 ἡμέραν
2712 4228 3005 4299 ἐπαρᾶται,
3056 4226 3341 4280 τουτέστιν
3367 4227 3425 4279 ἐν
3514 4224 3594 4276 τὸν

2029 4318 2180 4373 τόνον
2208 4318 2307 4389 τῆς
2344 4316 2520 4388 ψυχῆς
2555 4319 2652 4372 καὶ
2697 4317 2757 4370 τὸ
2805 4316 3283 4388 συνεστραμμένον
3318 4317 3413 4371 καὶ
3457 4312 3593 4370 νεῦον

345 4405 573 4462 suli'erre
604 4407 874 4477 vndeatur,
895 4424 1004 4465 non
1021 4419 1107 4466 est
1135 4410 1435 4468 absurdum
1462 4415 1726 4485 cogitare.
1760 4416 1920 4473 Malc-

2033 4415 2170 4486 πρὸς
2225 4413 2390 4467 ἑαυτὸ
2441 4415 2520 4476 εἰς
2569 4410 2780 4482 τρυφὴν
2834 4410 3004 4463 ἐδίδου
3052 4410 3318 4481 διαρρεῖν,
3358 4410 3447 4464 καὶ
3475 4408 3593 4478 πρδς

342 4499 639 4556 dictionem
666 4501 813 4555 enim
848 4500 1058 4571 profert
1091 4517 1200 4559 non
1230 4511 1421 4560 contra
1451 4506 1656 4577 aliquid
1680 4523 1808 4563 vere
1828 4526 1927 4565 ex-

343 4593 571 4654 sistens.
623 4594 715 4648 sed
749 4595 897 4666 quod
930 4605 1091 4651 antea
1130 4595 1332 4653 factum
1363 4597 1477 4669 iam
1527 4616 1634 4655 non
1685 4603 1927 4663 exsistit,

342 4692 598 4752 essetque
655 4683 794 4739 forte
827 4686 1139 4743 maledictio
1173 4690 1278 4744 ista
1326 4693 1757 4762 magnitudinem
1813 4710 1930 4765 pas-

344 4774 522 4831 sionis
560 4786 617 4831 et
682 4778 934 4834 dolorum
996 4781 1363 4838 sensationem
1431 4783 1820 4851 manifestans,
1875 4796 1931 4840 et

344 4866 762 4923 maledicentem
830 4871 1031 4927 nullius
1090 4873 1264 4944 culpae
1301 4889 1455 4929 reum
1519 4877 1925 4931 demonstrans.

343 4956 553 5013 Contra
582 4958 728 5014 enim
764 4961 1001 5018 nihilum
1051 4973 1169 5020 erat
1214 4965 1292 5021 illi
1339 4965 1661 5037 indignatio.
1713 4967 1781 5023 .Si
1804 4969 1929 5039 quis

349 5058 532 5105 autem
590 5051 790 5109 dixerit
849 5069 975 5110 eum
1026 5056 1299 5114 Dominici
1362 5058 1565 5114 decreti
1626 5076 1927 5116 memorem

348 5142 485 5198 illud
538 5143 786 5207 dixisse,
866 5146 1008 5218 piam
1061 5151 1388 5205 sententiam
1452 5152 1742 5221 amplexus
1800 5154 1926 5208 erit.

344 5234 646 5304 Cuiusnam
687 5252 819 5293 vero
864 5240 1109 5303 decreti!
1175 5242 1329 5298 Illius
1373 5258 1484 5314 quo
1526 5253 1716 5299 contra
1759 5243 1927 5299 Evam

346 5329 735 5401 promulgavit,
789 5347 915 5387 cum
955 5334 1045 5389 illa
1093 5334 1366 5391 Adamum
1398 5336 1719 5406 participem
1756 5338 1931 5407 culpa.-

347 5422 603 5479 reddidit.
659 5421 814 5479 Tunc
850 5426 997 5480 enim
1046 5425 1198 5493 dicit,
1265 5427 1549 5484 doloribus
1577 5437 1631 5483 et
1668 5429 1932 5485 aerumnis

349 5513 633 5569 hominum
663 5526 884 5586 partum
921 5524 978 5572 et
1010 5524 1242 5573 mortem
1273 5518 1593 5590 subiiciens,
1624 5536 1691 5577 ex
1726 5521 1930 5593 quibus

347 5603 669 5658 occurrebat
717 5619 842 5675 spes
873 5605 1079 5675 gaudii,
1126 5606 1267 5663 tristi
1301 5608 1537 5666 domans
1584 5611 1927 5669 morositate.

353 5689 433 5746 Ad
457 5691 625 5748 istum
662 5710 791 5764 ergo
817 5695 1059 5752 dolorem
1092 5695 1194 5752 Job
1230 5707 1467 5755 mentem
1509 5702 1782 5766 attollens,
1818 5718 1925 5758 non

2032 4509 2131 4572 τὰς
2161 4508 2515 4570 ἐπιπολαίους
2536 4507 2739 4570 ταύτας
2764 4506 3087 4578 ύπομειδιᾷν
3104 4506 3297 4577 ἡδονάς
3323 4524 3335 4537 ·
3364 4508 3411 4559 εί
3434 4505 3486 4559 δὲ
3513 4504 3592 4555 καὶ

2032 4600 2130 4669 τὴν
2169 4599 2309 4668 ἀράν
2330 4598 2421 4652 διά
2452 4598 2688 4668 ’χειλέων
2721 4598 2985 4669 προῆγεν,
3020 4598 3109 4652 ἵνα
3150 4598 3227 4669 μὴ
3254 4600 3370 4662 τοῖς
3400 4597 3592 4656 πολλοῖς

2033 4691 2373 4762 ἀναισθήτως
2408 4690 2536 4762 δόξῃ
2581 4689 2681 4761 τὴν
2720 4688 2959 4762 φοϐερὰν
2998 4689 3216 4761 ἐκείνην
3249 4691 3437 4762 φέρειν
3470 4708 3592 4758 συμ-

2034 4783 2209 4854 φορὰν
2230 4822 2246 4848 ,
2274 4781 2428 4835 οὐδέν
2470 4782 2619 4834 ἐστιν
2643 4782 2844 4835 ἐννοεῖν
2874 4782 3104 4845 ἀπεικός
3126 4799 3142 4815 ·
3193 4782 3351 4852 φέρει
3381 4782 3485 4853 γάρ
3507 4781 3593 4848 τὴν

2029 4875 2171 4947 ἀρὰν
2199 4875 2261 4930 οὐ
2299 4867 2442 4928 κατά
2474 4891 2621 4938 τινος
2663 4874 3033 4945 ὑφεστηκότος
3082 4875 3429 4945 πράγματος,
3462 4872 3594 4947 ἀλλά

2035 4966 2178 5037 μετά
2208 4966 2271 5020 τὸ
2308 4964 2566 5035 γενέσθαι
2602 4964 2867 5037 μηδαμῶς
2896 4965 3209 5035 ὑφεστῶτος
3243 4983 3256 4997 ·
3287 4968 3381 5021 καὶ
3415 4966 3496 5035 είη
3534 4964 3593 5019 ἂν

2032 5063 2068 5132 ῄ
2098 5059 2207 5131 ἀρά
2241 5058 2417 5113 καὶτὸ
2445 5057 2674 5128 μέγεθος
2704 5055 2798 5110 τοῦ
2822 5057 3028 5122 πάθους
3066 5058 3164 5111 καὶ
3190 5058 3291 5130 τὴν
3324 5058 3591 5125 συναίσθη-

2034 5169 2119 5206 σιν
2185 5152 2294 5206 τῶν
2339 5150 2606 5218 ἀλγεινῶν
2657 5150 2911 5219 ἐπίδηλον
2963 5150 3298 5222 ποιουμένη·
3364 5152 3455 5204 καὶ
3512 5150 3590 5202 τὴν
3670 5178 3671 5181 η

2032 5239 2392 5314 ἐπαρώμενον
2431 5232 2701 5311 μηδεμιᾶς
2726 5240 2913 5310 ἔνοχον
2952 5241 3341 5311 πλημμελείας
3377 5239 3588 5308 ἀποφαί-

2030 5351 2225 5389 νουσαο
2256 5333 2398 5387 κατά
2428 5332 2539 5404 γάρ
2563 5331 2673 5386 τῶν
2697 5332 3063 5404 ἀνυπάρκτων
3095 5328 3165 5404 ἦν
3196 5333 3347 5405 αὐτῷ
3370 5335 3403 5403 ή
3436 5334 3585 5400 ἀγαν-

2031 5428 2263 5495 άκτησις
2287 5440 2302 5454 ⁸
2344 5427 2393 5478 εί
2423 5423 2482 5477 δέ
2504 5441 2590 5489 τις
2615 5424 2781 5478 αὐτὸν
2813 5426 3008 5496 φήσειε
3028 5424 3124 5478 καὶ
3142 5425 3241 5493 τῆς
3274 5420 3585 5485 Δεσποτικῆς

2032 5518 2364 5588 ἀποφάσεως
2412 5507 2830 5591 ἀναμνησθέντα
2899 5518 3059 5573 τοῦτο
3118 5519 3319 5586 εἰπεῖν,
3386 5519 3480 5573 οὐκ
3527 5516 3584 5567 ἂν

2032 5610 2223 5682 πόρῤω
2259 5608 2543 5679 θεοφιλοῦς
2589 5608 2816 5681 γνώμης
2862 5608 3106 5681 ἐνεχθείη
3140 5625 3154 5640 .
3196 5609 3359 5673 ποίας
3396 5606 3571 5672 ﬁmi.

2034 5717 2207 5767 σεως;
2246 5700 2315 5771 ἦν
2344 5701 2525 5772 ἀφῆκε
2570 5700 2714 5755 κατά
2744 5701 2843 5771 τῆς
2898 5698 3064 5766 Εὔας,
3120 5699 3288 5771 ἡνίκα
3354 5697 3578 5755 κοινωνὸν
