3828 6202
222 304 307 365 877

933 301 1031 361 AD
1069 298 1665 361 AMPHILOCHIUM
1717 297 1809 369 QU

1896 296 2064 359 STIO
2097 248 2650 364 CLXXIV’CLXXV
2662 304 2705 363 l.

3355 304 3462 365 87‘5

221 410 383 480 ἐκείνη
420 408 517 479 τῆς
551 409 767 483 ἀπάτης
811 411 1105 481 ἐποιήσατο
1153 410 1244 462 τὸν
1282 410 1454 479 Ἀδάμ
1481 425 1496 439 ο
1541 408 1634 462 καὶ
1666 408 1809 480 γὰρ⁴

1896 418 2089 462 autum
2122 409 2397 463 decretum
2445 412 2699 477 miratur,
2722 413 2815 468 sed
2850 422 2904 469 et
2928 412 3219 469 Dominum
3251 414 3462 469 laudat.

221 500 504 575 τηνικαῦτά
543 520 710 573 φησιν
751 504 810 557 ἐν
845 502 1045 566 λύπαις
1073 502 1167 555 καὶ
1196 501 1412 565 ὀδύναις
1448 501 1539 555 τὸν
1569 501 1783 573 ἀνθρώ-

222 614 358 650 πινον
385 594 767 663 ύποζευγνύων
803 595 959 649 τόκον
985 594 1081 648 καὶ
1101 594 1201 665 τὴν
1226 594 1364 665 ἀράν
1391 610 1406 625 ν
1438 592 1498 657 ἐξ
1517 586 1591 647 ὧν
1646 609 1782 663 προ-

1892 499 2077 554 dicens
2104 517 2117 553 :
2151 499 2435 556 Maledicta
2458 502 2575 559 dies
2607 504 2660 559 in
2683 521 2808 575 qua,
2841 517 3088 561 materno
3117 507 3240 561 sinu
3272 515 3457 585 rupto,

1891 591 2061 646 homo
2099 590 2165 645 ad
2206 592 2339 647 solis
2362 594 2706 662 Splendorem
2734 600 2901 650 venit.

223 690 422 759 έτρεχον
460 683 679 749 ἐλπίδες
743 685 939 756 χαρᾶς,
984 685 1404 754 σκυθρωπότητι
1471 682 1751 753 κρατύνων
1788 680 2050 753 λυπηρᾷ’
2107 682 2186 745 είς
2250 681 2455 753 ταύτην
2529 681 2621 739 οὖν
2668 686 2766 757 τὴν
2802 674 2983 758 ¹λύπην
3032 690 3321 757 ἀναφερων
3376 689 3468 741 τὸν

222 782 330 834 νοῦν
366 779 393 831 ὁ
424 776 567 845 Ἰὼϐ,
597 777 879 848 μονονουχὶ
916 776 1014 847 τὴν
1051 779 1329 847 ἀπόφασιν
1371 778 1761 847 ἀποθαυμάζει
1794 777 1886 830 καὶ
1921 777 2084 847 ὑμνεί
2106 776 2197 829 τὸν
2236 777 2790 848 Δεσπότην,⁹οντως,
2831 782 3023 849 λέγων,
3066 784 3466 853 ἐπικατάρατος

220 876 251 943 η
278 870 451 944 ἡμέρα
480 870 601 924 καθ’
623 872 693 941 ἢν
713 869 813 933 τὰς
847 869 1121 940 μητρικάς
1152 868 1351 932 ὠδῖνας
1379 867 1524 922 λύων
1558 871 1587 923 δ
1615 868 1902 939 ἄνθρωπος
1932 866 2068 936 πρὸς
2103 866 2203 929 τὰς
2235 867 2328 920 τοῦ
2358 868 2510 938 ήλίου
2544 869 2764 940 ἔρχεται
2790 872 2986 938 αὐγάς.

793 988 1131 1042 ΕΡΩἸἩΣΙΣ
1167 987 1332 1043 ΡΟΕ’.

298 1082 354 1135 Τί
398 1082 530 1134 ἐστι
573 1079 661 1142 τὸ,
719 1097 740 1128 ι
772 1081 909 1132 Κατ’
951 1077 1215 1149 ἐμαυτοῦ
1268 1077 1496 1147 ὤμοσα,
1545 1076 1706 1146 λέγει

843 1151 1054 1218 Κύριος·
1072 1165 1091 1213 ;
1120 1168 1138 1201 t

1928 981 2256 1050 ρυιΕετιο
2285 982 2536 1040 CLXXV.
2568 984 2758 1058 [σοῖσι.
2794 986 2974 1050 cotv,
3010 991 3168 1041 Taur.
3197 986 3427 1060 CXCv‘.)

1895 1076 2036 1142 Quid
2092 1079 2161 1133 sit
2204 1073 2338 1131 illud
2388 1096 2406 1133 :
2447 1098 2466 1131 ι
2499 1078 2607 1150 Per
2659 1081 3022 1149 memetipsum
3071 1081 3282 1150 juruvi,
3338 1081 3465 1133 dicit

2521 1149 2819 1204 Dominus?
2842 1170 2860 1202 ι

906 1285 1052 1337 Edita
1078 1300 1106 1335 ι
1139 1283 1267 1335 Maio
1307 1284 1345 1348 (Ι
1387 1296 1429 1334 c.
1454 1298 1503 1347 p.
1535 1282 1644 1344 106,
1669 1282 1802 1343 107).

1922 1283 2193 1349 Exegetica
2220 1288 2284 1336 Iu
2312 1288 2501 1337 Jerem.
2528 1299 2661 1344 xux,
2686 1285 2759 1334 13.

281 1433 299 1468 ι
333 1412 467 1469 Κατ’
498 1412 738 1484 ἐμαυτοῦ
779 1412 1007 1484 ὤμοσα,
1032 1412 1184 1482 λέγει
1222 1413 1459 1484 Κύριος*
1488 1430 1508 1466 ι
1544 1414 1639 1466 καὶ
1677 1411 1783 1466 ποῦ

215 1506 383 1560 λαθεῖν
433 1504 583 1559 ἐστιν
626 1504 960 1575 δμωμοκότα
992 1505 1083 1556 τὸν
1116 1503 1252 1557 Θεὸν
1281 1502 1314 1572 ἦ
1340 1502 1465 1557 καθ’
1503 1502 1721 1568 ἐαυτοῦ,
1748 1504 1782 1576 ἢ
1820 1502 1825 1503 ⁷

215 1598 324 1653 καθ’
346 1597 534 1668 ἐτέρου
577 1595 760 1661 τινὸς;
794 1595 918 1658 Πῶς
945 1594 990 1647 δ’
1024 1593 1089 1649 ἂν
1130 1594 1262 1658 Θεὸς
1295 1594 1603 1665 ὁμωμόκει,
1646 1596 1784 1649 πάν-

214 1707 303 1751 τας
323 1687 606 1760 ἀπείργων
631 1687 721 1740 διὰ
746 1686 854 1739 τῶν
890 1686 1244 1755 Εὐαγγελίων
1282 1687 1390 1740 ἀπὸ
1408 1686 1609 1750 παντὸς
1652 1688 1784 1741 ἐαυ-

1964 1434 1981 1466 ι
2016 1415 2118 1470 Per
2162 1416 2543 1485 ntetnetipsum
2573 1413 2773 1484 iuravi,
2809 1412 2940 1466 o.cit
2976 1411 3276 1480 Dominus;
3304 1432 3321 1463 ι
3358 1429 3465 1482 quo

1885 1523 2049 1562 sensu
2080 1506 2248 1563 Deum
2286 1508 2402 1563 sive
2441 1523 2537 1577 per
2589 1506 2945 1575 semetipsum
2998 1504 3114 1559 sive
3162 1520 3259 1575 per
3293 1505 3461 1558 alium

1884 1598 2175 1668 quemdam
2203 1599 2474 1670 iuravisse
2503 1598 2831 1653 sumendum
2858 1596 2964 1651 sit?
3011 1596 3299 1663 Quomodo
3331 1612 3461 1650 vero

1884 1691 2027 1746 Deus
2053 1691 2220 1760 iuret,
2273 1707 2398 1745 cum
2435 1690 2491 1743 in
2525 1689 2819 1759 Evangelia
2856 1704 3048 1742 cavere
3091 1703 3121 1741 a
3146 1689 3459 1757 iuramento

213 1778 329 1842 τοὺς
357 1777 651 1846 φυλάττειν
697 1777 862 1847 ὅρκου
914 1774 1007 1828 καὶ
1063 1775 1139 1846 μὴ
1179 1778 1245 1847 τῇ
1285 1775 1501 1849 γλώττῃ
1546 1777 1783 1849 χρῆσθαι

1896 1782 2073 1850 iubeat
2107 1792 2162 1837 et
2209 1781 2392 1852 lingua
2424 1783 2499 1836 uti
2534 1782 2601 1836 ad
2626 1780 2999 1836 auxiliandum
3040 1780 3304 1849 juratoris
3343 1780 3459 1833 voci

213 1871 339 1941 πρὸς
396 1869 710 1939 ὑπηρεσίαν
774 1868 1001 1937 ἐνόρκου
1055 1869 1239 1937 φωνῆς
1272 1886 1287 1935 ;
1318 1868 1432 1922 Καὶ
1479 1868 1588 1939 γὰρ
1640 1868 1784 1923 κατὰ

212 1963 376 2016 πάντα
401 1960 692 2032 σύμφωνος
726 1959 806 2032 τῷ
840 1960 1015 2031 Πατρὶ
1038 1963 1067 2013 ὁ
1100 1959 1228 2023 Υἱός
1260 1976 1276 1992 ⁸
1310 1961 1405 2013 καὶ
1431 1959 1576 2031 ἆπερ
1601 1961 1780 2029 λέγει,

215 2052 269 2116 ἐξ
298 2051 459 2106 αὑτοῦ
482 2049 667 2103 λαὸὼν
696 2048 810 2120 ἔχει
838 2064 854 2080 ο
884 2050 935 2102 τί
951 2045 1044 2102 οὖν
1072 2052 1189 2102 ἐστι
1220 2050 1305 2114 τὸ,
1346 2049 1512 2103 «Κατ’
1540 2049 1782 2121 ἐμαυτοῦ

210 2142 408 2214 ὤμοσα,
437 2141 591 2209 λέγει
621 2139 826 2211 Κύριος
860 2156 908 2207 ;i
949 2140 1070 2194 ἀντὶ
1100 2140 1216 2203 τοῦ,
1247 2141 1334 2204 Ὠς
1377 2140 1523 2194 ἔστιν
1569 2140 1784 2213 ἀνθρώ-

210 2247 322 2295 ποις
351 2233 386 2301 ἡ
421 2229 519 2285 τοῦ
548 2230 711 2301 ὅρκου
738 2228 967 2300 δύναμις
998 2229 1293 2296 βεϐαιοῦσα
1337 2230 1399 2283 τὸ
1425 2230 1784 2303 ὑπισχνούμε-

210 2339 311 2388 νον,
357 2320 535 2386 οὕτως
583 2322 701 2374 ἐστὶ
744 2321 845 2391 τῆς
886 2322 1029 2391 ἐμῆς
1084 2321 1420 2391 ἐπαγγελίας
1459 2323 1521 2377 τὸ
1561 2321 1783 2396 ιῐιπαρδι-⁸

1886 1875 2208 1945 prohibeat?
2254 1876 2467 1930 Etenim
2523 1874 2748 1929 omnino
2822 1872 3163 1926 concordant
3207 1873 3370 1927 Pater
3410 1881 3466 1922 el.

1886 1966 2087 2031 Filius,
2115 1967 2337 2037 etquod
2383 1964 2555 2019 Filius
2602 1964 2737 2043 dicit
2760 1978 2824 2017 ex
2856 1962 3019 2015 Patre
3045 1961 3269 2015 audivit.
3322 1961 3465 2029 Quid

1885 2061 1957 2114 sit
1998 2073 2131 2125 ergo
2175 2055 2306 2113 illud
2334 2074 2347 2111 :
2395 2078 2412 2109 ι
2441 2055 2546 2111 Per
2574 2054 3185 2125 memetipsumjuravi,
3207 2052 3339 2106 dicit
3364 2051 3470 2107 Do-

1886 2146 2153 2202 minus?»
2216 2146 2323 2201 hoc
2362 2155 2480 2211 est,
2522 2142 2985 2215 quemadmodum
3032 2141 3173 2212 apud
3218 2141 3468 2195 homines

1885 2238 2060 2293 virtus
2096 2236 2393 2307 iuramenti
2440 2235 2838 2306 promissiones
2864 2233 3132 2287 ﬁrmiores
3162 2231 3355 2293 reddit,
3392 2231 3469 2285 ita

1885 2339 1941 2385 et
1998 2344 2117 2384 mea
2170 2328 2469 2385 declaratio
2530 2326 2861 2383 inviolabilis
2916 2334 3018 2380 est.
3091 2322 3244 2393 Smpe
3286 2333 3466 2376 autem

211 2414 367 2467 ϐατον
394 2431 409 2445 ο
445 2414 611 2484 ὅρκου
637 2414 747 2484 γὰρ
786 2413 1050 2477 πολλάκις
1072 2413 1573 2487 προεληλυθότος,ἢ
1605 2416 1666 2469 τὸ
1686 2417 1783 2485 τῆς

1896 2423 2201 2490 iuramento
2246 2422 2557 2492 prtemisso,
2609 2419 2693 2473 vel
2753 2418 2955 2474 mentis
3006 2415 3381 2470 imbecillitate
3413 2414 3468 2467 in

207 2504 421 2576 γνώμης
466 2505 530 2558 ού
563 2505 762 2573 πάγιον
785 2507 865 2569 είς
896 2505 1182 2577 ἐπιορκίαν
1211 2507 1303 2561 τὸν
1329 2507 1490 2578 ὅρκον
1519 2507 1781 2572 διέλυσεν,

207 2598 239 2669 ἢ
264 2597 320 2651 τὸ
345 2599 471 2670 ῥέον
505 2599 606 2670 τῆς
632 2599 766 2669 ὅλης
796 2599 892 2652 καλ⁸
917 2597 1027 2666 τῶν
1058 2600 1315 2669 ἐπιγείων
1346 2600 1693 2671 πραγμάτων
1721 2601 1783 2654 τὸ

206 2689 428 2745 ἄστατον
480 2691 574 2744 καὶ
600 2690 703 2760 τῆς
746 2689 973 2762 γνώμης
1000 2691 1323 2764 ἐρρωμένης
1374 2693 1483 2745 τῶν
1524 2692 1783 2763 ώμοσμέ-

206 2796 306 2832 νων
333 2779 393 2834 τδ
450 2781 625 2852 πέρας
654 2779 936 2850 διέκοψενο
993 2780 1087 2834 ἐπὶ
1117 2780 1176 2834 δέ
1204 2781 1303 2853 τῆς
1346 2780 1510 2852 ψιλῆς
1550 2781 1782 2853 ὑποσχέ-

208 2886 338 2934 σεως
394 2871 495 2925 τοῦ
549 2869 716 2937 Θεοῦ,
764 2870 922 2926 οὐδὲν
952 2869 1069 2924 ἐστι
1098 2871 1339 2924 τοιοῦτον
1388 2872 1511 2925 οὐδὲ
1556 2872 1781 2939 ἐννοεῖν,

206 2962 417 3032 μήτιγε
453 2963 550 3017 καὶ
601 2962 784 3017 πίστει
836 2961 1047 3020 λαϐεῖν.
1105 2962 1198 3016 Διὸ
1244 2962 1343 3017 καὶ
1373 2963 1579 3033 μηδένα
1605 2981 1783 3036 παρα-

204 3053 494 3125 λαμδάνων
521 3056 684 3125 ὅρκον
708 3056 737 3108 ὁ
778 3054 911 3118 Θεὸς
937 3056 1059 3109 ἐπεὶ
1097 3054 1303 3119 παντός
1353 3056 1503 3109 ἐστιν
1532 3056 1698 3127 ὅρκου
1722 3058 1785 3110 τὸ

1885 2514 2188 2586 periurium
2218 2514 2595 2585 iuramentum
2640 2520 2911 2566 mutatum
2961 2508 3086 2574 fuit,
3120 2508 3205 2563 vel
3229 2507 3469 2562 materias

1886 2624 2053 2665 cursu
2094 2617 2153 2664 et
2194 2624 2375 2663 rerum
2418 2616 2761 2663 terrenarum
2793 2604 3109 2677 fragilitate,
3154 2603 3237 2658 vel
3269 2602 3469 2657 mentis

1885 2700 2186 2766 oblivione,
2210 2700 2337 2756 linis
2355 2699 2557 2770 iurat-is
2593 2700 2719 2754 data
2746 2697 2869 2752 fuit.
2917 2697 2991 2752 De
3020 2696 3252 2767 simplici
3282 2703 3467 2750 autem

1886 2792 1981 2850 Dei
2004 2793 2390 2864 promissione,
2431 2791 2571 2846 nihil
2600 2798 2685 2846 est
2706 2790 2848 2858 quod
2874 2790 3180 2859 cogitemus
3202 2787 3330 2850 tale,
3369 2801 3470 2841 nec

1886 2886 2031 2958 quod
2054 2887 2366 2940 credamus.
2392 2881 2579 2954 Itaque
2598 2883 2808 2937 nullum
2835 2881 2976 2937 Deus
2998 2881 3284 2951 proferens
3311 2879 3468 2950 iura-

1885 2989 2156 3043 mentum,
2212 2992 2335 3032 cum
2378 2976 2623 3032 divinum
2676 2974 2909 3029 Verbum
2956 2973 3105 3027 οιιιιιί
3156 2973 3470 3042 iuramento

1885 3079 2128 3141 prmstet,
2160 3070 2290 3125 illud
2309 3069 2608 3140 adiungere
2632 3067 2942 3130 consuevit,
2974 3082 3069 3135 per
3085 3065 3469 3134 memetipsum

205 3144 340 3199 θεῖον
392 3145 725 3216 ἐπάγγελμα
777 3144 1171 3217 δυνατώτερον,
1202 3145 1431 3213 ἐπάγειν
1487 3145 1648 3198 εἴωθε
1696 3146 1779 3210 τὸ,

1896 3161 2097 3229 iuravi;
2140 3160 2320 3231 potius
2343 3168 2525 3214 autem
2563 3160 2831 3229 praeponit
2874 3157 2989 3211 suis
3019 3153 3325 3224 promissis,
3356 3153 3471 3206 sive

209 3258 228 3291 ι
250 3240 385 3294 Κατ’
398 3238 642 3312 ἐμαυτοῦ
659 3238 852 3309 ὤμοσα
868 3257 881 3270 ·
909 3258 928 3291 ι
957 3239 1157 3312 μᾶλλον
1172 3238 1229 3292 δὲ
1245 3241 1342 3295 καὶ
1359 3239 1652 3312 προτάττει
1672 3238 1783 3295 τῶν

206 3332 344 3386 ίδίων
378 3334 754 3404 ὑποσχέσεων,
790 3332 901 3385 εἴτε
943 3331 1403 3403 σκυθρωπότητος
1442 3333 1536 3385 καὶ
1568 3331 1781 3402 ποινῆς,

203 3425 308 3479 εἴτε
349 3428 533 3498 χαρᾶς
566 3426 661 3478 καὶ
721 3423 990 3495 θυμηδίας
1037 3424 1343 3494 ὑπάρχουσι
1394 3423 1729 3495 παρεκτικαί
1763 3440 1780 3455 ·

205 3520 379 3591 μάτην
439 3521 554 3591 ἄρα
588 3521 633 3572 οἱ
690 3521 802 3581 τοῖς
836 3520 1021 3589 ὅρκοις
1068 3518 1546 3587 ἐνασελγαίνοντες
1601 3519 1694 3572 ἐπὶ
1721 3520 1784 3573 τὸ

202 3613 562 3684 προκείμενον
586 3612 773 3683 σχῆμα
800 3610 894 3665 τοῦ
919 3610 1078 3679 λόγου
1106 3610 1549 3680 καταφεύγουσιν
1582 3628 1597 3641 ·
1624 3612 1783 3665 οὖδα-
1818 3646 1836 3654 -

204 3700 439 3773 μοῦγάρ
470 3701 596 3757 οὔτε
626 3705 737 3766 τοῖς
759 3702 962 3774 ὅρκοις,
993 3700 1117 3755 οὔτε
1139 3705 1254 3765 τοῖς
1273 3705 1517 3773 δρκικοϊς
1544 3704 1778 3776 ἐπιρῤηο

205 3811 331 3862 μασι
354 3795 417 3848 τδ
442 3795 601 3847 Θεῖον
623 3792 779 3865 ὤφθη
808 3793 1178 3865 χρησάμενον.

715 3906 1050 3959 εΡαΤιιΣιΣ
1087 3902 1272 3973 Poq'.

207 4001 266 4055 Τί
284 4001 439 4069 ἐστι,
465 4020 484 4053 ι
510 4000 619 4055 Kal
651 3999 767 4055 σοῦ
788 3999 856 4052 δὲ
873 3998 1064 4066 αὐτῆς
1095 3999 1210 4066 τὴν
1240 3998 1453 4069 ψυχὴν
1481 4000 1785 4055 διελεύσε-

764 4086 857 4123 ται
878 4071 1177 4140 ρομραίιη
1198 4089 1216 4122 ι

1893 3254 2177 3308 tristitiam
2211 3263 2267 3307 et
2288 3252 2533 3308 dolorem
2562 3250 2676 3306 sive
2704 3248 2963 3321 gaudium
2993 3256 3047 3301 et
3067 3245 3469 3317 iucunditatem

1891 3346 2199 3400 annuntiet.
2263 3343 2488 3400 Frustra
2541 3351 2691 3397 certe
2736 3343 2830 3411 qui
2871 3339 3108 3408 iurando
3154 3337 3264 3392 Deo
3293 3335 3469 3390 insul-

1892 3446 2009 3493 tant
2038 3438 2104 3491 ad
2132 3437 2297 3492 istum
2336 3435 2593 3507 loquendi
2629 3432 2851 3488 modum
2887 3429 3232 3500 confugiunt.
3267 3426 3471 3482 Nullibi

1889 3532 2036 3586 enim
2085 3529 2246 3595 Deus,
2315 3544 2419 3584 nec
2459 3528 2772 3597 iuramento
2809 3540 2911 3580 nec
2948 3524 3135 3595 aliquo
3164 3518 3470 3578 istiusmodi

1890 3626 2056 3681 verbo
2084 3641 2215 3681 usus
2244 3624 2479 3679 videtur.

1885 3907 2207 3975 QUIESTIO
2246 3906 2521 3963 CLXXVI.
2576 3907 2766 3980 [CoisL
2815 3907 2973 3972 CCV,
3021 3906 3185 3960 Taur.
3216 3901 3467 3974 (ZXCVH

1963 4001 2104 4067 Quid
2134 4002 2205 4054 sit
2233 4016 2252 4054 :
2281 4019 2301 4055 ι
2346 4001 2411 4055 Et
2434 4012 2579 4071 tuum
2602 4004 2767 4067 ipsius
2800 4005 3036 4056 animum
3058 3998 3400 4071 pertransibit

2513 4069 2534 4100 ‘
2554 4073 2765 4143 gladius
2787 4074 2839 4129 .9»

1066 4228 1212 4279 Edita
1244 4242 1272 4278 a
1296 4227 1422 4278 Maio
1448 4226 1505 4288 (1.
1527 4240 1571 4277 c.
1597 4241 1646 4289 p.
1672 4227 1805 4291 107).
1826 4253 1889 4267 --
1910 4227 2183 4292 Exegetica
2206 4230 2271 4280 In
2307 4229 2415 4281 Luc.
2444 4241 2498 4289 tt,
2528 4225 2609 4282 55.

269 4340 379 4409 Τῆς
405 4353 683 4406 παναγιας
704 4334 1205 4407 καὶἈειπαρθένου
1236 4335 1456 4406 Μαρίας
1485 4335 1585 4404 τὴν
1608 4333 1789 4405 ψυχὴν

205 4431 449 4502 ῥομφαία
497 4428 680 4500 διῆλθε
708 4428 831 4481 κατ’
878 4428 1010 4481 αὐτὸ
1030 4427 1093 4481 τὸ
1120 4428 1388 4497 σωτήριον
1419 4425 1514 4481 τοῦ
1545 4423 1787 4498 Χριστοῦ

1966 4335 2343 4393 Sanctissimae
2390 4344 2446 4391 et
2493 4351 2709 4407 semper
2739 4335 2981 4407 Virginis
3016 4335 3202 4391 Mariae
3230 4338 3469 4393 animam

1895 4426 2107 4497 gladius
2158 4428 2532 4497 pertransivit,
2589 4428 2643 4480 in
2696 4425 2812 4496 ipsa
2856 4427 3086 4482 salutari
3109 4427 3311 4483 Christi
3342 4444 3472 4499 pas-

204 4525 405 4590 πάθος,
453 4525 558 4578 οὑκ
603 4519 1012 4586 ἐπιδιστάζουσι
1062 4521 1347 4593 λογισμοῖς
1406 4520 1746 4592 βαλλομένης
1770 4561 1785 4587 ,

1897 4522 2087 4589 sione;
2109 4519 2220 4575 hon
2255 4521 2399 4591 quod
2433 4520 2659 4575 incertis
2688 4519 3120 4591 cogitationibus
3147 4519 3469 4589 iactaretur,

202 4616 299 4669 οὐκ
344 4616 609 4679 ἀπιστίας
672 4615 853 4686 βέλεσι
909 4614 1379 4685 τιτρωσκομένης,
1424 4614 1525 4666 οὐκ
1578 4614 1664 4682 ἐφ’
1709 4609 1791 4676 οἷς

202 4709 385 4782 ἔχαιρε
423 4709 526 4780 τὴν
558 4707 739 4779 λύπην
777 4706 1207 4778 ἀλλασσομένης,
1262 4706 1399 4760 ἀλλὰ
1432 4707 1502 4761 τά
1549 4709 1794 4777 μητρικὰ

206 4803 491 4873 σπλάγχνα
521 4801 773 4871 διδούσης
818 4800 959 4872 πρὸς
988 4799 1090 4872 τὴν
1122 4799 1366 4870 ἔμφυτον
1418 4798 1790 4867 συμπάθειαν,

202 4891 767 4964 ἁνασκολοπιζομένου
805 4893 901 4945 τοῦ
945 4892 1111 4957 Υίοῦ,
1163 4891 1429 4963 πράττειν
1474 4890 1546 4944 τὰ
1578 4892 1773 4945 οίκεϊα.

203 4984 266 5036 Τί
304 4986 419 5057 γὰρ
469 4986 650 5057 μήτηρ
699 4986 799 5039 οὐκ
827 4986 893 5039 ἂν
925 4984 1086 5040 πάθοι
1122 4982 1396 5054 βλέπουσα
1420 4982 1511 5036 τὸν
1543 4983 1660 5036 υίδν
1697 4983 1795 5036 καὶ

205 5081 445 5149 μάλιστα
509 5082 608 5150 τῆς
686 5079 1037 5151 ἀνθρωπίνης
1091 5080 1309 5146 φύσεως
1375 5074 1796 5143 πολιτευόμενον

204 5176 476 5243 κρεῖττον,
542 5172 644 5238 τὰς
703 5174 811 5226 τῶν
870 5171 1196 5241 κακούργων
1257 5170 1530 5239 ὑπέχοντα
1585 5167 1793 5230 δίκας;

204 5261 373 5317 τοῦτο
433 5262 633 5332 γέγονε
683 5264 751 5333 τῇ
806 5260 1172 5331 παναχράντῳ
1210 5258 1400 5330 Μητρὶ
1455 5256 1551 5312 τοῦ
1617 5256 1793 5324 Λόγου

205 5352 537 5426 πικρότερον
608 5354 704 5408 καὶ
762 5352 1090 5424 δριμύτερον
1151 5351 1426 5422 ῥομφαίας
1469 5350 1690 5419 ἀπάσης
1734 5349 1795 5403 τὸ

204 5445 415 5509 mitior
472 5445 522 5499 ει
568 5445 679 5515 γάρ
736 5444 831 5496 καὶ
883 5442 1017 5496 Θεδν
1066 5441 1269 5505 πολλὰς
1318 5441 1608 5503 ὑποθέσεις
1647 5436 1794 5511 εῖχεν

207 5538 406 5592 εἰδέναι
445 5537 542 5591 τὸν
578 5537 706 5591 Υίδν
748 5535 1189 5613 σεσαρκωμένον,
1242 5534 1358 5588 ἀλλ’
1405 5529 1500 5588 οὖν
1552 5533 1652 5587 οῦκ
1699 5532 1795 5585 ἐπὶ

206 5632 429 5685 πάντων
466 5629 589 5684 ἔλυε
620 5631 747 5694 τοὺς
789 5629 889 5699 τῆς
935 5628 1151 5698 φύσεως
1202 5628 1401 5698 νόμους
1427 5641 1441 5655 °
1476 5625 1709 5679 ἐνεδίδου
1735 5623 1794 5677 δὲ

212 5722 301 5774 καὶ
342 5724 414 5795 τῇ
449 5722 610 5792 φύσει
643 5724 757 5786 τοῖς
799 5720 1022 5783 οἰκείοις
1064 5718 1449 5789 ἐνδιαπρέπειν
1503 5719 1683 5787 ὅροις·
1712 5714 1792 5768 διὸ

1896 4625 1997 4665 nec
2026 4610 2323 4665 difﬁdentia
2351 4610 2471 4665 telis
2502 4609 2907 4676 vulneraretur,
2943 4624 3042 4664 nec
3070 4611 3239 4679 prima
3272 4609 3471 4678 gaudia

1892 4702 1948 4758 iit
1977 4702 2222 4757 dolorem
2251 4710 2619 4765 verterentur,
2665 4699 2757 4755 sed
2791 4699 2941 4770 quod
2982 4708 3228 4754 materna
3260 4701 3472 4755 viscera

1893 4793 1962 4850 ad
1990 4795 2290 4849 naturalem
2325 4794 2717 4864 sympathiam,
2748 4791 3011 4847 cruciﬂxo
3045 4791 3203 4856 Filio,
3232 4792 3471 4847 sentien-

1893 4887 2017 4941 dam
2057 4886 2229 4941 daret.
2284 4884 2424 4950 Quid
2462 4883 2608 4938 enim
2636 4891 2810 4937 mater
2833 4897 2938 4937 non
2970 4883 3211 4952 patiatur
3234 4884 3471 4939 videndo

1897 4979 2091 5044 tilium,
2136 4987 2190 5032 et
2245 4974 2548 5046 prazsertim
2611 4975 2808 5029 melius
2853 4988 2917 5029 ac
2969 4984 3178 5029 natura:
3222 4974 3478 5031 humanae

1894 5070 2158 5140 possibile
2198 5077 2284 5122 est
2309 5082 2428 5121 sese
2457 5066 2784 5131 habentem,
2844 5066 3212 5135 pessimorum
3266 5067 3476 5135 iudicio

1893 5162 2218 5231 subiectum.
2303 5158 2438 5213 Illud
2512 5157 2615 5212 fuit
2673 5157 3040 5213 immaculata:
3092 5156 3254 5213 Verbi
3317 5155 3476 5211 Matri

1893 5255 2135 5309 amarior
2164 5263 2215 5309 et
2248 5253 2498 5307 acerbior
2537 5252 2719 5321 passio
2743 5266 2908 5321 quam
2931 5251 3333 5322 qualiscunque
3358 5249 3477 5318 gla-

1895 5350 2038 5405 dius.
2093 5347 2320 5401 Etiamsi
2339 5346 2484 5400 enim
2518 5347 2718 5400 multas
2758 5345 3013 5400 habuerit
3035 5345 3280 5399 rationes
3315 5342 3473 5397 illum

1900 5438 2098 5493 Filium
2140 5453 2262 5492 csse
2290 5436 2381 5490 Dei
2430 5436 2774 5490 incarnatutn
2825 5433 3195 5504 diiudicandi,
3232 5441 3475 5487 attamen

1902 5545 2011 5583 non
2038 5529 2093 5583 itt
2119 5527 2377 5583 omnibus
2396 5526 2471 5580 illi
2499 5526 2691 5581 soluta:
2712 5535 2841 5582 sunt
2866 5527 3011 5594 leges
3040 5534 3284 5587 naturas;
3310 5523 3477 5576 daba-

1902 5633 1990 5677 tur
2036 5628 2219 5674 autem
2277 5627 2485 5674 naturae
2535 5619 2589 5673 in
2621 5618 2736 5674 suis
2768 5601 3250 5685 tinibuslprodire,
3295 5614 3476 5682 itaque

1902 5715 2165 5771 maternis
2204 5713 2375 5770 oculis
2426 5714 2734 5784 passionem
2788 5707 3471 5781 spectacula.praepositam
