3828 6202
348 276 454 341 879

1506 281 1770 345 ΡΙΙΟΤΠ
1810 276 2315 347 PATRIAl’tCII/E
2354 282 2459 340 CP,

3499 284 3601 343 880

348 393 561 459 videns,
597 393 736 448 sicut
767 409 796 447 a
852 391 1009 464 plaga
1055 393 1220 463 gladii
1249 394 1620 465 dividebatur,
1655 408 1707 450 et
1747 412 1938 466 ampu-

2068 396 2211 460 ιάθος
2266 396 2453 467 ὁρῶσα
2529 400 2818 467 μητμκοῖς
2888 398 3188 467 ὀφθαλμοῖς
3264 400 3606 469 προκείμενον

357 487 542 542 tabur.

349 664 680 731 ρυίεετιο
718 663 1001 720 οωωιιίι
1028 649 1219 738 ῑεοίει.
1249 663 1428 730 CCVI,
1487 663 1650 718 Taur.
1683 665 1942 738 cxevt].

395 781 540 846 Quid
576 782 644 834 sit
680 797 698 833 :
737 798 756 832 ι
779 780 960 836 Nolite
995 799 1331 836 murmurare
1382 783 1434 834 in
1473 782 1692 834 inricem
1719 793 1775 836 ut
1804 800 1910 837 non

927 853 1244 920 jmlicemiui
1269 855 1293 906 Ρ
1317 873 1336 904 ›

2045 486 2225 572 θέαμα
2260 487 2405 540 κατα
2438 487 2654 559 πληγὴν
2685 488 2962 559 ῥομφαίας
2994 489 3249 560 ἐτέμνετὸ
3279 506 3339 543 τε
3363 491 3455 544 καὶ
3493 509 3607 544 κατ-

2047 581 2354 652 εμερίζετο.
2385 599 2402 632 ι

2576 672 2916 738 ΕΡΩΤΗΣΙΣ
2961 674 3134 728 ΡΟΖ’.

2053 785 2117 838 Τί
2151 786 2304 851 ἐστι,
2351 804 2369 836 ι
2409 785 2506 850 Μὴ
2561 782 2876 909 στενὰζὲζε
2925 787 3055 838 κατ’
3077 784 3367 851 ἀλλήλων
3419 786 3514 838 ἵνα
3535 783 3611 854 μὴ

2680 872 2771 909 xm
2817 872 2951 909 nte:
2977 875 2995 906 ι

2680 872 2951 923 κρισητες
2977 875 2995 906 ι

1127 964 1264 1014 Edita
1298 982 1324 1014 a
1359 966 1483 1016 Maii)
1507 969 1561 1029 (L
1589 982 1635 1017 c.
1659 982 1706 1030 ρ.
1751 967 1853 1026 107,
1888 968 2018 1031 108).
2044 994 2099 1004 —-
2129 971 2397 1034 Exegetioa
2429 973 2490 1020 In
2523 974 2662 1028 Jan,
2689 984 2738 1027 v,
2761 969 2812 1019 9.

427 1069 718 1134 Quomodo
757 1069 1017 1138 possibile
1080 1070 1154 1123 sit
1214 1069 1495 1127 hominem
1580 1072 1940 1127 contumeliis

360 1158 636 1225 allectum,
687 1161 769 1216 vel
806 1175 835 1214 a
878 1159 1115 1229 propriis
1154 1163 1478 1231 expulsum,
1507 1165 1590 1220 vel
1616 1180 1938 1234 percussum

359 1259 550 1306 contra
572 1253 798 1309 istorum
828 1264 1082 1310 auctores
1112 1272 1221 1310 non
1276 1258 1659 1313 murmurare?
1721 1256 1937 1312 Etenim

359 1356 469 1396 non
494 1343 702 1409 ulcisci,
729 1359 828 1399 nec
859 1360 1182 1415 repugnare,
1212 1344 1427 1399 dillicile
1461 1347 1682 1415 quidem
1716 1356 1822 1409 est,
1847 1346 1942 1400 sed

360 1432 640 1502 sapientia:
686 1435 1027 1496 amatoribus
1073 1444 1128 1490 et
1171 1434 1358 1489 divina
1395 1435 1646 1490 mandata
1709 1435 1942 1491 ﬁdeliter

361 1526 780 1583 observantibus
835 1528 1132 1596 possibile;
1182 1543 1293 1581 non
1350 1537 1530 1582 autem
1593 1542 1942 1582 murmurare

2120 1075 2230 1128 Καὶ
2263 1074 2382 1138 πῶς
2432 1075 2510 1128 ἒνι
2567 1073 3120 1145 προπηλακιζόμενον
3170 1073 3203 1143 ἢ
3258 1072 3369 1125 τῶν
3419 1073 3620 1126 οἰκείων

2049 1167 2409 1236 ἐλαυνόμενον
2437 1167 2470 1236 ἢ
2497 1167 2836 1236 τυπτόμενον
2880 1165 2956 1236 μὴ
2987 1165 3128 1218 κατὰ
3161 1164 3268 1217 τῶν
3294 1165 3484 1218 αἰτίων
3509 1182 3620 1218 στε-

2049 1259 2270 1325 νάζεινς
2315 1257 2390 1329 μὴ
2437 1256 2743 1328 ἀμύνεσθαι
2799 1257 2898 1326 μὲν
2948 1256 3058 1326 γὰρ
3091 1254 3213 1326 μηδ’
3239 1254 3618 1318 ἀντεπεξιέναι,

2051 1351 2103 1402 εί
2133 1349 2230 1411 καὶ
2257 1349 2516 1419 χαλεπὸν,
2568 1349 2719 1418 ὅμως
2765 1343 2858 1400 οὖν
2893 1349 3007 1410 τοῖς
3053 1363 3119 1413 γε
3159 1344 3508 1413 φιλοσοφοῦσι
3540 1347 3625 1398 καί

2050 1445 2170 1505 ταῖς
2201 1440 2378 1506 θείαις
2401 1441 2645 1505 ἐντολαῖς
2677 1439 3109 1514 ήσφαλισμὲνοις
3156 1437 3336 1490 ἔνεστι
3376 1436 3588 1490 δυνατόν
3607 1453 3622 1467 ο

2051 1531 2111 1584 τὸ
2143 1530 2198 1584 δὲ
2235 1530 2370 1600 μηδὲ
2401 1530 2607 1582 στένειν
2656 1528 2799 1581 κατὰ
2846 1527 2958 1579 τῶν
2995 1525 3362 1596 ἠδικηκότων,
3418 1522 3540 1586 πῶς,
3568 1522 3627 1575 ἂν

361 1628 552 1673 contra
571 1619 692 1682 illos
716 1620 812 1688 qui
853 1620 1012 1675 nobis
1036 1619 1293 1690 injuriam
1320 1618 1552 1690 faciunt,
1579 1622 1859 1688 quomodo
1887 1621 1940 1674 in

2068 1625 2280 1702 εὑρήσει
2313 1621 2498 1694 χώραν
2528 1622 2584 1674 ὲν
2611 1621 2773 1690 φύσει,
2803 1617 2999 1691 ῥεούσῃ
3025 1618 3121 1671 καὶ
3150 1617 3322 1687 θνητῇ
3349 1616 3443 1682 ςἪ
3465 1614 3627 1685 πολλῷ

362 1721 562 1766 natura
594 1711 769 1783 fragili
812 1723 866 1767 et
925 1713 1141 1766 mortali
1187 1713 1342 1767 locus,
1375 1711 1718 1766 invenietur?
1745 1712 1948 1766 illudne

363 1807 534 1866 multo
577 1804 797 1868 [acilius
836 1815 922 1860 est
954 1821 1119 1876 quam
1162 1805 1423 1878 primum,
1467 1819 1591 1860 cum
1627 1805 1704 1862 ira
1731 1804 1946 1874 impleri

363 1907 419 1954 et
464 1897 659 1953 ulcisci
705 1905 960 1952 etomne
1014 1897 1401 1953 detrimentum
1453 1897 1790 1966 proclamare
1832 1912 1952 1965 per.

365 1990 718 2052 mittebatur?
776 1989 903 2044 Ilaec
949 2001 1131 2042 autem
1165 2005 1289 2042 cum
1335 1997 1484 2043 tanta
1520 1988 1652 2052 sint,
1715 1996 1771 2041 et
1821 1987 1947 2041 forti

367 2084 551 2143 animo
573 2098 713 2151 opus,
745 2083 816 2144 sit
841 2083 908 2136 ad
949 2080 1316 2155 sympathiam
1364 2089 1418 2134 et
1466 2080 1825 2150 antipatbiam
1852 2079 1952 2131 ltu-

369 2189 588 2234 mauam
618 2175 1052 2232 contemnendas
1091 2182 1146 2227 et
1171 2171 1499 2235 domandas,
1548 2187 1686 2242 quas
1731 2170 1952 2240 quidem

370 2280 513 2334 saepe
544 2266 612 2320 ad
658 2267 970 2333 superbiam
1005 2280 1310 2334 propensos
1339 2264 1561 2318 vincere
1595 2273 1650 2317 et
1683 2277 1952 2330 superare

369 2355 597 2419 scimus,
627 2358 877 2410 quamvis
905 2355 1124 2409 aliunde
1161 2355 1315 2409 multi
1355 2353 1639 2423 sapientia:
1685 2367 1878 2406 amore
1900 2362 1956 2406 et

370 2448 556 2510 divino
585 2448 779 2509 timore
805 2449 1155 2519 passionibus
1202 2448 1512 2514 superiores
1560 2445 1713 2509 ﬂant,
1756 2445 1956 2516 quibus

371 2554 502 2609 ergo
551 2539 904 2610 passionibus
954 2539 1092 2593 adeo
1153 2537 1585 2602 intolerabilibus
1624 2539 1667 2592 si
1705 2537 1958 2609 superior

371 2631 601 2688 evadere
635 2631 898 2700 potueris,
936 2646 1118 2692 nonne
1149 2647 1179 2695 a
1215 2630 1428 2707 fortiori
1462 2631 1956 2693 nturmurationcs,

371 2737 494 2793 quae
522 2732 649 2785 sunt
685 2731 793 2776 tam
823 2723 975 2794 parvi
1022 2723 1310 2782 momenti.
1379 2738 1479 2778 nec
1523 2723 1685 2776 ullam
1719 2731 1959 2798 possunt

373 2815 666 2870 utilitatem
696 2815 946 2871 conferre
977 2817 1176 2872 vitabis
1191 2817 1218 2870 ?»
1246 2817 1482 2870 Aliunde
1513 2817 1605 2884 qui
1632 2822 1958 2877 qurmnrat,

373 2908 418 2962 si
456 2908 752 2963 vindictam
777 2925 940 2980 quam
963 2925 1027 2964 ex
1051 2910 1160 2964 alio
1189 2919 1434 2980 repetere
1458 2909 1630 2971 ardet,
1669 2925 1776 2962 non
1797 2906 1960 2977 cepit,

2050 1715 2145 1770 τοῦ
2175 1714 2444 1787 προτέρου
2479 1714 2609 1785 ῥᾷον
2635 1711 2710 1781 ;ἢ
2743 1711 2853 1782 γὰρ
2886 1711 2980 1763 καὶ
3009 1709 3126 1774 ἐξὸν
3158 1708 3332 1779 θυμδν
3366 1706 3628 1778 ἐμπλῆσαι

2051 1807 2146 1862 καὶ
2176 1806 2546 1876 ἀντιλυπῆσαι
2602 1804 2698 1858 καὶ
2744 1802 2844 1871 τὴν
2876 1802 3079 1874 ζημίαν
3124 1802 3309 1854 πᾶσαν
3370 1801 3628 1854 ἀνακαλέ-

2053 1897 2298 1961 σασθαι;·
2331 1879 2541 1950 τούτων
2586 1895 2644 1948 δὲ
2698 1893 3034 1966 τηλικούτων
3087 1893 3254 1945 ὅντων
3297 1893 3393 1944 καὶ
3442 1891 3631 1960 σφόδρα

2053 1990 2311 2060 γενναίας
2340 1989 2518 2058 ψυχῆς
2539 1986 2814 2057 δεομένων
2843 1986 2992 2046 ὥστε,
3009 1985 3257 2054 παριδεῖν
3290 1984 3388 2037 καὶ
3416 1983 3632 2053 κρείττω

2053 2081 2432 2154 προσπαθείας
2467 2080 2563 2134 καὶ
2585 2079 2944 2150 ἀντιπαθείας
2975 2075 3332 2146 ἀνθρωπίνης
3364 2072 3625 2142 γενέσθαι,

2019 2173 2090 2228 ηόι
2138 2173 2205 2242 δὴ
2256 2171 2519 2234 πολλάκις
2573 2171 2668 2230 καὶ
2720 2170 2848 2233 τοὺς
2908 2167 3346 2239 μεγαλοφρονεῖν
3415 2164 3633 2234 σπουδὴν

2057 2265 2438 2336 ποιουμένους,
2480 2263 2878 2320 καταπαλαίειν
2908 2263 3074 2331 ἴσμεν
3113 2260 3210 2318 καὶ
3239 2256 3631 2329 περιγίνεσθαι,

2057 2361 2106 2412 εἰ
2137 2362 2229 2416 καὶ
2256 2358 2488 2420 πολλοὺς
2528 2359 2556 2410 ὁ
2607 2355 2708 2426 τῆς
2749 2354 3071 2424 φιλοσοφίας
3120 2353 3261 2426 ἔρως
3309 2353 3404 2405 καὶ
3445 2352 3472 2402 ὁ
3501 2350 3629 2408 θεῖος

2059 2451 2224 2522 φόϐος
2248 2450 2508 2519 ἀνωτέρω
2536 2447 2645 2503 τῶν
2683 2447 2991 2518 εἰρημένων
3039 2445 3271 2514 ἐποίησε
3324 2441 3511 2504 παθῶν
3534 2460 3546 2473 ο
3593 2441 3634 2493 εί

2059 2543 2152 2599 οὖν
2182 2541 2391 2596 τούτων
2422 2541 2540 2594 τῶν
2571 2540 2816 2610 ὰσχέτων
2851 2538 3077 2600 δυνατὸς
3129 2537 3330 2606 ἐγένου
3374 2535 3634 2606 κρατῆσαι

2061 2635 2270 2701 παθῶν,
2327 2635 2446 2698 πῶς
2486 2633 2609 2703 οὐχὶ
2655 2631 2837 2702 πολλῷ
2897 2630 3098 2701 μᾶλλον
3146 2630 3243 2687 καὶ
3277 2630 3340 2688 το
3375 2627 3636 2689 στενάζειν

2061 2727 2277 2790 ἐλάσεις
2302 2726 2412 2780 ἀπὸ
2437 2725 2531 2780 σοῦ
2554 2767 2568 2789 ,
2616 2726 2852 2800 πρᾶγμα
2881 2723 3054 2785 οὕτως
3097 2722 3318 2786 εὐτελὲς
3362 2720 3459 2778 καὶ
3489 2719 3636 2790 μηδὲν

2061 2822 2253 2895 κέρδος
2283 2822 2580 2890 δυνάμενον
2613 2819 2955 2891 παρασχεῖν;
2997 2816 3210 2878 ’Ἄλλως
3242 2832 3305 2868 τε
3334 2816 3391 2868 δὲ
3410 2817 3442 2869 ἁ
3464 2813 3635 2867 στενά·

2064 2912 2174 2984 ζων
2206 2912 2255 2964 εἰ
2295 2910 2392 2981 μὲν
2423 2909 2508 2977 ἐφ’
2542 2903 2588 2978 ᾧ
2614 2907 2714 2978 τὴν
2741 2907 2900 2974 δίκην
2947 2905 3132 2960 λαϐεῖν
3193 2901 3514 2968 σπουδάζων
3549 2901 3638 2953 οὐκ

375 3001 493 3070 ipse
537 3015 639 3061 suo
665 3002 862 3056 ardore
921 3013 975 3058 et
1033 3003 1239 3073 impetu
1293 3016 1348 3056 et
1411 3001 1667 3056 incursus
1698 3000 1954 3068 violentia

2068 3002 2272 3065 ἔλαθεν,
2303 2995 2457 3065 οὗτος
2490 3003 2554 3070 τῇ
2591 2997 2757 3054 αὑτοῦ
2799 2998 2948 3070 ῥύμῃ
2976 2997 3065 3052 καὶ
3101 2997 3284 3065 κρίσει
3307 2996 3410 3050 ,καὶ
3445 2993 3517 3063 τῷ
3551 2991 3636 3058 τῆς

377 3092 633 3158 reddidit,
689 3094 735 3149 si
762 3095 942 3151 dicere
991 3094 1072 3150 fas
1130 3105 1232 3160 est,
1277 3094 1440 3147 etiam
1477 3093 1683 3163 aliquid
1716 3092 1958 3162 gravius,

376 3185 422 3240 si
457 3185 678 3255 quidem
709 3187 938 3242 ultionis
972 3187 1176 3241 bonum
1215 3187 1421 3241 exitum
1458 3185 1604 3240 illius
1641 3185 1731 3259 qui
1778 3185 1964 3239 nocuit

379 3293 567 3333 casum
614 3279 912 3334 existimat.
966 3280 1022 3334 Si
1079 3290 1266 3334 autem
1311 3278 1640 3349 ingemiscit,
1667 3276 1960 3330 vindictam

379 3375 562 3420 autem
617 3380 836 3420 sumere
881 3382 988 3420 non
1027 3367 1181 3429 vult,
1234 3365 1377 3418 virili
1426 3375 1607 3426 mente
1667 3364 1962 3423 mulierum

382 3456 852 3526 contemptibilem
891 3473 1119 3522 scenam
1167 3458 1491 3528 ingreditur,
1535 3457 1688 3511 itaut
1713 3466 1964 3526 oporteat

381 3563 573 3617 sapere
625 3549 842 3615 solum,
891 3559 947 3603 et
999 3550 1052 3604 in
1099 3550 1339 3619 seipsnm
1382 3550 1652 3612 converti,
1692 3559 1746 3604 et
1797 3565 1965 3605 scena

382 3637 547 3692 ﬁnem
598 3638 792 3704 habet,
839 3641 984 3710 quod
1028 3642 1249 3711 sapiens
1299 3650 1385 3696 est
1434 3651 1487 3695 et
1536 3639 1780 3702 facilius.
1823 3650 1879 3696 et
1919 3639 1965 3696 si
2033 3637 2036 3641 ’

383 3731 623 3787 volueris
666 3733 831 3786 etiam
875 3731 1008 3788 utile
1047 3743 1108 3787 et.
1149 3731 1394 3788 salutare
1442 3747 1507 3788 cx
1537 3732 1628 3787 Dei
1669 3744 1723 3787 et
1778 3732 1967 3788 fratris

383 3823 554 3878 nostri
587 3823 973 3881 exhortatione
993 3825 1190 3880 oritur.

826 3959 1158 4026 QU/ESTI‘J
1198 3960 1509 4016 CLXXXIII

669 4053 864 4122 [(Ioisl.
889 4051 1110 4109 CCVII.
1155 4052 1319 4108 Taur.
1355 4053 1660 4126 CXCVIII]

494 4166 636 4231 Quid
691 4170 756 4220 sit
795 4183 810 4220 :
848 4185 864 4215 ι
897 4165 1079 4220 Moschi
1134 4176 1182 4219 et
1238 4168 1449 4221 mmo/ca:
1495 4168 1763 4236 (adulteri
1805 4179 1854 4223 et
1943 4192 1947 4195 ·

989 4237 1266 4301 (Idultet'w)
1287 4241 1311 4289 ?
1339 4257 1356 4286 ι

2059 3097 2237 3170 ὁρμῆς
2294 3094 2681 3158 ἀνταπέδωκεν
2728 3093 3000 3163 ἀκρατεῖο
3055 3090 3105 3143 εἰ
3160 3090 3325 3165 θέμις
3379 3089 3424 3142 δ’
3462 3087 3635 3147 εἰπεῖν,

2060 3188 2161 3244 καὶ.
2209 3187 2548 3262 βαρύτερον·
2613 3186 2672 3250 ὃς
2731 3201 2795 3251 γε
2849 3184 2945 3240 καὶ
2969 3181 3259 3254 συμφορὰν
3308 3183 3523 3251 ἡγεῖται
3554 3178 3636 3230 τοῦ

2061 3279 2426 3353 ἀντιλυπῆσαι
2467 3278 2564 3332 τον.
2589 3277 2934 3348 λελυπηκότα
2979 3277 3268 3328 ἐκπεσεῖνο
3320 3272 3447 3326 εἰδὲ
3483 3270 3638 3325 στένει

2065 3373 2190 3443 μὲνι
2217 3371 2278 3425 ού
2309 3369 2559 3445 βούλεται
2586 3368 2629 3421 δ’
2669 3369 2884 3438 ἄμυναν
2903 3365 3114 3427 λαϐεῖν,
3149 3366 3206 3417 ἐν
3250 3363 3482 3434 ἀνδρείῳ
3521 3377 3640 3430 φρο-

2064 3467 2268 3534 νήματι
2343 3461 2620 3530 γυναικῶν
2681 3458 2976 3537 ὀλιγωρίας
3051 3456 3356 3527 ὑπέρχεται
3415 3453 3639 3522 σκηνήνσ

2064 3552 2208 3613 ὥστε,
2234 3551 2401 3622 vigui/att
2451 3551 2533 3605 δεῖ
2578 3549 2737 3618 μόνον
2769 3550 2864 3602 καὶ
2892 3549 2969 3606 είς
2992 3547 3182 3600 ἑαυτὸν
3217 3543 3635 3614 ἐπιστραφῆναι,

2065 3645 2161 3697 καὶ
2212 3646 2246 3713 ἡ
2298 3628 2476 3712 σκηνὴ
2520 3640 2860 3694 διαλέλυται·
2913 3639 3009 3694 καὶ
3046 3639 3108 3692 τὸ
3171 3638 3338 3708 σοφὸν
3392 3636 3528 3706 ἄρα,
3559 3633 3640 3686 καὶ

2064 3738 2126 3789 τὸ
2181 3736 2382 3806 ῥᾴδιον,
2424 3737 2472 3788 εἰ
2524 3733 2704 3804 βούλει
2751 3732 2808 3785 δὲ
2839 3731 2936 3786 καὶ
2957 3733 3020 3786 τὺ
3047 3729 3367 3784 λυσιτελοῦν
3410 3727 3504 3782 καὶ
3548 3743 3638 3778 σω-

2075 3830 2285 3902 τήριον,
2331 3832 2381 3900 ἡ·
2423 3830 2516 3882 τού
2561 3827 2884 3897 αδελφοθέου
2919 3825 3074 3897 βρύει
3107 3826 3454 3897 παραίνεσις,

2594 3963 2929 4020 ΕΡΩΤΠΣΙΣ
2968 3962 3143 4017 POH’.

2334 4167 2395 4220 Τί
2421 4163 2826 4232 ἐστι,ιΜοιχοὶ
2862 4163 2956 4216 καὶ
2985 4134 3360 4248 μοιχαλίδες
3387 4181 3404 4212 ι

1159 4347 1300 4398 Edita
1334 4363 1362 4396 a
1395 4348 1516 4400 Maio
1547 4349 1602 4409 (I.
1631 4365 1675 4400 c.
1702 4365 1750 4412 p.
1777 4349 1885 4410 108,
1923 4348 2052 4410 109).
2088 4370 2149 4382 ——
2172 4343 2444 4406 Exegetica
2482 4343 2544 4393 In
2575 4345 2710 4402 Jac.,
2744 4355 2808 4399 iv,
2835 4341 2877 4391 ί.

461 4463 716 4524 Nostram
761 4464 826 4517 ad
880 4464 1163 4534 passiones
1199 4463 1618 4533 peccaminosas
1650 4463 1961 4546 propensio-

2150 4460 2265 4529 Τὴν
2311 4456 2449 4526 πρὸς
2485 4453 2554 4508 τὰ
2598 4453 2747 4525 πάθη
2795 4446 2904 4505 τῶν
2954 4453 3380 4524 ἁμαρτηματων
3433 4459 3640 4546 ροπηνρ

393 4576 518 4614 nem
563 4559 861 4638 Apostolus
907 4556 964 4611 in
1015 4556 1154 4612 duas
1209 4557 1423 4627 species
1476 4558 1688 4616 dividit.
1760 4556 1974 4614 Etenim

393 4651 643 4713 HKPOIIUS
684 4657 769 4707 est
815 4649 908 4706 ille
948 4648 1043 4720 qui
1069 4663 1177 4708 non
1210 4649 1388 4704 solum
1414 4650 1484 4706 ab
1508 4666 1692 4706 amore
1721 4660 1774 4703 et
1801 4649 1978 4705 socie-

395 4753 505 4796 tate
535 4741 628 4798 Dei
659 4742 912 4807 discedit,
941 4741 1036 4798 sed
1065 4751 1120 4804 et
1147 4741 1242 4811 qui
1271 4742 1337 4798 ad
1363 4741 1716 4812 conjunctant
1745 4741 1968 4798 Christo

397 4849 529 4887 vero
574 4848 778 4904 sponse
826 4833 1067 4889 animant
1121 4833 1501 4902 abducendam
1538 4845 1761 4888 omnem
1791 4848 1978 4898 suram

400 4925 644 4992 confert,
699 4926 960 4997 illamque
1038 4925 1146 4982 sibi
1199 4925 1593 4996 coniungendo.
1650 4926 1701 4981 ei
1752 4926 1981 4982 moechae

399 5031 596 5070 nomen
627 5017 872 5085 imponit.
908 5017 950 5069 A
975 5016 1086 5071 Deo
1113 5016 1257 5070 enim
1283 5025 1595 5084 apostatare
1621 5025 1676 5070 et
1703 5017 1979 5072 metellum

399 5110 532 5166 facit
603 5118 906 5174 apestatam
965 5120 1020 5164 ct
1071 5112 1340 5166 moecham
1395 5129 1517 5182 qua-
1570 5113 1715 5167 illius
1769 5110 1982 5174 errores

401 5207 585 5256 secuta
637 5205 722 5252 est
779 5197 1039 5259 animam.
1098 5195 1305 5253 Moecha
1345 5211 1526 5254 autem
1576 5212 1725 5263 esset
1770 5201 1985 5270 proprie

403 5288 674 5360 loquendo
722 5286 810 5340 illa
862 5302 984 5356 quae
1029 5285 1283 5349 discessit
1313 5302 1340 5340 a
1375 5288 1574 5344 divinis
1629 5290 1888 5359 operibus
1931 5299 1988 5344 et

404 5364 700 5444 mandatis,
727 5388 780 5434 et
810 5378 876 5432 ad
912 5377 1100 5430 mundi
1145 5378 1370 5434 delicias
1407 5381 1712 5445 inclinavit,
1746 5383 1859 5437 sive
1882 5382 1986 5436 ali-

405 5490 516 5546 quo
547 5474 698 5530 illam
747 5471 1073 5540 decipiente,
1108 5473 1222 5527 sive
1269 5475 1582 5543 impellente
1631 5475 1990 5534 inclinatione

407 5565 648 5636 propria.
685 5561 864 5632 Nupta
894 5561 1039 5617 enim
1086 5559 1307 5617 Christo
1335 5578 1429 5630 per
1453 5563 1782 5631 baptismum
1811 5607 1825 5629 ,
1887 5580 1991 5618 nn-

409 5655 673 5728 ptialique
721 5663 776 5708 et
827 5667 964 5724 puro
1014 5663 1068 5705 et
1141 5651 1489 5711 immaculato
1519 5662 1640 5708 toro
1682 5653 1990 5725 inquinate,

413 5749 606 5807 turrito
635 5748 756 5805 talis
802 5746 983 5802 anima
1013 5745 1239 5802 moechae
1269 5745 1489 5800 modum
1523 5747 1717 5817 agendi
1743 5748 1986 5814 imitans,

2079 4545 2406 4608 Ἀπὸστολος
2438 4546 2518 4607 εἰς
2556 4541 2649 4595 δύο
2674 4541 2862 4614 τέμνει
2890 4539 3298 4611 διαφοράς·κώ
3325 4538 3432 4610 γὰρ
3475 4535 3640 4608 μοιχός

2081 4645 2230 4696 ἔστιν
2257 4642 2285 4693 ὁ
2319 4638 2396 4709 μὴ
2427 4636 2589 4708 μόνον
2615 4636 2809 4689 ἑαυτὸν
2842 4632 3128 4702 διαζεύξας
3147 4633 3246 4704 τῆς
3262 4632 3411 4695 θείας
3429 4629 3640 4702 στοργῆς

2082 4730 2178 4784 καὶ
2209 4725 2529 4796 συναφείας,
2572 4721 2711 4776 ἀλλὰ
2740 4721 2836 4778 καὶ
2861 4723 2889 4774 ὁ
2916 4720 3016 4792 τὴν
3047 4720 3417 4792 ἁρμοσθεῖσαν
3442 4715 3641 4791 Χριστῷ

2081 4821 2159 4892 τῷ
2186 4816 2426 4890 ἀληθινῷ
2458 4813 2679 4888 νυμφίῳ
2701 4812 2879 4886 ψυχὴν
2908 4812 3117 4871 ἐκεῖθεν
3151 4813 3465 4867 ἀποσπάσαι
3493 4826 3639 4864 σπουσ

2082 4913 2178 4984 δὴν
2228 4909 2640 4979 συνεισαγαγὼν
2687 4907 2783 4962 καὶ
2827 4908 2894 4979 τῇ
2955 4906 3092 4978 πρὸς
3151 4905 3342 4961 ἑαυτὸν
3400 4899 3638 4971 cavae-ala

2089 5007 2396 5080 μοιχαλίδος
2453 5005 2624 5074 αὐτὴν
2677 5003 2984 5075 ἐγκλήματι
3052 4999 3399 5076 περιϐαλών·
3445 4999 3500 5051 τὸ
3545 4993 3637 5063 γὰρ

2086 5101 2197 5164 ἀπὸ
2222 5099 2357 5153 Θεοῦ
2388 5097 2748 5166 ἀποστάσιον,
2799 5094 2986 5166 μοιχόν
3017 5110 3076 5146 τε
3115 5095 3264 5146 ποιεῖ
3287 5092 3376 5145 τὸν
3419 5087 3635 5152 ἀποστήο

2090 5209 2257 5253 σαντα
2317 5191 2412 5243 καὶ
2463 5188 2749 5260 μοιχαλίδα
2792 5186 2890 5258 τὴν
2939 5185 3451 5256 ἑπακολουθήσασαν
3493 5173 3634 5233 αὐτοῦ

2088 5284 2210 5346 ταῖς
2244 5281 2481 5342 ἀπάταις
2525 5278 2706 5350 ψυχήν
2734 5295 2747 5308 ’
2811 5276 3060 5348 μοιχαλὶς
3107 5275 3152 5328 δ’
3196 5276 3262 5328 ἂν
3316 5273 3401 5341 εἴη
3435 5268 3632 5338 κυρίως,

2089 5373 2210 5443 ἥτις
2244 5371 2528 5443 διεζεύχθη
2575 5371 2673 5441 μὲν
2703 5369 2811 5422 τῶν
2845 5368 3007 5422 θείων
3036 5366 3216 5437 ἔργων
3270 5365 3363 5417 καὶ
3390 5373 3636 5434 προσταγ-

2096 5467 2281 5537 μάτων
2311 5465 2405 5518 καὶ
2455 5463 2591 5535 πρὸς
2636 5463 2735 5526 τὰς
2786 5463 3063 5533 κοσμικὰς
3115 5460 3399 5515 ἀπέκλινεν
3446 5453 3629 5524 ἡδονὰς.

2093 5559 2202 5611 εἴτε
2229 5557 2372 5620 τινος
2411 5553 2580 5628 αὐτὴν
2629 5553 3034 5618 ἐξαπατῶντος,
3074 5553 3185 5606 εἴτε
3212 5552 3302 5606 καὶ
3345 5546 3539 5608 οἴκοθεν
3567 5542 3633 5594 oi-

2097 5650 2573 5722 στρηλατουμένης
2596 5665 2610 5678 ·
2649 5649 3086 5719 συναρμοσθεῖσα
3143 5645 3251 5718 γὰρ
3279 5641 3409 5713 αὕτη
3439 5638 3520 5693 διὰ
3549 5631 3628 5687 τοῦ

2099 5742 2473 5814 βαπτίσματος
2520 5741 2596 5814 τῷ
2659 5737 2902 5812 Χριστῷ,
2953 5741 3046 5793 καὶ
3089 5739 3188 5803 τὰς
3242 5731 3500 5808 νυμφικὲς
3549 5739 3629 5781 κει
