3828 6202
206 236 296 301 331
966 234 1067 293 AD
1099 231 1694 297 AMPHILOCHIUM
1729 234 1775 308 Q

1880 234 2074 297 ESTIO
2113 235 2764 302 CLXXVII-CLXXIX.

3365 239 3469 303 882

205 340 591 414 ἁειπαρθένους
620 341 713 396 καὶ
747 339 1047 414 ἁμιάντους
1099 338 1437 409 ἐνυϐρίσασα
1482 339 1775 404 παστάδας,

1891 356 2087 397 nomen
2124 340 2284 397 factis
2329 357 2641 400 consonans
2696 349 2936 419 recipere
2972 350 3159 407 debet.
3212 351 3268 405 Si
3320 353 3464 406 enim

206 436 418 500 εἰκότως
467 437 501 504 ἡ
556 434 781 506 τοιαύτη
847 432 995 506 ψυχὴ
1057 431 1365 503 μοιχαλίδος
1422 431 1767 503 ὑποδυομένη

142 562 145 563 ν
206 527 396 598 πρᾶξιν
447 528 541 581 καὶ
582 526 775 596 κλῆσιν
807 524 924 581 ἔστι
976 526 1039 595 τῇ
1094 523 1291 595 πράξει
1335 522 1778 594 ἐναρμοςομένην

204 615 585 687 ἀναδέχεσθαι·
637 615 978 685 πολύτροπον
1009 614 1065 666 δὲ
1096 613 1190 668 καὶ
1231 612 1293 665 τὸ
1331 611 1425 665 τοῦ
1460 610 1650 682 μοιχοῦ
1686 615 1778 665 καὶ

204 711 258 761 τὸ
301 708 399 775 τῆς
450 706 801 778 μοιχαλίδος·
852 705 923 760 ἄν
962 720 1022 761 τε
1079 703 1188 773 γὰρ
1237 702 1415 773 ἔρωτα
1476 702 1779 774 χρημάτων

205 800 511 874 προτιμήσῃ
537 797 775 871 Χριστοῦ
819 798 914 851 κα).
968 795 1304 867 παρακαλῶν
1336 794 1533 857 ἄλλους
1565 796 1644 856 είς
1676 793 1775 863 τὴν

204 892 387 963 ὁμοίαν
426 891 627 961 πρᾶξιν
666 890 1064 961 παρεπιχειρῇ,
1126 887 1320 958 μοιχάς
1356 889 1471 939 ἐστι
1522 886 1618 940 καὶ
1652 902 1773 956 μοι-

203 984 350 1057 χαλὶς
377 984 411 1052 ἡ
446 982 741 1053 πειθομένη
763 998 776 1011 ·
822 980 888 1034 ἄν
919 998 977 1033 τε
1007 979 1165 1045 δόξαν
1192 979 1290 1050 τὴν
1335 981 1393 1031 ἐν
1438 976 1515 1048 τῷ
1552 976 1672 1047 βίῳ,
1707 977 1774 1031 ἄν

202 1093 257 1128 τε
284 1073 510 1145 ῥεούσας
538 1073 705 1137 άλλας
736 1072 951 1144 ἡδονὰς,
997 1072 1062 1127 ἄν
1112 1072 1173 1125 τέ
1214 1088 1359 1134 τινος
1388 1070 1553 1137 ἄλλης
1584 1071 1775 1139 χρείας

205 1167 291 1225 καὶ
323 1165 565 1236 τέρψεως
600 1163 1113 1235 καταγοητευούσης
1170 1164 1231 1216 τὸ
1283 1161 1627 1228 αὐτεξούσιον
1674 1162 1775 1230 τῆς

204 1257 370 1329 ψυχῆς
400 1256 496 1310 καὶ
523 1255 931 1325 ύποταττούσης
956 1253 1034 1323 τῷ
1067 1255 1378 1325 φρονήματι
1414 1253 1515 1322 τῆς
1548 1252 1772 1324 σαρκὸς,

209 1348 447 1421 μοιχαλίς
472 1351 619 1403 ἐστιν
647 1348 931 1423 ἡτοιαύτη
962 1348 1123 1400 ἀθλία
1152 1347 1322 1421 ψυχὴ,
1376 1347 1471 1400 καὶ
1509 1346 1615 1409 τῶν
1653 1363 1774 1416 μοι·

204 1441 426 1511 χαλίδων
479 1434 568 1503 αἷς
632 1440 949 1510 ἐλέγχονται
1006 1442 1274 1511 χρεωστεῖ
1323 1441 1625 1509 παρασχεῖν
1673 1438 1772 1501 τὰς

203 1532 386 1594 ποινάς
414 1549 428 1563 ·
466 1532 661 1587 πολλαὶ
694 1532 793 1601 μὲν
823 1531 913 1587 οὖν
945 1532 1051 1584 είσι
1098 1532 1429 1601 μοιχαλίδες,
1461 1531 1557 1585 καὶ
1591 1530 1770 1598 ὀλίγον

204 1624 451 1686 ἐλάττους
486 1624 662 1693 μοιχοί
688 1640 699 1652 ·
735 1625 999 1693 πράττειν
1033 1624 1132 1693 μὲν
1158 1609 1267 1694 γάρ
1296 1622 1331 1676 ἃ
1368 1623 1442 1693 μὴ
1472 1623 1589 1684 δεῖ,
1633 1620 1766 1675 πολ-

200 1715 302 1778 λοῖς
330 1714 445 1767 ἐστι
472 1716 539 1769 δι’
574 1716 907 1785 ἀπροσεξίαν
938 1716 1153 1771 ἑλέσθαι
1175 1731 1187 1743 ·
1222 1715 1442 1783 ἐτέρους
1473 1713 1529 1765 δὲ
1564 1715 1642 1776 είς
1672 1712 1769 1781 τὴν

201 1807 363 1877 αὐτὴν
410 1806 745 1878 ἁνερεθίζειν
791 1808 989 1878 πρᾶξιν
1044 1808 1138 1860 καὶ
1186 1809 1265 1871 είς
1299 1805 1647 1876 παράκλησιν
1677 1805 1775 1875 τῆς

200 1899 463 1967 ὲκθέσμου
526 1903 813 1971 μιμήσεως
880 1900 1040 1968 ἄγειν
1098 1902 1197 1954 καὶ
1246 1900 1602 1970 παράδειγμα
1662 1900 1775 1961 τοῖς

200 1990 367 2053 ἄλλοις
411 1993 679 2061 μηδαμῶς
742 1992 1080 2062 ὲπερυθριᾷν
1108 1992 1170 2044 τὸ
1213 1992 1415 2045 οἰκεῖον
1467 1991 1774 2059 ἁμάρτημα

200 2083 487 2144 ποιεῖσθαι,
522 2085 622 2137 ούκ
650 2084 767 2136 ἔστι
790 2084 896 2137 τῶν
925 2084 1154 2149 πολλῶν,
1183 2083 1321 2136 ἀλλὰ
1344 2083 1454 2135 τῶν
1487 2082 1567 2145 εἰς
1598 2082 1774 2151 ἄκραν

200 2173 445 2238 πώρωσιν
497 2173 874 2245 ἐληλακὸτων·
922 2175 1001 2227 διὸ
1049 2174 1192 2227 καὶὸ
1246 2174 1570 2237 Ἀπὸστολός
1615 2190 1773 2245 φησι,

204 2266 418 2335 (Μοιχοὶ
445 2271 542 2323 καί
569 2266 893 2337 μοιχαλίδες·
910 2285 927 2317 ι
951 2268 1015 2318 τὸ
1030 2267 1136 2320 τῶν
1175 2268 1377 2341 μοιχῶν
1395 2265 1467 2328 ὡς
1488 2268 1579 2321 ἐπὶ
1608 2266 1775 2334 κακίᾳ

200 2358 254 2410 τὸ
295 2362 562 2428 πρωτεῖον
625 2360 859 2429 ἐχόντων
920 2352 1213 2428 προτάττει
1242 2360 1371 2417 .τῶν
1426 2359 1773 2429 μοιχαλίδων.

1884 446 2125 488 amorem
2178 432 2492 488 divitiarum
2532 435 2753 492 Christo
2804 443 3130 509 praetuleris,
3163 452 3217 498 et
3238 444 3372 498 alios
3398 446 3463 499 ad

1880 523 2134 577 eumdem
2180 516 2375 593 agendi
2427 526 2653 592 modum
2692 530 3167 588 exhortationibus
3194 536 3464 589 adducere.

1881 614 2197 676 tentaveris,
2252 615 2465 669 mrecha
2498 625 2553 671 et
2603 619 2853 674 adultera
2894 632 2977 678 est
3017 641 3143 694 quae
3190 624 3354 680 fuerit
3386 628 3459 681 al-

1880 701 2040 767 lecta,
2083 703 2128 757 si
2165 704 2395 773 gloriam
2443 723 2565 776 qua:
2606 718 2691 763 est
2722 710 2775 764 in
2806 711 2937 773 vita,
2968 724 3020 767 et
3070 715 3304 770 caducas
3330 716 3464 772 alias

1878 793 2105 850 delicias
2149 795 2373 852 Christo
2405 801 2733 868 pratuleris,
2786 814 2838 858 et
2895 805 2939 859 si
2976 806 3303 874 quibusdam
3337 809 3460 864 aliis

1878 886 2245 945 delinimentis
2274 898 2329 944 et
2353 891 2646 957 illecebris,
2679 896 2878 949 animas
2908 896 3142 951 liberum
3170 901 3460 956 arbitrium

1878 978 2257 1047 fascinaveris,
2300 990 2355 1037 et
2401 986 2585 1040 carnis
2630 986 2921 1043 desideriis
2951 989 3273 1056 subieceris,
3307 994 3464 1048 adul-

1881 1080 1993 1127 tera
2058 1082 2142 1128 est
2189 1074 2294 1129 ista
2345 1075 2675 1133 miserabilis
2728 1079 2934 1143 anima,
2978 1090 3032 1134 et
3068 1082 3461 1138 adulteriorum

1876 1179 2109 1234 quorum
2139 1181 2230 1220 rea
2257 1174 2341 1221 est
2376 1182 2565 1236 poenas
2593 1171 2723 1224 dare
2751 1171 2930 1225 debet.
2954 1171 3135 1228 Multae
3162 1183 3291 1228 sunt
3334 1190 3463 1246 ergo

1876 1258 2123 1323 mcechae,
2166 1267 2217 1312 et
2237 1259 2398 1327 paulo
2442 1260 2621 1314 minor
2659 1272 2743 1317 est
2793 1279 3056 1321 numerus
3098 1267 3460 1321 moechorum.

1873 1347 2047 1418 Agere
2075 1350 2219 1403 enim
2252 1366 2373 1420 qua:
2405 1368 2510 1404 non
2556 1363 2808 1422 oportet,
2842 1356 3029 1411 multis
3061 1373 3156 1425 per
3186 1360 3465 1427 negligen-

1877 1438 2005 1493 tiam
2052 1439 2251 1507 eligere
2294 1438 2454 1495 facile
2481 1451 2583 1505 est,
2635 1453 2852 1498 exteros
2899 1453 3081 1501 autem
3112 1447 3181 1500 ad
3209 1447 3459 1505 eumdem

1873 1532 2063 1601 agendi
2095 1532 2318 1585 modum
2353 1534 2630 1588 attrahere
2673 1545 2726 1588 et
2770 1535 2837 1589 ad
2870 1536 3230 1591 imitationem
3264 1538 3459 1608 impie-

1875 1624 2004 1677 tatis
2035 1623 2287 1689 incitare,
2320 1634 2373 1678 et
2402 1626 2523 1679 aliis
2554 1642 2653 1681 sua
2686 1628 2901 1696 propria
2932 1638 3152 1697 peccata
3183 1630 3236 1683 in
3260 1645 3454 1684 exem-

1884 1715 2029 1784 plum
2062 1715 2182 1770 sine
2206 1716 2404 1771 rubore
2450 1719 2716 1787 praebere,
2760 1736 2866 1774 non
2899 1731 2981 1775 est
3011 1723 3329 1783 multorum,
3366 1724 3460 1777 sed

1882 1823 2072 1862 eorum
2114 1809 2211 1877 qui
2254 1807 2319 1862 ad
2351 1819 2658 1863 extremam
2706 1814 3009 1869 caecitatem
3049 1814 3269 1882 impulsi
3309 1825 3457 1868 sunt.

1882 1898 2066 1968 Itaque
2095 1901 2393 1969 Apostolus
2417 1902 2551 1959 dicit
2571 1902 2797 1958 lMtBChi
2819 1912 2872 1957 et
2904 1906 3151 1961 mmchaa.
3178 1924 3195 1956 ι
3222 1906 3461 1960 Μωοὶιοε

1873 1994 1932 2041 ut
1966 1990 2201 2055 primum
2256 1990 2434 2043 locum
2483 1990 2539 2043 in
2582 1991 2726 2043 malo
2772 1991 3025 2046 habentis
3064 2006 3188 2047 ante
3221 1996 3461 2047 moechas

1874 2082 2048 2151 ponit.
2110 2080 2302 2137 Omnis
2327 2084 2473 2136 enim
2509 2084 2715 2151 peccati
2750 2084 3034 2152 instigator
3063 2100 3255 2138 eorum
3281 2086 3374 2153 qui
3405 2085 3461 2137 in

1874 2170 2070 2238 seipsis
2102 2181 2383 2239 peccatum
2411 2173 2896 2238 circumscribunt,
2930 2176 3199 2244 duplicem
3231 2190 3463 2230 accusa-

1876 2264 2077 2317 tionem
2111 2265 2365 2329 incurrit,
2410 2275 2464 2319 et
2511 2266 2638 2335 quia
2673 2267 2789 2336 ipse
2821 2268 3002 2337 periit,
3039 2277 3095 2323 et
3117 2268 3246 2337 quia
3285 2275 3458 2323 ciete-

1877 2372 1970 2411 ros
2004 2374 2127 2411 cum
2170 2359 2260 2412 illo
2297 2360 2521 2425 perdere
2560 2358 2815 2413 tentavit.

201 2453 306 2514 Πᾶς
333 2451 441 2519 γὰρ
482 2452 753 2521 ἁμαρτίας
782 2452 1101 2515 διδάσκαλος
1150 2452 1257 2504 τῶν
1292 2454 1370 2515 εἰς
1400 2454 1628 2514 ἑαυτοὺς
1662 2452 1758 2520 τὴν
1798 2449 2074 2519 ἁμαρτίαν
2141 2455 2615 2523 περιγραφόντων,
2649 2456 2871 2511 διπλοῦν
2935 2456 3087 2525 αύτῷ
3120 2455 3178 2509 τὺ
3209 2455 3461 2526 ἔγκλημα

200 2540 578 2609 ἐπιγράφεται,
610 2541 705 2595 καὶ
738 2536 817 2598 οἷς
868 2542 1029 2605 αὐτὸς
1056 2542 1247 2606 ὄλωλε,
1293 2544 1386 2596 καὶ
1416 2536 1496 2605 οἷς
1552 2543 1774 2611 έιέρους
1813 2542 2143 2611 ἐπεχείρησε
2176 2544 2597 2601 συναπολλύναι.

693 2640 1033 2695 ΕΡΩΤΗΣΙΣ
1066 2640 1235 2693 ΡοΘ’.

205 2736 260 2791 Τί
288 2735 469 2802 δηλοῖ
496 2735 565 2788 τὸ
598 2733 703 2787 τοῦ
735 2733 1123 2802 Ἀποοξτόλουο
1164 2752 1180 2781 ι
1204 2729 1571 2799 Ὑποτάγητε
1601 2728 1771 2802 πείσῃ

264 2800 606 2874 ἀνθρωπίνῃ
659 2804 853 2857 κτίσει
888 2801 985 2855 διὰ
1032 2806 1137 2856 τὸν
1168 2804 1426 2870 Κύριον,
1475 2802 1556 2867 ὠς
1607 2800 1778 2855 ἐλεύ-

262 2881 438 2944 θερος
471 2897 487 2927 ι

1880 2637 2211 2704 ρυτΕεΤιΟ
2228 2630 2506 2697 CLXXIX.
2529 2642 2713 2713 [CoisL
2738 2642 2962 2708 CCVIII,
2988 2642 3460 2715 Taur.C‘XCLXl.]

1886 2732 2026 2796 Quid
2090 2733 2353 2801 signiﬁcat
2414 2736 2511 2787 hoc
2559 2735 2796 2802 Apostoli
2875 2740 3120 2791 verbum:
3178 2755 3195 2786 ι
3226 2736 3462 2804 Subjecli

1959 2812 2125 2924 estalt:
2160 2804 2301 2924 uni?ni
2330 2804 2575 2857 humana:
2605 2816 2879 2871 creaturw,
2913 2817 3124 2875 propter
3154 2807 3459 2868 Dominum,

1961 2883 2017 2924 ut
2077 2890 2090 2923 ι
2130 2889 2204 2924 eri
2282 2892 2300 2923 ι

933 3018 1077 3069 Edita
1100 3033 1125 3067 a
1153 3016 1278 3067 Maio
1304 3018 1355 3080 (l.
1385 3031 1427 3066 c.
1454 3017 1635 3080 p.109,
1663 3017 2153 3080 lil).—Exegetica
2175 3020 2236 3067 In
2274 3024 2297 3066 Ι
2329 3021 2437 3070 Pet.
2467 3035 2519 3081 ιι,
2552 3018 2719 3068 13-46.

262 3110 431 3167 Τοῦτο
461 3110 526 3180 δὴ
550 3109 612 3162 τὸ
650 3108 811 3180 ῥητὸν
833 3111 946 3171 τοῖς
968 3106 1224 3175 ἀνωτέρω
1248 3105 1609 3158 συνάπτεται·
1632 3099 1764 3170 οἷον,
1791 3112 1835 3173 ρ

204 3220 223 3252 ι
242 3201 578 3271 Ὑποτάγητε
612 3200 759 3269 πάσῃ
784 3197 1100 3268 ἀνθρωπίνῃ
1123 3196 1301 3250 κτίσει
1330 3195 1415 3248 διὰ
1437 3199 1528 3248 τὸν
1548 3195 1773 3266 Κύριον,

204 3287 272 3346 ὡς
318 3288 618 3355 ἐλεύθεροι,
652 3304 673 3338 ›
734 3286 1001 3347 τουτέστι,
1038 3286 1113 3355 μὴ
1155 3284 1247 3338 διὰ
1272 3285 1367 3337 τὸν
1396 3286 1778 3355 ἐπηρτημένον

203 3380 320 3447 ὑμῖν
343 3380 457 3434 ἀπὸ
482 3382 581 3450 τῆς
612 3380 883 3443 πολιτείας
913 3379 1096 3447 φόΰοψ
1129 3379 1179 3431 οἱ
1228 3378 1340 3450 γὰρ
1367 3377 1513 3433 οὕτω
1536 3381 1777 3433 ὑποτασ·

203 3475 410 3544 σόμενοι
487 3474 587 3545 τὴν
616 3473 725 3526 τῶν
753 3473 956 3526 δούλων
984 3470 1141 3536 τάξιν
1173 3472 1523 3542 ὑπέρχονται·
1561 3472 1657 3525 καὶ
1702 3471 1779 3535 ὡς

200 3564 366 3618 δοῦλοι
430 3565 535 3634 τὴν
579 3564 859 3635 ὑποταγὴν
923 3564 1359 3623 ύποδείκνυνται,

209 3656 427 3725 μὲνοτὰς
458 3656 737 3710 δεσποτῶν
797 3655 1033 3725 πληγὰς,
1085 3655 1412 3726 φοϐούμενοι
1449 3656 1507 3709 δὲ
1543 3656 1643 3719 τὰς
1668 3655 1775 3707 τῶν

200 3748 369 3819 νόμων
416 3748 649 3813 ἀπειλὰς
701 3749 795 3801 καὶ
837 3748 927 3818 ,τῷ
986 3746 1097 3799 δέει
1158 3747 1295 3817 πρὸς
1347 3747 1459 3815 τὴν
1490 3746 1774 3817 ὑποταγὴν

203 3843 614 3914 συνωθούμενοι.
654 3842 711 3895 '0
741 3842 796 3899 δὲ
820 3840 910 3893 διὰ
948 3840 1040 3893 τὸν
1070 3839 1283 3909 Κύριον
1307 3839 1773 3909 ὑποτασσόμενος,

204 3929 308 3987 οἷον
335 3938 362 3991 ὀ
396 3934 719 4005 πειθαρχῶν
751 3935 872 3995 ταῖς
896 3934 1261 3995 Δεσποτικαῖς
1302 3930 1588 3993 ὲντολαῖς,’
1625 3930 1776 3984 ἐλεύ-

205 4022 350 4090 θερος
403 4025 511 4096 μέν
570 4026 689 4079 ἐστι
726 4024 932 4086 παντὸς
980 4021 1227 4090 ἐπιγείου
1264 4020 1453 4089 φόϐου,
1492 4019 1774 4091 ἐλεύθερος

202 4119 253 4172 δὲ
306 4118 542 4195 ὑποψίας
590 4116 937 4187 ὲπισειούσης
991 4115 1213 4178 ποινάς·
1264 4114 1344 4184 τῷ
1393 4114 1547 4184 πόθῳ
1587 4113 1644 4165 δὲ
1695 4112 1773 4183 τῷ

203 4210 514 4281 Δεσποτικῷ
559 4210 655 4263 καὶ
691 4213 756 4280 τῇ
804 4209 1132 4280 συντηρήσει
1181 4206 1290 4262 τῶν
1339 4206 1566 4260 ἐντολῶν
1621 4205 1772 4271 ἐξευ-

203 4304 421 4370 γενίζων
447 4302 645 4356 ἑαυτοῦ
675 4301 774 4372 τὴν
799 4300 998 4371 ψυχὴν,
1034 4301 1127 4353 καὶ
1149 4298 1325 4361 οὕτως
1349 4301 1414 4369 τῇ
1451 4298 1769 4369 ἀνθρωπίνῃ

203 4396 412 4468 ἐξουσία
459 4397 643 4466 φέρων
692 4394 940 4448 ἑκούσιον
990 4394 1085 4463 τὴν
1133 4392 1449 4461 ὑποταγὴν.
1477 4389 1686 4452 Ἀλλως
1711 4406 1769 4442 τε

1442 3564 1612 3631 φοϐού
1620 3582 1775 3634 μενοι

1941 3106 2065 3161 [hec
2086 3106 2245 3160 verba
2266 3122 2388 3161 cum
2409 3123 2575 3177 supra
2599 3108 2758 3162 dictis
2776 3116 3201 3167 connectuntur.
3221 3111 3294 3168 Su
3305 3113 3461 3184 bj‘ecti

1881 3204 2055 3250 estote
2083 3194 2231 3249 omni
2262 3207 2528 3250 creaturae
2554 3196 2808 3251 humanae
2832 3236 2847 3261 ,
2882 3207 3105 3267 propter
3141 3199 3457 3269 Dominum,

1880 3287 1934 3340 id
1966 3296 2071 3349 est,
2109 3303 2217 3340 non
2261 3301 2482 3357 propter
2517 3289 2799 3344 incussum
2847 3291 3004 3345 vobis
3039 3306 3066 3343 a
3100 3294 3462 3362 gubernanti-

1881 3379 1982 3433 bus
2013 3380 2259 3433 timorem
2289 3398 2303 3446 ;
2334 3380 2427 3450 qui
2458 3385 2605 3435 enim
2647 3383 2718 3435 ita
2748 3383 3150 3437 submittuntur
3177 3400 3458 3440 servorum

1877 3486 2139 3541 personas
2160 3480 2364 3541 agunt;
2395 3483 2448 3527 et
2477 3474 2616 3528 sicut
2638 3476 2779 3528 servi
2809 3475 3173 3529 obedientiam
3200 3479 3458 3544 praebent,

1881 3565 2131 3618 timentes
2152 3565 2497 3619 dominorum
2522 3566 2726 3635 plagas,
2750 3568 3003 3621 timentes
3035 3568 3210 3638 legum
3246 3571 3451 3633 minas,

1877 3668 1932 3711 et
1962 3656 2157 3711 timore
2179 3658 2243 3711 ad
2282 3658 2653 3712 obedientiam
2687 3658 2930 3727 impulsi.
2958 3658 3060 3724 Qui
3093 3672 3271 3714 autem
3301 3676 3461 3731 ιιι-οι)-

1878 3757 1959 3802 ter
1990 3748 2282 3807 Domitium
2319 3748 2630 3816 subjicitur,
2665 3751 2716 3804 id
2747 3760 2852 3814 est,
2887 3752 2980 3819 qui
3012 3754 3315 3807 voluntarie
3347 3754 3455 3806 Do-

1877 3840 2095 3894 minicis
2129 3841 2402 3895 mandatis
2447 3842 2651 3904 obedit,
2687 3842 2822 3896 liber
2850 3852 2934 3896 est
2964 3844 3033 3898 ab
3063 3846 3212 3898 omni
3242 3856 3460 3899 terreno

1876 3930 2093 3996 timore,
2131 3930 2269 3983 liber
2292 3941 2375 3984 est
2406 3931 2473 3984 ab
2504 3933 2651 3985 omni
2696 3934 3066 3996 acetisatione,
3104 3934 3240 3988 liber
3274 3943 3358 3987 est
3391 3936 3459 3989 ab

1876 4023 2023 4077 omni
2063 4022 2375 4090 su3pieione
2423 4037 2613 4091 paruas
2662 4025 2987 4077 attrahente.
3039 4026 3237 4077 Amore
3274 4037 3457 4079 autem

1875 4115 2114 4179 Domini,
2148 4122 2203 4169 et
2242 4116 2623 4169 mandatorum
2664 4116 2980 4185 impletione
3011 4117 3250 4169 animam
3334 4132 3452 4172 mar-

1876 4206 2117 4277 gniﬁeat,
2147 4215 2202 4260 et
2223 4209 2296 4261 ita
2332 4208 2587 4276 potentiae
2618 4207 2870 4261 humana:
2922 4207 3289 4262 voluntariam
3325 4210 3457 4262 ohe-

1875 4300 2130 4356 dientiam
2161 4300 2379 4370 praebet.
2408 4301 2643 4354 Aliunde
2672 4308 2852 4353 autem
2878 4315 3000 4354 cum
3036 4300 3203 4353 semel
3233 4315 3331 4354 nos
3371 4316 3458 4353 re~

1876 4395 2125 4462 demptos
2165 4408 2261 4461 per
2292 4407 2453 4446 suum
2487 4403 2737 4445 sanctum
2783 4392 3102 4460 sanguinem
3130 4408 3159 4445 ιι
3188 4400 3457 4460 potestate

202 4488 254 4540 δὲ
302 4490 535 4559 ἔπειπερ
583 4487 730 4554 ἅπαξ
777 4485 1247 4556 ὲξαγορασθέντας
1295 4485 1442 4554 ἡμᾶς
1494 4483 1573 4552 τῷ
1604 4482 1771 4553 τιμίῳ

1880 4483 2080 4537 diaboli
2108 4483 2308 4536 liberos
2349 4498 2446 4536 nos
2475 4482 2651 4535 eﬂ‘ecit
2678 4481 2929 4535 Christus
2950 4523 2965 4546 ,
2998 4497 3066 4535 ne
3099 4483 3225 4550 quis
3262 4482 3407 4535 dicat
3441 4500 3455 4535 :

204 4581 388 4649 αἵματι
408 4580 575 4634 αὐτοῦ
594 4581 694 4650 τῆς
718 4580 830 4633 τῶν
844 4578 1106 4631 διαδὸλων
1125 4577 1439 4647 τυραννίδος
1456 4575 1775 4645 ἐλευθέρους

206 4673 473 4741 ἀπέφηνεν
502 4675 531 4726 ὁ
558 4671 790 4743 Χριστός
813 4688 826 4702 ·
865 4672 952 4723 ἵνα
1001 4670 1074 4741 μή
1116 4687 1200 4733 τις
1228 4670 1361 4738 λέγῃ
1388 4685 1402 4700 ·
1446 4669 1509 4722 Ei
1540 4668 1773 4736 γεγόνα-

210 4781 301 4833 μεν
324 4765 617 4835 ὲλεύθεροι,
641 4762 759 4825 πῶς
782 4762 944 4816 πάλιν
964 4761 1287 4823 ύποτάττεις
1312 4762 1424 4823 τοῖς
1455 4759 1776 4829 ὲγκοσμίοις

207 4854 455 4926 ἄρχουσιν
500 4855 690 4926 inde;
736 4853 824 4916 Ὣς
855 4851 1319 4920 ὲλεύθεροι,λέγω,
1352 4851 1539 4919 φησὶν,
1574 4847 1776 4903 ὑποτά-

206 4963 351 5018 γητε,
384 4948 665 5001 τουτέστιν
706 4945 927 5008 ἑκόντες
962 4944 1070 4998 ἀπὸ
1118 4943 1366 5013 γνώμης,
1419 4946 1483 4996 ἐκ
1517 4941 1776 5012 προαιρέ-

208 5053 365 5099 σεωςο
402 5038 594 5105 ῶσπερ
623 5036 731 5107 γὰρ
760 5035 961 5088 δούλων
999 5036 1061 5088 τὸ
1088 5035 1340 5088 ἀκούσιον
1375 5036 1468 5087 καὶ
1499 5050 1776 5104 κατηναγ-

212 5129 473 5197 κασμένον
534 5129 630 5180 καὶ
679 5127 1043 5197 ἀπροαίρετον
1086 5143 1102 5156 ·
1149 5126 1321 5188 οὕτως
1375 5112 1674 5195 ἐλευθέρων
1718 5124 1778 5177 τὸ

214 5217 469 5284 ἑκούσιον,
513 5218 608 5271 καὶ
660 5218 829 5289 χωρὶς
877 5218 1123 5287 ἀνάγκης
1174 5220 1268 5270 καῖ
1294 5218 1773 5288 αὐτοπροαίρετον.

213 5308 374 5363 Ὀταν
418 5307 512 5364 οὖν
542 5311 760 5373 ἑκόντες
793 5309 1232 5380 ὑποτασσώμεθα
1276 5312 1389 5371 τοῖς
1420 5311 1777 5370 Δεσποτικοῖς

212 5402 385 5470 νόμοις
417 5402 748 5471 πειθόμενοι,
797 5401 895 5471 τὴν
939 5401 1251 5472 ἐλευθερίαν
1285 5402 1482 5471 μᾶλλον
1513 5399 1773 5470 κρατύνο-

217 5508 326 5559 μεν,
359 5494 451 5545 καὶ
483 5493 664 5557 ἀξίους
696 5494 845 5561 ἡμᾶς
872 5493 973 5562 τῆς
1017 5492 1226 5562 δωρεᾶς
1258 5492 1463 5562 ταύτης
1494 5490 1773 5561 παριστῶ-

220 5598 307 5651 μεν
358 5586 450 5636 καὶ
512 5584 953 5652 ἐπιδεικνύμεθα.
1008 5580 1103 5647 Οἷς
1163 5584 1271 5654 γὰρ
1329 5584 1420 5636 τὸν
1498 5582 1773 5650 Δεσπότην

219 5678 474 5748 τιμῶμεν,
523 5681 633 5744 τοῖς
688 5678 853 5732 αὐτοῦ
894 5679 1083 5751 νόμοις
1128 5679 1385 5747 ἀγόμενοι
1438 5676 1772 5750 περιχαρῶς,

1876 4572 1931 4625 Si
1965 4572 2122 4627 liberi
2159 4571 2286 4627 facti
2334 4582 2562 4635 sumus,
2614 4586 2787 4642 quare
2828 4570 3021 4623 iterum
3074 4571 3297 4625 obedias
3351 4571 3459 4625 illis

1874 4667 1965 4737 qui
1998 4666 2050 4719 in
2081 4666 2183 4720 hoc
2216 4664 2420 4718 mundo
2458 4664 2620 4718 nobis
2647 4664 2919 4731 imperant
2948 4679 2964 4728 ;
3009 4671 3068 4715 ut
3091 4663 3272 4728 liberi,
3310 4664 3455 4727 dico,

1873 4753 2070 4821 inquit,
2113 4753 2367 4819 obedite;
2408 4752 2459 4806 id
2503 4761 2620 4816 est,
2656 4752 2969 4805 voluntarie
2998 4768 3065 4806 ex
3095 4754 3454 4818 conscientia,

1873 4857 1940 4897 ex
1967 4843 2253 4897 electione.
2292 4842 2447 4897 Sicut
2489 4843 2635 4896 enim
2678 4858 2963 4897 servorum
3010 4854 3097 4897 est
3144 4845 3456 4898 involunta-

1876 4936 2018 4989 rium
2049 4944 2102 4988 et
2144 4936 2515 4990 necessarium
2547 4944 2599 4989 et
2626 4946 2900 5000 coactum,
2935 4937 3007 4989 ita
3038 4935 3333 4991 liberorum
3371 4949 3455 4991 est

1872 5028 2242 5083 voluntarium
2283 5038 2336 5083 et
2375 5029 2604 5084 liberum
2651 5038 2704 5083 et
2733 5031 2986 5083 electum.
3018 5030 3153 5084 Cum
3192 5046 3319 5099 ergo
3358 5048 3456 5083 vo-

1873 5122 2109 5178 luntarie
2130 5122 2339 5193 legibus
2358 5121 2652 5177 Dominicis
2675 5122 2962 5175 obedimus
2983 5139 3049 5176 ex
3075 5125 3451 5191 persuasione,

1875 5216 2180 5270 libertatem
2212 5215 2383 5284 magis
2422 5215 2845 5270 eorroboramus
2883 5222 2937 5269 et
2965 5215 3128 5285 hujus
3166 5214 3294 5268 doni
3371 5215 3454 5267 di-

1877 5322 2013 5376 gnos
2041 5323 2137 5361 nos
2152 5308 2917 5362 exhibcmusetostendimus.
2945 5306 3081 5360 Cum
3103 5307 3248 5358 enim
3273 5318 3452 5373 regem

1881 5402 2235 5468 honoramns,
2276 5401 2484 5471 legibus
2516 5400 2663 5455 illius
2695 5403 2836 5475 ultro
2877 5400 3211 5464 servientes,
3248 5399 3451 5452 donum

1882 5508 1983 5545 nos
2029 5494 2299 5561 recepisse
2342 5500 2397 5545 et
2444 5493 2822 5547 liberalitatem
2875 5490 3061 5545 mirari
3108 5492 3451 5553 conﬁtemur,

1884 5584 2010 5638 hinc
2046 5586 2210 5638 decus
2247 5585 2498 5639 donatori
2541 5585 2905 5639 inenarrabile
2955 5582 3300 5636 adducimus.
3334 5580 3454 5635 Ga-

1885 5687 2059 5733 terum
2093 5692 2271 5731 nonne
2302 5676 2536 5731 salutare
2570 5687 2652 5733 est
2676 5676 2874 5731 mentis
2901 5689 3171 5731 consensu
3207 5673 3447 5727 ordinem
