3826 6206
320 792 321 795 ‘
417 777 559 832 mala
599 787 655 833 et
699 780 767 833 de
803 778 1041 833 tumultu
1091 778 1389 849 gaudentes
1424 777 1729 830 libertatem
1776 791 1994 828 annuu-

419 207 525 270 883
1576 207 1843 270 PHOTII
1882 206 2390 270 PATRIABCH/E
2428 211 2537 273 CP.
3568 216 3657 278 E81

420 322 475 375 in
508 320 686 395 rebus
716 318 954 390 politicis
991 334 1213 378 scrvare
1258 328 1312 375 et
1355 318 1503 390 quod
1545 312 1756 389 justum
1790 329 1877 376 est
1925 320 2014 377 his

2126 322 2492 393 5μολογοῦμεν
2521 322 2583 376 τὸ
2620 321 2793 394 δῶρον
2824 304 3188 387 ὑποδέξασθαι
3238 325 3331 379 καὶ
3369 325 3463 397 τὴν
3489 325 3661 393 φιλοτι-

415 413 510 482 qui
547 424 789 482 praasunt
818 416 953 471 dare
977 414 1002 469 ?
1032 413 1230 469 etenim
1262 411 1510 483 profecto
1537 413 1630 483 qui
1658 412 1784 467 talia
1811 420 1997 482 agunt,

2126 414 2243 469 ιίαν
2276 414 2582 485 θαυμάζειν
2603 433 2619 448 ⁸
2652 416 2721 470 δι’
2748 409 2823 469 ὧν
2856 416 2917 470 τὸ
2953 416 3116 480 σέϐας
3147 416 3228 487 τῷ
3253 416 3495 471 δεδωκότι
3516 435 3662 489 προσ-

418 504 635 559 animas
664 506 736 559 ab
764 506 913 560 omni
956 505 1362 560 inordinatione
1406 514 1462 559 et
1495 505 1768 559 divisione
1797 505 1997 561 liheras

2126 508 2311 578 ιγομεν
2337 507 2751 577 ἀπροφάσιστον
2775 525 2789 539 ο
2824 506 2942 572 πῶς
2979 507 3036 560 δὲ
3066 509 3161 561 καὶ⁵
3192 507 3369 572 ἄλλως
3423 510 3480 562 οὐ
3522 514 3667 583 σωτή-

419 594 621 648 habent
647 604 697 649 et
735 611 855 650 sese
889 595 1161 650 libertatis
1193 610 1221 649 a
1259 594 1369 648 Deo
1404 595 1562 649 nobis
1592 594 1858 664 praestita:
1908 594 1994 646 di-

2126 616 2218 652 uov
2276 599 2621 669 ἐκουσιότητι
2684 599 2913 670 γνώμης
2978 597 3078 668 τὴν
3133 599 3192 651 ἐν
3246 599 3487 669 πολιτείᾳ⁸
3536 599 3665 664 τάξιν

417 700 552 754 gnos
584 686 866 749 exhibent;
902 687 996 755 qui
1028 696 1208 741 autem
1246 693 1427 740 mente
1457 699 1733 754 perversa,
1769 683 1997 738 audacia

2131 689 2479 760 ιαφυλάττειν
2522 692 2619 745 καὶ
2684 690 2746 744 τὸ
2797 690 2924 743 κατ’
2979 689 3138 755 ἀξίαν
3181 684 3371 759 νέμειν
3395 692 3502 750 τοῖς
3521 690 3664 761 ὑπερ-

2098 781 2279 852 έχουσι
2310 800 2325 844 ;
2359 783 2591 852 καὶγὰρ
2624 783 2700 846 ὡς
2734 781 2952 853 ἀληθῶς
2982 782 3031 835 οί
3057 781 3298 835 τοιοῦτοι
3333 781 3666 851 ἐλευθέραςτι

418 868 593 932 tiant,
622 869 943 925 dissidentia
975 870 1176 924 bonum
1220 867 1466 922 ordinem
1519 876 1837 936 rumpentes
1862 905 1877 929 ,
1920 867 1998 921 illi

2126 871 2360 941 ›έρουσιν
2392 872 2457 924 ἐκ
2480 872 2661 943 πάσης
2685 872 2925 938 ἀταξίας
2949 872 3044 925 καὶ
3091 872 3338 934 στάσεως
3377 872 3465 935 τὰς
3490 872 3662 943 ψυχάς,

416 957 689 1014 libertatis
721 960 942 1015 nomine
972 959 1235 1013 malitiam
1261 970 1313 1012 et
1336 956 1706 1028 arrogantiam
1733 966 1997 1027 tegentes,

2126 962 2202 1013 ιαὶ
2263 963 2365 1031 τῆς
2423 961 2612 1014 θεόθεν
2663 962 2960 1033 δεδομένης
3020 964 3157 1032 ἡμῖν
3209 962 3519 1032 ἐλευθερίας
3557 963 3671 1027 ἄξιοι

416 1052 561 1107 servi
582 1060 710 1106 sunt
733 1052 1044 1121 passionum
1069 1051 1490 1113 irrationalium,
1509 1050 1649 1103 servi
1672 1049 1939 1103 tumultus
1953 1058 2008 1104 et

2126 1053 2275 1105 τᾶσιν
2330 1053 2775 1107 ἐπιδείκνυνται⁶
2818 1056 2867 1107 οί
2916 1054 2976 1105 δὲ
3026 1053 3225 1125 γνώμῃ
3276 1055 3373 1122 μὲν
3424 1054 3664 1125 μοχθηρᾷ,

417 1144 868 1214 perturbationis,
901 1144 1170 1199 libertatis
1195 1141 1411 1196 inimici
1444 1151 1497 1195 et
1514 1140 1636 1195 ideo
1659 1140 1750 1194 illa
1776 1139 2007 1210 indigni.

2126 1139 2284 1211 τόλμῃ
2307 1139 2364 1193 δὲ
2396 1141 2611 1211 πονηρᾷ
2665 1141 2761 1193 καὶ
2803 1143 3070 1211 ταραχαῖς
3101 1140 3379 1213 χαιρούσῃ
3415 1140 3508 1210 τὴν
3547 1142 3675 1194 ἐλευ-

420 1240 612 1310 θερίαν
680 1240 1143 1310 ἐπιφημίζοντες,
1210 1239 1302 1294 καὶ
1349 1239 1436 1292 διά
1494 1236 1660 1291 τοῦτο
1733 1238 1922 1290 στάσει
1954 1237 2056 1305 τὴν
2110 1237 2369 1306 εὐνομίαν
2417 1236 2660 1301 λύοντες,
2699 1230 2849 1290 οὗτοι
2905 1237 3289 1307 προκάλυμμα
3324 1236 3575 1308 πονηρίας
3596 1238 3671 1290 καὶ

417 1335 710 1399 αὐθαδείας
736 1337 835 1407 τὴν
857 1335 1172 1407 ἐλευθερίαν
1198 1333 1648 1407 προϐαλλόμενοι,
1698 1332 1878 1387 δοῦλοι
1941 1334 2041 1404 μέν
2111 1335 2249 1386 είσιν
2296 1334 2601 1402 ἀλογίστων
2650 1333 2864 1401 παθῶν,
2898 1333 3076 1388 δοῦλοι
3106 1334 3164 1387 δέ
3200 1335 3446 1405 ταραχῆς
3483 1333 3570 1388 καὶ
3595 1335 3669 1387 θο-

420 1427 621 1499 ρύϐων,
651 1429 745 1481 καὶ
775 1431 874 1500 τῆς
903 1427 1220 1498 ἐλευθερίας
1249 1429 1571 1499 κατήγοροι,
1602 1428 1697 1481 καὶ
1723 1426 1813 1479 διὰ
1839 1427 1999 1480 τοῦτο
2034 1425 2242 1497 ταύτης
2271 1426 2502 1492 ἀνάξιοι.

493 1521 620 1575 Vult
650 1534 827 1575 autem
851 1522 1168 1591 Apostolus,
1204 1537 1289 1592 pet
1332 1522 1495 1576 istam
1530 1521 1991 1586 exhortationem,
2021 1524 2022 1527 “

2190 1520 2451 1574 Βούλεται
2489 1520 2545 1573 δὲ
2584 1521 2732 1591 ἡμᾶς
2782 1520 2869 1575 διὰ
2928 1519 3135 1591 ταύτης
3189 1520 3297 1589 τῆς
3332 1516 3670 1589 παραινέσεως

420 1625 521 1664 nos
560 1610 612 1664 in
646 1613 908 1667 omnibus
942 1612 1065 1665 Vila'
1098 1612 1446 1681 pactionibus
1471 1650 1487 1671 ,
1525 1619 1579 1665 et
1619 1611 1674 1665 iu
1710 1610 1833 1666 aliis
1878 1626 2001 1677 quae

420 1705 487 1758 ad
525 1719 639 1758 rem
670 1704 946 1774 politicam
976 1705 1277 1773 pertinent,
1306 1705 1551 1775 quandiu
1595 1703 1815 1759 divinus
1846 1720 2001 1758 amor

421 1799 505 1850 vel
550 1796 683 1851 fides
737 1812 845 1851 non
892 1796 1285 1858 offenduntur,
1329 1794 1592 1850 docibiles
1626 1810 1749 1850 esse
1791 1794 2002 1865 legibus

422 1901 750 1956 prarparare,
777 1897 831 1940 et
858 1886 965 1940 illis
988 1884 1186 1953 quibus
1216 1885 1511 1939 commissa
1547 1892 1629 1940 est
1671 1885 1849 1954 legum
1905 1898 2004 1939 au-

422 1976 652 2030 ctoritas
685 1984 735 2030 et
761 1975 1083 2045 gubernatio
1106 2014 1121 2039 ,
1162 1974 1505 2043 indulgentes
1539 1990 1694 2041 esse,
1744 1990 1843 2030 nec
1880 1975 2003 2031 illus

424 2068 518 2137 qui
556 2077 796 2137 prmsuut
821 2068 1121 2136 despicere,
1157 2069 1409 2138 quamvis
1432 2069 1483 2121 in
1515 2070 1824 2137 oppositum
1859 2067 2004 2122 veri-

426 2160 554 2213 tatis
588 2160 887 2214 reverentia
924 2160 1028 2214 illis
1057 2169 1262 2215 mutata
1299 2158 1500 2214 fuerit!
1532 2158 1742 2227 quare?
1778 2159 2005 2229 Propter

430 2264 600 2303 unum
631 2249 873 2315 quidem,
911 2258 971 2303 ut
1000 2249 1076 2302 illi
1113 2249 1207 2318 qui
1235 2247 1301 2303 ad
1331 2248 1663 2317 impietatem
1691 2247 2007 2302 discordant

429 2338 676 2393 videntes
695 2348 940 2393 nostram
971 2338 1390 2410 indulgentiam,
1423 2348 1478 2394 et
1498 2352 1739 2393 nostram
1764 2340 1815 2392 in
1842 2356 2007 2408 agen-

428 2429 499 2482 du
521 2428 861 2484 honestatem
894 2438 950 2484 et
987 2428 1321 2484 docilitatem
1348 2468 1364 2494 ,
1412 2428 1576 2482 simul
1616 2429 1835 2498 quidem
1875 2428 2008 2482 visis

430 2520 632 2573 nostris
662 2520 905 2574 moribus
955 2528 1007 2574 et
1041 2527 1229 2575 nostra
1261 2521 1370 2574 vita
1410 2519 1774 2584 erubescant,
1819 2529 1873 2573 et
1906 2534 2009 2572 nos

429 2626 539 2665 non
570 2611 675 2667 illis
705 2611 927 2667 obedire
956 2613 1011 2666 in
1052 2612 1217 2666 rebus
1241 2605 1549 2680 religiosis,
1584 2627 1694 2665 non
1740 2610 2010 2680 superbiae

429 2718 597 2758 causa
628 2743 645 2769 ,
693 2719 793 2758 nec
841 2705 1040 2759 mentis
1078 2703 1334 2759 indocilis
1378 2704 1749 2757 ostentatione
1794 2711 2007 2772 putent,

429 2795 522 2848 sed
568 2805 787 2863 pr0pter
823 2795 992 2849 divini
1033 2795 1308 2851 sermonis
1331 2811 1575 2849 amorem
1601 2849 1613 2862 ο
1646 2812 1746 2850 nec
1777 2811 1884 2848 non
1916 2811 2014 2865 po.

2107 1612 2136 1665 ὁ
2182 1612 2504 1674 Ἀπόστολος
2535 1615 2592 1666 ἐν
2630 1615 2764 1666 πᾶσι
2795 1615 2909 1676 τοῖς
2938 1616 3079 1667 κατά
3105 1617 3197 1666 τδν
3256 1613 3374 1683 βίον
3408 1612 3667 1679 συναλλάτ-

2111 1722 2244 1775 μασι
2296 1708 2389 1759 καὶ
2437 1708 2551 1769 τοῖς
2608 1706 2789 1769 ἄλλοις
2851 1705 3278 1775 πολιτεύμασιν,
3326 1706 3428 1758 ὃσα
3477 1705 3545 1773 μὴ

2110 1793 2265 1847 θείαν
2292 1794 2516 1864 ἀγάπην
2565 1793 2658 1847 καὶ
2689 1793 2873 1846 πίστιν
2917 1792 3369 1863 ἐπιλυμαίνεται,
3403 1790 3668 1859 πειθηνίους

2111 1878 2251 1935 εἶναι
2273 1884 2387 1945 τοῖς
2414 1883 2600 1952 νόμοις
2644 1881 3090 1950 παρασκευάζειν
3112 1896 3128 1911 ·
3177 1881 3278 1934 καὶ
3313 1874 3395 1942 οἷς
3427 1879 3458 1947 ή
3481 1876 3577 1930 τῶν
3600 1877 3666 1928 νό-

2114 1991 2232 2044 μων
2248 1972 2654 2044 κατεπιστεύθη
2681 1970 2941 2042 κυριότης
2963 1972 3057 2024 καὶ
3078 1970 3336 2041 πρόνοια,
3362 1966 3667 2037 εὐγνώμονάς

2111 2084 2171 2121 τε
2210 2062 2350 2120 εἶναι
2390 2069 2485 2121 καὶ
2523 2067 2599 2138 μὴ
2655 2066 2932 2136 ὑπερορᾷν
2985 2064 3113 2128 τοὺς
3143 2064 3536 2134 ὑπερέχοντας,
3587 2060 3666 2114 κᾶν

2112 2163 2195 2224 είς
2222 2160 2538 2215 τούναντίον
2589 2161 2774 2224 αὐτοῖς
2808 2160 2908 2230 τῆς
2948 2160 3214 2230 ἀληθείας
3268 2160 3331 2212 τὸ
3378 2158 3536 2220 σέϐας
3564 2159 3668 2209 ἀπο-

2112 2253 2481 2325 διακέκριται.
2541 2253 2643 2307 Διά
2671 2256 2772 2321 τίς
2833 2255 2928 2305 Ἐν
2983 2255 3082 2323 μέν
3126 2253 3219 2307 ἵνα
3264 2252 3363 2306 καὶ
3392 2250 3534 2304 αὐτοὶ
3559 2249 3666 2318 πρὸς

2112 2343 2213 2416 τὴν
2273 2343 2533 2397 ἀσέϐειαν
2570 2346 2620 2397 oi
2665 2341 3067 2412 διαφωνοῦντες
3112 2341 3358 2411 ὁρῶντες
3410 2340 3555 2410 ἡμῶν
3590 2341 3665 2406 τὴν

2119 2432 2545 2503 εὐγνωμοσύνην
2576 2433 2672 2486 καὶ
2708 2432 2767 2485 τὸ
2801 2430 2909 2487 τῶν
2943 2431 3162 2501 τρόπων
3191 2430 3418 2499 εὐγενὲς
3443 2431 3531 2483 καί
3570 2444 3664 2481 πει-

2117 2531 2324 2603 θὴνιον,
2353 2530 2471 2600 ἅμα
2512 2529 2611 2600 μὲν
2640 2528 2799 2599 ἡμῶν
2828 2527 3211 2599 ύπερυθριῶσι
3240 2530 3309 2599 τῇ
3346 2526 3575 2594 πολιτείᾳ
3594 2527 3666 2576 καί

2115 2622 2230 2681 τοῖς
2266 2617 2456 2689 ἤθεσιν
2484 2633 2499 2648 ·
2552 2617 2668 2687 ἅμα
2710 2617 2767 2669 δὲ
2800 2616 2859 2670 τὸ
2892 2615 2969 2687 μὴ
2998 2615 3297 2669 πείθεσθαι
3344 2614 3518 2673 αὐτοῖς
3558 2610 3666 2664 κατά

2118 2706 2179 2760 τὸ
2205 2706 2393 2768 σέϐας,
2436 2705 2511 2774 μὴ
2539 2704 2836 2767 αὐθαδείας
2867 2705 3029 2774 ἔργον
3053 2703 3348 2773 νομίζωσι,
3402 2700 3529 2771 μηδέ
3552 2698 3664 2766 γνιὶι-

2124 2816 2231 2869 μης
2259 2799 2595 2869 ἀτεράμονος
2626 2798 2989 2867 ἐπιτήδευμα,
3020 2795 3135 2850 ἀλλ’
3165 2796 3376 2866 ἔρωτος
3397 2794 3527 2864 ὑπὲρ
3544 2792 3668 2859 λόγον

430 2885 617 2940 tentia:
641 2885 973 2956 virtutisque
1022 2885 1221 2941 divinat
1254 2903 1268 2939 :
1301 2886 1465 2939 simul
1498 2885 1663 2938 etiam
1701 2894 1760 2937 ut
1789 2886 2017 2954 possint,

2126 2890 2273 2943 θείου
2304 2891 2398 2943 καὶ
2450 2889 2604 2952 θείας
2651 2888 2939 2958 δυνάμεως
3001 2887 3096 2941 καὶ
3146 2885 3469 2957 ἐνεργείας·
3511 2881 3669 2953 ᾶμαδί

433 2991 532 3045 per
561 2986 811 3032 nostrum
848 2977 1066 3032 dulcem
1112 2987 1167 3031 et
1204 2977 1625 3033 convenientem
1680 2978 1873 3045 agendi
1907 2993 2025 3029 mo-

433 3067 600 3135 dum,
633 3068 678 3123 si
721 3067 861 3123 forte
918 3070 1222 3135 voluerint,
1281 3070 1529 3139 aSpicere
1592 3069 1657 3122 ad
1696 3069 2025 3123 iuelfahilem

434 3160 713 3229 religionis
762 3170 964 3216 nostra:
1014 3161 1483 3231 pulchritudinem
1530 3170 1582 3216 et
1632 3161 1779 3216 illius
1831 3177 2024 3216 amore

433 3249 687 3311 excitati,
726 3250 1055 3305 diabolicqu
1085 3252 1369 3320 quidemet
1389 3252 1747 3319 idololatrum
1782 3252 2025 3306 furorem

436 3341 812 3407 detestentur,
870 3342 1189 3396 societati-tn
1234 3352 1415 3395 autem
1467 3352 1523 3395 et
1575 3358 1818 3396 amorem
1879 3344 2026 3397 illius

438 3430 561 3483 loco
614 3446 830 3500 sponsa:
873 3433 1077 3487 Christi
1131 3433 1389 3488 Ecclesia:
1442 3434 1768 3503 suscipiant.
1818 3434 1893 3487 Ea
1944 3444 2028 3489 est

438 3521 658 3590 quidem
702 3523 875 3593 prima
921 3540 1084 3578 causa
1122 3526 1442 3594 apostolica:
1488 3526 1810 3587 sentetuiae;
1847 3528 1893 3581 si
1938 3544 2026 3582 se-

439 3614 674 3668 cundam
701 3626 881 3670 autem
911 3618 1173 3683 volueris,
1207 3628 1266 3671 ut
1288 3619 1379 3688 qui
1408 3619 1591 3673 ﬁdeles
1615 3630 2028 3690 persequuntur

439 3714 494 3759 et
524 3706 804 3775 expellunt
830 3718 884 3762 et
918 3707 1138 3779 ﬂagitiis
1163 3709 1428 3775 eiliciunt,
1453 3711 1664 3765 cultum
1688 3726 2025 3782 paganorum

441 3796 784 3865 proﬁtentes,
821 3812 933 3851 non
966 3798 1033 3853 ad
1064 3798 1201 3854 alias
1229 3799 1496 3868 quasdam
1533 3815 1731 3855 causas
1766 3816 2026 3869 persecu-

441 3888 621 3943 tiones
648 3887 853 3943 rvl'erre
883 3889 1124 3945 habeant
1144 3930 1160 3954 ,
1192 3906 1293 3945 nec
1324 3901 1378 3943 ut
1410 3891 1743 3947 dissidentes
1766 3902 1819 3948 et
1851 3894 2028 3964 agita-

443 3990 593 4036 tores
624 3982 678 4038 in
705 3981 976 4051 judicium
1003 3998 1104 4038 nos
1131 3984 1421 4049 adducant,
1454 3986 1547 4040 sed
1572 3994 1797 4057 propter
1821 3987 2027 4055 ipsam-

445 4074 949 4145 tuct'religionem,
983 4084 1039 4130 et
1078 4077 1208 4147 quia
1256 4094 1364 4131 non
1408 4078 1687 4147 potuimus
1735 4078 1933 4134 adduci
1960 4081 2027 4135 ad

445 4165 655 4220 cultum
693 4166 940 4220 divinum
974 4167 1244 4223 creaturis
1281 4176 1335 4222 et
1367 4170 1612 4224 materia:
1663 4170 2022 4225 reddendum.

448 4257 603 4322 Quod
627 4250 680 4311 et
722 4258 836 4328 ipse
876 4259 1171 4330 explicavit
1215 4260 1452 4316 dicens:
1488 4261 1559 4317 Ut
1586 4262 1639 4316 in
1679 4263 1883 4333 quibus
1926 4280 2027 4319 nos
2052 4228 2107 4286 Β

449 4358 712 4403 accusant
743 4350 900 4419 quasi
930 4352 1073 4405 male
1129 4363 1440 4421 sperantes,
1469 4368 1534 4406 ex
1562 4352 1723 4408 bonis
1770 4354 2031 4423 operibus

451 4436 783 4505 aspicientes
811 4438 1115 4508 gloriﬁcent
1153 4437 1324 4493 Deum
1356 4445 1409 4494 in
1450 4441 1538 4495 die
1579 4440 1796 4511 judicii.
1833 4441 1896 4496 Et
1928 4442 2032 4497 ite-

450 4540 575 4581 rum
607 4542 621 4578 :
649 4525 743 4580 Sic
781 4535 866 4581 est
894 4527 1151 4582 voluntas
1182 4526 1277 4581 Dei
1314 4539 1375 4582 ut
1418 4528 1555 4584 bene
1593 4539 1818 4600 agentes
1856 4528 2031 4586 refre-

427 4628 647 4666 nemus
678 4612 1052 4683 insipieutium
1080 4613 1365 4670 hominum
1389 4616 1701 4670 stultitiam.
1744 4616 1825 4670 Ad
1858 4616 2032 4672 rebel-

455 4698 658 4754 lionem
682 4710 735 4753 te
765 4700 965 4771 aliquis
995 4716 1241 4772 paganus
1268 4703 1352 4757 vel
1373 4701 1597 4759 Judaeus
1623 4705 1815 4759 vocat?
1844 4720 2035 4776 pacem

457 4789 660 4845 indica.
690 4789 867 4846 Verba
903 4793 968 4846 ad
1004 4794 1357 4848 rebellionem
1398 4805 1452 4849 et
1492 4795 1892 4853 indocilitatem
1940 4813 2037 4853 ex-

457 4880 683 4934 citantia
720 4880 970 4950 profert?
1003 4900 1097 4954 per
1128 4884 1493 4939 obedientiam
1521 4884 1596 4938 illi
1625 4885 1905 4941 silentium
1935 4888 2039 4942 im-

460 4982 622 5036 pone.
663 4965 909 5038 Superba
958 4983 1009 5025 et
1054 4973 1371 5042 arrogantia
1428 4972 1680 5043 profert?
1743 4975 2039 5031 Dulcedine

458 5069 513 5114 ct
547 5060 851 5118 humilitate
888 5066 1086 5119 mentis
1122 5081 1321 5119 vanqu
1362 5066 1620 5135 loquendi
1657 5069 1900 5123 studium
1943 5084 2037 5125 t‘e-

460 5149 634 5206 frena.
667 5152 925 5209 Ordinem
952 5155 1231 5224 politicum
1258 5155 1596 5210 destruentia
1620 5157 1643 5210 ?
1665 5156 1807 5212 Nihil
1833 5159 1887 5213 in
1915 5159 2035 5216 istis

460 5260 795 5315 cognoscere
818 5247 1087 5312 dicendo,
1131 5248 1462 5319 hypocrisin:
1506 5250 1559 5303 in
1598 5250 1762 5306 fama.
1800 5250 1878 5307 Ita
1906 5254 2044 5309 insi-

463 5336 620 5407 picus
649 5338 815 5393 homo
861 5339 1124 5395 iub-enari
1166 5353 1369 5411 potest,
1400 5344 1481 5396 sic
1523 5342 1616 5397 Dei
1657 5360 1852 5400 servus
1882 5346 2044 5417 glori-

468 5430 700 5497 ﬁcatur;
749 5435 829 5487 sic
874 5435 1136 5487 mundum
1192 5434 1393 5501 vincit,
1445 5436 1661 5491 etiamsi
1722 5436 2044 5507 ﬂagelletur,

465 5524 684 5580 etiamsi
709 5536 1051 5597 torqueatur,
1082 5527 1296 5583 etiamsi
1324 5529 1701 5599 cruciﬁgatur,
1731 5530 1825 5599 qui
1853 5539 2045 5585 contra

474 5625 755 5685 peccatum
780 5616 1101 5675 honorabile
1128 5620 1228 5676 sibi
1256 5620 1555 5690 trophaeum
1579 5631 1884 5677 conservat.
1915 5622 2046 5690 Qui-

2124 2980 2200 3043 ὡς
2244 2978 2311 3033 ἂν
2334 2978 2615 3049 δυνηθεῖεν
2642 2976 2731 3030 διά
2759 2977 2859 3045 τῆς
2888 2977 3099 3046 ἡμέρου
3124 2977 3220 3029 καὶ
3257 2973 3523 3035 ἐπιεικοῦς
3547 2971 3669 3041 ἡμῶν

2126 3070 2423 3132 πολιτείας,
2456 3070 2616 3140 εἴπερ
2650 3068 2759 3138 ἀρα
2795 3067 3107 3138 βουληθεῖεν
3141 3066 3454 3137 ἀναϐλέψαι
3478 3063 3597 3135 πρὸς
3622 3060 3666 3113 τὺ

2125 3163 2220 3217 τοῦ
2282 3162 2627 3231 σεϐασματος
2682 3158 2845 3230 ἡμῶν
2896 3157 3179 3229 ἄφραστον
3239 3156 3455 3219 κάλλος,
3511 3154 3591 3207 καὶ
3613 3149 3670 3220 τῷ

2125 3254 2336 3307 ἐκεῖθεν
2389 3252 2554 3323 ἔρωτι
2597 3250 2997 3321 πτερωθέντες,
3080 3249 3445 3320 βδελύξωνται
3479 3246 3564 3316 μὲν
3601 3242 3670 3295 τόν

2125 3346 2450 3417 δαιμονιώδη
2511 3345 2608 3398 καὶ
2663 3342 2943 3397 είδωλικὺν
2993 3338 3237 3412 οἶστρον,
3289 3341 3389 3411 τὴν
3419 3338 3670 3403 συνάφειαν

2126 3437 2184 3491 δέ
2231 3437 2326 3491 καὶ
2371 3437 2463 3490 τὸν
2517 3435 2683 3489 πόθον
2724 3432 3167 3499 ἀνταλλάξωνται
3210 3432 3315 3501 τῆς
3367 3429 3567 3499 νύμφης
3600 3423 3669 3479 τοῦ

2127 3526 2367 3599 Χριστοῦ
2419 3524 2785 3595 Ἐκκλησίας’
2836 3523 2965 3577 ἀλλ’
3023 3523 3173 3576 αίτία
3223 3522 3329 3591 μὲν
3357 3519 3490 3588 αῦτη
3518 3514 3670 3586 πρώτη

2127 3623 2228 3686 τῆς
2254 3618 2624 3688 ἀποστολικῆς
2656 3616 2965 3680 νουθεσίας.
3015 3616 3079 3669 El
3111 3613 3297 3684 βούλει
3326 3613 3386 3667 δὲ
3415 3611 3504 3667 καὶ
3526 3606 3671 3663 δευτέ-

2132 3728 2252 3782 ραν,
2288 3709 2379 3765 ῖνα
2399 3708 2692 3771 διώκοντες
2723 3707 2820 3760 καὶ
2849 3704 3170 3768 ἐλαύνοντες
3196 3706 3298 3759 καὶ
3322 3700 3671 3773 τιμωρούμενοι

2127 3799 2253 3862 τοὺς
2277 3799 2506 3860 πιστοὺς
2538 3798 2588 3849 οί
2615 3794 2688 3849 τά
2729 3794 2998 3865 Ἑλλήνων
3020 3793 3316 3864 τιμῶντες,
3338 3791 3411 3862 μὴ
3450 3788 3525 3852 είς
3544 3783 3671 3844 ἄλλας

2127 3889 2286 3953 τινάς
2315 3889 2500 3952 αίτίας
2521 3887 2614 3941 τὸν
2640 3885 2884 3955 διωγμὸν
2904 3884 3102 3956 ἔχωσιν
3139 3865 3439 3955 ἀναφέρειν
3457 3897 3471 3912 ³
3499 3876 3601 3950 μηδ’
3615 3876 3670 3935 ὡς

2130 3981 2448 4045 στασιώδεις
2475 3981 2571 4035 καὶ
2603 3981 3018 4051 ταραχοποιοὺς
3050 3980 3312 4047 ὑπάγωσι
3357 3976 3543 4037 δίκαις,
3566 3967 3670 4024 ἀλλὰ

2127 4076 2197 4130 δι’
2228 4073 2399 4145 αὐτὴν
2427 4073 2529 4143 τὴν
2558 4071 2878 4125 εὐσέϐειανο
2932 4070 3030 4125 καὶ
3075 4070 3139 4124 τὺ
3180 4071 3260 4142 μὴ
3306 4060 3669 4140 ἀνασχέσθαιώ

2131 4167 2274 4226 θεῖον
2306 4165 2473 4229 σέϐας
2506 4166 2587 4229 εἰς
2610 4164 2711 4235 τὴν
2742 4162 2877 4234 ὕλην
2906 4164 3008 4217 καὶ
3036 4163 3106 4217 τὰ
3131 4162 3411 4231 κτίσματα
3433 4158 3664 4223 κατάγειν.

2132 4258 2304 4312 Τοῦτο
2331 4258 2387 4311 δέ
2413 4258 2508 4312 καὶ
2538 4257 2701 4321 αὐτὸς
2731 4256 3005 4327 ἐδήλωσεν
3031 4257 3220 4309 είπὼν·
3250 4256 3371 4311 Ἵνα
3400 4255 3455 4307 ἐν
3479 4245 3519 4321 ᾧ
3540 4264 3668 4303 κατα·

2128 4349 2365 4405 λαλῶσιν
2425 4348 2585 4420 ἡμῶν
2660 4346 2736 4411 ὡς
2815 4347 3135 4401 κακοποιῶν
3227 4349 3295 4401 ἐκ
3372 4345 3474 4400 τῶν
3530 4336 3668 4395 καλῶν

2130 4442 2309 4513 ἐργων
2340 4437 2786 4502 ἐποπτεύσαντες
2832 4436 3107 4503 δοξάσωσι
3166 4436 3261 4490 τὸν
3289 4436 3421 4490 Θεδν
3445 4435 3497 4495 ἐν
3524 4428 3667 4522 ἡμέρξ

2130 4527 2438 4595 ἐπισκοπῆς
2461 4541 2474 4556 ·
2505 4527 2602 4579 καὶ
2633 4525 2801 4579 πάλιν
2884 4524 3072 4588 Οὕτως
3101 4525 3222 4578 ἐστὶ
3256 4524 3319 4579 τὸ
3370 4522 3562 4589 θέλημα
3598 4532 3666 4568 του

2132 4615 2294 4683 Θεοῦ,
2320 4613 2793 4685 ἀγαθοποιοῦντας
2833 4614 3040 4685 φιμοῦν
3069 4615 3169 4685 τὴν
3203 4614 3314 4669 τῶν
3355 4612 3577 4681 ἀφρόνων
3600 4608 3665 4658 ἀν-

2137 4708 2372 4782 θρώπων
2421 4709 2720 4777 ἀγνωσίαν.
2756 4706 2959 4761 Στάσιν
2988 4724 3075 4770 τις
3128 4706 3238 4760 τῶν
3278 4699 3603 4774 Ἑλληνιστῶν
3641 4695 3663 4764 ἦ

2137 4800 2236 4854 καὶ
2271 4799 2528 4862 Ἰουδαῖος
2561 4797 2817 4852 ἐπικαλεῑ
2848 4813 2967 4861 σοις
3002 4796 3077 4849 Τὸ
3115 4795 3390 4866 είρηνικὸν
3413 4788 3659 4854 ἐπίδειξον.

2150 4891 2407 4962 Ἀνήκοον
2441 4888 2720 4942 διαϐάλλει
2750 4888 2847 4941 καὶ
2877 4887 3083 4957 ἀπειθῆ
3109 4904 3124 4952 ;
3175 4886 3275 4940 Διά
3306 4888 3402 4957 τῆς
3440 4876 3660 4945 ὑποταγῆς

2140 4980 2497 5050 ἐπιστόμισον
2517 4996 2531 5011 ο
2567 4977 2806 5043 ἀλαζόνα
2838 4978 2935 5031 καὶ
2962 4976 3207 5047 αὐθάδης
3237 4976 3329 5047 Τῷ
3353 4968 3567 5040 ταπεινῷ
3592 4965 3658 5019 καὶ

2145 5073 2338 5143 ἡμέρῳ
2369 5069 2465 5123 τοῦ
2488 5071 2843 5141 φρονήματος
2868 5069 2969 5140 τὴν
3000 5068 3379 5138 γλωσσαλγίαν
3410 5058 3655 5129 amarior

2146 5165 2305 5231 τάξιν
2330 5161 2618 5229 πολιτικὴν
2647 5159 2970 5223 διαλύοντας
2993 5159 3095 5213 Διά
3118 5159 3213 5214 τοῦ
3238 5158 3401 5231 μηδὲν
3421 5157 3473 5209 ἐν
3495 5148 3657 5206 τούτοις

2145 5256 2506 5327 ἀγνωμονεῖν,
2535 5254 2637 5323 τὴν
2687 5254 3058 5321 συκοφαντίαν
3113 5252 3484 5320 στηλίτευσον’
3524 5240 3654 5297 οὕτως

2146 5348 2339 5418 ἄφρων
2371 5346 2511 5415 ἀνὴρ
2544 5343 2771 5397 δύναται
2800 5343 3122 5414 φιμοῦσθαι·
3152 5343 3324 5406 οὕτως
3338 5337 3462 5394 Θεοῦ
3489 5330 3652 5397 δοξάξε·

2148 5457 2233 5491 ται
2262 5436 2467 5499 δοῦλος.
2503 5435 2689 5500 Οὕτως
2710 5437 2839 5507 νικᾷ
2869 5436 2958 5489 τὸν
2978 5436 3205 5507 κόσμον,
3239 5436 3340 5489 κᾶν
3366 5427 3647 5504 μαστίζηται,

2145 5528 2250 5582 κᾶν
2275 5528 2633 5599 στρεϐλώται,
2686 5528 2791 5581 κᾶν
2845 5528 3355 5599 ἀνασκολοπίξηται,
3400 5525 3425 5576 ό
3472 5519 3522 5573 τὸ
3545 5508 3647 5568 κατά

2145 5619 2246 5690 τῆς
2299 5616 2574 5690 ἁμαρτίας
2638 5618 2901 5688 τρόπαιον
2973 5618 3296 5688 ἀνύϐριστον
3342 5604 3640 5667 συνδιασώζων
