3828 6202
129 226 220 288 885
306 254 311 258 _
1016 218 1118 277 AD
1146 214 1739 275 AMPHILOCHIUM
1779 215 2129 286 QUAZSTIO
2161 221 2435 283 CLXXX.

3245 232 3354 294 886

130 331 379 402 ὲαυτῷ.⁹0
427 328 568 382 κατά
611 328 784 383 ταῦτα
841 327 1259 397 πολιτευόμενος
1315 328 1384 379 τὰ
1448 326 1679 395 προστάς

1794 341 2001 392 cunque
2048 336 2351 387 secundum
2392 334 2492 389 ista
2526 340 2778 394 mandata
2822 356 2943 398 sese
2983 343 3254 410 habuerit,
3289 346 3354 399 li-

128 438 333 492 γματα,
387 418 657 489 ἐλεύθερα,
696 418 852 487 φέρει
949 415 1207 487 καθαρῶς
1262 415 1356 467 καὶ
1402 430 1473 466 τα
1538 416 1676 486 ἔργα

130 515 210 566 καὶ
244 514 365 575 τοὺς
416 510 611 579 λόγους
670 514 764 563 καὶ
828 509 933 581 πρό
983 525 1047 577 γε
1094 507 1299 561 τούτων
1361 505 1530 578 αὐτὴν
1577 506 1676 577 τὴν

128 606 299 675 ψυχήν.

633 711 967 766 ΕΡΩἸἪΣΙΣ
1002 713 1132 765 ΡΠ’.

297 804 437 873 Περὶ
468 805 783 873 θεολογίας
813 803 1140 873 ζητήματαο
1188 804 1269 870 τῷ
1296 801 1476 869 αὐτῷ.

1785 418 1978 473 herum
2012 419 2151 475 feret
2183 424 2235 477 in
2263 426 2503 494 puritate
2527 469 2542 492 ,
2579 440 2634 483 et
2669 433 2913 489 actiones
2946 445 3001 489 et
3047 451 3351 502 sermones,

1781 516 1838 563 et
1863 520 1990 566 ante
2013 512 2118 566 ista
2142 514 2318 582 ipsam
2349 519 2612 575 animam.

1777 709 2108 777 QUESTIO
2135 717 2392 777 CLXXX.
2432 721 2619 795 [CoisL
2649 724 2827 780 CCIX.
2886 727 3049 785 Taur.
3090 729 3225 802 CC.]
3268 731 3347 801 (I)

1847 805 1921 859 De
1964 807 2244 882 Theologia
2271 818 2607 884 quaralioues.
2646 817 2832 872 Eidem
2861 821 3298 893 (Amphilochia).

377 916 523 966 Edita
548 932 576 965 ει
601 916 848 978 Basuagio
872 918 889 980 (
913 917 1073 967 Canis.
1098 914 1258 981 Antiq.
1283 916 1393 965 lect.
1433 922 1469 965 t.
1495 914 1566 973 II,
1600 927 1651 976 p.
1678 926 1728 974 tl,
1750 928 1861 980 pag.
1888 919 2140 986 425425).
2164 952 2229 963 -
2247 925 2531 990 Dogmatica
2565 930 2627 978 de
2655 930 2937 993 cognitione
2959 922 3076 982 'Dei.

191 1005 454 1075 Ἀρῤητον
501 1005 598 1073 μὲν
643 1005 704 1056 τὸ
728 1004 885 1057 Θεῑον
925 1004 1115 1075 ὥσπερ
1142 1008 1237 1059 καὶ
1261 1005 1523 1075 ἄληπτον,
1549 1003 1685 1060 διότι

130 1095 235 1166 μηδ’
260 1095 403 1147 ἔστιν
427 1094 551 1164 μηδ’
574 1095 841 1158 ἐπινοίαις
867 1095 1051 1163 ψιλαῖς
1078 1096 1537 1165 προῦφεστηκότα
1563 1095 1685 1149 τινὰ

127 1186 307 1241 λαϐεῖν.
336 1187 417 1240 Δι’
442 1179 519 1240 ὧν
549 1187 578 1240 ό
608 1187 765 1258 λόγος
796 1187 1004 1260 προῖὼν
1035 1188 1134 1261 τὴν
1161 1189 1360 1258 γνῶσιν
1386 1188 1480 1242 καὶ
1508 1189 1683 1243 κατά-

126 1278 268 1349 ληψιν
310 1278 405 1333 τοῦ
448 1280 722 1351 μακαρίου
769 1280 980 1334 ἐκείνου
1015 1280 1113 1336 καὶ
1149 1281 1458 1350 ἀφθέγκτου
1496 1280 1680 1352 παρά-

128 1387 229 1439 σχοι
252 1369 827 1444 θεάματος.Ἀρρητον
853 1373 911 1426 δὲ
940 1374 1032 1427 καὶ
1055 1374 1295 1444 ἄληπτον
1319 1374 1398 1438 ὃν,
1434 1374 1542 1427 ἀπὸ
1568 1373 1677 1427 τῶν

128 1459 347 1530 ὑστέρων
370 1462 524 1531 ὅμως
549 1463 656 1516 ἀπό
681 1481 826 1528 τινος
856 1465 956 1533 τῆς
983 1463 1192 1518 ἐκεῖθεν
1230 1467 1278 1517 εἰ
1314 1466 1406 1518 καὶ
1431 1465 1678 1535 ἀμυδρᾶς

129 1550 358 1618 ἀπαυγῆς
401 1552 461 1603 ἐν
508 1552 688 1614 αὐτοῖς
740 1553 1058 1624 κατιούσης,
1107 1553 1201 1606 καὶ
1232 1553 1300 1607 δι’
1335 1553 1515 1607 αὐτῶν
1547 1555 1679 1623 ἡμῖν

129 1645 213 1712 τὴν
258 1643 493 1699 διάνοιαν
524 1645 854 1709 ἑνατενίζειν
879 1647 1040 1716 ’πρὸς
1073 1647 1135 1701 τὸ
1183 1648 1465 1717 ἀμήχανον
1505 1648 1679 1699 ἐκεῖνο

128 1732 297 1797 κάλλος
328 1734 857 1804 παρασκευαζούσης
886 1776 901 1798 ,
951 1736 1177 1790 δυνατόδ
1205 1738 1320 1789 ἐστι
1375 1736 1529 1799 τινὰς
1566 1735 1682 1788 θεο-

130 1826 336 1893 πρεπεῖς
361 1825 664 1895 φαντασίας
699 1825 1062 1892 εἰσδέξασθαι.
1088 1824 1229 1879 Καθ’
1258 1824 1318 1878 ὃν
1347 1825 1456 1894 γὰρ
1478 1825 1679 1895 τρόπον

127 1918 168 1971 οἱ
188 1918 324 1989 ζόφῳ
367 1920 537 1989 παχεῖ
568 1919 986 1991 περικεχυμένῳ
1016 1918 1388 1988 ἐγκαθήμενοι
1418 1918 1678 1989 βραχεῖάν

127 2028 230 2065 τινα
254 2010 357 2066 τῶν
382 2010 628 2083 ἡλιακῶν
660 2011 899 2064 ἀκτίνων
950 2011 1043 2063 καὶ
1074 2009 1324 2081 ἀμυδράν
1356 2009 1679 2080 λαμπηδόνα

128 2103 499 2175 παραδέχονται
526 2143 542 2169 ,
580 2101 755 2165 οὕτως
785 2103 836 2155 οί
878 2101 956 2171 τῷ
987 2101 1198 2173 σαρκίῳ
1224 2101 1680 2172 περιϐεϐλημένοι

129 2196 182 2247 ὲκ
209 2198 299 2265 τῆς
325 2194 828 2265 ἀπωγῆςὲκείνης
853 2194 947 2247 τοῦ
970 2191 1163 2264 νοητοῦ
1187 2192 1340 2265 ἡλίου
1361 2195 1442 2258 εἰς
1468 2193 1678 2246 ἔννοιάν

126 2304 229 2340 τινα
256 2288 347 2339 καὶ
379 2286 684 2356 φαντασίαν
712 2286 995 2357 θεοπρεπῆ
1017 2284 1207 2358 ὥσπερ
1236 2288 1345 2339 ἀπό
1367 2304 1511 2350 τινος
1541 2304 1678 2341 κατ-

127 2378 359 2450 οπτρικοῦ
398 2381 795 2450 μηχανήματος
831 2376 928 2431 τοῦ
968 2395 1028 2431 τε
1064 2378 1230 2432 πόθου
1266 2379 1486 2449 καὶτῆς
1514 2379 1680 2448 συζη-

126 2473 313 2540 τήσεως
340 2473 656 2539 σκιοφανεῖς
700 2472 927 2533 ἀκτῖνας
957 2470 1209 2535 ἕλκοντες
1249 2470 1547 2538 ἀνάγεσθαι
1587 2470 1678 2524 δύο

129 2580 311 2616 νανται.

194 2656 282 2708 ⁸ον
311 2655 409 2726 μὲν
437 2654 533 2709 οὖν
563 2652 820 2717 διασώζει
848 2653 1053 2722 λόγονό
1081 2653 1235 2724 ἥλιος
1254 2655 1313 2709 ὲν
1342 2658 1455 2718 τοῖς
1480 2655 1678 2724 αἰσθη-

129 2751 253 2812 τοῖς,
283 2746 538 2818 τοιαύτην
571 2748 639 2801 ἂν
680 2747 808 2817 περὶ
850 2746 943 2798 τοῦ
977 2746 1137 2800 Θείου
1194 2746 1417 2801 δύναταί
1466 2765 1547 2811 τις
1595 2748 1680 2801 ἔν-

129 2855 258 2892 νοιαν
310 2840 381 2904 ὡς
428 2838 490 2905 ἐξ
554 2837 763 2902 εἰκόνος
819 2839 877 2890 ὲν
923 2838 1036 2900 τοῖς
1084 2839 1297 2907 νοητοῖς
1347 2836 1531 2892 δοῦναι
1582 2839 1677 2891 καὶ

129 2929 310 2985 λαϐεῖν.

198 3023 345 3076 Ἀλλά
376 3023 487 3095 γὰρ
517 3021 615 3077 καὶ
663 3021 723 3088 ἐξ
770 3021 1094 3090 ἀποφάσεως
1128 3019 1236 3073 τῶν
1280 3019 1451 3074 ὄντων
1502 3022 1676 3074 ἀπάν-

129 3130 219 3167 των
264 3117 338 3178 είς
385 3114 626 3185 θεωρίαν
675 3113 989 3183 ἀναγόμεθα
1033 3112 1133 3181 τῆς
1180 3112 1526 3184 ἐξῃρημένης
1570 3112 1679 3166 τῶν

129 3206 275 3261 ὄντων
319 3208 509 3271 οὐσίας
554 3223 615 3260 τε
664 3207 758 3259 καὶ
788 3205 1063 3276 θεότητος.
1104 3206 1169 3257 Ὃ
1203 3205 1312 3274 γὰρ
1349 3206 1514 3276 μηδὲν
1563 3207 1680 3258 ἐστι

131 3299 222 3353 τῶν
254 3300 486 3365 πάντων,
532 3301 779 3371 κρεῖττον
811 3297 868 3350 δὲ
911 3295 1006 3349 τοῦ
1055 3298 1278 3361 παντὸς,
1303 3294 1451 3348 τοῦτ’
1473 3296 1561 3362 ίᾶν
1594 3296 1678 3366 εἴη

130 3389 262 3455 Θεὸς,
287 3391 344 3455 ὃς
370 3389 690 3462 προήγαγεν
715 3404 776 3441 τε
810 3388 876 3440 ὲκ
911 3389 987 3457 μὴ
1016 3386 1184 3441 όντων
1213 3389 1293 3450 είς
1337 3389 1399 3439 τὸ
1442 3383 1581 3440 εἶναι
1618 3389 1681 3441 τὸ

131 3484 240 3546 πᾶν,
276 3485 367 3538 καὶ
402 3484 502 3554 τῆς
532 3482 638 3536 τῶν
668 3482 1032 3552 προηγμένων
1093 3478 1359 3551 διαμονῆς
1393 3481 1487 3533 καὶ
1517 3480 1683 3551 ὲναρ-

133 3575 296 3644 μονίου
316 3577 595 3647 κινήσεως
621 3574 723 3644 τὴν
750 3573 1003 3644 πρόνοιαν
1028 3571 1163 3641 ἔχει.

187 3670 287 3724 Καὶ
319 3673 420 3739 πρό
457 3686 527 3739 γε
556 3667 783 3732 τούτων,
828 3667 915 3722 ὅτι
955 3665 1070 3718 ἐστι
1113 3664 1268 3728 Θεὸς,
1296 3666 1449 3736 κοινῇ
1495 3667 1665 3720 πᾶσιν

130 3762 546 3833 ἐγκατεσπαρται
572 3763 694 3825 ταῖς
717 3758 1084 3831 ἀνθρωπίναις
1111 3758 1392 3822 διανοίαις,
1408 3759 1507 3827 τῆς
1534 3760 1682 3814 εκεῖ-

132 3853 208 3907 θεν
237 3855 404 3925 αὐγῆς
433 3854 512 3918 ὡς
543 3852 613 3907 δι’
663 3854 957 3924 ἐμφάσεων
990 3848 1347 3923 διανιστὼσης
1396 3853 1554 3924 ἡμῶν
1591 3855 1683 3908 τὸν

131 3945 254 4011 νοῦν,
277 3949 368 4001 καὶ
400 3946 850 4017 φωταγωγούσης
877 3948 927 4000 εί
974 3948 1069 3999 καὶ
1114 3948 1190 4017 μὴ
1220 3947 1358 4017 πρὸς
1389 3947 1449 4000 τὸ
1483 3946 1682 4000 εἰδέναι

132 4037 174 4088 τί
204 4038 312 4092 ποτ’
340 4040 455 4092 ἐστὶ
485 4038 641 4123 Θεδς,
670 4037 787 4091 ἀλλ’
820 4037 912 4091 οὖν
942 4055 1005 4107 γε
1038 4040 1113 4108 μὴ
1140 4039 1355 4107 ἀγνοεῖν
1390 4039 1526 4109 ὅπερ
1546 4037 1684 4101 ὅλως

134 4130 279 4184 ἐστίν.

1855 1008 1973 1065 Non
2012 1014 2124 1083 (50)
2169 1026 2351 1086 potest
2377 1019 2646 1088 expromi,
2698 1021 2839 1075 sicut
2875 1037 3052 1088 neque
3102 1024 3355 1090 cognosci

1782 1098 1945 1166 Deus,
1988 1104 2115 1172 quia
2172 1122 2349 1176 neque
2392 1109 2713 1164 notionibus
2791 1120 3027 1176 tantum,
3086 1112 3355 1183 quaepiam

1780 1208 1902 1262 qua:
1939 1196 2092 1265 prius
2118 1199 2450 1267 exstiterint,
2485 1202 2765 1272 percipere
2802 1217 3116 1272 possumus,
3144 1219 3209 1258 ex
3237 1204 3360 1274 qui-

1781 1286 1885 1341 bus
1934 1289 2075 1344 ratio
2115 1307 2406 1361 progressa
2460 1293 2607 1348 illius
2646 1296 2791 1350 beati
2853 1296 3175 1365 spectaculi,
3208 1299 3354 1367 quod

1780 1377 1963 1433 verbis
1991 1381 2236 1448 expromi
2269 1397 2376 1435 non
2419 1393 2619 1452 potest,
2670 1385 3038 1455 cognitionem
3092 1386 3352 1454 praebeat.

1781 1466 1862 1523 Ex
1894 1470 1961 1524 iis
2025 1479 2228 1535 tamen,
2263 1489 2386 1543 quae
2435 1477 2739 1545 posteriora
2792 1486 2942 1541 sunt,
2994 1486 3253 1546 tanquam
3290 1495 3356 1532 ex

1782 1561 2019 1630 quodam
2049 1563 2337 1632 splendore
2364 1567 2533 1633 tenui,
2604 1583 2634 1621 a
2670 1567 2782 1623 Deo
2830 1569 2883 1622 in
2933 1569 3067 1638 ipsis
3123 1570 3359 1625 obscure

1787 1662 2030 1717 ostenso,
2084 1657 2176 1723 qui
2210 1655 2357 1722 facit,
2392 1671 2447 1712 ut
2472 1661 2646 1728 possit
2670 1676 2823 1715 mens
2854 1660 2905 1714 in
2940 1661 3085 1714 illam
3132 1661 3361 1715 immen-

1786 1761 1902 1800 sam
1936 1747 2396 1816 pulchritudinem
2431 1750 2657 1815 intueri,
2697 1752 2809 1805 ﬁeri
2846 1762 3045 1821 potest,
3086 1763 3146 1806 ut
3194 1768 3359 1822 quas-

1784 1836 1909 1891 dam
1937 1838 2302 1909 cogitationes
2330 1840 2497 1895 Deum
2540 1843 2794 1898 decentes
2824 1845 3177 1914 recipiamus.
3209 1845 3360 1901 Sient

1785 1928 1956 1994 enim,
1984 1930 2078 1999 qui
2113 1942 2245 1986 sunt
2296 1933 2538 1988 tenebris
2565 1934 2751 1989 densis
2803 1934 3150 1999 circumfusi,
3182 1936 3360 2007 fulgo-

1786 2037 1899 2076 rem
1933 2023 2223 2090 quemdam
2277 2040 2504 2095 parvum
2561 2035 2616 2080 et
2648 2036 2864 2080 tenuem
2896 2028 3175 2081 radiorum
3227 2030 3361 2083 solis

1787 2113 2103 2179 admittunt,
2144 2118 2223 2170 sic
2257 2117 2350 2187 qui
2392 2127 2519 2172 sunt
2572 2118 2817 2172 conclusi
2851 2120 2903 2171 in
2952 2135 3137 2184 carne,
3166 2135 3231 2173 ex
3270 2121 3363 2174 illo

1786 2208 2077 2278 Splendore
2132 2210 2265 2265 solis
2311 2209 2664 2273 intellectilis,
2727 2218 2986 2280 tanquam
3066 2212 3360 2279 aquodam

1784 2302 2174 2371 speculolﬁl),
2207 2302 2464 2356 desiderii
2491 2311 2545 2356 et
2597 2302 2973 2371 inquisitionis
3022 2304 3175 2357 radio
3242 2320 3364 2357 um-

1784 2391 2012 2447 bratilcs
2055 2392 2357 2455 elicientes,
2391 2392 2456 2446 ad
2515 2392 2767 2448 notitiam
2810 2396 3103 2464 quamdam
3132 2403 3186 2450 et
3213 2395 3364 2466 cogis

1786 2482 2045 2535 tationem
2077 2481 2275 2537 elevari
2307 2490 2558 2552 possunt.

1856 2658 2027 2725 Quam
2084 2659 2252 2726 igitur
2310 2659 2575 2713 rationem
2610 2660 2693 2715 sol
2743 2659 2797 2714 in
2834 2658 2921 2725 iis,
2958 2673 3081 2729 qua:
3098 2660 3202 2714 sub
3239 2674 3363 2715 sen-

1784 2765 1907 2805 sum
1932 2751 2154 2815 cadunt,
2193 2750 2377 2815 habet,
2425 2750 2656 2804 similem
2708 2750 3075 2817 cognitionem
3128 2750 3223 2805 Dei
3259 2765 3359 2820 po-

1783 2849 1890 2897 test
1911 2843 2036 2911 quis
2062 2842 2324 2911 prmbere,
2348 2850 2404 2896 et
2439 2841 2704 2909 accipere,
2734 2852 2994 2907 tanquam
3026 2858 3091 2896 ex
3128 2843 3362 2913 imagine

1784 2934 1840 2989 in
1876 2935 1966 2997 iis,
1997 2949 2120 3005 quae
2144 2932 2245 2987 sub
2281 2933 2688 3003 intelligentiam
2715 2934 2936 2987 cadunt.

1856 3025 1960 3080 Sed
1995 3023 2141 3077 enim
2168 3038 2231 3076 ex
2264 3026 2550 3092 negatione
2583 3022 2746 3077 etiam
2771 3022 3040 3089 omnium,
3064 3038 3187 3093 qua:
3210 3032 3360 3085 sunt,

1782 3114 2106 3172 adducimur
2150 3114 2216 3169 ad
2251 3114 2773 3183 contemplationem
2807 3115 3149 3179 substantiae,
3207 3123 3359 3172 extra

1783 3209 1967 3263 omnia
2008 3207 2219 3277 positae,
2252 3215 2308 3262 et
2348 3206 2691 3271 divinitatis;
2752 3207 2897 3275 quod
2923 3207 3069 3260 etiim
3115 3207 3251 3261 nihil
3275 3217 3363 3261 est

1783 3314 1973 3354 eorum
2006 3297 2254 3352 omnium
2286 3313 2409 3367 quae
2432 3308 2581 3361 sunt,
2607 3308 2661 3351 et
2691 3297 2803 3367 (32)
2830 3297 2976 3351 omni
3005 3297 3200 3353 melius
3252 3306 3359 3363 est,

1785 3392 1889 3447 hoc
1920 3393 2109 3462 utique
2151 3391 2262 3447 erit
2312 3390 2477 3453 Deus,
2513 3390 2605 3461 qui
2650 3406 2713 3444 ex
2746 3389 2917 3443 nihilo
2958 3388 3088 3444 fecit
3178 3404 3362 3455 omne,

1784 3494 1840 3539 et
1865 3483 2210 3554 providentia
2267 3499 2387 3547 sua,
2418 3498 2540 3553 qua:
2583 3482 2725 3537 facta
2766 3493 2918 3548 sunt,
2960 3492 3275 3553 conservat,
3310 3492 3364 3536 et

1787 3584 1995 3647 ut-apte
2018 3587 2070 3631 et
2102 3576 2373 3631 concinne
2396 3584 2740 3639 moveantur,
2773 3575 2925 3629 facit.

1859 3668 1929 3721 Et
1983 3667 2129 3736 quod
2192 3667 2540 3736 potissimum
2604 3675 2710 3730 est,
2770 3666 3017 3720 omnium
3075 3666 3361 3722 hominum

1790 3759 2066 3813 mentibus
2119 3759 2484 3813 communiter
2536 3757 2761 3811 insitum
2788 3768 2889 3822 est,
2922 3757 3089 3811 Deum
3136 3773 3280 3824 esse,
3312 3769 3364 3813 et

1788 3850 1940 3904 illinc
1992 3850 2191 3919 fulgor,
2246 3859 2506 3918 tanquam
2546 3864 2639 3916 per
2692 3849 3035 3902 ostensiones
3099 3852 3361 3917 quasdam

1787 3948 2024 3994 mentem
2046 3940 2269 4002 excitat,
2298 3950 2352 3993 et
2394 3939 2684 4003 illuminat,
2728 3939 2944 3992 tametsi
2978 3953 3084 3991 non
3130 3948 3186 3991 ut
3216 3939 3363 3992 scia-

1787 4047 1935 4096 mus,
1960 4032 2088 4099 quid
2122 4030 2335 4084 tandem
2384 4028 2529 4083 Deus
2564 4040 2668 4093 est,
2694 4036 2875 4083 tamen
2915 4039 2975 4083 ut
3006 4044 3113 4082 non
3143 4030 3363 4100 ignore-

1788 4138 1936 4187 mus,
1958 4137 2080 4177 esse
2103 4122 2322 4192 quidem
2355 4121 2600 4175 omnino.

192 4221 246 4275 El
272 4222 375 4295 γὰρ
405 4223 627 4295 πλῆθος,
648 4222 795 4276 ἅπαν
819 4220 928 4275 εἴτε
958 4220 1059 4291 τὴν
1085 4219 1178 4273 τοῦ
1204 4219 1461 4290 συνεχοῦς
1483 4221 1679 4291 ὀνομα-

1864 4214 1923 4268 Si
1957 4214 2102 4267 enim
2141 4214 2250 4279 ('53)
2289 4213 2472 4266 omnis
2522 4211 2822 4265 similitudo
2858 4210 2973 4266 sive
3001 4224 3196 4264 nomen
3220 4224 3364 4265 ron-

136 4313 239 4365 σίαν
269 4315 577 4386 δεχόμενον,
623 4315 734 4368 εἴτε
771 4314 849 4382 τῷ
891 4313 1236 4385 διωρισμένῳ
1266 4315 1679 4385 περιγραφόμε-

1794 4307 1931 4363 tiuui
1963 4305 2181 4367 habeat,
2225 4306 2340 4358 sive
2383 4303 2627 4367 discreti,
2674 4303 2818 4356 sicut
2869 4303 2923 4355 in
2956 4302 3229 4355 inﬁnitum
3262 4316 3360 4370 po-

134 4419 208 4455 νον
226 4444 239 4464 ,
266 4405 445 4475 ὥσπερ
478 4410 559 4470 εἰς
591 4407 817 4478 ἄπειρον
844 4404 1067 4459 δύναται
1094 4404 1387 4475 τέμνεσθαι
1428 4406 1521 4457 καὶ
1561 4421 1679 4457 σκε-

1794 4411 1893 4457 lcSt
1925 4400 2101 4456 secari
2142 4408 2195 4453 et
2226 4396 2507 4467 dissipari,
2543 4398 2623 4450 sic
2657 4396 2820 4450 etiam
2855 4398 2920 4448 ad
2974 4394 3269 4447 Iluxionem
3307 4402 3363 4446 et

134 4491 565 4563 δάζεσθαι,-οὖτω
593 4499 689 4551 καὶ
730 4497 867 4566 πρὸς
895 4495 996 4567 τὴν
1053 4495 1260 4565 φθορὰν
1288 4495 1679 4566 ἀποφέρεσθαι.

1794 4493 2067 4547 interitum
2140 4487 2362 4551 deferri,
2411 4487 2638 4541 omnino
2685 4496 2868 4540 tamen
2935 4482 3361 4553 participatione

135 4585 326 4660 Μετοχῇ
370 4594 588 4654 πάντως
641 4591 757 4651 ὲνός
791 4604 942 4651 τινος
992 4586 1210 4657 ἐξήρθηΔ
1239 4585 1333 4639 τοῦ
1387 4588 1464 4658 μὴ
1515 4586 1679 4639 ταῦτα

1794 4586 1950 4640 unius
1991 4583 2274 4663 cujusdam
2335 4581 2621 4642 liberatur,
2662 4594 2730 4632 ne
2787 4577 2888 4632 ista
2932 4576 3171 4647 patiatur
3224 4574 3360 4644 (54),

137 4678 303 4733 παθεῖν
330 4683 529 4737 αὐτίκα
559 4683 652 4735 τοῦ
684 4682 991 4754 προελθεῖν,
1023 4680 1161 4733 ἀλλὰ
1191 4678 1359 4750 μονῆς
1389 4678 1679 4732 ἀπολαύειν

1794 4677 1977 4732 statim
2018 4685 2077 4730 ut
2111 4673 2460 4745 participatio
2493 4671 2658 4726 unius
2687 4668 2965 4739 prodivit:
3009 4667 3140 4737 quin
3177 4666 3358 4741 potius

1608 4894 1837 4952 ΝοΤΑι.

198 5015 299 5085 (50)
332 5014 452 5070 Non
490 5026 658 5085 potest
701 5028 958 5085 expromt,
1018 5013 1157 5085 sicut
1206 5010 1679 5085 nquuehcognoscil

1794 5007 1979 5085 sl;__1b
2020 5002 2163 5061 εῖναι
2216 5005 2277 5058 τὸ
2330 5003 2544 5085 πειτα-ηδ
2578 5012 2726 5085 ,θείς
2781 5002 2899 5085 «'Et
2951 5005 3057 5058 hoc
3112 5004 3365 5085 universo

140 5074 576 5159 υεὶιείᾋρρητον
610 5086 706 5155 μὲν
741 5074 801 5137 τὸ
824 5074 977 5159 eam
1010 5080 1197 5159 ὥσπερ
1226 5074 1322 5134 κάι
1348 5074 1610 5159 ἄτληπτον.
1634 5080 1679 5132 Id

1794 5079 1986 5132 melius
2011 5088 2095 5157 est
2128 5115 2144 5131 .
2183 5115 2197 5129 .
2229 5115 2247 5157 ε
2279 5092 2346 5129 ex
2382 5074 2550 5128 nihilo
2576 5074 2701 5128 fecit
2730 5075 3072 5141 universum,
3106 5090 3203 5129 seu
3225 5078 3366 5130 hanc

140 5167 241 5209 est:
276 5176 293 5208 ι
329 5146 481 5211 Νοὶι’
518 5146 698 5225 potest
746 5154 965 5225 quidem
1016 5146 1198 5207 verbis
1235 5146 1494 5220 eripi-inii,
1548 5151 1692 5204 sicut
1742 5146 1745 5147 ⁷
1788 5146 2435 5225 rerutn_univ‘ersitatem.
2465 5163 2483 5195 ›
2568 5194 2589 5213 ο

144 5240 297 5294 neque
325 5212 575 5298 mgnus-ci
612 5212 779 5279 Deus:
815 5245 834 5275 ι
1307 5212 1322 5220 ’
1482 5212 1488 5214 ⁷
1863 5219 1955 5340 (ίὲ
1975 5217 2067 5272 Est
2090 5212 2670 5298 dissertatiosecnnda
2690 5214 2840 5335 θεοί]
2862 5212 3217 5284 Basnagium.

202 5298 300 5340 ιλιι
362 5296 623 5340 ηριὶιιρήὶ
669 5306 718 5340 ει
757 5293 1118 5340 ἱηιηιὶςὶιὶρηίι
1167 5291 1322 5340 radio
1374 5287 1691 5340 umbratile:
1862 5287 1916 5340 ('5
1959 5287 1974 5340 l
2030 5285 2217 5340 0mm:
2258 5285 2576 5339 διηιιιιιιιιιο.
2606 5284 2720 5340 [Im
2758 5301 2816 5340 ος
2883 5284 3051 5340 ἆπαν.
3114 5284 3169 5337 Id

202 5284 300 5369 ὧι)
357 5284 623 5369 Πὲεἱιιςνίὶ
669 5293 1118 5369 “inquisitionis
1167 5291 1322 5369 radio
1374 5287 1679 5369 umbratile:

1802 5347 1808 5353 ,
1862 5284 2576 5369 ('53).Omnisusiruititudo.
2606 5284 2816 5353 Πλῆθος
2883 5284 3051 5341 ἅπαν.
3114 5284 3169 5337 Id
3229 5290 3363 5336 est:

145 5357 403 5422 elicientes.
432 5366 540 5420 Τοῦ
588 5382 648 5417 τε
678 5357 844 5417 πόθου
875 5366 970 5417 καὶ
994 5361 1341 5431 συζητήσεως
1376 5360 1679 5431 σκιαφανεῖς

1798 5374 1817 5409 ι
1857 5358 2046 5431 omnis
2073 5357 2385 5431 multitudo.
2440 5372 2459 5431 ξ

147 5419 343 5500 ἀκτῖνας
362 5419 629 5500 ἕλκοντες.
705 5436 757 5489 Id
797 5446 930 5488 est:
992 5451 1010 5483 ι
1048 5419 1401 5486 ῧεείἁθι-ἰίἐι
1463 5419 1665 5496 inquisi

1858 5426 1977 5500 βό)
2008 5424 2206 5500 Stqtipt
2228 5423 2654 5500 u_t_participat_io
2686 5425 2845 5500 unius
2878 5423 3129 5500 prodivit.
3154 5419 3363 5474 Αὐτίκα

151 5503 291 5559 tionis
317 5490 494 5561 radios
529 5490 845 5560 umbratiles
874 5504 1173 5559 elicientes.
1215 5519 1233 5551 ι
1262 5543 1272 5553 .
1540 5490 1555 5496 ’

1794 5496 1885 5548 τοῦ
1918 5490 2221 5565 προελθεῖν.
2260 5490 2319 5547 Id
2354 5503 2436 5549 est
2465 5509 2481 5547 :
2507 5490 2531 5545 ι
2580 5493 2775 5549 Statim
2806 5490 2941 5548 utin
2972 5506 3156 5548 rerum
3203 5502 3364 5544 ualu-

210 5574 309 5643 (32)
340 5577 405 5630 Et
427 5578 566 5630 anuli
589 5575 773 5628 melius
797 5583 877 5628 est
906 5612 922 5629 .
960 5613 974 5626 .
997 5612 1013 5627 .
1042 5589 1106 5626 ex
1132 5571 1295 5623 nihilo
1342 5568 1478 5643 fecit
1516 5580 1686 5643 omne.
1796 5580 1911 5620 ram
1944 5564 2165 5635 prodiit.
2199 5581 2220 5615 ι

156 5636 455 5712 κρεῖττονδὲ
471 5646 565 5700 τοῦ
604 5645 803 5709 παντὸς
834 5684 847 5699 .
885 5685 899 5699 .
932 5683 945 5698 .
984 5643 1308 5713 προήγαμεν
1335 5636 1399 5693 ἐκ
1422 5639 1498 5709 μὴ
1518 5636 1687 5689 όντων
