3828 6202
473 171 582 236 887

1636 178 1900 239 ΡΗΟΤΙΙ
1936 182 2442 244 PATRIARCH/E
2471 185 2582 243 ΟΡ.

3613 188 3701 250 833

475 280 788 348 duratioue,
843 291 900 338 et
942 285 1366 340 conservatione
1438 283 1691 341 fruatur:
1751 290 2054 360 participa—

2189 294 2256 347 ιαί
2297 295 2548 363 συνοχῆς.
2582 293 2798 363 Μετοχῇ
2847 293 2892 346 δ’
2921 293 3042 358 ἐνὸς
3069 293 3162 348 τοῦ
3197 295 3400 366 κυρίως
3431 298 3522 350 καὶ
3555 297 3703 367 ὑπερ-

477 373 678 426 tionem
712 372 836 427 dico
876 373 1065 438 unius,
1115 389 1221 430 non
1277 375 1443 432 unius
1478 379 1719 447 proprie,
1773 380 1920 443 quod
1967 387 2055 434 est

477 478 642 532 supra
701 464 1096 530 substantiam,
1135 467 1396 536 quoniam
1437 469 1860 538 participatione
1892 469 2055 537 hujus

479 571 653 623 neque
693 558 867 610 secari
914 572 1092 626 neque
1149 558 1403 628 dissipari
1432 567 1676 628 possent.
1706 575 1804 614 nec
1839 573 2051 615 natura:

476 655 663 702 essent
713 649 940 702 omnino
975 647 1133 704 ﬂuxte
1163 658 1217 704 et
1259 651 1550 716 mortalis;
1604 651 1702 705 sed
1758 652 2056 722 participa-

478 741 680 794 tionem
715 742 880 795 unius
920 741 1067 807 dico,
1099 742 1246 812 quod
1289 743 1534 811 quidem,
1577 742 1674 812 qui
1701 743 1903 798 dixerit
1937 758 2060 798 esse

2155 383 2344 436 ουσίαν
2375 383 2515 446 ἑνός.
2560 382 2714 435 Ἐπεὶ
2741 380 2864 434 οὐδὲ
2903 384 3087 455 τμητὰ
3129 385 3222 437 καὶ
3270 385 3555 442 σκεδαστά.
3589 390 3705 442 Οὐδέ

2157 474 2390 547 ῥεούσης
2420 475 2487 529 ἂν
2514 474 2653 538 ὅλως
2703 475 2896 546 εἴησαν
2927 478 3024 530 καὶ
3074 477 3445 547 φθειρομένης
3494 478 3702 547 φύσεως,

2157 564 2272 619 ἀλλ’
2300 566 2419 628 ἑνὸς
2455 568 2682 636 μετοχῇ,
2710 566 2738 619 ὃ
2765 567 2830 637 δὴ
2862 567 3022 621 σκιάν
3049 585 3132 630 τις
3163 568 3416 639 ἀμυδρὰν
3445 572 3606 624 εἰπὼν
3627 573 3704 625 τοῦ

2161 658 2368 729 κυρίως
2401 658 2496 710 καὶ
2525 657 2852 728 ὑπερουσίου
2882 657 3021 724 ἑνὸς,
3057 661 3226 728 ἐγγὺς
3259 661 3329 714 ἂν
3364 662 3607 726 εἰκασίας
3627 664 3705 733 γὲ-

2158 765 2304 802 νοιτο
2335 749 2436 818 τῆς
2465 748 2633 819 μηδὲν
2659 749 3110 820 ἀνατυπουμένης
3153 751 3454 822 τολμηρόν.
3483 753 3705 807 Τοιοῦτον

387 1469 394 1477 ’
481 1479 704 1533 natione
743 1488 795 1532 et
827 1480 1012 1548 specie
1070 1488 1243 1546 caret,
1290 1492 1515 1550 propter
1569 1481 1703 1535 illud
1742 1498 1909 1536 unum
1969 1484 2067 1537 de-

479 833 732 888 umbram
776 843 996 888 tenuem
1053 835 1226 914 unius
1254 835 1471 904 proprie
1507 843 1563 889 et
1598 849 1764 904 supra
1795 836 2060 891 substan-

2190 842 2204 862 '
2228 841 2348 895 ἐστὶ
2381 843 2442 894 τὸ
2475 841 2606 912 παρ’
2637 844 2770 913 ἡμῖν
2798 843 2876 898 ἓν.
2907 836 2983 896 Ub
3033 845 3126 899 καὶ
3155 845 3216 898 τὸ
3271 845 3477 914 πλῆθος
3501 887 3514 910 ,
3549 845 3706 918 ὥσπερ

481 924 637 990 tiam,
678 927 745 978 ad
801 909 1182 995 conjecturam
1235 926 1336 980 iste
1363 941 1534 996 prope
1586 923 1903 994 accesserit,
1941 944 2064 999 qua:

2195 930 2399 1003 ἴρηται,
2427 909 2894 1003 μέτοχον-’τμητὸν
2927 934 3025 1005 μέν
3049 936 3166 988 ἐστι
3198 935 3298 990 καὶ
3334 909 3612 990 σιιεδαστῦν
3633 909 3707 991 καὶ

480 1015 614 1068 nihil
644 1017 822 1071 audax
857 1027 1229 1087 repraesentet,
1258 1018 1573 1087 liujusmodi
1619 1034 1754 1072 vero
1779 1031 1862 1075 est
1891 1037 2061 1075 unum

2189 1019 2410 1087 »ευστὸν,
2442 1019 2600 1075 οὔπω
2635 1021 2694 1074 δὲ
2721 1024 2791 1095 τῇ
2819 1021 3057 1093 περιόδῳ
3088 1021 3529 1094 συώιερῤύημεν
3550 1021 3706 1091 ὥσπερ

480 1107 623 1176 apud
655 1124 777 1172 nos,
830 1109 1010 1179 cujus,
1038 1112 1178 1165 sicut
1209 1109 1414 1190 dictum
1444 1119 1548 1176 est,
1608 1111 1752 1167 facta
1792 1113 2065 1184 particeps

2189 1111 2290 1166 ιύδὲ.
2318 1112 2699 1188 διατέτμηται.

481 1202 780 1255 multitudo
830 1201 1085 1257 secabilis
1142 1202 1363 1273 quidem
1391 1212 1474 1259 est
1504 1214 1558 1259 et
1601 1205 1964 1275 dissipabilis,
2009 1214 2063 1261 et
2099 1205 2269 1275 ﬂuxa,
2318 1205 2561 1260 nondum
2607 1213 2788 1262 tamen
2821 1223 2888 1264 eo
2957 1209 3247 1282 processit,
3279 1220 3343 1262 ut
3406 1206 3612 1261 ﬂuxerit
3632 1218 3708 1261 aut

482 1295 707 1364 disjecta
739 1295 828 1348 sit.

556 1379 770 1440 Idcirco
801 1387 918 1456 ipsa
949 1386 1263 1452 multitudo,
1309 1403 1428 1458 quae
1481 1399 1679 1443 natura
1735 1406 1836 1444 sua
1869 1389 2068 1444 termi-

2240 1390 2432 1465 ΤαύτῃΔ
2470 1409 2554 1445 τοι
2599 1393 2691 1445 καί
2735 1390 2871 1445 αὐτὸ
2925 1391 2990 1445 τὸ
3043 1391 3252 1462 πλῆθος
3279 1392 3500 1460 ἄριστον
3532 1390 3605 1453 ὃν,
3637 1396 3710 1445 καὶ

2176 1483 2411 1536 ἀνείδεον
2442 1486 2508 1555 τῇ
2542 1500 2604 1552 γε
2638 1483 2799 1552 φύσει
2837 1488 2902 1555 τῇ
2943 1484 3120 1556 οἰκείᾳ
3149 1485 3221 1537 δι’
3251 1482 3465 1535 ἐκείνου
3491 1500 3545 1536 τε
3582 1500 3708 1554 περι-

485 1571 673 1624 linitur
706 1581 760 1624 et
794 1571 975 1639 specie
1035 1571 1282 1626 aliicitur.
1322 1571 1719 1637 Quaternarius
1775 1574 1918 1627 enim
1946 1614 1961 1638 ,
2017 1583 2071 1627 et

2189 1577 2411 1646 ιρίζεται
2460 1577 2556 1630 καὶ
2603 1577 2976 1633 εἰδοποιεῖται.
3007 1578 3220 1647 Tarpa;
3271 1580 3385 1645 γὰρ
3434 1576 3527 1630 καὶ
3572 1577 3708 1639 emi;

481 1665 844 1734 septnuarius,
891 1674 945 1719 et
973 1665 1254 1732 denarius,
1290 1678 1342 1722 et
1369 1668 1716 1734 tricenarius,
1766 1670 1933 1724 veluti
1995 1670 2071 1726 si-

2189 1670 2263 1722 ιαὶ
2290 1670 2475 1735 δεκὰς,
2528 1670 2621 1722 καὶ
2649 1670 2881 1740 τριακὰς
2930 1670 3024 1724 τοῦ
3071 1669 3201 1741 παρ’
3251 1672 3391 1740 ἡμῖν
3433 1669 3546 1731 ἑνός
3584 1669 3706 1722 εἰσιν.

482 1757 726 1809 mulacra
760 1765 909 1820 sunt,
965 1768 1020 1810 et
1064 1757 1208 1812 fetus
1251 1759 1432 1823 unius,
1478 1761 1622 1827 quod
1652 1761 1793 1830 apud
1840 1777 1940 1817 nos
1963 1771 2065 1826 est,

2189 1763 2382 1832 Ὠσπερ
2415 1762 2738 1831 ἰνδάλματα,
2776 1752 3045 1832 προϐολαὶ
3083 1762 3142 1816 τὸ
3175 1762 3385 1833 πλῆθος
3413 1761 3710 1816 ἐνοποιοῦσαι

482 1863 605 1917 qua:
643 1849 877 1916 speciem
916 1849 1183 1903 inducunt
1212 1850 1568 1918 multitudini,
1624 1864 1678 1908 et
1700 1869 1821 1908 eam
1872 1855 2071 1910 uniunt

483 1948 536 1992 et
556 1941 890 2001 .terminant,
917 1955 979 1993 ac
1012 1941 1494 1997 circumscribunt.

556 2027 821 2082 Similiter
884 2039 1064 2084 autem
1125 2032 1239 2100 (55)
1296 2033 1339 2089 si
1381 2048 1544 2087 omne
1585 2033 1797 2087 unitum
1831 2050 1936 2088 non
1963 2035 2070 2090 sibi

486 2119 590 2187 ipsi
642 2121 781 2186 unit,
829 2122 920 2174 sed
964 2125 1172 2179 unitate
1209 2126 1422 2179 unitum
1457 2133 1561 2188 est,
1588 2135 1642 2179 et
1695 2127 1872 2194 ipsum
1899 2127 2070 2196 igitur

487 2212 910 2281 participatione
942 2217 1103 2268 unius
1129 2217 1362 2283 salvum,
1393 2227 1447 2272 et
1487 2217 1761 2271 incolume
1795 2229 2070 2283 servatur,

491 2303 653 2356 unius
703 2303 913 2358 scilicet
938 2320 1043 2356 non
1086 2304 1233 2360 illius
1268 2307 1513 2376 pmpric,
1534 2314 1587 2360 et
1615 2321 1779 2374 supra
1811 2305 2071 2362 substan-

487 2394 644 2458 tiam,
684 2394 778 2447 sed
814 2395 1103 2451 sicutante
1125 2397 1333 2452 dictum
1365 2406 1469 2460 est,
1525 2396 1712 2461 unius,
1743 2395 1889 2464 quod
1925 2396 2075 2454 illius

489 2487 684 2540 umbra
713 2488 934 2543 fruitur.

560 2579 850 2646 Praeterea,
884 2583 930 2636 si
961 2581 1013 2634 in
1050 2581 1140 2647 iis,
1175 2597 1298 2651 quae
1316 2592 1464 2643 sunt,
1492 2582 1620 2637 licet
1649 2585 1892 2655 reperire
1917 2599 2070 2649 eum,

490 2671 584 2741 qui
617 2672 954 2739 dominatur,
999 2681 1055 2729 et
1089 2688 1215 2728 eum
1274 2674 1368 2743 qui
1425 2685 1509 2728 est
1557 2675 1842 2745 subjectus
1897 2676 2076 2730 dmni~

492 2766 684 2830 nanti;
722 2775 775 2820 et
815 2768 931 2835 ipse
961 2767 1055 2837 qui
1112 2768 1471 2835 dominatur;
1525 2768 1574 2823 si
1624 2769 1774 2823 subit
1823 2769 2072 2824 ordinem

491 2856 629 2922 ejus,
662 2859 754 2926 qui
788 2858 1071 2927 subjectus
1115 2870 1200 2913 est
1219 2860 1546 2928 dominanti,
1578 2860 1789 2915 scilicet
1838 2876 1947 2914 non
1978 2859 2080 2914 doé

493 2949 759 3014 minans;
801 2964 908 3002 non
949 2951 1168 3019 proprie
1213 2951 1482 3015 dominat,
1530 2952 1657 3022 quia
1695 2952 1941 3022 privatus
1979 2951 2079 3004 do-

466 3035 704 3093 'niinatu
737 3041 1016 3110 subjectus
1049 3052 1131 3095 est
1171 3043 1518 3110 dominanti;
1559 3046 1712 3113 quod
1765 3045 1810 3099 si
1852 3044 1926 3097 ita
1975 3051 2077 3107 est,

2173 1855 2265 1907 καὶ
2291 1854 2674 1920 είδοποιοῦσαι,
2703 1857 2799 1910 καὶ
2830 1855 3269 1927 περιορίζουσαι.

2253 2028 2530 2094 Ὡσαύτως
2563 2029 2641 2093 δὲ,
2687 2028 2784 2082 καὶ
2825 2028 2906 2090 εἰς
2953 2026 3015 2078 τὸ
3060 2022 3396 2096 ’ίγπιωμένονιἱ
3466 2025 3598 2078 ἅπαν
3639 2025 3710 2093 οὐχ

2172 2123 2335 2176 ἑαυτὸ
2381 2123 2512 2185 ἑνοῖ,
2544 2115 2789 2190 ἀλλὰ-τῇ
2836 2120 3050 2186 ὲνότητι
3075 2119 3310 2187 ἥνωται.
3349 2118 3458 2169 Καὶ
3479 2116 3599 2169 αὐτὸ
3632 2117 3710 2185 ἄρα

2171 2217 2236 2284 τῇ
2282 2212 2376 2266 τοῦ
2424 2214 2544 2276 ἑνὸς
2603 2215 2803 2283 μετοχῇ
2839 2211 2900 2264 τὸ
2943 2211 3224 2282 ἡνωμένον
3265 2209 3381 2279 ἔχει
3430 2207 3708 2278 σωζόμενον.

2185 2305 2336 2368 Ἓνὸς
2368 2305 2426 2358 δὲ
2459 2303 2742 2357 κάνταῦθα
2785 2303 2844 2356 οὐ
2890 2302 2982 2357 τοῦ
3028 2302 3240 2371 κυρίως
3289 2301 3384 2354 καὶ
3434 2299 3709 2368 ὑπερουσίου

2174 2397 2292 2460 ὲνός
2309 2413 2323 2426 ο
2350 2395 2466 2448 ἀλλ’
2492 2394 2682 2464 ὥσπερ
2705 2393 2924 2464 εἴρηται
2958 2393 3050 2445 τοῦ
3084 2390 3458 2452 ἀπολαύοντος
3486 2389 3577 2459 τῆς
3604 2389 3712 2441 ἐκεῖ·

2176 2489 2266 2541 θεν
2308 2489 2464 2550 σκιᾶς
2476 2527 2488 2540 .

2252 2582 2372 2633 Ἔτι
2399 2581 2460 2634 δὲ
2489 2579 2607 2632 ἔστι
2639 2579 2736 2650 μὲν
2767 2581 2826 2632 ὲν
2862 2581 2978 2642 τοῖς
3003 2577 3120 2632 οὖσι
3152 2576 3348 2630 λαϐεῖν
3379 2576 3438 2628 τὸ
3462 2575 3616 2645 ἄρχον
3642 2572 3711 2624 καὶ

2175 2673 2237 2726 τὸ
2258 2671 2582 2744 ἀρχόμενον.
2611 2671 2720 2723 Καὶ
2751 2670 2882 2723 αὐτὸ
2912 2670 2968 2722 δὲ
2992 2669 3052 2722 τὸ
3081 2669 3255 2741 ἄρχον
3314 2669 3414 2740 τὴν
3455 2666 3542 2721 τοῦ
3578 2666 3708 2736 ἀρχο-

2181 2763 2344 2833 μένου
2377 2763 2531 2828 τάξιν
2560 2761 2954 2832 ὑποδυόμενον,
2980 2761 3139 2831 δῆλον
3169 2763 3256 2816 δτι
3286 2761 3350 2813 τὸ
3379 2757 3652 2829 ἄρχον,οὺκ
3665 2756 3712 2809 ἂν

2179 2857 2268 2927 εἴη
2299 2856 2507 2926 κυρίως
2542 2854 2710 2923 ἄρχον
2755 2855 2842 2907 διὰ
2872 2854 2966 2908 τοῦ
3013 2854 3286 2925 ἄρχεσθαι
3333 2849 3710 2920 καθαιρούμενα)

2177 2946 2278 3017 τῆς
2317 2945 2515 3015 ἀρχῆς.
2561 2944 2695 2997 Οὐδὲ
2740 2943 2898 2996 τοῦτο
2931 2943 3048 2996 ἔστι
3094 2961 3176 3006 τις
3226 2937 3706 3012 ὑπερανιιηιισμένηί

2181 3037 2276 3090 καὶ
2306 3035 2548 3108 ἄναρχος
2572 3037 2738 3106 ἀρχὴ,
2765 3035 2824 3098 ἐξ
2853 3028 2922 3106 ἧς
2953 3034 3014 3087 τὸ
3050 3034 3220 3105 ἄρχον
3261 3034 3362 3104 τὴν
3397 3031 3624 3101 ἀμυδρὰν
3641 3027 3709 3082 τοῦ

495 3132 762 3186 estetiam
816 3132 1017 3201 aliquis
1057 3134 1186 3202 ('56)
1227 3134 1543 3189 dominatus
1604 3136 1856 3203 superior
1911 3150 2075 3204 supra

2189 3127 2514 3196 εἰκάσματος
2546 3124 2841 3194 δεξάμενον
2872 3125 3051 3190 σκιὰν,
3084 3125 3184 3196 τὴν
3223 3124 3408 3196 σχέσιν
3429 3123 3624 3176 εἵλκυσε
3641 3123 3708 3173 καὶ

497 3222 815 3287 collocatus,
869 3222 965 3290 qui
1006 3239 1112 3277 non
1141 3225 1306 3294 capit
1339 3240 1406 3280 ex
1461 3241 1568 3294 quo
1619 3227 1711 3298 qui
1747 3227 2082 3290 dominatur,

498 3315 736 3367 obscura
768 3313 1146 3367 similitudinis
1176 3313 1598 3370 adumbratione
1621 3326 1901 3384 suscepta,
1933 3314 2087 3369 habi-

502 3404 744 3458 tudinem
778 3413 831 3458 et
861 3406 1295 3460 nominationem
1330 3407 1648 3463 dominatus
1687 3407 1873 3462 traxit.

571 3493 786 3548 Rursus
820 3495 1012 3561 aliter;
1063 3497 1207 3551 sicut
1240 3498 1363 3553 licet
1408 3498 1590 3553 videre
1629 3498 1934 3566 subjectum
1967 3505 2089 3550 tan-

508 3597 620 3640 tum
657 3587 881 3641 alterius
905 3588 1287 3654 dominationi,
1319 3597 1373 3643 et
1417 3606 1522 3644 non
1569 3590 1968 3652 dominantem,
2007 3587 2087 3643 sie

506 3679 634 3734 licet
679 3681 1036 3748 contemplari
1086 3696 1208 3736 esse
1242 3683 1478 3752 aliquem
1549 3683 1664 3754 (37)
1717 3684 2082 3753 principatum

505 3771 790 3836 eximium,
838 3773 1130 3829 etcaeteris
1169 3774 1428 3828 omnibus
1491 3774 1930 3836 antecellentem,
1991 3771 2084 3842 qui

506 3876 615 3914 non
648 3861 874 3929 ceperit,
903 3863 996 3932 qui
1028 3878 1151 3917 eum
1183 3863 1361 3928 decet,
1391 3864 1484 3934 qui
1525 3863 1812 3918 divinitate.
1849 3878 1949 3918 sua
1972 3877 2088 3916 ma-

501 3955 592 4027 jor
621 3965 724 4020 est,
779 3973 945 4027 quam
981 3967 1045 4014 ut
1091 3969 1277 4015 mente
1307 3969 1362 4015 et
1414 3959 1772 4031 intelligentia
1834 3971 2088 4028 compre-

505 4047 669 4102 bendi
700 4051 892 4118 possit.

577 4138 635 4193 Si
665 4155 958 4210 possumus
997 4143 1055 4196 iu
1085 4152 1278 4198 natura
1323 4159 1506 4199 rerum
1565 4145 1804 4215 reperire
1856 4145 2085 4209 bonum,

506 4232 638 4298 quin
680 4234 861 4302 potius
907 4235 1077 4289 multa
1107 4245 1163 4290 et
1199 4236 1350 4290 varia
1392 4237 1533 4290 bona
1589 4236 1755 4307 (quod
1791 4236 1940 4290 enim
1975 4249 2090 4289 non-

508 4318 710 4376 fruitur
735 4323 921 4393 aliquo
939 4328 1104 4394 bono,
1137 4326 1232 4381 sed
1262 4326 1328 4380 ad
1349 4342 1626 4382 summum
1654 4326 1874 4382 malitiae
1890 4325 2084 4390 evasit,

508 4427 609 4466 nec
639 4414 862 4468 omnino
892 4425 1074 4484 potest
1101 4417 1435 4482 consistere;
1462 4418 1722 4471 continuo
1753 4417 1897 4471 enim
1927 4416 2088 4471 dissi-

2185 3218 2283 3285 τὴν
2314 3215 2610 3287 ὀνομασίαν
2645 3217 2745 3288 τῆς
2777 3218 2973 3288 ἀρχῆς.

2261 3497 2370 3549 Καὶ
2415 3495 2591 3559 ἄλλως
2628 3495 2706 3561 δὲ,
2769 3494 2957 3566 ὥσπερ
3002 3493 3120 3548 ἔστι
3152 3493 3466 3548 τελευταῖόν
3493 3510 3540 3544 τι
3567 3490 3711 3542 λαῦεῐν

2187 3586 2490 3656 ἀρχόμενον
2553 3586 2734 3657 μόνον,
2785 3587 2884 3640 οὐκ
2915 3585 3083 3656 ἄρχον
3125 3585 3205 3651 δὲ,
3249 3583 3420 3646 οὕτως
3448 3582 3580 3637 ἐστιν
3610 3583 3710 3634 ἀνα-

2189 3680 2413 3749 θεωρεῖν
2453 3680 2526 3744 ὡς
2562 3680 2678 3734 ἐστι
2714 3697 2798 3744 τις
2862 3680 3144 3750 ὑπερτάτη
3185 3676 3600 3750 καὶ-ἐξῃρημένη
3630 3672 3710 3725 τῶν

2188 3773 2361 3826 ἄλλων
2379 3770 2649 3826 ’ἁπάντων
2675 3772 2910 3842 ἄναρχος
2935 3773 3106 3842 ἁρχὴ,
3130 3773 3255 3842 ἥτις
3285 3771 3352 3824 ἂν
3384 3767 3708 3838 ἐφαρμόζουσα

2189 3864 2274 3933 εἴη
2317 3869 2385 3935 τῇ
2412 3866 2552 3935 ὑπὲρ
2577 3865 2722 3930 νοῦν,
2765 3866 2859 3918 καὶ
2905 3865 3045 3932 ὑπὲρ
3097 3863 3311 3916 ἔννοιαν
3345 3865 3515 3915 πᾶσαν
3541 3860 3708 3927 θεὸτῃτι

2188 3958 2284 4010 καὶ
2313 3957 2564 4030 θεαρχίᾳ.

2261 4141 2325 4193 Εἰ
2348 4138 2405 4192 δὲ
2445 4138 2592 4193 ἐστιν
2618 4141 2678 4191 ὲν
2706 4141 2770 4209 τῇ
2797 4137 2908 4191 τῶν
2937 4137 3105 4191 ὄντων
3131 4135 3291 4206 φύσει
3321 4136 3416 4190 καὶ
3441 4134 3620 4204 ἀγαθὸν
3637 4133 3704 4183 εὑ-

2192 4235 2325 4304 ρεῖν,
2365 4231 2565 4302 μᾶλλον
2593 4231 2648 4286 δὲ
2675 4232 2845 4284 πολλὰ
2881 4231 2974 4284 καὶ
3005 4231 3231 4285 ποικίλα
3264 4232 3333 4284 τὰ
3359 4229 3527 4298 ἀγαθὰ
3549 4227 3604 4298 (ὃ
3629 4226 3706 4292 γὰρ

2199 4326 2274 4395 μὴ
2322 4325 2587 4378 ἀπολαύει
2631 4325 2778 4389 τινὸς
2822 4323 3204 4394 ἀγαθότητος,
3241 4323 3357 4378 ἀλλ’
3401 4325 3476 4386 εἰς
3519 4322 3706 4403 ἄκρατον

2189 4419 2316 4489 ἣκει
2360 4418 2581 4482 κακίας,
2625 4419 2732 4472 οὐδ’
2779 4419 3076 4488 ὑφεστάναι
3105 4419 3242 4483 ὅλως
3283 4417 3530 4470 δύναται·
3554 4404 3702 4465 6:58:-

508 4514 732 4575 ρει-ειμι·
757 4517 812 4562 ει
846 4508 1115 4575 interiret,
1144 4509 1526 4579 siquidem-est
1555 4509 1810 4564 interitus
1842 4518 1900 4562 et
1919 4507 2075 4564 (lissi-

2195 4486 2347 4582 σθείη
2375 4514 2484 4580 γὰρ
2507 4511 2572 4564 ἂν
2602 4510 2799 4564 αὐτίκα
2828 4486 2928 4565 οιαὶ
2957 4509 3289 4580 διαφθαρείη
3307 4550 3321 4574 ,
3347 4509 3494 4576 εἴπερ
3516 4507 3544 4576 ἠ
3570 4501 3704 4572 φθορά

509 4599 655 4664 patio
681 4600 832 4671 mali)
859 4601 1032 4672 liquet
1072 4602 1175 4656 alia
1205 4601 1428 4671 quidem
1467 4601 1658 4670 magis,
1693 4599 1797 4654 alia
1820 4614 1950 4655 vero
1984 4599 2087 4653 mi-

2202 4603 2298 4655 καὶ
2321 4603 2349 4652 ὀ
2382 4602 2688 4674 σκεδασμὺς
2726 4602 2820 4656 τοῦ
2858 4601 3090 4674 κακοῦ),
3114 4602 3276 4671 δῆλον
3308 4601 3380 4665 ὡς
3409 4601 3514 4652 ἔστι
3543 4597 3599 4649 τὰ
3630 4593 3702 4662 μὲν

1797 4737 2034 4793 VARIIE
2059 4737 2473 4794 LECTIONES.

581 4831 608 4871 ιι
633 4831 768 4902 ιες.
799 4832 1182 4886 ut'l‘urrianus
1214 4831 1426 4902 legebat
1451 4831 1500 4882 εἰ
1534 4829 1596 4883 τὺ
1639 4831 1940 4901 ἡνωμένον.
2023 4819 2056 4872 ξ’
2077 4832 2158 4886 Au
2179 4832 2436 4904 ὑπεράνω
2461 4829 2710 4900 κειμένη,
2747 4840 2805 4883 ut
2835 4845 2958 4900 pag.
2992 4845 3109 4900 seq.
3139 4828 3434 4900 lleyscbius
3456 4836 3608 4879 tamen
3637 4817 3698 4881 τὸ,

512 4927 882 4996 ἀνῳκισμένος
913 4928 1134 4996 exponit
1169 4941 1264 4996 per
1290 4926 1371 4992 τὸ,
1392 4925 1713 4982 ᾶνωοίκῶν.

1976 5041 2212 5101 NOTAE.

584 5161 694 5242 (€55)
720 5159 784 5242 Si
809 5179 960 5242 eamne
988 5165 1198 5242 unitum
1217 5142 1356 5242 non
1379 5167 1656 5242 sibi_ur_tit.
1690 5166 1785 5226 Εἰς
1838 5164 1980 5242 [lego
2006 5162 2078 5234 εἰ]

514 5235 570 5284 τὸ
604 5234 880 5302 ἡνωμένον
907 5234 1052 5288 ἆπαν
1084 5237 1182 5305 οὐχ
1212 5236 1372 5288 ἑαυτὸ
1399 5237 1525 5288 ἐνοί.
1564 5235 1616 5289 Id
1644 5248 1730 5290 est
1756 5254 1769 5288 :
1809 5253 1826 5284 ι
1853 5234 1908 5286 Si
1928 5249 2090 5305 omne

515 5313 724 5374 titulum
762 5320 868 5358 neu
900 5320 957 5358 se
993 5304 1181 5374 ipsum,
1207 5317 1342 5360 utut.
1379 5325 1395 5355 ι
1425 5305 1730 5359 Turrianus
1761 5305 1910 5374 forte
1965 5304 2094 5373 legit

514 5372 714 5442 ἑαυτῷ,
745 5383 801 5427 at
833 5372 1026 5429 uestra
1078 5377 1238 5430 lectio
1297 5377 1460 5429 ἑαυτό
1507 5377 1720 5430 videtur
1791 5373 1984 5426 melior
2024 5372 2094 5428 ου

517 5458 738 5498 Verbum
768 5445 1006 5497 activum
1054 5448 1184 5499 ἑνοῖ.

586 5515 698 5584 (56)
742 5514 1061 5569 Dominatm
1093 5517 1336 5582 superior
1362 5516 1453 5578 qui
1482 5531 1583 5568 non
1609 5517 1782 5584 erupit.
1801 5512 2090 5584 Ὑπεράνω

514 5585 742 5652 κειμένη
767 5586 864 5637 καὶ
885 5586 1121 5655 ἄναρχος
1148 5587 1311 5654 ἀρχή.
1345 5586 1400 5639 ltl
1427 5595 1510 5639 est
1549 5601 1564 5641 :
1628 5605 1645 5637 ι
1679 5586 1936 5655 Superior
1989 5586 2088 5638 do-

517 5656 759 5711 minatus
785 5663 839 5710 ct
863 5655 994 5710 nulli
1019 5656 1318 5711 dominatui
1352 5657 1648 5726 subjectus.
1679 5676 1695 5709 ι

2262 5168 2372 5237 (57)
2406 5166 2773 5241 Principatum
2816 5170 3022 5241 arteria
3071 5165 3454 5241 unm-ruentem
3487 5161 3584 5241 ,σξιξ

2189 5225 2419 5310 (φρει-ἴε.
2439 5225 2782 5310 Ἐξῃρημένη
2809 5240 2918 5291 τῶν
2941 5238 3116 5310 ἄλλων
3139 5253 3361 5306 αναρχος
3381 5225 3690 5310 ἀρχή-,Ιίξξίξ

2195 5329 2212 5358 ι
2256 5292 2868 5373 Ρτίιιεὶνειῖἰίὶη”ε;ειει·ἰε
2901 5292 3309 5362 antecellentem
3347 5314 3392 5356 et
3418 5292 3534 5353 uni-ti
3557 5292 3691 5344 domt-

2194 5379 2345 5450 ηειμί
2379 5381 2709 5450 subjectum.
2755 5398 2772 5428 ι
2811 5449 2818 5450 γ
3136 5448 3143 5450 Α
3227 5448 3235 5450 _
3462 5447 3469 5450 λ

2270 5431 2748 5503 Veritasrnostrze
2809 5448 3269 5518 interpretationis
3316 5447 3474 5513 potest
3522 5431 3686 5518 PM?”

2199 5535 2262 5572 ex
2297 5535 2383 5582 eo,
2421 5521 2568 5587 quod
2604 5521 2692 5575 hic
2722 5520 2825 5574 loci
2859 5511 3052 5575 statuit
3077 5522 3176 5574 tria
3207 5511 3389 5589 genera
3420 5519 3572 5562 rerum
3610 5511 3682 5550 ω’

2199 5590 2504 5644 sistentium
2543 5611 2554 5644 :
3387 5595 3391 5601 ’
