3828 6202
504 321 604 387 891
1368 326 1380 339 ’
1661 312 1923 374 PHOTII
1960 307 2467 372 PATRIARCHE
2493 308 2604 371 (.‘P.
3592 320 3675 385 391

505 449 628 502 qua:
658 428 821 501 supra
861 429 1225 484 substantiam
1258 436 1366 491 est,
1416 426 1663 496 depingit
1697 437 1751 481 et
1787 424 2074 495 exprimit:

2190 419 2249 472 τὸ
2278 418 2383 472 τῶν
2408 417 2759 472 ὑποστάσεων
2785 417 2921 487 πρὸς
2951 419 3188 488 ἀλλήλας
3207 421 3515 493 άδιάττατον,
3537 434 3613 484 καὶ
3633 440 3679 489 τὸ

507 523 750 592 proxime
777 536 906 576 vero
942 521 1098 575 docet
1132 534 1488 588 personarum
1513 518 1653 571 inter
1683 532 1742 571 se
1773 531 1934 569 unam
1965 513 2074 569 sine

2188 510 2437 581 συμφυὲς
2469 510 2649 562 αὐτῶν
2671 508 2767 563 καὶ
2792 509 2910 562 κατ’
2932 509 3122 563 οὐσίαν
3152 514 3548 583 ἀπαράλλακτον.

507 616 613 668 ulla
650 612 909 668 distantia
937 620 1211 675 naturam,
1245 620 1299 664 et
1332 611 1451 665 sine
1482 609 1591 662 ulla
1617 608 1919 663 variatione
1950 606 2083 661 sub-

503 707 779 763 stantiam.

574 797 844 851 Pra=terea
886 796 939 872 i_n
989 796 1080 861 lis,
1112 810 1234 865 qua:
1267 792 1504 863 perfecta
1537 799 1690 855 sunt,
1747 791 2086 846 conveniunt

504 891 851 961 principium,
887 889 1144 951 medium,
1177 895 1230 941 et
1264 886 1388 940 ﬁnis
1417 902 1429 939 :
1462 885 1671 955 primus
1728 894 1909 939 autem
1943 884 2086 938 inter

503 998 695 1037 omnes
727 983 865 1035 alios
895 996 1175 1044 numeros,
1211 994 1475 1032 numerus
1508 977 1672 1031 trium
1712 977 1829 1032 haec
1855 976 2083 1032 sortitus

501 1082 585 1127 est
617 1089 632 1138 ;
664 1078 1031 1127 consentanee
1080 1071 1224 1123 enim
1269 1068 1530 1122 divinitas
1588 1082 1815 1131 arcana,
1849 1076 1905 1121 et
1949 1082 2083 1134 qua:

504 1163 726 1232 cogitari
759 1176 867 1214 non
897 1167 1096 1230 potest,
1154 1174 1277 1210 cum
1315 1158 1473 1212 vellet
1508 1172 1604 1227 per
1652 1172 1738 1221 ea,
1772 1171 1895 1226 qua:
1926 1156 2083 1211 nobis

503 1264 631 1306 nota
656 1260 806 1314 sunt,
846 1259 904 1305 ut
968 1249 1210 1320 symbola
1242 1250 1493 1317 quaadam
1534 1257 1588 1303 et
1632 1247 1858 1318 vestigia
1896 1250 2081 1318 cogni-

501 1344 665 1398 tionis
698 1357 812 1397 suze
845 1342 1110 1404 lacerent,
1142 1341 1315 1395 voluit
1344 1356 1439 1411 per
1473 1355 1782 1395 sermonem
1835 1340 2079 1394 divinum

500 1439 567 1491 de
603 1436 778 1489 tribus
830 1434 1003 1489 .nobis
1086 1443 1392 1489 notescere.
1455 1432 1663 1489 Deinde
1704 1447 2082 1503 'quaaeunque

502 1528 666 1580 Deum
694 1526 943 1580 decentia
981 1526 1033 1579 in
1097 1525 1207 1579 Deo
1257 1525 1715 1595 contemplamur,
1762 1500 2074 1595 reperimus

2184 1500 2747 1571 συγκεφαλαιοῦσθαι,
2775 1501 2962 1568 φασὶν,
2990 1503 3245 1574 ἀπαρχῆς
3265 1504 3567 1577 εὑρίσκομεν
3584 1510 3698 1582 είλη.

496 1632 525 1669 a
566 1616 839 1686 principio
891 1626 1143 1670 naturam
1177 1590 1576 1686 accepisse-nt
1608 1618 1673 1671 ad
1710 1616 1815 1670 tria
1838 1590 2074 1672 revoca-

2183 1593 2341 1660 φότα,
2372 1592 2466 1645 καὶ
2491 1590 2617 1644 οὕτε
2648 1592 2729 1655 είς
2759 1592 3017 1646 ἐλάττονα
3036 1636 3051 1660 ,
3088 1595 3211 1648 οὐδὲ
3254 1596 3333 1659 εἰς
3360 1597 3562 1651 πλείονα
3606 1618 3699 1655 συν-

495 1684 706 1774 rentur,
748 1684 801 1764 et
834 1725 934 1763 nec
960 1709 1028 1762 ad
1083 1684 1362 1777 pauciora,
1398 1722 1498 1762 nec
1534 1709 1600 1762 ad
1642 1708 1818 1777 plura.
1860 1708 1927 1761 Et
1955 1724 2074 1779 quae

2183 1684 2448 1754 αγόμενα.
2494 1686 2589 1746 Ei;
2624 1687 2757 1740 ποῖα
2788 1686 2846 1740 δὲ
2877 1686 3088 1755 ταῦτα;
3138 1691 3219 1752 εἰς
3258 1691 3459 1758 οὐσίαν,
3485 1693 3557 1755 είς
3578 1694 3698 1748 δύνα-

495 1801 598 1856 ista
631 1804 799 1856 sunt?
848 1817 1043 1871 nempe
1079 1776 1408 1865 substantia,
1443 1800 1617 1854 virtus
1650 1776 1780 1853 sive
1814 1776 2074 1869 potentia,

2183 1793 2300 1847 μιν,
2327 1776 2424 1830 καὶ
2458 1778 2763 1849 ἐνέργειαν.
2794 1776 2933 1833 Οὔτε
2962 1781 3075 1851 γάρ
3096 1782 3244 1835 ὅσιον
3276 1781 3517 1854 θεότητος
3535 1788 3619 1858 τὴν
3634 1788 3701 1842 δυ-

492 1902 549 1947 et
582 1892 868 1961 Operatio;
928 1870 1029 1945 nec
1086 1890 1230 1944 enim
1266 1889 1348 1943 fas
1393 1898 1478 1945 est
1531 1888 1748 1943 auferre
1778 1890 2074 1959 potentiam

2183 1886 2345 1940 ναμιν
2392 1870 2638 1940 ἀφελεῖν,
2688 1870 2814 1925 οὔτε
2864 1873 2971 1943 μὴν
3014 1874 3137 1927 οὐδὲ
3181 1874 3286 1945 τὴν
3324 1876 3599 1947 ἐνέργειαν,
3630 1882 3699 1933 καὶ

495 1984 810 2048 divinitati;
853 1983 963 2037 imo
1004 1998 1103 2036 nec
1155 1983 1550 2052 operationem,
1594 1994 1647 2035 et
1695 1983 1867 2035 multo
1898 1984 2074 2037 minus

2183 1961 2360 2033 πολλῷ
2398 1963 2602 2032 μᾶλλον
2627 1963 2748 2018 οὐδὲ
2773 1965 2874 2035 τὴν
2902 1966 3113 2020 οὐσίαν.
3148 1968 3223 2021 Οὐ
3258 1968 3367 2039 μὴν
3392 1970 3497 2023 οὐδ’
3520 1973 3590 2035 τίς
3605 1989 3702 2027 ταυ-

494 2075 884 2138 substantiam,
917 2073 1050 2143 quin
1092 2074 1259 2127 etiam
1302 2088 1478 2142 neque
1520 2073 1645 2126 licet
1683 2072 1785 2127 ista
1824 2071 1964 2127 idem
1998 2071 2074 2127 fa-

2183 2054 2267 2108 τδν
2297 2054 2413 2107 ἔστι
2449 2056 2545 2108 καὶ
2570 2055 2703 2125 μίαν
2727 2056 3027 2111 ὑπόστασιν
3055 2062 3385 2129 συναγαγεῖν
3413 2060 3600 2124 ταῦτα,
3632 2068 3704 2117 καὶ

493 2182 638 2231 cere,
664 2176 719 2221 et
740 2166 792 2220 in
824 2181 986 2220 unam
1023 2180 1312 2235 personam
1342 2165 1689 2229 contrahere,
1721 2179 1785 2219 ac
1806 2165 2074 2220 rationem

2183 2146 2333 2215 λόγον
2364 2145 2461 2199 ἕνα
2512 2148 2605 2199 καὶ
2655 2146 2749 2200 τὸν
2804 2150 2966 2203 αὑτὸν
3004 2150 3323 2206 άποδδῦναι.
3365 2154 3632 2225 Δυνάμεὼς
3660 2174 3702 2210 τε

495 2272 660 2310 unam
696 2265 751 2310 et
802 2256 1050 2309 eamdem
1088 2256 1316 2309 reddere
1350 2256 1607 2325 potentiae
1636 2265 1690 2309 et
1728 2256 2073 2321 substantiae,

2183 2243 2271 2295 καὶ
2298 2242 2507 2309 οὐσίας,
2535 2242 2568 2313 ἢ
2601 2243 2885 2314 δυνάμεως
2923 2246 3017 2299 καὶ
3047 2245 3354 2318 ἐνεργείας,
3396 2249 3429 2321 ἢ
3474 2252 3703 2320 ἐνεργείας

2258 772 2379 824 Ἔτι
2404 771 2460 825 δὲ
2492 772 2585 825 ἐπὶ
2608 773 2724 835 τοῖς
2752 771 2985 837 τελείοις
3006 773 3041 844 ἦ
3068 790 3126 826 τε
3152 774 3296 846 ἀρχὴ
3323 779 3453 848 καὶὴ
3480 786 3685 855 μεσότης,

2186 864 2277 917 καὶ
2306 865 2339 935 ἡ
2365 863 2642 933 τελειότης
2690 865 3022 936 πρόσφορον.
3074 866 3295 937 Πρῶτος
3331 868 3382 922 δὲ
3411 871 3509 926 τῶν
3546 876 3684 932 ἄλλων

2184 953 2435 1025 ἀριθμῶν
2464 957 2493 1007 ό
2518 957 2666 1025 τρεῖς
2714 954 3151 1025 ἀπεκληρώσατο
3180 955 3369 1025 ταῦτα,
3399 961 3591 1027 εἰκότως
3609 968 3689 1021 ἀπὸ

2182 1048 2290 1099 τῶν
2318 1046 2616 1116 γνωρίμων
2648 1048 2784 1116 ἡμῖν
2813 1045 3061 1116 σύμϐολά
3088 1065 3207 1101 τινα
3243 1049 3337 1103 καὶ
3367 1050 3475 1123 ῖχνη
3502 1056 3531 1124 ἡ
3558 1055 3690 1127 ἄρρη.

2184 1155 2277 1201 τος
2309 1138 2404 1190 καὶ
2440 1138 2795 1207 ἀνεπινόητος
2824 1136 3016 1207 θεότης
3041 1177 3055 1201 ,
3084 1141 3183 1210 τῆς
3210 1140 3539 1208 ἐπιγνώσεως
3560 1148 3691 1215 αὐτῆς

2183 1229 2459 1299 ἐλλάμψαι
2506 1227 2885 1300 προνοουμένη
2932 1228 3024 1282 διὰ
3058 1231 3157 1301 τῆς
3201 1233 3477 1302 τριαδικῆς
3502 1237 3587 1290 οὐχ
3618 1240 3695 1292 ἀπ.

2181 1318 2413 1389 ηξίωσεν
2465 1317 2862 1388 ἐμφανίζεσθαι
2897 1317 3197 1388 θεολογίας.
3231 1320 3352 1374 Ἔτι
3383 1322 3434 1374 δὲ
3466 1326 3695 1381 middle:-

2182 1424 2288 1478 περ
2316 1408 2416 1461 ὅσα
2445 1407 2727 1479 θεοπρεπῆ
2777 1408 3100 1481 καθορῶμεν
3132 1412 3191 1464 ὲν
3216 1411 3296 1481 τῷ
3334 1412 3465 1483 Θεῷ,
3504 1416 3572 1479 είς
3600 1419 3697 1489 τρία

2176 2333 2272 2385 καὶ
2301 2333 2514 2397 οὐσίας.
2562 2333 2701 2387 Ἀλλ’
2730 2334 2851 2388 οὐδὲ
2883 2336 3083 2390 πολλοῦ
3110 2338 3191 2391 δεῖ
3217 2337 3316 2392 τοῦ
3356 2340 3704 2414 συναθροισμο-

2174 2441 2266 2487 τος
2298 2424 2500 2479 αὐτῶν.
2538 2426 2723 2495 Τριῶν
2753 2427 2846 2481 οὖν
2871 2428 3041 2483 ὄντων
3071 2431 3152 2495 εἰς
3179 2431 3213 2485 ἃ
3237 2432 3309 2486 τὰ
3336 2432 3468 2487 ἄλλα
3500 2433 3593 2486 τῶν
3617 2434 3705 2488 θεο-

2175 2517 2402 2586 πρεπιῖρν
2429 2517 2719 2586 ὀνομάτων
2749 2535 2808 2570 τε
2846 2522 2943 2573 καὶ
2975 2522 3287 2591 ἰδιωμάτων
3324 2524 3706 2592 συγκεφαλαιοῦο

2172 2624 2262 2659 ται
2296 2607 2388 2660 καὶ
2423 2608 2711 2676 ἀνάγεται.
2747 2609 2988 2675 Εἰκότως
3020 2613 3082 2665 τὸ
3110 2614 3268 2667 Θείον
3316 2614 3439 2668 οὔτε
3470 2618 3603 2680 ἐντὸς
3633 2618 3708 2687 τῆς

2173 2699 2404 2770 Τριάδος
2446 2700 2851 2771 περικλείεται,
2896 2701 3022 2756 οὔτε
3060 2704 3170 2776 μὴν
3197 2705 3406 2776 ταύτης
3439 2707 3711 2778 ὑπερεκτεί-

2172 2808 2347 2846 νεται.

2242 2882 2366 2946 Πῶς
2403 2883 2449 2936 δ’
2482 2882 2743 2955 ἀναχθείη
2770 2883 2786 2933 Ῐ
2823 2884 2918 2937 καὶ
2948 2885 3070 2939 τίνα
3126 2887 3206 2951 εἷς
3260 2889 3488 2943 ἕκαστον
3509 2890 3604 2944 τῶν
3631 2891 3714 2945 θεο-

495 2345 579 2399 vel
632 2347 891 2415 potentiae
915 2354 972 2399 et
1006 2345 1360 2414 operationis,
1397 2346 1509 2415 (42)
1551 2345 1635 2400 vel
1665 2346 1998 2416 operationis
2023 2356 2079 2403 et

494 2436 832 2490 substantiae.
875 2436 1010 2489 Cum
1054 2450 1183 2505 ergo
1220 2436 1322 2489 tria
1376 2435 1507 2499 sint,
1544 2436 1611 2489 ad
1661 2451 1783 2505 qua:
1814 2436 1919 2489 alia
1975 2450 2076 2489 no-

493 2528 663 2593 mina,
694 2542 815 2596 quae
848 2525 1018 2580 Deum
1044 2526 1257 2585 decent.
1286 2533 1341 2580 et
1370 2526 1732 2595 proprietates
1758 2526 2076 2580 referuntur

492 2630 548 2674 et
598 2620 960 2681 reducuntur.
993 2627 1363 2672 consentanee
1394 2616 1537 2672 Deus
1565 2633 1667 2672 nec
1701 2618 1844 2671 intra
1885 2618 2072 2671 Trini-

493 2717 660 2764 tatem
694 2708 1015 2775 includitur,
1044 2723 1144 2762 nec
1176 2718 1331 2762 extra
1362 2706 1687 2761 Trinitatem
1711 2707 1998 2762 dilatatur.

564 2888 677 2958 (43)
710 2887 995 2954 Quomodo
1037 2900 1218 2943 autem
1268 2889 1557 2943 ducantur
1590 2889 1773 2960 aliqua
1805 2890 1971 2945 etiam
2016 2891 2070 2946 in

446 3037 455 3045 ,
494 2983 743 3054 singulas
784 3000 849 3039 ex
884 2984 1002 3039 istis
1030 2985 1207 3039 tribus
1238 2983 1587 3048 notionibus,
1621 2998 1798 3053 neque
1828 2984 2069 3039 laborio-

2183 2974 2514 3045 λογουμένων
2547 2974 2714 3046 τριῶν
2756 2977 2996 3041 ἐννοιῶν,
3039 2976 3165 3031 οὔτε
3192 2981 3360 3050 ἔργον
3392 2983 3582 3053 εὑρεῖν,
3617 2982 3714 3035 οὔτε

492 3090 613 3129 sum
654 3085 739 3130 est
766 3076 1025 3143 reperire,
1064 3090 1237 3144 neque
1271 3075 1501 3144 repertis
1535 3076 1676 3129 alios
1707 3074 1888 3130 facere
1918 3077 2069 3130 utili-

2183 3065 2286 3136 μὴν
2328 3066 2559 3136 εὑρόντα
2601 3065 2678 3136 μὴ
2730 3065 2825 3119 καὶ
2866 3065 3065 3132 ἄλλους
3107 3071 3342 3141 ποιῆσαι
3376 3073 3470 3143 τῆς
3496 3073 3715 3142 ὠφελείας

492 3168 620 3221 tatis
653 3168 981 3238 participes;
1019 3182 1084 3222 ac
1114 3166 1351 3236 primum
1388 3166 1491 3220 hoc
1515 3181 1713 3220 nomen
1747 3181 1908 3235 supra
1940 3167 2073 3220 sub-

2183 3127 2493 3220 ποῖνωνούς.
2544 3127 2754 3210 Αύτίκα
2802 3157 2864 3210 τὸ
2922 3127 3275 3230 ὑπερούσιον,
3330 3165 3391 3217 τὸ
3431 3127 3641 3233 άγαθὸν,
3673 3127 3717 3217 τό

494 3259 790 3318 stantiam,
843 3258 1081 3322 bonum,
1146 3272 1336 3312 carere
1366 3258 1570 3327 ﬁgura,
1618 3273 1831 3324 unum,
1891 3273 2074 3312 carere

2183 3248 2608 3318 ἀσχημάτιστον,
2644 3247 2706 3300 τὸ
2735 3246 2815 3314 ἓν,
2849 3248 2908 3302 τὸ
2936 3251 3162 3318 άποσον,
3225 3254 3325 3307 καὶ
3354 3256 3421 3308 τὰ
3445 3257 3617 3327 ὅμοια,
3644 3257 3717 3325 τὴν

505 3349 885 3419 magnitudine
953 3358 1008 3403 et
1076 3349 1277 3404 similia
1352 3349 1717 3403 substantiam
1774 3348 2074 3416 declarant,

2183 3341 2365 3396 οὐσίαν
2396 3342 2483 3411 εἴη
2512 3341 2580 3395 ἂν
2607 3343 3050 3413 παραδηλοῦντα.
3083 3347 3146 3398 Ei
3174 3348 3275 3400 καὶ
3306 3350 3373 3401 τὰ
3395 3349 3491 3419 μὲν
3514 3350 3718 3419 άμέσως,

493 3442 711 3495 tametsi
733 3441 836 3494 alia
859 3441 1076 3509 quidem
1101 3442 1338 3510 primum
1370 3451 1424 3494 et
1454 3440 1572 3494 sine
1597 3440 1940 3504 intermedio,
1971 3442 2074 3495 alia

2183 3432 2245 3485 τά
2289 3432 2347 3485 δὲ
2393 3433 2538 3497 τινὸς
2588 3436 3169 3511 συνεπιθεωρουμένης
3214 3440 3533 3510 μεσότητος.
3573 3442 3634 3493 Τὸ
3676 3439 3719 3492 δὲ

493 3547 625 3585 vero
657 3532 838 3585 medio
865 3535 1123 3601 quapiam
1156 3531 1317 3584 simul
1351 3530 1623 3600 cogitato;
1667 3545 1789 3585 esse
1822 3530 2074 3605 liberum,

2183 3524 2548 3590 αὐτεξούσιον,
2590 3528 2653 3577 τὸ
2698 3528 3115 3594 αύτοδὲσποτον,
3166 3528 3230 3581 τὸ
3279 3530 3517 3601 Κύριον,
3554 3532 3609 3584 τὸ
3643 3535 3721 3599 Δη-

491 3636 614 3675 csse
639 3635 753 3675 suae
784 3622 1092 3691 potestatis.
1137 3622 1427 3676 Dominum
1454 3662 1466 3686 ,
1498 3620 1819 3675 Creatorem
1842 3661 1857 3686 ,
1899 3622 2074 3676 omni-

2183 3616 2524 3685 μιουργικδν,
2579 3604 2647 3671 τδ
2684 3619 3121 3689 παντοδύναμον,
3154 3623 3251 3673 καὶ
3282 3622 3353 3674 τὰ
3386 3624 3719 3693 παραπλήσια,

494 3719 805 3780 potentem,
853 3720 909 3766 et
956 3712 1156 3766 similia
1203 3712 1255 3765 in
1307 3713 1767 3782 contemplatione
1820 3716 2074 3783 potentiae

2183 3708 2235 3758 tv
2260 3709 2327 3777 τῇ
2354 3710 2455 3777 τῆς
2495 3709 2784 3779 δυνάμεως
2840 3710 3316 3781 περιλαμϐάνεται
3351 3714 3547 3785 θεωρίᾳ
3581 3716 3610 3782 ή
3651 3712 3723 3777 δη-

492 3803 886 3872 comprebensa
911 3812 1059 3859 sunt.
1089 3803 1308 3858 Creatio
1342 3820 1491 3868 vero,
1535 3814 1585 3858 et
1618 3804 1977 3875 providentia,
2024 3812 2074 3859 et

2183 3797 2480 3870 μιουργικὴ
2516 3799 2575 3851 δὲ
2604 3801 2699 3854 καὶ
2729 3802 2762 3870 ἠ
2795 3800 3023 3871 πρόνοια
3055 3803 3148 3855 καί⁵
3196 3804 3231 3873 ὴ
3273 3805 3514 3875 σωτηρία
3539 3843 3553 3867 ,
3590 3805 3669 3855 καὶ
3697 3807 3719 3867 ἡ

491 3896 743 3961 salvatio,
776 3906 831 3951 et
860 3897 1159 3966 gratiarum
1186 3898 1522 3960 distributio.
1548 3908 1604 3952 et
1626 3899 1852 3963 donum,
1878 3908 1933 3953 et
1959 3914 2074 3969 qna:

2183 3890 2285 3942 τῶν
2314 3892 2672 3961 χαρισμάτων
2712 3893 2963 3963 διανομὴ,
2996 3894 3092 3947 καὶ
3146 3896 3180 3964 ἠ
3223 3894 3408 3967 δωρεά
3451 3897 3539 3949 καὶ
3567 3898 3627 3949 τὰ
3650 3895 3723 3947 ού-

492 3985 581 4039 ltis
610 3993 744 4059 sunt
775 3986 951 4041 vicina
974 4029 990 4053 ,
1049 3988 1420 4056 Operationetn
1451 3988 1684 4043 diversis
1729 3998 1785 4043 et
1833 3988 2074 4060 mysticis

2186 3997 2397 4051 στοιχα,
2439 3982 2541 4052 τὴν
2591 3984 2875 4053 ἐνέργειαν
2905 3984 3183 4056 διαφόροις
3212 3989 3314 4040 καὶ
3349 3992 3616 4057 μυστικοῖς
3648 3992 3722 4059 ῥή-

496 4076 680 4131 verbis
709 4078 1038 4147 signiﬁcant.
1080 4078 1138 4132 Si
1192 4095 1314 4149 quae
1346 4095 1476 4133 vero
1526 4080 1749 4133 nomina
1796 4080 1978 4135 divina
2025 4088 2074 4135 et

2185 4090 2349 4143 μασιν
2381 4073 2768 4145 ἱερολογοῦσιν.
2814 4077 2878 4129 Ei
2911 4076 2957 4129 δ’
3004 4077 3085 4130 ἔτι
3136 4081 3264 4133 τινὰ
3300 4079 3412 4132 τῶν
3446 4079 3725 4152 θεοπρεπὼν

2179 4167 2459 4236 ὀνομάτων
2507 4186 2567 4222 τε
2614 4172 2707 4223 καὶ
2750 4171 3060 4241 νοημάτων,
3096 4173 3194 4225 καὶ
3233 4175 3314 4235 εἰς
3350 4173 3408 4225 ἐν
3447 4173 3549 4225 τῶν
3589 4170 3723 4241 τριῶν

2183 4259 2368 4336 μόνον,
2428 4262 2562 4315 ἀλλὰ
2589 4263 2657 4315 δι’
2688 4262 2818 4333 ὅλης
2849 4265 3053 4334 ἥκοντα
3082 4264 3182 4335 τῆς
3232 4266 3467 4337 Τριάδος
3502 4266 3559 4319 οὐ
3597 4267 3726 4334 μόνον

494 4169 745 4223 notiones
768 4170 905 4240 (44),
944 4187 1049 4225 non
1075 4171 1141 4225 ad
1173 4187 1341 4225 unum
1362 4188 1425 4226 ex
1453 4173 1572 4227 istis
1588 4173 1763 4227 tribus
1786 4174 2076 4242 pertinent,

493 4260 587 4313 sed
644 4259 697 4313 in
742 4268 854 4315 tota
890 4259 1159 4318 Trinitate
1196 4276 1522 4326 versantur,
1589 4280 1695 4317 non
1753 4264 1929 4319 solum
1970 4279 2077 4319 non

492 4359 696 4417 pugnat
727 4363 855 4402 eum
892 4349 1104 4403 ratione
1131 4351 1406 4413 veritatis,
1432 4365 1607 4420 neque
1629 4365 1754 4404 cum
1782 4348 2074 4417 Tlieologia

2183 4351 2336 4404 οὐδὲν
2362 4352 2570 4406 τούτων
2604 4356 2840 4425 μάχεται
2858 4356 2936 4426 τῷ
2959 4358 3056 4427 τῆς
3078 4358 3344 4429 ἀληθείας
3371 4359 3527 4429 λόγῳ,
3550 4357 3652 4411 οὐδὲ
3673 4358 3722 4424 τῇ

492 4441 559 4493 de
590 4439 878 4505 Trinitate,
912 4440 1011 4494 sed
1048 4441 1170 4510 plus
1202 4442 1367 4496 etiam
1411 4440 1703 4495 conlirmat
1732 4454 1924 4494 eorum
1965 4450 2074 4494 sta-

2183 4441 2387 4517 θεωρία
2415 4446 2515 4516 τῆς
2543 4447 2830 4519 τριαδικῆς
2854 4449 3155 4518 θεολογίας,
3205 4452 3327 4506 ἀλλ’
3372 4454 3467 4505 ἐπὶ
3502 4451 3644 4505 πλέον
3678 4464 3725 4499 τε

492 4529 781 4596 bilitatem,
823 4540 875 4585 et
923 4530 993 4584 ab
1034 4532 1183 4585 omni
1237 4532 1665 4601 reprehensione
1704 4532 2071 4596 vacationem,

2183 4536 2384 4605 μᾶλλον
2436 4539 2619 4592 αὐτῶν
2661 4540 2722 4593 τὸ
2769 4542 3013 4611 ἀσφαλές
3050 4536 3114 4596 ’τε
3142 4547 3236 4597 καὶ
3272 4545 3625 4614 ἀνεπίληπτον
3652 4540 3725 4611 βε·

492 4621 605 4675 imo
649 4620 814 4676 etiam
858 4621 1201 4676 occasionem
1254 4622 1457 4692 praabet
1501 4624 1869 4678 secundarum
1910 4624 2074 4679 ratio-

2183 4630 2340 4684 ὕαιοῖ.
2393 4630 2554 4685 Ἀλλὰ
2584 4634 2678 4687 καὶ
2713 4635 2981 4706 δευτέρων
3009 4635 3296 4707 λογισμῶν
3326 4638 3544 4692 δίδωσιν
3582 4638 3724 4705 ἀφορ-

492 4728 647 4778 nnm,
684 4712 885 4781 quibus
913 4711 1362 4768 demonstranius
1410 4724 1779 4771 consentanee
1810 4715 1979 4771 Deum
2025 4717 2074 4771 in

2183 4721 2311 4792 μὴν,
2339 4721 2404 4775 δι’
2436 4715 2511 4776 ῶν
2540 4724 2601 4777 τὸ
2630 4725 2782 4780 Θεῖον
2818 4728 3192 4782 ἐπιδείκνυται
3226 4732 3313 4792 είς
3358 4727 3630 4799 τριαδικὴν
3661 4724 3726 4775 εὖ·

491 4806 756 4860 ambitum
791 4806 955 4860 trium
988 4822 1349 4876 personarum
1383 4808 1666 4877 explicari.
2032 4868 2044 4879 ι

2183 4809 2352 4878 λόγως
2384 4812 2798 4885 άναπλούμενον
2828 4819 3114 4889 περιοχὴν.

568 4896 835 4951 Similiter
863 4898 908 4951 si
934 4898 1060 4968 quis
1094 4898 1198 4951 alia
1233 4898 1673 4954 consideratione
1699 4900 1948 4954 ostendet
1978 4915 2074 4954 no-

2271 4900 2552 4965 Ὡσαύτως
2592 4903 2652 4956 δὲ
2685 4905 2780 4959 καὶ
2828 4906 2883 4959 εἴ
2922 4924 3008 4971 τις
3050 4909 3118 4962 δι’
3158 4910 3357 4980 ἐτέρας
3396 4908 3638 4974 ἐπιϐολῆς
3663 4904 3726 4963 εἰς

495 4988 641 5043 mina
672 4988 852 5043 divina
880 5000 935 5045 et
962 4990 1215 5045 notiones
1259 4989 1313 5044 in
1353 5000 1467 5046 tres
1498 5006 1764 5062 personas
1788 4989 2074 5047 Trinitatis

2183 4992 2468 5065 τριαδικὴν
2492 4994 2643 5069 δείξῃ
2670 5000 3074 5072 συναρίθμησιν
3103 5005 3169 5057 τά
3194 5006 3478 5074 θεοπρεπῆ
3502 5002 3603 5054 τῶν
3628 4998 3725 5049 ὀνο·

1793 5126 2035 5183 νΑΒΙᾸΞ
2065 5126 2470 5188 LECTIONES.

564 5215 581 5266 ί
617 5216 652 5270 l.
678 5216 945 5288 διαχθείη.
974 5215 1074 5270 Per
1116 5216 1555 5287 liypodiastolen.
1586 5216 1790 5273 Caesa.

2010 5312 2246 5371 NOTE.

561 5402 676 5472 (Η)
697 5401 808 5476 ,νει
828 5403 1156 5476 operationis
1179 5415 1243 5476 et
1268 5404 1613 5476 substantiis.
1638 5400 1777 5476 Cum
1802 5420 1924 5476 ergo
1960 5407 2065 5460 tria

488 5473 614 5544 sint.
647 5473 717 5544 ᾚ
740 5473 1019 5544 ἐνεργείας
1044 5473 1138 5525 καὶ
1193 5473 1402 5544 οὐσίας.
1477 5474 1616 5544 Ἀλλ]
1668 5473 1787 5544 οὐδὲ
1841 5473 2060 5542 (πολλοῦ

490 5542 591 5613 δεῖ)
623 5541 715 5595 τοῦ
742 5541 1205 5613 συναθροίσματος
1223 5543 1423 5597 αὐτῶν.
1476 5541 1657 5613 Τριῶν
1715 5541 1809 5597 οὖν
1852 5541 2056 5602 όντων.

491 5610 546 5666 ιιι
579 5622 703 5688 est:
736 5631 754 5663 ι
804 5611 899 5668 Vel
916 5610 1260 5688 'operationis
1294 5622 1354 5688 et_
1368 5610 1684 5688 substantia:
1712 5631 1726 5668 :
1764 5616 1858 5688 sed
1883 5633 2060 5688 neque

492 5684 745 5762 tinnitum
776 5690 921 5740 certe
948 5684 1121 5756 abest)
1147 5682 1482 5741 collectionis
1510 5697 1721 5739 earum.
1758 5686 1897 5743 Cum
1928 5682 2057 5759 ergo

494 5761 597 5807 ιηα
627 5761 755 5807 sint.
771 5772 791 5805 ι

2245 5409 2357 5480 (45)
2382 5412 2656 5476 Quomodo
2686 5427 2866 5467 autem
2889 5424 3155 5467 aucnnmr
3174 5412 3360 5482 aliqua
3382 5414 3537 5466 etiam
3563 5428 3608 5463 tu
3627 5426 3722 5463 m-

2170 5481 2318 5554 gttlu.
2354 5483 2474 5543 [Ιῶς
2503 5483 2547 5534 δ’
2580 5484 2645 5536 ἂν
2676 5484 2867 5554 ἀχθείη
2901 5485 2996 5537 καὶ
3023 5485 3143 5538 τίνα
3176 5481 3531 5545 είςῘέκαστον.
3552 5482 3718 5554 locst:

2177 5551 2493 5623 ‘Qltolnodo
2520 5562 2701 5607 autem
2715 5548 3002 5609 'dncantur
3018 5565 3072 5608 et
3100 5570 3348 5623 quaenam
3376 5555 3427 5605 in
3456 5548 3716 5623 singulas.»

2245 5621 2359 5689 (44)
2418 5622 2544 5675 Non
2581 5625 2649 5677 ad
2680 5640 2841 5677 unum
2869 5641 2933 5678 ετ
2957 5626 3075 5679 istis
3101 5618 3267 5677 tribus
3298 5618 3574 5691 pertinent.
3622 5618 3720 5691 ρὺκ

2168 5691 2249 5765 είς
2285 5686 2350 5742 ἓν
2383 5692 2491 5746 τῶν
2522 5695 2688 5765 τριῶν
2725 5696 2885 5764 μόνον
2909 5734 2923 5748 .
2959 5734 2973 5747 .
3005 5735 3021 5751 .
3060 5686 3383 5765 ἥκοντα.’1‹1
3408 5701 3496 5765 est
3525 5708 3539 5743 :
3568 5708 3585 5740 ι
3618 5686 3715 5741 Non

2168 5761 2235 5814 ad
2266 5777 2433 5817 unum
2459 5761 2804 5821 solummodo
2826 5780 2893 5820 cx
2920 5766 3041 5821 istis
3072 5761 3241 5820 tribus
3278 5763 3567 5835 pertinent.
