3828 6202
152 282 251 347 893

1048 279 1143 337 AD
1180 275 1771 339 AMPHILOCHIUM
1804 241 2150 348 oU/Es'rto
2186 276 2491 338 CLXXXI.

3290 281 3395 346 894

154 390 334 461 μάτων
366 406 428 443 τε
457 388 552 441 καὶ
583 385 873 456 νοημάτων
912 388 1298 458 περατούμενα
1324 389 1422 459 οὐχ
1450 387 1613 453 ἑξάδα
1637 384 1726 438 διὰ

1832 385 2132 452 terminari,
2163 387 2394 442 multum
2424 388 2597 453 abest,
2635 400 2687 443 ut
2723 400 3007 461 propterea
3036 405 3256 447 causam
3296 392 3394 445 ha-

151 481 320 543 τοῦτο,
357 481 420 534 οὐ
451 481 549 551 μὲν
581 475 674 534 οὖν
700 478 820 531 ούδέ
847 477 1041 532 πολλοῦ
1071 480 1171 541 δεῖ,
1202 478 1318 531 ἀλλ’
1364 477 1485 531 οὐδὲ
1515 476 1721 546 πλῆθος

155 573 331 636 meo;
360 573 396 643 ἡ
428 588 572 635 τινος
596 570 763 641 ἄλλης
793 568 1036 639 πληθύος
1078 572 1380 640 παρασχεῖν
1418 569 1600 622 αἰτίαν
1628 567 1723 619 λά-

154 664 231 717 ϐοι
259 665 741 733 συνεπιφέρεσθαι.
787 662 1113 715 Τούναντίον
1162 662 1219 715 δέ
1252 662 1311 714 τὸ
1344 660 1446 730 τῆς
1489 658 1723 727 Τριάδος

152 756 583 827 ἀπαράγραπτον
614 753 892 823 διαφόροις
941 753 1198 817 ἐπιδείξει
1247 752 1424 820 λόγοις
1476 749 1725 821 βεϐαιού-

154 862 310 916 μενον
340 846 438 899 καὶ
469 846 530 898 τὸ
557 847 892 917 ἀμετάθετον
912 846 993 899 ἐτι
1028 846 1227 916 μᾶλλον
1258 846 1602 915 παραστήσει
1623 842 1723 911 τῆς

151 934 429 1004 θεολογίας
471 936 563 989 καὶ
596 935 975 1005 ἀναλλοίωτον.
1008 936 1081 989 Τὸ
1128 937 1235 1007 γάρ
1272 936 1487 1006 μὴ’μιᾷ
1519 932 1724 1003 θεωρίᾳ

153 1028 208 1079 τὸ
238 1028 379 1097 πρὸς
406 1027 667 1099 συστολὴν
696 1028 936 1098 ἀρρεπὲς
964 1031 1061 1081 κα)⁵
1089 1027 1396 1095 ἐξάπλωσιν
1425 1028 1521 1097 τῆς
1550 1029 1723 1099 ὑπερ-

154 1116 322 1186 φυοῦς
352 1118 579 1189 Τριάδος
626 1119 1138 1189 καταλαμϐάνεσθαι
1160 1160 1175 1186 ,
1216 1118 1545 1188 πολλαχόθεν
1577 1119 1632 1173 δέ
1666 1119 1726 1173 τὸ

153 1207 551 1281 ἀμετακίνητον
594 1211 765 1283 αὐτῆς
792 1213 886 1265 καὶ
916 1212 1309 1283 ἐστηριγμένον
1346 1212 1725 1266 ἀνακαλύπτε-

154 1301 299 1365 σθαι,
333 1300 453 1365 πῶς
487 1302 588 1354 οὐκ
616 1301 682 1355 ἂν
711 1301 796 1373 εἴη
843 1302 945 1372 τῆς
988 1302 1222 1374 ἐξαρχῆς
1254 1303 1607 1373 ἀποδοθείσης
1648 1304 1728 1357 αί-

151 1390 269 1453 τιας
297 1391 588 1461 βεδαίωσις
638 1390 1044 1461 άνεξέλεγκτος;
1076 1394 1139 1446 Et
1175 1393 1274 1462 μὲν
1300 1393 1410 1463 γὰρ
1441 1392 1527 1445 ἐπ’
1565 1392 1723 1447 ἄλλου

151 1482 245 1534 καὶ
274 1482 438 1534 ἄλλου
472 1481 833 1551 ὑποκειμένου
855 1488 880 1544 ,⁸
902 1480 1036 1534 ἀλλὰ
1066 1482 1142 1553 μὴ
1181 1482 1274 1535 ἐπὶ
1303 1483 1398 1552 τῆς
1424 1482 1595 1552 αὐτῆς
1633 1485 1726 1535 καὶ

152 1573 360 1637 ἐνιαίας
394 1572 646 1644 θεότητος
676 1574 710 1643 ἡ
740 1572 993 1643 τριαδικὴ
1024 1572 1499 1642 συγκεφαλαίωσις
1544 1573 1725 1641 διαφόο

153 1682 269 1734 ροις
300 1664 554 1735 θεωρίαις
588 1663 964 1728 ἐπεδείκνυτο,
990 1664 1142 1717 οὐδὲν
1164 1664 1402 1718 ἐκώλυεν
1428 1665 1505 1735 τῷ
1530 1665 1725 1733 πλήθει

1826 476 1947 530 beat
1980 476 2247 532 inferendi
2285 495 2571 533 numerum
2622 496 2714 536 sex
2768 499 3160 552 personarum,
3216 498 3396 553 neque

1825 568 1989 622 unius
2027 568 2114 622 vel
2150 569 2312 622 aliam
2365 571 2766 625 multitudinem
2790 615 2804 637 ,
2835 575 2929 628 sed
2970 577 3150 644 potius
3196 575 3397 629 immu-

1827 659 2147 714 tabilitatem
2181 662 2550 717 inviolabilem
2597 662 2887 719 Trinitatis
2934 668 3164 722 diversis
3220 667 3393 721 ratio-

1826 750 1986 804 nibus
2033 751 2410 805 contirmatam
2442 753 2860 820 demonstrabit,
2896 758 3182 826 magisque
3230 757 3393 812 ﬁxam

1825 849 1880 894 et
1948 851 2289 898 constantem
2365 844 2673 899 doctrinam
2749 847 3058 919 Theologiae
3114 850 3391 915 ostendet;

1827 934 2052 1007 intelligi
2080 937 2224 990 enim
2277 952 2389 992 non
2427 952 2533 991 una
2569 922 3032 1007 contemplatione
3084 955 3191 993 non
3236 954 3396 1008 posse

1826 1030 2071 1083 contrahi
2102 1016 2427 1084 Tri'nitatem
2476 1046 2575 1085 nec
2621 1030 2875 1096 dilatari;
2922 1046 2988 1085 ex
3041 1030 3223 1085 multis
3270 1046 3396 1084 vero

1825 1117 1961 1173 locis
1991 1134 2055 1174 ac
2083 1120 2387 1176 rationibus
2428 1122 2671 1191 patefieri
2706 1124 2866 1177 ﬁxam
2910 1130 2964 1176 et
3004 1121 3396 1176 immutabilem

1824 1226 1968 1277 esse,
1988 1213 2264 1280 quomodo
2296 1229 2401 1267 non
2430 1213 2534 1267 erit
2563 1214 2932 1279 conﬁrmatio,
2956 1229 3077 1283 qua:
3098 1213 3268 1267 refelli
3292 1229 3395 1267 non

1827 1311 2027 1373 potest,
2050 1318 2229 1358 causa:
2258 1319 2287 1358 a
2322 1305 2590 1375 principio
2618 1306 2884 1361 reddita?
2927 1305 2983 1360 Si
3019 1305 3132 1377 (45)
3162 1306 3308 1360 enim
3342 1306 3397 1360 in

1826 1396 1934 1449 alio
1963 1404 2016 1449 et
2056 1397 2163 1450 alio
2193 1397 2461 1466 subjecto,
2509 1408 2561 1451 et
2593 1412 2698 1474 non
2736 1398 2789 1451 in
2820 1398 3009 1451 eadem
3048 1399 3165 1466 ipsa
3211 1407 3263 1451 et
3291 1411 3398 1450 una

1826 1487 2110 1541 divinitate
2139 1503 2353 1542 summa
2403 1486 2690 1543 Trinitatis
2729 1488 3218 1551 demonstraretur,
3262 1485 3396 1541 nihil

1827 1578 2161 1649 prohiberet,
2197 1580 2327 1648 quin
2358 1578 2543 1633 multis
2570 1578 2883 1633 notionibus
2909 1579 3166 1633 divinitas
3190 1577 3395 1647 alioqui

1828 1686 1936 1725 non
1971 1670 2414 1739 multiplicabilis,
2457 1670 2930 1738 multiplicaretur.
2974 1668 3069 1723 Sin
3098 1684 3227 1723 vero
3261 1683 3397 1735 quo-

152 1732 259 1809 τῶν
288 1732 691 1827 ἐνθυμημάτων
723 1756 798 1825 μὴ
827 1755 1309 1825 συμπληθύνεσθαι
1335 1756 1429 1809 καὶ
1457 1732 1518 1809 τὸ
1546 1732 1725 1827 ἀπλή-

1832 1763 1931 1819 ties
1962 1762 2133 1833 gratia
2160 1771 2213 1817 et
2246 1776 2470 1815 munere
2500 1759 2593 1815 Dei
2622 1762 2777 1815 nobis
2812 1761 3147 1827 conceditur,
3188 1770 3247 1813 ut
3278 1758 3397 1813 Tri-

153 1832 344 1902 θυντον
372 1850 472 1919 τῆς
503 1848 777 1918 θεότητος.
807 1847 975 1900 Οὐδὲν
999 1846 1189 1910 ὁσάκις
1223 1847 1589 1916 ἐπισκοπῆσαι
1626 1865 1725 1918 χα-

158 1939 527 2011 ριτωθείημεν
553 1940 645 1992 ἐπὶ
674 1942 771 2011 τῆς
798 1938 969 2008 αὐτῆς
992 1939 1338 2009 ὑπεραγάθου
1369 1940 1617 2009 Τριάδος,
1635 1938 1725 1991 τὸν

159 2033 299 2102 ἱερτιν
322 2030 509 2084 τοῦτον
524 2033 616 2084 καὶ
630 2033 754 2103 apto
764 2031 863 2099 μοῦ
878 2032 1163 2102 κρείττονα
1178 2032 1727 2103 καταλαμϐανόμενον

156 2123 409 2194 ἀριθμὸν,
438 2122 561 2175 οὕτε
593 2123 1035 2191 συστελλόμενον,
1072 2122 1196 2176 οὔτε
1238 2124 1342 2195 μὴν
1394 2122 1729 2194 ύπεραπλού-

162 2232 341 2285 μενον,
376 2214 493 2279 πῶς
520 2216 638 2285 οὐχὶ
674 2215 875 2285 μᾶλλον
904 2215 965 2268 τὸ
994 2215 1198 2286 πλῆθος
1220 2216 1326 2268 τῶν
1359 2217 1725 2285 ἐπιχειρημά-

156 2323 259 2360 των
291 2307 731 2377 ἀπαράγραπτόν
754 2324 811 2359 τε
841 2306 1431 2379 καὶνπαναληθέστατον
1459 2308 1521 2360 τὸ
1549 2307 1723 2378 ἀπλή-

156 2395 343 2449 θνντον
372 2397 521 2467 ημᾶς
554 2397 646 2450 καὶ
677 2398 1009 2468 άναφέρετον
1030 2397 1053 2436 ιι
1104 2398 1201 2468 τῆς
1231 2396 1515 2467 τριαδικῆς
1544 2395 1727 2450 θεολο-

156 2487 277 2556 γίας
313 2488 417 2541 οὐκ
452 2487 760 2541 ἐκδιδάσκει
790 2504 805 2551 ;
1548 2508 1549 2511 η

229 2580 389 2635 Ἐστι
416 2581 532 2661 ,μὲν
555 2578 647 2635 οὖν
672 2582 766 2635 καὶ
795 2580 957 2648 ἕτερα
987 2581 1055 2633 δι’
1077 2573 1152 2633 ὧν
1183 2582 1218 2652 η
1245 2581 1416 2652 Τριάς
1463 2579 1604 2634 κατά
1631 2580 1729 2651 τὴν

152 2673 456 2744 ὁμοιότητα
486 2672 580 2725 τοῦ
628 2673 1042 2746 τεθεωρημένον
1086 2673 1246 2741 λόγου
1278 2671 1726 2743 παραδείκνυται.

154 2765 370 2831 Ὠσπερ
403 2764 499 2818 καὶ
526 2764 596 2817 τά
638 2766 884 2827 τοιαῦτα,
913 2764 1035 2827 νοῦς
1055 2805 1071 2829 ,
1099 2764 1308 2834 νοητὸν,
1352 2764 1559 2834 νόησις,
1610 2757 1730 2815 εἶτα

152 2856 331 2924 λόγος,
378 2857 473 2909 καὶ
518 2855 762 2925 Πνεῦμα,
809 2857 903 2910 καὶ
944 2858 1005 2909 τὸ
1052 2856 1109 2922 ἐξ
1143 2849 1204 2908 οὗ
1235 2853 1411 2909 ταῦτα
1459 2854 1725 2922 πρόεισιν.

164 2946 329 3000 Ἀλλά
354 2946 465 3017 γάρ
496 2946 589 3000 καὶ
621 2948 973 3018 ὑπεράρχιος,
1003 2952 1097 3001 καὶ
1125 2946 1337 3019 πρώτη,
1370 2947 1466 2999 καὶ
1492 2946 1730 3016 ἔμφυτος

1826 1856 2048 1910 nitatem
2091 1854 2560 1923 contemplemur,
2606 1851 2660 1905 in
2704 1852 2892 1905 eadem
2927 1852 3193 1905 Trinitate
3232 1867 3394 1919 supra

1826 1960 1989 2015 quam
2028 1944 2169 1998 bona
2206 1944 2349 1997 hunc
2378 1957 2593 1997 sacrum
2623 1956 2931 2004 numerum,
2963 1940 3053 2010 qui
3107 1955 3395 1993 numerum

1828 2036 2019 2099 vincit,
2055 2050 2232 2105 neque
2264 2036 2513 2090 contrahi
2549 2049 2739 2099 neque.
2759 2024 3006 2103 ampliari
3048 2031 3398 2101 intelligentia

1828 2130 2367 2198 cumpreheudimus,
2414 2127 2693 2197 quomodo
2737 2141 2845 2179 non
2888 2123 3062 2194 magis
3107 2122 3401 2176 multitudo

1829 2231 2273 2292 argumentorum
2309 2222 2462 2275 docet
2508 2235 2606 2274 nos
2656 2218 2784 2272 illud
2841 2232 2944 2271 non
2994 2213 3403 2283 multiplicabile

1828 2312 2138 2377 Trinitatis,
2166 2312 2500 2375 inviolabile,
2521 2320 2576 2366 et
2606 2309 2944 2365 immutabile
2970 2324 3035 2363 ac
3056 2309 3401 2363 verissimum

1828 2418 1974 2469 esse,
2008 2413 2063 2458 et
2088 2404 2201 2459 tolli
2234 2418 2342 2457 non
2375 2419 2557 2473 posse.

1902 2584 2043 2639 Sunt
2087 2592 2141 2639 et
2197 2584 2302 2638 alia
2350 2584 2555 2653 quibus
2585 2581 2825 2637 Trimtas
2875 2581 2939 2635 ad
2993 2579 3401 2635 similitudinem

1831 2667 2133 2744 Superioris
2151 2672 2627 2743 contemplationis
2645 2671 3075 2734 subotSIenditur,
3097 2668 3402 2739 cuiusmodi

1831 2777 1959 2823 aunt
1989 2767 2126 2827 haec,
2160 2765 2491 2826 intellectus,
2526 2763 2839 2817 intellectile
2866 2770 2922 2815 et
2957 2761 3274 2824 intellectio,
3308 2761 3403 2813 de-

1833 2859 1958 2913 inde
1977 2857 2090 2928 (46)
2108 2856 2346 2911 Verbum
2368 2869 2421 2910 et
2454 2855 2714 2926 Spiritus,
2740 2865 2792 2909 et
2813 2869 2880 2909 ex
2910 2869 3019 2922 quo
3046 2852 3159 2906 haec
3181 2862 3402 2907 exeunt.

1834 2948 1937 3002 Sed
1959 2949 2104 3003 enim
2127 2956 2181 3002 et
2209 2946 2554 3018 principatus
2576 2947 2807 3015 primus,
2831 2952 2885 2998 et
2912 2943 3131 3007 insitus,
3160 2952 3212 2997 et
3240 2957 3404 3011 supra

152 3037 321 3108 ἁρχὴ,
348 3040 445 3090 καὶ
470 3031 543 3090 ὧν
568 3037 710 3091 κατὰ
730 3039 820 3092 τὸν
841 3038 999 3108 λόγον
1032 3040 1129 3109 τῆς
1159 3038 1435 3107 συμφυΐας
1458 3036 1729 3107 καθέστη-

1834 3041 2220 3111 principatum,
2263 3048 2317 3094 et
2363 3054 2598 3109 quarunt
2633 3047 2716 3092 est
2741 3036 3076 3108 principatus
3106 3035 3404 3089 secundum

153 3145 248 3182 κεν
276 3129 446 3200 ἀρχή.
488 3128 579 3193 Ἐξ
614 3122 676 3183 οὗ
715 3131 810 3182 καὶ
842 3132 877 3202 η
921 3132 980 3182 ἐν
1013 3134 1123 3193 τοίς
1164 3125 1317 3181 οὖσιν
1350 3128 1553 3182 ἅπασιν
1593 3130 1732 3183 κατὰ

1841 3133 2103 3186 rationem
2133 3129 2225 3183 τοῦ
2258 3130 2565 3201 συμφυΐας,
2610 3144 2675 3183 ex
2734 3143 2844 3198 quo
2896 3128 3010 3181 exit
3044 3126 3404 3195 principatus,

152 3218 477 3273 δεσποτείαν
521 3221 615 3272 καὶ
662 3219 959 3290 κυριότητα
998 3219 1245 3290 πρόεισιν
1289 3215 1451 3285 ἀρχή.
1503 3215 1735 3268 ΙἘπειτσ.

156 3312 467 3381 γεννήτωρ,
498 3312 765 3383 γέννημα,
791 3311 1034 3380 Πνεῦμαο
1059 3311 1120 3362 οὐ
1149 3310 1259 3381 γὰρ
1289 3310 1480 3376 άγονον
1502 3310 1535 3378 η
1563 3307 1733 3377 πηγὴ,

153 3405 248 3457 καὶ
283 3404 435 3457 αἰτία
474 3408 692 3457 πάντων
736 3402 843 3457 τῶν
878 3402 1231 3473 γεννωμένων
1254 3443 1270 3468 ,
1311 3401 1420 3454 οὐδ’
1467 3402 1667 3463 ἄπνους
1700 3400 1733 3469 ἡ

162 3495 405 3565 χορηγία
440 3496 658 3549 πάντων
705 3496 805 3567 τῆς
845 3496 1035 3566 πνοῆς.
1081 3494 1216 3548 Οὐδὲ
1261 3493 1371 3548 τῶν
1418 3492 1591 3561 αὐτῆς
1641 3492 1735 3562 δη-

158 3590 595 3660 μιουργημάτων
638 3589 1001 3659 ἐνδεέστερον,
1036 3587 1118 3642 ἔτι
1164 3585 1463 3656 (monvon
1504 3586 1735 3655 πρώτως

156 3681 259 3732 καὶ
292 3679 488 3749 πρῶτα
513 3718 529 3743 ,
562 3680 859 3751 ὑπερφυῶς
905 3681 1025 3750 μὲν,
1078 3679 1219 3733 κατὰ
1261 3679 1317 3732 δέ
1362 3680 1461 3748 τὴν
1496 3678 1735 3748 ἔμφυτον

159 3772 337 3842 αὐτῆς
380 3773 474 3825 καὶ
532 3772 670 3845 ὑπὲρ
716 3772 871 3840 λόγον
904 3773 1158 3844 ἰδιότητα.
1194 3773 1285 3824 Δεῖ
1332 3770 1439 3841 γάρ
1482 3770 1737 3841 προηγεῖ-

162 3863 288 3916 σθαι
343 3863 451 3917 τῶν
498 3863 858 3934 δημιουργίας
904 3863 1069 3934 λόγῳ,
1120 3864 1213 3915 καὶ
1246 3861 1561 3922 δεσποτείας
1604 3876 1737 3930 προ-

162 3954 441 4024 αχθέντων
487 3971 545 4007 τε
596 3956 691 4008 καὶ
749 3954 1198 4025 ζωογονουμένων
1245 3952 1344 4023 τὴν
1397 3952 1736 4020 προάναρχον

161 4046 272 4099 τῶν
304 4046 602 4117 ὑπερφυῶν
627 4064 685 4099 τε
717 4048 813 4101 καὶ
871 4048 1210 4117 ὑπερουσίων
1240 4044 1402 4114 φύσιν
1435 4044 1529 4097 καὶ
1570 4042 1734 4112 ζωὴν,

162 4140 257 4194 καὶ
286 4142 366 4202 εἰς
391 4137 410 4177 ι
450 4138 791 4210 ἀπαύγασμα
821 4142 915 4193 καὶ
948 4140 1244 4209 μιμήματα
1271 4138 1367 4192 καὶ
1422 4136 1556 4207 άλλη
1588 4135 1737 4187 πᾶσα

167 4230 512 4302 καθέστηκεν
535 4233 695 4300 φύσις
728 4234 821 4285 καὶ
847 4231 981 4300 ζωὴ,
1011 4231 1135 4283 ἐπεὶ
1163 4231 1267 4284 κάν
1298 4231 1405 4293 τοῖς
1438 4227 1737 4299 περιγείοις

165 4321 199 4393 ἡ
228 4321 393 4390 φύσις
424 4321 523 4392 τῆς
556 4323 750 4393 τέχνης
792 4322 1113 4393 προῖδρυταί
1145 4338 1205 4374 τε
1250 4322 1342 4375 καὶ
1368 4318 1732 4391 προκάθηται.

1836 3224 1929 3293 qui
1964 3232 2048 3276 est
2081 3222 2134 3275 in
2167 3222 2444 3285 omnibus,
2480 3235 2602 3291 quae
2645 3230 2774 3274 sunt
2808 3218 3106 3273 secundum
3155 3218 3406 3269 domina-

1838 3314 2060 3367 tionem.
2114 3312 2253 3365 Sunt
2290 3320 2497 3381 postea,
2533 3310 2771 3381 genitor,
2808 3324 3065 3377 germen,
3116 3322 3221 3358 non
3262 3305 3406 3358 enim

1835 3405 2039 3459 sterilis
2071 3415 2174 3465 est.
2203 3413 2257 3456 et
2280 3419 2388 3455 non
2419 3402 2707 3464 fecumlus,
2730 3400 2821 3469 qui
2854 3410 2937 3453 est
2957 3398 3080 3453 fons
3108 3407 3163 3451 et
3182 3396 3411 3451 eﬂ'ecmr

1836 3495 2103 3560 omnium,
2157 3494 2250 3565 qui
2285 3494 2619 3563 gignuntur;
2658 3506 2831 3560 neque
2871 3490 2989 3544 sine
3018 3488 3219 3558 Spiritu
3248 3527 3264 3552 ,
3314 3488 3406 3556 qui

1837 3591 2037 3657 prmltet
2086 3585 2351 3655 Spiritum
2409 3584 2703 3645 omnibus,
2752 3598 2931 3651 neque
2982 3580 3249 3634 creaturis
3295 3579 3412 3633 suis

1823 3662 2105 3750 egentior;
2149 3690 2233 3732 est
2273 3690 2537 3748 praeterea
2576 3676 2824 3729 viviticus
2852 3676 3085 3743 primum
3117 3682 3170 3726 et
3204 3672 3413 3741 printe-

1835 3788 1955 3824 rum
1985 3812 2001 3837 ,
2057 3787 2221 3840 supra
2267 3758 2529 3824 naturam
2555 3765 2806 3838 quidem,
2862 3776 3040 3819 tamen
3104 3765 3409 3818 secundum

1838 3862 2224 3931 proprietatem
2272 3861 2375 3914 sibi
2428 3862 2646 3913 insitam
2696 3868 2797 3919 est,
2842 3868 2896 3909 et
2925 3871 3109 3921 supra,
3156 3870 3320 3923 quam
3354 3866 3412 3907 ut

1836 3955 1977 4007 ratio
2009 3969 2128 4007 eam
2164 3953 2380 4021 assequi
2416 3953 2611 4021 possit,
2673 3957 2887 4018 oportet
2943 3948 3088 3999 enim
3149 3947 3214 3999 iis
3241 3985 3257 4011 ,
3290 3962 3411 4015 qua:

1838 4043 2047 4096 ratione
2096 4042 2393 4096 creationis
2428 4052 2483 4094 et
2528 4038 2919 4093 dominationis
2953 4035 3220 4106 producta
3261 4044 3407 4101 sunt,

1837 4144 1890 4188 et
1945 4132 2212 4188 viviticata
2272 4134 2483 4186 anteire
2540 4131 2652 4202 (47)
2702 4140 2951 4184 naturam
2992 4137 3045 4182 et
3095 4128 3258 4183 vitam
3294 4127 3411 4181 sine

1839 4225 1993 4278 initio
2026 4225 2325 4295 principem
2360 4239 2572 4286 eorum,
2605 4238 2726 4292 qua:
2756 4231 2884 4277 sunt
2926 4221 3169 4291 eiusdem
3206 4232 3412 4273 natura:

1838 4326 1893 4372 et
1914 4316 2253 4381 substantiae,
2274 4326 2327 4371 et
2350 4316 2506 4385 cujus
2525 4314 2783 4385 splendor
2803 4321 2907 4375 est.
2927 4323 2978 4366 et
3005 4313 3070 4365 ad
3096 4312 3256 4381 cujus
3286 4310 3411 4364 imi-

171 4416 271 4467 Ἦν
300 4414 551 4484 ἀνάγκην
593 4416 753 4470 πάλιν
795 4414 896 4467 οὐκ
941 4413 1332 4467 αὑτοδέσποτον
1366 4412 1474 4465 οὐδ’
1504 4409 1737 4480 ἄναρχον

1845 4410 2106 4464 tationem
2152 4419 2206 4463 et
2254 4409 2565 4478 exemplum
2602 4405 2781 4461 omnis
2833 4404 2938 4458 alia
2969 4416 3160 4457 natura
3193 4414 3247 4457 et
3300 4402 3411 4454 vita

1425 4562 1658 4618 VARle
1698 4561 2097 4619 LECTIONES.

244 4690 269 4728 Ιι
295 4687 679 4757 ἀναφαίρετον.
713 4685 841 4742 ΕΜ».
921 4696 936 4738 t
975 4686 1007 4739 i.
1039 4680 1124 4757 ἧς.
1160 4685 1286 4741 (ΖΜ).

1706 4819 1939 4877 NOTAE.

234 4961 352 5031 (45)
388 4960 450 5017 Si
482 4996 500 5015 .
532 4999 547 5014 .
584 4996 601 5013 .
685 4974 891 5031 summa
942 4958 1235 5031 Trinitatis
1261 4958 1735 5031 demonstraretur,

166 5027 300 5085 nihil
336 5027 849 5100 'proltiberetgquitt
874 5030 1063 5100 multis
1093 5027 1425 5100 nationibus
1483 5028 1735 5100 divinitas

164 5097 373 5173 alioqui
396 5117 499 5153 non
521 5098 953 5173 Amultipticabilis
992 5098 1459 5173 multipjicaretur.
1488 5097 1550 5173 Εἰ
1592 5097 1691 5173 μέν
1719 5134 1733 5149 .

166 5213 181 5228 .
212 5210 230 5225 .
262 5166 337 5241 δή
387 5166 1447 5241 τριαδικῂησυγκειραλαίωσιςδιαφόροις
1486 5166 1738 5241 θεωρίαις

164 5236 538 5305 ἐπεδείκνυτο,
564 5236 716 5291 οὐδὲν
745 5236 983 5290 ἐκώλυεν
1011 5236 1088 5307 τῷ
1116 5237 1309 5307 πλήθει
1337 5236 1469 5307 ςτῷν
1509 5236 1740 5307 ἐνθυμη-

249 5329 361 5364 των
396 5307 983 5381 μὴμσυμπληθύνξβθαι
1017 5305 1110 5360 καὶ
1146 5305 1228 5381 τὲ
1256 5305 1592 5381 ᾁπλήθυντρν
1649 5305 1745 5381 τῆς

200 5375 533 5451 εότητοςίινιι
564 5375 685 5451 est:
713 5375 722 5377 ⁷
749 5395 786 5451 «Α
811 5379 868 5432 Si
934 5392 1151 5431 summa
1186 5375 1471 5451 Trinitatis
1511 5375 1746 5451 diversis

165 5444 711 5505 consi'derationibus
756 5448 1249 5511 demonstraretur,
1305 5445 1440 5500 nihil
1489 5444 1748 5514 prohibe-

169 5530 250 5573 ret
283 5522 415 5589 quin
456 5520 617 5575 simul
648 5534 771 5575 cum
800 5527 1241 5589 argumentorum
1266 5514 1612 5589 multitudine
1634 5529 1743 5589 non

169 5583 630 5659 multiplicantur
689 5583 1152 5643 etiam'divinitas
1212 5583 1744 5655 multiplicabilitatis

171 5672 390 5730 expers.

1916 4957 2027 5026 (40)
2072 4956 2296 5011 Verbum
2322 4965 2371 5010 et
2395 4954 2626 5026 Spiritus
2656 4963 2705 5026 et
2732 4969 2795 5026 ᾳ
2823 4970 2883 5007 eo
2902 4968 3005 5026 gua
3048 4953 3159 5026 lactt:
3202 4960 3411 5026 manu},

1844 5018 2021 5096 Λόγος
2045 5029 2137 5079 καὶ
2171 5027 2391 5095 Ιινεῦμα
2414 5018 2513 5096 καὶ
2534 5026 2594 5077 τὸ
2629 5023 2689 5089 ἐξ
2720 5018 2996 5096 οἶδ-ταῦτα
3037 5024 3302 5096 πρόεισιν.
3359 5020 3415 5073 Id

1843 5094 1965 5152 est:
2005 5117 2023 5148 ‹
2064 5097 2296 5152 Verbum
2319 5094 2379 5149 et
2408 5094 2646 5163 Spiritus
2668 5104 2720 5148 et
2753 5094 2887 5147 illud
2918 5110 2979 5145 ex
3004 5108 3114 5161 quo
3151 5094 3265 5145 haec
3291 5107 3415 5161 pro-

1844 5168 2063 5222 cedunt.
2103 5185 2121 5217 ι
2166 5166 2360 5237 Agitur
2399 5166 2543 5219 enim
2580 5166 2671 5221 hic
2698 5165 2765 5219 de
2811 5163 3014 5218 divinis
3050 5162 3415 5233 processioui-

1843 5237 1945 5292 bus
1969 5253 2032 5291 ex
2067 5247 2237 5292 natre.

1914 5307 2028 5377 (47)
2058 5299 2327 5361 Naturam
2352 5314 2400 5377 et
2430 5307 2593 5359 vitam
2615 5344 2628 5357 .
2647 5341 2728 5377 ὲ-.
2758 5320 2939 5377 eorum
2963 5317 3081 5374 qua
3110 5310 3230 5377 sunt
3274 5299 3417 5377 eius:

1842 5369 1959 5430 dent
1982 5369 2191 5432 n'aturrv
2213 5387 2263 5432 et
2284 5375 2615 5429 substantia.
2646 5373 2875 5445 Τὴντῶν
2906 5369 3197 5445 ὑπερφυῶν
3230 5386 3289 5421 τε
3320 5369 3416 5421 καὶ

1843 5447 2183 5516 ὐπερουσίων
2212 5447 2373 5515 φύσιν
2423 5447 2513 5498 καὶ
2565 5445 2731 5515 ζωήν.
2756 5446 2809 5499 id
2834 5453 2919 5498 est
2951 5460 2964 5496 ε
3000 5460 3018 5493 t
3052 5445 3314 5494 Naturam
3361 5447 3411 5491 et

1842 5519 2007 5571 vitam
2050 5534 2239 5571 eorum
2274 5532 2397 5587 qua:
2434 5526 2565 5571 sunt
2623 5530 2788 5586 supra
2843 5525 3094 5568 naturam
3148 5519 3204 5565 et
3247 5521 3412 5578 supra

1845 5590 2228 5644 substantiam.
2277 5606 2295 5638 ι
