  <div class='ocr_page' id='page_1' title='image "/cluster/home/n/w/nwhite01/storage/ocr_20150623/101 pt.1/mdp.39015061955830/471.png"; bbox 0 0 3828 6202; ppageno 0'>
   <div class='ocr_carea' id='block_1_1' title="bbox 432 253 544 318">
    <p class='ocr_par' dir='ltr' id='par_1_1' title="bbox 432 253 544 318">
     <span class='ocr_line' id='line_1_1' title="bbox 432 253 544 318; baseline 0 0"><span class='ocrx_word' id='word_1_1' title='bbox 432 253 544 318; x_wconf 75' lang='lat'><strong>895</strong></span> 
     </span>
    </p>
   </div>
   <div class='ocr_carea' id='block_1_2' title="bbox 1593 249 2537 314">
    <p class='ocr_par' dir='ltr' id='par_1_2' title="bbox 1593 249 2537 314">
     <span class='ocr_line' id='line_1_2' title="bbox 1593 249 2537 314; baseline -0.005 0"><span class='ocrx_word' id='word_1_2' title='bbox 1593 253 1853 314; x_wconf 79' lang='grc' dir='ltr'><strong>ΡΗΟΤΙΙ</strong></span> <span class='ocrx_word' id='word_1_3' title='bbox 1886 249 2392 312; x_wconf 63' lang='lat' dir='ltr'><strong>PATRIARCH/E</strong></span> <span class='ocrx_word' id='word_1_4' title='bbox 2430 251 2537 310; x_wconf 82' lang='lat' dir='ltr'><strong>CP.</strong></span> 
     </span>
    </p>
   </div>
   <div class='ocr_carea' id='block_1_3' title="bbox 3582 253 3682 316">
    <p class='ocr_par' dir='ltr' id='par_1_3' title="bbox 3582 253 3682 316">
     <span class='ocr_line' id='line_1_3' title="bbox 3582 253 3682 316; baseline 0 0"><span class='ocrx_word' id='word_1_5' title='bbox 3582 253 3682 316; x_wconf 78' lang='lat'><strong>896</strong></span> 
     </span>
    </p>
   </div>
   <div class='ocr_carea' id='block_1_4' title="bbox 386 364 2006 441">
    <p class='ocr_par' dir='ltr' id='par_1_4' title="bbox 386 368 2006 441">
     <span class='ocr_line' id='line_1_4' title="bbox 386 368 2006 441; baseline -0.002 -15"><span class='ocrx_word' id='word_1_6' title='bbox 386 415 391 419; x_wconf 89' lang='lat'><strong>.</strong></span> <span class='ocrx_word' id='word_1_7' title='bbox 431 371 657 433; x_wconf 79' lang='lat' dir='ltr'><strong>exstitit,</strong></span> <span class='ocrx_word' id='word_1_8' title='bbox 729 368 844 441; x_wconf 65' lang='lat'><strong>(48)</strong></span> <span class='ocrx_word' id='word_1_9' title='bbox 886 368 1015 424; x_wconf 88' lang='lat' dir='ltr'><strong>licet</strong></span> <span class='ocrx_word' id='word_1_10' title='bbox 1051 369 1274 425; x_wconf 80' lang='lat' dir='ltr'><strong>:errenis</strong></span> <span class='ocrx_word' id='word_1_11' title='bbox 1319 378 1516 424; x_wconf 86' lang='lat' dir='ltr'><strong>natura</strong></span> <span class='ocrx_word' id='word_1_12' title='bbox 1554 369 1686 424; x_wconf 89' lang='lat' dir='ltr'><strong>artis</strong></span> <span class='ocrx_word' id='word_1_13' title='bbox 1731 370 2006 439; x_wconf 62' lang='lat' dir='ltr'><strong>prmposita</strong></span> 
     </span>
    </p>
   </div>
   <div class='ocr_carea' id='block_1_5' title="bbox 2122 364 3675 441">
    <p class='ocr_par' dir='ltr' id='par_1_5' title="bbox 2122 364 3675 439">
     <span class='ocr_line' id='line_1_5' title="bbox 2122 364 3675 439; baseline 0.001 -19"><span class='ocrx_word' id='word_1_14' title='bbox 2122 366 2285 420; x_wconf 73' lang='grc' dir='ltr'>οὖσαν</span> <span class='ocrx_word' id='word_1_15' title='bbox 2316 365 2452 436; x_wconf 83' lang='grc' dir='ltr'>πρὸς</span> <span class='ocrx_word' id='word_1_16' title='bbox 2479 365 2672 436; x_wconf 79' lang='grc' dir='ltr'><strong>ἑτέραν</strong></span> <span class='ocrx_word' id='word_1_17' title='bbox 2706 364 2938 420; x_wconf 84' lang='grc' dir='ltr'>ἁπασῶν</span> <span class='ocrx_word' id='word_1_18' title='bbox 2969 364 3077 420; x_wconf 86' lang='grc' dir='ltr'>τῶν</span> <span class='ocrx_word' id='word_1_19' title='bbox 3119 365 3333 433; x_wconf 79' lang='grc' dir='ltr'>φύσεων</span> <span class='ocrx_word' id='word_1_20' title='bbox 3357 365 3675 439; x_wconf 69' lang='grc' dir='ltr'>δημιουργὸν</span> 
     </span>
    </p>
   </div>
   <div class='ocr_carea' id='block_1_6' title="bbox 439 463 2016 532">
    <p class='ocr_par' dir='ltr' id='par_1_6' title="bbox 439 463 2016 532">
     <span class='ocr_line' id='line_1_6' title="bbox 439 463 2016 532; baseline -0.002 -14"><span class='ocrx_word' id='word_1_21' title='bbox 439 474 492 519; x_wconf 90' lang='lat' dir='ltr'><strong>et</strong></span> <span class='ocrx_word' id='word_1_22' title='bbox 514 463 750 518; x_wconf 82' lang='lat' dir='ltr'><strong>antelata</strong></span> <span class='ocrx_word' id='word_1_23' title='bbox 778 470 944 526; x_wconf 85' lang='lat' dir='ltr'><strong>esset,</strong></span> <span class='ocrx_word' id='word_1_24' title='bbox 968 478 1131 532; x_wconf 90' lang='lat' dir='ltr'><strong>quam</strong></span> <span class='ocrx_word' id='word_1_25' title='bbox 1161 478 1385 517; x_wconf 71' lang='lat' dir='ltr'><strong>necesse</strong></span> <span class='ocrx_word' id='word_1_26' title='bbox 1410 470 1557 517; x_wconf 90' lang='lat' dir='ltr'><strong>esset</strong></span> <span class='ocrx_word' id='word_1_27' title='bbox 1584 475 1799 525; x_wconf 87' lang='lat' dir='ltr'><strong>rursus,</strong></span> <span class='ocrx_word' id='word_1_28' title='bbox 1829 470 2016 530; x_wconf 90' lang='lat' dir='ltr'><strong>utpote</strong></span> 
     </span>
    </p>
   </div>
   <div class='ocr_carea' id='block_1_7' title="bbox 433 535 2014 622">
    <p class='ocr_par' dir='ltr' id='par_1_7' title="bbox 433 535 2014 622">
     <span class='ocr_line' id='line_1_7' title="bbox 433 535 2014 622; baseline -0.003 -15"><span class='ocrx_word' id='word_1_29' title='bbox 433 570 541 609; x_wconf 92' lang='lat' dir='ltr'><strong>non</strong></span> <span class='ocrx_word' id='word_1_30' title='bbox 573 553 820 618; x_wconf 81' lang='lat' dir='ltr'><strong>liberam,</strong></span> <span class='ocrx_word' id='word_1_31' title='bbox 856 567 1033 622; x_wconf 90' lang='lat' dir='ltr'><strong>neque</strong></span> <span class='ocrx_word' id='word_1_32' title='bbox 1064 552 1184 606; x_wconf 89' lang='lat' dir='ltr'><strong>sine</strong></span> <span class='ocrx_word' id='word_1_33' title='bbox 1210 551 1368 606; x_wconf 92' lang='lat' dir='ltr'><strong>initio</strong></span> <span class='ocrx_word' id='word_1_34' title='bbox 1394 553 1461 605; x_wconf 89' lang='lat' dir='ltr'><strong>ad</strong></span> <span class='ocrx_word' id='word_1_35' title='bbox 1492 535 1905 606; x_wconf 84' lang='lat' dir='ltr'><strong>similitudinem</strong></span> <span class='ocrx_word' id='word_1_36' title='bbox 1935 549 2014 603; x_wconf 84' lang='lat' dir='ltr'><strong>al-</strong></span> 
     </span>
    </p>
   </div>
   <div class='ocr_carea' id='block_1_8' title="bbox 435 642 2016 725">
    <p class='ocr_par' dir='ltr' id='par_1_8' title="bbox 435 642 2016 725">
     <span class='ocr_line' id='line_1_8' title="bbox 435 642 2016 725; baseline 0.001 -27"><span class='ocrx_word' id='word_1_37' title='bbox 435 647 630 725; x_wconf 69' lang='lat' dir='ltr'><strong>terius.</strong></span> <span class='ocrx_word' id='word_1_38' title='bbox 660 662 781 716; x_wconf 68' lang='lat' dir='ltr'><strong>qua:</strong></span> <span class='ocrx_word' id='word_1_39' title='bbox 816 656 962 701; x_wconf 90' lang='lat' dir='ltr'><strong>esset</strong></span> <span class='ocrx_word' id='word_1_40' title='bbox 992 645 1235 699; x_wconf 88' lang='lat' dir='ltr'><strong>omnium</strong></span> <span class='ocrx_word' id='word_1_41' title='bbox 1292 653 1614 698; x_wconf 83' lang='lat' dir='ltr'><strong>naturarum</strong></span> <span class='ocrx_word' id='word_1_42' title='bbox 1660 642 1924 710; x_wconf 66' lang='lat' dir='ltr'><strong>effectrix,</strong></span> <span class='ocrx_word' id='word_1_43' title='bbox 1959 649 2016 700; x_wconf 74' lang='lat' dir='ltr'><strong>et</strong></span> 
     </span>
    </p>
   </div>
   <div class='ocr_carea' id='block_1_9' title="bbox 433 732 2014 806">
    <p class='ocr_par' dir='ltr' id='par_1_9' title="bbox 433 732 2014 806">
     <span class='ocr_line' id='line_1_9' title="bbox 433 732 2014 806; baseline 0.001 -17"><span class='ocrx_word' id='word_1_44' title='bbox 433 753 592 805; x_wconf 83' lang='lat' dir='ltr'><strong>supra</strong></span> <span class='ocrx_word' id='word_1_45' title='bbox 635 752 794 804; x_wconf 82' lang='lat' dir='ltr'><strong>quam</strong></span> <span class='ocrx_word' id='word_1_46' title='bbox 827 737 932 789; x_wconf 85' lang='lat' dir='ltr'><strong>diei</strong></span> <span class='ocrx_word' id='word_1_47' title='bbox 971 745 1172 806; x_wconf 86' lang='lat' dir='ltr'><strong>posset,</strong></span> <span class='ocrx_word' id='word_1_48' title='bbox 1209 736 1430 796; x_wconf 82' lang='lat' dir='ltr'><strong>eximia.</strong></span> <span class='ocrx_word' id='word_1_49' title='bbox 1465 734 1577 802; x_wconf 72' lang='lat'><strong>(49)</strong></span> <span class='ocrx_word' id='word_1_50' title='bbox 1608 732 1773 787; x_wconf 87' lang='lat' dir='ltr'><strong>veluti</strong></span> <span class='ocrx_word' id='word_1_51' title='bbox 1816 733 2014 806; x_wconf 81' lang='lat' dir='ltr'><strong>imagi-</strong></span> 
     </span>
    </p>
   </div>
   <div class='ocr_carea' id='block_1_10' title="bbox 2124 453 3687 529">
    <p class='ocr_par' dir='ltr' id='par_1_10' title="bbox 2124 453 3687 529">
     <span class='ocr_line' id='line_1_10' title="bbox 2124 453 3687 529; baseline -0.002 -17"><span class='ocrx_word' id='word_1_52' title='bbox 2124 453 2218 512; x_wconf 77' lang='grc' dir='ltr'><strong>καὶ</strong></span> <span class='ocrx_word' id='word_1_53' title='bbox 2262 457 2608 529; x_wconf 79' lang='grc' dir='ltr'>ὲξῃρημένην</span> <span class='ocrx_word' id='word_1_54' title='bbox 2658 455 2839 510; x_wconf 83' lang='grc' dir='ltr'>αὐτῶν</span> <span class='ocrx_word' id='word_1_55' title='bbox 2882 456 3212 526; x_wconf 81' lang='grc' dir='ltr'>ἀφθέγκτοις</span> <span class='ocrx_word' id='word_1_56' title='bbox 3260 458 3554 529; x_wconf 79' lang='grc' dir='ltr'>ὑπεροχαῖς</span> <span class='ocrx_word' id='word_1_57' title='bbox 3587 460 3687 529; x_wconf 81' lang='grc' dir='ltr'>τῆς</span> 
     </span>
    </p>
   </div>
   <div class='ocr_carea' id='block_1_11' title="bbox 2123 548 3681 620">
    <p class='ocr_par' dir='ltr' id='par_1_11' title="bbox 2123 548 3681 620">
     <span class='ocr_line' id='line_1_11' title="bbox 2123 548 3681 620; baseline 0.003 -18"><span class='ocrx_word' id='word_1_58' title='bbox 2123 551 2434 620; x_wconf 82' lang='grc' dir='ltr'><strong>γεννήσεως</strong></span> <span class='ocrx_word' id='word_1_59' title='bbox 2459 548 2684 620; x_wconf 81' lang='grc' dir='ltr'>ἄγαλμα</span> <span class='ocrx_word' id='word_1_60' title='bbox 2710 548 2774 603; x_wconf 87' lang='grc' dir='ltr'><strong>τδ</strong></span> <span class='ocrx_word' id='word_1_61' title='bbox 2803 549 3070 603; x_wconf 81' lang='grc' dir='ltr'>ποιεῖσθαί</span> <span class='ocrx_word' id='word_1_62' title='bbox 3099 566 3158 602; x_wconf 84' lang='grc' dir='ltr'><strong>τε</strong></span> <span class='ocrx_word' id='word_1_63' title='bbox 3186 551 3281 604; x_wconf 80' lang='grc' dir='ltr'>καὶ</span> <span class='ocrx_word' id='word_1_64' title='bbox 3314 550 3681 609; x_wconf 74' lang='grc' dir='ltr'><strong>συνίστασθαι.</strong></span> 
     </span>
    </p>
   </div>
   <div class='ocr_carea' id='block_1_12' title="bbox 2123 640 3685 713">
    <p class='ocr_par' dir='ltr' id='par_1_12' title="bbox 2123 640 3685 713">
     <span class='ocr_line' id='line_1_12' title="bbox 2123 640 3685 713; baseline -0.001 -17"><span class='ocrx_word' id='word_1_65' title='bbox 2123 641 2298 696; x_wconf 80' lang='grc' dir='ltr'>Πολλὰ</span> <span class='ocrx_word' id='word_1_66' title='bbox 2327 641 2370 694; x_wconf 84' lang='grc' dir='ltr'>δ’</span> <span class='ocrx_word' id='word_1_67' title='bbox 2398 640 2465 694; x_wconf 84' lang='grc' dir='ltr'><strong>ἂν</strong></span> <span class='ocrx_word' id='word_1_68' title='bbox 2496 644 2590 694; x_wconf 70' lang='grc' dir='ltr'><strong>καὶ</strong></span> <span class='ocrx_word' id='word_1_69' title='bbox 2639 641 2806 712; x_wconf 74' lang='grc' dir='ltr'>ἕτερα</span> <span class='ocrx_word' id='word_1_70' title='bbox 2837 642 2923 712; x_wconf 80' lang='grc' dir='ltr'>εἴη</span> <span class='ocrx_word' id='word_1_71' title='bbox 2953 641 3089 712; x_wconf 78' lang='grc' dir='ltr'>πρδς</span> <span class='ocrx_word' id='word_1_72' title='bbox 3117 640 3214 713; x_wconf 80' lang='grc' dir='ltr'><strong>τὴν</strong></span> <span class='ocrx_word' id='word_1_73' title='bbox 3250 641 3418 710; x_wconf 75' lang='grc' dir='ltr'>αὐτὴν</span> <span class='ocrx_word' id='word_1_74' title='bbox 3460 642 3685 713; x_wconf 77' lang='grc' dir='ltr'><strong>θεωρίαν</strong></span> 
     </span>
    </p>
   </div>
   <div class='ocr_carea' id='block_1_13' title="bbox 2119 733 2905 806">
    <p class='ocr_par' dir='ltr' id='par_1_13' title="bbox 2119 733 2905 806">
     <span class='ocr_line' id='line_1_13' title="bbox 2119 733 2905 806; baseline -0.003 -16"><span class='ocrx_word' id='word_1_75' title='bbox 2119 733 2576 805; x_wconf 81' lang='grc' dir='ltr'>διοικονομεῖσθαι</span> <span class='ocrx_word' id='word_1_76' title='bbox 2609 735 2905 806; x_wconf 80' lang='grc' dir='ltr'>δυνάμενα.</span> 
     </span>
    </p>
   </div>
   <div class='ocr_carea' id='block_1_14' title="bbox 433 819 3684 896">
    <p class='ocr_par' dir='ltr' id='par_1_14' title="bbox 433 819 3684 896">
     <span class='ocr_line' id='line_1_14' title="bbox 433 819 3684 896; baseline -0.002 -13"><span class='ocrx_word' id='word_1_77' title='bbox 433 819 555 883; x_wconf 77' lang='grc' dir='ltr'>ιιέιιι</span> <span class='ocrx_word' id='word_1_78' title='bbox 590 826 811 881; x_wconf 81' lang='lat' dir='ltr'><strong>formari</strong></span> <span class='ocrx_word' id='word_1_79' title='bbox 840 835 894 880; x_wconf 89' lang='lat' dir='ltr'><strong>et</strong></span> <span class='ocrx_word' id='word_1_80' title='bbox 925 825 1209 881; x_wconf 86' lang='lat' dir='ltr'><strong>constitui.</strong></span> <span class='ocrx_word' id='word_1_81' title='bbox 1257 824 1424 878; x_wconf 81' lang='lat' dir='ltr'><strong>Multa</strong></span> <span class='ocrx_word' id='word_1_82' title='bbox 1485 825 1588 878; x_wconf 88' lang='lat' dir='ltr'><strong>alia</strong></span> <span class='ocrx_word' id='word_1_83' title='bbox 1635 834 1982 894; x_wconf 75' lang='lat' dir='ltr'><strong>essent,qn:e</strong></span> <span class='ocrx_word' id='word_1_84' title='bbox 2024 835 2252 896; x_wconf 76' lang='lat' dir='ltr'><strong>possent</strong></span> <span class='ocrx_word' id='word_1_85' title='bbox 2279 825 2344 879; x_wconf 88' lang='lat' dir='ltr'><strong>ad</strong></span> <span class='ocrx_word' id='word_1_86' title='bbox 2364 824 2612 882; x_wconf 84' lang='lat' dir='ltr'><strong>eamdem</strong></span> <span class='ocrx_word' id='word_1_87' title='bbox 2632 824 3150 894; x_wconf 84' lang='lat' dir='ltr'><strong>contemplationem</strong></span> <span class='ocrx_word' id='word_1_88' title='bbox 3181 823 3544 879; x_wconf 88' lang='lat' dir='ltr'><strong>adhiberi.....</strong></span> <span class='ocrx_word' id='word_1_89' title='bbox 3574 825 3684 896; x_wconf 85' lang='lat'><strong>(50)</strong></span> 
     </span>
    </p>
   </div>
   <div class='ocr_carea' id='block_1_15' title="bbox 497 908 2010 986">
    <p class='ocr_par' dir='ltr' id='par_1_15' title="bbox 497 908 2010 986">
     <span class='ocr_line' id='line_1_15' title="bbox 497 908 2010 986; baseline 0.001 -16"><span class='ocrx_word' id='word_1_90' title='bbox 497 908 635 970; x_wconf 62' lang='lat' dir='ltr'><strong>Novi</strong></span> <span class='ocrx_word' id='word_1_91' title='bbox 671 933 852 972; x_wconf 89' lang='lat' dir='ltr'><strong>autem</strong></span> <span class='ocrx_word' id='word_1_92' title='bbox 884 918 1174 970; x_wconf 91' lang='lat' dir='ltr'><strong>nonnullos</strong></span> <span class='ocrx_word' id='word_1_93' title='bbox 1205 915 1296 983; x_wconf 89' lang='lat' dir='ltr'><strong>qui</strong></span> <span class='ocrx_word' id='word_1_94' title='bbox 1330 916 1490 968; x_wconf 88' lang='lat' dir='ltr'><strong>aliam</strong></span> <span class='ocrx_word' id='word_1_95' title='bbox 1521 916 1814 985; x_wconf 78' lang='lat' dir='ltr'><strong>quamdam</strong></span> <span class='ocrx_word' id='word_1_96' title='bbox 1845 917 2010 986; x_wconf 85' lang='lat' dir='ltr'><strong>hujus</strong></span> 
     </span>
    </p>
   </div>
   <div class='ocr_carea' id='block_1_16' title="bbox 436 1007 2006 1079">
    <p class='ocr_par' dir='ltr' id='par_1_16' title="bbox 436 1007 2006 1079">
     <span class='ocr_line' id='line_1_16' title="bbox 436 1007 2006 1079; baseline 0.001 -17"><span class='ocrx_word' id='word_1_97' title='bbox 436 1010 678 1078; x_wconf 78' lang='lat' dir='ltr'><strong>mySIerii</strong></span> <span class='ocrx_word' id='word_1_98' title='bbox 741 1011 1156 1078; x_wconf 74' lang='lat' dir='ltr'><strong>explicationem</strong></span> <span class='ocrx_word' id='word_1_99' title='bbox 1229 1007 1587 1079; x_wconf 88' lang='lat' dir='ltr'><strong>symbolieam</strong></span> <span class='ocrx_word' id='word_1_100' title='bbox 1658 1009 2006 1077; x_wconf 82' lang='lat' dir='ltr'><strong>protulerint.</strong></span> 
     </span>
    </p>
   </div>
   <div class='ocr_carea' id='block_1_17' title="bbox 437 1101 2010 1170">
    <p class='ocr_par' dir='ltr' id='par_1_17' title="bbox 437 1101 2010 1170">
     <span class='ocr_line' id='line_1_17' title="bbox 437 1101 2010 1170; baseline -0.001 -14"><span class='ocrx_word' id='word_1_101' title='bbox 437 1106 594 1166; x_wconf 83' lang='lat' dir='ltr'><strong>Deus,</strong></span> <span class='ocrx_word' id='word_1_102' title='bbox 631 1104 920 1170; x_wconf 77' lang='lat' dir='ltr'><strong>inquiunt,</strong></span> <span class='ocrx_word' id='word_1_103' title='bbox 955 1101 1249 1156; x_wconf 71' lang='lat' dir='ltr'><strong>virtutibus</strong></span> <span class='ocrx_word' id='word_1_104' title='bbox 1298 1111 1350 1154; x_wconf 92' lang='lat' dir='ltr'><strong>et</strong></span> <span class='ocrx_word' id='word_1_105' title='bbox 1384 1101 1612 1170; x_wconf 74' lang='lat' dir='ltr'><strong>justilize</strong></span> <span class='ocrx_word' id='word_1_106' title='bbox 1657 1102 1855 1154; x_wconf 87' lang='lat' dir='ltr'><strong>trutina</strong></span> <span class='ocrx_word' id='word_1_107' title='bbox 1891 1117 2010 1154; x_wconf 89' lang='lat' dir='ltr'><strong>om-</strong></span> 
     </span>
    </p>
   </div>
   <div class='ocr_carea' id='block_1_18' title="bbox 435 1192 2007 1262">
    <p class='ocr_par' dir='ltr' id='par_1_18' title="bbox 435 1192 2007 1262">
     <span class='ocr_line' id='line_1_18' title="bbox 435 1192 2007 1262; baseline 0 -16"><span class='ocrx_word' id='word_1_108' title='bbox 435 1195 581 1246; x_wconf 89' lang='lat' dir='ltr'><strong>uiutn</strong></span> <span class='ocrx_word' id='word_1_109' title='bbox 629 1194 1020 1262; x_wconf 73' lang='lat' dir='ltr'><strong>providentiam</strong></span> <span class='ocrx_word' id='word_1_110' title='bbox 1050 1192 1210 1245; x_wconf 91' lang='lat' dir='ltr'><strong>librat</strong></span> <span class='ocrx_word' id='word_1_111' title='bbox 1237 1210 1250 1254; x_wconf 90' lang='lat'><strong>;</strong></span> <span class='ocrx_word' id='word_1_112' title='bbox 1283 1193 1540 1262; x_wconf 91' lang='lat' dir='ltr'><strong>quoniam</strong></span> <span class='ocrx_word' id='word_1_113' title='bbox 1569 1193 1734 1262; x_wconf 80' lang='lat' dir='ltr'><strong>igitur</strong></span> <span class='ocrx_word' id='word_1_114' title='bbox 1763 1195 1907 1262; x_wconf 83' lang='lat' dir='ltr'><strong>quod</strong></span> <span class='ocrx_word' id='word_1_115' title='bbox 1939 1193 2007 1246; x_wconf 89' lang='lat' dir='ltr'><strong>ah</strong></span> 
     </span>
    </p>
   </div>
   <div class='ocr_carea' id='block_1_19' title="bbox 435 1283 2002 1352">
    <p class='ocr_par' dir='ltr' id='par_1_19' title="bbox 435 1283 2002 1352">
     <span class='ocr_line' id='line_1_19' title="bbox 435 1283 2002 1352; baseline -0.002 -14"><span class='ocrx_word' id='word_1_116' title='bbox 435 1287 744 1338; x_wconf 84' lang='lat' dir='ltr'><strong>hotmnihtts</strong></span> <span class='ocrx_word' id='word_1_117' title='bbox 767 1285 1134 1352; x_wconf 77' lang='lat' dir='ltr'><strong>excogitatum</strong></span> <span class='ocrx_word' id='word_1_118' title='bbox 1170 1293 1252 1337; x_wconf 90' lang='lat' dir='ltr'><strong>est</strong></span> <span class='ocrx_word' id='word_1_119' title='bbox 1279 1286 1344 1337; x_wconf 90' lang='lat' dir='ltr'><strong>ad</strong></span> <span class='ocrx_word' id='word_1_120' title='bbox 1380 1285 1659 1338; x_wconf 82' lang='lat' dir='ltr'><strong>ferendum</strong></span> <span class='ocrx_word' id='word_1_121' title='bbox 1683 1285 1748 1338; x_wconf 89' lang='lat' dir='ltr'><strong>de</strong></span> <span class='ocrx_word' id='word_1_122' title='bbox 1781 1283 2002 1352; x_wconf 62' lang='lat' dir='ltr'><strong>(equali-</strong></span> 
     </span>
    </p>
   </div>
   <div class='ocr_carea' id='block_1_20' title="bbox 431 1376 2008 1445">
    <p class='ocr_par' dir='ltr' id='par_1_20' title="bbox 431 1376 2008 1445">
     <span class='ocr_line' id='line_1_20' title="bbox 431 1376 2008 1445; baseline 0.001 -17"><span class='ocrx_word' id='word_1_123' title='bbox 431 1376 535 1429; x_wconf 90' lang='lat' dir='ltr'><strong>bus</strong></span> <span class='ocrx_word' id='word_1_124' title='bbox 566 1385 617 1429; x_wconf 84' lang='lat' dir='ltr'><strong>et</strong></span> <span class='ocrx_word' id='word_1_125' title='bbox 651 1376 1009 1443; x_wconf 67' lang='lat' dir='ltr'><strong>inmqttalibus</strong></span> <span class='ocrx_word' id='word_1_126' title='bbox 1048 1376 1348 1444; x_wconf 85' lang='lat' dir='ltr'><strong>judicium,</strong></span> <span class='ocrx_word' id='word_1_127' title='bbox 1405 1376 1506 1429; x_wconf 90' lang='lat' dir='ltr'><strong>hoc</strong></span> <span class='ocrx_word' id='word_1_128' title='bbox 1539 1376 1757 1445; x_wconf 85' lang='lat' dir='ltr'><strong>proprie</strong></span> <span class='ocrx_word' id='word_1_129' title='bbox 1804 1376 2008 1429; x_wconf 86' lang='lat' dir='ltr'><strong>trutina</strong></span> 
     </span>
    </p>
   </div>
   <div class='ocr_carea' id='block_1_21' title="bbox 430 1466 2007 1538">
    <p class='ocr_par' dir='ltr' id='par_1_21' title="bbox 430 1466 2007 1538">
     <span class='ocr_line' id='line_1_21' title="bbox 430 1466 2007 1538; baseline 0.004 -19"><span class='ocrx_word' id='word_1_130' title='bbox 430 1466 649 1527; x_wconf 86' lang='lat' dir='ltr'><strong>dicitur,</strong></span> <span class='ocrx_word' id='word_1_131' title='bbox 685 1467 840 1534; x_wconf 83' lang='lat' dir='ltr'><strong>cujus</strong></span> <span class='ocrx_word' id='word_1_132' title='bbox 879 1467 1197 1520; x_wconf 74' lang='lat' dir='ltr'><strong>extremitas</strong></span> <span class='ocrx_word' id='word_1_133' title='bbox 1223 1475 1451 1534; x_wconf 89' lang='lat' dir='ltr'><strong>utraque</strong></span> <span class='ocrx_word' id='word_1_134' title='bbox 1501 1468 1676 1520; x_wconf 86' lang='lat' dir='ltr'><strong>media</strong></span> <span class='ocrx_word' id='word_1_135' title='bbox 1722 1484 1785 1522; x_wconf 86' lang='lat' dir='ltr'><strong>ex</strong></span> <span class='ocrx_word' id='word_1_136' title='bbox 1833 1479 2007 1538; x_wconf 87' lang='lat' dir='ltr'><strong>parte,</strong></span> 
     </span>
    </p>
   </div>
   <div class='ocr_carea' id='block_1_22' title="bbox 2189 908 3687 984">
    <p class='ocr_par' dir='ltr' id='par_1_22' title="bbox 2189 908 3687 984">
     <span class='ocr_line' id='line_1_22' title="bbox 2189 908 3687 984; baseline -0.004 -12"><span class='ocrx_word' id='word_1_137' title='bbox 2189 913 2320 972; x_wconf 79' lang='grc' dir='ltr'>Οἶδα</span> <span class='ocrx_word' id='word_1_138' title='bbox 2351 918 2407 972; x_wconf 82' lang='grc' dir='ltr'>δέ</span> <span class='ocrx_word' id='word_1_139' title='bbox 2439 934 2590 979; x_wconf 87' lang='grc' dir='ltr'>τινας</span> <span class='ocrx_word' id='word_1_140' title='bbox 2621 916 2874 978; x_wconf 74' lang='grc' dir='ltr'><strong>εἰπόντας</strong></span> <span class='ocrx_word' id='word_1_141' title='bbox 2905 915 2999 968; x_wconf 75' lang='grc' dir='ltr'><strong>καὶ</strong></span> <span class='ocrx_word' id='word_1_142' title='bbox 3029 915 3221 983; x_wconf 72' lang='grc' dir='ltr'>ἑτέραν</span> <span class='ocrx_word' id='word_1_143' title='bbox 3249 908 3370 967; x_wconf 81' lang='grc' dir='ltr'>τινὰ</span> <span class='ocrx_word' id='word_1_144' title='bbox 3405 914 3687 984; x_wconf 73' lang='grc' dir='ltr'>συμϐουλί-</span> 
     </span>
    </p>
   </div>
   <div class='ocr_carea' id='block_1_23' title="bbox 2119 1003 3684 1081">
    <p class='ocr_par' dir='ltr' id='par_1_23' title="bbox 2119 1003 3684 1081">
     <span class='ocr_line' id='line_1_23' title="bbox 2119 1003 3684 1081; baseline -0.004 -18"><span class='ocrx_word' id='word_1_145' title='bbox 2119 1010 2221 1081; x_wconf 81' lang='grc' dir='ltr'>κὴν</span> <span class='ocrx_word' id='word_1_146' title='bbox 2253 1009 2798 1080; x_wconf 83' lang='grc' dir='ltr'>οεωρίαν.Ἀρεταῖς,</span> <span class='ocrx_word' id='word_1_147' title='bbox 2834 1007 2987 1074; x_wconf 81' lang='grc' dir='ltr'>φασὶ,</span> <span class='ocrx_word' id='word_1_148' title='bbox 3023 1005 3084 1058; x_wconf 76' lang='grc' dir='ltr'><strong>τὸ</strong></span> <span class='ocrx_word' id='word_1_149' title='bbox 3112 1006 3268 1059; x_wconf 81' lang='grc' dir='ltr'>Θεϊον</span> <span class='ocrx_word' id='word_1_150' title='bbox 3301 1007 3405 1058; x_wconf 57' lang='grc' dir='ltr'>καῖ</span> <span class='ocrx_word' id='word_1_151' title='bbox 3431 1003 3576 1076; x_wconf 79' lang='grc' dir='ltr'><strong>ζυγῷ</strong></span> <span class='ocrx_word' id='word_1_152' title='bbox 3605 1006 3684 1058; x_wconf 58' lang='grc' dir='ltr'>διά</span> 
     </span>
    </p>
   </div>
   <div class='ocr_carea' id='block_1_24' title="bbox 2118 1093 3687 1172">
    <p class='ocr_par' dir='ltr' id='par_1_24' title="bbox 2118 1093 3687 1172">
     <span class='ocr_line' id='line_1_24' title="bbox 2118 1093 3687 1172; baseline -0.004 -16"><span class='ocrx_word' id='word_1_153' title='bbox 2118 1101 2412 1172; x_wconf 79' lang='grc' dir='ltr'>καιοσύνης</span> <span class='ocrx_word' id='word_1_154' title='bbox 2431 1093 2530 1171; x_wconf 73' lang='grc' dir='ltr'><strong>τὴν</strong></span> <span class='ocrx_word' id='word_1_155' title='bbox 2554 1100 2809 1170; x_wconf 84' lang='grc' dir='ltr'>πρόνοιαν</span> <span class='ocrx_word' id='word_1_156' title='bbox 2836 1099 3056 1152; x_wconf 74' lang='grc' dir='ltr'>πάντων</span> <span class='ocrx_word' id='word_1_157' title='bbox 3084 1096 3507 1169; x_wconf 52' lang='grc' dir='ltr'>ταλαντεύωνῇη.</span> <span class='ocrx_word' id='word_1_158' title='bbox 3541 1097 3687 1150; x_wconf 77' lang='grc' dir='ltr'>Ἐπεὶ</span> 
     </span>
    </p>
   </div>
   <div class='ocr_carea' id='block_1_25' title="bbox 2115 1189 3687 1264">
    <p class='ocr_par' dir='ltr' id='par_1_25' title="bbox 2115 1189 3687 1264">
     <span class='ocr_line' id='line_1_25' title="bbox 2115 1189 3687 1264; baseline -0.004 -16"><span class='ocrx_word' id='word_1_159' title='bbox 2115 1192 2209 1249; x_wconf 76' lang='grc' dir='ltr'><strong>οὖν</strong></span> <span class='ocrx_word' id='word_1_160' title='bbox 2239 1196 2332 1248; x_wconf 73' lang='grc' dir='ltr'><strong>καὶ</strong></span> <span class='ocrx_word' id='word_1_161' title='bbox 2357 1194 2387 1247; x_wconf 83' lang='grc' dir='ltr'><strong>ὃ</strong></span> <span class='ocrx_word' id='word_1_162' title='bbox 2413 1195 2525 1256; x_wconf 74' lang='grc' dir='ltr'>τοῖς</span> <span class='ocrx_word' id='word_1_163' title='bbox 2557 1193 2862 1264; x_wconf 83' lang='grc' dir='ltr'>ἀνθρώποις</span> <span class='ocrx_word' id='word_1_164' title='bbox 2894 1189 3235 1260; x_wconf 76' lang='grc' dir='ltr'><strong>ἐπινενόηται</strong></span> <span class='ocrx_word' id='word_1_165' title='bbox 3271 1191 3550 1260; x_wconf 73' lang='grc' dir='ltr'>κριτήριον</span> <span class='ocrx_word' id='word_1_166' title='bbox 3581 1190 3687 1242; x_wconf 83' lang='grc' dir='ltr'><strong>τῶν</strong></span> 
     </span>
    </p>
   </div>
   <div class='ocr_carea' id='block_1_26' title="bbox 2116 1279 3681 1351">
    <p class='ocr_par' dir='ltr' id='par_1_26' title="bbox 2116 1279 3681 1351">
     <span class='ocr_line' id='line_1_26' title="bbox 2116 1279 3681 1351; baseline -0.004 -11"><span class='ocrx_word' id='word_1_167' title='bbox 2116 1285 2246 1340; x_wconf 82' lang='grc' dir='ltr'>ἴσων</span> <span class='ocrx_word' id='word_1_168' title='bbox 2291 1303 2350 1338; x_wconf 89' lang='grc' dir='ltr'><strong>τε</strong></span> <span class='ocrx_word' id='word_1_169' title='bbox 2401 1287 2495 1340; x_wconf 71' lang='grc' dir='ltr'><strong>καὶ</strong></span> <span class='ocrx_word' id='word_1_170' title='bbox 2539 1285 2756 1349; x_wconf 89' lang='grc' dir='ltr'>ἀνίσων,</span> <span class='ocrx_word' id='word_1_171' title='bbox 2803 1283 2965 1351; x_wconf 80' lang='grc' dir='ltr'>ζυγὸν</span> <span class='ocrx_word' id='word_1_172' title='bbox 3001 1281 3045 1335; x_wconf 85' lang='grc' dir='ltr'>δ’</span> <span class='ocrx_word' id='word_1_173' title='bbox 3085 1279 3217 1335; x_wconf 78' lang='grc' dir='ltr'>αὐτὸ</span> <span class='ocrx_word' id='word_1_174' title='bbox 3263 1280 3681 1351; x_wconf 84' lang='grc' dir='ltr'>κυριολογοῦσιν.</span> 
     </span>
    </p>
   </div>
   <div class='ocr_carea' id='block_1_27' title="bbox 2129 1371 3687 1449">
    <p class='ocr_par' dir='ltr' id='par_1_27' title="bbox 2129 1371 3687 1449">
     <span class='ocr_line' id='line_1_27' title="bbox 2129 1371 3687 1449; baseline -0.006 -17"><span class='ocrx_word' id='word_1_175' title='bbox 2129 1377 2289 1433; x_wconf 80' lang='grc' dir='ltr'>Ἀλλά</span> <span class='ocrx_word' id='word_1_176' title='bbox 2317 1379 2425 1449; x_wconf 84' lang='grc' dir='ltr'>γὰρ</span> <span class='ocrx_word' id='word_1_177' title='bbox 2456 1377 2614 1430; x_wconf 80' lang='grc' dir='ltr'>τοῦτο</span> <span class='ocrx_word' id='word_1_178' title='bbox 2639 1385 2666 1413; x_wconf 78' lang='grc' dir='ltr'>ιι</span> <span class='ocrx_word' id='word_1_179' title='bbox 2698 1377 2765 1428; x_wconf 73' lang='grc' dir='ltr'>τὰ</span> <span class='ocrx_word' id='word_1_180' title='bbox 2801 1377 2929 1446; x_wconf 84' lang='grc' dir='ltr'>παρ’</span> <span class='ocrx_word' id='word_1_181' title='bbox 2957 1375 3192 1449; x_wconf 56' lang='grc' dir='ltr'>ἑκάτερα</span> <span class='ocrx_word' id='word_1_182' title='bbox 3227 1371 3319 1426; x_wconf 80' lang='grc' dir='ltr'>δύο</span> <span class='ocrx_word' id='word_1_183' title='bbox 3353 1372 3561 1442; x_wconf 78' lang='grc' dir='ltr'>πέρατα</span> <span class='ocrx_word' id='word_1_184' title='bbox 3589 1372 3687 1442; x_wconf 84' lang='grc' dir='ltr'><strong>τῆς</strong></span> 
     </span>
    </p>
   </div>
   <div class='ocr_carea' id='block_1_28' title="bbox 2115 1443 3687 1538">
    <p class='ocr_par' dir='ltr' id='par_1_28' title="bbox 2115 1443 3687 1538">
     <span class='ocr_line' id='line_1_28' title="bbox 2115 1443 3687 1538; baseline -0.005 -16"><span class='ocrx_word' id='word_1_185' title='bbox 2115 1472 2257 1523; x_wconf 86' lang='grc' dir='ltr'>κατὰ</span> <span class='ocrx_word' id='word_1_186' title='bbox 2285 1443 2344 1521; x_wconf 80' lang='grc' dir='ltr'><strong>τδ</strong></span> <span class='ocrx_word' id='word_1_187' title='bbox 2381 1443 2544 1538; x_wconf 73' lang='grc' dir='ltr'>μέσον</span> <span class='ocrx_word' id='word_1_188' title='bbox 2571 1465 2795 1537; x_wconf 80' lang='grc' dir='ltr'><strong>κεραίας</strong></span> <span class='ocrx_word' id='word_1_189' title='bbox 2819 1443 3136 1536; x_wconf 55' lang='grc' dir='ltr'>ἐξήρτηται.</span> <span class='ocrx_word' id='word_1_190' title='bbox 3167 1464 3276 1517; x_wconf 74' lang='grc' dir='ltr'>Καὶ</span> <span class='ocrx_word' id='word_1_191' title='bbox 3302 1461 3560 1533; x_wconf 83' lang='grc' dir='ltr'>τριαδικῲ</span> <span class='ocrx_word' id='word_1_192' title='bbox 3589 1461 3687 1530; x_wconf 79' lang='grc' dir='ltr'>μὲν</span> 
     </span>
    </p>
   </div>
   <div class='ocr_carea' id='block_1_29' title="bbox 428 1554 2006 1639">
    <p class='ocr_par' dir='ltr' id='par_1_29' title="bbox 428 1555 2006 1628">
     <span class='ocr_line' id='line_1_29' title="bbox 428 1555 2006 1628; baseline 0.004 -22"><span class='ocrx_word' id='word_1_193' title='bbox 428 1570 589 1623; x_wconf 90' lang='lat' dir='ltr'><strong>quam</strong></span> <span class='ocrx_word' id='word_1_194' title='bbox 625 1569 851 1607; x_wconf 79' lang='lat' dir='ltr'><strong>examen</strong></span> <span class='ocrx_word' id='word_1_195' title='bbox 883 1563 1099 1618; x_wconf 89' lang='lat' dir='ltr'><strong>vocant,</strong></span> <span class='ocrx_word' id='word_1_196' title='bbox 1134 1555 1441 1622; x_wconf 80' lang='lat' dir='ltr'><strong>dependet;</strong></span> <span class='ocrx_word' id='word_1_197' title='bbox 1476 1565 1529 1610; x_wconf 91' lang='lat' dir='ltr'><strong>et</strong></span> <span class='ocrx_word' id='word_1_198' title='bbox 1555 1556 1663 1626; x_wconf 87' lang='lat'><strong>(5|)</strong></span> <span class='ocrx_word' id='word_1_199' title='bbox 1695 1559 1837 1611; x_wconf 84' lang='lat' dir='ltr'><strong>tritta</strong></span> <span class='ocrx_word' id='word_1_200' title='bbox 1881 1559 2006 1628; x_wconf 88' lang='lat' dir='ltr'><strong>qni-</strong></span> 
     </span>
    </p>
   </div>
   <div class='ocr_carea' id='block_1_30' title="bbox 2122 1554 3687 1639">
    <p class='ocr_par' dir='ltr' id='par_1_30' title="bbox 2122 1554 3687 1639">
     <span class='ocr_line' id='line_1_30' title="bbox 2122 1554 3687 1639; baseline -0.006 -24"><span class='ocrx_word' id='word_1_201' title='bbox 2122 1561 2366 1631; x_wconf 79' lang='grc' dir='ltr'>ίδιώματι</span> <span class='ocrx_word' id='word_1_202' title='bbox 2404 1559 2466 1614; x_wconf 82' lang='grc' dir='ltr'><strong>τὸ</strong></span> <span class='ocrx_word' id='word_1_203' title='bbox 2503 1558 2645 1613; x_wconf 84' lang='grc' dir='ltr'>κατὰ</span> <span class='ocrx_word' id='word_1_204' title='bbox 2681 1561 2780 1639; x_wconf 67' lang='grc' dir='ltr'>τᾲς</span> <span class='ocrx_word' id='word_1_205' title='bbox 2813 1559 3139 1620; x_wconf 76' lang='grc' dir='ltr'>ὑποστάσεις</span> <span class='ocrx_word' id='word_1_206' title='bbox 3178 1557 3432 1626; x_wconf 73' lang='grc' dir='ltr'>διάφορον</span> <span class='ocrx_word' id='word_1_207' title='bbox 3473 1554 3687 1608; x_wconf 73' lang='grc' dir='ltr'>ὑποδείο</span> 
     </span>
    </p>
   </div>
   <div class='ocr_carea' id='block_1_31' title="bbox 427 1645 2006 1720">
    <p class='ocr_par' dir='ltr' id='par_1_31' title="bbox 427 1645 2003 1715">
     <span class='ocr_line' id='line_1_31' title="bbox 427 1645 2003 1715; baseline 0.001 -17"><span class='ocrx_word' id='word_1_208' title='bbox 427 1646 548 1698; x_wconf 92' lang='lat' dir='ltr'><strong>dem</strong></span> <span class='ocrx_word' id='word_1_209' title='bbox 585 1645 918 1713; x_wconf 88' lang='lat' dir='ltr'><strong>proprietate</strong></span> <span class='ocrx_word' id='word_1_210' title='bbox 958 1660 1087 1707; x_wconf 78' lang='lat' dir='ltr'><strong>sua,</strong></span> <span class='ocrx_word' id='word_1_211' title='bbox 1113 1645 1420 1699; x_wconf 78' lang='lat' dir='ltr'><strong>divinarum</strong></span> <span class='ocrx_word' id='word_1_212' title='bbox 1455 1662 1815 1715; x_wconf 88' lang='lat' dir='ltr'><strong>personarum</strong></span> <span class='ocrx_word' id='word_1_213' title='bbox 1849 1648 2003 1703; x_wconf 87' lang='lat' dir='ltr'><strong>ditl&#39;e-</strong></span> 
     </span>
    </p>
   </div>
   <div class='ocr_carea' id='block_1_32' title="bbox 2122 1645 3685 1720">
    <p class='ocr_par' dir='ltr' id='par_1_32' title="bbox 2122 1646 3685 1720">
     <span class='ocr_line' id='line_1_32' title="bbox 2122 1646 3685 1720; baseline -0.006 -12"><span class='ocrx_word' id='word_1_214' title='bbox 2122 1671 2313 1708; x_wconf 82' lang='grc' dir='ltr'>ινυται.</span> <span class='ocrx_word' id='word_1_215' title='bbox 2346 1653 2460 1708; x_wconf 76' lang='grc' dir='ltr'>Μία</span> <span class='ocrx_word' id='word_1_216' title='bbox 2481 1652 2536 1705; x_wconf 86' lang='grc' dir='ltr'>δὲ</span> <span class='ocrx_word' id='word_1_217' title='bbox 2564 1651 2769 1706; x_wconf 79' lang='grc' dir='ltr'>τούτων</span> <span class='ocrx_word' id='word_1_218' title='bbox 2796 1653 2913 1704; x_wconf 79' lang='grc' dir='ltr'>ἐστὶ</span> <span class='ocrx_word' id='word_1_219' title='bbox 2943 1651 3034 1704; x_wconf 78' lang='grc' dir='ltr'><strong>καὶ</strong></span> <span class='ocrx_word' id='word_1_220' title='bbox 3060 1651 3093 1720; x_wconf 73' lang='grc' dir='ltr'><strong>ἡ</strong></span> <span class='ocrx_word' id='word_1_221' title='bbox 3127 1649 3310 1719; x_wconf 84' lang='grc' dir='ltr'>κρίσις</span> <span class='ocrx_word' id='word_1_222' title='bbox 3335 1647 3441 1700; x_wconf 71' lang='grc' dir='ltr'><strong>καὶ</strong></span> <span class='ocrx_word' id='word_1_223' title='bbox 3467 1649 3497 1718; x_wconf 79' lang='grc' dir='ltr'>ἡ</span> <span class='ocrx_word' id='word_1_224' title='bbox 3533 1646 3685 1715; x_wconf 78' lang='grc' dir='ltr'><strong>ἐνέρ-</strong></span> 
     </span>
    </p>
   </div>
   <div class='ocr_carea' id='block_1_33' title="bbox 428 1736 1999 1809">
    <p class='ocr_par' dir='ltr' id='par_1_33' title="bbox 428 1736 1999 1809">
     <span class='ocr_line' id='line_1_33' title="bbox 428 1736 1999 1809; baseline 0.003 -19"><span class='ocrx_word' id='word_1_225' title='bbox 428 1737 655 1790; x_wconf 89' lang='lat' dir='ltr'><strong>rentlam</strong></span> <span class='ocrx_word' id='word_1_226' title='bbox 679 1736 989 1791; x_wconf 87' lang='lat' dir='ltr'><strong>subindicat</strong></span> <span class='ocrx_word' id='word_1_227' title='bbox 1025 1753 1038 1789; x_wconf 92' lang='lat'><strong>:</strong></span> <span class='ocrx_word' id='word_1_228' title='bbox 1069 1737 1259 1790; x_wconf 87' lang='lat' dir='ltr'><strong>harum</strong></span> <span class='ocrx_word' id='word_1_229' title='bbox 1283 1747 1466 1792; x_wconf 90' lang='lat' dir='ltr'><strong>autem</strong></span> <span class='ocrx_word' id='word_1_230' title='bbox 1500 1740 1722 1793; x_wconf 65' lang='lat' dir='ltr'><strong>trutinm</strong></span> <span class='ocrx_word' id='word_1_231' title='bbox 1749 1741 1999 1809; x_wconf 83' lang='lat' dir='ltr'><strong>preprle-</strong></span> 
     </span>
    </p>
   </div>
   <div class='ocr_carea' id='block_1_34' title="bbox 432 1811 2001 1899">
    <p class='ocr_par' dir='ltr' id='par_1_34' title="bbox 432 1811 2001 1899">
     <span class='ocr_line' id='line_1_34' title="bbox 432 1811 2001 1899; baseline 0.002 -20"><span class='ocrx_word' id='word_1_232' title='bbox 432 1837 604 1881; x_wconf 88' lang='lat' dir='ltr'><strong>talum</strong></span> <span class='ocrx_word' id='word_1_233' title='bbox 642 1830 861 1880; x_wconf 91' lang='lat' dir='ltr'><strong>tmicum</strong></span> <span class='ocrx_word' id='word_1_234' title='bbox 920 1837 1002 1881; x_wconf 82' lang='lat' dir='ltr'><strong>est</strong></span> <span class='ocrx_word' id='word_1_235' title='bbox 1045 1827 1352 1896; x_wconf 83' lang='lat' dir='ltr'><strong>judicium,</strong></span> <span class='ocrx_word' id='word_1_236' title='bbox 1413 1836 1466 1882; x_wconf 91' lang='lat' dir='ltr'><strong>et</strong></span> <span class='ocrx_word' id='word_1_237' title='bbox 1512 1811 1671 1882; x_wconf 81' lang='lat' dir='ltr'><strong>unica</strong></span> <span class='ocrx_word' id='word_1_238' title='bbox 1721 1829 2001 1899; x_wconf 89' lang='lat' dir='ltr'><strong>operatio;</strong></span> 
     </span>
    </p>
   </div>
   <div class='ocr_carea' id='block_1_35' title="bbox 2101 1738 3684 1815">
    <p class='ocr_par' dir='ltr' id='par_1_35' title="bbox 2101 1738 3684 1815">
     <span class='ocr_line' id='line_1_35' title="bbox 2101 1738 3684 1815; baseline -0.005 -17"><span class='ocrx_word' id='word_1_239' title='bbox 2101 1762 2228 1813; x_wconf 82' lang='grc' dir='ltr'>γεια</span> <span class='ocrx_word' id='word_1_240' title='bbox 2251 1787 2265 1809; x_wconf 95' lang='grc'><strong>,</strong></span> <span class='ocrx_word' id='word_1_241' title='bbox 2298 1745 2395 1799; x_wconf 66' lang='grc' dir='ltr'><strong>καλ⁸</strong></span> <span class='ocrx_word' id='word_1_242' title='bbox 2421 1744 2594 1815; x_wconf 82' lang='grc' dir='ltr'>ταύτῃ</span> <span class='ocrx_word' id='word_1_243' title='bbox 2638 1742 2919 1814; x_wconf 82' lang='grc' dir='ltr'>τριαδικὴν</span> <span class='ocrx_word' id='word_1_244' title='bbox 2951 1744 3006 1794; x_wconf 80' lang='grc' dir='ltr'>ὲν</span> <span class='ocrx_word' id='word_1_245' title='bbox 3041 1741 3219 1813; x_wconf 78' lang='grc' dir='ltr'>ἑαυτῴ</span> <span class='ocrx_word' id='word_1_246' title='bbox 3251 1741 3347 1793; x_wconf 73' lang='grc' dir='ltr'><strong>καὶ</strong></span> <span class='ocrx_word' id='word_1_247' title='bbox 3398 1738 3684 1809; x_wconf 70' lang='grc' dir='ltr'>μοναδικὴν</span> 
     </span>
    </p>
   </div>
   <div class='ocr_carea' id='block_1_36' title="bbox 2103 1831 3684 1908">
    <p class='ocr_par' dir='ltr' id='par_1_36' title="bbox 2103 1831 3684 1908">
     <span class='ocr_line' id='line_1_36' title="bbox 2103 1831 3684 1908; baseline -0.004 -18"><span class='ocrx_word' id='word_1_248' title='bbox 2103 1836 2342 1908; x_wconf 84' lang='grc' dir='ltr'>θεωρίαν</span> <span class='ocrx_word' id='word_1_249' title='bbox 2372 1835 2624 1902; x_wconf 77' lang='grc' dir='ltr'>είκονίζει</span> <span class='ocrx_word' id='word_1_250' title='bbox 2651 1876 2664 1901; x_wconf 92' lang='grc'><strong>,</strong></span> <span class='ocrx_word' id='word_1_251' title='bbox 2693 1837 2792 1888; x_wconf 83' lang='grc' dir='ltr'><strong>οὐκ</strong></span> <span class='ocrx_word' id='word_1_252' title='bbox 2826 1835 2984 1904; x_wconf 80' lang='grc' dir='ltr'>ἔσχεν</span> <span class='ocrx_word' id='word_1_253' title='bbox 3024 1833 3183 1903; x_wconf 75' lang='grc' dir='ltr'>ὓϐριν</span> <span class='ocrx_word' id='word_1_254' title='bbox 3212 1835 3240 1886; x_wconf 83' lang='grc' dir='ltr'><strong>ό</strong></span> <span class='ocrx_word' id='word_1_255' title='bbox 3266 1832 3372 1886; x_wconf 82' lang='grc' dir='ltr'>τῶν</span> <span class='ocrx_word' id='word_1_256' title='bbox 3403 1831 3537 1886; x_wconf 80' lang='grc' dir='ltr'>ὅλων</span> <span class='ocrx_word' id='word_1_257' title='bbox 3560 1847 3684 1902; x_wconf 78' lang='grc' dir='ltr'>κρι-</span> 
     </span>
    </p>
   </div>
   <div class='ocr_carea' id='block_1_37' title="bbox 427 1919 2006 1998">
    <p class='ocr_par' dir='ltr' id='par_1_37' title="bbox 427 1919 2006 1990">
     <span class='ocr_line' id='line_1_37' title="bbox 427 1919 2006 1990; baseline 0.003 -17"><span class='ocrx_word' id='word_1_258' title='bbox 427 1919 616 1986; x_wconf 83' lang='lat' dir='ltr'><strong>sicque</strong></span> <span class='ocrx_word' id='word_1_259' title='bbox 649 1921 851 1972; x_wconf 88' lang='lat' dir='ltr'><strong>trutina</strong></span> <span class='ocrx_word' id='word_1_260' title='bbox 907 1927 961 1974; x_wconf 89' lang='lat' dir='ltr'><strong>et</strong></span> <span class='ocrx_word' id='word_1_261' title='bbox 1009 1922 1172 1973; x_wconf 92' lang='lat' dir='ltr'><strong>trium</strong></span> <span class='ocrx_word' id='word_1_262' title='bbox 1206 1934 1561 1988; x_wconf 85' lang='lat' dir='ltr'><strong>personarum</strong></span> <span class='ocrx_word' id='word_1_263' title='bbox 1610 1930 1664 1974; x_wconf 90' lang='lat' dir='ltr'><strong>et</strong></span> <span class='ocrx_word' id='word_1_264' title='bbox 1710 1921 2006 1990; x_wconf 76' lang='lat' dir='ltr'><strong>singularis</strong></span> 
     </span>
    </p>
   </div>
   <div class='ocr_carea' id='block_1_38' title="bbox 2122 1919 3685 1998">
    <p class='ocr_par' dir='ltr' id='par_1_38' title="bbox 2122 1924 3685 1998">
     <span class='ocr_line' id='line_1_38' title="bbox 2122 1924 3685 1998; baseline -0.005 -16"><span class='ocrx_word' id='word_1_265' title='bbox 2122 1929 2222 1998; x_wconf 77' lang='grc' dir='ltr'>τὴς,</span> <span class='ocrx_word' id='word_1_266' title='bbox 2259 1931 2354 1983; x_wconf 70' lang='grc' dir='ltr'><strong>καὶ</strong></span> <span class='ocrx_word' id='word_1_267' title='bbox 2383 1929 2724 1997; x_wconf 81' lang='grc' dir='ltr'>ζυγοστάτης</span> <span class='ocrx_word' id='word_1_268' title='bbox 2757 1926 2908 1989; x_wconf 84' lang='grc' dir='ltr'>Θεὸς,</span> <span class='ocrx_word' id='word_1_269' title='bbox 2943 1924 3030 1978; x_wconf 83' lang='grc' dir='ltr'>διὰ</span> <span class='ocrx_word' id='word_1_270' title='bbox 3059 1924 3167 1979; x_wconf 82' lang='grc' dir='ltr'>τῶν</span> <span class='ocrx_word' id='word_1_271' title='bbox 3202 1925 3332 1994; x_wconf 78' lang='grc' dir='ltr'>ἡμῖν</span> <span class='ocrx_word' id='word_1_272' title='bbox 3373 1924 3685 1993; x_wconf 72' lang='grc' dir='ltr'>συντρόφων</span> 
     </span>
    </p>
   </div>
   <div class='ocr_carea' id='block_1_39' title="bbox 429 2003 2008 2084">
    <p class='ocr_par' dir='ltr' id='par_1_39' title="bbox 429 2003 2008 2084">
     <span class='ocr_line' id='line_1_39' title="bbox 429 2003 2008 2084; baseline 0.002 -19"><span class='ocrx_word' id='word_1_273' title='bbox 429 2023 638 2066; x_wconf 76' lang='lat' dir='ltr'><strong>natura:</strong></span> <span class='ocrx_word' id='word_1_274' title='bbox 669 2003 813 2084; x_wconf 71' lang='grc' dir='ltr'>[σει]</span> <span class='ocrx_word' id='word_1_275' title='bbox 848 2012 1339 2066; x_wconf 83' lang='lat' dir='ltr'><strong>considerationem</strong></span> <span class='ocrx_word' id='word_1_276' title='bbox 1381 2013 1616 2082; x_wconf 89' lang='lat' dir='ltr'><strong>quadam</strong></span> <span class='ocrx_word' id='word_1_277' title='bbox 1674 2014 1822 2069; x_wconf 84' lang='lat' dir='ltr'><strong>velut</strong></span> <span class='ocrx_word' id='word_1_278' title='bbox 1871 2015 2008 2068; x_wconf 83' lang='lat' dir='ltr'><strong>inta-</strong></span> 
     </span>
    </p>
   </div>
   <div class='ocr_carea' id='block_1_40' title="bbox 427 2105 2005 2175">
    <p class='ocr_par' dir='ltr' id='par_1_40' title="bbox 427 2105 2005 2175">
     <span class='ocr_line' id='line_1_40' title="bbox 427 2105 2005 2175; baseline 0.006 -21"><span class='ocrx_word' id='word_1_279' title='bbox 427 2108 549 2174; x_wconf 83' lang='lat' dir='ltr'><strong>gine</strong></span> <span class='ocrx_word' id='word_1_280' title='bbox 577 2106 629 2158; x_wconf 90' lang='lat' dir='ltr'><strong>in</strong></span> <span class='ocrx_word' id='word_1_281' title='bbox 665 2120 724 2158; x_wconf 85' lang='lat' dir='ltr'><strong>se</strong></span> <span class='ocrx_word' id='word_1_282' title='bbox 755 2107 870 2175; x_wconf 85' lang='lat' dir='ltr'><strong>ipsa</strong></span> <span class='ocrx_word' id='word_1_283' title='bbox 907 2105 1202 2174; x_wconf 78' lang='lat' dir='ltr'><strong>exprimit,</strong></span> <span class='ocrx_word' id='word_1_284' title='bbox 1262 2121 1368 2159; x_wconf 91' lang='lat' dir='ltr'><strong>non</strong></span> <span class='ocrx_word' id='word_1_285' title='bbox 1401 2107 1861 2162; x_wconf 91' lang='lat' dir='ltr'><strong>contumeliosum</strong></span> <span class='ocrx_word' id='word_1_286' title='bbox 1898 2109 2005 2163; x_wconf 86' lang='lat' dir='ltr'><strong>sibi</strong></span> 
     </span>
    </p>
   </div>
   <div class='ocr_carea' id='block_1_41' title="bbox 2109 2013 3687 2088">
    <p class='ocr_par' dir='ltr' id='par_1_41' title="bbox 2109 2013 3687 2088">
     <span class='ocr_line' id='line_1_41' title="bbox 2109 2013 3687 2088; baseline -0.003 -17"><span class='ocrx_word' id='word_1_287' title='bbox 2109 2019 2304 2083; x_wconf 78' lang='grc' dir='ltr'>φωνῶν</span> <span class='ocrx_word' id='word_1_288' title='bbox 2343 2020 2441 2088; x_wconf 83' lang='grc' dir='ltr'><strong>τὴν</strong></span> <span class='ocrx_word' id='word_1_289' title='bbox 2487 2018 2870 2087; x_wconf 75' lang='grc' dir='ltr'>ἀκατάληπτον</span> <span class='ocrx_word' id='word_1_290' title='bbox 2917 2013 3083 2069; x_wconf 79' lang='grc' dir='ltr'>αὑτοῦ</span> <span class='ocrx_word' id='word_1_291' title='bbox 3137 2013 3467 2083; x_wconf 79' lang='grc' dir='ltr'>θεογνωσίαν</span> <span class='ocrx_word' id='word_1_292' title='bbox 3511 2030 3687 2081; x_wconf 81' lang='grc' dir='ltr'>παρα-</span> 
     </span>
    </p>
   </div>
   <div class='ocr_carea' id='block_1_42' title="bbox 2112 2109 2468 2166">
    <p class='ocr_par' dir='ltr' id='par_1_42' title="bbox 2112 2109 2468 2166">
     <span class='ocr_line' id='line_1_42' title="bbox 2112 2109 2468 2166; baseline 0.008 -4"><span class='ocrx_word' id='word_1_293' title='bbox 2112 2109 2468 2166; x_wconf 82' lang='grc' dir='ltr'>πτύσσεσθαι.</span> 
     </span>
    </p>
   </div>
   <div class='ocr_carea' id='block_1_43' title="bbox 425 2197 3685 2275">
    <p class='ocr_par' dir='ltr' id='par_1_43' title="bbox 425 2197 3685 2275">
     <span class='ocr_line' id='line_1_43' title="bbox 425 2197 3685 2275; baseline 0 -23"><span class='ocrx_word' id='word_1_294' title='bbox 425 2214 548 2252; x_wconf 82' lang='lat' dir='ltr'><strong>esse</strong></span> <span class='ocrx_word' id='word_1_295' title='bbox 576 2198 903 2252; x_wconf 75' lang='lat' dir='ltr'><strong>existimavit</strong></span> <span class='ocrx_word' id='word_1_296' title='bbox 929 2200 1306 2253; x_wconf 81' lang='lat' dir='ltr'><strong>universorum</strong></span> <span class='ocrx_word' id='word_1_297' title='bbox 1327 2197 1491 2266; x_wconf 76' lang='lat' dir='ltr'><strong>judex</strong></span> <span class='ocrx_word' id='word_1_298' title='bbox 1519 2210 1571 2254; x_wconf 90' lang='lat' dir='ltr'><strong>et</strong></span> <span class='ocrx_word' id='word_1_299' title='bbox 1597 2201 1756 2270; x_wconf 85' lang='lat' dir='ltr'><strong>quasi</strong></span> <span class='ocrx_word' id='word_1_300' title='bbox 1787 2201 2014 2258; x_wconf 86' lang='lat' dir='ltr'><strong>librator</strong></span> <span class='ocrx_word' id='word_1_301' title='bbox 2049 2203 2194 2260; x_wconf 86' lang='lat' dir='ltr'><strong>Deus</strong></span> <span class='ocrx_word' id='word_1_302' title='bbox 2219 2205 2824 2275; x_wconf 84' lang='lat' dir='ltr'><strong>incomprehensibilem</strong></span> <span class='ocrx_word' id='word_1_303' title='bbox 2896 2202 2980 2258; x_wconf 88' lang='lat' dir='ltr'><strong>sui</strong></span> <span class='ocrx_word' id='word_1_304' title='bbox 3047 2198 3295 2255; x_wconf 83' lang='lat' dir='ltr'><strong>notitiam</strong></span> <span class='ocrx_word' id='word_1_305' title='bbox 3327 2214 3424 2255; x_wconf 88' lang='lat' dir='ltr'><strong>uer</strong></span> <span class='ocrx_word' id='word_1_306' title='bbox 3453 2211 3685 2254; x_wconf 86' lang='lat' dir='ltr'><strong>consue-</strong></span> 
     </span>
    </p>
   </div>
   <div class='ocr_carea' id='block_1_44' title="bbox 428 2288 1574 2358">
    <p class='ocr_par' dir='ltr' id='par_1_44' title="bbox 428 2288 1574 2358">
     <span class='ocr_line' id='line_1_44' title="bbox 428 2288 1574 2358; baseline -0.001 -15"><span class='ocrx_word' id='word_1_307' title='bbox 428 2299 510 2343; x_wconf 87' lang='lat' dir='ltr'><strong>tas</strong></span> <span class='ocrx_word' id='word_1_308' title='bbox 539 2288 693 2341; x_wconf 86' lang='lat' dir='ltr'><strong>nobis</strong></span> <span class='ocrx_word' id='word_1_309' title='bbox 722 2301 882 2341; x_wconf 80' lang='lat' dir='ltr'><strong>voces</strong></span> <span class='ocrx_word' id='word_1_310' title='bbox 921 2289 1170 2357; x_wconf 78' lang='lat' dir='ltr'><strong>detegere</strong></span> <span class='ocrx_word' id='word_1_311' title='bbox 1199 2298 1252 2342; x_wconf 87' lang='lat' dir='ltr'><strong>et</strong></span> <span class='ocrx_word' id='word_1_312' title='bbox 1279 2289 1574 2358; x_wconf 84' lang='lat' dir='ltr'><strong>explicare.</strong></span> 
     </span>
    </p>
   </div>
   <div class='ocr_carea' id='block_1_45' title="bbox 497 2381 2007 2455">
    <p class='ocr_par' dir='ltr' id='par_1_45' title="bbox 497 2381 2007 2455">
     <span class='ocr_line' id='line_1_45' title="bbox 497 2381 2007 2455; baseline 0.002 -20"><span class='ocrx_word' id='word_1_313' title='bbox 497 2381 683 2436; x_wconf 89' lang='lat' dir='ltr'><strong>Possis</strong></span> <span class='ocrx_word' id='word_1_314' title='bbox 712 2381 874 2435; x_wconf 90' lang='lat' dir='ltr'><strong>etiam</strong></span> <span class='ocrx_word' id='word_1_315' title='bbox 902 2383 1016 2450; x_wconf 90' lang='lat' dir='ltr'><strong>ipse</strong></span> <span class='ocrx_word' id='word_1_316' title='bbox 1043 2383 1343 2445; x_wconf 80' lang='lat' dir='ltr'><strong>advertere,</strong></span> <span class='ocrx_word' id='word_1_317' title='bbox 1381 2383 1435 2436; x_wconf 92' lang='lat' dir='ltr'><strong>in</strong></span> <span class='ocrx_word' id='word_1_318' title='bbox 1463 2383 1568 2438; x_wconf 86' lang='lat' dir='ltr'><strong>alio</strong></span> <span class='ocrx_word' id='word_1_319' title='bbox 1597 2383 1746 2439; x_wconf 92' lang='lat' dir='ltr'><strong>nullo</strong></span> <span class='ocrx_word' id='word_1_320' title='bbox 1781 2383 2007 2455; x_wconf 67' lang='lat' dir='ltr'><strong>[praeter</strong></span> 
     </span>
    </p>
   </div>
   <div class='ocr_carea' id='block_1_46' title="bbox 429 2473 2003 2545">
    <p class='ocr_par' dir='ltr' id='par_1_46' title="bbox 429 2473 2003 2545">
     <span class='ocr_line' id='line_1_46' title="bbox 429 2473 2003 2545; baseline 0.002 -15"><span class='ocrx_word' id='word_1_321' title='bbox 429 2473 751 2545; x_wconf 79' lang='lat' dir='ltr'><strong>ternarium]</strong></span> <span class='ocrx_word' id='word_1_322' title='bbox 814 2489 1042 2528; x_wconf 90' lang='lat' dir='ltr'><strong>numero</strong></span> <span class='ocrx_word' id='word_1_323' title='bbox 1100 2474 1239 2530; x_wconf 90' lang='lat' dir='ltr'><strong>duas</strong></span> <span class='ocrx_word' id='word_1_324' title='bbox 1298 2477 1673 2531; x_wconf 72' lang='lat' dir='ltr'><strong>etttremitates</strong></span> <span class='ocrx_word' id='word_1_325' title='bbox 1728 2478 2003 2533; x_wconf 85' lang='lat' dir='ltr'><strong>medietati</strong></span> 
     </span>
    </p>
   </div>
   <div class='ocr_carea' id='block_1_47' title="bbox 427 2565 2005 2636">
    <p class='ocr_par' dir='ltr' id='par_1_47' title="bbox 427 2565 2005 2636">
     <span class='ocr_line' id='line_1_47' title="bbox 427 2565 2005 2636; baseline -0.001 -15"><span class='ocrx_word' id='word_1_326' title='bbox 427 2565 678 2634; x_wconf 83' lang='lat' dir='ltr'><strong>conjungi</strong></span> <span class='ocrx_word' id='word_1_327' title='bbox 713 2581 806 2634; x_wconf 89' lang='lat' dir='ltr'><strong>per</strong></span> <span class='ocrx_word' id='word_1_328' title='bbox 820 2565 1148 2635; x_wconf 81' lang='lat' dir='ltr'><strong>singularem</strong></span> <span class='ocrx_word' id='word_1_329' title='bbox 1173 2577 1226 2619; x_wconf 90' lang='lat' dir='ltr'><strong>et</strong></span> <span class='ocrx_word' id='word_1_330' title='bbox 1257 2565 1578 2630; x_wconf 67' lang='lat' dir='ltr'><strong>tliﬂ‘ereutia:</strong></span> <span class='ocrx_word' id='word_1_331' title='bbox 1609 2567 1789 2621; x_wconf 90' lang='lat' dir='ltr'><strong>omnis</strong></span> <span class='ocrx_word' id='word_1_332' title='bbox 1817 2583 2005 2636; x_wconf 80' lang='lat' dir='ltr'><strong>exper-</strong></span> 
     </span>
    </p>
   </div>
   <div class='ocr_carea' id='block_1_48' title="bbox 430 2655 2000 2726">
    <p class='ocr_par' dir='ltr' id='par_1_48' title="bbox 430 2655 2000 2726">
     <span class='ocr_line' id='line_1_48' title="bbox 430 2655 2000 2726; baseline 0.003 -17"><span class='ocrx_word' id='word_1_333' title='bbox 430 2669 534 2710; x_wconf 88' lang='lat' dir='ltr'><strong>tem</strong></span> <span class='ocrx_word' id='word_1_334' title='bbox 572 2657 938 2726; x_wconf 71' lang='lat' dir='ltr'><strong>mqualitatem</strong></span> <span class='ocrx_word' id='word_1_335' title='bbox 971 2695 985 2720; x_wconf 91' lang='lat'><strong>,</strong></span> <span class='ocrx_word' id='word_1_336' title='bbox 1035 2655 1459 2711; x_wconf 84' lang='lat' dir='ltr'><strong>iudiversitatem</strong></span> <span class='ocrx_word' id='word_1_337' title='bbox 1520 2668 1575 2712; x_wconf 92' lang='lat' dir='ltr'><strong>et</strong></span> <span class='ocrx_word' id='word_1_338' title='bbox 1629 2657 2000 2713; x_wconf 87' lang='lat' dir='ltr'><strong>iudistantiam</strong></span> 
     </span>
    </p>
   </div>
   <div class='ocr_carea' id='block_1_49' title="bbox 2185 2373 3685 2455">
    <p class='ocr_par' dir='ltr' id='par_1_49' title="bbox 2185 2373 3685 2455">
     <span class='ocr_line' id='line_1_49' title="bbox 2185 2373 3685 2455; baseline -0.01 -16"><span class='ocrx_word' id='word_1_339' title='bbox 2185 2381 2405 2439; x_wconf 77' lang='grc' dir='ltr'>οὐδ”’ἂν</span> <span class='ocrx_word' id='word_1_340' title='bbox 2435 2381 2835 2455; x_wconf 78' lang='grc' dir='ltr'>ὲπιθεωρήσαις</span> <span class='ocrx_word' id='word_1_341' title='bbox 2866 2381 2941 2444; x_wconf 82' lang='grc' dir='ltr'>ὡς</span> <span class='ocrx_word' id='word_1_342' title='bbox 2973 2378 3060 2433; x_wconf 72' lang='grc' dir='ltr'><strong>ἐπ’</strong></span> <span class='ocrx_word' id='word_1_343' title='bbox 3095 2377 3308 2437; x_wconf 75' lang='grc' dir='ltr'>οὐδενὸς</span> <span class='ocrx_word' id='word_1_344' title='bbox 3347 2375 3462 2429; x_wconf 76' lang='grc' dir='ltr'>ἐστι</span> <span class='ocrx_word' id='word_1_345' title='bbox 3499 2373 3685 2429; x_wconf 77' lang='grc' dir='ltr'>λαϐεῖν</span> 
     </span>
    </p>
   </div>
   <div class='ocr_carea' id='block_1_50' title="bbox 2110 2462 3673 2545">
    <p class='ocr_par' dir='ltr' id='par_1_50' title="bbox 2110 2462 3673 2545">
     <span class='ocr_line' id='line_1_50' title="bbox 2110 2462 3673 2545; baseline -0.006 -19"><span class='ocrx_word' id='word_1_346' title='bbox 2110 2473 2217 2526; x_wconf 86' lang='grc' dir='ltr'>τῶν</span> <span class='ocrx_word' id='word_1_347' title='bbox 2241 2474 2415 2528; x_wconf 81' lang='grc' dir='ltr'>ἄλλων</span> <span class='ocrx_word' id='word_1_348' title='bbox 2441 2472 2564 2545; x_wconf 83' lang='grc' dir='ltr'>ἀριο</span> <span class='ocrx_word' id='word_1_349' title='bbox 2576 2473 2690 2542; x_wconf 83' lang='grc' dir='ltr'><strong>μῶν</strong></span> <span class='ocrx_word' id='word_1_350' title='bbox 2719 2472 2858 2542; x_wconf 85' lang='grc' dir='ltr'>πλὴν</span> <span class='ocrx_word' id='word_1_351' title='bbox 2886 2471 2985 2540; x_wconf 76' lang='grc' dir='ltr'><strong>τῆς</strong></span> <span class='ocrx_word' id='word_1_352' title='bbox 3019 2469 3246 2540; x_wconf 79' lang='grc' dir='ltr'>Τριάδος</span> <span class='ocrx_word' id='word_1_353' title='bbox 3265 2462 3673 2538; x_wconf 80' lang='grc' dir='ltr'>ἀπαραλλάκτῳ</span> 
     </span>
    </p>
   </div>
   <div class='ocr_carea' id='block_1_51' title="bbox 2111 2558 3680 2636">
    <p class='ocr_par' dir='ltr' id='par_1_51' title="bbox 2111 2558 3680 2636">
     <span class='ocr_line' id='line_1_51' title="bbox 2111 2558 3680 2636; baseline -0.006 -18"><span class='ocrx_word' id='word_1_354' title='bbox 2111 2568 2204 2618; x_wconf 78' lang='grc' dir='ltr'>καὶ</span> <span class='ocrx_word' id='word_1_355' title='bbox 2239 2566 2415 2636; x_wconf 81' lang='grc' dir='ltr'>ἐνιαίᾳ</span> <span class='ocrx_word' id='word_1_356' title='bbox 2452 2565 2654 2634; x_wconf 78' lang='grc' dir='ltr'>ἰσότητι</span> <span class='ocrx_word' id='word_1_357' title='bbox 2699 2564 2766 2617; x_wconf 78' lang='grc' dir='ltr'>τὰ</span> <span class='ocrx_word' id='word_1_358' title='bbox 2812 2564 2957 2634; x_wconf 83' lang='grc' dir='ltr'>ἄκρα</span> <span class='ocrx_word' id='word_1_359' title='bbox 2989 2561 3066 2632; x_wconf 82' lang='grc' dir='ltr'>τῷ</span> <span class='ocrx_word' id='word_1_360' title='bbox 3098 2562 3246 2631; x_wconf 82' lang='grc' dir='ltr'><strong>μέσῳ</strong></span> <span class='ocrx_word' id='word_1_361' title='bbox 3280 2558 3680 2626; x_wconf 77' lang='grc' dir='ltr'>συναπτόμενα.</span> 
     </span>
    </p>
   </div>
   <div class='ocr_carea' id='block_1_52' title="bbox 2117 2649 3683 2727">
    <p class='ocr_par' dir='ltr' id='par_1_52' title="bbox 2117 2649 3683 2727">
     <span class='ocr_line' id='line_1_52' title="bbox 2117 2649 3683 2727; baseline -0.007 -17"><span class='ocrx_word' id='word_1_362' title='bbox 2117 2660 2182 2709; x_wconf 80' lang='lat'><strong>&#39;0</strong></span> <span class='ocrx_word' id='word_1_363' title='bbox 2215 2657 2395 2710; x_wconf 85' lang='grc' dir='ltr'>τοίνυν</span> <span class='ocrx_word' id='word_1_364' title='bbox 2425 2658 2481 2710; x_wconf 78' lang='grc' dir='ltr'>ἐν</span> <span class='ocrx_word' id='word_1_365' title='bbox 2509 2657 2762 2727; x_wconf 78' lang='grc' dir='ltr'>ἀριθμοῖς</span> <span class='ocrx_word' id='word_1_366' title='bbox 2784 2655 2841 2707; x_wconf 74' lang='grc' dir='ltr'>τὸ</span> <span class='ocrx_word' id='word_1_367' title='bbox 2874 2655 2986 2706; x_wconf 81' lang='grc' dir='ltr'>ἴσον</span> <span class='ocrx_word' id='word_1_368' title='bbox 3019 2653 3110 2706; x_wconf 75' lang='grc' dir='ltr'>καὶ</span> <span class='ocrx_word' id='word_1_369' title='bbox 3140 2651 3556 2720; x_wconf 72' lang='grc' dir='ltr'>ἀπαράλλακτον</span> <span class='ocrx_word' id='word_1_370' title='bbox 3586 2649 3683 2700; x_wconf 81' lang='grc' dir='ltr'>καὶ</span> 
     </span>
    </p>
   </div>
   <div class='ocr_carea' id='block_1_53' title="bbox 426 2738 2006 2824">
    <p class='ocr_par' dir='ltr' id='par_1_53' title="bbox 426 2743 2001 2817">
     <span class='ocr_line' id='line_1_53' title="bbox 426 2743 2001 2817; baseline 0.001 -18"><span class='ocrx_word' id='word_1_371' title='bbox 426 2760 523 2799; x_wconf 90' lang='lat' dir='ltr'><strong>seu</strong></span> <span class='ocrx_word' id='word_1_372' title='bbox 555 2745 969 2814; x_wconf 86' lang='lat' dir='ltr'><strong>inseparabilem</strong></span> <span class='ocrx_word' id='word_1_373' title='bbox 1019 2743 1096 2815; x_wconf 89' lang='lat' dir='ltr'><strong>[iu</strong></span> <span class='ocrx_word' id='word_1_374' title='bbox 1147 2761 1203 2799; x_wconf 87' lang='lat' dir='ltr'><strong>re</strong></span> <span class='ocrx_word' id='word_1_375' title='bbox 1257 2755 1434 2799; x_wconf 85' lang='lat' dir='ltr'><strong>tamen</strong></span> <span class='ocrx_word' id='word_1_376' title='bbox 1481 2745 1791 2817; x_wconf 79' lang='lat' dir='ltr'><strong>inconfusa]</strong></span> <span class='ocrx_word' id='word_1_377' title='bbox 1844 2748 2001 2802; x_wconf 93' lang='lat' dir='ltr'><strong>nobis</strong></span> 
     </span>
    </p>
   </div>
   <div class='ocr_carea' id='block_1_54' title="bbox 2122 2738 3683 2824">
    <p class='ocr_par' dir='ltr' id='par_1_54' title="bbox 2122 2738 3683 2816">
     <span class='ocr_line' id='line_1_54' title="bbox 2122 2738 3683 2816; baseline -0.006 -15"><span class='ocrx_word' id='word_1_378' title='bbox 2122 2751 2425 2803; x_wconf 81' lang='grc' dir='ltr'>ὶδιὰστατον</span> <span class='ocrx_word' id='word_1_379' title='bbox 2459 2749 2516 2800; x_wconf 77' lang='grc' dir='ltr'>ὲν</span> <span class='ocrx_word' id='word_1_380' title='bbox 2561 2746 2639 2816; x_wconf 85' lang='grc' dir='ltr'>τῷ</span> <span class='ocrx_word' id='word_1_381' title='bbox 2685 2745 2973 2815; x_wconf 82' lang='grc' dir='ltr'>ἀσυγχύτῳ</span> <span class='ocrx_word' id='word_1_382' title='bbox 3015 2743 3357 2812; x_wconf 80' lang='grc' dir='ltr'>ὑπογράφει,</span> <span class='ocrx_word' id='word_1_383' title='bbox 3400 2739 3498 2794; x_wconf 75' lang='grc' dir='ltr'>καὶ</span> <span class='ocrx_word' id='word_1_384' title='bbox 3527 2738 3683 2810; x_wconf 81' lang='grc' dir='ltr'>ἱεράν</span> 
     </span>
    </p>
   </div>
   <div class='ocr_carea' id='block_1_55' title="bbox 425 2829 2006 2906">
    <p class='ocr_par' dir='ltr' id='par_1_55' title="bbox 425 2829 2006 2906">
     <span class='ocr_line' id='line_1_55' title="bbox 425 2829 2006 2906; baseline 0.003 -18"><span class='ocrx_word' id='word_1_385' title='bbox 425 2837 664 2890; x_wconf 82' lang='lat' dir='ltr'><strong>delineat</strong></span> <span class='ocrx_word' id='word_1_386' title='bbox 709 2845 761 2890; x_wconf 86' lang='lat' dir='ltr'><strong>et</strong></span> <span class='ocrx_word' id='word_1_387' title='bbox 823 2852 1036 2891; x_wconf 72' lang='lat' dir='ltr'><strong>sacram</strong></span> <span class='ocrx_word' id='word_1_388' title='bbox 1085 2829 1380 2906; x_wconf 80' lang='lat' dir='ltr'><strong>quamdam</strong></span> <span class='ocrx_word' id='word_1_389' title='bbox 1446 2847 1648 2893; x_wconf 75' lang='lat' dir='ltr'><strong>nostra:</strong></span> <span class='ocrx_word' id='word_1_390' title='bbox 1693 2837 2006 2906; x_wconf 69' lang='lat' dir='ltr'><strong>Tlteologia:</strong></span> 
     </span>
    </p>
   </div>
   <div class='ocr_carea' id='block_1_56' title="bbox 426 2927 2005 2999">
    <p class='ocr_par' dir='ltr' id='par_1_56' title="bbox 426 2927 2005 2999">
     <span class='ocr_line' id='line_1_56' title="bbox 426 2927 2005 2999; baseline 0.003 -19"><span class='ocrx_word' id='word_1_391' title='bbox 426 2928 607 2981; x_wconf 81' lang='lat' dir='ltr'><strong>ideam</strong></span> <span class='ocrx_word' id='word_1_392' title='bbox 643 2927 788 2981; x_wconf 88' lang='lat' dir='ltr'><strong>velut</strong></span> <span class='ocrx_word' id='word_1_393' title='bbox 817 2927 870 2980; x_wconf 93' lang='lat' dir='ltr'><strong>in</strong></span> <span class='ocrx_word' id='word_1_394' title='bbox 906 2928 1129 2997; x_wconf 85' lang='lat' dir='ltr'><strong>speculo</strong></span> <span class='ocrx_word' id='word_1_395' title='bbox 1165 2928 1385 2982; x_wconf 78' lang='lat' dir='ltr'><strong>exhibet</strong></span> <span class='ocrx_word' id='word_1_396' title='bbox 1411 2967 1425 2990; x_wconf 92' lang='lat'><strong>,</strong></span> <span class='ocrx_word' id='word_1_397' title='bbox 1477 2943 1572 2998; x_wconf 86' lang='lat' dir='ltr'><strong>per</strong></span> <span class='ocrx_word' id='word_1_398' title='bbox 1629 2930 1775 2984; x_wconf 89' lang='lat' dir='ltr'><strong>hunc</strong></span> <span class='ocrx_word' id='word_1_399' title='bbox 1824 2930 2005 2999; x_wconf 88' lang='lat' dir='ltr'><strong>potius</strong></span> 
     </span>
    </p>
   </div>
   <div class='ocr_carea' id='block_1_57' title="bbox 425 3019 2003 3091">
    <p class='ocr_par' dir='ltr' id='par_1_57' title="bbox 425 3019 2003 3091">
     <span class='ocr_line' id='line_1_57' title="bbox 425 3019 2003 3091; baseline 0.002 -19"><span class='ocrx_word' id='word_1_400' title='bbox 425 3034 591 3087; x_wconf 88' lang='lat' dir='ltr'><strong>quam</strong></span> <span class='ocrx_word' id='word_1_401' title='bbox 648 3034 744 3087; x_wconf 91' lang='lat' dir='ltr'><strong>per</strong></span> <span class='ocrx_word' id='word_1_402' title='bbox 797 3019 964 3073; x_wconf 88' lang='lat' dir='ltr'><strong>alium</strong></span> <span class='ocrx_word' id='word_1_403' title='bbox 1016 3021 1326 3088; x_wconf 81' lang='lat' dir='ltr'><strong>quempiam</strong></span> <span class='ocrx_word' id='word_1_404' title='bbox 1359 3035 1648 3075; x_wconf 91' lang='lat' dir='ltr'><strong>numerum</strong></span> <span class='ocrx_word' id='word_1_405' title='bbox 1681 3022 2003 3091; x_wconf 81' lang='lat' dir='ltr'><strong>explicatam</strong></span> 
     </span>
    </p>
   </div>
   <div class='ocr_carea' id='block_1_58' title="bbox 425 3109 2006 3186">
    <p class='ocr_par' dir='ltr' id='par_1_58' title="bbox 425 3109 2006 3186">
     <span class='ocr_line' id='line_1_58' title="bbox 425 3109 2006 3186; baseline 0.004 -23"><span class='ocrx_word' id='word_1_406' title='bbox 425 3110 607 3164; x_wconf 74' lang='lat' dir='ltr'><strong>Tritia:</strong></span> <span class='ocrx_word' id='word_1_407' title='bbox 631 3114 911 3178; x_wconf 72' lang='lat' dir='ltr'><strong>unicaeque</strong></span> <span class='ocrx_word' id='word_1_408' title='bbox 931 3109 1158 3168; x_wconf 86' lang='lat' dir='ltr'><strong>Deitatis</strong></span> <span class='ocrx_word' id='word_1_409' title='bbox 1181 3111 1536 3186; x_wconf 78' lang='lat' dir='ltr'><strong>Theologiam</strong></span> <span class='ocrx_word' id='word_1_410' title='bbox 1558 3115 1784 3171; x_wconf 80' lang='lat' dir='ltr'><strong>cdocerc</strong></span> <span class='ocrx_word' id='word_1_411' title='bbox 1810 3117 2006 3170; x_wconf 89' lang='lat' dir='ltr'><strong>merito</strong></span> 
     </span>
    </p>
   </div>
   <div class='ocr_carea' id='block_1_59' title="bbox 425 3200 2002 3279">
    <p class='ocr_par' dir='ltr' id='par_1_59' title="bbox 425 3200 2002 3279">
     <span class='ocr_line' id='line_1_59' title="bbox 425 3200 2002 3279; baseline 0.003 -22"><span class='ocrx_word' id='word_1_412' title='bbox 425 3201 636 3257; x_wconf 89' lang='lat' dir='ltr'><strong>studuit</strong></span> <span class='ocrx_word' id='word_1_413' title='bbox 667 3200 920 3259; x_wconf 77' lang='lat' dir='ltr'><strong>Ecclesia:</strong></span> <span class='ocrx_word' id='word_1_414' title='bbox 971 3221 1092 3274; x_wconf 72' lang='lat' dir='ltr'><strong>qua:</strong></span> <span class='ocrx_word' id='word_1_415' title='bbox 1121 3207 1296 3261; x_wconf 88' lang='lat' dir='ltr'><strong>sacris</strong></span> <span class='ocrx_word' id='word_1_416' title='bbox 1331 3223 1430 3260; x_wconf 85' lang='lat' dir='ltr'><strong>nos</strong></span> <span class='ocrx_word' id='word_1_417' title='bbox 1477 3209 1752 3279; x_wconf 85' lang='lat' dir='ltr'><strong>mysteriis</strong></span> <span class='ocrx_word' id='word_1_418' title='bbox 1803 3207 2002 3275; x_wconf 86' lang='lat' dir='ltr'><strong>initiat,</strong></span> 
     </span>
    </p>
   </div>
   <div class='ocr_carea' id='block_1_60' title="bbox 422 3294 716 3361">
    <p class='ocr_par' dir='ltr' id='par_1_60' title="bbox 422 3294 716 3361">
     <span class='ocr_line' id='line_1_60' title="bbox 422 3294 716 3361; baseline 0 -15"><span class='ocrx_word' id='word_1_419' title='bbox 422 3294 716 3361; x_wconf 85' lang='lat' dir='ltr'><strong>judicium.</strong></span> 
     </span>
    </p>
   </div>
   <div class='ocr_carea' id='block_1_61' title="bbox 496 3385 2007 3458">
    <p class='ocr_par' dir='ltr' id='par_1_61' title="bbox 496 3385 2007 3458">
     <span class='ocr_line' id='line_1_61' title="bbox 496 3385 2007 3458; baseline 0.005 -21"><span class='ocrx_word' id='word_1_420' title='bbox 496 3387 565 3440; x_wconf 92' lang='lat' dir='ltr'><strong>At</strong></span> <span class='ocrx_word' id='word_1_421' title='bbox 594 3385 737 3438; x_wconf 88' lang='lat' dir='ltr'><strong>enim</strong></span> <span class='ocrx_word' id='word_1_422' title='bbox 770 3385 901 3438; x_wconf 90' lang='lat' dir='ltr'><strong>illud</strong></span> <span class='ocrx_word' id='word_1_423' title='bbox 927 3401 1146 3455; x_wconf 87' lang='lat' dir='ltr'><strong>quoque</strong></span> <span class='ocrx_word' id='word_1_424' title='bbox 1170 3387 1614 3444; x_wconf 87' lang='lat' dir='ltr'><strong>manudnctionis</strong></span> <span class='ocrx_word' id='word_1_425' title='bbox 1643 3390 1816 3443; x_wconf 89' lang='lat' dir='ltr'><strong>instar</strong></span> <span class='ocrx_word' id='word_1_426' title='bbox 1846 3404 2007 3458; x_wconf 82' lang='lat' dir='ltr'><strong>Opor-</strong></span> 
     </span>
    </p>
   </div>
   <div class='ocr_carea' id='block_1_62' title="bbox 428 3481 2007 3555">
    <p class='ocr_par' dir='ltr' id='par_1_62' title="bbox 428 3481 2007 3555">
     <span class='ocr_line' id='line_1_62' title="bbox 428 3481 2007 3555; baseline 0.006 -23"><span class='ocrx_word' id='word_1_427' title='bbox 428 3487 504 3534; x_wconf 91' lang='lat' dir='ltr'><strong>tet</strong></span> <span class='ocrx_word' id='word_1_428' title='bbox 533 3489 591 3532; x_wconf 95' lang='lat' dir='ltr'><strong>ut</strong></span> <span class='ocrx_word' id='word_1_429' title='bbox 629 3491 877 3534; x_wconf 88' lang='lat' dir='ltr'><strong>assumat</strong></span> <span class='ocrx_word' id='word_1_430' title='bbox 913 3481 979 3543; x_wconf 91' lang='lat' dir='ltr'><strong>is,</strong></span> <span class='ocrx_word' id='word_1_431' title='bbox 1017 3481 1112 3550; x_wconf 90' lang='lat' dir='ltr'><strong>qui</strong></span> <span class='ocrx_word' id='word_1_432' title='bbox 1146 3485 1378 3537; x_wconf 70' lang='lat' dir='ltr'><strong>voluerit</strong></span> <span class='ocrx_word' id='word_1_433' title='bbox 1415 3486 1718 3555; x_wconf 79' lang='lat' dir='ltr'><strong>intelligere</strong></span> <span class='ocrx_word' id='word_1_434' title='bbox 1748 3501 1847 3540; x_wconf 91' lang='lat' dir='ltr'><strong>cur</strong></span> <span class='ocrx_word' id='word_1_435' title='bbox 1878 3503 2007 3541; x_wconf 86' lang='lat' dir='ltr'><strong>san-</strong></span> 
     </span>
    </p>
   </div>
   <div class='ocr_carea' id='block_1_63' title="bbox 425 3571 2021 3647">
    <p class='ocr_par' dir='ltr' id='par_1_63' title="bbox 425 3571 2021 3647">
     <span class='ocr_line' id='line_1_63' title="bbox 425 3571 2021 3647; baseline 0.003 -21"><span class='ocrx_word' id='word_1_436' title='bbox 425 3581 510 3627; x_wconf 90' lang='lat' dir='ltr'><strong>cta</strong></span> <span class='ocrx_word' id='word_1_437' title='bbox 544 3571 785 3625; x_wconf 86' lang='lat' dir='ltr'><strong>Trinitas</strong></span> <span class='ocrx_word' id='word_1_438' title='bbox 827 3587 1003 3640; x_wconf 89' lang='lat' dir='ltr'><strong>neque</strong></span> <span class='ocrx_word' id='word_1_439' title='bbox 1037 3574 1388 3644; x_wconf 90' lang='lat' dir='ltr'><strong>multiplicari</strong></span> <span class='ocrx_word' id='word_1_440' title='bbox 1429 3576 1664 3645; x_wconf 87' lang='lat' dir='ltr'><strong>amplius</strong></span> <span class='ocrx_word' id='word_1_441' title='bbox 1697 3591 1875 3647; x_wconf 87' lang='lat' dir='ltr'><strong>neque</strong></span> <span class='ocrx_word' id='word_1_442' title='bbox 1919 3578 2021 3631; x_wconf 87' lang='lat' dir='ltr'><strong>in--</strong></span> 
     </span>
    </p>
   </div>
   <div class='ocr_carea' id='block_1_64' title="bbox 426 3663 2004 3739">
    <p class='ocr_par' dir='ltr' id='par_1_64' title="bbox 426 3663 2004 3739">
     <span class='ocr_line' id='line_1_64' title="bbox 426 3663 2004 3739; baseline 0.004 -23"><span class='ocrx_word' id='word_1_443' title='bbox 426 3663 737 3717; x_wconf 88' lang='lat' dir='ltr'><strong>novationis</strong></span> <span class='ocrx_word' id='word_1_444' title='bbox 754 3663 1032 3732; x_wconf 87' lang='lat' dir='ltr'><strong>quidpiam</strong></span> <span class='ocrx_word' id='word_1_445' title='bbox 1059 3667 1232 3732; x_wconf 84' lang='lat' dir='ltr'><strong>possit</strong></span> <span class='ocrx_word' id='word_1_446' title='bbox 1262 3667 1395 3722; x_wconf 82' lang='lat' dir='ltr'><strong>inse</strong></span> <span class='ocrx_word' id='word_1_447' title='bbox 1418 3668 1675 3736; x_wconf 88' lang='lat' dir='ltr'><strong>recipere.</strong></span> <span class='ocrx_word' id='word_1_448' title='bbox 1711 3667 1820 3724; x_wconf 30' lang='lat' dir='ltr'><strong>l‘loc</strong></span> <span class='ocrx_word' id='word_1_449' title='bbox 1842 3685 2004 3739; x_wconf 91' lang='lat' dir='ltr'><strong>porro</strong></span> 
     </span>
    </p>
   </div>
   <div class='ocr_carea' id='block_1_65' title="bbox 426 3753 2004 3828">
    <p class='ocr_par' dir='ltr' id='par_1_65' title="bbox 426 3753 2004 3828">
     <span class='ocr_line' id='line_1_65' title="bbox 426 3753 2004 3828; baseline 0.005 -22"><span class='ocrx_word' id='word_1_450' title='bbox 426 3753 736 3822; x_wconf 69' lang='lat' dir='ltr'><strong>cujusmodi</strong></span> <span class='ocrx_word' id='word_1_451' title='bbox 763 3756 885 3809; x_wconf 83' lang='lat' dir='ltr'><strong>est?</strong></span> <span class='ocrx_word' id='word_1_452' title='bbox 911 3753 1365 3824; x_wconf 85' lang='lat' dir='ltr'><strong>Quandoquidem</strong></span> <span class='ocrx_word' id='word_1_453' title='bbox 1399 3773 1587 3812; x_wconf 89' lang='lat' dir='ltr'><strong>eorum</strong></span> <span class='ocrx_word' id='word_1_454' title='bbox 1632 3774 1754 3828; x_wconf 65' lang='lat' dir='ltr'><strong>qum</strong></span> <span class='ocrx_word' id='word_1_455' title='bbox 1799 3775 1865 3813; x_wconf 83' lang='lat' dir='ltr'><strong>ex</strong></span> <span class='ocrx_word' id='word_1_456' title='bbox 1898 3776 2004 3815; x_wconf 92' lang='lat' dir='ltr'><strong>non</strong></span> 
     </span>
    </p>
   </div>
   <div class='ocr_carea' id='block_1_66' title="bbox 425 3843 2006 3914">
    <p class='ocr_par' dir='ltr' id='par_1_66' title="bbox 425 3843 2006 3914">
     <span class='ocr_line' id='line_1_66' title="bbox 425 3843 2006 3914; baseline 0.004 -19"><span class='ocrx_word' id='word_1_457' title='bbox 425 3843 769 3896; x_wconf 65' lang='lat' dir='ltr'><strong>esstantibus</strong></span> <span class='ocrx_word' id='word_1_458' title='bbox 801 3843 865 3896; x_wconf 91' lang='lat' dir='ltr'><strong>ad</strong></span> <span class='ocrx_word' id='word_1_459' title='bbox 893 3843 1274 3898; x_wconf 88' lang='lat' dir='ltr'><strong>exsistentiam</strong></span> <span class='ocrx_word' id='word_1_460' title='bbox 1313 3847 1574 3914; x_wconf 86' lang='lat' dir='ltr'><strong>producta</strong></span> <span class='ocrx_word' id='word_1_461' title='bbox 1609 3857 1767 3913; x_wconf 87' lang='lat' dir='ltr'><strong>sunt,</strong></span> <span class='ocrx_word' id='word_1_462' title='bbox 1803 3865 2006 3902; x_wconf 79' lang='lat' dir='ltr'><strong>unum-</strong></span> 
     </span>
    </p>
   </div>
   <div class='ocr_carea' id='block_1_67' title="bbox 427 3935 2004 4004">
    <p class='ocr_par' dir='ltr' id='par_1_67' title="bbox 427 3935 2004 4004">
     <span class='ocr_line' id='line_1_67' title="bbox 427 3935 2004 4004; baseline 0.007 -18"><span class='ocrx_word' id='word_1_463' title='bbox 427 3935 682 4004; x_wconf 87' lang='lat' dir='ltr'><strong>quodque</strong></span> <span class='ocrx_word' id='word_1_464' title='bbox 716 3936 939 3989; x_wconf 87' lang='lat' dir='ltr'><strong>materia</strong></span> <span class='ocrx_word' id='word_1_465' title='bbox 965 3944 1183 3992; x_wconf 86' lang='lat' dir='ltr'><strong>constat</strong></span> <span class='ocrx_word' id='word_1_466' title='bbox 1221 3947 1275 3992; x_wconf 89' lang='lat' dir='ltr'><strong>et</strong></span> <span class='ocrx_word' id='word_1_467' title='bbox 1317 3937 1511 4003; x_wconf 81' lang='lat' dir='ltr'><strong>forma,</strong></span> <span class='ocrx_word' id='word_1_468' title='bbox 1549 3940 1627 3994; x_wconf 84' lang='lat' dir='ltr'><strong>vel</strong></span> <span class='ocrx_word' id='word_1_469' title='bbox 1671 3942 1861 3995; x_wconf 89' lang='lat' dir='ltr'><strong>saltem</strong></span> <span class='ocrx_word' id='word_1_470' title='bbox 1892 3942 2004 3998; x_wconf 88' lang='lat' dir='ltr'><strong>ele-</strong></span> 
     </span>
    </p>
   </div>
   <div class='ocr_carea' id='block_1_68' title="bbox 429 4027 2004 4103">
    <p class='ocr_par' dir='ltr' id='par_1_68' title="bbox 429 4027 2004 4103">
     <span class='ocr_line' id='line_1_68' title="bbox 429 4027 2004 4103; baseline 0.007 -23"><span class='ocrx_word' id='word_1_471' title='bbox 429 4029 662 4081; x_wconf 89' lang='lat' dir='ltr'><strong>mentari</strong></span> <span class='ocrx_word' id='word_1_472' title='bbox 695 4027 878 4098; x_wconf 88' lang='lat' dir='ltr'><strong>aliqua</strong></span> <span class='ocrx_word' id='word_1_473' title='bbox 910 4030 1196 4094; x_wconf 83' lang='lat' dir='ltr'><strong>dualitate,</strong></span> <span class='ocrx_word' id='word_1_474' title='bbox 1231 4048 1373 4101; x_wconf 76' lang='lat' dir='ltr'><strong>qttze,</strong></span> <span class='ocrx_word' id='word_1_475' title='bbox 1405 4034 1699 4103; x_wconf 85' lang='lat' dir='ltr'><strong>quamdam</strong></span> <span class='ocrx_word' id='word_1_476' title='bbox 1729 4051 1853 4090; x_wconf 89' lang='lat' dir='ltr'><strong>eum</strong></span> <span class='ocrx_word' id='word_1_477' title='bbox 1889 4053 2004 4090; x_wconf 85' lang='lat' dir='ltr'><strong>ma-</strong></span> 
     </span>
    </p>
   </div>
   <div class='ocr_carea' id='block_1_69' title="bbox 2108 2830 3683 2908">
    <p class='ocr_par' dir='ltr' id='par_1_69' title="bbox 2108 2830 3683 2908">
     <span class='ocr_line' id='line_1_69' title="bbox 2108 2830 3683 2908; baseline -0.008 -16"><span class='ocrx_word' id='word_1_478' title='bbox 2108 2857 2228 2892; x_wconf 90' lang='grc' dir='ltr'>τινα</span> <span class='ocrx_word' id='word_1_479' title='bbox 2263 2838 2564 2907; x_wconf 83' lang='grc' dir='ltr'>φαντασίαν</span> <span class='ocrx_word' id='word_1_480' title='bbox 2595 2838 2694 2907; x_wconf 86' lang='grc' dir='ltr'>τῆς</span> <span class='ocrx_word' id='word_1_481' title='bbox 2720 2837 2875 2908; x_wconf 77' lang='grc' dir='ltr'>ἡμῶν</span> <span class='ocrx_word' id='word_1_482' title='bbox 2910 2834 3187 2902; x_wconf 83' lang='grc' dir='ltr'>Θεολογίας</span> <span class='ocrx_word' id='word_1_483' title='bbox 3217 2831 3580 2902; x_wconf 77' lang='grc' dir='ltr'>ὲνοπτρὶζειο,</span> <span class='ocrx_word' id='word_1_484' title='bbox 3606 2830 3683 2880; x_wconf 82' lang='grc' dir='ltr'>εί·</span> 
     </span>
    </p>
   </div>
   <div class='ocr_carea' id='block_1_70' title="bbox 2107 2923 3685 3001">
    <p class='ocr_par' dir='ltr' id='par_1_70' title="bbox 2107 2923 3685 3001">
     <span class='ocr_line' id='line_1_70' title="bbox 2107 2923 3685 3001; baseline -0.006 -15"><span class='ocrx_word' id='word_1_485' title='bbox 2107 2934 2279 2997; x_wconf 89' lang='grc' dir='ltr'>κότως</span> <span class='ocrx_word' id='word_1_486' title='bbox 2308 2931 2700 3001; x_wconf 73' lang='grc' dir='ltr'>ἐφιλοσόφησεν</span> <span class='ocrx_word' id='word_1_487' title='bbox 2745 2932 2778 3000; x_wconf 88' lang='grc' dir='ltr'>ή</span> <span class='ocrx_word' id='word_1_488' title='bbox 2809 2928 3168 2999; x_wconf 76' lang='grc' dir='ltr'>μυσταγωγὸς</span> <span class='ocrx_word' id='word_1_489' title='bbox 3203 2928 3303 2996; x_wconf 75' lang='grc' dir='ltr'>τῆς</span> <span class='ocrx_word' id='word_1_490' title='bbox 3358 2923 3685 2994; x_wconf 82' lang='grc' dir='ltr'>Ἐκκλησίας</span> 
     </span>
    </p>
   </div>
   <div class='ocr_carea' id='block_1_71' title="bbox 2109 3016 3688 3098">
    <p class='ocr_par' dir='ltr' id='par_1_71' title="bbox 2109 3016 3688 3098">
     <span class='ocr_line' id='line_1_71' title="bbox 2109 3016 3688 3098; baseline -0.008 -18"><span class='ocrx_word' id='word_1_491' title='bbox 2109 3028 2283 3098; x_wconf 80' lang='grc' dir='ltr'>χρίσις</span> <span class='ocrx_word' id='word_1_492' title='bbox 2311 3032 2357 3090; x_wconf 79' lang='lat' dir='ltr'><strong>P,</strong></span> <span class='ocrx_word' id='word_1_493' title='bbox 2390 3026 2458 3077; x_wconf 78' lang='grc' dir='ltr'>δι’</span> <span class='ocrx_word' id='word_1_494' title='bbox 2498 3024 2708 3078; x_wconf 80' lang='grc' dir='ltr'>ἐκείνου</span> <span class='ocrx_word' id='word_1_495' title='bbox 2740 3023 2940 3092; x_wconf 72' lang='grc' dir='ltr'>μᾶλλον</span> <span class='ocrx_word' id='word_1_496' title='bbox 2972 3020 3004 3092; x_wconf 77' lang='grc' dir='ltr'>ἢ</span> <span class='ocrx_word' id='word_1_497' title='bbox 3047 3019 3114 3074; x_wconf 85' lang='grc' dir='ltr'>δι’</span> <span class='ocrx_word' id='word_1_498' title='bbox 3147 3017 3334 3088; x_wconf 73' lang='grc' dir='ltr'>ἑτέρου</span> <span class='ocrx_word' id='word_1_499' title='bbox 3368 3016 3508 3079; x_wconf 74' lang='grc' dir='ltr'>τινος</span> <span class='ocrx_word' id='word_1_500' title='bbox 3549 3017 3688 3086; x_wconf 73' lang='grc' dir='ltr'>ἀρι-</span> 
     </span>
    </p>
   </div>
   <div class='ocr_carea' id='block_1_72' title="bbox 2107 3111 3687 3192">
    <p class='ocr_par' dir='ltr' id='par_1_72' title="bbox 2107 3111 3687 3192">
     <span class='ocr_line' id='line_1_72' title="bbox 2107 3111 3687 3192; baseline -0.008 -17"><span class='ocrx_word' id='word_1_501' title='bbox 2107 3119 2244 3192; x_wconf 76' lang='grc' dir='ltr'>θμοῦ</span> <span class='ocrx_word' id='word_1_502' title='bbox 2279 3121 2376 3191; x_wconf 78' lang='grc' dir='ltr'><strong>τὴν</strong></span> <span class='ocrx_word' id='word_1_503' title='bbox 2407 3123 2434 3170; x_wconf 70' lang='lat' dir='ltr'><strong>q</strong></span> <span class='ocrx_word' id='word_1_504' title='bbox 2473 3115 2888 3190; x_wconf 76' lang='grc' dir='ltr'>ἁναπλουμένην</span> <span class='ocrx_word' id='word_1_505' title='bbox 2929 3113 3030 3185; x_wconf 80' lang='grc' dir='ltr'>τῆς</span> <span class='ocrx_word' id='word_1_506' title='bbox 3066 3113 3352 3185; x_wconf 78' lang='grc' dir='ltr'>τριαδικῆς</span> <span class='ocrx_word' id='word_1_507' title='bbox 3383 3111 3687 3182; x_wconf 81' lang='grc' dir='ltr'>μοναρχίας</span> 
     </span>
    </p>
   </div>
   <div class='ocr_carea' id='block_1_73' title="bbox 2107 3218 2462 3271">
    <p class='ocr_par' dir='ltr' id='par_1_73' title="bbox 2107 3218 2462 3271">
     <span class='ocr_line' id='line_1_73' title="bbox 2107 3218 2462 3271; baseline 0 -1"><span class='ocrx_word' id='word_1_508' title='bbox 2107 3218 2462 3271; x_wconf 71' lang='grc' dir='ltr'>ἐκδιδάσκειν.</span> 
     </span>
    </p>
   </div>
   <div class='ocr_carea' id='block_1_74' title="bbox 2195 3393 3691 3469">
    <p class='ocr_par' dir='ltr' id='par_1_74' title="bbox 2195 3393 3691 3469">
     <span class='ocr_line' id='line_1_74' title="bbox 2195 3393 3691 3469; baseline -0.005 -17"><span class='ocrx_word' id='word_1_509' title='bbox 2195 3399 2354 3452; x_wconf 83' lang='grc' dir='ltr'>Ἀλλά</span> <span class='ocrx_word' id='word_1_510' title='bbox 2386 3399 2494 3469; x_wconf 72' lang='grc' dir='ltr'><strong>γὰρ</strong></span> <span class='ocrx_word' id='word_1_511' title='bbox 2543 3395 2624 3451; x_wconf 76' lang='grc' dir='ltr'><strong>δεῖ</strong></span> <span class='ocrx_word' id='word_1_512' title='bbox 2666 3399 2891 3453; x_wconf 76' lang='grc' dir='ltr'>κάκεῖνο</span> <span class='ocrx_word' id='word_1_513' title='bbox 2937 3393 3122 3448; x_wconf 73' lang='grc' dir='ltr'>λαϐεῖν</span> <span class='ocrx_word' id='word_1_514' title='bbox 3163 3395 3532 3465; x_wconf 62' lang='grc' dir='ltr'>χειραγωγίαν</span> <span class='ocrx_word' id='word_1_515' title='bbox 3561 3405 3691 3444; x_wconf 65' lang='lat' dir='ltr'><strong>eco-</strong></span> 
     </span>
    </p>
   </div>
   <div class='ocr_carea' id='block_1_75' title="bbox 2111 3484 3692 3562">
    <p class='ocr_par' dir='ltr' id='par_1_75' title="bbox 2111 3484 3692 3562">
     <span class='ocr_line' id='line_1_75' title="bbox 2111 3484 3692 3562; baseline -0.006 -18"><span class='ocrx_word' id='word_1_516' title='bbox 2111 3509 2271 3562; x_wconf 90' lang='grc' dir='ltr'>μενον</span> <span class='ocrx_word' id='word_1_517' title='bbox 2314 3492 2394 3551; x_wconf 88' lang='grc' dir='ltr'><strong>είς</strong></span> <span class='ocrx_word' id='word_1_518' title='bbox 2425 3491 2486 3543; x_wconf 86' lang='grc' dir='ltr'><strong>τὸ</strong></span> <span class='ocrx_word' id='word_1_519' title='bbox 2531 3493 2816 3544; x_wconf 84' lang='grc' dir='ltr'>κατανοεῖν</span> <span class='ocrx_word' id='word_1_520' title='bbox 2850 3491 2910 3541; x_wconf 83' lang='grc' dir='ltr'>τὸ</span> <span class='ocrx_word' id='word_1_521' title='bbox 2949 3491 3052 3556; x_wconf 82' lang='grc' dir='ltr'><strong>τῆς</strong></span> <span class='ocrx_word' id='word_1_522' title='bbox 3079 3487 3309 3558; x_wconf 79' lang='grc' dir='ltr'>Τριάδος</span> <span class='ocrx_word' id='word_1_523' title='bbox 3344 3484 3692 3555; x_wconf 71' lang='grc' dir='ltr'>ἀπλήθνντὸν</span> 
     </span>
    </p>
   </div>
   <div class='ocr_carea' id='block_1_76' title="bbox 2105 3579 3691 3652">
    <p class='ocr_par' dir='ltr' id='par_1_76' title="bbox 2105 3579 3691 3652">
     <span class='ocr_line' id='line_1_76' title="bbox 2105 3579 3691 3652; baseline -0.006 -15"><span class='ocrx_word' id='word_1_524' title='bbox 2105 3599 2164 3637; x_wconf 87' lang='grc' dir='ltr'><strong>τε</strong></span> <span class='ocrx_word' id='word_1_525' title='bbox 2186 3584 2280 3636; x_wconf 73' lang='grc' dir='ltr'><strong>καὶ</strong></span> <span class='ocrx_word' id='word_1_526' title='bbox 2302 3583 2700 3652; x_wconf 84' lang='grc' dir='ltr'>ἁκενοτόμητον</span> <span class='ocrx_word' id='word_1_527' title='bbox 2722 3586 2744 3618; x_wconf 60' lang='grc'><strong>⁸</strong></span> <span class='ocrx_word' id='word_1_528' title='bbox 2765 3597 2780 3613; x_wconf 72' lang='grc'>⁸</span> <span class='ocrx_word' id='word_1_529' title='bbox 2811 3585 2961 3635; x_wconf 85' lang='grc' dir='ltr'>ποῖον</span> <span class='ocrx_word' id='word_1_530' title='bbox 2991 3579 3054 3652; x_wconf 82' lang='grc' dir='ltr'>δὴ</span> <span class='ocrx_word' id='word_1_531' title='bbox 3075 3579 3252 3645; x_wconf 81' lang='grc' dir='ltr'>τοῦτο,</span> <span class='ocrx_word' id='word_1_532' title='bbox 3271 3579 3304 3648; x_wconf 86' lang='grc' dir='ltr'>ἢ</span> <span class='ocrx_word' id='word_1_533' title='bbox 3335 3581 3381 3632; x_wconf 88' lang='grc' dir='ltr'>εἰ</span> <span class='ocrx_word' id='word_1_534' title='bbox 3403 3587 3424 3616; x_wconf 75' lang='grc'><strong>³</strong></span> <span class='ocrx_word' id='word_1_535' title='bbox 3453 3581 3691 3632; x_wconf 74' lang='grc' dir='ltr'>ἕκαστον</span> 
     </span>
    </p>
   </div>
   <div class='ocr_carea' id='block_1_77' title="bbox 2105 3669 3692 3748">
    <p class='ocr_par' dir='ltr' id='par_1_77' title="bbox 2105 3669 3692 3748">
     <span class='ocr_line' id='line_1_77' title="bbox 2105 3669 3692 3748; baseline -0.003 -16"><span class='ocrx_word' id='word_1_536' title='bbox 2105 3678 2213 3732; x_wconf 82' lang='grc' dir='ltr'><strong>τῶν</strong></span> <span class='ocrx_word' id='word_1_537' title='bbox 2246 3677 2311 3731; x_wconf 82' lang='grc' dir='ltr'>ὲκ</span> <span class='ocrx_word' id='word_1_538' title='bbox 2353 3676 2446 3730; x_wconf 79' lang='grc' dir='ltr'>τοῦ</span> <span class='ocrx_word' id='word_1_539' title='bbox 2481 3675 2554 3748; x_wconf 84' lang='grc' dir='ltr'>μὴ</span> <span class='ocrx_word' id='word_1_540' title='bbox 2595 3677 2744 3739; x_wconf 75' lang='grc' dir='ltr'>ὄντος</span> <span class='ocrx_word' id='word_1_541' title='bbox 2788 3677 2866 3739; x_wconf 85' lang='grc' dir='ltr'><strong>είς</strong></span> <span class='ocrx_word' id='word_1_542' title='bbox 2909 3676 2970 3727; x_wconf 82' lang='grc' dir='ltr'>τὸ</span> <span class='ocrx_word' id='word_1_543' title='bbox 3011 3669 3149 3728; x_wconf 82' lang='grc' dir='ltr'>εἶναι</span> <span class='ocrx_word' id='word_1_544' title='bbox 3197 3673 3590 3744; x_wconf 80' lang='grc' dir='ltr'>παραχθέντων</span> <span class='ocrx_word' id='word_1_545' title='bbox 3626 3673 3692 3739; x_wconf 78' lang='grc' dir='ltr'><strong>ἐξ</strong></span> 
     </span>
    </p>
   </div>
   <div class='ocr_carea' id='block_1_78' title="bbox 2108 3763 3698 3835">
    <p class='ocr_par' dir='ltr' id='par_1_78' title="bbox 2108 3763 3698 3835">
     <span class='ocr_line' id='line_1_78' title="bbox 2108 3763 3698 3835; baseline -0.001 -17"><span class='ocrx_word' id='word_1_546' title='bbox 2108 3764 2239 3835; x_wconf 80' lang='grc' dir='ltr'>ὕλης</span> <span class='ocrx_word' id='word_1_547' title='bbox 2271 3764 2388 3818; x_wconf 77' lang='grc' dir='ltr'>ἐστὶ</span> <span class='ocrx_word' id='word_1_548' title='bbox 2421 3763 2515 3818; x_wconf 77' lang='grc' dir='ltr'>καὶ</span> <span class='ocrx_word' id='word_1_549' title='bbox 2558 3763 2764 3828; x_wconf 79' lang='grc' dir='ltr'>εἴδους,</span> <span class='ocrx_word' id='word_1_550' title='bbox 2872 3765 2927 3830; x_wconf 77' lang='grc' dir='ltr'>ἐξ</span> <span class='ocrx_word' id='word_1_551' title='bbox 2968 3763 3339 3833; x_wconf 78' lang='grc' dir='ltr'>ἀναλογούσης</span> <span class='ocrx_word' id='word_1_552' title='bbox 3367 3780 3429 3832; x_wconf 85' lang='grc' dir='ltr'>γε</span> <span class='ocrx_word' id='word_1_553' title='bbox 3464 3763 3698 3828; x_wconf 76' lang='grc' dir='ltr'>πάντως</span> 
     </span>
    </p>
   </div>
   <div class='ocr_carea' id='block_1_79' title="bbox 2107 3856 3698 3929">
    <p class='ocr_par' dir='ltr' id='par_1_79' title="bbox 2107 3856 3698 3929">
     <span class='ocr_line' id='line_1_79' title="bbox 2107 3856 3698 3929; baseline -0.001 -18"><span class='ocrx_word' id='word_1_554' title='bbox 2107 3859 2205 3929; x_wconf 78' lang='grc' dir='ltr'>ὕλῃ</span> <span class='ocrx_word' id='word_1_555' title='bbox 2229 3859 2326 3913; x_wconf 71' lang='grc' dir='ltr'><strong>καὶ</strong></span> <span class='ocrx_word' id='word_1_556' title='bbox 2347 3857 2476 3911; x_wconf 78' lang='grc' dir='ltr'>εῖδει</span> <span class='ocrx_word' id='word_1_557' title='bbox 2502 3857 2875 3927; x_wconf 80' lang='grc' dir='ltr'>στοιχειώδους</span> <span class='ocrx_word' id='word_1_558' title='bbox 2899 3857 3090 3920; x_wconf 76' lang='grc' dir='ltr'>δυάδος</span> <span class='ocrx_word' id='word_1_559' title='bbox 3115 3857 3413 3926; x_wconf 81' lang='grc' dir='ltr'>ἀναγκαῖον</span> <span class='ocrx_word' id='word_1_560' title='bbox 3437 3857 3534 3927; x_wconf 81' lang='grc' dir='ltr'>τῆς</span> <span class='ocrx_word' id='word_1_561' title='bbox 3555 3856 3698 3910; x_wconf 77' lang='grc' dir='ltr'>δυα-</span> 
     </span>
    </p>
   </div>
   <div class='ocr_carea' id='block_1_80' title="bbox 2104 3946 3698 4020">
    <p class='ocr_par' dir='ltr' id='par_1_80' title="bbox 2104 3946 3698 4020">
     <span class='ocr_line' id='line_1_80' title="bbox 2104 3946 3698 4020; baseline -0.002 -18"><span class='ocrx_word' id='word_1_562' title='bbox 2104 3948 2261 4020; x_wconf 80' lang='grc' dir='ltr'>δικῆς</span> <span class='ocrx_word' id='word_1_563' title='bbox 2317 3947 2766 4018; x_wconf 78' lang='grc' dir='ltr'>συναριθμήσεως</span> <span class='ocrx_word' id='word_1_564' title='bbox 2808 3947 2914 3999; x_wconf 86' lang='grc' dir='ltr'><strong>τῶν</strong></span> <span class='ocrx_word' id='word_1_565' title='bbox 2955 3947 3286 4015; x_wconf 78' lang='grc' dir='ltr'>κτησμάτων</span> <span class='ocrx_word' id='word_1_566' title='bbox 3314 3948 3332 3984; x_wconf 66' lang='grc' dir='ltr'>ί</span> <span class='ocrx_word' id='word_1_567' title='bbox 3366 3948 3460 4001; x_wconf 83' lang='grc' dir='ltr'>ἆτε</span> <span class='ocrx_word' id='word_1_568' title='bbox 3487 3946 3550 4016; x_wconf 80' lang='grc' dir='ltr'>δὴ</span> <span class='ocrx_word' id='word_1_569' title='bbox 3583 3965 3698 4015; x_wconf 78' lang='grc' dir='ltr'>χα-</span> 
     </span>
    </p>
   </div>
   <div class='ocr_carea' id='block_1_81' title="bbox 2110 4035 3699 4111">
    <p class='ocr_par' dir='ltr' id='par_1_81' title="bbox 2110 4035 3699 4111">
     <span class='ocr_line' id='line_1_81' title="bbox 2110 4035 3699 4111; baseline -0.001 -18"><span class='ocrx_word' id='word_1_570' title='bbox 2110 4037 2407 4111; x_wconf 77' lang='grc' dir='ltr'>μαιπετοῦς</span> <span class='ocrx_word' id='word_1_571' title='bbox 2441 4039 2535 4092; x_wconf 74' lang='grc' dir='ltr'><strong>καὶ</strong></span> <span class='ocrx_word' id='word_1_572' title='bbox 2572 4035 2840 4108; x_wconf 78' lang='grc' dir='ltr'>προσύλου</span> <span class='ocrx_word' id='word_1_573' title='bbox 2889 4036 2988 4106; x_wconf 80' lang='grc' dir='ltr'>τὴν</span> <span class='ocrx_word' id='word_1_574' title='bbox 3029 4036 3190 4091; x_wconf 82' lang='grc' dir='ltr'>ἆῦλον</span> <span class='ocrx_word' id='word_1_575' title='bbox 3229 4036 3324 4090; x_wconf 70' lang='grc' dir='ltr'><strong>καὶ</strong></span> <span class='ocrx_word' id='word_1_576' title='bbox 3360 4035 3699 4107; x_wconf 81' lang='grc' dir='ltr'>ὑπερούσιον</span> 
     </span>
    </p>
   </div>
   <div class='ocr_carea' id='block_1_82' title="bbox 430 4119 2006 4202">
    <p class='ocr_par' dir='ltr' id='par_1_82' title="bbox 430 4119 2006 4192">
     <span class='ocr_line' id='line_1_82' title="bbox 430 4119 2006 4192; baseline 0.006 -18"><span class='ocrx_word' id='word_1_577' title='bbox 430 4121 564 4174; x_wconf 85' lang='lat' dir='ltr'><strong>teria</strong></span> <span class='ocrx_word' id='word_1_578' title='bbox 593 4130 645 4173; x_wconf 89' lang='lat' dir='ltr'><strong>et</strong></span> <span class='ocrx_word' id='word_1_579' title='bbox 675 4119 846 4174; x_wconf 83' lang='lat' dir='ltr'><strong>forma</strong></span> <span class='ocrx_word' id='word_1_580' title='bbox 877 4124 1282 4192; x_wconf 90' lang='lat' dir='ltr'><strong>proportionem</strong></span> <span class='ocrx_word' id='word_1_581' title='bbox 1310 4125 1525 4189; x_wconf 85' lang='lat' dir='ltr'><strong>habeat,</strong></span> <span class='ocrx_word' id='word_1_582' title='bbox 1559 4143 1783 4182; x_wconf 89' lang='lat' dir='ltr'><strong>necesse</strong></span> <span class='ocrx_word' id='word_1_583' title='bbox 1819 4137 1902 4184; x_wconf 89' lang='lat' dir='ltr'><strong>est</strong></span> <span class='ocrx_word' id='word_1_584' title='bbox 1947 4139 2006 4184; x_wconf 92' lang='lat' dir='ltr'><strong>ut</strong></span> 
     </span>
    </p>
   </div>
   <div class='ocr_carea' id='block_1_83' title="bbox 2122 4119 3702 4202">
    <p class='ocr_par' dir='ltr' id='par_1_83' title="bbox 2122 4127 3702 4202">
     <span class='ocr_line' id='line_1_83' title="bbox 2122 4127 3702 4202; baseline -0.003 -18"><span class='ocrx_word' id='word_1_585' title='bbox 2122 4133 2206 4185; x_wconf 72' lang='grc' dir='ltr'><strong>καὶ</strong></span> <span class='ocrx_word' id='word_1_586' title='bbox 2253 4129 2585 4202; x_wconf 81' lang='grc' dir='ltr'>δημιουργὸν</span> <span class='ocrx_word' id='word_1_587' title='bbox 2641 4128 2795 4182; x_wconf 82' lang='grc' dir='ltr'>τοῦδε</span> <span class='ocrx_word' id='word_1_588' title='bbox 2840 4127 2933 4182; x_wconf 81' lang='grc' dir='ltr'>τοῦ</span> <span class='ocrx_word' id='word_1_589' title='bbox 2977 4128 3180 4190; x_wconf 84' lang='grc' dir='ltr'>παντὸς</span> <span class='ocrx_word' id='word_1_590' title='bbox 3217 4127 3377 4192; x_wconf 74' lang='grc' dir='ltr'>φύσιν</span> <span class='ocrx_word' id='word_1_591' title='bbox 3405 4128 3702 4197; x_wconf 76' lang='grc' dir='ltr'>ὑπεραναο</span> 
     </span>
    </p>
   </div>
   <div class='ocr_carea' id='block_1_84' title="bbox 427 4213 2005 4286">
    <p class='ocr_par' dir='ltr' id='par_1_84' title="bbox 427 4213 2005 4286">
     <span class='ocr_line' id='line_1_84' title="bbox 427 4213 2005 4286; baseline 0.006 -20"><span class='ocrx_word' id='word_1_592' title='bbox 427 4213 700 4266; x_wconf 84' lang='lat' dir='ltr'><strong>binarium</strong></span> <span class='ocrx_word' id='word_1_593' title='bbox 734 4214 886 4267; x_wconf 92' lang='lat' dir='ltr'><strong>illum</strong></span> <span class='ocrx_word' id='word_1_594' title='bbox 925 4214 1016 4284; x_wconf 87' lang='lat' dir='ltr'><strong>qui</strong></span> <span class='ocrx_word' id='word_1_595' title='bbox 1065 4217 1332 4284; x_wconf 73' lang='lat' dir='ltr'><strong>creaturis</strong></span> <span class='ocrx_word' id='word_1_596' title='bbox 1380 4219 1678 4286; x_wconf 82' lang='lat' dir='ltr'><strong>convenit,</strong></span> <span class='ocrx_word' id='word_1_597' title='bbox 1715 4236 2005 4276; x_wconf 88' lang='lat' dir='ltr'><strong>numerum</strong></span> 
     </span>
    </p>
   </div>
   <div class='ocr_carea' id='block_1_85' title="bbox 430 4310 2006 4380">
    <p class='ocr_par' dir='ltr' id='par_1_85' title="bbox 430 4310 2006 4380">
     <span class='ocr_line' id='line_1_85' title="bbox 430 4310 2006 4380; baseline 0.007 -24"><span class='ocrx_word' id='word_1_598' title='bbox 430 4313 686 4374; x_wconf 87' lang='lat' dir='ltr'><strong>tanquam</strong></span> <span class='ocrx_word' id='word_1_599' title='bbox 724 4315 1036 4360; x_wconf 87' lang='lat' dir='ltr'><strong>terrestrem</strong></span> <span class='ocrx_word' id='word_1_600' title='bbox 1072 4323 1134 4361; x_wconf 91' lang='lat' dir='ltr'><strong>ac</strong></span> <span class='ocrx_word' id='word_1_601' title='bbox 1167 4310 1503 4363; x_wconf 86' lang='lat' dir='ltr'><strong>materialetn</strong></span> <span class='ocrx_word' id='word_1_602' title='bbox 1541 4322 1760 4380; x_wconf 89' lang='lat' dir='ltr'><strong>superet</strong></span> <span class='ocrx_word' id='word_1_603' title='bbox 1809 4322 2006 4367; x_wconf 86' lang='lat' dir='ltr'><strong>natura</strong></span> 
     </span>
    </p>
   </div>
   <div class='ocr_carea' id='block_1_86' title="bbox 426 4399 2003 4472">
    <p class='ocr_par' dir='ltr' id='par_1_86' title="bbox 426 4399 2003 4472">
     <span class='ocr_line' id='line_1_86' title="bbox 426 4399 2003 4472; baseline 0.006 -22"><span class='ocrx_word' id='word_1_604' title='bbox 426 4399 670 4453; x_wconf 61' lang='lat' dir='ltr'><strong>materia}</strong></span> <span class='ocrx_word' id='word_1_605' title='bbox 700 4399 881 4454; x_wconf 90' lang='lat' dir='ltr'><strong>omnis</strong></span> <span class='ocrx_word' id='word_1_606' title='bbox 910 4415 1128 4468; x_wconf 79' lang='lat' dir='ltr'><strong>expers.</strong></span> <span class='ocrx_word' id='word_1_607' title='bbox 1161 4416 1378 4455; x_wconf 85' lang='lat' dir='ltr'><strong>omnem</strong></span> <span class='ocrx_word' id='word_1_608' title='bbox 1429 4419 1593 4472; x_wconf 84' lang='lat' dir='ltr'><strong>supra</strong></span> <span class='ocrx_word' id='word_1_609' title='bbox 1639 4404 2003 4460; x_wconf 87' lang='lat' dir='ltr'><strong>substantiam</strong></span> 
     </span>
    </p>
   </div>
   <div class='ocr_carea' id='block_1_87' title="bbox 426 4491 2005 4561">
    <p class='ocr_par' dir='ltr' id='par_1_87' title="bbox 426 4491 2005 4561">
     <span class='ocr_line' id='line_1_87' title="bbox 426 4491 2005 4561; baseline 0.005 -16"><span class='ocrx_word' id='word_1_610' title='bbox 426 4491 600 4560; x_wconf 87' lang='lat' dir='ltr'><strong>posita</strong></span> <span class='ocrx_word' id='word_1_611' title='bbox 633 4503 687 4545; x_wconf 91' lang='lat' dir='ltr'><strong>et</strong></span> <span class='ocrx_word' id='word_1_612' title='bbox 726 4491 890 4559; x_wconf 88' lang='lat' dir='ltr'><strong>hujus</strong></span> <span class='ocrx_word' id='word_1_613' title='bbox 934 4493 1171 4546; x_wconf 86' lang='lat' dir='ltr'><strong>universi</strong></span> <span class='ocrx_word' id='word_1_614' title='bbox 1203 4495 1460 4548; x_wconf 80' lang='lat' dir='ltr'><strong>creatrix.</strong></span> <span class='ocrx_word' id='word_1_615' title='bbox 1513 4496 1668 4561; x_wconf 87' lang='lat' dir='ltr'><strong>Quod</strong></span> <span class='ocrx_word' id='word_1_616' title='bbox 1708 4498 1752 4552; x_wconf 92' lang='lat' dir='ltr'><strong>si</strong></span> <span class='ocrx_word' id='word_1_617' title='bbox 1797 4513 1886 4553; x_wconf 85' lang='lat' dir='ltr'><strong>res</strong></span> <span class='ocrx_word' id='word_1_618' title='bbox 1933 4499 2005 4553; x_wconf 84' lang='lat' dir='ltr'><strong>ita</strong></span> 
     </span>
    </p>
   </div>
   <div class='ocr_carea' id='block_1_88' title="bbox 428 4585 2007 4661">
    <p class='ocr_par' dir='ltr' id='par_1_88' title="bbox 428 4585 2007 4661">
     <span class='ocr_line' id='line_1_88' title="bbox 428 4585 2007 4661; baseline 0.005 -24"><span class='ocrx_word' id='word_1_619' title='bbox 428 4599 488 4638; x_wconf 82' lang='lat' dir='ltr'><strong>se</strong></span> <span class='ocrx_word' id='word_1_620' title='bbox 523 4585 737 4650; x_wconf 88' lang='lat' dir='ltr'><strong>habeat,</strong></span> <span class='ocrx_word' id='word_1_621' title='bbox 768 4600 863 4653; x_wconf 86' lang='lat' dir='ltr'><strong>par</strong></span> <span class='ocrx_word' id='word_1_622' title='bbox 886 4595 972 4639; x_wconf 90' lang='lat' dir='ltr'><strong>est</strong></span> <span class='ocrx_word' id='word_1_623' title='bbox 1008 4595 1064 4640; x_wconf 89' lang='lat' dir='ltr'><strong>ut</strong></span> <span class='ocrx_word' id='word_1_624' title='bbox 1089 4585 1237 4640; x_wconf 90' lang='lat' dir='ltr'><strong>duali</strong></span> <span class='ocrx_word' id='word_1_625' title='bbox 1271 4603 1498 4644; x_wconf 90' lang='lat' dir='ltr'><strong>numero</strong></span> <span class='ocrx_word' id='word_1_626' title='bbox 1536 4590 1923 4661; x_wconf 90' lang='lat' dir='ltr'><strong>comprehendi</strong></span> <span class='ocrx_word' id='word_1_627' title='bbox 1949 4606 2007 4645; x_wconf 88' lang='lat' dir='ltr'><strong>se</strong></span> 
     </span>
    </p>
   </div>
   <div class='ocr_carea' id='block_1_89' title="bbox 2107 4218 3699 4292">
    <p class='ocr_par' dir='ltr' id='par_1_89' title="bbox 2107 4218 3699 4292">
     <span class='ocr_line' id='line_1_89' title="bbox 2107 4218 3699 4292; baseline -0.001 -18"><span class='ocrx_word' id='word_1_628' title='bbox 2107 4220 2421 4292; x_wconf 72' lang='grc' dir='ltr'>ϐεϐηκέναι.</span> <span class='ocrx_word' id='word_1_629' title='bbox 2465 4221 2526 4273; x_wconf 73' lang='lat' dir='ltr'><strong>Ei</strong></span> <span class='ocrx_word' id='word_1_630' title='bbox 2559 4219 2616 4273; x_wconf 81' lang='grc' dir='ltr'>δὲ</span> <span class='ocrx_word' id='word_1_631' title='bbox 2664 4219 2855 4282; x_wconf 81' lang='grc' dir='ltr'>τοῦτο,</span> <span class='ocrx_word' id='word_1_632' title='bbox 2898 4219 3125 4282; x_wconf 83' lang='grc' dir='ltr'>εἰκότως</span> <span class='ocrx_word' id='word_1_633' title='bbox 3173 4220 3282 4289; x_wconf 85' lang='grc' dir='ltr'>ἄρα</span> <span class='ocrx_word' id='word_1_634' title='bbox 3331 4218 3468 4288; x_wconf 83' lang='grc' dir='ltr'><strong>μετά</strong></span> <span class='ocrx_word' id='word_1_635' title='bbox 3494 4219 3596 4290; x_wconf 75' lang='grc' dir='ltr'>τὴν</span> <span class='ocrx_word' id='word_1_636' title='bbox 3629 4223 3699 4273; x_wconf 76' lang='grc' dir='ltr'>ὲν</span> 
     </span>
    </p>
   </div>
   <div class='ocr_carea' id='block_1_90' title="bbox 2104 4310 3699 4384">
    <p class='ocr_par' dir='ltr' id='par_1_90' title="bbox 2104 4310 3699 4384">
     <span class='ocr_line' id='line_1_90' title="bbox 2104 4310 3699 4384; baseline -0.001 -18"><span class='ocrx_word' id='word_1_637' title='bbox 2104 4311 2255 4366; x_wconf 79' lang='grc' dir='ltr'>δυάδι</span> <span class='ocrx_word' id='word_1_638' title='bbox 2297 4313 2597 4384; x_wconf 83' lang='grc' dir='ltr'>ἁρίθμησιν</span> <span class='ocrx_word' id='word_1_639' title='bbox 2655 4310 2904 4381; x_wconf 77' lang='grc' dir='ltr'>οὐδαμῶς</span> <span class='ocrx_word' id='word_1_640' title='bbox 2950 4312 3201 4382; x_wconf 83' lang='grc' dir='ltr'>ἀνέχεται</span> <span class='ocrx_word' id='word_1_641' title='bbox 3241 4311 3302 4364; x_wconf 81' lang='grc' dir='ltr'>τὸ</span> <span class='ocrx_word' id='word_1_642' title='bbox 3348 4312 3501 4364; x_wconf 82' lang='grc' dir='ltr'>Θεῖον</span> <span class='ocrx_word' id='word_1_643' title='bbox 3548 4328 3699 4366; x_wconf 80' lang='grc' dir='ltr'>συν-</span> 
     </span>
    </p>
   </div>
   <div class='ocr_carea' id='block_1_91' title="bbox 2105 4402 3703 4476">
    <p class='ocr_par' dir='ltr' id='par_1_91' title="bbox 2105 4402 3703 4476">
     <span class='ocr_line' id='line_1_91' title="bbox 2105 4402 3703 4476; baseline -0.001 -17"><span class='ocrx_word' id='word_1_644' title='bbox 2105 4405 2528 4476; x_wconf 77' lang='grc' dir='ltr'>απαρτίζεσθαι.</span> <span class='ocrx_word' id='word_1_645' title='bbox 2546 4405 2623 4474; x_wconf 80' lang='grc' dir='ltr'>Τῇ</span> <span class='ocrx_word' id='word_1_646' title='bbox 2646 4403 2701 4457; x_wconf 82' lang='grc' dir='ltr'>δὲ</span> <span class='ocrx_word' id='word_1_647' title='bbox 2715 4403 2964 4474; x_wconf 81' lang='grc' dir='ltr'>τριαδικῇ</span> <span class='ocrx_word' id='word_1_648' title='bbox 2986 4402 3233 4474; x_wconf 72' lang='grc' dir='ltr'>Θεολογίᾳ</span> <span class='ocrx_word' id='word_1_649' title='bbox 3257 4403 3407 4457; x_wconf 81' lang='grc' dir='ltr'>κάτω</span> <span class='ocrx_word' id='word_1_650' title='bbox 3423 4403 3634 4458; x_wconf 85' lang='grc' dir='ltr'>λειπὼν</span> <span class='ocrx_word' id='word_1_651' title='bbox 3662 4414 3703 4446; x_wconf 73' lang='grc' dir='ltr'><strong>ν</strong></span> 
     </span>
    </p>
   </div>
   <div class='ocr_carea' id='block_1_92' title="bbox 2103 4495 3702 4568">
    <p class='ocr_par' dir='ltr' id='par_1_92' title="bbox 2103 4495 3702 4568">
     <span class='ocr_line' id='line_1_92' title="bbox 2103 4495 3702 4568; baseline 0.001 -18"><span class='ocrx_word' id='word_1_652' title='bbox 2103 4499 2202 4567; x_wconf 79' lang='grc' dir='ltr'>τὴν</span> <span class='ocrx_word' id='word_1_653' title='bbox 2234 4498 2388 4568; x_wconf 83' lang='grc' dir='ltr'>ὓλην,</span> <span class='ocrx_word' id='word_1_654' title='bbox 2440 4498 2536 4551; x_wconf 77' lang='grc' dir='ltr'>καὶ</span> <span class='ocrx_word' id='word_1_655' title='bbox 2577 4497 2644 4550; x_wconf 83' lang='grc' dir='ltr'>τὰ</span> <span class='ocrx_word' id='word_1_656' title='bbox 2682 4495 2784 4565; x_wconf 74' lang='grc' dir='ltr'>τῆς</span> <span class='ocrx_word' id='word_1_657' title='bbox 2827 4495 2990 4566; x_wconf 78' lang='grc' dir='ltr'>ὕλης,</span> <span class='ocrx_word' id='word_1_658' title='bbox 3023 4497 3398 4567; x_wconf 77' lang='grc' dir='ltr'>ἐνυδριόμενον</span> <span class='ocrx_word' id='word_1_659' title='bbox 3432 4496 3529 4568; x_wconf 74' lang='grc' dir='ltr'>τὴν</span> <span class='ocrx_word' id='word_1_660' title='bbox 3563 4499 3702 4566; x_wconf 74' lang='grc' dir='ltr'>μετ’</span> 
     </span>
    </p>
   </div>
   <div class='ocr_carea' id='block_1_93' title="bbox 2107 4582 3730 4661">
    <p class='ocr_par' dir='ltr' id='par_1_93' title="bbox 2107 4582 3730 4661">
     <span class='ocr_line' id='line_1_93' title="bbox 2107 4582 3730 4661; baseline 0 -20"><span class='ocrx_word' id='word_1_661' title='bbox 2107 4588 2278 4658; x_wconf 78' lang='grc' dir='ltr'>αὐτὴν</span> <span class='ocrx_word' id='word_1_662' title='bbox 2306 4588 2605 4658; x_wconf 75' lang='grc' dir='ltr'>ἁρίθμησιν</span> <span class='ocrx_word' id='word_1_663' title='bbox 2634 4589 2694 4641; x_wconf 82' lang='grc' dir='ltr'>οὐ</span> <span class='ocrx_word' id='word_1_664' title='bbox 2722 4588 3029 4660; x_wconf 85' lang='grc' dir='ltr'>προσίεται.</span> <span class='ocrx_word' id='word_1_665' title='bbox 3063 4589 3179 4643; x_wconf 83' lang='grc' dir='ltr'>Ἵνα</span> <span class='ocrx_word' id='word_1_666' title='bbox 3213 4589 3287 4660; x_wconf 81' lang='grc' dir='ltr'>μὴ</span> <span class='ocrx_word' id='word_1_667' title='bbox 3330 4590 3466 4660; x_wconf 76' lang='grc' dir='ltr'>πρὸς</span> <span class='ocrx_word' id='word_1_668' title='bbox 3493 4591 3556 4642; x_wconf 55' lang='lat' dir='ltr'><strong>vi;</strong></span> <span class='ocrx_word' id='word_1_669' title='bbox 3585 4582 3730 4661; x_wconf 52' lang='grc' dir='ltr'>χυέ</span> 
     </span>
    </p>
   </div>
   <div class='ocr_carea' id='block_1_94' title="bbox 1732 4751 2412 4810">
    <p class='ocr_par' dir='ltr' id='par_1_94' title="bbox 1732 4751 2412 4810">
     <span class='ocr_line' id='line_1_94' title="bbox 1732 4751 2412 4810; baseline -0.001 -1"><span class='ocrx_word' id='word_1_670' title='bbox 1732 4755 1964 4809; x_wconf 65' lang='grc' dir='ltr'><strong>ὙΑΒΙᾹΞ</strong></span> <span class='ocrx_word' id='word_1_671' title='bbox 2005 4751 2412 4810; x_wconf 83' lang='lat' dir='ltr'><strong>LECTIONES.</strong></span> 
     </span>
    </p>
   </div>
   <div class='ocr_carea' id='block_1_95' title="bbox 497 4842 1982 4918">
    <p class='ocr_par' dir='ltr' id='par_1_95' title="bbox 497 4842 1982 4918">
     <span class='ocr_line' id='line_1_95' title="bbox 497 4842 1982 4918; baseline 0.009 -26"><span class='ocrx_word' id='word_1_672' title='bbox 497 4848 535 4918; x_wconf 61' lang='grc' dir='ltr'>’ς</span> <span class='ocrx_word' id='word_1_673' title='bbox 581 4844 636 4918; x_wconf 86' lang='lat' dir='ltr'><strong>l._</strong></span> <span class='ocrx_word' id='word_1_674' title='bbox 673 4842 1016 4918; x_wconf 75' lang='grc' dir='ltr'>ταλαντεῦον.</span> <span class='ocrx_word' id='word_1_675' title='bbox 1124 4857 1150 4885; x_wconf 81' lang='grc' dir='ltr'>ιι</span> <span class='ocrx_word' id='word_1_676' title='bbox 1181 4847 1411 4918; x_wconf 81' lang='lat' dir='ltr'><strong>legerem</strong></span> <span class='ocrx_word' id='word_1_677' title='bbox 1473 4849 1723 4905; x_wconf 67' lang='lat' dir='ltr'><strong>lubente&quot;</strong></span> <span class='ocrx_word' id='word_1_678' title='bbox 1767 4851 1982 4905; x_wconf 84' lang='grc' dir='ltr'>τούτου.</span> 
     </span>
    </p>
   </div>
   <div class='ocr_carea' id='block_1_96' title="bbox 431 4985 1316 5052">
    <p class='ocr_par' dir='ltr' id='par_1_96' title="bbox 431 4985 1316 5052">
     <span class='ocr_line' id='line_1_96' title="bbox 431 4985 1316 5052; baseline 0.009 -17"><span class='ocrx_word' id='word_1_679' title='bbox 431 4985 682 5052; x_wconf 78' lang='grc' dir='ltr'>σματων.</span> <span class='ocrx_word' id='word_1_680' title='bbox 760 4993 786 5022; x_wconf 68' lang='grc' dir='ltr'><strong>ν</strong></span> <span class='ocrx_word' id='word_1_681' title='bbox 812 4986 999 5039; x_wconf 83' lang='grc' dir='ltr'>λεῖπον</span> <span class='ocrx_word' id='word_1_682' title='bbox 1022 4985 1316 5044; x_wconf 28' lang='grc' dir='ltr'>νεΙίλιπόν.</span> 
     </span>
    </p>
   </div>
   <div class='ocr_carea' id='block_1_97' title="bbox 755 4850 3718 4928">
    <p class='ocr_par' dir='ltr' id='par_1_97' title="bbox 755 4850 3718 4928">
     <span class='ocr_line' id='line_1_97' title="bbox 755 4850 3718 4928; baseline 0.004 -32"><span class='ocrx_word' id='word_1_683' title='bbox 755 4850 1016 4928; x_wconf 51' lang='grc' dir='ltr'>ξαντεῦον,</span> <span class='ocrx_word' id='word_1_684' title='bbox 1073 4918 1098 4928; x_wconf 46' lang='lat' dir='ltr'><strong>ﬂ</strong></span> <span class='ocrx_word' id='word_1_685' title='bbox 1124 4857 1150 4885; x_wconf 81' lang='grc' dir='ltr'><strong>ιι</strong></span> <span class='ocrx_word' id='word_1_686' title='bbox 1181 4850 1411 4918; x_wconf 81' lang='lat' dir='ltr'><strong>legerem</strong></span> <span class='ocrx_word' id='word_1_687' title='bbox 1473 4850 1723 4905; x_wconf 72' lang='lat' dir='ltr'><strong>lubente-</strong></span> <span class='ocrx_word' id='word_1_688' title='bbox 1767 4851 1982 4928; x_wconf 66' lang='grc' dir='ltr'>τούτου.</span> <span class='ocrx_word' id='word_1_689' title='bbox 2031 4850 2156 4928; x_wconf 85' lang='lat' dir='ltr'><strong>_°_l.</strong></span> <span class='ocrx_word' id='word_1_690' title='bbox 2186 4851 2516 4928; x_wconf 67' lang='grc' dir='ltr'>ἐνοπτρίζει.</span> <span class='ocrx_word' id='word_1_691' title='bbox 2595 4851 2694 4928; x_wconf 82' lang='lat' dir='ltr'><strong>P_l.</strong></span> <span class='ocrx_word' id='word_1_692' title='bbox 2720 4852 2928 4928; x_wconf 75' lang='grc' dir='ltr'>κρίσις.</span> <span class='ocrx_word' id='word_1_693' title='bbox 3001 4865 3028 4904; x_wconf 76' lang='lat' dir='ltr'><strong>q</strong></span> <span class='ocrx_word' id='word_1_694' title='bbox 3054 4853 3192 4907; x_wconf 88' lang='lat' dir='ltr'><strong>adde</strong></span> <span class='ocrx_word' id='word_1_695' title='bbox 3215 4857 3298 4928; x_wconf 82' lang='lat' dir='ltr'><strong>vel</strong></span> <span class='ocrx_word' id='word_1_696' title='bbox 3329 4855 3718 4928; x_wconf 70' lang='lat' dir='ltr'><strong>subintellng</strong></span> 
     </span>
    </p>
   </div>
   <div class='ocr_carea' id='block_1_98' title="bbox 428 4911 2485 5010">
    <p class='ocr_par' dir='ltr' id='par_1_98' title="bbox 428 4911 2485 5010">
     <span class='ocr_line' id='line_1_98' title="bbox 428 4911 2485 5010; baseline 0.007 -48"><span class='ocrx_word' id='word_1_697' title='bbox 428 4911 725 5010; x_wconf 54' lang='grc' dir='ltr'>(Ξεολογίαν,</span> <span class='ocrx_word' id='word_1_698' title='bbox 754 4915 913 5010; x_wconf 54' lang='lat' dir='ltr'><strong>i&#39;dqtte</strong></span> <span class='ocrx_word' id='word_1_699' title='bbox 940 4933 1033 4985; x_wconf 91' lang='lat' dir='ltr'><strong>per</strong></span> <span class='ocrx_word' id='word_1_700' title='bbox 1069 4911 1295 5010; x_wconf 42' lang='lat' dir='ltr'><strong>tilg‘ura‘jn</strong></span> <span class='ocrx_word' id='word_1_701' title='bbox 1328 4935 1449 4990; x_wconf 74' lang='lat' dir='ltr'><strong>qua:</strong></span> <span class='ocrx_word' id='word_1_702' title='bbox 1476 4929 1705 4992; x_wconf 85' lang='lat' dir='ltr'><strong>vocatur</strong></span> <span class='ocrx_word' id='word_1_703' title='bbox 1732 4938 1762 4976; x_wconf 89' lang='lat' dir='ltr'><strong>a</strong></span> <span class='ocrx_word' id='word_1_704' title='bbox 1791 4919 1996 4977; x_wconf 69' lang='lat' dir='ltr'><strong>Graecis</strong></span> <span class='ocrx_word' id='word_1_705' title='bbox 2021 4921 2131 4976; x_wconf 84' lang='grc' dir='ltr'>ἀπὸ</span> <span class='ocrx_word' id='word_1_706' title='bbox 2152 4921 2247 4975; x_wconf 83' lang='grc' dir='ltr'>τοῦ</span> <span class='ocrx_word' id='word_1_707' title='bbox 2281 4911 2485 5010; x_wconf 73' lang='grc' dir='ltr'>κοίνοῦ.</span> 
     </span>
    </p>
   </div>
   <div class='ocr_carea' id='block_1_99' title="bbox 2572 4922 3703 4994">
    <p class='ocr_par' dir='ltr' id='par_1_99' title="bbox 2572 4922 3703 4994">
     <span class='ocr_line' id='line_1_99' title="bbox 2572 4922 3703 4994; baseline 0.009 -22"><span class='ocrx_word' id='word_1_708' title='bbox 2572 4930 2594 4960; x_wconf 71' lang='grc' dir='ltr'><strong><em>τ</em></strong></span> <span class='ocrx_word' id='word_1_709' title='bbox 2626 4922 3078 4994; x_wconf 83' lang='grc' dir='ltr'>ἀκαινοτόμητον.</span> <span class='ocrx_word' id='word_1_710' title='bbox 3160 4933 3181 4960; x_wconf 87' lang='grc'><strong>⁸</strong></span> <span class='ocrx_word' id='word_1_711' title='bbox 3215 4927 3249 4982; x_wconf 74' lang='lat' dir='ltr'><strong>l.</strong></span> <span class='ocrx_word' id='word_1_712' title='bbox 3284 4927 3428 4980; x_wconf 69' lang='grc' dir='ltr'>ἐπεί.</span> <span class='ocrx_word' id='word_1_713' title='bbox 3515 4929 3532 4963; x_wconf 71' lang='grc' dir='ltr'>ι</span> <span class='ocrx_word' id='word_1_714' title='bbox 3559 4922 3703 4982; x_wconf 66' lang='grc' dir='ltr'><strong>κτῖο</strong></span> 
     </span>
    </p>
   </div>
   <div class='ocr_carea' id='block_1_100' title="bbox 1933 5083 2169 5157">
    <p class='ocr_par' dir='ltr' id='par_1_100' title="bbox 1933 5083 2169 5157">
     <span class='ocr_line' id='line_1_100' title="bbox 1933 5083 2169 5157; baseline -0.004 -16"><span class='ocrx_word' id='word_1_715' title='bbox 1933 5083 2169 5157; x_wconf 65' lang='lat' dir='ltr'><strong>noua.</strong></span> 
     </span>
    </p>
   </div>
   <div class='ocr_carea' id='block_1_101' title="bbox 497 5171 1999 5245">
    <p class='ocr_par' dir='ltr' id='par_1_101' title="bbox 497 5171 1999 5245">
     <span class='ocr_line' id='line_1_101' title="bbox 497 5171 1999 5245; baseline 0.003 -19"><span class='ocrx_word' id='word_1_716' title='bbox 497 5171 607 5240; x_wconf 77' lang='grc'><strong>(48)</strong></span> <span class='ocrx_word' id='word_1_717' title='bbox 627 5171 768 5226; x_wconf 82' lang='lat' dir='ltr'><strong>Licet</strong></span> <span class='ocrx_word' id='word_1_718' title='bbox 801 5175 1020 5227; x_wconf 78' lang='lat' dir='ltr'><strong>terrenis</strong></span> <span class='ocrx_word' id='word_1_719' title='bbox 1045 5184 1236 5227; x_wconf 83' lang='lat' dir='ltr'><strong>natura</strong></span> <span class='ocrx_word' id='word_1_720' title='bbox 1266 5175 1398 5227; x_wconf 80' lang='lat' dir='ltr'><strong>artis</strong></span> <span class='ocrx_word' id='word_1_721' title='bbox 1415 5177 1700 5245; x_wconf 74' lang='lat' dir='ltr'><strong>praeposita</strong></span> <span class='ocrx_word' id='word_1_722' title='bbox 1729 5184 1778 5229; x_wconf 89' lang='lat' dir='ltr'><strong>et</strong></span> <span class='ocrx_word' id='word_1_723' title='bbox 1793 5177 1999 5230; x_wconf 80' lang='lat' dir='ltr'><strong>anteta-</strong></span> 
     </span>
    </p>
   </div>
   <div class='ocr_carea' id='block_1_102' title="bbox 431 5247 2000 5312">
    <p class='ocr_par' dir='ltr' id='par_1_102' title="bbox 431 5247 2000 5312">
     <span class='ocr_line' id='line_1_102' title="bbox 431 5247 2000 5312; baseline 0.003 -18"><span class='ocrx_word' id='word_1_724' title='bbox 431 5250 485 5294; x_wconf 83' lang='lat' dir='ltr'><strong>ta</strong></span> <span class='ocrx_word' id='word_1_725' title='bbox 513 5254 665 5302; x_wconf 70' lang='lat' dir='ltr'><strong>esset.</strong></span> <span class='ocrx_word' id='word_1_726' title='bbox 705 5259 864 5312; x_wconf 86' lang='lat' dir='ltr'><strong>quam</strong></span> <span class='ocrx_word' id='word_1_727' title='bbox 910 5261 1114 5298; x_wconf 70' lang='lat' dir='ltr'><strong>necesse</strong></span> <span class='ocrx_word' id='word_1_728' title='bbox 1133 5255 1265 5298; x_wconf 80' lang='lat' dir='ltr'><strong>esset</strong></span> <span class='ocrx_word' id='word_1_729' title='bbox 1308 5262 1510 5298; x_wconf 74' lang='lat' dir='ltr'><strong>rursus.</strong></span> <span class='ocrx_word' id='word_1_730' title='bbox 1557 5247 1712 5299; x_wconf 79' lang='grc' dir='ltr'>Ἐπεὶ</span> <span class='ocrx_word' id='word_1_731' title='bbox 1757 5247 1860 5299; x_wconf 86' lang='grc' dir='ltr'><strong>κάν</strong></span> <span class='ocrx_word' id='word_1_732' title='bbox 1888 5250 2000 5310; x_wconf 78' lang='grc' dir='ltr'>τοῖς</span> 
     </span>
    </p>
   </div>
   <div class='ocr_carea' id='block_1_103' title="bbox 427 5313 1995 5387">
    <p class='ocr_par' dir='ltr' id='par_1_103' title="bbox 427 5313 1995 5387">
     <span class='ocr_line' id='line_1_103' title="bbox 427 5313 1995 5387; baseline 0.005 -24"><span class='ocrx_word' id='word_1_733' title='bbox 427 5313 728 5387; x_wconf 70' lang='grc' dir='ltr'>περιγείοις</span> <span class='ocrx_word' id='word_1_734' title='bbox 789 5315 847 5387; x_wconf 18' lang='grc' dir='ltr'><strong>ήλ</strong></span> <span class='ocrx_word' id='word_1_735' title='bbox 871 5317 1031 5387; x_wconf 82' lang='grc' dir='ltr'>φύσις</span> <span class='ocrx_word' id='word_1_736' title='bbox 1083 5315 1181 5384; x_wconf 83' lang='grc' dir='ltr'><strong>τῆς</strong></span> <span class='ocrx_word' id='word_1_737' title='bbox 1213 5316 1408 5387; x_wconf 82' lang='grc' dir='ltr'>τέχνης</span> <span class='ocrx_word' id='word_1_738' title='bbox 1433 5315 1758 5387; x_wconf 80' lang='grc' dir='ltr'>προῖδρυταί</span> <span class='ocrx_word' id='word_1_739' title='bbox 1789 5333 1850 5368; x_wconf 85' lang='grc' dir='ltr'><strong>τε</strong></span> <span class='ocrx_word' id='word_1_740' title='bbox 1899 5319 1995 5371; x_wconf 77' lang='grc' dir='ltr'>καὶ</span> 
     </span>
    </p>
   </div>
   <div class='ocr_carea' id='block_1_104' title="bbox 426 5333 1992 5463">
    <p class='ocr_par' dir='ltr' id='par_1_104' title="bbox 426 5333 1992 5463">
     <span class='ocr_line' id='line_1_104' title="bbox 427 5333 1992 5436; baseline 0.005 -73"><span class='ocrx_word' id='word_1_741' title='bbox 427 5333 728 5379; x_wconf 81' lang='grc' dir='ltr'>περιγειοις</span> <span class='ocrx_word' id='word_1_742' title='bbox 789 5333 822 5384; x_wconf 84' lang='grc' dir='ltr'>η</span> <span class='ocrx_word' id='word_1_743' title='bbox 871 5333 1031 5382; x_wconf 87' lang='grc' dir='ltr'>φυσις</span> <span class='ocrx_word' id='word_1_744' title='bbox 1083 5333 1181 5384; x_wconf 86' lang='grc' dir='ltr'>της</span> <span class='ocrx_word' id='word_1_745' title='bbox 1213 5333 1408 5436; x_wconf 68' lang='grc' dir='ltr'>τεχνης</span> <span class='ocrx_word' id='word_1_746' title='bbox 1433 5333 1757 5387; x_wconf 82' lang='grc' dir='ltr'>προιορυται</span> <span class='ocrx_word' id='word_1_747' title='bbox 1789 5333 1850 5368; x_wconf 85' lang='grc' dir='ltr'><strong>τε</strong></span> <span class='ocrx_word' id='word_1_748' title='bbox 1899 5333 1992 5371; x_wconf 83' lang='grc' dir='ltr'><strong>και</strong></span> 
     </span>
     <span class='ocr_line' id='line_1_105' title="bbox 426 5383 1992 5463; baseline 0.005 -30"><span class='ocrx_word' id='word_1_749' title='bbox 426 5383 790 5463; x_wconf 65' lang='grc' dir='ltr'>προκάθηται,</span> <span class='ocrx_word' id='word_1_750' title='bbox 823 5385 888 5454; x_wconf 76' lang='grc' dir='ltr'>ἢν</span> <span class='ocrx_word' id='word_1_751' title='bbox 939 5386 1151 5463; x_wconf 69' lang='grc' dir='ltr'>ἀνάγκη</span> <span class='ocrx_word' id='word_1_752' title='bbox 1199 5389 1274 5438; x_wconf 83' lang='grc' dir='ltr'>πά</span> <span class='ocrx_word' id='word_1_753' title='bbox 1300 5405 1381 5463; x_wconf 64' lang='grc' dir='ltr'><strong>ἰν.</strong></span> <span class='ocrx_word' id='word_1_754' title='bbox 1410 5387 1462 5438; x_wconf 90' lang='lat' dir='ltr'><strong>Id</strong></span> <span class='ocrx_word' id='word_1_755' title='bbox 1485 5396 1567 5440; x_wconf 84' lang='lat' dir='ltr'><strong>est</strong></span> <span class='ocrx_word' id='word_1_756' title='bbox 1603 5403 1617 5440; x_wconf 87' lang='lat'><strong>:</strong></span> <span class='ocrx_word' id='word_1_757' title='bbox 1672 5405 1690 5438; x_wconf 72' lang='grc' dir='ltr'><strong>ι</strong></span> <span class='ocrx_word' id='word_1_758' title='bbox 1726 5387 1992 5463; x_wconf 81' lang='lat' dir='ltr'><strong>Quoniam</strong></span> 
     </span>
    </p>
   </div>
   <div class='ocr_carea' id='block_1_105' title="bbox 2104 5178 3706 5262">
    <p class='ocr_par' dir='ltr' id='par_1_105' title="bbox 2104 5178 3706 5262">
     <span class='ocr_line' id='line_1_106' title="bbox 2104 5178 3706 5262; baseline 0.006 -29"><span class='ocrx_word' id='word_1_759' title='bbox 2104 5187 2189 5234; x_wconf 89' lang='lat' dir='ltr'><strong>est</strong></span> <span class='ocrx_word' id='word_1_760' title='bbox 2217 5196 2300 5262; x_wconf 37' lang='lat' dir='ltr'><strong>:Jt</strong></span> <span class='ocrx_word' id='word_1_761' title='bbox 2333 5178 2502 5262; x_wconf 67' lang='lat' dir='ltr'><strong>veluti</strong></span> <span class='ocrx_word' id='word_1_762' title='bbox 2534 5182 2826 5252; x_wconf 85' lang='lat' dir='ltr'><strong>quamdam</strong></span> <span class='ocrx_word' id='word_1_763' title='bbox 2855 5183 3224 5254; x_wconf 77' lang='lat' dir='ltr'><strong>generationis</strong></span> <span class='ocrx_word' id='word_1_764' title='bbox 3251 5182 3545 5257; x_wconf 78' lang='lat' dir='ltr'><strong>imaginem</strong></span> <span class='ocrx_word' id='word_1_765' title='bbox 3579 5227 3595 5241; x_wconf 95' lang='lat'><strong>.</strong></span> <span class='ocrx_word' id='word_1_766' title='bbox 3632 5229 3647 5242; x_wconf 94' lang='lat'><strong>.</strong></span> <span class='ocrx_word' id='word_1_767' title='bbox 3683 5226 3706 5242; x_wconf 93' lang='lat'><strong>.</strong></span> 
     </span>
    </p>
   </div>
   <div class='ocr_carea' id='block_1_106' title="bbox 2105 5259 3711 5398">
    <p class='ocr_par' dir='ltr' id='par_1_106' title="bbox 2105 5259 3711 5398">
     <span class='ocr_line' id='line_1_107' title="bbox 2105 5259 3711 5398; baseline 0 -22"><span class='ocrx_word' id='word_1_768' title='bbox 2475 5321 2688 5377; x_wconf 79' lang='lat' dir='ltr'><strong>deerant</strong></span> <span class='ocrx_word' id='word_1_769' title='bbox 2722 5323 2976 5398; x_wconf 60' lang='lat' dir='ltr'><strong>plurima</strong></span> <span class='ocrx_word' id='word_1_770' title='bbox 3014 5325 3171 5398; x_wconf 42' lang='grc' dir='ltr'>Ααριιά</span> <span class='ocrx_word' id='word_1_771' title='bbox 3206 5324 3512 5398; x_wconf 85' lang='lat' dir='ltr'><strong>Canisium,</strong></span> <span class='ocrx_word' id='word_1_772' title='bbox 3562 5344 3711 5398; x_wconf 70' lang='lat' dir='ltr'><strong>qua:</strong></span> 
     </span>
    </p>
   </div>
   <div class='ocr_carea' id='block_1_107' title="bbox 2094 5389 3711 5468">
    <p class='ocr_par' dir='ltr' id='par_1_107' title="bbox 2094 5389 3711 5468">
     <span class='ocr_line' id='line_1_108' title="bbox 2094 5389 3711 5468; baseline 0.008 -26"><span class='ocrx_word' id='word_1_773' title='bbox 2094 5391 2224 5468; x_wconf 64' lang='lat' dir='ltr'><strong>mihi</strong></span> <span class='ocrx_word' id='word_1_774' title='bbox 2249 5389 2439 5468; x_wconf 48' lang='lat' dir='ltr'><strong>Grpe}:</strong></span> <span class='ocrx_word' id='word_1_775' title='bbox 2468 5389 2869 5447; x_wconf 69' lang='lat' dir='ltr'><strong>communieavit</strong></span> <span class='ocrx_word' id='word_1_776' title='bbox 2897 5392 2970 5468; x_wconf 83' lang='lat' dir='ltr'><strong>_D.</strong></span> <span class='ocrx_word' id='word_1_777' title='bbox 3003 5389 3424 5468; x_wconf 70' lang='lat' dir='ltr'><strong>caperronuier,</strong></span> <span class='ocrx_word' id='word_1_778' title='bbox 3472 5407 3520 5450; x_wconf 70' lang='lat' dir='ltr'><strong>et</strong></span> <span class='ocrx_word' id='word_1_779' title='bbox 3572 5389 3711 5468; x_wconf 56' lang='lat' dir='ltr'><strong>ipse</strong></span> 
     </span>
    </p>
   </div>
   <div class='ocr_carea' id='block_1_108' title="bbox 424 5455 3487 5536">
    <p class='ocr_par' dir='ltr' id='par_1_108' title="bbox 424 5455 3487 5536">
     <span class='ocr_line' id='line_1_109' title="bbox 424 5455 3487 5536; baseline 0.004 -30"><span class='ocrx_word' id='word_1_780' title='bbox 424 5455 480 5506; x_wconf 89' lang='lat' dir='ltr'><strong>in</strong></span> <span class='ocrx_word' id='word_1_781' title='bbox 511 5455 741 5536; x_wconf 73' lang='lat' dir='ltr'><strong>terrenis</strong></span> <span class='ocrx_word' id='word_1_782' title='bbox 763 5469 984 5524; x_wconf 85' lang='lat' dir='ltr'><strong>quoque</strong></span> <span class='ocrx_word' id='word_1_783' title='bbox 1017 5455 1176 5510; x_wconf 86' lang='lat' dir='ltr'><strong>rebus</strong></span> <span class='ocrx_word' id='word_1_784' title='bbox 1211 5457 1314 5509; x_wconf 92' lang='lat' dir='ltr'><strong>arti</strong></span> <span class='ocrx_word' id='word_1_785' title='bbox 1341 5466 1534 5536; x_wconf 86' lang='lat' dir='ltr'><strong>natura</strong></span> <span class='ocrx_word' id='word_1_786' title='bbox 1565 5458 1899 5526; x_wconf 66' lang='lat' dir='ltr'><strong>praeponitur</strong></span> <span class='ocrx_word' id='word_1_787' title='bbox 1944 5468 1998 5513; x_wconf 89' lang='lat' dir='ltr'><strong>et</strong></span> <span class='ocrx_word' id='word_1_788' title='bbox 2093 5460 2288 5536; x_wconf 58' lang='lat' dir='ltr'><strong>Latino</strong></span> <span class='ocrx_word' id='word_1_789' title='bbox 2313 5457 2477 5536; x_wconf 78' lang='lat' dir='ltr'><strong>fecit,_</strong></span> <span class='ocrx_word' id='word_1_790' title='bbox 2499 5479 2704 5536; x_wconf 66' lang='lat' dir='ltr'><strong>summa</strong></span> <span class='ocrx_word' id='word_1_791' title='bbox 2737 5480 2855 5516; x_wconf 81' lang='lat' dir='ltr'><strong>cum</strong></span> <span class='ocrx_word' id='word_1_792' title='bbox 2887 5455 3244 5536; x_wconf 70' lang='lat' dir='ltr'><strong>humanitate.</strong></span> <span class='ocrx_word' id='word_1_793' title='bbox 3277 5455 3487 5536; x_wconf 66' lang='grc' dir='ltr'><strong>(ΒΑδέη.)</strong></span> 
     </span>
    </p>
   </div>
   <div class='ocr_carea' id='block_1_109' title="bbox 425 5524 1672 5592">
    <p class='ocr_par' dir='ltr' id='par_1_109' title="bbox 425 5524 1672 5592">
     <span class='ocr_line' id='line_1_110' title="bbox 425 5524 1672 5592; baseline 0.005 -19"><span class='ocrx_word' id='word_1_794' title='bbox 425 5524 700 5592; x_wconf 65' lang='lat' dir='ltr'><strong>praesidet.</strong></span> <span class='ocrx_word' id='word_1_795' title='bbox 733 5539 894 5592; x_wconf 87' lang='lat' dir='ltr'><strong>quam</strong></span> <span class='ocrx_word' id='word_1_796' title='bbox 923 5541 1119 5579; x_wconf 89' lang='lat' dir='ltr'><strong>rursus</strong></span> <span class='ocrx_word' id='word_1_797' title='bbox 1154 5541 1378 5580; x_wconf 88' lang='lat' dir='ltr'><strong>necesse</strong></span> <span class='ocrx_word' id='word_1_798' title='bbox 1411 5534 1542 5590; x_wconf 89' lang='lat' dir='ltr'><strong>est.,</strong></span> <span class='ocrx_word' id='word_1_799' title='bbox 1567 5524 1672 5579; x_wconf 84' lang='lat' dir='ltr'><strong>etc.</strong></span> 
     </span>
    </p>
   </div>
   <div class='ocr_carea' id='block_1_110' title="bbox 496 5591 1996 5665">
    <p class='ocr_par' dir='ltr' id='par_1_110' title="bbox 496 5591 1996 5665">
     <span class='ocr_line' id='line_1_111' title="bbox 496 5591 1996 5665; baseline 0.002 -20"><span class='ocrx_word' id='word_1_800' title='bbox 496 5591 605 5665; x_wconf 57' lang='grc' dir='ltr'><strong>(ω)</strong></span> <span class='ocrx_word' id='word_1_801' title='bbox 663 5591 830 5665; x_wconf 66' lang='lat' dir='ltr'><strong>Veluti</strong></span> <span class='ocrx_word' id='word_1_802' title='bbox 871 5595 1150 5665; x_wconf 79' lang='lat' dir='ltr'><strong>imaginem</strong></span> <span class='ocrx_word' id='word_1_803' title='bbox 1211 5596 1486 5648; x_wconf 75' lang='lat' dir='ltr'><strong>constitui.</strong></span> <span class='ocrx_word' id='word_1_804' title='bbox 1552 5595 1665 5664; x_wconf 82' lang='grc' dir='ltr'>Τῆς</span> <span class='ocrx_word' id='word_1_805' title='bbox 1725 5597 1996 5664; x_wconf 79' lang='grc' dir='ltr'>γενέσεως</span> 
     </span>
    </p>
   </div>
   <div class='ocr_carea' id='block_1_111' title="bbox 423 5660 1993 5736">
    <p class='ocr_par' dir='ltr' id='par_1_111' title="bbox 423 5660 1993 5736">
     <span class='ocr_line' id='line_1_112' title="bbox 423 5660 1993 5736; baseline 0.004 -23"><span class='ocrx_word' id='word_1_806' title='bbox 423 5660 648 5732; x_wconf 74' lang='grc' dir='ltr'>ἄγαλμα</span> <span class='ocrx_word' id='word_1_807' title='bbox 707 5663 768 5717; x_wconf 79' lang='grc' dir='ltr'>τὸ</span> <span class='ocrx_word' id='word_1_808' title='bbox 817 5665 957 5736; x_wconf 74' lang='lat' dir='ltr'><strong>(lego</strong></span> <span class='ocrx_word' id='word_1_809' title='bbox 981 5660 1212 5734; x_wconf 65' lang='grc' dir='ltr'>’ἄγαλμά</span> <span class='ocrx_word' id='word_1_810' title='bbox 1260 5667 1334 5734; x_wconf 82' lang='grc' dir='ltr'>τι)</span> <span class='ocrx_word' id='word_1_811' title='bbox 1369 5701 1384 5716; x_wconf 89' lang='grc'><strong>.</strong></span> <span class='ocrx_word' id='word_1_812' title='bbox 1414 5706 1426 5718; x_wconf 92' lang='grc'><strong>.</strong></span> <span class='ocrx_word' id='word_1_813' title='bbox 1464 5704 1478 5718; x_wconf 94' lang='grc'><strong>.</strong></span> <span class='ocrx_word' id='word_1_814' title='bbox 1515 5660 1885 5720; x_wconf 71' lang='grc' dir='ltr'>συνίστασθαι.</span> <span class='ocrx_word' id='word_1_815' title='bbox 1938 5668 1993 5720; x_wconf 91' lang='lat' dir='ltr'><strong>ld</strong></span> 
     </span>
    </p>
   </div>
   <div class='ocr_carea' id='block_1_112' title="bbox 2166 5531 3704 5603">
    <p class='ocr_par' dir='ltr' id='par_1_112' title="bbox 2166 5531 3704 5603">
     <span class='ocr_line' id='line_1_113' title="bbox 2166 5531 3704 5603; baseline 0.007 -19"><span class='ocrx_word' id='word_1_816' title='bbox 2166 5531 2280 5601; x_wconf 74' lang='lat' dir='ltr'><strong>(5t)</strong></span> <span class='ocrx_word' id='word_1_817' title='bbox 2314 5534 2582 5603; x_wconf 79' lang='lat' dir='ltr'><strong>intelligit,</strong></span> <span class='ocrx_word' id='word_1_818' title='bbox 2613 5534 2831 5602; x_wconf 90' lang='lat' dir='ltr'><strong>opinor,</strong></span> <span class='ocrx_word' id='word_1_819' title='bbox 2871 5535 3060 5591; x_wconf 78' lang='lat' dir='ltr'><strong>ambas</strong></span> <span class='ocrx_word' id='word_1_820' title='bbox 3097 5531 3314 5592; x_wconf 73' lang='lat' dir='ltr'><strong>trutina:</strong></span> <span class='ocrx_word' id='word_1_821' title='bbox 3353 5531 3704 5595; x_wconf 75' lang='lat' dir='ltr'><strong>extremita-</strong></span> 
     </span>
    </p>
   </div>
   <div class='ocr_carea' id='block_1_113' title="bbox 2097 5602 2841 5659">
    <p class='ocr_par' dir='ltr' id='par_1_113' title="bbox 2097 5602 2841 5659">
     <span class='ocr_line' id='line_1_114' title="bbox 2097 5602 2841 5659; baseline 0.003 -4"><span class='ocrx_word' id='word_1_822' title='bbox 2097 5610 2176 5656; x_wconf 89' lang='lat' dir='ltr'><strong>tes</strong></span> <span class='ocrx_word' id='word_1_823' title='bbox 2196 5611 2250 5657; x_wconf 90' lang='lat' dir='ltr'><strong>et</strong></span> <span class='ocrx_word' id='word_1_824' title='bbox 2278 5602 2338 5655; x_wconf 79' lang='grc' dir='ltr'>τὸ</span> <span class='ocrx_word' id='word_1_825' title='bbox 2364 5602 2586 5657; x_wconf 77' lang='lat' dir='ltr'><strong>examen</strong></span> <span class='ocrx_word' id='word_1_826' title='bbox 2613 5605 2841 5659; x_wconf 89' lang='lat' dir='ltr'><strong>dictum.</strong></span> 
     </span>
    </p>
   </div>
  </div>
