3826 6206
232 208 335 272 897
619 282 622 284 γ
1124 220 1224 279 AD
1254 216 1846 302 AMBHILOCHIUM
1884 213 2230 287 QU.‘ESTIO
2258 214 2600 275 CLXXXII.
3391 209 3494 270 898

166 349 174 357 -
229 319 382 372 δαῖόν
417 336 479 372 τε
511 319 606 374 καί
640 321 927 400 ἄνίδρυτον
959 331 1307 402 κατενεχθείη
1337 331 1438 400 τῆς
1469 329 1689 401 πρώτης
1724 344 1823 382 πε-

1942 343 2272 399 tequaquam
2333 329 2573 396 patiatur
2618 324 2880 383 Divinitas
2915 343 2927 381 :
2963 324 3058 381 sed
3109 323 3394 379 materiam
3445 338 3498 375 ει

233 411 424 482 ριοχῆς
446 412 749 492 ἔπορρυὲν,
786 420 883 474 καὶ
909 420 1048 491 πρὸς
1073 421 1311 492 ἑκάστην
1337 420 1583 475 ὶπίνοιαν
1609 419 1822 489 ἀνθρω-

1942 435 2050 490 ιυω
2071 421 2139 474 ad
2164 420 2306 475 hanc
2334 418 2627 488 pertinent,
2656 418 2797 473 inl‘ra
2826 433 2885 476 se
2909 419 3244 486 relinquens,
3271 415 3324 470 in
3359 414 3496 469 trina

231 502 402 579 ξείνην
432 511 945 582 διασκεδαζόμενον.

1942 511 2202 578 Lheologia
2230 511 2412 565 sedem
2451 510 2597 579 ligat,
2629 525 2807 580 neque
2845 509 2994 564 illum
3027 519 3149 580 post
3180 508 3498 564 Trinitatem

238 617 537 656 numerum
575 601 871 671 admittat;
906 621 978 662 ne
1017 605 1084 660 ad
1123 603 1352 662 eﬂ'usam
1402 605 1841 676 ineﬂ‘abilemque
1878 605 2094 661 numeri
2165 604 2435 660 rationem
2473 603 2772 668 deferatur,
2809 603 2853 658 si
2895 619 2925 658 a
2966 605 3141 673 prima
3175 604 3262 658 illa
3294 602 3499 677 [Trini-

236 693 395 767 tatis]
426 697 920 771 comprehensione
952 698 1248 754 deﬂuxerit
1275 707 1329 754 et
1360 700 1429 754 ad
1463 714 1911 769 unamquamque
1931 699 2217 754 hominum
2243 699 2704 768 exCOgitationem
2733 697 3098 766 dispergatur.

309 789 482 856 Τριὰς
511 788 567 841 δὲ
595 791 689 842 καὶ
717 790 840 859 ούχί
868 790 999 854 δυὰς
1027 795 1056 844 ὁ
1085 791 1217 854 Θεὸς
1243 833 1258 857 ,
1290 791 1379 846 ἵνα
1415 791 1490 862 μὴ
1513 791 1612 861 τὴν
1645 791 1823 846 αἰτίαν

1995 790 2114 847 1am
2139 806 2268 845 vero
2296 788 2620 845 Trinitatem
2645 789 2807 847 habet
2832 789 2995 850 Deus,
3020 806 3126 844 non
3155 789 3502 853 tlualitatem;

234 880 336 932 καὶ
366 882 542 951 ἀρχὴν
570 882 667 952 τῆς
712 883 886 952 τομῆς
931 885 1024 936 καὶ
1071 883 1166 937 τοῦ
1213 883 1519 954 σκεδασμοῦ
1559 885 1618 936 ἐν
1647 882 1823 953 ἑαυτῷ

1942 899 1994 938 ie
2024 883 2070 938 si
2103 882 2364 937 sectionis
2411 881 2885 952 dispersionisque
2929 897 3155 937 causam
3202 891 3257 936 et
3301 884 3503 952 princi-

238 976 427 1044 φέρων
457 975 552 1046 τὴν
598 976 805 1029 ἑνιαίαν
851 977 946 1028 καὶ
988 975 1232 1047 ἄτμητον
1278 977 1374 1030 καί⁸
1430 976 1612 1047 πηγὴν
1647 977 1823 1044 πάσης

1942 979 2072 1033 tium
2099 979 2152 1032 in
2189 992 2249 1033 se
2280 978 2396 1047 ipso
2425 978 2626 1042 ferret,
2681 978 3014 1046 singularem
3063 974 3387 1039 insectilem,
3451 985 3507 1027 (ι

238 1068 500 1137 ἑνότητος
547 1069 806 1138 ὲνυϐρίσῃ
855 1069 1034 1136 φύσιν.
1090 1070 1224 1123 Οὐδὲ
1257 1070 1534 1138 τέσσσαρα
1562 1068 1616 1122 δὲ
1649 1067 1823 1138 πολλῷ

1942 1071 2105 1126 mmis
2137 1070 2362 1124 unitatis
2393 1070 2596 1124 fontem
2629 1078 2882 1124 naturam
2915 1066 3245 1123 contumelia
3273 1066 3502 1134 quadam

242 1157 468 1226 μᾶλλον.
516 1158 688 1229 Διπλῆ
719 1161 828 1230 γὰρ
862 1159 1034 1212 ταῦτα
1067 1159 1230 1230 τομὴ,
1270 1161 1303 1230 ἡ
1339 1160 1440 1230 μὲν
1466 1159 1562 1229 τὴν
1612 1159 1823 1228 γένεσιν

1942 1163 2191 1218 alliceret.
2225 1162 2393 1217 Multo
2427 1162 2600 1231 magis
2627 1162 2933 1216 excluditur
2954 1177 2984 1215 a
3008 1160 3116 1215 Deo
3145 1160 3503 1229 quaternitas.

243 1249 739 1318 προκαταλαϐοῦσα
765 1289 778 1315 ,
818 1251 852 1321 ἡ
883 1251 940 1303 δὲ
977 1251 1076 1321 τὴν
1114 1251 1172 1318 ἐξ
1219 1251 1434 1320 ἐκείνης
1475 1251 1823 1307 συντεθεῖσαν

1942 1253 2060 1310 Ιιωο
2081 1256 2240 1310 enim-
2260 1255 2454 1324 duplex
2486 1265 2568 1310 est
2591 1254 2796 1318 sectio;
2827 1269 3060 1322 quarum
3086 1267 3190 1307 una
3217 1251 3328 1323 (5:2)
3355 1268 3509 1307 crea-

238 1341 523 1410 τέμνουσά
543 1359 603 1394 τε
630 1344 725 1402 καὶ
744 1342 1053 1396 διαλύουσα.
1085 1343 1218 1396 Οὐδὲ
1248 1343 1317 1398 τὰ
1347 1343 1508 1396 πέντε
1541 1342 1586 1396 δ’
1617 1344 1682 1397 ἂν
1715 1343 1823 1413 ἔχοι

1942 1347 2138 1400 tionem
2177 1348 2614 1416 praeoccupavit,
2673 1346 2845 1400 altera
2896 1345 3257 1414 compositam
3301 1359 3367 1397 ex
3419 1342 3508 1397 illa

236 1433 437 1505 χώραν
458 1433 818 1504 καθορᾶσθαι,
841 1434 962 1487 οὐδὲ
987 1434 1054 1488 τὰ
1079 1435 1225 1504 ἑξῆς.
1256 1435 1336 1488 Τὰ
1363 1435 1460 1505 μὲν
1483 1435 1565 1488 ὅτι
1595 1435 1823 1505 δεύτερα

1942 1446 2085 1493 secat
2123 1446 2175 1491 et
2202 1439 2474 1493 dissolvit.
2508 1438 2695 1507 Neque
2743 1438 2908 1492 etiam
2963 1437 3018 1489 in
3071 1436 3272 1491 divinis
3326 1435 3505 1490 locum

240 1523 345 1591 τῆς
381 1521 611 1592 Τριὰδος
636 1563 650 1586 ,
683 1525 775 1578 καὶ
813 1525 912 1594 τῆς
964 1527 1082 1578 κατ’
1119 1527 1290 1596 αὐτὴν
1334 1526 1576 1596 ἀμεροῦς
1623 1527 1823 1590 ἐννοίας

1942 1529 2095 1584 habet
2126 1530 2416 1599 quinarius
2447 1522 2708 1584 nmnerus
2738 1545 2914 1598 neque
2941 1531 3119 1584 caeteri
3145 1529 3237 1598 qui
3264 1543 3505 1596 sequun~

242 1613 622 1684 ὑποδέδηκεν.
651 1614 732 1689 Τὰ
753 1614 808 1668 δὲ
834 1616 913 1668 ὅτι
938 1615 1030 1668 τοῦ
1057 1616 1365 1686 σκεδασμοῦ
1393 1620 1481 1670 καί
1511 1618 1610 1686 τῆς
1639 1619 1823 1686 τομῆς,

1942 1637 2052 1687 tur;
2103 1631 2219 1676 tum
2275 1621 2404 1690 quia
2466 1621 2738 1677 secundas
2788 1631 2977 1676 tenent
3034 1627 3159 1690 post
3209 1619 3505 1674 trinitatem

243 1705 348 1758 καὶ
372 1705 472 1774 τῆς
505 1705 638 1776 ῦλης
667 1707 793 1760 ὅσον
822 1709 900 1770 εἰς
932 1706 1180 1761 σύνθεσιν
1211 1709 1459 1779 πρόεισιν
1511 1710 1675 1764 πλέον
1710 1728 1823 1778 μετ·

1942 1721 2136 1781 partes,
2179 1717 2234 1767 ct
2265 1711 2436 1780 ipsius
2474 1711 2607 1765 ideae
2638 1711 2954 1765 indivisibili
2988 1711 3148 1778 longe
3175 1718 3302 1762 sunt
3333 1708 3508 1776 impa-

213 1795 390 1867 ’ἔχει
445 1798 653 1852 Οὐκοῦν
698 1800 927 1863 εἰκότως
965 1802 998 1870 ἡ
1047 1800 1326 1869 θεολογία,
1360 1802 1459 1873 τὴν
1497 1802 1595 1873 μὲν
1630 1803 1823 1874 Τριάδε

1942 1819 2044 1868 res,
2072 1814 2187 1858 tum
2219 1805 2347 1874 quia
2373 1804 2766 1874 dispersionis,
2791 1815 2844 1858 et
2879 1803 3158 1866 sectionis,
3194 1811 3243 1856 et
3266 1803 3509 1856 materiae

251 1887 394 1958 πρὸς
440 1889 802 1960 ὲκφαντορίαν
850 1893 948 1962 τῆς
992 1894 1050 1944 ἐν
1101 1895 1165 1964 τῇ
1213 1892 1374 1963 φύσει
1420 1893 1813 1964 παραλαμϐἁνε

1942 1896 2220 1970 ξιιυοιιιυιη
2279 1898 2379 1950 ad"
2405 1895 2858 1964 compositionem
2906 1892 3162 1964 pertinet]
3215 1901 3342 1944 sunt
3393 1906 3508 1947 am-

241 1981 631 2050 κρυφιὸτητος.
674 1982 747 2035 Τὸ
789 1981 846 2035 δὲ
880 1982 936 2036 ἓν
975 1984 1108 2040 διότι
1147 1985 1323 2038 οὐδενί
1370 1985 1544 2050 οὕτως
1591 1985 1735 2057 ἄλλῳ
1774 1986 1832 2039 τὸ

243 2071 392 2142 ὑπὲρ
423 2072 545 2127 νοῦν
575 2074 804 2145 κρύφιον
835 2079 934 2148 τῆς
969 2077 1220 2148 θεότητος
1251 2077 1328 2141 ὡς
1343 2077 1421 2148 τῷ
1450 2079 1532 2131 ἐνὶ
1560 2078 1829 2146 θεολογεί-

239 2182 338 2216 ται
387 2167 481 2218 καὶ
527 2167 988 2238 παραδείκνυται·
1043 2171 1138 2221 καὶ
1183 2169 1316 2222 διότι
1352 2171 1504 2241 πηγὴ
1551 2173 1830 2241 συμφυΐας

244 2257 471 2327 ἁπάσης
499 2258 878 2328 ὑμνο>.ογεῖται
916 2261 978 2313 τὸ
1009 2260 1162 2313 Θεῖον
1192 2261 1466 2330 ἑνότητος.

1939 1988 2081 2058 plius
2104 1987 2421 2058 participes.
2462 1986 2648 2056 Itaque
2677 1985 2800 2054 jure
2837 1984 3030 2037 merito
3068 1983 3339 2051 theologia
3385 1980 3508 2033 Tri-

1938 2079 2164 2134 nitatem
2197 2079 2418 2147 quidem
2451 2077 2688 2132 assumit
2713 2077 2777 2130 ad
2815 2075 2962 2128 illius
3018 2073 3164 2143 quod
3214 2073 3267 2126 in
3316 2083 3509 2126 natura

1939 2169 2170 2243 [divina]
2199 2169 2574 2234 absconditur,
2607 2169 2849 2238 mysterii
2877 2165 3303 2222 declarationem
3343 2181 3355 2216 :
3391 2164 3512 2216 uni-

1938 2272 2104 2318 tatem
2134 2277 2284 2326 γετί),
2315 2277 2380 2318 eo
2409 2261 2553 2330 quod
2582 2261 2716 2314 nihil
2743 2260 2966 2330 perinde
2989 2274 3053 2312 ac
3077 2257 3259 2311 unitas
3286 2256 3516 2333 abscon-

247 2349 425 2401 ditam
459 2347 688 2404 Deitatis
715 2361 967 2404 naturam
994 2351 1144 2404 onmi
1174 2363 1357 2405 creata
1386 2361 1565 2407 mente
1589 2355 1923 2423 superiorem
1949 2353 2167 2417 indicet,
2187 2361 2323 2406 eteo
2374 2351 2467 2421 qui
2523 2351 2694 2404 Deum
2749 2353 2959 2408 deerat,
3015 2347 3176 2401 modo
3193 2346 3511 2414 eloquatur;

245 2452 448 2523 praeter
488 2443 690 2509 quam3
713 2442 858 2511 quod
896 2441 1082 2496 divina
1112 2443 1338 2498 unitatis
1387 2443 1529 2498 ratio
1571 2455 1831 2513 tanquam
1872 2443 1994 2500 fons
2020 2445 2285 2515 cujusque
2320 2442 2587 2498 naturalis
2614 2443 2950 2512 cognationis
2976 2440 3294 2495 celebratur.

330 2535 452 2588 Ἔτι
485 2535 540 2588 δὲ
571 2537 604 2606 ἡ
632 2537 800 2602 δυὰς,
822 2537 893 2591 τά
921 2555 978 2589 τε
1005 2538 1127 2608 ἴχνη
1157 2537 1252 2592 τοῦ
1289 2539 1362 2609 μὴ
1390 2539 1542 2602 ὄντος
1575 2541 1631 2592 έν
1665 2540 1828 2609 ἑαυτῇ

243 2625 445 2698 πρώτῃ
475 2626 708 2696 μάλιστα
731 2628 904 2698 φέρει.
926 2627 1148 2693 Λύσεώς
1168 2647 1228 2682 τε
1251 2632 1359 2701 γὰρ
1387 2630 1493 2700 πρὸ
1519 2631 1625 2683 τῶν
1651 2630 1827 2684 ἄλλων

242 2715 392 2788 αὕτη
425 2717 613 2787 πηγὴ,
655 2720 748 2771 καὶ
787 2720 962 2790 τομῆς
1009 2721 1101 2774 καί
1133 2723 1481 2793 σκεδασμοῦ,
1529 2724 1622 2776 καί
1666 2727 1830 2776 πᾶσιν

241 2809 402 2864 atria
427 2810 611 2879 φέρειν
641 2814 698 2862 ὲν
724 2811 935 2876 ἑαυτοῖς
968 2813 1068 2882 τῆς
1103 2814 1308 2884 φθορᾶς
1343 2817 1409 2869 τὰ
1437 2817 1718 2886 προοίμια.
1765 2819 1829 2870 Ἡ

2007 2541 2089 2596 Ad
2141 2541 2256 2594 hazc
2289 2539 2529 2595 dualitas
2559 2539 2735 2608 prima
2768 2539 3012 2591 omnium
3046 2536 3287 2590 maxime
3345 2532 3400 2586 in
3454 2546 3514 2587 se

1939 2633 2046 2688 lert
2089 2633 2270 2697 nihili,
2333 2649 2425 2688 seu
2477 2633 2598 2702 ejus
2654 2631 2800 2700 quod
2836 2646 2944 2684 non
2979 2629 3230 2693 exsistat,
3261 2627 3510 2697 vestigia.

1940 2723 2064 2780 llaec
2086 2724 2230 2778 enim
2261 2738 2373 2793 prae
2405 2722 2617 2777 caeteris
2651 2729 2773 2775 lous
2810 2720 3186 2775 dissolutionis
3215 2726 3322 2783 est,
3372 2714 3511 2770 scis-

1937 2801 2080 2870 surae
2111 2824 2165 2869 et
2199 2813 2601 2884 dispersionis;
2642 2826 2974 2880 causamque
3005 2809 3260 2863 omnibus
3310 2805 3516 2877 praebet

245 2908 293 2960 Τ
301 2910 426 2978 pta;
455 2908 509 2959 δὲ
556 2909 618 2960 τὸ
665 2909 909 2980 ἄτμητον
955 2911 1206 2975 εἰκονίζει
1246 2914 1439 2984 πρώτη
1475 2915 1569 2968 καὶ
1600 2916 1823 2968 ἀσκὲδαι

1942 2923 2035 2962 cur
2061 2908 2115 2961 in
2143 2907 2337 2977 seipsis
2358 2906 2607 2977 quaedam
2635 2905 2799 2960 veluti
2835 2902 3135 2972 primordia
3171 2899 3352 2955 ferant
3389 2913 3532 2954 cor-.

246 3015 399 3052 στον.
442 2998 552 3050 Καὶ
590 2997 717 3052 εἴτι
755 3000 892 3053 ἄλλο
922 3002 1140 3072 μετέχει
1169 3004 1267 3074 τῆς
1293 3005 1604 3075 ἀδιαιρέτου
1649 3024 1708 3059 τε
1738 3009 1832 3060 καὶ

244 3088 586 3142 ασκεδάστου
636 3091 850 3157 φύσεως
893 3091 954 3156 ἐξ
995 3093 1165 3163 αὐτῆς
1211 3095 1830 3166 μετειληφὸςίὲπιγινώ-

244 3189 466 3230 σιεται.
500 3177 590 3230 Διὸ
624 3179 685 3231 τὸ
708 3182 860 3232 Θεῖον
902 3181 1128 3246 εἰκότως
1161 3184 1261 3252 τῆς
1309 3185 1438 3254 ῥοῆς
1479 3185 1572 3238 καί
1623 3185 1830 3250 λύσεως

243 3266 352 3320 καὶ
408 3267 613 3338 φθορᾶς
673 3271 852 3324 αἰτίαν
897 3272 1195 3328 ἀπεσίσατο
1224 3287 1271 3328 ι.
1311 3275 1410 3329 Διὰ
1439 3275 1496 3330 δὲ
1535 3277 1637 3346 τῆς
1689 3278 1831 3329 εἰκο-

245 3356 511 3428 νιζούσης
540 3361 770 3430 Τριάδος
819 3363 881 3415 τὸ
933 3364 1233 3435 ἄρρευστὸν
1272 3384 1330 3418 τε
1355 3367 1451 3421 καὶ
1499 3368 1830 3422 ἀσκὲδαστον

245 3447 351 3502 καὶ
419 3449 698 3504 ἀδιάλυτον
768 3453 1228 3521 ὲπιγινώσκεσθαι
1307 3459 1662 3528 κατηξίωσεν.
1721 3463 1830 3516 Καὶ

246 3539 367 3609 γὰρ
412 3539 473 3595 τὸ
524 3541 625 3611 μὲν
666 3543 763 3613 τὴν
791 3545 968 3598 αἰτίαν
1005 3548 1103 3616 τῆς
1142 3549 1314 3618 τομῆς
1360 3550 1452 3602 καὶ
1482 3550 1691 3620 ῥύσεως
1722 3551 1830 3606 τῶν

245 3631 429 3685 ἄλλων
453 3633 742 3702 ὁμοταγῶν
777 3635 965 3690 παθῶν
995 3639 1288 3708 ὑπεριδεῖν,
1324 3642 1523 3694 οἰκεῖον
1553 3643 1825 3714 θεότητος.

247 3725 332 3777 Τὸ
358 3725 415 3778 δὲ
447 3726 546 3796 τὴν
576 3727 780 3798 Τριάδα
826 3729 900 3799 μὴ
954 3731 1312 3800 ὑπεριδόντας
1357 3733 1591 3802 πρώτως
1635 3735 1830 3788 εἰκονί-

246 3817 455 3880 ζουσαν
503 3820 763 3873 τάναντία
803 3822 981 3875 πάντα
1028 3823 1137 3874 τῶν
1171 3824 1476 3893 εἰρημένων
1518 3825 1706 3879 παθῶν
1751 3829 1830 3891 εἰς

246 3910 490 3977 ἀπορίαν
529 3910 621 3962 τὸν
661 3913 1000 3980 ἀνθρώπινον
1042 3913 1167 3966 νοῦν
1207 3915 1510 3970 πλανᾶσθαι
1549 3918 1623 3988 μὴ
1653 3935 1830 3988 παρα-

250 4003 479 4071 χωρεῖν,
521 4002 930 4074 φιλανθρωπίας
957 4005 1018 4058 τέ
1055 4008 1171 4058 ἐστι
1200 4010 1298 4077 τῆς
1338 4009 1657 4080 πρεπούσης
1685 4009 1825 4078 Θεῷ,

251 4092 355 4145 καὶ
386 4093 483 4162 τῆς
523 4095 651 4162 περί
690 4096 839 4164 ἡμᾶς
874 4097 1136 4166 Προνοίας
1172 4101 1610 4169 περιφανεστάτη
1651 4102 1828 4170 παρά-

251 4199 359 4235 στα
367 4200 467 4247 σις.

1939 2997 2166 3067 τιιριθίῑε
2198 3014 2211 3050 :
2253 2995 2493 3051 Trinitas
2521 3007 2703 3050 autem
2734 3035 2748 3060 ,
2803 2993 2950 3062 quod
2996 2993 3171 3048 secari
3210 2991 3516 3062 dispergivc

1939 3091 2148 3160 nequit,
2182 3090 2310 3144 illud
2345 3091 2520 3158 prima
2553 3094 2944 3156 repraesentat;
3006 3093 3060 3140 et
3103 3085 3148 3140 si
3197 3084 3329 3155 quid
3362 3083 3510 3139 aliud

1940 3183 2286 3237 indivisibilis
2333 3197 2433 3235 nec
2479 3179 2874 3249 dispersionem
2911 3178 3167 3248 patientis
3203 3185 3411 3231 natura:
3454 3176 3514 3229 lit

1937 3273 2231 3344 particeps,
2257 3287 2318 3327 ex
2347 3273 2463 3341 ipsa
2493 3272 2764 3342 particeps
2795 3270 2944 3324 illius
2977 3285 3100 3324 esse
3133 3269 3507 3340 cognoscitur.

1938 3367 2111 3432 Quam
2136 3367 2206 3421 ob
2228 3381 2342 3419 rem
2367 3364 2622 3419 divinitas
2652 3379 2874 3418 causam
2916 3363 3169 3428 ellluxus,
3198 3361 3514 3416 dissolutio—

1937 3462 2047 3522 nis,
2074 3469 2129 3513 et
2157 3459 2481 3527 corruptelae
2518 3472 2545 3511 a
2579 3471 2638 3511 se
2667 3457 2783 3525 ipsa
2813 3454 3021 3523 expulit
3059 3473 3071 3508 :
3107 3464 3162 3509 et
3206 3470 3302 3526 per
3335 3453 3516 3508 Trini-

1939 3559 2104 3605 tatem
2135 3565 2257 3618 qua:
2286 3548 2700 3604 immunitatem.
2721 3546 2789 3601 ab
2823 3545 3046 3610 ellluxu,
3077 3545 3439 3601 dissolutione
3460 3557 3516 3600 et

1937 3643 2274 3712 dispersione
2350 3649 2743 3710 reprtesentet,
2820 3638 3045 3709 agnosci
3120 3637 3344 3708 dignata
3407 3645 3511 3692 est.

1937 3734 2147 3789 Etenim
2188 3736 2472 3798 scctionis,
2511 3732 2762 3798 ellluxus,
2791 3741 2846 3787 et
2879 3732 3108 3786 aliarum
3139 3730 3383 3802 ejusdem
3424 3745 3514 3785 oro

1936 3827 2082 3882 diuis
2106 3826 2455 3882 alfeetionum
2484 3839 2703 3882 causam
2742 3825 3042 3893 despicere,
3081 3825 3185 3880 hoc
3211 3839 3344 3879 sane
3372 3823 3512 3878 diri—

1936 3920 2124 3973 nitatis
2147 3929 2231 3974 est
2269 3919 2548 3988 proprium
2579 3937 2594 3974 :
2628 3917 2773 3986 quod
2837 3931 2968 3970 vero
3013 3914 3334 3970 Trinitatem
3392 3929 3513 3983 qua:

1936 4011 2120 4065 omnia
2153 4011 2424 4080 praadictis
2474 4009 2858 4064 affectionibus
2885 4007 3166 4064 contraria
3200 4006 3347 4060 velut
3379 4008 3513 4059 ima~

1935 4102 2058 4170 gine
2086 4102 2322 4170 quadam
2381 4101 2659 4166 exhibeat,
2704 4114 2813 4153 non
2845 4098 3296 4166 despegerimus,
3337 4111 3512 4166 neque

1936 4194 2242 4262 permiserit
2277 4194 2418 4248 Dens
2460 4203 2519 4246 ut
2563 4195 2798 4247 humana
2829 4207 2982 4246 mens
3014 4191 3066 4244 in
3109 4188 3506 4244 dubitationum

251 4280 510 4348 angustia
540 4281 772 4338 adducta
801 4297 1044 4349 erraret;
1087 4284 1192 4338 hoc
1215 4285 1458 4354 proferto
1486 4287 1839 4359 benignitatis
1874 4299 1958 4345 est
1983 4284 2090 4359 qua
2136 4290 2304 4344 Deum
2366 4304 2491 4357 erga
2560 4289 2808 4342 homines
2854 4284 3001 4340 allici
3041 4289 3193 4338 decet
3238 4294 3292 4337 et
3331 4283 3506 4336 mani-

245 4373 616 4427 festissimum
647 4389 773 4443 erga
801 4392 898 4430 nos
928 4377 1293 4432 Providentiae
1317 4393 1728 4449 argumentum.

780 4491 1108 4544 ΕΡΩΤΗΣΙΣ
1147 4495 1314 4548 ΡΙΙΒ’.

491 4579 619 4648 Πῶς
643 4581 900 4651 λέγομεν
927 4583 994 4637 ἓν
1030 4585 1126 4638 καὶ
1152 4587 1283 4653 τρία
1314 4585 1380 4639 τὸ
1409 4587 1608 4646 Θεῖον;

1855 4504 1908 4567 1)
1973 4494 2298 4563 ΟυιΕὸἸῚΟ
2335 4494 2616 4550 CLXXX“
2653 4494 2838 4566 [CoisL
2863 4492 3043 4559 CCXI,
3082 4492 3240 4545 Tuur.
3277 4491 3452 4564 CCII].

2066 4584 2180 4655 (55)
2215 4583 2490 4650 Quomodo
2519 4584 2759 4636 dicamus
2785 4583 2959 4636 Deum
2984 4598 3145 4635 unum
3173 4589 3220 4634 et
3254 4581 3403 4632 tria?

1410 4702 1553 4752 Edita
1575 4717 1602 4752 a
1627 4704 1862 4767 Basnagio
1887 4705 1942 4767 (1,
1967 4715 2010 4752 c.
2038 4717 2086 4764 p.
2108 4701 2357 4761 451-455).

325 4777 426 4831 Ἐν
473 4777 566 4832 καὶ
604 4779 734 4848 τρία
773 4781 832 4834 τὸ
861 4781 1014 4835 Θεῖον
1045 4783 1423 4856 θεολογοῦμεν,
1470 4789 1531 4841 τὸ
1563 4788 1621 4842 ἓν
1650 4788 1706 4841 δὲ
1739 4790 1829 4842 καὶ

240 4870 320 4922 τὰ
347 4871 475 4940 τρία
498 4873 576 4926 ἐνὶ
608 4873 706 4945 τῆς
734 4873 1052 4945 ὑπερφυοῦς
1076 4877 1287 4949 ταύτης
1311 4879 1568 4950 θεαρχίας
1592 4883 1684 4934 καὶ
1709 4883 1832 4936 καθ’

243 4965 403 5034 ἡμᾶς
453 4965 715 5034 ίερολογεῖ
746 4967 1014 5038 θεολογία.
1049 4970 1122 5023 Οὺ
1154 4969 1214 5023 τὸ
1246 4969 1303 5022 ἓν
1332 4972 1389 5022 ἐν
1420 4971 1673 5043 ἀριθμοῖς
1700 4973 1732 5044 ἦ
1764 4973 1831 5028 τὰ

242 5055 379 5124 τρία
407 5055 613 5124 κυρίως
652 5056 840 5130 ὥσπερ
863 5059 957 5112 ἐπὶ
988 5059 1097 5113 τῶν
1127 5060 1269 5114 κατὰ
1296 5061 1459 5129 φύσιν
1487 5064 1581 5118 καὶ
1622 5065 1830 5134 κυρίως

2005 4788 2186 4844 Unum
2221 4796 2275 4841 ct
2304 4787 2408 4840 tria
2439 4785 2606 4840 Deum
2638 4784 2938 4854 tltt-OIOgice
2962 4784 3216 4846 dicimus,
3251 4791 3303 4836 et
3336 4797 3503 4835 unum

1930 4889 1984 4934 et
2018 4879 2121 4934 tria
2152 4879 2207 4932 in
2238 4877 2542 4942 divinitate,
2576 4891 2696 4945 quae
2723 4890 2886 4945 supra
2907 4885 3157 4927 naturam
3189 4882 3293 4940 est,
3320 4881 3504 4926 nOstra

1931 4969 2226 5040 Theologia
2263 4969 2415 5034 dicit,
2444 4984 2550 5024 non
2586 4983 2751 5022 unum
2782 4967 2838 5021 in
2866 4967 3125 5030 numeris,
3157 4967 3235 5020 vel
3261 4965 3360 5020 tria
3383 4981 3508 5034 pro-

1937 5065 2056 5135 prie
2085 5067 2164 5120 sic
2185 5063 2480 5136 accipiens,
2509 5063 2652 5118 sicut
2684 5061 2736 5115 in
2761 5061 2849 5128 iis,
2877 5073 2999 5130 qua:
3023 5059 3321 5114 secundum
3350 5066 3506 5111 natu.

1550 5217 1780 5272 VARUS
1816 5219 2216 5276 LECTIONES.

325 5315 351 5342 ι
385 5302 740 5359 ἀπεσείσατο.

1772 5408 2000 5465 ΝΟΤΛΕ.

329 5492 446 5561 (52)
477 5491 636 5556 Nam,
661 5505 722 5549 ut
751 5512 915 5565 supra
943 5498 1133 5552 docuit
1162 5497 1409 5565 Pltotius,
1442 5501 1624 5555 otnnis
1665 5498 1828 5555 Crea-

2003 5504 2118 5571 (53)
2153 5501 2305 5555 Hanc
2334 5501 2689 5572 quaestionem
2713 5514 2829 5572 nec
2868 5495 3507 5572 nonetdnasnsequegs

241 5556 627 5646 t_ttra_constat
648 5583 710 5618 ex
770 5556 994 5646 materia
1030 5580 1081 5646 et
1136 5556 1346 5636 forma;
1396 5556 1513 5646 'vel
1567 5588 1628 5624 ex
1661 5571 1842 5642 aliqua
1939 5556 2312 5630 tesicliormat
2351 5556 2565 5646 ‘quarta
2601 5588 2665 5625 ex
2709 5567 3196 5624 Dissertationibus
3230 5556 3504 5627 Basnagii.

240 5635 517 5690 dttalitate
546 5650 668 5704 qua:
701 5641 938 5691 materiae
976 5654 1026 5693 et
1055 5641 1243 5695 lornue
1282 5635 1625 5711 respondeat.

589 5730 859 5788 Parum.
906 5732 1020 5792 Gn.
1072 5733 1169 5793 Cl.

3112 5717 3186 5774 '29
