3828 6202
2699 61 2726 69 ,ε

339 150 453 216 899
1507 159 1773 221 ΡΗΟΤΙΙ
1811 160 1918 223 PA?

2041 163 2321 228 TARCHzE
2359 169 2467 230 cr.
3517 168 3625 236 900

341 287 500 338 ram,
551 282 606 328 et
651 273 872 344 proprie
934 274 1214 331 numerari
1279 284 1533 344 possunt,
1562 276 1677 348 (54)
1711 293 1918 333 omnem

2041 281 2357 355 ἀριθμητῶν
2387 284 2918 356 παραλαμϐάνουσα.
2968 284 3230 358 Ἀριθμοῢ
3261 284 3372 358 γάρ
3417 294 3624 355 παντὸς

342 365 487 420 enim
538 381 827 422 numerum
868 374 922 422 et
961 367 1250 432 unitatem,
1281 382 1404 438 quae
1437 379 1568 424 sunt
1610 379 1794 440 partes
1823 387 1918 426 nui

2044 373 2140 427 καὶ
2171 375 2394 438 ἐνάδων,
2427 375 2482 430 αἳ
2525 376 2594 431 τά
2644 374 2740 429 τοῦ
2784 375 3024 448 ἀριθμοῦ
3089 377 3230 450 μέρη
3287 379 3380 432 καὶ
3438 379 3628 452 πάσης

343 457 504 521 meri,
535 469 588 512 et
618 473 834 513 omnem
868 458 1031 514 aliam
1059 460 1423 529 quantitatem
1456 460 1714 515 divinitas
1737 504 1750 526 ,
1780 479 1918 517 meu-

2041 462 2208 535 ἄλλης
2229 465 2605 539 ἀναπληροῦσι
2636 466 2962 539 ποσότητος,
2996 468 3281 533 παντελῶς
3306 471 3340 541 ἡ
3375 471 3628 543 ὑπεράρ-

343 565 471 605 sura
510 566 731 614 arcana,
769 567 892 620 qua
914 553 1162 622 expromi
1191 567 1301 606 non
1331 560 1530 622 potest,
1567 564 1810 624 superat,
1838 570 1918 610 sec

2041 571 2156 626 χιος
2179 557 2491 630 άγαθαρχία
2511 599 2527 625 ,
2560 560 2784 634 ἀρρήτῳ
2825 559 3009 632 μέτρῳ
3039 561 3416 634 ὑπερίδριῖται.
3463 563 3628 616 Ἀλλά

343 643 647 714 symbolice
683 644 906 698 nomine
937 645 1127 699 -unius
1173 645 1474 714 intelligere
1501 659 1797 714 possumus
1838 663 1932 704 oc-

343 738 547 790 cultam
583 737 730 791 illam
755 748 803 791 et
831 737 1068 792 abditam
1093 737 1292 790 divina:
1319 745 1531 791 natura:
1561 739 1853 803 rationem,
1878 749 1932 794 et

343 826 410 880 ab
446 827 596 880 omni
636 842 771 882 voce
804 837 856 881 et
906 835 1059 881 extra
1093 841 1152 880 se
1182 826 1501 895 egressione
1537 828 1926 894 remotionem,

341 925 394 970 et
430 925 486 970 ut
515 919 596 971 sic
627 918 839 987 loquar,
875 916 1291 971 inclinationem
1327 923 1382 969 et
1415 917 1810 987 ingressionem
1860 919 1928 972 ad

341 1007 728 1077 semetipsam;
782 1008 1234 1075 reconditumque
1293 1005 1422 1060 illud
1471 1016 1685 1062 natura:
1763 1024 1926 1078 supra

342 1113 561 1153 omnem
614 1099 1003 1169 cogitationem
1045 1107 1098 1150 et
1137 1095 1550 1166 intelligentiam
1575 1107 1796 1156 evectae.
1823 1099 1927 1154 No-

343 1207 465 1244 men
500 1206 627 1246 vero
658 1193 822 1245 trium
854 1190 1077 1260 mystice
1103 1188 1262 1244 docet
1294 1191 1612 1256 bonitatem,
1650 1207 1773 1262 quae
1803 1208 1921 1247 eam

341 1281 473 1337 facit
505 1279 873 1343 manifestam,
906 1287 960 1332 et
989 1294 1095 1348 qua
1133 1278 1400 1348 procedit,
1434 1295 1602 1349 seque
1640 1282 1920 1351 expandit,

338 1386 394 1431 et
426 1376 682 1445 explicat,
753 1391 861 1428 non
917 1382 1088 1428 totum
1146 1372 1416 1445 fulgorem
1491 1377 1776 1443 emittens,
1826 1379 1921 1432 sed

2039 649 2147 719 μὴν
2191 649 2279 704 διὰ
2334 651 2430 704 τοῦ
2484 651 2603 715 ἑνὸς
2657 651 2757 723 τὴν
2804 653 3143 724 κρυφιότητα
3198 653 3369 725 αὑτῆς
3415 655 3512 708 καὶ
3560 655 3626 707 τὸ

2033 739 2361 809 ἄφθεγκτον,
2385 746 2479 795 καὶ
2506 743 2864 814 ἀνεκφοίητον
2897 752 2948 806 1,
2981 746 3079 797 καὶ
3109 743 3228 808 πῶς
3261 746 3328 797 ἄν
3358 763 3442 808 τις
3471 745 3624 798 εἴποι

2031 831 2093 883 τὸ
2121 830 2344 885 συνεῦον
2369 835 2450 896 εἰς
2479 835 2680 903 ἑαυτὴν
2714 834 2806 887 καὶ
2851 834 3216 905 σεσιγημένον
3245 837 3343 906 τῆς
3378 834 3620 905 φύσεως,

2038 924 2135 978 καὶ
2173 925 2376 990 παντὸς
2435 926 2693 980 ἐπέκεινα
2743 927 2838 981 καὶ
2869 927 2959 980 νοῦ
3013 931 3109 982 καὶ
3154 929 3416 1000 νοήσεως,
3474 948 3621 1001 συμ-

2031 1015 2267 1080 some;
2319 1016 2596 1070 ἐνδίδωσιν
2637 1017 3105 1073 ἀναπτύσσεσθαι.
3138 1020 3212 1073 To
3253 1020 3310 1072 δὲ
3341 1001 3469 1092 τρία
3516 1021 3622 1092 τὴν

2028 1107 2432 1179 ὲκφαντορικὴν
2486 1108 2659 1180 αὐτῆς
2707 1109 3024 1181 ἀγαθότητα
3090 1113 3185 1164 καὶ
3241 1111 3467 1183 πρόοδον
3521 1114 3620 1166 καὶ

2025 1199 2338 1266 ἐξάπλωσιν
2423 1201 2775 1271 ίερολογικῶς
2833 1206 3190 1276 μυσταγωγεῖ
3244 1205 3340 1258 καὶ
3405 1207 3620 1260 ἀνακα-

2024 1291 2240 1347 λύπτει.
2296 1293 2409 1365 Οὐχ
2478 1295 2606 1364 ὅλην
2657 1297 2756 1365 τὴν
2807 1294 3004 1366 αἴγλην
3052 1296 3461 1365 ὲναυγάζουσα,
3497 1298 3619 1352 ἀλλ’

2025 1383 2158 1454 ὅσην
2218 1386 2250 1455 ἠ
2309 1385 2625 1459 ἀνθρωπίνη
2683 1387 2848 1456 φύσις
2911 1386 3115 1457 δυνατὴ
3179 1387 3613 1459 παραδέχεσθαι.

337 1477 602 1537 quantum
644 1474 837 1520 natura
868 1465 1110 1520 bumana
1133 1473 1312 1535 potest
1343 1465 1603 1536 recipere,
1636 1466 1689 1521 in
1721 1468 1918 1537 quibus

2041 1477 2090 1528 it’
2119 1469 2196 1531 ὧν
2215 1477 2243 1531 ὃ
2269 1494 2328 1530 τε
2359 1479 2726 1548 Δημιουργὸς,
2754 1479 2849 1532 καὶ
2871 1479 2904 1549 ἡ
2938 1480 3356 1551 αὑθυπόστατος
3381 1479 3616 1551 δύναμίς

336 1557 560 1610 Creator
616 1564 670 1610 et
727 1555 964 1626 potentia
1007 1556 1148 1625 ejus,
1175 1569 1247 1608 ac
1292 1555 1632 1625 providentia
1673 1573 1794 1626 quae
1825 1575 1918 1629 per

2041 1583 2082 1619 τε
2106 1567 2202 1620 καὶ
2225 1568 2454 1640 πρόνοια
2479 1572 2543 1640 τῇ
2568 1569 2822 1640 ζωογόνῳ
2849 1569 2944 1622 καὶ
2969 1572 3262 1642 συνεκτικῇ
3284 1570 3380 1623 τοῦ
3409 1571 3614 1634 παντζς

335 1664 394 1704 se
429 1649 666 1714 exsistit,
709 1658 833 1703 actu
858 1648 1073 1704 viviﬁco
1091 1649 1343 1704 etomnia
1377 1659 1736 1705 conservante
1759 1653 1918 1706 simul

2041 1633 2404 1731 ςυνεκλάμπει
2458 1633 2552 1714 καλ
2585 1633 3043 1732 συναναιραίνεται
3075 1633 3349 1734 ἐνεργείᾳ.
3401 1662 3464 1715 Ἢ
3499 1663 3614 1731 γάρ

335 1742 664 1812 splendescit
688 1751 741 1796 et
772 1741 1064 1797 innotescit
1089 1784 1103 1809 ,
1136 1743 1152 1811 (
1179 1742 1288 1813 55)
1318 1742 1408 1796 illa
1453 1734 1597 1797 enim
1646 1745 1922 1817 παντελὴς

334 1835 613 1906 ἀκινησία,
661 1835 714 1889 id
746 1844 850 1900 est,
890 1835 1128 1906 perfecta
1175 1835 1335 1904 quies
1370 1841 1424 1889 et
1459 1835 1816 1891 immobilitas
1865 1839 1920 1892 in

333 1929 622 1984 mansione
675 1943 874 1982 arcana
925 1935 978 1982 et
1028 1927 1234 1994 abdita,
1266 1944 1385 1997 quae
1411 1929 1660 1998 expromi
1689 1943 1797 1983 non
1829 1943 1923 2004 po-

335 2031 460 2086 test,
497 2021 640 2076 sicut
693 2021 747 2074 in
802 2020 1055 2074 thalamis
1095 2020 1296 2074 silentii
1346 2023 1676 2086 occultatur,
1720 2023 1803 2078 sic
1851 2023 1922 2078 ab

334 2115 485 2170 omni
533 2121 715 2169 mente
774 2115 1022 2177 secessit,
1065 2114 1326 2183 quoniam
1357 2129 1457 2169 nec
1485 2123 1569 2170 est
1593 2130 1771 2183 mens,
1799 2131 1922 2186 quae

334 2209 402 2264 ad
458 2223 522 2262 ea
574 2207 923 2276 intelligenda
979 2206 1259 2272 ascendat,
1297 2223 1420 2278 qua:
1465 2223 1632 2279 supra
1681 2217 1919 2264 mentem

331 2307 478 2355 sunt.

404 2389 460 2444 In
495 2389 684 2460 primis
719 2389 979 2459 cogitatio
1014 2398 1226 2457 nostra,
1267 2399 1325 2446 ut
1360 2391 1528 2446 Deum
1558 2395 1732 2462 decet,
1769 2412 1921 2452 man-

333 2480 544 2536 sionem
574 2489 629 2536 et
662 2480 976 2547 stationem,
1003 2487 1055 2534 et
1086 2479 1326 2550 quietem
1362 2481 1669 2551 immotam,
1691 2494 1744 2540 et
1769 2486 1923 2542 iden-

2024 1752 2084 1806 ὲν
2115 1754 2181 1823 τῇ
2208 1761 2232 1789 ι
2265 1753 2530 1823 ἀφράστῳ
2560 1755 2659 1824 τῆς
2693 1753 3056 1825 κρυφιότητος
3093 1753 3254 1824 μονὴ,
3287 1755 3384 1808 καὶ
3413 1771 3616 1808 παντε-
3644 1766 3647 1768 ’

2024 1843 2122 1916 λὴς
2168 1845 2461 1915 ἀκινησία,
2514 1845 2703 1916 ὥσπερ
2743 1846 2808 1918 δὴ
2845 1849 2957 1910 τοῖς
2997 1847 3098 1916 τῆς
3143 1847 3302 1916 σιγῆς
3345 1846 3613 1919 θαλάμοις

2023 1939 2523 2010 ὲναποκρύπτεται,
2566 1939 2712 1993 οὕτω
2738 1939 2803 2012 δὴ
2851 1940 2949 1992 καὶ
2994 1939 3236 2003 διανσίας
3270 1939 3488 2011 πάσης,
3527 1941 3612 1994 ὅτι

2026 2032 2151 2102 μηδ’
2179 2030 2443 2104 ⁸ἡντινοῖῐς
2467 2042 2486 2063 ·
2532 2034 2612 2096 εἰς
2656 2032 2726 2087 τά
2770 2032 2913 2104 ὑπὲρ
2955 2031 3082 2087 νοῦν
3121 2030 3292 2087 ἀνιὼν
3321 2031 3609 2104 ἀνακεχὼ-

2025 2139 2212 2195 ρηκεν.

2103 2396 2193 2449 Ἐν
2221 2396 2321 2467 μὲν
2350 2391 2443 2451 οὖν
2465 2397 2493 2437 b
2524 2398 2636 2460 τοῖς
2666 2395 2906 2468 πρώτοις
2935 2397 2968 2468 ἡ
2999 2395 3312 2468 θεοπρεπὴς
3334 2395 3609 2466 φαντασία

2019 2490 2119 2560 τὴν
2150 2489 2318 2561 μονὴν
2347 2491 2440 2544 καὶ
2482 2491 2690 2555 στάσιν,
2727 2490 2822 2543 καὶ
2847 2490 2908 2542 τὸ
2936 2489 3192 2560 ἀκίνητον
3221 2490 3316 2543 καὶ
3344 2488 3443 2560 τὴν
3471 2486 3606 2543 ταυο

333 2571 565 2634 titatem,
599 2579 652 2625 et
679 2578 945 2640 quantum
978 2579 1158 2639 potest
1193 2569 1433 2624 bumana
1459 2581 1652 2628 natura
1685 2590 1918 2644 superne

2041 2583 2244 2654 τότητα,
2279 2583 2373 2638 καὶ¹
2401 2584 2525 2636 ὅσον
2553 2585 2671 2636 ἐστὶ
2705 2583 2930 2636 δυνατὸν
2964 2583 3285 2654 ἀνθρωπίνῃ
3316 2582 3480 2650 φύσει
3522 2582 3609 2635 δέ-

332 2663 631 2719 illuminari
663 2663 954 2733 splendore
983 2662 1135 2717 illinc
1174 2663 1366 2732 misso,
1403 2664 1512 2735 (56)
1546 2666 1840 2738 coniuncte
1867 2679 1918 2726 et

2041 2675 2218 2742 ξασθαι
2251 2675 2349 2738 τάς
2387 2674 2942 2746 ὑπερανωσκειμένας
2975 2686 2996 2714 ο
3042 2675 3218 2744 αὐγάς
3255 2675 3357 2746 τῆς
3395 2675 3610 2730 ἐκεῖθεν

331 2759 583 2827 c0pulate
604 2755 1024 2824 contemplatur.
1057 2753 1158 2810 llic
1180 2770 1312 2810 vero
1335 2756 1567 2823 unitam,
1597 2768 1651 2814 et
1671 2760 1916 2816 deiﬁcam

2041 2767 2363 2838 ιλλάμψεως,
2399 2767 2499 2836 τῆς
2555 2767 2724 2838 μονῆς
2772 2767 2873 2821 καὶ
2905 2767 3149 2830 στάσεως
3185 2768 3282 2821 καὶ
3318 2767 3611 2837 ἀκινησίας

331 2850 726 2913 diversitatem,
767 2857 819 2903 et
855 2847 1272 2918 inseparabilem
1307 2849 1417 2922 (57)
1453 2851 1506 2905 in
1538 2853 1787 2921 personis
1813 2853 1918 2907 im-

2041 2858 2080 2912 τὸ
2108 2858 2482 2931 συνῃρημένον
2509 2857 2805 2912 ἐποπτεύει
2827 2873 2844 2889 ⁶
2898 2857 3134 2912 ἐνταῦθα
3177 2857 3236 2911 δὲ
3269 2856 3369 2928 τὴν
3399 2857 3605 2928 ἐνοειδῆ

337 2944 524 3009 motis,
563 2950 622 2997 ut
653 2940 817 2995 Deum
851 2939 1025 3008 decet,
1051 2949 1386 3008 manentem,
1409 2953 1666 3014 tanquam
1690 2960 1755 3000 ex
1776 2946 1918 3001 fonte

2041 2953 2116 3005 tati.
2163 2951 2424 3022 θεουργὸν
2472 2951 2808 3023 ἑτερότητα,
2865 2951 2966 3004 καὶ
3014 2951 3112 3022 τὴν
3166 2950 3489 3004 ἀδιάστατον
3546 2951 3610 3001 ὲν

327 3049 533 3090 arcano
558 3042 610 3088 et
642 3034 849 3099 abdito,
881 3034 1136 3088 decenter
1167 3033 1279 3089 Deo
1303 3034 1730 3109 aspicit._Unum
1755 3035 1917 3106 igitur

2041 3040 2300 3114 ἱκινήτοις
2327 3045 2659 3098 ὑποστάσεσι
2691 3043 2925 3114 κίνησιν,
2962 3044 3219 3114 ἀρρήτως
3245 3059 3306 3094 τε
3337 3041 3435 3095 καὶ
3473 3042 3608 3112 ῥοῆς

327 3137 383 3183 et
406 3128 506 3182 tria
538 3136 619 3180 est
644 3124 809 3190 Deus,
838 3140 948 3179 non
995 3125 1292 3180 secundum
1327 3137 1498 3180 artem
1557 3129 1913 3194 numerandi,

2041 3134 2185 3202 εωρὶς
2239 3133 2458 3204 ἀπάσης
2507 3133 2829 3203 θεοπρεπῶς
2886 3131 3196 3186 ἐπιϐλέπει.
3256 3130 3353 3185 Ἐν
3402 3129 3497 3184 οὖν
3543 3130 3609 3184 τὸ

327 3224 433 3280 boc
460 3239 592 3279 sane
633 3232 759 3278 ante
788 3237 891 3275 nos
923 3221 1011 3275 ille
1037 3237 1363 3276 arcanorum
1399 3227 1658 3293 magister
1686 3239 1915 3294 magnus

2041 3225 2160 3277 ιεῖον
2202 3224 2299 3278 καὶ
2330 3224 2490 3294 τρία,
2515 3227 2578 3278 οὑ
2624 3224 2769 3278 κατά
2800 3224 2901 3296 τὴν
2947 3223 3318 3297 ἀριθμητικὴν
3359 3222 3608 3294 τεχνολο-

330 3314 624 3386 Dionysius
661 3312 730 3368 ab
761 3313 853 3367 illo
888 3311 1193 3379 institutus,
1226 3313 1322 3382 qui
1354 3330 1476 3383 quae
1517 3315 1762 3384 expromi
1806 3328 1912 3369 non

2041 3316 2158 3369 ’ίαν.
2193 3314 2365 3369 Τοῦτο
2394 3315 2451 3369 δὲ
2483 3315 2591 3387 ἄρα
2619 3317 2715 3378 καὶ
2743 3317 2852 3386 πρὸ
2885 3316 3044 3387 ήμῶν
3075 3318 3104 3370 ὁ
3128 3316 3238 3371 τῶν
3269 3316 3607 3388 ἀπορρήτων

329 3416 597 3479 possunt,
627 3421 754 3460 eum
806 3401 1012 3471 docuit,
1047 3405 1386 3476 signiﬁcans,
1435 3407 1650 3483 aiebat,
1691 3409 1784 3478 qui
1828 3417 1915 3464 est

2041 3409 2230 3480 ιύστης
2285 3409 2391 3462 ὑπὸ
2435 3407 2529 3462 τοῦ
2581 3409 2653 3462 τά
2702 3409 3060 3481 ἀνέκφραστα
3104 3406 3605 3480 μυπαγωγοῦπος

327 3498 598 3564 omnium,
626 3511 749 3567 qua:
785 3497 888 3551 sub
929 3497 1344 3567 intelligentiam
1373 3499 1574 3553 cadunt
1601 3499 1819 3564 eximie,
1860 3509 1914 3554 et

2041 3535 2042 3542 η
2074 3502 2250 3573 μέγας
2297 3500 2527 3572 μυηθεὶς
2559 3501 2839 3565 Διονύσιος
2867 3502 3246 3572 αἰνιττόμενος
3277 3501 3487 3572 ἔλεγεν,
3526 3499 3607 3554 ὼε

325 3589 657 3648 excellenter
682 3589 923 3652 effector,
950 3604 1054 3644 nec
1083 3597 1166 3645 est
1202 3605 1396 3655 unum,
1433 3606 1534 3646 nec
1567 3592 1768 3657 unitas,
1798 3591 1914 3647 col-

2059 3593 2261 3657 παντὺς
2285 3593 2477 3665 νοητοῦ
2504 3591 2629 3646 καθ’
2654 3591 2933 3665 ὑπεροχὴν
2954 3592 3131 3657 αἴτιος
3155 3592 3283 3646 οὔτε
3331 3592 3391 3646 ἓν
3425 3593 3601 3649 ἐστιν.

327 3684 516 3740 locans
570 3700 698 3740 eum
758 3699 922 3754 super
968 3686 1174 3750 omnia,
1211 3700 1334 3756 qua:
1375 3685 1518 3754 apud
1567 3699 1667 3739 nos
1697 3694 1825 3740 sunt
1857 3686 1911 3739 in

2044 3684 2136 3740 ὑτε
2164 3685 2378 3755 ἑνότης,
2407 3684 2722 3756 ὑπερτιθεὶς
2751 3685 2914 3738 αὑτὸν
2956 3684 3067 3738 τῶν
3096 3685 3155 3738 ὲν
3188 3685 3321 3756 ἡμῖν
3345 3683 3607 3738 ἁπάντων

327 3776 534 3833 honore
576 3788 630 3832 et
663 3776 873 3846 pretio,
905 3776 1338 3848 declaransque,
1373 3786 1431 3831 ut
1459 3784 1545 3832 est
1589 3785 1716 3832 ante
1768 3778 1906 3844 alia,

326 3870 409 3927 sic
453 3870 619 3926 etiam
651 3885 772 3925 esse
807 3876 930 3924 ante
981 3870 1438 3925 numerationem.
1471 3867 1537 3922 Et
1569 3883 1793 3935 rursus,
1824 3870 1910 3923 in-

323 3969 485 4038 quit,
544 3966 796 4022 videmus
845 3965 1184 4020 divinitatem
1242 3960 1723 4019 sacre'laudatam
1785 3975 1908 4018 Ian-

323 4074 486 4131 quam
521 4060 831 4126 monadem,
865 4067 920 4114 et
952 4058 1215 4112 unitatem
1251 4056 1464 4122 (Deum,
1503 4055 1750 4126 inquam,
1793 4067 1910 4112 tau-

322 4165 489 4221 quam
547 4151 728 4206 solum
775 4158 830 4204 et
889 4149 1082 4218 unum)
1124 4155 1349 4218 propter
1396 4146 1802 4216 simplicitatem
1855 4157 1910 4204 et

324 4243 590 4299 unitatem
631 4241 1081 4314 impartibilitatis
1127 4255 1291 4310 supra
1360 4246 1634 4308 naturam,
1669 4256 1734 4294 ex
1775 4257 1904 4311 qua,

2009 3780 2230 3852 τιμίων.
2262 3780 2374 3834 Καὶ
2403 3779 2468 3851 δὴ
2503 3780 2599 3833 καὶ
2642 3779 2802 3850 δῆλον
2845 3777 2922 3842 ῶς
2969 3777 3078 3847 πρὸ
3117 3777 3225 3831 τῶν
3267 3778 3464 3862 sum,
3506 3781 3606 3830 καὶ

2010 3872 2110 3940 τῆς
2143 3868 2620 3941 συναριθμήσεως,
2653 3870 2748 3922 καὶ
2771 3867 2934 3921 πάλιν
2958 3866 3177 3939 ὁρῶμεν
3209 3867 3310 3939 τὴν
3341 3867 3606 3938 θεαρχίαυ

2013 3961 2174 4034 ἱερῶς
2200 3962 2572 4032 ὑμνουμένην,
2603 3960 2680 4024 ὡς
2703 3960 2912 4031 μονάδα
2941 3958 3042 4030 μὲν
3064 3960 3160 4013 καὶ
3187 3959 3373 4022 ὲνάδα,
3390 3958 3477 4012 διά
3500 3960 3608 4029 τὴν

2011 4053 2289 4124 ἁπλότητα
2311 4055 2406 4107 καὶ
2427 4053 2656 4122 ἑνότητα
2676 4053 2774 4124 τῆς
2797 4052 3112 4126 ὑπερφυοῦς
3141 4052 3427 4124 ἀμερείας,
3447 4050 3509 4114 ἐξ
3531 4045 3606 4117 ἧς

2009 4148 2085 4212 ὼς
2118 4146 2366 4202 ἑνοποιοῦ
2406 4145 2689 4214 δυνάμεως
2720 4143 3036 4216 ὲνιζόμεθα,
3063 4144 3159 4198 καὶ
3187 4143 3296 4197 τῶν
3324 4143 3606 4215 μεριστῶν

2008 4242 2169 4314 ἡμῶν
2193 4243 2280 4295 ἐτε
2291 4241 2529 4311 ροτήτων
2557 4236 2950 4310 ὑπερκοσμίως
2988 4236 3469 4308 συμπυσσομένων
3487 4234 3604 4301 ἀοι,

1593 4405 1832 4462 γΑῐιιιλΕ
1867 4397 2276 4458 LECTIONES.

397 4531 423 4572 7
446 4524 482 4580 ι.
515 4524 926 4596 ἀνεκφοίτητον,
972 4592 982 4596 _
1006 4531 1030 4560 ι
1059 4520 1155 4592 τῷ.
1193 4592 1206 4596 _
1232 4534 1259 4564 II
1281 4523 1318 4587 1,
1354 4523 1475 4595 μηδ’
1490 4519 1557 4596 ἦν
1585 4542 1670 4587 τις
1693 4525 1836 4586 νοῦς,
1858 4523 1942 4579 vel
1978 4522 2100 4594 μηδ’
2130 4515 2200 4592 ἦν
2221 4536 2367 4584 τινος
2392 4517 2538 4585 νοῦς⁴
2615 4519 2646 4560 δ
2668 4518 2786 4575 dele
2811 4513 2929 4574 οὖν.
3006 4530 3032 4561 ο
3055 4518 3091 4575 l.
3116 4518 3373 4588 ὑπεράνω
3403 4518 3607 4588 κειμέ-

323 4610 421 4657 νας
446 4595 528 4650 vel
559 4592 1105 4666 ὑπερανῳκισμένας.
1181 4592 1268 4633 δἐι

1310 4597 1344 4650 l.
1398 4612 1461 4648 συ
1471 4597 1928 4666 μπτυσσομένων.

1833 4712 2071 4771 NOTAE.

395 4799 510 4874 (54)
539 4799 759 4874 Omnem
787 4800 928 4874 enim
961 4816 1244 4874 numerum
1277 4811 1383 4874 etc.
1408 4812 1644 4874 superat.
1691 4802 1897 4874 ῌἊριθ-

327 4869 427 4956 μορ
451 4870 558 4956 γὰρ
577 4870 777 4956 tua.ng
793 4871 887 4956 κα)ζ
911 4871 1134 4956 ὲνάξων,
1153 4871 1222 4954 9ιῖ
1247 4871 1316 4927 τά
1351 4871 1446 4956 τοῦ
1475 4869 1718 4943 ἀριθμοῦ
1759 4869 1902 4956 μέρη

323 4941 420 5015 κα).
470 4940 651 5015 πάσης
680 4940 840 5015 ἄλλης
862 4943 1240 5015 ἀναπληροῦσι
1274 4940 1589 5013 ποσότητος,
1617 4940 1904 5015 παντελῶς

321 5012 356 5081 ἡ
395 5011 1100 5087 ῠτῖεράρχιοςςργαθαρχιᾷ
1141 5015 1366 5087 ἀρρήτφ
1395 5011 1578 5087 μέέρῳ
1605 5013 1904 5084 ὑπερίδρυα

323 5059 433 5136 νέαι.
551 5059 644 5136 (ΞΞῖ
664 5100 678 5136 ἒ
701 5059 1155 5139 τΟιῐῖιιθιῐιΓὲιιὶιιι
1182 5059 1477 5140 τιδυῖηέτιῗηι
1501 5059 1587 5141 ..ἆ
1639 5059 1900 5148 ΙΜὶῖιέιᾶἓῇ

323 5169 446 5226 qua:
476 5153 688 5226 numeri
743 5163 798 5208 et
822 5156 1007 5226 omnis
1067 5156 1661 5226 alteriusquantitatis
1717 5167 1902 5226 partes

323 5224 647 5294 adimplent,
683 5225 911 5294 omnino
941 5235 1162 5294 superat
1193 5224 1453 5280 ineffabili
1489 5224 1743 5281 mensura
1802 5242 1902 5294 op-

327 5293 496 5368 timus
532 5293 620 5348 ille
661 5293 1027 5368 [Divinitatisl
1070 5296 1408 5366 principatus
1461 5312 1681 5352 omnem
1738 5293 1902 5366 supra

324 5365 690 5435 principatum
733 5365 969 5434 positus.
998 5365 1016 5418 ὁ

395 5435 508 5506 (55)
541 5435 647 5488 ιιια
689 5437 826 5488 enim
873 5437 1107 5506 perfecta
1170 5438 1316 5506 quies
1367 5447 1418 5492 et
1455 5438 1796 5492 immobilitas
1846 5440 1902 5492 in

319 5507 595 5578 mansione
611 5517 881 5578 grcanaﬁet
906 5509 1090 5561 abdita
1111 5524 1227 5578 qua:
1243 5511 1482 5578 expromi
1505 5526 1608 5562 non
1625 5519 1815 5577 potest.
1838 5507 1902 5561 Ἡ

321 5577 508 5651 γὰρ-ὲν
521 5579 586 5651 τῇ
610 5573 752 5649 [lego
765 5577 866 5651 τῷ]
891 5573 1155 5651 ἀφράστῲ
1168 5579 1269 5651 τῆς
1279 5573 1643 5651 κ’ρυφιότητος
1661 5579 1796 5649 μονὴ
1809 5579 1902 5631 καὶ

321 5645 591 5717 παντελὴς
613 5645 901 5720 ἀκινησία.
937 5645 993 5704 Id
1021 5645 1138 5704 esti
1168 5667 1186 5700 ι
1223 5645 1362 5703 Nam
1381 5645 1592 5704 mansio
1613 5645 1898 5705 itisrci'eto

2009 4799 2293 4865 ineffabili,
2355 4807 2408 4854 et
2462 4797 2701 4870 perfecta
2754 4800 2846 4856 illa
2914 4800 3291 4858 immobilitas.
3327 4819 3347 4852 ι

2079 4871 2192 4954 (56)
2225 4870 2514 4954 (Ionia-uncta
2544 4881 2592 4924 et
2621 4875 2875 4954 copulate
2893 4874 3302 4954 contemplatur.
3340 4870 3443 4954 Hic
3476 4891 3606 4930 vero

1999 4941 2212 4995 unitum
2245 4957 2294 4994 et
2325 4942 2592 5010 deiﬁcam,
2653 4953 2765 4997 etc.
2811 4942 2916 5008 τῆς
2946 4941 3122 5011 μονῆς
3177 4942 3274 4994 καὶ
3334 4944 3603 5008 στάσεως

2001 5013 2096 5085 καὶ
2141 5013 2446 5085 ⁸ἀκινησέςιις
2499 5012 2559 5085 τό
2592 5011 3339 5085 συνῃρημένονὲποπτεὺειῂ-
3361 5015 3606 5069 ἐνταῦθα.

1999 5082 2058 5135 δὲ
2085 5082 2201 5164 ⁹’τὴν
2233 5082 2434 5164 ἑνοειιδῆ
2470 5081 2898 5164 και-θεουργόν.
2936 5081 2990 5164 ld
3027 5091 3111 5163 est
3142 5100 3156 5136 :
3230 5102 3249 5134 ι
3292 5081 3602 5141 Mansmnis

2001 5153 2226 5222 quietis,
2287 5153 2772 5206 etimmobilitatis
2840 5154 3281 5208 contractionem
3341 5167 3603 5210 cointem-

2002 5224 2183 5293 platur
2223 5239 2234 5275 :
2267 5222 2366 5276 Hie
2399 5239 2528 5277 vero
2565 5225 2896 5278 unil'ormem
2933 5234 2987 5278 et
3012 5223 3286 5277 deiﬁcam.
3323 5235 3428 5280 etc.
3462 5246 3480 5277 ι

2077 5295 2190 5365 (57)
2212 5293 2659 5359 lnseparabilem,
2688 5304 2789 5348 etc.
2823 5295 2929 5349 Deo
2961 5294 3173 5364 aspicit.
3204 5295 3316 5365 Τὴν
3334 5295 3601 5348 ἀδιάστα-

2003 5364 2093 5418 τον
2118 5367 2175 5416 ἐν
2209 5366 2489 5432 ἀκινήτοις
2520 5365 3086 5435 ὑποστάσεσικίνησιν
3111 5364 3378 5435 ἀρρήτως
3419 5383 3480 5419 τε
3501 5369 3603 5419 καὶ

2003 5436 2133 5508 ῥοῇς
2162 5434 2337 5508 χωρὶς,
2367 5435 2598 5508 ἀπάσης
2630 5434 2963 5508 θεοπρεπῶς,
2984 5432 3311 5508 ἐπιϐλέπει.
3365 5434 3421 5508 ιιι
3459 5446 3545 5492 est
3585 5455 3608 5508 ε,

2005 5523 2027 5554 σ
2065 5505 2488 5574 lnseparabilem
2533 5505 2586 5558 in
2635 5507 2888 5574 personis
2953 5506 3198 5564 immotis
3261 5506 3594 5572 motionem,

2000 5575 2349 5630 inelfabiliter
2382 5586 2437 5630 et
2465 5575 2673 5646 absque
2702 5576 2856 5631 omni
2889 5576 3064 5646 ﬂuxu,
3098 5583 3264 5646 prout
3297 5577 3469 5633 Deum
3496 5579 3598 5634 de-

1998 5655 2105 5714 cet,
2139 5647 2351 5716 aspicit.
2391 5666 2409 5696 ι
