  <div class='ocr_page' id='page_1' title='image "/cluster/home/n/w/nwhite01/storage/ocr_20150623/101 pt.1/mdp.39015061955830/474.png"; bbox 0 0 3826 6206; ppageno 0'>
   <div class='ocr_carea' id='block_1_1' title="bbox 172 280 257 346">
    <p class='ocr_par' dir='ltr' id='par_1_1' title="bbox 172 280 257 346">
     <span class='ocr_line' id='line_1_1' title="bbox 172 280 257 346; baseline -0.059 0"><span class='ocrx_word' id='word_1_1' title='bbox 172 280 257 346; x_wconf 67' lang='grc' dir='ltr'><strong>θῦΙ</strong></span> 
     </span>
    </p>
   </div>
   <div class='ocr_carea' id='block_1_2' title="bbox 941 275 2451 349">
    <p class='ocr_par' dir='ltr' id='par_1_2' title="bbox 941 275 2451 349">
     <span class='ocr_line' id='line_1_2' title="bbox 941 275 2451 349; baseline 0 -11"><span class='ocrx_word' id='word_1_2' title='bbox 941 280 1042 338; x_wconf 84' lang='lat' dir='ltr'><strong>AD</strong></span> <span class='ocrx_word' id='word_1_3' title='bbox 1072 276 1666 338; x_wconf 84' lang='lat' dir='ltr'><strong>AMPHILOCHIUM</strong></span> <span class='ocrx_word' id='word_1_4' title='bbox 1704 275 2050 349; x_wconf 71' lang='grc' dir='ltr'><strong>ΟΗίΕΞΤΙΟ</strong></span> <span class='ocrx_word' id='word_1_5' title='bbox 2079 277 2451 338; x_wconf 78' lang='lat' dir='ltr'><strong>CLXXXIII.</strong></span> 
     </span>
    </p>
   </div>
   <div class='ocr_carea' id='block_1_3' title="bbox 3309 287 3416 348">
    <p class='ocr_par' dir='ltr' id='par_1_3' title="bbox 3309 287 3416 348">
     <span class='ocr_line' id='line_1_3' title="bbox 3309 287 3416 348; baseline 0 0"><span class='ocrx_word' id='word_1_6' title='bbox 3309 287 3416 348; x_wconf 79' lang='grc'><strong>902</strong></span> 
     </span>
    </p>
   </div>
   <div class='ocr_carea' id='block_1_4' title="bbox 172 388 1750 469">
    <p class='ocr_par' dir='ltr' id='par_1_4' title="bbox 172 388 1731 462">
     <span class='ocr_line' id='line_1_4' title="bbox 172 388 1731 462; baseline -0.002 -16"><span class='ocrx_word' id='word_1_7' title='bbox 172 398 238 456; x_wconf 77' lang='grc' dir='ltr'><strong>εἰς</strong></span> <span class='ocrx_word' id='word_1_8' title='bbox 274 388 471 460; x_wconf 82' lang='grc' dir='ltr'><strong>θεοειδῆ</strong></span> <span class='ocrx_word' id='word_1_9' title='bbox 515 391 720 462; x_wconf 75' lang='grc' dir='ltr'>μονάδα</span> <span class='ocrx_word' id='word_1_10' title='bbox 767 391 1190 462; x_wconf 73' lang='grc' dir='ltr'>συναπτόμεθα,</span> <span class='ocrx_word' id='word_1_11' title='bbox 1248 391 1344 445; x_wconf 72' lang='grc' dir='ltr'>καὶ</span> <span class='ocrx_word' id='word_1_12' title='bbox 1394 391 1731 461; x_wconf 80' lang='grc' dir='ltr'>θεομίμητον</span> 
     </span>
    </p>
   </div>
   <div class='ocr_carea' id='block_1_5' title="bbox 1834 388 3421 469">
    <p class='ocr_par' dir='ltr' id='par_1_5' title="bbox 1834 392 3421 469">
     <span class='ocr_line' id='line_1_5' title="bbox 1834 392 3421 469; baseline 0.008 -26"><span class='ocrx_word' id='word_1_13' title='bbox 1834 401 2092 460; x_wconf 79' lang='lat' dir='ltr'><strong>tanquam</strong></span> <span class='ocrx_word' id='word_1_14' title='bbox 2142 392 2340 447; x_wconf 88' lang='lat' dir='ltr'><strong>unitica</strong></span> <span class='ocrx_word' id='word_1_15' title='bbox 2388 392 2650 462; x_wconf 86' lang='lat' dir='ltr'><strong>potentia,</strong></span> <span class='ocrx_word' id='word_1_16' title='bbox 2696 393 2968 450; x_wconf 78' lang='lat' dir='ltr'><strong>efticimur</strong></span> <span class='ocrx_word' id='word_1_17' title='bbox 2998 411 3189 461; x_wconf 90' lang='lat' dir='ltr'><strong>unum,</strong></span> <span class='ocrx_word' id='word_1_18' title='bbox 3219 397 3335 469; x_wconf 83' lang='lat'><strong>(58)</strong></span> <span class='ocrx_word' id='word_1_19' title='bbox 3365 412 3421 456; x_wconf 86' lang='lat' dir='ltr'><strong>et</strong></span> 
     </span>
    </p>
   </div>
   <div class='ocr_carea' id='block_1_6' title="bbox 172 487 363 539">
    <p class='ocr_par' dir='ltr' id='par_1_6' title="bbox 172 487 363 539">
     <span class='ocr_line' id='line_1_6' title="bbox 172 487 363 539; baseline -0.005 0"><span class='ocrx_word' id='word_1_20' title='bbox 172 487 363 539; x_wconf 78' lang='grc' dir='ltr'>ἕνωσιν.</span> 
     </span>
    </p>
   </div>
   <div class='ocr_carea' id='block_1_7' title="bbox 228 759 1726 833">
    <p class='ocr_par' dir='ltr' id='par_1_7' title="bbox 228 759 1726 833">
     <span class='ocr_line' id='line_1_7' title="bbox 228 759 1726 833; baseline 0.001 -19"><span class='ocrx_word' id='word_1_21' title='bbox 228 759 416 832; x_wconf 82' lang='grc' dir='ltr'>Τριάδα</span> <span class='ocrx_word' id='word_1_22' title='bbox 444 759 536 825; x_wconf 86' lang='grc' dir='ltr'>δὲ,</span> <span class='ocrx_word' id='word_1_23' title='bbox 563 759 803 832; x_wconf 85' lang='grc' dir='ltr'>πρόσχες</span> <span class='ocrx_word' id='word_1_24' title='bbox 824 776 838 791; x_wconf 75' lang='grc' dir='ltr'><strong>ο</strong></span> <span class='ocrx_word' id='word_1_25' title='bbox 864 761 927 815; x_wconf 76' lang='grc' dir='ltr'>οὗ</span> <span class='ocrx_word' id='word_1_26' title='bbox 955 761 1067 833; x_wconf 77' lang='grc' dir='ltr'><strong>γὰρ</strong></span> <span class='ocrx_word' id='word_1_27' title='bbox 1096 762 1171 824; x_wconf 78' lang='grc' dir='ltr'><strong>ὡς</strong></span> <span class='ocrx_word' id='word_1_28' title='bbox 1198 759 1508 833; x_wconf 84' lang='grc' dir='ltr'>ἀριθμητήν</span> <span class='ocrx_word' id='word_1_29' title='bbox 1540 779 1726 831; x_wconf 85' lang='grc' dir='ltr'>φησιν,</span> 
     </span>
    </p>
   </div>
   <div class='ocr_carea' id='block_1_8' title="bbox 168 850 1731 923">
    <p class='ocr_par' dir='ltr' id='par_1_8' title="bbox 168 850 1731 923">
     <span class='ocr_line' id='line_1_8' title="bbox 168 850 1731 923; baseline -0.001 -17"><span class='ocrx_word' id='word_1_30' title='bbox 168 853 286 906; x_wconf 82' lang='grc' dir='ltr'>ἀλλὰ</span> <span class='ocrx_word' id='word_1_31' title='bbox 309 852 393 905; x_wconf 81' lang='grc' dir='ltr'>διὰ</span> <span class='ocrx_word' id='word_1_32' title='bbox 422 850 519 923; x_wconf 82' lang='grc' dir='ltr'><strong>τὴν</strong></span> <span class='ocrx_word' id='word_1_33' title='bbox 547 851 977 923; x_wconf 86' lang='grc' dir='ltr'>τρισυπόστατον</span> <span class='ocrx_word' id='word_1_34' title='bbox 1015 853 1117 923; x_wconf 82' lang='grc' dir='ltr'><strong>τῆς</strong></span> <span class='ocrx_word' id='word_1_35' title='bbox 1150 852 1475 922; x_wconf 84' lang='grc' dir='ltr'>ὐπερουσίου</span> <span class='ocrx_word' id='word_1_36' title='bbox 1507 853 1731 923; x_wconf 69' lang='grc' dir='ltr'>γονιμόο</span> 
     </span>
    </p>
   </div>
   <div class='ocr_carea' id='block_1_9' title="bbox 166 940 1729 1018">
    <p class='ocr_par' dir='ltr' id='par_1_9' title="bbox 166 940 1729 1018">
     <span class='ocr_line' id='line_1_9' title="bbox 166 940 1729 1018; baseline 0.001 -21"><span class='ocrx_word' id='word_1_37' title='bbox 166 963 308 1016; x_wconf 82' lang='grc' dir='ltr'>τητος</span> <span class='ocrx_word' id='word_1_38' title='bbox 345 945 593 1012; x_wconf 75' lang='grc' dir='ltr'>ἔκφασιν,</span> <span class='ocrx_word' id='word_1_39' title='bbox 639 944 701 1009; x_wconf 69' lang='grc' dir='ltr'><strong>ἐξ</strong></span> <span class='ocrx_word' id='word_1_40' title='bbox 743 940 811 1015; x_wconf 72' lang='grc' dir='ltr'>ἧς</span> <span class='ocrx_word' id='word_1_41' title='bbox 847 945 998 998; x_wconf 79' lang='grc' dir='ltr'>πᾶσα</span> <span class='ocrx_word' id='word_1_42' title='bbox 1044 946 1253 1017; x_wconf 84' lang='grc' dir='ltr'>πατριὰ</span> <span class='ocrx_word' id='word_1_43' title='bbox 1294 947 1352 999; x_wconf 84' lang='grc' dir='ltr'>ὲν</span> <span class='ocrx_word' id='word_1_44' title='bbox 1380 945 1598 1018; x_wconf 85' lang='grc' dir='ltr'><strong>οὐρανῷ</strong></span> <span class='ocrx_word' id='word_1_45' title='bbox 1634 946 1729 999; x_wconf 74' lang='grc' dir='ltr'><strong>καὶ</strong></span> 
     </span>
    </p>
   </div>
   <div class='ocr_carea' id='block_1_10' title="bbox 167 1036 1731 1108">
    <p class='ocr_par' dir='ltr' id='par_1_10' title="bbox 167 1036 1731 1108">
     <span class='ocr_line' id='line_1_10' title="bbox 167 1036 1731 1108; baseline 0 -16"><span class='ocrx_word' id='word_1_46' title='bbox 167 1041 248 1092; x_wconf 75' lang='grc' dir='ltr'><strong>ἐπὶ</strong></span> <span class='ocrx_word' id='word_1_47' title='bbox 278 1039 373 1108; x_wconf 83' lang='grc' dir='ltr'><strong>γῆς</strong></span> <span class='ocrx_word' id='word_1_48' title='bbox 399 1038 516 1091; x_wconf 74' lang='grc' dir='ltr'>ἔστι</span> <span class='ocrx_word' id='word_1_49' title='bbox 551 1055 611 1091; x_wconf 84' lang='grc' dir='ltr'><strong>τε</strong></span> <span class='ocrx_word' id='word_1_50' title='bbox 657 1038 750 1091; x_wconf 76' lang='grc' dir='ltr'><strong>καὶ</strong></span> <span class='ocrx_word' id='word_1_51' title='bbox 772 1036 1101 1106; x_wconf 75' lang='grc' dir='ltr'>ὀνομάζεται</span> <span class='ocrx_word' id='word_1_52' title='bbox 1121 1052 1135 1066; x_wconf 92' lang='grc'><strong>·</strong></span> <span class='ocrx_word' id='word_1_53' title='bbox 1172 1040 1265 1091; x_wconf 74' lang='grc' dir='ltr'><strong>καί¹</strong></span> <span class='ocrx_word' id='word_1_54' title='bbox 1294 1039 1465 1093; x_wconf 83' lang='grc' dir='ltr'>πολλὰ</span> <span class='ocrx_word' id='word_1_55' title='bbox 1502 1039 1731 1093; x_wconf 80' lang='grc' dir='ltr'>τοιαῦτά</span> 
     </span>
    </p>
   </div>
   <div class='ocr_carea' id='block_1_11' title="bbox 166 1128 1729 1203">
    <p class='ocr_par' dir='ltr' id='par_1_11' title="bbox 166 1128 1729 1203">
     <span class='ocr_line' id='line_1_11' title="bbox 166 1128 1729 1203; baseline 0 -20"><span class='ocrx_word' id='word_1_56' title='bbox 166 1133 299 1183; x_wconf 78' lang='grc' dir='ltr'>ἐστιν</span> <span class='ocrx_word' id='word_1_57' title='bbox 327 1129 473 1199; x_wconf 76' lang='grc' dir='ltr'>παρὰ</span> <span class='ocrx_word' id='word_1_58' title='bbox 514 1128 594 1200; x_wconf 82' lang='grc' dir='ltr'>τῷ</span> <span class='ocrx_word' id='word_1_59' title='bbox 640 1128 915 1199; x_wconf 79' lang='grc' dir='ltr'>θεσπεσίῳ</span> <span class='ocrx_word' id='word_1_60' title='bbox 948 1128 1054 1181; x_wconf 88' lang='grc' dir='ltr'><strong>τῶν</strong></span> <span class='ocrx_word' id='word_1_61' title='bbox 1105 1128 1352 1183; x_wconf 80' lang='grc' dir='ltr'><strong>ἀθεάτων</strong></span> <span class='ocrx_word' id='word_1_62' title='bbox 1392 1129 1605 1203; x_wconf 79' lang='grc' dir='ltr'>θεωρῷ,</span> <span class='ocrx_word' id='word_1_63' title='bbox 1636 1130 1729 1183; x_wconf 71' lang='grc' dir='ltr'>καὶ</span> 
     </span>
    </p>
   </div>
   <div class='ocr_carea' id='block_1_12' title="bbox 166 1219 1728 1292">
    <p class='ocr_par' dir='ltr' id='par_1_12' title="bbox 166 1219 1728 1292">
     <span class='ocr_line' id='line_1_12' title="bbox 166 1219 1728 1292; baseline -0.001 -17"><span class='ocrx_word' id='word_1_64' title='bbox 166 1225 251 1292; x_wconf 80' lang='grc' dir='ltr'><strong>τῆς</strong></span> <span class='ocrx_word' id='word_1_65' title='bbox 277 1221 481 1274; x_wconf 73' lang='grc' dir='ltr'>Παύλου</span> <span class='ocrx_word' id='word_1_66' title='bbox 512 1219 906 1291; x_wconf 76' lang='grc' dir='ltr'>μυσταγωγίας</span> <span class='ocrx_word' id='word_1_67' title='bbox 931 1219 1160 1292; x_wconf 72' lang='grc' dir='ltr'>ἐπαξίῳ.</span> <span class='ocrx_word' id='word_1_68' title='bbox 1188 1221 1309 1275; x_wconf 85' lang='grc' dir='ltr'>’Ὁτι</span> <span class='ocrx_word' id='word_1_69' title='bbox 1333 1220 1391 1274; x_wconf 80' lang='grc' dir='ltr'><strong>δὲ</strong></span> <span class='ocrx_word' id='word_1_70' title='bbox 1413 1223 1474 1275; x_wconf 86' lang='grc' dir='ltr'>οὐ</span> <span class='ocrx_word' id='word_1_71' title='bbox 1498 1223 1607 1274; x_wconf 85' lang='grc' dir='ltr'><strong>τῶν</strong></span> <span class='ocrx_word' id='word_1_72' title='bbox 1628 1238 1728 1275; x_wconf 82' lang='grc' dir='ltr'>κυ-</span> 
     </span>
    </p>
   </div>
   <div class='ocr_carea' id='block_1_13' title="bbox 167 1312 1729 1385">
    <p class='ocr_par' dir='ltr' id='par_1_13' title="bbox 167 1312 1729 1385">
     <span class='ocr_line' id='line_1_13' title="bbox 167 1312 1729 1385; baseline 0.002 -20"><span class='ocrx_word' id='word_1_73' title='bbox 167 1313 284 1384; x_wconf 77' lang='grc' dir='ltr'>ρίως</span> <span class='ocrx_word' id='word_1_74' title='bbox 312 1312 627 1383; x_wconf 78' lang='grc' dir='ltr'>ἀριθμητῶν</span> <span class='ocrx_word' id='word_1_75' title='bbox 668 1314 702 1385; x_wconf 77' lang='grc' dir='ltr'>ἡ</span> <span class='ocrx_word' id='word_1_76' title='bbox 745 1313 917 1385; x_wconf 77' lang='grc' dir='ltr'>Τριὰς</span> <span class='ocrx_word' id='word_1_77' title='bbox 945 1313 1009 1368; x_wconf 74' lang='grc' dir='ltr'><strong>ἐκ</strong></span> <span class='ocrx_word' id='word_1_78' title='bbox 1035 1332 1097 1367; x_wconf 88' lang='grc' dir='ltr'><strong>τε</strong></span> <span class='ocrx_word' id='word_1_79' title='bbox 1138 1314 1248 1367; x_wconf 83' lang='grc' dir='ltr'>τῶν</span> <span class='ocrx_word' id='word_1_80' title='bbox 1274 1315 1581 1385; x_wconf 77' lang='grc' dir='ltr'><strong>εἰρημένων</strong></span> <span class='ocrx_word' id='word_1_81' title='bbox 1612 1314 1729 1368; x_wconf 77' lang='grc' dir='ltr'>ἔστι</span> 
     </span>
    </p>
   </div>
   <div class='ocr_carea' id='block_1_14' title="bbox 165 1403 1729 1478">
    <p class='ocr_par' dir='ltr' id='par_1_14' title="bbox 165 1403 1729 1478">
     <span class='ocr_line' id='line_1_14' title="bbox 165 1403 1729 1478; baseline 0.001 -21"><span class='ocrx_word' id='word_1_82' title='bbox 165 1407 391 1476; x_wconf 78' lang='grc' dir='ltr'>θεωρεῖν,</span> <span class='ocrx_word' id='word_1_83' title='bbox 430 1406 525 1458; x_wconf 80' lang='grc' dir='ltr'>καὶ</span> <span class='ocrx_word' id='word_1_84' title='bbox 560 1403 711 1458; x_wconf 76' lang='grc' dir='ltr'>ἄλλοι</span> <span class='ocrx_word' id='word_1_85' title='bbox 741 1404 989 1476; x_wconf 84' lang='grc' dir='ltr'>διάφοροι</span> <span class='ocrx_word' id='word_1_86' title='bbox 1025 1404 1247 1474; x_wconf 83' lang='grc' dir='ltr'>δηλοῦσι</span> <span class='ocrx_word' id='word_1_87' title='bbox 1281 1405 1449 1474; x_wconf 80' lang='grc' dir='ltr'><strong>λόγοι.</strong></span> <span class='ocrx_word' id='word_1_88' title='bbox 1485 1405 1597 1459; x_wconf 79' lang='grc' dir='ltr'>Καὶ</span> <span class='ocrx_word' id='word_1_89' title='bbox 1621 1406 1729 1478; x_wconf 84' lang='grc' dir='ltr'><strong>γὰρ</strong></span> 
     </span>
    </p>
   </div>
   <div class='ocr_carea' id='block_1_15' title="bbox 162 1484 1728 1570">
    <p class='ocr_par' dir='ltr' id='par_1_15' title="bbox 162 1484 1728 1570">
     <span class='ocr_line' id='line_1_15' title="bbox 162 1484 1728 1570; baseline 0.002 -22"><span class='ocrx_word' id='word_1_90' title='bbox 162 1496 246 1549; x_wconf 78' lang='grc' dir='ltr'><strong>ἐπὶ</strong></span> <span class='ocrx_word' id='word_1_91' title='bbox 287 1495 389 1549; x_wconf 84' lang='grc' dir='ltr'><strong>τῶν</strong></span> <span class='ocrx_word' id='word_1_92' title='bbox 429 1494 638 1567; x_wconf 79' lang='grc' dir='ltr'>κυρίως</span> <span class='ocrx_word' id='word_1_93' title='bbox 679 1484 1023 1569; x_wconf 84' lang='grc' dir='ltr'>ἀριθμητῶν,</span> <span class='ocrx_word' id='word_1_94' title='bbox 1069 1490 1182 1550; x_wconf 78' lang='grc' dir='ltr'>οἷον</span> <span class='ocrx_word' id='word_1_95' title='bbox 1224 1496 1549 1568; x_wconf 86' lang='grc' dir='ltr'>ἀνθρώπων,</span> <span class='ocrx_word' id='word_1_96' title='bbox 1595 1497 1728 1570; x_wconf 76' lang='grc' dir='ltr'>φέρε</span> 
     </span>
    </p>
   </div>
   <div class='ocr_carea' id='block_1_16' title="bbox 165 1588 1727 1661">
    <p class='ocr_par' dir='ltr' id='par_1_16' title="bbox 165 1588 1727 1661">
     <span class='ocr_line' id='line_1_16' title="bbox 165 1588 1727 1661; baseline 0.003 -22"><span class='ocrx_word' id='word_1_97' title='bbox 165 1590 340 1653; x_wconf 82' lang='grc' dir='ltr'>εἰπεῖν,</span> <span class='ocrx_word' id='word_1_98' title='bbox 364 1588 395 1659; x_wconf 72' lang='grc' dir='ltr'>ἢ</span> <span class='ocrx_word' id='word_1_99' title='bbox 422 1589 695 1659; x_wconf 81' lang='grc' dir='ltr'>ἀγγέλων,</span> <span class='ocrx_word' id='word_1_100' title='bbox 718 1589 751 1661; x_wconf 76' lang='grc' dir='ltr'>ἢ</span> <span class='ocrx_word' id='word_1_101' title='bbox 784 1591 995 1660; x_wconf 81' lang='grc' dir='ltr'>μυρίων</span> <span class='ocrx_word' id='word_1_102' title='bbox 1016 1588 1191 1644; x_wconf 80' lang='grc' dir='ltr'>ἄλλων</span> <span class='ocrx_word' id='word_1_103' title='bbox 1215 1589 1493 1661; x_wconf 80' lang='grc' dir='ltr'>δυνάμεθα</span> <span class='ocrx_word' id='word_1_104' title='bbox 1524 1590 1727 1658; x_wconf 80' lang='grc' dir='ltr'>λέγειν,</span> 
     </span>
    </p>
   </div>
   <div class='ocr_carea' id='block_1_17' title="bbox 163 1676 1732 1752">
    <p class='ocr_par' dir='ltr' id='par_1_17' title="bbox 163 1676 1732 1752">
     <span class='ocr_line' id='line_1_17' title="bbox 163 1676 1732 1752; baseline 0.003 -22"><span class='ocrx_word' id='word_1_105' title='bbox 163 1680 246 1731; x_wconf 75' lang='grc' dir='ltr'>καὶ</span> <span class='ocrx_word' id='word_1_106' title='bbox 290 1681 444 1749; x_wconf 83' lang='grc' dir='ltr'>τριὰς</span> <span class='ocrx_word' id='word_1_107' title='bbox 500 1676 754 1749; x_wconf 82' lang='grc' dir='ltr'>ἀγγέλων</span> <span class='ocrx_word' id='word_1_108' title='bbox 813 1683 912 1735; x_wconf 78' lang='grc' dir='ltr'>καὶ</span> <span class='ocrx_word' id='word_1_109' title='bbox 992 1685 1152 1751; x_wconf 79' lang='grc' dir='ltr'>τριὰς</span> <span class='ocrx_word' id='word_1_110' title='bbox 1210 1681 1542 1752; x_wconf 84' lang='grc' dir='ltr'>ἀνθρώπων,</span> <span class='ocrx_word' id='word_1_111' title='bbox 1594 1681 1732 1735; x_wconf 79' lang='grc' dir='ltr'>ἀλλὰ</span> 
     </span>
    </p>
   </div>
   <div class='ocr_carea' id='block_1_18' title="bbox 1836 482 3417 559">
    <p class='ocr_par' dir='ltr' id='par_1_18' title="bbox 1836 482 3417 559">
     <span class='ocr_line' id='line_1_18' title="bbox 1836 482 3417 559; baseline 0.006 -23"><span class='ocrx_word' id='word_1_112' title='bbox 1836 483 2039 537; x_wconf 77' lang='lat' dir='ltr'><strong>nostris</strong></span> <span class='ocrx_word' id='word_1_113' title='bbox 2065 482 2479 541; x_wconf 86' lang='lat' dir='ltr'><strong>diversitatibus</strong></span> <span class='ocrx_word' id='word_1_114' title='bbox 2512 485 2695 541; x_wconf 82' lang='lat' dir='ltr'><strong>divine</strong></span> <span class='ocrx_word' id='word_1_115' title='bbox 2723 488 3064 559; x_wconf 80' lang='lat' dir='ltr'><strong>complicatis</strong></span> <span class='ocrx_word' id='word_1_116' title='bbox 3085 498 3140 545; x_wconf 86' lang='lat' dir='ltr'><strong>et</strong></span> <span class='ocrx_word' id='word_1_117' title='bbox 3171 489 3224 545; x_wconf 92' lang='lat' dir='ltr'><strong>in</strong></span> <span class='ocrx_word' id='word_1_118' title='bbox 3249 506 3417 547; x_wconf 86' lang='lat' dir='ltr'><strong>unum</strong></span> 
     </span>
    </p>
   </div>
   <div class='ocr_carea' id='block_1_19' title="bbox 1835 575 3411 647">
    <p class='ocr_par' dir='ltr' id='par_1_19' title="bbox 1835 575 3411 647">
     <span class='ocr_line' id='line_1_19' title="bbox 1835 575 3411 647; baseline 0.004 -18"><span class='ocrx_word' id='word_1_119' title='bbox 1835 575 2164 637; x_wconf 88' lang='lat' dir='ltr'><strong>convolutis,</strong></span> <span class='ocrx_word' id='word_1_120' title='bbox 2203 576 2254 629; x_wconf 92' lang='lat' dir='ltr'><strong>in</strong></span> <span class='ocrx_word' id='word_1_121' title='bbox 2295 576 2559 632; x_wconf 86' lang='lat' dir='ltr'><strong>unitatem</strong></span> <span class='ocrx_word' id='word_1_122' title='bbox 2584 575 2675 631; x_wconf 90' lang='lat' dir='ltr'><strong>Dei</strong></span> <span class='ocrx_word' id='word_1_123' title='bbox 2708 579 2965 643; x_wconf 87' lang='lat' dir='ltr'><strong>similem,</strong></span> <span class='ocrx_word' id='word_1_124' title='bbox 3000 590 3053 635; x_wconf 89' lang='lat' dir='ltr'><strong>et</strong></span> <span class='ocrx_word' id='word_1_125' title='bbox 3085 582 3411 647; x_wconf 85' lang='lat' dir='ltr'><strong>unitionem,</strong></span> 
     </span>
    </p>
   </div>
   <div class='ocr_carea' id='block_1_20' title="bbox 1834 667 2832 737">
    <p class='ocr_par' dir='ltr' id='par_1_20' title="bbox 1834 667 2832 737">
     <span class='ocr_line' id='line_1_20' title="bbox 1834 667 2832 737; baseline 0.004 -17"><span class='ocrx_word' id='word_1_126' title='bbox 1834 668 1958 737; x_wconf 70' lang='lat' dir='ltr'><strong>Quae</strong></span> <span class='ocrx_word' id='word_1_127' title='bbox 1992 667 2159 722; x_wconf 90' lang='lat' dir='ltr'><strong>Deum</strong></span> <span class='ocrx_word' id='word_1_128' title='bbox 2193 667 2458 734; x_wconf 74' lang='lat' dir='ltr'><strong>imitatur,</strong></span> <span class='ocrx_word' id='word_1_129' title='bbox 2490 670 2832 737; x_wconf 82' lang='lat' dir='ltr'><strong>copulamur.</strong></span> 
     </span>
    </p>
   </div>
   <div class='ocr_carea' id='block_1_21' title="bbox 1906 760 3415 840">
    <p class='ocr_par' dir='ltr' id='par_1_21' title="bbox 1906 760 3415 840">
     <span class='ocr_line' id='line_1_21' title="bbox 1906 760 3415 840; baseline 0.009 -26"><span class='ocrx_word' id='word_1_130' title='bbox 1906 760 2228 815; x_wconf 71' lang='lat' dir='ltr'><strong>Trinitatem</strong></span> <span class='ocrx_word' id='word_1_131' title='bbox 2262 776 2394 815; x_wconf 88' lang='lat' dir='ltr'><strong>vero</strong></span> <span class='ocrx_word' id='word_1_132' title='bbox 2425 762 2663 827; x_wconf 84' lang='lat' dir='ltr'><strong>attende,</strong></span> <span class='ocrx_word' id='word_1_133' title='bbox 2701 762 2813 833; x_wconf 80' lang='lat'><strong>(59)</strong></span> <span class='ocrx_word' id='word_1_134' title='bbox 2849 780 2953 819; x_wconf 91' lang='lat' dir='ltr'><strong>non</strong></span> <span class='ocrx_word' id='word_1_135' title='bbox 2982 767 3127 821; x_wconf 90' lang='lat' dir='ltr'><strong>enim</strong></span> <span class='ocrx_word' id='word_1_136' title='bbox 3158 777 3415 840; x_wconf 87' lang='lat' dir='ltr'><strong>tanquam</strong></span> 
     </span>
    </p>
   </div>
   <div class='ocr_carea' id='block_1_22' title="bbox 1834 854 3413 926">
    <p class='ocr_par' dir='ltr' id='par_1_22' title="bbox 1834 854 3413 926">
     <span class='ocr_line' id='line_1_22' title="bbox 1834 854 3413 926; baseline 0.007 -20"><span class='ocrx_word' id='word_1_137' title='bbox 1834 854 2193 918; x_wconf 89' lang='lat' dir='ltr'><strong>numerabile,</strong></span> <span class='ocrx_word' id='word_1_138' title='bbox 2249 854 2413 921; x_wconf 88' lang='lat' dir='ltr'><strong>dicit,</strong></span> <span class='ocrx_word' id='word_1_139' title='bbox 2469 856 2565 910; x_wconf 87' lang='lat' dir='ltr'><strong>sed</strong></span> <span class='ocrx_word' id='word_1_140' title='bbox 2634 865 2857 926; x_wconf 80' lang='lat' dir='ltr'><strong>prepter</strong></span> <span class='ocrx_word' id='word_1_141' title='bbox 2916 859 3413 917; x_wconf 84' lang='lat' dir='ltr'><strong>manifestationem</strong></span> 
     </span>
    </p>
   </div>
   <div class='ocr_carea' id='block_1_23' title="bbox 1836 945 3416 1022">
    <p class='ocr_par' dir='ltr' id='par_1_23' title="bbox 1836 945 3416 1022">
     <span class='ocr_line' id='line_1_23' title="bbox 1836 945 3416 1022; baseline 0.007 -23"><span class='ocrx_word' id='word_1_142' title='bbox 1836 945 2002 1000; x_wconf 90' lang='lat' dir='ltr'><strong>trium</strong></span> <span class='ocrx_word' id='word_1_143' title='bbox 2027 962 2385 1017; x_wconf 90' lang='lat' dir='ltr'><strong>personarum</strong></span> <span class='ocrx_word' id='word_1_144' title='bbox 2408 964 2463 1003; x_wconf 85' lang='lat' dir='ltr'><strong>tn</strong></span> <span class='ocrx_word' id='word_1_145' title='bbox 2488 945 2578 1003; x_wconf 90' lang='lat' dir='ltr'><strong>illa</strong></span> <span class='ocrx_word' id='word_1_146' title='bbox 2596 964 2759 1018; x_wconf 83' lang='lat' dir='ltr'><strong>supra</strong></span> <span class='ocrx_word' id='word_1_147' title='bbox 2785 958 3035 1004; x_wconf 89' lang='lat' dir='ltr'><strong>naturam</strong></span> <span class='ocrx_word' id='word_1_148' title='bbox 3064 950 3416 1022; x_wconf 82' lang='lat' dir='ltr'><strong>fecunditate,</strong></span> 
     </span>
    </p>
   </div>
   <div class='ocr_carea' id='block_1_24' title="bbox 1834 1041 3419 1111">
    <p class='ocr_par' dir='ltr' id='par_1_24' title="bbox 1834 1041 3419 1111">
     <span class='ocr_line' id='line_1_24' title="bbox 1834 1041 3419 1111; baseline 0.008 -19"><span class='ocrx_word' id='word_1_149' title='bbox 1834 1054 1900 1092; x_wconf 84' lang='lat' dir='ltr'><strong>ex</strong></span> <span class='ocrx_word' id='word_1_150' title='bbox 1935 1055 2041 1109; x_wconf 88' lang='lat' dir='ltr'><strong>qua</strong></span> <span class='ocrx_word' id='word_1_151' title='bbox 2079 1041 2261 1095; x_wconf 88' lang='lat' dir='ltr'><strong>omnis</strong></span> <span class='ocrx_word' id='word_1_152' title='bbox 2302 1042 2600 1111; x_wconf 88' lang='lat' dir='ltr'><strong>paternitas</strong></span> <span class='ocrx_word' id='word_1_153' title='bbox 2645 1042 2699 1097; x_wconf 80' lang='lat' dir='ltr'><strong>iu</strong></span> <span class='ocrx_word' id='word_1_154' title='bbox 2734 1043 2877 1099; x_wconf 67' lang='lat' dir='ltr'><strong>caelo</strong></span> <span class='ocrx_word' id='word_1_155' title='bbox 2900 1053 2954 1100; x_wconf 91' lang='lat' dir='ltr'><strong>et</strong></span> <span class='ocrx_word' id='word_1_156' title='bbox 2986 1044 3040 1098; x_wconf 90' lang='lat' dir='ltr'><strong>in</strong></span> <span class='ocrx_word' id='word_1_157' title='bbox 3082 1054 3223 1100; x_wconf 87' lang='lat' dir='ltr'><strong>terra</strong></span> <span class='ocrx_word' id='word_1_158' title='bbox 3254 1058 3334 1103; x_wconf 89' lang='lat' dir='ltr'><strong>est</strong></span> <span class='ocrx_word' id='word_1_159' title='bbox 3366 1059 3419 1104; x_wconf 90' lang='lat' dir='ltr'><strong>et</strong></span> 
     </span>
    </p>
   </div>
   <div class='ocr_carea' id='block_1_25' title="bbox 1835 1132 3421 1209">
    <p class='ocr_par' dir='ltr' id='par_1_25' title="bbox 1835 1132 3421 1209">
     <span class='ocr_line' id='line_1_25' title="bbox 1835 1132 3421 1209; baseline 0.006 -23"><span class='ocrx_word' id='word_1_160' title='bbox 1835 1132 2172 1187; x_wconf 85' lang='lat' dir='ltr'><strong>nominatur.</strong></span> <span class='ocrx_word' id='word_1_161' title='bbox 2206 1132 2271 1186; x_wconf 88' lang='lat' dir='ltr'><strong>Et</strong></span> <span class='ocrx_word' id='word_1_162' title='bbox 2300 1135 2467 1189; x_wconf 91' lang='lat' dir='ltr'><strong>multa</strong></span> <span class='ocrx_word' id='word_1_163' title='bbox 2499 1135 2607 1189; x_wconf 91' lang='lat' dir='ltr'><strong>alia</strong></span> <span class='ocrx_word' id='word_1_164' title='bbox 2653 1135 2972 1206; x_wconf 89' lang='lat' dir='ltr'><strong>hujusmodi</strong></span> <span class='ocrx_word' id='word_1_165' title='bbox 3015 1138 3143 1193; x_wconf 93' lang='lat' dir='ltr'><strong>licet</strong></span> <span class='ocrx_word' id='word_1_166' title='bbox 3180 1141 3421 1209; x_wconf 88' lang='lat' dir='ltr'><strong>reperire</strong></span> 
     </span>
    </p>
   </div>
   <div class='ocr_carea' id='block_1_26' title="bbox 1835 1222 3420 1299">
    <p class='ocr_par' dir='ltr' id='par_1_26' title="bbox 1835 1222 3420 1299">
     <span class='ocr_line' id='line_1_26' title="bbox 1835 1222 3420 1299; baseline 0.007 -23"><span class='ocrx_word' id='word_1_167' title='bbox 1835 1223 1976 1291; x_wconf 85' lang='lat' dir='ltr'><strong>apud</strong></span> <span class='ocrx_word' id='word_1_168' title='bbox 2020 1222 2265 1277; x_wconf 82' lang='lat' dir='ltr'><strong>divinum</strong></span> <span class='ocrx_word' id='word_1_169' title='bbox 2312 1223 2787 1294; x_wconf 89' lang='lat' dir='ltr'><strong>inaspectabilium</strong></span> <span class='ocrx_word' id='word_1_170' title='bbox 2829 1238 3229 1299; x_wconf 81' lang='lat' dir='ltr'><strong>spectatorem,</strong></span> <span class='ocrx_word' id='word_1_171' title='bbox 3260 1242 3316 1286; x_wconf 91' lang='lat' dir='ltr'><strong>et</strong></span> <span class='ocrx_word' id='word_1_172' title='bbox 3363 1232 3420 1287; x_wconf 91' lang='lat' dir='ltr'><strong>in</strong></span> 
     </span>
    </p>
   </div>
   <div class='ocr_carea' id='block_1_27' title="bbox 1835 1315 3417 1394">
    <p class='ocr_par' dir='ltr' id='par_1_27' title="bbox 1835 1315 3417 1394">
     <span class='ocr_line' id='line_1_27' title="bbox 1835 1315 3417 1394; baseline 0.008 -26"><span class='ocrx_word' id='word_1_173' title='bbox 1835 1316 2113 1394; x_wconf 74' lang='lat' dir='ltr'><strong>mysteriis</strong></span> <span class='ocrx_word' id='word_1_174' title='bbox 2146 1315 2299 1371; x_wconf 83' lang='lat' dir='ltr'><strong>Pauli</strong></span> <span class='ocrx_word' id='word_1_175' title='bbox 2352 1318 2696 1374; x_wconf 80' lang='lat' dir='ltr'><strong>institutione</strong></span> <span class='ocrx_word' id='word_1_176' title='bbox 2745 1320 2994 1391; x_wconf 85' lang='lat' dir='ltr'><strong>dignum.</strong></span> <span class='ocrx_word' id='word_1_177' title='bbox 3033 1321 3189 1387; x_wconf 85' lang='lat' dir='ltr'><strong>Quod</strong></span> <span class='ocrx_word' id='word_1_178' title='bbox 3231 1334 3417 1380; x_wconf 89' lang='lat' dir='ltr'><strong>autem</strong></span> 
     </span>
    </p>
   </div>
   <div class='ocr_carea' id='block_1_28' title="bbox 1836 1406 3418 1482">
    <p class='ocr_par' dir='ltr' id='par_1_28' title="bbox 1836 1406 3418 1482">
     <span class='ocr_line' id='line_1_28' title="bbox 1836 1406 3418 1482; baseline 0.008 -21"><span class='ocrx_word' id='word_1_179' title='bbox 1836 1406 2074 1463; x_wconf 85' lang='lat' dir='ltr'><strong>Trinitas</strong></span> <span class='ocrx_word' id='word_1_180' title='bbox 2104 1426 2213 1463; x_wconf 89' lang='lat' dir='ltr'><strong>non</strong></span> <span class='ocrx_word' id='word_1_181' title='bbox 2252 1410 2323 1464; x_wconf 90' lang='lat' dir='ltr'><strong>sit</strong></span> <span class='ocrx_word' id='word_1_182' title='bbox 2351 1412 2573 1482; x_wconf 84' lang='lat' dir='ltr'><strong>proprie</strong></span> <span class='ocrx_word' id='word_1_183' title='bbox 2617 1413 3065 1481; x_wconf 83' lang='lat' dir='ltr'><strong>numerabilium,</strong></span> <span class='ocrx_word' id='word_1_184' title='bbox 3097 1424 3213 1471; x_wconf 88' lang='lat' dir='ltr'><strong>tum</strong></span> <span class='ocrx_word' id='word_1_185' title='bbox 3253 1433 3317 1472; x_wconf 83' lang='lat' dir='ltr'><strong>ex</strong></span> <span class='ocrx_word' id='word_1_186' title='bbox 3350 1418 3418 1474; x_wconf 90' lang='lat' dir='ltr'><strong>iis</strong></span> 
     </span>
    </p>
   </div>
   <div class='ocr_carea' id='block_1_29' title="bbox 1837 1502 3418 1575">
    <p class='ocr_par' dir='ltr' id='par_1_29' title="bbox 1837 1502 3418 1575">
     <span class='ocr_line' id='line_1_29' title="bbox 1837 1502 3418 1575; baseline 0.007 -21"><span class='ocrx_word' id='word_1_187' title='bbox 1837 1516 1960 1572; x_wconf 64' lang='lat' dir='ltr'><strong>quae</strong></span> <span class='ocrx_word' id='word_1_188' title='bbox 1988 1502 2131 1555; x_wconf 89' lang='lat' dir='ltr'><strong>dicta</strong></span> <span class='ocrx_word' id='word_1_189' title='bbox 2158 1512 2286 1557; x_wconf 92' lang='lat' dir='ltr'><strong>sunt</strong></span> <span class='ocrx_word' id='word_1_190' title='bbox 2318 1502 2443 1559; x_wconf 89' lang='lat' dir='ltr'><strong>licet</strong></span> <span class='ocrx_word' id='word_1_191' title='bbox 2472 1519 2806 1575; x_wconf 78' lang='lat' dir='ltr'><strong>cognoscere</strong></span> <span class='ocrx_word' id='word_1_192' title='bbox 2836 1524 2851 1561; x_wconf 82' lang='lat' dir='ltr'><strong>z</strong></span> <span class='ocrx_word' id='word_1_193' title='bbox 2884 1517 2997 1561; x_wconf 91' lang='lat' dir='ltr'><strong>tum</strong></span> <span class='ocrx_word' id='word_1_194' title='bbox 3022 1508 3143 1562; x_wconf 75' lang='lat' dir='ltr'><strong>alia:</strong></span> <span class='ocrx_word' id='word_1_195' title='bbox 3176 1510 3418 1565; x_wconf 69' lang='lat' dir='ltr'><strong>rationes</strong></span> 
     </span>
    </p>
   </div>
   <div class='ocr_carea' id='block_1_30' title="bbox 1836 1595 3413 1672">
    <p class='ocr_par' dir='ltr' id='par_1_30' title="bbox 1836 1595 3413 1672">
     <span class='ocr_line' id='line_1_30' title="bbox 1836 1595 3413 1672; baseline 0.006 -25"><span class='ocrx_word' id='word_1_196' title='bbox 1836 1596 1985 1649; x_wconf 86' lang='lat' dir='ltr'><strong>varie</strong></span> <span class='ocrx_word' id='word_1_197' title='bbox 2018 1595 2318 1661; x_wconf 84' lang='lat' dir='ltr'><strong>declarant,</strong></span> <span class='ocrx_word' id='word_1_198' title='bbox 2364 1598 2629 1666; x_wconf 82' lang='lat' dir='ltr'><strong>siquidem</strong></span> <span class='ocrx_word' id='word_1_199' title='bbox 2662 1599 2729 1668; x_wconf 77' lang='lat' dir='ltr'><strong>lin</strong></span> <span class='ocrx_word' id='word_1_200' title='bbox 2776 1599 2879 1665; x_wconf 91' lang='lat' dir='ltr'><strong>iis,</strong></span> <span class='ocrx_word' id='word_1_201' title='bbox 2906 1616 3028 1669; x_wconf 72' lang='lat' dir='ltr'><strong>quas</strong></span> <span class='ocrx_word' id='word_1_202' title='bbox 3066 1603 3281 1672; x_wconf 71' lang='lat' dir='ltr'><strong>proprie</strong></span> <span class='ocrx_word' id='word_1_203' title='bbox 3312 1620 3413 1657; x_wconf 80' lang='lat' dir='ltr'><strong>nu-</strong></span> 
     </span>
    </p>
   </div>
   <div class='ocr_carea' id='block_1_31' title="bbox 1836 1682 3416 1758">
    <p class='ocr_par' dir='ltr' id='par_1_31' title="bbox 1836 1682 3416 1758">
     <span class='ocr_line' id='line_1_31' title="bbox 1836 1682 3416 1758; baseline 0.005 -18"><span class='ocrx_word' id='word_1_204' title='bbox 1836 1685 2039 1740; x_wconf 85' lang='lat' dir='ltr'><strong>merari</strong></span> <span class='ocrx_word' id='word_1_205' title='bbox 2088 1696 2339 1756; x_wconf 88' lang='lat' dir='ltr'><strong>possunt,</strong></span> <span class='ocrx_word' id='word_1_206' title='bbox 2388 1695 2467 1751; x_wconf 89' lang='lat' dir='ltr'><strong>ut,</strong></span> <span class='ocrx_word' id='word_1_207' title='bbox 2503 1689 2652 1742; x_wconf 85' lang='lat' dir='ltr'><strong>verbi</strong></span> <span class='ocrx_word' id='word_1_208' title='bbox 2685 1690 2881 1758; x_wconf 85' lang='lat' dir='ltr'><strong>gratia,</strong></span> <span class='ocrx_word' id='word_1_209' title='bbox 2918 1689 2973 1744; x_wconf 92' lang='lat' dir='ltr'><strong>in</strong></span> <span class='ocrx_word' id='word_1_210' title='bbox 3022 1682 3336 1747; x_wconf 83' lang='lat' dir='ltr'><strong>hominibus</strong></span> <span class='ocrx_word' id='word_1_211' title='bbox 3361 1704 3416 1748; x_wconf 85' lang='lat' dir='ltr'><strong>et</strong></span> 
     </span>
    </p>
   </div>
   <div class='ocr_carea' id='block_1_32' title="bbox 164 1771 1750 1855">
    <p class='ocr_par' dir='ltr' id='par_1_32' title="bbox 164 1771 1728 1846">
     <span class='ocr_line' id='line_1_32' title="bbox 164 1771 1728 1846; baseline 0.008 -24"><span class='ocrx_word' id='word_1_212' title='bbox 164 1774 247 1824; x_wconf 65' lang='grc' dir='ltr'><strong>καὶ</strong></span> <span class='ocrx_word' id='word_1_213' title='bbox 274 1774 412 1842; x_wconf 73' lang='grc' dir='ltr'>τρεῖς</span> <span class='ocrx_word' id='word_1_214' title='bbox 445 1773 688 1841; x_wconf 77' lang='grc' dir='ltr'>ἄγγελοι,</span> <span class='ocrx_word' id='word_1_215' title='bbox 726 1774 823 1826; x_wconf 77' lang='grc' dir='ltr'>καὶ</span> <span class='ocrx_word' id='word_1_216' title='bbox 859 1772 1008 1846; x_wconf 80' lang='grc' dir='ltr'>τρεῖς</span> <span class='ocrx_word' id='word_1_217' title='bbox 1044 1771 1346 1843; x_wconf 84' lang='grc' dir='ltr'>ἄνθρωποι.</span> <span class='ocrx_word' id='word_1_218' title='bbox 1390 1774 1514 1825; x_wconf 80' lang='grc' dir='ltr'><strong>Ἐπὶ</strong></span> <span class='ocrx_word' id='word_1_219' title='bbox 1543 1774 1600 1827; x_wconf 83' lang='grc' dir='ltr'><strong>δὲ</strong></span> <span class='ocrx_word' id='word_1_220' title='bbox 1631 1776 1728 1845; x_wconf 81' lang='grc' dir='ltr'>τῆς</span> 
     </span>
    </p>
   </div>
   <div class='ocr_carea' id='block_1_33' title="bbox 1834 1771 3415 1855">
    <p class='ocr_par' dir='ltr' id='par_1_33' title="bbox 1834 1777 3415 1855">
     <span class='ocr_line' id='line_1_33' title="bbox 1834 1777 3415 1855; baseline 0.004 -25"><span class='ocrx_word' id='word_1_221' title='bbox 1834 1777 2062 1848; x_wconf 82' lang='lat' dir='ltr'><strong>angelis,</strong></span> <span class='ocrx_word' id='word_1_222' title='bbox 2093 1788 2147 1833; x_wconf 90' lang='lat' dir='ltr'><strong>et</strong></span> <span class='ocrx_word' id='word_1_223' title='bbox 2199 1779 2453 1833; x_wconf 86' lang='lat' dir='ltr'><strong>similiter</strong></span> <span class='ocrx_word' id='word_1_224' title='bbox 2496 1779 2549 1832; x_wconf 93' lang='lat' dir='ltr'><strong>in</strong></span> <span class='ocrx_word' id='word_1_225' title='bbox 2600 1780 2830 1835; x_wconf 79' lang='lat' dir='ltr'><strong>inﬁnitis</strong></span> <span class='ocrx_word' id='word_1_226' title='bbox 2860 1782 2982 1836; x_wconf 91' lang='lat' dir='ltr'><strong>aliis</strong></span> <span class='ocrx_word' id='word_1_227' title='bbox 3010 1782 3192 1838; x_wconf 87' lang='lat' dir='ltr'><strong>dicere</strong></span> <span class='ocrx_word' id='word_1_228' title='bbox 3217 1800 3415 1855; x_wconf 81' lang='lat' dir='ltr'><strong>possu—</strong></span> 
     </span>
    </p>
   </div>
   <div class='ocr_carea' id='block_1_34' title="bbox 163 1863 1727 1938">
    <p class='ocr_par' dir='ltr' id='par_1_34' title="bbox 163 1863 1727 1938">
     <span class='ocr_line' id='line_1_34' title="bbox 163 1863 1727 1938; baseline 0.004 -24"><span class='ocrx_word' id='word_1_229' title='bbox 163 1863 290 1935; x_wconf 81' lang='grc' dir='ltr'>ὑπὲρ</span> <span class='ocrx_word' id='word_1_230' title='bbox 319 1864 499 1919; x_wconf 83' lang='grc' dir='ltr'>πάντα</span> <span class='ocrx_word' id='word_1_231' title='bbox 535 1865 659 1919; x_wconf 84' lang='grc' dir='ltr'>νοῦν</span> <span class='ocrx_word' id='word_1_232' title='bbox 693 1867 787 1920; x_wconf 77' lang='grc' dir='ltr'>καὶ</span> <span class='ocrx_word' id='word_1_233' title='bbox 828 1865 1064 1936; x_wconf 83' lang='grc' dir='ltr'>ἀριθμὸν</span> <span class='ocrx_word' id='word_1_234' title='bbox 1105 1866 1410 1936; x_wconf 85' lang='grc' dir='ltr'>ὑπεραγίας</span> <span class='ocrx_word' id='word_1_235' title='bbox 1457 1867 1687 1938; x_wconf 82' lang='grc' dir='ltr'>Τριάδος</span> <span class='ocrx_word' id='word_1_236' title='bbox 1713 1908 1727 1930; x_wconf 89' lang='grc'><strong>,</strong></span> 
     </span>
    </p>
   </div>
   <div class='ocr_carea' id='block_1_35' title="bbox 160 1955 1729 2028">
    <p class='ocr_par' dir='ltr' id='par_1_35' title="bbox 160 1955 1729 2028">
     <span class='ocr_line' id='line_1_35' title="bbox 160 1955 1729 2028; baseline 0.004 -21"><span class='ocrx_word' id='word_1_237' title='bbox 160 1955 271 2009; x_wconf 82' lang='grc' dir='ltr'>οὔτε</span> <span class='ocrx_word' id='word_1_238' title='bbox 335 1955 507 2028; x_wconf 77' lang='grc' dir='ltr'>Τριὰς</span> <span class='ocrx_word' id='word_1_239' title='bbox 556 1957 696 2013; x_wconf 85' lang='grc' dir='ltr'>θεῶν</span> <span class='ocrx_word' id='word_1_240' title='bbox 746 1958 954 2012; x_wconf 72' lang='grc' dir='ltr'>εἴποιεν</span> <span class='ocrx_word' id='word_1_241' title='bbox 990 1957 1011 1998; x_wconf 71' lang='grc' dir='ltr'><strong>ί</strong></span> <span class='ocrx_word' id='word_1_242' title='bbox 1060 1958 1126 2013; x_wconf 85' lang='grc' dir='ltr'>ἄν</span> <span class='ocrx_word' id='word_1_243' title='bbox 1171 1976 1255 2021; x_wconf 82' lang='grc' dir='ltr'>τις</span> <span class='ocrx_word' id='word_1_244' title='bbox 1300 1958 1562 2019; x_wconf 77' lang='grc' dir='ltr'>εὐσεϐῶν.</span> <span class='ocrx_word' id='word_1_245' title='bbox 1614 1959 1729 2014; x_wconf 83' lang='grc' dir='ltr'>ἀλλ’</span> 
     </span>
    </p>
   </div>
   <div class='ocr_carea' id='block_1_36' title="bbox 161 2048 1732 2123">
    <p class='ocr_par' dir='ltr' id='par_1_36' title="bbox 161 2048 1732 2123">
     <span class='ocr_line' id='line_1_36' title="bbox 161 2048 1732 2123; baseline 0.004 -23"><span class='ocrx_word' id='word_1_246' title='bbox 161 2048 268 2101; x_wconf 78' lang='grc' dir='ltr'>οὐδὲ</span> <span class='ocrx_word' id='word_1_247' title='bbox 293 2052 439 2118; x_wconf 79' lang='grc' dir='ltr'>τρεῖς</span> <span class='ocrx_word' id='word_1_248' title='bbox 464 2049 597 2105; x_wconf 87' lang='grc' dir='ltr'>θεοί.</span> <span class='ocrx_word' id='word_1_249' title='bbox 626 2050 796 2104; x_wconf 85' lang='grc' dir='ltr'>Πάλιν</span> <span class='ocrx_word' id='word_1_250' title='bbox 818 2052 887 2105; x_wconf 80' lang='grc' dir='ltr'>τὰ</span> <span class='ocrx_word' id='word_1_251' title='bbox 912 2053 970 2104; x_wconf 81' lang='grc' dir='ltr'>ὲν</span> <span class='ocrx_word' id='word_1_252' title='bbox 999 2055 1063 2123; x_wconf 82' lang='grc' dir='ltr'>τῇ</span> <span class='ocrx_word' id='word_1_253' title='bbox 1092 2051 1371 2122; x_wconf 80' lang='grc' dir='ltr'>ὑπεραγίᾳ</span> <span class='ocrx_word' id='word_1_254' title='bbox 1404 2052 1497 2104; x_wconf 76' lang='grc' dir='ltr'>καὶ</span> <span class='ocrx_word' id='word_1_255' title='bbox 1540 2054 1732 2123; x_wconf 76' lang='grc' dir='ltr'>ὀμοου-</span> 
     </span>
    </p>
   </div>
   <div class='ocr_carea' id='block_1_37' title="bbox 162 2136 1729 2213">
    <p class='ocr_par' dir='ltr' id='par_1_37' title="bbox 162 2136 1729 2213">
     <span class='ocr_line' id='line_1_37' title="bbox 162 2136 1729 2213; baseline 0.006 -26"><span class='ocrx_word' id='word_1_256' title='bbox 162 2137 251 2206; x_wconf 83' lang='grc' dir='ltr'>σίῳ</span> <span class='ocrx_word' id='word_1_257' title='bbox 280 2136 471 2207; x_wconf 82' lang='grc' dir='ltr'>Τριάδι</span> <span class='ocrx_word' id='word_1_258' title='bbox 522 2138 911 2210; x_wconf 79' lang='grc' dir='ltr'>λαμϐανόμενα</span> <span class='ocrx_word' id='word_1_259' title='bbox 943 2141 1235 2213; x_wconf 88' lang='grc' dir='ltr'>πρόσωπα,</span> <span class='ocrx_word' id='word_1_260' title='bbox 1268 2141 1509 2213; x_wconf 79' lang='grc' dir='ltr'>φανερὸν</span> <span class='ocrx_word' id='word_1_261' title='bbox 1557 2142 1631 2205; x_wconf 78' lang='grc' dir='ltr'><strong>ὡς</strong></span> <span class='ocrx_word' id='word_1_262' title='bbox 1664 2144 1729 2196; x_wconf 82' lang='grc' dir='ltr'>δι’</span> 
     </span>
    </p>
   </div>
   <div class='ocr_carea' id='block_1_38' title="bbox 156 2227 1731 2304">
    <p class='ocr_par' dir='ltr' id='par_1_38' title="bbox 156 2227 1731 2304">
     <span class='ocr_line' id='line_1_38' title="bbox 156 2227 1731 2304; baseline 0.006 -26"><span class='ocrx_word' id='word_1_263' title='bbox 156 2227 387 2300; x_wconf 74' lang='grc' dir='ltr'>ἀλλήλων</span> <span class='ocrx_word' id='word_1_264' title='bbox 409 2230 513 2293; x_wconf 78' lang='grc' dir='ltr'><strong>τὰς</strong></span> <span class='ocrx_word' id='word_1_265' title='bbox 532 2230 805 2301; x_wconf 73' lang='grc' dir='ltr'>ἰδιότητας</span> <span class='ocrx_word' id='word_1_266' title='bbox 827 2232 1136 2303; x_wconf 78' lang='grc' dir='ltr'>ἀχράντους</span> <span class='ocrx_word' id='word_1_267' title='bbox 1161 2232 1258 2287; x_wconf 65' lang='grc' dir='ltr'><strong>καὶ</strong></span> <span class='ocrx_word' id='word_1_268' title='bbox 1280 2235 1587 2304; x_wconf 81' lang='grc' dir='ltr'>ἀκηράτους</span> <span class='ocrx_word' id='word_1_269' title='bbox 1615 2234 1731 2287; x_wconf 80' lang='grc' dir='ltr'>δια-</span> 
     </span>
    </p>
   </div>
   <div class='ocr_carea' id='block_1_39' title="bbox 157 2320 1732 2397">
    <p class='ocr_par' dir='ltr' id='par_1_39' title="bbox 157 2320 1732 2397">
     <span class='ocr_line' id='line_1_39' title="bbox 157 2320 1732 2397; baseline 0.006 -26"><span class='ocrx_word' id='word_1_270' title='bbox 157 2320 382 2383; x_wconf 79' lang='grc' dir='ltr'>σώζοντα</span> <span class='ocrx_word' id='word_1_271' title='bbox 416 2325 609 2393; x_wconf 86' lang='grc' dir='ltr'>χωρεῖ.</span> <span class='ocrx_word' id='word_1_272' title='bbox 646 2324 853 2395; x_wconf 85' lang='grc' dir='ltr'>Πληροῖ</span> <span class='ocrx_word' id='word_1_273' title='bbox 896 2323 968 2377; x_wconf 76' lang='grc' dir='ltr'>τὰ</span> <span class='ocrx_word' id='word_1_274' title='bbox 997 2325 1178 2379; x_wconf 82' lang='grc' dir='ltr'>πάντα</span> <span class='ocrx_word' id='word_1_275' title='bbox 1212 2327 1239 2379; x_wconf 89' lang='grc' dir='ltr'><strong>ὁ</strong></span> <span class='ocrx_word' id='word_1_276' title='bbox 1270 2327 1463 2397; x_wconf 82' lang='grc' dir='ltr'>Πατὴρ</span> <span class='ocrx_word' id='word_1_277' title='bbox 1491 2366 1506 2390; x_wconf 91' lang='grc'><strong>,</strong></span> <span class='ocrx_word' id='word_1_278' title='bbox 1532 2325 1732 2397; x_wconf 83' lang='grc' dir='ltr'>πληροῖ</span> 
     </span>
    </p>
   </div>
   <div class='ocr_carea' id='block_1_40' title="bbox 156 2415 1726 2488">
    <p class='ocr_par' dir='ltr' id='par_1_40' title="bbox 156 2415 1726 2488">
     <span class='ocr_line' id='line_1_40' title="bbox 156 2415 1726 2488; baseline 0.005 -24"><span class='ocrx_word' id='word_1_279' title='bbox 156 2416 217 2464; x_wconf 76' lang='grc' dir='ltr'>τὰ</span> <span class='ocrx_word' id='word_1_280' title='bbox 247 2415 419 2468; x_wconf 82' lang='grc' dir='ltr'>πάντα</span> <span class='ocrx_word' id='word_1_281' title='bbox 447 2416 474 2467; x_wconf 88' lang='grc' dir='ltr'><strong>ό</strong></span> <span class='ocrx_word' id='word_1_282' title='bbox 503 2416 671 2480; x_wconf 80' lang='grc' dir='ltr'>Υἱὸς,</span> <span class='ocrx_word' id='word_1_283' title='bbox 703 2415 966 2478; x_wconf 83' lang='grc' dir='ltr'>ὡσαύτως</span> <span class='ocrx_word' id='word_1_284' title='bbox 992 2417 1087 2471; x_wconf 73' lang='grc' dir='ltr'><strong>καὶ</strong></span> <span class='ocrx_word' id='word_1_285' title='bbox 1115 2418 1179 2471; x_wconf 84' lang='grc' dir='ltr'><strong>τὸ</strong></span> <span class='ocrx_word' id='word_1_286' title='bbox 1204 2418 1432 2488; x_wconf 82' lang='grc' dir='ltr'>Πνεῦμα</span> <span class='ocrx_word' id='word_1_287' title='bbox 1462 2419 1520 2472; x_wconf 85' lang='grc' dir='ltr'>τὸ</span> <span class='ocrx_word' id='word_1_288' title='bbox 1552 2419 1726 2487; x_wconf 76' lang='grc' dir='ltr'>ἅγιον.</span> 
     </span>
    </p>
   </div>
   <div class='ocr_carea' id='block_1_41' title="bbox 155 2506 1729 2578">
    <p class='ocr_par' dir='ltr' id='par_1_41' title="bbox 155 2506 1729 2578">
     <span class='ocr_line' id='line_1_41' title="bbox 155 2506 1729 2578; baseline 0.005 -22"><span class='ocrx_word' id='word_1_289' title='bbox 155 2506 256 2558; x_wconf 77' lang='grc' dir='ltr'><strong>Καὶ</strong></span> <span class='ocrx_word' id='word_1_290' title='bbox 280 2508 337 2559; x_wconf 87' lang='grc' dir='ltr'><strong>τὸ</strong></span> <span class='ocrx_word' id='word_1_291' title='bbox 366 2508 663 2573; x_wconf 84' lang='grc' dir='ltr'>ἀνάπαλιν,</span> <span class='ocrx_word' id='word_1_292' title='bbox 692 2507 823 2561; x_wconf 75' lang='grc' dir='ltr'>ἔνθα</span> <span class='ocrx_word' id='word_1_293' title='bbox 856 2509 1091 2578; x_wconf 80' lang='grc' dir='ltr'>πάρεστι</span> <span class='ocrx_word' id='word_1_294' title='bbox 1119 2509 1180 2562; x_wconf 85' lang='grc' dir='ltr'><strong>τὸ</strong></span> <span class='ocrx_word' id='word_1_295' title='bbox 1208 2510 1435 2578; x_wconf 80' lang='grc' dir='ltr'>Πνεῦμα</span> <span class='ocrx_word' id='word_1_296' title='bbox 1456 2550 1471 2572; x_wconf 88' lang='grc'><strong>,</strong></span> <span class='ocrx_word' id='word_1_297' title='bbox 1498 2514 1613 2564; x_wconf 78' lang='grc' dir='ltr'>ἐκεῖ</span> <span class='ocrx_word' id='word_1_298' title='bbox 1637 2515 1729 2564; x_wconf 73' lang='grc' dir='ltr'>καὶ</span> 
     </span>
    </p>
   </div>
   <div class='ocr_carea' id='block_1_42' title="bbox 152 2598 1730 2675">
    <p class='ocr_par' dir='ltr' id='par_1_42' title="bbox 152 2598 1730 2675">
     <span class='ocr_line' id='line_1_42' title="bbox 152 2598 1730 2675; baseline 0.004 -25"><span class='ocrx_word' id='word_1_299' title='bbox 152 2600 177 2649; x_wconf 80' lang='grc' dir='ltr'>ὁ</span> <span class='ocrx_word' id='word_1_300' title='bbox 202 2600 418 2670; x_wconf 82' lang='grc' dir='ltr'>Πατὴρ,</span> <span class='ocrx_word' id='word_1_301' title='bbox 473 2602 567 2654; x_wconf 73' lang='grc' dir='ltr'><strong>κα)⁵</strong></span> <span class='ocrx_word' id='word_1_302' title='bbox 598 2602 625 2654; x_wconf 90' lang='grc' dir='ltr'><strong>ό</strong></span> <span class='ocrx_word' id='word_1_303' title='bbox 672 2601 832 2665; x_wconf 81' lang='grc' dir='ltr'>Υίός·</span> <span class='ocrx_word' id='word_1_304' title='bbox 865 2601 1004 2656; x_wconf 82' lang='grc' dir='ltr'>ἀλλὰ</span> <span class='ocrx_word' id='word_1_305' title='bbox 1045 2604 1135 2656; x_wconf 73' lang='grc' dir='ltr'><strong>καὶ</strong></span> <span class='ocrx_word' id='word_1_306' title='bbox 1177 2603 1235 2655; x_wconf 82' lang='grc' dir='ltr'>ὲν</span> <span class='ocrx_word' id='word_1_307' title='bbox 1273 2598 1353 2666; x_wconf 79' lang='grc' dir='ltr'><strong>οἷς</strong></span> <span class='ocrx_word' id='word_1_308' title='bbox 1398 2606 1661 2675; x_wconf 77' lang='grc' dir='ltr'>πάρεστιν</span> <span class='ocrx_word' id='word_1_309' title='bbox 1701 2605 1730 2657; x_wconf 86' lang='grc' dir='ltr'><strong>ό</strong></span> 
     </span>
    </p>
   </div>
   <div class='ocr_carea' id='block_1_43' title="bbox 154 2689 1730 2765">
    <p class='ocr_par' dir='ltr' id='par_1_43' title="bbox 154 2689 1730 2765">
     <span class='ocr_line' id='line_1_43' title="bbox 154 2689 1730 2765; baseline 0.004 -23"><span class='ocrx_word' id='word_1_310' title='bbox 154 2689 287 2755; x_wconf 82' lang='grc' dir='ltr'>Υἱὸς,</span> <span class='ocrx_word' id='word_1_311' title='bbox 321 2693 662 2763; x_wconf 72' lang='grc' dir='ltr'>συμπάρεισι</span> <span class='ocrx_word' id='word_1_312' title='bbox 693 2693 789 2746; x_wconf 75' lang='grc' dir='ltr'>καὶ</span> <span class='ocrx_word' id='word_1_313' title='bbox 820 2694 849 2746; x_wconf 87' lang='grc' dir='ltr'>ὁ</span> <span class='ocrx_word' id='word_1_314' title='bbox 883 2693 1075 2765; x_wconf 85' lang='grc' dir='ltr'>Πατὴρ</span> <span class='ocrx_word' id='word_1_315' title='bbox 1101 2694 1196 2747; x_wconf 72' lang='grc' dir='ltr'><strong>καὶ</strong></span> <span class='ocrx_word' id='word_1_316' title='bbox 1224 2695 1286 2748; x_wconf 83' lang='grc' dir='ltr'><strong>τὸ</strong></span> <span class='ocrx_word' id='word_1_317' title='bbox 1314 2694 1558 2765; x_wconf 87' lang='grc' dir='ltr'>Πνεῦμα.</span> <span class='ocrx_word' id='word_1_318' title='bbox 1607 2696 1730 2749; x_wconf 79' lang='grc' dir='ltr'><strong>Ἐπὶ</strong></span> 
     </span>
    </p>
   </div>
   <div class='ocr_carea' id='block_1_44' title="bbox 148 2782 1729 2857">
    <p class='ocr_par' dir='ltr' id='par_1_44' title="bbox 148 2782 1729 2857">
     <span class='ocr_line' id='line_1_44' title="bbox 148 2782 1729 2857; baseline 0.005 -24"><span class='ocrx_word' id='word_1_319' title='bbox 148 2782 201 2834; x_wconf 81' lang='grc' dir='ltr'><strong>δὲ</strong></span> <span class='ocrx_word' id='word_1_320' title='bbox 239 2784 343 2837; x_wconf 84' lang='grc' dir='ltr'><strong>τῶν</strong></span> <span class='ocrx_word' id='word_1_321' title='bbox 377 2786 587 2857; x_wconf 82' lang='grc' dir='ltr'>κυρίως</span> <span class='ocrx_word' id='word_1_322' title='bbox 615 2784 941 2857; x_wconf 82' lang='grc' dir='ltr'>ἀριθμητῶν</span> <span class='ocrx_word' id='word_1_323' title='bbox 971 2786 1125 2841; x_wconf 75' lang='grc' dir='ltr'>οὐδὲν</span> <span class='ocrx_word' id='word_1_324' title='bbox 1169 2786 1284 2841; x_wconf 80' lang='grc' dir='ltr'>ἔστι</span> <span class='ocrx_word' id='word_1_325' title='bbox 1324 2787 1565 2841; x_wconf 86' lang='grc' dir='ltr'>τοιοῦτον</span> <span class='ocrx_word' id='word_1_326' title='bbox 1606 2788 1729 2841; x_wconf 73' lang='grc' dir='ltr'>οὐδὲ</span> 
     </span>
    </p>
   </div>
   <div class='ocr_carea' id='block_1_45' title="bbox 148 2879 355 2935">
    <p class='ocr_par' dir='ltr' id='par_1_45' title="bbox 148 2879 355 2935">
     <span class='ocr_line' id='line_1_45' title="bbox 148 2879 355 2935; baseline 0.014 -9"><span class='ocrx_word' id='word_1_327' title='bbox 148 2879 355 2935; x_wconf 81' lang='grc' dir='ltr'>ἐννοεῖν,</span> 
     </span>
    </p>
   </div>
   <div class='ocr_carea' id='block_1_46' title="bbox 214 3058 1725 3132">
    <p class='ocr_par' dir='ltr' id='par_1_46' title="bbox 214 3058 1725 3132">
     <span class='ocr_line' id='line_1_46' title="bbox 214 3058 1725 3132; baseline 0.001 -22"><span class='ocrx_word' id='word_1_328' title='bbox 214 3058 329 3111; x_wconf 84' lang='grc' dir='ltr'>Ἔτι</span> <span class='ocrx_word' id='word_1_329' title='bbox 357 3059 414 3112; x_wconf 86' lang='grc' dir='ltr'>δὲ</span> <span class='ocrx_word' id='word_1_330' title='bbox 446 3060 537 3112; x_wconf 74' lang='grc' dir='ltr'><strong>ἐπὶ</strong></span> <span class='ocrx_word' id='word_1_331' title='bbox 563 3061 674 3115; x_wconf 82' lang='grc' dir='ltr'>τῶν</span> <span class='ocrx_word' id='word_1_332' title='bbox 702 3059 908 3131; x_wconf 82' lang='grc' dir='ltr'>κυρίως</span> <span class='ocrx_word' id='word_1_333' title='bbox 941 3058 1284 3132; x_wconf 81' lang='grc' dir='ltr'>ἁριθμητῶν,</span> <span class='ocrx_word' id='word_1_334' title='bbox 1312 3059 1408 3112; x_wconf 79' lang='grc' dir='ltr'><strong>καὶ</strong></span> <span class='ocrx_word' id='word_1_335' title='bbox 1439 3058 1725 3129; x_wconf 77' lang='grc' dir='ltr'>προσθήκη</span> 
     </span>
    </p>
   </div>
   <div class='ocr_carea' id='block_1_47' title="bbox 145 3129 1795 3223">
    <p class='ocr_par' dir='ltr' id='par_1_47' title="bbox 145 3129 1795 3223">
     <span class='ocr_line' id='line_1_47' title="bbox 145 3129 1795 3223; baseline 0.002 -23"><span class='ocrx_word' id='word_1_336' title='bbox 145 3148 340 3215; x_wconf 81' lang='grc' dir='ltr'>γίνεται</span> <span class='ocrx_word' id='word_1_337' title='bbox 364 3152 466 3205; x_wconf 72' lang='grc' dir='ltr'>καὶ</span> <span class='ocrx_word' id='word_1_338' title='bbox 496 3129 791 3223; x_wconf 27' lang='grc' dir='ltr'>ἀφαίρεσις.</span> <span class='ocrx_word' id='word_1_339' title='bbox 813 3152 924 3206; x_wconf 84' lang='grc' dir='ltr'><strong>τῶν</strong></span> <span class='ocrx_word' id='word_1_340' title='bbox 955 3129 1396 3223; x_wconf 58' lang='grc' dir='ltr'>ἀριθμουμένων</span> <span class='ocrx_word' id='word_1_341' title='bbox 1428 3151 1518 3202; x_wconf 79' lang='grc' dir='ltr'><strong>ἐπὶ</strong></span> <span class='ocrx_word' id='word_1_342' title='bbox 1546 3150 1601 3202; x_wconf 83' lang='grc' dir='ltr'><strong>δὲ</strong></span> <span class='ocrx_word' id='word_1_343' title='bbox 1629 3151 1725 3220; x_wconf 83' lang='grc' dir='ltr'><strong>τῆς</strong></span> <span class='ocrx_word' id='word_1_344' title='bbox 1751 3129 1795 3191; x_wconf 75' lang='lat' dir='ltr'><strong>CI</strong></span> 
     </span>
    </p>
   </div>
   <div class='ocr_carea' id='block_1_48' title="bbox 148 3242 1725 3316">
    <p class='ocr_par' dir='ltr' id='par_1_48' title="bbox 148 3242 1725 3316">
     <span class='ocr_line' id='line_1_48' title="bbox 148 3242 1725 3316; baseline 0.001 -22"><span class='ocrx_word' id='word_1_345' title='bbox 148 3242 467 3315; x_wconf 79' lang='grc' dir='ltr'>ὑπερουσίου</span> <span class='ocrx_word' id='word_1_346' title='bbox 508 3246 603 3299; x_wconf 67' lang='grc' dir='ltr'><strong>κα)¹</strong></span> <span class='ocrx_word' id='word_1_347' title='bbox 640 3244 1030 3316; x_wconf 81' lang='grc' dir='ltr'>ἁκαταλήπτου</span> <span class='ocrx_word' id='word_1_348' title='bbox 1056 3244 1285 3314; x_wconf 80' lang='grc' dir='ltr'>Τριὰδος</span> <span class='ocrx_word' id='word_1_349' title='bbox 1305 3284 1320 3308; x_wconf 91' lang='grc'><strong>,</strong></span> <span class='ocrx_word' id='word_1_350' title='bbox 1349 3243 1466 3305; x_wconf 83' lang='grc' dir='ltr'><strong>πῶς</strong></span> <span class='ocrx_word' id='word_1_351' title='bbox 1494 3243 1559 3296; x_wconf 79' lang='grc' dir='ltr'><strong>ἂν</strong></span> <span class='ocrx_word' id='word_1_352' title='bbox 1588 3243 1725 3304; x_wconf 75' lang='grc' dir='ltr'>ὅλως</span> 
     </span>
    </p>
   </div>
   <div class='ocr_carea' id='block_1_49' title="bbox 147 3318 1723 3408">
    <p class='ocr_par' dir='ltr' id='par_1_49' title="bbox 147 3318 1723 3408">
     <span class='ocr_line' id='line_1_49' title="bbox 147 3318 1723 3408; baseline 0.003 -25"><span class='ocrx_word' id='word_1_353' title='bbox 147 3334 431 3408; x_wconf 82' lang='grc' dir='ltr'>ἐννοειθείη</span> <span class='ocrx_word' id='word_1_354' title='bbox 473 3337 664 3406; x_wconf 85' lang='grc' dir='ltr'>τοῦτο;</span> <span class='ocrx_word' id='word_1_355' title='bbox 719 3339 813 3390; x_wconf 77' lang='grc' dir='ltr'>καὶ</span> <span class='ocrx_word' id='word_1_356' title='bbox 872 3318 1053 3390; x_wconf 75' lang='grc' dir='ltr'>πολλᾶ</span> <span class='ocrx_word' id='word_1_357' title='bbox 1094 3339 1160 3391; x_wconf 81' lang='grc' dir='ltr'>ἄν</span> <span class='ocrx_word' id='word_1_358' title='bbox 1201 3353 1285 3400; x_wconf 87' lang='grc' dir='ltr'><strong>τις</strong></span> <span class='ocrx_word' id='word_1_359' title='bbox 1329 3335 1723 3405; x_wconf 83' lang='grc' dir='ltr'>ὲπιθεωρήσειε</span> 
     </span>
    </p>
   </div>
   <div class='ocr_carea' id='block_1_50' title="bbox 146 3440 384 3482">
    <p class='ocr_par' dir='ltr' id='par_1_50' title="bbox 146 3440 384 3482">
     <span class='ocr_line' id='line_1_50' title="bbox 146 3440 384 3482; baseline 0.025 -6"><span class='ocrx_word' id='word_1_360' title='bbox 146 3440 201 3477; x_wconf 82' lang='grc' dir='ltr'><strong>το</strong></span> <span class='ocrx_word' id='word_1_361' title='bbox 208 3441 361 3480; x_wconf 82' lang='grc' dir='ltr'>ιαυτα</span> <span class='ocrx_word' id='word_1_362' title='bbox 368 3465 384 3482; x_wconf 81' lang='grc' dir='ltr'><strong>ο</strong></span> 
     </span>
    </p>
   </div>
   <div class='ocr_carea' id='block_1_51' title="bbox 659 3546 1206 3601">
    <p class='ocr_par' dir='ltr' id='par_1_51' title="bbox 659 3546 1206 3601">
     <span class='ocr_line' id='line_1_51' title="bbox 659 3546 1206 3601; baseline 0.002 -3"><span class='ocrx_word' id='word_1_363' title='bbox 659 3546 995 3600; x_wconf 84' lang='grc' dir='ltr'><strong>ΕΡΩΤΗΣῘΣ</strong></span> <span class='ocrx_word' id='word_1_364' title='bbox 1034 3546 1206 3601; x_wconf 66' lang='grc' dir='ltr'><strong>ΡΠΙν.</strong></span> 
     </span>
    </p>
   </div>
   <div class='ocr_carea' id='block_1_52' title="bbox 511 3636 1349 3707">
    <p class='ocr_par' dir='ltr' id='par_1_52' title="bbox 511 3636 1349 3707">
     <span class='ocr_line' id='line_1_52' title="bbox 511 3636 1349 3707; baseline 0.001 -15"><span class='ocrx_word' id='word_1_365' title='bbox 511 3637 652 3707; x_wconf 78' lang='grc' dir='ltr'>Περὶ</span> <span class='ocrx_word' id='word_1_366' title='bbox 681 3637 802 3694; x_wconf 82' lang='grc' dir='ltr'>τῶν</span> <span class='ocrx_word' id='word_1_367' title='bbox 834 3636 1034 3693; x_wconf 79' lang='grc' dir='ltr'>αὐτῶν</span> <span class='ocrx_word' id='word_1_368' title='bbox 1063 3638 1143 3704; x_wconf 86' lang='grc' dir='ltr'>τῷ</span> <span class='ocrx_word' id='word_1_369' title='bbox 1168 3638 1349 3705; x_wconf 82' lang='grc' dir='ltr'>αὐτῷ.</span> 
     </span>
    </p>
   </div>
   <div class='ocr_carea' id='block_1_53' title="bbox 1834 1870 3412 1941">
    <p class='ocr_par' dir='ltr' id='par_1_53' title="bbox 1834 1870 3412 1941">
     <span class='ocr_line' id='line_1_53' title="bbox 1834 1870 3412 1941; baseline 0.003 -18"><span class='ocrx_word' id='word_1_370' title='bbox 1834 1885 1980 1937; x_wconf 90' lang='lat' dir='ltr'><strong>mus,</strong></span> <span class='ocrx_word' id='word_1_371' title='bbox 2011 1870 2309 1925; x_wconf 85' lang='lat' dir='ltr'><strong>trinitatem</strong></span> <span class='ocrx_word' id='word_1_372' title='bbox 2343 1871 2665 1941; x_wconf 78' lang='lat' dir='ltr'><strong>angelorum</strong></span> <span class='ocrx_word' id='word_1_373' title='bbox 2698 1881 2752 1927; x_wconf 93' lang='lat' dir='ltr'><strong>et</strong></span> <span class='ocrx_word' id='word_1_374' title='bbox 2777 1873 3074 1927; x_wconf 89' lang='lat' dir='ltr'><strong>trinitatem</strong></span> <span class='ocrx_word' id='word_1_375' title='bbox 3104 1875 3412 1941; x_wconf 88' lang='lat' dir='ltr'><strong>hominum,</strong></span> 
     </span>
    </p>
   </div>
   <div class='ocr_carea' id='block_1_54' title="bbox 1834 1961 3415 2033">
    <p class='ocr_par' dir='ltr' id='par_1_54' title="bbox 1834 1961 3415 2033">
     <span class='ocr_line' id='line_1_54' title="bbox 1834 1961 3415 2033; baseline 0.004 -19"><span class='ocrx_word' id='word_1_376' title='bbox 1834 1961 1944 2015; x_wconf 87' lang='lat' dir='ltr'><strong>imo</strong></span> <span class='ocrx_word' id='word_1_377' title='bbox 1990 1971 2043 2016; x_wconf 87' lang='lat' dir='ltr'><strong>et</strong></span> <span class='ocrx_word' id='word_1_378' title='bbox 2093 1972 2201 2017; x_wconf 88' lang='lat' dir='ltr'><strong>tres</strong></span> <span class='ocrx_word' id='word_1_379' title='bbox 2247 1962 2489 2033; x_wconf 79' lang='lat' dir='ltr'><strong>angelos,</strong></span> <span class='ocrx_word' id='word_1_380' title='bbox 2526 1972 2581 2016; x_wconf 89' lang='lat' dir='ltr'><strong>et</strong></span> <span class='ocrx_word' id='word_1_381' title='bbox 2620 1971 2729 2017; x_wconf 87' lang='lat' dir='ltr'><strong>tres</strong></span> <span class='ocrx_word' id='word_1_382' title='bbox 2763 1963 3040 2030; x_wconf 86' lang='lat' dir='ltr'><strong>homines;</strong></span> <span class='ocrx_word' id='word_1_383' title='bbox 3072 1965 3124 2018; x_wconf 90' lang='lat' dir='ltr'><strong>in</strong></span> <span class='ocrx_word' id='word_1_384' title='bbox 3150 1964 3415 2019; x_wconf 85' lang='lat' dir='ltr'><strong>&#39;l‘rinitate</strong></span> 
     </span>
    </p>
   </div>
   <div class='ocr_carea' id='block_1_55' title="bbox 1831 2051 3411 2123">
    <p class='ocr_par' dir='ltr' id='par_1_55' title="bbox 1831 2051 3411 2123">
     <span class='ocr_line' id='line_1_55' title="bbox 1831 2051 3411 2123; baseline 0.001 -21"><span class='ocrx_word' id='word_1_385' title='bbox 1831 2064 1963 2103; x_wconf 86' lang='lat' dir='ltr'><strong>vero</strong></span> <span class='ocrx_word' id='word_1_386' title='bbox 2017 2066 2180 2119; x_wconf 90' lang='lat' dir='ltr'><strong>supra</strong></span> <span class='ocrx_word' id='word_1_387' title='bbox 2220 2066 2383 2119; x_wconf 89' lang='lat' dir='ltr'><strong>quam</strong></span> <span class='ocrx_word' id='word_1_388' title='bbox 2441 2058 2650 2114; x_wconf 91' lang='lat' dir='ltr'><strong>sancta,</strong></span> <span class='ocrx_word' id='word_1_389' title='bbox 2702 2065 2879 2123; x_wconf 88' lang='lat' dir='ltr'><strong>neque</strong></span> <span class='ocrx_word' id='word_1_390' title='bbox 2908 2051 3148 2107; x_wconf 87' lang='lat' dir='ltr'><strong>Trinitas</strong></span> <span class='ocrx_word' id='word_1_391' title='bbox 3187 2052 3411 2106; x_wconf 89' lang='lat' dir='ltr'><strong>deorum</strong></span> 
     </span>
    </p>
   </div>
   <div class='ocr_carea' id='block_1_56' title="bbox 1832 2140 3415 2210">
    <p class='ocr_par' dir='ltr' id='par_1_56' title="bbox 1832 2140 3415 2210">
     <span class='ocr_line' id='line_1_56' title="bbox 1832 2140 3415 2210; baseline 0.003 -18"><span class='ocrx_word' id='word_1_392' title='bbox 1832 2141 1918 2209; x_wconf 85' lang='lat' dir='ltr'><strong>pie</strong></span> <span class='ocrx_word' id='word_1_393' title='bbox 1949 2140 2055 2195; x_wconf 82' lang='lat' dir='ltr'><strong>dici</strong></span> <span class='ocrx_word' id='word_1_394' title='bbox 2091 2148 2287 2209; x_wconf 77' lang='lat' dir='ltr'><strong>potest,</strong></span> <span class='ocrx_word' id='word_1_395' title='bbox 2325 2156 2498 2210; x_wconf 86' lang='lat' dir='ltr'><strong>neque</strong></span> <span class='ocrx_word' id='word_1_396' title='bbox 2538 2148 2649 2195; x_wconf 84' lang='lat' dir='ltr'><strong>tres</strong></span> <span class='ocrx_word' id='word_1_397' title='bbox 2686 2141 2791 2195; x_wconf 91' lang='lat' dir='ltr'><strong>Dii.</strong></span> <span class='ocrx_word' id='word_1_398' title='bbox 2819 2140 3035 2195; x_wconf 81' lang='lat' dir='ltr'><strong>Rursus</strong></span> <span class='ocrx_word' id='word_1_399' title='bbox 3061 2141 3112 2194; x_wconf 93' lang='lat' dir='ltr'><strong>in</strong></span> <span class='ocrx_word' id='word_1_400' title='bbox 3151 2140 3415 2197; x_wconf 86' lang='lat' dir='ltr'><strong>Trinitate</strong></span> 
     </span>
    </p>
   </div>
   <div class='ocr_carea' id='block_1_57' title="bbox 1831 2234 3417 2304">
    <p class='ocr_par' dir='ltr' id='par_1_57' title="bbox 1831 2234 3417 2304">
     <span class='ocr_line' id='line_1_57' title="bbox 1831 2234 3417 2304; baseline 0.001 -17"><span class='ocrx_word' id='word_1_401' title='bbox 1831 2248 1996 2304; x_wconf 89' lang='lat' dir='ltr'><strong>supra</strong></span> <span class='ocrx_word' id='word_1_402' title='bbox 2028 2249 2195 2304; x_wconf 88' lang='lat' dir='ltr'><strong>qttam</strong></span> <span class='ocrx_word' id='word_1_403' title='bbox 2226 2242 2413 2287; x_wconf 88' lang='lat' dir='ltr'><strong>sancta</strong></span> <span class='ocrx_word' id='word_1_404' title='bbox 2436 2242 2489 2287; x_wconf 88' lang='lat' dir='ltr'><strong>et</strong></span> <span class='ocrx_word' id='word_1_405' title='bbox 2515 2234 2680 2288; x_wconf 88' lang='lat' dir='ltr'><strong>unius</strong></span> <span class='ocrx_word' id='word_1_406' title='bbox 2709 2234 3067 2304; x_wconf 86' lang='lat' dir='ltr'><strong>ejusdemque</strong></span> <span class='ocrx_word' id='word_1_407' title='bbox 3096 2234 3417 2289; x_wconf 71' lang='lat' dir='ltr'><strong>substantiae</strong></span> 
     </span>
    </p>
   </div>
   <div class='ocr_carea' id='block_1_58' title="bbox 1832 2321 3416 2393">
    <p class='ocr_par' dir='ltr' id='par_1_58' title="bbox 1832 2321 3416 2393">
     <span class='ocr_line' id='line_1_58' title="bbox 1832 2321 3416 2393; baseline 0 -17"><span class='ocrx_word' id='word_1_408' title='bbox 1832 2336 2081 2393; x_wconf 84' lang='lat' dir='ltr'><strong>personae</strong></span> <span class='ocrx_word' id='word_1_409' title='bbox 2143 2322 2195 2375; x_wconf 91' lang='lat' dir='ltr'><strong>in</strong></span> <span class='ocrx_word' id='word_1_410' title='bbox 2257 2321 2452 2390; x_wconf 89' lang='lat' dir='ltr'><strong>seipsis</strong></span> <span class='ocrx_word' id='word_1_411' title='bbox 2502 2331 2697 2376; x_wconf 91' lang='lat' dir='ltr'><strong>mutuo</strong></span> <span class='ocrx_word' id='word_1_412' title='bbox 2759 2322 3041 2387; x_wconf 85' lang='lat' dir='ltr'><strong>incedunt,</strong></span> <span class='ocrx_word' id='word_1_413' title='bbox 3084 2322 3310 2392; x_wconf 84' lang='lat' dir='ltr'><strong>integris</strong></span> <span class='ocrx_word' id='word_1_414' title='bbox 3362 2334 3416 2377; x_wconf 90' lang='lat' dir='ltr'><strong>et</strong></span> 
     </span>
    </p>
   </div>
   <div class='ocr_carea' id='block_1_59' title="bbox 1832 2413 3416 2484">
    <p class='ocr_par' dir='ltr' id='par_1_59' title="bbox 1832 2413 3416 2484">
     <span class='ocr_line' id='line_1_59' title="bbox 1832 2413 3416 2484; baseline -0.001 -16"><span class='ocrx_word' id='word_1_415' title='bbox 1832 2415 2000 2469; x_wconf 86' lang='lat' dir='ltr'><strong>salvis</strong></span> <span class='ocrx_word' id='word_1_416' title='bbox 2063 2415 2493 2484; x_wconf 76' lang='lat' dir='ltr'><strong>proprietatibus</strong></span> <span class='ocrx_word' id='word_1_417' title='bbox 2544 2415 2730 2484; x_wconf 80' lang='lat' dir='ltr'><strong>implet</strong></span> <span class='ocrx_word' id='word_1_418' title='bbox 2770 2415 2954 2467; x_wconf 89' lang='lat' dir='ltr'><strong>omnia</strong></span> <span class='ocrx_word' id='word_1_419' title='bbox 3002 2414 3186 2478; x_wconf 85' lang='lat' dir='ltr'><strong>Pater;</strong></span> <span class='ocrx_word' id='word_1_420' title='bbox 3229 2413 3416 2483; x_wconf 88' lang='lat' dir='ltr'><strong>implet</strong></span> 
     </span>
    </p>
   </div>
   <div class='ocr_carea' id='block_1_60' title="bbox 1832 2505 3416 2576">
    <p class='ocr_par' dir='ltr' id='par_1_60' title="bbox 1832 2505 3416 2576">
     <span class='ocr_line' id='line_1_60' title="bbox 1832 2505 3416 2576; baseline 0 -15"><span class='ocrx_word' id='word_1_421' title='bbox 1832 2508 2017 2561; x_wconf 88' lang='lat' dir='ltr'><strong>omnia</strong></span> <span class='ocrx_word' id='word_1_422' title='bbox 2067 2506 2258 2570; x_wconf 75' lang='lat' dir='ltr'><strong>Filius,</strong></span> <span class='ocrx_word' id='word_1_423' title='bbox 2311 2507 2565 2560; x_wconf 86' lang='lat' dir='ltr'><strong>similiter</strong></span> <span class='ocrx_word' id='word_1_424' title='bbox 2596 2507 2755 2559; x_wconf 88' lang='lat' dir='ltr'><strong>etiam</strong></span> <span class='ocrx_word' id='word_1_425' title='bbox 2788 2506 3026 2576; x_wconf 87' lang='lat' dir='ltr'><strong>Sp&#39;ritus</strong></span> <span class='ocrx_word' id='word_1_426' title='bbox 3060 2516 3304 2561; x_wconf 89' lang='lat' dir='ltr'><strong>sanctus.</strong></span> <span class='ocrx_word' id='word_1_427' title='bbox 3350 2505 3416 2561; x_wconf 85' lang='lat' dir='ltr'><strong>Et</strong></span> 
     </span>
    </p>
   </div>
   <div class='ocr_carea' id='block_1_61' title="bbox 1833 2596 3411 2667">
    <p class='ocr_par' dir='ltr' id='par_1_61' title="bbox 1833 2596 3411 2667">
     <span class='ocr_line' id='line_1_61' title="bbox 1833 2596 3411 2667; baseline 0 -16"><span class='ocrx_word' id='word_1_428' title='bbox 1833 2615 2059 2662; x_wconf 88' lang='lat' dir='ltr'><strong>rursus;</strong></span> <span class='ocrx_word' id='word_1_429' title='bbox 2103 2597 2201 2652; x_wconf 88' lang='lat' dir='ltr'><strong>Ubi</strong></span> <span class='ocrx_word' id='word_1_430' title='bbox 2232 2599 2387 2652; x_wconf 78' lang='lat' dir='ltr'><strong>adest</strong></span> <span class='ocrx_word' id='word_1_431' title='bbox 2415 2597 2675 2667; x_wconf 85' lang='lat' dir='ltr'><strong>Spiritus,</strong></span> <span class='ocrx_word' id='word_1_432' title='bbox 2703 2599 2813 2653; x_wconf 91' lang='lat' dir='ltr'><strong>illic</strong></span> <span class='ocrx_word' id='word_1_433' title='bbox 2843 2606 2898 2653; x_wconf 91' lang='lat' dir='ltr'><strong>et</strong></span> <span class='ocrx_word' id='word_1_434' title='bbox 2929 2597 3121 2665; x_wconf 88' lang='lat' dir='ltr'><strong>Filius,</strong></span> <span class='ocrx_word' id='word_1_435' title='bbox 3148 2608 3201 2653; x_wconf 88' lang='lat' dir='ltr'><strong>et</strong></span> <span class='ocrx_word' id='word_1_436' title='bbox 3229 2596 3411 2662; x_wconf 87' lang='lat' dir='ltr'><strong>Pater,</strong></span> 
     </span>
    </p>
   </div>
   <div class='ocr_carea' id='block_1_62' title="bbox 1830 2687 3415 2762">
    <p class='ocr_par' dir='ltr' id='par_1_62' title="bbox 1830 2687 3415 2762">
     <span class='ocr_line' id='line_1_62' title="bbox 1830 2687 3415 2762; baseline 0 -19"><span class='ocrx_word' id='word_1_437' title='bbox 1830 2692 1959 2762; x_wconf 92' lang='lat' dir='ltr'><strong>quin</strong></span> <span class='ocrx_word' id='word_1_438' title='bbox 1995 2691 2159 2746; x_wconf 91' lang='lat' dir='ltr'><strong>etiam</strong></span> <span class='ocrx_word' id='word_1_439' title='bbox 2191 2690 2244 2743; x_wconf 93' lang='lat' dir='ltr'><strong>in</strong></span> <span class='ocrx_word' id='word_1_440' title='bbox 2276 2691 2475 2759; x_wconf 77' lang='lat' dir='ltr'><strong>quibus</strong></span> <span class='ocrx_word' id='word_1_441' title='bbox 2504 2699 2588 2744; x_wconf 89' lang='lat' dir='ltr'><strong>est</strong></span> <span class='ocrx_word' id='word_1_442' title='bbox 2616 2688 2808 2755; x_wconf 86' lang='lat' dir='ltr'><strong>Filius,</strong></span> <span class='ocrx_word' id='word_1_443' title='bbox 2832 2700 2959 2744; x_wconf 90' lang='lat' dir='ltr'><strong>sunt</strong></span> <span class='ocrx_word' id='word_1_444' title='bbox 2993 2688 3156 2743; x_wconf 92' lang='lat' dir='ltr'><strong>simul</strong></span> <span class='ocrx_word' id='word_1_445' title='bbox 3177 2698 3229 2743; x_wconf 92' lang='lat' dir='ltr'><strong>et</strong></span> <span class='ocrx_word' id='word_1_446' title='bbox 3257 2687 3415 2743; x_wconf 84' lang='lat' dir='ltr'><strong>Pater</strong></span> 
     </span>
    </p>
   </div>
   <div class='ocr_carea' id='block_1_63' title="bbox 1829 2782 3414 2854">
    <p class='ocr_par' dir='ltr' id='par_1_63' title="bbox 1829 2782 3414 2854">
     <span class='ocr_line' id='line_1_63' title="bbox 1829 2782 3414 2854; baseline -0.002 -16"><span class='ocrx_word' id='word_1_447' title='bbox 1829 2793 1882 2838; x_wconf 85' lang='lat' dir='ltr'><strong>ct</strong></span> <span class='ocrx_word' id='word_1_448' title='bbox 1920 2784 2156 2854; x_wconf 87' lang='lat' dir='ltr'><strong>Spiritus</strong></span> <span class='ocrx_word' id='word_1_449' title='bbox 2187 2793 2431 2837; x_wconf 85' lang='lat' dir='ltr'><strong>sanctus.</strong></span> <span class='ocrx_word' id='word_1_450' title='bbox 2463 2782 2522 2835; x_wconf 89' lang='lat' dir='ltr'><strong>ln</strong></span> <span class='ocrx_word' id='word_1_451' title='bbox 2553 2782 2619 2836; x_wconf 92' lang='lat' dir='ltr'><strong>iis</strong></span> <span class='ocrx_word' id='word_1_452' title='bbox 2647 2797 2796 2845; x_wconf 87' lang='lat' dir='ltr'><strong>vero,</strong></span> <span class='ocrx_word' id='word_1_453' title='bbox 2829 2798 2950 2851; x_wconf 76' lang='lat' dir='ltr'><strong>qure</strong></span> <span class='ocrx_word' id='word_1_454' title='bbox 2975 2782 3187 2851; x_wconf 89' lang='lat' dir='ltr'><strong>proprie</strong></span> <span class='ocrx_word' id='word_1_455' title='bbox 3217 2796 3414 2835; x_wconf 84' lang='lat' dir='ltr'><strong>nume-</strong></span> 
     </span>
    </p>
   </div>
   <div class='ocr_carea' id='block_1_64' title="bbox 1832 2872 3411 2945">
    <p class='ocr_par' dir='ltr' id='par_1_64' title="bbox 1832 2872 3411 2945">
     <span class='ocr_line' id='line_1_64' title="bbox 1832 2872 3411 2945; baseline -0.002 -16"><span class='ocrx_word' id='word_1_456' title='bbox 1832 2876 1939 2929; x_wconf 89' lang='lat' dir='ltr'><strong>rari</strong></span> <span class='ocrx_word' id='word_1_457' title='bbox 1968 2874 2377 2945; x_wconf 87' lang='lat' dir='ltr'><strong>possunt,nibil</strong></span> <span class='ocrx_word' id='word_1_458' title='bbox 2402 2874 2667 2944; x_wconf 78' lang='lat' dir='ltr'><strong>ejusmodi</strong></span> <span class='ocrx_word' id='word_1_459' title='bbox 2695 2888 2762 2927; x_wconf 90' lang='lat' dir='ltr'><strong>ne</strong></span> <span class='ocrx_word' id='word_1_460' title='bbox 2790 2872 3016 2945; x_wconf 82' lang='lat' dir='ltr'><strong>intelligi</strong></span> <span class='ocrx_word' id='word_1_461' title='bbox 3052 2874 3270 2944; x_wconf 90' lang='lat' dir='ltr'><strong>quidem</strong></span> <span class='ocrx_word' id='word_1_462' title='bbox 3311 2888 3411 2943; x_wconf 87' lang='lat' dir='ltr'><strong>po-</strong></span> 
     </span>
    </p>
   </div>
   <div class='ocr_carea' id='block_1_65' title="bbox 1831 2977 1953 3023">
    <p class='ocr_par' dir='ltr' id='par_1_65' title="bbox 1831 2977 1953 3023">
     <span class='ocr_line' id='line_1_65' title="bbox 1831 2977 1953 3023; baseline 0.008 -1"><span class='ocrx_word' id='word_1_463' title='bbox 1831 2977 1953 3023; x_wconf 86' lang='lat' dir='ltr'><strong>test.</strong></span> 
     </span>
    </p>
   </div>
   <div class='ocr_carea' id='block_1_66' title="bbox 1902 3056 3539 3129">
    <p class='ocr_par' dir='ltr' id='par_1_66' title="bbox 1902 3056 3539 3129">
     <span class='ocr_line' id='line_1_66' title="bbox 1902 3056 3539 3129; baseline -0.003 -14"><span class='ocrx_word' id='word_1_464' title='bbox 1902 3062 1982 3115; x_wconf 80' lang='lat' dir='ltr'><strong>Ad</strong></span> <span class='ocrx_word' id='word_1_465' title='bbox 2018 3059 2132 3114; x_wconf 78' lang='lat' dir='ltr'><strong>haec</strong></span> <span class='ocrx_word' id='word_1_466' title='bbox 2159 3059 2214 3113; x_wconf 90' lang='lat' dir='ltr'><strong>in</strong></span> <span class='ocrx_word' id='word_1_467' title='bbox 2266 3058 2334 3113; x_wconf 91' lang='lat' dir='ltr'><strong>iis</strong></span> <span class='ocrx_word' id='word_1_468' title='bbox 2389 3073 2509 3129; x_wconf 81' lang='lat' dir='ltr'><strong>quae</strong></span> <span class='ocrx_word' id='word_1_469' title='bbox 2558 3068 2687 3114; x_wconf 91' lang='lat' dir='ltr'><strong>sunt</strong></span> <span class='ocrx_word' id='word_1_470' title='bbox 2737 3057 2957 3128; x_wconf 90' lang='lat' dir='ltr'><strong>proprie</strong></span> <span class='ocrx_word' id='word_1_471' title='bbox 3012 3056 3409 3121; x_wconf 85' lang='lat' dir='ltr'><strong>numerabilia,</strong></span> <span class='ocrx_word' id='word_1_472' title='bbox 3514 3106 3539 3119; x_wconf 39' lang='grc' dir='ltr'><em>φ</em></span> 
     </span>
    </p>
   </div>
   <div class='ocr_carea' id='block_1_67' title="bbox 1831 3146 3406 3219">
    <p class='ocr_par' dir='ltr' id='par_1_67' title="bbox 1831 3146 3406 3219">
     <span class='ocr_line' id='line_1_67' title="bbox 1831 3146 3406 3219; baseline -0.004 -12"><span class='ocrx_word' id='word_1_473' title='bbox 1831 3154 2070 3207; x_wconf 83' lang='lat' dir='ltr'><strong>accessio</strong></span> <span class='ocrx_word' id='word_1_474' title='bbox 2102 3152 2180 3218; x_wconf 86' lang='lat' dir='ltr'><strong>ﬁt,</strong></span> <span class='ocrx_word' id='word_1_475' title='bbox 2208 3159 2261 3207; x_wconf 89' lang='lat' dir='ltr'><strong>et</strong></span> <span class='ocrx_word' id='word_1_476' title='bbox 2300 3152 2586 3206; x_wconf 77' lang='lat' dir='ltr'><strong>Subductio</strong></span> <span class='ocrx_word' id='word_1_477' title='bbox 2610 3166 2822 3216; x_wconf 87' lang='lat' dir='ltr'><strong>eorum,</strong></span> <span class='ocrx_word' id='word_1_478' title='bbox 2860 3146 2987 3219; x_wconf 66' lang='lat' dir='ltr'><strong>qua!</strong></span> <span class='ocrx_word' id='word_1_479' title='bbox 3013 3156 3406 3214; x_wconf 87' lang='lat' dir='ltr'><strong>numerantur;</strong></span> 
     </span>
    </p>
   </div>
   <div class='ocr_carea' id='block_1_68' title="bbox 1833 3239 3409 3317">
    <p class='ocr_par' dir='ltr' id='par_1_68' title="bbox 1833 3239 3409 3317">
     <span class='ocr_line' id='line_1_68' title="bbox 1833 3239 3409 3317; baseline -0.004 -16"><span class='ocrx_word' id='word_1_480' title='bbox 1833 3247 1888 3301; x_wconf 91' lang='lat' dir='ltr'><strong>in</strong></span> <span class='ocrx_word' id='word_1_481' title='bbox 1946 3246 2215 3300; x_wconf 84' lang='lat' dir='ltr'><strong>Triuitate</strong></span> <span class='ocrx_word' id='word_1_482' title='bbox 2272 3260 2403 3317; x_wconf 78' lang='lat' dir='ltr'><strong>vero</strong></span> <span class='ocrx_word' id='word_1_483' title='bbox 2461 3258 2626 3313; x_wconf 87' lang='lat' dir='ltr'><strong>supra</strong></span> <span class='ocrx_word' id='word_1_484' title='bbox 2679 3252 2950 3306; x_wconf 91' lang='lat' dir='ltr'><strong>naturam,</strong></span> <span class='ocrx_word' id='word_1_485' title='bbox 2999 3250 3054 3296; x_wconf 92' lang='lat' dir='ltr'><strong>et</strong></span> <span class='ocrx_word' id='word_1_486' title='bbox 3107 3239 3409 3309; x_wconf 85' lang='lat' dir='ltr'><strong>incompre-</strong></span> 
     </span>
    </p>
   </div>
   <div class='ocr_carea' id='block_1_69' title="bbox 1832 3330 3407 3407">
    <p class='ocr_par' dir='ltr' id='par_1_69' title="bbox 1832 3330 3407 3407">
     <span class='ocr_line' id='line_1_69' title="bbox 1832 3330 3407 3407; baseline -0.005 -14"><span class='ocrx_word' id='word_1_487' title='bbox 1832 3337 2042 3402; x_wconf 87' lang='lat' dir='ltr'><strong>hensa,</strong></span> <span class='ocrx_word' id='word_1_488' title='bbox 2094 3337 2373 3407; x_wconf 89' lang='lat' dir='ltr'><strong>quomodo</strong></span> <span class='ocrx_word' id='word_1_489' title='bbox 2428 3337 2531 3391; x_wconf 92' lang='lat' dir='ltr'><strong>hoc</strong></span> <span class='ocrx_word' id='word_1_490' title='bbox 2574 3335 2791 3405; x_wconf 86' lang='lat' dir='ltr'><strong>penitus</strong></span> <span class='ocrx_word' id='word_1_491' title='bbox 2836 3330 3203 3403; x_wconf 79' lang='lat' dir='ltr'><strong>intelligatur?</strong></span> <span class='ocrx_word' id='word_1_492' title='bbox 3244 3330 3407 3386; x_wconf 84' lang='lat' dir='ltr'><strong>Multa</strong></span> 
     </span>
    </p>
   </div>
   <div class='ocr_carea' id='block_1_70' title="bbox 1834 3427 3099 3500">
    <p class='ocr_par' dir='ltr' id='par_1_70' title="bbox 1834 3427 3099 3500">
     <span class='ocr_line' id='line_1_70' title="bbox 1834 3427 3099 3500; baseline -0.004 -16"><span class='ocrx_word' id='word_1_493' title='bbox 1834 3431 1938 3484; x_wconf 86' lang='lat' dir='ltr'><strong>alia</strong></span> <span class='ocrx_word' id='word_1_494' title='bbox 1970 3429 2239 3500; x_wconf 85' lang='lat' dir='ltr'><strong>ejusmodi</strong></span> <span class='ocrx_word' id='word_1_495' title='bbox 2276 3428 2633 3498; x_wconf 85' lang='lat' dir='ltr'><strong>contemplari</strong></span> <span class='ocrx_word' id='word_1_496' title='bbox 2667 3427 2792 3497; x_wconf 90' lang='lat' dir='ltr'><strong>quis</strong></span> <span class='ocrx_word' id='word_1_497' title='bbox 2820 3434 3018 3497; x_wconf 85' lang='lat' dir='ltr'><strong>potest.</strong></span> <span class='ocrx_word' id='word_1_498' title='bbox 3096 3486 3099 3489; x_wconf 28' lang='grc' dir='ltr'><strong><em>λ</em></strong></span> 
     </span>
    </p>
   </div>
   <div class='ocr_carea' id='block_1_71' title="bbox 1834 3534 3409 3615">
    <p class='ocr_par' dir='ltr' id='par_1_71' title="bbox 1834 3534 3409 3615">
     <span class='ocr_line' id='line_1_71' title="bbox 1834 3534 3409 3615; baseline -0.005 -12"><span class='ocrx_word' id='word_1_499' title='bbox 1834 3546 2169 3615; x_wconf 73' lang='grc' dir='ltr'><strong>ΟυΔΞΞΤΙΟ</strong></span> <span class='ocrx_word' id='word_1_500' title='bbox 2208 3543 2513 3601; x_wconf 77' lang='lat' dir='ltr'><strong>CLXXXIII</strong></span> <span class='ocrx_word' id='word_1_501' title='bbox 2542 3543 2733 3615; x_wconf 67' lang='lat' dir='ltr'><strong>[Coisl,</strong></span> <span class='ocrx_word' id='word_1_502' title='bbox 2774 3541 2981 3609; x_wconf 77' lang='lat' dir='ltr'><strong>CCXII,</strong></span> <span class='ocrx_word' id='word_1_503' title='bbox 3010 3539 3175 3595; x_wconf 84' lang='lat' dir='ltr'><strong>Taur.</strong></span> <span class='ocrx_word' id='word_1_504' title='bbox 3203 3534 3409 3610; x_wconf 58' lang='grc'><strong>00111.)</strong></span> 
     </span>
    </p>
   </div>
   <div class='ocr_carea' id='block_1_72' title="bbox 2363 3636 2881 3701">
    <p class='ocr_par' dir='ltr' id='par_1_72' title="bbox 2363 3636 2881 3701">
     <span class='ocr_line' id='line_1_72' title="bbox 2363 3636 2881 3701; baseline -0.008 -8"><span class='ocrx_word' id='word_1_505' title='bbox 2363 3638 2439 3693; x_wconf 87' lang='lat' dir='ltr'><strong>De</strong></span> <span class='ocrx_word' id='word_1_506' title='bbox 2477 3637 2665 3701; x_wconf 66' lang='lat' dir='ltr'><strong>iisdem</strong></span> <span class='ocrx_word' id='word_1_507' title='bbox 2695 3636 2881 3691; x_wconf 82' lang='lat' dir='ltr'><strong>eidem.</strong></span> 
     </span>
    </p>
   </div>
   <div class='ocr_carea' id='block_1_73' title="bbox 941 3750 2602 3821">
    <p class='ocr_par' dir='ltr' id='par_1_73' title="bbox 941 3750 2602 3821">
     <span class='ocr_line' id='line_1_73' title="bbox 941 3750 2602 3821; baseline -0.004 -14"><span class='ocrx_word' id='word_1_508' title='bbox 941 3756 1086 3807; x_wconf 82' lang='lat' dir='ltr'><strong>Edita</strong></span> <span class='ocrx_word' id='word_1_509' title='bbox 1108 3772 1135 3806; x_wconf 88' lang='lat' dir='ltr'><strong>a</strong></span> <span class='ocrx_word' id='word_1_510' title='bbox 1160 3758 1402 3821; x_wconf 80' lang='lat' dir='ltr'><strong>Basnagio</strong></span> <span class='ocrx_word' id='word_1_511' title='bbox 1426 3759 1481 3821; x_wconf 94' lang='grc'><strong>(1.</strong></span> <span class='ocrx_word' id='word_1_512' title='bbox 1503 3771 1548 3807; x_wconf 89' lang='lat' dir='ltr'><strong>c.</strong></span> <span class='ocrx_word' id='word_1_513' title='bbox 1573 3772 1623 3820; x_wconf 88' lang='lat' dir='ltr'><strong>p.</strong></span> <span class='ocrx_word' id='word_1_514' title='bbox 1650 3756 1784 3820; x_wconf 70' lang='grc'><strong>455).</strong></span> <span class='ocrx_word' id='word_1_515' title='bbox 1805 3780 1869 3795; x_wconf 93' lang='lat'><strong>--</strong></span> <span class='ocrx_word' id='word_1_516' title='bbox 1899 3755 2240 3806; x_wconf 64' lang='lat' dir='ltr'><strong>Praecedentis</strong></span> <span class='ocrx_word' id='word_1_517' title='bbox 2277 3750 2602 3803; x_wconf 82' lang='lat' dir='ltr'><strong>continuatio.</strong></span> 
     </span>
    </p>
   </div>
   <div class='ocr_carea' id='block_1_74' title="bbox 210 3838 1732 3911">
    <p class='ocr_par' dir='ltr' id='par_1_74' title="bbox 210 3838 1732 3911">
     <span class='ocr_line' id='line_1_74' title="bbox 210 3838 1732 3911; baseline 0.003 -20"><span class='ocrx_word' id='word_1_518' title='bbox 210 3838 282 3891; x_wconf 80' lang='grc' dir='ltr'><strong>Τὸ</strong></span> <span class='ocrx_word' id='word_1_519' title='bbox 311 3839 371 3893; x_wconf 82' lang='grc' dir='ltr'>ἓν</span> <span class='ocrx_word' id='word_1_520' title='bbox 395 3839 495 3894; x_wconf 77' lang='grc' dir='ltr'>καὶ</span> <span class='ocrx_word' id='word_1_521' title='bbox 519 3838 591 3892; x_wconf 86' lang='grc' dir='ltr'>τὰ</span> <span class='ocrx_word' id='word_1_522' title='bbox 618 3838 748 3910; x_wconf 90' lang='grc' dir='ltr'>τρία</span> <span class='ocrx_word' id='word_1_523' title='bbox 774 3839 858 3893; x_wconf 72' lang='grc' dir='ltr'>ἑνὶ</span> <span class='ocrx_word' id='word_1_524' title='bbox 882 3840 980 3909; x_wconf 77' lang='grc' dir='ltr'><strong>τῆς</strong></span> <span class='ocrx_word' id='word_1_525' title='bbox 1005 3840 1301 3911; x_wconf 81' lang='grc' dir='ltr'>θεαρχικῆς</span> <span class='ocrx_word' id='word_1_526' title='bbox 1334 3840 1732 3911; x_wconf 86' lang='grc' dir='ltr'>θεολογούμενα</span> 
     </span>
    </p>
   </div>
   <div class='ocr_carea' id='block_1_75' title="bbox 142 3929 1706 4005">
    <p class='ocr_par' dir='ltr' id='par_1_75' title="bbox 142 3929 1706 4005">
     <span class='ocr_line' id='line_1_75' title="bbox 142 3929 1706 4005; baseline 0.001 -23"><span class='ocrx_word' id='word_1_527' title='bbox 142 3929 375 3995; x_wconf 79' lang='grc' dir='ltr'>φύσεως,</span> <span class='ocrx_word' id='word_1_528' title='bbox 400 3932 504 3985; x_wconf 82' lang='grc' dir='ltr'>οὐκ</span> <span class='ocrx_word' id='word_1_529' title='bbox 528 3931 759 4002; x_wconf 81' lang='grc' dir='ltr'>ἀριθμός</span> <span class='ocrx_word' id='word_1_530' title='bbox 782 3933 898 3984; x_wconf 78' lang='grc' dir='ltr'>ἐστι</span> <span class='ocrx_word' id='word_1_531' title='bbox 922 3933 1146 4003; x_wconf 82' lang='grc' dir='ltr'>κυρίως,</span> <span class='ocrx_word' id='word_1_532' title='bbox 1169 3931 1278 3984; x_wconf 84' lang='grc' dir='ltr'>οὐδ’</span> <span class='ocrx_word' id='word_1_533' title='bbox 1302 3933 1446 4004; x_wconf 85' lang='grc' dir='ltr'>ἀρχὴ</span> <span class='ocrx_word' id='word_1_534' title='bbox 1468 3932 1706 4005; x_wconf 84' lang='grc' dir='ltr'>ἀριθμοῦ</span> 
     </span>
    </p>
   </div>
   <div class='ocr_carea' id='block_1_76' title="bbox 141 4020 1727 4095">
    <p class='ocr_par' dir='ltr' id='par_1_76' title="bbox 141 4020 1727 4095">
     <span class='ocr_line' id='line_1_76' title="bbox 141 4020 1727 4095; baseline 0.004 -25"><span class='ocrx_word' id='word_1_535' title='bbox 141 4020 274 4075; x_wconf 74' lang='grc' dir='ltr'>ἀλλὰ</span> <span class='ocrx_word' id='word_1_536' title='bbox 319 4024 383 4077; x_wconf 83' lang='grc' dir='ltr'><strong>τὸ</strong></span> <span class='ocrx_word' id='word_1_537' title='bbox 421 4024 523 4095; x_wconf 79' lang='grc' dir='ltr'><strong>μὲν</strong></span> <span class='ocrx_word' id='word_1_538' title='bbox 570 4022 628 4076; x_wconf 83' lang='grc' dir='ltr'>ἓν</span> <span class='ocrx_word' id='word_1_539' title='bbox 674 4023 944 4095; x_wconf 79' lang='grc' dir='ltr'>σύμϐολόν</span> <span class='ocrx_word' id='word_1_540' title='bbox 970 4025 1029 4077; x_wconf 82' lang='grc' dir='ltr'><strong><em>τὲ</em></strong></span> <span class='ocrx_word' id='word_1_541' title='bbox 1078 4028 1193 4079; x_wconf 77' lang='grc' dir='ltr'>ἐστι</span> <span class='ocrx_word' id='word_1_542' title='bbox 1236 4026 1334 4095; x_wconf 83' lang='grc' dir='ltr'><strong>τῆς</strong></span> <span class='ocrx_word' id='word_1_543' title='bbox 1366 4026 1727 4095; x_wconf 83' lang='grc' dir='ltr'>ἁπερινοήτου</span> 
     </span>
    </p>
   </div>
   <div class='ocr_carea' id='block_1_77' title="bbox 140 4116 1728 4189">
    <p class='ocr_par' dir='ltr' id='par_1_77' title="bbox 140 4116 1728 4189">
     <span class='ocr_line' id='line_1_77' title="bbox 140 4116 1728 4189; baseline 0.002 -24"><span class='ocrx_word' id='word_1_544' title='bbox 140 4117 526 4187; x_wconf 82' lang='grc' dir='ltr'>κρυφιότητος,</span> <span class='ocrx_word' id='word_1_545' title='bbox 556 4117 652 4169; x_wconf 76' lang='grc' dir='ltr'><strong>καὶ</strong></span> <span class='ocrx_word' id='word_1_546' title='bbox 679 4116 1050 4184; x_wconf 77' lang='grc' dir='ltr'>αἱνιγματίζει</span> <span class='ocrx_word' id='word_1_547' title='bbox 1080 4118 1140 4170; x_wconf 73' lang='grc' dir='ltr'><strong>τὸ</strong></span> <span class='ocrx_word' id='word_1_548' title='bbox 1161 4118 1403 4189; x_wconf 70' lang='grc' dir='ltr'>ἄρρητον</span> <span class='ocrx_word' id='word_1_549' title='bbox 1427 4117 1528 4187; x_wconf 81' lang='grc' dir='ltr'><strong>τῆς</strong></span> <span class='ocrx_word' id='word_1_550' title='bbox 1552 4117 1728 4183; x_wconf 81' lang='grc' dir='ltr'>ὑπάρ-</span> 
     </span>
    </p>
   </div>
   <div class='ocr_carea' id='block_1_78' title="bbox 140 4202 1723 4279">
    <p class='ocr_par' dir='ltr' id='par_1_78' title="bbox 140 4202 1723 4279">
     <span class='ocr_line' id='line_1_78' title="bbox 140 4202 1723 4279; baseline 0.003 -24"><span class='ocrx_word' id='word_1_551' title='bbox 140 4202 290 4269; x_wconf 77' lang='grc' dir='ltr'>ξεως.</span> <span class='ocrx_word' id='word_1_552' title='bbox 329 4208 445 4278; x_wconf 78' lang='grc' dir='ltr'><strong>Τὴν</strong></span> <span class='ocrx_word' id='word_1_553' title='bbox 474 4206 843 4279; x_wconf 81' lang='grc' dir='ltr'>ὲκφαντορίαν</span> <span class='ocrx_word' id='word_1_554' title='bbox 872 4208 929 4260; x_wconf 69' lang='grc' dir='ltr'><strong>δὲ</strong></span> <span class='ocrx_word' id='word_1_555' title='bbox 960 4208 1027 4260; x_wconf 75' lang='grc' dir='ltr'>τὰ</span> <span class='ocrx_word' id='word_1_556' title='bbox 1055 4208 1181 4278; x_wconf 80' lang='grc' dir='ltr'>τρία</span> <span class='ocrx_word' id='word_1_557' title='bbox 1204 4209 1444 4275; x_wconf 84' lang='grc' dir='ltr'>διαπλοῖ,</span> <span class='ocrx_word' id='word_1_558' title='bbox 1491 4207 1586 4261; x_wconf 78' lang='grc' dir='ltr'><strong>καὶ</strong></span> <span class='ocrx_word' id='word_1_559' title='bbox 1620 4224 1723 4260; x_wconf 87' lang='grc' dir='ltr'>πα-</span> 
     </span>
    </p>
   </div>
   <div class='ocr_carea' id='block_1_79' title="bbox 140 4300 1725 4373">
    <p class='ocr_par' dir='ltr' id='par_1_79' title="bbox 140 4300 1725 4373">
     <span class='ocr_line' id='line_1_79' title="bbox 140 4300 1725 4373; baseline 0.001 -23"><span class='ocrx_word' id='word_1_560' title='bbox 140 4303 411 4371; x_wconf 82' lang='grc' dir='ltr'>ραγυμνοῖ</span> <span class='ocrx_word' id='word_1_561' title='bbox 451 4305 567 4365; x_wconf 84' lang='grc' dir='ltr'>τοῖς</span> <span class='ocrx_word' id='word_1_562' title='bbox 616 4303 892 4373; x_wconf 79' lang='grc' dir='ltr'>μεριστοῖς</span> <span class='ocrx_word' id='word_1_563' title='bbox 929 4302 1029 4372; x_wconf 82' lang='grc' dir='ltr'><strong>τὴν</strong></span> <span class='ocrx_word' id='word_1_564' title='bbox 1054 4301 1255 4370; x_wconf 83' lang='grc' dir='ltr'>γνῶσιν</span> <span class='ocrx_word' id='word_1_565' title='bbox 1289 4302 1387 4371; x_wconf 77' lang='grc' dir='ltr'><strong>τῆς</strong></span> <span class='ocrx_word' id='word_1_566' title='bbox 1425 4300 1725 4371; x_wconf 80' lang='grc' dir='ltr'>ἀμερίστου</span> 
     </span>
    </p>
   </div>
   <div class='ocr_carea' id='block_1_80' title="bbox 138 4392 1726 4463">
    <p class='ocr_par' dir='ltr' id='par_1_80' title="bbox 138 4392 1726 4463">
     <span class='ocr_line' id='line_1_80' title="bbox 138 4392 1726 4463; baseline 0 -19"><span class='ocrx_word' id='word_1_567' title='bbox 138 4392 230 4445; x_wconf 75' lang='grc' dir='ltr'>καὶ</span> <span class='ocrx_word' id='word_1_568' title='bbox 261 4394 658 4462; x_wconf 80' lang='grc' dir='ltr'>ἀκαταλήπτού</span> <span class='ocrx_word' id='word_1_569' title='bbox 690 4393 964 4463; x_wconf 81' lang='grc' dir='ltr'>θεότητος.</span> <span class='ocrx_word' id='word_1_570' title='bbox 1005 4393 1353 4462; x_wconf 81' lang='grc' dir='ltr'>Ἐκφαίνεται</span> <span class='ocrx_word' id='word_1_571' title='bbox 1383 4393 1492 4463; x_wconf 80' lang='grc' dir='ltr'><strong>γὰρ</strong></span> <span class='ocrx_word' id='word_1_572' title='bbox 1523 4394 1554 4463; x_wconf 82' lang='grc' dir='ltr'>ἠ</span> <span class='ocrx_word' id='word_1_573' title='bbox 1587 4393 1726 4461; x_wconf 80' lang='grc' dir='ltr'>ὑπὲρ</span> 
     </span>
    </p>
   </div>
   <div class='ocr_carea' id='block_1_81' title="bbox 137 4482 1743 4565">
    <p class='ocr_par' dir='ltr' id='par_1_81' title="bbox 137 4482 1743 4565">
     <span class='ocr_line' id='line_1_81' title="bbox 137 4482 1743 4565; baseline -0.001 -29"><span class='ocrx_word' id='word_1_574' title='bbox 137 4482 256 4538; x_wconf 86' lang='grc' dir='ltr'>νοῦν</span> <span class='ocrx_word' id='word_1_575' title='bbox 316 4485 417 4538; x_wconf 77' lang='grc' dir='ltr'><strong>καὶ</strong></span> <span class='ocrx_word' id='word_1_576' title='bbox 463 4487 646 4538; x_wconf 81' lang='grc' dir='ltr'>πᾶσαν</span> <span class='ocrx_word' id='word_1_577' title='bbox 686 4485 990 4556; x_wconf 70' lang='grc' dir='ltr'>κατάληψιν</span> <span class='ocrx_word' id='word_1_578' title='bbox 1032 4486 1190 4540; x_wconf 89' lang='grc' dir='ltr'>οὐσία</span> <span class='ocrx_word' id='word_1_579' title='bbox 1248 4488 1317 4557; x_wconf 76' lang='grc' dir='ltr'>τῇ</span> <span class='ocrx_word' id='word_1_580' title='bbox 1369 4484 1463 4538; x_wconf 87' lang='grc' dir='ltr'><strong>τοῦ</strong></span> <span class='ocrx_word' id='word_1_581' title='bbox 1514 4483 1743 4565; x_wconf 39' lang='grc' dir='ltr'>Πατρὸςθ</span> 
     </span>
    </p>
   </div>
   <div class='ocr_carea' id='block_1_82' title="bbox 136 4576 1722 4649">
    <p class='ocr_par' dir='ltr' id='par_1_82' title="bbox 136 4576 1722 4649">
     <span class='ocr_line' id='line_1_82' title="bbox 136 4576 1722 4649; baseline 0.002 -22"><span class='ocrx_word' id='word_1_582' title='bbox 136 4576 536 4648; x_wconf 78' lang='grc' dir='ltr'>ἀναπλουμένη</span> <span class='ocrx_word' id='word_1_583' title='bbox 568 4578 662 4631; x_wconf 76' lang='grc' dir='ltr'>καὶ</span> <span class='ocrx_word' id='word_1_584' title='bbox 696 4578 830 4631; x_wconf 85' lang='grc' dir='ltr'><strong>Υίοῦ</strong></span> <span class='ocrx_word' id='word_1_585' title='bbox 861 4580 1205 4649; x_wconf 75' lang='grc' dir='ltr'>προσηγορίᾳ</span> <span class='ocrx_word' id='word_1_586' title='bbox 1242 4580 1339 4631; x_wconf 73' lang='grc' dir='ltr'>καὶ</span> <span class='ocrx_word' id='word_1_587' title='bbox 1382 4576 1722 4645; x_wconf 76' lang='grc' dir='ltr'>Πνεύματος.</span> 
     </span>
    </p>
   </div>
   <div class='ocr_carea' id='block_1_83' title="bbox 1904 3831 3407 3907">
    <p class='ocr_par' dir='ltr' id='par_1_83' title="bbox 1904 3831 3407 3907">
     <span class='ocr_line' id='line_1_83' title="bbox 1904 3831 3407 3907; baseline -0.005 -13"><span class='ocrx_word' id='word_1_588' title='bbox 1904 3839 2082 3895; x_wconf 90' lang='lat' dir='ltr'><strong>Unum</strong></span> <span class='ocrx_word' id='word_1_589' title='bbox 2118 3838 2303 3907; x_wconf 87' lang='lat' dir='ltr'><strong>itaque</strong></span> <span class='ocrx_word' id='word_1_590' title='bbox 2354 3843 2408 3891; x_wconf 92' lang='lat' dir='ltr'><strong>et</strong></span> <span class='ocrx_word' id='word_1_591' title='bbox 2442 3837 2541 3889; x_wconf 89' lang='lat' dir='ltr'><strong>tria</strong></span> <span class='ocrx_word' id='word_1_592' title='bbox 2582 3849 2691 3889; x_wconf 82' lang='lat' dir='ltr'><strong>non</strong></span> <span class='ocrx_word' id='word_1_593' title='bbox 2726 3841 2854 3889; x_wconf 87' lang='lat' dir='ltr'><strong>sunt</strong></span> <span class='ocrx_word' id='word_1_594' title='bbox 2884 3831 3102 3904; x_wconf 88' lang='lat' dir='ltr'><strong>proprie</strong></span> <span class='ocrx_word' id='word_1_595' title='bbox 3120 3845 3407 3891; x_wconf 87' lang='lat' dir='ltr'><strong>numerus.</strong></span> 
     </span>
    </p>
   </div>
   <div class='ocr_carea' id='block_1_84' title="bbox 1828 3921 3410 4000">
    <p class='ocr_par' dir='ltr' id='par_1_84' title="bbox 1828 3921 3410 4000">
     <span class='ocr_line' id='line_1_84' title="bbox 1828 3921 3410 4000; baseline -0.006 -16"><span class='ocrx_word' id='word_1_596' title='bbox 1828 3945 2005 4000; x_wconf 87' lang='lat' dir='ltr'><strong>neque</strong></span> <span class='ocrx_word' id='word_1_597' title='bbox 2035 3928 2368 3999; x_wconf 88' lang='lat' dir='ltr'><strong>principium</strong></span> <span class='ocrx_word' id='word_1_598' title='bbox 2400 3924 2613 3981; x_wconf 89' lang='lat' dir='ltr'><strong>numeri</strong></span> <span class='ocrx_word' id='word_1_599' title='bbox 2640 3923 2692 3977; x_wconf 94' lang='lat' dir='ltr'><strong>in</strong></span> <span class='ocrx_word' id='word_1_600' title='bbox 2725 3932 2935 3977; x_wconf 74' lang='lat' dir='ltr'><strong>natura:</strong></span> <span class='ocrx_word' id='word_1_601' title='bbox 2954 3922 3155 3977; x_wconf 60' lang='lat' dir='ltr'><strong>divinae</strong></span> <span class='ocrx_word' id='word_1_602' title='bbox 3178 3921 3410 3977; x_wconf 79' lang='lat' dir='ltr'><strong>Theolo-</strong></span> 
     </span>
    </p>
   </div>
   <div class='ocr_carea' id='block_1_85' title="bbox 1796 4018 3405 4093">
    <p class='ocr_par' dir='ltr' id='par_1_85' title="bbox 1796 4018 3405 4093">
     <span class='ocr_line' id='line_1_85' title="bbox 1796 4018 3405 4093; baseline -0.002 -19"><span class='ocrx_word' id='word_1_603' title='bbox 1796 4056 1797 4061; x_wconf 60' lang='grc' dir='ltr'><strong>η</strong></span> <span class='ocrx_word' id='word_1_604' title='bbox 1827 4025 1934 4093; x_wconf 80' lang='lat' dir='ltr'><strong>gia,</strong></span> <span class='ocrx_word' id='word_1_605' title='bbox 1974 4024 2068 4077; x_wconf 91' lang='lat' dir='ltr'><strong>sed</strong></span> <span class='ocrx_word' id='word_1_606' title='bbox 2114 4022 2297 4092; x_wconf 88' lang='lat' dir='ltr'><strong>potius</strong></span> <span class='ocrx_word' id='word_1_607' title='bbox 2351 4035 2520 4073; x_wconf 88' lang='lat' dir='ltr'><strong>unum</strong></span> <span class='ocrx_word' id='word_1_608' title='bbox 2559 4018 2868 4090; x_wconf 84' lang='lat' dir='ltr'><strong>symbolum</strong></span> <span class='ocrx_word' id='word_1_609' title='bbox 2900 4024 2987 4072; x_wconf 89' lang='lat' dir='ltr'><strong>est</strong></span> <span class='ocrx_word' id='word_1_610' title='bbox 3011 4025 3322 4083; x_wconf 67' lang='lat' dir='ltr'><strong>arcanaa,et</strong></span> <span class='ocrx_word' id='word_1_611' title='bbox 3353 4018 3405 4070; x_wconf 91' lang='lat' dir='ltr'><strong>in</strong></span> 
     </span>
    </p>
   </div>
   <div class='ocr_carea' id='block_1_86' title="bbox 1825 4106 3406 4178">
    <p class='ocr_par' dir='ltr' id='par_1_86' title="bbox 1825 4106 3406 4178">
     <span class='ocr_line' id='line_1_86' title="bbox 1825 4106 3406 4178; baseline -0.004 -10"><span class='ocrx_word' id='word_1_612' title='bbox 1825 4114 2010 4169; x_wconf 86' lang='lat' dir='ltr'><strong>abdito</strong></span> <span class='ocrx_word' id='word_1_613' title='bbox 2039 4112 2333 4167; x_wconf 57' lang='lat' dir='ltr'><strong>recondita</strong></span> <span class='ocrx_word' id='word_1_614' title='bbox 2360 4117 2586 4169; x_wconf 56' lang='lat' dir='ltr'><strong>naturae,</strong></span> <span class='ocrx_word' id='word_1_615' title='bbox 2616 4124 2739 4178; x_wconf 68' lang='lat' dir='ltr'><strong>quae</strong></span> <span class='ocrx_word' id='word_1_616' title='bbox 2771 4106 3129 4176; x_wconf 80' lang='lat' dir='ltr'><strong>intelligentia</strong></span> <span class='ocrx_word' id='word_1_617' title='bbox 3156 4121 3406 4177; x_wconf 79' lang='lat' dir='ltr'><strong>compre-</strong></span> 
     </span>
    </p>
   </div>
   <div class='ocr_carea' id='block_1_87' title="bbox 1826 4198 3406 4272">
    <p class='ocr_par' dir='ltr' id='par_1_87' title="bbox 1826 4198 3406 4272">
     <span class='ocr_line' id='line_1_87' title="bbox 1826 4198 3406 4272; baseline -0.005 -14"><span class='ocrx_word' id='word_1_618' title='bbox 1826 4204 1987 4258; x_wconf 88' lang='lat' dir='ltr'><strong>hendi</strong></span> <span class='ocrx_word' id='word_1_619' title='bbox 2048 4219 2157 4257; x_wconf 90' lang='lat' dir='ltr'><strong>non</strong></span> <span class='ocrx_word' id='word_1_620' title='bbox 2210 4210 2405 4272; x_wconf 83' lang='lat' dir='ltr'><strong>potest,</strong></span> <span class='ocrx_word' id='word_1_621' title='bbox 2451 4198 2833 4271; x_wconf 72' lang='lat' dir='ltr'><strong>significatque</strong></span> <span class='ocrx_word' id='word_1_622' title='bbox 2881 4199 2934 4253; x_wconf 89' lang='lat' dir='ltr'><strong>in</strong></span> <span class='ocrx_word' id='word_1_623' title='bbox 2964 4198 3252 4267; x_wconf 70' lang='lat' dir='ltr'><strong>aenigmate</strong></span> <span class='ocrx_word' id='word_1_624' title='bbox 3297 4213 3406 4251; x_wconf 89' lang='lat' dir='ltr'><strong>non</strong></span> 
     </span>
    </p>
   </div>
   <div class='ocr_carea' id='block_1_88' title="bbox 1823 4288 3404 4368">
    <p class='ocr_par' dir='ltr' id='par_1_88' title="bbox 1823 4288 3404 4368">
     <span class='ocr_line' id='line_1_88' title="bbox 1823 4288 3404 4368; baseline -0.005 -17"><span class='ocrx_word' id='word_1_625' title='bbox 1823 4313 1985 4368; x_wconf 86' lang='lat' dir='ltr'><strong>posse</strong></span> <span class='ocrx_word' id='word_1_626' title='bbox 2013 4295 2197 4351; x_wconf 78' lang='lat' dir='ltr'><strong>eﬂ‘erri</strong></span> <span class='ocrx_word' id='word_1_627' title='bbox 2232 4304 2287 4348; x_wconf 85' lang='lat' dir='ltr'><strong>et</strong></span> <span class='ocrx_word' id='word_1_628' title='bbox 2314 4293 2561 4363; x_wconf 84' lang='lat' dir='ltr'><strong>expromi</strong></span> <span class='ocrx_word' id='word_1_629' title='bbox 2590 4291 2831 4346; x_wconf 87' lang='lat' dir='ltr'><strong>divinam</strong></span> <span class='ocrx_word' id='word_1_630' title='bbox 2865 4290 3247 4345; x_wconf 88' lang='lat' dir='ltr'><strong>substantiam.</strong></span> <span class='ocrx_word' id='word_1_631' title='bbox 3279 4288 3404 4343; x_wconf 87' lang='lat' dir='ltr'><strong>Tria</strong></span> 
     </span>
    </p>
   </div>
   <div class='ocr_carea' id='block_1_89' title="bbox 1823 4380 3405 4453">
    <p class='ocr_par' dir='ltr' id='par_1_89' title="bbox 1823 4380 3405 4453">
     <span class='ocr_line' id='line_1_89' title="bbox 1823 4380 3405 4453; baseline -0.008 -9"><span class='ocrx_word' id='word_1_632' title='bbox 1823 4404 1955 4444; x_wconf 87' lang='lat' dir='ltr'><strong>vero</strong></span> <span class='ocrx_word' id='word_1_633' title='bbox 1985 4385 2487 4441; x_wconf 80' lang='lat' dir='ltr'><strong>manifestationem</strong></span> <span class='ocrx_word' id='word_1_634' title='bbox 2536 4383 2844 4453; x_wconf 84' lang='lat' dir='ltr'><strong>explicant;</strong></span> <span class='ocrx_word' id='word_1_635' title='bbox 2889 4392 2944 4436; x_wconf 89' lang='lat' dir='ltr'><strong>et</strong></span> <span class='ocrx_word' id='word_1_636' title='bbox 2973 4380 3273 4436; x_wconf 85' lang='lat' dir='ltr'><strong>divinitatis</strong></span> <span class='ocrx_word' id='word_1_637' title='bbox 3306 4381 3405 4434; x_wconf 72' lang='lat' dir='ltr'><strong>im-</strong></span> 
     </span>
    </p>
   </div>
   <div class='ocr_carea' id='block_1_90' title="bbox 1823 4473 3405 4550">
    <p class='ocr_par' dir='ltr' id='par_1_90' title="bbox 1823 4473 3405 4550">
     <span class='ocr_line' id='line_1_90' title="bbox 1823 4473 3405 4550; baseline -0.008 -14"><span class='ocrx_word' id='word_1_638' title='bbox 1823 4480 2118 4550; x_wconf 85' lang='lat' dir='ltr'><strong>partibilis,</strong></span> <span class='ocrx_word' id='word_1_639' title='bbox 2147 4488 2307 4547; x_wconf 89' lang='lat' dir='ltr'><strong>atque</strong></span> <span class='ocrx_word' id='word_1_640' title='bbox 2363 4476 2831 4545; x_wconf 68' lang='lat' dir='ltr'><strong>incomprehensae</strong></span> <span class='ocrx_word' id='word_1_641' title='bbox 2883 4473 3252 4544; x_wconf 83' lang='lat' dir='ltr'><strong>cognitionem</strong></span> <span class='ocrx_word' id='word_1_642' title='bbox 3307 4473 3405 4524; x_wconf 89' lang='lat' dir='ltr'><strong>ali-</strong></span> 
     </span>
    </p>
   </div>
   <div class='ocr_carea' id='block_1_91' title="bbox 1824 4563 3403 4642">
    <p class='ocr_par' dir='ltr' id='par_1_91' title="bbox 1824 4563 3403 4642">
     <span class='ocr_line' id='line_1_91' title="bbox 1824 4563 3403 4642; baseline -0.005 -17"><span class='ocrx_word' id='word_1_643' title='bbox 1824 4580 2089 4642; x_wconf 89' lang='lat' dir='ltr'><strong>quantum</strong></span> <span class='ocrx_word' id='word_1_644' title='bbox 2123 4569 2417 4638; x_wconf 78' lang='lat' dir='ltr'><strong>explanant</strong></span> <span class='ocrx_word' id='word_1_645' title='bbox 2453 4566 2772 4621; x_wconf 89' lang='lat' dir='ltr'><strong>hominibus</strong></span> <span class='ocrx_word' id='word_1_646' title='bbox 2806 4565 2902 4635; x_wconf 89' lang='lat' dir='ltr'><strong>qui</strong></span> <span class='ocrx_word' id='word_1_647' title='bbox 2935 4573 3062 4620; x_wconf 92' lang='lat' dir='ltr'><strong>sunt</strong></span> <span class='ocrx_word' id='word_1_648' title='bbox 3087 4563 3403 4633; x_wconf 77' lang='lat' dir='ltr'><strong>partibiles;</strong></span> 
     </span>
    </p>
   </div>
   <div class='ocr_carea' id='block_1_92' title="bbox 138 4658 1750 4745">
    <p class='ocr_par' dir='ltr' id='par_1_92' title="bbox 138 4664 1750 4745">
     <span class='ocr_line' id='line_1_92' title="bbox 138 4664 1750 4745; baseline -0.002 -19"><span class='ocrx_word' id='word_1_649' title='bbox 138 4672 349 4745; x_wconf 72' lang='grc' dir='ltr'>Ὥσπερ</span> <span class='ocrx_word' id='word_1_650' title='bbox 380 4675 478 4727; x_wconf 77' lang='grc' dir='ltr'><strong>ὲπὶ</strong></span> <span class='ocrx_word' id='word_1_651' title='bbox 501 4673 563 4726; x_wconf 81' lang='grc' dir='ltr'>τὸ</span> <span class='ocrx_word' id='word_1_652' title='bbox 592 4674 824 4745; x_wconf 79' lang='grc' dir='ltr'>κρύφιον</span> <span class='ocrx_word' id='word_1_653' title='bbox 855 4676 951 4729; x_wconf 62' lang='grc' dir='ltr'>καὶ</span> <span class='ocrx_word' id='word_1_654' title='bbox 976 4675 1345 4743; x_wconf 78' lang='grc' dir='ltr'>ἀκατανόητον</span> <span class='ocrx_word' id='word_1_655' title='bbox 1371 4673 1719 4725; x_wconf 77' lang='grc' dir='ltr'>συστέλλεται</span> <span class='ocrx_word' id='word_1_656' title='bbox 1745 4664 1750 4722; x_wconf 65' lang='grc' dir='ltr'><strong>ξ</strong></span> 
     </span>
    </p>
   </div>
   <div class='ocr_carea' id='block_1_93' title="bbox 1834 4658 3402 4745">
    <p class='ocr_par' dir='ltr' id='par_1_93' title="bbox 1834 4658 3402 4734">
     <span class='ocr_line' id='line_1_93' title="bbox 1834 4658 3402 4734; baseline -0.005 -17"><span class='ocrx_word' id='word_1_657' title='bbox 1834 4664 2008 4734; x_wconf 88' lang='lat' dir='ltr'><strong>patetit</strong></span> <span class='ocrx_word' id='word_1_658' title='bbox 2055 4661 2198 4717; x_wconf 89' lang='lat' dir='ltr'><strong>enim</strong></span> <span class='ocrx_word' id='word_1_659' title='bbox 2258 4658 2593 4723; x_wconf 86' lang='lat' dir='ltr'><strong>substantia,</strong></span> <span class='ocrx_word' id='word_1_660' title='bbox 2638 4672 2760 4726; x_wconf 70' lang='lat' dir='ltr'><strong>quae</strong></span> <span class='ocrx_word' id='word_1_661' title='bbox 2810 4673 2973 4727; x_wconf 88' lang='lat' dir='ltr'><strong>supra</strong></span> <span class='ocrx_word' id='word_1_662' title='bbox 3039 4664 3301 4720; x_wconf 86' lang='lat' dir='ltr'><strong>mentem,</strong></span> <span class='ocrx_word' id='word_1_663' title='bbox 3351 4666 3402 4710; x_wconf 80' lang='lat' dir='ltr'><strong>et</strong></span> 
     </span>
    </p>
   </div>
   <div class='ocr_carea' id='block_1_94' title="bbox 135 4762 1723 4837">
    <p class='ocr_par' dir='ltr' id='par_1_94' title="bbox 135 4762 1723 4837">
     <span class='ocr_line' id='line_1_94' title="bbox 135 4762 1723 4837; baseline 0.001 -22"><span class='ocrx_word' id='word_1_664' title='bbox 135 4762 210 4833; x_wconf 81' lang='grc' dir='ltr'>τῷ</span> <span class='ocrx_word' id='word_1_665' title='bbox 239 4765 326 4818; x_wconf 76' lang='grc' dir='ltr'>ὲνὶ</span> <span class='ocrx_word' id='word_1_666' title='bbox 348 4765 453 4836; x_wconf 83' lang='grc' dir='ltr'><strong>τῆς</strong></span> <span class='ocrx_word' id='word_1_667' title='bbox 480 4764 794 4837; x_wconf 79' lang='grc' dir='ltr'>ὑπερφυοῦς</span> <span class='ocrx_word' id='word_1_668' title='bbox 832 4766 954 4836; x_wconf 85' lang='grc' dir='ltr'>μηδ’</span> <span class='ocrx_word' id='word_1_669' title='bbox 982 4766 1197 4837; x_wconf 76' lang='grc' dir='ltr'>ἐπινοίᾳ</span> <span class='ocrx_word' id='word_1_670' title='bbox 1230 4765 1561 4837; x_wconf 83' lang='grc' dir='ltr'>στερουμένη</span> <span class='ocrx_word' id='word_1_671' title='bbox 1592 4781 1723 4833; x_wconf 86' lang='grc' dir='ltr'>κρυ-</span> 
     </span>
    </p>
   </div>
   <div class='ocr_carea' id='block_1_95' title="bbox 1821 4748 3406 4827">
    <p class='ocr_par' dir='ltr' id='par_1_95' title="bbox 1821 4748 3406 4827">
     <span class='ocr_line' id='line_1_95' title="bbox 1821 4748 3406 4827; baseline -0.008 -14"><span class='ocrx_word' id='word_1_672' title='bbox 1821 4773 1984 4827; x_wconf 89' lang='lat' dir='ltr'><strong>supra</strong></span> <span class='ocrx_word' id='word_1_673' title='bbox 2034 4770 2250 4810; x_wconf 89' lang='lat' dir='ltr'><strong>omnem</strong></span> <span class='ocrx_word' id='word_1_674' title='bbox 2303 4750 2851 4822; x_wconf 89' lang='lat' dir='ltr'><strong>comprehensionem</strong></span> <span class='ocrx_word' id='word_1_675' title='bbox 2902 4758 3006 4813; x_wconf 89' lang='lat' dir='ltr'><strong>est,</strong></span> <span class='ocrx_word' id='word_1_676' title='bbox 3042 4748 3406 4818; x_wconf 87' lang='lat' dir='ltr'><strong>appellatione</strong></span> 
     </span>
    </p>
   </div>
   <div class='ocr_carea' id='block_1_96' title="bbox 131 4844 1750 4926">
    <p class='ocr_par' dir='ltr' id='par_1_96' title="bbox 131 4854 1721 4926">
     <span class='ocr_line' id='line_1_96' title="bbox 131 4854 1721 4926; baseline -0.001 -19"><span class='ocrx_word' id='word_1_677' title='bbox 131 4854 410 4925; x_wconf 77' lang='grc' dir='ltr'>φιότητος.</span> <span class='ocrx_word' id='word_1_678' title='bbox 440 4856 552 4908; x_wconf 70' lang='grc' dir='ltr'>Καὶ</span> <span class='ocrx_word' id='word_1_679' title='bbox 579 4856 687 4908; x_wconf 82' lang='grc' dir='ltr'><strong>τῶν</strong></span> <span class='ocrx_word' id='word_1_680' title='bbox 713 4855 997 4926; x_wconf 78' lang='grc' dir='ltr'>,ὀνομάτων</span> <span class='ocrx_word' id='word_1_681' title='bbox 1026 4856 1270 4925; x_wconf 81' lang='grc' dir='ltr'>ἀλλήλων</span> <span class='ocrx_word' id='word_1_682' title='bbox 1296 4855 1658 4925; x_wconf 80' lang='grc' dir='ltr'>διισταμένων</span> <span class='ocrx_word' id='word_1_683' title='bbox 1686 4855 1721 4923; x_wconf 81' lang='grc' dir='ltr'><strong>ή</strong></span> 
     </span>
    </p>
   </div>
   <div class='ocr_carea' id='block_1_97' title="bbox 1834 4844 3404 4926">
    <p class='ocr_par' dir='ltr' id='par_1_97' title="bbox 1834 4844 3404 4919">
     <span class='ocr_line' id='line_1_97' title="bbox 1834 4844 3404 4919; baseline -0.006 -14"><span class='ocrx_word' id='word_1_684' title='bbox 1834 4851 2021 4919; x_wconf 85' lang='lat' dir='ltr'><strong>Patris,</strong></span> <span class='ocrx_word' id='word_1_685' title='bbox 2058 4860 2111 4906; x_wconf 90' lang='lat' dir='ltr'><strong>et</strong></span> <span class='ocrx_word' id='word_1_686' title='bbox 2158 4850 2303 4914; x_wconf 83' lang='lat' dir='ltr'><strong>Filii,</strong></span> <span class='ocrx_word' id='word_1_687' title='bbox 2335 4858 2390 4904; x_wconf 91' lang='lat' dir='ltr'><strong>et</strong></span> <span class='ocrx_word' id='word_1_688' title='bbox 2445 4847 2684 4918; x_wconf 89' lang='lat' dir='ltr'><strong>Spiritus</strong></span> <span class='ocrx_word' id='word_1_689' title='bbox 2722 4846 2919 4911; x_wconf 85' lang='lat' dir='ltr'><strong>sancti,</strong></span> <span class='ocrx_word' id='word_1_690' title='bbox 2950 4844 3062 4915; x_wconf 88' lang='lat'><strong>(60)</strong></span> <span class='ocrx_word' id='word_1_691' title='bbox 3106 4844 3249 4898; x_wconf 89' lang='lat' dir='ltr'><strong>sicut</strong></span> <span class='ocrx_word' id='word_1_692' title='bbox 3295 4859 3404 4897; x_wconf 77' lang='lat' dir='ltr'><strong>uno</strong></span> 
     </span>
    </p>
   </div>
   <div class='ocr_carea' id='block_1_98' title="bbox 130 4943 1725 5018">
    <p class='ocr_par' dir='ltr' id='par_1_98' title="bbox 130 4943 1725 5018">
     <span class='ocr_line' id='line_1_98' title="bbox 130 4943 1725 5018; baseline 0 -20"><span class='ocrx_word' id='word_1_693' title='bbox 130 4946 372 5018; x_wconf 76' lang='grc' dir='ltr'>ᾶρρητος</span> <span class='ocrx_word' id='word_1_694' title='bbox 408 4947 482 5000; x_wconf 82' lang='grc' dir='ltr'><strong>δι’</strong></span> <span class='ocrx_word' id='word_1_695' title='bbox 508 4946 689 5001; x_wconf 80' lang='grc' dir='ltr'>αὐτῶν</span> <span class='ocrx_word' id='word_1_696' title='bbox 732 4949 826 5003; x_wconf 73' lang='grc' dir='ltr'>καὶ</span> <span class='ocrx_word' id='word_1_697' title='bbox 854 4947 1211 5016; x_wconf 81' lang='grc' dir='ltr'>ἀσυναίρετος</span> <span class='ocrx_word' id='word_1_698' title='bbox 1239 4945 1572 5000; x_wconf 83' lang='grc' dir='ltr'>θεολονεῖται</span> <span class='ocrx_word' id='word_1_699' title='bbox 1614 4943 1725 4998; x_wconf 85' lang='grc' dir='ltr'>τῶν</span> 
     </span>
    </p>
   </div>
   <div class='ocr_carea' id='block_1_99' title="bbox 1822 4934 3400 5013">
    <p class='ocr_par' dir='ltr' id='par_1_99' title="bbox 1822 4934 3400 5013">
     <span class='ocr_line' id='line_1_99' title="bbox 1822 4934 3400 5013; baseline -0.004 -16"><span class='ocrx_word' id='word_1_700' title='bbox 1822 4943 2031 5009; x_wconf 82' lang='lat' dir='ltr'><strong>arcani,</strong></span> <span class='ocrx_word' id='word_1_701' title='bbox 2068 4941 2215 5013; x_wconf 90' lang='lat' dir='ltr'><strong>quod</strong></span> <span class='ocrx_word' id='word_1_702' title='bbox 2257 4956 2422 5011; x_wconf 88' lang='lat' dir='ltr'><strong>supra</strong></span> <span class='ocrx_word' id='word_1_703' title='bbox 2457 4946 2711 4993; x_wconf 90' lang='lat' dir='ltr'><strong>naturam</strong></span> <span class='ocrx_word' id='word_1_704' title='bbox 2738 4945 2842 5001; x_wconf 91' lang='lat' dir='ltr'><strong>est,</strong></span> <span class='ocrx_word' id='word_1_705' title='bbox 2885 4945 2939 4991; x_wconf 89' lang='lat' dir='ltr'><strong>et</strong></span> <span class='ocrx_word' id='word_1_706' title='bbox 2972 4950 3149 5008; x_wconf 87' lang='lat' dir='ltr'><strong>neque</strong></span> <span class='ocrx_word' id='word_1_707' title='bbox 3192 4934 3400 5006; x_wconf 79' lang='lat' dir='ltr'><strong>cogita-</strong></span> 
     </span>
    </p>
   </div>
   <div class='ocr_carea' id='block_1_100' title="bbox 1446 5058 2129 5117">
    <p class='ocr_par' dir='ltr' id='par_1_100' title="bbox 1446 5058 2129 5117">
     <span class='ocr_line' id='line_1_100' title="bbox 1446 5058 2129 5117; baseline 0.001 -2"><span class='ocrx_word' id='word_1_708' title='bbox 1446 5062 1683 5117; x_wconf 68' lang='grc' dir='ltr'>νΑιιιιΕ</span> <span class='ocrx_word' id='word_1_709' title='bbox 1725 5058 2129 5116; x_wconf 78' lang='lat' dir='ltr'><strong>LECTIONES.</strong></span> 
     </span>
    </p>
   </div>
   <div class='ocr_carea' id='block_1_101' title="bbox 211 5149 494 5206">
    <p class='ocr_par' dir='ltr' id='par_1_101' title="bbox 211 5149 494 5206">
     <span class='ocr_line' id='line_1_101' title="bbox 211 5149 494 5206; baseline 0.004 -2"><span class='ocrx_word' id='word_1_710' title='bbox 211 5149 230 5189; x_wconf 72' lang='grc' dir='ltr'><strong>ί</strong></span> <span class='ocrx_word' id='word_1_711' title='bbox 257 5150 295 5205; x_wconf 91' lang='grc' dir='ltr'><strong>Ι.</strong></span> <span class='ocrx_word' id='word_1_712' title='bbox 320 5151 494 5206; x_wconf 75' lang='grc' dir='ltr'>εἴποι.</span> 
     </span>
    </p>
   </div>
   <div class='ocr_carea' id='block_1_102' title="bbox 1656 5249 1889 5307">
    <p class='ocr_par' dir='ltr' id='par_1_102' title="bbox 1656 5249 1889 5307">
     <span class='ocr_line' id='line_1_102' title="bbox 1656 5249 1889 5307; baseline -0.009 0"><span class='ocrx_word' id='word_1_713' title='bbox 1656 5249 1889 5307; x_wconf 62' lang='lat' dir='ltr'><strong>NOTAE.</strong></span> 
     </span>
    </p>
   </div>
   <div class='ocr_carea' id='block_1_103' title="bbox 199 5356 1714 5428">
    <p class='ocr_par' dir='ltr' id='par_1_103' title="bbox 199 5356 1714 5428">
     <span class='ocr_line' id='line_1_103' title="bbox 199 5356 1714 5428; baseline 0.001 -15"><span class='ocrx_word' id='word_1_714' title='bbox 199 5358 316 5428; x_wconf 82' lang='lat'><strong>(58)</strong></span> <span class='ocrx_word' id='word_1_715' title='bbox 379 5356 451 5411; x_wconf 82' lang='grc' dir='ltr'><strong><em>Εε</em></strong></span> <span class='ocrx_word' id='word_1_716' title='bbox 481 5361 678 5413; x_wconf 78' lang='lat' dir='ltr'><strong>nostris</strong></span> <span class='ocrx_word' id='word_1_717' title='bbox 715 5360 1111 5415; x_wconf 76' lang='lat' dir='ltr'><strong>diversitatibus</strong></span> <span class='ocrx_word' id='word_1_718' title='bbox 1134 5363 1187 5415; x_wconf 79' lang='lat' dir='ltr'><strong>in</strong></span> <span class='ocrx_word' id='word_1_719' title='bbox 1216 5378 1376 5415; x_wconf 84' lang='lat' dir='ltr'><strong>unum</strong></span> <span class='ocrx_word' id='word_1_720' title='bbox 1400 5363 1714 5421; x_wconf 77' lang='lat' dir='ltr'><strong>convolutis.</strong></span> 
     </span>
    </p>
   </div>
   <div class='ocr_carea' id='block_1_104' title="bbox 128 5428 1715 5501">
    <p class='ocr_par' dir='ltr' id='par_1_104' title="bbox 128 5428 1715 5501">
     <span class='ocr_line' id='line_1_104' title="bbox 128 5428 1715 5501; baseline 0.002 -19"><span class='ocrx_word' id='word_1_721' title='bbox 128 5429 238 5483; x_wconf 77' lang='grc' dir='ltr'><strong>Καὶ</strong></span> <span class='ocrx_word' id='word_1_722' title='bbox 275 5428 387 5501; x_wconf 74' lang='grc' dir='ltr'><strong>τῶν</strong></span> <span class='ocrx_word' id='word_1_723' title='bbox 421 5432 691 5501; x_wconf 58' lang='grc' dir='ltr'>μεριστρν</span> <span class='ocrx_word' id='word_1_724' title='bbox 719 5431 875 5501; x_wconf 76' lang='grc' dir='ltr'>ἡμῶν</span> <span class='ocrx_word' id='word_1_725' title='bbox 908 5432 1239 5501; x_wconf 84' lang='grc' dir='ltr'>ὲτεροτήτων</span> <span class='ocrx_word' id='word_1_726' title='bbox 1288 5449 1351 5484; x_wconf 94' lang='grc' dir='ltr'><strong>συ</strong></span> <span class='ocrx_word' id='word_1_727' title='bbox 1363 5434 1715 5501; x_wconf 75' lang='grc' dir='ltr'>μπτυσςομὲο</span> 
     </span>
    </p>
   </div>
   <div class='ocr_carea' id='block_1_105' title="bbox 126 5496 1718 5557">
    <p class='ocr_par' dir='ltr' id='par_1_105' title="bbox 126 5496 1718 5557">
     <span class='ocr_line' id='line_1_105' title="bbox 126 5496 1718 5557; baseline 0.005 -8"><span class='ocrx_word' id='word_1_728' title='bbox 126 5516 257 5552; x_wconf 86' lang='grc' dir='ltr'>νων.</span> <span class='ocrx_word' id='word_1_729' title='bbox 293 5496 348 5553; x_wconf 90' lang='lat' dir='ltr'><strong>Id</strong></span> <span class='ocrx_word' id='word_1_730' title='bbox 380 5496 509 5552; x_wconf 72' lang='lat' dir='ltr'><strong>esti</strong></span> <span class='ocrx_word' id='word_1_731' title='bbox 551 5517 569 5549; x_wconf 88' lang='grc'><strong><em>‹</em></strong></span> <span class='ocrx_word' id='word_1_732' title='bbox 607 5497 674 5551; x_wconf 86' lang='grc' dir='ltr'>Ει</span> <span class='ocrx_word' id='word_1_733' title='bbox 700 5496 901 5555; x_wconf 66' lang='lat' dir='ltr'><strong>nostris</strong></span> <span class='ocrx_word' id='word_1_734' title='bbox 947 5496 1373 5556; x_wconf 50' lang='lat' dir='ltr'><strong>tlivers&#39;itatibus&#39;</strong></span> <span class='ocrx_word' id='word_1_735' title='bbox 1408 5517 1503 5555; x_wconf 91' lang='lat' dir='ltr'><strong>seu</strong></span> <span class='ocrx_word' id='word_1_736' title='bbox 1562 5496 1718 5557; x_wconf 78' lang='lat' dir='ltr'><strong>ditl&#39;e-</strong></span> 
     </span>
    </p>
   </div>
   <div class='ocr_carea' id='block_1_106' title="bbox 1818 5356 2505 5416">
    <p class='ocr_par' dir='ltr' id='par_1_106' title="bbox 1818 5356 2505 5416">
     <span class='ocr_line' id='line_1_106' title="bbox 1818 5356 2505 5416; baseline -0.01 -1"><span class='ocrx_word' id='word_1_737' title='bbox 1818 5359 2215 5416; x_wconf 84' lang='lat' dir='ltr'><strong>numerabilem</strong></span> <span class='ocrx_word' id='word_1_738' title='bbox 2289 5356 2442 5410; x_wconf 89' lang='lat' dir='ltr'><strong>dicit.</strong></span> <span class='ocrx_word' id='word_1_739' title='bbox 2484 5374 2505 5406; x_wconf 76' lang='grc' dir='ltr'><strong>ι</strong></span> 
     </span>
    </p>
   </div>
   <div class='ocr_carea' id='block_1_107' title="bbox 1892 5426 3400 5501">
    <p class='ocr_par' dir='ltr' id='par_1_107' title="bbox 1892 5426 3400 5501">
     <span class='ocr_line' id='line_1_107' title="bbox 1892 5426 3400 5501; baseline -0.007 -14"><span class='ocrx_word' id='word_1_740' title='bbox 1892 5431 2007 5501; x_wconf 80' lang='grc'><strong>(60)</strong></span> <span class='ocrx_word' id='word_1_741' title='bbox 2040 5429 2191 5484; x_wconf 82' lang='lat' dir='ltr'><strong>Sicut</strong></span> <span class='ocrx_word' id='word_1_742' title='bbox 2216 5443 2323 5501; x_wconf 66' lang='lat' dir='ltr'><strong>tuto</strong></span> <span class='ocrx_word' id='word_1_743' title='bbox 2367 5426 2575 5501; x_wconf 66' lang='lat' dir='ltr'><strong>arcani,</strong></span> <span class='ocrx_word' id='word_1_744' title='bbox 2597 5435 2697 5480; x_wconf 85' lang='lat' dir='ltr'><strong>etc.</strong></span> <span class='ocrx_word' id='word_1_745' title='bbox 2731 5426 3036 5501; x_wconf 65' lang='lat' dir='ltr'><strong>nominibus</strong></span> <span class='ocrx_word' id='word_1_746' title='bbox 3086 5426 3400 5501; x_wconf 60' lang='lat' dir='ltr'><strong>signi/irati-</strong></span> 
     </span>
    </p>
   </div>
   <div class='ocr_carea' id='block_1_108' title="bbox 1815 5494 3404 5567">
    <p class='ocr_par' dir='ltr' id='par_1_108' title="bbox 1815 5494 3404 5567">
     <span class='ocr_line' id='line_1_108' title="bbox 1815 5494 3404 5567; baseline -0.006 -11"><span class='ocrx_word' id='word_1_747' title='bbox 1815 5494 1918 5556; x_wconf 57' lang='lat' dir='ltr'><strong>tur.</strong></span> <span class='ocrx_word' id='word_1_748' title='bbox 1977 5494 2183 5567; x_wconf 80' lang='grc' dir='ltr'>’Ὥσπερ</span> <span class='ocrx_word' id='word_1_749' title='bbox 2213 5498 2306 5549; x_wconf 76' lang='grc' dir='ltr'><strong>ἐπὶ</strong></span> <span class='ocrx_word' id='word_1_750' title='bbox 2337 5496 2397 5548; x_wconf 78' lang='grc' dir='ltr'>τὸ</span> <span class='ocrx_word' id='word_1_751' title='bbox 2458 5496 2831 5567; x_wconf 3' lang='grc' dir='ltr'>κρύφιον-,καὶ</span> <span class='ocrx_word' id='word_1_752' title='bbox 2873 5494 3251 5567; x_wconf 11' lang='grc' dir='ltr'>,ἀκατανόητον</span> <span class='ocrx_word' id='word_1_753' title='bbox 3308 5512 3404 5547; x_wconf 80' lang='grc' dir='ltr'>συ·-</span> 
     </span>
    </p>
   </div>
   <div class='ocr_carea' id='block_1_109' title="bbox 129 5564 3403 5638">
    <p class='ocr_par' dir='ltr' id='par_1_109' title="bbox 129 5564 3403 5638">
     <span class='ocr_line' id='line_1_109' title="bbox 129 5564 3403 5638; baseline -0.001 -18"><span class='ocrx_word' id='word_1_754' title='bbox 129 5570 330 5623; x_wconf 86' lang='lat' dir='ltr'><strong>rentiis</strong></span> <span class='ocrx_word' id='word_1_755' title='bbox 361 5584 487 5638; x_wconf 69' lang='lat' dir='ltr'><strong>qua:</strong></span> <span class='ocrx_word' id='word_1_756' title='bbox 518 5576 648 5622; x_wconf 88' lang='lat' dir='ltr'><strong>sunt</strong></span> <span class='ocrx_word' id='word_1_757' title='bbox 683 5567 1007 5633; x_wconf 77' lang='lat' dir='ltr'><strong>divisibiles,</strong></span> <span class='ocrx_word' id='word_1_758' title='bbox 1045 5571 1100 5623; x_wconf 88' lang='lat' dir='ltr'><strong>in</strong></span> <span class='ocrx_word' id='word_1_759' title='bbox 1132 5587 1299 5624; x_wconf 89' lang='lat' dir='ltr'><strong>unuut</strong></span> <span class='ocrx_word' id='word_1_760' title='bbox 1328 5573 1662 5626; x_wconf 84' lang='lat' dir='ltr'><strong>convolutis.</strong></span> <span class='ocrx_word' id='word_1_761' title='bbox 1692 5591 1710 5623; x_wconf 70' lang='grc' dir='ltr'><strong>ι</strong></span> <span class='ocrx_word' id='word_1_762' title='bbox 1816 5572 2097 5638; x_wconf 81' lang='grc' dir='ltr'>στέλλεται</span> <span class='ocrx_word' id='word_1_763' title='bbox 2118 5564 2196 5638; x_wconf 76' lang='grc' dir='ltr'>τῷ</span> <span class='ocrx_word' id='word_1_764' title='bbox 2215 5569 2295 5620; x_wconf 77' lang='grc' dir='ltr'>ἐνὶ</span> <span class='ocrx_word' id='word_1_765' title='bbox 2328 5567 2427 5635; x_wconf 82' lang='grc' dir='ltr'><strong>τῆς</strong></span> <span class='ocrx_word' id='word_1_766' title='bbox 2453 5564 2766 5638; x_wconf 67' lang='grc' dir='ltr'>ὅπερφυοῦς</span> <span class='ocrx_word' id='word_1_767' title='bbox 2786 5565 2910 5638; x_wconf 64' lang='grc' dir='ltr'><strong>μηδ’</strong></span> <span class='ocrx_word' id='word_1_768' title='bbox 2934 5564 3149 5638; x_wconf 79' lang='grc' dir='ltr'>ἐπινοίᾳ</span> <span class='ocrx_word' id='word_1_769' title='bbox 3172 5580 3403 5638; x_wconf 75' lang='grc' dir='ltr'>στερου-</span> 
     </span>
    </p>
   </div>
   <div class='ocr_carea' id='block_1_110' title="bbox 197 5632 3401 5713">
    <p class='ocr_par' dir='ltr' id='par_1_110' title="bbox 197 5632 3401 5713">
     <span class='ocr_line' id='line_1_110' title="bbox 197 5632 3401 5713; baseline -0.002 -20"><span class='ocrx_word' id='word_1_770' title='bbox 197 5638 313 5713; x_wconf 65' lang='lat'><strong>(59)</strong></span> <span class='ocrx_word' id='word_1_771' title='bbox 349 5632 479 5713; x_wconf 58' lang='lat' dir='ltr'><strong>Non</strong></span> <span class='ocrx_word' id='word_1_772' title='bbox 516 5641 657 5713; x_wconf 68' lang='lat' dir='ltr'><strong>enim</strong></span> <span class='ocrx_word' id='word_1_773' title='bbox 696 5652 947 5709; x_wconf 79' lang='lat' dir='ltr'><strong>tanquam</strong></span> <span class='ocrx_word' id='word_1_774' title='bbox 982 5632 1304 5713; x_wconf 66' lang='lat' dir='ltr'><strong>numerabile</strong></span> <span class='ocrx_word' id='word_1_775' title='bbox 1325 5642 1484 5713; x_wconf 79' lang='lat' dir='ltr'><strong>dicit.</strong></span> <span class='ocrx_word' id='word_1_776' title='bbox 1507 5643 1581 5695; x_wconf 80' lang='grc' dir='ltr'><strong>Οὐ</strong></span> <span class='ocrx_word' id='word_1_777' title='bbox 1607 5646 1714 5712; x_wconf 72' lang='grc' dir='ltr'>γὰρ</span> <span class='ocrx_word' id='word_1_778' title='bbox 1817 5642 1953 5713; x_wconf 78' lang='grc' dir='ltr'><strong>μένη</strong></span> <span class='ocrx_word' id='word_1_779' title='bbox 2016 5632 2425 5713; x_wconf 49' lang='grc' dir='ltr'>κίρυφίότητοςςο</span> <span class='ocrx_word' id='word_1_780' title='bbox 2498 5632 2757 5713; x_wconf 42' lang='grc' dir='ltr'>καῖ’-τῷν</span> <span class='ocrx_word' id='word_1_781' title='bbox 2830 5632 3130 5713; x_wconf 62' lang='grc' dir='ltr'>όνομᾲτων</span> <span class='ocrx_word' id='word_1_782' title='bbox 3158 5632 3401 5713; x_wconf 71' lang='grc' dir='ltr'>ἀλλήλων</span> 
     </span>
    </p>
   </div>
   <div class='ocr_carea' id='block_1_111' title="bbox 124 5702 3402 5782">
    <p class='ocr_par' dir='ltr' id='par_1_111' title="bbox 124 5702 3402 5782">
     <span class='ocr_line' id='line_1_111' title="bbox 124 5702 3402 5782; baseline -0.002 -20"><span class='ocrx_word' id='word_1_783' title='bbox 124 5702 216 5771; x_wconf 77' lang='grc' dir='ltr'><strong>ὡς’</strong></span> <span class='ocrx_word' id='word_1_784' title='bbox 252 5709 577 5780; x_wconf 81' lang='grc' dir='ltr'>ἀριθμητήν</span> <span class='ocrx_word' id='word_1_785' title='bbox 627 5726 779 5778; x_wconf 78' lang='grc' dir='ltr'>φησι.</span> <span class='ocrx_word' id='word_1_786' title='bbox 801 5702 867 5765; x_wconf 76' lang='grc' dir='ltr'><strong>’Μ</strong></span> <span class='ocrx_word' id='word_1_787' title='bbox 904 5721 1028 5766; x_wconf 87' lang='lat' dir='ltr'><strong>est:</strong></span> <span class='ocrx_word' id='word_1_788' title='bbox 1064 5729 1082 5764; x_wconf 71' lang='grc' dir='ltr'><strong>ι</strong></span> <span class='ocrx_word' id='word_1_789' title='bbox 1117 5709 1237 5766; x_wconf 81' lang='lat' dir='ltr'><strong>Non</strong></span> <span class='ocrx_word' id='word_1_790' title='bbox 1267 5712 1412 5769; x_wconf 82' lang='lat' dir='ltr'><strong>enim</strong></span> <span class='ocrx_word' id='word_1_791' title='bbox 1456 5702 1714 5782; x_wconf 71' lang='lat' dir='ltr'><strong>tanquam</strong></span> <span class='ocrx_word' id='word_1_792' title='bbox 1812 5702 2175 5782; x_wconf 70' lang='grc' dir='ltr'>διισταμένων</span> <span class='ocrx_word' id='word_1_793' title='bbox 2207 5709 2240 5777; x_wconf 85' lang='grc' dir='ltr'>ἠ</span> <span class='ocrx_word' id='word_1_794' title='bbox 2274 5702 2529 5778; x_wconf 71' lang='grc' dir='ltr'>’ἄρρητός</span> <span class='ocrx_word' id='word_1_795' title='bbox 2569 5705 2636 5759; x_wconf 88' lang='grc' dir='ltr'><strong>δι’</strong></span> <span class='ocrx_word' id='word_1_796' title='bbox 2666 5705 2845 5759; x_wconf 79' lang='grc' dir='ltr'>αὐτῶν</span> <span class='ocrx_word' id='word_1_797' title='bbox 2897 5706 2991 5757; x_wconf 76' lang='grc' dir='ltr'><strong>καὶ</strong></span> <span class='ocrx_word' id='word_1_798' title='bbox 3050 5702 3402 5774; x_wconf 57' lang='grc' dir='ltr'>ἁσυνσίρετκς</span> 
     </span>
    </p>
   </div>
  </div>
