3828 6202
403 275 506 342 903

1551 280 1814 341 PHOTII
1853 279 2358 341 PATRIARCH/E
2377 281 2484 341 (ΞΡ.

3541 280 3655 343 9M

396 402 540 446 tione
594 391 859 457 lirmatur,
893 393 1234 448 contrahitur
1285 393 1337 447 in
1392 408 1679 462 arcanum;
1719 405 1771 449 et
1822 410 1952 464 quot

2073 393 2377 455 νοουμένων
2410 391 2695 462 συνάφεια.
2732 392 2826 446 καὶ
2849 391 2912 444 τὸ
2937 389 3279 461 ἀπλήθυντον
3307 389 3406 443 οὑκ
3436 389 3651 456 Esto-tio

395 483 777 552 comprehendi
817 500 921 537 non
972 492 1182 552 potest;
1240 492 1294 538 et
1346 485 1660 538 nominibus
1723 485 1868 538 inter
1917 499 1976 539 se

392 577 663 632 distinctis
692 577 926 632 traditur
954 577 1274 647 eonjunctio
1307 577 1424 631 sine
1448 575 1711 647 synaaresi
1747 577 1823 646 (id
1863 588 1967 642 est,

2074 502 2238 554 μενον
2265 485 2363 554 τῆς
2391 484 2645 554 ἐνότητος
2666 524 2681 549 ,
2711 483 2958 555 πρόεισιν
2991 481 3352 550 ἀπληθὺντως
3377 483 3442 550 τῇ
3473 479 3657 550 τριάδι

2073 576 2478 646 πληθυνόμεσνον
2504 593 2516 606 ·
2566 578 2660 628 καὶ
2707 575 2768 627 τὸ
2801 575 2901 644 μὲν
2949 572 3018 625 τὰ
3072 572 3198 644 τρία
3234 571 3542 640 βλαστάνει,
3580 571 3653 623 τὰ

393 669 764 723 contractione
818 669 1198 738 personarum)
1249 684 1477 734 eorum,
1509 667 1601 736 qui
1659 667 1952 721 nominibm

2073 667 2124 721 δὲ
2172 670 2272 736 τῆς
2313 666 2410 719 τοῦ
2457 667 2575 730 ένὸς
2616 665 2919 732 ἁπλότητος
2967 663 3068 718 καὶ
3111 663 3403 732 συναφείας
3462 664 3521 716 οὑ
3571 662 3650 714 διδ

393 763 788 834 signiﬁcantur,
827 773 883 816 et
914 763 1313 830 intelliguntur,
1348 770 1400 815 et
1428 761 1571 829 quod
1605 760 1965 829 multiplicari

2071 759 2304 813 ίσταται.

393 871 500 910 non
530 865 722 924 potest,
745 870 849 910 non
879 855 1138 909 recedens
1172 855 1238 907 ah
1273 853 1503 917 unitate,
1537 853 1649 905 exit
1705 853 1824 906 sine
1881 850 2360 920 multiplicatione,
2416 850 2662 906 trinitate
2693 841 3138 918 multiplicatum.
3205 848 3274 902 Et
3299 847 3401 902 hoc
3427 847 3658 917 quidem

395 967 562 1005 unutn
610 949 711 1004 tria
745 950 978 1019 profert;
1014 949 1127 1003 haec
1163 963 1292 1001 vero
1327 948 1430 1001 tria
1463 946 1530 1000 ab
1564 947 1657 1000 illa
1711 946 2060 1016 simplicitate
2093 948 2259 1000 unius
2285 955 2340 1001 et
2367 944 2758 1015 c0njunctione
2787 958 2896 998 non
2932 952 3155 999 exeunt.

461 1043 826 1110 Quamobrem
887 1056 1010 1093 vere
1069 1052 1154 1092 est
1209 1037 1746 1093 incouununicabilis
1797 1037 1966 1103 Deus,

2135 1037 2228 1090 Διὺ
2245 1038 2341 1092 καὶ
2360 1036 2698 1107 ἁκινώνητον
2721 1039 2746 1078 ε
2775 1037 2850 1100 ὼς
2877 1034 3096 1106 ἀληθῶς
3124 1036 3152 1088 ό
3173 1035 3327 1097 (had;-
3362 1035 3514 1090 οὐδὲν
3543 1037 3660 1104 γὰρ

391 1137 525 1190 nihil
555 1136 700 1190 enim
729 1133 992 1200 ejusmodi
1031 1141 1111 1185 est
1145 1131 1196 1182 in
1234 1130 1536 1193 creaturis;
1570 1131 1614 1184 si
1643 1145 1769 1184 vero
1793 1144 1952 1184 unum

2073 1129 2304 1181 τοιοῦτον
2329 1133 2390 1182 ἐν
2408 1133 2520 1192 τοῖς
2543 1131 2860 1200 κτίσμασιν·
2897 1129 2944 1181 εί
2966 1128 3024 1180 δὲ
3047 1126 3104 1180 ἓν
3139 1128 3299 1198 μόνον
3327 1121 3391 1199 ἦν
3421 1128 3453 1196 ἢ
3483 1128 3616 1196 τρία
3640 1167 3656 1186 .

391 1238 597 1282 tantum
642 1234 806 1283 esset,
839 1223 919 1274 vel
963 1221 1085 1285 tria,
1119 1219 1263 1274 Deus
1297 1220 1538 1275 inﬁnitos
1577 1221 1801 1274 haberet
1833 1235 1967 1275 con-

390 1330 562 1374 sortes
585 1326 636 1371 et
663 1316 972 1385 partit-ipes,
999 1315 1506 1382 demonstraretque
1528 1321 1777 1367 creatura
1808 1311 1970 1368 Crea—

390 1426 559 1465 torem
591 1412 643 1465 in
679 1410 799 1464 suis
827 1407 1254 1477 proprietatibus
1275 1407 1626 1460 collocatum.

387 1501 709 1570 QU.‘ESTIO
739 1498 1047 1555 CLXXXIV
1079 1497 1269 1570 [CoisL
1303 1497 1529 1560 CCXIII,
1566 1496 1730 1553 Taur.
1753 1496 1956 1568 CCIV].

1079 1587 1286 1640 Eidem.

2064 1221 2126 1272 τὸ
2171 1221 2325 1275 Θεῖον
2371 1222 2603 1290 μυρίους
2647 1221 2712 1274 ἂν
2761 1220 3112 1285 συνεπείγετο
3153 1219 3441 1281 κοινωνοὺς
3488 1221 3585 1271 καὶ
3625 1223 3657 1287 ἡ

2067 1311 2242 1373 κτίσις
2265 1313 2353 1365 τὸν
2377 1313 2615 1382 κτίστην
2644 1312 2854 1364 ἐδείκνυ
2881 1313 2988 1372 τοῖς
3015 1309 3211 1377 ἑαυτῆς
3245 1310 3657 1378 συναπτόμενον

2072 1400 2385 1471 ἰδιώμασιν.
3470 1399 3480 1434 ³

2589 1492 2919 1545 ΕΡΩΤΗΣΙΣ
2963 1493 3126 1545 Ρωι.

2718 1583 2798 1650 Τῷ
2830 1602 2866 1638 α
2877 1587 2938 1638 it?
2947 1583 2989 1649 ᾧ
2998 1626 3010 1637 .

1189 1697 1328 1746 Edita
1351 1711 1378 1745 a
1407 1697 1647 1759 Basnagiu
1673 1696 1726 1759 (l.
1750 1711 1792 1746 c.
1827 1711 1875 1758 p.
1908 1697 2018 1755 455,
2045 1698 2180 1759 iiii).
2209 1725 2270 1734 —
2295 1700 2480 1748 Prioris
2521 1701 2844 1748 continuatio.

456 1788 610 1856 Quod
638 1788 682 1843 si
719 1787 858 1841 Deus
884 1794 936 1840 et
962 1785 1218 1840 divinitas
1259 1785 1313 1837 in
1354 1784 1610 1838 omnibus
1637 1793 1742 1847 est.
1773 1794 1826 1839 et
1866 1799 1952 1854 per

2133 1787 2194 1839 Ei
2228 1790 2256 1840 ὁ
2279 1787 2412 1850 Θεὸς
2451 1788 2547 1841 καὶ
2574 1789 2608 1858 ἡ
2645 1787 2836 1856 θεότης
2867 1788 2924 1839 ὲν
2959 1788 3240 1850 πᾶσιτοῖς
3279 1785 3395 1840 οὑσι
3431 1788 3524 1840 καὶ
3555 1789 3649 1841 διὰ

385 1885 568 1937 omnia
627 1889 791 1946 meat,
822 1879 952 1949 quid
995 1879 1191 1932 mirtnn
1224 1887 1326 1942 est,
1374 1877 1418 1931 si
1449 1884 1503 1930 et
1543 1877 1596 1929 in
1644 1877 1956 1932 hominibus

383 1983 466 2028 est
497 1983 756 2041 tanquam
786 1971 968 2024 homo.
994 1967 1125 2024 Esse
1155 1969 1319 2037 igitur
1352 1967 1404 2020 in
1435 1967 1713 2028 omnibus.
1748 1976 1860 2020 tum
1889 1982 1956 2021 ex

385 2065 526 2130 aliis,
575 2074 690 2118 tum
737 2077 802 2116 ex
850 2061 1060 2115 ratione
1106 2060 1400 2114 creatiouis
1461 2059 1802 2128 intelligitur,
1831 2074 1956 2114 esse

385 2171 514 2212 vero
561 2156 616 2209 in
667 2153 1003 2216 hominibus,
1051 2151 1398 2222 cognoscitur
1428 2167 1490 2205 ex
1541 2161 1822 2223 assumpta
1851 2154 1954 2207 hu-

385 2247 665 2313 manitate,
699 2260 862 2315 quam
911 2252 1134 2314 propter
1185 2244 1506 2297 charitatcm
1539 2260 1667 2312 erga
1717 2259 1818 2300 nos
1863 2261 1954 2300 as—

384 2340 648 2408 sumpsit,
702 2335 813 2408 (6|)
845 2345 898 2390 et
942 2345 1194 2398 exortus,
1231 2349 1389 2403 quem
1435 2337 1623 2403 cmpit,
1660 2335 1953 2404 participa-

383 2432 567 2494 tione,
629 2439 683 2485 et
725 2431 1107 2484 communione
1169 2437 1394 2488 nostra,
1470 2443 1590 2496 qua:
1648 2428 1952 2492 secundum

386 2525 647 2578 honorem
700 2532 821 2589 post
863 2521 1097 2590 primum
1128 2519 1267 2575 tulit.
1295 2518 1538 2584 Quorum
1575 2521 1802 2573 alterum
1835 2534 1952 2572 ma-

382 2632 485 2670 nus
547 2614 822 2669 Creatoris
881 2612 1068 2682 largita
1121 2621 1237 2676 est;
1291 2610 1518 2665 alterum
1585 2611 1701 2680 ipse
1734 2610 1800 2666 ad
1853 2625 1953 2666 nos

384 2707 624 2762 veniens.
662 2703 816 2759 Sicut
853 2703 1018 2774 igitur
1054 2703 1166 2773 (6‘2)
1214 2704 1419 2769 omnia,
1442 2719 1567 2756 cum
1602 2718 1707 2756 non
1741 2711 1948 2767 essent,

381 2797 586 2851 creatio
617 2797 736 2865 ejus
766 2794 892 2848 fecit
921 2803 980 2848 ut
1003 2803 1208 2860 essent,
1227 2794 1309 2848 sic
1342 2794 1526 2858 etiam,
1545 2794 1671 2862 quia
1699 2794 1951 2849 homines

381 2888 641 2956 singulari
681 2903 843 2956 supra
877 2887 1108 2940 aliarum
1147 2895 1519 2942 creaturarum
1555 2887 1800 2939 omnium
1826 2901 1952 2955 pro-

379 2983 716 3034 curationem
753 2979 1102 3048 providcntite
1125 2977 1384 3033 beneﬁcio
1415 2977 1613 3041 alIei-it,
1638 2979 1739 3032 etsi
1762 2986 1950 3049 partus

386 3071 644 3141 Virginis,
695 3081 749 3126 et
802 3070 890 3124 ille
949 3081 1120 3132 ortus,
1154 3070 1246 3138 qui
1307 3069 1550 3138 expromi
1615 3084 1722 3123 non
1774 3079 1950 3138 potest

2060 1883 2298 1948 πάντων,
2333 1884 2384 1936 τί
2434 1884 2748 1952 Θαυμαστὸν
2791 1884 2840 1935 εί
2883 1884 2977 1934 καὶ
3005 1883 3063 1934 ἐν
3093 1882 3400 1952 ἀνθρώποις
3433 1883 3506 1946 ὼς
3547 1885 3648 1938 ἇν-

2059 1972 2311 2042 θρωπος;
2355 1974 2428 2024 Τὸ
2460 1974 2558 2043 μὲν
2599 1969 2692 2025 οὖν
2723 1974 2778 2024 ἐν
2829 1975 2995 2025 πᾶσιν
3020 1967 3159 2024 εἶναι
3193 1972 3258 2026 τά
3286 1989 3344 2025 τε
3376 1973 3510 2027 ἄλλα
3547 1978 3648 2026 καὶ

2056 2065 2154 2135 τῆς
2179 2065 2539 2138 δημιουργίας
2569 2069 2595 2120 ό
2633 2066 2790 2134 λόγος
2825 2066 3136 2129 ἐπίσταται,
3167 2066 3227 2120 τὸ
3256 2067 3312 2119 δὲ
3343 2068 3400 2119 ἐν
3428 2067 3647 2138 ἀνθρώ-

2058 2160 2237 2229 ποιςὴ
2273 2158 2360 2211 διὰ
2391 2159 2800 2230 φιλανθρωπίαν
2826 2158 2920 2211 τοὺ
2958 2159 3252 2226 κτίσματος
3286 2158 3601 2228 πρόσληψις
3627 2201 3640 2221 ,

2057 2250 2279 2320 καὶτῆς
2325 2252 2632 2321 γεννήσεως
2665 2252 2732 2321 ἣν
2781 2250 2942 2314 αὑτὸς
2985 2249 3258 2316 ὑπέστησε
3297 2254 3499 2321 μετοχῇ
3543 2257 3643 2304 καὶ

2056 2336 2310 2412 κοινωνίᾳ
2352 2341 2660 2413 δευτέραςιι
2697 2345 2863 2413 τιμῆς
2912 2343 3293 2412 ἁπολαυοὺσης
3350 2344 3488 2412 μετὰ
3537 2343 3650 2411 τὴι

2056 2429 2299 2503 πρώτην.
2338 2423 2442 2483 Ἦν
2474 2431 2571 2502 τὴν
2615 2431 2713 2502 μὲν
2757 2433 2791 2498 ὴ
2843 2431 3170 2502 δημιουργὸς
3224 2433 3377 2502 χεὶρ,
3429 2431 3527 2501 τὴν
3581 2431 3644 2484 δὲ

2056 2521 2367 2592 προσελθὼν
2390 2522 2554 2586 αὐτὸς
2574 2522 2884 2592 ἐχαρίσατο.
2913 2523 3123 2594 Ὥσπερ
3146 2521 3238 2575 οὖν
3264 2522 3398 2575 διότι
3418 2522 3486 2574 τὰ
3505 2522 3648 2575 ὄντα.

2053 2613 2118 2666 ὲκ
2150 2612 2224 2683 μὴ
2250 2613 2416 2667 ὄντων
2441 2614 2716 2684 ὑπέστησε
2745 2613 3088 2685 Δημιουργδν
3119 2614 3282 2668 αὑτὸν
3312 2613 3564 2686 λέγομεν,
3591 2617 3644 2666 εἰ

2054 2705 2148 2756 καὶ
2163 2705 2421 2774 κρείττων
2442 2705 2621 2776 πολλῷ
2645 2705 3008 2776 δημιουργίας
3033 2707 3066 2776 ἡ
3100 2705 3352 2777 πρόοδοςο
3373 2705 3514 2759 οὓτω
3543 2709 3652 2759 καὶ

2051 2793 2140 2848 διὰ
2165 2796 2224 2848 τὸ
2255 2794 2380 2859 τοὺς
2417 2796 2746 2867 ἀνθρώπους
2777 2797 3095 2870 ἐξῃρημένη
3130 2799 3238 2852 τῶν
3273 2798 3446 2852 ἄλλων
3476 2799 3650 2868 εὐεπ-

2053 2886 2282 2956 γετῆσαι
2306 2888 2530 2958 προνοίᾳ
2551 2931 2563 2954 ,
2596 2889 2644 2940 εἰ
2677 2889 2777 2940 καὶ
2801 2889 3066 2959 κρείττων
3095 2891 3242 2942 ἐστὶν
3269 2889 3587 2961 ἀνθρωπίνη
3623 2893 3640 2931 ί

2055 2979 2362 3049 γεννήσεως
2393 2981 2420 3031 ό
2469 2980 2534 3031 ὲκ
2585 2980 2863 3049 Παρθένου
2915 2981 3095 3044 τόκος,
3137 2982 3233 3034 καὶ
3281 2983 3314 3052 ἡ
3358 2983 3655 3054 ἄφραστος

2053 3067 2336 3139 γέννησις,
2366 3069 2697 3139 γεννηθῆναι
2741 3069 2975 3140 λέγομεν
3003 3071 3094 3125 τὸν
3141 3073 3504 3143 προάγαρχον,
3543 3076 3652 3125 καὶ

382 3167 578 3228 verbis,
635 3179 797 3235 supra
847 3173 1026 3218 ortmn
1063 3165 1359 3217 humanum
1412 3171 1514 3225 est,
1546 3163 1786 3231 genitum
1829 3176 1952 3215 esse

2073 3159 2332 3229 'tveptomv
2361 3163 2698 3232 χρηματίσαι
2727 3163 2817 3216 τὸν
2845 3163 3096 3235 Πλάστην
3127 3167 3225 3236 τῆς
3254 3165 3488 3234 φύσεως.
3523 3167 3656 3220 Οὐκ

379 3257 630 3312 dicimus
666 3271 812 3320 eum,
851 3256 945 3326 qui
1001 3271 1067 3309 ex
1111 3255 1412 3308 aaternitate
1441 3263 1546 3317 est,
1587 3260 1640 3307 et
1674 3251 1949 3304 hominem

383 3359 655 3411 vocatum,
695 3349 789 3417 qui
839 3358 1089 3402 naturam
1138 3347 1431 3400 humanam
1467 3345 1624 3398 ﬁnxit
1654 3360 1716 3398 ac
1747 3344 1950 3398 forma-

381 3444 473 3496 vit.
516 3443 630 3495 Non
683 3441 913 3496 facimus
946 3441 1218 3495 hominem
1253 3437 1442 3500 Deum,
1463 3453 1652 3506 apage,
1680 3437 1782 3490 hoc
1804 3435 1948 3489 enim

381 3533 491 3588 fere
520 3534 636 3588 lieri
673 3551 777 3586 non
820 3541 1017 3602 potest,
1051 3544 1103 3586 et
1129 3530 1394 3601 judicium
1433 3529 1660 3583 rationis
1702 3528 1806 3582 hoc
1840 3541 1946 3580 non

378 3626 599 3694 patitur,
629 3624 724 3678 sed
757 3623 922 3677 Deum
951 3623 1274 3677 conlitemur
1309 3620 1520 3674 venisse
1559 3627 1618 3671 ut
1647 3618 1923 3672 hominem

376 3718 518 3786 quod
570 3716 730 3770 facile
782 3725 864 3770 est
919 3713 1171 3782 Deo,qui
1219 3723 1428 3766 natum
1480 3721 1668 3766 auctor
1717 3710 1853 3775 fuit,
1891 3709 1943 3763 id

375 3806 520 3874 quod
551 3806 694 3859 illius
721 3805 772 3858 in
802 3820 900 3858 nos
927 3803 1211 3858 charitatis
1246 3803 1350 3854 vim
1388 3817 1634 3870 magnam
1668 3800 1942 3869 pra-dicat.

377 3917 698 3984 QUIESTIO
725 3916 1006 3971 eLxxxv
1043 3917 1234 3988 lCoial.
1268 3913 1496 3975 ccxrv,
1533 3914 1694 3968 Taur.
1740 3913 1942 3984 ccvi].

377 4013 486 4080 (65)
525 4011 799 4078 Quomodo
830 4010 1042 4064 omnino
1070 4009 1293 4078 cogitari
1329 4009 1490 4074 possit
1522 4007 1683 4061 Deum
1714 4023 1821 4060 esse
1843 4007 1945 4058 -iu-

1001 4090 1279 4132 cornutum
1298 4083 1320 4130 1’

2047 3249 2332 3320 ἄνθρωπον
2375 3252 2733 3324 θεοποιοὺμεν
2769 3259 2996 3327 (ἀπαγε-
3033 3256 3295 3311 ὰδὺνατόν
3337 3274 3395 3311 τε
3426 3259 3536 3330 γὰρ
3565 3259 3656 3323 ὡς

2047 3341 2260 3410 ἀληθῶς
2293 3342 2466 3408 τοῦτο,
2493 3349 2587 3397 καί
2615 3331 2773 3412 λόγού
2820 3347 3002 3417 κρίσιν
3041 3348 3140 3418 οὑχ
3189 3349 3620 3420 ὑφιστᾶιμενον),

2046 3431 2183 3484 ἀλλὰ
2236 3433 2370 3487 Θεὸν
2433 3436 2809 3507 ὁμολογοῦμεν
2865 3439 3150 3508 προελθεῖν
3191 3441 3272 3503 ὡς
3320 3441 3651 3511 ἄνθρωπον,

2046 3523 2183 3593 ὅπερ
2214 3526 2343 3596 ῥᾷόν
2388 3525 2446 3578 τέ
2484 3529 2604 3580 ὲστι
2634 3528 2754 3598 Θεῷ
2785 3529 2864 3600 τῷ
2898 3531 2997 3601 τὴν
3035 3532 3195 3600 φύσιν
3247 3533 3651 3604 πλαστουργή-
3682 3594 3702 3608 ε

2051 3629 2239 3679 σαντι,
2291 3617 2382 3668 καὶ
2422 3617 2622 3688 πολλὴν
2657 3619 3067 3690 φιλανθρωπίας
3109 3620 3479 3691 ἁνακηρὺττει
3513 3622 3649 3675 διὰ-

2053 3703 2107 3757 θε
2118 3722 2218 3758 σιν.

2475 3930 2478 3932 '
2568 3915 2904 3968 ΕΡΩΤΙΙΣΙΣ
2938 3917 3109 3970 PIIE'.

2049 4006 2180 4072 Πῶς
2203 4008 2332 4061 ἐστι
2367 4005 2631 4060 δυνατὸν
2659 4007 2814 4132 ὅλιὲς
2841 4007 3074 4062 ἐννοεῖν
3102 4011 3166 4063 τὸ
3203 4009 3371 4064 θεῖον
3398 4027 3647 4078 σαρκω-

2782 4094 2952 4132 urat:

2782 4094 2952 4145 arat;

1503 4189 1644 4240 Edita
1663 4206 1688 4240 a
1715 4192 1953 4254 Basnagio
1981 4190 2032 4251 (l.
2063 4203 2106 4239 c.
2134 4204 2180 4252 p.
2205 4190 2324 4248 454,
2348 4190 2480 4249 455),

445 4278 728 4334 Neminem
788 4281 1043 4335 existimo
1101 4281 1173 4334 ita
1227 4296 1256 4334 a
1310 4281 1491 4334 divina
1547 4280 1945 4334 illuminatione

371 4387 613 4438 vacasse,
648 4383 704 4427 ut
733 4389 837 4426 non
875 4375 947 4428 sit
971 4374 1018 4426 ei
1057 4375 1304 4438 insitum,
1333 4381 1385 4426 et
1417 4373 1692 4426 communi
1721 4373 1942 4426 notione

2117 4279 2251 4331 Θεοὺ
2284 4278 2382 4348 μὲν
2425 4277 2544 4331 οὐδὲ
2595 4277 2742 4342 θείας
2783 4279 3104 4349 ἐλλάμψεως
3143 4280 3334 4335 οὐδένα
3370 4279 3642 4337 τοσοῦτον

2049 4371 2422 4440 κεκενωμένον
2446 4367 2587 4422 εἶναι
2610 4369 2834 4440 νομίζω,
2859 4370 2914 4434 ὃς
2947 4372 3023 4442 μὴ
3058 4373 3332 4442 πανταχοῦ
3364 4378 3640 4444 παρεῖναι

1648 4498 1880 4555 γΑῐιιΑε
1919 4495 2323 4553 LECTIONES.

447 4623 468 4658 ε
513 4620 546 4672 I.
592 4618 976 4687 ἀκοινώνητον.
1054 4615 1080 4654 ιι
1119 4617 1152 4670 I.
1190 4618 1418 4688 δευτέρα
1471 4619 1524 4672 in
1559 4617 1917 4671 nominativo.

2004 4615 2017 4652 ί
2057 4613 2091 4666 ι.
2124 4611 2499 4684 ἀνθρωπίνης.

1875 4725 2107 4781 ΝΟΤίΕ.

368 4853 698 4918 θεολογειται
725 4850 831 4902 τῶν
857 4851 1162 4920 νοουμένων
1175 4851 1459 4919 συνάφεια.
1483 4849 1538 4906 Id
1565 4860 1648 4904 est
1684 4868 1697 4903 :
1734 4869 1750 4901 ι
1783 4849 1936 4903 Sicut
1961 4829 2014 4888 D

369 4938 462 4989 per
489 4922 750 4990 unitatem
773 4923 824 4974 in
861 4926 1136 4975 occultum
1161 4931 1216 4976 et
1238 4922 1784 4990 incomprehensibile
1807 4937 1936 4975 con-

369 4995 608 5062 trahitur
643 4989 759 5060 [Dei
804 4990 1133 5062 substantia]
1163 5007 1228 5046 ne
1260 5007 1356 5060 per
1403 4989 1661 5062 subtilem
1712 4991 1932 5060 quidem

369 5060 567 5113 mentis
598 5061 977 5127 cogitationem
1019 5060 1230 5130 privata
1265 5061 1667 5130 supernaturali
1699 5069 1932 5124 secreto,

365 5139 419 5183 et
439 5130 712 5183 distinctis
735 5131 874 5183 inter
908 5147 967 5184 se
1017 5131 1353 5194 nominibus,
1414 5147 1509 5199 per
1541 5132 1933 5199 eatheologire

365 5199 692 5269 praedicatur
722 5200 1008 5255 iitelfabilis
1040 5209 1095 5253 et
1128 5204 1759 5269 contractionisevspers
1797 5216 1931 5253 cun-

360 5273 572 5336 junctio
594 5285 784 5340 eorum
815 5271 910 5338 qui
949 5270 1324 5340 signiﬁcantur
1381 5281 1434 5324 et
1473 5271 1925 5340 intelliguntur.)

436 5341 548 5410 (GI)
582 5337 647 5390 Et
677 5337 914 5405 exortus,
954 5337 1051 5392 etc.
1086 5340 1229 5393 tulit.
1269 5341 1376 5393 Καὶ
1403 5341 1501 5410 τῆς
1533 5337 1836 5408 γεννήσεως
1857 5339 1934 5409 ,ἢν

362 5410 522 5472 αὑτὸς
580 5410 878 5480 ὑπέστησε,
945 5411 1148 5479 μετοχὴ
1199 5410 1292 5463 καὶ
1350 5413 1626 5475 κοινωνία,
1677 5411 1934 5478 δευτέρας

359 5482 524 5550 τιμῆς
603 5479 980 5550 ἀπολαυούσης
1034 5479 1172 5549 μετὰ
1219 5481 1316 5550 τὴν
1371 5481 1614 5549 πρώτην.
1681 5479 1736 5534 Id
1797 5491 1930 5534 est:

365 5567 383 5599 i
417 5548 564 5603 I'Jtex
606 5548 1116 5619 participatidne'ac
1169 5548 1560 5606 communione
1618 5553 1931 5619 generatio-

362 5622 447 5672 nis
475 5621 544 5672 ab
575 5621 694 5689 ipso
749 5619 906 5674 facta:
961 5637 1084 5688 qua:
1127 5624 1428 5676 serundmn
1495 5621 1754 5673 honorem
1812 5630 1934 5689 post

363 5690 590 5756 primam
620 5691 764 5744 illam
792 5689 1146 5761 [creationem
1179 5691 1450 5760 videlicet]
1483 5694 1621 5743 tulit.
1666 5708 1681 5738 i

2111 4841 2152 4919 ίΓ
2161 4845 2412 4898 urrianus
2432 4843 2565 4919 legit
2611 4843 2664 4896 in
2693 4845 2928 4903 ablativo
2986 4851 3186 4919 μετοχῇ
3220 4857 3274 4905 et
3337 4860 3631 4919 κοινωνία,

2037 4915 2130 4967 sed
2199 4911 2702 4997 sequentia'docent
2763 4911 3048 4988 legendu'tn
3109 4911 3252 4984 esse,
3311 4926 3518 4995 μετοχὴ
3570 4911 3630 4980 ct

2035 4995 2311 5044 κοινωνία,
2345 5000 2396 5036 tn
2431 4995 2786 5038 llOIllltlalIVO.

2107 5053 2219 5122 (6'2)
2255 5051 2405 5124 Sicut
2437 5054 2601 5122 igitur
2631 5057 2808 5108 omnia
2859 5072 2978 5109 cum
3036 5075 3138 5112 non
3182 5068 3353 5113 essent
3379 5099 3394 5124 ,
3462 5078 3626 5116 crea-

2035 5123 2106 5174 tio
2153 5125 2266 5190 ejus
2292 5123 2414 5191 fecit
2436 5133 2492 5195 ut
2535 5138 2726 5178 essent.
2781 5127 2991 5195 Ὥσπερ
3051 5125 3143 5182 οὖν
3188 5129 3323 5182 διότι
3383 5130 3450 5183 τὰ
3488 5132 3627 5188 ὅντα

2032 5195 2096 5270 ὲκ
2129 5197 2201 5270 μὴ
2263 5195 2431 5270 ὄντων
2467 5194 2759 5270 ὑπέστησε,
2785 5194 3128 5270 Δημιουργὺν
3173 5199 3334 5270 αὑτὸν
3381 5198 3628 5270 λέγομεν

2034 5263 2081 5312 εἰ
2096 5267 2204 5338 ’καὶ
2231 5261 2492 5338 κρείττων
2511 5261 2686 5338 πολλῴ
2707 5261 3063 5335 δημιουργίας
3093 5271 3126 5338 ἡ
3155 5269 3401 5338 πρόοδος.
3424 5261 3480 5324 Id
3499 5261 3586 5327 ἀει
3607 5291 3624 5327 :

2042 5333 2249 5408 (“Sicut
2281 5333 2464 5400 igitur,
2506 5333 2940 5408 quia_creaturas
2974 5352 3039 5391 ex
3101 5333 3270 5391 nilqu
3327 5348 3623 5408 produxit,

2034 5399 2292 5478 Qpitieem
2310 5399 2507 5478 ipsum
2525 5399 2794 5478 dicimus,
2822 5408 3073 5478 quamvis
3105 5399 3340 5477 Opiticio'
3371 5399 3627 5478 quolilet

2035 5471 2194 5555 Ion-ge
2235 5475 2579 5555 praestantior
2604 5475 2675 5526 sit
2709 5471 3020 5555 ttujUSIitodi
3055 5471 3366 5546 productio.

2103 5539 2409 5612 'l'urrianus
2438 5543 2526 5596 hic
2548 5539 2813 5612 quaepiam
2842 5548 3050 5600 omisit.

2105 5612 2218 5678 (οὗ)
2248 5610 2346 5664 Est
2373 5610 2572 5680 quinta
2591 5610 2908 5669 dissertatio
2933 5617 3073 5686 apud
3110 5616 3460 5687 Basnagium.
