3828 6202
406 165 512 228 907

1564 192 1830 256 PHOTII
1858 200 2362 270 PATRIARCH/E
2391 214 2501 276 ΟΡ.

3547 235 3660 297 908

405 280 814 350 cogitationem,
850 305 972 358 quae
994 290 1160 346 Deum
1187 294 1400 362 deceat,
1434 300 1501 354 de
1525 301 1636 358 Deo
1664 305 1961 364 informare

405 369 568 410 Ilnnn
602 375 683 410 ‘mI
733 391 797 410 ον
838 394 903 410 ΔΛ
935 381 1105 410 IL“.-.
1164 388 1303 410 --.ΑΛ
1338 388 1371 410 :2
1445 392 1528 410 με,
1562 409 1569 410 ,
1598 393 1610 405 ο
1635 395 1647 410 ι
1726 404 1737 410 -
1846 399 1857 410 .

2090 323 2392 385 φαντασίαν
2420 325 2660 381 ἀνελθεῖν
2705 331 2800 383 τοῦ
2827 332 2985 386 Θείου
3025 337 3339 410 θεοπρεπῆ,
3373 343 3470 395 xui.
3500 345 3666 400 τοῦτο

404 369 569 440 tique
602 375 685 428 vel
733 391 799 431 ex
837 394 904 434 eo
935 381 1130 452 liquet,
1161 388 1305 453 quod
1337 388 1398 456 ii,
1437 392 1530 460 qui
1560 393 1814 451 videntur
1843 369 1986 456 inter

404 459 656 519 homines
691 467 758 522 ad
807 485 1085 529 summum
1134 475 1414 549 fastigium
1457 459 1744 553 sapientiae
1793 505 1986 559 perve-

406 552 576 618 nisse,
619 556 761 613 inter
801 576 860 616 se
894 564 1043 633 ipsos
1085 576 1139 621 et
1171 568 1240 622 ab
1270 571 1393 627 aliis
1429 552 1728 642 plurimum
1769 580 1985 636 dissen-

403 654 624 710 serunt;
643 648 849 706 idcirco
882 652 1023 710 Deus
1056 656 1232 715 factus
1255 672 1339 716 est
1373 663 1559 732 homo,
1581 676 1758 724 utnon
1781 671 1986 739 solum,

401 735 495 802 qui
546 739 667 806 plus
713 743 1066 812 cognitionis,
1107 764 1270 815 quam
1309 752 1400 806 alii
1440 758 1678 812 assecuti
1707 735 1980 824 videntur,

401 827 495 880 sed
524 829 689 884 etiam
721 834 916 903 vulgus
946 836 1248 906 hominum,
1283 842 1379 912 qui
1415 847 1592 916 magis
1625 864 1788 905 sensu
1813 869 1976 922 quam

401 920 612 975 ratione
637 923 913 981 ducuntur
937 970 950 993 ,
988 946 1084 1000 per
1109 947 1171 986 ea
1195 975 1211 998 ,
1246 951 1368 1006 qua:
1407 937 1592 998 vident
1625 948 1678 995 et
1716 920 1974 1013 audiunt,

401 1010 469 1065 ad
520 1013 662 1081 piam
703 1027 758 1071 et
797 1020 1094 1077 salutarem
1129 1023 1222 1080 Dei
1273 1029 1643 1098 cognitionem
1695 1049 1980 1094 recurrere

402 1104 632 1171 possint,
662 1122 759 1177 per
792 1125 877 1176 ea,
916 1128 1038 1181 qua:
1067 1117 1170 1169 sub
1202 1133 1430 1175 sensum
1461 1123 1666 1180 cadunt
1687 1167 1700 1189 ,
1733 1128 1800 1182 ad
1827 1145 1974 1198 eum,

401 1195 494 1262 qui
534 1197 635 1252 sub
678 1198 1114 1271 intelligentiam,
1163 1213 1545 1280 ascendentes,
1577 1225 1631 1271 et
1658 1219 1726 1272 ab
1756 1219 1822 1274 iis
1855 1195 1976 1290 qua:

403 1298 496 1351 per
528 1301 747 1343 carnem
787 1306 816 1344 a
843 1291 952 1348 Deo
985 1292 1124 1354 facta
1153 1309 1316 1364 sunt,
1350 1303 1414 1357 ad
1451 1309 1972 1378 contemplationem

401 1374 701 1433 divinitatis
733 1381 1066 1452 incorporea:
1091 1397 1146 1443 et
1175 1406 1342 1460 supra
1374 1401 1648 1462 naturam,
1675 1408 1838 1468 atque
1873 1402 1976 1459 hoc

398 1465 612 1534 quidem
640 1471 798 1526 exiis
823 1489 945 1542 quae
965 1477 1307 1543 acciderunt,
1335 1483 1560 1550 patefit;
1592 1501 1656 1540 ex
1685 1465 1794 1558 quo
1826 1493 1970 1545 enim

395 1555 540 1613 Deus
568 1557 743 1617 factus
767 1575 852 1618 est
884 1569 1076 1632 homo,
1124 1578 1177 1624 et
1224 1570 1316 1626 illa
1357 1555 1719 1643 admirabilia,
1763 1587 1813 1632 et
1850 1596 1972 1651 quae

394 1663 561 1718 supra
589 1662 840 1710 naturam
873 1670 1028 1714 erant
1058 1676 1244 1731 opera,
1272 1663 1500 1721 formam
1531 1679 1740 1725 natura:
1771 1682 1970 1729 11081,Γέιὲ
1995 1647 2044 1706 Β

392 1739 576 1798 ferens
606 1745 866 1814 perfecit,
899 1751 1164 1808 absurdas
1219 1765 1272 1811 ct
1322 1759 1720 1829 multiplicibus
1760 1767 1968 1819 errori-

393 1830 494 1888 bus
537 1835 832 1907 implicitas
873 1843 1237 1914 cogitationes
1269 1850 1608 1919 abiecerunt,
1645 1863 1701 1910 et
1729 1856 1836 1911 illis
1867 1874 1968 1914 nu-

391 1922 474 1991 gis
521 1935 575 1980 et
625 1929 894 1988 idolorum
945 1935 1258 1996 fictionibus
1293 1946 1481 2011 procul
1509 1947 1762 2018 relegatis
1797 1949 1964 2006 Deum

389 2012 444 2066 in
481 2029 647 2071 carne
685 2019 864 2075 visum
889 2061 905 2086 ,
958 2025 1104 2081 hunc
1137 2045 1322 2084 verum
1365 2035 1526 2088 Deum
1554 2052 1674 2093 esse
1700 2039 1968 2095 confiten-

389 2108 499 2168 tur,
536 2100 603 2157 et
623 2118 954 2164 venerantur
978 2152 994 2175 ,
1041 2115 1133 2185 qui
1166 2117 1316 2188 digni
1361 2120 1528 2175 habiti
1561 2136 1730 2190 sunt,
1781 2137 1839 2182 nt
1867 2143 1966 2199 per

385 2191 730 2257 praesentiam
797 2200 1045 2266 corporis
1103 2203 1225 2272 ejus
1279 2207 1392 2276 (71)
1452 2218 1507 2264 et
1559 2225 1786 2280 operum
1841 2191 1962 2282 eius

385 2287 611 2344 aspectu
642 2289 698 2336 et
733 2285 1016 2343 auditione
1055 2304 1180 2344 eum
1222 2307 1648 2364 cognoscerent.
1680 2309 1735 2354 et
1765 2300 1962 2370 hujus-

387 2365 536 2420 modi
566 2369 880 2438 cognitione
918 2375 986 2428 ad
1036 2379 1404 2446 cognitionem
1453 2398 1517 2438 ac
1542 2388 1964 2456 contemplatio-

386 2464 510 2506 nem
539 2453 660 2524 ejus
689 2466 899 2514 naturae
930 2461 1337 2532 inaspectahilis
1365 2453 1786 2541 adducerentur.

455 2539 565 2595 Sed
609 2543 725 2598 haec
763 2547 982 2612 quidem
1018 2566 1127 2606 una
1174 2569 1378 2623 causa;
1416 2539 1590 2613 altero
1635 2576 1768 2616 vero
1811 2565 1958 2634 quod

383 2645 727 2704 nequaquam
780 2637 939 2693 fortis
986 2642 1186 2712 ligatus
1223 2658 1396 2714 esset,
1444 2649 1554 2718 (72)
1589 2651 1693 2706 nisi
1744 2654 1960 2710 fortiter

383 2731 658 2774 Certamen
696 2724 798 2778 hoc
831 2725 1110 2784 subiisset.
1148 2730 1352 2799 Tertia,
1376 2738 1521 2804 quod
1551 2738 1799 2796 doctrina
1825 2757 1959 2796 ocu-

385 2807 471 2873 lis,
501 2820 551 2862 et
581 2813 809 2868 auribus
843 2820 1135 2887 praeposita
1165 2823 1432 2879 valentior
1456 2836 1560 2891 est,
1584 2837 1639 2883 et
1666 2831 1842 2885 multo
1871 2830 1956 2885 fa-

381 2894 537 2950 cilior
578 2898 646 2954 ad
673 2907 1103 2973 exsequendum,
1144 2925 1308 2979 quam
1354 2928 1475 2982 qua:
1507 2930 1537 2968 e
1569 2916 1872 2988 longinquo
1899 2930 1955 2975 et

2087 409 2246 478 δῆλον
2280 413 2340 477 ἐξ
2375 407 2574 469 ὧν-καὶ
2612 421 2658 496 οἱ
2686 419 2969 488 δοκοῦντες
2998 427 3078 489 είς
3118 407 3300 500 ἄειρον*
3324 431 3511 486 ἐλάσαι
3559 436 3662 504 τῆς

2087 501 2145 552 ἐν
2185 501 2495 574 ἀνθρώποις
2526 493 2720 578 σοφίας
2757 513 2894 581 πρὸς
2939 518 3080 584 σφᾶς
3119 493 3348 584 ἑαυτοὺς
3380 525 3475 577 καὶ
3519 493 3664 594 πρὸς

2085 591 2350 663 ἀλλήλους
2375 599 2468 651 ἐπὶ
2496 599 2756 668 μέγιστον
2774 604 3133 680 διηνέχθησαν
3150 626 3163 640 ·
3188 610 3278 664 διὰ
3312 613 3471 667 τοῦτο
3502 591 3663 685 ἐνην-

2084 679 2376 755 θρώπησεν
2412 691 2440 742 ὀ
2467 690 2633 757 Θεὸς,
2677 694 2762 749 ἵνα
2813 697 2888 767 μὴ
2930 679 3092 767 μόνον
3119 701 3170 753 οἱ
3217 702 3380 756 πλέον
3422 722 3474 758 τι
3515 679 3662 760 κατὰ

2084 774 2286 838 γνῶσιν
2312 777 2422 832 τῶν
2449 780 2625 834 ἄλλων
2652 782 2796 854 ἔχειν
2819 786 3124 854 δοκοῦντες,
3153 789 3288 843 ἀλλά
3313 793 3407 847 καὶ¹
3436 797 3463 846 ὁ
3491 797 3663 860 πολὺς

2083 863 2365 935 ἄνθρωπος
2385 870 2413 922 ὁ
2439 873 2504 942 τῇ
2538 873 2791 944 αἰσθήσει
2827 877 3027 946 μᾶλλον
3053 880 3084 950 ἢ
3119 880 3197 950 τῷ
3227 881 3472 956 λογισμῷ
3501 903 3660 957 χειρο

2082 958 2496 1029 αγωγούμενος,
2537 964 2606 1017 δι’
2641 960 2716 1019 ὧν
2757 969 2859 1040 ὁρᾷ.
2899 987 2960 1024 τε
3032 972 3127 1026 καὶ
3171 974 3358 1028 ἀκούει
3390 977 3525 1046 πρὸς
3554 980 3660 1050 τὴν

2080 1047 2278 1120 εὐσεϐῆ
2308 1051 2403 1104 τοῦ
2440 1054 2596 1108 Θείου
2625 1058 2721 1110 καὶ
2750 1062 3018 1130 σωτήριον
3053 1062 3293 1129 ἔννοιαν,
3333 1047 3661 1138 ἀνατρέχειν

2079 1139 2190 1209 ἔχει
2221 1137 2248 1178 ι
2284 1140 2373 1196 διὰ
2405 1144 2515 1198 τῶν
2545 1147 2818 1218 αἰσθητῶν
2845 1153 2937 1204 ἐπὶ
2975 1152 3082 1206 τῶν
3123 1153 3141 1194 Ῑ
3177 1157 3382 1226 νοητῶν
3431 1137 3660 1212 ἀναϐαί-

2077 1248 2203 1300 νων,
2228 1233 2323 1286 καὶ
2354 1235 2461 1300 ἀπὸ
2485 1237 2594 1290 τῶν
2613 1239 2700 1292 διά
2724 1241 2896 1313 μέσης
2918 1244 3017 1312 τῆς
3045 1246 3246 1316 σαρκὸς
3276 1248 3654 1321 θεουργουμέ-

2076 1341 2182 1378 νων
2217 1326 2311 1378 ἐπὶ
2340 1327 2438 1397 τὴν
2476 1329 2578 1398 τῆς
2610 1331 2921 1402 ὑπερφυοῦς
2948 1337 3042 1388 καὶ
3067 1339 3361 1408 ἀσωμάτου
3398 1341 3660 1413 θεότητος

2077 1411 2331 1485 θεωρίαν.
2374 1417 2483 1470 Καὶ
2504 1419 2663 1474 τοῦτο
2702 1421 2861 1492 δῆλον
2897 1426 2961 1479 ὲκ
2995 1426 3106 1480 τῶν
3135 1429 3514 1500 ὲκῦεὸηκότων
3542 1411 3556 1464 έ
3594 1435 3660 1502 ἐξ

2074 1498 2134 1558 οὗ
2162 1506 2272 1576 γάρ
2310 1507 2442 1571 Θεὸς
2469 1510 2892 1585 ἐνανθρώπησαι
2913 1528 2976 1582 ω,
3009 1519 3105 1576 καὶ
3144 1521 3211 1573 τὰ
3238 1498 3519 1592 παράδοξα
3555 1498 3660 1580 καί

2048 1595 2328 1668 ’ὑπερφυῆ
2374 1598 2485 1653 τῶν
2531 1600 2709 1673 ἔργων
2745 1605 2847 1676 τὴν
2879 1609 3154 1681 ἡμετέραν
3204 1613 3384 1684 φέρων
3432 1618 3655 1689 μορφὴν

2072 1689 2413 1757 ἐπετέλεσεν,
2448 1694 2548 1758 τάς
2578 1697 2903 1765 ἀλλοκότους
2930 1703 3024 1756 καὶ
3053 1705 3415 1773 πολυπλανεῖς
3441 1728 3659 1779 φαντα-

2073 1779 2193 1843 σίας
2229 1782 2259 1834 ό
2287 1783 2570 1856 ἄνθρωπος
2618 1789 2942 1862 ἀπορρήψας
2965 1803 3026 1858 η,
3071 1797 3167 1850 καὶ
3216 1800 3406 1870 μακρὰ
3435 1802 3660 1873 χαίρειν

2069 1874 2239 1929 είπὼν
2271 1879 2386 1941 τοῖς
2411 1884 2645 1962 μακροῖς
2674 1882 2863 1954 λήροις
2882 1927 2896 1950 ,
2926 1889 3022 1942 καὶ
3046 1892 3158 1955 τοῖς
3187 1891 3486 1959 είδωλικοῖς
3514 1897 3658 1950 ἀνα-

2068 1966 2385 2038 πλάσμασιν
2405 2011 2420 2035 ,
2447 1973 2538 2026 τὸν
2567 1976 2626 2029 ἐν
2655 1978 2821 2048 σαρκὶ
2850 1981 3087 2047 φανέντα
3113 1983 3270 2048 Θεὸν,
3295 1985 3483 2040 τοῦτον
3513 1987 3656 2057 ἀλη-

2067 2053 2210 2108 θινὸν
2241 2056 2374 2111 Θεὸν
2406 2059 2729 2132 ἀνομολογεῖ
2765 2083 2824 2119 τε
2849 2067 2946 2121 καὶ
2979 2075 3313 2140 προσκυνεῖ,
3343 2075 3431 2129 διὰ
3457 2078 3560 2147 τῆς
3590 2053 3657 2130 ἐνν

2067 2145 2281 2214 σώματι
2323 2150 2422 2220 μὲν
2451 2155 2756 2224 παρουσίας
2789 2159 2988 2226 αὑτοῦ,
3023 2163 3115 2216 καὶ
3148 2164 3257 2218 τῶν
3301 2166 3440 2238 ὑπὲρ
3484 2145 3653 2236 λόγον

2065 2235 2245 2306 ἔργων
2272 2238 2393 2309 δψει
2425 2244 2519 2296 καὶ
2553 2245 2691 2318 ἀκοῇ
2729 2252 3069 2320 καταμαθεῖν
3106 2255 3277 2327 αὐτὴν
3309 2265 3334 2294 ⁸
3368 2235 3648 2324 ἀξιωθεὶς,

2062 2326 2153 2381 διὰ
2175 2329 2232 2382 δὲ
2256 2331 2357 2401 τῆς
2387 2333 2648 2405 τοιαύτης
2670 2339 2925 2406 γνώσεως
2954 2343 3035 2404 εἰς
3057 2345 3158 2414 τὴν
3189 2346 3293 2417 τῆς
3319 2347 3592 2404 ἀθανάτου
3615 2362 3652 2402 ρ

2063 2417 2280 2487 φύσεως
2313 2422 2610 2493 ἐπίγνωσιν
2641 2445 2701 2481 τε
2741 2429 2837 2482 καὶ
2866 2430 3098 2504 θεωρίαν
3127 2436 3406 2508 ἀναχθείς.

2142 2557 2286 2610 Ἀλλ’
2332 2562 2392 2613 ἓν
2426 2561 2527 2631 μὲν
2555 2563 2748 2618 τοῦτο·
2789 2567 3042 2640 δεύτερον
3080 2570 3172 2636 δὲ,
3207 2572 3290 2627 ὅτι
3326 2572 3581 2644 οὐδαμῶς
3609 2575 3650 2630 ὀ

2063 2650 2281 2719 ἰσχυρὸς
2305 2652 2586 2722 ἐδεσμεῖτο
2613 2656 2686 2726 μὴ
2712 2657 3084 2727 δυνατωτέρου
3113 2661 3207 2715 τὸν
3232 2664 3419 2733 ἀγῶνα
3447 2664 3647 2720 τοῦτον

2058 2740 2152 2792 καὶ
2179 2739 2272 2793 τὸν
2315 2735 2476 2796 ἆθλον
2512 2744 2942 2817 ὑποδυσαμένου.
2981 2751 3178 2821 Τρίτον
3205 2753 3396 2824 ὅτιπερ
3444 2757 3477 2826 ἡ
3511 2755 3648 2828 ὕψει

2057 2831 2150 2882 καὶ
2184 2832 2320 2902 ἀκοῇ
2356 2836 2690 2908 προκειμένη
2721 2837 3037 2894 διδασκαλία
3079 2843 3182 2913 τῆς
3222 2844 3504 2916 πόρρωθεν
3538 2847 3646 2900 καὶ

2056 2914 2124 2968 δι’
2146 2916 2350 2987 ἐτέρων
2382 2921 2564 2988 μέσων
2602 2924 3088 3001 ἀπαγγελλομένης
3110 2914 3547 3006 ἐπικρατεστέρα
3573 2953 3645 2989 τε

383 2997 480 3052 per
516 2985 624 3040 alia
665 2986 990 3046 intermedia
1033 2999 1405 3055 annuntiatur.
1449 3000 1563 3073 (75)
1601 2985 1740 3058 Tum
1781 2985 1952 3060 etiam

2074 2985 2268 3060 πολλῶν
2302 2985 2396 3065 καί
2434 2985 2819 3090 ἀκριϐεστέρα.
2855 2985 3122 3091 Είιβούλει
3156 2985 3649 3088 δὲίὸτιήιεαιιπολ-

380 3073 524 3128 actio
548 3090 642 3144 per
666 3075 1028 3135 imitationem
1067 3083 1330 3140 virtutum
1363 3085 1580 3145 facilior
1607 3102 1691 3146 est
1717 3102 1770 3148 et
1797 3109 1956 3149 com-

381 3165 614 3232 modior,
654 3183 818 3238 quam
877 3186 941 3226 ea
985 3190 1106 3242 quae
1136 3176 1268 3231 citra
1313 3177 1668 3237 imitationem
1697 3183 1954 3253 exigitur.

379 3255 738 3316 imitationem
782 3273 964 3320 autem
1016 3283 1124 3322 non
1170 3281 1408 3340 possunt
1440 3273 1639 3330 habere
1680 3279 1954 3344 homines,

379 3357 502 3413 quae
527 3345 822 3403 humanam
857 3353 1022 3407 vitam
1060 3354 1113 3409 in
1151 3357 1320 3412 altum
1350 3361 1522 3426 tollat,
1568 3364 1612 3417 si
1651 3366 1835 3422 nullus
1859 3368 1949 3434 sit,

380 3435 474 3504 qui
513 3435 652 3492 hanc
680 3441 952 3497 actionem
981 3447 1200 3504 virtutis
1225 3451 1792 3520 suspiciathumanze'.
1834 3457 1950 3512 Hu-

373 3525 613 3593 iusmodi
653 3532 796 3587 actio
831 3538 1070 3592 humana
1098 3545 1374 3609 quomodo
1412 3559 1529 3600 esse
1563 3560 1766 3616 posset,
1799 3550 1843 3606 si
1871 3551 1945 3605 in-

380 3617 626 3672 carnatio
658 3617 818 3676 Verbi
852 3625 943 3680 Dei
999 3627 1139 3683 facta
1187 3646 1297 3686 non
1324 3635 1514 3689 esset?
1546 3637 1750 3692 Amore
1780 3640 1946 3710 igitur

377 3719 504 3773 erga
536 3704 805 3774 homines,
829 3720 884 3766 et
911 3715 1249 3782 providentia
1285 3719 1552 3776 immensa
1583 3721 1820 3779 Verbum
1849 3725 1944 3781 Dei

376 3792 578 3848 factum
608 3806 692 3852 est
721 3798 906 3864 homo,
943 3811 1000 3856 et
1028 3788 1314 3862 nobiscum
1345 3807 1540 3866 deiﬂce
1561 3823 1940 3868 conversatum

371 3892 478 3944 est.
503 3893 557 3938 et
582 3885 723 3941 inter
759 3889 1009 3946 homines
1036 3894 1187 3948 vixit.

2058 3097 2171 3163 λοῖς
2221 3101 2580 3177 εὐχερεστέρα
2615 3108 2708 3161 καὶ
2753 3110 2951 3180 ῥᾳδίως
2983 3112 3305 3180 ἐξανύεσθαι
3353 3116 3643 3190 δυναμένη

2055 3192 2088 3259 η
2117 3191 2204 3244 διὰ
2241 3196 2528 3266 μιμήσεως
2555 3199 2664 3252 τῶν
2696 3201 2904 3271 ἀρετῶν
2937 3206 3133 3276 πρᾶξις
3163 3208 3263 3278 τῆς
3302 3208 3428 3262 ἄνευ
3457 3212 3640 3264 ἁπαι-

2054 3284 2340 3355 τουμένης,
2382 3287 2627 3358 Μίμησις
2664 3291 2711 3344 δ’
2741 3292 3049 3365 ἀνθρώποις
3072 3297 3172 3349 οὐκ
3195 3297 3260 3351 ἂν
3283 3299 3367 3369 εῑη
3404 3299 3494 3351 τὸν
3528 3301 3642 3353 ἀν·-

2052 3370 2325 3442 θρώπινον
2350 3377 2630 3448 ἀνυψοῦσα
2656 3380 2806 3451 βίονκ
2822 3385 3050 3456 μηδενὸς
3069 3387 3274 3460 ταύτην
3296 3391 3644 3461 πράττοντος

2051 3467 2432 3536 ἀνθρωπίνως.
2477 3473 2682 3544 Πρᾶξις
2715 3474 2761 3529 δ’
2798 3477 3115 3552 ἀνθρωπίνη
3163 3481 3282 3546 πῶς
3313 3483 3380 3535 ἂν
3397 3484 3482 3554 εἴη
3527 3485 3643 3554 τῆς

2054 3561 2518 3634 ἐνανθρωπήσεως
2550 3567 2645 3620 τοῦ
2679 3568 2854 3636 Λόγου
2891 3572 2965 3642 μὴ
2995 3575 3402 3644 γεγενημένηςς
3431 3575 3644 3630 Φιλαν-

2052 3651 2285 3722 θρώπως
2323 3656 2431 3727 ἄρα
2465 3656 2562 3710 καὶ
2605 3659 3017 3733 ἀνυπερϐλήτου
3064 3664 3355 3735 προνοίας,
3390 3667 3483 3720 καὶ
3529 3670 3639 3723 τοῦ

2049 3740 2224 3808 Λόγου
2262 3741 2485 3812 γέγονεν
2514 3746 2947 3820 ἐνανθρώπησις,
2981 3753 3137 3826 καὶὴ
3172 3755 3290 3824 μεθ’
3325 3756 3481 3826 ἡμῶν
3505 3756 3638 3812 θεο-

2049 3831 2201 3895 ποιὸς
2229 3833 2544 3907 ἀναστροφὴ
2575 3839 2668 3892 καὶ
2700 3841 2963 3909 πολιτεία,

1105 4050 1432 4117 QUALSTIO
1481 4056 1813 4113 CLXXXVII
1868 4061 2056 4133 [CoisL
2094 4065 2324 4124 CCXVI.
2369 4068 2532 4126 Taur.
2579 4073 2803 4146 CCVll}.

1515 4200 1591 4254 De
1625 4201 1756 4258 Filii
1785 4207 2465 4270 incarnatione.—inedita.

440 4301 550 4352 tiu:
583 4301 788 4370 Filius,
831 4316 885 4359 et
929 4322 1038 4361 non
1083 4309 1190 4364 alia
1246 4323 1449 4370 sanctae
1492 4317 1778 4377 Trinitatis
1813 4338 1938 4392 per-

2114 4329 2178 4382 Τί
2200 4330 2603 4403 δήποτεόΥἱὸς,
2633 4335 2726 4388 καὶ
2753 4338 2852 4408 οὐχ
2882 4339 3045 4409 ἑτέρα
3064 4341 3162 4409 τῆς
3191 4342 3352 4408 ἁγίας
3379 4345 3622 4413 Τριάδος

374 4405 529 4455 sona,
559 4404 746 4450 nostra
782 4406 971 4452 natura
1001 4411 1303 4472 assumpta,
1345 4405 1664 4467 incarnatus
1701 4413 1829 4468 est?

2042 4419 2360 4489 ὑπόστασις,
2381 4422 2480 4494 τὴν
2500 4426 2773 4497 ἡμετέραν
2793 4428 3080 4483 ἀναλαϐὼν
3105 4432 3391 4505 ὲσαρκὼθη
3411 4432 3580 4502 φύσιν
3597 4455 3616 4505 ;

1660 4585 1894 4645 VARIAS
1929 4592 2104 4650 LECT
2108 4593 2220 4652 1οΝ
2226 4597 2331 4652 ES.

441 4727 462 4765 ’ί
503 4728 538 4783 l.
564 4727 662 4815 ξχῃ
695 4730 749 4815 i‘n
773 4733 1142 4815 subjttnctivo,
1223 4735 1246 4781 ι
1270 4741 1307 4796 l.
1336 4742 1433 4815 ἐπὶ
1457 4744 1526 4798 τὰ
1545 4743 1678 4815 τῶν,
1706 4752 1814 4800 etc.

367 4795 554 4852 rianus
584 4795 798 4868 legebat
821 4795 1075 4871 ἀθεάτου,
1108 4795 1218 4864 non
1240 4795 1401 4868 male.

1923 4759 1962 4786 ω
1983 4751 2394 4828 ὲνηνθρὼπησε.

2476 4769 2501 4796 ﬂ
2531 4761 2569 4814 ι.
2590 4761 2922 4834 ἀπορρίψας.
3021 4771 3047 4799 ⁶
3079 4766 3117 4822 Ι.
3147 4768 3329 4824 αὐτόν.
3407 4782 3435 4822 ν
3456 4773 3611 4830 Tur-

1872 4995 2098 5052 ΝΟΤᾹΞ.

434 5153 796 5247 (7l)'(.)pet:am
834 5161 948 5247 eius
983 5175 1216 5233 aspectu.
1246 5165 1356 5236 Τῆς
1381 5169 1520 5240 ὑπὲρ
1553 5171 1711 5240 λόγον
1769 5173 1930 5247 ἔργον

364 5222 506 5292 ὕψει.
528 5222 717 5281 Ἰιιεδι
747 5246 760 5281 :
813 5247 831 5281 ι
855 5222 1009 5300 Ἐἱιιε
1033 5222 1259 5303 operum
1283 5222 1405 5306 quae
1446 5222 1676 5296 onmem
1726 5222 1930 5300 oratio-

361 5306 783 5369 netn‘superanl
809 5310 1048 5369 aspectu.
1085 5323 1104 5355 ι

432 5361 557 5454 (7‘2):
575 5361 698 5419 Nisi
715 5361 941 5454 ‘forfit'gr
993 5384 1255 5452 certamen
1287 5377 1679 5454 frausugiissel.
1710 5385 1800 5454 Μὴ
1835 5386 1927 5439 δυ..

355 5433 658 5510 νατωτέρου
680 5433 772 5489 τὸν
799 5437 986 5510 ἀγῷνα
1010 5441 1198 5496 τοῦτον
1231 5450 1325 5499 καὶ
1354 5450 1446 5501 τὸν
1471 5446 1630 5507 ἆθλον
1647 5433 1925 5510 ὑποδῦσα-

356 5501 538 5570 μένου.
567 5501 631 5559 ’ω
655 5516 738 5560 est
773 5524 784 5561 :
836 5501 859 5560 ἐ
890 5507 1004 5566 Nisi
1054 5512 1246 5570 fortior
1302 5501 1916 5588 quispi‘iizi"ééiiiiti&.

2028 5179 2131 5234 hoc
2158 5180 2434 5237 snbiisset.
2463 5201 2480 5233 ι

2100 5249 2210 5320 (75)
2238 5248 2370 5305 Tum
2392 5253 2561 5324 etiam
2590 5255 2758 5324 “actio
2797 5270 2890 5324 per
2940 5258 3288 5315 imitationem
3332 5266 3593 5324 virtutum

2024 5319 2240 5409 facilior
2263 5322 2449 5409 εδικΕί
2481 5321 2689 5409 ’βούλει
2722 5319 2940 5408 at'an-
2961 5329 3053 5409 ita}
3096 5330 3310 5409 πολλοῖς
3350 5319 3593 5409 με-ὑχερεξ

2025 5391 2191 5459 στέρα
2215 5429 2310 5472 .4.
2357 5392 2388 5461 ἠ
2419 5392 2505 5472 διὰ
2548 5395 2833 5472 μιμήσεως
2871 5395 2980 5472 τῶν
3023 5399 3233 5472 ἀρετῷν
3262 5391 3586 5472 πρᾶξιξ.’1ιι

2018 5469 2148 5513 est:
2188 5479 2206 5512 ι
2238 5459 2386 5535 Tum
2405 5459 2565 5535 etiam
2615 5459 2849 5535 'si'velis,
2878 5467 3005 5535 quia
3041 5459 3227 5524 multis
3266 5459 3587 5532 hominibus

2017 5529 2160 5583 actio
2216 5545 2310 5598 per
2337 5530 2691 5588 mutationem
2721 5529 2978 5591 virtutum
3027 5535 3240 5594 facilior
3269 5552 3369 5597 est.
3408 5561 3430 5594 ›
