3828 6202
270 262 377 327 1⁵9
916 277 1017 337 AD
1072 278 1664 343 AMPHILOCHIUM
1702 280 2046 354 QUIESTIO
2083 282 2901 347 CLXXXVII-CLXXXVIII.

789 385 1122 442 ΕΡΩΤΗΣΙΣ
1156 392 1336 446 PIIH'.

2113 394 2443 462 QUIESTIO
2481 395 2856 453 CLXXXVIII.
2892 398 3085 471 [σοῖσι.
3116 398 3368 458 CCXVII.

2456 487 2623 542 Taur.
2659 488 2912 563 CCVlIl.]
2947 494 3080 563 (Ἰσί).

1961 573 2141 639 Quare
2171 592 2297 651 cum
2322 577 2630 651 Trinitatem
2660 580 3022 651 homogeueam
3050 598 3161 635 esse
3198 584 3418 651 parique
3454 580 3563 637 Inﬁ-

2033 660 2157 697 nare
2189 646 2298 719 [ζιιὶ
2328 647 2383 699 in
2412 648 2651 714 confesso
2678 649 2747 701 sit
2770 687 2784 710 ,
2819 646 2982 703 Pater
3017 646 3309 719 tamen'per
3335 646 3537 706 Filium

2030 726 2079 767 et
2106 731 2196 783 per
2210 715 2469 821 Spiritum
2492 727 2735 771 sanctum
2758 734 2935 773 creare
2963 715 3338 790 dicaturpnou
3361 738 3537 779 autem

2034 800 2180 821 amren
2208 803 2313 821 Mil“)

2034 800 2180 839 versa
2208 800 2341 841 vice:

790 954 795 959 ,
1368 894 1512 945 Edita
1534 908 1564 944 a
1591 892 1715 944 Maio
1737 892 1884 954 (Nov.
1909 892 2034 945 acu.
2062 901 2099 945 t.
2121 896 2205 958 1x,
2226 910 2275 959 p.
2302 898 2433 962 151).

334 967 408 1022 α’.
462 971 556 1034 Εἰς
588 973 827 1045 ἀπορίαν
880 977 1028 1043 τινές
1076 996 1243 1048 φασιν
1283 981 1461 1045 ένίους
1506 979 1846 1050 ὑπάγεσθαι,

2032 980 2084 1036 I.
2117 982 2297 1038 Audio
2331 984 2625 1039 nonnullos
2666 984 2721 1039 in
2752 985 3109 1055 perplexitate
3140 989 3370 1055 versari,
3406 1006 3536 1044 eur-

256 1059 414 1124 τίνος
451 1063 616 1134 χάριν
645 1068 743 1135 τῆς
775 1067 1083 1138 ὑπεραγίας
1108 1070 1336 1141 Τριάδος
1362 1071 1637 1143 ὅμοφυοῦς
1673 1089 1734 1126 τε
1765 1072 1846 1126 καλ

1960 1088 2107 1137 nam,
2133 1088 2256 1129 cum
2278 1076 2624 1133 sanctissima
2647 1077 2888 1135 Trinitas
2907 1080 3152 1135 eamdem
3177 1082 3538 1136 substantiam

252 1152 321 1204 τὸ
356 1154 605 1226 ἰσότιμον
628 1159 1082 1233 κεκληρωμένης,
1107 1164 1203 1219 καὶ
1228 1163 1465 1234 μάλιστά
1494 1182 1560 1234 γε
1580 1166 1681 1236 τῆς
1706 1165 1846 1231 θείας

1960 1167 2325 1235 eumdemque
2366 1168 2594 1224 honoris
2631 1171 2859 1239 gradum
2912 1172 3104 1226 sortita
3140 1174 3232 1237 sit,
3274 1172 3437 1241 idque
3485 1174 3540 1228 in
3599 1187 3604 1193 '

252 1244 428 1299 τοῦτο
466 1247 864 1322 διατρανούσης
908 1254 1161 1326 Γραφῆς,
1205 1257 1551 1328 Δημιουργὸς
1595 1258 1846 1328 μᾶλλονέ

1960 1256 2151 1326 primis
2196 1258 2482 1327 perspicua
2529 1258 2715 1313 divina
2752 1257 3036 1330 Scriptura
3071 1261 3299 1326 doceat,
3339 1262 3537 1316 nihilo-

258 1336 396 1401 Υἱὸς
423 1328 721 1414 ὑπἀὐτῆς
759 1345 1123 1415 δοξολογείται
1168 1350 1377 1422 ταύτης
1409 1351 1505 1404 καὶ
1534 1350 1846 1422 ἀνακηρύσ·

1960 1350 2145 1404 minus
2178 1351 2398 1405 creandi
2426 1352 2545 1406 laus
2574 1353 2642 1407 ab
2662 1353 2851 1408 eadem
2878 1328 3160 1423 Scriptura
3189 1354 3257 1408 de
3281 1352 3419 1409 Filio
3445 1371 3541 1424 po-

258 1445 420 1482 σεται
452 1430 596 1502 ἥπερ
628 1434 657 1486 6
687 1435 916 1507 Πατήρ;
950 1438 1000 1491 εί
1046 1439 1157 1511 γὰρ
1187 1442 1280 1494 καὶ
1314 1443 1341 1494 6
1380 1442 1571 1512 Πατὴρ
1609 1443 1846 1514 εὑρίσκει

1960 1441 2072 1496 tius
2114 1456 2279 1511 quam
2319 1441 2579 1497 de'Patre
2612 1443 2984 1512 praedicetur?
3027 1460 3152 1498 nam
3190 1446 3289 1500 etsi
3321 1444 3538 1500 Patrem

253 1536 380 1585 ται,
419 1522 540 1575 ἀλλ’
570 1525 664 1578 ἐπὶ
695 1526 899 1595 μᾶλλον
926 1530 955 1582 6
991 1529 1119 1593 Υἱός
1143 1547 1156 1560 ³
1193 1531 1311 1596 πῶς
1344 1532 1401 1586 δὲ
1432 1534 1597 1587 πάλιν
1623 1535 1690 1587 δι’
1723 1533 1846 1587 Υἱοῦ

1960 1549 2178 1603 quoque
2210 1534 2523 1589 Creatorem
2565 1537 2672 1590 dici
2716 1537 3179 1606 deprehendimus
3205 1576 3220 1600 ,
3255 1539 3426 1591 multo
3457 1548 3539 1592 ta-

3432 288 3539 354 910

259 554 370 608 Διὰ
417 558 477 610 τί
516 564 825 637 ὁμοφυοῦς
859 566 956 637 καὶ
1004 568 1278 637 ἰσοτίμου
1306 566 1416 634 τῆς
1453 571 1699 637 Τριάόος
1743 587 1851 636 κη-

326 631 735 715 ρυξτιζμᾷνηςι
754 635 930 715 diter:
950 631 1419 715 Πατὴρμέγετᾰι
1458 631 1557 715 bitt)
1585 631 1690 715 τοῦ
1718 631 1854 715 rgat;

218 752 221 755 λ
333 698 464 822 :21
493 700 739 824 Gtg'toﬁ
778 698 1129 776 Πνεῦματοξ
1161 698 1570 780 δημιουργεῖν,
1599 712 1711 765 οὐκ
1749 710 1853 779 ἐμ-

468 788 528 823 ιν
592 788 653 824 ε;

468 788 528 823 ιν
554 788 653 835 σε;

260 1611 370 1680 μὲν
409 1612 629 1681 λέγεται
659 1618 1014 1690 δημιουργεῖν
1047 1623 1075 1674 6
1110 1624 1321 1695 Πατὴρ,
1359 1625 1460 1677 οὐκ
1496 1626 1735 1695 ἔμπαλιν
1773 1626 1850 1690 δὲ,

253 1704 392 1757 οὒτε
422 1704 513 1759 διὸ.
552 1707 646 1762 τοῦ
689 1710 903 1783 Πατρὸς
937 1714 966 1766 6
1008 1714 1166 1781 Υἱός;
1214 1716 1274 1768 οὐ
1331 1716 1437 1787 μὴν
1481 1716 1595 1772 ἀλλ’
1628 1720 1750 1773 οὐδὲ
1791 1721 1854 1773 τὸ

255 1796 497 1867 Πνεῦμα
543 1799 669 1856 οὔτε
711 1803 802 1857 διὰ
834 1806 929 1860 τοῦ
960 1807 1175 1877 Πατρὸς
1207 1807 1334 1862 οὕτε
1362 1809 1451 1862 διὰ
1482 1811 1576 1865 τοῦ
1605 1811 1775 1880 Υἱοῦ;
1815 1814 1850 1885 ἢ

254 1889 353 1942 διὰ
377 1890 475 1944 τοῦ
500 1894 714 1965 Πατρὸς
742 1895 843 1966 μὲν
866 1896 982 1951 ἐστι
1013 1899 1344 1954 καταλαϐεῖν
1363 1940 1379 1967 ,
1417 1903 1723 1974 παράδοξον
1752 1904 1852 1975 μὲν

260 1978 529 2048 ἀκοῦσαι,
578 1987 773 2057 νοῆσαι
819 1989 876 2051 δὲ
940 1991 1002 2045 οὐ
1056 1993 1387 2066 παράδοξον;
1428 1996 1622 2067 ὅτιπερ
1664 1997 1692 2049 ὅ
1729 2015 1790 2051 τε
1824 1998 1853 2051 6

258 2074 395 2139 Υἱὸς
425 2077 605 2131 καὶτὸ
635 2080 861 2151 Πνεῦμα
891 2085 939 2136 εί
978 2085 1073 2137 καὶ
1105 2086 1184 2158 μὴ
1220 2086 1576 2159 δημιουργεῖ,
1607 2090 1723 2143 ἀλλ’
1758 2091 1853 2146 οὖν

258 2168 349 2235 ἐφ’
380 2169 595 2240 ἑτέροις
625 2172 810 2241 ἔργοις
842 2176 1189 2231 ἀποστέλλων
1214 2181 1377 2233 αὑτὸν
1422 2182 1572 2253 ὅμως
1600 2186 1815 2254 ἐνεργεῖ
1834 2204 1847 2217 ·

258 2262 385 2324 πῶς
414 2261 508 2316 οὖν
535 2266 635 2319 οὐκ
663 2266 849 2333 ἄδοξον
890 2269 951 2322 τὸ
990 2274 1293 2344 παράδοξον
1316 2292 1336 2341 ;
1366 2276 1463 2330 καὶ
1488 2278 1574 2340 τίς
1602 2280 1630 2332 6
1671 2279 1850 2345 δόξαις

259 2353 497 2421 ὑπάγων
541 2357 705 2423 αὐτό;
752 2361 851 2413 οὐκ
876 2362 1056 2426 ἄλλος,
1101 2364 1215 2418 ἀλλ’
1248 2367 1412 2431 αὐτὸς
1458 2372 1486 2422 ὁ
1519 2372 1848 2425 ἀποστελλό-

263 2463 433 2512 μενος
467 2448 692 2518 Πατήρ’
714 2450 861 2521 λέγει
899 2456 1007 2527 γάρ
1036 2460 1101 2528 τῇ
1132 2465 1446 2533 προφητικῇ
1487 2463 1583 2516 τοῦ
1627 2464 1848 2520 Ἦσαῖου

262 2538 550 2607 χρώμενος
578 2546 763 2613 φωνῇ,
802 2564 820 2596 ι
863 2547 1062 2603 Ἀκουέ
1098 2566 1222 2620 μου,
1258 2553 1454 2608 Ἰακὼὸ
1477 2556 1571 2608 καὶ
1608 2557 1847 2629 Ἰσραὴλ,

262 2629 322 2682 ὃν
343 2629 456 2697 ἐγὼ
485 2633 661 2697 καλῶ,
688 2636 798 2705 ἐγὼ
815 2638 947 2703 Θεὸς
968 2642 1206 2712 πρῶτος,
1231 2646 1326 2700 καὶ
1353 2646 1462 2715 ἐγὼ
1487 2649 1626 2718 μετά
1652 2649 1845 2717 ταῦτα,

263 2720 359 2814 καὶ
395 2723 538 2795 πλὴν
569 2727 706 2796 ἐμοῦ
736 2730 869 2795 Θεὸς
902 2735 1004 2787 οὐκ
1033 2735 1171 2790 ἔστι.
1212 2757 1231 2790 ι
1292 2739 1436 2807 Ἐγὼ
1476 2744 1542 2812 τῇ
1572 2743 1715 2814 χειρί
1747 2762 1848 2813 μου

264 2812 609 2882 ὲθεμελίωσα
634 2820 733 2891 τὴν
757 2824 896 2893 γῆν,
927 2828 1022 2879 καὶ
1047 2829 1108 2880 τὸ
1138 2829 1368 2900 Πνεῦμά
1404 2849 1508 2901 μου
1544 2812 1849 2905 ἐστερέωσε

266 2906 356 3002 :6v
377 2908 629 2977 οὐρανόν.
662 2913 803 2984 ὐρα
834 2915 951 2979 πῶς
981 2917 1331 2991 δημιουργῶν
1359 2922 1447 2975 διὰ
1469 2922 1564 2975 τοῦ
1596 2911 1727 2976 Υἱοῦ
1756 2928 1853 2979 καὶ
1879 2941 1923 3002 C

268 2998 590 3069 Πνεῦματος
624 3004 970 3077 δημιουργεῖ.
1018 3011 1159 3078 Ἐγὼ
1196 3014 1330 3066 πᾶσι
1368 3016 1481 3077 τοῖς
1518 3014 1741 3087 ἄστροις
1765 3020 1850 3070 έν-

268 3093 585 3165 ετειλάμην.
618 3098 803 3152 Ταῦτα
844 3100 930 3154 διὰ
984 3102 1078 3155 τοῦ
1132 3104 1419 3176 Προφήτου
1461 3105 1630 3160 εἰπὼν
1669 3110 1698 3162 6
1740 3109 1849 3163 τῶν

267 3186 405 3238 ὅλων
446 3188 616 3255 Θεὸς,
662 3192 758 3244 καὶ
802 3192 889 3248 διὰ
927 3194 1035 3247 τῶν
1077 3196 1381 3265 εἰρημένων
1414 3199 1636 3270 ἐμφανῆ
1680 3217 1849 3254 κατα·

271 3282 476 3349 στήσας
504 3282 728 3349 ἑαυτὸν,
763 3286 953 3356 ὅτιπερ
991 3288 1020 3339 6
1046 3288 1218 3341 ταῦτα
1260 3290 1435 3360 λέγων
1500 3293 1663 3356 αὐτός
1702 3296 1850 3348 ἐστιν

268 3374 297 3422 ὅ
330 3372 555 3443 Πατήρ’
590 3375 685 3428 καὶ
716 3377 827 3448 γὰρ
851 3378 1003 3442 δεξιὰ
1041 3382 1138 3449 μὲν
1166 3382 1333 3434 αὑτοῦ
1368 3384 1395 3435 ὸ
1429 3382 1554 3447 Υἱὸς
1575 3424 1592 3449 ,
1624 3385 1851 3455 Πνεῦμα

268 3462 327 3515 δὲ
363 3464 528 3518 αὑτοῦ
561 3466 624 3519 τὸ
654 3467 877 3538 Πνεῦμα
909 3472 967 3523 τὸ
1000 3470 1175 3538 ἅγιον.
1512 3529 1516 3533 ι

346 3557 411 3627 β’.
441 3559 506 3610 Ὢ
538 3562 801 3630 ῥημάτων
822 3565 1219 3634 κεκρυμμένων
1247 3566 1259 3618 I
1293 3568 1493 3637 μᾶλλον
1524 3570 1580 3623 δὲ
1611 3571 1851 3638 διανοίας

268 3650 373 3703 οὐκ
414 3651 695 3719 ἐμφανοῦς
745 3652 878 3723 μὲν,
930 3655 1369 3729 έμφανιζομένης
1406 3659 1465 3711 δὲ
1524 3662 1713 3732 ῥᾳδίας
1768 3667 1850 3727 εἰς

269 3741 576 3812 κατάληψιν
617 3744 837 3813 ἐπάγει*
870 3763 893 3796 ι
931 3747 1041 3799 Καὶ
1077 3746 1172 3800 νῦν
1214 3747 1417 3818 Κύριος
1442 3752 1730 3806 ἀπέστειλέ
1780 3772 1849 3825 με

267 3835 367 3885 καὶ
394 3833 454 3885 τὸ
486 3833 711 3904 Πνεῦμα
736 3836 931 3890 αὑτοῦ..
961 3855 979 3887 ι
1013 3838 1221 3891 Οὐκοῦν
1251 3839 1311 3891 τὸ
1341 3840 1567 3911 Πνεῦμα
1594 3841 1784 3916 ὥσπερ
1820 3849 1848 3899 6

267 3922 398 3983 Υἱὸς
431 3925 626 3990 έκεῖνο,
669 3924 814 3980 οὕτω
841 3927 937 3981 καὶ
962 3928 1093 3981 αὐτὸ
1132 3930 1657 4004 ὲξαποστελλόμενος
1697 3938 1847 4007 παρά

266 4015 364 4068 τοῦ
392 4017 624 4087 Πατρὸς,
668 4017 763 4073 νῦν
797 4021 1116 4074 ἀποστέλλει
1149 4024 1239 4076 τὸν
1266 4024 1514 4096 Πατέρα·
1555 4023 1679 4081 εἶπε
1714 4029 1843 4098 γὰρ,

272 4127 291 4159 ι
341 4111 446 4163 Καὶ
496 4109 594 4165 νῦν
642 4111 847 4183 Κύριος
903 4115 1217 4173 ἀπέσταλκέ
1254 4133 1322 4185 με
1374 4118 1485 4179 καὶ,
1511 4120 1572 4171 τὸ
1620 4119 1845 4191 Πνεῦμα

265 4204 455 4259 αὑτοῦ.
495 4222 515 4254 ι
546 4204 716 4273 Δῆλον
753 4201 846 4258 οῦν
873 4207 937 4259 ἐκ
967 4207 1169 4260 τούτων
1200 4210 1293 4262 καὶ
1329 4213 1441 4274 τοῖς
1467 4210 1541 4282 μὴ
1575 4211 1696 4265 λίαν
1718 4215 1844 4279 ὀξυ-

1963 1639 2086 1677 men
2120 1624 2293 1693 magis
2318 1623 2539 1679 Filium.
2584 1623 2797 1680 Rursus
2826 1640 3052 1680 curnaln
3090 1642 3186 1695 per
3217 1626 3415 1682 Filium
3450 1629 3538 1682 di-

1960 1723 2116 1767 catur
2154 1728 2342 1768 creare
2375 1714 2558 1778 Pater,
2595 1731 2701 1769 non
2734 1725 2914 1770 autem
2945 1732 2975 1770 e
2998 1718 3277 1772 contrario
3305 1734 3402 1787 per
3432 1719 3539 1773 Pa-

1962 1815 2098 1858 trem
2132 1802 2303 1859 Filius
2330 1821 2345 1869 ;
2401 1820 2576 1876 neque
2608 1806 2734 1859 item
2767 1805 3005 1875 Spiritus
3037 1824 3133 1877 per
3165 1808 3379 1863 Patrem
3424 1810 3539 1864 sive

1961 1912 2057 1966 per
2082 1896 2326 1951 Filium?
2352 1899 2432 1952 An
2463 1914 2557 1967 per
2583 1898 2798 1953 Patrem
2820 1899 3040 1970 quidem
3064 1901 3366 1971 intelligere
3388 1902 3537 1967 licet,

1961 1987 2152 2041 auditu
2184 1988 2386 2041 mirum
2409 2027 2424 2052 ,
2456 1987 2731 2042 intellectu
2784 2004 2893 2042 non
2925 1990 3293 2059 impervium?
3323 1991 3449 2061 quia
3485 2002 3541 2046 et

1959 2078 2131 2135 Filius
2176 2080 2391 2134 etiamsi
2427 2078 2694 2147 Spiritum
2728 2080 2954 2135 minime
2985 2089 3170 2147 creat,
3195 2081 3324 2135 dum
3355 2091 3536 2136 tamen

1960 2173 2026 2227 ad
2049 2174 2155 2227 alia
2185 2188 2353 2243 opera
2379 2174 2526 2228 hunc
2552 2174 2742 2235 mittit,
2774 2174 2937 2228 simul
2969 2182 3251 2243 operatur.
3277 2175 3387 2229 Cur
3411 2190 3539 2244 ergo

1959 2280 2067 2319 non
2107 2277 2191 2321 est
2225 2266 2543 2321 incredibile
2577 2267 2900 2320 miraculum
2939 2266 3087 2321 hoc?
3123 2278 3177 2321 et
3209 2269 3334 2337 quis
3377 2268 3536 2322 [idem

1959 2359 2088 2413 huic
2142 2359 2218 2413 rei
2273 2358 2450 2413 facit?
2482 2376 2642 2413 nemo
2686 2361 3013 2429 quisquam,
3064 2371 3261 2430 prteter
3298 2360 3537 2427 Patrem,

1959 2453 2050 2522 qui
2092 2452 2301 2507 scilicet
2352 2452 2467 2521 ipse
2512 2469 2733 2522 quoque
2788 2454 3045 2509 mittitur.
3101 2454 3192 2507 Ait
3233 2455 3383 2508 enim
3417 2471 3542 2524 pro-

1959 2538 2170 2607 phetica
2189 2553 2349 2594 utens
2375 2540 2528 2595 Isaiae
2550 2557 2679 2596 voce
2705 2561 2718 2596 :
2752 2542 2921 2595 «Audi
2956 2542 3249 2606 me,Jacob
3275 2555 3327 2598 et
3350 2543 3537 2609 Israel,

1957 2646 2119 2700 quem
2159 2647 2259 2701 ego
2294 2632 2507 2701 appello
2540 2649 2554 2685 :
2589 2632 2701 2703 Ego
2743 2632 2887 2687 Deus
2932 2635 3142 2703 primus
3188 2646 3243 2690 et
3292 2652 3393 2705 ego
3436 2653 3534 2689 no-
3566 2630 3595 2657 ί

1958 2724 2217 2779 vissimus
2244 2763 2258 2787 ,
2304 2732 2358 2776 et
2393 2734 2588 2794 praeter
2630 2740 2716 2779 me
2773 2741 2935 2780 nemo
2972 2724 3114 2781 Deus
3158 2737 3241 2782 est
3262 2727 3326 2780 ³⁸.
3362 2747 3380 2778 ι
3427 2728 3539 2797 Ego

1957 2832 2123 2871 manu
2170 2831 2287 2870 mea
2329 2818 2538 2871 telluris
2587 2817 2941 2872 fundamenta
2983 2819 3089 2887 jeci
3118 2859 3133 2881 ,
3192 2818 3540 2889 Spiritusque

1959 2925 2110 2963 meus
2145 2909 2340 2983 coelum
2365 2911 2620 2964 ﬁrmavit.
2659 2909 2849 2964 Viden‘
2879 2920 2937 2965 ut
2961 2926 3181 2975 creans,
3218 2928 3314 2981 per
3337 2912 3536 2968 Filium

1961 3001 2337 3071 Spiritumque
2373 3011 2522 3057 creet
2562 3003 2586 3055 ἲ
2630 3001 2743 3073 Ego
2794 3006 3010 3059 cunctis
3060 3005 3226 3059 astris
3278 3007 3535 3075 praecepi.

1958 3093 2083 3149 llaec
2122 3111 2218 3150 ore
2242 3094 2593 3165 l’rophelze”
2637 3098 2713 3152 ait
2742 3099 2986 3152 omnium
3030 3098 3173 3153 Deus
3200 3139 3215 3164 ,
3249 3116 3417 3170 seque
3452 3100 3537 3155 his

1956 3189 2122 3245 dictis
2152 3190 2437 3245 manifeste
2466 3191 2701 3255 revelat,
2754 3207 2950 3261 nempe
2980 3192 3126 3262 quod
3164 3195 3327 3246 verba
3360 3197 3473 3248 lucc
3504 3210 3535 3247 a

1955 3285 2120 3341 Patre
2145 3283 2400 3339 dicuntur
2431 3300 2445 3336 :
2480 3300 2607 3338 nam
2645 3285 2867 3339 dextera
2897 3285 3015 3354 ejus
3045 3284 3214 3340 Filius
3253 3293 3334 3339 est
3363 3303 3375 3351 ;
3408 3285 3503 3357 Spi

1957 3380 2097 3434 ritus
2123 3394 2250 3434 vero
2288 3379 2426 3448 ejus,
2461 3377 2698 3448 Spiritus
2727 3386 2965 3434 sanctus.

2026 3554 2082 3608 2.
2123 3552 2169 3608 Ο
2218 3553 2379 3609 verba
2414 3552 2693 3607 recondila
2734 3554 2748 3605 !
2802 3552 2911 3606 imo
2954 3553 3139 3622 petius
3180 3568 3377 3609 sensus
3434 3553 3536 3607 mi-

1956 3647 2104 3703 nime
2147 3654 2337 3716 patens
2375 3648 2389 3700 ἰ
2418 3645 2511 3716 qui
2556 3646 2601 3699 si
2633 3656 2811 3699 tamen
2846 3644 3211 3714 explanetur,
3241 3644 3419 3701 facilis
3452 3647 3533 3700 in-

1958 3743 2170 3799 tellectu
2199 3749 2302 3797 est.
2333 3760 2349 3791 ι
2380 3738 2446 3793 Et
2474 3754 2615 3793 nunc
2639 3736 2903 3792 Dominus
2930 3738 3079 3791 misit
3110 3755 3194 3793 me
3224 3749 3277 3793 et
3300 3739 3535 3809 Spiritus

1954 3837 2076 3907 eius
2100 3836 2202 3890 so_,
2246 3833 2387 3902 Ergo
2419 3831 2691 3900 Spiritus,
2716 3831 2883 3884 Sicuti
2935 3830 3081 3882 hunc
3112 3828 3284 3884 Filius
3309 3871 3324 3894 ,
3370 3831 3444 3884 ita
3479 3842 3535 3885 et

1955 3927 2071 3996 ipse
2095 3927 2309 3981 Patrem
2343 3922 2527 3976 mittit.
2557 3919 2693 3973 Nam
2726 3932 2914 3986 reapse
2945 3917 3215 3974 Dominus
3256 3938 3402 3976 nunc
3436 3922 3530 3975 Fi-

1954 4018 2061 4072 lius
2107 4016 2346 4077 dicitur,
2386 4014 2481 4083 qui
2534 4010 2788 4066 similiter
2822 4029 2850 4064 a
2888 4014 3048 4066 Patre
3095 4012 3301 4066 missus
3330 4052 3345 4077 ,
3384 4029 3531 4067 nunc

1954 4109 2123 4164 mittit
2150 4108 2387 4163 Patrem.
2430 4105 2521 4158 Ait
2547 4104 2731 4156 enim:
2768 4122 2786 4155 ι
2823 4106 2887 4158 Et
2919 4119 3066 4160 nunc
3094 4106 3359 4160 Dominus
3383 4106 3530 4159 misit

1953 4218 2041 4256 me
2074 4209 2129 4255 et
2163 4199 2403 4269 Spiritus
2444 4196 2583 4265 ejus.
2612 4214 2629 4246 ι
2668 4194 2747 4248 Ex
2791 4196 2875 4250 his
2920 4197 3087 4265 igitur
3117 4205 3332 4265 conustat
3368 4197 3531 4264 paqu

263 4294 585 4365 δηρκοῦσιν,
639 4296 831 4367 ὅτιπερ
881 4299 915 4367 ή
982 4298 1257 4370 ἀποστολὴ
1302 4300 1425 4353 οὔτε
1472 4302 1565 4355 τὸν
1606 4302 1734 4355 Υῖὸν
1767 4307 1846 4370 εἰς

1960 4298 2115 4353 etiam
2145 4291 2543 4356 obtusioribus,
2576 4304 2751 4359 neque
2784 4290 3046 4343 missione
3067 4289 3268 4344 Filium
3297 4290 3529 4372 deprimi

263 4386 471 4440 ιλάττω
538 4386 766 4454 κατάγει
828 4385 991 4453 φύσιν
1050 4390 1144 4441 καὶ
1189 4389 1385 4459 τιμὴν,
1439 4391 1555 4445 ἀλλ’
1607 4394 1728 4447 οὐδὲ
1782 4398 1845 4449 τὸ

266 4479 490 4548 Πνεῦμα
511 4496 528 4511 ο
566 4479 701 4531 ὅπου
727 4495 791 4546 γε
822 4479 919 4532 κα)⁸
951 4480 1113 4543 αὐτὸς
1136 4483 1164 4534 ό
1194 4482 1385 4554 Πατὴρ
1414 4486 1842 4543 ἀποστέλλεσθαι

264 4571 481 4639 λέγεται
538 4570 672 4641 παρ’
723 4571 1024 4642 ἑκατέρου·
1079 4573 1398 4627 ἀποστέλλει
1456 4579 1485 4629 ὁ
1541 4578 1733 4649 Πατὴρ
1781 4583 1842 4635 τὸ

1944 4391 2009 4445 ad
2042 4389 2312 4443 minorem
2349 4382 2432 4438 vel
2477 4390 2685 4437 naturae
2725 4382 2808 4435 vel
2860 4381 3083 4435 honoris
3128 4382 3357 4449 gradum
3388 4396 3403 4445 ;
3434 4395 3529 4433 ne-

1940 4497 2047 4552 que
2097 4481 2226 4533 item
2273 4477 2581 4547 Spiritum;
2627 4474 2883 4543 queniam
2933 4481 2987 4527 et
3030 4473 3143 4541 ipse
3182 4470 3344 4525 Pater
3384 4472 3525 4539 mitti

1940 4572 2141 4626 dicitur
2175 4570 2243 4622 ab
2291 4577 2547 4635 utroque.
2601 4563 2767 4617 Mittit
2808 4565 2966 4616 Pater
3013 4560 3320 4630 Spiritum;
3360 4560 3528 4613 mittit

265 4664 516 4732 Πνεῦμα,
573 4661 898 4715 ἀποστέλλει
945 4663 1040 4717 καὶ
1084 4666 1112 4717 6
1160 4665 1325 4732 Υἱὸς,
1379 4668 1700 4724 ἀποστέλλει
1751 4676 1841 4727 τὸν

1960 4672 1992 4715 2t
2027 4660 2222 4714 FIIlUS.
2263 4657 2427 4711 Mittit
2470 4654 2670 4708 Filium
2704 4654 2868 4707 etiam
2902 4653 3137 4721 Spiritus
3171 4667 3187 4719 ;
3232 4670 3249 4701 ι
3282 4650 3525 4720 Spiritus

267 4753 389 4807 Υἱὸν
418 4756 514 4816 καὶ
538 4753 600 4806 τὸ
626 4752 873 4822 Πνεῦμα.
907 4771 927 4805 ι
967 4755 1191 4826 Πνεῦμα
1219 4758 1333 4829 γὰρ
1360 4760 1683 4828 Κυρίουὲῇ
1714 4766 1835 4833 ἐμὲ,

280 4841 337 4899 οὗ
371 4847 533 4899 εἵνεκ’
563 4846 747 4916 ἔχρισέ
785 4862 852 4916 με
881 4862 896 4877 ·
952 4848 1411 4916 εὐαγγελίσασθαι
1472 4858 1708 4924 πτωχοῖς
1738 4857 1847 4910 ἀπο

268 4935 493 4990 ἐσταλκέ
527 4953 617 5009 με.
648 4955 669 4988 ι
720 4934 1066 4992 Ἀποστέλλει
1100 4942 1193 4993 καὶ
1224 4939 1315 4993 τὸν
1344 4941 1585 5013 Πατέρα.
1639 4943 1848 5000 Οὔκουν

268 5027 579 5082 ἐλαττοῦται
603 5028 692 5081 διὰ
717 5027 818 5097 τῆς
857 5030 1167 5100 ἀποστολῆς
1194 5030 1257 5084 τὸ
1281 5032 1507 5103 Πνεῦμα
1526 5051 1538 5065 ο
1572 5036 1674 5090 οὐκ
1705 5040 1843 5091 ἀπο-

269 5120 466 5173 στέλλει
497 5121 555 5173 δὲ
591 5119 778 5189 μόνον,
820 5121 955 5174 ἀλλά
989 5123 1083 5175 καὶ
1110 5122 1254 5191 χρίει
1283 5124 1375 5176 τὸν
1406 5124 1558 5180 Υίόν.
1588 5128 1715 5192 Πῶς
1748 5125 1842 5184 οὖν

268 5213 299 5283 ἡ
357 5212 629 5287 ἀποστολὴ
688 5213 1048 5268 καταὸιὸάσει
1105 5217 1168 5267 τὸ
1223 5217 1448 5289 Πνεῦμα
1468 5235 1493 5285 ;,
1542 5220 1606 5274 οὐ
1681 5223 1842 5293 μόνον

1948 4752 2093 4807 enim
2117 4749 2327 4805 Domini
2369 4761 2534 4816 super
2600 4760 2726 4812 me;
2771 4745 3129 4813 quamobrem
3178 4745 3338 4797 unxit
3390 4759 3522 4803 me;

1945 4844 2327 4915 evangelizare
2355 4839 2687 4911 pauperibus
2718 4838 2867 4891 misit
2908 4852 2994 4891 me
3022 4838 3089 4891 ³⁷.
3116 4857 3134 4890 ι
3166 4837 3331 4893 Mittit
3358 4837 3522 4892 etiam

1944 4940 2182 4994 Patrem.
2204 4932 2322 4987 Non
2343 4947 2473 5002 ergo
2492 4930 2838 4986 imminuitur
2856 4929 3116 4984 missione
3137 4931 3396 5000 Spiritus.
3416 4929 3523 4985 Ne-

1944 5045 2050 5095 que
2086 5026 2462 5083 tantummodo
2513 5024 2678 5079 mittit
2710 5064 2725 5088 ,
2770 5022 2862 5077 sed
2912 5024 3078 5077 etiam
3113 5023 3268 5092 ungit
3298 5021 3521 5076 Filium.

1941 5122 2233 5189 Quomodo
2262 5135 2390 5191 ergo
2424 5118 2612 5173 missio
2639 5116 2911 5186 Spiritum
2937 5114 3197 5184 deprimit
3223 5116 3245 5167 ?
3275 5114 3395 5169 Non
3428 5128 3521 5167 so-

1942 5218 2054 5271 tum
2092 5215 2238 5269 enim
2276 5214 2416 5266 hanc
2464 5212 2636 5279 ipsam
2683 5208 2933 5262 retribuit
2962 5206 3199 5277 Spiritus
3235 5205 3390 5268 Filio,
3433 5220 3522 5259 ve-

332 5353 374 5385 “
404 5354 508 5410 Isa.
535 5372 726 5423 mnu,
761 5354 817 5409 2.
894 5355 938 5387 ³⁸
970 5355 1077 5413 Isa.
1108 5372 1235 5424 va,
1266 5358 1353 5412 ιε.
1430 5361 1475 5393 ³⁸
1510 5359 1612 5416 lsa.
1645 5378 1833 5427 XLVIII,

1960 5410 1966 5418 .
2045 5360 2088 5391 "
2124 5359 2227 5412 lsa.
2268 5371 2377 5420 LXI,
2420 5355 2472 5407 l.
2514 5352 2645 5406 Luc.
2688 5368 2761 5416 ιν,
2796 5348 2881 5403 18.

1772 5476 2006 5533 NOTAE-

330 5633 447 5713 (η).
465 5633 731 5704 Pleraque
758 5636 1393 5713 Pitotius__de8ttmpsisse
1427 5655 1488 5713 ex
1516 5642 1654 5713 dubi
1704 5644 1956 5700 monachi
1990 5643 2270 5713 depcrdllo
2304 5652 2468 5709 opere
2502 5639 2577 5693 De
2610 5634 2975 5691 incarnatione
3040 5628 3133 5683 lib.
3176 5624 3240 5679 III
3304 5642 3357 5681 e.
3425 5627 3516 5689 tt),

267 5706 400 5771 quod
434 5705 550 5774 ipse
584 5718 835 5763 recenset
864 5710 917 5763 in
949 5705 1296 5773 bibliotheca,
1328 5710 1463 5766 Cod.
1499 5712 1622 5765 222-2.
