  <div class='ocr_page' id='page_1' title='image "/cluster/home/n/w/nwhite01/storage/ocr_20150623/101 pt.1/mdp.39015061955830/479.png"; bbox 0 0 3826 6206; ppageno 0'>
   <div class='ocr_carea' id='block_1_1' title="bbox 389 248 487 318">
    <p class='ocr_par' dir='ltr' id='par_1_1' title="bbox 389 248 487 318">
     <span class='ocr_line' id='line_1_1' title="bbox 389 248 487 318; baseline -0.051 -1"><span class='ocrx_word' id='word_1_1' title='bbox 389 248 487 318; x_wconf 71' lang='lat'><strong>911</strong></span> 
     </span>
    </p>
   </div>
   <div class='ocr_carea' id='block_1_2' title="bbox 1542 257 2486 320">
    <p class='ocr_par' dir='ltr' id='par_1_2' title="bbox 1542 257 2486 320">
     <span class='ocr_line' id='line_1_2' title="bbox 1542 257 2486 320; baseline 0.001 -1"><span class='ocrx_word' id='word_1_2' title='bbox 1542 257 1805 319; x_wconf 84' lang='lat' dir='ltr'>PHOTII</span> <span class='ocrx_word' id='word_1_3' title='bbox 1837 257 2342 318; x_wconf 62' lang='lat' dir='ltr'><strong>PATRIARCHZE</strong></span> <span class='ocrx_word' id='word_1_4' title='bbox 2378 259 2486 320; x_wconf 74' lang='grc' dir='ltr'><strong>(ΣΡ.</strong></span> 
     </span>
    </p>
   </div>
   <div class='ocr_carea' id='block_1_3' title="bbox 3493 266 3585 332">
    <p class='ocr_par' dir='ltr' id='par_1_3' title="bbox 3493 266 3585 332">
     <span class='ocr_line' id='line_1_3' title="bbox 3493 266 3585 332; baseline 0.022 -3"><span class='ocrx_word' id='word_1_5' title='bbox 3493 266 3585 332; x_wconf 76' lang='grc'><strong>912</strong></span> 
     </span>
    </p>
   </div>
   <div class='ocr_carea' id='block_1_4' title="bbox 385 366 1964 445">
    <p class='ocr_par' dir='ltr' id='par_1_4' title="bbox 385 366 1960 435">
     <span class='ocr_line' id='line_1_4' title="bbox 385 366 1960 435; baseline 0.004 -17"><span class='ocrx_word' id='word_1_6' title='bbox 385 382 509 419; x_wconf 92' lang='lat' dir='ltr'><strong>rum</strong></span> <span class='ocrx_word' id='word_1_7' title='bbox 542 367 704 421; x_wconf 80' lang='lat' dir='ltr'><strong>etiam</strong></span> <span class='ocrx_word' id='word_1_8' title='bbox 733 366 883 422; x_wconf 86' lang='lat' dir='ltr'><strong>addit</strong></span> <span class='ocrx_word' id='word_1_9' title='bbox 913 369 1245 424; x_wconf 76' lang='lat' dir='ltr'><strong>unctionem.</strong></span> <span class='ocrx_word' id='word_1_10' title='bbox 1280 369 1589 425; x_wconf 80' lang='lat' dir='ltr'><strong>Profundus</strong></span> <span class='ocrx_word' id='word_1_11' title='bbox 1613 387 1832 435; x_wconf 87' lang='lat' dir='ltr'><strong>sermo;</strong></span> <span class='ocrx_word' id='word_1_12' title='bbox 1869 372 1960 425; x_wconf 87' lang='lat' dir='ltr'><strong>sed</strong></span> 
     </span>
    </p>
   </div>
   <div class='ocr_carea' id='block_1_5' title="bbox 2070 366 3590 445">
    <p class='ocr_par' dir='ltr' id='par_1_5' title="bbox 2070 371 3590 445">
     <span class='ocr_line' id='line_1_5' title="bbox 2070 371 3590 445; baseline 0.01 -22"><span class='ocrx_word' id='word_1_13' title='bbox 2070 371 2231 424; x_wconf 80' lang='grc' dir='ltr'>αὑτοῦ</span> <span class='ocrx_word' id='word_1_14' title='bbox 2275 371 2482 442; x_wconf 78' lang='grc' dir='ltr'>ταύτην</span> <span class='ocrx_word' id='word_1_15' title='bbox 2542 372 2982 436; x_wconf 83' lang='grc' dir='ltr'>ἀνταποδιδόντος</span> <span class='ocrx_word' id='word_1_16' title='bbox 3024 373 3101 445; x_wconf 81' lang='grc' dir='ltr'>τῷ</span> <span class='ocrx_word' id='word_1_17' title='bbox 3153 375 3296 445; x_wconf 82' lang='grc' dir='ltr'>Υῐῷ,</span> <span class='ocrx_word' id='word_1_18' title='bbox 3344 378 3464 434; x_wconf 84' lang='grc' dir='ltr'><strong>ἀλλά</strong></span> <span class='ocrx_word' id='word_1_19' title='bbox 3512 388 3590 437; x_wconf 80' lang='grc' dir='ltr'>καὶ</span> 
     </span>
    </p>
   </div>
   <div class='ocr_carea' id='block_1_6' title="bbox 389 458 1958 530">
    <p class='ocr_par' dir='ltr' id='par_1_6' title="bbox 389 458 1958 530">
     <span class='ocr_line' id='line_1_6' title="bbox 389 458 1958 530; baseline 0.004 -19"><span class='ocrx_word' id='word_1_20' title='bbox 389 473 500 527; x_wconf 88' lang='lat' dir='ltr'><strong>quo</strong></span> <span class='ocrx_word' id='word_1_21' title='bbox 530 458 872 528; x_wconf 79' lang='lat' dir='ltr'><strong>prol‘undior,</strong></span> <span class='ocrx_word' id='word_1_22' title='bbox 903 475 967 514; x_wconf 92' lang='lat' dir='ltr'><strong>eo</strong></span> <span class='ocrx_word' id='word_1_23' title='bbox 990 462 1163 530; x_wconf 81' lang='lat' dir='ltr'><strong>magis</strong></span> <span class='ocrx_word' id='word_1_24' title='bbox 1187 463 1563 518; x_wconf 63' lang='lat' dir='ltr'><strong>haereticorum</strong></span> <span class='ocrx_word' id='word_1_25' title='bbox 1583 464 1821 519; x_wconf 74' lang='lat' dir='ltr'><strong>obstruit</strong></span> <span class='ocrx_word' id='word_1_26' title='bbox 1841 479 1958 518; x_wconf 91' lang='lat' dir='ltr'><strong>ora.</strong></span> 
     </span>
    </p>
   </div>
   <div class='ocr_carea' id='block_1_7' title="bbox 316 550 1961 622">
    <p class='ocr_par' dir='ltr' id='par_1_7' title="bbox 316 550 1961 622">
     <span class='ocr_line' id='line_1_7' title="bbox 316 550 1961 622; baseline 0.004 -18"><span class='ocrx_word' id='word_1_27' title='bbox 316 550 506 610; x_wconf 56' lang='lat' dir='ltr'><strong>(Huc.</strong></span> <span class='ocrx_word' id='word_1_28' title='bbox 538 551 702 604; x_wconf 90' lang='lat' dir='ltr'><strong>etiam</strong></span> <span class='ocrx_word' id='word_1_29' title='bbox 743 561 979 607; x_wconf 90' lang='lat' dir='ltr'><strong>mentem</strong></span> <span class='ocrx_word' id='word_1_30' title='bbox 1013 554 1232 608; x_wconf 87' lang='lat' dir='ltr'><strong>intende</strong></span> <span class='ocrx_word' id='word_1_31' title='bbox 1262 573 1274 608; x_wconf 91' lang='lat'><strong>:</strong></span> <span class='ocrx_word' id='word_1_32' title='bbox 1309 563 1494 610; x_wconf 88' lang='lat' dir='ltr'><strong>manet</strong></span> <span class='ocrx_word' id='word_1_33' title='bbox 1520 555 1572 608; x_wconf 89' lang='lat' dir='ltr'><strong>in</strong></span> <span class='ocrx_word' id='word_1_34' title='bbox 1607 554 1778 622; x_wconf 83' lang='lat' dir='ltr'><strong>Filio;</strong></span> <span class='ocrx_word' id='word_1_35' title='bbox 1817 560 1961 610; x_wconf 88' lang='lat' dir='ltr'><strong>hunc</strong></span> 
     </span>
    </p>
   </div>
   <div class='ocr_carea' id='block_1_8' title="bbox 387 643 1959 717">
    <p class='ocr_par' dir='ltr' id='par_1_8' title="bbox 387 643 1959 717">
     <span class='ocr_line' id='line_1_8' title="bbox 387 643 1959 717; baseline 0.004 -22"><span class='ocrx_word' id='word_1_36' title='bbox 387 659 416 695; x_wconf 89' lang='lat' dir='ltr'><strong>a</strong></span> <span class='ocrx_word' id='word_1_37' title='bbox 453 643 686 699; x_wconf 78' lang='lat' dir='ltr'><strong>mortuis</strong></span> <span class='ocrx_word' id='word_1_38' title='bbox 713 645 962 700; x_wconf 85' lang='lat' dir='ltr'><strong>suscitat.</strong></span> <span class='ocrx_word' id='word_1_39' title='bbox 1006 644 1152 712; x_wconf 73' lang='lat' dir='ltr'><strong>&quot;me,</strong></span> <span class='ocrx_word' id='word_1_40' title='bbox 1183 648 1427 717; x_wconf 85' lang='lat' dir='ltr'><strong>inquam,</strong></span> <span class='ocrx_word' id='word_1_41' title='bbox 1461 645 1746 703; x_wconf 78' lang='lat' dir='ltr'><strong>nobilioris</strong></span> <span class='ocrx_word' id='word_1_42' title='bbox 1775 660 1842 703; x_wconf 89' lang='lat' dir='ltr'><strong>ue</strong></span> <span class='ocrx_word' id='word_1_43' title='bbox 1890 663 1959 702; x_wconf 91' lang='lat' dir='ltr'><strong>an</strong></span> 
     </span>
    </p>
   </div>
   <div class='ocr_carea' id='block_1_9' title="bbox 388 735 1962 809">
    <p class='ocr_par' dir='ltr' id='par_1_9' title="bbox 388 735 1962 809">
     <span class='ocr_line' id='line_1_9' title="bbox 388 735 1962 809; baseline 0.005 -22"><span class='ocrx_word' id='word_1_44' title='bbox 388 735 675 791; x_wconf 88' lang='lat' dir='ltr'><strong>deterioris</strong></span> <span class='ocrx_word' id='word_1_45' title='bbox 708 737 919 793; x_wconf 90' lang='lat' dir='ltr'><strong>ordinis</strong></span> <span class='ocrx_word' id='word_1_46' title='bbox 966 747 1092 792; x_wconf 90' lang='lat' dir='ltr'><strong>sunt</strong></span> <span class='ocrx_word' id='word_1_47' title='bbox 1138 751 1303 809; x_wconf 86' lang='lat' dir='ltr'><strong>quam</strong></span> <span class='ocrx_word' id='word_1_48' title='bbox 1351 740 1609 794; x_wconf 84' lang='lat' dir='ltr'><strong>mittere?</strong></span> <span class='ocrx_word' id='word_1_49' title='bbox 1643 739 1747 794; x_wconf 84' lang='lat' dir='ltr'><strong>Sed</strong></span> <span class='ocrx_word' id='word_1_50' title='bbox 1785 754 1962 809; x_wconf 82' lang='lat' dir='ltr'><strong>neque</strong></span> 
     </span>
    </p>
   </div>
   <div class='ocr_carea' id='block_1_10' title="bbox 391 825 1962 901">
    <p class='ocr_par' dir='ltr' id='par_1_10' title="bbox 391 825 1962 901">
     <span class='ocr_line' id='line_1_10' title="bbox 391 825 1962 901; baseline 0.004 -22"><span class='ocrx_word' id='word_1_51' title='bbox 391 829 504 880; x_wconf 73' lang='lat' dir='ltr'><strong>inec</strong></span> <span class='ocrx_word' id='word_1_52' title='bbox 539 825 802 895; x_wconf 91' lang='lat' dir='ltr'><strong>Spiritum</strong></span> <span class='ocrx_word' id='word_1_53' title='bbox 832 844 996 899; x_wconf 86' lang='lat' dir='ltr'><strong>supra</strong></span> <span class='ocrx_word' id='word_1_54' title='bbox 1029 829 1226 886; x_wconf 87' lang='lat' dir='ltr'><strong>Filium</strong></span> <span class='ocrx_word' id='word_1_55' title='bbox 1262 830 1537 895; x_wconf 81' lang='lat' dir='ltr'><strong>exaltant;</strong></span> <span class='ocrx_word' id='word_1_56' title='bbox 1563 846 1740 901; x_wconf 88' lang='lat' dir='ltr'><strong>neque</strong></span> <span class='ocrx_word' id='word_1_57' title='bbox 1770 831 1962 886; x_wconf 86' lang='lat' dir='ltr'><strong>missio</strong></span> 
     </span>
    </p>
   </div>
   <div class='ocr_carea' id='block_1_11' title="bbox 389 917 1959 989">
    <p class='ocr_par' dir='ltr' id='par_1_11' title="bbox 389 917 1959 989">
     <span class='ocr_line' id='line_1_11' title="bbox 389 917 1959 989; baseline 0.003 -20"><span class='ocrx_word' id='word_1_58' title='bbox 389 917 456 969; x_wconf 83' lang='lat' dir='ltr'><strong>ab</strong></span> <span class='ocrx_word' id='word_1_59' title='bbox 501 917 812 986; x_wconf 78' lang='lat' dir='ltr'><strong>aequalitate</strong></span> <span class='ocrx_word' id='word_1_60' title='bbox 858 933 984 974; x_wconf 89' lang='lat' dir='ltr'><strong>cum</strong></span> <span class='ocrx_word' id='word_1_61' title='bbox 1020 918 1158 974; x_wconf 87' lang='lat' dir='ltr'><strong>Filio</strong></span> <span class='ocrx_word' id='word_1_62' title='bbox 1190 917 1454 989; x_wconf 89' lang='lat' dir='ltr'><strong>Spiritum</strong></span> <span class='ocrx_word' id='word_1_63' title='bbox 1503 919 1729 975; x_wconf 73' lang='lat' dir='ltr'><strong>missum</strong></span> <span class='ocrx_word' id='word_1_64' title='bbox 1775 920 1959 989; x_wconf 87' lang='lat' dir='ltr'><strong>depri-</strong></span> 
     </span>
    </p>
   </div>
   <div class='ocr_carea' id='block_1_12' title="bbox 388 1007 571 1061">
    <p class='ocr_par' dir='ltr' id='par_1_12' title="bbox 388 1007 571 1061">
     <span class='ocr_line' id='line_1_12' title="bbox 388 1007 571 1061; baseline 0.016 -3"><span class='ocrx_word' id='word_1_65' title='bbox 388 1010 486 1061; x_wconf 89' lang='lat' dir='ltr'><strong>mit</strong></span> <span class='ocrx_word' id='word_1_66' title='bbox 506 1007 571 1060; x_wconf 80' lang='grc'><strong>³⁸.</strong></span> 
     </span>
    </p>
   </div>
   <div class='ocr_carea' id='block_1_13' title="bbox 461 1188 1955 1257">
    <p class='ocr_par' dir='ltr' id='par_1_13' title="bbox 461 1188 1955 1257">
     <span class='ocr_line' id='line_1_13' title="bbox 461 1188 1955 1257; baseline 0.007 -17"><span class='ocrx_word' id='word_1_67' title='bbox 461 1188 514 1240; x_wconf 80' lang='lat'><strong>3.</strong></span> <span class='ocrx_word' id='word_1_68' title='bbox 541 1190 608 1241; x_wconf 85' lang='lat' dir='ltr'><strong>At</strong></span> <span class='ocrx_word' id='word_1_69' title='bbox 641 1189 784 1241; x_wconf 82' lang='lat' dir='ltr'><strong>enim</strong></span> <span class='ocrx_word' id='word_1_70' title='bbox 826 1203 1047 1257; x_wconf 84' lang='lat' dir='ltr'><strong>ungere,</strong></span> <span class='ocrx_word' id='word_1_71' title='bbox 1088 1191 1258 1254; x_wconf 86' lang='lat' dir='ltr'><strong>dices,</strong></span> <span class='ocrx_word' id='word_1_72' title='bbox 1296 1199 1351 1243; x_wconf 89' lang='lat' dir='ltr'><strong>et</strong></span> <span class='ocrx_word' id='word_1_73' title='bbox 1390 1191 1604 1246; x_wconf 84' lang='lat' dir='ltr'><strong>mittere</strong></span> <span class='ocrx_word' id='word_1_74' title='bbox 1631 1202 1684 1247; x_wconf 89' lang='lat' dir='ltr'><strong>et</strong></span> <span class='ocrx_word' id='word_1_75' title='bbox 1714 1196 1955 1250; x_wconf 83' lang='lat' dir='ltr'><strong>exsusci-</strong></span> 
     </span>
    </p>
   </div>
   <div class='ocr_carea' id='block_1_14' title="bbox 393 1283 1963 1357">
    <p class='ocr_par' dir='ltr' id='par_1_14' title="bbox 393 1283 1963 1357">
     <span class='ocr_line' id='line_1_14' title="bbox 393 1283 1963 1357; baseline 0.008 -27"><span class='ocrx_word' id='word_1_76' title='bbox 393 1288 548 1344; x_wconf 87' lang='lat' dir='ltr'><strong>tare,</strong></span> <span class='ocrx_word' id='word_1_77' title='bbox 585 1287 708 1349; x_wconf 86' lang='lat' dir='ltr'><strong>post</strong></span> <span class='ocrx_word' id='word_1_78' title='bbox 739 1294 952 1334; x_wconf 86' lang='lat' dir='ltr'><strong>sacram</strong></span> <span class='ocrx_word' id='word_1_79' title='bbox 1002 1283 1362 1336; x_wconf 65' lang='lat' dir='ltr'><strong>oeconomiam</strong></span> <span class='ocrx_word' id='word_1_80' title='bbox 1419 1284 1963 1357; x_wconf 84' lang='lat' dir='ltr'><strong>incarnatiOuemque</strong></span> 
     </span>
    </p>
   </div>
   <div class='ocr_carea' id='block_1_15' title="bbox 393 1371 1963 1444">
    <p class='ocr_par' dir='ltr' id='par_1_15' title="bbox 393 1371 1963 1444">
     <span class='ocr_line' id='line_1_15' title="bbox 393 1371 1963 1444; baseline 0.008 -20"><span class='ocrx_word' id='word_1_81' title='bbox 393 1373 525 1424; x_wconf 90' lang='lat' dir='ltr'><strong>tiuut</strong></span> <span class='ocrx_word' id='word_1_82' title='bbox 563 1390 576 1425; x_wconf 90' lang='lat'>:</span> <span class='ocrx_word' id='word_1_83' title='bbox 623 1386 745 1440; x_wconf 71' lang='lat' dir='ltr'><strong>quae</strong></span> <span class='ocrx_word' id='word_1_84' title='bbox 789 1371 834 1426; x_wconf 91' lang='lat' dir='ltr'><strong>si</strong></span> <span class='ocrx_word' id='word_1_85' title='bbox 877 1373 1133 1441; x_wconf 73' lang='lat' dir='ltr'><strong>praedicta</strong></span> <span class='ocrx_word' id='word_1_86' title='bbox 1171 1390 1389 1444; x_wconf 89' lang='lat' dir='ltr'><strong>quoque</strong></span> <span class='ocrx_word' id='word_1_87' title='bbox 1421 1375 1672 1442; x_wconf 84' lang='lat' dir='ltr'><strong>fuerunt,</strong></span> <span class='ocrx_word' id='word_1_88' title='bbox 1721 1381 1963 1436; x_wconf 83' lang='lat' dir='ltr'><strong>oraculis</strong></span> 
     </span>
    </p>
   </div>
   <div class='ocr_carea' id='block_1_16' title="bbox 392 1460 1963 1531">
    <p class='ocr_par' dir='ltr' id='par_1_16' title="bbox 392 1460 1963 1531">
     <span class='ocr_line' id='line_1_16' title="bbox 392 1460 1963 1531; baseline 0.009 -24"><span class='ocrx_word' id='word_1_89' title='bbox 392 1461 640 1514; x_wconf 72' lang='lat' dir='ltr'><strong>videlicet</strong></span> <span class='ocrx_word' id='word_1_90' title='bbox 695 1474 781 1515; x_wconf 91' lang='lat' dir='ltr'><strong>res</strong></span> <span class='ocrx_word' id='word_1_91' title='bbox 830 1460 1015 1516; x_wconf 82' lang='lat' dir='ltr'><strong>futura</strong></span> <span class='ocrx_word' id='word_1_92' title='bbox 1060 1461 1540 1531; x_wconf 65' lang='lat' dir='ltr'><strong>praedicabatur&quot;.</strong></span> <span class='ocrx_word' id='word_1_93' title='bbox 1594 1497 1663 1506; x_wconf 90' lang='lat'><strong>--</strong></span> <span class='ocrx_word' id='word_1_94' title='bbox 1699 1466 1963 1521; x_wconf 69' lang='lat' dir='ltr'><strong>Prteclare</strong></span> 
     </span>
    </p>
   </div>
   <div class='ocr_carea' id='block_1_17' title="bbox 391 1553 1963 1626">
    <p class='ocr_par' dir='ltr' id='par_1_17' title="bbox 391 1553 1963 1626">
     <span class='ocr_line' id='line_1_17' title="bbox 391 1553 1963 1626; baseline 0.006 -22"><span class='ocrx_word' id='word_1_95' title='bbox 391 1555 489 1606; x_wconf 77' lang='lat' dir='ltr'><strong>ais.</strong></span> <span class='ocrx_word' id='word_1_96' title='bbox 527 1553 826 1607; x_wconf 73' lang='lat' dir='ltr'><strong>Considera</strong></span> <span class='ocrx_word' id='word_1_97' title='bbox 871 1568 1072 1622; x_wconf 90' lang='lat' dir='ltr'><strong>porro,</strong></span> <span class='ocrx_word' id='word_1_98' title='bbox 1124 1556 1440 1610; x_wconf 89' lang='lat' dir='ltr'><strong>missionem</strong></span> <span class='ocrx_word' id='word_1_99' title='bbox 1479 1572 1693 1626; x_wconf 84' lang='lat' dir='ltr'><strong>quoque</strong></span> <span class='ocrx_word' id='word_1_100' title='bbox 1725 1557 1963 1624; x_wconf 61' lang='grc' dir='ltr'><strong>εμίιῆιυε</strong></span> 
     </span>
    </p>
   </div>
   <div class='ocr_carea' id='block_1_18' title="bbox 392 1641 1962 1719">
    <p class='ocr_par' dir='ltr' id='par_1_18' title="bbox 392 1641 1962 1719">
     <span class='ocr_line' id='line_1_18' title="bbox 392 1641 1962 1719; baseline 0.008 -23"><span class='ocrx_word' id='word_1_101' title='bbox 392 1661 419 1696; x_wconf 88' lang='lat' dir='ltr'><strong>a</strong></span> <span class='ocrx_word' id='word_1_102' title='bbox 440 1641 575 1698; x_wconf 83' lang='lat' dir='ltr'><strong>Filio</strong></span> <span class='ocrx_word' id='word_1_103' title='bbox 597 1659 722 1699; x_wconf 89' lang='lat' dir='ltr'><strong>eum</strong></span> <span class='ocrx_word' id='word_1_104' title='bbox 750 1646 1009 1700; x_wconf 85' lang='lat' dir='ltr'><strong>Servator</strong></span> <span class='ocrx_word' id='word_1_105' title='bbox 1026 1647 1232 1712; x_wconf 85' lang='lat' dir='ltr'><strong>docuit,</strong></span> <span class='ocrx_word' id='word_1_106' title='bbox 1267 1649 1529 1719; x_wconf 88' lang='lat' dir='ltr'><strong>illumque</strong></span> <span class='ocrx_word' id='word_1_107' title='bbox 1556 1666 1586 1705; x_wconf 90' lang='lat' dir='ltr'><strong>a</strong></span> <span class='ocrx_word' id='word_1_108' title='bbox 1615 1651 1771 1705; x_wconf 70' lang='lat' dir='ltr'><strong>Patre</strong></span> <span class='ocrx_word' id='word_1_109' title='bbox 1794 1653 1962 1709; x_wconf 80' lang='lat' dir='ltr'><strong>fuisse</strong></span> 
     </span>
    </p>
   </div>
   <div class='ocr_carea' id='block_1_19' title="bbox 390 1739 1962 1813">
    <p class='ocr_par' dir='ltr' id='par_1_19' title="bbox 390 1739 1962 1813">
     <span class='ocr_line' id='line_1_19' title="bbox 390 1739 1962 1813; baseline 0.006 -22"><span class='ocrx_word' id='word_1_110' title='bbox 390 1739 620 1792; x_wconf 88' lang='lat' dir='ltr'><strong>missum</strong></span> <span class='ocrx_word' id='word_1_111' title='bbox 659 1749 713 1794; x_wconf 91' lang='lat' dir='ltr'><strong>et</strong></span> <span class='ocrx_word' id='word_1_112' title='bbox 762 1741 898 1794; x_wconf 86' lang='lat' dir='ltr'><strong>nihil</strong></span> <span class='ocrx_word' id='word_1_113' title='bbox 942 1757 971 1795; x_wconf 91' lang='lat' dir='ltr'><strong>a</strong></span> <span class='ocrx_word' id='word_1_114' title='bbox 1032 1757 1090 1796; x_wconf 89' lang='lat' dir='ltr'><strong>se</strong></span> <span class='ocrx_word' id='word_1_115' title='bbox 1145 1743 1265 1812; x_wconf 86' lang='lat' dir='ltr'><strong>ipso</strong></span> <span class='ocrx_word' id='word_1_116' title='bbox 1312 1743 1497 1813; x_wconf 86' lang='lat' dir='ltr'><strong>loqui,</strong></span> <span class='ocrx_word' id='word_1_117' title='bbox 1551 1752 1681 1799; x_wconf 91' lang='lat' dir='ltr'><strong>tunc</strong></span> <span class='ocrx_word' id='word_1_118' title='bbox 1745 1745 1962 1800; x_wconf 79' lang='lat' dir='ltr'><strong>missio-</strong></span> 
     </span>
    </p>
   </div>
   <div class='ocr_carea' id='block_1_20' title="bbox 392 1831 1965 1906">
    <p class='ocr_par' dir='ltr' id='par_1_20' title="bbox 392 1831 1965 1906">
     <span class='ocr_line' id='line_1_20' title="bbox 392 1831 1965 1906; baseline 0.005 -22"><span class='ocrx_word' id='word_1_119' title='bbox 392 1848 514 1886; x_wconf 83' lang='lat' dir='ltr'><strong>nem</strong></span> <span class='ocrx_word' id='word_1_120' title='bbox 554 1834 682 1886; x_wconf 83' lang='lat' dir='ltr'><strong>item</strong></span> <span class='ocrx_word' id='word_1_121' title='bbox 715 1831 951 1903; x_wconf 85' lang='lat' dir='ltr'><strong>Spiritus</strong></span> <span class='ocrx_word' id='word_1_122' title='bbox 983 1834 1087 1888; x_wconf 84' lang='lat' dir='ltr'><strong>sibi</strong></span> <span class='ocrx_word' id='word_1_123' title='bbox 1125 1834 1493 1891; x_wconf 82' lang='lat' dir='ltr'><strong>vindicavisse</strong></span> <span class='ocrx_word' id='word_1_124' title='bbox 1527 1854 1540 1890; x_wconf 92' lang='lat'><strong>:</strong></span> <span class='ocrx_word' id='word_1_125' title='bbox 1582 1852 1818 1906; x_wconf 91' lang='lat' dir='ltr'><strong>eumque</strong></span> <span class='ocrx_word' id='word_1_126' title='bbox 1851 1838 1965 1906; x_wconf 85' lang='lat' dir='ltr'><strong>ipse</strong></span> 
     </span>
    </p>
   </div>
   <div class='ocr_carea' id='block_1_21' title="bbox 393 1925 1964 1997">
    <p class='ocr_par' dir='ltr' id='par_1_21' title="bbox 393 1925 1964 1997">
     <span class='ocr_line' id='line_1_21' title="bbox 393 1925 1964 1997; baseline 0.004 -18"><span class='ocrx_word' id='word_1_127' title='bbox 393 1925 597 1983; x_wconf 88' lang='lat' dir='ltr'><strong>missus</strong></span> <span class='ocrx_word' id='word_1_128' title='bbox 620 1934 722 1990; x_wconf 90' lang='lat' dir='ltr'><strong>est,</strong></span> <span class='ocrx_word' id='word_1_129' title='bbox 758 1935 887 1980; x_wconf 91' lang='lat' dir='ltr'><strong>tune</strong></span> <span class='ocrx_word' id='word_1_130' title='bbox 919 1927 1168 1981; x_wconf 87' lang='lat' dir='ltr'><strong>mittendi</strong></span> <span class='ocrx_word' id='word_1_131' title='bbox 1209 1943 1428 1997; x_wconf 89' lang='lat' dir='ltr'><strong>quoque</strong></span> <span class='ocrx_word' id='word_1_132' title='bbox 1458 1927 1768 1983; x_wconf 78' lang='lat' dir='ltr'><strong>facultatem</strong></span> <span class='ocrx_word' id='word_1_133' title='bbox 1805 1945 1964 1986; x_wconf 80' lang='lat' dir='ltr'><strong>accc--</strong></span> 
     </span>
    </p>
   </div>
   <div class='ocr_carea' id='block_1_22' title="bbox 394 2017 1963 2082">
    <p class='ocr_par' dir='ltr' id='par_1_22' title="bbox 394 2017 1963 2082">
     <span class='ocr_line' id='line_1_22' title="bbox 394 2017 1963 2082; baseline 0.006 -15"><span class='ocrx_word' id='word_1_134' title='bbox 394 2017 556 2082; x_wconf 80' lang='lat' dir='ltr'><strong>pisse.</strong></span> <span class='ocrx_word' id='word_1_135' title='bbox 591 2017 778 2071; x_wconf 84' lang='lat' dir='ltr'><strong>Viden&#39;</strong></span> <span class='ocrx_word' id='word_1_136' title='bbox 810 2029 868 2073; x_wconf 91' lang='lat' dir='ltr'><strong>ut</strong></span> <span class='ocrx_word' id='word_1_137' title='bbox 897 2019 1009 2072; x_wconf 61' lang='lat' dir='ltr'><strong>haec</strong></span> <span class='ocrx_word' id='word_1_138' title='bbox 1033 2019 1214 2072; x_wconf 83' lang='lat' dir='ltr'><strong>omnia</strong></span> <span class='ocrx_word' id='word_1_139' title='bbox 1250 2035 1417 2074; x_wconf 66' lang='lat' dir='ltr'><strong>sacrae</strong></span> <span class='ocrx_word' id='word_1_140' title='bbox 1451 2021 1768 2076; x_wconf 64' lang='lat' dir='ltr'><strong>oeconomia:</strong></span> <span class='ocrx_word' id='word_1_141' title='bbox 1803 2022 1963 2077; x_wconf 82' lang='lat' dir='ltr'><strong>verba</strong></span> 
     </span>
    </p>
   </div>
   <div class='ocr_carea' id='block_1_23' title="bbox 391 2109 1966 2183">
    <p class='ocr_par' dir='ltr' id='par_1_23' title="bbox 391 2109 1966 2183">
     <span class='ocr_line' id='line_1_23' title="bbox 391 2109 1966 2183; baseline 0.006 -23"><span class='ocrx_word' id='word_1_142' title='bbox 391 2110 518 2171; x_wconf 79' lang='lat' dir='ltr'><strong>sint,</strong></span> <span class='ocrx_word' id='word_1_143' title='bbox 545 2124 650 2161; x_wconf 91' lang='lat' dir='ltr'><strong>non</strong></span> <span class='ocrx_word' id='word_1_144' title='bbox 675 2109 1009 2164; x_wconf 84' lang='lat' dir='ltr'><strong>auctoritas?</strong></span> <span class='ocrx_word' id='word_1_145' title='bbox 1037 2111 1230 2179; x_wconf 78' lang='lat' dir='ltr'><strong>Specta</strong></span> <span class='ocrx_word' id='word_1_146' title='bbox 1265 2113 1428 2183; x_wconf 77' lang='lat' dir='ltr'><strong>igitur</strong></span> <span class='ocrx_word' id='word_1_147' title='bbox 1462 2112 1607 2181; x_wconf 85' lang='lat' dir='ltr'><strong>quod</strong></span> <span class='ocrx_word' id='word_1_148' title='bbox 1645 2115 1966 2170; x_wconf 73' lang='lat' dir='ltr'><strong>oeconomiae</strong></span> 
     </span>
    </p>
   </div>
   <div class='ocr_carea' id='block_1_24' title="bbox 392 2201 1961 2270">
    <p class='ocr_par' dir='ltr' id='par_1_24' title="bbox 392 2201 1961 2270">
     <span class='ocr_line' id='line_1_24' title="bbox 392 2201 1961 2270; baseline 0.007 -20"><span class='ocrx_word' id='word_1_149' title='bbox 392 2208 492 2264; x_wconf 78' lang='lat' dir='ltr'><strong>est,</strong></span> <span class='ocrx_word' id='word_1_150' title='bbox 515 2209 678 2270; x_wconf 87' lang='lat' dir='ltr'><strong>atque</strong></span> <span class='ocrx_word' id='word_1_151' title='bbox 700 2201 768 2255; x_wconf 88' lang='lat' dir='ltr'><strong>ab</strong></span> <span class='ocrx_word' id='word_1_152' title='bbox 790 2215 854 2255; x_wconf 91' lang='lat' dir='ltr'><strong>eo</strong></span> <span class='ocrx_word' id='word_1_153' title='bbox 878 2202 1144 2270; x_wconf 78' lang='lat' dir='ltr'><strong>quidquid</strong></span> <span class='ocrx_word' id='word_1_154' title='bbox 1168 2214 1246 2258; x_wconf 90' lang='lat' dir='ltr'><strong>est</strong></span> <span class='ocrx_word' id='word_1_155' title='bbox 1298 2205 1660 2267; x_wconf 86' lang='lat' dir='ltr'><strong>auct0ritatis,</strong></span> <span class='ocrx_word' id='word_1_156' title='bbox 1691 2206 1961 2261; x_wconf 88' lang='lat' dir='ltr'><strong>discerne.</strong></span> 
     </span>
    </p>
   </div>
   <div class='ocr_carea' id='block_1_25' title="bbox 395 2289 1962 2353">
    <p class='ocr_par' dir='ltr' id='par_1_25' title="bbox 395 2289 1962 2353">
     <span class='ocr_line' id='line_1_25' title="bbox 395 2289 1962 2353; baseline 0.006 -11"><span class='ocrx_word' id='word_1_157' title='bbox 395 2289 584 2346; x_wconf 81' lang='lat' dir='ltr'><strong>Missio</strong></span> <span class='ocrx_word' id='word_1_158' title='bbox 649 2308 757 2346; x_wconf 89' lang='lat' dir='ltr'><strong>non</strong></span> <span class='ocrx_word' id='word_1_159' title='bbox 825 2292 1062 2348; x_wconf 83' lang='lat' dir='ltr'><strong>destruit</strong></span> <span class='ocrx_word' id='word_1_160' title='bbox 1113 2296 1778 2352; x_wconf 86' lang='lat' dir='ltr'><strong>consubstantialitatem:</strong></span> <span class='ocrx_word' id='word_1_161' title='bbox 1829 2299 1962 2353; x_wconf 88' lang='lat' dir='ltr'><strong>sub-</strong></span> 
     </span>
    </p>
   </div>
   <div class='ocr_carea' id='block_1_26' title="bbox 394 2384 1960 2456">
    <p class='ocr_par' dir='ltr' id='par_1_26' title="bbox 394 2384 1960 2456">
     <span class='ocr_line' id='line_1_26' title="bbox 394 2384 1960 2456; baseline 0.006 -20"><span class='ocrx_word' id='word_1_162' title='bbox 394 2385 558 2437; x_wconf 84' lang='lat' dir='ltr'><strong>stauti</strong></span> <span class='ocrx_word' id='word_1_163' title='bbox 626 2384 960 2456; x_wconf 85' lang='lat' dir='ltr'><strong>homogenea</strong></span> <span class='ocrx_word' id='word_1_164' title='bbox 1038 2402 1145 2440; x_wconf 91' lang='lat' dir='ltr'><strong>non</strong></span> <span class='ocrx_word' id='word_1_165' title='bbox 1224 2387 1389 2440; x_wconf 88' lang='lat' dir='ltr'><strong>trahit</strong></span> <span class='ocrx_word' id='word_1_166' title='bbox 1450 2387 1515 2440; x_wconf 89' lang='lat' dir='ltr'><strong>ad</strong></span> <span class='ocrx_word' id='word_1_167' title='bbox 1577 2387 1960 2445; x_wconf 72' lang='lat' dir='ltr'><strong>differentiam.</strong></span> 
     </span>
    </p>
   </div>
   <div class='ocr_carea' id='block_1_27' title="bbox 391 2474 1965 2550">
    <p class='ocr_par' dir='ltr' id='par_1_27' title="bbox 391 2474 1965 2550">
     <span class='ocr_line' id='line_1_27' title="bbox 391 2474 1965 2550; baseline 0.007 -23"><span class='ocrx_word' id='word_1_168' title='bbox 391 2474 526 2527; x_wconf 89' lang='lat' dir='ltr'><strong>Cum</strong></span> <span class='ocrx_word' id='word_1_169' title='bbox 569 2479 735 2530; x_wconf 71' lang='lat' dir='ltr'><strong>exivit</strong></span> <span class='ocrx_word' id='word_1_170' title='bbox 775 2493 801 2530; x_wconf 90' lang='lat' dir='ltr'><strong>a</strong></span> <span class='ocrx_word' id='word_1_171' title='bbox 839 2476 997 2533; x_wconf 86' lang='lat' dir='ltr'><strong>Patre</strong></span> <span class='ocrx_word' id='word_1_172' title='bbox 1029 2482 1286 2550; x_wconf 85' lang='lat' dir='ltr'><strong>venitque</strong></span> <span class='ocrx_word' id='word_1_173' title='bbox 1347 2480 1540 2543; x_wconf 80' lang='lat' dir='ltr'><strong>Filius,</strong></span> <span class='ocrx_word' id='word_1_174' title='bbox 1615 2489 1744 2538; x_wconf 86' lang='lat' dir='ltr'><strong>tunc</strong></span> <span class='ocrx_word' id='word_1_175' title='bbox 1799 2483 1965 2538; x_wconf 80' lang='lat' dir='ltr'><strong>mittit</strong></span> 
     </span>
    </p>
   </div>
   <div class='ocr_carea' id='block_1_28' title="bbox 389 2565 1960 2646">
    <p class='ocr_par' dir='ltr' id='par_1_28' title="bbox 389 2565 1960 2646">
     <span class='ocr_line' id='line_1_28' title="bbox 389 2565 1960 2646; baseline 0.007 -27"><span class='ocrx_word' id='word_1_176' title='bbox 389 2577 441 2619; x_wconf 83' lang='lat' dir='ltr'><strong>et</strong></span> <span class='ocrx_word' id='word_1_177' title='bbox 473 2565 758 2636; x_wconf 89' lang='lat' dir='ltr'><strong>Spiritum.</strong></span> <span class='ocrx_word' id='word_1_178' title='bbox 793 2569 978 2639; x_wconf 85' lang='lat' dir='ltr'><strong>Neque</strong></span> <span class='ocrx_word' id='word_1_179' title='bbox 1007 2572 1059 2624; x_wconf 96' lang='lat' dir='ltr'><strong>in</strong></span> <span class='ocrx_word' id='word_1_180' title='bbox 1085 2573 1229 2626; x_wconf 80' lang='lat' dir='ltr'><strong>exitu</strong></span> <span class='ocrx_word' id='word_1_181' title='bbox 1268 2571 1325 2626; x_wconf 80' lang='lat' dir='ltr'><strong>fit</strong></span> <span class='ocrx_word' id='word_1_182' title='bbox 1355 2573 1662 2638; x_wconf 83' lang='lat' dir='ltr'><strong>distractio,</strong></span> <span class='ocrx_word' id='word_1_183' title='bbox 1698 2590 1874 2646; x_wconf 87' lang='lat' dir='ltr'><strong>neque</strong></span> <span class='ocrx_word' id='word_1_184' title='bbox 1900 2577 1960 2630; x_wconf 89' lang='lat' dir='ltr'><strong>in</strong></span> 
     </span>
    </p>
   </div>
   <div class='ocr_carea' id='block_1_29' title="bbox 392 2657 1963 2737">
    <p class='ocr_par' dir='ltr' id='par_1_29' title="bbox 392 2657 1963 2737">
     <span class='ocr_line' id='line_1_29' title="bbox 392 2657 1963 2737; baseline 0.008 -29"><span class='ocrx_word' id='word_1_185' title='bbox 392 2657 652 2713; x_wconf 90' lang='lat' dir='ltr'><strong>missione</strong></span> <span class='ocrx_word' id='word_1_186' title='bbox 694 2661 988 2727; x_wconf 87' lang='lat' dir='ltr'><strong>separatio.</strong></span> <span class='ocrx_word' id='word_1_187' title='bbox 1067 2658 1247 2716; x_wconf 72' lang='lat' dir='ltr'><strong>Exivit</strong></span> <span class='ocrx_word' id='word_1_188' title='bbox 1292 2679 1556 2730; x_wconf 84' lang='lat' dir='ltr'><strong>manens,</strong></span> <span class='ocrx_word' id='word_1_189' title='bbox 1591 2667 1850 2737; x_wconf 85' lang='lat' dir='ltr'><strong>misitque</strong></span> <span class='ocrx_word' id='word_1_190' title='bbox 1879 2683 1963 2721; x_wconf 89' lang='lat' dir='ltr'><strong>re-</strong></span> 
     </span>
    </p>
   </div>
   <div class='ocr_carea' id='block_1_30' title="bbox 390 2749 1960 2826">
    <p class='ocr_par' dir='ltr' id='par_1_30' title="bbox 390 2749 1960 2826">
     <span class='ocr_line' id='line_1_30' title="bbox 390 2749 1960 2826; baseline 0.006 -23"><span class='ocrx_word' id='word_1_191' title='bbox 390 2749 571 2804; x_wconf 85' lang='lat' dir='ltr'><strong>tinens</strong></span> <span class='ocrx_word' id='word_1_192' title='bbox 613 2751 755 2819; x_wconf 88' lang='lat' dir='ltr'><strong>apltd</strong></span> <span class='ocrx_word' id='word_1_193' title='bbox 805 2769 882 2806; x_wconf 91' lang='lat' dir='ltr'><strong>se.</strong></span> <span class='ocrx_word' id='word_1_194' title='bbox 932 2753 1170 2808; x_wconf 85' lang='lat' dir='ltr'><strong>Suscitat</strong></span> <span class='ocrx_word' id='word_1_195' title='bbox 1213 2755 1490 2810; x_wconf 83' lang='lat' dir='ltr'><strong>Chrismm</strong></span> <span class='ocrx_word' id='word_1_196' title='bbox 1541 2755 1814 2826; x_wconf 66' lang='lat' dir='ltr'><strong>Spiritus;</strong></span> <span class='ocrx_word' id='word_1_197' title='bbox 1854 2775 1960 2813; x_wconf 88' lang='lat' dir='ltr'><strong>nott</strong></span> 
     </span>
    </p>
   </div>
   <div class='ocr_carea' id='block_1_31' title="bbox 390 2839 1959 2912">
    <p class='ocr_par' dir='ltr' id='par_1_31' title="bbox 390 2839 1959 2912">
     <span class='ocr_line' id='line_1_31' title="bbox 390 2839 1959 2912; baseline 0.007 -20"><span class='ocrx_word' id='word_1_198' title='bbox 390 2839 533 2908; x_wconf 76' lang='lat' dir='ltr'><strong>quod</strong></span> <span class='ocrx_word' id='word_1_199' title='bbox 573 2841 842 2895; x_wconf 78' lang='lat' dir='ltr'><strong>infirmior</strong></span> <span class='ocrx_word' id='word_1_200' title='bbox 886 2843 937 2896; x_wconf 93' lang='lat' dir='ltr'><strong>in</strong></span> <span class='ocrx_word' id='word_1_201' title='bbox 972 2845 1063 2897; x_wconf 92' lang='lat' dir='ltr'><strong>illo</strong></span> <span class='ocrx_word' id='word_1_202' title='bbox 1111 2845 1368 2899; x_wconf 77' lang='lat' dir='ltr'><strong>divinitas</strong></span> <span class='ocrx_word' id='word_1_203' title='bbox 1400 2856 1577 2912; x_wconf 83' lang='lat' dir='ltr'><strong>esset,</strong></span> <span class='ocrx_word' id='word_1_204' title='bbox 1615 2849 1707 2902; x_wconf 87' lang='lat' dir='ltr'><strong>sed</strong></span> <span class='ocrx_word' id='word_1_205' title='bbox 1745 2865 1812 2902; x_wconf 91' lang='lat' dir='ltr'><strong>ne</strong></span> <span class='ocrx_word' id='word_1_206' title='bbox 1851 2851 1959 2903; x_wconf 80' lang='lat' dir='ltr'><strong>vim</strong></span> 
     </span>
    </p>
   </div>
   <div class='ocr_carea' id='block_1_32' title="bbox 392 2931 1958 3010">
    <p class='ocr_par' dir='ltr' id='par_1_32' title="bbox 392 2931 1958 3010">
     <span class='ocr_line' id='line_1_32' title="bbox 392 2931 1958 3010; baseline 0.009 -28"><span class='ocrx_word' id='word_1_207' title='bbox 392 2931 621 2985; x_wconf 75' lang='lat' dir='ltr'><strong>activam</strong></span> <span class='ocrx_word' id='word_1_208' title='bbox 659 2932 896 3001; x_wconf 88' lang='lat' dir='ltr'><strong>Spiritus</strong></span> <span class='ocrx_word' id='word_1_209' title='bbox 928 2948 958 2987; x_wconf 88' lang='lat' dir='ltr'><strong>a</strong></span> <span class='ocrx_word' id='word_1_210' title='bbox 988 2935 1271 2990; x_wconf 85' lang='lat' dir='ltr'><strong>divinitate</strong></span> <span class='ocrx_word' id='word_1_211' title='bbox 1293 2936 1413 2992; x_wconf 82' lang='lat' dir='ltr'><strong>Filii</strong></span> <span class='ocrx_word' id='word_1_212' title='bbox 1449 2939 1683 2992; x_wconf 85' lang='lat' dir='ltr'><strong>alienam</strong></span> <span class='ocrx_word' id='word_1_213' title='bbox 1719 2950 1958 3010; x_wconf 86' lang='lat' dir='ltr'><strong>putares.</strong></span> 
     </span>
    </p>
   </div>
   <div class='ocr_carea' id='block_1_33' title="bbox 2065 459 3590 531">
    <p class='ocr_par' dir='ltr' id='par_1_33' title="bbox 2065 459 3590 531">
     <span class='ocr_line' id='line_1_33' title="bbox 2065 459 3590 531; baseline 0.006 -20"><span class='ocrx_word' id='word_1_214' title='bbox 2065 459 2448 529; x_wconf 66' lang='grc' dir='ltr'><strong>προστιθέντος</strong></span> <span class='ocrx_word' id='word_1_215' title='bbox 2479 460 2558 529; x_wconf 87' lang='grc' dir='ltr'><strong>τῷ</strong></span> <span class='ocrx_word' id='word_1_216' title='bbox 2603 461 2903 530; x_wconf 82' lang='grc' dir='ltr'>χρίσματι·</span> <span class='ocrx_word' id='word_1_217' title='bbox 2936 461 3101 531; x_wconf 75' lang='grc' dir='ltr'>βαθὺς</span> <span class='ocrx_word' id='word_1_218' title='bbox 3139 464 3166 515; x_wconf 91' lang='grc' dir='ltr'><strong>ό</strong></span> <span class='ocrx_word' id='word_1_219' title='bbox 3193 462 3363 531; x_wconf 80' lang='grc' dir='ltr'>λόγος,</span> <span class='ocrx_word' id='word_1_220' title='bbox 3391 467 3490 518; x_wconf 82' lang='grc' dir='ltr'>ἀλλ’</span> <span class='ocrx_word' id='word_1_221' title='bbox 3525 471 3590 530; x_wconf 76' lang='grc' dir='ltr'>εἰς</span> 
     </span>
    </p>
   </div>
   <div class='ocr_carea' id='block_1_34' title="bbox 2067 552 3595 628">
    <p class='ocr_par' dir='ltr' id='par_1_34' title="bbox 2067 552 3595 628">
     <span class='ocr_line' id='line_1_34' title="bbox 2067 552 3595 628; baseline 0.004 -22"><span class='ocrx_word' id='word_1_222' title='bbox 2067 553 2191 606; x_wconf 75' lang='grc' dir='ltr'>ὅσον</span> <span class='ocrx_word' id='word_1_223' title='bbox 2238 553 2364 622; x_wconf 77' lang='grc' dir='ltr'>ἥκει</span> <span class='ocrx_word' id='word_1_224' title='bbox 2425 552 2624 620; x_wconf 87' lang='grc' dir='ltr'>βάθους</span> <span class='ocrx_word' id='word_1_225' title='bbox 2681 554 2750 606; x_wconf 74' lang='grc' dir='ltr'>τὰ</span> <span class='ocrx_word' id='word_1_226' title='bbox 2801 553 2908 607; x_wconf 81' lang='grc' dir='ltr'>τῶν</span> <span class='ocrx_word' id='word_1_227' title='bbox 2966 555 3256 623; x_wconf 79' lang='grc' dir='ltr'>αἰρετικῶν</span> <span class='ocrx_word' id='word_1_228' title='bbox 3297 559 3595 628; x_wconf 75' lang='grc' dir='ltr'>ἀποφράττει</span> 
     </span>
    </p>
   </div>
   <div class='ocr_carea' id='block_1_35' title="bbox 2066 645 3597 713">
    <p class='ocr_par' dir='ltr' id='par_1_35' title="bbox 2066 645 3597 713">
     <span class='ocr_line' id='line_1_35' title="bbox 2066 645 3597 713; baseline 0.004 -17"><span class='ocrx_word' id='word_1_229' title='bbox 2066 645 2332 713; x_wconf 83' lang='grc' dir='ltr'>στόματα.</span> <span class='ocrx_word' id='word_1_230' title='bbox 2390 646 2712 699; x_wconf 84' lang='grc' dir='ltr'>Ἐπισκόπει</span> <span class='ocrx_word' id='word_1_231' title='bbox 2759 646 2816 700; x_wconf 83' lang='grc' dir='ltr'><strong>δὲ</strong></span> <span class='ocrx_word' id='word_1_232' title='bbox 2862 648 2956 701; x_wconf 74' lang='grc' dir='ltr'><strong>καὶ</strong></span> <span class='ocrx_word' id='word_1_233' title='bbox 2998 649 3177 703; x_wconf 88' lang='grc' dir='ltr'>τοῦτο.</span> <span class='ocrx_word' id='word_1_234' title='bbox 3223 649 3342 702; x_wconf 83' lang='grc' dir='ltr'><strong>Ἐπὶ</strong></span> <span class='ocrx_word' id='word_1_235' title='bbox 3371 650 3453 704; x_wconf 70' lang='grc' dir='ltr'>τὸν</span> <span class='ocrx_word' id='word_1_236' title='bbox 3487 652 3597 703; x_wconf 66' lang='grc' dir='ltr'>Υίλν</span> 
     </span>
    </p>
   </div>
   <div class='ocr_carea' id='block_1_36' title="bbox 2067 731 3599 808">
    <p class='ocr_par' dir='ltr' id='par_1_36' title="bbox 2067 731 3599 808">
     <span class='ocr_line' id='line_1_36' title="bbox 2067 731 3599 808; baseline 0.006 -24"><span class='ocrx_word' id='word_1_237' title='bbox 2067 731 2254 803; x_wconf 77' lang='grc' dir='ltr'>μένει·</span> <span class='ocrx_word' id='word_1_238' title='bbox 2299 733 2504 804; x_wconf 81' lang='grc' dir='ltr'>ἐγείρει</span> <span class='ocrx_word' id='word_1_239' title='bbox 2532 734 2694 788; x_wconf 80' lang='grc' dir='ltr'>αὐτὸν</span> <span class='ocrx_word' id='word_1_240' title='bbox 2733 735 2842 789; x_wconf 71' lang='grc' dir='ltr'><strong>ἀπὸ</strong></span> <span class='ocrx_word' id='word_1_241' title='bbox 2871 736 2982 789; x_wconf 86' lang='grc' dir='ltr'>τῶν</span> <span class='ocrx_word' id='word_1_242' title='bbox 3023 737 3253 808; x_wconf 81' lang='grc' dir='ltr'><strong>νεκρῶν.</strong></span> <span class='ocrx_word' id='word_1_243' title='bbox 3292 731 3430 807; x_wconf 68' lang='grc' dir='ltr'><strong>Ἆρα</strong></span> <span class='ocrx_word' id='word_1_244' title='bbox 3453 739 3599 793; x_wconf 79' lang='grc' dir='ltr'>ταῦτα</span> 
     </span>
    </p>
   </div>
   <div class='ocr_carea' id='block_1_37' title="bbox 2062 824 3601 898">
    <p class='ocr_par' dir='ltr' id='par_1_37' title="bbox 2062 824 3601 898">
     <span class='ocr_line' id='line_1_37' title="bbox 2062 824 3601 898; baseline 0.003 -21"><span class='ocrx_word' id='word_1_245' title='bbox 2062 824 2321 896; x_wconf 76' lang='grc' dir='ltr'><strong>δευτέραν</strong></span> <span class='ocrx_word' id='word_1_246' title='bbox 2346 825 2458 878; x_wconf 85' lang='grc' dir='ltr'>ἀλλ’</span> <span class='ocrx_word' id='word_1_247' title='bbox 2478 826 2598 896; x_wconf 77' lang='grc' dir='ltr'>οὐχὶ</span> <span class='ocrx_word' id='word_1_248' title='bbox 2624 827 2721 897; x_wconf 80' lang='grc' dir='ltr'><strong>τὴν</strong></span> <span class='ocrx_word' id='word_1_249' title='bbox 2744 827 2970 898; x_wconf 84' lang='grc' dir='ltr'>πρώτην</span> <span class='ocrx_word' id='word_1_250' title='bbox 2989 829 3095 898; x_wconf 78' lang='grc' dir='ltr'><strong>ἢτὺ</strong></span> <span class='ocrx_word' id='word_1_251' title='bbox 3121 829 3460 881; x_wconf 75' lang='grc' dir='ltr'><strong>ἀποστέλλειν</strong></span> <span class='ocrx_word' id='word_1_252' title='bbox 3474 831 3601 895; x_wconf 77' lang='grc' dir='ltr'>τάξιν</span> 
     </span>
    </p>
   </div>
   <div class='ocr_carea' id='block_1_38' title="bbox 2063 916 3602 988">
    <p class='ocr_par' dir='ltr' id='par_1_38' title="bbox 2063 916 3602 988">
     <span class='ocr_line' id='line_1_38' title="bbox 2063 916 3602 988; baseline 0.004 -19"><span class='ocrx_word' id='word_1_253' title='bbox 2063 916 2424 988; x_wconf 82' lang='grc' dir='ltr'>κατείληφεν;</span> <span class='ocrx_word' id='word_1_254' title='bbox 2473 917 2612 970; x_wconf 77' lang='grc' dir='ltr'>Ἀλλ’</span> <span class='ocrx_word' id='word_1_255' title='bbox 2640 917 2763 971; x_wconf 70' lang='grc' dir='ltr'>οὔτε</span> <span class='ocrx_word' id='word_1_256' title='bbox 2795 919 2972 972; x_wconf 87' lang='grc' dir='ltr'>ταῦτα</span> <span class='ocrx_word' id='word_1_257' title='bbox 3001 920 3063 972; x_wconf 82' lang='grc' dir='ltr'><strong>τὸ</strong></span> <span class='ocrx_word' id='word_1_258' title='bbox 3107 919 3329 988; x_wconf 89' lang='grc' dir='ltr'>Πνεῦμα</span> <span class='ocrx_word' id='word_1_259' title='bbox 3359 923 3492 973; x_wconf 87' lang='grc' dir='ltr'>ποιεῖ</span> <span class='ocrx_word' id='word_1_260' title='bbox 3524 922 3602 975; x_wconf 76' lang='grc' dir='ltr'><strong>τοῦ</strong></span> 
     </span>
    </p>
   </div>
   <div class='ocr_carea' id='block_1_39' title="bbox 2062 1008 3605 1082">
    <p class='ocr_par' dir='ltr' id='par_1_39' title="bbox 2062 1008 3605 1082">
     <span class='ocr_line' id='line_1_39' title="bbox 2062 1008 3605 1082; baseline 0.001 -20"><span class='ocrx_word' id='word_1_261' title='bbox 2062 1008 2196 1066; x_wconf 77' lang='grc' dir='ltr'>Υἱοῦ</span> <span class='ocrx_word' id='word_1_262' title='bbox 2228 1009 2640 1080; x_wconf 80' lang='grc' dir='ltr'>ὑπερκείμενον,</span> <span class='ocrx_word' id='word_1_263' title='bbox 2672 1010 2780 1063; x_wconf 80' lang='grc' dir='ltr'>οὐδ’</span> <span class='ocrx_word' id='word_1_264' title='bbox 2809 1010 3132 1080; x_wconf 77' lang='grc' dir='ltr'>ήᾶποστολὴ</span> <span class='ocrx_word' id='word_1_265' title='bbox 3162 1011 3503 1076; x_wconf 65' lang='grc' dir='ltr'>καταϐιϐάζει</span> <span class='ocrx_word' id='word_1_266' title='bbox 3521 1012 3605 1082; x_wconf 77' lang='grc' dir='ltr'>τῆς</span> 
     </span>
    </p>
   </div>
   <div class='ocr_carea' id='block_1_40' title="bbox 2066 1097 3567 1172">
    <p class='ocr_par' dir='ltr' id='par_1_40' title="bbox 2066 1097 3567 1172">
     <span class='ocr_line' id='line_1_40' title="bbox 2066 1097 3567 1172; baseline 0.001 -19"><span class='ocrx_word' id='word_1_267' title='bbox 2066 1101 2333 1172; x_wconf 78' lang='grc' dir='ltr'><strong>ἰσοτιμίας</strong></span> <span class='ocrx_word' id='word_1_268' title='bbox 2367 1099 2460 1154; x_wconf 84' lang='grc' dir='ltr'><strong>τοῦ</strong></span> <span class='ocrx_word' id='word_1_269' title='bbox 2499 1099 2627 1152; x_wconf 80' lang='grc' dir='ltr'>Υἱοῦ</span> <span class='ocrx_word' id='word_1_270' title='bbox 2667 1100 2728 1153; x_wconf 74' lang='grc' dir='ltr'><strong>τό</strong></span> <span class='ocrx_word' id='word_1_271' title='bbox 2762 1097 2985 1170; x_wconf 80' lang='grc' dir='ltr'>Πνεῦμα</span> <span class='ocrx_word' id='word_1_272' title='bbox 3014 1101 3074 1153; x_wconf 77' lang='grc' dir='ltr'>τὸ</span> <span class='ocrx_word' id='word_1_273' title='bbox 3108 1100 3567 1170; x_wconf 83' lang='grc' dir='ltr'>ἀποστελλόμενον.</span> 
     </span>
    </p>
   </div>
   <div class='ocr_carea' id='block_1_41' title="bbox 2132 1189 3609 1262">
    <p class='ocr_par' dir='ltr' id='par_1_41' title="bbox 2132 1189 3609 1262">
     <span class='ocr_line' id='line_1_41' title="bbox 2132 1189 3609 1262; baseline 0 -17"><span class='ocrx_word' id='word_1_274' title='bbox 2132 1201 2201 1260; x_wconf 83' lang='grc' dir='ltr'><strong>γ’.</strong></span> <span class='ocrx_word' id='word_1_275' title='bbox 2250 1193 2409 1245; x_wconf 84' lang='grc' dir='ltr'>’Λλλά</span> <span class='ocrx_word' id='word_1_276' title='bbox 2435 1191 2494 1244; x_wconf 71' lang='grc' dir='ltr'>τὸ</span> <span class='ocrx_word' id='word_1_277' title='bbox 2519 1191 2694 1262; x_wconf 82' lang='grc' dir='ltr'>χρίειν</span> <span class='ocrx_word' id='word_1_278' title='bbox 2726 1189 2870 1260; x_wconf 78' lang='grc' dir='ltr'>ἐρεῖς</span> <span class='ocrx_word' id='word_1_279' title='bbox 2893 1190 3244 1244; x_wconf 80' lang='grc' dir='ltr'><strong>ἀποστέλλειν</strong></span> <span class='ocrx_word' id='word_1_280' title='bbox 3275 1192 3368 1244; x_wconf 73' lang='grc' dir='ltr'><strong>καὶ</strong></span> <span class='ocrx_word' id='word_1_281' title='bbox 3406 1191 3609 1260; x_wconf 85' lang='grc' dir='ltr'>ὲγείρειν</span> 
     </span>
    </p>
   </div>
   <div class='ocr_carea' id='block_1_42' title="bbox 2067 1283 3611 1356">
    <p class='ocr_par' dir='ltr' id='par_1_42' title="bbox 2067 1283 3611 1356">
     <span class='ocr_line' id='line_1_42' title="bbox 2067 1283 3611 1356; baseline -0.001 -19"><span class='ocrx_word' id='word_1_282' title='bbox 2067 1288 2205 1356; x_wconf 84' lang='grc' dir='ltr'><strong>μετά</strong></span> <span class='ocrx_word' id='word_1_283' title='bbox 2231 1283 2330 1356; x_wconf 71' lang='grc' dir='ltr'>τὴν</span> <span class='ocrx_word' id='word_1_284' title='bbox 2360 1283 2676 1353; x_wconf 82' lang='grc' dir='ltr'>οἰκονομίαν</span> <span class='ocrx_word' id='word_1_285' title='bbox 2703 1283 2839 1353; x_wconf 86' lang='grc' dir='ltr'><strong>μετά</strong></span> <span class='ocrx_word' id='word_1_286' title='bbox 2867 1283 2966 1353; x_wconf 83' lang='grc' dir='ltr'>τὴν</span> <span class='ocrx_word' id='word_1_287' title='bbox 3001 1283 3280 1354; x_wconf 86' lang='grc' dir='ltr'>σάρκωσιν</span> <span class='ocrx_word' id='word_1_288' title='bbox 3301 1295 3316 1314; x_wconf 71' lang='grc' dir='ltr'><strong>ο</strong></span> <span class='ocrx_word' id='word_1_289' title='bbox 3350 1285 3396 1334; x_wconf 75' lang='grc' dir='ltr'>εἰ</span> <span class='ocrx_word' id='word_1_290' title='bbox 3416 1283 3515 1353; x_wconf 78' lang='grc' dir='ltr'><strong>γὰρ</strong></span> <span class='ocrx_word' id='word_1_291' title='bbox 3532 1286 3611 1336; x_wconf 69' lang='grc' dir='ltr'><strong>καὶ</strong></span> 
     </span>
    </p>
   </div>
   <div class='ocr_carea' id='block_1_43' title="bbox 2065 1369 3608 1447">
    <p class='ocr_par' dir='ltr' id='par_1_43' title="bbox 2065 1369 3608 1447">
     <span class='ocr_line' id='line_1_43' title="bbox 2065 1369 3608 1447; baseline -0.004 -18"><span class='ocrx_word' id='word_1_292' title='bbox 2065 1375 2424 1447; x_wconf 82' lang='grc' dir='ltr'>προείρηται,</span> <span class='ocrx_word' id='word_1_293' title='bbox 2487 1373 2625 1428; x_wconf 81' lang='grc' dir='ltr'>ἀλλὰ</span> <span class='ocrx_word' id='word_1_294' title='bbox 2675 1375 2916 1444; x_wconf 73' lang='grc' dir='ltr'>χρησμοὶ</span> <span class='ocrx_word' id='word_1_295' title='bbox 2953 1373 3014 1426; x_wconf 86' lang='grc' dir='ltr'><strong>τὸ</strong></span> <span class='ocrx_word' id='word_1_296' title='bbox 3061 1369 3256 1442; x_wconf 72' lang='grc' dir='ltr'>μέλλον</span> <span class='ocrx_word' id='word_1_297' title='bbox 3302 1371 3608 1441; x_wconf 75' lang='grc' dir='ltr'>ἐκήρυττον·</span> 
     </span>
    </p>
   </div>
   <div class='ocr_carea' id='block_1_44' title="bbox 2067 1459 3614 1541">
    <p class='ocr_par' dir='ltr' id='par_1_44' title="bbox 2067 1459 3614 1541">
     <span class='ocr_line' id='line_1_44' title="bbox 2067 1459 3614 1541; baseline -0.007 -17"><span class='ocrx_word' id='word_1_298' title='bbox 2067 1470 2260 1541; x_wconf 87' lang='grc' dir='ltr'>μενοῦν</span> <span class='ocrx_word' id='word_1_299' title='bbox 2295 1486 2380 1537; x_wconf 76' lang='grc' dir='ltr'><strong>γε.</strong></span> <span class='ocrx_word' id='word_1_300' title='bbox 2427 1468 2632 1523; x_wconf 84' lang='grc' dir='ltr'>Ἐννόει</span> <span class='ocrx_word' id='word_1_301' title='bbox 2676 1465 2732 1520; x_wconf 82' lang='grc' dir='ltr'><strong>δὲ</strong></span> <span class='ocrx_word' id='word_1_302' title='bbox 2768 1466 2844 1529; x_wconf 87' lang='grc' dir='ltr'>ὡς</span> <span class='ocrx_word' id='word_1_303' title='bbox 2881 1466 2976 1518; x_wconf 77' lang='grc' dir='ltr'><strong>καὶ</strong></span> <span class='ocrx_word' id='word_1_304' title='bbox 3013 1463 3072 1517; x_wconf 79' lang='grc' dir='ltr'><strong>τὸ</strong></span> <span class='ocrx_word' id='word_1_305' title='bbox 3119 1459 3536 1518; x_wconf 68' lang='grc' dir='ltr'>ἀποστέλλεσθαι</span> <span class='ocrx_word' id='word_1_306' title='bbox 3564 1461 3614 1514; x_wconf 76' lang='grc' dir='ltr'><strong>τὸ</strong></span> 
     </span>
    </p>
   </div>
   <div class='ocr_carea' id='block_1_45' title="bbox 2065 1555 3614 1630">
    <p class='ocr_par' dir='ltr' id='par_1_45' title="bbox 2065 1555 3614 1630">
     <span class='ocr_line' id='line_1_45' title="bbox 2065 1555 3614 1630; baseline -0.006 -16"><span class='ocrx_word' id='word_1_307' title='bbox 2065 1561 2288 1630; x_wconf 79' lang='grc' dir='ltr'>Πνεῦμα</span> <span class='ocrx_word' id='word_1_308' title='bbox 2321 1558 2470 1628; x_wconf 79' lang='grc' dir='ltr'>παρὰ</span> <span class='ocrx_word' id='word_1_309' title='bbox 2506 1555 2602 1610; x_wconf 85' lang='grc' dir='ltr'><strong>τοῦ</strong></span> <span class='ocrx_word' id='word_1_310' title='bbox 2643 1555 2774 1610; x_wconf 81' lang='grc' dir='ltr'>Υίοῦ</span> <span class='ocrx_word' id='word_1_311' title='bbox 2813 1557 2974 1627; x_wconf 79' lang='grc' dir='ltr'>ἡνίκα</span> <span class='ocrx_word' id='word_1_312' title='bbox 3026 1556 3312 1609; x_wconf 80' lang='grc' dir='ltr'>ἐδίδασκεν</span> <span class='ocrx_word' id='word_1_313' title='bbox 3357 1557 3385 1608; x_wconf 83' lang='grc' dir='ltr'><strong>ό</strong></span> <span class='ocrx_word' id='word_1_314' title='bbox 3413 1555 3614 1624; x_wconf 73' lang='grc' dir='ltr'>Σωτὴρ,</span> 
     </span>
    </p>
   </div>
   <div class='ocr_carea' id='block_1_46' title="bbox 2068 1643 3614 1722">
    <p class='ocr_par' dir='ltr' id='par_1_46' title="bbox 2068 1643 3614 1722">
     <span class='ocr_line' id='line_1_46' title="bbox 2068 1643 3614 1722; baseline -0.005 -17"><span class='ocrx_word' id='word_1_315' title='bbox 2068 1656 2132 1705; x_wconf 74' lang='grc' dir='ltr'>ἐκ</span> <span class='ocrx_word' id='word_1_316' title='bbox 2173 1653 2265 1705; x_wconf 82' lang='grc' dir='ltr'><strong>τοῦ</strong></span> <span class='ocrx_word' id='word_1_317' title='bbox 2314 1650 2527 1722; x_wconf 68' lang='grc' dir='ltr'>Πατρός</span> <span class='ocrx_word' id='word_1_318' title='bbox 2576 1649 2738 1702; x_wconf 83' lang='grc' dir='ltr'>αὐτὸν</span> <span class='ocrx_word' id='word_1_319' title='bbox 2789 1643 3126 1702; x_wconf 78' lang='grc' dir='ltr'>ἀπεστάλθαι</span> <span class='ocrx_word' id='word_1_320' title='bbox 3187 1645 3284 1700; x_wconf 78' lang='grc' dir='ltr'>καὶ</span> <span class='ocrx_word' id='word_1_321' title='bbox 3335 1646 3496 1717; x_wconf 79' lang='grc' dir='ltr'>μηδὲν</span> <span class='ocrx_word' id='word_1_322' title='bbox 3539 1646 3614 1713; x_wconf 67' lang='grc' dir='ltr'><strong>ἀφ’</strong></span> 
     </span>
    </p>
   </div>
   <div class='ocr_carea' id='block_1_47' title="bbox 2070 1733 3619 1811">
    <p class='ocr_par' dir='ltr' id='par_1_47' title="bbox 2070 1733 3619 1811">
     <span class='ocr_line' id='line_1_47' title="bbox 2070 1733 3619 1811; baseline -0.008 -12"><span class='ocrx_word' id='word_1_323' title='bbox 2070 1743 2262 1799; x_wconf 80' lang='grc' dir='ltr'>ἑαυτοῦ</span> <span class='ocrx_word' id='word_1_324' title='bbox 2291 1743 2490 1810; x_wconf 75' lang='grc' dir='ltr'>λέγειν,</span> <span class='ocrx_word' id='word_1_325' title='bbox 2516 1736 2818 1811; x_wconf 81' lang='grc' dir='ltr'>τηνικαῦτα</span> <span class='ocrx_word' id='word_1_326' title='bbox 2846 1739 2939 1791; x_wconf 75' lang='grc' dir='ltr'>καὶ</span> <span class='ocrx_word' id='word_1_327' title='bbox 2967 1738 3064 1808; x_wconf 70' lang='grc' dir='ltr'><strong>τὴν</strong></span> <span class='ocrx_word' id='word_1_328' title='bbox 3085 1737 3394 1808; x_wconf 78' lang='grc' dir='ltr'>ἀποστολὴν</span> <span class='ocrx_word' id='word_1_329' title='bbox 3414 1733 3619 1789; x_wconf 70' lang='grc' dir='ltr'>οἰκειοῦ-</span> 
     </span>
    </p>
   </div>
   <div class='ocr_carea' id='block_1_48' title="bbox 2064 1825 3618 1904">
    <p class='ocr_par' dir='ltr' id='par_1_48' title="bbox 2064 1825 3618 1904">
     <span class='ocr_line' id='line_1_48' title="bbox 2064 1825 3618 1904; baseline -0.012 -10"><span class='ocrx_word' id='word_1_330' title='bbox 2064 1855 2153 1894; x_wconf 85' lang='grc' dir='ltr'><strong>ται</strong></span> <span class='ocrx_word' id='word_1_331' title='bbox 2185 1837 2278 1892; x_wconf 80' lang='grc' dir='ltr'><strong>τοῦ</strong></span> <span class='ocrx_word' id='word_1_332' title='bbox 2321 1835 2638 1904; x_wconf 72' lang='grc' dir='ltr'>Πνεῦμα-τος</span> <span class='ocrx_word' id='word_1_333' title='bbox 2661 1847 2676 1863; x_wconf 85' lang='grc'>⁶</span> <span class='ocrx_word' id='word_1_334' title='bbox 2723 1833 2811 1886; x_wconf 82' lang='grc' dir='ltr'>ὅτε</span> <span class='ocrx_word' id='word_1_335' title='bbox 2845 1830 3007 1893; x_wconf 79' lang='grc' dir='ltr'>αὐτὸς</span> <span class='ocrx_word' id='word_1_336' title='bbox 3040 1827 3426 1891; x_wconf 74' lang='grc' dir='ltr'>ἀπεστέλλετο,</span> <span class='ocrx_word' id='word_1_337' title='bbox 3459 1826 3544 1879; x_wconf 70' lang='grc' dir='ltr'><strong>καὶ</strong></span> <span class='ocrx_word' id='word_1_338' title='bbox 3570 1825 3618 1876; x_wconf 78' lang='grc' dir='ltr'>τὸ</span> 
     </span>
    </p>
   </div>
   <div class='ocr_carea' id='block_1_49' title="bbox 2065 1918 3620 1993">
    <p class='ocr_par' dir='ltr' id='par_1_49' title="bbox 2065 1918 3620 1993">
     <span class='ocr_line' id='line_1_49' title="bbox 2065 1918 3620 1993; baseline -0.01 -10"><span class='ocrx_word' id='word_1_339' title='bbox 2065 1929 2420 1983; x_wconf 81' lang='grc' dir='ltr'>ἀποστέλλειν</span> <span class='ocrx_word' id='word_1_340' title='bbox 2449 1925 2750 1993; x_wconf 81' lang='grc' dir='ltr'>ἀνεδέχετο.</span> <span class='ocrx_word' id='word_1_341' title='bbox 2785 1922 2948 1993; x_wconf 77' lang='grc' dir='ltr'>Ὁρᾷς</span> <span class='ocrx_word' id='word_1_342' title='bbox 2975 1921 3051 1984; x_wconf 82' lang='grc' dir='ltr'><strong>ὡς</strong></span> <span class='ocrx_word' id='word_1_343' title='bbox 3085 1918 3264 1973; x_wconf 83' lang='grc' dir='ltr'>ταῦτα</span> <span class='ocrx_word' id='word_1_344' title='bbox 3293 1921 3470 1974; x_wconf 76' lang='grc' dir='ltr'>πάντα</span> <span class='ocrx_word' id='word_1_345' title='bbox 3498 1918 3620 1970; x_wconf 72' lang='lat' dir='ltr'><strong>olito-</strong></span> 
     </span>
    </p>
   </div>
   <div class='ocr_carea' id='block_1_50' title="bbox 2065 2006 3620 2093">
    <p class='ocr_par' dir='ltr' id='par_1_50' title="bbox 2065 2006 3620 2093">
     <span class='ocr_line' id='line_1_50' title="bbox 2065 2006 3620 2093; baseline -0.011 -17"><span class='ocrx_word' id='word_1_346' title='bbox 2065 2023 2259 2093; x_wconf 85' lang='grc' dir='ltr'>νομίας</span> <span class='ocrx_word' id='word_1_347' title='bbox 2296 2021 2462 2083; x_wconf 65' lang='grc' dir='ltr'>ἐστὶν,</span> <span class='ocrx_word' id='word_1_348' title='bbox 2489 2015 2602 2072; x_wconf 82' lang='grc' dir='ltr'>ἀλλ’</span> <span class='ocrx_word' id='word_1_349' title='bbox 2619 2017 2719 2070; x_wconf 77' lang='grc' dir='ltr'><strong>οὐκ</strong></span> <span class='ocrx_word' id='word_1_350' title='bbox 2745 2014 3035 2077; x_wconf 76' lang='grc' dir='ltr'>αὑθεντίας</span> <span class='ocrx_word' id='word_1_351' title='bbox 3063 2013 3130 2066; x_wconf 88' lang='grc' dir='ltr'><strong>τά</strong></span> <span class='ocrx_word' id='word_1_352' title='bbox 3156 2015 3383 2084; x_wconf 74' lang='grc' dir='ltr'>ῥήματα</span> <span class='ocrx_word' id='word_1_353' title='bbox 3407 2027 3422 2075; x_wconf 92' lang='lat'><strong>;</strong></span> <span class='ocrx_word' id='word_1_354' title='bbox 3451 2009 3550 2062; x_wconf 77' lang='grc' dir='ltr'>νόει</span> <span class='ocrx_word' id='word_1_355' title='bbox 3569 2006 3620 2058; x_wconf 75' lang='grc' dir='ltr'>τὸ</span> 
     </span>
    </p>
   </div>
   <div class='ocr_carea' id='block_1_51' title="bbox 2063 2103 3619 2185">
    <p class='ocr_par' dir='ltr' id='par_1_51' title="bbox 2063 2103 3619 2185">
     <span class='ocr_line' id='line_1_51' title="bbox 2063 2103 3619 2185; baseline -0.003 -16"><span class='ocrx_word' id='word_1_356' title='bbox 2063 2115 2162 2185; x_wconf 82' lang='grc' dir='ltr'><strong>τῆς</strong></span> <span class='ocrx_word' id='word_1_357' title='bbox 2207 2111 2538 2182; x_wconf 82' lang='grc' dir='ltr'>οἰκονομίας,</span> <span class='ocrx_word' id='word_1_358' title='bbox 2589 2111 2686 2162; x_wconf 71' lang='grc' dir='ltr'><strong>καὶ</strong></span> <span class='ocrx_word' id='word_1_359' title='bbox 2725 2109 2970 2178; x_wconf 77' lang='grc' dir='ltr'>διάκρινε</span> <span class='ocrx_word' id='word_1_360' title='bbox 3009 2107 3068 2159; x_wconf 82' lang='grc' dir='ltr'><strong>τὸ</strong></span> <span class='ocrx_word' id='word_1_361' title='bbox 3107 2104 3208 2174; x_wconf 78' lang='grc' dir='ltr'><strong>τῆς</strong></span> <span class='ocrx_word' id='word_1_362' title='bbox 3251 2103 3619 2170; x_wconf 73' lang='grc' dir='ltr'>αὖθεντίας⁴ἡ</span> 
     </span>
    </p>
   </div>
   <div class='ocr_carea' id='block_1_52' title="bbox 2064 2194 3619 2275">
    <p class='ocr_par' dir='ltr' id='par_1_52' title="bbox 2064 2194 3619 2275">
     <span class='ocr_line' id='line_1_52' title="bbox 2064 2194 3619 2275; baseline -0.01 -14"><span class='ocrx_word' id='word_1_363' title='bbox 2064 2204 2336 2275; x_wconf 79' lang='grc' dir='ltr'>ἀποστολὴ</span> <span class='ocrx_word' id='word_1_364' title='bbox 2367 2203 2427 2256; x_wconf 79' lang='grc' dir='ltr'><strong>οὐ</strong></span> <span class='ocrx_word' id='word_1_365' title='bbox 2448 2202 2567 2256; x_wconf 81' lang='grc' dir='ltr'>λύει</span> <span class='ocrx_word' id='word_1_366' title='bbox 2592 2201 2652 2254; x_wconf 82' lang='grc' dir='ltr'><strong>τὸ</strong></span> <span class='ocrx_word' id='word_1_367' title='bbox 2673 2201 2959 2270; x_wconf 82' lang='grc' dir='ltr'>όμοούσιον</span> <span class='ocrx_word' id='word_1_368' title='bbox 2977 2215 2992 2229; x_wconf 87' lang='grc'><strong>·</strong></span> <span class='ocrx_word' id='word_1_369' title='bbox 3019 2196 3082 2250; x_wconf 81' lang='grc' dir='ltr'><strong>τὸ</strong></span> <span class='ocrx_word' id='word_1_370' title='bbox 3103 2195 3349 2267; x_wconf 71' lang='grc' dir='ltr'>όμοφυὲς</span> <span class='ocrx_word' id='word_1_371' title='bbox 3368 2197 3427 2247; x_wconf 78' lang='grc' dir='ltr'><strong>οὐ</strong></span> <span class='ocrx_word' id='word_1_372' title='bbox 3455 2194 3619 2262; x_wconf 72' lang='grc' dir='ltr'>τρέπει</span> 
     </span>
    </p>
   </div>
   <div class='ocr_carea' id='block_1_53' title="bbox 2064 2288 3623 2369">
    <p class='ocr_par' dir='ltr' id='par_1_53' title="bbox 2064 2288 3623 2369">
     <span class='ocr_line' id='line_1_53' title="bbox 2064 2288 3623 2369; baseline -0.009 -19"><span class='ocrx_word' id='word_1_373' title='bbox 2064 2298 2201 2369; x_wconf 73' lang='grc' dir='ltr'>πρὸς</span> <span class='ocrx_word' id='word_1_374' title='bbox 2258 2296 2594 2366; x_wconf 80' lang='grc' dir='ltr'>ἑτερότητα·</span> <span class='ocrx_word' id='word_1_375' title='bbox 2641 2293 2730 2344; x_wconf 79' lang='grc' dir='ltr'>ὅτε</span> <span class='ocrx_word' id='word_1_376' title='bbox 2783 2291 3009 2360; x_wconf 73' lang='grc' dir='ltr'>ἐξῆλθεν</span> <span class='ocrx_word' id='word_1_377' title='bbox 3053 2291 3118 2342; x_wconf 81' lang='grc' dir='ltr'>ὲκ</span> <span class='ocrx_word' id='word_1_378' title='bbox 3157 2289 3255 2340; x_wconf 85' lang='grc' dir='ltr'><strong>τοῦ</strong></span> <span class='ocrx_word' id='word_1_379' title='bbox 3304 2288 3511 2355; x_wconf 64' lang='grc' dir='ltr'>Πατρός</span> <span class='ocrx_word' id='word_1_380' title='bbox 3546 2289 3623 2337; x_wconf 74' lang='grc' dir='ltr'><strong>καὶ</strong></span> 
     </span>
    </p>
   </div>
   <div class='ocr_carea' id='block_1_54' title="bbox 2063 2378 3621 2462">
    <p class='ocr_par' dir='ltr' id='par_1_54' title="bbox 2063 2378 3621 2462">
     <span class='ocr_line' id='line_1_54' title="bbox 2063 2378 3621 2462; baseline -0.007 -20"><span class='ocrx_word' id='word_1_381' title='bbox 2063 2388 2197 2462; x_wconf 81' lang='grc' dir='ltr'>ἧκεν</span> <span class='ocrx_word' id='word_1_382' title='bbox 2225 2390 2256 2440; x_wconf 82' lang='grc' dir='ltr'>ὁ</span> <span class='ocrx_word' id='word_1_383' title='bbox 2296 2388 2448 2450; x_wconf 73' lang='grc' dir='ltr'>Υἱὸς,</span> <span class='ocrx_word' id='word_1_384' title='bbox 2488 2385 2610 2438; x_wconf 80' lang='grc' dir='ltr'>τότε</span> <span class='ocrx_word' id='word_1_385' title='bbox 2640 2383 2963 2438; x_wconf 82' lang='grc' dir='ltr'>ἀποστέλλει</span> <span class='ocrx_word' id='word_1_386' title='bbox 2999 2382 3093 2433; x_wconf 72' lang='grc' dir='ltr'>καὶ</span> <span class='ocrx_word' id='word_1_387' title='bbox 3130 2381 3191 2433; x_wconf 70' lang='grc' dir='ltr'>τὸ</span> <span class='ocrx_word' id='word_1_388' title='bbox 3220 2379 3482 2448; x_wconf 63' lang='grc' dir='ltr'>Πνεῦμα·</span> <span class='ocrx_word' id='word_1_389' title='bbox 3519 2378 3621 2431; x_wconf 69' lang='grc' dir='ltr'>οὔτε</span> 
     </span>
    </p>
   </div>
   <div class='ocr_carea' id='block_1_55' title="bbox 2064 2469 3623 2550">
    <p class='ocr_par' dir='ltr' id='par_1_55' title="bbox 2064 2469 3623 2550">
     <span class='ocr_line' id='line_1_55' title="bbox 2064 2469 3623 2550; baseline -0.008 -16"><span class='ocrx_word' id='word_1_390' title='bbox 2064 2484 2121 2534; x_wconf 84' lang='grc' dir='ltr'>ὲν</span> <span class='ocrx_word' id='word_1_391' title='bbox 2147 2483 2212 2550; x_wconf 81' lang='grc' dir='ltr'>τῇ</span> <span class='ocrx_word' id='word_1_392' title='bbox 2250 2477 2520 2544; x_wconf 80' lang='grc' dir='ltr'>ὲξελεύσει</span> <span class='ocrx_word' id='word_1_393' title='bbox 2544 2475 2857 2536; x_wconf 82' lang='grc' dir='ltr'>διάστασις,</span> <span class='ocrx_word' id='word_1_394' title='bbox 2893 2471 3016 2524; x_wconf 70' lang='grc' dir='ltr'>οὔτε</span> <span class='ocrx_word' id='word_1_395' title='bbox 3047 2474 3104 2524; x_wconf 82' lang='grc' dir='ltr'>ὲν</span> <span class='ocrx_word' id='word_1_396' title='bbox 3135 2473 3199 2539; x_wconf 78' lang='grc' dir='ltr'>τῇ</span> <span class='ocrx_word' id='word_1_397' title='bbox 3228 2469 3504 2541; x_wconf 72' lang='grc' dir='ltr'>ἀποπολῇ</span> <span class='ocrx_word' id='word_1_398' title='bbox 3534 2486 3623 2540; x_wconf 81' lang='grc' dir='ltr'><strong>χω-</strong></span> 
     </span>
    </p>
   </div>
   <div class='ocr_carea' id='block_1_56' title="bbox 2066 2563 3624 2648">
    <p class='ocr_par' dir='ltr' id='par_1_56' title="bbox 2066 2563 3624 2648">
     <span class='ocr_line' id='line_1_56' title="bbox 2066 2563 3624 2648; baseline -0.009 -21"><span class='ocrx_word' id='word_1_399' title='bbox 2066 2573 2296 2648; x_wconf 64' lang='grc' dir='ltr'>ρισμός·</span> <span class='ocrx_word' id='word_1_400' title='bbox 2347 2569 2537 2641; x_wconf 72' lang='grc' dir='ltr'>ἐξῆλθε</span> <span class='ocrx_word' id='word_1_401' title='bbox 2583 2567 2791 2638; x_wconf 83' lang='grc' dir='ltr'>μένων,</span> <span class='ocrx_word' id='word_1_402' title='bbox 2824 2565 2920 2620; x_wconf 74' lang='grc' dir='ltr'><strong>καὶ</strong></span> <span class='ocrx_word' id='word_1_403' title='bbox 2961 2565 3256 2618; x_wconf 84' lang='grc' dir='ltr'>ἀπέστειλε</span> <span class='ocrx_word' id='word_1_404' title='bbox 3300 2564 3428 2634; x_wconf 82' lang='grc' dir='ltr'>παρ’</span> <span class='ocrx_word' id='word_1_405' title='bbox 3473 2563 3624 2631; x_wconf 78' lang='grc' dir='ltr'>ἑαυτῷ</span> 
     </span>
    </p>
   </div>
   <div class='ocr_carea' id='block_1_57' title="bbox 2063 2656 3622 2737">
    <p class='ocr_par' dir='ltr' id='par_1_57' title="bbox 2063 2656 3622 2737">
     <span class='ocr_line' id='line_1_57' title="bbox 2063 2656 3622 2737; baseline -0.008 -18"><span class='ocrx_word' id='word_1_406' title='bbox 2063 2669 2200 2737; x_wconf 74' lang='grc' dir='ltr'><strong>ἔχων</strong></span> <span class='ocrx_word' id='word_1_407' title='bbox 2226 2682 2238 2693; x_wconf 88' lang='grc'><strong>·</strong></span> <span class='ocrx_word' id='word_1_408' title='bbox 2283 2665 2476 2734; x_wconf 77' lang='grc' dir='ltr'>ἀνιστᾷ</span> <span class='ocrx_word' id='word_1_409' title='bbox 2501 2662 2595 2715; x_wconf 81' lang='grc' dir='ltr'><strong>τὸν</strong></span> <span class='ocrx_word' id='word_1_410' title='bbox 2628 2660 2865 2731; x_wconf 83' lang='grc' dir='ltr'>Χριστὸν</span> <span class='ocrx_word' id='word_1_411' title='bbox 2894 2658 2957 2711; x_wconf 76' lang='grc' dir='ltr'>τὸ</span> <span class='ocrx_word' id='word_1_412' title='bbox 2999 2657 3247 2726; x_wconf 81' lang='grc' dir='ltr'>Πνεῦμα,</span> <span class='ocrx_word' id='word_1_413' title='bbox 3279 2657 3380 2726; x_wconf 80' lang='grc' dir='ltr'><strong>οὐχ</strong></span> <span class='ocrx_word' id='word_1_414' title='bbox 3409 2656 3482 2717; x_wconf 85' lang='grc' dir='ltr'>ὼς</span> <span class='ocrx_word' id='word_1_415' title='bbox 3519 2657 3622 2707; x_wconf 73' lang='grc' dir='ltr'>ἀτοο</span> 
     </span>
    </p>
   </div>
   <div class='ocr_carea' id='block_1_58' title="bbox 2061 2746 3625 2828">
    <p class='ocr_par' dir='ltr' id='par_1_58' title="bbox 2061 2746 3625 2828">
     <span class='ocr_line' id='line_1_58' title="bbox 2061 2746 3625 2828; baseline -0.011 -16"><span class='ocrx_word' id='word_1_416' title='bbox 2061 2759 2259 2828; x_wconf 80' lang='grc' dir='ltr'>νούσης</span> <span class='ocrx_word' id='word_1_417' title='bbox 2283 2757 2384 2826; x_wconf 78' lang='grc' dir='ltr'><strong>τῆς</strong></span> <span class='ocrx_word' id='word_1_418' title='bbox 2410 2757 2464 2806; x_wconf 79' lang='grc' dir='ltr'>ὲν</span> <span class='ocrx_word' id='word_1_419' title='bbox 2492 2752 2641 2822; x_wconf 83' lang='grc' dir='ltr'>αὐτῷ</span> <span class='ocrx_word' id='word_1_420' title='bbox 2674 2751 2949 2820; x_wconf 81' lang='grc' dir='ltr'>θεότητος,</span> <span class='ocrx_word' id='word_1_421' title='bbox 2982 2747 3096 2801; x_wconf 85' lang='grc' dir='ltr'>ἀλλ’</span> <span class='ocrx_word' id='word_1_422' title='bbox 3125 2747 3211 2800; x_wconf 85' lang='grc' dir='ltr'>ἴνα</span> <span class='ocrx_word' id='word_1_423' title='bbox 3240 2747 3342 2816; x_wconf 80' lang='grc' dir='ltr'><strong>τὴν</strong></span> <span class='ocrx_word' id='word_1_424' title='bbox 3371 2746 3625 2813; x_wconf 74' lang='grc' dir='ltr'>ἐνέργειαν</span> 
     </span>
    </p>
   </div>
   <div class='ocr_carea' id='block_1_59' title="bbox 2062 2838 3624 2917">
    <p class='ocr_par' dir='ltr' id='par_1_59' title="bbox 2062 2838 3624 2917">
     <span class='ocr_line' id='line_1_59' title="bbox 2062 2838 3624 2917; baseline -0.009 -14"><span class='ocrx_word' id='word_1_425' title='bbox 2062 2851 2154 2904; x_wconf 84' lang='grc' dir='ltr'><strong>τοῦ</strong></span> <span class='ocrx_word' id='word_1_426' title='bbox 2184 2847 2545 2917; x_wconf 43' lang='grc' dir='ltr'>,Πνεῦματοῃ</span> <span class='ocrx_word' id='word_1_427' title='bbox 2579 2845 2679 2915; x_wconf 77' lang='grc' dir='ltr'><strong>τῆς</strong></span> <span class='ocrx_word' id='word_1_428' title='bbox 2719 2840 2777 2895; x_wconf 85' lang='grc' dir='ltr'>ὲν</span> <span class='ocrx_word' id='word_1_429' title='bbox 2817 2841 2895 2913; x_wconf 83' lang='grc' dir='ltr'>τῷ</span> <span class='ocrx_word' id='word_1_430' title='bbox 2949 2839 3062 2910; x_wconf 80' lang='grc' dir='ltr'><strong>Υἱῷ</strong></span> <span class='ocrx_word' id='word_1_431' title='bbox 3102 2841 3312 2910; x_wconf 84' lang='grc' dir='ltr'>νοήσῃς</span> <span class='ocrx_word' id='word_1_432' title='bbox 3352 2840 3451 2892; x_wconf 75' lang='grc' dir='ltr'><strong>οὐκ</strong></span> <span class='ocrx_word' id='word_1_433' title='bbox 3492 2838 3624 2891; x_wconf 79' lang='grc' dir='ltr'>ἀλλο·</span> 
     </span>
    </p>
   </div>
   <div class='ocr_carea' id='block_1_60' title="bbox 2063 2929 3626 3012">
    <p class='ocr_par' dir='ltr' id='par_1_60' title="bbox 2063 2929 3626 3012">
     <span class='ocr_line' id='line_1_60' title="bbox 2063 2929 3626 3012; baseline -0.01 -17"><span class='ocrx_word' id='word_1_434' title='bbox 2063 2942 2394 3012; x_wconf 77' lang='grc' dir='ltr'>τριουμένην</span> <span class='ocrx_word' id='word_1_435' title='bbox 2432 2938 2685 3006; x_wconf 79' lang='grc' dir='ltr'>θεότητος</span> <span class='ocrx_word' id='word_1_436' title='bbox 2707 2951 2720 2965; x_wconf 91' lang='grc'><strong>·</strong></span> <span class='ocrx_word' id='word_1_437' title='bbox 2753 2930 2871 2988; x_wconf 79' lang='grc' dir='ltr'>εἶτα</span> <span class='ocrx_word' id='word_1_438' title='bbox 2901 2933 2963 2985; x_wconf 84' lang='grc' dir='ltr'><strong>τὸ</strong></span> <span class='ocrx_word' id='word_1_439' title='bbox 2997 2932 3216 3002; x_wconf 84' lang='grc' dir='ltr'>Πνεῦμα</span> <span class='ocrx_word' id='word_1_440' title='bbox 3261 2932 3363 2999; x_wconf 85' lang='grc' dir='ltr'>μὲν</span> <span class='ocrx_word' id='word_1_441' title='bbox 3389 2929 3626 2984; x_wconf 82' lang='grc' dir='ltr'>ἀποστέλ-</span> 
     </span>
    </p>
   </div>
   <div class='ocr_carea' id='block_1_61' title="bbox 390 3017 1964 3100">
    <p class='ocr_par' dir='ltr' id='par_1_61' title="bbox 390 3017 1962 3093">
     <span class='ocr_line' id='line_1_61' title="bbox 390 3017 1962 3093; baseline 0.008 -22"><span class='ocrx_word' id='word_1_442' title='bbox 390 3017 592 3077; x_wconf 87' lang='lat' dir='ltr'><strong>Deinde</strong></span> <span class='ocrx_word' id='word_1_443' title='bbox 622 3020 859 3091; x_wconf 91' lang='lat' dir='ltr'><strong>Spiritus</strong></span> <span class='ocrx_word' id='word_1_444' title='bbox 888 3023 1106 3091; x_wconf 88' lang='lat' dir='ltr'><strong>quidem</strong></span> <span class='ocrx_word' id='word_1_445' title='bbox 1140 3022 1356 3080; x_wconf 80' lang='lat' dir='ltr'><strong>Patrem</strong></span> <span class='ocrx_word' id='word_1_446' title='bbox 1396 3027 1559 3080; x_wconf 87' lang='lat' dir='ltr'><strong>mittit</strong></span> <span class='ocrx_word' id='word_1_447' title='bbox 1589 3044 1604 3093; x_wconf 89' lang='lat'><strong>;</strong></span> <span class='ocrx_word' id='word_1_448' title='bbox 1641 3043 1746 3082; x_wconf 90' lang='lat' dir='ltr'><strong>non</strong></span> <span class='ocrx_word' id='word_1_449' title='bbox 1782 3029 1962 3084; x_wconf 81' lang='lat' dir='ltr'><strong>tamen</strong></span> 
     </span>
    </p>
   </div>
   <div class='ocr_carea' id='block_1_62' title="bbox 2070 3017 3625 3100">
    <p class='ocr_par' dir='ltr' id='par_1_62' title="bbox 2070 3019 3625 3100">
     <span class='ocr_line' id='line_1_62' title="bbox 2070 3019 3625 3100; baseline -0.012 -11"><span class='ocrx_word' id='word_1_450' title='bbox 2070 3037 2147 3088; x_wconf 87' lang='grc' dir='ltr'><strong>λει</strong></span> <span class='ocrx_word' id='word_1_451' title='bbox 2181 3035 2270 3087; x_wconf 79' lang='grc' dir='ltr'><strong>τὸν</strong></span> <span class='ocrx_word' id='word_1_452' title='bbox 2319 3031 2538 3100; x_wconf 81' lang='grc' dir='ltr'>Πατέρα</span> <span class='ocrx_word' id='word_1_453' title='bbox 2561 3046 2575 3061; x_wconf 90' lang='grc'><strong>·</strong></span> <span class='ocrx_word' id='word_1_454' title='bbox 2619 3029 2680 3082; x_wconf 81' lang='grc' dir='ltr'>οὺ</span> <span class='ocrx_word' id='word_1_455' title='bbox 2713 3027 2972 3088; x_wconf 80' lang='grc' dir='ltr'>πολλάκις</span> <span class='ocrx_word' id='word_1_456' title='bbox 3005 3025 3102 3077; x_wconf 86' lang='grc' dir='ltr'>δέ·</span> <span class='ocrx_word' id='word_1_457' title='bbox 3151 3025 3244 3076; x_wconf 82' lang='grc' dir='ltr'><strong>ἵνα</strong></span> <span class='ocrx_word' id='word_1_458' title='bbox 3288 3023 3380 3076; x_wconf 70' lang='grc' dir='ltr'><strong>διὰ</strong></span> <span class='ocrx_word' id='word_1_459' title='bbox 3429 3021 3521 3090; x_wconf 77' lang='grc' dir='ltr'>μὲν</span> <span class='ocrx_word' id='word_1_460' title='bbox 3549 3019 3625 3071; x_wconf 77' lang='grc' dir='ltr'><strong>τοῦ</strong></span> 
     </span>
    </p>
   </div>
   <div class='ocr_carea' id='block_1_63' title="bbox 390 3114 1964 3186">
    <p class='ocr_par' dir='ltr' id='par_1_63' title="bbox 390 3114 1964 3186">
     <span class='ocr_line' id='line_1_63' title="bbox 390 3114 1964 3186; baseline 0.009 -21"><span class='ocrx_word' id='word_1_461' title='bbox 390 3126 785 3181; x_wconf 67' lang='grc' dir='ltr'>εαιροιιιιιιιθτο.</span> <span class='ocrx_word' id='word_1_462' title='bbox 829 3114 901 3169; x_wconf 90' lang='lat' dir='ltr'><strong>lla</strong></span> <span class='ocrx_word' id='word_1_463' title='bbox 937 3127 1158 3186; x_wconf 82' lang='lat' dir='ltr'><strong>propter</strong></span> <span class='ocrx_word' id='word_1_464' title='bbox 1198 3120 1338 3173; x_wconf 82' lang='lat' dir='ltr'><strong>hanc</strong></span> <span class='ocrx_word' id='word_1_465' title='bbox 1381 3121 1698 3177; x_wconf 87' lang='lat' dir='ltr'><strong>missionem</strong></span> <span class='ocrx_word' id='word_1_466' title='bbox 1733 3141 1838 3178; x_wconf 90' lang='lat' dir='ltr'><strong>non</strong></span> <span class='ocrx_word' id='word_1_467' title='bbox 1869 3142 1964 3179; x_wconf 82' lang='lat' dir='ltr'><strong>ex-</strong></span> 
     </span>
    </p>
   </div>
   <div class='ocr_carea' id='block_1_64' title="bbox 389 3204 1966 3288">
    <p class='ocr_par' dir='ltr' id='par_1_64' title="bbox 389 3204 1966 3288">
     <span class='ocr_line' id='line_1_64' title="bbox 389 3204 1966 3288; baseline 0.01 -30"><span class='ocrx_word' id='word_1_468' title='bbox 389 3204 522 3258; x_wconf 90' lang='lat' dir='ltr'><strong>cidit</strong></span> <span class='ocrx_word' id='word_1_469' title='bbox 556 3205 812 3274; x_wconf 87' lang='lat' dir='ltr'><strong>Spiritus,</strong></span> <span class='ocrx_word' id='word_1_470' title='bbox 847 3223 1006 3263; x_wconf 88' lang='lat' dir='ltr'><strong>secus</strong></span> <span class='ocrx_word' id='word_1_471' title='bbox 1024 3225 1086 3264; x_wconf 87' lang='lat' dir='ltr'><strong>ac</strong></span> <span class='ocrx_word' id='word_1_472' title='bbox 1117 3210 1354 3267; x_wconf 71' lang='lat' dir='ltr'><strong>haeretici</strong></span> <span class='ocrx_word' id='word_1_473' title='bbox 1380 3213 1669 3280; x_wconf 82' lang='lat' dir='ltr'><strong>blaterant,</strong></span> <span class='ocrx_word' id='word_1_474' title='bbox 1692 3217 1761 3271; x_wconf 89' lang='lat' dir='ltr'><strong>ab</strong></span> <span class='ocrx_word' id='word_1_475' title='bbox 1781 3232 1966 3288; x_wconf 63' lang='lat' dir='ltr'><strong>arqua-</strong></span> 
     </span>
    </p>
   </div>
   <div class='ocr_carea' id='block_1_65' title="bbox 391 3295 1962 3378">
    <p class='ocr_par' dir='ltr' id='par_1_65' title="bbox 391 3295 1962 3378">
     <span class='ocr_line' id='line_1_65' title="bbox 391 3295 1962 3378; baseline 0.009 -31"><span class='ocrx_word' id='word_1_476' title='bbox 391 3295 542 3349; x_wconf 89' lang='lat' dir='ltr'><strong>litate</strong></span> <span class='ocrx_word' id='word_1_477' title='bbox 577 3305 632 3350; x_wconf 80' lang='lat' dir='ltr'><strong>et</strong></span> <span class='ocrx_word' id='word_1_478' title='bbox 665 3297 972 3356; x_wconf 89' lang='lat' dir='ltr'><strong>divinitate.</strong></span> <span class='ocrx_word' id='word_1_479' title='bbox 1026 3299 1175 3369; x_wconf 81' lang='lat' dir='ltr'><strong>Quos</strong></span> <span class='ocrx_word' id='word_1_480' title='bbox 1210 3315 1388 3359; x_wconf 89' lang='lat' dir='ltr'><strong>autem</strong></span> <span class='ocrx_word' id='word_1_481' title='bbox 1439 3323 1545 3361; x_wconf 91' lang='lat' dir='ltr'><strong>non</strong></span> <span class='ocrx_word' id='word_1_482' title='bbox 1595 3323 1735 3378; x_wconf 61' lang='lat' dir='ltr'><strong>same</strong></span> <span class='ocrx_word' id='word_1_483' title='bbox 1773 3310 1962 3378; x_wconf 83' lang='lat' dir='ltr'><strong>mittit,</strong></span> 
     </span>
    </p>
   </div>
   <div class='ocr_carea' id='block_1_66' title="bbox 392 3389 1965 3456">
    <p class='ocr_par' dir='ltr' id='par_1_66' title="bbox 392 3389 1965 3456">
     <span class='ocr_line' id='line_1_66' title="bbox 392 3389 1965 3456; baseline 0.009 -14"><span class='ocrx_word' id='word_1_484' title='bbox 392 3389 442 3443; x_wconf 87' lang='lat' dir='ltr'><strong>id</strong></span> <span class='ocrx_word' id='word_1_485' title='bbox 468 3390 673 3446; x_wconf 89' lang='lat' dir='ltr'><strong>scilicet</strong></span> <span class='ocrx_word' id='word_1_486' title='bbox 707 3393 922 3456; x_wconf 90' lang='lat' dir='ltr'><strong>accidit,</strong></span> <span class='ocrx_word' id='word_1_487' title='bbox 959 3410 1026 3448; x_wconf 89' lang='lat' dir='ltr'><strong>ne</strong></span> <span class='ocrx_word' id='word_1_488' title='bbox 1060 3395 1112 3449; x_wconf 91' lang='lat' dir='ltr'><strong>in</strong></span> <span class='ocrx_word' id='word_1_489' title='bbox 1135 3395 1403 3452; x_wconf 86' lang='lat' dir='ltr'><strong>Trinitate</strong></span> <span class='ocrx_word' id='word_1_490' title='bbox 1423 3401 1531 3453; x_wconf 94' lang='lat' dir='ltr'><strong>vim</strong></span> <span class='ocrx_word' id='word_1_491' title='bbox 1564 3400 1838 3456; x_wconf 84' lang='lat' dir='ltr'><strong>causalcm</strong></span> <span class='ocrx_word' id='word_1_492' title='bbox 1870 3405 1965 3456; x_wconf 90' lang='lat' dir='ltr'><strong>tri-</strong></span> 
     </span>
    </p>
   </div>
   <div class='ocr_carea' id='block_1_67' title="bbox 389 3478 1962 3558">
    <p class='ocr_par' dir='ltr' id='par_1_67' title="bbox 389 3478 1962 3558">
     <span class='ocr_line' id='line_1_67' title="bbox 389 3478 1962 3558; baseline 0.008 -28"><span class='ocrx_word' id='word_1_493' title='bbox 389 3478 494 3532; x_wconf 89' lang='lat' dir='ltr'><strong>bus</strong></span> <span class='ocrx_word' id='word_1_494' title='bbox 520 3492 867 3533; x_wconf 85' lang='lat' dir='ltr'><strong>communem</strong></span> <span class='ocrx_word' id='word_1_495' title='bbox 893 3481 1289 3538; x_wconf 83' lang='lat' dir='ltr'><strong>existimemus.</strong></span> <span class='ocrx_word' id='word_1_496' title='bbox 1324 3484 1530 3541; x_wconf 88' lang='lat' dir='ltr'><strong>Idcirco</strong></span> <span class='ocrx_word' id='word_1_497' title='bbox 1559 3485 1717 3542; x_wconf 88' lang='lat' dir='ltr'><strong>Pater</strong></span> <span class='ocrx_word' id='word_1_498' title='bbox 1745 3489 1962 3558; x_wconf 89' lang='lat' dir='ltr'><strong>quidem</strong></span> 
     </span>
    </p>
   </div>
   <div class='ocr_carea' id='block_1_68' title="bbox 390 3566 1967 3644">
    <p class='ocr_par' dir='ltr' id='par_1_68' title="bbox 390 3566 1967 3644">
     <span class='ocr_line' id='line_1_68' title="bbox 390 3566 1967 3644; baseline 0.009 -24"><span class='ocrx_word' id='word_1_499' title='bbox 390 3566 592 3620; x_wconf 80' lang='lat' dir='ltr'><strong>dicitur</strong></span> <span class='ocrx_word' id='word_1_500' title='bbox 624 3582 1002 3634; x_wconf 64' lang='lat' dir='ltr'><strong>saepenumero</strong></span> <span class='ocrx_word' id='word_1_501' title='bbox 1044 3586 1140 3640; x_wconf 86' lang='lat' dir='ltr'><strong>per</strong></span> <span class='ocrx_word' id='word_1_502' title='bbox 1173 3573 1434 3640; x_wconf 84' lang='lat' dir='ltr'><strong>Spiritum</strong></span> <span class='ocrx_word' id='word_1_503' title='bbox 1481 3591 1677 3644; x_wconf 75' lang='lat' dir='ltr'><strong>agere;</strong></span> <span class='ocrx_word' id='word_1_504' title='bbox 1715 3580 1967 3634; x_wconf 88' lang='lat' dir='ltr'><strong>similiter</strong></span> 
     </span>
    </p>
   </div>
   <div class='ocr_carea' id='block_1_69' title="bbox 390 3654 1966 3732">
    <p class='ocr_par' dir='ltr' id='par_1_69' title="bbox 390 3654 1966 3732">
     <span class='ocr_line' id='line_1_69' title="bbox 390 3654 1966 3732; baseline 0.01 -25"><span class='ocrx_word' id='word_1_505' title='bbox 390 3654 549 3708; x_wconf 85' lang='lat' dir='ltr'><strong>etiam</strong></span> <span class='ocrx_word' id='word_1_506' title='bbox 584 3670 677 3722; x_wconf 86' lang='lat' dir='ltr'><strong>per</strong></span> <span class='ocrx_word' id='word_1_507' title='bbox 708 3655 928 3712; x_wconf 90' lang='lat' dir='ltr'><strong>Filium.</strong></span> <span class='ocrx_word' id='word_1_508' title='bbox 972 3657 1105 3712; x_wconf 91' lang='lat' dir='ltr'><strong>Illud</strong></span> <span class='ocrx_word' id='word_1_509' title='bbox 1134 3671 1314 3715; x_wconf 90' lang='lat' dir='ltr'><strong>autem</strong></span> <span class='ocrx_word' id='word_1_510' title='bbox 1343 3679 1483 3732; x_wconf 67' lang='lat' dir='ltr'><strong>saepe</strong></span> <span class='ocrx_word' id='word_1_511' title='bbox 1511 3666 1624 3719; x_wconf 71' lang='lat' dir='ltr'><strong>tiu-ri</strong></span> <span class='ocrx_word' id='word_1_512' title='bbox 1658 3668 1878 3732; x_wconf 87' lang='lat' dir='ltr'><strong>dicitur,</strong></span> <span class='ocrx_word' id='word_1_513' title='bbox 1909 3678 1966 3722; x_wconf 92' lang='lat' dir='ltr'><strong>ut</strong></span> 
     </span>
    </p>
   </div>
   <div class='ocr_carea' id='block_1_70' title="bbox 395 3745 1966 3829">
    <p class='ocr_par' dir='ltr' id='par_1_70' title="bbox 395 3745 1966 3829">
     <span class='ocr_line' id='line_1_70' title="bbox 395 3745 1966 3829; baseline 0.01 -31"><span class='ocrx_word' id='word_1_514' title='bbox 395 3745 536 3800; x_wconf 86' lang='lat' dir='ltr'><strong>Patri</strong></span> <span class='ocrx_word' id='word_1_515' title='bbox 570 3746 812 3803; x_wconf 83' lang='lat' dir='ltr'><strong>causalis</strong></span> <span class='ocrx_word' id='word_1_516' title='bbox 842 3749 924 3802; x_wconf 86' lang='lat' dir='ltr'><strong>vis</strong></span> <span class='ocrx_word' id='word_1_517' title='bbox 953 3752 1306 3807; x_wconf 80' lang='lat' dir='ltr'><strong>conﬁrmetur</strong></span> <span class='ocrx_word' id='word_1_518' title='bbox 1332 3773 1345 3808; x_wconf 95' lang='lat'><strong>:</strong></span> <span class='ocrx_word' id='word_1_519' title='bbox 1372 3757 1550 3809; x_wconf 89' lang='lat' dir='ltr'><strong>rarius</strong></span> <span class='ocrx_word' id='word_1_520' title='bbox 1589 3767 1769 3811; x_wconf 89' lang='lat' dir='ltr'><strong>autem</strong></span> <span class='ocrx_word' id='word_1_521' title='bbox 1807 3775 1966 3829; x_wconf 81' lang='lat' dir='ltr'><strong>agere</strong></span> 
     </span>
    </p>
   </div>
   <div class='ocr_carea' id='block_1_71' title="bbox 393 3840 1967 3920">
    <p class='ocr_par' dir='ltr' id='par_1_71' title="bbox 393 3840 1967 3920">
     <span class='ocr_line' id='line_1_71' title="bbox 393 3840 1967 3920; baseline 0.011 -31"><span class='ocrx_word' id='word_1_522' title='bbox 393 3853 485 3908; x_wconf 83' lang='lat' dir='ltr'><strong>per</strong></span> <span class='ocrx_word' id='word_1_523' title='bbox 513 3840 727 3894; x_wconf 66' lang='lat' dir='ltr'><strong>Patrem</strong></span> <span class='ocrx_word' id='word_1_524' title='bbox 763 3841 1002 3910; x_wconf 86' lang='lat' dir='ltr'><strong>Spiritus</strong></span> <span class='ocrx_word' id='word_1_525' title='bbox 1035 3843 1237 3899; x_wconf 85' lang='lat' dir='ltr'><strong>dicitur</strong></span> <span class='ocrx_word' id='word_1_526' title='bbox 1275 3845 1357 3900; x_wconf 84' lang='lat' dir='ltr'><strong>vel</strong></span> <span class='ocrx_word' id='word_1_527' title='bbox 1391 3845 1599 3914; x_wconf 85' lang='lat' dir='ltr'><strong>Filius,</strong></span> <span class='ocrx_word' id='word_1_528' title='bbox 1635 3865 1700 3904; x_wconf 91' lang='lat' dir='ltr'><strong>ne</strong></span> <span class='ocrx_word' id='word_1_529' title='bbox 1735 3851 1779 3904; x_wconf 91' lang='lat' dir='ltr'><strong>si</strong></span> <span class='ocrx_word' id='word_1_530' title='bbox 1825 3867 1967 3920; x_wconf 86' lang='lat' dir='ltr'><strong>saepe</strong></span> 
     </span>
    </p>
   </div>
   <div class='ocr_carea' id='block_1_72' title="bbox 392 3927 1963 4003">
    <p class='ocr_par' dir='ltr' id='par_1_72' title="bbox 392 3927 1963 4003">
     <span class='ocr_line' id='line_1_72' title="bbox 392 3927 1963 4003; baseline 0.006 -21"><span class='ocrx_word' id='word_1_531' title='bbox 392 3941 486 3995; x_wconf 89' lang='lat' dir='ltr'><strong>per</strong></span> <span class='ocrx_word' id='word_1_532' title='bbox 517 3927 735 3982; x_wconf 87' lang='lat' dir='ltr'><strong>Patrem</strong></span> <span class='ocrx_word' id='word_1_533' title='bbox 765 3944 928 3999; x_wconf 86' lang='lat' dir='ltr'><strong>agere</strong></span> <span class='ocrx_word' id='word_1_534' title='bbox 963 3929 1198 4000; x_wconf 80' lang='lat' dir='ltr'><strong>Spiritus</strong></span> <span class='ocrx_word' id='word_1_535' title='bbox 1231 3941 1392 4001; x_wconf 83' lang='lat' dir='ltr'><strong>atque</strong></span> <span class='ocrx_word' id='word_1_536' title='bbox 1425 3933 1598 3989; x_wconf 84' lang='lat' dir='ltr'><strong>Filius</strong></span> <span class='ocrx_word' id='word_1_537' title='bbox 1629 3935 1963 4003; x_wconf 86' lang='lat' dir='ltr'><strong>dicerentur,</strong></span> 
     </span>
    </p>
   </div>
   <div class='ocr_carea' id='block_1_73' title="bbox 341 4018 1968 4094">
    <p class='ocr_par' dir='ltr' id='par_1_73' title="bbox 341 4018 1968 4094">
     <span class='ocr_line' id='line_1_73' title="bbox 341 4018 1968 4094; baseline 0.007 -21"><span class='ocrx_word' id='word_1_538' title='bbox 341 4089 344 4094; x_wconf 92' lang='lat'><strong>_</strong></span> <span class='ocrx_word' id='word_1_539' title='bbox 389 4018 659 4080; x_wconf 85' lang='lat' dir='ltr'><strong>malitiosa</strong></span> <span class='ocrx_word' id='word_1_540' title='bbox 690 4027 854 4089; x_wconf 82' lang='lat' dir='ltr'><strong>atque</strong></span> <span class='ocrx_word' id='word_1_541' title='bbox 891 4032 1108 4077; x_wconf 86' lang='lat' dir='ltr'><strong>versuta</strong></span> <span class='ocrx_word' id='word_1_542' title='bbox 1142 4024 1519 4079; x_wconf 67' lang='lat' dir='ltr'><strong>haereticorum</strong></span> <span class='ocrx_word' id='word_1_543' title='bbox 1552 4028 1729 4083; x_wconf 84' lang='lat' dir='ltr'><strong>rabies</strong></span> <span class='ocrx_word' id='word_1_544' title='bbox 1756 4029 1968 4085; x_wconf 91' lang='lat' dir='ltr'><strong>minore</strong></span> 
     </span>
    </p>
   </div>
   <div class='ocr_carea' id='block_1_74' title="bbox 390 4113 1968 4187">
    <p class='ocr_par' dir='ltr' id='par_1_74' title="bbox 390 4113 1968 4187">
     <span class='ocr_line' id='line_1_74' title="bbox 390 4113 1968 4187; baseline 0.009 -23"><span class='ocrx_word' id='word_1_545' title='bbox 390 4113 578 4164; x_wconf 84' lang='lat' dir='ltr'><strong>ordine</strong></span> <span class='ocrx_word' id='word_1_546' title='bbox 604 4126 896 4180; x_wconf 86' lang='lat' dir='ltr'><strong>personam</strong></span> <span class='ocrx_word' id='word_1_547' title='bbox 928 4115 1268 4186; x_wconf 80' lang='lat' dir='ltr'><strong>gloriamque</strong></span> <span class='ocrx_word' id='word_1_548' title='bbox 1301 4117 1476 4173; x_wconf 89' lang='lat' dir='ltr'><strong>Patris</strong></span> <span class='ocrx_word' id='word_1_549' title='bbox 1505 4119 1799 4176; x_wconf 84' lang='lat' dir='ltr'><strong>collocaret</strong></span> <span class='ocrx_word' id='word_1_550' title='bbox 1826 4139 1840 4187; x_wconf 93' lang='lat'><strong>;</strong></span> <span class='ocrx_word' id='word_1_551' title='bbox 1875 4135 1968 4179; x_wconf 84' lang='lat' dir='ltr'><strong>aut</strong></span> 
     </span>
    </p>
   </div>
   <div class='ocr_carea' id='block_1_75' title="bbox 386 4204 1968 4284">
    <p class='ocr_par' dir='ltr' id='par_1_75' title="bbox 386 4204 1968 4284">
     <span class='ocr_line' id='line_1_75' title="bbox 386 4204 1968 4284; baseline 0.008 -28"><span class='ocrx_word' id='word_1_552' title='bbox 386 4204 533 4271; x_wconf 87' lang='lat' dir='ltr'><strong>quod</strong></span> <span class='ocrx_word' id='word_1_553' title='bbox 577 4206 750 4269; x_wconf 75' lang='lat' dir='ltr'><strong>magis</strong></span> <span class='ocrx_word' id='word_1_554' title='bbox 780 4206 997 4259; x_wconf 85' lang='lat' dir='ltr'><strong>obvium</strong></span> <span class='ocrx_word' id='word_1_555' title='bbox 1031 4215 1215 4270; x_wconf 85' lang='lat' dir='ltr'><strong>esset,</strong></span> <span class='ocrx_word' id='word_1_556' title='bbox 1257 4210 1630 4266; x_wconf 86' lang='lat' dir='ltr'><strong>causalitatem</strong></span> <span class='ocrx_word' id='word_1_557' title='bbox 1670 4213 1744 4266; x_wconf 92' lang='lat' dir='ltr'><strong>illi</strong></span> <span class='ocrx_word' id='word_1_558' title='bbox 1787 4216 1968 4284; x_wconf 89' lang='lat' dir='ltr'><strong>eripe-</strong></span> 
     </span>
    </p>
   </div>
   <div class='ocr_carea' id='block_1_76' title="bbox 391 4292 1964 4371">
    <p class='ocr_par' dir='ltr' id='par_1_76' title="bbox 391 4292 1964 4371">
     <span class='ocr_line' id='line_1_76' title="bbox 391 4292 1964 4371; baseline 0.009 -25"><span class='ocrx_word' id='word_1_559' title='bbox 391 4304 488 4360; x_wconf 83' lang='lat' dir='ltr'><strong>re_t.</strong></span> <span class='ocrx_word' id='word_1_560' title='bbox 526 4292 689 4350; x_wconf 84' lang='lat' dir='ltr'><strong>Mittit</strong></span> <span class='ocrx_word' id='word_1_561' title='bbox 717 4297 878 4350; x_wconf 82' lang='lat' dir='ltr'><strong>Pater</strong></span> <span class='ocrx_word' id='word_1_562' title='bbox 907 4297 1169 4366; x_wconf 88' lang='lat' dir='ltr'><strong>Spirituut</strong></span> <span class='ocrx_word' id='word_1_563' title='bbox 1218 4311 1380 4371; x_wconf 88' lang='lat' dir='ltr'><strong>atque</strong></span> <span class='ocrx_word' id='word_1_564' title='bbox 1415 4301 1632 4357; x_wconf 75' lang='lat' dir='ltr'><strong>Filium:</strong></span> <span class='ocrx_word' id='word_1_565' title='bbox 1666 4302 1831 4359; x_wconf 81' lang='lat' dir='ltr'><strong>Mittit</strong></span> <span class='ocrx_word' id='word_1_566' title='bbox 1859 4307 1964 4360; x_wconf 89' lang='lat' dir='ltr'><strong>Pa-</strong></span> 
     </span>
    </p>
   </div>
   <div class='ocr_carea' id='block_1_77' title="bbox 391 4388 1522 4458">
    <p class='ocr_par' dir='ltr' id='par_1_77' title="bbox 391 4388 1522 4458">
     <span class='ocr_line' id='line_1_77' title="bbox 391 4388 1522 4458; baseline 0.007 -18"><span class='ocrx_word' id='word_1_567' title='bbox 391 4397 528 4440; x_wconf 83' lang='lat' dir='ltr'><strong>trem</strong></span> <span class='ocrx_word' id='word_1_568' title='bbox 577 4388 742 4442; x_wconf 88' lang='lat' dir='ltr'><strong>etiam</strong></span> <span class='ocrx_word' id='word_1_569' title='bbox 794 4389 1037 4456; x_wconf 86' lang='lat' dir='ltr'><strong>Spiritus</strong></span> <span class='ocrx_word' id='word_1_570' title='bbox 1081 4390 1317 4458; x_wconf 80' lang='lat' dir='ltr'><strong>itemque</strong></span> <span class='ocrx_word' id='word_1_571' title='bbox 1352 4391 1522 4448; x_wconf 85' lang='lat' dir='ltr'><strong>Filius</strong></span> 
     </span>
    </p>
   </div>
   <div class='ocr_carea' id='block_1_78' title="bbox 388 4481 1965 4551">
    <p class='ocr_par' dir='ltr' id='par_1_78' title="bbox 388 4481 1965 4551">
     <span class='ocr_line' id='line_1_78' title="bbox 388 4481 1965 4551; baseline 0.005 -17"><span class='ocrx_word' id='word_1_572' title='bbox 388 4481 692 4548; x_wconf 82' lang='lat' dir='ltr'><strong>aequalitas.</strong></span> <span class='ocrx_word' id='word_1_573' title='bbox 723 4481 788 4534; x_wconf 82' lang='lat' dir='ltr'><strong>At</strong></span> <span class='ocrx_word' id='word_1_574' title='bbox 820 4481 970 4535; x_wconf 88' lang='lat' dir='ltr'><strong>enim</strong></span> <span class='ocrx_word' id='word_1_575' title='bbox 1004 4484 1203 4551; x_wconf 63' lang='lat' dir='ltr'><strong>stepius</strong></span> <span class='ocrx_word' id='word_1_576' title='bbox 1242 4484 1409 4538; x_wconf 88' lang='lat' dir='ltr'><strong>mittit</strong></span> <span class='ocrx_word' id='word_1_577' title='bbox 1438 4484 1595 4541; x_wconf 85' lang='lat' dir='ltr'><strong>Pater</strong></span> <span class='ocrx_word' id='word_1_578' title='bbox 1632 4503 1645 4540; x_wconf 88' lang='lat'><strong>:</strong></span> <span class='ocrx_word' id='word_1_579' title='bbox 1674 4501 1741 4540; x_wconf 86' lang='lat' dir='ltr'><strong>en</strong></span> <span class='ocrx_word' id='word_1_580' title='bbox 1774 4501 1965 4542; x_wconf 87' lang='lat' dir='ltr'><strong>cansa-</strong></span> 
     </span>
    </p>
   </div>
   <div class='ocr_carea' id='block_1_79' title="bbox 388 4571 1965 4642">
    <p class='ocr_par' dir='ltr' id='par_1_79' title="bbox 388 4571 1965 4642">
     <span class='ocr_line' id='line_1_79' title="bbox 388 4571 1965 4642; baseline 0.003 -16"><span class='ocrx_word' id='word_1_581' title='bbox 388 4571 556 4626; x_wconf 83' lang='lat' dir='ltr'><strong>litatis</strong></span> <span class='ocrx_word' id='word_1_582' title='bbox 595 4574 978 4642; x_wconf 60' lang='lat' dir='ltr'><strong>praerogativa.</strong></span> <span class='ocrx_word' id='word_1_583' title='bbox 1021 4571 1094 4627; x_wconf 89' lang='lat' dir='ltr'><strong>Ita</strong></span> <span class='ocrx_word' id='word_1_584' title='bbox 1145 4575 1265 4628; x_wconf 91' lang='lat' dir='ltr'><strong>sine</strong></span> <span class='ocrx_word' id='word_1_585' title='bbox 1310 4577 1418 4630; x_wconf 91' lang='lat' dir='ltr'><strong>ulla</strong></span> <span class='ocrx_word' id='word_1_586' title='bbox 1466 4577 1784 4632; x_wconf 84' lang='lat' dir='ltr'><strong>diversitate</strong></span> <span class='ocrx_word' id='word_1_587' title='bbox 1831 4581 1965 4634; x_wconf 87' lang='lat' dir='ltr'><strong>sub-</strong></span> 
     </span>
    </p>
   </div>
   <div class='ocr_carea' id='block_1_80' title="bbox 387 4665 1967 4740">
    <p class='ocr_par' dir='ltr' id='par_1_80' title="bbox 387 4665 1967 4740">
     <span class='ocr_line' id='line_1_80' title="bbox 387 4665 1967 4740; baseline 0.004 -22"><span class='ocrx_word' id='word_1_588' title='bbox 387 4665 605 4719; x_wconf 65' lang='lat' dir='ltr'><strong>stantiae</strong></span> <span class='ocrx_word' id='word_1_589' title='bbox 640 4666 817 4735; x_wconf 86' lang='lat' dir='ltr'><strong>patria</strong></span> <span class='ocrx_word' id='word_1_590' title='bbox 867 4667 1175 4736; x_wconf 84' lang='lat' dir='ltr'><strong>proprietas</strong></span> <span class='ocrx_word' id='word_1_591' title='bbox 1221 4669 1432 4734; x_wconf 89' lang='lat' dir='ltr'><strong>elucet;</strong></span> <span class='ocrx_word' id='word_1_592' title='bbox 1463 4670 1766 4740; x_wconf 89' lang='lat' dir='ltr'><strong>eademque</strong></span> <span class='ocrx_word' id='word_1_593' title='bbox 1800 4672 1967 4726; x_wconf 88' lang='lat' dir='ltr'><strong>simul</strong></span> 
     </span>
    </p>
   </div>
   <div class='ocr_carea' id='block_1_81' title="bbox 387 4757 1971 4833">
    <p class='ocr_par' dir='ltr' id='par_1_81' title="bbox 387 4757 1971 4833">
     <span class='ocr_line' id='line_1_81' title="bbox 387 4757 1971 4833; baseline 0.004 -23"><span class='ocrx_word' id='word_1_594' title='bbox 387 4758 604 4812; x_wconf 82' lang='lat' dir='ltr'><strong>elucere</strong></span> <span class='ocrx_word' id='word_1_595' title='bbox 636 4757 770 4812; x_wconf 92' lang='lat' dir='ltr'><strong>sinit</strong></span> <span class='ocrx_word' id='word_1_596' title='bbox 800 4758 1164 4830; x_wconf 82' lang='lat' dir='ltr'><strong>illorum,&#39;qui</strong></span> <span class='ocrx_word' id='word_1_597' title='bbox 1197 4774 1226 4813; x_wconf 89' lang='lat' dir='ltr'><strong>a</strong></span> <span class='ocrx_word' id='word_1_598' title='bbox 1259 4775 1318 4815; x_wconf 92' lang='lat' dir='ltr'><strong>se</strong></span> <span class='ocrx_word' id='word_1_599' title='bbox 1342 4763 1666 4830; x_wconf 86' lang='lat' dir='ltr'><strong>procedunt,</strong></span> <span class='ocrx_word' id='word_1_600' title='bbox 1707 4762 1971 4833; x_wconf 79' lang='lat' dir='ltr'><strong>homoge-</strong></span> 
     </span>
    </p>
   </div>
   <div class='ocr_carea' id='block_1_82' title="bbox 389 4847 1356 4920">
    <p class='ocr_par' dir='ltr' id='par_1_82' title="bbox 389 4847 1356 4920">
     <span class='ocr_line' id='line_1_82' title="bbox 389 4847 1356 4920; baseline 0.003 -18"><span class='ocrx_word' id='word_1_601' title='bbox 389 4847 648 4908; x_wconf 88' lang='lat' dir='ltr'><strong>neitatem</strong></span> <span class='ocrx_word' id='word_1_602' title='bbox 679 4849 1019 4920; x_wconf 91' lang='lat' dir='ltr'><strong>honorisque</strong></span> <span class='ocrx_word' id='word_1_603' title='bbox 1040 4851 1356 4920; x_wconf 89' lang='lat' dir='ltr'><strong>paritatem.</strong></span> 
     </span>
    </p>
   </div>
   <div class='ocr_carea' id='block_1_83' title="bbox 455 4939 1969 5014">
    <p class='ocr_par' dir='ltr' id='par_1_83' title="bbox 455 4939 1969 5014">
     <span class='ocr_line' id='line_1_83' title="bbox 455 4939 1969 5014; baseline 0.005 -18"><span class='ocrx_word' id='word_1_604' title='bbox 455 4942 510 4996; x_wconf 75' lang='grc'><strong>4.</strong></span> <span class='ocrx_word' id='word_1_605' title='bbox 545 4939 757 4996; x_wconf 84' lang='lat' dir='ltr'><strong>Dicitur</strong></span> <span class='ocrx_word' id='word_1_606' title='bbox 799 4957 931 5012; x_wconf 81' lang='lat' dir='ltr'><strong>ergo</strong></span> <span class='ocrx_word' id='word_1_607' title='bbox 964 4943 1129 4998; x_wconf 90' lang='lat' dir='ltr'><strong>Pater</strong></span> <span class='ocrx_word' id='word_1_608' title='bbox 1159 4960 1258 5014; x_wconf 88' lang='lat' dir='ltr'><strong>per</strong></span> <span class='ocrx_word' id='word_1_609' title='bbox 1291 4943 1490 4998; x_wconf 92' lang='lat' dir='ltr'><strong>Filium</strong></span> <span class='ocrx_word' id='word_1_610' title='bbox 1534 4959 1624 5001; x_wconf 88' lang='lat' dir='ltr'><strong>res</strong></span> <span class='ocrx_word' id='word_1_611' title='bbox 1657 4956 1872 5002; x_wconf 83' lang='lat' dir='ltr'><strong>creatas</strong></span> <span class='ocrx_word' id='word_1_612' title='bbox 1900 4963 1969 5003; x_wconf 86' lang='lat' dir='ltr'><strong>ex</strong></span> 
     </span>
    </p>
   </div>
   <div class='ocr_carea' id='block_1_84' title="bbox 387 5033 1971 5109">
    <p class='ocr_par' dir='ltr' id='par_1_84' title="bbox 387 5033 1971 5109">
     <span class='ocr_line' id='line_1_84' title="bbox 387 5033 1971 5109; baseline 0.004 -21"><span class='ocrx_word' id='word_1_613' title='bbox 387 5033 562 5088; x_wconf 86' lang='lat' dir='ltr'><strong>nihilo</strong></span> <span class='ocrx_word' id='word_1_614' title='bbox 590 5033 960 5104; x_wconf 79' lang='lat' dir='ltr'><strong>produxisse;</strong></span> <span class='ocrx_word' id='word_1_615' title='bbox 994 5047 1251 5107; x_wconf 55' lang='lat' dir='ltr'><strong>prasterea</strong></span> <span class='ocrx_word' id='word_1_616' title='bbox 1287 5037 1497 5093; x_wconf 78' lang='lat' dir='ltr'><strong>Veteris</strong></span> <span class='ocrx_word' id='word_1_617' title='bbox 1531 5052 1750 5109; x_wconf 91' lang='lat' dir='ltr'><strong>quoque</strong></span> <span class='ocrx_word' id='word_1_618' title='bbox 1776 5039 1971 5095; x_wconf 80' lang='lat' dir='ltr'><strong>Testa-</strong></span> 
     </span>
    </p>
   </div>
   <div class='ocr_carea' id='block_1_85' title="bbox 389 5124 1976 5198">
    <p class='ocr_par' dir='ltr' id='par_1_85' title="bbox 389 5124 1976 5198">
     <span class='ocr_line' id='line_1_85' title="bbox 389 5124 1976 5198; baseline 0.006 -20"><span class='ocrx_word' id='word_1_619' title='bbox 389 5125 560 5179; x_wconf 88' lang='lat' dir='ltr'><strong>menti</strong></span> <span class='ocrx_word' id='word_1_620' title='bbox 583 5124 952 5196; x_wconf 80' lang='lat' dir='ltr'><strong>legislatorem</strong></span> <span class='ocrx_word' id='word_1_621' title='bbox 985 5131 1238 5185; x_wconf 88' lang='lat' dir='ltr'><strong>eumdem</strong></span> <span class='ocrx_word' id='word_1_622' title='bbox 1269 5129 1532 5198; x_wconf 59' lang='lat' dir='ltr'><strong>praedicat</strong></span> <span class='ocrx_word' id='word_1_623' title='bbox 1559 5147 1572 5183; x_wconf 92' lang='lat'><strong>:</strong></span> <span class='ocrx_word' id='word_1_624' title='bbox 1607 5131 1790 5186; x_wconf 89' lang='lat' dir='ltr'><strong>divina</strong></span> <span class='ocrx_word' id='word_1_625' title='bbox 1815 5133 1976 5188; x_wconf 90' lang='lat' dir='ltr'><strong>nimi-</strong></span> 
     </span>
    </p>
   </div>
   <div class='ocr_carea' id='block_1_86' title="bbox 389 5215 1976 5293">
    <p class='ocr_par' dir='ltr' id='par_1_86' title="bbox 389 5215 1976 5293">
     <span class='ocr_line' id='line_1_86' title="bbox 389 5215 1976 5293; baseline 0.005 -21"><span class='ocrx_word' id='word_1_626' title='bbox 389 5231 510 5272; x_wconf 88' lang='lat' dir='ltr'><strong>rum</strong></span> <span class='ocrx_word' id='word_1_627' title='bbox 536 5215 885 5275; x_wconf 83' lang='lat' dir='ltr'><strong>Providentia</strong></span> <span class='ocrx_word' id='word_1_628' title='bbox 913 5221 1086 5276; x_wconf 86' lang='lat' dir='ltr'><strong>multo</strong></span> <span class='ocrx_word' id='word_1_629' title='bbox 1117 5231 1278 5276; x_wconf 89' lang='lat' dir='ltr'><strong>antea</strong></span> <span class='ocrx_word' id='word_1_630' title='bbox 1309 5220 1587 5277; x_wconf 81' lang='lat' dir='ltr'><strong>refutante</strong></span> <span class='ocrx_word' id='word_1_631' title='bbox 1616 5223 1976 5293; x_wconf 82' lang='lat' dir='ltr'><strong>funditusque</strong></span> 
     </span>
    </p>
   </div>
   <div class='ocr_carea' id='block_1_87' title="bbox 389 5313 1977 5387">
    <p class='ocr_par' dir='ltr' id='par_1_87' title="bbox 389 5313 1977 5387">
     <span class='ocr_line' id='line_1_87' title="bbox 389 5313 1977 5387; baseline 0.006 -24"><span class='ocrx_word' id='word_1_632' title='bbox 389 5318 666 5366; x_wconf 85' lang='lat' dir='ltr'><strong>evertente</strong></span> <span class='ocrx_word' id='word_1_633' title='bbox 716 5313 932 5370; x_wconf 89' lang='lat' dir='ltr'><strong>illorum</strong></span> <span class='ocrx_word' id='word_1_634' title='bbox 981 5314 1257 5369; x_wconf 86' lang='lat' dir='ltr'><strong>insaniam</strong></span> <span class='ocrx_word' id='word_1_635' title='bbox 1283 5353 1299 5376; x_wconf 85' lang='lat'><strong>,</strong></span> <span class='ocrx_word' id='word_1_636' title='bbox 1335 5314 1428 5383; x_wconf 90' lang='lat' dir='ltr'><strong>qui</strong></span> <span class='ocrx_word' id='word_1_637' title='bbox 1461 5313 1626 5370; x_wconf 87' lang='lat' dir='ltr'><strong>Vetus</strong></span> <span class='ocrx_word' id='word_1_638' title='bbox 1655 5314 1977 5387; x_wconf 85' lang='lat' dir='ltr'><strong>Novumque</strong></span> 
     </span>
    </p>
   </div>
   <div class='ocr_carea' id='block_1_88' title="bbox 391 5400 1972 5478">
    <p class='ocr_par' dir='ltr' id='par_1_88' title="bbox 391 5400 1972 5478">
     <span class='ocr_line' id='line_1_88' title="bbox 391 5400 1972 5478; baseline 0.007 -25"><span class='ocrx_word' id='word_1_639' title='bbox 391 5400 798 5458; x_wconf 73' lang='lat' dir='ltr'><strong>Testamentum</strong></span> <span class='ocrx_word' id='word_1_640' title='bbox 860 5406 925 5460; x_wconf 88' lang='lat' dir='ltr'><strong>ad</strong></span> <span class='ocrx_word' id='word_1_641' title='bbox 977 5406 1087 5460; x_wconf 91' lang='lat' dir='ltr'><strong>duo</strong></span> <span class='ocrx_word' id='word_1_642' title='bbox 1127 5407 1400 5459; x_wconf 89' lang='lat' dir='ltr'><strong>contraria</strong></span> <span class='ocrx_word' id='word_1_643' title='bbox 1451 5407 1718 5478; x_wconf 89' lang='lat' dir='ltr'><strong>principia</strong></span> <span class='ocrx_word' id='word_1_644' title='bbox 1769 5407 1972 5464; x_wconf 78' lang='lat' dir='ltr'><strong>rel‘erre</strong></span> 
     </span>
    </p>
   </div>
   <div class='ocr_carea' id='block_1_89' title="bbox 390 5493 1970 5564">
    <p class='ocr_par' dir='ltr' id='par_1_89' title="bbox 390 5493 1970 5564">
     <span class='ocr_line' id='line_1_89' title="bbox 390 5493 1970 5564; baseline 0.004 -20"><span class='ocrx_word' id='word_1_645' title='bbox 390 5493 611 5553; x_wconf 69' lang='lat' dir='ltr'><strong>audent.</strong></span> <span class='ocrx_word' id='word_1_646' title='bbox 645 5493 778 5548; x_wconf 83' lang='lat' dir='ltr'><strong>Nam</strong></span> <span class='ocrx_word' id='word_1_647' title='bbox 811 5497 854 5551; x_wconf 93' lang='lat' dir='ltr'><strong>si</strong></span> <span class='ocrx_word' id='word_1_648' title='bbox 877 5495 1126 5552; x_wconf 87' lang='lat' dir='ltr'><strong>Ecclesia</strong></span> <span class='ocrx_word' id='word_1_649' title='bbox 1168 5496 1370 5551; x_wconf 88' lang='lat' dir='ltr'><strong>diserte</strong></span> <span class='ocrx_word' id='word_1_650' title='bbox 1397 5497 1522 5552; x_wconf 83' lang='lat' dir='ltr'><strong>licet</strong></span> <span class='ocrx_word' id='word_1_651' title='bbox 1557 5497 1782 5564; x_wconf 77' lang='lat' dir='ltr'><strong>fatente,</strong></span> <span class='ocrx_word' id='word_1_652' title='bbox 1806 5497 1970 5552; x_wconf 81' lang='lat' dir='ltr'><strong>Chri-</strong></span> 
     </span>
    </p>
   </div>
   <div class='ocr_carea' id='block_1_90' title="bbox 393 5587 1966 5653">
    <p class='ocr_par' dir='ltr' id='par_1_90' title="bbox 393 5587 1966 5653">
     <span class='ocr_line' id='line_1_90' title="bbox 393 5587 1966 5653; baseline 0.004 -17"><span class='ocrx_word' id='word_1_653' title='bbox 393 5593 473 5648; x_wconf 57' lang='lat' dir='ltr'><strong>stu</strong></span> <span class='ocrx_word' id='word_1_654' title='bbox 485 5602 530 5638; x_wconf 82' lang='grc' dir='ltr'><strong>ιιι</strong></span> <span class='ocrx_word' id='word_1_655' title='bbox 555 5588 902 5642; x_wconf 90' lang='lat' dir='ltr'><strong>oraculorum</strong></span> <span class='ocrx_word' id='word_1_656' title='bbox 924 5596 1168 5642; x_wconf 86' lang='lat' dir='ltr'><strong>veterum</strong></span> <span class='ocrx_word' id='word_1_657' title='bbox 1184 5587 1467 5642; x_wconf 84' lang='lat' dir='ltr'><strong>veritatem</strong></span> <span class='ocrx_word' id='word_1_658' title='bbox 1484 5588 1679 5644; x_wconf 89' lang='lat' dir='ltr'><strong>demon</strong></span> <span class='ocrx_word' id='word_1_659' title='bbox 1690 5589 1966 5653; x_wconf 87' lang='lat' dir='ltr'><strong>stravisse,</strong></span> 
     </span>
    </p>
   </div>
   <div class='ocr_carea' id='block_1_91' title="bbox 463 5695 1377 5763">
    <p class='ocr_par' dir='ltr' id='par_1_91' title="bbox 463 5695 1377 5763">
     <span class='ocr_line' id='line_1_91' title="bbox 463 5695 1377 5763; baseline -0.003 -8"><span class='ocrx_word' id='word_1_660' title='bbox 463 5697 504 5736; x_wconf 58' lang='grc'><strong>⁵³·</strong></span> <span class='ocrx_word' id='word_1_661' title='bbox 536 5695 700 5757; x_wconf 60' lang='grc' dir='ltr'>διατι.</span> <span class='ocrx_word' id='word_1_662' title='bbox 747 5716 783 5763; x_wconf 86' lang='grc' dir='ltr'><strong>ι,</strong></span> <span class='ocrx_word' id='word_1_663' title='bbox 820 5699 906 5753; x_wconf 72' lang='grc'><strong>10.</strong></span> <span class='ocrx_word' id='word_1_664' title='bbox 946 5699 1104 5755; x_wconf 76' lang='lat' dir='ltr'><strong>Rom.</strong></span> <span class='ocrx_word' id='word_1_665' title='bbox 1139 5715 1252 5759; x_wconf 74' lang='lat' dir='ltr'><strong>riu,</strong></span> <span class='ocrx_word' id='word_1_666' title='bbox 1294 5701 1377 5752; x_wconf 85' lang='lat' dir='ltr'><strong>ll.</strong></span> 
     </span>
    </p>
   </div>
   <div class='ocr_carea' id='block_1_92' title="bbox 2065 3112 3628 3190">
    <p class='ocr_par' dir='ltr' id='par_1_92' title="bbox 2065 3112 3628 3190">
     <span class='ocr_line' id='line_1_92' title="bbox 2065 3112 3628 3190; baseline -0.012 -7"><span class='ocrx_word' id='word_1_667' title='bbox 2065 3127 2416 3184; x_wconf 78' lang='grc' dir='ltr'>ἀποστέλλειν</span> <span class='ocrx_word' id='word_1_668' title='bbox 2437 3166 2449 3186; x_wconf 87' lang='grc'><strong>,</strong></span> <span class='ocrx_word' id='word_1_669' title='bbox 2487 3124 2627 3185; x_wconf 80' lang='grc' dir='ltr'>ὅλως</span> <span class='ocrx_word' id='word_1_670' title='bbox 2657 3123 2755 3190; x_wconf 78' lang='grc' dir='ltr'>τῆς</span> <span class='ocrx_word' id='word_1_671' title='bbox 2790 3120 2962 3187; x_wconf 74' lang='grc' dir='ltr'>αὐτῆς</span> <span class='ocrx_word' id='word_1_672' title='bbox 2996 3117 3071 3188; x_wconf 81' lang='grc' dir='ltr'>μὴ</span> <span class='ocrx_word' id='word_1_673' title='bbox 3102 3115 3351 3186; x_wconf 82' lang='grc' dir='ltr'>διαπέσῃ</span> <span class='ocrx_word' id='word_1_674' title='bbox 3387 3113 3522 3168; x_wconf 84' lang='grc' dir='ltr'><strong>κατά</strong></span> <span class='ocrx_word' id='word_1_675' title='bbox 3547 3112 3628 3181; x_wconf 79' lang='grc' dir='ltr'>τὴν</span> 
     </span>
    </p>
   </div>
   <div class='ocr_carea' id='block_1_93' title="bbox 2066 3202 3629 3290">
    <p class='ocr_par' dir='ltr' id='par_1_93' title="bbox 2066 3202 3629 3290">
     <span class='ocr_line' id='line_1_93' title="bbox 2066 3202 3629 3290; baseline -0.012 -18"><span class='ocrx_word' id='word_1_676' title='bbox 2066 3217 2348 3290; x_wconf 83' lang='grc' dir='ltr'>αἱρετικὴν</span> <span class='ocrx_word' id='word_1_677' title='bbox 2383 3211 2765 3284; x_wconf 83' lang='grc' dir='ltr'>γλωσσαλγίαν</span> <span class='ocrx_word' id='word_1_678' title='bbox 2793 3209 3065 3279; x_wconf 77' lang='grc' dir='ltr'>ἰσοτιμίας</span> <span class='ocrx_word' id='word_1_679' title='bbox 3110 3208 3204 3260; x_wconf 75' lang='grc' dir='ltr'><strong>καὶ</strong></span> <span class='ocrx_word' id='word_1_680' title='bbox 3243 3207 3520 3275; x_wconf 81' lang='grc' dir='ltr'>θεότητος·</span> <span class='ocrx_word' id='word_1_681' title='bbox 3555 3202 3629 3254; x_wconf 72' lang='grc' dir='ltr'><strong>διὰ</strong></span> 
     </span>
    </p>
   </div>
   <div class='ocr_carea' id='block_1_94' title="bbox 2064 3297 3630 3377">
    <p class='ocr_par' dir='ltr' id='par_1_94' title="bbox 2064 3297 3630 3377">
     <span class='ocr_line' id='line_1_94' title="bbox 2064 3297 3630 3377; baseline -0.01 -15"><span class='ocrx_word' id='word_1_682' title='bbox 2064 3310 2119 3362; x_wconf 82' lang='grc' dir='ltr'>δὲ</span> <span class='ocrx_word' id='word_1_683' title='bbox 2157 3308 2253 3362; x_wconf 86' lang='grc' dir='ltr'><strong>τοῦ</strong></span> <span class='ocrx_word' id='word_1_684' title='bbox 2284 3309 2359 3377; x_wconf 84' lang='grc' dir='ltr'>μὴ</span> <span class='ocrx_word' id='word_1_685' title='bbox 2397 3304 2656 3368; x_wconf 80' lang='grc' dir='ltr'>πολλάκις</span> <span class='ocrx_word' id='word_1_686' title='bbox 2677 3345 2691 3369; x_wconf 90' lang='grc'><strong>,</strong></span> <span class='ocrx_word' id='word_1_687' title='bbox 2731 3302 2794 3354; x_wconf 79' lang='grc' dir='ltr'><strong>τὸ</strong></span> <span class='ocrx_word' id='word_1_688' title='bbox 2817 3303 2875 3353; x_wconf 83' lang='grc' dir='ltr'><strong>ἐν</strong></span> <span class='ocrx_word' id='word_1_689' title='bbox 2906 3304 2970 3370; x_wconf 85' lang='grc' dir='ltr'>τῇ</span> <span class='ocrx_word' id='word_1_690' title='bbox 3005 3299 3198 3368; x_wconf 82' lang='grc' dir='ltr'>Τριὰδι</span> <span class='ocrx_word' id='word_1_691' title='bbox 3242 3299 3423 3351; x_wconf 75' lang='grc' dir='ltr'>αἴτιον</span> <span class='ocrx_word' id='word_1_692' title='bbox 3459 3297 3527 3366; x_wconf 80' lang='grc' dir='ltr'>μὴ</span> <span class='ocrx_word' id='word_1_693' title='bbox 3558 3311 3630 3347; x_wconf 78' lang='grc' dir='ltr'>νο-</span> 
     </span>
    </p>
   </div>
   <div class='ocr_carea' id='block_1_95' title="bbox 2070 3385 3629 3470">
    <p class='ocr_par' dir='ltr' id='par_1_95' title="bbox 2070 3385 3629 3470">
     <span class='ocr_line' id='line_1_95' title="bbox 2070 3385 3629 3470; baseline -0.009 -19"><span class='ocrx_word' id='word_1_694' title='bbox 2070 3398 2234 3470; x_wconf 82' lang='grc' dir='ltr'>μισθῇ</span> <span class='ocrx_word' id='word_1_695' title='bbox 2267 3397 2449 3450; x_wconf 83' lang='grc' dir='ltr'>κοινὸν</span> <span class='ocrx_word' id='word_1_696' title='bbox 2477 3395 2587 3449; x_wconf 85' lang='grc' dir='ltr'><strong>τῶν</strong></span> <span class='ocrx_word' id='word_1_697' title='bbox 2613 3394 2782 3464; x_wconf 85' lang='grc' dir='ltr'>τριῶν</span> <span class='ocrx_word' id='word_1_698' title='bbox 2801 3409 2814 3423; x_wconf 93' lang='grc'><strong>·</strong></span> <span class='ocrx_word' id='word_1_699' title='bbox 2840 3391 2927 3444; x_wconf 86' lang='grc' dir='ltr'><strong>διὰ</strong></span> <span class='ocrx_word' id='word_1_700' title='bbox 2949 3389 3108 3443; x_wconf 89' lang='grc' dir='ltr'>τοῦτο</span> <span class='ocrx_word' id='word_1_701' title='bbox 3137 3389 3368 3456; x_wconf 80' lang='grc' dir='ltr'>λέγεται</span> <span class='ocrx_word' id='word_1_702' title='bbox 3400 3388 3496 3458; x_wconf 80' lang='grc' dir='ltr'>μὲν</span> <span class='ocrx_word' id='word_1_703' title='bbox 3519 3385 3629 3439; x_wconf 82' lang='grc' dir='ltr'>πολ-</span> 
     </span>
    </p>
   </div>
   <div class='ocr_carea' id='block_1_96' title="bbox 2065 3473 3631 3557">
    <p class='ocr_par' dir='ltr' id='par_1_96' title="bbox 2065 3473 3631 3557">
     <span class='ocr_line' id='line_1_96' title="bbox 2065 3473 3631 3557; baseline -0.011 -14"><span class='ocrx_word' id='word_1_704' title='bbox 2065 3490 2220 3551; x_wconf 84' lang='grc' dir='ltr'>λάκις</span> <span class='ocrx_word' id='word_1_705' title='bbox 2254 3489 2280 3540; x_wconf 89' lang='grc' dir='ltr'><strong>ό</strong></span> <span class='ocrx_word' id='word_1_706' title='bbox 2317 3488 2510 3557; x_wconf 80' lang='grc' dir='ltr'>Πατὴρ</span> <span class='ocrx_word' id='word_1_707' title='bbox 2549 3483 2639 3537; x_wconf 83' lang='grc' dir='ltr'><strong>διὰ</strong></span> <span class='ocrx_word' id='word_1_708' title='bbox 2671 3482 2765 3536; x_wconf 85' lang='grc' dir='ltr'><strong>τοῦ</strong></span> <span class='ocrx_word' id='word_1_709' title='bbox 2799 3481 3119 3550; x_wconf 84' lang='grc' dir='ltr'>Πνεύματος</span> <span class='ocrx_word' id='word_1_710' title='bbox 3147 3480 3402 3548; x_wconf 75' lang='grc' dir='ltr'>ἐνεργεῖν</span> <span class='ocrx_word' id='word_1_711' title='bbox 3425 3489 3440 3505; x_wconf 85' lang='lat'><strong>&#39;</strong></span> <span class='ocrx_word' id='word_1_712' title='bbox 3474 3473 3631 3528; x_wconf 72' lang='lat' dir='ltr'><strong>tbsa6~</strong></span> 
     </span>
    </p>
   </div>
   <div class='ocr_carea' id='block_1_97' title="bbox 2063 3567 3632 3645">
    <p class='ocr_par' dir='ltr' id='par_1_97' title="bbox 2063 3567 3632 3645">
     <span class='ocr_line' id='line_1_97' title="bbox 2063 3567 3632 3645; baseline -0.013 -9"><span class='ocrx_word' id='word_1_713' title='bbox 2063 3599 2173 3645; x_wconf 76' lang='grc' dir='ltr'>τως</span> <span class='ocrx_word' id='word_1_714' title='bbox 2201 3581 2258 3634; x_wconf 79' lang='grc' dir='ltr'><strong>δὲ</strong></span> <span class='ocrx_word' id='word_1_715' title='bbox 2284 3581 2380 3634; x_wconf 68' lang='grc' dir='ltr'><strong>καὶ</strong></span> <span class='ocrx_word' id='word_1_716' title='bbox 2409 3578 2499 3631; x_wconf 81' lang='grc' dir='ltr'>διὰ</span> <span class='ocrx_word' id='word_1_717' title='bbox 2525 3575 2620 3630; x_wconf 81' lang='grc' dir='ltr'><strong>τοῦ</strong></span> <span class='ocrx_word' id='word_1_718' title='bbox 2655 3573 2818 3628; x_wconf 74' lang='grc' dir='ltr'><strong>Υἱοῦο</strong></span> <span class='ocrx_word' id='word_1_719' title='bbox 2854 3572 3113 3634; x_wconf 75' lang='grc' dir='ltr'>πολλάκις</span> <span class='ocrx_word' id='word_1_720' title='bbox 3151 3569 3255 3639; x_wconf 75' lang='grc' dir='ltr'>μὶν</span> <span class='ocrx_word' id='word_1_721' title='bbox 3289 3571 3377 3622; x_wconf 81' lang='grc' dir='ltr'><strong>ἵνα</strong></span> <span class='ocrx_word' id='word_1_722' title='bbox 3399 3568 3460 3621; x_wconf 81' lang='grc' dir='ltr'>τὸ</span> <span class='ocrx_word' id='word_1_723' title='bbox 3483 3567 3632 3620; x_wconf 72' lang='grc' dir='ltr'>αἴτιον</span> 
     </span>
    </p>
   </div>
   <div class='ocr_carea' id='block_1_98' title="bbox 2064 3653 3634 3743">
    <p class='ocr_par' dir='ltr' id='par_1_98' title="bbox 2064 3653 3634 3743">
     <span class='ocr_line' id='line_1_98' title="bbox 2064 3653 3634 3743; baseline -0.012 -17"><span class='ocrx_word' id='word_1_724' title='bbox 2064 3673 2143 3743; x_wconf 82' lang='grc' dir='ltr'>τῷ</span> <span class='ocrx_word' id='word_1_725' title='bbox 2183 3670 2358 3742; x_wconf 72' lang='grc' dir='ltr'>Πατρὶ</span> <span class='ocrx_word' id='word_1_726' title='bbox 2391 3667 2692 3739; x_wconf 71' lang='grc' dir='ltr'>βεϐαιωθῇο</span> <span class='ocrx_word' id='word_1_727' title='bbox 2728 3665 2792 3717; x_wconf 86' lang='grc' dir='ltr'><strong>οὑ</strong></span> <span class='ocrx_word' id='word_1_728' title='bbox 2831 3663 3092 3725; x_wconf 79' lang='grc' dir='ltr'>πολλάκις</span> <span class='ocrx_word' id='word_1_729' title='bbox 3120 3661 3179 3714; x_wconf 82' lang='grc' dir='ltr'><strong>δὲ</strong></span> <span class='ocrx_word' id='word_1_730' title='bbox 3212 3660 3282 3713; x_wconf 80' lang='grc' dir='ltr'><strong>τὸ</strong></span> <span class='ocrx_word' id='word_1_731' title='bbox 3314 3657 3536 3727; x_wconf 86' lang='grc' dir='ltr'>Πνεῦμα</span> <span class='ocrx_word' id='word_1_732' title='bbox 3561 3653 3634 3708; x_wconf 80' lang='grc' dir='ltr'><strong>διὰ</strong></span> 
     </span>
    </p>
   </div>
   <div class='ocr_carea' id='block_1_99' title="bbox 2065 3747 3633 3831">
    <p class='ocr_par' dir='ltr' id='par_1_99' title="bbox 2065 3747 3633 3831">
     <span class='ocr_line' id='line_1_99' title="bbox 2065 3747 3633 3831; baseline -0.012 -14"><span class='ocrx_word' id='word_1_733' title='bbox 2065 3763 2159 3818; x_wconf 85' lang='grc' dir='ltr'><strong>τοῦ</strong></span> <span class='ocrx_word' id='word_1_734' title='bbox 2200 3761 2446 3831; x_wconf 71' lang='grc' dir='ltr'>Πατρός,</span> <span class='ocrx_word' id='word_1_735' title='bbox 2481 3758 2605 3812; x_wconf 75' lang='grc' dir='ltr'>οὔτε</span> <span class='ocrx_word' id='word_1_736' title='bbox 2639 3760 2668 3810; x_wconf 84' lang='grc' dir='ltr'><strong>ό</strong></span> <span class='ocrx_word' id='word_1_737' title='bbox 2700 3757 2859 3821; x_wconf 77' lang='grc' dir='ltr'>Υἱὸς,</span> <span class='ocrx_word' id='word_1_738' title='bbox 2902 3756 2990 3808; x_wconf 79' lang='grc' dir='ltr'>ἵνα</span> <span class='ocrx_word' id='word_1_739' title='bbox 3028 3752 3101 3824; x_wconf 84' lang='grc' dir='ltr'>μὴ</span> <span class='ocrx_word' id='word_1_740' title='bbox 3130 3751 3221 3805; x_wconf 70' lang='grc' dir='ltr'><strong>διὰ</strong></span> <span class='ocrx_word' id='word_1_741' title='bbox 3263 3750 3364 3804; x_wconf 86' lang='grc' dir='ltr'><strong>τοῦ</strong></span> <span class='ocrx_word' id='word_1_742' title='bbox 3397 3747 3633 3806; x_wconf 76' lang='grc' dir='ltr'>πολλάκις</span> 
     </span>
    </p>
   </div>
   <div class='ocr_carea' id='block_1_100' title="bbox 2067 3840 3631 3928">
    <p class='ocr_par' dir='ltr' id='par_1_100' title="bbox 2067 3840 3631 3928">
     <span class='ocr_line' id='line_1_100' title="bbox 2067 3840 3631 3928; baseline -0.011 -18"><span class='ocrx_word' id='word_1_743' title='bbox 2067 3858 2312 3928; x_wconf 71' lang='grc' dir='ltr'>ἐνεργεῖν</span> <span class='ocrx_word' id='word_1_744' title='bbox 2343 3853 2432 3907; x_wconf 81' lang='grc' dir='ltr'>διά</span> <span class='ocrx_word' id='word_1_745' title='bbox 2467 3853 2560 3906; x_wconf 84' lang='grc' dir='ltr'><strong>τοῦ</strong></span> <span class='ocrx_word' id='word_1_746' title='bbox 2595 3850 2808 3922; x_wconf 67' lang='grc' dir='ltr'>Πατρός</span> <span class='ocrx_word' id='word_1_747' title='bbox 2838 3851 2900 3902; x_wconf 77' lang='grc' dir='ltr'><strong>τὸ</strong></span> <span class='ocrx_word' id='word_1_748' title='bbox 2926 3847 3151 3917; x_wconf 83' lang='grc' dir='ltr'>Πνεῦμα</span> <span class='ocrx_word' id='word_1_749' title='bbox 3181 3846 3284 3898; x_wconf 72' lang='grc' dir='ltr'>καὶ</span> <span class='ocrx_word' id='word_1_750' title='bbox 3322 3845 3416 3898; x_wconf 84' lang='grc' dir='ltr'><strong>τὸν</strong></span> <span class='ocrx_word' id='word_1_751' title='bbox 3444 3840 3631 3907; x_wconf 78' lang='grc' dir='ltr'>Υῐὸν,ή</span> 
     </span>
    </p>
   </div>
   <div class='ocr_carea' id='block_1_101' title="bbox 2068 3930 3634 4019">
    <p class='ocr_par' dir='ltr' id='par_1_101' title="bbox 2068 3930 3634 4019">
     <span class='ocr_line' id='line_1_101' title="bbox 2068 3930 3634 4019; baseline -0.015 -16"><span class='ocrx_word' id='word_1_752' title='bbox 2068 3949 2451 4019; x_wconf 81' lang='grc' dir='ltr'>κακομήχανος</span> <span class='ocrx_word' id='word_1_753' title='bbox 2480 3945 2577 3998; x_wconf 72' lang='grc' dir='ltr'><strong>καὶ</strong></span> <span class='ocrx_word' id='word_1_754' title='bbox 2621 3943 2962 4013; x_wconf 82' lang='grc' dir='ltr'>πολύτροπος</span> <span class='ocrx_word' id='word_1_755' title='bbox 3005 3939 3180 3992; x_wconf 71' lang='grc' dir='ltr'>λύσσα</span> <span class='ocrx_word' id='word_1_756' title='bbox 3209 3937 3330 3991; x_wconf 84' lang='grc' dir='ltr'>τῶν</span> <span class='ocrx_word' id='word_1_757' title='bbox 3365 3930 3634 4005; x_wconf 75' lang='grc' dir='ltr'>αἱρετικῶν</span> 
     </span>
    </p>
   </div>
   <div class='ocr_carea' id='block_1_102' title="bbox 2065 4029 3632 4121">
    <p class='ocr_par' dir='ltr' id='par_1_102' title="bbox 2065 4029 3632 4105">
     <span class='ocr_line' id='line_1_102' title="bbox 2065 4029 3632 4105; baseline -0.012 -11"><span class='ocrx_word' id='word_1_758' title='bbox 2065 4044 2147 4105; x_wconf 79' lang='grc' dir='ltr'><strong>εἰς</strong></span> <span class='ocrx_word' id='word_1_759' title='bbox 2180 4041 2387 4093; x_wconf 79' lang='grc' dir='ltr'>ἐλάττω</span> <span class='ocrx_word' id='word_1_760' title='bbox 2430 4037 2586 4103; x_wconf 79' lang='grc' dir='ltr'>τάξιν</span> <span class='ocrx_word' id='word_1_761' title='bbox 2615 4036 2714 4104; x_wconf 79' lang='grc' dir='ltr'>τὴν</span> <span class='ocrx_word' id='word_1_762' title='bbox 2745 4033 3044 4086; x_wconf 84' lang='grc' dir='ltr'>ὑπόστασιν</span> <span class='ocrx_word' id='word_1_763' title='bbox 3075 4032 3108 4102; x_wconf 81' lang='grc' dir='ltr'>ἦ</span> <span class='ocrx_word' id='word_1_764' title='bbox 3139 4030 3244 4102; x_wconf 77' lang='grc' dir='ltr'>τὴν</span> <span class='ocrx_word' id='word_1_765' title='bbox 3278 4029 3443 4094; x_wconf 80' lang='grc' dir='ltr'>δόξαν</span> <span class='ocrx_word' id='word_1_766' title='bbox 3482 4038 3632 4078; x_wconf 84' lang='grc' dir='ltr'>κατα-</span> 
     </span>
    </p>
   </div>
   <div class='ocr_carea' id='block_1_103' title="bbox 2067 4117 3632 4203">
    <p class='ocr_par' dir='ltr' id='par_1_103' title="bbox 2067 4117 3632 4203">
     <span class='ocr_line' id='line_1_103' title="bbox 2067 4117 3632 4203; baseline -0.014 -16"><span class='ocrx_word' id='word_1_767' title='bbox 2067 4134 2267 4203; x_wconf 76' lang='grc' dir='ltr'>ϐιὸἁσῃ</span> <span class='ocrx_word' id='word_1_768' title='bbox 2299 4131 2394 4184; x_wconf 87' lang='grc' dir='ltr'><strong>τοῦ</strong></span> <span class='ocrx_word' id='word_1_769' title='bbox 2427 4128 2642 4199; x_wconf 83' lang='grc' dir='ltr'>Πατρός</span> <span class='ocrx_word' id='word_1_770' title='bbox 2662 4142 2673 4158; x_wconf 93' lang='grc'><strong>·</strong></span> <span class='ocrx_word' id='word_1_771' title='bbox 2708 4126 2742 4197; x_wconf 78' lang='grc' dir='ltr'><strong>ἢ</strong></span> <span class='ocrx_word' id='word_1_772' title='bbox 2773 4128 2834 4180; x_wconf 84' lang='grc' dir='ltr'><strong>τό</strong></span> <span class='ocrx_word' id='word_1_773' title='bbox 2866 4141 2928 4194; x_wconf 86' lang='grc' dir='ltr'>γε</span> <span class='ocrx_word' id='word_1_774' title='bbox 2961 4121 3413 4195; x_wconf 80' lang='grc' dir='ltr'>προχειρότερον,</span> <span class='ocrx_word' id='word_1_775' title='bbox 3439 4117 3529 4188; x_wconf 73' lang='grc' dir='ltr'>τὴν</span> <span class='ocrx_word' id='word_1_776' title='bbox 3556 4117 3632 4168; x_wconf 77' lang='grc' dir='ltr'><strong>τοῦ</strong></span> 
     </span>
    </p>
   </div>
   <div class='ocr_carea' id='block_1_104' title="bbox 2067 4205 3634 4293">
    <p class='ocr_par' dir='ltr' id='par_1_104' title="bbox 2067 4205 3634 4293">
     <span class='ocr_line' id='line_1_104' title="bbox 2067 4205 3634 4293; baseline -0.015 -13"><span class='ocrx_word' id='word_1_777' title='bbox 2067 4226 2244 4280; x_wconf 82' lang='grc' dir='ltr'>αἰτίου</span> <span class='ocrx_word' id='word_1_778' title='bbox 2281 4223 2526 4293; x_wconf 78' lang='grc' dir='ltr'>περιέλοι</span> <span class='ocrx_word' id='word_1_779' title='bbox 2563 4221 2752 4289; x_wconf 82' lang='grc' dir='ltr'>τιμήν.</span> <span class='ocrx_word' id='word_1_780' title='bbox 2799 4216 3150 4271; x_wconf 81' lang='grc' dir='ltr'>Ἀποστέλλει</span> <span class='ocrx_word' id='word_1_781' title='bbox 3189 4215 3222 4266; x_wconf 80' lang='grc' dir='ltr'><strong>ὁ</strong></span> <span class='ocrx_word' id='word_1_782' title='bbox 3257 4214 3451 4283; x_wconf 84' lang='grc' dir='ltr'>Πατὴρ</span> <span class='ocrx_word' id='word_1_783' title='bbox 3478 4205 3634 4263; x_wconf 75' lang='grc' dir='ltr'>καὶτὸ</span> 
     </span>
    </p>
   </div>
   <div class='ocr_carea' id='block_1_105' title="bbox 2069 4295 3633 4386">
    <p class='ocr_par' dir='ltr' id='par_1_105' title="bbox 2069 4295 3633 4386">
     <span class='ocr_line' id='line_1_105' title="bbox 2069 4295 3633 4386; baseline -0.015 -17"><span class='ocrx_word' id='word_1_784' title='bbox 2069 4311 2294 4386; x_wconf 79' lang='grc' dir='ltr'>Πνεῦμα</span> <span class='ocrx_word' id='word_1_785' title='bbox 2319 4314 2415 4366; x_wconf 77' lang='grc' dir='ltr'>καὶ</span> <span class='ocrx_word' id='word_1_786' title='bbox 2442 4313 2536 4366; x_wconf 75' lang='grc' dir='ltr'><strong>τὸν</strong></span> <span class='ocrx_word' id='word_1_787' title='bbox 2561 4312 2718 4364; x_wconf 84' lang='grc' dir='ltr'>Υίόν·</span> <span class='ocrx_word' id='word_1_788' title='bbox 2751 4306 3076 4362; x_wconf 83' lang='grc' dir='ltr'>ἀποστέλλει</span> <span class='ocrx_word' id='word_1_789' title='bbox 3102 4305 3193 4356; x_wconf 78' lang='grc' dir='ltr'><strong>τὸν</strong></span> <span class='ocrx_word' id='word_1_790' title='bbox 3227 4304 3454 4374; x_wconf 83' lang='grc' dir='ltr'>Πατέρα</span> <span class='ocrx_word' id='word_1_791' title='bbox 3482 4300 3566 4352; x_wconf 87' lang='grc' dir='ltr'>καὶ</span> <span class='ocrx_word' id='word_1_792' title='bbox 3585 4295 3633 4348; x_wconf 68' lang='grc' dir='ltr'>τὺ</span> 
     </span>
    </p>
   </div>
   <div class='ocr_carea' id='block_1_106' title="bbox 1573 4378 3630 4477">
    <p class='ocr_par' dir='ltr' id='par_1_106' title="bbox 1573 4378 3630 4477">
     <span class='ocr_line' id='line_1_106' title="bbox 1573 4378 3630 4477; baseline -0.011 -14"><span class='ocrx_word' id='word_1_793' title='bbox 1573 4411 1585 4446; x_wconf 69' lang='grc' dir='ltr'><strong><em>τ</em></strong></span> <span class='ocrx_word' id='word_1_794' title='bbox 1641 4409 1707 4449; x_wconf 69' lang='grc' dir='ltr'>θη</span> <span class='ocrx_word' id='word_1_795' title='bbox 1755 4407 1966 4451; x_wconf 56' lang='lat' dir='ltr'><strong>&quot;illum!</strong></span> <span class='ocrx_word' id='word_1_796' title='bbox 1993 4378 2044 4436; x_wconf 84' lang='lat' dir='ltr'><strong>D</strong></span> <span class='ocrx_word' id='word_1_797' title='bbox 2073 4378 2299 4477; x_wconf 71' lang='grc' dir='ltr'>Πνεῦμα.</span> <span class='ocrx_word' id='word_1_798' title='bbox 2341 4405 2435 4458; x_wconf 70' lang='grc' dir='ltr'><strong>καὶ</strong></span> <span class='ocrx_word' id='word_1_799' title='bbox 2477 4405 2506 4455; x_wconf 91' lang='grc' dir='ltr'><strong>ὁ</strong></span> <span class='ocrx_word' id='word_1_800' title='bbox 2537 4403 2684 4466; x_wconf 77' lang='grc' dir='ltr'>Υἱός.</span> <span class='ocrx_word' id='word_1_801' title='bbox 2733 4400 2866 4454; x_wconf 79' lang='grc' dir='ltr'>Ἰδοὺ</span> <span class='ocrx_word' id='word_1_802' title='bbox 2911 4397 3012 4467; x_wconf 77' lang='grc' dir='ltr'>τῆς</span> <span class='ocrx_word' id='word_1_803' title='bbox 3044 4397 3262 4466; x_wconf 80' lang='grc' dir='ltr'>φύσεως</span> <span class='ocrx_word' id='word_1_804' title='bbox 3295 4396 3361 4447; x_wconf 79' lang='grc' dir='ltr'><strong>τὸ</strong></span> <span class='ocrx_word' id='word_1_805' title='bbox 3399 4393 3630 4458; x_wconf 72' lang='grc' dir='ltr'>ἰσότιμον.</span> 
     </span>
    </p>
   </div>
   <div class='ocr_carea' id='block_1_107' title="bbox 2084 4481 3631 4562">
    <p class='ocr_par' dir='ltr' id='par_1_107' title="bbox 2084 4481 3631 4562">
     <span class='ocr_line' id='line_1_107' title="bbox 2084 4481 3631 4562; baseline -0.017 -7"><span class='ocrx_word' id='word_1_806' title='bbox 2084 4499 2246 4554; x_wconf 87' lang='grc' dir='ltr'>Ἀλλά</span> <span class='ocrx_word' id='word_1_807' title='bbox 2281 4498 2537 4560; x_wconf 83' lang='grc' dir='ltr'>πολλάκις</span> <span class='ocrx_word' id='word_1_808' title='bbox 2559 4499 2588 4548; x_wconf 86' lang='grc' dir='ltr'><strong>ό</strong></span> <span class='ocrx_word' id='word_1_809' title='bbox 2616 4495 2802 4562; x_wconf 85' lang='grc' dir='ltr'>Πατὴρ</span> <span class='ocrx_word' id='word_1_810' title='bbox 2820 4491 3140 4544; x_wconf 80' lang='grc' dir='ltr'>ἀποστέλλει</span> <span class='ocrx_word' id='word_1_811' title='bbox 3160 4505 3174 4520; x_wconf 89' lang='grc'><strong>·</strong></span> <span class='ocrx_word' id='word_1_812' title='bbox 3209 4488 3327 4541; x_wconf 73' lang='grc' dir='ltr'>ἰδοὺ</span> <span class='ocrx_word' id='word_1_813' title='bbox 3355 4485 3455 4542; x_wconf 82' lang='grc' dir='ltr'><strong>τοῦ</strong></span> <span class='ocrx_word' id='word_1_814' title='bbox 3485 4481 3631 4536; x_wconf 75' lang='grc' dir='ltr'>αἰτίου</span> 
     </span>
    </p>
   </div>
   <div class='ocr_carea' id='block_1_108' title="bbox 2074 4572 3632 4661">
    <p class='ocr_par' dir='ltr' id='par_1_108' title="bbox 2074 4572 3632 4661">
     <span class='ocr_line' id='line_1_108' title="bbox 2074 4572 3632 4661; baseline -0.015 -16"><span class='ocrx_word' id='word_1_815' title='bbox 2074 4593 2133 4645; x_wconf 81' lang='grc' dir='ltr'><strong>τὸ</strong></span> <span class='ocrx_word' id='word_1_816' title='bbox 2152 4590 2446 4661; x_wconf 80' lang='grc' dir='ltr'>ἐξαίρετον.</span> <span class='ocrx_word' id='word_1_817' title='bbox 2461 4587 2644 4650; x_wconf 76' lang='grc' dir='ltr'>Οὕτως</span> <span class='ocrx_word' id='word_1_818' title='bbox 2664 4589 2721 4638; x_wconf 83' lang='grc' dir='ltr'><strong>ὲν</strong></span> <span class='ocrx_word' id='word_1_819' title='bbox 2737 4585 2815 4654; x_wconf 84' lang='grc' dir='ltr'>τῷ</span> <span class='ocrx_word' id='word_1_820' title='bbox 2833 4581 3238 4653; x_wconf 77' lang='grc' dir='ltr'>ἀπαραλλάκτῳ</span> <span class='ocrx_word' id='word_1_821' title='bbox 3261 4581 3364 4646; x_wconf 83' lang='grc' dir='ltr'>τῆς</span> <span class='ocrx_word' id='word_1_822' title='bbox 3391 4576 3567 4635; x_wconf 76' lang='grc' dir='ltr'>οὐσίας</span> 
     </span>
    </p>
   </div>
   <div class='ocr_carea' id='block_1_109' title="bbox 2077 4667 3631 4754">
    <p class='ocr_par' dir='ltr' id='par_1_109' title="bbox 2077 4667 3631 4754">
     <span class='ocr_line' id='line_1_109' title="bbox 2077 4667 3631 4754; baseline -0.015 -16"><span class='ocrx_word' id='word_1_823' title='bbox 2077 4683 2340 4754; x_wconf 81' lang='grc' dir='ltr'>πατρικὸν</span> <span class='ocrx_word' id='word_1_824' title='bbox 2364 4682 2495 4733; x_wconf 81' lang='grc' dir='ltr'>ἴδιον</span> <span class='ocrx_word' id='word_1_825' title='bbox 2523 4679 2815 4745; x_wconf 73' lang='grc' dir='ltr'>ἐκλάμπει,</span> <span class='ocrx_word' id='word_1_826' title='bbox 2833 4676 2929 4728; x_wconf 83' lang='grc' dir='ltr'>καὶ</span> <span class='ocrx_word' id='word_1_827' title='bbox 2951 4671 3437 4741; x_wconf 82' lang='grc' dir='ltr'>σννεκλάμπεσθαι</span> <span class='ocrx_word' id='word_1_828' title='bbox 3471 4667 3631 4720; x_wconf 78' lang='grc' dir='ltr'>δίδωσι</span> 
     </span>
    </p>
   </div>
   <div class='ocr_carea' id='block_1_110' title="bbox 2074 4761 3625 4840">
    <p class='ocr_par' dir='ltr' id='par_1_110' title="bbox 2074 4761 3625 4840">
     <span class='ocr_line' id='line_1_110' title="bbox 2074 4761 3625 4840; baseline -0.012 -13"><span class='ocrx_word' id='word_1_829' title='bbox 2074 4773 2182 4827; x_wconf 83' lang='grc' dir='ltr'><strong>τῶν</strong></span> <span class='ocrx_word' id='word_1_830' title='bbox 2199 4773 2260 4838; x_wconf 74' lang='grc' dir='ltr'>ἐξ</span> <span class='ocrx_word' id='word_1_831' title='bbox 2277 4771 2444 4826; x_wconf 74' lang='grc' dir='ltr'>αὑτοῦ</span> <span class='ocrx_word' id='word_1_832' title='bbox 2469 4768 2915 4840; x_wconf 80' lang='grc' dir='ltr'>προεληλυθότων</span> <span class='ocrx_word' id='word_1_833' title='bbox 2943 4767 3002 4820; x_wconf 78' lang='grc' dir='ltr'><strong>τὸ</strong></span> <span class='ocrx_word' id='word_1_834' title='bbox 3016 4762 3258 4835; x_wconf 72' lang='grc' dir='ltr'>ὁμοφυὲς</span> <span class='ocrx_word' id='word_1_835' title='bbox 3276 4764 3376 4816; x_wconf 72' lang='grc' dir='ltr'>καὶ</span> <span class='ocrx_word' id='word_1_836' title='bbox 3393 4761 3625 4826; x_wconf 80' lang='grc' dir='ltr'>ίσότιμον.</span> 
     </span>
    </p>
   </div>
   <div class='ocr_carea' id='block_1_111' title="bbox 2145 4942 3630 5019">
    <p class='ocr_par' dir='ltr' id='par_1_111' title="bbox 2145 4942 3630 5019">
     <span class='ocr_line' id='line_1_111' title="bbox 2145 4942 3630 5019; baseline -0.01 -13"><span class='ocrx_word' id='word_1_837' title='bbox 2145 4953 2206 5006; x_wconf 84' lang='grc' dir='ltr'><strong>δ’.</strong></span> <span class='ocrx_word' id='word_1_838' title='bbox 2249 4951 2480 5019; x_wconf 83' lang='grc' dir='ltr'>Λέγεται</span> <span class='ocrx_word' id='word_1_839' title='bbox 2505 4950 2686 5003; x_wconf 88' lang='grc' dir='ltr'>τοίνυν</span> <span class='ocrx_word' id='word_1_840' title='bbox 2705 4949 2772 5002; x_wconf 84' lang='grc' dir='ltr'><strong>δι’</strong></span> <span class='ocrx_word' id='word_1_841' title='bbox 2803 4945 2934 5002; x_wconf 87' lang='grc' dir='ltr'>Υἱοῦ</span> <span class='ocrx_word' id='word_1_842' title='bbox 2953 4949 3052 5016; x_wconf 78' lang='grc' dir='ltr'>τὴν</span> <span class='ocrx_word' id='word_1_843' title='bbox 3079 4947 3256 5000; x_wconf 84' lang='grc' dir='ltr'>κτίσιν</span> <span class='ocrx_word' id='word_1_844' title='bbox 3286 4948 3354 4998; x_wconf 78' lang='grc' dir='ltr'>ὲκ</span> <span class='ocrx_word' id='word_1_845' title='bbox 3388 4943 3462 5013; x_wconf 79' lang='grc' dir='ltr'><strong>μὴ</strong></span> <span class='ocrx_word' id='word_1_846' title='bbox 3486 4942 3630 4993; x_wconf 72' lang='grc' dir='ltr'>ὅντων</span> 
     </span>
    </p>
   </div>
   <div class='ocr_carea' id='block_1_112' title="bbox 2072 5033 3629 5113">
    <p class='ocr_par' dir='ltr' id='par_1_112' title="bbox 2072 5033 3629 5113">
     <span class='ocr_line' id='line_1_112' title="bbox 2072 5033 3629 5113; baseline -0.011 -14"><span class='ocrx_word' id='word_1_847' title='bbox 2072 5046 2408 5113; x_wconf 80' lang='grc' dir='ltr'>ὑποστῆναι,</span> <span class='ocrx_word' id='word_1_848' title='bbox 2454 5043 2591 5095; x_wconf 77' lang='grc' dir='ltr'>ἀλλὰ</span> <span class='ocrx_word' id='word_1_849' title='bbox 2636 5044 2730 5094; x_wconf 80' lang='grc' dir='ltr'>καὶ</span> <span class='ocrx_word' id='word_1_850' title='bbox 2758 5043 2857 5110; x_wconf 85' lang='grc' dir='ltr'>τῆς</span> <span class='ocrx_word' id='word_1_851' title='bbox 2892 5040 3134 5103; x_wconf 76' lang='grc' dir='ltr'>Παλαιᾶς</span> <span class='ocrx_word' id='word_1_852' title='bbox 3177 5033 3629 5108; x_wconf 74' lang='grc' dir='ltr'>ἀνακηρύττεσθαι</span> 
     </span>
    </p>
   </div>
   <div class='ocr_carea' id='block_1_113' title="bbox 2071 5129 3629 5205">
    <p class='ocr_par' dir='ltr' id='par_1_113' title="bbox 2071 5129 3629 5205">
     <span class='ocr_line' id='line_1_113' title="bbox 2071 5129 3629 5205; baseline -0.01 -18"><span class='ocrx_word' id='word_1_853' title='bbox 2071 5135 2366 5205; x_wconf 81' lang='grc' dir='ltr'>νομοθέτην</span> <span class='ocrx_word' id='word_1_854' title='bbox 2388 5150 2400 5164; x_wconf 77' lang='grc' dir='ltr'><strong>ο</strong></span> <span class='ocrx_word' id='word_1_855' title='bbox 2430 5134 2532 5201; x_wconf 81' lang='grc' dir='ltr'>τῆς</span> <span class='ocrx_word' id='word_1_856' title='bbox 2561 5133 2713 5195; x_wconf 81' lang='grc' dir='ltr'>θείας</span> <span class='ocrx_word' id='word_1_857' title='bbox 2750 5131 3034 5202; x_wconf 74' lang='grc' dir='ltr'>πόρρωθεν</span> <span class='ocrx_word' id='word_1_858' title='bbox 3066 5129 3335 5198; x_wconf 80' lang='grc' dir='ltr'>Προνοίας</span> <span class='ocrx_word' id='word_1_859' title='bbox 3376 5130 3629 5190; x_wconf 77' lang='grc' dir='ltr'>ἐπιστομιο</span> 
     </span>
    </p>
   </div>
   <div class='ocr_carea' id='block_1_114' title="bbox 2072 5214 3628 5303">
    <p class='ocr_par' dir='ltr' id='par_1_114' title="bbox 2072 5214 3628 5303">
     <span class='ocr_line' id='line_1_114' title="bbox 2072 5214 3628 5303; baseline -0.006 -21"><span class='ocrx_word' id='word_1_860' title='bbox 2072 5227 2270 5296; x_wconf 79' lang='grc' dir='ltr'>ζούσης</span> <span class='ocrx_word' id='word_1_861' title='bbox 2319 5243 2382 5278; x_wconf 85' lang='grc' dir='ltr'><strong>τε</strong></span> <span class='ocrx_word' id='word_1_862' title='bbox 2421 5226 2517 5279; x_wconf 69' lang='grc' dir='ltr'><strong>καὶ</strong></span> <span class='ocrx_word' id='word_1_863' title='bbox 2547 5223 2843 5303; x_wconf 70' lang='grc' dir='ltr'>πρόρριζον</span> <span class='ocrx_word' id='word_1_864' title='bbox 2887 5222 2989 5293; x_wconf 81' lang='grc' dir='ltr'>τὴν</span> <span class='ocrx_word' id='word_1_865' title='bbox 3027 5221 3290 5275; x_wconf 81' lang='grc' dir='ltr'>ἀπόνοιαν</span> <span class='ocrx_word' id='word_1_866' title='bbox 3322 5214 3628 5303; x_wconf 55' lang='grc' dir='ltr'>ἀνασπὼςης</span> 
     </span>
    </p>
   </div>
   <div class='ocr_carea' id='block_1_115' title="bbox 2070 5302 3627 5384">
    <p class='ocr_par' dir='ltr' id='par_1_115' title="bbox 2070 5302 3627 5384">
     <span class='ocr_line' id='line_1_115' title="bbox 2070 5302 3627 5384; baseline -0.012 -14"><span class='ocrx_word' id='word_1_867' title='bbox 2070 5319 2180 5370; x_wconf 82' lang='grc' dir='ltr'><strong>τῶν</strong></span> <span class='ocrx_word' id='word_1_868' title='bbox 2218 5318 2296 5378; x_wconf 82' lang='grc' dir='ltr'><strong>εἰς</strong></span> <span class='ocrx_word' id='word_1_869' title='bbox 2327 5302 2712 5384; x_wconf 69' lang='grc' dir='ltr'>ἀντικειμένας</span> <span class='ocrx_word' id='word_1_870' title='bbox 2737 5311 2912 5381; x_wconf 77' lang='grc' dir='ltr'>ἀρχὰς</span> <span class='ocrx_word' id='word_1_871' title='bbox 2945 5310 3039 5362; x_wconf 82' lang='grc' dir='ltr'>δύο</span> <span class='ocrx_word' id='word_1_872' title='bbox 3063 5307 3392 5376; x_wconf 83' lang='grc' dir='ltr'>τολμώντων</span> <span class='ocrx_word' id='word_1_873' title='bbox 3418 5305 3510 5370; x_wconf 78' lang='grc' dir='ltr'>τὴν</span> <span class='ocrx_word' id='word_1_874' title='bbox 3536 5302 3627 5351; x_wconf 74' lang='lat' dir='ltr'><strong>ﬂ:-</strong></span> 
     </span>
    </p>
   </div>
   <div class='ocr_carea' id='block_1_116' title="bbox 2076 5389 3626 5476">
    <p class='ocr_par' dir='ltr' id='par_1_116' title="bbox 2076 5389 3626 5476">
     <span class='ocr_line' id='line_1_116' title="bbox 2076 5389 3626 5476; baseline -0.008 -15"><span class='ocrx_word' id='word_1_875' title='bbox 2076 5408 2232 5464; x_wconf 78' lang='grc' dir='ltr'>λαιὰν</span> <span class='ocrx_word' id='word_1_876' title='bbox 2259 5406 2552 5476; x_wconf 61' lang='grc' dir='ltr'>ἀναφέρειν</span> <span class='ocrx_word' id='word_1_877' title='bbox 2580 5405 2675 5457; x_wconf 70' lang='grc' dir='ltr'><strong>καὶ</strong></span> <span class='ocrx_word' id='word_1_878' title='bbox 2715 5402 2814 5471; x_wconf 80' lang='grc' dir='ltr'>τὴν</span> <span class='ocrx_word' id='word_1_879' title='bbox 2835 5401 2998 5454; x_wconf 83' lang='grc' dir='ltr'>Νέαν.</span> <span class='ocrx_word' id='word_1_880' title='bbox 3034 5400 3097 5452; x_wconf 82' lang='grc' dir='ltr'><strong>Εἰ</strong></span> <span class='ocrx_word' id='word_1_881' title='bbox 3131 5401 3240 5469; x_wconf 83' lang='grc' dir='ltr'><strong>γάρ</strong></span> <span class='ocrx_word' id='word_1_882' title='bbox 3284 5398 3378 5451; x_wconf 79' lang='grc' dir='ltr'><strong>τὸν</strong></span> <span class='ocrx_word' id='word_1_883' title='bbox 3403 5394 3522 5448; x_wconf 72' lang='grc' dir='ltr'>Υῑδν</span> <span class='ocrx_word' id='word_1_884' title='bbox 3545 5389 3626 5456; x_wconf 76' lang='grc' dir='ltr'><strong>τῆς</strong></span> 
     </span>
    </p>
   </div>
   <div class='ocr_carea' id='block_1_117' title="bbox 2091 5489 3624 5567">
    <p class='ocr_par' dir='ltr' id='par_1_117' title="bbox 2091 5489 3624 5567">
     <span class='ocr_line' id='line_1_117' title="bbox 2091 5489 3624 5567; baseline -0.01 -16"><span class='ocrx_word' id='word_1_885' title='bbox 2091 5497 2418 5567; x_wconf 72' lang='grc' dir='ltr'>Ἰζκκλησίας</span> <span class='ocrx_word' id='word_1_886' title='bbox 2476 5494 2747 5565; x_wconf 83' lang='grc' dir='ltr'>λαμπρῶς</span> <span class='ocrx_word' id='word_1_887' title='bbox 2791 5490 3226 5563; x_wconf 79' lang='grc' dir='ltr'>ἀνομολογοὑσης</span> <span class='ocrx_word' id='word_1_888' title='bbox 3269 5489 3400 5550; x_wconf 79' lang='grc' dir='ltr'>τούς</span> <span class='ocrx_word' id='word_1_889' title='bbox 3445 5502 3498 5536; x_wconf 84' lang='grc' dir='ltr'><strong>τε</strong></span> <span class='ocrx_word' id='word_1_890' title='bbox 3539 5498 3624 5531; x_wconf 78' lang='grc' dir='ltr'><strong>πα·</strong></span> 
     </span>
    </p>
   </div>
   <div class='ocr_carea' id='block_1_118' title="bbox 2077 5570 3622 5658">
    <p class='ocr_par' dir='ltr' id='par_1_118' title="bbox 2077 5570 3622 5658">
     <span class='ocr_line' id='line_1_118' title="bbox 2077 5570 3622 5658; baseline -0.011 -16"><span class='ocrx_word' id='word_1_891' title='bbox 2077 5589 2261 5649; x_wconf 74' lang='grc' dir='ltr'>λαιοῦς</span> <span class='ocrx_word' id='word_1_892' title='bbox 2303 5587 2586 5658; x_wconf 75' lang='grc' dir='ltr'>χρησμοὺς</span> <span class='ocrx_word' id='word_1_893' title='bbox 2616 5585 2926 5656; x_wconf 83' lang='grc' dir='ltr'>ἀποφῆναι,</span> <span class='ocrx_word' id='word_1_894' title='bbox 2953 5585 3046 5634; x_wconf 71' lang='grc' dir='ltr'><strong>καὶ</strong></span> <span class='ocrx_word' id='word_1_895' title='bbox 3084 5585 3182 5653; x_wconf 84' lang='grc' dir='ltr'><strong>τῆς</strong></span> <span class='ocrx_word' id='word_1_896' title='bbox 3207 5580 3339 5642; x_wconf 84' lang='grc' dir='ltr'>νέας</span> <span class='ocrx_word' id='word_1_897' title='bbox 3367 5577 3455 5632; x_wconf 78' lang='grc' dir='ltr'><strong>τὸν</strong></span> <span class='ocrx_word' id='word_1_898' title='bbox 3487 5570 3622 5628; x_wconf 63' lang='grc' dir='ltr'>αὑτὸν</span> 
     </span>
    </p>
   </div>
   <div class='ocr_carea' id='block_1_119' title="bbox 1456 5700 2218 5766">
    <p class='ocr_par' dir='ltr' id='par_1_119' title="bbox 1456 5700 2218 5766">
     <span class='ocr_line' id='line_1_119' title="bbox 1456 5700 2218 5766; baseline 0.004 -12"><span class='ocrx_word' id='word_1_899' title='bbox 1456 5703 1499 5734; x_wconf 61' lang='grc'><strong>³9</strong></span> <span class='ocrx_word' id='word_1_900' title='bbox 1533 5700 1686 5755; x_wconf 83' lang='lat' dir='ltr'><strong>Joan.</strong></span> <span class='ocrx_word' id='word_1_901' title='bbox 1723 5718 1812 5764; x_wconf 72' lang='lat' dir='ltr'><strong>xv,</strong></span> <span class='ocrx_word' id='word_1_902' title='bbox 1844 5703 1948 5766; x_wconf 76' lang='lat'><strong>26;</strong></span> <span class='ocrx_word' id='word_1_903' title='bbox 1986 5720 2096 5764; x_wconf 79' lang='lat' dir='ltr'><strong>xvi,</strong></span> <span class='ocrx_word' id='word_1_904' title='bbox 2137 5705 2218 5758; x_wconf 77' lang='grc'><strong>13.</strong></span> 
     </span>
    </p>
   </div>
  </div>
