3826 6206
189 281 279 346 913

1039 283 1138 343 AD
1177 283 1776 348 AMPHILOCHIUM
1805 287 2153 356 OU/ESTIO
2186 290 2541 351 CLXXXIX'

3325 303 3427 368 91:1

187 396 460 467 εἰσηγητὴν
493 394 796 463 γεγονέναι,
857 394 953 447 καὶ
1000 396 1109 465 πρό
1154 413 1217 463 γε
1253 396 1460 451 τούτων
1497 398 1596 470 τὴν
1626 401 1736 453 τῶν

1843 401 2073 470 novique
2107 400 2332 456 foederis
2369 401 2622 467 eumdem
2664 401 2835 461 fuisse
2873 419 3153 464 auctorem
3179 448 3196 474 ,
3245 414 3422 480 quod-

187 487 472 557 κτισμάτων
505 485 666 552 φύσιν
707 489 770 539 ἐκ
804 487 877 556 μὴ
908 485 1079 538 ὄντων
1127 489 1392 543 οὑσιῶσαι
1414 531 1428 553 ,
1460 493 1610 561 ὅμως
1643 488 1737 546 οῦν

187 578 240 629 τὸ
279 575 582 645 Μανιχαίων
623 575 972 646 μισόχριστον
1000 576 1094 628 καὶ
1127 575 1398 646 θεομάχον
1439 577 1589 642 ἔθνος
1623 581 1734 650 (75)

187 668 268 722 καὶ
288 670 331 720 oi
359 653 679 738 Μάρκίωνες
701 667 761 719 οὐ
787 665 1104 737 φρίττουσιν
1125 668 1204 730 είς
1225 669 1418 738 ἑτέραν
1444 671 1541 740 μὲν
1561 671 1736 741 ἀρχὴν

182 759 235 810 τὸ
279 756 621 823 εὐαγγελικὸν
659 757 925 827 κήρυγμα
964 757 1217 824 ἀνάγειν,
1270 758 1368 829 τὴν
1418 760 1736 832 μαχομένην

183 851 231 904 δὲ
271 849 332 902 τὰ
367 849 657 914 Μωσαῖκὰ,
703 849 825 903 τίνα
874 851 942 904 ἂν
989 852 1339 922 παρέδραμον
1383 851 1737 923 βλασφημίας

182 937 347 1003 ὄγκον,
381 939 426 989 εί
457 936 565 989 τῶν
609 937 868 991 Παλαιῶν
900 937 1002 1008 μὲν
1033 939 1387 1010 Γραμμάτων
1415 941 1736 1012 ἀφωρισμέ-

182 1044 274 1089 νως
299 1026 590 1098 νομοθέτης
612 1030 640 1080 ὁ
665 1028 854 1098 Πατὴρ
882 1030 1304 1101 ἀνεκηρύττετο,
1336 1034 1738 1103 ἀφωρισμένως

181 1117 230 1169 δὲ
254 1118 345 1184 τῆς
373 1117 590 1188 χάριτος
631 1121 659 1172 ὁ
689 1119 849 1186 Υἱός;
907 1120 1069 1174 Ἀλλὰ
1109 1122 1284 1176 ταῦτα
1314 1123 1504 1193 ἐτέρου
1540 1124 1733 1194 καιροῦ

185 1207 364 1274 μᾶλλον
409 1212 502 1262 καὶ
532 1210 844 1274 ὑποθέσεως
869 1211 1067 1283 ἄλλης.
1111 1217 1206 1265 Δεῖ
1243 1214 1299 1265 δὲ
1328 1216 1493 1268 πάλιν
1525 1218 1604 1278 εἰς
1637 1217 1736 1286 τὴν

180 1300 267 1355 ἀπ’
295 1304 460 1372 ἀρχῆς
512 1303 748 1373 ἀπορίαν
779 1305 1116 1370 ἐπανελθεῖν,
1175 1306 1292 1369 πῶς
1328 1309 1355 1359 ὁ
1393 1308 1490 1376 μὲν
1545 1309 1736 1379 Πατὴρ

179 1393 254 1446 διὰ
292 1392 381 1446 τοῦ
414 1393 542 1447 Υἱοῦ
589 1395 933 1465 δημιουργεῖ,
974 1399 1003 1452 ὁ
1045 1397 1102 1450 δὲ
1133 1398 1260 1460 Υἱὸς
1306 1400 1486 1453 οὐκέτι
1524 1401 1612 1453 διὰ
1639 1400 1736 1453 τοῦ

179 1487 393 1555 Πατρός.
433 1489 495 1539 'll
527 1488 635 1557 γὰρ
682 1489 944 1559 εἰρημένη
973 1489 1128 1553 λύσις
1151 1489 1306 1542 ἕλυσε
1341 1492 1441 1559 μὲν
1471 1491 1738 1560 λαμπρῶς

178 1580 229 1631 τὸ
258 1580 412 1649 μέρος
445 1579 546 1649 τῆς
570 1581 826 1651 ἀπορίας,
855 1583 1096 1636 ἐπέτεινε
1136 1583 1192 1636 δὲ
1222 1583 1421 1652 μᾶλλον
1445 1584 1504 1636 τὸ
1530 1584 1733 1641 λοιπόν.

179 1670 308 1739 Πλὴν
353 1673 582 1743 ἐπείπερ
610 1675 832 1741 ἄμεινον
878 1677 951 1746 μὴ
990 1677 1150 1744 μόνον
1180 1679 1298 1736 ταῖς
1328 1676 1570 1745 εὐλόγοις
1631 1679 1760 1731 ἐπ-.

1840 506 1947 561 que
1975 500 2144 560 caput
2187 504 2270 548 est
2299 492 2552 548 creandas
2581 509 2651 548 ex
2683 496 2856 553 nihilo
2886 509 3096 555 natura:
3125 501 3236 554 vim
3267 515 3421 556 suam

1838 581 2213 650 impendisse,
2265 582 2627 638 nihilominus
2675 583 2894 642 Christo
2945 588 3161 660 Deoque
3225 591 3422 646 infensi
3502 608 3505 611 ‘

1837 671 2129 728 Manio-had
2160 673 2404 743 itemque
2437 673 2680 730 Marcion
2711 689 2821 730 non
2847 690 3177 734 venerentur
3203 682 3419 751 quomi-

1838 777 1944 818 nus
1989 763 2146 818 alteri
2197 765 2472 835 principio
2527 765 2886 836 Evangelium
2933 770 3214 837 tribuant,
3268 772 3424 826 alteri

1835 864 2021 908 autem
2065 855 2346 910 contrario
2378 855 2652 912 Mosaicas
2697 857 3107 927 institutiones;
3158 861 3210 915 in
3253 877 3427 930 quan-

1838 954 1952 1002 tum
1999 946 2234 1017 denique
2286 948 2638 1018 blasphemia;
2677 965 2967 1005 excessum
3017 951 3315 1018 venissent,
3371 952 3418 1007 si

1837 1047 2080 1093 veterum
2106 1038 2327 1107 quidem
2354 1039 2763 1108 Scripturarum
2792 1056 3044 1096 seorsum
3073 1052 3266 1096 auctor
3288 1058 3425 1110 prae-

1837 1123 2114 1179 dicaretur
2138 1123 2320 1189 Pater,
2357 1127 2546 1195 gratiae
2582 1142 2776 1181 rursus
2807 1143 3058 1182 seorsum
3081 1127 3252 1182 Filius
3278 1146 3291 1193 ;
3320 1127 3425 1182 Sed

1837 1215 1982 1270 enim
2027 1216 2143 1270 haec
2193 1218 2334 1272 alius
2375 1220 2641 1287 temporis
2683 1220 2999 1289 diversique
3037 1221 3221 1289 potius
3263 1237 3426 1290 argu-

1839 1308 2006 1363 menli
2062 1318 2208 1364 sunt.
2260 1308 2662 1367 Revertendum
2725 1313 2892 1382 igitur
2957 1314 3023 1367 ad
3079 1315 3422 1383 propositam

1839 1402 1999 1456 initio
2048 1403 2494 1469 dubitationem,
2544 1406 2824 1475 quomodo
2875 1406 3038 1460 Pater
3086 1422 3182 1475 per
3227 1405 3422 1459 Filium

1841 1503 2026 1558 creet;
2080 1493 2252 1547 Filius
2297 1504 2477 1548 autem
2525 1512 2869 1565 nequaquam
2903 1510 2996 1564 per
3026 1495 3266 1551 Patrem.
3293 1495 3417 1550 Jam

1842 1583 2110 1639 hactenus
2148 1586 2357 1654 prolata
2387 1587 2588 1641 solutio
2619 1587 2780 1642 sicuti
2816 1589 2964 1641 dubii
3003 1592 3207 1657 partem
3242 1590 3424 1658 splen-

1841 1675 1965 1730 dide
1988 1675 2248 1739 illustrat,
2281 1677 2353 1730 ita
2380 1679 2552 1746 magis
2573 1678 2829 1733 obscurat
2857 1680 3112 1733 alteram.
3150 1680 3254 1734 Sed
3273 1681 3420 1733 enim

175 1761 455 1830 ερείδεσθαι
478 1762 755 1833 θεωρίαις,
788 1767 1034 1820 ἀλλὰκαὶ
1063 1771 1128 1838 τῇ
1159 1766 1270 1820 τῶν
1300 1768 1512 1836 Λογίων
1546 1771 1739 1839 χρήσει

1843 1775 2098 1834 prmstat,
2153 1781 2260 1818 non
2323 1766 2698 1834 probabilibus
2743 1768 3122 1822 tantummodo
3169 1770 3266 1822 niti
3303 1786 3423 1825 ser-

175 1853 258 1904 καὶ
292 1853 614 1925 διδασκαλίᾳ
659 1858 1158 1927 κατασφαλίςεσθαι
1191 1860 1418 1925 ταύτας.
1454 1861 1740 1932 Χρησμοϊς

171 1945 267 2014 γὰρ
310 1943 396 1997 τοῦ
432 1948 703 2016 παναγίου
751 1950 1068 2021 Πνεῦματος
1094 1953 1164 2004 τὰ
1195 1953 1440 2024 ἡμέτερα
1481 1953 1738 2024 περιεχό-

173 2051 317 2103 μενα,
365 2039 487 2092 ὅσον
549 2042 1032 2111 προσλαμϐάνουσι
1083 2045 1143 2098 τὺ
1205 2044 1443 2116 κράτος,
1481 2043 1737 2101 τοσοῦτον

169 2128 310 2198 νικᾷν
340 2131 634 2199 ἀνάγονται
667 2134 760 2186 τὸν
806 2133 1016 2204 μῶμον.

242 2228 244 2230 ⁷
662 2223 1000 2278 ΕΡΩΊἪΣΙΣ
1039 2228 1211 2282 ΡΠΘ⁸;

167 2309 259 2388 Δίᾳ
302 2317 374 2388 τίΔ
415 2315 657 2388 "ream
701 2318 818 2385 μὲν
862 2319 1090 2388 Πατρός
1141 2321 1239 2372 καὶ
1304 2319 1546 2388 Πνεῦμα
1594 2320 1767 2375 Υῑοῦ.

227 2381 928 2459 ίερρῖιοτοῦμενηίοὺκέτι
981 2381 1331 2455 δὲίΠατέρα
1387 2381 1732 2459 Πτίεύματος

226 2451 361 2504 οὐδὲ
388 2451 957 2510 Υὶὸνίὰποδίδοσθαιι
975 2451 1518 2528 συνομολογοῦμεν
1540 2451 1558 2523 ξ

1841 1857 2020 1912 monis
2050 1858 2411 1927 argumentis,
2440 1873 2629 1912 verum
2663 1860 2826 1913 etiam
2867 1859 3277 1930 Scripturarum
3316 1877 3417 1915 usu

1839 1965 1905 2004 ac
1933 1951 2252 2021 magisterio
2291 1966 2402 2004 rem
2438 1951 2789 2005 confirmare.
2822 1950 3010 2006 Nosui
3056 1953 3200 2005 enim
3245 1956 3420 2006 sancti

1837 2038 2080 2110 Spiritus
2110 2043 2354 2098 oraculis
2388 2041 2524 2095 freta
2557 2051 2880 2112 argumenta
2903 2083 2917 2106 ,
2953 2051 3163 2112 quanto
3193 2043 3420 2098 fortiora

1833 2133 2096 2195 eradunt,
2137 2143 2290 2189 tanto
2327 2135 2617 2190 calumniae
2642 2136 2926 2204 superiora
2962 2135 3120 2188 ﬁunt.

1841 2223 2167 2292 QUAESTIO
2188 2225 2516 2282 CLXXXIX.
2536 2225 2724 2297 [CoisL
2750 2225 3025 2291 CCXVIII,
3049 2225 3210 2279 Tanr.
3241 2224 3420 2298 CCX]

1842 2317 1953 2374 Cur
1982 2318 2242 2389 Spiritum
2271 2319 2452 2372 Patris
2473 2329 2520 2371 et
2553 2317 2814 2386 Spiritum
2846 2316 2978 2389 Filii
3003 2318 3292 2389 theologica
3322 2335 3425 2372 ser-

1912 2386 2064 2445 mone
2121 2391 2400 2449 dicamus;
2460 2404 2625 2455 neque
2675 2397 2850 2440 tamen
2907 2386 3122 2441 Patrem
3193 2387 3423 2458 Spiritus

1913 2477 2075 2531 neque
2102 2460 2330 2526 Filium,
2365 2475 2615 2513 conversa
2645 2459 2773 2523 vice,
2804 2459 3067 2528 fateamur
3088 2461 3114 2513 ?

1395 2575 1536 2624 Edita
1561 2590 1587 2624 a
1615 2575 1741 2625 Maio
1763 2578 1818 2641 (l.
1843 2589 1887 2626 c.
1915 2575 2022 2636 183,
2049 2575 2180 2636 18$).

235 2654 293 2707 Ἦ
325 2657 662 2728 ὑπεράρχιος
684 2659 778 2712 καὶ
810 2659 1074 2728 ὑπέρθεος
1109 2658 1216 2712 τῶν
1243 2659 1550 2731 θεαρχικῶν
1599 2665 1715 2716 ὑπο

165 2751 392 2803 στάσεων
446 2751 641 2822 θεότης
673 2753 740 2805 τὰ
777 2753 1004 2804 πλεῖστα
1056 2751 1154 2819 μὲν
1183 2750 1377 2821 ὥσπερ
1403 2751 1482 2822 τῷ
1527 2753 1733 2806 ἀκατα-

161 2840 360 2912 λήπτῳ,
382 2842 531 2896 οὕτω
561 2843 626 2912 δὴ
655 2842 750 2896 καὶ
779 2842 856 2912 τῷ
879 2841 1172 2910 ἁφθέγκτῳ
1204 2840 1640 2911 περιστέλλεται,
1671 2843 1730 2894 οὐ

159 2934 220 3001 τῇ
241 2934 377 2986 κατὰ
408 2936 511 3003 τὴν
537 2933 698 3003 φύσιν
728 2934 888 3003 μόνον
915 2934 1137 3004 θεωρίᾳ,
1167 2931 1303 2986 ἀλλά
1341 2950 1405 3001 γε
1441 2933 1506 3003 δὴ
1540 2935 1635 2986 καὶ
1667 2936 1731 3004 τῇ

159 3023 481 3095 ἀνεπινοήτῳ
501 3026 609 3078 τῶν
627 3025 932 3095 ἰδιωμάτων
951 3024 1211 3096 ὑπεριδρυ
1221 3023 1356 3094 μένῃ
1386 3024 1729 3095 κρυφιότητν

1908 2661 2115 2716 Eximia
2146 2671 2200 2715 et
2233 2661 2484 2716 eminens
2515 2676 2902 2731 supremarnm
2951 2674 3312 2730 personarum
3345 2659 3426 2712 di-
3458 2719 3466 2725 _

1829 2751 2031 2805 vinitas
2067 2751 2301 2818 plurima
2329 2750 2524 2814 habet,
2557 2765 2680 2817 qua:
2725 2765 2902 2820 neque
2933 2751 3208 2804 intellectu
3246 2766 3423 2818 neque

1831 2854 2084 2894 sermone
2130 2839 2517 2908 comprehendi
2575 2826 2824 2908 queunt;
2876 2855 2986 2894 non
3049 2841 3225 2894 solum
3275 2841 3422 2909 quod

1831 2932 2026 2985 attinet
2077 2931 2145 2985 ad
2195 2939 2409 2986 naturae
2453 2929 2574 3000 ejus
2617 2931 3176 3001 contemplationem,
3232 2947 3420 2987 verum
3499 2954 3510 2962 -

1829 3023 1993 3078 etiam
2045 3031 2270 3093 propter
2322 3024 2928 3092 incomprehensibilem
2977 3025 3425 3100 reconditamque

159 3115 243 3166 καὶ
262 3114 436 3185 πολλῴ
451 3115 519 3185 δὴ
543 3108 743 3184 μᾶλλον
774 3113 1191 3175 αἰτιολογείσθαι
1209 3115 1460 3183 γηγενῶν
1488 3115 1730 3178 διανοίας

1843 3115 2230 3184 oraprietatum
2281 3114 2724 3170 obscuritatem:
2762 3116 2936 3170 multo
2985 3132 3114 3170 vero
3166 3117 3426 3186 impossi-

156 3207 538 3278 ἀνακεχωρηκε
569 3223 580 3235 ·
612 3207 750 3276 πλὴν
780 3207 926 3260 ἐστιν
956 3207 1352 3276 φιλανθρώπως
1385 3207 1484 3276 τῆς
1515 3207 1728 3259 ἐκεῖθεν

156 3299 335 3370 αἴγλης
356 3303 489 3370 ἡμῖν
509 3300 606 3360 τὰς
630 3302 856 3362 ἀκτῖνας
879 3299 1386 3369 ἐναστραπτούσης,
1425 3299 1502 3361 ὡς
1539 3298 1630 3352 διὰ
1655 3316 1738 3351 τις

156 3405 237 3453 νος
264 3391 550 3462 ἐσόπτρου,
589 3391 690 3460 τῆς
714 3391 1042 3461 εἰλικρινοῦς
1066 3391 1223 3461 ἡμῶν
1246 3391 1484 3460 ἐφέσεως
1516 3391 1609 3443 καὶ⁸
1638 3390 1735 3460 τῆς

154 3481 208 3531 ἐν
233 3485 296 3552 τῇ
347 3483 533 3536 πίστει
575 3483 854 3549 διαυγείας
887 3483 983 3553 τὴν
1030 3484 1324 3552 ἐπίγνωσιν
1360 3482 1729 3553 φωτιζόμεθα.

155 3573 221 3624 Τδ
243 3575 346 3644 γάρ
371 3575 652 3638 παντελῶς
672 3575 1007 3645 ἀθεώρητον,
1042 3578 1133 3628 καὶ
1154 3575 1470 3645 ἀνέραστον,
1495 3576 1588 3628 καὶ
1608 3575 1732 3628 οὐδέ

155 3666 418 3738 σπινθῆρα
445 3667 774 3721 καταϐαλεῖν
805 3668 992 3731 πόθου,
1021 3669 1115 3720 καὶ
1138 3669 1217 3730 εἰς
1249 3667 1425 3737 φλόγα
1456 3667 1546 3720 τὸν
1569 3667 1732 3721 πόθον

152 3756 366 3826 ἀνάψαι,
395 3759 496 3812 καὶ
531 3760 664 3829 πρὸς
685 3759 848 3811 ἐαυτὸ
879 3757 1278 3824 ἐφελκῦσασθαι
1308 3757 1567 3826 οὐδεμίαν
1587 3775 1733 3828 παρ-

151 3847 265 3916 έχον
306 3849 747 3920 ἐπιτηδειότητα.
793 3849 1025 3902 Σπάνιον
1054 3849 1111 3901 δὲ
1138 3849 1238 3918 τῆς
1270 3847 1479 3902 ἄνωθεν
1510 3849 1731 3901 κατιού-

151 3955 246 4008 σης
272 3941 588 4007 ἐπιπνοίας,
614 3943 708 3994 καὶ
734 3941 832 4011 τὴν
865 3939 1207 4012 ὑψηλοτέραν
1240 3939 1474 4010 μάθησιν
1496 3954 1732 4010 παρεχο-

150 4031 313 4103 μένης
350 4034 413 4087 τὸ
469 4033 682 4103 χρῆμα,
721 4033 816 4086 καὶ
851 4032 1108 4102 δεόμενον
1152 4030 1568 4102 κεκαθαρμένης
1613 4031 1730 4084 διατι

147 4121 310 4189 νοίας,
328 4125 544 4193 καὶτῆς
566 4124 670 4176 τῶν
690 4123 901 4176 πολλῶν
931 4125 1180 4192 ἀνακεχω
1189 4123 1354 4192 ρηκὸς
1385 4121 1726 4192 ὑπολήψεως.

148 4206 285 4264 Ὅσα
315 4213 372 4266 δὲ
389 4210 632 4282 καθορᾷν
654 4213 786 4280 ἡμῖν
811 4211 919 4263 τῶν
936 4211 1142 4264 ἄνωθεν
1179 4210 1473 4280 προϊόντων
1490 4209 1550 4262 τὸ
1570 4209 1731 4262 ἀσθε-

146 4301 227 4364 νὲς
252 4304 349 4373 τῆς
372 4304 593 4372 φύσεως
621 4305 722 4355 οὐκ
750 4303 1046 4369 ἐνδίδωσιν,
1071 4303 1134 4355 ἐκ
1163 4302 1271 4354 τῶν
1308 4302 1426 4354 καθ’
1455 4303 1604 4371 ἡμᾶς
1635 4298 1734 4352 καὶ

147 4396 388 4466 συνήθων
429 4395 729 4462 ἀνάγεσθαι
767 4393 904 4464 πρὸς
953 4393 1052 4464 τὴν
1102 4395 1241 4464 ὑπὲρ
1301 4393 1508 4450 ἔννοιαν
1557 4390 1734 4461 αὐτῆς

1836 3205 2003 3260 bilius
2053 3215 2180 3271 est,
2224 3212 2284 3258 ut
2327 3207 2645 3260 earumdem
2691 3218 2888 3260 causas
2938 3221 3090 3260 mens
3147 3209 3425 3262 terrestris

1835 3297 2112 3364 explicare
2149 3307 2336 3366 queat.
2371 3295 2759 3353 Verumtamen
2795 3297 3104 3368 splendoris
3143 3298 3292 3353 illius
3335 3315 3425 3354 ra-

1835 3390 1943 3446 diis
1982 3389 2049 3443 ad
2091 3404 2193 3444 nos
2222 3390 2517 3444 clementer
2556 3390 2681 3444 inde
2724 3390 3110 3454 manantibus,
3165 3401 3422 3460 tanquam

1834 3481 2096 3550 speculo,
2153 3495 2288 3548 pura
2321 3488 2510 3535 nostra
2542 3479 2842 3548 cupiditate
2891 3480 3127 3549 ﬁdeique
3183 3479 3424 3534 illustra-

1836 3570 2016 3633 tione,
2071 3568 2320 3621 notitiam
2374 3568 2774 3623 nanciscimur.
2817 3567 2949 3623 Nam
2981 3569 3127 3638 quod
3167 3579 3253 3623 est
3285 3584 3424 3638 qua-

1833 3674 2136 3729 quaversus
2193 3660 2782 3729 incomprehensibile,
2831 3661 2881 3714 id
2916 3675 2983 3714 ne
3037 3661 3272 3715 amabile
3299 3661 3425 3730 qui.-

1832 3751 1956 3806 dem
2009 3759 2124 3816 est,
2171 3764 2348 3820 neque
2397 3767 2523 3820 erga
2573 3752 2625 3805 id
2660 3751 2862 3807 amoris
2909 3752 3206 3806 scintillam
3255 3753 3420 3806 ullam

1831 3845 2124 3913 concipere
2159 3858 2458 3913 possumus
2489 3859 2506 3899 :
2537 3843 2738 3912 quippe
2763 3847 2908 3911 quod
2950 3858 3127 3911 neque
3154 3843 3422 3912 igniculos

1831 3935 2151 4006 cupiditatis
2197 3934 2437 3999 emittit,
2496 3948 2673 4003 neque
2721 3935 2826 3989 sibi
2868 3934 3122 4002 cujusvis
3173 3933 3419 3987 animum

1833 4028 2163 4085 conciliandi
2214 4029 2322 4081 vim
2373 4028 2556 4082 habet.
2599 4027 2694 4081 Est
2733 4036 2914 4080 tamen
2963 4027 3080 4081 haec
3126 4042 3216 4081 res
3265 4027 3423 4080 valde

1833 4120 2015 4191 indiga
2055 4133 2292 4188 superne
2330 4118 2516 4173 ﬂantis
2545 4119 2950 4188 inspirationis,
2985 4132 3107 4187 quae
3139 4117 3423 4198 sublimia.

1833 4228 1950 4267 rem
2000 4211 2310 4267 doctrinam
2364 4211 2574 4266 tradat:
2620 4210 2969 4280 postulatque
3022 4225 3215 4280 puram
3269 4224 3422 4263 men~

1834 4315 1969 4370 tem,
2004 4313 2169 4374 atque
2206 4320 2236 4358 a
2267 4304 2413 4373 vulgi
2444 4303 2804 4372 intelligentia
2827 4303 3110 4357 abhorret.
3147 4301 3266 4356 Jam
3291 4317 3421 4356 vero

1834 4409 1954 4462 qua!
1980 4393 2226 4447 cmlestia
2256 4393 2415 4447 nobis
2451 4393 2702 4446 contueri
2749 4401 2958 4445 naturae
2989 4392 3278 4444 infirmitas
3309 4406 3416 4443 non

145 4483 406 4555 θεωρίαν,
471 4487 629 4558 χάριν
687 4489 819 4557 ἡμῖν
897 4489 1201 4557 παρασχεῖν
1254 4487 1287 4556 ὴ
1348 4485 1731 4555 φιλάνθρωπος

1843 4485 2109 4551 concedit,
2138 4501 2202 4544 ea
2239 4493 2299 4538 ut
2336 4500 2432 4554 per
2461 4484 2763 4538 familiares
2795 4484 2953 4538 nobis
2985 4499 3069 4537 res
3099 4484 3167 4537 ad
3202 4483 3418 4536 abstru-

146 4574 424 4646 ἀγαθότης
460 4575 790 4647 κατηξίωσε,
817 4577 882 4630 δι’
913 4577 1096 4631 αὐτῶν
1126 4578 1274 4646 ἡμᾶς
1313 4574 1731 4647 χειραγωγοῦσα

1843 4580 2037 4634 siorem
2091 4578 2610 4647 contemplationem
2667 4579 2807 4647 rapti
2858 4576 3224 4645 intelligamus
3275 4589 3415 4644 quo-

141 4670 231 4722 καὶ
265 4671 548 4738 ἀνάγουσα
595 4672 674 4732 εἰς
723 4670 824 4740 τὴν
872 4670 1003 4738 περὶ
1035 4669 1250 4739 Πατρὺς
1319 4669 1411 4722 καὶ
1452 4668 1583 4721 Υίοῦ
1635 4669 1731 4722 καὶ

1843 4669 2160 4734 rlammodo,
2203 4669 2445 4724 clemens
2477 4667 2570 4723 Dei
2605 4668 2820 4722 bonitas
2855 4668 3120 4736 largitur;
3157 4675 3320 4735 atque
3351 4665 3417 4718 ad

144 4759 462 4829 Πνεῦματος
484 4761 760 4832 θεοπρεπῆ
783 4761 1086 4830 φαντασίαν
1106 4776 1119 4789 ·
1157 4761 1252 4814 καὶ
1285 4761 1376 4814 τὸν
1408 4763 1565 4832 ἡμῶν
1587 4761 1729 4814 θεῖον

1843 4762 2012 4818 Patris
2055 4771 2109 4816 et
2155 4760 2275 4814 Filii
2333 4773 2386 4815 et
2433 4758 2669 4828 Spiritus
2707 4759 2880 4813 saneti
2914 4775 3019 4812 non
3053 4759 3413 4826 incongruam

139 4852 316 4924 ἔρωτα
349 4855 422 4908 δι’
447 4854 740 4922 ἀναλογίας
763 4851 1166 4922 ψυχαγωγοῦσα
1201 4853 1294 4905 καὶ
1336 4852 1726 4923 ἁναπληροῦσα

140 4946 273 5015 πρὸς
299 4947 508 5014 γνῶσιν
537 4947 642 4999 ὑπὸ
671 4946 770 5012 τῆς
800 4943 1096 5006 παντελοῦς
1136 4944 1411 5011 ἀγνωσίας
1459 4961 1728 5014 στενοκωκ-

139 5035 406 5106 ρούμενον
431 5054 446 5066 ο
475 5037 563 5091 διὰ
596 5037 768 5090 ταῦτα
798 5035 1090 5107 τοιγαροῦν
1128 5037 1222 5090 καὶ
1259 5035 1483 5106 Πνεῦμα
1517 5037 1614 5106 μὲν
1636 5036 1726 5089 τοῦ

137 5129 350 5200 Πατρὸς
377 5130 474 5183 καὶ
508 5129 604 5182 τοῦ
636 5128 766 5181 Υἱοῦ
784 5129 844 5181 τὸ
874 5128 1138 5196 πανάγιον
1168 5128 1394 5198 Πνεῦμα
1419 5127 1595 5193 λέγειν
1627 5129 1729 5181 οὐκ

136 5220 562 5291 ἐπιδιστάζομεν
589 5237 603 5252 ο
645 5219 836 5289 ἐπειδὴ
891 5221 995 5272 κάν
1029 5222 1142 5283 τοῖς
1198 5220 1322 5273 καθ’
1370 5221 1519 5290 ἡμᾶς
1551 5221 1644 5274 τόν
1669 5235 1728 5272 τε

138 5310 362 5381 Πατέρα
395 5313 490 5364 καὶ
518 5311 611 5366 τὸν
639 5311 769 5364 Υίὸν
794 5351 808 5377 ,
850 5309 1078 5381 Πνεῦμὰ
1105 5327 1164 5364 τε
1197 5310 1344 5380 ἔχειν
1372 5311 1589 5382 ὁρῶμεν
1631 5313 1726 5364 καὶ

1832 4853 2179 4921 phantasiam
2211 4851 2500 4917 subvehit;
2533 4862 2782 4906 nostrum
2815 4850 3052 4916 denique
3079 4864 3208 4918 erga
3249 4847 3416 4902 Deum

1831 4959 2072 4996 amorem
2106 4943 2359 5014 analogia
2394 4945 2630 5012 quadam
2662 4942 2808 4996 fovet
2841 4960 2905 4996 ac
2926 4945 3109 5010 satiat,
3140 4945 3231 5013 qui
3264 4953 3422 4998 caete-

1829 5035 1987 5104 roqui
2028 5035 2258 5089 inscitia:
2281 5035 2550 5104 angustiis
2575 5035 2819 5103 undique
2838 5046 3171 5090 coarctatur.
3203 5034 3413 5090 Idcirco

1826 5125 1993 5194 igitur
2025 5140 2095 5179 ne
2128 5124 2306 5179 Patris
2353 5128 2574 5196 quidem
2602 5135 2659 5180 et
2693 5124 2815 5180 Filii
2859 5138 3106 5182 sanctum
3146 5125 3412 5198 Spiritum

1825 5220 2010 5274 dicere
2056 5219 2399 5273 dubitamus.
2450 5218 2702 5288 Namque
2755 5221 2810 5272 in
2877 5221 3134 5276 humanis
3198 5235 3418 5289 quoque

1825 5312 1990 5366 rebus
2026 5318 2139 5366 tum
2181 5311 2330 5365 Patri
2365 5321 2481 5366 tum
2519 5309 2658 5366 Filio
2692 5310 2955 5382 Spiritum
2996 5313 3179 5367 inesse
3207 5318 3262 5365 et
3289 5324 3413 5366 cer-

1670 5489 1900 5548 ΝΟΤᾸΕ.
2654 5483 2693 5509 ’

206 5579 544 5654 (75)_I_’botii
569 5585 976 5654 amplumippus
1002 5593 1192 5638 contra
1231 5583 1562 5639 Manichacus
1607 5585 1727 5638 edi-

137 5661 250 5723 tum
278 5649 754 5723 a_Montfauconio
782 5649 1091 5722 Wtill‘tuque
1115 5654 1366 5723 legimus.
1414 5653 1529 5708 I’id.
1566 5657 1726 5721 hujus

139 5716 352 5775 Putrol.
391 5729 432 5774 t.
461 5724 546 5777 Cll
567 5765 580 5789 ,
609 5725 711 5778 col.
747 5724 779 5777 9
805 5737 918 5790 set].
957 5716 1029 5777 ne
1061 5716 1330 5778 Marciane
1364 5716 1727 5795 llieronylnus

1833 5601 1901 5671 er
1943 5585 2214 5671 1251.95:
2255 5587 2386 5671 Ηαξς
2409 5585 2637 5668 diem“
2671 5601 2776 5671 ῖιοη
2815 5593 3118 5671 screws“
3141 5578 3412 5671 ,(ῖξιξῐτιηῖέ

1835 5653 2204 5726 Evangelinm,
2239 5668 2297 5711 ut
2327 5657 2572 5716 Harcion
2598 5655 2986 5726 calumniatur,
3019 5653 3110 5705 sed
3141 5661 3301 5702 unum
3326 5654 3412 5696 at-

1834 5743 1933 5798 que
1957 5725 2197 5782 eumdem
2230 5727 2571 5796 suscipientes
2597 5725 2784 5787 Deum,
2823 5733 2923 5774 etc.
