3828 6202
431 271 539 337 915

1592 269 1859 330 PHOTII
1897 241 2404 331 ΡΑΤΒΙΑέιεΗᾹς
2435 271 2544 331 ep.

3597 271 3698 336 916

432 385 614 436 nimus
652 389 708 436 et
752 378 1000 436 conﬁteri
1041 379 1326 436 solemus:
1373 377 1518 449 quod
1561 387 1744 434 autem
1789 379 2013 447 Spiritui

2125 379 2503 449 συνομολογεῖν
2552 379 2894 450 ἐπιστάμεθα
2924 397 2939 412 ο
2975 381 3036 434 τὸ
3069 381 3253 451 μέντοι
3292 383 3548 454 Πνεῦμα,
3580 384 3702 439 Υίὺν

431 475 605 530 Filius
637 475 711 531 sit
747 473 828 528 vel
857 473 1042 538 Pater,
1077 474 1128 528 id
1156 489 1332 542 neque
1361 473 1544 529 dicere
1571 473 1808 542 patimur
1839 487 2015 541 neque

431 578 614 624 mente
659 567 1013 638 percipimus.
1045 565 1149 620 Sed
1184 578 1362 621 tamen
1414 580 1620 628 rerum,
1675 580 1797 632 quae
1847 575 2015 620 certae

431 662 572 730 apud
602 677 703 715 nos
746 671 897 720 sunt.
937 660 1186 732 analogia
1234 660 1300 712 ad
1333 657 1637 728 theologice
1679 657 2013 726 loquendum

431 756 500 810 de
533 755 900 810 iueﬂ‘abilibus
934 764 1097 824 atq-ue
1129 753 1498 808 eminentibus
1527 751 1730 806 divinis
1761 750 2013 820 personis

430 846 601 910 ducti,
637 862 743 900 non
771 846 1048 900 immerito
1081 845 1344 913 Spiritum
1381 843 1557 900 Patris
1588 843 1800 913 Fliique
1829 843 2013 898 dicere

431 937 736 1003 discimus;
768 937 982 991 Patrem
1025 951 1151 991 vero
1174 936 1258 990 vel
1305 935 1499 989 Filium
1549 933 1824 1004 Spiritus,
1871 933 2017 988 haud

428 1027 543 1098 jam
575 1043 877 1097 agnoscere
901 1029 1260 1082 sustinemus.

503 1141 830 1207 ΟΠᾸΞΒΤΙΟ
882 1142 1017 1197 CXC
1067 1142 1256 1216 [CoisL
1297 1141 1529 1207 CCXIX,
1564 1141 1726 1195 Taur.
1767 1139 1950 1212 CCX].

434 1258 668 1312 (λιιι-παθη
727 1276 842 1312 rum
895 1259 1058 1313 Pater
1096 1269 1146 1312 ct
1185 1257 1364 1312 Filius
1420 1270 1468 1312 et
1513 1269 1726 1311 sanctus
1787 1256 2023 1323 Spiritus

503 1329 980 1383 consubstantiales
1006 1347 1261 1399 paresque
1306 1331 1374 1394 vi,
1409 1330 1681 1382 vultmlulc
1703 1337 1750 1381 et
1789 1327 2024 1399 potentia

504 1400 644 1520 εἴτε,
695 1409 866 1453 tamen
910 1402 963 1452 iu
1007 1396 1337 1454 numerando
1377 1403 1608 1469 primum
1657 1399 1832 1452 locant
1861 1396 2026 1450 Pater

505 1487 534 1522 ο
575 1471 782 1527 (ineat?

505 1481 738 1523 ουιιηεαι

2113 472 2147 542 ἢ
2175 472 2407 543 ,Πατέρα
2440 472 2604 542 ἔχειν,
2639 471 2765 527 οὕτε
2812 473 2993 542 λέγειν
3025 475 3355 546 ἀνεχόμεθα,
3387 476 3510 530 οὔτε
3559 478 3701 547 λεγι-

2115 565 2276 632 σμοῖς
2307 563 2757 634 παραδεχόμεθα·
2788 566 2854 618 ἐκ
2877 565 2940 636 δὴ
2968 566 3069 636 τῆς
3096 566 3204 620 τῶν
3240 569 3369 622 καθ’
3394 569 3543 638 ἡμᾶς
3572 569 3699 639 ὁμο-

2111 656 2460 727 λογουμένων
2486 659 2804 727 ἀναλογίας,
2833 660 2914 723 εῖς
2938 661 3038 728 τὴν
3058 661 3196 732 ὑπὲρ
3227 662 3376 733 ἡμᾶς
3407 661 3704 732 ἱερολογίαν

2116 747 2225 802 τῶν
2249 749 2596 820 ὑπερουσίων
2621 768 2678 804 τε
2703 753 2800 805 καὶ
2831 753 3114 824 ὑπερθέων
3141 753 3448 824 θεαρχικῶν
3479 753 3706 806 ὑποστά-

2119 856 2258 894 σεων
2278 841 2631 912 ἀναγόμενοι,
2649 845 2877 909 εἰκότως
2894 845 3119 916 Πνεῦμα
3141 846 3238 915 μὲν
3250 845 3465 916 Πατρδς
3475 844 3567 898 καὶ
3578 845 3704 899 Υίοῦ

2126 931 2306 1000 λέγειν
2358 933 2756 1005 διδασκόμεθα’
2814 938 3033 1007 Πατέρα
3079 938 3137 991 δὲ
3189 939 3575 1011 Πνεύματοςῆ
3620 942 3705 993 τὸν

2123 1025 2284 1091 Υἰὸν,
2324 1026 2508 1081 οὐκέτι
2546 1029 2737 1098 μαθεῖν
2769 1031 3132 1100 ὑφιστάμεθα.

2673 1144 3008 1197 ΕΡΩΤΗΣΙΣ
3045 1143 3164 1211 Ριί.

2127 1255 2186 1308 Τί
2218 1255 2445 1320 δήποτε
2481 1257 2712 1324 Πατρός
2745 1259 2842 1312 καί
2866 1261 3002 1313 Υίου
3034 1261 3133 1312 καί
3161 1257 3338 1325 ἁγίου
3368 1258 3705 1326 Πνεύματος

2195 1329 2538 1398 όμοουσίων
2569 1345 2633 1382 τε
2676 1328 2771 1380 καί
2818 1327 3129 1398 ὁμοταγῶν
3161 1328 3316 1381 κατὰ
3357 1347 3423 1396 γε·
3457 1327 3704 1396 δύναμιν

2196 1396 2292 1449 καί
2324 1397 2577 1464 βουλὴν
2606 1399 2704 1452 καὶ
2745 1396 3063 1467 κυριότητα
3107 1400 3471 1467 πεφυκότων
3492 1440 3505 1457 ,
3534 1399 3602 1450 ἐν
3634 1399 3702 1467 τῇ

2196 1469 2638 1536 συναριθμήσει
2678 1468 2920 1538 πρώτην
2951 1469 3127 1534 τάξιν
3166 1474 3199 1524 ό
3231 1469 3440 1538 Πατὴρ
3481 1468 3698 1538 ἐπέχει,

1675 1616 1818 1668 Edita
1839 1629 1868 1663 a
1888 1609 2014 1662 Maio
2039 1609 2098 1674 (l.
2123 1625 2166 1661 c.
2197 1613 2304 1676 185,
2328 1614 2460 1675 193).

504 1738 557 1788 1.
597 1734 751 1788 Alius
779 1732 1009 1789 fortasse
1037 1732 1226 1787 nescio
1261 1732 1386 1800 quis
1426 1727 1785 1784 abstrusioris
1815 1724 2015 1780 theolo-

2202 1730 2272 1778 α’.
2317 1726 2511 1792 Ἀλλος
2557 1727 2660 1800 μὲν
2702 1725 2795 1785 οῦν
2829 1730 2895 1784 ἄν
2937 1748 3022 1795 τις
3060 1733 3192 1796 ῐσως
3226 1731 3701 1804 θεολογικωτέραις

430 1825 532 1894 giae
559 1824 892 1894 cogitatibus
914 1824 1099 1888 nixus,
1128 1822 1336 1892 quique
1356 1821 1621 1876 virtutum
1651 1819 2019 1890 perlectarum

433 1915 644 1971 meritis
707 1915 776 1969 ad
843 1913 1196 1982 excipiendos
1262 1913 1502 1968 caelestis
1559 1911 1780 1965 luminis
1836 1907 2021 1962 radios

432 2008 698 2077 aptiorem
751 2021 810 2060 se
858 2006 1178 2068 reddiderit,
1221 2005 1290 2070 is,
1347 2005 1600 2074 inquam,
1662 2001 1860 2056 mentis
1908 2014 2023 2054 suae

433 2100 842 2169 perceptionem
881 2099 1206 2154 sublimiore
1245 2097 1458 2152 theoria
1495 2096 1814 2152 subvectam
1845 2092 2022 2162 expli-

434 2191 616 2255 cabit,
651 2207 950 2260 rerumque
981 2191 1350 2246 ineffabilium
1383 2205 1582 2245 causas
1598 2188 1842 2254 evolvet;
1876 2185 2022 2255 quod

435 2283 656 2352 quidem
692 2283 729 2337 ii
761 2299 1105 2353 nequaquam
1137 2284 1356 2354 aggredi
1395 2290 1657 2352 possunt,
1703 2279 1801 2350 qui
1842 2293 1900 2332 se
1925 2290 2023 2330 ne-

435 2376 707 2445 gotiorum
743 2377 980 2431 colluvie
1011 2377 1254 2430 nondum
1291 2375 1707 2444 expcdiveruut.
1754 2370 1866 2440 Ego
1897 2382 2024 2422 vero

434 2465 530 2534 qui
559 2465 690 2519 nihil
720 2467 998 2520 excelsum
1029 2466 1083 2519 in
1113 2482 1198 2520 me
1228 2465 1366 2529 scio,
1397 2479 1570 2533 neque
1601 2461 1780 2515 adhuc
1822 2458 1890 2512 ab
1921 2457 2025 2510 hac

435 2559 716 2611 communi
762 2559 1184 2613 conversatione
1231 2569 1468 2612 mentem
1513 2555 1777 2618 abstraxi,
1815 2552 1861 2607 si
1895 2548 2023 2619 quid

434 2655 615 2698 tamen
639 2661 669 2699 e
686 2646 1097 2714 Scripturarum
1123 2645 1476 2700 meditatione
1504 2654 1559 2699 et
1580 2645 1782 2709 studio,
1814 2632 2024 2698 ccelesti

433 2738 653 2792 favente
701 2753 824 2806 ope,
859 2738 1154 2803 condidici,
1190 2754 1298 2791 non
1332 2737 1602 2808 gravabor
1628 2735 1772 2806 apud
1802 2750 1898 2790 eos
1929 2736 2024 2804 qui

431 2829 567 2884 mihi
601 2830 882 2884 communi
920 2812 1182 2899 religione
1208 2829 1436 2899 zeloque
1464 2829 1710 2898 ejusdem
1744 2827 2025 2898 conjuncti

432 2928 584 2987 sunt,
611 2936 823 2991 mquam
859 2921 1162 2992 symbolam
1221 2920 1273 2974 in
1333 2935 1679 2974 communem
1733 2917 2025 2972 utilitatem

433 3003 706 3069 conferre.
758 3013 900 3068 Sunt
952 3013 1120 3082 igitur
1171 3011 1493 3081 homogenei
1537 3010 1720 3075 Pater,
1755 3009 1926 3063 Filius
1967 3018 2022 3063 et

435 3104 692 3174 Spiritus,
724 3121 901 3176 neque
929 3104 1223 3158 voluntatis
1249 3114 1342 3159 aut
1369 3103 1582 3158 virtutis
1608 3112 1704 3157 aut
1733 3102 2019 3171 potestatis

432 3195 790 3251 dili‘ereutiam
826 3197 988 3249 ullam
1030 3195 1082 3248 iu
1119 3196 1252 3264 ipsis
1284 3196 1469 3250 videre
1505 3204 1621 3260 est;
1655 3209 1831 3262 neque
1861 3193 2016 3247 deni-

432 3302 540 3356 que
566 3287 900 3358 reliquorum
934 3286 1252 3340 sublimium
1279 3294 1335 3340 et
1361 3286 1684 3340 eximiorum
1711 3285 2016 3346 nominum,

433 3378 636 3447 quibus
692 3376 905 3431 excelsa
951 3387 1006 3430 et
1034 3377 1279 3430 omnium
1318 3377 1536 3431 domina
1571 3377 1752 3430 divma
1785 3377 2020 3446 dignitas

433 3471 710 3523 titulatur.
766 3468 870 3522 Sed
913 3477 1092 3522 tamen
1140 3469 1302 3523 Pater
1331 3471 1414 3523 vis
1465 3468 1702 3524 causalis
1739 3478 1823 3524 est
1859 3484 1927 3524 ex
1962 3484 2022 3524 se

433 3559 828 3615 dimanantium
848 3599 863 3624 ,
912 3558 1077 3614 unius
1103 3558 1321 3627 quidem
1359 3573 1454 3626 per
1482 3557 1910 3628 generationem,
1941 3560 2021 3614 al-

434 3651 606 3706 terius
635 3665 729 3720 per
761 3651 1198 3718 processionem;
1229 3649 1322 3719 qui
1351 3665 1483 3704 sane
1511 3650 1577 3704 ad
1604 3665 1728 3705 eum
1760 3659 2018 3720 tauquam

433 3745 500 3799 ad
527 3743 740 3798 initium
772 3742 1122 3813 congenitum
1154 3743 1518 3812 potentiaeque
1540 3743 1748 3798 socium
1779 3741 2022 3798 referun-

433 3846 542 3892 tur.
571 3835 734 3905 Atqui
765 3835 878 3888 haac
908 3835 1020 3902 ipsa
1053 3834 1242 3889 relatio
1273 3836 1512 3903 perbelle
1541 3838 1780 3891 ostendit
1810 3851 2020 3905 przepo-

433 3932 675 3986 nendum
717 3945 838 3985 esse
877 3929 1300 3998 procedentibus
1349 3930 1417 3982 ab
1463 3929 1582 3998 ipso
1611 3928 1822 3984 Patrem
1856 3947 1872 3986 :
1909 3945 2014 3983 non

431 4029 617 4074 tamen
677 4019 864 4072 eadem
915 4018 1258 4072 demonstrat
1308 4020 1733 4086 prteponendum
1790 4017 2016 4088 Spiritui

432 4113 651 4185 Filium.
689 4111 832 4180 Ergo
866 4112 1007 4166 ratio
1059 4112 1244 4166 notior
1288 4111 1555 4166 videbitur
1588 4115 1860 4167 sermonis
1897 4113 2016 4182 ejus

433 4210 526 4279 qui
559 4209 921 4263 sanctissime
951 4207 1236 4261 Trinitatis
1266 4207 1702 4262 numerationem
1733 4225 1798 4262 eo
1825 4210 2016 4264 ordine

431 4301 638 4364 fecerit,
671 4317 833 4372 quem
877 4300 1213 4372 singularum
1255 4315 1616 4369 personarum
1646 4300 1839 4354 notitia
1868 4299 2014 4356 desi-

2122 1814 2486 1886 ἐποχούμενος
2535 1820 2790 1887 ἐννοίαις,
2823 1823 2918 1876 καὶ
2963 1823 3065 1893 τῆς
3113 1823 3330 1878 ἄνωθεν
3379 1824 3570 1895 αίγλης
3609 1827 3700 1891 τὰς

2120 1909 2349 1974 ἀκτῖνας
2374 1912 2734 1984 ὑποδέχεσθαι
2761 1915 2852 1970 διά
2870 1918 2969 1986 τῆς
2989 1915 3098 1970 τῶν
3121 1917 3344 1988 ἀρετῶν
3369 1918 3698 1989 τελειότητος

2122 2004 2560 2076 ἐπιτηδειότερον
2581 2007 2772 2061 ἐαυτὸν
2791 2008 3250 2080 παρασκευάσας,
3275 2011 3352 2073 είς
3375 2008 3698 2081 ὑψηλοτέραν

2122 2098 2502 2168 ἀνηνεγμένην
2525 2098 2763 2170 θεωρίαν
2787 2101 2888 2171 τὴν
2913 2099 3079 2156 αὑτοῦ
3105 2100 3420 2172 κατάληψιν
3444 2100 3694 2171 ἐπιδείξῃ·

2123 2190 2221 2244 καὶ
2253 2189 2410 2258 λόγον
2440 2190 2550 2244 τῶν
2589 2191 2960 2262 ἠπορημένων
2987 2191 3287 2258 ἀποδώσει,
3316 2193 3402 2262 ἐφ’
3435 2191 3494 2246 ὃν
3524 2194 3581 2246 οὐ
3606 2193 3690 2263 ῥᾴ-

2122 2281 2234 2335 διον
2283 2282 2597 2336 ἀναϐαίνειν
2629 2283 2778 2346 ὅσοις
2818 2279 2918 2354 τῆς
2959 2283 3068 2337 τῶν
3113 2283 3328 2354 γηΐνων
3363 2284 3696 2353 ἀναστροφῆς

2125 2370 2508 2442 ἀπαλλαγῆναι
2535 2371 2612 2443 μὴ
2637 2371 2882 2440 γέγονεν.
2922 2372 3075 2441 Ἐμοὶ
3100 2373 3156 2426 δὲ
3180 2372 3355 2443 μηδὲν
3382 2371 3490 2426 τῶν
3509 2371 3694 2443 ὑψηλο-

2123 2466 2300 2536 τέρων
2324 2464 2547 2535 ἐμαυτῷ
2575 2465 2861 2527 συνειδότι,
2882 2465 3096 2535 καὶτῆς
3119 2466 3268 2519 κατὰ
3297 2465 3395 2537 τὴν
3419 2466 3693 2538 παροικίαν

2123 2559 2350 2627 ἀγωγῆς
2397 2557 2552 2611 οῦπω
2596 2561 2708 2623 τοῖς
2755 2557 3035 2628 λογισμοῖς
3082 2560 3516 2628 μεταναστάντι,
3558 2557 3591 2612 ἀ
3633 2557 3691 2627 δὴ

2127 2651 2390 2720 πάρεστιν
2418 2649 2481 2704 ἐκ
2515 2667 2574 2704 τε
2603 2650 2705 2721 τῆς
2742 2649 2849 2702 τῶν
2882 2650 3093 2717 Λογίων
3127 2649 3364 2721 μελέτης
3397 2649 3610 2719 καὶτῆς
3640 2650 3692 2700 ἐν

2125 2744 2310 2805 αὐτοῖς
2338 2743 2670 2811 γυμνασίας,
2701 2741 2802 2808 τῆς
2826 2741 3034 2796 ἀνωθεν
3061 2744 3192 2812 ἡμῖν
3224 2740 3693 2812 συνεφαπτομένης

2127 2836 2523 2907 περιγεγονότα
2563 2836 2824 2906 προνοίας
2845 2875 2859 2897 ,
2905 2838 3018 2898 τοῖς
3050 2835 3164 2888 ὅσοι
3199 2835 3392 2904 κοινὴν
3427 2835 3523 2906 τὴν
3549 2833 3692 2886 εὑσέ-

2127 2923 2300 2987 ϐειαν,
2337 2923 2432 2978 καὶ
2460 2926 2551 2977 τὸν
2582 2925 2670 2977 ἐπ’
2702 2925 2840 2993 αὐτῇ
2877 2923 3038 2993 ζῆλον
3069 2925 3458 2994 κεκτημένοις,
3493 2919 3689 2977 [coorti-

2130 3031 2245 3069 σιον
2275 3017 2356 3080 είς
2388 3015 2577 3088 κοινὴν
2615 3015 2885 3084 ὠφέλειαν
2917 3016 3197 3086 προθεῖναι
3247 3017 3308 3070 τὸ
3342 3016 3607 3088 πρόθυμον
3635 3015 3688 3068 οὑ

2121 3107 2572 3179 περιοφθήσεται.
2633 3109 2878 3178 Ὀμοφυῆ
2931 3109 3030 3178 μὲν
3079 3104 3172 3162 οὖν
3217 3110 3340 3162 ἐστι
3389 3109 3570 3179 Πατὴρ
3607 3107 3690 3159 καὶ

2122 3200 2249 3263 Υἱὸς
2281 3200 2376 3254 καὶ
2408 3199 2632 3271 Πνεῦμα
2651 3240 2666 3264 ,
2697 3201 2791 3254 καὶ
2822 3201 2884 3254 τὸ
2923 3201 3024 3271 τῆς
3059 3199 3263 3272 βουλῆς
3294 3202 3388 3255 καὶ
3426 3201 3689 3270 δυνάμεως

2121 3293 2217 3347 καὶ
2258 3293 2536 3363 βασιλείας
2583 3295 2778 3363 ἐνορᾷν
2819 3293 2969 3348 ἐστιν
3010 3293 3194 3357 αὑτοῖς
3249 3293 3686 3364 ἀπαράλλακτον·

2121 3387 2218 3439 καὶ
2244 3385 2309 3455 δὴ
2343 3387 2438 3438 καὶ
2475 3385 2588 3439 τῶν
2625 3385 2803 3439 ἄλλων
2829 3385 3154 3456 θεοπρεπῶν
3183 3403 3251 3438 τε
3281 3387 3374 3440 καὶ¹
3413 3384 3688 3456 ὑπερφυῶν

2120 3479 2423 3548 ὀνομάτων,
2449 3478 2516 3531 δι’
2543 3470 2619 3532 ὧν
2645 3479 2678 3549 ὴ
2703 3477 3038 3548 ὑπεράρχιος
3060 3477 3154 3530 καὶ
3179 3479 3450 3550 ὑπέρθεος
3477 3475 3687 3548 θεαρχία

2120 3569 2588 3636 κατονομάζεται·
2623 3567 2738 3620 ἀλλ’
2771 3563 2863 3620 οὖν
2891 3569 2918 3620 6
2953 3567 3141 3638 Πατὴρ
3175 3567 3357 3631 αἴτιος
3381 3567 3486 3620 τῶν
3513 3567 3566 3632 ἐξ
3598 3565 3686 3618 αὑ-

2120 3661 2214 3714 τοῦ
2249 3661 2572 3730 πεφυκότων
2591 3700 2606 3724 ,
2635 3660 2728 3712 τοῦ
2773 3661 2871 3729 μὲν
2909 3662 3050 3713 κατά
3081 3661 3181 3730 τὴν
3229 3663 3492 3732 γέννησιν,
3521 3657 3608 3711 τοῦ
3633 3658 3683 3710 δὲ

2120 3750 2263 3804 κατὰ
2289 3751 2388 3821 τὴν
2418 3751 2745 3822 ἐκπόρευσιν
2767 3793 2780 3815 ,
2819 3751 2897 3813 εἰς
2927 3751 3092 3805 αὑτὸν
3133 3751 3214 3815 ὡς
3249 3753 3328 3815 εἰς
3359 3750 3528 3823 ἀρχὴν
3557 3767 3684 3819 συμ-

2121 3840 2290 3911 φυοῦς
2319 3857 2381 3893 τε
2423 3841 2519 3894 καὶ
2557 3840 2828 3910 συνάρχου
2864 3841 3199 3911 προαγωγῆς
3253 3841 3679 3910 ἀναφερομένων.

2131 3932 2274 3986 Ἀλλ’
2321 3932 2460 4002 αῦτη
2509 3930 2610 4002 μὲν
2653 3933 2686 4001 ἡ
2735 3931 2996 3994 ἀπόδοσις
3032 3931 3123 3984 τὸν
3171 3932 3396 4002 Πατέρα
3429 3930 3681 3984 δείκνυσιν

2118 4023 2358 4090 εὐλόγως
2395 4023 2504 4075 τῶν
2550 4022 2609 4089 ἐξ
2643 4024 2811 4076 αὑτοῦ
2861 4021 3268 4092 προτετάχθαι,
3301 4023 3483 4076 οὐκέτι
3511 4021 3565 4074 δὲ
3597 4019 3680 4073 καὶ

2117 4115 2251 4168 διότι
2293 4113 2389 4167 τοῦ
2437 4114 2757 4183 Πνεύματος
2785 4117 2812 4166 6
2854 4113 3004 4176 Υἱός.
3055 4115 3360 4186 Κοινοτέρᾳ
3388 4115 3444 4168 δὲ
3486 4112 3679 4184 μεθόδῳ

2117 4204 2504 4278 προεληλυθὼς
2531 4205 2561 4257 6
2587 4205 2758 4274 Λόγος
2784 4205 3082 4274 ἀναφανείη
3113 4208 3140 4259 6
3169 4206 3270 4277 τὴν
3302 4205 3678 4276 συναρίθμησιν

2116 4299 2217 4369 τῆς
2264 4298 2564 4371 ὑπεραγίου
2617 4299 2846 4368 Τριὰδος
2904 4299 2983 4360 είς
3036 4298 3136 4367 τὴν
3194 4297 3298 4367 τῆς
3352 4295 3678 4366 ἐπιγνώσεως

429 4398 577 4462 gnat.
603 4392 787 4447 Primo
819 4393 965 4447 enim
995 4392 1280 4446 hominum
1312 4392 1521 4446 notioni
1564 4393 1805 4447 occurrit
1831 4391 2011 4457 Pater,

2125 4392 2355 4447 ἑκάστου
2385 4390 2850 4463 καταρρυομίζων
2875 4390 3051 4457 τάξιν.
3101 4389 3290 4476 Πατὴρ
3329 4390 3426 4460 μὲν
3454 4388 3568 4476 γὰρ,
3595 4387 3678 4476 ἀν-

430 4485 626 4539 dciude
660 4483 853 4549 Filius,
904 4495 960 4538 et
1007 4499 1102 4553 per
1145 4481 1345 4536 Filium
1382 4481 1620 4552 Spiritus
1669 4493 1916 4538 sanctus.
1954 4483 2017 4536 Et

429 4578 649 4648 quidem
697 4592 727 4630 a
761 4576 962 4630 divinis
997 4584 1189 4629 mutuo
1236 4576 1484 4644 personis
1514 4575 1748 4629 revelata
1777 4574 1881 4629 fuit
1922 4575 2020 4628 ho-

430 4669 671 4723 minibus
706 4667 1044 4737 singularum
1084 4668 1316 4734 notitia;
1359 4665 1520 4721 Patre
1571 4665 1788 4720 caelitus
1817 4663 2016 4719 Filium

431 4760 785 4826 ostendente;
839 4759 1047 4828 Spiritu
1092 4769 1274 4813 autem
1317 4759 1570 4813 eumdem
1600 4774 1696 4828 per
1722 4761 2016 4812 adventurm

428 4867 590 4908 suum
634 4862 1007 4920 contestante;
1059 4851 1196 4905 Filio
1243 4867 1438 4906 rursus
1484 4850 1698 4906 Patrem
1755 4851 2018 4904 honoriﬁ-

427 4950 619 5006 cante,
655 4949 817 5011 atque
874 4943 1228 4996 illustriorem
1283 4942 1457 4996 sacris
1495 4941 1610 4996 suis
1664 4940 2018 4997 sermonibus

427 5031 728 5095 elliciente,
793 5031 1168 5102 Spit-itumque
1231 5031 1299 5086 ad
1369 5032 1670 5101 discipulos
1729 5033 2014 5099 mittente;

429 5122 635 5193 Spiritu
684 5123 924 5194 denique
975 5125 1095 5195 ipso
1129 5123 1254 5179 Filii
1292 5126 1675 5180 auctoritatem
1708 5127 2016 5196 proprieta-

426 5225 648 5285 temque
688 5217 939 5272 ﬁrmante
970 5236 984 5271 :
1023 5232 1186 5272 nemo
1211 5219 1356 5272 enim
1390 5228 1570 5289 potest
1609 5217 1792 5273 dicere
1829 5219 2013 5275 Durni-

426 5323 561 5363 num
590 5307 802 5374 Jesum,
830 5310 933 5365 nisi
974 5309 1030 5364 in
1066 5309 1269 5381 Spiritu
1299 5320 1509 5368 sancto.

2117 4481 2358 4556 θρώποις
2387 4483 2509 4535 κατ’
2539 4483 2716 4552 ἀρχὰς
2747 4481 2826 4543 είς
2854 4480 3056 4548 γνῶσιν
3095 4472 3262 4549 ἦκεν·
3309 4479 3496 4532 ἔπειτα
3533 4475 3675 4536 Υἱός·

2115 4579 2210 4632 καὶ
2239 4577 2328 4630 διὰ
2348 4573 2442 4629 τοῦ
2468 4574 2600 4627 Υίοῦ
2629 4573 2690 4626 τὸ
2713 4571 2938 4642 Πνεῦμα
2963 4571 3024 4624 τὸ
3051 4573 3229 4639 ἅγιον.
3261 4572 3324 4624 Εἰ
3349 4571 3454 4641 γὰρ
3477 4568 3568 4623 καὶ
3592 4567 3675 4619 ὑπ⁹

2116 4669 2365 4738 ἀλλήλων
2391 4666 2500 4720 τῶν
2533 4663 2842 4735 θεαρχικῶν
2867 4663 3221 4717 ὑποστάσεων
3249 4666 3361 4725 τοῖς
3384 4660 3672 4732 ἀνθρώποις

2117 4763 2152 4833 ὴ
2187 4760 2392 4830 γνῶσις
2424 4757 2658 4812 ἐκάστου
2711 4755 3068 4825 ἀπεκαλύφθη
3097 4797 3110 4820 ,
3143 4753 3356 4825 Πατρδς
3400 4753 3495 4823 μὲν
3527 4746 3675 4818 οὑρα·

2117 4851 2275 4906 νόθεν
2308 4851 2400 4903 τὸν
2435 4849 2564 4903 Υἰδν
2589 4848 2988 4909 ἐπιδεικνύντος
3007 4863 3020 4877 ·
3049 4845 3143 4899 τοῦ
3173 4843 3506 4914 Πνεύματος·
3529 4841 3582 4894 δὲ
3611 4841 3670 4908 τῇ

2116 4944 2460 5014 ἐπιφοιτήσει
2511 4937 3033 5013 συμμαρτυροῦντος
3060 4953 3074 4968 ·
3109 4936 3239 4989 Υἰοῦ
3289 4935 3346 4989 δὲ
3392 4934 3548 4987 πάλιν
3590 4931 3673 4984 τὸν

2115 5035 2340 5105 Πατέρα
2364 5033 2682 5102 δοξάζοντός
2703 5049 2763 5086 τε
2785 5032 2879 5085 καὶ
2901 5031 3367 5101 περιφανέστερον
3387 5019 3670 5091 θεολογοῦν-

2112 5145 2228 5192 τος,
2260 5127 2352 5181 καὶ
2389 5127 2496 5199 μὴν
2520 5126 2615 5179 καὶ
2641 5126 2702 5178 τὸ
2733 5125 2960 5193 Πνεῦμα
2988 5125 3100 5186 τοῖς
3129 5122 3395 5194 μαθηταῖς
3422 5114 3670 5174 ἀποστέλ-

2113 5217 2297 5281 λοντος
2318 5233 2332 5247 ·
2361 5216 2498 5270 ἀλλὰ
2525 5216 2635 5286 γὰρ
2663 5215 2758 5267 καὶ
2803 5211 2899 5265 τοῦ
2930 5211 3248 5281 Πνεύματος
3289 5211 3380 5265 τὸν
3427 5209 3547 5262 Υἱὸν
3576 5223 3664 5257 κυ-

2123 5308 2514 5382 ριολογοῦντος.
2572 5306 2764 5369 Οὐδεὶς
2813 5307 2922 5375 γὰρ
2974 5305 3197 5358 δύναται
3251 5304 3423 5357 εἰπεῖν
3477 5296 3665 5368 Κύριον

2131 5401 2362 5473 Ἰησοῦν,
2400 5404 2446 5455 εί
2476 5411 2504 5452 (ι
2535 5401 2607 5473 μὴ
2639 5403 2696 5454 ἐν
2729 5398 2870 5470 ἁγίῳ
2899 5400 3192 5472 Πνεύματι.

1721 5576 1953 5632 VARUE
1995 5575 2394 5632 LECTIONES.

505 5727 578 5798 (εἰ)
608 5727 879 5784 l’articula
903 5727 951 5780 εί
982 5727 1323 5785 desideratur
1349 5727 1401 5782 in
1431 5727 1638 5782 codice.
