3876 6216
379 254 407 277 Ο

184 274 289 340 917

1150 276 1250 336 AD
1286 273 1881 336 AMPHILOCHIUM
1931 276 2277 348 QU/ESTIO
2315 279 2475 339 CXC.

3341 276 3447 342 918

259 389 326 458 β’.
360 389 423 441 Εἰ
446 382 539 443 οῦν
570 388 663 441 καὶ
693 389 761 441 δι’
804 387 1047 458 ἀλλήλων
1084 386 1117 458 ἢ
1167 387 1284 452 ένός
1314 388 1491 444 αὑτῶν
1526 390 1758 443 ἑκάστου

1933 390 1986 442 2.
2024 389 2165 459 Ergo
2224 399 2340 445 tum
2378 391 2616 447 vicissim
2673 400 2784 446 tum
2817 391 2981 446 ctiam
3013 406 3079 445 ex
3109 406 3215 445 una
3248 406 3444 461 perso-

186 479 439 551 πρόεισιν
470 479 799 550 ὲκφαντορία
830 479 923 532 καὶ
971 479 1296 549 κατάληψις,
1330 479 1403 544 ὼς
1432 480 1498 533 ἂν
1546 480 1641 535 καὶ
1673 480 1762 534 διὰ

183 570 394 623 τούτων
427 572 506 632 εἰς
540 570 600 622 τὸ
631 570 729 636 τῆς
760 571 1037 639 συμφυΐας
1067 570 1487 640 ἀπαράλλακτον
1515 570 1604 623 τὸν
1637 570 1760 625 νοῦν

181 664 411 731 ἀνάγειν
430 661 612 716 εὑοδού
622 680 780 732 μενον
803 661 1034 733 ἔχωμεν·
1055 663 1149 715 καὶ
1168 663 1360 733 ὅτιπερ
1380 657 1461 724 οἷς
1505 662 1763 731 καθαρῶς

180 771 245 807 τε
278 754 371 806 καὶ
400 753 709 824 εἰλικρινῶς
742 754 871 823 μίαν
905 754 1014 806 τῶν
1059 753 1343 823 μακαρίων
1374 753 1470 805 καὶ
1502 753 1764 823 δημιουρ-

182 845 302 912 γῶν
324 845 677 899 ὑποστάσεων
700 846 895 899 εἰδέναι
926 847 1266 917 κεχάρισται,
1293 845 1501 910 τούτοις
1531 847 1625 899 καὶ
1655 844 1763 899 τῶν

182 935 393 987 λοιπῶν
430 937 463 1006 ἡ
512 936 715 1002 γνῶσις
758 936 1200 1000 συνδιασώζεται.
1244 937 1303 989 '0
1337 936 1441 1006 γὰρ
1483 935 1639 999 εἰδὼς
1673 936 1765 990 τὸν

183 1026 413 1094 Πατέρα
444 1023 552 1080 οἶδε
586 1029 681 1080 καὶ
712 1027 805 1080 τὸν
842 1028 987 1080 Υίόν’
1018 1027 1114 1080 καὶ
1142 1029 1169 1080 ὁ
1213 1027 1303 1082 τὸν
1345 1029 1471 1081 Υίὸν
1507 1022 1764 1096 ὲπιγνοῦς

184 1117 333 1169 κατὰ
359 1118 459 1188 τὴν
484 1118 560 1182 ὡς
588 1120 645 1172 ὲν
672 1120 982 1191 ἀνθρώποις
1009 1121 1111 1190 τῆς
1141 1121 1394 1189 γνώσεως
1412 1111 1762 1192 τελειότητα,

185 1210 317 1265 οὐδὲ
348 1210 445 1278 τῆς
479 1209 669 1280 ὁμοίας
701 1211 1050 1280 ἐπιγνώσεως
1083 1213 1179 1266 τοῦ
1211 1215 1422 1283 Πατρὸς
1454 1214 1765 1286 ἀπεστέρη-

182 1319 305 1355 ται.
336 1301 613 1364 Ὠσαύτως
656 1302 712 1356 δὲ
740 1303 834 1355 καὶ
864 1303 957 1355 τοῦ
990 1304 1331 1374 Πνεύματος,
1362 1304 1390 1357 ὃ
1416 1305 1484 1357 τὰ
1506 1304 1642 1373 βάθη
1671 1304 1764 1357 τοῦ

183 1392 329 1445 Θεοῦ
367 1392 619 1463 διερευνᾷ
664 1393 758 1447 καὶ
792 1394 1171 1447 ἀποκαλύπτει
1211 1398 1320 1457 τοῖς
1348 1394 1655 1465 ἀνθρώποις
1696 1395 1766 1449 τά

158 1484 403 1557 ,κρύφιά
430 1502 488 1537 τε
520 1484 629 1539 τῶν
659 1484 1000 1555 μαθημάτων
1037 1486 1131 1538 καὶ
1155 1486 1491 1555 τελειότερα,
1520 1490 1547 1539 ὁ
1573 1487 1765 1539 τούτου

1866 496 2060 535 narum
2099 484 2294 551 harum
2356 492 2541 537 manat
2582 484 2874 553 cujuslibet
2911 484 3230 538 earumdem
3266 484 3444 537 mani-

1865 574 2080 628 festutio
2132 585 2295 643 atque
2349 577 2804 643 comprehensio;
2857 576 2930 629 ita
2979 584 3038 630 ut
3074 591 3171 645 per
3250 577 3347 630 has
3376 574 3441 629 ad

1864 664 2203 735 congenitam
2260 666 2768 737 indill‘erentemque
2802 676 3048 720 naturam
3108 674 3287 720 mente
3316 682 3441 734 per-

1867 756 2072 825 tingere
2104 756 2332 811 feliciter
2358 759 2651 826 possimus.
2688 757 2808 811 Jam
2843 758 3044 826 quibus
3073 772 3207 825 pure
3280 766 3445 825 atque

1866 852 2150 919 perspicue
2178 866 2339 904 unam
2367 868 2433 905 ex
2464 852 2550 905 his
2583 852 2757 906 beatis
2806 851 3274 917 creatricibusqne
3324 865 3448 919 per-

1866 941 2018 994 sonis
2068 955 2399 1009 c0gnoscere
2458 942 2645 995 datum
2706 952 2809 1007 est,
2866 941 3058 995 iisdem
3116 941 3444 1009 reliquarum

1867 1046 2085 1101 quoque
2142 1033 2378 1101 cognitio
2434 1031 2649 1101 peracta
2700 1041 2806 1088 est.
2849 1033 2986 1086 Nam
3034 1032 3126 1101 qui
3164 1032 3311 1086 novit
3345 1031 3447 1084 Pa-

1869 1131 2029 1186 trem,
2084 1123 2224 1179 idem
2288 1125 2441 1179 novit
2477 1136 2529 1179 et
2591 1123 2830 1178 Filium:
2880 1132 2934 1178 et
2980 1125 3071 1193 qui
3104 1121 3302 1176 Filium
3347 1138 3446 1191 pro

1868 1214 2119 1283 possibili
2180 1215 2504 1269 mortalibus
2534 1215 2865 1283 cognitionis
2894 1216 3063 1284 gradu
3098 1213 3269 1279 novit,
3305 1213 3352 1266 is
3386 1229 3454 1267 ne

1868 1305 1986 1374 pari
2018 1306 2239 1374 quidem
2300 1308 2478 1361 Patris
2528 1308 2720 1362 notitia
2771 1316 2940 1361 caret.
2998 1306 3259 1360 Similiter
3287 1305 3450 1359 etiam

1871 1397 2128 1464 Spiritus,
2195 1398 2289 1465 qui
2334 1397 2601 1467 profunda
2639 1399 2727 1452 Dei
2764 1398 3107 1453 scrutatur“
3155 1407 3318 1465 atque
3351 1398 3449 1449 ho-

1871 1488 2112 1542 minibus
2168 1489 2487 1543 sublimiora
2547 1490 2918 1543 doctrinarum
2954 1504 3154 1543 arcana
3188 1472 3390 1541 revelat
3430 1505 3444 1542 :

184 1577 293 1645 τὴν
327 1576 563 1647 μάθησιν
600 1576 866 1647 εἰλικρινῆ
896 1576 1098 1641 λαϐὼν,
1129 1577 1252 1630 οὐδὲ
1284 1577 1382 1645 τῆς
1412 1577 1770 1647 θεολογούσης

1887 1580 2057 1648 ιιυῙιιε,
2091 1580 2339 1648 inquam,
2376 1581 2419 1633 si
2458 1580 2582 1649 quis
2636 1580 2925 1649 perspicua
2987 1579 3179 1632 notitia
3207 1578 3451 1631 imbutus

185 1667 283 1719 τὸν
326 1667 546 1737 Πατέρα
592 1667 907 1737 θεοσοφίας,
944 1669 1005 1721 οὑ
1052 1667 1158 1739 μὴν
1195 1668 1316 1721 οὑδὲ
1361 1669 1459 1738 τῆς
1505 1669 1594 1721 τὸν
1644 1668 1770 1721 Υίὸν

1887 1668 2059 1734 inerit,
2112 1669 2254 1723 idem
2286 1684 2353 1723 ne
2385 1668 2567 1723 Patris
2614 1671 2833 1739 quidem
2875 1670 3233 1738 theologicam
3263 1668 3452 1736 cogni-

189 1731 783 1829 συμμυσταγωγούσης
826 1731 1205 1828 ἠλλοτρίωται.
1261 1731 1535 1811 Ἀλλ”οῦν
1583 1758 1632 1810 εἰ
1677 1758 1773 1810 καὶ

1887 1731 2080 1811 tionem
2146 1756 2440 1822 desiderat,
2498 1731 2673 1826 neque
2714 1757 2862 1812 illius
2912 1773 3033 1825 qua:
3066 1731 3189 1810 Filii
3250 1731 3454 1825 pariter

188 1850 338 1903 οὕτω
384 1850 557 1902 ταῦτα
610 1850 917 1920 ὲναρμονίῳ
956 1853 1221 1921 συναφείᾳ
1275 1850 1626 1904 διαπλέκεται
1676 1849 1773 1903 καὶ

190 1939 558 2005 ἀναπλοῦται,
590 1941 689 1994 οὑκ
718 1941 910 2007 ἄδηλον
937 1940 1014 2004 ὡς
1046 1942 1080 2011 ἡ
1115 1942 1213 2011 μὲν
1251 1940 1345 1994 τοῦ
1378 1941 1592 2011 Πατρὸς
1622 1940 1774 2008 φωνὴ

191 2032 374 2102 χρόνῳ
420 2031 686 2102 πρότερον
719 2030 1030 2102 ἀνθρώποις
1068 2031 1408 2102 ἐπεγνώσθη,
1443 2031 1537 2085 καὶ¹
1573 2030 1774 2100 μᾶλλον

191 2123 342 2192 ἥπερ
387 2123 418 2191 ή
466 2122 559 2175 τὸν
610 2122 740 2175 Υίδν
777 2122 1012 2194 δηλοῦσα
1064 2122 1301 2193 συνήθης
1342 2123 1535 2184 ἀκοαῖς
1582 2121 1776 2190 ἐγεγό-

192 2230 278 2266 νει
307 2213 440 2283 (76y
471 2214 530 2267 τὸ
557 2213 613 2267 δέ
640 2230 702 2281 γε
737 2213 891 2283 ῥῆμα
918 2213 1010 2266 τοῦ
1044 2213 1364 2282 Πνεύματος
1383 2254 1397 2278 ,
1425 2214 1473 2266 εί
1508 2212 1603 2266 καὶ
1636 2211 1774 2282 μᾶλ-

191 2305 289 2358 λον
328 2304 363 2377 ἢ
413 2308 515 2375 τὴν
559 2304 652 2358 τοῦ
705 2305 832 2359 Υἱοῦ
884 2305 1077 2376 κλῆσιν
1116 2308 1149 2377 ή
1200 2305 1444 2368 Μωσέως
1492 2305 1774 2357 ἐδίδασκεν

200 2395 436 2467 ἱστορία,
486 2395 624 2467 πλὴν
668 2396 769 2449 οὑκ
810 2391 879 2465 ἦν
923 2395 1065 2448 οὑτω
1102 2395 1326 2447 δυνατὸν
1373 2394 1563 2464 ὥσπερ
1606 2395 1638 2463 ή
1683 2390 1775 2445 τοῦ

144 2488 336 2542 κΥἱοῦ
388 2486 730 2559 προσηγορία
780 2486 872 2539 τοῦ
905 2485 1314 2538 αὑθυπόστατον
1363 2486 1778 2551 συνεισαγαγεϊν

198 2578 290 2632 ἐπ’
321 2578 489 2647 ἄμφω
515 2577 611 2647 τὴν
648 2577 841 2647 ῥοπήν·
877 2576 979 2645 τῆς
1012 2576 1193 2645 φωνῆς
1224 2576 1512 2646 ἀδιάφορον
1549 2576 1780 2645 ἐχούσης

198 2669 297 2723 ἐπί
331 2686 391 2721 τε
428 2668 538 2721 τῶν
570 2666 995 2720 αὑθυποστάτων
1046 2666 1309 2737 φέρεσθαι
1334 2706 1348 2727 ,
1381 2667 1477 2719 καὶ
1528 2666 1621 2719 ἐπὶ
1672 2666 1780 2719 τῶν

205 2760 408 2833 μέρους
463 2759 584 2813 τινὰ
636 2758 796 2825 λόγον
843 2760 943 2828 τῆς
1000 2759 1353 2820 ὑποστάσεως
1403 2756 1783 2827 ἀναπληρούν-

199 2870 314 2905 των
336 2850 469 2919 (77)·
497 2851 590 2904 καὶ
612 2848 868 2902 τοσοῦτον
899 2849 1068 2901 ἐνέδει
1105 2851 1204 2915 τὴν
1236 2848 1511 2918 θεοπρεπῆ
1547 2848 1783 2917 μάθησιν

201 2942 302 2997 τοῦ
335 2940 649 3011 Πνεύματος
679 2942 713 3011 ἡ
743 2939 935 3009 κλῆσις
976 2938 1263 3008 παρέχειν,
1299 2939 1374 3001 ὠς
1404 2940 1500 2992 καὶ
1539 2938 1648 2991 τῶν
1682 2940 1780 2991 ἀν-

1874 1848 2150 1902 notionem
2189 1847 2449 1917 impertit.
2510 1847 2616 1901 Sed
2665 1848 2810 1902 enim
2853 1863 3165 1917 quanquam
3221 1848 3321 1901 hac
3358 1848 3456 1900 do-

1877 1942 2066 1994 ctrinae
2100 1939 2418 1993 barmonica
2443 1939 2638 2008 capula
2694 1940 2837 1993 inter
2889 1954 2948 1993 se
2978 1940 3253 1993 cohaerent
3287 1948 3452 2003 atque

1876 2032 2109 2087 invicem
2164 2032 2494 2097 illuminant,
2538 2046 2647 2085 non
2696 2040 2876 2084 tamen
2910 2029 3249 2097 ignoramus,
3280 2026 3455 2079 Patris

1877 2124 2202 2179 vocabulum
2257 2124 2442 2194 priore
2488 2130 2733 2192 tempore
2772 2120 3084 2175 hominibus
3128 2119 3454 2181 innotuisse,

1878 2212 2331 2281 frequentiusque
2377 2226 2538 2265 aures
2596 2208 3081 2270 circumsonuisse,
3123 2222 3287 2277 quam
3335 2205 3458 2259 Filii

1881 2320 2099 2360 nomen.
2136 2303 2254 2358 Jam
2291 2316 2344 2359 et
2378 2303 2617 2372 Spiritus
2649 2302 2972 2355 vocabulum
3001 2299 3105 2353 etsi
3147 2297 3458 2353 evidentius

1880 2411 2043 2465 quam
2104 2393 2225 2447 Filii
2258 2392 2495 2448 Mosaica
2531 2391 2760 2445 historia
2802 2390 3008 2451 docuit,
3045 2389 3094 2441 id
3128 2396 3309 2441 tamen
3347 2400 3454 2438 non

1882 2492 2050 2545 tantis
2083 2490 2290 2543 viribus
2314 2489 2570 2559 pollebat,
2611 2487 2830 2555 quantis
2866 2484 2989 2539 Filii
3035 2481 3347 2552 appellatio,
3393 2479 3461 2533 ad

1884 2579 2218 2637 suadendam
2282 2580 2571 2647 utriusque
2626 2576 2962 2631 individuam
3021 2572 3457 2629 subsistentiatn.

1883 2670 2143 2725 Vocabuli
2177 2670 2321 2724 enim
2366 2668 2603 2737 Spiritus
2633 2668 2960 2735 ambiguitas
3006 2675 3119 2718 tum
3154 2664 3220 2716 ad
3253 2678 3315 2716 ea
3342 2675 3463 2729 quae

1885 2778 1981 2832 per
2030 2778 2088 2817 se
2146 2762 2454 2817 subsistunt
2514 2760 2768 2822 trahitur,
2818 2767 2932 2811 tum
2982 2756 3049 2809 ad
3102 2770 3165 2809 ea
3192 2770 3316 2822 quae
3346 2757 3463 2805 vice

1885 2854 2291 2924 quodammodo
2346 2852 2666 2908 substantiae
2742 2849 3059 2918 funguntur.
3093 2847 3268 2913 Atque
3326 2844 3463 2897 adeo

1888 2950 2065 3016 impar
2107 2954 2225 3000 erat
2265 2944 2553 3013 appellatio
2593 2943 2708 2995 haec
2739 2938 3057 2994 exhibendae
3081 2936 3258 3006 dignae
3288 2933 3463 3003 Spiri-

204 3031 444 3104 θρώπων
475 3032 633 3101 μερὶς
672 3030 734 3083 οὑ
778 3031 1005 3100 βραχεῖα
1047 3032 1160 3092 τοῖς
1194 3030 1508 3091 Μωσαῖκοίς
1550 3031 1783 3097 ὲγκατα⁴

1890 3045 1975 3091 tus
2021 3037 2246 3101 notitiae,
2296 3044 2354 3090 tit
2402 3049 2531 3103 pars
2566 3031 2845 3085 hominum
2902 3045 3010 3083 non
3045 3029 3241 3097 exigua
3273 3041 3459 3080 eorum

203 3118 497 3187 γηράσασα
530 3116 737 3187 νόμοις,
759 3117 1009 3187 οὐδαμῶς
1034 3116 1193 3186 ἔσχεν
1216 3118 1548 3187 ἀνασχέσθαι
1571 3117 1670 3188 τὴν
1689 3118 1781 3171 τοῦ

1887 3125 1980 3195 qui
2015 3124 2261 3179 Mosaicae
2320 3124 2419 3193 legi
2481 3122 2849 3181 adhaerebant:
2904 3132 3251 3188 nequaquam
3305 3116 3467 3169 vellet

206 3208 476 3276 παναγίω
521 3210 839 3279 Πνεύματος
892 3208 1184 3262 ὑπόστασιν
1218 3209 1539 3277 ὁμολογεῖν’
1594 3208 1783 3277 ῶσπερ

204 3300 334 3355 οὐδὲ
362 3300 459 3371 τὴν
488 3300 596 3353 τῶν
628 3300 876 3369 ἀγγέλων
907 3298 1087 3367 φύσιν.
1118 3297 1274 3351 Οῦτω
1320 3298 1426 3351 τῶν
1469 3298 1783 3351 Μωσαῖκῶν

203 3393 556 3462 γραμμάτων
599 3391 659 3444 τὸ
691 3392 817 3463 περὶ
850 3391 948 3461 τὴν
985 3390 1287 3458 ὀνομασίαν
1329 3388 1424 3441 τοῦ
1466 3388 1784 3459 ιΙνεὺματος

205 3485 535 3556 πρόχειρον,
584 3482 855 3554 ἄχρηστον
898 3484 992 3535 καὶ
1022 3483 1207 3543 αὐτοῖς
1253 3498 1317 3551 γε
1359 3484 1471 3544 τοῖς
1513 3480 1787 3543 Ἰουδαίοις

204 3577 473 3645 κατέστη·
524 3573 599 3638 ὡς
648 3576 769 3627 κατ’
811 3574 943 3627 αὑτό
972 3591 1035 3641 γε
1080 3574 1237 3626 τοῦτο
1283 3573 1357 3643 μὴ
1411 3575 1570 3643 μόνον
1622 3572 1786 3627 αὑτοῦ

207 3665 614 3737 προτάττεσθαι
657 3665 746 3718 τὸν
777 3666 923 3727 Υίδν,
960 3666 1097 3719 ἀλλά
1137 3665 1231 3718 καὶ
1281 3666 1380 3717 ὅσα
1429 3667 1509 3727 εἰς
1550 3665 1647 3733 τὴν
1693 3661 1786 3717 106

213 3758 346 3813 Υὶοῦ
379 3758 571 3827 κλῆσιν
608 3757 935 3826 συνάγεσθαί
966 3774 1027 3809 τε
1073 3757 1168 3809 καὶ
1196 3756 1495 3824 ἀνάγεσθαι
1528 3755 1788 3818 δύναται,

211 3852 470 3922 ἀφορμὴν
498 3849 868 3923 ὑπερεχούσης
886 3848 1112 3912 τάξεως,
1132 3850 1182 3901 εἰ
1208 3849 1301 3901 καὶ
1332 3849 1406 3917 μὴ
1434 3847 1670 3914 φύσεως,
1695 3847 1787 3898 εὑ-

214 3946 449 4018 ρίσκειν.
483 3943 629 3996 Διότι
666 3942 775 3996 τῶν
813 3940 1082 3993 Ἰουδαίων
1114 3938 1291 3992 οὐδενὶ
1338 3937 1473 4008 πρὸς
1509 3937 1789 4007 ἀμφισϐή-

210 4052 377 4108 τησιν
412 4036 702 4106 περιέστη,
742 4035 770 4086 ὁ
798 4032 975 4101 λόγος,
1004 4032 1167 4100 λέγω,
1199 4030 1290 4083 καὶ
1330 4032 1364 4100 ἡ
1409 4028 1589 4094 δεξιὰ,
1631 4029 1728 4081 καὶ
1758 4029 1791 4099 ὴ

213 4129 477 4198 δύναμις,
509 4128 602 4179 καὶ
635 4128 705 4180 τὰ
744 4126 938 4196 ὅμοιαι·
966 4123 1141 4186 οὐδεὶς
1178 4121 1288 4193 γὰρ
1330 4119 1535 4172 τούτων
1570 4118 1793 4189 ἔξαρνος

214 4220 411 4291 ῶρθη,
462 4219 570 4271 οὐδ’
621 4217 953 4287 ἐφαρμόζειν
1008 4214 1486 4284 ἀπηναισχύντησε
1534 4210 1792 4279 λέγεσθαι

215 4308 394 4364 ταῦτα
420 4309 511 4362 τοῦ
535 4308 767 4378 Πατρός·
794 4309 842 4360 εἰ
863 4307 955 4359 καὶ
973 4306 1108 4377 ὅπερ
1130 4304 1340 4367 τούτοις
1361 4305 1478 4356 ἐστὶ
1504 4303 1796 4372 πρόϐλημα

1890 3215 2125 3287 Spiritus
2178 3215 2352 3270 sancti
2389 3227 2677 3283 personant
2711 3209 2996 3274 conliteri;
3052 3206 3211 3261 sicuti
3266 3221 3333 3259 ne
3365 3220 3466 3257 an-

1891 3308 2133 3377 gelorum
2164 3307 2384 3375 quidem
2419 3314 2691 3359 naturam.
2721 3301 2795 3355 lta
2830 3299 3094 3369 quidquid
3122 3298 3177 3352 in
3208 3296 3462 3351 Mosaicis

1891 3400 2088 3453 litteris
2111 3398 2178 3451 ad
2214 3412 2413 3451 nomen
2447 3396 2676 3464 spiritus
2719 3391 3042 3461 pertinebat,
3086 3388 3287 3443 Judaeis
3336 3386 3470 3455 ipsis

1889 3490 1947 3545 in
1978 3505 2198 3545 cassum
2264 3496 2401 3543 erat.
2440 3488 2620 3553 Quare
2647 3485 2716 3538 ob
2745 3483 2801 3537 id
2832 3498 2938 3536 non
2968 3482 3145 3536 solum
3184 3479 3324 3533 Filio
3356 3494 3464 3531 non

1888 3591 1974 3638 est
2007 3579 2404 3649 praeponendus
2425 3578 2684 3647 Spiritus,
2716 3588 2904 3628 verum
2929 3574 3097 3626 etiam
3129 3584 3471 3641 quascunque

1891 3676 1945 3730 in
1994 3673 2117 3728 Filii
2163 3671 2584 3742 appellationem
2643 3666 2867 3737 congeri
2928 3654 3181 3734 possunt.
3237 3674 3470 3731 quaeque

1890 3766 2081 3821 eodem
2135 3765 2428 3827 deducunt,
2463 3761 2663 3831 prioris
2695 3757 2904 3811 ordinis
2954 3757 3065 3824 jus,
3092 3755 3137 3809 si
3164 3755 3345 3808 minus
3375 3768 3471 3805 tia-

1893 3864 2049 3918 turae,
2113 3853 2529 3908 nanciscuntur.
2600 3849 2968 3915 Quamobrem
3030 3844 3220 3899 Judaao
3268 3842 3471 3895 nemini

1895 3955 2244 4002 controversa
2275 3943 2497 3997 fuerunt
2528 3942 2661 4005 haic,
2696 3943 2923 3993 verbum
2983 3950 3199 4001 nempe,
3225 3934 3469 3993 dextera,

1895 4036 2092 4099 virtus,
2120 4043 2173 4089 et
2192 4033 2413 4088 similia.
2454 4030 2621 4085 Nemo
2667 4032 2865 4099 quippe
2920 4028 3015 4095 qui
3051 4027 3165 4079 haec
3197 4022 3475 4092 negaverit

1895 4132 2211 4194 compertus
2272 4132 2374 4186 est,
2433 4128 2528 4175 aut
2581 4121 2674 4188 qui
2709 4118 3230 4186 Patri'impudenter
3253 4126 3472 4165 accom-

1896 4217 2237 4282 modaverit;
2272 4214 2523 4284 quamvis
2556 4212 2677 4266 Filii
2705 4225 2962 4279 persona,
2995 4222 3117 4277 qua:
3148 4206 3343 4258 horum
3377 4216 3474 4255 no-

1899 4306 2111 4360 mitium
2147 4319 2345 4371 scopus
2392 4309 2447 4355 et
2476 4299 2837 4355 summarium
2867 4306 2969 4361 est,
3006 4309 3114 4349 non
3145 4309 3301 4362 atque
3331 4292 3473 4359 apud

220 4402 319 4453 καὶ
379 4398 857 4477 συγκεφαλαίωσις
906 4394 969 4447 τὸ
1029 4394 1319 4465 πρόσωπον
1364 4392 1459 4444 τοῦ
1510 4391 1640 4443 Υίοῦ
1694 4391 1783 4460 οὐχ

1897 4415 2089 4455 omnes
2121 4399 2174 4451 in
2201 4398 2453 4451 confesso
2488 4394 2671 4448 fuerit.
2707 4392 2914 4446 Idcirco
2962 4390 3145 4458 itaque
3174 4388 3475 4442 secundum

219 4491 484 4559 ὁμοίωσις
533 4490 974 4559 συνομολογεῖται
1015 4490 1180 4541 πᾶσι⁶
1214 4485 1388 4554 ταύτῃ
1430 4484 1538 4555 ἄρα
1572 4485 1798 4547 εἰκότως

219 4583 322 4653 τὴν
346 4582 600 4650 δευτέραν
632 4581 774 4634 κατὰ
803 4580 901 4651 τὴν
943 4580 1241 4650 ἀρίθμησιν
1271 4579 1299 4631 ό
1328 4577 1454 4640 Υίὸς
1478 4617 1494 4643 ,
1535 4576 1649 4629 ἀλλ’
1679 4576 1803 4645 οὑχὶ

221 4673 286 4727 τὸ
314 4671 541 4741 Πνεῦμα
565 4713 580 4737 ,
614 4673 801 4741 ἐπέχει
830 4670 1006 4736 τάξιν.

296 4772 371 4835 γ’.
411 4766 485 4818 Οὑ
530 4764 636 4835 μὴν
675 4764 812 4817 ἀλλά
856 4762 949 4816 καὶ
984 4762 1117 4815 διότι
1155 4759 1292 4831 μετὰ
1332 4759 1431 4831 τὴν
1474 4760 1634 4830 χάριν
1684 4759 1804 4829 ἥτις

223 4861 322 4913 τὸν
374 4857 503 4910 Υίδν
550 4856 866 4927 ὲθεολόγησε
927 4855 1227 4924 διαρρήδην
1276 4856 1309 4924 ἡ
1355 4853 1448 4905 τοῦ
1489 4850 1806 4921 Πνεύματος

226 4947 529 5019 εἰλικρινὴς
559 4946 792 5017 μάθησις
822 4943 1062 5016 προῆλθε
1081 4957 1095 4973 ’
1122 4943 1216 4995 καὶ
1241 4942 1349 5012 γὰρ
1370 4942 1534 5012 ἡνίκα
1559 4941 1800 5012 πυρίνων

301 5062 348 5094 ⁸ο
382 5060 557 5119 lCor.
601 5078 660 5125 ll,
695 5060 781 5114 10.

1898 4494 1953 4550 in
2005 4491 2343 4548 numerando
2392 4489 2644 4544 ordinem
2681 4485 2854 4539 Filius
2881 4482 3115 4547 obtinet,
3152 4495 3261 4534 non
3303 4478 3478 4548 Spiri-

1900 4594 2011 4638 ιυε.

1972 4760 2025 4814 5.
2070 4759 2164 4813 Est
2192 4760 2356 4812 etiam
2388 4757 2494 4811 alia
2525 4756 2599 4810 rei
2632 4770 2827 4819 causa,
2875 4752 3007 4822 quia
3052 4749 3303 4804 videlicet
3358 4756 3482 4817 post

1910 4866 2029 4905 eam
2062 4855 2291 4919 gratiam
2338 4864 2461 4918 quae
2503 4846 2621 4901 Filii
2656 4861 2871 4901 sacram
2906 4844 3155 4900 notitiam
3189 4841 3345 4895 nobis
3378 4840 3485 4893 itii-

1904 4942 2143 5012 pertivit,
2204 4954 2319 4997 tum
2350 4942 2567 4996 demum
2621 4939 2860 5010 Spiritus
2902 4936 3190 5008 perspicua
3239 4931 3487 4988 doctrina

1776 5148 2010 5205 ΝΟΤιΕ.

309 5276 423 5349 (⁸16)
448 5272 649 5329 Confer
668 5271 843 5349 sancti
867 5270 1142 5349 Hippolyti
1174 5270 1379 5349 dictum
1410 5269 1463 5323 in
1488 5267 1713 5349 scholiis
1733 5270 1813 5349 _a_d

237 5341 521 5405 Daiiieletu
568 5361 621 5413 p.
656 5343 744 5395 41.
794 5341 1144 5413 Item—recole
1178 5341 1428 5413 Photium
1478 5346 1672 5413 quam:
1706 5341 1811 5413 Δ45.

238 5420 346 5475 Sed
383 5406 842 5470 tamen'divinum
874 5410 1109 5465 Verbum
1148 5406 1609 5479 prophetisncertc
1642 5406 1813 5465 fuisse

238 5488 542 5557 cugnitum,
574 5482 795 5552 copiose
823 5481 1075 5536 adﬁrmat
1105 5477 1377 5535 Eusebius
1415 5477 1559 5532 Hist.
1594 5479 1723 5535 εδει.
1759 5480 1811 5535 1.

314 5627 431 5697 (77)
469 5623 605 5697 llinc
642 5634 870 5697 magnus
914 5618 1422 5697 Lactantii__error,_
1447 5626 1583 5677 teste
1617 5622 1813 5697 llicro-

238 5688 423 5768 ny‘tno'
444 5696 603 5760 epist:
642 5691 707 5745 7:
741 5688 1052 5745 Lactantius
1083 5692 1136 5744 in
1168 5688 1318 5743 libris
1339 5691 1474 5757 suis,
1500 5702 1548 5747 et
1583 5692 1814 5748 maxime

1915 5270 1969 5323 in
1992 5268 2227 5337 epistolis
2267 5267 2336 5319 ad
2366 5266 2788 5325 Demetrianum.
2818 5263 3053 5337 Spiritus
3082 5263 3255 5337 sancti
3278 5263 3489 5337 omnino

1913 5333 2066 5408 negat
2101 5338 2496 5408 substantiam;
2539 5349 2588 5389 et
2619 5351 2800 5408 errore
2829 5333 3063 5388 Iudaico
3092 5336 3225 5408 dicit
3256 5347 3374 5408 curn
3411 5333 3489 5385 vel

1912 5402 1998 5461 ad“
2024 5408 2243 5461 Patrem
2295 5407 2484 5478 referri
2537 5409 2614 5478 vet
2670 5402 2893 5478 Filium,
2928 5414 2982 5478 et
3020 5403 3489 5478 sanctiﬁcationent

1911 5481 2187 5547 utriusque
2234 5472 2471 5545 persona:
2528 5476 2625 5547 sub
2677 5476 2795 5547 ejus
2840 5475 3049 5547 nomine
3110 5472 3485 5547 demonstrari.

1912 5540 2178 5603 Eumdém
2235 5540 2481 5602 errorem
2532 5540 2818 5600 Lactantio
2867 5544 3055 5612 objicit
3095 5540 3485 5612 _H_iero_nymus

1912 5619 2086 5741 etiami
2142 5616 2199 5741 ibi]
2259 5616 2659 5675 commentario
2723 5615 2885 5684 epist.
2936 5608 3015 5667 'ad
3081 5610 3201 5665 Gal.
3260 5608 3355 5662 lib.
3423 5623 3483 5660 ιι.

1912 5704 2031 5741 can.
2095 5727 2110 5741 .
2187 5727 2199 5741 .

1910 5704 2031 5759 cap.
2056 5690 2110 5754 4,
2146 5690 2199 5741 6.
