3828 6202
351 241 460 303 9’23
497 237 502 240 ⁷

1513 238 1775 300 PHOTII
1807 235 2318 300 PATRIARCHAE
2357 237 2466 298 ΟΡ.

3511 232 3628 298 924

352 353 676 409 tabilitatem
709 367 774 409 ac
795 352 1225 409 distinctionem.
1261 351 1514 416 Addesis,
1545 351 1694 422 quod
1720 349 1934 405 theolo-

2062 347 2186 415 ηάξις
2219 348 2328 400 τῶν
2361 347 2504 400 κατὰ
2538 346 2636 410 τὰς
2666 346 2996 412 ὑποστάσεις
3032 344 3340 419 ἰδιωμάτων
3373 345 3624 399 συνδιεν-

356 446 534 514 gicum
576 443 816 515 Spiritus
855 445 1107 500 notitiam
1139 460 1171 500 a
1210 443 1351 498 Filio
1380 443 1708 508 didicimus;
1742 455 1938 510 nempe

355 536 506 590 illnin
541 553 570 591 a
598 535 758 592 Patre
789 538 1084 608 procedere
1107 579 1123 604 ,
1163 545 1218 592 et
1245 537 1298 591 in
1331 536 1450 606 pari
1481 535 1674 590 ordine
1702 533 1940 588 colloca-

358 636 469 681 tnm
497 643 620 683 esse
648 645 768 683 cum
798 631 959 685 Patre
987 630 1236 699 Filioque
1259 671 1273 696 ,
1308 637 1362 683 et
1389 628 1622 698 denique
1646 625 1938 697 perfectio-

357 733 488 770 num
519 734 642 773 esse
675 721 1020 789 magistrum.
1050 718 1184 774 Nam
1216 734 1359 788 qua,
1390 727 1612 788 propter
1639 716 1937 772 humanam

358 805 731 862 inﬁrmitatem
767 810 1007 863 nondum
1036 809 1362 879 perfectiora
1393 808 1698 876 capientem
1723 847 1740 870 ,
1770 806 1940 862 disci-

357 897 518 964 pulos
551 895 811 952 Servator
844 915 950 953 non
977 898 1183 964 docuit,
1215 912 1278 952 ea
1312 897 1442 966 ipsis
1475 911 1506 951 a
1535 895 1820 950 Paracleto
1847 894 1943 949 de-

358 999 726 1044 monstratum
779 991 846 1046 iri
905 991 1178 1062 promisit.
1219 987 1363 1059 Ergo
1423 987 1586 1056 huius
1637 987 1942 1058 perspicuae

358 1081 504 1135 circa
538 1081 801 1152 Spiritum
828 1083 1114 1151 theologia;
1137 1120 1152 1146 ,
1197 1083 1264 1135 ad
1304 1097 1468 1151 quam
1511 1081 1763 1134 humanae
1795 1079 1940 1134 vires

359 1187 468 1225 non
497 1175 895 1244 pertingebant,
917 1185 1237 1245 praesentem
1260 1175 1314 1228 in
1339 1174 1474 1228 orbe
1503 1173 1700 1227 Filium
1727 1179 1942 1227 constat

358 1260 530 1319 fuisse
556 1268 995 1335 antesignanum.

2040 444 2249 512 κρινεῖν
2278 457 2337 494 τε
2371 441 2465 494 xui
2507 440 3012 512 συνανακηρύττειν
3037 439 3240 494 δύναιτ’
3269 439 3336 494 ἂν
3367 438 3429 492 τὺ
3458 438 3625 492 ἀναλ-

2037 529 2260 585 λοίωτον
2290 530 2386 584 xui
2421 529 2750 600 ἀσύγχυτον.
2783 531 2894 584 Καὶ
2925 531 3033 602 μὴν
3077 531 3174 584 xui
3214 529 3352 584 διότι
3383 529 3626 601 μάλιστα

2037 619 2137 691 τὴν
2167 619 2445 690 θεολογίαν
2472 618 2569 673 τοῦ
2610 620 2930 692 Πνεύματος
2959 621 3112 692 παρὰ
3139 619 3235 674 τοῦ
3266 620 3397 674 Υίοῦ
3435 635 3624 691 μεμα-

2042 712 2288 784 θήκαμεν
2311 729 2327 744 ·
2355 713 2748 784 ἐκπορεύεσθαι
2786 713 2896 785 γὰρ
2941 714 3074 766 αὑτὸ
3109 712 3205 766 τοῦ
3243 714 3478 783 Πατρδς,
3529 710 3627 766 xui

2040 806 2178 877 πρὸς
2218 807 2464 878 ὁμοταγῆ
2503 805 2657 871 τάξιν
2704 805 2996 878 ἁνηνέχθαι
3020 805 3097 876 τῷ
3125 823 3184 858 τε
3216 805 3392 876 Πατρὶ
3418 804 3514 858 καὶ⁵
3542 803 3625 874 τῷ

2040 898 2174 968 Υίῷ·
2207 898 2300 951 καὶ
2333 900 2413 953 ὅτι
2445 898 2551 952 τῶν
2583 899 2937 968 τελειοτήτων
2966 897 3100 950 αὐτὸ
3130 895 3496 968 χρηματίζειν
3537 894 3619 948 διν

2037 989 2324 1043 δάσκαλον·
2353 989 2391 1044 ἃ
2416 990 2526 1061 γὰρ
2546 990 2671 1054 τοὺς
2697 989 2944 1061 μαθητὰς
2960 991 3061 1061 τῆς
3090 988 3439 1060 ἀνθρωπίνης
3465 988 3626 1043 ἀσθε-

2039 1083 2186 1145 νείας
2209 1080 2364 1136 οὑπω
2384 1083 2453 1135 τὰ
2475 1081 2780 1153 τελεώτερα
2799 1082 3250 1154 παραδεχομένης
3285 1082 3385 1134 οὑκ
3420 1083 3629 1158 ἐμυστ-

2040 1172 2335 1244 αγώγησεν
2363 1176 2391 1227 6
2424 1175 2639 1246 Σωτὴρ,
2666 1174 2755 1227 τὸν
2791 1175 3150 1246 Παράκλητον
3188 1175 3374 1236 αὐτοῖς
3396 1173 3628 1226 ἐκείνων

2049 1265 2305 1332 γενέσθαι
2348 1265 2664 1320 διδάσκαλον
2709 1266 3076 1336 ἐπηγγείλατο
3099 1284 3113 1297 ·
3145 1266 3351 1336 ταύτης
3392 1266 3486 1319 οὖν
3525 1265 3629 1336 τῆς

358 1357 686 1427 εἰλικρινοῦς
719 1359 851 1428 περὶ
879 1359 974 1411 τοῦ
1013 1359 1331 1430 Πνεύματος
1352 1359 1652 1429 θεολογίας,
1683 1358 1779 1413 xui
1841 1356 1977 1428 πρὸς
2014 1357 2081 1429 ἣν
2109 1359 2170 1412 τὸ
2235 1361 2574 1430 ἀνθρώπινον
2617 1361 2716 1412 οὑκ
2746 1361 2977 1431 ἀνήγετο
2996 1400 3011 1424 ,
3063 1361 3092 1412 6
3119 1359 3246 1424 Υἱὸς
3275 1359 3632 1430 ἐπιδημήσας

357 1454 386 1506 6
394 1455 555 1524 ρᾶται
588 1453 804 1524 καθηγη
814 1454 1064 1524 σάμενος.

431 1548 481 1602 7.
527 1540 694 1615 Igitur
727 1556 780 1601 et
819 1545 949 1616 quia
990 1549 1136 1619 prior
1165 1556 1248 1602 est
1282 1547 1457 1603 Patris
1479 1547 1702 1615 notitia;
1733 1555 1788 1602 et
1815 1546 1944 1617 quia

2123 1544 2188 1610 ζ’.
2229 1542 2327 1595 Διά
2356 1561 2413 1596 τε
2449 1535 2545 1595 οὗν
2579 1539 2640 1593 τὸ
2678 1539 3120 1610 προκαταλαϐεῖν
3161 1538 3260 1609 τὴν
3290 1539 3490 1607 γνῶσιν
3528 1538 3629 1592 τοῦ

357 1653 424 1691 ex
473 1638 592 1707 ipso
633 1638 806 1694 Filius
846 1639 1193 1710 Spiritusqne
1242 1640 1576 1708 procedunt;
1622 1650 1676 1694 et
1717 1640 1860 1710 quia
1887 1639 1938 1693 hi

2062 1637 2283 1707 Πατρὺς,
2328 1637 2421 1688 xui
2448 1636 2528 1688 ὅτι
2562 1634 2619 1700 ἐξ
2649 1632 2816 1688 αὑτοῦ
2855 1632 2955 1704 τὴν
2982 1633 3208 1703 πρόοδον
3237 1632 3264 1685 ὃ
3293 1649 3352 1684 τε
3377 1632 3503 1696 Υἱὸς
3533 1633 3633 1685 καὶ

359 1729 576 1796 quidem
607 1731 675 1786 ab
706 1733 799 1786 illo
831 1747 1054 1786 manare
1084 1732 1190 1786 dici
1221 1740 1428 1808 queunt
1449 1773 1464 1796 ,
1495 1732 1599 1786 iste
1626 1733 1695 1785 ab
1725 1734 1810 1787 bis
1835 1747 1942 1786 non

2062 1730 2107 1782 ιὸ
2134 1729 2359 1799 Πνεῦμα
2390 1727 2524 1797 ἔχει·
2562 1729 2654 1780 xui
2683 1727 2750 1779 τὰ
2782 1725 2903 1795 μὲν,
2935 1725 2996 1791 ἐξ
3023 1724 3192 1778 αὑτοῦ
3222 1725 3505 1796 προελθεῖν
3534 1726 3633 1778 δύ-

359 1819 527 1889 item;
581 1835 636 1877 ct
672 1825 800 1894 quia
853 1822 945 1878 Dei
990 1821 1171 1877 Patris
1204 1839 1402 1878 nomen
1446 1825 1497 1877 in
1531 1824 1814 1879 hominum
1844 1839 1948 1880 usu

363 1927 652 1982 versatur,
703 1916 868 1986 idque
918 1916 1056 1970 adeo
1101 1932 1368 1986 usurpare
1413 1919 1703 1986 gestimus;
1753 1927 1948 1973 caetera

361 2011 470 2065 duo
504 2024 570 2062 ne
603 2019 782 2062 mente
817 2009 1034 2078 quidem
1078 2008 1183 2064 sibi
1221 2009 1492 2079 quispiam
1525 2010 1810 2065 vindicare
1848 2024 1942 2079 po-

362 2109 507 2168 test;
542 2109 595 2154 et
619 2101 748 2168 quia
781 2100 874 2154 Dei
905 2099 1084 2155 Patris
1107 2117 1304 2157 nomen
1329 2103 1486 2158 dulce
1509 2114 1834 2174 gratumque
1859 2111 1945 2158 est

361 2201 631 2246 creatura:
665 2192 770 2245 sibi
799 2192 852 2246 id
884 2192 1204 2248 inscribcnti
1229 2233 1244 2259 ,
1289 2193 1379 2248 illa
1405 2209 1536 2249 vero
1580 2195 1785 2249 aditum
1817 2195 1942 2249 nul-

366 2284 479 2338 lum
509 2283 824 2352 patiuntur;
865 2291 923 2337 et
950 2285 1185 2355 denique
1214 2295 1434 2354 propter
1469 2285 1577 2340 alia
1603 2286 1716 2356 jam
1758 2285 1904 2341 dicta
1927 2324 1942 2350 ,

365 2375 514 2430 hunc
547 2374 787 2429 Ecclesia
815 2376 1063 2431 ordinem
1098 2377 1150 2431 in
1184 2381 1536 2434 recensendis
1580 2380 1946 2434 consubstan-

363 2465 586 2519 tialibus
625 2465 1092 2536 homogeneisque
1134 2467 1384 2536 personis
1423 2476 1740 2522 constanter
1768 2467 1944 2521 admi-

363 2558 456 2614 sit.
487 2557 592 2612 Sed
621 2558 738 2612 haec
756 2557 824 2611 de
843 2558 1188 2612 numerando
1216 2559 1375 2614 Patre
1398 2567 1452 2614 et
1481 2559 1619 2614 Filio
1647 2569 1947 2630 sanctoque

369 2649 577 2720 Spiritu
609 2650 963 2704 elementaria
993 2650 1202 2705 theon-ia
1237 2652 1500 2706 hactenus
1529 2671 1544 2705 :
1583 2668 1819 2723 namque
1850 2652 1948 2707 ab-

364 2742 597 2798 solutior
624 2743 1045 2811 accuratiorqne
1072 2751 1333 2798 tractatus
1364 2743 1641 2813 peculiare
1675 2745 1777 2800 sibi
1807 2757 1946 2814 opus

365 2834 606 2904 postulat
641 2845 805 2903 atque
837 2834 1028 2903 exigit.

366 2962 694 3030 QUIESTIO
734 2961 892 3020 exet
933 2965 1121 3038 lCoisl.
1158 2965 1368 3031 ccxx,
1413 2965 1578 3023 Taur.
1613 2967 1946 3041 comma)

367 3075 480 3130 Cur
525 3078 744 3154 Itumam'
791 3081 992 3154 generis
1043 3079 1330 3154 redemptio
1381 3097 1544 3151 neque
1586 3098 1679 3152 per
1719 3083 1946 3154 aliquem

441 3150 856 3224 e:t§_incor,_iore_is
900 3151 1178 3224 virtutibus
1209 3150 1464 3224 genium,
1496 3150 1658 3223 neque
1694 3169 1786 3224 per
1809 3150 1948 3209 sim-

444 3219 629 3288 plicem
685 3220 985 3288 hominem,
1036 3221 1125 3274 sed
1173 3219 1268 3288 per
1332 3220 1490 3276 Verbi
1535 3219 1948 3280 eiiuahit‘ionem

445 3300 658 3358 peracta
691 3290 874 3357 fuerit.

2045 1837 2202 1874 ναται
2234 1817 2512 1886 λέγεσθαι,
2554 1819 2582 1871 ὁ
2617 1817 2674 1870 δὲ
2715 1817 2928 1870 οὐκέτι·
2978 1817 3074 1869 xui
3112 1815 3204 1869 τὸν
3251 1816 3369 1886 μὲν,
3410 1817 3467 1869 ὲν
3514 1815 3631 1868 ἔθει

2044 1908 2409 1980 χρηματίζειν
2429 1911 2540 1971 τοῖς
2561 1909 2870 1979 ἀνθρώποις
2891 1907 3289 1974 ἑξοικειοῦσθαι
3316 1907 3412 1962 xui
3437 1907 3635 1960 ἑαυτὸν

2043 2001 2468 2071 ἐπιγράφεσθαι,
2500 2000 2574 2054 τὰ
2597 2000 2652 2053 δὲ
2685 1999 2859 2063 οὐδεὶς
2889 1998 3223 2053 ἐπινοεῖσθαι
3258 1999 3504 2074 δύναται·
3531 2000 3632 2052 καὶ

2045 2097 2074 2148 6
2106 2095 2227 2166 μὲν,
2255 2095 2430 2164 γλυκύ
2479 2112 2537 2148 τε
2578 2094 2675 2148 xui
2704 2095 2930 2166 ἐπίχαρι
2956 2093 3034 2166 τῷ
3082 2094 3358 2162 πλάσματι
3402 2093 3638 2162 ἐπιγρά-

2048 2189 2274 2257 φεσθαι’
2303 2187 2374 2240 τὰ
2405 2187 2484 2252 δὲ,
2518 2187 2750 2259 πάροδον
2779 2186 3038 2256 οὐδεμίαν
3065 2185 3394 2256 ἐπιδέχεταιο
3426 2186 3519 2238 xui
3541 2184 3636 2237 διά.

2046 2297 2109 2350 γε
2162 2279 2229 2333 τὰ
2269 2279 2404 2334 ἄλλα
2437 2280 2547 2334 τῶν
2596 2279 2936 2350 εἰρημένων,
2985 2278 3242 2349 τοιαύτην
3298 2277 3476 2330 αὑτῶν
3529 2277 3636 2348 τὴν

2049 2374 2448 2445 συναρίθμησιν
2483 2374 2786 2444 ὁμοουσίων
2825 2374 2994 2427 ὄντων
3018 2373 3112 2428 xui
3143 2371 3398 2443 ὁμοφυῶν
3431 2372 3465 2442 ἡ
3505 2370 3635 2424 Ἐκ-

2049 2466 2250 2538 κ).ησία
2274 2466 2560 2530 διασώζειν
2581 2467 2656 2530 ώς
2681 2465 2884 2520 ὲπίπαν
2915 2465 3154 2532 ἐδέξατοο
3177 2465 3315 2519 ἀλλὰ
3346 2463 3455 2534 γὰρ
3483 2463 3629 2532 αὓτη
3661 2485 3663 2488 ·

2053 2561 2150 2632 μὲν
2175 2561 2312 2624 τέως
2347 2561 2489 2613 κατὰ
2512 2561 2602 2614 τὸν
2634 2558 2948 2629 στοιχειώδη
2968 2557 3124 2626 λόγον
3146 2555 3359 2627 Πατρδς
3383 2555 3474 2608 καὶ
3497 2553 3634 2631 Υίοῦ

2049 2651 2143 2704 καὶ
2173 2651 2330 2720 ἁγίου
2360 2651 2680 2721 Πνεύματος
2718 2653 2751 2721 ὴ
2781 2649 2986 2720 θεωρία
3018 2649 3120 2719 τῆς
3149 2647 3631 2718 συναριθμήσεως·

2048 2745 2081 2811 ἡ
2111 2743 2169 2796 δὲ
2196 2744 2513 2814 τελειοτέρα
2538 2743 2634 2796 xui
2661 2742 3027 2812 ἀκριϐεστέρα
3059 2740 3364 2808 διάσκεψις,
3401 2737 3639 2802 ἰδιαζού-

2050 2852 2150 2907 σης
2175 2837 2559 2908 πραγματείας
2585 2835 2742 2902 λόγον
2766 2835 2989 2887 ἀπαιτεῖ
3015 2832 3109 2886 xui
3135 2831 3520 2901 ἀπεκδέχεται.

2571 2968 2909 3021 Ercmziz
2945 2963 3108 3033 ΡιιΑν.

2051 3090 2154 3143 Διὰ
2182 3090 2239 3141 τί
2268 3087 2375 3141 τοῦ
2407 3086 2684 3157 γένους-ἠ
2723 3084 3054 3157 ἀνόρθωρις
3075 3081 3168 3157 ὀύ,
3188 3078 3288 3157 διά
3320 3095 3480 3157 τινος
3508 3075 3640 3157 τῷν

2121 3149 2454 3234 ἁσωμάζωξν
2489 3149 2804 3234 διίκάιὶεων
2904 3152 3007 3234 ,δι’
3055 3149 3370 3234 ἀνθρώπου
3418 3149 3636 3234 ψιλιοῠ,

2122 3218 2438 3368 ἀλλῗωιῖιὰ
2489 3225 2601 3296 τῆς
2641 3218 2774 3281 ’τοῦ
2831 3218 3026 3294 Λόγου
3100 3219 3409 3288 κενώσεως
3473 3218 3643 3288 ydro-

2124 3317 2234 3353 γεν
2391 3315 2403 3327 ·

1604 3500 1746 3550 Edita
1767 3515 1795 3551 a
1821 3501 1946 3552 Maio
1973 3503 2030 3567 (1.
2067 3517 2110 3555 τι.
2135 3503 2388 3564 iiii-199).

445 3653 496 3706 1.
531 3654 614 3709 Ab
639 3656 872 3710 eruditis
898 3653 1181 3710 nonnullis
1203 3655 1373 3726 (μιαιιοί
1409 3655 1524 3711 scio
1553 3671 1780 3712 curnam
1805 3673 1947 3714 com-

2127 3676 2160 3712 α
2181 3700 2196 3714 .
2222 3658 2530 3730 Ζητούντας
2557 3653 2680 3714 οἶδά
2709 3677 2858 3722 τινας
2879 3659 2987 3714 τῶν
3017 3659 3335 3730 φιλολόγων,
3366 3661 3453 3716 διὰ
3482 3661 3534 3715 τί
3557 3664 3642 3736 μὴ

371 3745 557 3799 munis
589 3745 762 3815 culpa:
795 3746 1110 3802 emendatio
1147 3747 1217 3802 ab
1261 3747 1447 3818 aliquo
1496 3748 1717 3805 homine
1747 3755 1953 3805 lcurata

372 3850 480 3890 non
511 3836 714 3903 fuerit;
755 3838 1200 3909 quandoquidem
1233 3839 1571 3910 homogenea
1607 3851 1802 3896 natura
1837 3842 1954 3913 pla-

371 3928 547 3984 cando
577 3929 1074 4000 persuadendoque
1111 3931 1290 4000 aptior
1313 3941 1427 3987 est.‘
1459 3933 1628 4003 Atqui
1663 3933 1717 3987 hi
1751 3933 1911 3989 facile
1935 3976 1951 4002 ,

374 4021 422 4075 si
455 4020 640 4076 minus
667 4027 852 4088 antea;
883 4034 1034 4079 certe
1060 4040 1207 4079 nunc
1241 4035 1573 4096 cognoscent
1611 4033 1780 4080 totam
1814 4027 1955 4082 hanc

372 4110 639 4166 rationem
686 4111 1065 4167 incarnatione
1127 4112 1292 4168 Verbi
1327 4113 1593 4168 contineri
1625 4131 1637 4167 :
1679 4124 1790 4169 tum
1822 4131 1953 4171 vero

373 4201 574 4254 mirum
609 4201 779 4265 illud,
823 4203 968 4271 quod
999 4204 1435 4258 exinanitionem
1470 4205 1690 4260 abunde
1734 4207 1951 4276 explet,

373 4309 648 4362 nusquam
694 4296 942 4364 potuisse
973 4296 1234 4360 inveniri,
1285 4298 1330 4352 si
1363 4298 1647 4353 hominum
1677 4300 1952 4370 quispiam

373 4385 444 4440 ab
491 4387 731 4440 humano
761 4400 961 4455 genere
1005 4386 1367 4441 universalem
1399 4387 1743 4460 tyrannidem
1771 4389 1955 4459 depel-

375 4476 487 4533 lere
517 4476 798 4532 Voluisset-
841 4475 960 4531 Jam
991 4478 1225 4547 primum
1254 4479 1299 4533 is
1322 4480 1414 4548 qui
1447 4496 1560 4535 rem
1595 4489 1799 4536 tantam
1824 4497 1952 4552 per-

374 4571 638 4640 agendam
667 4609 682 4634 ,
721 4583 1181 4639 communemque
1233 4571 1462 4626 salutem
1517 4573 1796 4644 sapientia:
1844 4590 1957 4630 sum

375 4661 580 4716 divitiis
601 4660 918 4729 eximiaque
941 4660 1184 4716 bonitate
1205 4664 1605 4733 procurandum
1629 4669 1951 4737 susciperet,

377 4753 522 4806 haud
544 4768 611 4806 ex
635 4767 824 4806 eorum
845 4767 1076 4808 numero
1101 4754 1423 4824 deligendus
1447 4768 1582 4822 erat,
1611 4757 1704 4826 qui
1736 4759 1955 4814 aliunde

377 4843 586 4898 servari
617 4843 836 4911 ipsimct
865 4853 1028 4915 atque
1044 4847 1322 4900 emendari
1349 4845 1628 4902 deberent.
1655 4847 1828 4904 Porro
1856 4851 1950 4905 ho-

379 4933 587 4986 minum
618 4934 873 4991 universa
906 4948 1104 4992 natura
1135 4949 1357 5008 peccato
1380 4950 1499 4995 erat
1530 4941 1787 5010 obnoxia,
1813 4944 1955 4997 mul-

377 5033 600 5096 tamque
626 5043 812 5083 curam
837 5029 1180 5088 desiderabat
1208 5044 1373 5105 atque
1395 5037 1785 5106 expiationem.
1805 5037 1947 5105 ρηο-

2062 5038 2150 5092 τοῦ
2195 5041 2596 5112 ἁμαρτήματος

378 5117 541 5172 modo
571 5116 734 5187 igitur
755 5117 872 5175 ﬂeri
897 5127 1133 5192 poterat,
1161 5133 1222 5180 ut
1249 5125 1342 5195 qui
1375 5126 1428 5181 in
1451 5127 1639 5184 eadem
1668 5129 1953 5186 medicinae

2056 3750 2151 3804 τοῦ
2188 3750 2370 3804 κοινοῦ
2414 3750 2710 3822 πτώματος
2744 3753 2776 3822 ἡ
2813 3751 3100 3823 διόρθωσις
3132 3751 3200 3806 δι’
3245 3751 3364 3816 ἐνὸς
3396 3753 3506 3806 τῶν
3539 3755 3644 3806 ἀν-

2058 3834 2581 3913 θρώπωνὲγένετο·
2622 3842 2684 3896 τὸ
2723 3843 2829 3915 γὰρ
2875 3843 3117 3914 ὁμοφυὲς
3163 3844 3382 3914 ἀγωγὸν
3434 3845 3646 3915 μᾶλλον

2055 3935 2151 3988 καὶ
2179 3935 2318 4006 πρὸς
2347 3935 2519 3988 πειθὼ
2549 3935 2958 4008 πλησιαίτερον.
3005 3936 3166 3991 Ἀλλὰ
3195 3937 3304 4010 γὰρ
3333 3938 3432 3992 οὑκ
3461 3939 3646 4010 ἐργῶ-

2054 4028 2142 4091 δες
2175 4028 2378 4092 αὐτοῖς,
2425 4031 2475 4082 εί
2515 4030 2609 4082 xui
2652 4029 2726 4100 μὴ
2759 4031 3060 4102 πρότερον,
3095 4030 3190 4084 νῦν
3217 4029 3350 4099 γοῦν
3394 4032 3647 4102 καθορᾷν

2053 4118 2130 4183 ὡς
2155 4120 2249 4173 xui
2278 4118 2450 4173 ταῦτα
2477 4121 2575 4191 μὲν
2600 4124 2665 4192 τῇ
2701 4120 2795 4175 τοῦ
2836 4122 3014 4190 Λόγου
3053 4123 3325 4196 σαρκώσει
3353 4126 3646 4196 περιείλη-

2057 4230 2211 4268 πται·
2245 4212 2282 4267 ἃ
2311 4213 2369 4267 δὲ
2391 4214 2451 4268 τὺ
2477 4215 2791 4285 θαυμαστὸν
2821 4216 2998 4270 έκεῖνο
3019 4209 3118 4286 τῆς
3151 4216 3436 4281 κενώσεως
3468 4217 3644 4270 πλου-

2055 4309 2158 4373 τεῖ,
2190 4307 2342 4361 οὐδὲν
2389 4308 2538 4361 ἔστιν
2567 4308 2748 4380 εὑρεῖν
2792 4311 2841 4363 εί
2889 4309 2998 4363 τῶν
3042 4310 3347 4383 ἀνθρώπων
3376 4312 3436 4364 τὸ
3477 4311 3648 4379 γένος

2056 4395 2138 4462 εἷς
2163 4399 2345 4454 αὑτῶν
2373 4399 2739 4470 ἐλευθερῶσαι
2767 4401 2866 4472 τῆς
2897 4401 3039 4455 κατὰ
3073 4403 3292 4457 πάντων
3321 4402 3647 4473 τυραννίδος

2055 4492 2453 4565 ἐπεχείρησεν*
2499 4494 2636 4547 ἀλλὰ
2686 4494 2903 4565 πρῶτον
2961 4495 3058 4566 μὲν
3109 4495 3138 4548 6
3178 4495 3276 4566 τὴν
3329 4495 3645 4564 τηλικαῦτα

2057 4581 2258 4652 πρᾶξιν
2298 4581 2545 4637 ὑπελθὼν
2574 4585 2968 4656 ἀναδεχόμενος
2993 4627 3008 4651 ,
3034 4586 3126 4639 xui
3150 4586 3249 4657 τὴν
3283 4588 3496 4641 πάντων
3529 4604 3647 4638 σω-

2054 4674 2253 4744 τηρίαν
2296 4677 2488 4743 σοφίας
2522 4676 2738 4747 πλούτῳ
2770 4678 2866 4731 xui
2901 4677 3298 4749 ἀνυπερϐλήτῳ
3329 4677 3647 4748 φιλανθρω-

2058 4767 2157 4836 πίᾳ
2189 4769 2667 4838 κατεργάσασθαι,
2695 4770 2758 4822 οὑ
2787 4769 2896 4824 τῶν
2918 4771 3188 4841 δεομένων
3216 4772 3380 4834 αὑτὸς
3409 4772 3508 4840 τῆς
3537 4772 3647 4825 ἁλ-

2056 4856 2284 4926 λαχόθεν
2349 4861 2622 4929 σωτηρίας
2699 4863 2794 4915 xui
2855 4863 3212 4934 ἀνορθώσεως
3273 4863 3647 4935 χρηματίζειν

2056 4948 2284 5017 ὀφείλει.
2363 4950 2706 5024 Ἀνθρωπίνη
2750 4953 2806 5006 δὲ
2852 4956 3002 5009 πᾶσα
3031 4955 3191 5023 φύσις
3219 4956 3501 5027 ὑπόχρεως
3533 4957 3647 5026 μὲν

2617 5082 2632 5108 ,
2684 5044 2886 5113 πολλῆς
2926 5046 2983 5099 δὲ
3023 5045 3254 5119 δεομένη
3302 5050 3401 5120 τῆς
3442 5048 3648 5118 ὁμοίας

2058 5133 2317 5204 προνοίας
2344 5150 2404 5187 τε
2425 5134 2521 5190 καὶ
2546 5136 2888 5207 καθάρσεωςο
2908 5137 3004 5191 καὶ
3035 5138 3152 5203 πῶς
3177 5139 3242 5194 ἂν
3267 5139 3297 5193 ό
3317 5141 3376 5193 ὲν
3403 5141 3469 5210 τῇ
3493 5138 3644 5211 αὑτῇ

1896 5309 2131 5369 ΝΟΤᾸΕ.

455 5501 566 5570 (79)
597 5503 662 5560 Et
694 5506 783 5564 hic
809 5507 946 5565 Jobo
977 5510 1248 5566 monacho
1275 5512 1370 5567 lib.
1398 5512 1442 5566 ll
1468 5512 1544 5567 De
1572 5512 1954 5571 Incarnatione

377 5572 573 5698 Libat.
621 5575 878 5637 Biblioth.
917 5581 1034 5638 Cod
1074 5579 1216 5651 222)
1267 5584 1423 5654 plura
1465 5587 1718 5658 decerpta
1765 5587 1954 5642 viden-

2135 5519 2494 5598 (So)COpiose
2519 5534 2700 5580 versat
2733 5525 2836 5598 hoc
2855 5535 3234 5598 argumentum
3265 5527 3428 5581 etiam
3469 5523 3651 5586 Eusc-

2060 5591 2181 5649 bin‘s
2213 5596 2266 5650 in
2296 5595 2526 5650 tricenn.
2555 5591 3054 5669 Coustantinkap.
3089 5596 3223 5652 Xlll.
3254 5614 3376 5669 sqq.
