3854 6216
505 229 608 295 927

1657 213 1921 276 ΡΗΟΤΙΙ
1957 211 2461 276 ΡΑΤΒῙΑΒΕΗᾸἘ
2499 215 2607 274 CP.

3633 219 3731 283 928

493 342 799 404 doctrinis,
864 338 1140 394 institutio
1194 344 1375 390 tamen
1442 335 1507 387 ad
1570 347 1732 388 suum
1792 347 2075 401 nunquam

2187 348 2338 401 ρημα
2358 347 2373 362 ·
2418 330 2554 384 ἀλλά
2596 329 2794 400 μάτην,
2835 330 2994 400 εἰπερ
3022 331 3080 384 ἐν
3125 330 3236 392 τοῖς
3270 329 3444 394 αὐτοῖς
3481 331 3730 412 savage.

497 437 709 508 apicem
771 430 940 487 venit.
996 430 1365 496 Quamobrem
1429 427 1475 479 si
1529 425 1778 478 humana
1854 423 1963 477 vita
2029 423 2084 478 in

499 528 690 584 iisdem
724 525 925 580 ritibus
957 523 1371 592 permansisset,
1402 515 1715 572 Servatoris
1746 514 1990 569 studium
2028 525 2084 569 et

499 615 895 672 sollicitudines
925 614 978 667 in
1007 626 1223 666 cassum
1254 610 1426 664 fuisse
1454 614 1893 676 coarguerentur
1917 621 1930 669 ;
1959 604 2084 673 quia

497 707 774 762 humanus
808 712 1040 759 conatus
1075 703 1207 757 nihil
1255 700 1458 772 grande
1486 698 1758 754 coniicere
1783 703 1979 766 potest.
2017 695 2081 750 Et

497 800 715 870 quidem
758 797 942 852 servili
979 805 1247 850 creaturae
1277 807 1453 861 neque
1484 789 1744 860 possibile
1783 797 1865 842 est
1907 803 2083 857 neque

501 893 752 962 impune,
788 888 1063 944 Creatoris
1097 902 1161 939 ac
1203 884 1416 939 Domini
1472 883 1616 952 leges
1663 882 1717 935 in
1771 881 1931 934 aliam
1980 880 2084 933 for-

500 997 643 1034 mam
675 990 988 1048 pervertere
1015 995 1025 1028 :
1059 976 1151 1029 sed
1178 974 1226 1027 ei
1253 974 1473 1027 demum
1505 974 1630 1040 quia
1665 987 1760 1026 sua
1790 971 2076 1024 clementia

501 1081 812 1126 commotus
852 1080 1118 1124 creaturae
1167 1059 1396 1120 salutem
1449 1063 1848 1132 procurandum
1893 1077 2081 1118 Susce-

501 1161 600 1229 pit,
640 1159 1044 1213 Dominicarunt
1082 1169 1303 1224 quoque
1349 1153 1528 1221 legum
1582 1152 1902 1206 rel‘urmalio
1949 1167 2082 1206 con-

501 1253 692 1314 venit,
750 1249 1085 1302 l)ontinicant
1137 1246 1346 1299 scilicet
1409 1253 1733 1312 potestatem
1787 1260 1817 1297 ιι
1871 1253 2085 1297 suamet

507 1357 704 1402 natura
739 1340 960 1394 habenti
993 1356 1008 1392 :
1040 1339 1325 1406 eidemque
1354 1334 1630 1405 perfacilis
1657 1341 1741 1388 est
1805 1341 1859 1387 et
1915 1348 2154 1403 congrua

503 1440 656 1496 latio.

521 1509 533 1534 ὲ
571 1531 625 1583 4.
671 1526 816 1580 Talis
853 1525 1074 1592 insuper
1118 1522 1363 1589 tantique
1411 1519 1615 1573 amoris
1656 1518 2078 1582 demonstratio,

499 1619 808 1689 cujustnodi
835 1618 887 1670 in
923 1614 1296 1670 exinanitione
1333 1612 1453 1681 ejus
1481 1626 1641 1680 quem
1676 1611 1943 1664 exinaniti
1977 1625 2085 1664 non
2121 1604 2158 1658 Β

501 1724 664 1780 posse
702 1707 963 1771 vidimus,
994 1705 1084 1773 qui
1121 1704 1234 1757 fieri
1269 1711 1485 1772 poterat
1520 1709 1578 1754 ut
1610 1702 1663 1754 in
1699 1700 1948 1754 notitiam
1989 1715 2087 1753 no-

502 1811 674 1856 stram
705 1799 935 1863 veniret,
978 1796 1062 1850 vel
1099 1804 1155 1848 ut
1187 1793 1542 1863 providentiae
1577 1807 1704 1862 erga
1740 1806 1841 1845 nos
1871 1791 2088 1861 magni-

505 1891 748 1944 tudinem
778 1900 1261 1956 corgnosceremus,
1313 1883 1357 1936 si
1391 1882 1535 1936 Deus
1575 1897 1794 1950 operam
1824 1881 2084 1946 dedisset,

504 1991 564 2035 ut
594 1981 663 2035 ab
691 1980 822 2046 alio,
857 1987 1052 2048 praeter
1078 1991 1157 2041 se,
1216 1974 1460 2044 quolibet
1491 1988 1838 2027 communem
1872 1973 2087 2043 generis

505 2073 738 2126 salutem
794 2067 1251 2138 impetraremus?
1301 2064 1487 2134 Neque
1536 2079 1666 2117 sane
1711 2063 1795 2116 vel
1831 2064 2088 2133 angelicae

505 2163 608 2234 ipsi
645 2173 853 2216 natura:
883 2176 1206 2214 concessum
1243 2159 1364 2223 fuit,
1403 2169 1463 2213 ut
1503 2168 1611 2212 tam
1651 2158 1851 2226 grande
1883 2166 1937 2213 et
1967 2159 2088 2212 uni-

505 2256 716 2309 versale
749 2253 1069 2323 mysterium
1106 2251 1210 2305 sibi
1243 2251 1559 2304 vindicaret.
1599 2247 1734 2302 Nam
1775 2251 1877 2306 etsi
1911 2250 2087 2321 angeli

510 2350 646 2401 lines
675 2345 917 2416 gentiqu
952 2343 1154 2412 singuli
1204 2343 1447 2410 singulos
1478 2343 1868 2397 custodiendos
1909 2342 2085 2396 sortiti

509 2451 658 2503 sunt,
712 2438 938 2490 minime
981 2447 1162 2488 tamen
1215 2435 1454 2488 universi
1500 2433 1715 2503 generis
1762 2433 2088 2502 gubernatio

507 2531 590 2583 vel
626 2529 956 2581 instauratio
997 2526 1311 2580 concredita
1359 2525 1550 2580 iisdem
1603 2534 1707 2578 est.
1748 2523 1915 2578 Multo
1958 2539 2088 2578 vero

512 2621 693 2674 minus
743 2618 978 2688 simplici
1028 2617 1236 2670 homini
1284 2616 1335 2670 id
1385 2615 1564 2668 facere
1617 2614 1792 2677 licuit,
1837 2613 2088 2681 quamvis

505 2710 806 2762 virtutibus
830 2709 973 2761 inter
1004 2717 1230 2761 caeteros
1263 2703 1624 2774 praefulgenti.
1658 2703 1915 2756 Videmus
1941 2701 2086 2755 enim

508 2803 591 2856 vel
630 2818 695 2855 ex
725 2803 808 2856 his
845 2800 1234 2853 celeberrimos
1261 2800 1352 2850 uni
1395 2811 1537 2864 saepe
1577 2795 1744 2866 genti,
1777 2804 1830 2848 et
1867 2793 2086 2863 quidem

508 2911 616 2948 non
643 2894 866 2946 maximi
896 2894 1130 2954 numeri,
1159 2889 1406 2959 regendae.
1427 2887 1888 2955 inStituendazque
1918 2884 2086 2938 fuisse

508 2983 868 3054 prazpnsitos;
901 2991 1066 3050 atque
1099 2980 1202 3034 hoc
1230 2979 1350 3046 ipso
1379 2992 1603 3030 munere
1639 2992 1744 3030 non
1788 2973 1908 3028 sine
1937 2974 2085 3028 dele-

509 3087 602 3130 ctu
640 3075 825 3144 aliquo
873 3072 1044 3127 fuisse
1078 3069 1390 3124 defunctos.
1436 3068 1638 3122 Mosen]
1688 3068 1815 3120 licet
1855 3068 2082 3136 cogites,

508 3168 594 3220 vel
629 3167 794 3234 hujus
833 3178 1210 3218 successorem
1251 3161 1498 3225 Josuam,
1539 3160 1623 3212 vel
1657 3159 1825 3212 alium
1849 3157 2085 3226 quemli-

509 3260 602 3313 bet
630 3275 696 3312 ex
731 3260 798 3313 iis
828 3257 920 3326 qui
951 3256 1129 3325 gentis
1169 3254 1430 3307 ducatum
1479 3254 1908 3320 capessiveruut.
1943 3247 2086 3302 Prte-

508 3364 592 3408 ter
624 3347 788 3421 quam
819 3352 962 3420 quod
1019 3364 1105 3403 res
1137 3361 1354 3417 quoque
1395 3346 1656 3407 maxime,
1705 3349 1976 3411 qtmtquot
2017 3355 2081 3394 ex

509 3445 661 3498 omni
699 3458 816 3496 aavo
849 3443 1000 3495 mira:
1033 3440 1276 3501 fuerunt,
1308 3452 1541 3506 vereque
1572 3436 1694 3506 plus
1722 3450 1886 3503 quam
1920 3436 2084 3489 mira-

509 3537 657 3600 bilis,
689 3535 823 3589 satis
857 3533 980 3588 vilis
1013 3533 1301 3596 evasisset,
1349 3530 1595 3599 nihilque
1623 3528 1906 3582 habuisset
1935 3526 2079 3596 quod

509 3628 705 3683 merito
752 3627 1180 3696 suspiceremus.
1217 3623 1351 3678 Nam
1386 3623 1431 3678 si
1467 3630 1714 3676 creatura
1758 3635 1882 3673 cum
1927 3633 2080 3676 crea-

507 3719 645 3773 turis
679 3727 949 3782 versetur,
975 3716 1096 3770 etsi
1125 3717 1416 3785 quisquam
1448 3727 1718 3769 conservo
1745 3725 1845 3765 suo
1877 3710 2077 3778 faveat,

505 3809 641 3863 nihil
669 3809 796 3863 inde
825 3809 1098 3863 ineffabile
1127 3808 1395 3877 sequitur,
1427 3822 1527 3863 nec
1565 3806 1712 3876 quod
1742 3819 1840 3859 sua
1873 3803 2078 3858 incom-

502 3900 859 3970 prehensibili
887 3901 1094 3970 ditique
1115 3899 1403 3955 clementia
1428 3898 1844 3954 admirationem
1877 3896 2075 3966 pariat.

500 3994 613 4049 Cur
653 3997 802 4048 enim
843 3993 1070 4058 mirum,
1123 3993 1204 4048 vel
1248 4008 1347 4047 cur
1380 3988 1934 4061 incomprehensibilc
1983 3989 2073 4050 sit,

502 4088 571 4139 ab
599 4086 793 4154 angelo
828 4093 1080 4139 naturam
1109 4083 1348 4138 hominis
1379 4083 1624 4139 assumi?
1656 4080 1893 4151 Uterque
1928 4080 2073 4134 enint

504 4189 808 4230 conservus
858 4182 963 4238 est,
1025 4181 1252 4243 uterque
1303 4173 1624 4228 mutationis
1657 4186 1869 4240 capax:
1901 4186 2075 4240 quan—

2183 439 2335 486 πινος
2363 421 2578 493 διέμενε
2610 421 2745 492 βίος,
2773 422 2807 492 ἡ
2834 421 2936 491 τῆς
2961 422 3233 493 σωτηρίας
3263 421 3520 490 προϊοῦσα
3542 428 3732 499 σπουδὴ

2179 514 2274 568 καὶ
2316 513 2662 584 ἐπιχείρησις
2707 513 3056 584 διηλέγχετο,
3109 515 3207 583 τῆς
3259 513 3355 583 μὲν
3402 514 3730 588 ἀνθρωπῖνης

2181 606 2488 674 φιλοτιμίας
2511 605 2663 659 οὐδὲν
2689 603 3020 674 ἐξανυούσης
3046 605 3211 672 μέγα,
3242 605 3336 656 ἅτε
3364 605 3495 675 μήτε
3526 606 3735 661 δυνατὸν

2141 771 2156 785 κ
2179 698 2277 770 τὴν
2297 699 2493 770 δούλην
2548 700 2725 752 κτίσιν
2763 697 2898 768 μηδέ
2939 697 3144 767 τόλμης
3193 695 3498 759 ἀνεύθυνον,
3525 701 3614 751 τοῦ
3643 701 3740 769 Aq-

2189 791 2453 862 μιουργοῦ
2507 791 2599 844 καὶ
2634 790 2904 843 Δεσπότου
2964 790 3163 859 νόμους
3221 790 3575 857 μετακοσμεῖν
3625 791 3738 842 ἐπι-

2179 885 2414 951 χειρεῖν’
2465 882 2542 952 τῷ
2592 881 2776 952 μέντοι
2835 881 2935 950 τὴν
2973 919 2984 938 .
3019 879 3297 950 σωτηρίαν
3339 878 3428 931 διὰ
3476 878 3742 948 σπλάγχνα

2179 967 2366 1035 ἐλέους
2395 973 2854 1044 κατεργαζομένη)
2875 971 2970 1026 τοῦ
3006 971 3347 1040 πλάσματος,
3379 970 3414 1039 ἦ
3441 986 3500 1022 τε
3524 970 3628 1022 τῶν
3652 972 3739 1021 Δε-

2181 1066 2456 1120 σποτικῶν
2488 1066 2667 1136 νόμων
2691 1066 3100 1136 μετακόσμησις
3123 1063 3406 1133 πρέπουσα
3436 1061 3529 1132 τὴν
3555 1064 3744 1114 Δεσπο-

2179 1157 2336 1228 τικὴν
2363 1157 2610 1222 ἐξουσίαν
2634 1159 2775 1212 κατὰ
2805 1158 2967 1228 φύσιν
2995 1158 3194 1227 ἔχοντι,
3231 1156 3324 1208 καὶ
3351 1155 3449 1224 τῆς
3482 1155 3742 1217 πολιτείας

2190 1250 2346 1318 ῥᾳδία
2385 1269 2444 1303 τε
2468 1252 2563 1304 καὶ
2591 1253 2845 1322 ἁρμόδιος
2877 1253 2910 1322 ἡ
2944 1251 3080 1321 πρὸς
3108 1250 3168 1302 τὸ
3195 1248 3402 1318 βέλτιον
3435 1249 3741 1309 ἀνανέωσις.

2199 1339 2540 1406 publicorum
2583 1355 2870 1396 sacrorum
2921 1341 2988 1395 ad
3028 1339 3308 1394 meliorem
3345 1350 3543 1395 statum
3581 1349 3747 1393 trans-

2201 1510 2209 1518 ’
2257 1521 2320 1574 δ’.
2382 1520 2501 1572 Ἔτι
2559 1537 2623 1587 γε
2675 1519 2784 1590 μὴν
2827 1519 2928 1588 τῆς
2964 1517 3234 1589 τοσαύτης
3289 1517 3386 1574 καὶ
3434 1518 3750 1589 τηλικαύτης

2189 1616 2409 1683 ἀγάπης
2439 1614 2470 1683 ἡ
2503 1610 2749 1677 ἔνδειξις,
2775 1613 2841 1683 ἢν
2869 1611 2958 1666 διὰ
2978 1611 3038 1665 τὸ
3071 1611 3376 1681 κενωθῆναι
3402 1611 3466 1664 δι’
3501 1613 3642 1682 ἡμᾶς
3667 1614 3750 1664 τὶν

2189 1703 2456 1757 ἁκένογτον
2478 1701 2741 1770 ἔγνωμεν,
2770 1701 2934 1755 πόθεν
2959 1701 3026 1755 ἂν
3048 1705 3127 1764 είς
3147 1700 3352 1769 γνῶσιν
3377 1701 3524 1770 ἡμᾶς
3548 1703 3748 1769 ἀφῖκτο,

2187 1794 2220 1864 ἢ
2253 1793 2352 1864 τῆς
2381 1794 2521 1864 ιπερὶ
2561 1794 2708 1863 ἡμᾶς
2738 1791 2905 1845 αὐτοῦ
2939 1793 3196 1863 προνοίας
3234 1791 3300 1844 τὸ
3332 1791 3560 1860 μέγεθος
3588 1793 3752 1859 ἐγνω-

2191 1882 2435 1954 ρίζομεν,
2476 1885 2524 1936 εί
2557 1883 2624 1936 δι’
2666 1883 2854 1954 ἐτέρου
2883 1883 3027 1947 τινος
3066 1883 3308 1936 ἐδικαίου
3336 1882 3435 1952 τὴν
3461 1883 3638 1954 κοινὴν
3668 1881 3750 1935 τος

2187 1974 2377 2042 γένους
2403 1973 2681 2046 σωτηρίαν
2729 1977 2877 2046 ἡμᾶς
2912 1974 3200 2039 δέξασθαι;
3232 1975 3314 2028 Οὐ
3351 1975 3534 2044 μέντοι
3568 1992 3627 2044 γε
3653 1973 3753 2028 οὐδ’

2188 2065 2483 2136 ἁγγελικῆς
2514 2066 2729 2136 φύσεως
2765 2069 3009 2136 ἐνεργεῖν
3037 2067 3095 2119 τὸ
3128 2069 3276 2136 μέγα.
3301 2067 3463 2120 τοῦτο
3494 2069 3585 2120 καὶ
3619 2084 3752 2134 παγ-

2189 2155 2415 2226 κόσμιον
2453 2157 2780 2226 μυστήριον·
2817 2156 2866 2208 οῖ
2897 2157 3037 2210 κατὰ
3081 2159 3149 2209 τὰ
3177 2158 3310 2225 ὅρια
3347 2156 3456 2210 τῶν
3479 2157 3755 2212 ἐθνῶνάνὰ

2188 2247 2419 2311 ἕκαστος
2462 2249 2641 2302 αὐτῶν
2672 2249 2770 2319 τὴν
2818 2249 3141 2303 ἐπιστασίαν
3179 2247 3609 2319 ἐκληρώσαντο,
3649 2249 3756 2302 ἀλλ’

2187 2342 2306 2411 ουχὶ
2339 2340 2432 2393 τοῦ
2470 2340 2668 2401 παντὸς
2709 2339 2900 2408 γένους
2933 2337 3031 2409 τὴν
3077 2339 3417 2409 κυϐέρνησιν
3445 2340 3556 2410 (Si)
3605 2341 3673 2409 μή
3709 2339 3755 2390 τί

2167 2450 2252 2501 γε
2282 2433 2379 2501 τὴν
2421 2431 2725 2486 ἀνάπλασιν
2758 2431 3178 2500 ἐπιστεύθησαν.
3226 2431 3312 2483 Οὐ
3357 2431 3463 2502 μὴν
3509 2432 3620 2484 ἀλλ’
3647 2431 3758 2484 οὐδὲ

2189 2525 2370 2596 πολλῷ
2401 2525 2601 2596 μᾶλλον
2635 2523 2922 2594 ἀνθρώπου
2954 2523 3110 2592 ψιλοῦ
3130 2567 3144 2589 ,
3188 2526 3237 2576 εί
3279 2522 3376 2578 καὶ
3404 2526 3524 2586 ταῖς
3555 2525 3757 2594 ἀρεταῖς

2188 2618 2325 2688 πρὸς
2371 2618 2497 2680 τοὺς
2552 2617 2743 2680 ἄλλους
2789 2617 2944 2686 φέρει
2992 2615 3053 2668 τὸ
3089 2617 3378 2688 διάφορον.
3457 2615 3619 2687 Ὁρᾷν
3662 2615 3760 2684 γὰρ

2189 2709 2340 2764 ἐστιν
2391 2709 2570 2764 αὐτῶν
2623 2711 2749 2772 τοὺς
2806 2710 3279 2778 ἐπιφανεστάτους
3334 2709 3592 2772 πολλάκις
3652 2709 3761 2767 ἐνὸς

2187 2800 2373 2861 ἔθνους
2393 2802 2512 2854 οὐδὲ
2537 2801 2793 2870 μεγίστου
2817 2801 3363 2865 καταπιστευθέντας
3391 2801 3757 2868 παιδαγωγίαν

2189 2909 2260 2946 κα
2307 2894 2653 2964 κυόἐρνησιν,
2698 2893 2792 2946 καὶ
2836 2893 2958 2946 οὑδέ
3001 2892 3202 2963 ταύτην
3255 2895 3563 2964 ἀμέμπτως
3608 2895 3761 2963 μέχρι

2190 2983 2374 3046 τέλους
2390 2984 2773 3049 ὲξανύσαντας.
2794 2984 2992 3037 Μωσέα
3019 2988 3128 3048 τοῖς
3144 2985 3459 3056 λογισμοῖς,
3497 2987 3546 3037 εί
3574 2985 3762 3056 βούλει,

2190 3076 2319 3130 λάϐε
2363 3078 2455 3127 καὶ
2492 3075 2580 3129 τὸν
2617 3077 2734 3146 μετ’
2773 3078 2977 3132 ἐκεῖνον
3043 3079 3279 3147 Ἰησοῦν,
3332 3081 3428 3133 καὶ
3476 3081 3587 3133 ὅσοι
3628 3079 3763 3132 ἄλλοι

2189 3168 2286 3238 τὴν
2317 3169 2640 3222 ἐπιστασίαν
2683 3167 2778 3221 τοῦ
2818 3169 3006 3234 ἔθνους
3065 3171 3545 3242 ἐνεχειρίσθησαν.
3582 3171 3684 3225 Ναὶ
3706 3169 3764 3239 δὴ

2190 3259 2326 3328 πρὸς
2365 3259 2574 3322 τούτοις
2603 3259 2698 3312 καὶ
2739 3260 2799 3313 τὸ
2847 3262 3105 3330 μέγιστον
3141 3261 3259 3314 τῶν
3310 3264 3417 3316 ἀνὰ
3469 3264 3645 3317 πάντα
3684 3262 3766 3314 τὸν

2187 3350 2362 3403 αἰῶνα
2407 3350 2737 3419 θαυμαστῶν
2765 3353 2860 3405 καὶ
2898 3355 2973 3416 ὡς
3017 3352 3242 3422 ἀληθῶς
3295 3355 3764 3426 ὑπερθαύμαστον,

2187 3447 2267 3508 εἰς
2322 3444 2594 3498 εὐτέλειαν
2657 3445 2723 3500 ἂν
2773 3446 2869 3498 καὶ
2926 3445 3078 3498 οὐδὲν
3137 3446 3336 3518 θαῦμα
3395 3448 3768 3519 παρεχομένην

2187 3536 2383 3607 πρᾶξιν
2414 3537 2693 3603 ἐξέπιπτε.
2738 3539 2985 3601 Κτίσεως
3015 3539 3123 3610 γὰρ
3154 3541 3344 3594 κτίσει
3369 3541 3653 3611 συνιούσης
3681 3540 3768 3592 καὶ

2186 3629 2707 3700 προσλαμϐανούσης
2728 3629 2788 3683 τὸ
2809 3630 3116 3698 ὁμόδουλον,
3141 3633 3306 3686 οὐδὲν
3331 3633 3459 3688 οὔτε
3483 3635 3590 3688 τῶν
3610 3635 3770 3703 ἀπορεε

2186 3724 2365 3792 ῥήτων
2409 3721 2736 3793 παρέπεται,
2773 3721 2897 3776 οὕτε
2929 3723 3115 3794 θαῦμα
3143 3725 3229 3794 τῷ
3278 3726 3652 3797 ἁκαταλήπτῳ
3681 3725 3769 3776 καὶ

2183 3813 2260 3882 τῷ
2289 3813 2501 3884 πλούτῳ
2534 3814 2630 3883 τῆς
2659 3813 3073 3884 φιλανθρωπίας
3098 3815 3204 3886 τὴν
3241 3817 3516 3886 ἔκπληξιν
3547 3817 3770 3886 παρεχὸ-

2187 3924 2371 3977 μενον.
2418 3907 2482 3960 Τί
2515 3907 2625 3976 γὰρ
2671 3909 2904 3975 ἄγγελον
2955 3907 3297 3976 θαυμαστὸν,
3331 3909 3386 3962 τί
3414 3909 3472 3962 δὲ
3503 3909 3610 3962 τῶν
3638 3907 3763 3977 ἁλὴ-

2184 4018 2355 4063 πτων,
2377 3999 2666 4068 ἀνθρώπου
2694 3999 2854 4067 φύσιν
2877 4001 3421 4070 προσοικειιὶηασθαι
3443 4021 3457 4067 ;
3485 4003 3769 4070 Κτίσματα

2181 4093 2289 4163 γὰρ
2320 4093 2487 4162 ἄμφω
2512 4091 2606 4145 καὶ
2638 4091 2919 4160 ὁμόδουλοι
2943 4092 3036 4144 καὶ
3063 4094 3282 4164 τροπῆς
3316 4095 3674 4173 μετέχοντες·
3720 4091 3765 4141 εί

2179 4184 2275 4236 καὶ
2315 4183 2342 4234 ὁ
2387 4181 2484 4251 μὲν
2526 4180 2747 4251 μᾶλλον,
2780 4181 2808 4234 ὁ
2837 4180 2894 4233 δέ
2927 4181 3222 4251 τετίμηται
3264 4182 3326 4235 τὸ
3364 4183 3689 4236 ἐπέλαττον·
3723 4180 3768 4232 εί

501 4280 663 4332 quam
687 4267 824 4320 alter
864 4265 1098 4335 majore.
1144 4265 1288 4320 alter
1314 4265 1527 4319 minore
1578 4263 1813 4320 aﬂicitur
1846 4263 2071 4317 honore.

2185 4273 2237 4326 δὲ
2263 4272 2493 4342 τρεπτδν
2521 4272 2798 4340 ἑκάτερος,
2833 4271 3026 4340 ἄδηλόν
3049 4271 3101 4338 γ’
3125 4273 3234 4335 ἕως
3266 4273 3374 4342 τῆς
3403 4272 3652 4332 ἐνὼσεως
3676 4287 3766 4338 γε-

506 4355 696 4412 Utrum
735 4373 866 4413 vero
904 4367 1139 4427 uterque
1172 4358 1542 4414 convertibilis
1591 4358 1683 4422 sit,
1713 4357 1903 4412 lateret
1942 4372 2076 4412 sane

2185 4364 2513 4434 γενημένης·
2547 4364 2594 4416 εἰ
2624 4361 2699 4432 μὴ
2729 4363 2864 4433 πρὸς
2895 4363 2992 4431 τὴν
3019 4364 3441 4432 ἐπικρατοῦσαν
3479 4364 3686 4433 τροπὴν
3713 4363 3768 4413 τὸ

501 4464 678 4518 usque
724 4448 790 4502 ad
832 4449 1276 4518 conjunctioan
1309 4458 1612 4517 patratam;
1669 4447 1777 4503 nisi
1813 4447 2073 4504 adversus

498 4540 878 4610 pra2valentem
925 4555 1052 4608 pars
1100 4539 1329 4598 inferior
1370 4540 1544 4595 eidem
1596 4539 1828 4594 obnoxia
1861 4538 2070 4593 lancem

501 4630 823 4696 inclinaret;
877 4629 960 4683 vel
1010 4629 1116 4686 nisi
1159 4630 1408 4686 nobilinri
1441 4630 1580 4700 parti
1622 4629 1943 4700 praevaleret
1969 4629 2066 4684 de-

498 4721 690 4774 terior.

565 4811 622 4864 5.
682 4809 787 4863 Sed
838 4809 982 4864 enim
1045 4825 1238 4880 parum
1298 4809 1471 4866 abfuit
1537 4810 1671 4880 quin
1722 4809 2074 4865 obliviscerer

496 4917 681 4958 causae
713 4903 1028 4972 potissimm,
1058 4919 1156 4960 cur
1186 4903 1230 4958 si
1261 4903 1487 4974 angelus
1519 4913 1615 4957 aut
1645 4903 1875 4973 simplex
1909 4903 2074 4957 homo

497 5010 972 5062 recuperareinos
1012 5012 1040 5051 a
1085 4997 1239 5065 lapsu
1280 4997 1501 5050 molitus
1532 5003 1696 5056 esset,
1731 5009 2074 5064 nequaquam

2176 4459 2468 4513 ἐπέλαττον
2491 4460 2660 4530 αὐτῆς
2693 4462 2960 4531 μετασχδν
2994 4461 3150 4514 λάϐοι
3173 4462 3281 4532 τὴν
3307 4462 3512 4533 ῥοπὴν,
3549 4462 3580 4532 ἦ
3616 4459 3767 4527 είπξρ

2174 4553 2535 4624 ἐπικρατήσοι
2560 4552 2653 4606 τοῦ
2685 4554 2929 4618 πλείονος
2950 4550 3012 4609 τὸ
3042 4553 3377 4623 ἐπέλαττον.

2249 4816 2312 4864 ε’.
2365 4810 2525 4865 Ἀλλὰ
2557 4784 2673 4883 ’γὰρ
2702 4809 2900 4882 μικροῦ
2935 4829 3002 4882 με
3033 4813 3326 4883 παρῆλθεν
3355 4817 3387 4884 ἠ
3427 4815 3581 4868 αἰτία
3612 4812 3680 4866 δι’
3707 4813 3771 4880 ἦν

2178 4905 2416 4975 μάλιστα
2456 4905 2612 4975 εἴπερ
2661 4905 2892 4974 ἄγγελος
2934 4907 2966 4977 ἢ
3025 4907 3183 4976 ψιλὸς
3219 4908 3522 4978 ἄνθρωπος
3558 4906 3769 4962 ἀνασώ-

2177 4997 2370 5050 σασθαι
2399 4997 2546 5067 ἡμᾶς
2572 4995 2669 5050 τοῦ
2697 4996 2988 5067 πτώματος
3017 4998 3426 5070 προεϐέϐλητο,
3455 5002 3578 5071 οὐχὶ
3604 5017 3770 5066 σωτη-

495 5085 671 5137 salute
711 5083 812 5137 frui
848 5101 1138 5154 possemus
1172 5107 1185 5140 :
1235 5087 1436 5155 quippe
1469 5087 1597 5153 quia
1629 5086 1995 5154 pulcherrima
2024 5095 2079 5140 et

2185 5088 2296 5156 ρίας
2344 5087 2546 5156 μᾶλλον
2588 5088 2969 5160 ἀπηλαύομεν,
3015 5089 3150 5144 ἀλλὰ
3191 5090 3296 5143 τοῦ
3331 5093 3631 5148 καλλίστου
3680 5092 3771 5146 καὶ

495 5176 891 5245 pretiosissima
935 5185 990 5249 et
1036 5178 1297 5233 ineffabili
1347 5178 1519 5248 gloria
1562 5178 1863 5232 humanum
1895 5191 2066 5247 genus

493 5269 786 5324 excideret.
825 5271 1109 5336 Quomodo
1142 5271 1192 5327 id
1237 5272 1320 5328 vel
1349 5286 1511 5340 quam
1548 5272 1618 5324 ob
1643 5273 1902 5325 eausam':
1933 5268 2063 5338 quia

492 5360 700 5416 scilicet
740 5377 808 5418 ne
838 5364 1098 5422 accedere
1135 5363 1357 5436 quidem
1405 5365 1611 5425 nedum
1647 5362 1955 5432 pertingere
1994 5359 2063 5417 ad

2170 5177 2504 5246 τιμιωτάτου
2535 5178 2627 5230 καὶ
2655 5177 2749 5247 τῆς
2777 5177 3350 5250 ἁνεκφρὰστουςδόξης
3368 5181 3435 5236 τὸ
3459 5184 3616 5249 γένος
3645 5199 3770 5235 κατ·

2174 5268 2392 5325 έπιπτε.
2440 5268 2566 5332 Πῶς
2599 5269 2658 5323 δὲ
2714 5270 2808 5322 καὶ
2835 5269 2923 5323 διὰ
2952 5270 3112 5324 ποίαν
3145 5273 3386 5340 αἰτίαν;
3447 5275 3642 5346 ὅτιπερ
3671 5273 3769 5327 οὐκ

2170 5355 2238 5430 ἦν
2270 5363 2401 5430 ἡμῖν
2420 5360 2651 5433 δυνατὸν
2673 5361 2793 5416 οὐδέ
2817 5363 2983 5430 ἐγγὺς
3011 5363 3196 5432 τυχεῖν
3223 5363 3315 5428 οἷς
3338 5365 3441 5420 νῦν
3474 5366 3573 5421 τοῦ
3595 5367 3769 5432 Λόγου

1999 5513 2228 5578 NOTAE,

567 5636 676 5706 (Si)
701 5635 944 5690 Notanda
973 5643 1055 5687 est
1081 5632 1192 5686 haec
1215 5629 1391 5685 Pltotii
1415 5630 1481 5686 de
1501 5631 1820 5688 custodibus
1845 5633 2051 5702 angelis
2092 5635 2234 5688 docti
2254 5635 2363 5687 ina.
