3876 6216
301 209 420 277 929

1229 201 1330 262 AD
1380 197 1973 260 AMPHILOCHIUM
2009 199 2354 272 QUIESTIO
2393 201 2617 264 CXCII.

3455 202 3560 266 930

306 309 690 384 σαρκωθέντος
718 307 1074 382 ἐντρυφῶμεν
1101 309 1197 362 καὶ
1229 308 1576 378 ἀπολαύομεν
1613 308 1722 361 τῶν
1753 308 1874 379 sua.

1995 309 2086 363 illa
2131 309 2274 363 bona
2321 309 2534 376 liceret,
2573 310 2771 380 quibus
2813 324 2981 377 nunc,
3029 308 3208 366 Verbo
3250 309 3557 373 incarnato.

302 405 539 458 ἔννοιαν.
591 400 704 456 Ποῦ
732 400 843 471 γὰρ
872 401 905 472 ἦ
937 401 1054 465 πῶς
1086 400 1152 455 ἂν
1183 401 1261 470 τῷ
1295 401 1549 471 ἡμετέρῳ
1579 401 1728 469 γένει
1757 400 1882 453 ὲκε-

305 495 559 565 χάριστο,
610 492 961 565 ἀνθρωπίνης
988 492 1203 561 φύσεως
1233 494 1266 564 ἢ
1302 492 1601 562 ἀγγελικῆς
1627 492 1726 562 τὴν
1759 493 1887 563 περὶ

304 590 457 658 ἡμᾶς
501 587 816 657 οἰκονομίαν
849 587 1261 658 ὑπερχομένης,
1311 588 1370 639 έν
1401 585 1551 656 δεξιᾷ
1599 584 1694 637 τοῦ
1751 584 1886 638 Θεοῦ

303 679 405 733 καλ⁸
443 678 659 749 Πατρδς
709 678 1022 749 ίδρυνθῆναι
1076 679 1172 733 καὶ
1211 677 1393 748 πάσης
1441 677 1741 748 ἀγγελικῆς
1792 677 1886 730 καὶ

301 773 671 842 ἀρχαγγέλων
725 770 1085 840 χοροστασίας
1138 770 1393 839 ὑπεράνω
1449 769 1737 837 γενέσθαι,
1790 769 1885 822 καὶ

301 863 474 931 τιμῆς
495 863 588 914 καὶ
611 861 769 930 δόξης
792 860 1098 914 ἀπολαῦσαι
1119 859 1386 930 τοσαύτης
1411 860 1504 912 καὶ
1531 859 1882 929 τηλικαύτης,

301 954 382 1015 ὼς
422 952 516 1004 καὶ
541 953 716 1006 αὐτῶν
739 951 847 1005 τῶν
871 951 983 1004 ἀνω
1011 951 1287 1022 δυνάμεων
1321 951 1415 1004 καὶ
1442 953 1727 1018 ἐγγυτάτω
1749 949 1883 1002 Θεοῦ

301 1044 642 1113 ἑστηκότων,
664 1041 1070 1112 ἐπιθυμούντων
1088 1043 1184 1107 μὲν
1212 1045 1288 1106 είς
1303 1044 1404 1112 τὴν
1430 1042 1702 1112 ἡμετέραν
1728 1042 1885 1107 δόξαν

300 1131 372 1208 ἦς
401 1137 490 1189 διὰ
526 1135 619 1189 τοῦ
650 1135 972 1205 φυράματος
1001 1135 1344 1204 ἀπολαύομεν
1371 1134 1725 1206 παρακύψαι,
1761 1137 1882 1204 μείο

303 1230 438 1292 ζονα
475 1228 531 1280 δὲ
564 1227 661 1296 τὴν
696 1227 979 1296 ἐπιτυχίαν
1012 1229 1110 1296 τῆς
1142 1225 1436 1295 ἐπιθυμίας
1481 1227 1879 1292 εύρισκόντων;

303 1319 521 1388 Ταύτης
555 1319 610 1370 δέ
649 1335 714 1386 γε
753 1318 853 1387 τῆς
902 1317 1178 1387 μακαρίας
1221 1318 1312 1372 καὶ
1360 1318 1736 1387 ἀνεκφράστου
1789 1317 1884 1370 καὶ

301 1413 449 1482 ὑπὲρ
499 1413 708 1465 ἔννοιαν
765 1411 969 1481 λήξεως
1011 1410 1107 1466 τοῦ
1161 1410 1501 1483 ἀνθρωπίνου
1555 1412 1746 1478 γένους
1782 1413 1882 1480 τὴν

302 1505 566 1575 στέρησιν
609 1504 995 1572 ὑπομένοντος,
1034 1505 1129 1558 ἀτε
1173 1503 1238 1572 δὴ
1267 1503 1401 1572 μηδὲ
1437 1503 1528 1557 τοῦ
1559 1504 1881 1572 φυράματος

297 1597 464 1666 ήμῶν
492 1595 558 1648 δι’
583 1595 930 1666 ἀνθρωπίνης
952 1595 984 1664 ἢ
1011 1595 1304 1664 ἀγγελικῆς
1327 1593 1574 1656 ἐνώσέως
1601 1593 1700 1663 τῆς
1721 1592 1879 1664 δόξης

1992 400 2335 456 abundamus
2365 415 2530 472 atque
2557 402 2887 470 perfruimur
2909 417 3082 474 supra
3127 417 3293 474 quam
3330 405 3557 476 cogitari

1989 500 2189 560 potest.
2219 491 2451 557 Quando
2491 493 2636 548 enim
2680 503 2774 547 aut
2809 495 3086 564 quomodo
3133 504 3323 550 nostro
3372 496 3556 567 generi

1988 597 2309 637 concessum
2342 581 2564 649 fuisset,
2604 587 2651 639 si
2680 583 2917 638 humana
2951 594 3142 639 natura
3181 593 3278 639 aut
3314 585 3559 656 angelica

1987 673 2415 744 redemptionem
2472 687 2714 731 nostram
2763 677 3162 744 procurandam
3209 679 3556 747 sumpsisset,

1987 764 2040 818 in
2078 765 2170 818 Dei
2200 766 2486 836 Patrisque
2515 767 2738 823 dextera
2769 768 3046 833 collocari,
3074 785 3344 838 superque
3365 785 3558 824 omnes

1986 857 2304 925 angelorum
2380 868 2543 928 atque
2619 859 3072 926 archangelorum
3148 859 3345 913 choros
3407 860 3556 912 exal-

1990 951 2089 1002 tari
2116 949 2218 1014 “⁶,
2270 949 2475 1020 talique
2506 959 2560 1004 et
2599 958 2745 1003 tanta
2798 951 2967 1020 gloria
3011 949 3140 1012 frui,
3191 961 3250 1004 ut
3287 951 3415 1019 ipsae
3460 967 3559 1004 su-

1989 1053 2171 1105 pernae
2200 1040 2429 1092 virtutes
2459 1055 2581 1109 qua:
2610 1038 2778 1094 Deum
2825 1042 3070 1109 proxime
3123 1041 3558 1106 circumsistunt,

1991 1127 2370 1182 desiderarent
2406 1130 2623 1198 quidem
2670 1131 2724 1184 in
2774 1141 3017 1185 nostram
3047 1132 3298 1200 gloriam,
3349 1147 3455 1200 qua
3500 1132 3558 1186 in

1989 1235 2154 1274 carne
2185 1222 2511 1286 fruerentur,
2556 1224 2903 1292 prospicere;
2938 1225 3032 1279 sed
3069 1239 3180 1277 rem
3217 1235 3394 1276 tamen
3430 1233 3560 1277 voto

1985 1329 2087 1368 suo
2136 1313 2472 1381 superiorem
2534 1329 2656 1368 esse
2722 1313 3024 1368 sentirent?
3086 1315 3199 1384 Age
3264 1329 3396 1370 vero
3457 1315 3562 1369 hac

1988 1405 2146 1460 beata
2178 1415 2229 1458 et
2258 1404 2517 1458 ineffabili
2550 1421 2712 1474 supra
2749 1421 2910 1474 quam
2942 1405 3167 1476 cogitari
3201 1417 3380 1476 potest
3412 1417 3559 1461 sorte

1986 1494 2286 1548 humanum
2339 1511 2509 1565 genus
2563 1496 2606 1548 si
2653 1495 2845 1550 fuisset
2895 1496 3213 1562 exclusum;
3263 1513 3458 1566 nempe
3509 1498 3556 1551 si

1990 1601 2120 1638 caro
2160 1595 2367 1652 nostra,
2405 1596 2626 1656 propter
2658 1587 2912 1640 humanm
2948 1588 3315 1657 angeliezeque
3345 1598 3559 1642 natura:

299 1690 362 1740 ὲν
477 1687 572 1742 νῦν
608 1689 877 1758 ἐκλάμπει
927 1687 1024 1757 τὴν
1070 1687 1368 1740 ἀπόλαυσιν
1420 1685 1874 1752 προσειληφότος,

1987 1674 2460 1744 conjunctionem,
2490 1678 2718 1744 gloriam
2750 1679 2895 1732 illam
2927 1695 3034 1748 qua
3064 1694 3212 1733 nunc
3245 1679 3414 1750 fulget
3445 1696 3551 1732 non

301 1781 446 1850 μηδὲ
479 1781 616 1851 πρὸς
659 1779 758 1850 τὴν
785 1778 1042 1851 τοιαύτην
1076 1778 1236 1847 ἡμῶν
1261 1777 1682 1848 ἀναδραμόντων
1725 1777 1880 1847 ἰσχὺν

295 1873 400 1926 καὶ
431 1870 620 1942 ῥώμην
641 1870 852 1939 καὶτῆς
881 1870 1045 1939 τιμῆς
1074 1869 1134 1924 τὸ
1165 1867 1460 1939 ἐξαίρετον,
1491 1868 1610 1920 τίνα
1640 1867 1705 1920 ἂν
1732 1885 1878 1939 παρ-

293 1963 440 2032 ἧκεν
497 1965 525 2015 ὁ
572 1961 764 2032 ἐχθρὸς
807 1959 930 2014 καθ’
981 1959 1136 2030 ἡμῶν
1193 1959 1428 2030 τόλμανς
1485 1959 1636 2022 τίνας
1688 1959 1731 2012 δ’
1781 1960 1883 2012 οὐκ

296 2053 546 2108 ἀνεκίνει
607 2052 888 2124 μηχανάς,
938 2051 1010 2105 δι’
1048 2043 1122 2104 ὦν
1157 2048 1318 2102 πάλιν
1370 2050 1594 2112 ἐλπίδας
1657 2047 1883 2118 ἔτρεφεν

295 2145 612 2214 ὑποχείριον
641 2143 827 2196 λαϐεῖν
867 2141 928 2195 τὺ
963 2140 1159 2210 γένος,
1201 2139 1294 2193 καὶ
1343 2140 1447 2192 ὑπὸ
1498 2139 1596 2210 τὴν
1645 2139 1882 2210 ἀρχαίαν

292 2232 471 2286 αὑτοῦ
517 2232 852 2286 καθελκύσαι
894 2231 1220 2301 τυραννίδα;
1275 2230 1418 2283 κατὰ
1471 2230 1633 2284 τίνων
1681 2231 1776 2284 καὶ
1821 2231 1882 2284 τὸ

291 2322 506 2394 κράτος
540 2321 829 2375 ἀναλαϐεῖν
861 2321 960 2374 οὐκ
991 2320 1244 2392 ἐπήρθης
1287 2323 1381 2375 καὶ
1409 2321 1468 2374 τὸ
1495 2321 1762 2391 φρύαγμα
1787 2321 1881 2373 τοῦ

295 2409 576 2481 προτέρου
607 2408 793 2480 μεῖζον
838 2411 938 2461 οὐκ
979 2409 1367 2475 ὲναπεδείκνυ;
1403 2409 1496 2463 καὶ
1526 2409 1616 2462 τὸν
1655 2410 1881 2481 οὐρανὸν

292 2502 468 2556 αὑτὸν
500 2501 979 2570 πολυπραγμονεῖν
1012 2499 1110 2568 οὐχ
1137 2500 1323 2568 ἡγεῖτο
1370 2499 1603 2568 τόλμαν;
1635 2500 1720 2553 διὰ
1749 2500 1879 2569 γοῦν

289 2591 476 2645 ταῦτα
506 2589 600 2644 καὶ⁸
626 2589 796 2641 πολλά
825 2587 1071 2649 τοιαῦτα,
1100 2587 1373 2656 θεοσόφως
1399 2588 1505 2658 ἄρα
1537 2591 1630 2642 καὶ
1656 2589 1880 2659 θεοπρε-

288 2682 420 2745 πῶς
449 2685 475 2736 ὁ
502 2681 595 2734 τοῦ
630 2679 765 2733 Θεοῦ
799 2680 971 2748 Λόγος
1009 2679 1101 2730 καὶ
1140 2679 1260 2741 Υἱὸς
1289 2680 1384 2731 καὶ
1417 2679 1548 2743 θεὸς
1593 2680 1877 2751 ἀληθινὸς,

287 2776 397 2829 καὶ
425 2774 523 2843 οὺχ
550 2771 739 2842 ἕτερός
770 2787 853 2831 τις
889 2767 1018 2838 παρ’
1044 2768 1206 2822 αὑτὸν
1228 2807 1242 2833 ,
1273 2770 1370 2838 τὴν
1409 2771 1681 2841 ἡμετέραν
1717 2789 1883 2842 προσ-

287 2859 542 2932 ειληφὼς
573 2860 749 2929 σάρκα
769 2856 866 2929 τὴν
902 2858 1086 2926 κοινὴν
1113 2854 1208 2908 τοῦ
1233 2858 1420 2925 γένους
1452 2862 1726 2932 σωτηρίαν
1762 2863 1877 2932 είρ-

285 2954 530 3020 γάσατο.

813 3067 1150 3126 ΕΡΩΤΗΣΙΣ
1201 3068 1363 3134 Ριιιιν.

249 3145 256 3149 ’
291 3162 367 3216 Τί
389 3161 614 3229 δήποτε
633 3161 784 3215 κατὰ
801 3164 908 3216 τὸν
923 3161 1228 3230 μέλλοντα
1253 3159 1438 3215 αἰῶνα
1466 3157 1673 3228 κριτὴς
1686 3158 1874 3227 μόνος

793 3231 1092 3292 καθέζεται
1131 3233 1164 3284 ὁ
1207 3231 1340 3296 Υἱός
1359 3245 1377 3294 ;
1581 3249 1596 3267 κ

1989 1766 2183 1822 fuisset
2234 1768 2447 1835 adepta,
2491 1783 2668 1836 neque
2712 1769 2779 1821 ad
2831 1769 2926 1822 has
2974 1769 3117 1823 vires
3172 1779 3336 1838 atque
3387 1772 3557 1824 robur

1988 1859 2328 1931 honorisque
2373 1861 2588 1913 culmen
2638 1876 2738 1914 nos
2783 1876 3028 1917 essemus
3075 1865 3280 1928 evecti;
3327 1878 3556 1917 curnam

1986 1951 2237 2005 diabolus
2285 1951 2568 2004 audaciam
2601 1967 2755 2005 suam
2790 1952 2842 2003 in
2896 1967 2996 2005 nos
3028 1967 3136 2006 non
3181 1954 3559 2022 expromeret?

1986 2058 2123 2113 quas
2155 2043 2439 2097 machinas
2470 2059 2575 2098 non
2611 2043 2890 2098 moveret?
2922 2059 3058 2112 quas
3089 2043 3265 2098 adhuc
3295 2059 3418 2113 spes
3448 2060 3559 2099 non

1989 2136 2246 2201 nutriret,
2280 2136 2396 2190 fore
2433 2148 2490 2190 ut
2519 2136 2714 2191 iterum
2754 2152 2925 2205 genus
2957 2146 3202 2191 nostrum
3247 2137 3351 2190 sibi
3383 2135 3559 2206 subji-

1989 2234 2157 2290 ceret,
2203 2224 2482 2293 veterique
2529 2226 2802 2296 tyrannidi
2855 2226 3198 2280 vindicaret?
3245 2240 3402 2293 quem
3438 2239 3557 2278 non

1985 2314 2240 2386 potentiae
2261 2331 2373 2370 suae
2395 2316 2600 2371 viribus
2654 2318 3074 2387 attemperaret?
3104 2333 3212 2370 non
3246 2317 3557 2385 superbiam

1989 2406 2172 2475 priore
2204 2407 2466 2475 majorem
2499 2409 2773 2462 sumeret?
2808 2424 2937 2462 sane
2981 2424 3079 2462 nec
3112 2411 3208 2478 ipsi
3243 2411 3381 2463 ecelo
3428 2409 3560 2463 insi-

1986 2499 2125 2551 diari
2177 2499 2528 2553 temerarium
2584 2500 2688 2555 sibi
2739 2500 3002 2555 crederet.
3055 2499 3137 2555 0b
3187 2493 3301 2556 haec
3351 2510 3405 2555 et
3454 2501 3557 2555 alia

1985 2589 2363 2658 hujuscemodi
2415 2591 2671 2660 plurima,
2722 2591 3124 2662 sapientissime
3183 2593 3461 2647 enimvero
3505 2603 3558 2646 et

1986 2681 2505 2735 convenientissime
2555 2680 2648 2736 Dei
2699 2681 2940 2736 Verbum
2997 2693 3050 2737 et
3099 2684 3270 2738 Filius
3314 2694 3367 2739 et
3414 2684 3556 2739 Deus

1987 2788 2174 2838 verus,
2209 2788 2315 2825 non
2348 2773 2489 2826 alius
2517 2775 2813 2843 quispiam,
2846 2792 3012 2830 carne
3040 2777 3142 2831 sibi
3168 2781 3554 2852 circumpOsita

1986 2881 2334 2920 Communem
2363 2868 2576 2936 generis
2602 2867 2831 2922 salutem
2868 2878 3124 2938 operatus
3150 2881 3251 2926 est.

1980 3063 2308 3130 ρυΑζδΤιο
2346 3064 2528 3120 CXCII
2596 3064 2783 3136 [CoisL
2826 3065 3055 3120 CCXXI.
3112 3067 3275 3123 Taur.
3318 3071 3550 3143 CCXII].

1980 3157 2090 3212 Cur
2120 3158 2175 3210 in
2200 3157 2384 3226 futuro
2413 3157 2606 3210 swculo
2638 3158 2780 3212 solus
2821 3159 2991 3227 judex
3025 3159 3203 3212 Filius
3251 3163 3428 3216 sedeat
3465 3165 3552 3217 ⁸δῖ

1540 3337 1681 3388 Edita
1709 3353 1735 3388 a
1759 3338 1885 3388 Maio
1911 3337 1969 3398 (1.
1995 3350 2037 3388 ε.
2059 3336 2153 3386 200
2172 3335 2322 3398 seq.).

368 3452 441 3500 α’.
467 3445 624 3499 Πᾶσα
675 3445 774 3514 μὲν
825 3443 1154 3515 δημιουργία
1212 3443 1306 3498 καὶ
1357 3444 1507 3496 πᾶσα
1538 3441 1758 3512 πρᾶξις,
1808 3441 1876 3510 ἣν

283 3538 544 3605 ἐνεργεῖν
562 3535 781 3603 λέγεται
806 3533 900 3604 μία
922 3533 1030 3586 τῶν
1045 3534 1396 3587 ὑποστάσεων
1417 3532 1524 3585 τῶν
1543 3531 1871 3601 θεαρχικῶν,

282 3626 478 3681 κοινὸν
532 3625 691 3696 ἔργον
750 3624 868 3676 ἐστὶ
928 3624 1024 3676 καὶ
1072 3622 1184 3676 τῶν
1218 3623 1428 3684 ἄλλων,
1493 3623 1596 3674 ὅσα
1657 3639 1722 3690 γε
1792 3622 1873 3684 εἰς

283 3717 396 3788 τὴν
442 3716 632 3785 ὁμοίαν
674 3715 930 3786 πρόνοιαν
974 3709 1097 3784 ἧκε,
1133 3713 1227 3767 καὶ
1271 3713 1333 3766 τὸ
1359 3716 1458 3784 τῆς
1495 3712 1742 3776 ἐξουσίας
1774 3715 1870 3766 καὶ

283 3808 634 3877 ἀγαθότητος
667 3805 1085 3874 ἀπαράλλακτον
1137 3804 1233 3857 καὶ
1271 3805 1470 3857 ὲνιαῖον
1514 3804 1616 3872 τῆς
1643 3803 1836 3873 βουλῆς
1857 3818 1872 3831 ·

281 3898 457 3970 τῷδέ
509 3915 572 3967 γε
622 3897 737 3966 Υἱῷ
763 3897 863 3966 τῆς
913 3895 1213 3965 μελλούσης
1262 3895 1498 3965 κρίσεως
1555 3895 1874 3964 ἀφορίζεται

280 3993 355 4046 τὸ
383 3990 602 4060 ἀξίωμα
641 3989 729 4041 διὰ
763 3987 964 4050 πολλὰς
997 3987 1094 4041 καὶ
1144 3987 1466 4056 θεοπρεπεῖς
1520 3988 1751 4051 ἐννοίας,
1774 3987 1871 4056 οὐχ

280 4085 370 4147 ὡς
402 4082 730 4150 ἀφεστώτων
779 4081 870 4134 τοῦ
910 4079 1124 4149 Πατρὸς
1174 4079 1207 4149 ἢ
1258 4080 1352 4132 τοῦ
1397 4077 1716 4148 Πνεύματος
1769 4081 1869 4148 τῆς

282 4177 602 4245 συνεργίας,
637 4173 729 4226 τὸν
767 4172 824 4226 δὲ
867 4173 995 4227 Υίὸν
1026 4175 1206 4242 κρίσιν
1229 4173 1628 4242 ἀναδεξάμενον
1660 4171 1865 4241 ταύτης

279 4268 438 4337 ἔχειν
467 4266 566 4336 τὴν
599 4265 925 4336 ἠγεμονίανο
962 4266 1179 4336 πρῶτον
1214 4265 1309 4334 μὲν
1354 4265 1488 4316 διότι
1522 4262 1864 4333 Δημιουργὸς

279 4357 389 4413 καὶ
417 4341 697 4426 οἰκονόμος
720 4357 880 4418 αὐτὸς
909 4355 1125 4422 λέγεται
1155 4354 1262 4407 τῶν
1292 4371 1347 4406 τε
1370 4353 1864 4423 δημιουργημάτων

2056 3440 2108 3494 1.
2154 3438 2384 3493 Creatio
2419 3438 2602 3494 omnis
2652 3449 2815 3508 atque
2865 3441 3031 3508 actio,
3082 3459 3245 3512 quam
3297 3459 3550 3502 exserere

1977 3534 2181 3587 dicitur
2207 3532 2513 3586 divinarum
2547 3547 2907 3601 personarum
2935 3551 3064 3598 una,
3094 3551 3384 3593 commune
3413 3555 3548 3608 epus

1976 3637 2295 3678 camerarum
2351 3632 2455 3689 est,
2493 3623 2619 3691 quia
2668 3623 2922 3677 videlicet
2961 3625 3027 3678 ad
3068 3628 3316 3680 eamdem
3359 3631 3546 3697 provi-

1974 3717 2218 3771 dentiam
2250 3722 2482 3784 spectat,
2515 3726 2678 3784 atque
2709 3731 2775 3769 ex
2807 3717 2998 3770 eodem
3035 3720 3346 3786 potestatis,
3389 3722 3546 3777 boni-

1974 3807 2104 3860 tatis
2143 3814 2307 3874 atque
2350 3805 2567 3859 consilii
2617 3814 2765 3858 certo
2811 3815 2866 3860 et
2904 3808 3068 3866 unico
3101 3809 3250 3863 fonte
3283 3812 3541 3878 procedit.

1971 3893 2242 3949 Caeterum
2296 3894 2438 3948 Filio
2469 3893 2636 3948 futuri
2697 3895 2886 3962 judicii
2935 3897 3173 3966 dignitas
3221 3900 3420 3954 multas
3475 3902 3540 3956 ob

1974 4001 2172 4041 causas
2202 4001 2584 4057 congruasque
2613 3987 2892 4052 tribuitur,
2934 4003 3040 4041 non
3067 3997 3249 4044 tamen
3282 3993 3408 4060 quia
3437 3991 3544 4045 Pa-

1968 4087 2053 4133 ter
2105 4088 2159 4132 et
2207 4075 2445 4147 Spiritus
2494 4093 2526 4132 a
2579 4078 2841 4132 societate
2889 4079 3072 4147 operis
3123 4081 3322 4140 absint.
3374 4080 3543 4139 Filius

1972 4180 2154 4224 autem
2215 4169 2582 4239 principatum
2629 4168 2796 4239 hujus
2849 4169 3035 4238 operis
3089 4179 3254 4237 tenet,
3303 4173 3539 4242 primum

1970 4262 2098 4331 quia
2147 4261 2376 4315 Creator
2421 4261 2941 4330 administratorque
2995 4261 3190 4316 dicitur
3233 4277 3541 4319 creatarum

1970 4369 2180 4418 rerum,
2205 4368 2342 4423 quas
2374 4353 2530 4407 initio
2558 4369 2588 4406 e
2618 4353 2790 4406 nihilo
2819 4353 3041 4419 eduxit;
3071 4353 3199 4407 item
3223 4355 3351 4424 quia
3379 4369 3542 4426 gene-

276 4449 329 4506 ἃ.
374 4450 496 4502 κατ’
540 4449 714 4519 ἀρχὰς
751 4450 816 4500 ὲκ
865 4449 939 4518 μὴ
979 4447 1147 4500 ὄντων
1202 4446 1431 4514 ὑπέστη,
1464 4445 1691 4513 καὶτῆς
1725 4444 1864 4514 μετά

1981 4448 2048 4497 ris
2086 4445 2312 4500 humani
2345 4453 2468 4515 post
2493 4445 2705 4514 lapsum
2743 4446 3038 4499 renovandi
3090 4446 3541 4516 iustaurandique

278 4543 391 4612 τὴν
425 4542 712 4614 ωντριόὴν
755 4539 850 4592 τοῦ
897 4539 1235 4609 ἀνθρωπίνου
1282 4537 1474 4606 γένους
1517 4535 1866 4599 ἀνανεώσεως

1970 4546 2164 4591 auctor
2196 4537 2424 4591 exstitit.
2457 4535 2600 4605 Ergo
2645 4535 2952 4603 oportebat,
2987 4537 3078 4603 qui
3123 4537 3436 4590 Creatorem
3464 4552 3541 4591 .se

278 4651 350 4687 τε
380 4635 475 4686 καὶ
512 4633 890 4694 ἀναπλάσεως.
917 4630 1063 4682 Ἔδει
1088 4630 1143 4682 δὲ
1173 4630 1280 4703 ἄρα
1301 4629 1358 4691 ὃς
1383 4629 1484 4699 τὴν
1501 4627 1864 4698 δημιουργίαν

1981 4629 2446 4698 )rovidentemque
2501 4629 2756 4682 humanae
2809 4638 3020 4683 naturae
3079 4636 3314 4699 utroque
3377 4643 3540 4699 opere

278 4723 384 4776 καὶ
415 4723 670 4791 πρόνοιαν
707 4726 808 4790 τῆς
857 4719 1158 4790 ἀνθρώπων
1188 4720 1402 4788 φύσεως
1438 4719 1562 4773 καθ’
1590 4721 1864 4790 ἑκατέραν

277 4813 621 4886 προαγωγὴν
665 4813 989 4879 ἀνεδέξατο,
1045 4812 1231 4865 τοῦτον
1287 4814 1470 4875 αὐτοῖς
1519 4813 1615 4866 καὶ
1673 4811 1864 4882 κριτὴν

276 4907 639 4961 καθεστάναν
679 4897 974 4975 συνέχεται
1018 4904 1124 4975 γάρ
1163 4906 1258 4958 καὶ
1305 4903 1752 4957 συνδιαπλέκεται
1794 4907 1860 4974 τῇ

273 4996 618 5066 δημιουργίᾳ
668 4995 766 5064 μὲν
812 4997 844 5066 ἡ
897 4995 1146 5064 πρόνοια,
1193 4997 1261 5065 τῇ
1309 4995 1537 5067 προνοίᾳ.
1583 4996 1640 5048 δὲ
1679 4999 1713 5066 η
1755 4996 1863 5050 τῶν

273 5088 701 5160 προνοουμένων
729 5089 910 5158 κρίσις
944 5089 1038 5140 καὶ
1075 5086 1342 5152 ἐξέτασις.
1395 5089 1596 5159 Διόπερ
1628 5091 1863 5158 εὐλόγως

273 5197 342 5233 τε
367 5181 462 5232 καὶ
487 5179 714 5242 δικαίως
736 5172 781 5246 ᾧ
807 5179 868 5232 τὸ
894 5178 1105 5242 κτίζειν
1133 5183 1227 5232 καὶ¹
1257 5181 1632 5245 ἀνακαινίζειν
1662 5181 1861 5251 πρᾶξις

273 5274 502 5342 γέγονε,
537 5272 671 5344 πρὸς
717 5271 906 5325 τοῦτον
958 5275 1051 5325 καὶ
1076 5272 1176 5343 τὴν
1206 5273 1388 5344 κρίσιν
1409 5273 1504 5326 τοῦ
1543 5274 1860 5342 πλάσματος

273 5363 653 5432 ἀναφέρεσθαι
679 5377 693 5391 ο
729 5361 980 5430 δεύτερον
1005 5362 1086 5425 δὲ,
1115 5367 1164 5415 εἰ
1198 5363 1489 5432 νομοθέτου
1522 5363 1758 5432 μάλιστα
1794 5364 1857 5417 τὸ

273 5455 488 5526 κρίνειν
511 5453 636 5516 τοὺς
649 5449 730 5516 οἷς
755 5453 893 5506 κατά
915 5453 1075 5523 χάριν
1090 5454 1456 5525 ἐνομοθετήθη
1480 5453 1854 5510 πολιτεύεσθαι

351 5596 370 5616 ⁴
394 5592 438 5624 ⁸⁵
471 5590 654 5647 lPetr.
697 5605 735 5655 ι,
774 5590 860 5642 12.
936 5588 981 5620 ⁸⁵
1007 5590 1124 5644 Act.
1159 5606 1210 5655 κ,
1245 5591 1332 5643 Η.

593 5685 864 5743 ΡΑτῐιοι.
911 5682 1026 5742 Ge.
1075 5686 1174 5746 Cl.
1233 5701 1236 5704 '

1964 4723 2313 4787 exhibuerat,
2350 4723 2496 4776 hunc
2525 4721 2576 4775 ei
2603 4721 2840 4790 judicem
2890 4737 3108 4791 quoque
3144 4722 3284 4775 dari.
3321 4720 3535 4777 Etenim

1963 4814 2229 4870 creationi
2275 4829 2460 4869 comes
2511 4821 2675 4882 atque
2721 4813 2984 4882 implicita
3032 4823 3115 4868 est
3145 4814 3482 4884 providentia
3520 4835 3532 4870 :

1964 4907 2362 4977 providentiam
2413 4904 2769 4973 consequitur
2809 4903 3075 4973 judicatio
3125 4906 3538 4976 exploratioqne

1965 5015 2152 5055 earum
2182 5014 2364 5053 rerum
2397 4998 2597 5067 quibus
2625 4998 2960 5067 providetur.
2998 4998 3177 5063 Quare
3217 5009 3342 5067 apte
3366 5001 3538 5067 juste-

1965 5106 2071 5159 que
2119 5091 2206 5146 cui
2264 5090 2470 5144 creatio
2518 5090 2906 5156 renovatioque
2965 5098 3191 5160 accepta
3222 5089 3410 5157 fertur,
3467 5091 3535 5144 ad

1963 5197 2091 5238 eum
2131 5181 2401 5252 judicium
2440 5195 2661 5251 quoque
2695 5181 2773 5236 rei
2807 5181 2964 5235 facta:
3007 5181 3258 5237 refertur.
3305 5180 3530 5246 Deinde,

1918 5323 1922 5326 .
1969 5275 2015 5329 si
2048 5274 2380 5344 legislatoris
2414 5274 2649 5330 ofIicium
2678 5282 2761 5328 est
2784 5273 3034 5343 judicare
3075 5290 3168 5329 eos
3208 5275 3412 5344 quibus
3445 5288 3530 5326 se-

1955 5366 2206 5420 cundum
2242 5366 2469 5432 gratiam
2499 5365 2682 5420 vivere
2717 5365 3028 5420 mandatum
3065 5366 3170 5419 fuit
3199 5366 3395 5435 (genus
3441 5363 3529 5416 in-

1967 5457 2147 5528 tellige
2201 5455 2556 5526 humanum);
2593 5456 2870 5529 legislator
2909 5467 3093 5512 autem
3144 5457 3270 5512 novi
3313 5454 3530 5512 foederi!

3162 5686 3242 5743 30
