3854 6216
434 232 534 294 931

1582 237 1843 297 PHOTII
1870 237 2374 296 PATRIARCII/E
2414 239 2522 300 (ΣΡ.

3540 250 3647 311 939.

433 341 739 411 praecipuus
775 335 945 396 Filius
969 351 1072 407 est,
1120 343 1336 397 etiamsi
1371 344 1552 400 Patris
1578 346 1832 400 voluntas
1877 362 2002 400 cum

2111 345 2285 416 [τοῦτο
2306 347 2363 399 δέ
2388 348 2507 400 ἐστι
2535 348 2597 401 τὸ
2614 348 2769 417 γένος
2800 350 2860 403 τὸ
2888 350 3275 424 ἀνθρώπινον),
3297 354 3572 428 νομοθέτης
3598 363 3649 414 δέ

432 446 501 486 eo
534 420 814 501 operatur,
853 447 1027 501 neque
1071 434 1247 488 sancti
1281 433 1516 504 Spiritus
1550 437 1784 492 societas
1826 437 2002 502 deest,

434 531 582 578 recte
611 520 785 577 Filius
813 521 1266 579 demandatarum
1307 541 1490 582 rerum
1524 527 1688 597 judex
1715 528 2008 583 constitui-

434 625 547 670 tur.
593 612 823 685 lnsuper
852 615 981 685 quia
1024 619 1263 671 humana
1294 632 1460 674 carne
1504 619 1608 674 sibi
1646 619 2003 685 circumdata,

433 708 870 777 experimentum
919 708 1173 764 humanm
1224 719 1435 765 natura:
1481 713 1646 782 cepit.
1693 712 2008 783 duplicique

436 796 720 867 gestarurﬁ
751 813 935 852 rerum
985 800 1177 853 notitia
1208 815 1267 855 se
1315 800 1531 855 imbuit.
1582 800 1673 857 Sic
1706 802 1818 858 fere
1847 804 2006 859 divus

435 888 637 944 Paulus
650 888 696 923 “
711 889 932 956 clamat,
960 890 1387 946 misericordiam
1406 891 1525 961 ejus
1553 906 1682 965 erga
1702 909 1802 949 nos
1822 895 2007 965 propi-

437 980 834 1048 tiationemque
861 994 961 1050 pro
1000 981 1158 1035 nobis
1190 983 1579 1037 commendans
1610 1001 1624 1037 :
1652 986 1910 1053 quoniam
1951 986 2005 1039 in

436 1071 529 1137 iis,
562 1088 684 1142 quae
723 1072 838 1141 ipse
871 1088 1066 1142 passus
1093 1082 1196 1139 est,
1230 1083 1493 1139 tentatus,
1526 1090 1681 1145 opem
1710 1075 1852 1131 ferre
1890 1085 2010 1132 ten-

437 1165 567 1222 tatis
604 1175 806 1236 potest.
844 1165 923 1221 Ne
957 1168 1071 1221 haec
1115 1167 1359 1237 quidem,
1405 1170 1650 1240 inquam,
1688 1172 1826 1225 ratio
1859 1187 1888 1226 a
1919 1172 2007 1242 pia

438 1260 877 1315 consideratione
907 1260 1183 1315 abhorret.
1233 1261 1339 1315 Sed
1373 1278 1548 1331 neque
1591 1279 1676 1327 ea,
1705 1278 1871 1332 quam
1913 1263 2009 1318 ad—

439 1350 588 1410 dam,
630 1349 863 1403 fortasse
904 1349 1138 1403 absurda
1177 1350 1415 1421 cogitatu
1468 1351 1783 1407 videbitur:
1815 1368 2009 1423 nempe

438 1440 567 1509 quia
613 1455 671 1494 se
703 1440 872 1495 Filius
903 1440 970 1494 ad
1008 1450 1115 1495 tam
1162 1441 1488 1497 ineffabilem
1539 1443 2006 1514 inexplicabilem-

437 1542 546 1596 que
587 1527 953 1582 humilitatem
1001 1529 1294 1600 depressit,
1344 1532 1473 1586 dum
1532 1533 1765 1588 similem
1809 1545 2010 1589 nostrae

437 1631 659 1671 carnem
700 1618 1132 1688 sanguinemque
1178 1620 1477 1690 adaptavit,
1526 1621 1733 1677 idcirco
1764 1623 2004 1678 universi

2114 436 2350 507 μάλιστα
2363 438 2462 508 τῆς
2479 440 2687 510 Καινῆς
2706 441 3020 513 Διαθήκηςό
3034 444 3179 510 Υἱὸς,
3197 446 3245 498 εἰ
3262 448 3354 499 καὶ
3374 448 3466 517 τῆς
3482 468 3654 523 πατρι-

2112 529 2215 598 κῆς
2231 528 2428 599 βουλῆς
2445 532 2538 584 καί
2556 534 2846 602 συνεργίας
2863 537 2955 589 καί
2968 536 3059 589 τοῦ
3083 538 3346 604 παναγίου
3364 541 3495 594 ΙΙνεὺ
3504 560 3657 612 ματος

2110 620 2143 689 ἡ
2175 619 2431 673 κοινωνία
2452 620 2527 691 μὴ
2554 621 2904 692 διασχίζοιτο,
2926 626 3147 689 εἰκότως
3165 629 3194 679 ὁ
3216 627 3340 691 Υἱὸς
3359 632 3539 700 κριτὴς
3560 633 3658 685 τῶν

2111 706 2587 779 νομοθετουμένων
2634 712 2977 769 καθίσταται.
3017 716 3078 767 Εἰ
3110 715 3165 768 δέ
3194 716 3291 769 καὶ
3330 718 3459 772 διότι
3487 719 3543 771 τὸ
3570 722 3661 774 ἀνα

2112 801 2385 873 θρώπινον
2425 803 2653 875 φύραμα
2694 809 3084 879 προσελάϐετο,
3139 811 3227 864 διὰ
3259 812 3447 881 πείρας
3474 829 3531 865 τε
3571 817 3661 885 τῆς

2111 894 2462 967 ἀνθρωπίνης
2491 897 2707 968 φύσεως
2741 900 3001 972 κατέστη,
3048 900 3144 954 καὶ
3184 902 3379 972 διπλῆν
3421 904 3518 975 τὴν
3546 907 3666 977 περὶ

2111 985 2219 1039 τῶν
2274 988 2615 1058 κρινομένων
2655 992 2925 1064 ἐκτήσατο
2974 995 3195 1061 γνῶσινο
3252 993 3328 1058 ὥς
3375 1012 3475 1048 που
3512 997 3601 1050 καὶ
3641 999 3667 1050 ὁ

2128 1076 2269 1141 θεῖος
2298 1080 2511 1144 Παῦλος
2533 1080 2654 1152 βοᾷ,
2684 1082 2773 1136 τὸν
2799 1083 2928 1155 περὶ
2946 1087 3092 1155 ἡμᾶς
3114 1086 3261 1139 ἔλεον
3280 1086 3444 1140 αὑτοῦ
3473 1089 3563 1141 καὶ
3586 1090 3670 1142 τὸν

2113 1170 2254 1241 ὑπὲρ
2281 1173 2440 1242 ἡμῶν
2471 1173 2698 1245 ἱλασμὸν
2747 1176 3063 1247 ὑμνολογῶν
3091 1180 3184 1248 (ἐν
3217 1171 3389 1250 ᾦγὰρ
3413 1180 3671 1234 πέπονθεν

2112 1264 2281 1326 αὐτὸς
2311 1265 2653 1339 πειρασθείς,
2686 1267 2911 1323 δύναται
2967 1272 3083 1335 τοῖς
3116 1270 3532 1343 πειραζομένοις
3557 1273 3675 1343 βοη-

2114 1353 2327 1424 θῆσαι)·
2360 1357 2483 1410 οὑδὲ
2514 1356 2671 1412 τοῦτ’
2691 1358 2757 1413 ἂν
2786 1361 2871 1430 εἴη
2901 1361 3089 1434 πόρρω
3112 1361 3345 1433 θεωρίας
3376 1363 3673 1430 θεοσεϐοῦς·

2114 1445 2244 1509 ίσως
2271 1447 2317 1501 δ’
2351 1448 2453 1502 οὑκ
2505 1449 2735 1515 ἀπεικὸς
2761 1452 2856 1506 καί
2886 1453 3045 1506 τοῦτο
3070 1452 3412 1523 λογίσασθαι,
3441 1455 3517 1519 ὼς
3538 1460 3679 1511 ἐπει-

2112 1536 2289 1608 δήπερ
2317 1538 2684 1594 ἐταπείνωσεν
2732 1541 2923 1596 ἐαυτὺν
2961 1545 2990 1597 ό
3028 1543 3157 1608 Υίδς
3203 1547 3286 1608 είς
3318 1546 3594 1618 ᾶφραστόν
3620 1565 3676 1600 τε

2114 1629 2212 1683 καὶ
2237 1630 2625 1703 ἀνεκδιήγητον
2658 1634 3008 1700 ταπείνωσιν,
3052 1637 3256 1706 σαρκὸς
3288 1638 3682 1709 παραπλησίως

436 1708 588 1763 orbis
616 1708 880 1778 judicium
917 1710 1091 1766 cidem
1118 1711 1371 1776 traditur,
1400 1728 1511 1782 quo
1548 1729 1613 1769 ex
1650 1714 1741 1769 illa
1784 1715 2005 1770 humili-

2111 1722 2244 1792 ἡμῖν
2289 1725 2582 1793 μετασχεῖν
2632 1724 2732 1778 καὶ
2773 1726 3024 1796 αἵματος,
3067 1728 3226 1798 ἢτοῦ
3279 1728 3479 1792 παντὸς
3512 1731 3681 1799 κρίσις

437 1810 549 1855 tate
592 1809 743 1855 tanta
791 1801 1084 1868 exaltetur,
1147 1817 1213 1859 ac
1257 1803 1558 1860 divinitatis
1602 1804 1722 1873 ejus
1770 1804 2007 1874 dignitas

437 1889 850 1962 depradicetur.
901 1890 1182 1947 Praedictis
1227 1893 1461 1962 denique
1510 1894 1696 1949 causis
1727 1894 1876 1949 haud
1917 1910 2009 1950 se-

437 1982 689 2052 quiorem
721 1981 852 2050 audi
901 1982 1046 2038 hanc
1078 2001 1093 2038 :
1122 1983 1561 2054 quandoquidem
1611 1985 1667 2039 in
1714 1985 2007 2042 universali

439 2072 841 2128 resurrectione
897 2074 1040 2128 haud
1098 2074 1257 2129 nuda?
1297 2075 1492 2129 anima:
1536 2076 1630 2131 sed
1682 2077 2008 2148 corporibus

438 2164 555 2220 suis
587 2165 854 2235 copulatae
878 2174 1186 2235 resurgent,
1221 2176 1384 2237 atque
1409 2167 1482 2221 ita
1507 2167 1762 2223 tribunali
1791 2168 2007 2238 judica-

440 2264 567 2311 turo
615 2256 906 2322 sistentur,
942 2265 1108 2328 atque
1143 2257 1243 2311 hoc
1277 2273 1524 2327 persona:
1555 2258 1742 2314 habitu
1788 2270 2007 2316 senten-

436 2346 568 2400 tiam
621 2345 813 2417 judicii
875 2345 1155 2413 referent;
1205 2362 1432 2419 prorsus
1480 2350 1721 2418 oportuit
1783 2350 2003 2406 illarum

434 2452 655 2508 quoque
690 2438 931 2506 judicem
971 2440 1024 2494 in
1078 2440 1182 2495 hac
1231 2442 1401 2513 ﬁgura
1425 2440 1520 2511 jus
1565 2440 1779 2509 dicere;
1827 2443 1901 2499 ita
1947 2452 2007 2500 ut

431 2527 660 2597 judicati
710 2528 963 2584 homines
1001 2530 1339 2599 judicantem
1382 2546 1608 2586 cernere
1653 2534 1898 2603 possint;
1947 2544 2005 2589 ut

437 2635 533 2689 per
573 2620 792 2689 cognita
837 2621 945 2675 illis
978 2623 1141 2677 verba
1174 2622 1444 2693 judicium
1493 2634 1835 2690 exerceatur,
1879 2641 2005 2681 sen-

435 2712 729 2782 tentiaeque
762 2712 954 2768 notitia
986 2714 1053 2769 ad
1093 2716 1440 2785 praasentium
1480 2732 1643 2772 aures
1690 2728 2004 2789 mentesque

433 2802 737 2857 clarissima
766 2802 1064 2859 deferatur.
1103 2804 1278 2860 Porro
1307 2804 1538 2877 ﬁguram
1578 2815 1826 2862 nostram
1869 2809 2003 2863 nulli

433 2894 740 2950 divinarum
782 2911 1166 2967 personarum,
1202 2907 1398 2969 praeter
1435 2912 1599 2968 quam
1644 2898 1807 2965 Filio,
1846 2915 2003 2956 cum-

434 3000 657 3041 munem
687 3000 811 3044 esse
835 2987 1063 3045 scimus.

432 3348 761 3419 quassrto
784 3347 991 3405 cxcut
1027 3345 1217 3420 [60531.
1245 3341 1504 3415 ccxxu.
1522 3331 1532 3338 ”
1551 3345 1716 3402 Taur.
1746 3345 2001 3419 CCXIII].

2108 1811 2261 1880 αὑτῷ
2306 1813 2688 1883 παρατίθεται,
2721 1816 2820 1888 τῆς
2876 1817 3079 1888 πολλῆς
3137 1818 3361 1889 ἐκείνης
3411 1820 3685 1890 άνυψοῦσα

2105 1903 2525 1969 ταπεινώσεως,
2574 1906 2670 1962 καὶ
2711 1907 2774 1961 τὸ
2822 1909 2965 1963 κατά
3000 1910 3099 1981 τὴν
3143 1909 3379 1983 θεότητα
3423 1911 3685 1983 λαμπρῶς

2105 1992 2326 2065 ἀξίωμα
2361 1997 2774 2067 διαγγέλλουσαο
2814 2001 2913 2055 καὶ
2935 2002 2997 2055 τό
3026 2016 3092 2072 γε
3126 2003 3235 2057 τῶν
3264 2004 3574 2075 εἰρημένων
3599 2007 3687 2058 οὒ-

2105 2086 2257 2151 δσνὸς
2290 2087 2531 2152 ἔλαττον,
2558 2092 2859 2165 ἐπειδήπερ
2888 2092 3031 2148 κατὰ
3064 2093 3163 2165 τὴν
3190 2095 3543 2166 παγκόσμιον
3565 2096 3687 2149 ἀνά-

2108 2195 2299 2233 στασιν
2323 2180 2384 2233 οὑ
2407 2180 2576 2252 ψυχαὶ
2593 2185 2821 2255 γυμναὶ,
2842 2188 3224 2257 συνηνωμέναι
3252 2187 3317 2241 δὲ
3334 2191 3448 2251 τοῖς
3474 2188 3688 2251 οἰκείοις

2107 2269 2326 2342 σώμασι
2357 2275 2673 2329 κοινωνοῦσι
2720 2278 2821 2348 τῆς
2872 2278 3244 2344 ἀναστάσεως,
3292 2280 3392 2334 καὶ
3432 2281 3575 2335 οὑτω
3617 2283 3691 2351 τῷ

2103 2360 2207 2431 τῆς
2251 2364 2489 2435 κρίσεως
2522 2368 2887 2439 παρίστανται
2941 2371 3175 2443 βήματι,
3219 2373 3326 2428 καὶ
3373 2375 3432 2427 ἐν
3474 2374 3693 2446 τοιαύτῃ

2106 2456 2439 2510 καταστάσει
2480 2457 2577 2511 τοῦ
2627 2462 3006 2532 συγκρίματος
3035 2463 3133 2535 τὴν
3161 2464 3335 2534 δίκην
3382 2466 3694 2536 ὑπέχουσιν,

2105 2545 2212 2600 ἔδει
2240 2547 2458 2612 πάντως
2486 2550 2667 2607 αὑτῶν
2696 2553 2792 2608 καὶ
2817 2554 2908 2609 τὸν
2932 2557 3127 2628 κριτὴν
3160 2558 3217 2610 ἐν
3258 2558 3489 2631 τοιαύτῃ
3522 2562 3696 2630 μορφῇ

2107 2639 2566 2707 προκαθέζεσθαι·
2623 2643 2701 2708 ὡς
2753 2646 2821 2699 ἂν
2878 2648 2976 2701 καὶ
3028 2652 3141 2712 τοῖς
3200 2652 3563 2722 κρινομένοις
3614 2652 3699 2721 εἴη

2104 2727 2369 2786 δύνασθαι
2414 2732 2506 2787 τὸν
2534 2736 2790 2805 κρίνοντα
2816 2739 2969 2810 ὁρᾷν,
2996 2742 3090 2794 καί
3120 2742 3217 2814 τὴν
3261 2744 3451 2814 κρίσιν
3475 2745 3567 2799 διὰ
3588 2744 3692 2797 τῶν

2106 2820 2469 2893 ἐγνωσμένων
2511 2828 2697 2893 αὑτοῖς
2736 2832 3001 2901 ῥημάτων
3046 2835 3140 2888 καὶ
3195 2837 3583 2908 προάγεσθαι,
3612 2839 3704 2890 καὶ

2104 2911 2202 2982 τὴν
2233 2913 2343 2967 τῶν
2371 2917 2652 2987 χριμάτων
2681 2919 2887 2989 γνῶσιν
2921 2926 3001 2987 εἰς
3029 2925 3090 2977 τὸ
3121 2928 3489 2995 σαφέστατον
3516 2931 3704 2994 ἀκοαῖς

2106 3018 2165 3054 τε
2191 3004 2284 3056 καὶ
2304 3008 2425 3070 ταῖς
2444 3008 2726 3075 διανοίαις·
2751 3013 2851 3083 τὴν
2877 3013 2934 3067 δέ
2963 3033 3025 3084 γε
3046 3019 3281 3091 μορφὴν
3303 3021 3409 3093 τὴν
3434 3024 3707 3093 ἡμετέραν

2102 3096 2334 3169 οὐδεμιᾷ
2379 3100 2488 3154 τῶν
2540 3103 2836 3174 ὑπερφυῶν
2878 3108 3243 3164 ὑποστάσεων
3274 3113 3468 3186 ἑτέρᾳ,
3511 3114 3629 3168 ἀλλ’
3664 3113 3698 3183 ἢ

2106 3191 2173 3260 τῇ
2200 3190 2296 3244 τοῦ
2332 3192 2486 3259 Υἰοῦ,
2515 3196 2717 3261 πάντες
2746 3198 2907 3269 ίσμεν
2932 3201 3422 3272 ἐφαρμόττουσαν.

2628 3362 2965 3417 ΕΡΩΤΗΣΙΣ
3002 3363 3162 3432 PLJ".

925 3461 1066 3513 Edita
1092 3478 1119 3514 a
1141 3464 1438 3515 Montacutio
1462 3466 1567 3532 (ep.
1589 3464 1651 3513 54
1671 3463 1731 3514 ad
1758 3463 1899 3516 Joan.
1922 3464 2091 3530 Chrys.
2115 3484 2165 3535 p.
2191 3471 2293 3538 95).
2313 3500 2375 3514 -
2397 3477 2471 3529 De
2489 3476 2730 3531 Trinitate
2754 3487 2808 3532 et
2830 3482 3192 3534 Incarnatione.

505 3590 971 3659 Quemadmodum
1011 3592 1065 3647 in
1097 3591 1419 3663 Theologia,
1447 3602 1560 3648 tres
1591 3589 1835 3647 conﬁteri
1867 3592 2003 3647 sub-

430 3683 684 3746 stantias,
711 3682 912 3738 multos
942 3680 1074 3738 deos
1107 3682 1337 3746 inducit.
1377 3695 1432 3737 et
1462 3693 1746 3753 propterea
1799 3682 2003 3738 atheis-

428 3790 602 3840 mum,
653 3773 725 3828 ita
756 3789 918 3828 unam
973 3788 1174 3844 ponere
1201 3774 1537 3845 bypostasin,
1579 3785 1671 3829 aut
1698 3775 2001 3830 subsisten-

2172 3602 2384 3675 Ὥσπερ
2423 3606 2517 3661 ἐπὶ
2549 3607 2651 3678 τῆς
2684 3608 2999 3679 θεολογίας,
3045 3611 3141 3666 καὶ
3171 3612 3277 3681 τὸ,
3321 3616 3482 3686 τρεῖς
3508 3615 3707 3687 ὁμολο-

2101 3694 2217 3759 γεῖν
2249 3695 2458 3761 οὐσίας,
2490 3700 2772 3769 πολύθεον,
2822 3704 2917 3757 καὶ
2945 3704 3034 3758 διὰ
3059 3705 3228 3761 τοῦτο
3257 3707 3429 3763 ἄθεον
3449 3726 3465 3741 ο
3512 3713 3611 3764 καὶ
3646 3711 3708 3763 τὸ

2104 3780 2235 3849 μίαν
2269 3784 2444 3853 λέγειν
2494 3788 2817 3854 ὑπόστασιν,
2865 3793 3157 3849 Ἰουδαϊκὸν
3210 3798 3315 3850 καὶ
3370 3798 3709 3852 Σαϐἐλλιονο

428 3866 583 3929 tiam,
621 3864 959 3920 .Iudaismum
983 3866 1171 3936 resipit
1192 3875 1248 3920 et
1273 3865 1773 3921 Sabellianismum.
1798 3866 1999 3919 Eodem

2111 3872 2245 3927 οὕτω
2274 3876 2366 3929 καὶ
2406 3877 2502 3931 ἐπὶ
2532 3883 2630 3950 τῆς
2656 3885 2996 3954 οἰκονομίας,
3026 3886 3086 3938 τό
3113 3903 3176 3939 τε
3206 3888 3348 3957 μίαν
3377 3890 3547 3958 φύσιν
3578 3907 3710 3959 φρο-

428 3954 591 4009 modo
620 3966 675 4008 et
721 3953 776 4007 in
833 3954 1232 4008 incarnationis
1291 3953 1731 4023 dispensatione,
1782 3952 2002 4005 unicam

2111 3964 2232 4027 νεῖν,
2267 3966 2364 4019 καὶ
2408 3968 2537 4038 μίαν
2581 3952 2899 4042 ὑπόστασιν,
2934 3952 3287 4046 Μανιχαῖκδν
3324 3952 3425 4033 καὶ
3465 3952 3714 4050 ἁπόέλη-

426 4056 681 4101 naturam
728 4053 784 4100 et
842 4045 1156 4117 hypostasin
1201 4046 1534 4115 imaginari,
1594 4044 1997 4099 Manichaicum

2111 4068 2224 4105 ιονο
2254 4056 2350 4109 καὶ
2377 4058 2459 4123 τὸ,
2494 4060 2588 4114 δύο
2630 4062 2856 4131 φύσεις,
2887 4066 2981 4118 καὶ
3024 4067 3116 4120 δύο
3146 4070 3528 4135 ὑποστάσεις,
3565 4074 3713 4125 ﬂauo

425 4135 617 4205 resipit
648 4152 665 4189 :
701 4134 840 4190 duas
888 4147 1109 4191 naturas
1157 4144 1211 4190 et
1240 4136 1566 4206 hypostases
1608 4135 1747 4189 duas
1780 4134 1999 4189 Paulia-

2111 4147 2388 4201 umet:th
2423 4152 2519 4204 καὶ
2552 4154 2923 4226 μισόχριστον.
2964 4157 3030 4211 Τί
3058 4155 3153 4212 οὖν
3182 4161 3299 4232 χρὴ
3344 4134 3569 4228 ποιεῖν;
3603 4164 3716 4234 Τὴν

424 4226 595 4280 nistas
626 4224 835 4295 resipit,
897 4239 1090 4281 osores
1124 4225 1358 4281 Christi.
1393 4223 1535 4291 Quid
1574 4225 1739 4294 igitur
1783 4223 1990 4278 facien-

2111 4235 2269 4307 ιέσην
2322 4238 2418 4292 καὶ
2462 4223 2924 4317 ἐκκλησιαστικὴν
2967 4247 3126 4311 δόξαν
3182 4223 3567 4321 ἰξνηλατεῖνξ
3594 4223 3713 4323 ἦτίς

423 4313 600 4370 dum?
634 4313 751 4371 Hoc
784 4332 1023 4386 nempe:
1073 4326 1135 4372 ut
1178 4317 1414 4371 mediam
1478 4317 1618 4369 viam
1674 4314 1989 4370 insistentes

2111 4326 2193 4396 ςὴν
2219 4330 2558 4403 ἑκατέρωθεν
2588 4313 2953 4393 ἀποκλίνουσα
2970 4341 3067 4393 καὶ
3092 4341 3195 4394 ἐκτ
3206 4313 3509 4417 ρεπομένη
3535 4313 3717 4417 γβλασζ

421 4408 681 4462 omnibus
709 4408 953 4477 vestigiis
983 4407 1178 4478 dogma
1209 4421 1521 4477 premamus
1549 4406 1985 4462 ecclesiasticum

2111 4419 2332 4488 prjpiav,
2367 4423 2497 4492 μίαν
2521 4425 2818 4481 ὑπόστασιν
2844 4428 2936 4480 ἐπὶ
2963 4406 3235 4498 Χριστοῦ,
3264 4406 3375 4488 δύᾶ
3411 4435 3474 4488 δὲ
3498 4406 3721 4504 enim;

417 4499 568 4570 quod
626 4499 1021 4570 blasphemiam
1063 4514 1130 4554 ex
1184 4509 1415 4566 utraque
1449 4510 1603 4569 parte
1656 4500 1912 4569 declinat,
1942 4508 1997 4559 et

2111 4507 2403 4581 leocppdeg
2424 4515 2677 4585 ὁμολογεῖ
2706 4518 3131 4588 δογματίζουσα.

416 4595 642 4660 devitat,
674 4596 808 4651 illud
847 4604 1028 4651 autem
1058 4596 1238 4662 docet,
1282 4611 1448 4651 unam
1482 4596 1537 4650 in
1568 4595 1789 4654 Christo
1853 4599 2192 4672 hypostasin,
2260 4618 2514 4665 naturam
2575 4612 2842 4683 duplicem
2891 4617 3201 4673 secundum
3278 4618 3545 4676 divinum
3596 4638 3723 4677 scn-

417 4698 542 4739 sum
574 4685 841 4755 profiteri.

486 4841 813 4911 QUESTIO
865 4841 1072 4900 CXCIV
1132 4842 1321 4917 [CoisL
1389 4844 1668 4913 CCXXIII,
1727 4846 1889 4905 Taur.

1070 4936 1322 5009 CCXIV].

968 5052 1108 5102 Edita
1130 5066 1158 5102 a
1178 5052 1476 5103 Montacutio
1507 5054 1609 5116 (ep.
1632 5053 1695 5102 55
1715 5055 1773 5103 ad
1793 5054 1932 5104 Joan.
1957 5051 2223 5114 Chrysoch.
2253 5064 2300 5113 p.
2324 5053 2403 5114 95,
2428 5054 2533 5119 96).
2562 5082 2622 5092 -
2642 5058 2719 5110 De
2754 5061 3110 5114 Incarnatione.

2620 4860 2954 4914 sparum
2990 4862 3146 4931 Pw.

482 5182 948 5250 Quemadmodum
979 5186 1264 5245 Nestorius
1290 5190 1358 5245 de
1389 5190 1773 5246 contaminatis
1803 5192 1989 5247 calici-

2168 5192 2384 5259 ’Ὠσπερ
2429 5190 2719 5260 Νεπόριος
2748 5191 2858 5245 τῶν
2890 5191 3127 5263 θολερῶν
3171 5199 3465 5267 ναμάτων
3499 5204 3730 5265 σπάσας

413 5282 512 5329 bus
568 5275 721 5331 Pauli
762 5276 1161 5335 Samosatensis
1194 5281 1405 5346 bibens,
1464 5282 1652 5337 ebrius
1677 5282 1850 5336 evasit
1882 5283 1986 5336 im-

2111 5280 2185 5334 τοῦ
2211 5280 2593 5349 Σαμωσατέως
2619 5280 2855 5349 Παύλου,
2878 5284 2959 5346 εἰς
3003 5283 3187 5355 μέθην
3216 5289 3503 5357 ἀσεϐείας
3529 5294 3731 5359 tam-

412 5367 632 5437 pietate,
695 5370 768 5424 ita
797 5380 851 5426 et
876 5373 1109 5442 prOpriaa
1131 5373 1411 5443 religionis
1446 5373 1654 5429 semina
1686 5371 1978 5444 Eutyches,

2111 5389 2185 5426 rev
2204 5389 2218 5401 °
2247 5371 2418 5437 οὕτως
2451 5373 2696 5443 Εὑτυχὴς
2723 5373 2823 5444 τῆς
2848 5374 3056 5439 οἰκείας
3080 5375 3417 5448 θρησκείας
3448 5384 3524 5438 τὰ
3556 5386 3735 5457 σπέρο

412 5460 478 5514 de
507 5462 720 5518 acerbis
766 5462 1011 5541 Manetis.
1060 5466 1382 5537 parapbyasi
1424 5466 1684 5538 colligens
1711 5507 1727 5533 ,
1775 5466 1982 5523 doloris

2111 5485 2239 5523 ιατα
2266 5470 2331 5541 ἐκ
2358 5469 2456 5543 τῆς
2477 5469 2663 5545 Mago?)
2694 5472 2899 5542 πικρᾶς
2924 5474 3310 5542 παραφυάδος
3335 5476 3732 5551 δρεψάμενος,

479 5633 524 5662 ⁸⁸
551 5631 708 5686 Rom.
744 5649 825 5699 III,
860 5633 949 5690 25.
