3876 6216
287 207 396 271 933

1068 203 1167 262 AD
1198 198 1794 261 AMPHILOCHIUM
1832 200 2178 274 QUIESTIO
2216 200 2761 264 CXCIII-CXCVII.

3425 207 3531 271 934

283 316 481 388 ὀδύνης
528 316 693 386 ἄρτον
732 313 825 368 καὶ
862 312 1138 375 ἀπωλείας
1187 311 1367 383 ἐαυτῷ
1399 312 1496 365 καὶ
1537 314 1649 375 τοῖς
1682 311 1865 365 πειθο-

1977 313 2070 368 sibi
2100 328 2295 382 panem
2330 321 2385 365 et
2413 313 2754 381 perditionis,
2785 329 2996 370 necnon
3044 314 3373 387 sequacibus
3416 320 3534 373 suis

289 406 498 475 μένοις,
524 402 942 474 κατειργάσατοο
970 404 999 455 ὁ
1028 402 1083 454 δὲ
1112 401 1220 455 τῶν
1246 402 1541 473 ὀρθοδὸξων
1569 404 1748 471 χορὸς,
1767 403 1859 455 τὸν

285 497 586 564 κορυφαῖον
632 494 859 564 Πέτρον,
910 493 1108 564 μᾶλλον
1151 493 1207 546 δὲ
1237 494 1327 545 τὸν
1356 492 1523 545 αὑτοῦ
1560 492 1657 545 καὶ
1706 492 1863 562 ἡμῶν

284 588 469 641 κοινὸν
504 587 781 656 Δεσπότην
827 588 920 639 καὶ
953 585 1210 655 Ποιητὴν,
1250 585 1571 638 διδάσκαλον
1620 600 1863 655 προστη-

287 681 516 750 σάμενοι
553 682 608 749 (ι
650 679 838 750 Ὑμεῖς
868 679 999 751 γὰρ,
1033 678 1198 748 φησὶ,
1239 678 1312 747 μὴ
1345 678 1610 749 καλέσητε
1642 678 1736 730 ἐπὶ
1762 677 1862 748 τῆς

285 773 393 840 γῆς
447 770 670 823 Ῥαὸὃί⁹
731 767 812 832 εἷς
858 771 968 840 γάρ
1016 772 1164 823 ἐστιν
1206 770 1235 822 ὁ
1287 769 1609 832 διδάσκαλος
1650 770 1804 839 ὑμῶν
1833 771 1862 823 ὁ

286 864 524 934 Χριστὸς
551 866 620 931 ›),
644 863 751 916 τῶν
782 863 874 916 δύο
903 863 1117 931 φύσεων
1146 864 1205 916 ὲν
1230 864 1296 934 τῇ
1324 865 1421 934 μιᾷ
1447 862 1741 917 ὑποστάσει
1768 863 1863 917 τοῦ

286 958 490 1024 Λόγου,
517 958 616 1026 τῆς
642 974 701 1008 τε
738 956 990 1025 θεότητος
1015 957 1108 1010 καὶ
1132 959 1230 1026 τῆς
1256 956 1696 1027 ἀνθρωπὸτητος,
1720 957 1864 1027 λαμ-

287 1051 448 1120 πρῶς
485 1050 877 1120 ἀνομολογοῦσι
912 1050 972 1103 τὸ
1003 1050 1327 1121 ἀσύγχυτον.
1364 1049 1534 1103 Τοῦτο
1566 1050 1672 1121 γὰρ
1702 1050 1866 1113 αὐτὸς

287 1143 530 1207 ἐδίδαξεν
591 1145 625 1211 ἠ
681 1142 966 1212 Ἀλήθειαν
1016 1143 1144 1195 Υἱὸν
1191 1143 1301 1213 γὰρ
1344 1142 1633 1211 ἀνθρώπου
1672 1142 1867 1196 ἑαυτὸν

287 1232 554 1300 ἀνειπὼν,
585 1235 678 1286 καὶ
708 1233 858 1303 παρά
890 1232 982 1285 τοῦ
1018 1233 1312 1303 κορυφαίου
1349 1233 1591 1302 Πέτρου,
1612 1233 1741 1296 Υἱὸς
1772 1232 1864 1285 τοῦ

290 1327 498 1390 ζῶντος
526 1326 661 1379 Θεοῦ
686 1325 1015 1397 ἀναρρηθείς
1035 1344 1050 1357 ο
1081 1326 1143 1378 τὸ
1174 1327 1292 1395 μὲν,
1327 1324 1409 1389 οἷς
1439 1325 1600 1389 αὐτὸς
1623 1321 1775 1379 εἶπε·
1808 1324 1868 1378 τὺ

287 1417 389 1479 δὲ,
431 1410 513 1478 οἷς
551 1414 884 1482 ἀπεδέξατο,
926 1415 1256 1469 ὲ6ε6αίωσε’
1306 1417 1387 1469 διὸ
1430 1416 1526 1469 καὶ
1568 1416 1760 1485 μισθὸν
1788 1415 1866 1487 τῷ

292 1508 488 1577 Πέτρῳ
509 1506 610 1576 τῆς
639 1506 804 1577 ὀρθῆς
833 1506 1154 1577 ὁμολογίας,
1187 1508 1285 1570 τάς
1312 1524 1372 1559 τε
1399 1506 1543 1571 κλεῖς
1576 1508 1675 1577 τῆς
1712 1506 1865 1577 βασι-

289 1597 449 1660 λείας
485 1598 814 1669 ἐνεχείρισε,
853 1598 949 1652 καὶ
991 1600 1084 1652 ἐπὶ
1115 1602 1181 1671 τῇ
1209 1599 1373 1652 αὐτοῦ
1402 1600 1662 1671 ὁμολογίᾳ
1710 1601 1869 1671 ἐστη-

1961 404 2277 474 apparavit:
2309 403 2740 458 orthodoxorum
2778 422 2906 460 vero
2954 408 3178 475 chorus,
3223 412 3397 465 ascito
3426 411 3531 466 sibi

1962 494 2211 557 doctore,
2269 507 2379 547 non
2430 504 2542 547 tam
2597 494 2758 549 Petro
2818 497 3191 566 apostolorum
3234 503 3528 572 coryphzeo

1963 599 2127 654 quam
2165 585 2281 654 ipso
2318 584 2553 639 Domino
2601 586 2901 650 communi,
2941 598 2994 642 et
3030 598 3298 654 creatore,
3355 609 3375 642 ι
3425 590 3537 647 Vos

1962 691 2131 741 enim,
2156 672 2353 744 inquit,
2398 690 2466 731 ne
2521 676 2589 735 in,
2624 676 2785 730 terris
2832 678 3093 734 vocabitis
3141 678 3335 744 Rabbi,
3392 698 3537 737 unus

1963 768 2106 821 enim
2141 769 2331 821 doctor
2357 775 2537 821 vester
2583 765 2836 822 Christus
2881 778 2964 823 est
2980 768 3072 834 η’,
3111 788 3128 821 ι
3173 772 3404 826 duarum
3434 788 3537 826 nao

1965 868 2211 913 turarum
2237 859 2290 912 in
2320 874 2425 913 una
2458 859 2736 930 hypostasi
2755 857 2938 925 Verbi,
2959 868 3014 914 et
3034 861 3253 919 deitatis
3273 863 3534 918 nimirum

1966 960 2022 1005 et
2044 952 2419 1015 humanitatis,
2443 951 2749 1006 clarissime
2776 953 3095 1020 proﬁtentur
3118 971 3133 1019 ;
3161 953 3325 1024 idque
3354 956 3538 1010 incon-

1970 1042 2162 1108 fusim,
2212 1042 2284 1096 ita
2311 1043 2457 1097 enim
2512 1043 2746 1115 ipsamet
2773 1059 2873 1099 nos
2897 1046 3120 1100 edocuit
3164 1047 3405 1102 veritas:
3451 1046 3541 1100 Fi-

1966 1132 2101 1187 lium
2166 1133 2312 1187 enim
2363 1122 2605 1187 hominis
2648 1149 2706 1188 se
2752 1134 3052 1203 appellans,
3085 1144 3160 1202 et,
3197 1151 3292 1206 per
3316 1135 3538 1191 Petrum

1967 1225 2307 1295 coryphaeum
2342 1227 2715 1295 apostolorum
2765 1227 2937 1283 Filius
2988 1228 3218 1283 viventis
3268 1229 3361 1283 Dei
3396 1230 3565 1283 εειιιισ,

1968 1322 2135 1378 tatus,
2183 1325 2474 1386 utrumque
2511 1319 2863 1373 conﬁrmavit
2896 1336 2911 1372 :
2941 1321 3172 1375 alterum
3208 1321 3260 1375 in
3295 1336 3361 1376 eo
3397 1323 3542 1390 quod

1968 1405 2084 1476 ipse
2136 1407 2290 1470 dixit,
2349 1410 2577 1464 alterum
2624 1409 2772 1480 quod
2822 1410 3028 1465 dictum
3078 1413 3145 1467 de
3193 1428 3253 1467 se
3301 1412 3541 1482 agnovit.

1973 1497 2246 1564 Quocirca
2293 1510 2455 1555 rectae
2510 1501 2878 1557 confessionis
2912 1503 3196 1572 praemium
3239 1503 3422 1567 Petro,
3460 1521 3547 1559 re-

1970 1590 2059 1660 gni
2092 1590 2354 1644 caelorum
2388 1592 2567 1649 claves
2592 1592 2645 1646 in
2679 1607 2870 1649 manus
2896 1593 3077 1661 dedit;
3103 1602 3158 1649 et
3187 1594 3240 1648 in
3267 1595 3387 1665 ejus
3417 1611 3548 1650 con-

292 1689 483 1761 ρίχθαι
664 1662 995 1761 Ἐκκλησίαν
1015 1704 1030 1718 ⁸
1077 1662 1339 1744 καῖκατά
1378 1662 1588 1744 πύλῶνπ
1614 1662 1741 1761 ᾅδου
1776 1662 1868 1745 καὶ

1977 1680 2212 1735 fessione
2269 1680 2568 1737 Ecclesiam
2638 1682 2809 1741 fuisse
2873 1686 3195 1753 stabilitam,
3244 1662 3311 1743 et.
3353 1698 3545 1743 contra

291 1782 481 1853 πάσης
508 1781 792 1854 αἱρετικῆς
822 1782 1260 1855 ἀθυροστομίας,
1309 1782 1541 1855 λαμπρά
1579 1784 1768 1854 φέρειν
1798 1784 1868 1837 τὰ

289 1875 593 1946 νικητήρια
614 1874 1010 1951 ὲκραταίωσεν.

820 2161 1154 2217 sparum
1192 2162 1351 2230 Ριιεν.

1970 1783 2163 1845 portas
2213 1771 2415 1828 inferni
2473 1777 2914 1841 communitam,
2969 1779 3106 1834 adeo
3167 1787 3228 1833 ut
3275 1780 3548 1836 obturatis

1970 1861 2353 1917 haereticorum
2406 1862 2827 1933 quibuscunque
2855 1863 3033 1927 labiis,
3065 1864 3384 1921 lemniscata
3417 1867 3544 1922 inde

1971 1963 2172 2023 tropaea
2235 1953 2458 2021 tulerit,
2513 1954 2684 2009 multa
2758 1957 3166 2012 asseveratione
3252 1958 3546 2013 conﬁrma-

1969 2045 2068 2099 vit.

1973 2158 2301 2227 QUESTIO
2329 2159 2537 2216 CXCV.
2572 2160 2767 2233 [ϐοίεί.
2795 2160 3081 2232 CCXXIV,
3113 2162 3279 2220 Taur.
3317 2165 3549 2247 σφιν]

1069 2275 1214 2328 Edita
1234 2290 1264 2325 a
1285 2275 1583 2327 Montacutio
1603 2276 1707 2341 (ep.
1732 2275 1795 2326 36
1815 2275 1997 2340 eidem,
2019 2291 2066 2340 p.
2089 2276 2193 2341 96).
2214 2303 2277 2314 —-
2305 2277 2382 2329 De
2421 2277 2782 2330 Incarnatione.

369 2360 435 2416 El
463 2358 562 2433 μία
591 2356 755 2429 φύσις
781 2360 874 2413 ἐπὶ
898 2360 1136 2431 Χριστοῦ
1164 2360 1492 2429 ὲγνωρίζετο
1512 2399 1527 2424 ,
1578 2360 1637 2414 ἓν
1663 2362 1731 2415 ἂν
1773 2361 1867 2416 καί

289 2451 363 2506 τὸ
390 2451 450 2517 ὲξ
483 2451 653 2520 αὐτῆς
682 2449 927 2519 ὲπήγαζε
954 2450 1163 2522 θέλημα
1182 2467 1197 2482 ο
1222 2452 1346 2504 ἐπεὶ
1371 2452 1429 2505 δὲ
1453 2452 1548 2507 δύο
1567 2453 1623 2506 αί
1654 2452 1867 2522 φύσεις,

293 2544 399 2598 καὶ
422 2542 514 2596 δύο
537 2543 645 2615 ἄρα
680 2541 1105 2597 συναναόλύουσι
1132 2542 1202 2596 τὰ
1245 2542 1544 2614 θελήματα.
1589 2546 1652 2598 Εἰ
1680 2543 1737 2598 δὲ
1770 2545 1869 2597 οὐκ

293 2634 420 2687 ἐστι
464 2633 624 2704 φύσις
669 2633 1028 2704 ἀνενέργητος
1047 2674 1061 2698 ,
1099 2636 1194 2688 καὶ
1227 2635 1465 2707 ἑκατέρᾳ
1491 2635 1705 2699 πάντως
1730 2637 1763 2705 ἡ
1788 2638 1869 2689 oi-

295 2725 429 2780 κεία
465 2725 828 2794 συνανακύψει
856 2726 1126 2796 ἐνέργεια.
1169 2727 1378 2797 ’Ὠσπερ
1406 2727 1463 2780 δὲ
1490 2729 1521 2797 ή
1554 2728 1868 2800 ἀνθρωπίνη

298 2816 468 2884 φύσις
495 2819 560 2887 τῇ
592 2817 745 2887 θεῖκῆ
774 2817 866 2870 τοῦ
892 2818 1066 2887 Λόγου
1122 2818 1281 2887 φύσει
1312 2818 1614 2883 συνείπετο,
1647 2819 1741 2873 καὶ
1770 2820 1871 2873 ύπ-

298 2909 504 2961 έκειτο⁸
529 2908 673 2962 οὕτω
691 2909 952 2979 δηλονότι,
986 2910 1081 2963 καὶ
1106 2910 1168 2962 τὸ
1195 2909 1533 2980 ἀνθρώπινον
1558 2911 1769 2983 θέλημα
1792 2912 1871 2983 τῷ

300 2999 495 3071 θεῖκῷ,
521 3004 611 3054 καὶ
637 3004 703 3073 τῇ
732 3002 982 3073 ἐνεργείᾳ
1005 3003 1038 3073 ἠ
1069 3001 1341 3072 ἐνέργεια.

814 3299 1148 3354 ΕΡοτηΣιΣ
1188 3300 1364 3366 Ριιςῖν.

869 3390 1006 3459 Περὶ
1046 3392 1313 3444 εἰκόνων.

2042 2360 2100 2416 Si
2157 2362 2212 2416 in
2261 2363 2482 2419 Christo
2527 2374 2719 2420 natura
2783 2366 2945 2422 unica
3003 2379 3428 2437 agnosceretur,
3498 2382 3554 2427 et

1969 2454 2127 2527 unica
2158 2454 2352 2509 exinde
2381 2456 2635 2511 voluntas
2658 2457 2901 2514 efﬂueret
2941 2476 2956 2514 :
3006 2461 3100 2515 sed
3130 2477 3256 2517 cum
3284 2464 3407 2519 dua:
3437 2465 3549 2520 sint

1972 2553 2199 2609 naturae,
2247 2556 2302 2600 et
2347 2546 2544 2618 duplex
2591 2566 2811 2621 quoque
2858 2552 3108 2608 voluntas
3154 2554 3283 2611 hinc
3336 2558 3548 2614 ebullit.

1970 2635 2126 2702 Quod
2172 2635 2217 2692 si
2259 2652 2365 2691 non
2407 2639 2479 2693 sit
2510 2649 2707 2695 natura
2741 2643 3060 2711 operatione
3114 2660 3309 2711 vacua,
3365 2649 3552 2719 utique

1972 2727 2333 2795 proculdubio
2396 2731 2615 2799 propria
2668 2734 2912 2801 Operatio
2956 2751 3063 2790 una
3109 2738 3399 2806 proditura
3442 2751 3546 2795 est.

1970 2817 2436 2883 Quemadmodum
2514 2838 2645 2878 vero
2720 2825 2957 2881 humana
3032 2836 3223 2883 natura
3305 2831 3548 2887 divinam

1972 2909 2138 2964 Verbi
2189 2920 2443 2966 naturam
2492 2917 2948 2986 consequebatur,
2983 2921 3269 2992 eidemque
3292 2924 3550 2994 subjace-

1898 3041 1941 3100 ϐ
1975 3004 2087 3067 hat,
2139 3003 2206 3058 ad
2239 3006 2492 3061 eumdem
2521 3007 2681 3077 plane
2703 3010 2926 3065 modum
2953 3020 3007 3067 et
3036 3012 3275 3069 humana
3301 3016 3551 3072 voluntas

1979 3095 2245 3149 voluntati
2319 3096 2537 3163 divinae,
2586 3107 2643 3154 et
2687 3103 2989 3171 operationi
3048 3102 3246 3162 divina:
3313 3108 3548 3165 humana

1979 3188 2226 3255 operatio
2266 3188 2609 3259 subiacebat.

1981 3299 2310 3366 QUASSTIO
2332 3302 2541 3360 cxcvr
2590 3304 2776 3377 [Cois!.
2815 3308 3069 3380 ccxxv,
3099 3312 3262 3369 Taur.
3295 3315 3547 3391 CCXVI].

2541 3398 2620 3453 De
2648 3401 2988 3471 imaginibus.

1459 3500 1601 3553 Edita
1622 3517 1651 3552 a
1675 3502 1975 3556 Montacutio
1999 3506 2102 3570 (ep.
2125 3508 2206 3570 57,
2229 3510 2403 3573 p.96).

381 3591 645 3662 Ἕλληνες
672 3589 762 3643 τὸν
803 3586 1037 3659 Χριστὸν
1083 3585 1179 3640 καὶ
1207 3585 1339 3639 Θεὸν
1370 3585 1527 3654 ἡμῶν
1572 3586 1880 3649 είκονίζειν,

305 3683 396 3737 ὅτι
425 3680 561 3751 μηδὲ
594 3678 920 3743 θειάζουσιν,
957 3678 1056 3730 οὐκ
1083 3677 1384 3747 ἀνέχονται.
1429 3675 1691 3739 Ἰουδαῖοι,
1721 3674 1879 3729 πλέον

306 3771 559 3836 ἐκείνων,
601 3771 701 3840 τὴν
748 3768 868 3822 κατ’
899 3765 1063 3820 αὐτοῦ
1112 3766 1311 3834 μανίαν
1354 3767 1714 3836 νοσήσαντες,
1757 3766 1880 3819 οὐδὲ

310 3864 481 3934 μέχρι
513 3863 673 3932 ψιλῆς
721 3861 891 3930 ἀκοῆς
931 3860 1029 3931 τὴν
1074 3860 1274 3926 πρᾶξιν
1310 3858 1669 3927 ὑφίστανται·
1700 3857 1879 3927 ἕτεροι

306 3958 405 4022 δὲ,
459 3960 621 4028 μοῖρα
651 3956 863 4025 πονηρά
903 3959 995 4008 καὶ
1028 3952 1348 4021 ἐξάγιστος,
1386 3954 1434 4005 oi
1479 3951 1579 4021 μὲν
1618 3950 1784 4005 αὐτοῦ
1813 3951 1875 4005 τὸ

308 4048 474 4117 σῶμα
521 4044 960 4099 ὲναποτεθεῖσθαι
999 4042 1077 4111 τῷ
1115 4042 1253 4113 ἡλίῳ
1291 4041 1705 4112 τερατεύονταιο
1740 4041 1791 4093 οἱ
1819 4040 1878 4093 δὲ

308 4141 395 4201 είς
418 4140 507 4203 τά,
542 4138 602 4203 ἐξ
623 4133 698 4190 ὧν
730 4137 861 4191 αὐτὸ
886 4135 1210 4199 συνιστῶσι,
1241 4134 1577 4188 διαλύουσιψ
1612 4135 1663 4187 οἱ
1691 4134 1736 4187 δ’
1771 4132 1879 4186 ἀπὸ

306 4229 521 4295 Μανού,
551 4229 660 4283 οὐδ’
690 4228 979 4282 ἀναλαϐεῖν
1002 4228 1163 4280 αὐτὸν
1186 4228 1320 4290 ὅλως
1346 4227 1504 4297 σῶμα
1525 4225 1587 4279 τὸ
1612 4225 1878 4296 ἡμέτερον

304 4320 662 4374 διατείνονται
681 4337 696 4352 ο
726 4315 805 4383 οἷς
832 4319 892 4384 ἐξ
917 4320 1219 4388 ἀναγκαίου
1255 4318 1547 4373 ἀκόλουθον
1583 4319 1717 4389 μηδὲ
1736 4320 1875 4389 Χρι-

2054 3588 2255 3659 Pagani
2319 3591 2600 3649 Christum
2646 3593 2936 3652 Dominum
2987 3609 3041 3655 et
3082 3600 3251 3659 Deum
3304 3617 3549 3665 nostrum

1981 3693 2079 3747 per
2138 3680 2430 3749 imaginem
2481 3683 2736 3755 efﬁngere
2785 3687 2999 3754 nolunt,
3054 3692 3266 3747 scilicet
3302 3709 3370 3749 eo
3401 3699 3546 3766 quod

1979 3768 2123 3823 haud
2150 3774 2511 3839 proﬁteantur
2556 3775 2746 3831 Deum.
2775 3776 2970 3844 Judaei,
3014 3781 3109 3850 qui
3131 3783 3551 3850 majorioontra

1977 3874 2100 3915 eum
2133 3862 2360 3917 insaniae
2404 3865 2593 3920 morbo
2639 3868 2911 3935 laborant,
2967 3886 3036 3925 ne
3065 3874 3133 3929 de
3166 3877 3311 3932 nudo
3331 3881 3549 3947 quidem

1976 3951 2196 4005 nomine
2219 3967 2329 4005 rem
2361 3954 2677 4011 admittunt.
2704 3958 2843 4013 Sunt
2871 3961 2985 4025 alii,
3009 3978 3136 4032 pars
3159 3966 3319 4034 impia
3349 3970 3553 4025 etdiris

1974 4041 2304 4119 devovenda,
2376 4046 2464 4112 qui
2500 4049 2585 4101 vel
2633 4047 2922 4120 insigniter
2960 4056 3289 4124 mentiendo,
3347 4075 3549 4130 corpus

1977 4133 2152 4201 ipsius
2182 4134 2471 4191 includunt
2500 4140 2601 4193 soli
2635 4158 2650 4205 ;
2687 4142 2769 4196 vel
2804 4143 2857 4196 in
2900 4144 2990 4198 illa
3024 4146 3349 4203 dissolutum
3396 4163 3547 4215 eunt,

1973 4240 2005 4280 e
2037 4225 2235 4296 quibus
2262 4228 2363 4297 ipsi
2393 4230 2789 4288 conﬁaverunt.
2841 4233 3193 4294 Contenduut
3243 4241 3335 4311 qui
3370 4241 3553 4299 Mane-

1977 4326 2084 4373 tem
2136 4330 2440 4391 sequuntur
2490 4324 2680 4379 ducem
2740 4328 2890 4382 nullo
2954 4334 3116 4384 modo
3165 4347 3288 4386 eum
3352 4350 3551 4405 corpus

308 4412 437 4466 στδν
473 4410 854 4475 είκονίζεσθαι.
885 4385 1263 4464 Σκοπείτωσαν
1304 4410 1484 4462 τοίνυν
1513 4411 1562 4462 οἱ
1582 4385 1683 4478 τῆς
1704 4385 1870 4460 πολυ-

2218 4385 2232 4391 _
3275 4385 3287 4386 κ
3357 4385 3549 4405 ητη

1977 4423 2223 4466 nostrum
2256 4416 2643 4485 assumpsisse,
2698 4418 2787 4473 cui
2822 4422 3071 4490 sequitur
3097 4425 3328 4478 omnino
3358 4442 3549 4482 neces-

306 4503 546 4566 πλανοῦς
570 4507 665 4557 καὶ
699 4502 961 4574 μοιχιδίου
994 4504 1198 4574 σπορᾶς
1231 4501 1515 4568 ἀπόγονοι,
1552 4500 1621 4552 τὰ
1647 4499 1741 4551 νέα
1765 4499 1874 4552 τῶν

306 4593 693 4663 Είκονομάχων
753 4592 896 4660 λέγω
943 4593 1281 4663 γεννήματα,
1315 4591 1465 4655 τίνας
1510 4590 1721 4644 ἑαυτῶν
1767 4606 1875 4642 πα-

304 4685 472 4755 τέρας
519 4684 919 4754 ἐπιγράφουσι,
965 4682 1061 4735 καὶ
1115 4683 1260 4745 τίνος
1312 4681 1528 4753 μερίδος
1590 4679 1875 4751 αἱροῦνται

304 4773 463 4843 παρὰ
488 4776 599 4837 τοῖς
623 4774 963 4843 Χριστιανοίς
994 4771 1256 4827 θιασῶται
1280 4772 1375 4826 καὶ
1407 4772 1648 4844 μαθηταὶ
1672 4770 1872 4842 ὀνομά-

306 4864 522 4929 ζεσθαι.

831 5156 1163 5209 urorum
1200 5159 1355 5226 ΡιιΖν.

875 5330 1014 5396 Περὶ
1041 5331 1310 5387 εἰκόνων.

1472 5420 1606 5472 Edita
1631 5436 1656 5473 a
1683 5396 1977 5482 Montacutio
1998 5434 2101 5496 (ep.
2124 5435 2203 5494 58,
2225 5449 2272 5496 ρ.
2295 5434 2398 5497 97).

375 5525 562 5596 Σίμων
593 5525 622 5577 ὁ
650 5525 833 5595 Μάγος
865 5529 956 5579 καὶ
993 5529 1325 5601 Καρποκρᾶς
1354 5531 1713 5589 ἐϐαπτίσαντο
1733 5552 1748 5566 ⁸
1784 5536 1870 5591 διὰ

378 5640 446 5670 ⁸⁶⁶
482 5638 671 5693 Matth.
701 5655 857 5703 nul,
893 5640 1047 5693 8—10.

1978 4503 2145 4569 sario,
2178 4504 2456 4560 Christum
2491 4522 2599 4562 non
2631 4523 2753 4564 esse
2782 4525 2876 4581 per
2922 4512 3213 4582 imaginem
3241 4515 3554 4584 exprimen-

1982 4593 2133 4646 dum.
2165 4589 2399 4648 Videant
2427 4610 2559 4665 ergo
2588 4600 2833 4669 prognati
2855 4615 2884 4654 a
2917 4600 3287 4670 multipliciter
3318 4604 3553 4659 erratico

1978 4690 2034 4734 et
2081 4682 2385 4736 adulterino
2449 4685 2677 4749 semine,
2737 4697 2791 4742 et
2855 4689 2959 4744 sibi
3000 4701 3227 4746 caveant
3259 4693 3551 4763 (genimina

1976 4772 2181 4827 novitia
2246 4772 2734 4832 lconomachorum
2790 4779 2939 4848 dico)
2981 4796 3120 4849 quos
3157 4791 3210 4837 et
3237 4784 3427 4853 quales
3450 4786 3554 4841 sibi

1977 4863 2257 4919 ascribant
2312 4867 2707 4937 pmgenitores,
2758 4880 2812 4925 et
2868 4873 2934 4925 de
2989 4888 3097 4941 qua
3170 4872 3405 4929 factione
3436 4892 3553 4947 my-

1981 4964 2081 5009 sta:
2133 4966 2188 5010 et
2237 4955 2493 5027 discipuli
2544 4961 2818 5016 voluerint
2861 4963 3005 5018 inter
3050 4964 3395 5022 Christianos
3430 4985 3557 5023 ceu-

1981 5060 2109 5098 sert.

2081 5152 2406 5219 QUzESTIO
2453 5159 2682 5215 CXCVII
2744 5163 2934 5235 [CoisL
2976 5167 3257 5237 CCXXVI,
3322 5170 3486 5226 Taur.

2623 5255 2899 5328 ccxvut

2548 5346 2625 5400 Dc
2654 5349 2993 5419 imaginibus.

2054 5540 2241 5596 Simon
2266 5541 2449 5614 Magos
2465 5544 2835 5617 et_Carpocras
2858 5548 3129 5619 baptismo
3160 5546 3548 5602 initiabantur:
