3854 6216
445 221 549 283 935

1589 222 1850 282 ΡΗΟΤΙΙ
1889 221 2390 282 PATRIARCHJE
2417 221 2525 281 ΟΡ.

3557 227 3661 290 936

445 334 655 385 ohcam
688 345 910 385 causam
962 340 1016 385 et
1059 329 1265 387 Christi
1315 333 1608 403 imaginem
1635 335 1994 404 circumgesta

2123 331 2282 386 τοῦτο
2333 333 2429 386 καὶ
2480 328 2721 403 Χριστοῦ
2771 327 2954 383 είκόνα
2997 327 3352 400 περιέφερον,
3409 333 3536 388 ἀλλὰ
3573 341 3663 408 τῆς

447 424 595 488 hant,
627 423 718 476 sed
772 437 804 478 a
845 423 1071 494 magicis
1123 425 1472 480 illusionihus
1529 439 1583 480 et
1624 427 1846 481 lascivia
1903 441 2017 482 non

443 514 767 569 recedebant
819 535 831 569 :

444 607 710 677 imagines
762 623 871 661 una
931 607 1409 664 circumferebant.
1463 608 1678 663 Pudore
1754 611 2011 678 quocirca

442 695 828 752 suﬂundantur
868 696 1352 752 Iconomachorum
1406 697 1698 766 primipili,
1743 713 1810 752 eo
1864 699 2014 768 quod

443 789 704 843 insensati
734 789 906 857 magis
933 804 1054 843 esse
1079 789 1495 852 convincantur,
1549 803 1711 858 quam
1755 800 1910 844 erant
1935 789 2012 844 illi

441 880 993 951 snpersﬁtiosissimi,
1039 892 1094 938 et
1139 891 1245 937 tam
1291 881 1638 952 dogmatibus
1685 897 1850 953 quam
1901 881 2014 937 vita

437 980 494 1026 et
523 971 934 1027 conversatione
968 973 1171 1041 decepti
1200 981 1252 1025 et
1276 987 1520 1028 errones.

509 1065 814 1136 Interrogas
831 1081 928 1118 cur
948 1063 1219 1118 haereticis
1245 1065 1632 1133 turpitudinem
1665 1064 2008 1135 exprobrem.

900 518 1157 585 quocirca
1216 526 1270 571 et
1346 519 1577 572 aliorum
1643 519 2013 588 quorumdam

441 1157 498 1212 Si
521 1173 627 1212 non
659 1167 710 1212 te
739 1157 1012 1212 turbarem
1042 1157 1598 1225 responso,docerem‘
1614 1159 1682 1213 ab
1704 1159 2011 1228 insipienti-

437 1250 540 1306 bus
567 1249 889 1320 interrogari
924 1248 1003 1303 sic
1030 1249 1264 1303 debere:
1296 1265 1470 1319 eoque
1499 1249 1670 1320 magis
1699 1251 1841 1320 quod
1875 1250 1920 1304 si
1951 1259 2008 1304 tu

435 1341 680 1412 patieris,
710 1341 778 1394 ab
810 1341 958 1394 omni
999 1355 1094 1394 eos
1156 1355 1321 1396 sensu
1371 1356 1478 1395 non
1529 1343 1709 1395 minus
1760 1355 1924 1411 quam
1975 1356 2006 1395 a

433 1435 634 1504 pietate
660 1440 872 1488 emotos
903 1432 1318 1486 demonStraho.
1359 1430 1416 1485 In
1442 1447 1508 1485 eo
1531 1433 1670 1502 ipso.
1707 1447 1816 1500 quo
1847 1445 2009 1485 scan-

433 1526 556 1578 tlalo
590 1525 746 1578 Iidem
782 1523 1142 1578 orthodoxam
1178 1521 1389 1578 allicere
1418 1523 1726 1586 voluerunt,
1761 1531 2006 1576 vetusta-

432 1626 540 1669 tem
581 1615 952 1684 deprzedicant
986 1614 1286 1684 imaginum
1337 1612 1797 1667 fabricandarum.
1844 1611 2005 1667 Certe

2126 423 2366 494 μαγικῆς
2403 423 2688 492 τερθρείας
2728 421 2823 475 καὶ
2862 423 2972 475 τῶν
3003 421 3192 478 παθῶν
3220 422 3318 475 οὐκ
3353 424 3660 492 ἀφίσταντο·

2117 516 2207 569 διὰ
2229 515 2385 569 τοῦτο
2413 517 2506 569 καὶ
2547 516 2749 586 ἐτέρων
2776 515 2941 568 τινῶν
2969 515 3182 580 εἰκόνας
3227 519 3661 590 συμπεριεφερον.

2117 609 2572 681 Αίσχυνέσθωσαν
2610 609 2898 682 τοιγαροῦν
2925 610 3034 662 τῶν
3061 611 3434 681 Εἰκονομάχων
3462 613 3509 666 οἱ
3543 615 3666 684 πρό-

2120 718 2283 771 μαχοι
2302 743 2316 765 ,
2351 703 2434 755 ὅτι
2466 701 2560 754 καὶ
2588 701 2696 754 τῶν
2722 701 3294 771 δεισιδαιμωεστάτων
3325 704 3542 758 ἐκείνων
3582 709 3666 761 καὶ

2114 792 2240 863 δόξῃ
2259 795 2353 846 καὶ
2384 792 2484 864 βίῳ
2513 793 2947 865 πεπλανημένων
2961 793 3425 866 ἀγνωμονέστεροι
3441 797 3667 866 ἀπελέγ-

2114 901 2326 954 χονται.

2195 1061 2436 1134 Ἐρωτᾷς
2459 1063 2546 1116 διὰ
2575 1063 2626 1116 τί
2650 1062 2748 1135 τὴν
2771 1063 3034 1134 αἰσχύνην
3057 1065 3173 1126 τοῖς
3201 1063 3496 1136 αἱρετικοῖς
3521 1067 3674 1138 ἐνηρ-

2114 1153 2362 1223 μόσαμεν
2382 1172 2396 1186 θ
2421 1155 2532 1223 ἐγὼ
2559 1154 2638 1220 δὲ,
2673 1158 2722 1208 εί
2745 1157 2818 1227 μή
2844 1173 2902 1209 σε
2935 1157 3123 1210 λυπεῖν
3151 1155 3398 1224 ἔμελλον,
3431 1158 3672 1229 ἀνοήτων

2109 1246 2175 1298 ἂν
2207 1247 2466 1313 ἀπέδειξα
2504 1249 2565 1299 τὸ
2613 1247 2910 1320 ἐρώτημα,
2945 1248 3041 1302 καὶ
3078 1245 3354 1312 τοσοῦτον,
3388 1248 3470 1300 ὅτι
3498 1250 3591 1302 καὶ
3619 1251 3676 1303 τὸ

2109 1337 2434 1409 ἀναίσθητον
2458 1340 2672 1403 αὐτοὺς,
2699 1339 2766 1393 ἂν
2791 1341 2900 1410 ἄρα
2930 1339 3094 1411 βούλῃ
3116 1379 3131 1402 ,
3167 1339 3308 1409 μετὰ
3333 1337 3430 1391 τοῦ
3452 1341 3674 1404 ἀσεϐοῦς

2107 1429 2360 1493 ἐπιδείξω
2410 1431 2804 1502 περιέποντας’
2849 1431 2916 1484 δι’
2968 1424 3044 1484 ὧν
3088 1431 3202 1502 γὰρ
3237 1430 3552 1500 δυσφημίαν
3583 1448 3678 1485 πε-

2111 1522 2357 1591 ριάπτειν
2385 1524 2450 1593 τῇ
2483 1520 2760 1593 ὀρθοδοείᾳ
2787 1523 3144 1592 ἐμελέτησαν,
3176 1521 3266 1574 διὰ
3285 1521 3493 1574 τούτων
3525 1523 3677 1592 μάλιο

2108 1629 2207 1666 στα
2235 1613 2340 1683 τῆς
2363 1615 2736 1686 εἰκονουργίας
2761 1614 2860 1686 τὴν
2889 1615 3228 1686 ἀρχαιότητα
3257 1615 3677 1685 μαρτυροῦντες,

431 1725 540 1763 ιιοη
573 1707 884 1776 intell'rgunt
935 1721 1045 1759 rem
1079 1720 1200 1760 esse
1232 1703 1654 1758 Christianismo
1681 1703 1999 1774 contempo-

2117 1705 2165 1758 r3
2199 1705 2522 1776 συνῄσθοντο
2565 1707 2860 1777 σύγχρονον
2905 1707 3074 1776 αὐτὴν
3124 1705 3203 1776 τῷ
3233 1707 3676 1778 Χριστιανισμῷ,

431 1813 674 1861 raneam,
700 1807 756 1851 et
781 1797 1090 1866 baptismati
1133 1796 1403 1849 instituto.
1437 1794 1550 1850 Iloc
1595 1795 2012 1850 contra’volnn-

432 1900 597 1944 tatem
625 1890 782 1944 nobis
805 1888 1115 1942 concedunt
1148 1907 1161 1941 :
1187 1901 1426 1955 cumque
1449 1902 1543 1955 per
1577 1887 1853 1940 Simonem
1894 1885 2008 1939 Ma-

430 1999 558 2053 gum
607 1983 911 2051 baptizatos
960 1981 1013 2033 in
1055 1979 1437 2034 contumeliam
1478 1979 1776 2048 imaginum
1811 1977 2005 2032 subin-

2106 1797 2198 1848 καὶ
2227 1796 2305 1863 τῷ
2338 1795 2708 1866 βαπτίσματι,
2737 1797 2831 1850 καὶ
2870 1796 3096 1860 ἄκοντες
3130 1797 3640 1868 ἀνομολογήσαντες
3665 1815 3678 1828 ο

2102 1885 2168 1938 δι’
2201 1879 2274 1941 ὧν
2300 1887 2356 1939 δὲ
2394 1888 2529 1959 μηδὲ
2561 1890 2687 1951 τοὺς
2727 1891 2855 1960 περὶ
2883 1889 3104 1958 Σίμωνα
3141 1888 3354 1961 ταύτην
3405 1889 3680 1959 ἐνυϐρίσαι

2101 1977 2499 2048 βαπτισθέντας
2520 1979 2970 2052 παρεισάγουσιν,
3004 1982 3233 2034 ἐκείνων
3268 1983 3432 2034 πλέον
3464 1982 3682 2043 ἑαυτοὺς

432 2073 752 2136 troducunt,
781 2073 1033 2141 ignorant
1067 2071 1388 2139 semetipsos
1429 2077 1821 2139 repraesentare
1859 2069 1999 2123 ultra

2117 2069 2435 2139 νοσήσαντας
2481 2070 2580 2140 τὴν
2619 2071 3016 2140 ἀγνωμοσύνην
3065 2072 3452 2142 παριστῶντες
3490 2073 3681 2126 ἐπελά-

429 2165 513 2220 vel
542 2179 638 2219 eos
662 2164 815 2234 ipsos
855 2161 1203 2231 impudentia:
1235 2161 1424 2214 morbo
1461 2161 1789 2214 laborantes.

501 2273 828 2344 QUASSTIO
891 2273 1148 2330 CXCVIII
1195 2271 1383 2344 [Colat
1423 2271 1724 2338 CCXXVII,
1759 2271 1926 2326 Taur.

1067 2366 1367 2438 ccxvuu.

867 2481 946 2535 De
989 2480 1346 2551 pugnantibus
1375 2478 1566 2533 verbis.

2107 2160 2282 2216 θοντο.

2602 2273 2942 2330 ΕΡΩΤΗΣΙΣ
2993 2277 3159 2347 Ριιιιθ.

2455 2478 2586 2545 Περὶ
2617 2478 2975 2546 μαχομένων
3003 2480 3231 2549 ῥητῶν.

1165 2570 1306 2620 Edita
1334 2584 1360 2619 a
1387 2569 1685 2619 Montacutlo
1709 2570 1810 2630 (ep.
1833 2568 1892 2616 45
1915 2567 1972 2617 ad
1995 2568 2149 2618 Leon.
2173 2583 2222 2633 p.
2247 2567 2351 2631 99).
2374 2595 2436 2606 —-
2454 2567 2509 2616 ln
2536 2568 2702 2618 Matth.
2732 2585 2835 2630 xix,
2861 2570 2938 2620 21..

497 2676 676 2735 Grave
730 2678 871 2731 reris
918 2685 974 2730 et
1033 2675 1434 2730 mlolerandum
1490 2674 1802 2728 mandatum
1847 2672 2002 2734 illud,

432 2791 452 2824 ι
494 2771 677 2828 Vende
693 2784 814 2840 quae
845 2769 1010 2822 habes
1044 2777 1098 2822 et
1134 2771 1199 2821 da
1232 2767 1584 2836 pauperibus.
1613 2783 1631 2816 ι
1670 2765 1781 2835 Ego
1813 2775 1997 2817 autem

425 2865 498 2920 ob
525 2866 630 2920 hoc
663 2863 840 2934 ipsum
865 2861 1056 2932 jngum
1099 2859 1313 2914 Domini
1381 2867 1440 2912 ut
1473 2857 1743 2927 placidum
1780 2867 1833 2911 et
1865 2873 2004 2912 onus

426 2957 546 3014 leve
577 2956 889 3012 existimare
947 2963 1000 3008 te
1037 2968 1315 3022 cuperem.
1365 2950 1526 3006 Jubct
1558 2951 1703 3005 enim
1736 2965 1876 3004 onus
1908 2949 2004 3002 de-

426 3063 630 3120 ponere
657 3044 942 3113 Dominus,
974 3055 1028 3100 et
1057 3059 1310 3098 curarum
1347 3053 1579 3113 segetem
1617 3052 1781 3112 atque
1828 3047 2004 3093 tenta-

429 3143 639 3198 tionum
687 3148 966 3203 excutere,
1004 3152 1114 3191 non
1150 3146 1328 3190 autem
1363 3134 1607 3190 humeris
1647 3150 1791 3189 onus
1823 3132 1994 3201 impo-

427 3236 592 3291 situm
631 3244 867 3303 gestare.
911 3229 1073 3285 lubet
1105 3228 1197 3282 illa
1229 3226 1602 3298 indigentibus
1640 3225 1994 3290 distribuere,

426 3336 483 3382 et
511 3326 584 3380 ob
617 3324 709 3379 illa
738 3323 930 3378 relicta
973 3322 1235 3376 thesauro
1266 3321 1474 3376 caelesti
1510 3320 1778 3376 ditescere
1806 3318 1994 3372 donat.

428 3419 562 3486 Qua:
607 3417 656 3472 si
701 3431 810 3470 non
847 3414 1266 3478 distribuantur,
1311 3414 1486 3468 otiosa
1516 3421 1571 3466 et
1609 3411 1822 3466 inutilia
1869 3410 1998 3464 huic

427 3508 682 3580 praesenti
705 3507 833 3561 vitae
865 3505 1167 3560 redduntur
1194 3503 1604 3563 incumbentia;
1635 3513 1691 3557 et
1719 3517 1843 3556 cum
1868 3501 1998 3555 hinc

427 3595 842 3660 recesserimus,
883 3593 1178 3648 destituent
1213 3605 1332 3646 nos.
1379 3589 1649 3657 Quocirca
1705 3589 1835 3644 mihi
1866 3600 1995 3644 nota

427 3687 645 3742 Domini
703 3683 1136 3740 misericordiam
1175 3692 1231 3737 et
1275 3681 1674 3751 inexplicabilis
1709 3681 1997 3750 providen-

428 3781 516 3834 tia:
557 3777 873 3830 varietatem
915 3772 1307 3843 multiplicem;
1339 3772 1488 3842 quod
1529 3787 1593 3827 ea
1623 3787 1747 3842 quae
1769 3785 1867 3825 nos
1903 3783 1998 3824 ne-

425 3870 670 3926 cessario
691 3878 747 3923 et
771 3867 1101 3922 reluctantes
1129 3871 1556 3932 consequentur,
1584 3863 1673 3916 illa
1695 3861 1996 3932 (voluntate

424 3970 637 4015 tantum
677 3956 989 4026 accedente)
1031 3965 1288 4025 tanquam
1319 3954 1567 4024 proprios
1602 3967 1727 4008 cum
1783 3939 1994 4006 labores

422 4062 536 4108 tum
560 4052 770 4105 fructus
821 4050 1251 4119 amplectamur,
1287 4057 1343 4100 et
1385 4055 1644 4115 tanquam
1672 4044 1855 4098 omnia
1908 4059 1995 4097 re-

423 4143 669 4198 ctissime
709 4141 1179 4204 administrantes,
1209 4138 1300 4208 qui
1360 4136 1707 4192 solummodo
1741 4135 1990 4204 proposi-

419 4241 537 4290 tum
553 4231 992 4295 adhibuerimus,
1006 4232 1063 4284 in
1083 4244 1308 4298 regnum
1326 4228 1591 4283 cmlorum
1611 4237 1894 4293 susceptos
1912 4228 1994 4279 in-

421 4323 746 4379 troduxerit.
770 4341 789 4374 ι
823 4320 1017 4376 Venite
1045 4320 1214 4389 (enim
1245 4318 1475 4388 inquiet)
1502 4317 1768 4371 benedicti
1812 4314 1992 4372 Patris

419 4414 548 4480 mei,
579 4412 856 4484 possidete
884 4425 1109 4481 regnum
1140 4408 1293 4463 vobis
1315 4406 1689 4478 apparatum“
1709 4410 1804 4459 ".a

417 4546 746 4617 QUASSTIO
767 4543 974 4602 CXCIX
1009 4542 1197 4616 [σοῖσι.
1218 4539 1536 4604 CCXXVIII,
1554 4538 1716 4594 Taur.
1731 4537 1993 4611 CXXIX}.

2177 2691 2196 2722 ι
2237 2671 2494 2742 Πὼλησόν
2525 2691 2618 2726 σου
2650 2675 2716 2728 τά
2744 2675 3058 2746 ὑπάρχοντα
3105 2675 3206 2729 καὶ
3253 2674 3347 2740 δὸς
3379 2678 3638 2748 πτωχοῖς,
3669 2692 3684 2721 ι

2106 2762 2244 2834 βαρὺ
2280 2763 2520 2834 νομίζεις
2545 2767 2639 2818 καὶ
2661 2764 3066 2821 δυσϐάστακτον
3094 2768 3158 2820 τὸ
3197 2769 3515 2839 ἐπίταγμα.
3559 2769 3696 2837 Ἐγὼ

2101 2854 2159 2906 δέ
2197 2872 2255 2907 σε
2292 2855 2380 2909 διὰ
2412 2855 2604 2910 τούτου
2648 2857 2848 2929 μᾶλλον
2880 2860 3013 2930 όρ·ᾷν
3063 2861 3206 2926 ἀξιῶ
3251 2861 3349 2913 τὸν
3382 2861 3548 2929 ζυγὸν
3581 2863 3692 2913 Κυ-

2105 2947 2243 3019 ρίου,
2277 2949 2352 3012 ὼς
2378 2949 2593 3021 ἀληθῶς
2621 2951 2877 3022 χρηστὸν,
2912 2952 3007 3006 καὶ
3059 2954 3118 3005 τὸ
3146 2954 3382 3024 φορτίον
3432 2953 3687 3024 ἐλαφρόν.

2101 3038 2301 3110 Φόρτον
2329 3038 2437 3108 γὰρ
2458 3039 2778 3106 ἀποθέσθαι,
2813 3042 2909 3095 καὶ
2942 3043 3048 3095 τῶν
3086 3043 3400 3114 φροντίδων
3427 3043 3525 3096 καὶ
3578 3059 3698 3097 πει-

2105 3131 2329 3203 ρασμῶν
2375 3131 2507 3202 ὓλην
2558 3135 3008 3199 ἀποτινάξασθαι,
3057 3135 3180 3190 ἀλλ’
3215 3137 3323 3189 ούκ
3381 3136 3698 3200 ἀναλαϐεῖν,

2099 3221 2473 3292 ἐγκελεύεταιο
2527 3225 2759 3279 κάκεῖνα
2809 3230 2920 3290 τοῖς
2991 3227 3270 3298 χρῄζουσι
3333 3230 3550 3299 νέμειν,
3609 3229 3702 3282 καὶ

2099 3313 2224 3367 ἀντὶ
2246 3313 2450 3366 τούτων
2481 3313 2756 3386 θησαυρὸν
2780 3317 3031 3370 πλουτεῖν
3061 3321 3154 3372 τὸν
3201 3321 3475 3390 οὐράνιον
3518 3322 3704 3392 ἐχαρί-

2100 3421 2231 3457 σατο
2252 3421 2268 3438 ο
2295 3403 2332 3459 ἃ
2358 3404 2451 3458 καὶ
2477 3407 2555 3477 μὴ
2587 3407 2956 3478 διανεμόντων
2988 3410 3136 3478 ἀργὰ
3182 3412 3288 3464 καὶ
3332 3413 3594 3482 ἀχρηστα
3627 3413 3705 3482 τῷ

2097 3495 2328 3566 παρόντι
2386 3496 2486 3569 βίῳ
2538 3499 2915 3564 ὲναπόκειται,
2977 3503 3212 3555 κάκεῖσε
3270 3504 3705 3575 μεθισταμένων

2097 3585 2333 3642 ἐνταῦθα
2385 3591 2886 3660 καταλιμπάνεται·
2940 3593 3006 3646 δι’
3038 3594 3066 3646 ὃ
3101 3611 3200 3664 μοι
3249 3596 3459 3649 σκόπει
3504 3597 3707 3667 μᾶλλον

2096 3678 2198 3748 τὴν
2247 3682 2583 3752 Δεσποτικῂν
2651 3682 3097 3754 φιλανθρωπίαν,
3151 3686 3256 3738 καὶ
3322 3687 3434 3756 τῆς
3491 3687 3705 3756 ἀφάτου

2098 3771 2364 3841 Προνοίας
2388 3773 2450 3826 τὸ
2497 3775 2745 3831 ποικίλον
2787 3777 2880 3828 καὶ
2909 3775 3286 3847 πολύτροπον,
3329 3779 3420 3832 ὅτι
3469 3780 3618 3848 amp
3649 3777 3709 3842 ἐξ

2096 3863 2344 3935 ἀνάγκης
2389 3865 2484 3918 καὶ
2541 3868 2700 3938 ἡμῶν
2753 3869 2995 3920 ἀκόντων
3033 3869 3454 3924 ἐπακολουθεῖν
3511 3871 3705 3934 εῑωθε,

2095 3955 2291 4020 ταῦτα,
2322 3956 2547 4027 γνώμης
2574 3959 2967 4029 προστεθείσης
2995 3960 3190 4030 μόνης,
3221 3963 3303 4026 ὡς
3323 3965 3578 4028 οἰκείους
3609 3965 3711 4016 πό-

2096 4059 2220 4106 νους
2248 4045 2340 4096 καὶ
2373 4047 2621 4116 καρποὺς
2651 4045 3033 4116 ἀποδέχεσθαισ
3073 4047 3177 4100 καὶ
3212 4050 3297 4112 ὡς
3328 4051 3396 4103 τὸ
3424 4052 3541 4104 πᾶν
3571 4068 3707 4104 κατ-

2094 4135 2442 4203 ωρθωκότας,
2481 4136 2610 4200 τοὺς
2671 4138 2838 4208 μόνην
2865 4141 3410 4208 συνεισενεγκόντας
3439 4143 3712 4214 προαίρε-

2097 4242 2182 4278 σιν
2245 4229 2324 4289 εἰς
2382 4228 2582 4298 κλῆρον
2631 4229 2730 4297 τῆς
2784 4227 2950 4281 αὑτοῦ
3002 4229 3295 4300 βασιλείας
3347 4233 3688 4304 ὑποδέχεται

2101 4334 2118 4366 ι
2159 4315 2323 4369 Δεῦτε
2346 4319 2476 4387 γὰρ,
2505 4325 2690 4387 φησιν,
2712 4320 2760 4371 oi
2780 4318 3144 4390 εὐλογημένοι
3169 4321 3276 4375 τοῦ
3311 4323 3548 4395 Πατρός
3577 4341 3708 4394 μου,

2024 4427 2066 4482 ο
2096 4406 2546 4478 κληρονομήσατε
2573 4410 2672 4479 τὴν
2701 4411 3114 4481 ἡτοιμασμένην
3149 4412 3297 4482 ύμῖν
3331 4413 3652 4484 βασιλείαν.
3685 4431 3705 4464 ι

2616 4543 2952 4598 sparum:
2981 4543 3143 4614 Ριιθι.

662 4664 808 4714 Edita
825 4677 854 4713 a
884 4659 1184 4712 Hontacutio
1211 4658 1313 4722 (ep.
1336 4658 1397 4708 50
1415 4658 1475 4708 ad
1497 4657 1744 4719 Sergium,
1765 4670 1814 4719 p.
1839 4656 1973 4718 105).
1995 4681 2055 4692 —
2077 4654 2155 4706 De
2175 4653 2423 4705 solutione
2446 4654 2573 4718 legis
2594 4669 2650 4706 ac
2674 4656 2738 4706 de
2762 4657 2926 4707 verbis
2952 4657 3122 4708 Matth.
3162 4672 3215 4721 ν,
3243 4659 3421 4712 13-17.

486 4774 606 4830 Non
631 4783 714 4828 est
755 4771 1029 4829 sideribus
1067 4787 1134 4826 ex
1172 4769 1426 4840 opposito
1460 4767 1566 4830 sol,
1603 4783 1712 4822 non
1766 4775 1991 4822 contra-

415 4870 590 4925 riatur
607 4867 712 4921 diei
747 4881 876 4933 nox,
918 4880 1020 4920 nec
1056 4864 1264 4920 solares
1306 4861 1444 4917 radii
1481 4860 1758 4930 splenderi
1805 4860 1986 4929 ignis;

413 4959 506 5014 sed
537 4973 636 5012 nec
664 4958 994 5012 adolescenti
1045 4957 1326 5011 hominum
1359 4963 1570 5008 natura:
1615 4951 1906 5022 perfectior
1935 4959 1990 5004 et

411 5049 586 5104 virilis
611 5060 762 5104 tetas.
788 5048 1054 5119 Adjiciam
1099 5047 1144 5102 si
1178 5047 1352 5116 placet
1379 5061 1395 5110 ;
1428 5043 1522 5100 sed
1548 5058 1647 5098 nec
1674 5043 1986 5108 astringens

412 5142 673 5211 qualitas,
706 5156 830 5211 qua:
889 5142 956 5195 ad
988 5141 1282 5194 tincturam
1324 5137 1640 5192 coccineant
1675 5133 1984 5200 subjectum

413 5242 660 5302 apparat,
702 5233 1069 5286 contrariatur
1100 5230 1218 5286 [lori
1269 5243 1526 5300 purpura:
1560 5244 1574 5280 :
1608 5225 1700 5280 sed
1734 5239 1834 5277 nec
1877 5222 1985 5276 mi-

415 5330 527 5380 δυο
595 5327 866 5392 colorum,
927 5340 1027 5378 nec
1088 5321 1414 5379 assimilatio
1471 5317 1793 5388 imaginum,
1855 5323 1982 5368 ante

483 5458 530 5489 “
559 5461 592 5477 "
619 5455 810 5513 Matth.
852 5473 977 5522 xxv,
1007 5457 1097 5512 54.

2163 4764 2278 4818 Οὐκ
2311 4765 2460 4820 ἐστιν
2487 4766 2730 4820 ἐναντίον
2757 4768 3025 4838 ἀστράσιν
3060 4769 3248 4840 ἥλιος,
3291 4771 3429 4825 οὐδὲ
3451 4775 3524 4844 τῇ
3557 4772 3718 4827 νυκτὶ

2091 4858 2291 4929 ἡμέρα,
2311 4858 2434 4911 ούδέ
2463 4859 2634 4927 πυρὸς
2673 4859 2836 4930 αἴγλῃ
2865 4862 2922 4913 ai
2947 4861 3176 4931 ὴλιακαὶ
3202 4865 3450 4929 ἀκτῖνες
3469 4881 3485 4898 ⁸
3505 4866 3573 4920 ού
3608 4869 3717 4938 μὴν

2089 4948 2211 5000 οὐδὲ
2259 4947 2526 5020 νεαζούσῃ
2559 4947 2752 5016 φύσει,
2807 4951 2841 5020 ἡ
2893 4951 3015 5002 κατ’
3049 4950 3231 5018 ἄνδρα
3276 4953 3620 5025 τελειότης·
3670 4956 3719 5006 εἰ

2091 5037 2270 5110 βούλει
2293 5039 2369 5102 δέ,
2400 5038 2523 5092 ούδέ
2553 5040 2586 5109 ἡ
2618 5038 2898 5108 στύφουσα
2934 5041 3186 5120 ποιότης,
3236 5045 3392 5116 πρὸς
3434 5045 3717 5118 ἁλουργὸν

2097 5130 2797 5204 βαφὴνεύτρεπίζουσατὴν
2828 5133 2981 5205 ὓλην,
3011 5134 3150 5205 πρὸς
3169 5135 3240 5188 τὸ
3273 5138 3389 5206 τῆς
3411 5139 3721 5209 πορφύρας

2090 5223 2248 5286 ἄνθος
2265 5231 2346 5272 φτ
2368 5237 2382 5250 ·
2407 5223 2516 5276 οὐδ’
2538 5225 2571 5292 ἡ
2595 5223 2701 5276 τῶν
2730 5226 3038 5295 χρωμάτων
3069 5227 3311 5295 κρᾶσις,
3344 5231 3449 5282 καὶ
3488 5231 3724 5301 μόρφω-

2092 5330 2176 5376 σις
2205 5312 2314 5366 τῶν
2348 5314 2765 5386 εἰκονισμάτων,
2809 5320 2930 5381 ταῖς
2975 5319 3500 5388 προτυπωθείσαις
3530 5339 3719 5392 γραμ-

1697 5540 1929 5597 VARIAE
1971 5537 2372 5597 LECTIONES.

478 5655 558 5694 ίιιτ
592 5641 726 5708 εἶδος
763 5645 826 5702 H.
