3876 6216
232 299 341 364 937

1016 306 1114 365 AD
1148 305 1742 367 AMPHILOCHIUM
1776 307 2121 378 QUIESTIO
2155 311 2463 385 CXCVIII,
2502 314 2747 376 CXCIX.

3384 314 3488 379 938

236 405 371 476 μαὶς
399 404 495 460 καὶ
526 407 844 478 χαράγμασι
864 407 975 462 τῶν
1006 410 1379 480 σκιασμάτων.
1398 412 1464 465 Τί
1487 412 1542 466 δὲ
1561 412 1786 483 βούλετα

1909 414 2089 472 ductis
2143 416 2303 473 lineis
2374 427 2428 474 et
2484 419 2955 477 adumbrationnm
3018 421 3506 497 descriptionibus,

234 497 273 568 ἡ
294 494 405 549 τῶν
428 496 730 553 δοκούντων
752 498 1088 554 ἀντικεῖσθαι
1113 502 1435 572 παράθεσις,
1468 503 1564 574 τὴν
1587 503 1807 576 δόκησιν

234 588 337 656 τῆς
373 588 742 655 ἐναντιώσεως
781 592 840 660 ἐξ
883 595 1050 664 αὐτῆς
1084 596 1463 665 ἀνατρέπουσα
1496 608 1518 635 ε
1566 597 1809 669 παραθέ-

236 696 412 748 σεως;
443 682 575 746 οὐδ’,
618 683 756 757 ὅπερ
806 686 966 750 αὑτὸς
1014 688 1259 758 ἀπορεῖς,
1292 687 1401 741 οὐδ’
1448 690 1481 759 ἡ
1529 689 1689 760 χάρις
1732 689 1808 762 τῷ

235 770 391 842 νόμῳ
435 774 770 829 ἀντίκειται·
834 786 1178 850 χειραγωγία
1212 780 1272 833 δὲ
1319 782 1413 834 καί
1447 781 1809 853 προάγγελος,

235 866 529 933 συμφωνία
575 883 637 921 τε
687 870 782 922 καὶ
813 871 1255 945 προκατασκευὴ,
1286 874 1379 927 καὶ
1424 874 1541 940 ὁδὸς
1573 875 1808 947 ὑπάρχει

236 954 337 1014 καὶ
384 960 734 1030 παρασκευὴ,
772 961 868 1015 καὶ
894 961 964 1015 τά
992 962 1126 1017 ἄλλα
1160 965 1371 1030 πάντα,
1420 968 1448 1019 6
1496 966 1659 1038 νόμος
1710 969 1811 1040 τῆς

235 1042 487 1114 χάριτος.
537 1046 832 1113 Τελεῐωσις
887 1049 986 1122 μὲν
1020 1052 1130 1122 γάρ
1160 1054 1306 1107 ἐστιν
1348 1054 1381 1124 ἡ
1413 1054 1599 1125 χάρις·
1629 1056 1808 1110 πάντα

230 1134 313 1198 δὲ,
347 1136 450 1193 ὅσα
490 1137 588 1209 τῆς
630 1140 984 1209 τελειώσεως,
1016 1145 1432 1217 προῦφέστηκεν
1453 1162 1467 1176 ·
1498 1147 1806 1219 ὑπηρετού-

236 1243 404 1296 μενος
441 1229 470 1281 6
498 1232 662 1300 νόμος
725 1234 941 1306 ἐδείχθη
990 1240 1057 1309 τῇ
1105 1239 1317 1310 χάριτι·
1371 1241 1806 1313 ἐχειραγὼγησε,

232 1318 603 1391 προεκήρυξε,
630 1324 1040 1394 προητοίμασεν
1060 1342 1075 1358 ·
1110 1329 1226 1392 ὁδὸς
1262 1331 1358 1383 καὶ
1380 1331 1549 1395 τύπος
1565 1333 1802 1400 ἐγένετο,

233 1405 295 1457 ἐν
326 1407 508 1479 ἐαυτῷ
546 1414 899 1483 σχηματίζων
930 1416 1025 1473 καὶ
1051 1418 1372 1485 ὑποδεικνὺς
1386 1421 1485 1494 τὴν
1515 1424 1802 1496 ἀλήθειανο

229 1497 388 1585 οὐδὲν
430 1500 538 1555 τῶν
603 1509 1241 1578 προπαρααευαζόντων
1281 1513 1600 1585 ὑστέρησεν.
1662 1519 1805 1572 Ἀλλ’

227 1584 399 1659 ἦλθεν
427 1593 461 1664 ἠ
500 1594 657 1667 χάρις
684 1613 700 1628 ο
756 1599 1046 1671 ἐσχόλασεν
1093 1603 1317 1671 εἰκότως
1364 1609 1392 1661 6
1415 1584 1613 1679 “por
1644 1611 1804 1680 φύσις

227 1681 344 1752 γὰρ
369 1683 527 1739 τοῦτο
572 1689 928 1758 προτελείων,
976 1693 1369 1759 ὑπεξίστασθαι
1403 1700 1496 1753 καὶ
1542 1719 1803 1774 παραχω-

229 1776 349 1864 ρεῖν
385 1778 451 1847 τῇ
490 1778 809 1852 τελειότητι.
840 1784 952 1837 Καὶ
1000 1786 1085 1840 ἵνα
1113 1790 1142 1842 6
1167 1788 1244 1861 τῷ
1274 1791 1424 1862 νόμῳ
1450 1795 1801 1864 προσανέχων

224 1863 380 1958 λαὸς,
411 1868 503 1922 τὸν
541 1872 599 1925 ἐν
629 1876 696 1942 τῇ
734 1875 914 1944 χάριτι
945 1876 1079 1932 Θεὸν
1108 1880 1339 1954 ἐπιγνῷ,
1374 1885 1466 1938 καὶ⁴
1503 1886 1605 1956 τῆς
1643 1863 1803 1958 νόμου

224 1953 417 2048 θεσίας
442 1958 571 2015 ὄντα
623 1961 837 2034 Κύριον
864 1966 912 2034 (ι
966 1953 1441 2047 Σχολάσατεγάρ,
1491 1953 1644 2048 φησὶ,
1706 1953 1800 2035 καὶ

230 2047 432 2141 γνῶτε,
456 2052 537 2106 ὅτι
568 2054 679 2123 ἐγώ
699 2059 814 2129 εἰμι
841 2061 869 2113 ὁ
894 2060 1050 2126 Θεὸς,
1078 2064 1170 2117 καὶ
1201 2047 1565 2141 ύψωθήσομαι
1599 2073 1658 2126 ἐν
1685 2077 1799 2141 τοῖς

220 2135 427 2231 ἔθνεσι,
446 2141 816 2231 ’ὑψωθήσομαι
845 2149 904 2202 ἐν
930 2153 994 2222 τῇ
1018 2153 1088 2222 γῇ
1125 2151 1196 2224 ι),
1223 2135 1393 2226 ἦλθεν*
1413 2158 1445 2229 ή
1467 2135 1656 2231 χάρις,
1693 2135 1799 2215 ὑπξ-

218 2226 511 2302 ιχώρησεν
538 2237 568 2288 6
593 2237 755 2307 νόμος
775 2254 792 2270 ⁶
821 2240 896 2304 ὡς
925 2243 1176 2315 ἀστέρες,
1205 2246 1358 2317 ἡλίου
1386 2226 1687 2320 φαίνοντας·
1722 2256 1799 2321 ὡς

218 2328 342 2394 νὺξ,
364 2331 687 2406 τῆςήμέρας
704 2335 1170 2413 διαυγ[αζ]ούσης⁶
1190 2343 1265 2407 ὡς
1290 2347 1345 2399 αἱ
1372 2347 1464 2400 τοῦ
1482 2349 1653 2420 πυρὸς
1671 2350 1797 2421 φλό-

218 2436 342 2487 γες,
373 2423 432 2485 ἐξ
489 2423 725 2497 αἰθρίας,
774 2430 871 2483 καὶ
914 2432 973 2482 ἐν
1017 2433 1258 2505 σταθερᾷ
1315 2439 1655 2512 μεσημϐρίᾳ,
1712 2440 1791 2513 τῷ

214 2513 433 2586 ἡλιακῷ
499 2519 639 2586 φωτὶ
699 2521 1148 2593 ἀμαυρούμεναι·
1194 2527 1270 2591 ὠς
1322 2535 1683 2600 καταργεῖται
1734 2536 1796 2590 τὸ

210 2607 437 2674 νήπιον,
473 2608 553 2670 είς
591 2608 757 2682 ἄνδρα
802 2613 902 2684 τῆς
951 2614 1167 2684 ἡλικίας
1215 2620 1670 2695 ἀναδραμούσης·
1718 2627 1794 2692 ὡς

210 2698 249 2791 ᾖ
288 2699 659 2771 ποιότηςντοῢ
701 2704 1018 2776 στύφοντος,
1079 2710 1180 2781 τῆς
1234 2715 1567 2786 πορφυρίδος
1613 2717 1793 2791 βαφῆς

211 2788 708 2863 ἐπικρατησάσης’
759 2796 835 2859 ὡς
893 2800 951 2852 αί
1001 2804 1258 2873 γραμμαὶ
1312 2805 1406 2856 καὶ
1461 2805 1528 2860 τὰ
1580 2788 1788 2878 προχα-

214 2880 503 2950 ράγματα,
555 2887 634 2948 είς
678 2887 1051 2960 διαμόρφωσιν
1082 2894 1179 2963 τῆς
1212 2895 1420 2959 είκόνος
1454 2914 1791 2971 συναπαρτι-

211 2972 478 3045 σθείσης·
549 2976 779 3034 ἕκαστον
810 2984 917 3053 γὰρ
971 2984 1079 3039 τῶν
1109 2985 1167 3041 ἐν
1216 2988 1454 3061 (ἑκατέρᾳ⁵
1505 2995 1790 3064 συστοιχίᾳ.

1909 504 2286 561 adversantur.
2319 508 2460 574 Quid
2486 524 2614 563 vero
2640 510 2745 564 sibi
2775 512 2886 565 vult
2930 527 3113 567 rerum
3147 528 3269 583 qua:
3296 513 3486 569 viden-

1911 607 1998 653 tur
2018 598 2087 654 ad
2120 601 2428 671 oppositum
2457 602 2694 667 collatio,
2729 618 2849 672 qum
2871 606 3277 662 contrarietatis
3315 622 3486 678 appa-

1909 692 2138 746 rentiam
2214 708 2309 760 per
2385 694 2558 763 ipsam
2641 695 3108 764 comparationem
3185 697 3490 753 subvertit?

1908 781 2111 854 Nempe
2169 802 2277 840 non
2341 786 2825 857 (quemadmodum
2870 787 2967 842 tibi
3029 789 3277 849 dubitare
3309 791 3489 845 visunt

1908 878 2012 946 est)
2039 878 2209 945 gratia
2260 878 2364 948 legi
2406 879 2793 936 contrariatur.
2821 879 2983 936 Certe
3014 882 3101 936 lex
3126 882 3483 937 manuductio

1909 970 2155 1036 quadam
2178 979 2281 1035 est,
2312 972 2793 1041 praeannuntiatio,
2851 973 3235 1041 consonantia,
3268 991 3476 1044 praepa-

1908 1059 2069 1122 ratio,
2134 1061 2218 1116 via
2271 1072 2324 1117 et
2384 1072 2693 1132 apparatus,
2727 1073 2783 1119 et
2822 1064 2868 1119 si
2906 1079 3029 1135 quze
3083 1064 3189 1119 alia
3235 1074 3385 1131 sunt,
3415 1067 3482 1121 ad

1908 1152 2158 1222 gratiam.
2186 1151 2283 1209 Est
2306 1154 2451 1208 enim
2478 1154 2651 1226 gratia
2686 1157 3090 1212 consummatio
3120 1174 3135 1209 :
3162 1171 3285 1229 quae
3315 1158 3485 1227 perti-

1906 1257 2037 1301 nent
2065 1246 2130 1302 ad
2161 1249 2713 1314 consummationem,
2745 1250 2930 1304 omnia
2970 1264 3197 1305 necesse
3225 1258 3309 1304 est
3340 1264 3479 1318 pra:-

1905 1340 2196 1395 exstitisse.
2232 1341 2642 1397 Demonstratur
2668 1342 2838 1412 legem
2879 1342 3190 1398 subservire
3242 1342 3432 1411 gratiae
3464 1360 3480 1396 :

1907 1430 2246 1497 manuduxit,
2284 1434 2762 1500 praeannuntiavit,
2802 1435 2942 1488 viam
2976 1434 3075 1504 ipsi
3110 1436 3336 1501 stravit;
3369 1436 3480 1494 via.

1906 1522 2101 1589 forma,
2164 1533 2217 1580 et
2243 1539 2500 1594 expressa
2535 1527 2713 1597 imago
2769 1527 2889 1590 fuit,
2921 1528 3098 1597 seipsa
3158 1528 3398 1596 figurans
3426 1536 3481 1582 et

1905 1615 2257 1671 subindicans
2307 1617 2608 1674 veritatem.
2675 1617 2821 1673 Nihil
2867 1619 3033 1688 plane
3086 1618 3259 1673 abfuit
3286 1635 3476 1674 eorum

1904 1723 2026 1777 qua:
2067 1708 2133 1762 ad
2180 1710 2633 1778 praeparationem
2681 1711 3022 1780 spectabant.
3092 1710 3254 1766 Venit
3281 1712 3477 1781 gratia,

1910 1799 2091 1855 inanis
2119 1798 2220 1854 fuit
2270 1802 2394 1872 (nec
2428 1802 2647 1872 injuria)
2678 1802 2784 1858 lex.
2834 1801 2929 1857 Est
2955 1804 3096 1858 enim
3127 1804 3475 1875 congenitum

1907 1889 2287 1946 antecedaneis
2310 1891 2677 1957 omnibus,'ut
2712 1893 2831 1948 loco
2861 1894 3077 1955 cedant.
3108 1897 3474 1969 submovean-

1907 1987 2104 2049 turque
2129 1980 2467 2049 perfectioni.
2493 1981 2561 2036 Et
2597 1993 2655 2038 ut
2686 1984 2776 2038 ille
2810 1986 3041 2055 p0pulus
3070 1988 3165 2055 qui
3204 1986 3270 2041 ad
3298 1986 3468 2058 legem

1906 2072 2236 2137 attendebat,
2267 2072 2436 2129 Deum
2462 2088 2783 2147 agnosceret
2843 2079 2947 2133 sub
3003 2080 3175 2148 gratia
3209 2094 3477 2150 apparen-

1905 2170 2035 2227 tem,
2092 2172 2148 2218 et
2197 2163 2489 2221 Dominum
2523 2182 2740 2238 quoque
2799 2169 2933 2239 legis
2963 2171 3243 2227 exstitisse
3275 2192 3289 2228 :
3321 2192 3339 2224 ι
3375 2176 3471 2229 Δι-

1903 2254 2109 2310 tendite
2135 2255 2302 2322 enim,
2355 2256 2551 2329 inquit,
2588 2268 2642 2313 et
2678 2261 2959 2334 intelligite
2995 2262 3141 2333 quod
3177 2278 3277 2333 ego
3328 2260 3475 2318 Deus

1902 2347 2028 2414 sim,
2050 2360 2104 2405 et
2130 2350 2409 2406 exaltabor
2431 2352 2571 2407 inter
2592 2362 2798 2423 gentes,
2827 2355 3107 2409 exaltabor
3126 2355 3179 2409 in
3204 2365 3349 2413 terra
3365 2357 3466 2414 ⁸⁷.»

1900 2442 2132 2497 Advenit
2177 2443 2370 2514 gratia,
2426 2446 2655 2501 secessit
2715 2447 2823 2502 lex.
2888 2449 2966 2503 lta
2999 2449 3166 2505 stellae
3205 2452 3471 2507 recedunt

1901 2543 2157 2604 surgente
2193 2536 2329 2598 sole,
2356 2545 2407 2591 et
2439 2552 2546 2592 nox
2581 2538 2673 2592 ubi
2700 2538 2819 2595 dies
2846 2540 3154 2609 illucescit;
3184 2550 3242 2597 ut
3288 2542 3471 2613 ignita:

1899 2625 2151 2690 ﬂammae,
2182 2641 2277 2695 per
2303 2627 2498 2681 sudum
2534 2630 2757 2696 coelum,
2807 2638 2863 2686 et
2895 2632 3177 2688 meridiem
3209 2634 3466 2700 mediam,

1899 2731 1930 2770 a
1962 2716 2234 2774 solaribus
2285 2719 2455 2776 radiis
2506 2720 2915 2788 obscurantur;
2964 2739 3073 2779 non
3104 2725 3261 2779 aliter
3292 2741 3462 2796 quam

1899 2808 2164 2864 infantilis
2190 2823 2321 2866 mtas
2341 2826 2434 2881 per
2465 2812 2673 2866 virilem
2717 2814 2988 2881 aboletur,
3018 2829 3143 2869 cum
3181 2822 3469 2870 succreve-

1897 2900 2011 2954 rit:
2042 2908 2101 2954 ut
2126 2901 2361 2969 qualitas
2399 2903 2770 2974 astringentis,
2817 2904 2908 2959 ubi
2949 2906 3185 2963 tinctura
3212 2921 3467 2973 purpurae

1896 2992 2220 3062 praevaluit:
2278 3001 2337 3046 ut
2390 2993 2548 3048 lineae
2590 3002 2641 3048 et
2667 2994 3171 3064 praedelineationes
3199 3011 3295 3066 per
3323 2997 3464 3051 ima-

209 3065 561 3163 εἰρημένων,
613 3070 674 3123 τὸ
708 3072 809 3142 μὲν
863 3075 938 3138 ὡς
984 3077 1172 3141 ἀτελὲς
1226 3084 1597 3153 προηγήσατο,
1633 3087 1695 3139 τὸ
1732 3086 1791 3140 δὲ

1896 3084 2035 3152 ginis
2091 3082 2467 3138 formationem
2542 3085 2924 3142 absorbentur.
2998 3065 3223 3158 Singula
3282 3098 3462 3141 autem

207 3154 291 3216 ὠς
324 3156 531 3211 τέλειον
575 3161 868 3229 ἐπεγένετο
905 3167 952 3202 ι’
989 3168 1083 3221 καὶ
1109 3166 1234 3223 οὔτε
1264 3170 1343 3241 τῷ
1374 3175 1788 3246 προϋπάρξαντι

1895 3190 2081 3229 eorum
2136 3192 2257 3244 qua:
2304 3175 2358 3228 in
2392 3186 2624 3246 utraque
2673 3178 3082 3248 comparatione
3121 3189 3250 3234 sunt
3277 3181 3462 3245 allata,

208 3247 275 3299 τὸ
303 3246 625 3319 ἐπιγεγονὺς
661 3254 900 3327 ὑπάρχει
932 3258 1223 3329 πολέμιον’
1260 3264 1464 3332 μᾶλλον
1498 3278 1525 3305 ιι
1565 3266 1666 3337 μὲν
1696 3268 1791 3323 οὖν

210 3339 390 3411 πολλὴ
411 3343 549 3413 πρὸς
570 3346 775 3417 ἄλληλα
797 3349 1000 3404 τούτων
1030 3354 1320 3423 συμφωνία
1346 3358 1439 3411 καὶ
1457 3360 1745 3429 συγγένεια
1771 3377 1785 3392 ⁶

206 3430 527 3522 οὖτενμένει
560 3436 631 3490 τά
665 3441 930 3512 πρότερα,
955 3442 1063 3496 τῶν
1099 3446 1322 3500 τελείων
1366 3449 1785 3522 ἐπιγινομένων.

208 3521 472 3586 Τοιοῦτός
500 3526 648 3581 ἐστιν
671 3531 699 3583 6
730 3530 892 3600 νόμος
931 3534 1031 3602 τῆς
1062 3534 1297 3603 φύσεως,
1323 3541 1423 3610 τῆς
1453 3521 1790 3613 τελειότητος

206 3614 614 3708 ἐνεργουμένης
646 3623 837 3692 ἀργεῖν
862 3626 961 3679 ὅσα
993 3630 1069 3690 είς
1099 3629 1198 3699 τὴν
1236 3632 1407 3703 αὑτῆς
1444 3639 1788 3708 κατασκευὴν

205 3705 308 3758 καὶ
341 3709 647 3767 συντέλειαν
678 3715 1151 3785 παρελαμϐάνετο.
1182 3723 1343 3775 Ὥστε
1374 3727 1468 3778 καὶ
1501 3705 1786 3799 κατήργη-

202 3814 303 3851 ται
338 3798 367 3849 ὁ
412 3799 595 3871 νόμος,
630 3806 729 3873 τῆς
765 3806 987 3877 χάριτος
1016 3811 1339 3883 ἐπιστάσης,
1366 3818 1458 3868 καὶ
1518 3818 1579 3870 οὑ
1614 3798 1787 3874 κατα-

202 3889 464 3943 λέλυταιο
501 3895 593 3946 καὶ
644 3897 940 3963 πέπαυται,
1000 3903 1093 3955 καὶ
1142 3905 1201 3955 οὑ
1256 3904 1638 3977 διαϐέϐληταιο
1689 3912 1785 3965 καὶ

208 3983 581 4054 πεπλήρωκεν
601 3987 763 4043 αὑτὸν
783 3993 1057 4062 ὀΧριστὸς
1081 3997 1353 4069 μηδεμίαν
1368 4003 1595 4072 κεραίαν
1618 4005 1785 4070 λύσας

203 4072 273 4138 ἐξ
312 4074 478 4127 αὑτοῦ
500 4093 513 4108 ο
550 4080 644 4130 καὶ
675 4080 794 4133 ὅλον
823 4074 1087 4153 ἠφάνισε,
1114 4087 1407 4154 τελειώσας
1447 4094 1612 4157 αὑτόν
1636 4112 1650 4126 ·
1682 4098 1783 4150 οὐκ

200 4163 331 4217 ἐστι
363 4172 391 4202 ν
424 4165 533 4237 γὰρ
583 4167 675 4220 τοῦ
711 4171 1189 4243 παιδαγωγοῦντος
1224 4181 1412 4250 χρεία,
1445 4183 1610 4237 αὑτοῦ
1641 4203 1784 4259 παρ-

200 4257 364 4320 όντος
422 4258 515 4310 τοῦ
573 4260 924 4347 διδασκάλου·
994 4268 1296 4323 καταλῦσαι
1347 4273 1445 4342 μὲν
1487 4276 1595 4346 γάρ
1651 4257 1768 4332 ἐστι

200 4352 304 4403 καὶ
339 4348 592 4421 διαὸολῆς
620 4352 802 4423 ἔνοχον
847 4355 1084 4423 ἐλέγξαι,
1136 4360 1197 4412 τὸ
1227 4362 1291 4414 ἐκ
1350 4362 1568 4435 βάθρων
1617 4368 1780 4423 αὑτὸν

1890 3262 1970 3314 vel
1999 3270 2058 3316 ut
2088 3262 2401 3331 imperfecta
2421 3277 2835 3332 praecesserunt,
2862 3266 2942 3321 vel
2975 3268 3301 3323 subinducta
3333 3280 3463 3325 sunt

1891 3361 1951 3408 ut
1980 3354 2218 3423 perfecta
2252 3370 2266 3408 :
2300 3355 2391 3409 ubi
2418 3371 2595 3428 neque
2633 3359 2779 3427 quod
2822 3359 3294 3417 subintrodueitur
3323 3378 3462 3433 pra:-

1888 3448 2168 3501 exsistenti
2203 3448 2522 3504 adversatur
2562 3450 2766 3521 (potius
2812 3453 2998 3515 multis
3031 3454 3206 3509 modis
3235 3456 3375 3511 inter
3403 3472 3462 3512 se

1889 3540 2207 3608 conspirant
2234 3550 2287 3595 et
2310 3542 2657 3612 c0pu|antur)
2694 3559 2869 3614 neque
2903 3554 3081 3599 tamen
3114 3548 3293 3616 priora
3329 3552 3485 3619 θιὼ-ί

1889 3630 2093 3684 sistunt
2127 3629 2548 3699 perfectioribus
2580 3634 3033 3692 subintroductis.
3065 3635 3459 3707 llujuscemndi

1887 3729 1970 3774 est
2001 3728 2191 3774 natura
2230 3719 2363 3789 legis
2408 3735 2666 3791 operante
2717 3722 3089 3792 perfectione;
3121 3728 3299 3781 inania
3331 3740 3461 3782 sunt

1885 3822 1939 3865 et
1966 3811 2187 3874 frustra,
2224 3829 2561 3883 quaecunque
2585 3814 2651 3869 ad
2688 3815 2860 3885 ipsius
2888 3828 3207 3888 apparatum
3245 3828 3299 3873 et
3329 3836 3460 3873 con-

1886 3906 2304 3958 summationem
2336 3900 2775 3961 assumebantur.
2803 3908 2883 3963 Ad
2922 3911 3066 3964 hunc
3100 3912 3319 3965 modum
3347 3912 3455 3977 lex,

1886 3994 2212 4050 adventante
2240 3996 2433 4067 gratia,
2460 4008 2778 4065 evacuatur,
2816 4015 2915 4053 nec
2955 4000 3204 4055 aboletur
3235 4011 3457 4069 tamen;

1885 4094 2083 4149 cessat,
2111 4084 2204 4139 sed
2236 4100 2341 4138 non
2376 4084 2734 4155 improbatur,
2783 4088 3101 4156 adimplevit
3140 4105 3258 4144 eam
3298 4090 3455 4144 Chri-

1886 4184 2025 4239 ειυς,
2055 4176 2147 4246 qui
2180 4191 2278 4231 nec
2303 4177 2512 4247 apicem
2555 4177 2702 4231 illius
2746 4178 2985 4244 violavit,
3016 4178 3111 4233 sed
3163 4189 3331 4233 totam
3365 4195 3457 4234 se-

1884 4266 2073 4333 movit,
2129 4267 2217 4322 ubi
2264 4268 2580 4339 impleverat
2610 4285 2751 4325 eam.
2792 4267 2980 4340 Neque
3027 4272 3171 4325 enim
3206 4286 3343 4342 opus
3373 4278 3456 4327 es:

1885 4358 2199 4429 paedagogo,
2232 4360 2322 4415 ubi
2355 4360 2581 4431 ipsemet
2607 4362 2824 4416 advenit
2860 4360 3203 4419 informator.
3234 4361 3457 4418 Solvere

200 4440 535 4510 ἀνατρέψαι,
561 4442 753 4514 μηδενὶ
778 4446 887 4499 τῶν
913 4448 1079 4502 αὑτοῦ
1100 4450 1482 4523 δικαιωμάτων
1502 4475 1781 4533 προσχρη-

1895 4449 2105 4517 quidem
2137 4465 2278 4517 eam,
2311 4462 2365 4507 et
2394 4460 2653 4521 tanquam
2684 4452 2849 4523 iusta:
2871 4453 3159 4508 obnoxiam
3192 4454 3453 4508 crimina-

201 4532 480 4600 σάμενονο
524 4533 728 4587 παῦσαι
757 4536 816 4588 δὲ
865 4539 960 4590 καὶ
990 4540 1228 4612 ἀργῆσαι
1266 4544 1445 4613 μόνον,
1499 4548 1638 4616 μετά
1681 4532 1782 4621 τῆς

199 4622 528 4693 πρεπούσης
552 4624 829 4695 εὐφημίας
850 4642 864 4657 ο
890 4628 948 4679 τὸ
980 4629 1292 4701 διακονῆσαι
1318 4635 1435 4702 μὲν,
1464 4631 1544 4700 οἷς
1571 4641 1778 4705 ἐκεῖνος

196 4712 542 4782 ἐνομοθέτει,
582 4717 881 4785 ἐπαγαγεῖν
924 4720 981 4773 δὲ
1042 4721 1141 4792 τὴν
1186 4726 1367 4795 χάριν,
1405 4730 1501 4782 καὶ
1555 4731 1645 4785 διά
1684 4734 1778 4788 τοῦ

197 4799 419 4853 τελείου
449 4802 508 4855 τὸ
559 4802 748 4867 ἀτελὲς
774 4808 1197 4879 ἀποκρύψασθαι
1218 4829 1231 4843 ·
1267 4817 1362 4867 καὶ
1408 4819 1669 4874 καταλύει
1698 4822 1777 4888 δὲ,

195 4891 304 4960 οὑχ
338 4892 365 4943 6
400 4892 475 4962 μὴ
506 4894 862 4963 παραϐαίνων
892 4900 1020 4961 τοὺς
1068 4900 1161 4953 τοῦ
1190 4904 1355 4973 νόμου
1396 4908 1618 4978 νόμους,
1662 4912 1780 4965 ἀλλ’

196 4983 230 5035 6
262 4982 639 5053 παραϐαίνων.
673 4986 1009 5059 Παραϐαίνει
1051 4992 1127 5058 δὲ,
1170 4997 1268 5066 οὑχ
1298 4999 1326 5050 6
1354 4999 1638 5068 σχολάζειν
1677 5005 1779 5057 αὑ-

193 5074 333 5135 τοὺς
358 5075 453 5126 καὶ
482 5074 674 5146 ἀργεῖν
700 5077 1015 5146 ὀφείλοντας
1045 5083 1229 5149 εἰδώς·
1260 5086 1373 5141 ἀλλ’
1407 5092 1435 5142 6
1461 5090 1597 5160 μηδὲ
1620 5095 1778 5149 τοῦτο

194 5163 359 5229 sirm;
412 5166 431 5235 (
462 5168 642 5221 καίτοι
700 5170 970 5243 πολλαχοῦ
1003 5174 1098 5246 τὴν
1136 5178 1343 5233 οἰκείαν
1375 5181 1573 5251 ἀργίαν
1600 5186 1780 5241 αὐτῶν

196 5256 433 5311 ἐκείνων
460 5257 946 5335 διακεκραγότων),
981 5267 1074 5320 καὶ
1104 5269 1201 5340 οὑχ
1230 5271 1257 5322 ό
1287 5272 1425 5341 μετά
1445 5272 1543 5344 τὴν
1580 5277 1777 5348 σχολὴν

273 5392 321 5425 ⁸⁷
354 5390 499 5450 Psal.
535 5410 659 5462 xcv,
690 5398 779 5455 ll.

1879 4540 2012 4593 tioni
2041 4539 2285 4595 funditus
2305 4556 2425 4596 eam
2451 4544 2738 4608 subruere,
2765 4554 2847 4601 est
2875 4545 3043 4610 illius,
3081 4544 3174 4614 qui
3206 4545 3353 4599 nulla
3384 4560 3451 4601 ex

1876 4640 2030 4700 parte
2086 4633 2204 4702 ejus
2275 4649 2408 4688 usus
2455 4633 2621 4689 fuerit
2666 4635 3173 4704 justilicatiouibus.
3249 4636 3453 4691 Facere

1878 4730 2055 4777 autem
2076 4734 2135 4778 ut
2168 4725 2578 4796 interquiescat,
2601 4736 2656 4781 et
2682 4727 2863 4783 inanis
2888 4728 3167 4793 reddatur,
3202 4742 3309 4782 non
3343 4729 3451 4784 nisi

1877 4830 2004 4870 cum
2061 4819 2382 4887 congruenti
2416 4818 2727 4875 laudatione
2770 4820 2886 4874 ﬁeri
2927 4829 3126 4890 potest.
3178 4821 3451 4879 lnservire

1879 4908 1947 4964 iis
1976 4924 2097 4978 quae
2117 4911 2233 4981 lege
2256 4912 2597 4977 sanciuntur,
2625 4913 2857 4982 gratiam
2889 4914 3199 4969 subinferre
3242 4908 3471 4983 tamen,

1879 5011 1934 5054 et
1972 5002 2347 5071 imperfectum
2385 5005 2529 5075 quod
2563 5014 2647 5060 est
2674 5006 2777 5060 sub
2806 5007 3045 5075 perfecto
3091 5009 3445 5065 abscondere.

1883 5094 2057 5151 Solvit
2110 5097 2363 5166 quidem,
2419 5114 2527 5152 non
2582 5099 2674 5168 qui
2716 5115 3057 5171 nequaquam
3111 5103 3247 5172 legis
3312 5105 3446 5154 scita

1881 5189 2299 5258 transgreditur,
2330 5190 2423 5245 sed
2456 5192 2549 5260 qui
2580 5193 2996 5260 transgreditur.
3024 5192 3447 5263 Transgroditur

1880 5292 2067 5348 porro,
2103 5293 2209 5332 non
2241 5279 2335 5349 qui
2387 5280 2537 5334 novit
2572 5290 2821 5350 oportere
2870 5280 2991 5337 illas
3022 5296 3239 5337 cessare
3272 5289 3326 5334 et
3355 5280 3451 5331 dc-

1498 5585 1732 5642 VARUE
1763 5588 2165 5647 LECTIONES.

276 5728 304 5759 ⁸
351 5723 779 5795 παρατρέπουσα
811 5724 876 5783 II.
959 5727 977 5765 ⁸
1003 5728 1298 5797 ἀπεγένετο
1327 5728 1390 5786 H.
1472 5744 1495 5773 υ
1519 5734 1655 5803 μείω
1688 5734 1751 5790 ll.

1852 5746 1879 5773 ν
1906 5737 2088 5791 οὐκέτι
2123 5738 2188 5794 ΙΙ.
