3854 6216
444 347 547 410 939

1590 346 1853 407 PIIOTlI
1897 348 2392 409 PATRIARCII.‘E
2436 353 2544 414 (ΣΡ.

3572 368 3663 431 940

440 472 717 521 suescere,
779 458 873 514 sed
919 458 1011 527 qui
1067 472 1173 511 non
1208 458 1357 512 novit
1407 458 1549 512 istud
1608 459 1774 529 (certe
1830 460 2007 515 multis

2120 462 2218 514 καὶ
2269 464 2371 535 τὴν
2420 466 2581 536 χάριν
2637 467 2945 538 ἀχρήστους
2997 468 3177 549 εἰδὼς,
3208 470 3321 525 ἀλλ’
3369 477 3397 528 ὁ
3444 479 3543 547 πρδ
3573 483 3664 549 τῆς

440 549 493 601 in
530 548 663 601 locis
700 547 974 617 propriam
1004 548 1361 616 ipsarmnmet
1385 549 1745 603 cessationem
1778 549 1909 615 ipsa:
1940 550 2017 604 le-

438 655 531 715 ges
559 640 895 710 proclamant
930 641 949 707 )
979 657 992 692 :
1030 654 1139 691 non
1197 639 1287 707 qui
1327 651 1448 709 post
1478 640 1707 710 gratiam
1743 651 1797 695 et
1833 656 2015 696 cessa-

436 732 642 785 tionem
692 730 914 784 inutiles
945 730 1214 799 agnoscit,
1252 734 1344 787 sed
1400 733 1494 803 qui
1547 739 1676 787 ante
1699 731 1887 802 gratia:
1918 733 2015 788 ad-

433 840 680 895 ventum,
709 828 838 882 dum
878 828 1059 882 adhuc
1094 828 1405 882 obtinerent
1433 825 1804 894 operationem
1833 839 2011 891 suam,

435 933 695 993 tanquam
749 919 1008 991 profanas
1056 926 1423 974 aversaretur.
1474 915 1678 971 Sancta
1734 916 1900 986 igitur
1924 916 2011 971 lex

431 1024 537 1081 cst,
565 1014 735 1083 justa,
768 1013 932 1076 bona,
964 1026 993 1064 a
1029 1011 1172 1065 bono
1205 1007 1463 1062 nimirum
1494 1006 1756 1075 profecta,
1792 1022 2009 1062 summe

431 1115 641 1166 sancto.
672 1115 727 1159 et
752 1104 1122 1157 omnimodam
1141 1100 1411 1171 justitiam
1436 1099 1841 1169 perfectissime
1877 1114 2013 1168 ope-

431 1207 609 1253 rante.
674 1196 892 1252 Exstitit
941 1194 1270 1264 praenuntia,
1333 1203 1390 1246 at
1438 1208 1585 1247 nunc
1644 1200 1705 1245 ut
1774 1192 2010 1256 inutilis,

428 1291 663 1361 quiescit
696 1302 749 1343 et
779 1288 1035 1343 cessavit.
1081 1285 1137 1339 In
1192 1286 1425 1339 adventu
1456 1285 1599 1339 enim
1638 1282 1854 1339 Domini
1888 1298 2015 1353 pro-

427 1384 700 1438 curatoris
747 1382 983 1436 ofﬁcium
1024 1394 1240 1434 cessare
1298 1378 1478 1432 debet.
1509 1375 1621 1432 Nec
1656 1387 1776 1446 post
1805 1378 2011 1430 contir-

426 1486 628 1529 matam
658 1473 1024 1528 valetudinem
1061 1472 1127 1526 ad
1162 1472 1456 1540 pltannaca
1482 1469 1753 1539 ‘quispiam
1782 1484 1841 1523 se
1873 1483 2011 1523 con-

425 1564 603 1621 feret:
654 1581 761 1619 non
792 1566 884 1635 qui
916 1566 1042 1619 cibo
1073 1565 1151 1619 uti
1185 1570 1361 1633 potest
1394 1562 1631 1627 fortiori,
1687 1561 1754 1615 de
1793 1562 2009 1617 nutrice

427 1659 649 1713 habebit
695 1658 1165 1721 sollicitudinem;
1225 1672 1331 1709 non
1372 1655 1466 1724 qui
1511 1655 1783 1710 rhetorice
1828 1654 2014 1709 decla-

426 1761 562 1817 mat,
592 1750 923 1820 syllabarum
969 1748 1373 1819 grammatistas
1420 1745 1731 1815 indaganda
1756 1754 2004 1815 quaeret;

426 1858 592 1897 nemo
622 1843 716 1912 qui
750 1842 908 1897 ducis
938 1841 1117 1895 locum
1142 1839 1439 1893 obtinuerit
1472 1839 1525 1892 in
1561 1839 1701 1904 acie,
1744 1838 2004 1892 militari-
2040 1823 2081 1877 Β

422 1936 529 1992 bus
589 1934 814 1990 inscribi
871 1935 1157 1989 ordinibus
1213 1934 1436 2002 cupiet;
1504 1948 1665 1987 nemo
1694 1934 2001 1988 caelestium

423 2040 651 2094 compos
676 2024 875 2089 factus,
908 2025 1048 2077 bona
1079 2032 1290 2077 terrena
1333 2024 1401 2078 iis
1443 2023 1690 2093 praeferet
1732 2042 1746 2078 :
1784 2024 1876 2078 sed
1910 2040 2009 2081 nec

426 2117 575 2187 regio
636 2126 830 2169 ornatu
869 2115 1197 2178 instructus,
1246 2115 1517 2184 privatam
1566 2114 1829 2181 tunicam,
1871 2116 2007 2170 sub-

419 2210 694 2279 jectorum
723 2208 928 2272 locum,
967 2221 1067 2275 pro
1106 2215 1250 2261 statu
1301 2206 1703 2275 superioritatis
1732 2221 1795 2260 ac
1828 2207 2007 2262 domi-

426 2303 664 2358 nationis
733 2302 1065 2357 immntabit.
1117 2300 1314 2366 Habes,
1351 2305 1405 2355 ni
1453 2301 1634 2368 fallor,
1669 2312 1727 2356 ut
1758 2318 1854 2372 per
1889 2304 2007 2372 epi-

426 2396 687 2451 stolarem
713 2391 969 2459 formam,
997 2393 1177 2449 dubize
1213 2393 1536 2464 quaestionis
1575 2408 1781 2463 susque
1831 2395 2007 2463 deque

420 2489 658 2561 jactatzn,
699 2498 754 2544 et
784 2489 974 2542 multis
1002 2488 1280 2542 multoties
1306 2488 1715 2543 inextricabiles
1747 2490 2008 2559 quaestio-

425 2597 524 2637 nes
559 2580 868 2635 exbibentis
916 2580 1216 2634 solutiones
1251 2580 1604 2634 sufﬁcientes.
1647 2580 1786 2634 Hinc
1808 2579 2002 2645 Jmlzei,

424 2672 645 2744 Pagani,
681 2672 973 2727 Marcionis
1001 2672 1337 2727 assertiones
1410 2672 1838 2734 confundentur,
1876 2675 1999 2743 qui-

423 2778 533 2831 que
562 2778 659 2831 per
685 2762 956 2832 ejusmodi
997 2763 1399 2831 oppositionem
1436 2763 1787 2816 multifariam
1816 2773 2004 2817 contra

424 2851 725 2909 Ecclesiam
750 2853 911 2909 divisi
933 2853 1379 2909 insurrexerunt.
1405 2852 1825 2909 Consummavit
1847 2855 2007 2910 Chri-

424 2955 569 3009 stus,
632 2962 739 3001 non
796 2947 1049 3003 dissolvit
1078 2947 1249 3017 legem
1282 2965 1294 3000 :
1325 2946 1485 3000 otiari
1534 2946 1684 3009 fecit,
1726 2964 1835 3001 non
1875 2964 2007 3003 con-

425 3038 753 3094 demnavit:
815 3040 1133 3109 conspirant
1187 3054 1363 3106 usque
1414 3038 1551 3093 adeo
1609 3040 1778 3109 gratia
1812 3052 1865 3094 et
1896 3041 2003 3104 lex,

423 3144 533 3186 non
565 3139 825 3201 pugnant.
854 3129 910 3186 Si
937 3132 1060 3201 quis
1100 3140 1310 3186 asserat
1356 3130 1647 3186 Dominum
1682 3132 2003 3189 dissolvisse
2032 3158 2075 3215 α

423 3223 560 3291 legis
594 3224 853 3289 litteram,
889 3224 1201 3297 implevisse
1228 3234 1411 3278 autem
1444 3225 1781 3292 spiritualem
1809 3226 2003 3295 legem,

424 3330 532 3368 non
564 3315 773 3369 abludit
795 3331 825 3370 a
854 3332 979 3370 vero
1010 3316 1154 3384 quod
1174 3316 1251 3371 sic
1279 3315 1600 3369 afﬁrmatur.
1638 3316 1705 3371 At
1730 3316 2003 3372 aflirmare

2117 554 2360 623 χάριτος,
2404 558 2499 610 καὶ
2526 561 2586 612 ὲν
2631 558 2781 630 αὐτῷ
2812 562 2911 632 τῆς
2944 562 3223 631 ἐνεργείας
3264 564 3338 634 τῷ
3380 569 3562 639 καιρῷ,
3594 572 3664 636 ὡς

2117 644 2379 717 βεϐήλους
2418 648 2920 721 ἀποστρεφόμενος.
2952 652 3145 720 ’Ἄγιος
3175 649 3269 707 οὖν
3312 657 3339 708 ὁ
3377 657 3553 727 νόμος,
3581 664 3669 716 καὶ

2114 739 2341 806 δίκαιος,
2374 742 2467 795 καὶ
2495 742 2697 810 ἀγαθός
2721 759 2735 773 ·
2765 743 2973 810 ἀγαθοῦ
3010 744 3140 815 γὰρ,
3190 744 3269 809 ὡς
3314 747 3541 819 ἀληθῶς,
3580 756 3668 809 καὶ

2116 831 2442 903 ὑπεραγίου,
2472 834 2567 887 καὶ
2596 835 2778 888 πᾶσαν
2819 835 3173 906 δικαιοσύνην
3203 836 3489 908 ὑπερφυῶς
3526 845 3670 898 τελε.

2117 925 2350 994 σαμένου
2380 926 2593 997 ὑπῆρχε
2639 927 2975 996 προάγγελος
2994 944 3008 957 ·
3050 926 3320 999 ἄχρηστος
3342 931 3397 983 δὲ
3427 934 3517 987 καὶ
3554 954 3671 1007 σχο-

2115 1016 2269 1081 λάζει
2312 1018 2405 1072 καὶ
2450 1019 2745 1072 πέπαυται.
2790 1018 3127 1089 Ἐφεστῶτος
3170 1018 3279 1091 γὰρ
3310 1020 3404 1073 τοῦ
3450 1024 3674 1095 Κυρίου,

2115 1110 2409 1182 ἡσυχάζειν
2458 1110 2631 1164 δεῖτά
2663 1109 2757 1163 τοῦ
2793 1110 3093 1183 ἐπιτρόπου
3117 1125 3131 1139 °
3182 1111 3278 1164 καὶ
3323 1111 3498 1176 οὐδεὶς
3547 1117 3677 1184 μετά

2114 1199 2213 1271 τὴν
2239 1200 2486 1271 καθαρὰν
2520 1201 2738 1270 ὑγίειαν
2787 1202 2880 1254 ἐπὶ
2901 1205 2971 1256 τὰ
3002 1202 3271 1273 φάρμακα
3319 1205 3531 1274 τρέχει·
3562 1207 3677 1261 οὐδὲ

2116 1292 2343 1362 στερεᾶς
2354 1292 2559 1362 τροφῆς
2579 1292 2893 1358 ἀπολαύων,
2916 1292 3016 1363 τὴν
3032 1291 3377 1363 θηλάζουσαν
3397 1299 3680 1367 περιεργά-

2116 1383 2302 1449 ζεται·
2340 1383 2464 1437 οὐδὲ
2498 1383 2832 1455 ῥητορεύων,
2864 1385 2991 1447 τοὺς
3042 1384 3151 1437 τῶν
3196 1384 3479 1440 συλλαϐῶν
3503 1404 3676 1459 γραμ-

2117 1477 2382 1547 ματιστὰς
2408 1477 2585 1547 ςητῶν
2605 1477 2985 1547 περιέρχεταιο
3016 1478 3075 1530 οὐ
3107 1478 3219 1549 μὴν
3246 1477 3357 1530 οὐδ’
3378 1480 3457 1541 είς
3488 1496 3683 1549 στρατ-

2110 1569 2282 1638 ηγοὺς
2330 1568 2607 1637 ἀναχθεὶς,
2653 1568 2753 1639 τὴν
2786 1566 2892 1621 τῶν
2919 1568 3269 1638 στρατιωτῶν
3320 1569 3474 1638 λῆξιν
3498 1571 3685 1624 ἐπιπο-

2114 1659 2350 1730 θήσειεν.
2379 1659 2515 1712 Οὐδὲ
2539 1659 2667 1722 τοὺς
2704 1658 2971 1729 οὐρανοὺς
3016 1653 3233 1724 λαϐὼν,
3256 1658 3328 1711 τὰ
3360 1659 3544 1728 ἀγαθά
3587 1660 3681 1729 τῆς

2114 1752 2216 1822 γῆς
2261 1753 2688 1821 προτιμήσειεν.
2737 1750 2926 1820 ὥσπερ
2960 1750 3068 1803 οὐδ’
3110 1752 3138 1803 ὁ
3186 1750 3476 1819 βασιλείαν
3518 1752 3685 1814 ἐνδὺς,

2109 1843 2199 1896 τὸν
2228 1842 2444 1912 ἰδιώτην
2477 1842 2702 1913 χιτῶνα,
2731 1844 2825 1895 καὶ
2851 1842 2952 1912 τὴν
2977 1841 3221 1912 ὑπήκοον
3240 1838 3419 1906 τάξιν,
3446 1842 3569 1897 ἀντὶ
3595 1843 3689 1912 τῆς

2110 1935 2514 2005 ἑπιστατούσης
2541 1936 2637 1989 καὶ
2659 1934 2878 2006 κυρίας,
2908 1934 3220 1998 ἀλλάξαιτο.
3259 1934 3449 2004 Ἔχεις
3475 1935 3686 1997 ἱκανῶς,

2109 2027 2289 2101 οἶμαι,
2325 2030 2421 2083 καὶ
2456 2029 2719 2098 μάλιστα,
2744 2028 2820 2092 ὠς
2861 2028 2919 2080 ὲν
2950 2027 3249 2094 ἐπιστολῆς
3276 2026 3455 2097 τόπῳ,
3489 2027 3692 2097 ἀπορή-

2113 2137 2286 2191 ματος
2314 2120 2428 2174 ἄνω
2459 2119 2553 2171 καὶ
2580 2119 2730 2173 κάτω
2761 2118 3087 2188 φερομένου,
3128 2115 3230 2169 καὶ
3258 2115 3468 2185 πολλὴν
3502 2114 3689 2170 πολλά-

2110 2230 2197 2276 κις
2235 2212 2550 2283 ἀμηχανίαν
2581 2209 3024 2281 παρεσχημένου,
3051 2207 3148 2272 τάς
3168 2206 3360 2271 λύσεις
3393 2206 3683 2276 ἀφθόνους*

2108 2307 2176 2361 δι’
2201 2301 2276 2360 ὧν
2311 2305 2407 2359 καὶ
2452 2304 2722 2369 Ἰουδαῖοι,
2753 2302 2850 2357 καὶ
2886 2302 3174 2372 Ἕλληνες,
3207 2302 3308 2355 καὶ
3348 2301 3399 2353 oi
3435 2299 3691 2370 Μαρκίω-

2109 2415 2198 2461 νος
2224 2397 2372 2465 λόγοι
2418 2394 2885 2466 συγχυθήσονταιο
2927 2393 3082 2447 αὐτοὶ
3117 2390 3380 2457 δόξαντες
3421 2390 3696 2453 πολλάκις,

2109 2489 2199 2542 διὰ
2221 2490 2317 2559 τῆς
2350 2487 2607 2557 τοιαύτης
2636 2484 3016 2557 παρατάξεως,
3042 2485 3143 2554 τῆς
3194 2483 3539 2553 Ἐκκλησίας
3565 2500 3693 2535 κατ-

2109 2579 2513 2644 εξανὶστασθαι.
2565 2576 2881 2631 Ἐτελείωσε
2916 2576 3024 2644 γὰρ
3052 2578 3144 2628 τὸν
3170 2576 3347 2645 νόμον
3394 2575 3425 2627 ό
3449 2568 3698 2645 Χριστδξ,

2112 2673 2227 2727 ἀλλ’
2263 2674 2325 2725 οὑ
2361 2671 2626 2726 κατέλυσε
2648 2688 2663 2703 σ
2695 2671 2789 2723 καὶ
2822 2669 3080 2733 ἔπαυσεν,
3123 2667 3245 2720 ἀλλ’
3274 2668 3379 2720 ούκ
3407 2665 3665 2735 ἀνέτρεψε
3686 2681 3698 2693 ·

2108 2764 2366 2828 καὶτέλος
2384 2765 2530 2818 ἐστὶν
2548 2762 2733 2824 αὐτοῦ,
2749 2762 2864 2815 ἀλλ’
2879 2764 2979 2815 οὐκ
3000 2760 3306 2829 ἀναίρεσις
3324 2761 3422 2813 καὶ
3436 2760 3701 2830 ἥργὴσεν,

2107 2858 2221 2913 ἀλλ’
2242 2858 2302 2910 οὐ
2327 2856 2593 2909 διέϐαλλε·
2616 2854 2710 2907 καὶ
2736 2852 3117 2923 συμφωνοῦσιν
3135 2854 3170 2923 ἡ
3197 2853 3366 2923 χάρις
3386 2853 3481 2904 καὶ
3505 2851 3703 2919 όνόμος

2108 2950 2223 3003 ἀλλ’
2251 2950 2312 3002 οὐ
2337 2949 2620 3019 μάχονται.
2645 2947 2709 2999 Εἰ
2739 2946 2797 2999 δέ
2825 2963 2909 3009 τις
2947 2946 3041 2998 καὶ
3078 2944 3246 2997 τοῦτο
3284 2944 3461 3012 λέγοι,
3487 2942 3579 2996 τὸν
3611 2941 3704 3012 μὲν

2106 3044 2164 3095 ὲν
2184 3041 2263 3112 τῷ
2284 3042 2570 3111 γράμματι
2598 3040 2762 3112 νόμον
2802 3038 3082 3091 λελυκέναι
3105 3038 3202 3091 τὸν
3242 3037 3479 3107 Κύριον,
3506 3033 3710 3102 πεπλη-

2110 3135 2346 3205 ρωκέναι
2386 3133 2443 3186 δὲ
2491 3132 2582 3185 τὸν
2614 3133 2673 3186 ὲν
2718 3131 3011 3201 πνεύματι,
3066 3130 3229 3182 οὐδὲν
3258 3128 3375 3182 τῶν
3405 3125 3707 3182 ἀπεικότων

2104 3229 2238 3297 ὲρεῖ.
2264 3226 2335 3279 Τὸ
2362 3226 2417 3278 δὲ
2438 3226 2638 3295 λέγειν,
2662 3225 2743 3278 ὅτι
2765 3223 2857 3277 τὸν
2886 3226 2983 3294 μὲν
3003 3223 3097 3294 τῆς
3119 3221 3524 3292 δευτερώσεως
3552 3219 3711 3288 νόμον

2104 3319 2296 3386 ἔλυσε,
2328 3318 2423 3371 τὸν
2469 3318 2527 3371 δὲ
2572 3318 2672 3387 τῆς
2725 3315 2949 3390 πρώτης
2998 3315 3337 3387 νομοθεσίας
3403 3312 3709 3383 ἐπλήρωσε,

423 3406 568 3475 quod
629 3405 764 3475 legis
843 3405 1164 3459 deuterosin
1230 3403 1529 3467 dissolvit,
1574 3404 1755 3472 primo
1814 3412 2002 3460 autem

2116 3409 2412 3481 ληρούντων
2449 3409 2619 3465 ἐστίν.

422 3495 690 3550 sancitam
752 3496 926 3566 legem
975 3496 1259 3566 implevit,
1313 3495 1598 3550 delirantis
1642 3504 1727 3549 est
1783 3504 2005 3555 senten-

422 3587 521 3647 tia.

519 3698 842 3766 ΟΠᾸΞ8ΤΙΟ
872 3698 958 3755 CC
987 3698 1174 3770 [CoisL
1201 3698 1481 3761 CCXXIX,
1512 3697 1675 3754 Taur.
1703 3698 1932 3772 CCXX].

421 3790 557 3853 Cum
586 3793 842 3867 Dominus
867 3794 1010 3845 dicat
1042 3809 1060 3846 :
1096 3812 1112 3867 ι
1150 3792 1329 3867 Nolite
1363 3794 1713 3867 margaritas
1751 3793 2007 3867 projicere

597 3865 794 3939 porcis,
828 3884 846 3914 ι
884 3862 1143 3937 quomodo
1172 3862 1393 3916 docendi
1430 3875 1553 3917 sunt
1580 3862 1857 3932 inﬁdeles?

2682 3692 3020 3747 ΕΡΩΤΗΣΙΣ
3053 3692 3127 3746 Συ.

2120 3786 2234 3862 Τοῇ
2262 3785 2484 3862 Κυρίου
2512 3783 2823 3862 “tortae,
2862 3803 2881 3835 ι
2909 3782 3004 3850 Μὴ
3027 3782 3316 3862 βάλλε-ξε
3346 3779 3723 3862 μςρταρίτίις

2183 3845 2535 3925 ἔμπροσθε-νγ
2552 3845 2671 3908 τῶν
2708 3845 2945 3925 χοῖρων,
2989 3845 3101 3907 rx.
3140 3851 3326 3923 ἑξῆς,
3346 3845 3496 3919 στῶς-⁷
3516 3845 3611 3905 δᾶ
3638 3845 3724 3898 δι-

2173 3924 2423 3980 δάσκειν
2447 3924 2590 3991 τοὺς
2609 3924 2908 3988 ἀπίστους
2921 3940 2940 3988 ;

1095 4062 1237 4121 Edita
1260 4080 1285 4116 a
1311 4064 1606 4114 Montacutio
1632 4065 1735 4126 (ep.
1762 4063 1824 4113 54
1853 4064 1911 4113 ad
1936 4065 2186 4129 Sergium,
2208 4077 2259 4126 p.
2287 4061 2538 4125 107-110).
2565 4089 2627 4100 —
2650 4062 2823 4111 Matth.
2853 4073 2939 4122 vn,
2960 4060 3006 4111 6.

492 4164 693 4226 Sancta
723 4173 778 4223 et
797 4163 1129 4236 margaritae,
1160 4180 1283 4219 cum
1315 4165 1485 4223 divini
1511 4163 1663 4218 verbi
1699 4164 2011 4234 praedicatio

420 4269 524 4323 est,
574 4269 688 4312 tum
739 4265 793 4314 et
841 4273 1043 4329 corpus
1096 4257 1440 4318 Dominicum
1490 4266 1543 4312 et
1576 4256 2009 4312 immaculatum.

422 4348 751 4420 Margaritze.
798 4364 863 4403 eo
899 4348 1044 4418 quod
1085 4350 1323 4420 pretiosa
1358 4349 1489 4411 sint,
1526 4357 1579 4400 et
1623 4347 1768 4416 quod
1799 4346 2011 4418 fulgen-

421 4450 532 4497 tem
580 4442 774 4498 salutis
807 4440 1149 4511 splendorem
1191 4439 1259 4497 ab
1295 4439 1361 4495 iis
1403 4438 1691 4501 emittunt,
1738 4439 1832 4509 qui
1883 4454 2007 4494 cum

2182 4165 2348 4233 Ἅγια
2376 4163 2471 4219 καὶ
2497 4167 2854 4235 μαργαρῖται,
2880 4164 2909 4217 ὃ
2947 4181 3007 4217 τε
3033 4162 3132 4218 τοῦ
3165 4164 3331 4219 θείου
3356 4168 3729 4237 κηρύγματος

2107 4255 2287 4325 λόγος,
2313 4254 2407 4309 καὶ
2455 4254 2515 4308 τὸ
2543 4255 2875 4309 Δεσποτικδν
2904 4258 2998 4309 ναὶ
3039 4258 3333 4329 ἄχραντον
3384 4258 3725 4329 χρηματίζει

2110 4348 2302 4419 σῶμα·
2340 4350 2679 4420 μαργαρῖται
2714 4348 2812 4417 μὲν
2840 4348 2921 4401 ὅτι
2965 4348 3149 4419 τίμια,
3187 4353 3293 4404 καὶ
3335 4352 3427 4405 ὅτι
3459 4352 3729 4422 λαμπρὰν

2107 4436 2206 4506 τῆς
2234 4438 2508 4507 σωτηρίας
2540 4437 2639 4506 τὴν
2658 4435 2853 4507 αἴγλην
2885 4440 3000 4501 τοῖς
3030 4438 3369 4511 εἰλικρινῶς
3401 4441 3731 4509 προσιοῦσιν

421 4536 636 4589 sincero
678 4534 866 4587 animo
909 4532 1129 4591 adeunt.
1170 4530 1366 4591 Sancta
1416 4543 1619 4595 autem,
1651 4532 1793 4601 quod
1828 4540 1881 4585 et
1909 4546 2003 4586 ve-

2116 4528 2491 4599 ὲκπέμπουσιν
2518 4545 2531 4557 '
2564 4530 2696 4597 ἆγια
2731 4530 2811 4593 δὲ,
2839 4530 2920 4584 ὅτι
2957 4530 3025 4584 τὰ
3050 4540 3075 4567 ι
3120 4534 3319 4588 σεπτά
3386 4536 3492 4588 καὶ
3522 4537 3608 4588 ὅτι
3640 4533 3736 4601 τῆς

423 4627 687 4689 neranda,
724 4636 777 4679 et
815 4624 959 4695 quod
1006 4638 1242 4679 excusso
1277 4638 1463 4677 errore
1508 4623 1721 4684 veritati
1769 4638 1870 4678 nos
1903 4638 2003 4692 ap-

2112 4620 2320 4690 πλάνης
2370 4620 2720 4691 ἀφορίζοντες
2753 4624 2820 4693 τῇ
2857 4622 3084 4693 ἀληθείᾳ
3118 4624 3474 4679 ἀνατιθέασι
3501 4641 3517 4655 ·
3575 4625 3737 4686 κύνες

424 4715 687 4783 pendunt.
739 4714 915 4771 Canes
967 4721 1095 4772 sunt
1142 4721 1197 4767 et
1240 4712 1476 4775 haeretici
1524 4724 1577 4767 et
1618 4714 1847 4784 pagani,
1908 4712 2004 4782 qui

2116 4714 2180 4779 Βὲ,
2214 4715 2310 4768 καὶ
2340 4715 2449 4768 τῶν
2480 4715 2795 4784 αἱρετικῶν,
2844 4716 2937 4770 καὶ
2972 4716 3081 4770 τῶν
3120 4717 3423 4785 ἀπίστων,
3458 4720 3582 4772 ὅσοι
3611 4717 3741 4771 πολι

422 4821 547 4865 cum
577 4821 719 4880 saepe
758 4806 1038 4875 religionis
1080 4806 1388 4861 rudimenta
1432 4806 1605 4879 prima
1636 4807 1814 4861 infusa
1846 4806 2005 4860 audi-

422 4897 621 4960 veriut,
666 4912 772 4955 non
809 4906 1020 4957 tantum
1053 4896 1265 4958 meliori
1300 4906 1444 4951 statu
1490 4912 1597 4953 non
1650 4905 1797 4959 sunt,
1831 4897 1924 4951 sed
1956 4907 2011 4951 et

426 4988 632 5041 rabiem
674 5001 828 5043 suam
854 4988 1090 5061 produnt
1124 4989 1294 5047 multo
1332 4990 1549 5059 quidem
1584 4988 1844 5051 furiosius
1874 5003 2009 5043 con-

427 5086 508 5130 tra
550 5091 761 5130 sacram
794 5083 847 5129 et
876 5088 1120 5138 sanctam
1154 5089 1398 5134 nostram
1432 5080 1712 5159 pietatem,
1745 5079 1887 5133 ultra
1917 5094 2011 5133 ca-

432 5185 527 5224 nes
557 5168 896 5229 allatrantes.
938 5168 1094 5225 Porci
1126 5182 1425 5238 vocantur,
1467 5181 1737 5246 quotquot
1775 5186 1934 5225 eceno
1956 5180 2012 5225 et

424 5264 539 5317 luto
567 5261 883 5333 passionum
921 5266 1255 5327 convolutati
1276 5306 1291 5329 ,
1332 5282 1460 5337 erga
1490 5267 1892 5327 admonitiones
1924 5266 2008 5319 in-

426 5366 645 5410 sensate
692 5368 746 5409 et
791 5356 909 5411 sine
947 5358 1321 5429 resipiscentia
1356 5369 1529 5415 semet
1573 5368 1786 5428 gerunt.
1847 5358 2010 5412 Hisce

428 5447 687 5507 erunibus
741 5463 851 5507 non
901 5463 1023 5507 esse
1075 5450 1259 5509 divina
1319 5450 1677 5526 impertienda
1724 5448 1988 5520 mysteria

2105 4806 2262 4867 λάκις
2288 4806 2378 4858 τὸν
2404 4806 2502 4875 τῆς
2518 4806 2800 4871 εὐσεϐείας
2817 4807 3234 4879 κατηχηθέντες
3257 4812 3460 4879 λόγον,
3480 4813 3548 4865 οὐ
3580 4813 3740 4881 μόνον

2106 4897 2259 4950 οὐδὲν
2309 4900 2530 4966 ἄμεινον
2588 4899 2933 4967 διετέθησαν,
2966 4900 3102 4954 ἀλλά
3188 4904 3298 4956 καὶ
3359 4905 3471 4975 τὴν
3529 4904 3743 4958 λύσσαν

2108 4990 2287 5043 αὐτῶν
2318 4991 2458 5043 κατὰ
2476 4993 2576 5062 τῆς
2596 4992 2747 5059 ἱερᾶς
2768 4994 2922 5064 ἡμῶν
2956 4993 3276 5065 θρησκείας
3304 4996 3745 5067 ἐμμανέστερον

2109 5082 2287 5135 κυνῶν
2336 5083 2712 5138 ὑλακτούντων
2753 5086 3118 5151 ἐπεδείξαντοο
3158 5090 3357 5159 χοῖροι
3393 5091 3479 5155 δὲ,
3511 5092 3635 5145 ὅσοι
3668 5088 3748 5159 τῷ

2111 5174 2357 5246 βορϐόρῳ
2409 5177 2519 5229 τῶν
2578 5178 2769 5232 παθῶν
2822 5179 3356 5250 ὲγκαλινδούμενοι,
3422 5185 3575 5254 πρὸς
3643 5183 3745 5240 τὰς

2108 5268 2460 5336 παραινέσεις
2494 5270 2836 5341 ἀναισθήτως
2863 5289 2923 5324 τε
2966 5273 3061 5324 καὶ
3088 5271 3555 5346 ἀνεπιστρόφως
3586 5275 3748 5346 ἐχου-

2111 5370 2216 5409 σιν.
2245 5349 2341 5419 Οἷς
2386 5357 2589 5412 ἅπασιν
2620 5362 2648 5412 ὁ
2685 5358 2827 5424 θεῖος
2878 5361 3266 5426 ἀποθεσπίζει
3324 5367 3624 5437 χρησμὸς,
3673 5368 3751 5435 μὴ

2109 5448 2422 5519 προτιθέναι
2449 5451 2517 5506 τὰ
2556 5452 2675 5509 θεῖα
2701 5455 2980 5526 μυστήρια
3003 5495 3019 5524 ,
3052 5455 3342 5525 ἀναξίους
3378 5459 3649 5523 ἑαυτοὺς,
3682 5455 3753 5510 δι’

1730 5629 1960 5689 VARUS
1996 5631 2396 5693 LECTIONES.

581 5804 663 5843 τε.
