3876 6216
263 231 368 297 941

1233 237 1334 297 AD
1355 236 1952 299 AMPHILOCHIUM
1989 240 2334 314 QUESTIO
2368 245 2475 306 CC.

3416 241 3524 307 942

263 336 345 396 ὧν
372 340 639 413 ἔπραξαν,
678 341 1168 413 παρεσκευακότας
1192 341 1293 411 τῆς
1318 342 1635 413 ὑπερφυοῦς
1662 360 1842 414 σωτη-
1869 394 1875 402 ,

1982 347 2125 403 iviua
2159 351 2384 404 oracula
2430 351 2749 421 prodidere;
2798 354 2997 424 quippe
3031 354 3123 425 qui
3152 353 3266 426 jam
3300 354 3429 410 olim
3466 366 3527 411 se

270 434 397 507 ρίας
426 435 519 487 καὶ
556 432 775 505 χάριτος
801 450 816 464 °
866 432 983 489 ἀλλ’
1034 436 1084 487 εἰ
1140 434 1265 505 μηδ’
1305 436 1516 504 ἑτέροις
1558 444 1587 484 1
1639 436 1847 491 τούτων

269 510 476 589 δοτέον,
502 525 631 589 ἴσως
662 524 728 579 ἀν
760 542 846 589 τις
875 524 1250 597 διαπορήσειε,
1292 525 1435 579 τίσιν
1469 526 1608 591 ὅλως
1632 527 1843 594 δοτέονς

265 619 420 690 Φημὶ
444 617 759 689 τοιγαροῦν,
792 620 909 682 τοῖς
939 635 1000 671 τε
1025 620 1239 681 πιστοῖς
1265 618 1360 672 καὶ
1391 616 1718 689 ὀρθοδόξοις,
1752 621 1848 673 καὶ

266 706 401 774 οἷςὸ
426 709 542 780 βίος
567 712 635 781 τῇ
685 709 867 763 πίστει
902 710 1337 780 συμφθέγγεται.
1398 710 1560 764 Ἀλλά
1597 711 1695 764 καὶ
1736 710 1847 764 τῶν

266 801 543 866 ἀπίστων,
569 804 662 854 καὶ
705 800 770 871 δὴ
813 802 912 856 καὶ
939 802 1048 856 τῶν
1078 802 1390 875 αἰρετικῶν,
1439 803 1537 857 καὶ
1590 802 1699 874 μὴν
1751 804 1849 858 καὶ

268 892 384 944 τῶν
411 893 548 961 πρὸς
577 892 928 966 καθαρότητα
958 894 1234 959 πολιτείας
1279 895 1723 967 διαϐεϐλημένων
1752 896 1852 950 καὶ

271 982 482 1052 ταύτης
506 983 1197 1051 ὀλισθαινόντων,έκείνους
1216 985 1295 1056 τῷ
1319 985 1463 1057 λόγῳ
1489 988 1850 1059 κατηχητέον,

273 1071 375 1126 καὶ
406 1077 765 1148 χειραγωγεῖν
794 1075 1176 1147 προθυμητέον
1198 1093 1214 1108 ·
1244 1076 1441 1139 οῖτινές
1480 1079 1621 1132 εἰσιν
1661 1077 1853 1151 ὥσπερ

277 1165 536 1235 πρόϐατα
565 1169 642 1239 μὴ
671 1168 865 1241 ἔχοντα
893 1168 1146 1239 ποιμένα,
1177 1167 1274 1223 καὶ
1300 1168 1506 1241 σφόδρα
1525 1168 1735 1227 δέονται
1753 1171 1855 1240 τῆς

278 1260 656 1333 ποιμαντικῆς
685 1258 1010 1323 ἐπιστασίας
1040 1258 1138 1313 καὶ
1160 1261 1537 1331 κατηχήσεως.
1590 1260 1715 1315 Ἐπὶ
1731 1260 1857 1315 τού-

275 1364 397 1413 τοις
424 1350 536 1421 γάρ
562 1351 658 1406 καὶ
710 1352 740 1405 ὁ
793 1348 1000 1421 Κύριος
1044 1350 1495 1422 σπλαγχνίζεται,
1538 1354 1633 1406 καὶ
1663 1353 1857 1426 τρέφει

276 1440 496 1508 τροφὴν
540 1442 603 1495 τό
650 1458 711 1496 τε
752 1441 910 1511 σῶμα
970 1441 1323 1513 συνέχουσαν,
1377 1445 1473 1498 καὶ
1530 1446 1630 1517 τὴν
1677 1445 1857 1518 ψυχὴν

278 1527 601 1597 βελτιοῦσάν
635 1548 692 1585 τε
753 1533 848 1586 καὶ
882 1533 1245 1603 στηρίζουσαν
1271 1548 1287 1564 ⁸
1342 1530 1491 1589 εἷενο
1554 1536 1693 1590 ἀλλά
1741 1538 1859 1603 πῶς

283 1619 574 1689 ῥίπτουσιν
622 1624 1056 1695 ἐπιστραφέντες
1116 1627 1166 1680 οἰ
1218 1628 1391 1697 χοῖροι
1452 1628 1548 1681 καὶ
1594 1631 1644 1682 oi
1696 1629 1860 1693 κύνες

280 1686 435 1777 τοὺς,
462 1713 597 1777 εἴτις
624 1686 808 1779 αὐτοῖς
840 1686 1067 1787 προθείη
1102 1716 1140 1788 a
1165 1686 1251 1790 μίἶ
1290 1686 1485 1789 iitum;
1513 1719 1547 1790 ἦ
1572 1719 1751 1791 δῆλον,
1786 1686 1861 1785 Ib;
1895 1686 1933 1740 Β

278 1804 333 1855 οἰ
369 1804 468 1875 μὲν
496 1806 889 1877 κωμῳδοῦντες
932 1809 1030 1863 καὶ
1055 1810 1419 1879 ὲπιγελῶντες
1447 1813 1544 1867 καὶ
1570 1812 1861 1885 χλευάζον-

278 1913 379 1958 τες
397 1895 467 1950 τά
494 1896 679 1969 πάσης
710 1899 991 1971 εὐφημίας
1014 1902 1314 1975 ὑπέρτερα,
1349 1905 1400 1958 οἰ
1426 1905 1506 1971 δὲ,
1540 1906 1602 1960 τὸ
1624 1907 1864 1978 καθαρὸν

281 1988 469 2043 αὐτῶν
491 1992 585 2043 καὶ
601 1991 1021 2065 ὑπέρλαμπρον,
1038 1996 1129 2051 διά
1145 1997 1245 2067 τῆς
1262 1998 1472 2064 οἰκείας
1494 2000 1861 2074 ἀκαθαρσίας,

282 2080 389 2133 καὶ
437 2081 842 2153 ἀνεπιστρόφου
888 2086 1257 2158 φαυλότητος,
1291 2087 1650 2162 βεϐηλοῦντές
1680 2108 1743 2146 τε
1770 2094 1866 2147 καὶ

282 2173 855 2243 καταρῤυπαίνοντες.
880 2171 981 2231 Ὦν
1008 2178 1267 2249 ἑκάτερον
1295 2182 1593 2254 ἀνατρέχον
1631 2185 1713 2249 εἰς
1739 2186 1868 2250 τούς

281 2264 716 2334 ἀπερισκέπτως
760 2269 855 2323 καὶ
911 2270 1081 2341 χωρὶς
1114 2272 1371 2343 προνοίας
1400 2276 1867 2346 οῖκονομήσαντας

282 2353 353 2406 τὸ
410 2356 735 2428 μυστήριον,
794 2359 1002 2414 πτῶσιν
1035 2361 1217 2416 αὐτῶν
1258 2363 1506 2435 χαλεπὴν
1562 2366 1659 2421 καὶ
1722 2369 1867 2438 μέγα

284 2443 494 2505 δνειδος
526 2447 923 2520 ἀπεργάζεται.
956 2450 1163 2522 Είησαν
1196 2452 1242 2506 δ’
1284 2454 1352 2507 ἀν
1401 2458 1739 2527 μαργαρῖται
1771 2456 1869 2510 καὶ

285 2533 449 2601 ἅγια,
476 2537 537 2589 οὐ
564 2538 634 2591 τὰ
666 2540 935 2611 εἰρημένα
968 2541 1150 2612 μόνον,
1182 2542 1318 2597 ἀλλά
1354 2561 1419 2613 γε
1465 2546 1562 2601 καὶ
1590 2548 1701 2601 τῶν
1738 2548 1872 2604 θαυ-

290 2628 484 2698 μάτων
519 2631 591 2685 τὰ
617 2634 969 2704 χαρίσματα·
1003 2637 1099 2689 καὶ
1141 2637 1280 2708 πρὸς
1323 2638 1557 2705 τούτοις,
1611 2641 1753 2697 αὐτά
1799 2642 1869 2697 τὰ

289 2719 581 2790 θαύματω
615 2723 712 2777 καὶ
742 2725 947 2797 τρίτον,
979 2727 1029 2780 εί
1073 2726 1273 2798 βούλει,
1304 2729 1366 2782 τὸ
1388 2730 1747 2787 ἀποστολικδν
1774 2736 1871 2789 καὶ

289 2812 442 2865 θεῖον
482 2813 720 2886 ἀξίωμα,
774 2817 803 2871 δ
831 2820 975 2873 κατά
1004 2819 1254 2892 διαδοχὴν
1280 2820 1342 2875 τὸ
1383 2823 1687 2895 ἀρχιερέων
1715 2827 1871 2894 γένος

289 2906 494 2975 ὁρᾶται
522 2907 916 2982 κληρούμενον.
951 2912 1117 2966 Οὐδὲν
1144 2914 1254 2987 γὰρ
1288 2915 1515 2980 τούτων,
1550 2918 1612 2972 οὐ
1655 2920 1755 2989 μὲν
1775 2917 1871 2975 οῦν

1950 440 2205 511 indignos
2232 453 2541 514 gesserunt,
2576 459 2672 514 per
2717 461 2881 516 opera
2935 462 3059 511 sua,
3098 447 3388 503 excellenti
3437 446 3527 501 illa

1949 533 2122 602 gratia
2158 542 2210 587 et
2236 533 2430 590 salute.
2466 533 2620 601 Quod
2653 536 2698 592 si
2738 536 2946 593 neutris
2977 537 3206 593 istorum
3243 538 3359 593 haec
3381 552 3532 593 com-

1950 621 2283 677 municanda
2329 623 2461 685 sint,
2509 638 2619 679 nou
2664 625 2899 681 absurde
2936 626 3207 695 quispiam
3247 627 3533 683 dubitave-

1950 711 2041 776 rit,
2075 727 2145 766 an
2196 712 2472 782 aliquibus
2500 712 2727 769 omnino
2774 713 2886 768 sint
2910 714 3366 770 communicanda
3402 731 3417 769 :
3450 723 3533 769 et-

1952 803 2019 868 si,
2071 814 2186 858 tum
2239 804 2478 874 quibus?
2531 802 2630 860 llic
2690 804 2920 870 aﬂirmo,
2958 804 3209 861 ﬁdelibus
3251 816 3306 862 et
3344 805 3534 860 ortho-

1951 896 2140 962 doxis,
2168 911 2403 965 quorum
2440 896 2550 952 vita
2604 895 2934 966 professioni
2981 897 3293 966 respondet.
3344 896 3450 952 Sed
3484 906 3538 951 et

1955 987 2243 1053 increduli,
2283 998 2338 1044 et
2383 988 2647 1053 haeretici,
2695 996 2750 1043 et
2783 988 2877 1058 qui
2927 988 3038 1042 vita
3084 1003 3275 1056 parum
3317 1003 3451 1057 pura
3485 998 3538 1041 et

1956 1077 2183 1133 honesta
2229 1078 2720 1143 commendantur,
2782 1080 2877 1132 sed
2926 1077 3174 1134 defectus
3235 1076 3538 1147 patiuntur,

1954 1170 2125 1226 verbo
2151 1181 2280 1227 sunt
2304 1170 2650 1235 instituendi,
2681 1178 2737 1225 et
2765 1186 2931 1226 manu
2964 1169 3155 1226 sedula
3184 1167 3489 1225 deducendi
3526 1186 3542 1221 :

1957 1271 2084 1317 sunt
2112 1264 2257 1317 enim
2294 1272 2555 1333 tanquam
2606 1277 2739 1319 oves
2768 1272 3039 1334 pastorem
3083 1279 3189 1318 non
3241 1262 3543 1329 habentes,

1957 1354 2162 1423 quibus
2191 1352 2339 1408 omni
2375 1353 2536 1409 modo
2578 1367 2717 1423 opus
2745 1362 2833 1408 est
2882 1353 3166 1422 pastoritia
3198 1350 3545 1423 praesidentia

1958 1457 2005 1503 et
2034 1445 2444 1500 informatione.
2476 1445 2613 1516 Erga
2652 1446 2789 1501 istos
2822 1446 3215 1501 misericordia:
3244 1445 3549 1501 visceribus

1961 1546 2210 1592 movetur
2250 1535 2512 1593 Dominus
2543 1556 2556 1591 :
2588 1537 2770 1592 cibum
2800 1537 2911 1592 illis
2941 1546 3190 1606 apparat,
3222 1536 3317 1607 qui
3350 1545 3404 1592 et
3428 1550 3551 1592 cor-

1961 1646 2065 1700 pus
2094 1629 2419 1694 consolidet,
2453 1637 2504 1683 et
2537 1630 2777 1683 animam
2808 1630 3071 1684 redditam
3109 1630 3392 1684 meliorem
3421 1644 3551 1685 con-

1964 1718 2159 1771 firmet.
2197 1716 2304 1770 Sed
2353 1724 2473 1770 esto
2518 1724 2723 1779 tamen,
2777 1716 3054 1786 quomodo
3109 1717 3258 1787 porci
3299 1718 3548 1772 conversi

1964 1809 2230 1878 dejiciunt
2265 1808 2378 1869 illa,
2412 1818 2466 1863 et
2498 1822 2664 1863 canes
2712 1807 2758 1863 si
2810 1808 2932 1878 quis
2966 1809 3034 1863 iis
3065 1810 3383 1878 apposuerit
3430 1825 3554 1880 qua:

1966 1916 2076 1956 non
2106 1900 2481 1956 conveniunt?
2528 1899 2609 1954 Au
2660 1909 2807 1970 patet
2856 1900 3004 1969 quod
3052 1900 3266 1955 comico
3308 1901 3422 1955 sale
3456 1900 3555 1955 fri-

1966 2000 2114 2057 caut,
2153 2001 2209 2047 et
2242 1989 2479 2045 ludibrio
2500 1989 2724 2055 habent,
2746 1988 3070 2045 etlubentiaa
3099 1999 3397 2058 exponunt,
3434 2006 3557 2061 qua:

1967 2084 2154 2140 omnia
2202 2081 2382 2138 laudis
2434 2081 2813 2152 cujuscunque
2846 2082 3116 2151 praecmiia
3160 2091 3424 2151 superant
3464 2075 3559 2136 isti

1970 2174 2021 2229 id
2053 2173 2197 2245 quod
2228 2172 2555 2229 defaecatum
2600 2182 2655 2228 et
2682 2173 3006 2244 pellucidum
3036 2182 3140 2240 est,
3173 2188 3269 2243 per
3313 2173 3558 2243 ipsorum

1968 2267 2249 2337 pr0priam
2285 2265 2686 2321 immunditiem
2724 2273 2778 2321 et
2807 2265 3211 2335 improbitatem
3263 2263 3563 2335 incorrigia

1968 2358 2156 2425 bilem,
2180 2356 2534 2429 profanantes
2553 2366 2607 2413 et
2622 2357 2968 2414 sordidantes
2992 2357 3312 2428 persistunt.
3334 2356 3561 2412 Utrum-

1970 2467 2077 2522 que
2109 2467 2273 2522 porro
2306 2462 2593 2522 postquam
2630 2451 2893 2507 invaserit
2944 2467 3062 2517 eos,
3102 2452 3196 2522 qui
3247 2449 3561 2505 inconside-

1971 2547 2147 2601 ratius
2177 2553 2233 2600 et
2260 2544 2380 2600 sine
2413 2544 2564 2600 omni
2596 2560 2727 2601 cura
2768 2554 2822 2600 et
2860 2544 3199 2615 providentia
3241 2543 3560 2615 mysterium

1970 2640 2311 2709 dispensant,
2356 2638 2569 2710 lapsum
2601 2637 2781 2708 ipsum
2808 2637 3031 2702 durum,
3062 2637 3479 2708 deploramlum,
3509 2644 3565 2690 et

1972 2744 2097 2784 cum
2130 2728 2396 2783 dedecore
2447 2727 2803 2797 conjunctum
2851 2735 3133 2797 procurat.
3179 2724 3308 2781 Esto
3355 2732 3563 2787 autem,

1973 2822 2085 2877 sint
2110 2820 2422 2890 margaritae
2452 2835 2539 2874 res
2573 2833 2766 2883 sacrae,
2800 2833 2901 2873 nec
2935 2833 3013 2873 ea:
3041 2817 3221 2876 solum
3246 2830 3385 2891 quas
3414 2828 3563 2870 com-

1972 2914 2433 2976 memoravimus,
2498 2912 2592 2967 sed
2662 2920 2717 2966 et
2778 2910 3171 2966 miraculorum
3234 2908 3562 2965 charisma:

289 2992 425 3087 οὐτε
478 2998 607 3052 κυσὶ
658 3001 999 3071 προτιθέναι,
1048 3003 1168 3057 οὐδὲ
1226 3008 1338 3069 τοῖς
1375 3009 1580 3079 χοίροις
1625 3009 1869 3081 θεμιτόν.

1976 3008 2141 3063 etiam
2174 3006 2292 3076 ipsa
2323 3004 2589 3060 miracula
2619 3019 2634 3058 :
2676 3010 2751 3068 et,
2790 3004 2835 3058 si
2869 3004 2940 3057 ita
2979 3002 3177 3072 placet,
3223 3000 3385 3057 tertio
3417 2999 3565 3062 loco,

291 3086 413 3140 Καὶ
442 3088 617 3153 κοινὸς
656 3092 755 3162 μὲν
802 3094 932 3165 περὶ
976 3095 1197 3149 πάντων
1226 3097 1391 3169 νόμος
1439 3101 1472 3169 ἠ
1502 3102 1875 3174 προειρημένη

1981 3100 2355 3169 apostolorum
2383 3098 2603 3153 caelitus
2631 3096 2875 3153 instituta
2902 3094 3141 3165 dignitas
3172 3112 3185 3147 :
3219 3092 3379 3162 cujus
3402 3092 3568 3148 sortis

296 3178 397 3232 τοῦ
432 3183 706 3236 Δεσπότου
748 3184 927 3257 ψῆφος
953 3188 1048 3241 καὶ
1094 3189 1390 3259 ἀπόφασις.
1423 3190 1587 3263 Εῦροι
1628 3194 1674 3247 δ’
1704 3193 1769 3248 ἀν
1797 3212 1881 3260 τις

294 3270 401 3324 καὶ
448 3273 579 3344 περὶ⁵
610 3274 728 3340 ἐνὸς
755 3277 988 3333 ἑκάστου
1021 3279 1200 3335 αὐτῶν
1236 3282 1338 3346 τὰς
1388 3284 1698 3355 μαρτυρίας
1726 3284 1882 3340 οὐδὲν

294 3363 730 3437 δργιῶἐστερον.
781 3369 990 3425 Αὐτίκα
1034 3372 1167 3442 γοῦν
1218 3375 1333 3438 τοῖς
1377 3375 1558 3430 κυνῶν
1578 3375 1736 3448 δίκην
1782 3376 1883 3447 τὴν

296 3456 582 3510 ἀναίδειαν
627 3459 1126 3534 προϐεϐλημένοις,
1187 3466 1282 3520 καὶ
1334 3470 1563 3538 σημεῖον
1609 3468 1879 3535 αἰτοῦσιν,

296 3548 461 3604 οὔπω
490 3551 677 3623 σχεδὸν
719 3553 818 3624 τῆς
847 3555 1024 3625 ὅψεως
1057 3557 1239 3612 αὐτῶν
1272 3559 1384 3613 τῶν
1413 3561 1885 3631 προδεδειγμένων

298 3641 742 3713 ἀπαλλαγείσης,
775 3647 836 3699 οὐ
888 3648 1050 3718 μόνον
1094 3650 1245 3703 οὐδὲν
1282 3653 1310 3703 ὁ
1338 3651 1429 3705 τοῦ
1470 3653 1662 3721 γένους
1694 3654 1886 3726 Σωτὴρ

299 3733 561 3805 οὐδαμῶς
582 3736 916 3803 ἐπεδείξατο,
940 3739 1076 3794 ἀλλά
1098 3741 1195 3795 καὶ
1209 3741 1413 3795 ἀπεῖπε
1440 3742 1515 3813 μὴ
1539 3742 1884 3813 δοθήσεσθαι,

304 3824 406 3876 καὶ
452 3825 552 3897 τὴν
596 3825 778 3881 αἰτίαν
819 3827 914 3881 τοῦ
963 3829 1037 3900 μὴ
1091 3833 1401 3903 παρασχεῖν
1453 3832 1884 3898 ἀποκαλύπτων,

304 3914 505 3983 γενεὰν
528 3916 729 3982 αὐτοὺς
770 3920 1016 3990 πονηρὰν
1045 3920 1143 3974 καὶ⁵
1178 3922 1467 3992 μοιχαλίδα
1493 3923 1776 3993 ὠνόμασε·
1820 3925 1887 3978 δι’

307 4010 577 4081 ἑκατέρου
610 4010 817 4076 πάθους
841 4014 1227 4085 παραστήσας,
1260 4015 1344 4069 ὅτι
1369 4016 1549 4069 κυνῶν
1573 4018 1669 4070 καὶ
1688 4016 1889 4088 χοίρων

306 4100 464 4154 οὐδὲν
492 4100 752 4172 ἀμείνους
781 4102 1098 4174 ἐτύγχανον.
1139 4105 1251 4158 Καὶ
1296 4106 1458 4161 πάλιν
1482 4109 1543 4161 ὲν
1573 4110 1640 4179 τῇ
1670 4106 1891 4178 πατρίδι

304 4191 478 4246 αὐτοῦ
499 4194 599 4246 οὐκ
615 4194 840 4265 ἐποίησε
860 4195 1119 4267 δυνάμεις
1148 4198 1371 4265 πολλὰς,
1393 4201 1483 4253 διὰ
1509 4201 1611 4270 τὴν
1632 4200 1893 4254 ἀπιστίαν

304 4284 518 4341 αὐτῶν.
540 4286 652 4339 Ka't
671 4287 943 4358 πολλαχοῦ
971 4289 1224 4357 φαίνεται
1254 4290 1440 4344 πίστιν
1472 4292 1886 4362 προσαπαιτῶν,

1986 3189 2381 3253 Ιιαποιιίιειεηι,
2414 3186 2731 3259 pontiﬁcale
2773 3196 3023 3244 nostrum
3055 3198 3226 3254 genus
3254 3181 3569 3253 agnoscitur

1984 3281 2285 3352 possidere.
2315 3279 2462 3337 Nihil
2491 3281 2635 3335 enim
2664 3294 2731 3333 eo
2760 3287 3035 3348 spectans,
3069 3276 3151 3329 vel
3189 3274 3421 3329 canibus
3450 3288 3571 3345 pro-

1979 3373 2278 3444 jiciendum
2306 3380 2408 3439 est,
2435 3372 2519 3427 vel
2552 3371 2715 3429 etiam
2758 3370 2957 3440 porcis.
2987 3367 3313 3423 Communis
3334 3366 3417 3421 de
3449 3364 3567 3421 istis

1983 3465 2244 3521 omnibus
2288 3464 2398 3531 lex,
2431 3464 2725 3535 praedictus
2768 3460 2981 3517 Domini
3014 3460 3263 3515 calculus
3306 3469 3359 3514 et
3391 3457 3571 3513 deter-

1987 3560 2216 3617 minatio
2242 3559 2315 3613 sit
2347 3579 2362 3613 :
2391 3572 2627 3627 quarum
2662 3572 2850 3611 rerum
2884 3554 3227 3625 singularum
3260 3552 3569 3611 testimonia

1988 3652 2148 3707 facile
2185 3651 2364 3707 cuivis
2421 3649 2587 3705 fuerit
2642 3648 2908 3704 invenire.
2957 3646 3068 3704 Illis
3112 3646 3277 3718 igitur
3323 3639 3417 3716 qui
3463 3661 3571 3700 non

1987 3758 2147 3800 secus
2168 3759 2334 3814 quam
2365 3757 2531 3799 canes
2561 3757 2830 3796 summam
2869 3755 2979 3809 pra:
3017 3755 3077 3795 se
3117 3740 3364 3796 ferebant
3394 3737 3573 3807 impu-

1986 3838 2255 3901 dentiam,
2282 3835 2356 3890 ita
2386 3844 2445 3889 ut
2472 3837 2686 3904 signum
2720 3833 2826 3887 sibi
2863 3832 2977 3886 dari
3023 3832 3395 3901 postularent,
3447 3844 3571 3884 cum

1988 3927 2078 3981 vix
2101 3927 2155 3979 in
2188 3932 2486 3993 conspectu
2525 3923 2770 3993 ipsorum
2803 3920 3033 3991 patratis
3079 3918 3359 3974 miraculis
3390 3932 3575 3971 move-

1992 4023 2203 4078 rentur,
2272 4012 2489 4081 generis
2554 4009 2731 4064 nostri
2787 4007 2939 4063 salus
3007 4015 3061 4061 ct
3111 4004 3404 4071 Servator,
3462 4017 3572 4058 non

1991 4103 2156 4161 modo
2188 4102 2398 4157 nullum
2439 4101 2656 4170 signum
2687 4097 3075 4161 manifestavit,
3106 4099 3200 4152 sed
3247 4112 3305 4151 se
3349 4094 3573 4149 minime

1992 4210 2385 4254 concessurum
2437 4191 2777 4264 respondet:
2821 4199 2876 4245 et
2920 4204 3145 4245 causam
3187 4188 3434 4246 iudicans
3474 4203 3575 4241 cur

1996 4289 2209 4345 nullum
2231 4286 2396 4343 vellet
2420 4284 2723 4345 concedere
2749 4282 2990 4354 signum,
3020 4281 3322 4351 improbam
3345 4288 3399 4335 et
3421 4278 3577 4333 adui-

307 4372 417 4431 εἷθ’
444 4376 617 4442 οῦτως
641 4378 813 4442 ἰάσεις
839 4380 1124 4435 ἐπιτελῶν.
1153 4383 1320 4435 ’Ὥστε
1339 4385 1368 4437 ὁ
1396 4383 1768 4453 κυνογνὼμων
1797 4385 1875 4439 διαἸ

1997 4392 2169 4438 teram
2199 4380 2606 4451 generationem
2636 4384 2831 4431 vocat:
2866 4390 2961 4445 per
2989 4383 3285 4442 utrumque
3321 4372 3574 4426 affectum

308 4470 581 4542 χοιρὼδης
622 4470 931 4543 ἄνθρωπος,
972 4473 1194 4539 ἀνάξιός
1220 4476 1337 4528 ὲστι
1367 4475 1468 4542 τῆς
1501 4475 1611 4530 ἀπὸ
1650 4476 1761 4530 τῶν
1792 4495 1889 4547 ση-

315 4564 490 4635 μείων
539 4564 883 4635 εὐεργεσίας.
944 4567 1007 4620 Εἰ
1035 4566 1093 4620 δὲ
1121 4566 1301 4634 τοῦτο,
1336 4568 1518 4638 πολλῷ
1564 4569 1766 4639 μᾶλλον
1796 4572 1893 4625 καὶ

311 4657 484 4713 αὐτοῦ
514 4658 609 4712 τοῦ
640 4660 698 4713 έν
726 4661 842 4721 τοῖς
864 4659 1115 4729 σημείοις
1146 4661 1507 4732 χαρίσματος.
1545 4661 1707 4716 Ἀλλά
1734 4663 1897 4718 τοῦτο

319 4752 424 4822 μὲν
472 4753 568 4805 καὶ
596 4752 826 4806 αὐτόθεν
853 4752 1043 4820 δῆλονο
1092 4753 1248 4808 οὐδὲν
1283 4755 1343 4808 δὲ
1394 4750 1560 4827 ἧττον
1603 4755 1753 4826 ὅμως
1802 4758 1897 4810 καὶ

314 4845 551 4915 Πέτρος,
583 4847 612 4899 ὀ
634 4845 746 4899 τῶν
782 4845 1042 4915 μαθητῶν
1066 4850 1390 4917 κορυφαῖος,
1422 4848 1489 4901 δι’
1529 4841 1605 4902 ὧν
1628 4850 1893 4921 ἐπιτιμή-

320 4950 427 4997 σας
474 4933 809 4988 ἀπεσείσατο
856 4934 949 4988 τὸν
979 4934 1351 5005 δεισιδαίμονα
1389 4939 1483 4991 καὶ
1509 4938 1749 5009 πονηρὸν
1804 4939 1901 4993 καὶ

319 5025 648 5096 φιλόχρυσον
664 5025 905 5095 Σίμωνα,
928 5025 1329 5096 ἀκριϐεστάτην
1345 5027 1651 5098 παρέσχετο
1659 5028 1755 5099 τὴν
1768 5028 1903 5082 ἀπό⁴

317 5115 486 5181 δειξιν
503 5134 517 5147 ο
541 5118 623 5171 ὄτι
646 5116 705 5170 δὲ
732 5117 842 5171 οὐδ’
868 5116 1236 5188 ἀποστολικῆς
1264 5118 1423 5186 ἀξίας
1455 5119 1902 5191 ἥάρχιερατικῆς

318 5211 493 5279 τιμῆς
527 5207 704 5273 οὐδείς
748 5210 867 5264 ἐστι
900 5209 1010 5261 τῶν
1052 5210 1311 5263 τοιούτων
1360 5210 1608 5280 μετέχειν
1658 5211 1899 5278 δίκαιος,

321 5301 487 5364 αὐτὸς
508 5300 673 5353 πάλιν
692 5302 721 5354 ὁ
746 5301 1045 5371 Δεσπότης,
1079 5301 1227 5372 ἔργῳ
1256 5303 1350 5355 καὶ
1370 5302 1513 5372 λόγῳ
1544 5302 1898 5372 παρίστησιν,

320 5388 409 5455 οἷς
435 5391 528 5444 τὸν
552 5391 865 5446 ἀκολουθεῖν
891 5392 1040 5461 αὐτῷ
1066 5392 1453 5464 αἰτησάμενον,
1495 5392 1588 5447 καὶ
1614 5392 1722 5445 τῶν
1759 5393 1899 5445 ἀπος

324 5483 534 5540 στόλων
561 5482 815 5537 ὑπελθεῖν
859 5483 953 5537 τὸν
976 5483 1173 5554 κλῆρον
1195 5525 1210 5550 ,
1240 5485 1332 5537 καὶ
1352 5483 1414 5536 τὸ
1444 5483 1742 5554 προνόμιον
1785 5484 1899 5537 δια-

327 5574 748 5648 μηχανώμενον,
766 5575 826 5629 οὐ
855 5575 1017 5647 μόνον
1039 5576 1102 5629 οὐ
1142 5575 1505 5647 προσεδέξατο
1523 5614 1539 5642 ,
1570 5574 1706 5630 ἁ).λά
1730 5575 1799 5630 δι’
1827 5569 1901 5631 ὧν

401 5700 428 5739 1'
464 5689 793 5760 μηδετέροις.

1984 4474 2209 4538 docens,
2248 4470 2398 4543 quod
2441 4470 2616 4526 nihilo
2658 4469 2855 4524 melius
2901 4482 3066 4537 quam
3098 4480 3264 4520 canes
3313 4473 3367 4518 et
3415 4460 3572 4531 porci

1987 4561 2440 4630 disponebantur.
2467 4556 2604 4612 Hinc
2636 4555 2841 4612 factum
2874 4554 3021 4625 quod
3056 4552 3112 4609 in
3145 4568 3244 4607 sua
3282 4551 3454 4621 ipsius
3484 4565 3576 4619 pa-

1991 4653 2097 4708 tria
2142 4650 2316 4705 multa
2364 4651 2519 4720 signa
2570 4649 2715 4703 haud
2759 4645 3025 4710 ediderit,
3066 4652 3290 4714 propter
3331 4644 3576 4711 ipsorum

1995 4742 2452 4799 incredulitatem.
2493 4738 2602 4794 Sed
2629 4748 2685 4794 et
2715 4737 2993 4809 plerisque
3034 4736 3089 4795 in
3116 4735 3253 4789 locis
3286 4734 3417 4788 licet
3459 4734 3581 4787 aui-

1999 4835 2361 4899 madvertere,
2391 4834 2550 4889 fidem
2575 4833 2754 4902 ipsum
2783 4830 2942 4901 prius
2968 4828 3383 4898 plverequirere,
3420 4837 3581 4894 atque

1999 4928 2073 4982 ita
2101 4928 2324 4983 demum
2347 4925 2663 4981 curationes
2691 4922 2949 4977 edidisse.
2980 4920 3072 4976 Est
3103 4919 3270 4989 igitur
3301 4918 3389 4973 ille
3417 4917 3581 4971 homo

1998 5023 2093 5092 qui
2146 5021 2338 5075 eodem
2396 5020 2559 5075 modo
2610 5017 2841 5072 aﬂicitur
2885 5026 3049 5084 atque
3094 5029 3261 5068 canes
3299 5021 3354 5067 et
3406 5011 3580 5081 porci,

2000 5115 2258 5183 indignus
2296 5114 2475 5183 plane,
2505 5111 2666 5181 cujus
2694 5109 2867 5181 gratia
2896 5106 3160 5162 miracula
3187 5105 3578 5175 procudantur.

2003 5208 2071 5262 Et
2095 5215 2243 5262 certe
2267 5206 2315 5261 si
2347 5204 2433 5261 his
2464 5204 2668 5276 dignus
2692 5217 2798 5257 non
2826 5200 3011 5265 luerit,
3048 5198 3222 5253 multo
3254 5199 3432 5250 minus
3458 5208 3583 5262 κιαι

2005 5294 2081 5349 tia
2112 5295 2202 5349 illa
2229 5304 2290 5349 ut
2323 5293 2620 5358 imbuatur,
2651 5305 2773 5361 qua:
2801 5289 3009 5345 relucet
3046 5288 3101 5341 in
3133 5295 3188 5341 et
3216 5301 3311 5355 per
3339 5282 3579 5336 miracu-

2005 5388 2077 5441 la.
2109 5383 2223 5443 Hoc
2249 5400 2427 5458 perse
2455 5384 2589 5440 satis
2631 5384 2778 5441 clare
2822 5390 2993 5453 patet.
3037 5379 3218 5433 Nihilo
3261 5387 3441 5431 tamen
3486 5370 3585 5426 mi-

2008 5499 2130 5544 nus,
2162 5490 2218 5537 et
2259 5479 2454 5535 Petrus
2484 5476 2879 5547 discipulorum
2902 5490 2913 5527 δ
2935 5471 3281 5542 coryplueus,
3317 5466 3407 5520 ubi
3455 5482 3580 5520 cum

2008 5574 2310 5635 vehementi
2354 5572 2755 5643 increpatione,
2797 5567 3075 5623 Simonem
3115 5561 3264 5615 illum
3317 5557 3584 5628 supersti-
