3854 6216
415 244 523 308 943

1565 253 1826 313 PHOTII
1863 255 2375 316 PATRIARCH/E
2399 256 2507 316 CP.

3535 266 3634 331 9M

413 367 546 422 tioni
602 366 878 434 deditum,
946 366 1447 437 improbissimum,
1516 378 1568 424 et
1614 372 1733 424 auri
1801 387 1954 425 amor

2057 433 2062 440 ἱ
2090 372 2486 444 ἐθριάμϐευσεν
2534 369 2697 426 αὑτοῦ
2735 371 2805 425 τά
2831 370 2927 440 τῆς
2943 369 3168 442 καρδίας
3201 371 3484 450 ἀπόρρητα
3502 422 3515 446 ,
3540 385 3634 452 τῆς

411 472 650 532 captum,
675 478 704 517 a
735 477 795 517 se
819 465 1078 526 excussit,
1108 460 1550 517 manifestissime
1580 462 1719 517 idem
1751 461 1939 516 docuit
1964 481 1978 518 :

411 555 668 612 nimirum
697 553 1065 625 apostolorum
1098 553 1218 607 loco
1249 553 1528 622 indignum
1555 568 1675 606 esse
1701 563 1753 605 et
1777 552 1988 621 episeo-

410 649 520 719 pali
565 649 772 702 honore
811 647 961 700 illum
1003 645 1094 715 qui
1141 645 1266 699 talis
1315 645 1478 699 fuerit
1514 645 1786 698 inventus.
1829 642 1984 710 Quod

2091 464 2388 536 μαθητείας
2430 462 2690 517 ἀπώσατο
2712 479 2728 493 ·
2765 461 2980 533 πτηνῶν
3006 467 3114 533 γὰρ
3160 464 3320 518 αὑτὸν
3368 473 3460 524 καὶ
3497 473 3634 528 ἁλω-

2087 558 2290 622 πέκων,
2328 556 2357 608 ὁ
2391 555 2565 608 πάντα
2597 556 2692 607 καὶ
2715 554 2820 624 πρὸ
2844 554 3110 622 γενέσεως
3131 555 3308 622 είδὼς,
3331 561 3634 636 οἰκητήριον

2085 649 2232 718 ἐώρα
2271 650 2364 702 καὶ
2407 648 2841 719 κατασκήνωσιν,
2877 646 3150 700 καὶτοῦτο
3180 647 3310 700 αὐτὸ
3339 653 3632 724 αἰτησάμε-

408 741 551 796 idem
585 740 842 793 Servator
868 754 974 792 non
1022 738 1184 791 verbo
1221 745 1450 801 tantum,
1485 737 1576 791 sed
1614 746 1668 791 et
1695 751 1859 805 opere
1888 737 1955 789 do

2083 758 2172 804 νος
2196 751 2218 777 τ
2237 757 2250 769 -
2279 741 2360 793 δτι
2379 740 2527 793 δόλου
2549 739 2733 808 γέμων
2760 738 2854 791 καὶ
2879 726 3211 809 κουφότητὸς
3229 741 3320 792 καὶ
3337 743 3624 812 ἀναιδείας,

408 832 564 884 cuit:
599 829 690 884 ubi
733 829 1032 892 hominem,
1065 828 1157 896 qui
1208 827 1380 896 ipsum
1415 825 1566 897 sequi
1597 841 1654 881 se
1693 827 1828 880 velle
1854 842 1980 896 pro-

409 919 682 983 ﬁteretur,
728 927 782 972 et
837 919 969 972 sorti
1022 932 1080 970 se
1137 925 1296 985 atque
1345 915 1628 984 privilegio
1683 914 1980 984 apostolico

403 993 674 1082 ingerere,
707 1026 814 1066 non
846 1009 1126 1064 admisit“l
1158 1024 1174 1062 :
1207 1025 1306 1064 nec
1353 1009 1483 1064 illud
1515 1017 1746 1073 tantum,
1795 1010 1887 1064 sed
1924 1010 1979 1063 in

404 1107 608 1178 quibus
663 1107 838 1162 adhuc
888 1107 1113 1160 ulterius
1165 1105 1232 1159 de
1287 1105 1510 1160 secretis
1566 1105 1738 1172 ipsius
1797 1105 1977 1160 cordis

403 1199 580 1268 palam
614 1197 960 1251 enuntiandis
995 1195 1142 1248 velut
1189 1195 1522 1263 triumphum
1573 1195 1702 1263 egit,
1743 1206 1773 1246 a
1806 1193 1977 1247 disci-

401 1287 587 1355 pulatu
622 1285 872 1339 semovit.
909 1281 1010 1348 Qui
1044 1283 1187 1335 enim
1213 1281 1416 1347 omnia,
1442 1281 1757 1350 priusquam
1789 1289 1971 1333 exstao

404 1377 554 1437 bant,
595 1375 940 1435 intuebatur.
992 1373 1206 1426 videbat
1237 1373 1386 1426 iIIUm
1439 1387 1558 1426 esse
1599 1372 1881 1426 volucrum
1920 1379 1975 1424 et

403 1467 643 1535 vulpium
679 1465 1071 1531 habitaculum,
1108 1475 1271 1534 atque
1303 1464 1420 1518 ideo
1449 1466 1517 1518 ab
1551 1464 1642 1518 illo
1677 1465 1781 1518 hoc
1808 1463 1974 1533 petie-

404 1566 506 1623 rat,
539 1561 708 1627 quod,
745 1557 934 1613 fraude
974 1559 1212 1628 repletus
1250 1567 1304 1612 et
1332 1558 1591 1621 vanitate,
1624 1572 1832 1610 necnon
1869 1557 1970 1609 im-

399 1650 656 1719 pudentia
691 1650 975 1719 singulari,
1015 1649 1255 1703 avaritiae
1282 1656 1538 1718 praeterea
1571 1647 1759 1701 morbo
1793 1646 1972 1714 subja-

2082 833 2175 885 xai
2203 830 2358 883 πάθει
2381 829 2733 900 προσανὲχων
2759 829 3215 899 φιλοχρηματίας,
3241 831 3368 902 πρὶν
3399 832 3431 904 ἦ
3471 835 3633 890 ταῦτα

2078 923 2147 974 τὰ
2179 921 2341 992 θηρία
2367 920 2626 973 ἀπελάσει
2658 923 2756 989 τῆς
2784 920 2982 990 ψυχῆς,
3018 921 3317 991 ἐτόλμησεν
3344 924 3528 978 ἑαυτὸν
3557 930 3632 991 εἰς

2078 1015 2180 1083 τὴν
2195 1013 2303 1066 τῶν
2327 1011 2582 1081 μαθητῶν
2607 1000 2798 1082 κλῆσιν
2816 1013 3080 1072 είσωθεῖν,
3103 1015 3197 1066 καὶ
3219 1013 3326 1065 τῶν
3347 1016 3631 1086 ὑπερφυῶν

2079 1106 2303 1159 ἐκείνων
2324 1107 2420 1159 καὶ
2443 1107 2787 1159 Δεσποτικῶν
2820 1105 3172 1176 χαρισμάτων
3204 1105 3408 1176 δοχεῖον
3436 1109 3630 1175 φαντά-

2077 1198 2284 1262 ζεσθαι,
2329 1198 2404 1260 ὡς
2433 1197 2771 1268 πορρωτάτω
2795 1199 2894 1267 τῆς
2914 1196 3148 1258 ἐλπίδος,
3174 1198 3201 1249 ὁ
3231 1196 3438 1260 πάντας
3465 1197 3630 1254 ἕλκων

2076 1287 2212 1357 πρὸς
2259 1286 2488 1351 ἑαυτὸν,
2559 1287 2655 1339 καὶ
2705 1285 2910 1348 πάντας
2963 1283 3201 1354 σωθῆναι
3257 1283 3446 1348 θέλων,
3528 1287 3632 1340 ἀπ-

2075 1377 2377 1447 επέμψατο.
2398 1379 2508 1432 Καὶ
2538 1377 2597 1430 τὸ
2617 1377 2807 1440 σκεῦος
2837 1375 2894 1429 δέ
2917 1375 3014 1443 τῆς
3041 1375 3293 1446 ἐκλογῆς,
3317 1376 3344 1428 ὁ
3366 1375 3455 1429 τὸν
3478 1378 3633 1448 οὐρά-

2077 1487 2185 1522 νιον
2221 1469 2382 1522 πόλον
2430 1469 2505 1532 ὡς
2551 1468 2792 1535 ἐπίγειον
2827 1467 3037 1519 στάδιον
3071 1466 3394 1537 διατρέχων,
3428 1469 3518 1521 καὶ
3541 1468 3631 1538 τὴν

2072 1561 2402 1630 οἰκουμένην
2445 1559 2740 1613 σταδιεύων
2775 1556 2854 1628 τῷ
2895 1557 2988 1611 τοῦ
3030 1557 3388 1628 κηρύγματος
3431 1559 3628 1629 δρόμῳ,

2073 1651 2305 1714 καὶτοῖς
2341 1651 2482 1720 ὑπὲρ
2525 1649 2810 1711 εὐσεϐείας
2847 1647 3132 1717 παθήμασι
3173 1648 3241 1701 τὰ
3272 1648 3414 1700 αὑτά
3439 1649 3514 1719 τῷ
3553 1649 3628 1702 δι-

397 1750 562 1807 ceret,
611 1751 899 1810 antequam
933 1744 1063 1796 istas
1115 1756 1145 1794 e
1185 1741 1346 1795 corde
1376 1748 1690 1794 excusserat
1742 1739 1955 1804 bestias,

2069 1740 2321 1811 δασκάλῳ
2349 1742 2440 1794 καὶ
2463 1741 2729 1810 Δεσπὸτῃ,
2768 1741 2836 1793 δι’
2875 1735 2949 1793 ὧν
2975 1739 3224 1809 Τιμοθέῳ
3242 1739 3468 1810 γράφει,
3503 1756 3631 1808 συμ-

395 1847 565 1887 ausus
601 1830 776 1886 fuerat
807 1833 1162 1900 semeptisum
1205 1831 1257 1883 in
1297 1829 1687 1899 discipulorum
1728 1830 1955 1882 vocatio-

2075 1832 2409 1902 φθέγγεται·
2453 1851 2472 1884 ι
2540 1833 2743 1904 Χεῖρας
2791 1830 2900 1901 γὰρ
2955 1832 3193 1901 ταχέως,
3243 1833 3402 1901 φησι,
3457 1831 3629 1901 μηδενὶ

353 1907 356 1910 ’
394 1938 518 1976 nem
555 1921 879 1983 su‘binferre.
912 1937 1079 1991 seque
1111 1923 1506 1992 receptaculum
1552 1921 1805 1974 idoneum
1839 1919 1955 1972 ima!

2077 1923 2343 1976 ἐπιτίθει’
2389 1921 2521 1992 μηδέ
2577 1921 2824 1975 κοινώνει
2877 1919 3174 1990 ἁμαρτίαις
3222 1920 3569 1986 ἀλλοτρίαις·
3607 1938 3626 1974 ι

392 2014 566 2084 giuari
597 2014 972 2068 excellentium
1007 2015 1220 2069 illorum
1247 2023 1300 2068 et
1335 2011 1773 2083 magisterialium
1831 2009 1955 2064 eba-

2074 2017 2168 2069 καὶ
2197 2014 2366 2086 μυρία
2390 2014 2544 2067 ἄλλα.
2579 2013 2719 2066 Ἀλλ’
2737 2013 2830 2067 ἐπὶ
2852 2012 3105 2066 τοσοῦτον
3133 2012 3231 2083 μέν
3268 2013 3397 2081 περὶ
3419 2013 3628 2070 τούτων.

397 2108 711 2162 rismatum.
744 2108 1011 2175 Quocirca
1044 2119 1316 2163 semotum
1347 2109 1504 2179 longe
1542 2125 1572 2164 a
1604 2125 1700 2164 sua
1764 2110 1851 2164 illa
1920 2125 2034 2180 spe,
2075 2110 2142 2174 is,
2174 2110 2265 2180 qui
2302 2109 2543 2178 alioquin
2575 2124 2764 2163 omnes
2797 2106 2863 2163 ad
2906 2121 2964 2162 se
2995 2107 3242 2160 trahebat
3273 2147 3288 2170 ,
3321 2116 3372 2162 et
3403 2106 3630 2175 singulos

391 2200 622 2256 Salutem
652 2201 913 2270 consequi
949 2203 1183 2264 volebat,
1220 2202 1446 2256 dimisit.
1476 2202 1578 2258 Sed
1611 2212 1664 2257 et
1709 2203 1839 2257 illm]
1870 2219 1965 2258 vas
2005 2203 2310 2266 electionis,
2351 2201 2444 2271 qui
2478 2202 2729 2256 caelestes
2793 2200 2949 2270 polos
3009 2214 3118 2254 non
3152 2199 3317 2253 aliter
3348 2213 3503 2268 quam
3534 2209 3631 2252 ter.

392 2302 564 2349 restre
599 2295 830 2348 stadium
863 2293 1201 2358 decurrebat,
1233 2294 1325 2364 qui
1389 2294 1650 2348 mundum
1709 2294 2023 2349 universum
2063 2309 2226 2350 cursu
2263 2292 2664 2364 praedicationis
2702 2291 3003 2355 transibat,
3041 2300 3094 2344 et
3148 2289 3242 2359 qui
3312 2289 3363 2343 in
3406 2289 3473 2344 iis
3519 2307 3630 2359 quze

391 2399 490 2452 pro
512 2384 713 2455 pietate
746 2399 946 2452 passus
970 2381 1094 2449 fuit,
1130 2384 1360 2439 Domino
1385 2395 1437 2440 et
1463 2386 1669 2440 doctori
1700 2401 1802 2439 suo
1824 2386 2252 2458 assitnilabatur,
2282 2385 2334 2438 in
2369 2383 2435 2439 iis
2483 2384 2682 2453 quibus
2744 2381 3089 2436 Timotheum
3156 2378 3366 2434 aﬂ'alur
3422 2381 3626 2450 scriptis

390 2475 666 2529 consentit
695 2489 709 2526 :
750 2493 768 2527 (
803 2473 997 2530 Manus
1027 2477 1327 2545 (inquiens)
1362 2478 1544 2532 subito
1575 2477 1776 2532 nemini
1809 2479 2156 2547 imposneris,
2191 2493 2292 2531 nec
2323 2491 2446 2531 cum
2483 2476 2717 2530 aliorum
2771 2475 3011 2546 peccatis
3077 2475 3465 2530 communices
3518 2473 3580 2526 ".
3607 2495 3622 2525 ι

391 2569 528 2622 Sunt
557 2574 610 2620 et
640 2566 745 2620 alia
774 2559 992 2638 generis
1013 2568 1240 2637 hujusce
1269 2579 1543 2624 sexcenta.
1576 2569 1756 2640 Atque
1787 2572 2046 2627 hactenus
2077 2571 2145 2625 de
2185 2569 2356 2625 hisce.

461 2659 570 2732 Ego
603 2670 651 2715 te
685 2669 898 2725 autem,
929 2675 1050 2715 cum
1092 2662 1304 2716 videam
1342 2663 1651 2718 istiusmodi
1701 2665 1938 2718 narratio

2139 2661 2279 2730 Ἐγὼ
2303 2657 2361 2715 δέ
2391 2678 2472 2715 σοι
2495 2663 2590 2715 καὶ
2618 2659 2753 2732 πρὸς
2776 2659 2968 2730 ἐτέραν
3001 2657 3238 2730 θεωρίαν
3258 2700 3272 2724 ,
3303 2660 3366 2712 ἐκ
3393 2659 3630 2727 γειτόνων

388 2767 485 2805 nes
517 2749 570 2803 in
602 2766 789 2805 amore
821 2751 939 2813 tibi,
984 2750 1213 2816 deliciis,
1265 2761 1428 2822 atque
1476 2751 1580 2806 sub
1629 2753 1803 2807 oculis
1840 2768 1955 2806 esse

2057 2755 2167 2816 τοῖς
2197 2749 2504 2823 εἰρημένοις
2537 2753 2698 2807 οὖσαν
2723 2752 2866 2822 (ἐπεί
2907 2769 2988 2805 σοι
3017 2752 3084 2805 τὰ
3108 2751 3347 2805 τοιαῦτα
3375 2751 3504 2822 ἔρως
3524 2751 3628 2803 ἐστὶ

387 2845 622 2910 positas,
665 2842 733 2895 ad
782 2841 1008 2896 alterius
1042 2842 1139 2906 rei,
1180 2857 1285 2896 non
1321 2844 1530 2909 alienae,
1564 2845 1955 2899 consideratio-

2057 2847 2149 2899 καὶ
2182 2849 2361 2916 τρυφὴ
2403 2849 2496 2898 καλ⁸
2538 2844 2829 2914 θεάματα),
2861 2845 2961 2897 οὐκ
2984 2845 3296 2914 ὀκνήσαιμι
3322 2845 3624 2914 καθηγήσα-

391 2951 510 2987 nem
537 2949 644 2987 non
668 2935 934 3002 gravabor
955 2934 1253 3000 deducere;
1287 2944 1565 3005 utcunque
1591 2935 1734 3006 leges
1763 2935 1955 3002 episto-

2057 2935 2207 2987 σθαι*
2247 2937 2294 2986 εἰ
2329 2935 2425 2986 καὶ
2456 2934 2550 3003 τῆς
2572 2933 2859 3002 ἐπιστολῆς
2892 2933 3072 3003 ἠρέμα
3111 2951 3249 2996 πως
3287 2935 3410 2998 τοὺς
3446 2934 3628 3002 νόμους

389 3024 521 3078 Iicas
551 3025 761 3079 videam
803 3041 890 3079 me
938 3026 1263 3080 invitissime
1295 3043 1362 3080 eo
1405 3028 1577 3096 sequi.
1611 3028 1660 3082 Is
1689 3029 1782 3096 qui
1815 3044 1955 3082 mar-

2057 3026 2164 3097 δρῶ
2191 3025 2670 3095 διευλαϐουμένους
2701 3043 2791 3096 μοι
2829 3026 3085 3079 ἐπεσθαν
3115 3026 3266 3081 ἀλλὰ
3285 3027 3392 3099 γάρ
3419 3043 3620 3097 μαργα-

388 3115 592 3184 garitas
616 3132 780 3185 puras
801 3126 854 3170 et
869 3117 1156 3173 deftecatas
1172 3119 1240 3173 de
1261 3118 1459 3172 virtute
1478 3119 1921 3175 ratiocinationes
1940 3160 1954 3186 ,

2057 3117 2207 3187 ρίτας
2231 3116 2350 3186 μὲν,
2371 3117 2463 3169 καὶ
2489 3117 2615 3181 τοὺς
2631 3119 2756 3187 περὶ
2773 3119 2973 3188 ἀρετῆς
2995 3118 3276 3188 καθαροὺς
3305 3118 3612 3187 λογισμούς·

388 3217 572 3262 sancta
606 3221 824 3274 autem,
874 3211 1089 3279 piarum
1136 3221 1190 3266 et
1218 3212 1646 3268 orthodoxarum
1687 3214 1955 3267 rationum

2057 3205 2186 3274 ἅγια
2225 3208 2304 3269 δὲ,
2345 3208 2452 3259 τῶν
2496 3207 2733 3261 εὐσεϐῶν
2777 3210 2871 3261 καὶ
2925 3209 3224 3279 ὀρθοδὸξων
3255 3209 3520 3279 λογισμῶν
3561 3207 3618 3259 τδ

388 3301 763 3355 honorabilem
811 3311 864 3355 et
912 3304 1279 3358 venerandum
1329 3314 1635 3374 respectum
1671 3317 1723 3360 et
1749 3307 1955 3360 noverit

2057 3297 2233 3367 τίμιον
2264 3299 2357 3350 καὶ
2379 3300 2597 3365 σεπτὸν,
2631 3299 2730 3352 οὐκ
2762 3299 2826 3352 ἄν
2863 3317 2947 3362 τις
2979 3301 3325 3372 ἀποσφαλείη
3351 3303 3448 3368 τῆς
3489 3299 3615 3368 ἀλη-

386 3395 774 3458 ctvocaverit,
826 3395 1244 3465 haudquaquam
1301 3399 1576 3453 aberrabit
1627 3414 1654 3451 a
1685 3400 1953 3465 veritate;

2057 3389 2209 3452 θείας
2234 3391 2328 3442 καὶ
2359 3390 2518 3452 εἰδὼς
2547 3391 2642 3444 καὶ
2668 3391 2847 3445 καλῶν
2867 3408 2881 3421 '
2911 3392 3099 3463 ῶσπερ
3129 3393 3304 3458 κύνας
3333 3395 3457 3456 τοὺς
3495 3392 3615 3444 δυσ-

387 3499 549 3538 ιειιηεε
581 3485 858 3554 alioquin,
898 3487 1092 3555 impias
1123 3497 1175 3541 et
1221 3488 1506 3544 lmreticas
1548 3491 1907 3560 cogitationes
1937 3509 1951 3546 :

2059 3479 2237 3541 σεϐετς
2295 3480 2390 3532 καὶ
2443 3480 2822 3550 αἱρετίζοντας
2877 3457 3213 3551 λογισμοὺς,
3275 3457 3368 3535 καὶ
3412 3480 3616 3551 χοίρους

384 3586 603 3639 porcos,
663 3573 1033 3642 voluptatibus
1072 3575 1302 3640 deditos,
1345 3578 1485 3630 male
1521 3579 1730 3633 olentes
1782 3589 1836 3633 et
1873 3580 1955 3634 af-

385 3658 556 3711 fectus
588 3675 783 3728 pravos
810 3672 1158 3729 reputaverut.
1193 3665 1459 3730 Quocirca
1492 3666 1800 3722 istiusmodi
1827 3685 1953 3738 por-

380 3745 462 3800 cis
487 3757 538 3799 et
565 3749 795 3803 canibus
823 3767 928 3804 non
966 3762 1182 3820 Oportet
1219 3755 1539 3822 margaritas
1568 3765 1622 3810 et
1647 3767 1833 3811 sancta
1866 3759 1949 3812 vel

379 3833 648 3903 projicere
691 3837 775 3891 vel
808 3853 1129 3908 proponere,
1185 3842 1250 3895 ad
1285 3843 1660 3898 contentiones
1691 3844 1952 3902 fovendas

377 3934 434 3979 et
462 3927 806 3998 litigandum.
838 3928 988 3984 Multi
1024 3933 1170 3986 enim
1216 3934 1330 3989 hate
1369 3935 1483 4004 ipsa
1516 3936 1621 3992 illis
1661 3937 1789 3990 dum
1823 3952 1949 4006 pro-

378 4027 610 4087 ponunt,
646 4029 700 4073 et
731 4019 858 4075 dum
894 4021 947 4074 in
978 4024 1227 4078 rationali
1268 4041 1381 4080 suae
1414 4027 1609 4082 anima!
1637 4039 1789 4097 parte
1824 4046 1950 4084 con-

382 4107 676 4163 teutionem
709 4111 972 4176 excitant,
1014 4123 1075 4165 ut
1107 4113 1160 4166 in
1196 4130 1356 4169 scena
1400 4116 1787 4181 introductam,
1824 4121 1948 4188 qni-

377 4199 478 4255 bus
505 4215 628 4255 cum
672 4215 894 4272 propter
925 4206 1331 4262 inclinationem
1375 4226 1643 4264 summam
1680 4213 1744 4264 ad
1776 4213 1944 4266 animi

377 4291 683 4373 passiones,
709 4292 974 4362 judicium
1008 4295 1281 4350 sincerum
1313 4313 1654 4367 nequaquam
1688 4300 1941 4364 habeant,

375 4379 672 4445 improviso
710 4381 1035 4449 semetipsos
1077 4383 1429 4450 subruerunt,
1466 4394 1520 4440 el.
1570 4387 1722 4454 lapsu
1756 4387 1944 4441 formi-

373 4465 564 4520 doloso
615 4468 936 4537 praecipitati
995 4481 1171 4526 sunt:
1208 4471 1435 4528 devictis
1483 4489 1604 4541 quae
1651 4476 1939 4531 meliorum

372 4563 528 4606 erant
554 4557 810 4623 partium,
843 4572 872 4610 a
902 4557 1212 4627 pejoribus;
1250 4561 1323 4614 ita
1368 4571 1427 4616 ut
1453 4562 1821 4630 spectaculum
1849 4578 1939 4618 se-

370 4663 483 4706 met
535 4657 718 4724 potius
765 4658 1060 4727 tragieum,
1120 4676 1283 4728 quam
1344 4672 1676 4730 spectatores
1716 4667 1934 4722 laudent

369 4745 902 4808 repraesentaveriut.
938 4743 1093 4811 Quod
1125 4749 1170 4802 si
1205 4747 1274 4802 ab
1307 4749 1538 4805 invicem
1567 4755 1934 4822 pugnantibus

368 4828 822 4899 cogitationibus.
881 4843 936 4888 et
979 4837 1148 4890 animi
1209 4837 1561 4906 opinionibus
1603 4844 1935 4910 processeris

367 4917 436 4971 ad
491 4919 733 4974 actiones
787 4933 974 4978 mutuo
1023 4925 1336 4992 allidentes,
1391 4941 1444 4983 et
1494 4929 1735 4998 ipsorum
1787 4933 1930 4989 circa

366 5006 610 5078 actiones
633 5010 753 5066 illas
766 5013 1173 5082 dispositiones,
1205 5033 1547 5088 progressum
1577 5022 1764 5078 eodem
1790 5026 1935 5079 ince-

363 5101 578 5175 dentem
628 5103 1053 5164 animadvertes.
1105 5109 1227 5165 Vita
1261 5113 1524 5180 honesta,
1569 5125 1625 5170 et
1673 5131 1797 5171 cum
1832 5117 1938 5172 ﬁde

362 5192 667 5250 orthodoxa
694 5197 1008 5266 conjuncta,
1035 5201 1089 5255 in
1111 5218 1232 5272 qum
1263 5220 1367 5259 non
1393 5221 1553 5262 secus
1573 5223 1736 5278 quam
1760 5209 1937 5263 solent

365 5285 671 5353 margarita:
699 5295 753 5340 et
800 5302 889 5341 res
919 5300 1123 5345 sancta:
1156 5292 1338 5348 radios
1381 5295 1600 5360 emittit,
1638 5313 1744 5351 non
1775 5297 1935 5353 debet

359 5372 636 5439 hrcretica,
672 5375 881 5442 fmiida,
916 5381 1136 5438 sordida
1165 5387 1577 5444 conversatione
1597 5391 1821 5456 versari,
1841 5401 1938 5446 aut

428 5507 474 5540 ⁸⁵
500 5487 739 5580 [υθέ-ιτ,
782 5516 871 5572 58.
949 5519 992 5549 "
1019 5520 1035 5574 l
1067 5521 1204 5577 Tim.
1241 5538 1290 5581 v.
1323 5524 1411 5577 2‘2.

2059 3569 2220 3623 πάλιν
2257 3570 2382 3633 τοὺς
2413 3570 2730 3641 φιληδόνους
2761 3571 2856 3624 καὶ
2900 3572 3160 3635 δυσώδεις
3201 3573 3296 3626 καὶ
3337 3571 3612 3642 ἐμπαθεῖς.

2056 3662 2131 3714 Οὐ
2159 3663 2239 3714 δεῖ
2271 3662 2565 3732 τοιγαροῦν
2598 3663 2808 3726 τοὺτοις
2835 3665 2948 3727 τοῖς
2979 3663 3190 3734 χοίροις
3221 3663 3341 3717 οὐδὲ
3367 3665 3478 3724 τοῖς
3499 3659 3615 3714 κυσὶ

2052 3756 2179 3818 τοὺς
2212 3755 2560 3825 μαργαρίτας
2589 3754 2686 3807 καὶ
2704 3755 2773 3807 τὰ
2803 3755 2957 3822 am,
2985 3759 3064 3818 εἱς
3094 3753 3214 3823 ἔριν
3247 3754 3344 3807 καὶ
3383 3753 3613 3820 ζυγομα-

2053 3846 2198 3916 χίαν,
2231 3847 2446 3917 ῥίπτειν
2467 3848 2562 3900 καὶ
2592 3845 3006 3917 προϐάλλεσθαι.
3037 3845 3234 3899 Πολλοὶ
3256 3845 3362 3916 γάρ
3397 3842 3613 3903 ἐκείνοις

2049 3938 2224 3991 ταῦτα
2268 3938 2580 4008 προθέντες,
2623 3939 2718 3992 καὶ
2771 3939 2869 4010 τὴν
2897 3938 3100 3992 τούτων
3131 3940 3192 3993 ἐν
3222 3939 3301 4009 τῷ
3331 3931 3613 4006 λογιστικῷ

2047 4028 2150 4097 τῆς
2169 4030 2346 4098 ψυχῆς
2385 4028 2640 4098 ἅμιλλαν,
2679 4029 2755 4092 ῶς
2793 4029 3057 4100 σκηνικῆν
3090 4029 3222 4084 θέαν
3270 4027 3609 4098 ποιούμενοι,

2047 4121 2142 4171 καὶ
2171 4119 2235 4188 δὴ
2267 4119 2359 4171 καὶ
2389 4119 2495 4171 ὑπὸ
2516 4119 2614 4189 τῆς
2655 4119 2784 4189 περὶ
2811 4119 2879 4172 τὰ
2925 4119 3072 4190 πάθη
3103 4119 3478 4190 προσπαθείας
3519 4113 3611 4184 τὴν

2047 4210 2230 4279 κρίσιν
2254 4210 2553 4263 ἀδέκαστον
2587 4211 2688 4264 οὐκ
2720 4210 2960 4281 ἔχοντες,
3005 4209 3197 4264 ἔλαθον
3228 4209 3453 4268 ἑαυτοὺς
3479 4206 3606 4261 ἀναε-

2044 4297 2343 4367 τρέψαντες
2373 4299 2468 4352 καὶ
2495 4300 2748 4362 πεσόντες
2775 4299 2978 4370 πτῶμα
3008 4299 3268 4364 ἐξαίσιον,
3309 4294 3613 4364 ἐκνικηθέν-

2043 4400 2151 4436 των
2197 4385 2379 4447 αὐτοῖς
2427 4387 2535 4438 τῶν
2579 4385 2906 4458 κρειττόνων
2949 4389 3060 4450 τοῖς
3092 4387 3326 4457 χείροσι,
3357 4385 3450 4438 καὶ
3487 4381 3609 4434 θέαν

2045 4475 2246 4540 μᾶλλον
2267 4477 2538 4547 τραγικὴν
2565 4478 2794 4540 ἑαυτοὺς
2829 4478 2860 4548 ἢ
2895 4477 3096 4542 θεατάς
3135 4478 3523 4544 ἐπιδείξαντες.
3549 4472 3608 4524 El

2040 4566 2097 4618 δὲ
2120 4567 2213 4619 καὶ
2235 4567 2342 4621 ἀπὸ
2372 4567 2482 4620 τῶν
2507 4569 2832 4639 μαχομένων
2861 4569 3079 4622 ἐννοιῶν
3119 4569 3214 4623 καὶ
3236 4566 3605 4636 ἐνθυμήσεων,

2042 4657 2130 4710 ἐπ’
2159 4658 2331 4721 αὐτὰς
2364 4660 2687 4730 προσέλθοις
2710 4660 2811 4725 τὰς
2831 4661 3216 4731 ἀντικειμένας
3247 4658 3496 4731 πράξεις,
3516 4653 3606 4706 καὶ

2040 4748 2167 4814 τοὺς
2189 4750 2328 4804 κατά
2369 4752 2468 4814 τὰς
2507 4752 2734 4822 πράξεις
2795 4755 2967 4816 αὑτὰς
3015 4737 3410 4819 διακειμένους,
3461 4744 3607 4798 οὐδὲν

2038 4837 2200 4912 ἦττον
2230 4843 2485 4914 εὑρήσεις
2531 4844 2631 4913 τὴν
2673 4843 2909 4916 θεωρίαν
2943 4844 3366 4916 προϐαίνουσαν.
3409 4839 3467 4892 '0
3501 4835 3604 4905 γὰρ

2040 4935 2331 4998 σπουδαῖος
2385 4936 2502 5006 βίος
2549 4936 2645 4989 καὶ
2721 4935 3036 5008 ὀρθόδοξος,
3095 4931 3456 5006 μαργαριτῶν
3511 4927 3602 4981 καὶ

2042 5029 2214 5096 ἁγίων
2239 5028 2396 5099 δίκην
2408 5029 2771 5092 ἀποστίλϐων,
2801 5028 2901 5082 οὐκ
2930 5026 3135 5097 ὀφείλει
3165 5027 3285 5086 ταῖς
3303 5018 3602 5089 αἱρετικιιίς

2036 5120 2130 5172 καὶ
2154 5118 2410 5172 δυσώδεσι
2435 5122 2530 5173 καὶ
2559 5119 2841 5190 ῥυπῶσαις
2867 5118 3162 5180 πολιτείαις
3197 5105 3600 5169 συνδιαιτᾶσθαι

2037 5211 2131 5264 καὶ
2184 5210 2676 5280 συναναφύρεσθαι.
2714 5229 2735 5263 ι
2795 5210 3072 5278 Ἐξέλθετε
3121 5209 3254 5278 γὰρ,
3293 5202 3488 5274 φησὶν,
3540 5198 3600 5248 ὲκ

2041 5303 2206 5372 μέσου
2281 5303 2460 5356 αὐτῶν
2518 5306 2614 5357 καὶ
2681 5303 3039 5374 ἀφορίσθητε,
3082 5321 3101 5354 ι
3162 5298 3316 5364 λέγει
3372 5291 3594 5359 Κύριος.

2039 5411 2058 5439 α
2096 5393 2253 5461 κάγὼ
2299 5395 2609 5468 εἰσδέξομαι
2663 5397 2827 5466 ὑμᾶς.
2887 5412 2909 5448 ι
2964 5394 3094 5462 Καὶ,
3141 5409 3162 5443 ι
3221 5387 3318 5451 Τίς
3355 5376 3596 5437 κοινωνία

1577 5615 1808 5672 VARL’E
1869 5616 2261 5679 LECTlONES.

431 5683 455 5712 ι
482 5677 866 5748 αἰτησάμενον.
