3876 6216
173 226 279 292 945

1061 243 1162 302 AD
1194 243 1791 306 AMPHILOCHIUM
1832 246 2181 319 QUZESTIO
2217 247 2570 312 CCI-CCIII.

3332 251 3441 317 946

174 340 316 438 φωτὶ
530 346 754 415 σκότος;
794 367 812 400 ι
863 352 975 418 καὶ,
1011 374 1030 406 c
1091 354 1353 426 Ἐξάρατε
1376 358 1469 413 τὸν
1523 360 1786 431 πονηρὸν,

1873 363 2230 419 :ommisceri.
2278 383 2296 416 ι
2368 363 2703 437 Egredimini
2737 365 2925 438 (enim)
2959 367 3028 424 de
3072 367 3253 424 medio
3290 367 3440 438 ipso-

173 435 239 489 ἐκ
295 435 468 506 μέσου
516 438 701 508 ὑμῶν·
741 459 761 493 ι
803 446 917 511 καὶ,
967 465 985 497 ι
1025 446 1115 517 Τῷ
1153 449 1381 521 τοιούτῳ
1430 451 1566 523 μηδέ
1617 468 1763 507 συν-

172 524 424 581 εσθίεινο
460 548 481 582 ›
527 534 621 585 καὶ
672 533 800 589 ἄλλο
849 537 1050 608 πλῆθος
1079 539 1329 612 ἄπειρον.
1374 542 1537 597 Ἀλλὰ
1587 543 1764 599 ταῦτα

177 620 278 686 μὲν
310 620 413 692 σὴν
453 624 907 699 πεφιλοτιμήσΘω
940 631 1098 702 χάριν
1119 649 1136 665 ο
1192 628 1302 686 οἵδε
1354 632 1411 686 δὲ
1442 634 1538 687 καὶ
1566 633 1629 687 τὸ
1659 638 1760 706 τῆς

171 711 532 784 ἀναγωγικῆς
555 714 790 789 θεωρίας
818 720 1038 791 χωρίον,
1069 723 1146 795 τῷ
1167 725 1359 780 πλάτει
1381 727 1479 780 καὶ
1502 728 1569 797 τῇ
1604 725 1761 793 εὑρέ-

173 819 254 856 σει
285 804 399 857 τῶν
431 804 807 878 θεωρημάτων
839 813 1368 882 ἐγκαλλωπίζεσθαι.

1864 469 2012 520 rum,
2068 464 2126 509 et
2182 457 2574 527 separemini"
2623 478 2642 511 ι
2697 460 2796 532 (ait
2845 461 3152 531 Dominus);
3215 470 3291 528 et,
3340 478 3445 534 ego

1862 546 2161 615 suscipiam
2188 564 2287 603 vos
2306 549 2373 614 δίς
2402 560 2474 615 et,
2505 569 2524 602 ι
2553 550 2687 618 Quae
2714 554 3030 608 communio
3054 555 3293 610 tenebris
3317 571 3442 609 cum

1862 635 1985 690 luce
2008 635 2096 687 ⁸²⁴ἰ
2127 656 2144 687 ι
2173 635 2260 702 Ει,
2285 635 2484 693 Tollite
2506 638 2734 709 impium
2757 640 2825 693 de
2846 641 3026 696 medio
3053 652 3301 698 vestrum
3338 645 3439 698 ⁸³.»

1859 722 1947 789 Ει,
1993 720 2208 778 «Nolite
2233 740 2357 779 cum
2398 725 2708 781 istiusmodi
2748 742 2943 796 panem
2977 730 3325 784 comedere“
3364 750 3378 786 :
3420 750 3436 783 ι

1857 823 1911 868 et
1938 812 2206 868 similium
2257 814 2450 882 ingens
2498 816 2811 872 multitudo.
2857 815 2965 872 Sed
3008 817 3121 873 haec
3167 820 3448 874 sufﬁciant

170 914 293 968 quae
320 906 469 954 tuam
500 904 728 971 gratiam
759 907 1164 966 demereantur.
1190 912 1351 968 Certe
1380 912 1651 968 familiare
1678 919 1763 968 est
1799 918 1861 965 ut
1892 907 2221 979 anagogices
2267 909 2746 979 contemplationis
2794 926 3047 982 campus,
3112 912 3315 970 dilatus
3379 916 3447 968 ab

170 993 489 1049 istiusmodi
533 996 944 1057 inventionibus
986 1014 1040 1058 et
1079 1005 1548 1074 speculationibus
1608 1006 1932 1064 eiﬂorescat.

718 1112 1055 1170 ΕΡΩΤΗΣΙΣ
1086 1117 1206 1173 ΣΑ’.

169 1198 306 1266 Πῶς
370 1201 471 1256 δεῖ
511 1203 743 1272 κρίνειν
808 1207 881 1260 τὰ
928 1209 1078 1263 κατὰ
1130 1211 1238 1264 τὸν
1296 1212 1446 1276 βίον
1496 1211 1753 1282 συμϐαί-

850 1294 1036 1333 νοντα
1060 1296 1080 1345 ;

1921 1111 2247 1184 ρωΕδΤΙΟ
2273 1112 2381 1170 CCI
2411 1113 2598 1186 [CoisL
2622 1114 2882 1181 CCXXX,
2931 1116 3094 1171 Taur.
3126 1116 3383 1190 CCXXI].

1856 1210 2135 1278 Quomodo
2188 1207 2547 1278 judicandum
2604 1208 2669 1279 de
2724 1209 2790 1261 iis
2848 1225 2966 1279 qua:
3022 1210 3098 1277 ,in
3164 1210 3263 1265 hac
3338 1211 3451 1265 vita

2515 1277 2809 1335 accidunt?

547 1387 687 1438 Edita
707 1403 735 1438 a
754 1388 1054 1441 Montacutio
1080 1398 1181 1455 (ep.
1207 1391 1267 1441 58
1288 1393 1348 1442 ad
1366 1392 1520 1443 Leon.
1548 1407 1597 1456 p.
1622 1393 1732 1453 112,
1757 1391 1891 1455 115).
1912 1415 1977 1427 -—
1993 1390 2070 1440 De
2095 1387 2433 1438 retributione
2460 1386 2701 1439 bonorum
2733 1394 2787 1439 et
2816 1391 3078 1441 malorum.

249 1493 555 1565 ’Υπέχουσί
585 1514 733 1561 τινες
759 1497 869 1552 τῶν
900 1500 1259 1572 ἀδικημάτων
1290 1503 1445 1567 δίκας
1472 1505 1530 1556 ἐν
1556 1503 1633 1575 τῷ
1661 1503 1758 1557 νῦν

1930 1500 2217 1570 ΙηῙυειίιίω
2252 1514 2445 1570 poenas
2513 1500 2734 1570 quidam
2782 1500 2835 1554 in
2870 1501 2969 1555 hac
2998 1501 3109 1556 vita
3139 1501 3291 1556 dant.
3342 1500 3450 1557 Ha-

171 1586 275 1659 βίῳ
299 1603 312 1618 ’
341 1589 487 1658 ἔχεις
511 1592 918 1661 ἐναργεστάτην
958 1593 1236 1660 ἀπόδειξιν
1277 1595 1360 1647 ὅτι
1391 1594 1760 1666 ἑστιΠρόνοια

168 1681 465 1748 ἐφεστῶσά
501 1682 597 1736 xui
628 1682 991 1750 λογοθετοῦσα
1045 1686 1138 1738 καὶ
1183 1687 1523 1757 περιέπουσα
1567 1686 1639 1740 τὰ
1674 1689 1761 1741 ἐν-

168 1769 375 1824 ταῦθα.
405 1771 526 1825 Οὐκ
587 1771 796 1827 ἔδωκαν
848 1775 1037 1829 πολλοὶ⁸
1077 1776 1235 1840 δίκας
1277 1778 1388 1831 τῶν
1432 1778 1761 1850 ἀδικώτερον

168 1862 655 1934 πολιτευσαμένων
675 1882 690 1897 ’
723 1866 882 1919 τοῦτο
913 1868 1117 1937 μείζων
1164 1870 1445 1935 ἀπόδειξις
1468 1910 1483 1934 ,
1513 1871 1595 1923 ὅτι
1623 1869 1761 1938 πρὸς

167 1956 373 2027 ἑτέραν
399 1957 519 2009 τινὰ
552 1958 888 2028 πικροτέραν
920 1960 1014 2012 καὶ
1046 1961 1441 2033 χαλεπωτέραν
1461 1965 1762 2034 συνετηρή-

166 2047 351 2118 θησαν
407 2048 613 2119 κρίσιν.
648 2049 1000 2119 Εὑδαιμόνως
1044 2052 1278 2105 ἐϐίωσαν
1318 2053 1504 2106 πολλοὶ
1531 2054 1641 2106 τῶν
1669 2053 1761 2106 δι-

166 2140 347 2194 καίων
368 2156 382 2171 ·
421 2142 580 2212 δέχου
606 2144 770 2196 πάλιν
782 2143 1045 2215 προοίμια
1062 2145 1158 2197 καὶ
1186 2144 1429 2215 σύμϐολα
1452 2146 1552 2210 τῆς
1582 2148 1759 2199 ἐκεῖσε

168 2234 804 2304 μισθαποδοσίας.Ἀλλά
837 2237 932 2289 καὶ
968 2236 1156 2290 πολλοὶ
1190 2238 1413 2301 πολλαῖς
1458 2238 1760 2310 ἐνήθλησαν

164 2325 611 2395 ταλαιπωρίαις·
644 2328 806 2381 τοῦτο
851 2329 942 2381 καὶ
979 2329 1106 2393 τοὺς
1145 2330 1265 2383 λίαν
1297 2330 1637 2401 ἐπιστομίζει
1669 2349 1762 2400 φι-

166 2419 477 2486 λονείκους,
510 2421 593 2474 ὅτι
620 2421 838 2485 πάντως
867 2422 1024 2488 ἄλλος
1055 2424 1203 2493 ἡμᾶς
1229 2422 1488 2491 ἀναμένει
1524 2421 1636 2492 βίος
1669 2422 1762 2474 καὶ

163 2516 462 2585 κριτήριον
495 2514 645 2579 ἄλλο,
675 2518 734 2568 ἐν
759 2508 803 2583 ᾧ
832 2516 939 2568 τῶν
974 2517 1095 2569 κατ’
1125 2515 1282 2581 ἀξίαν
1306 2515 1537 2578 ἕκαστος
1569 2513 1763 2584 βεΰιω-

167 2606 358 2675 μένων
391 2605 736 2677 ἀπολήψεται
763 2608 863 2677 τὴν
894 2606 1268 2678 ἀντιμισθίαν.

723 2803 1063 2857 ΕΡΩΤΗΣΙΣ
1100 2803 1215 2859 EB'.

162 2888 308 2957 Πῶς
331 2893 387 2945 οἱ
407 2892 742 2948 ἀπόστολοι
774 2896 998 2983 ἰδιῶται
1032 2898 1491 2968 ὄντεςρητόρων
1518 2899 1767 2955 πάντων

726 2983 1181 3037 κατεκράτησαν
1202 2985 1221 3033 ;

1868 1595 1962 1649 bes
1978 1592 2412 1647 eﬂicacissimam
2431 1591 2953 1646 demonstrationem
2987 1593 3127 1648 hanc
3159 1593 3451 1662 providen.

1867 1688 1997 1742 tiam
2031 1685 2415 1756 prmsidentem
2446 1684 2630 1749 rebus,
2663 1686 2905 1738 rationes
2930 1685 3230 1751 ineuntem,
3257 1687 3452 1742 sedulo

1866 1789 2146 1835 curantem
2175 1794 2297 1847 quae
2326 1777 2415 1831 hic
2454 1784 2713 1848 aguntur.
2757 1777 2858 1831 Ast
2903 1778 3057 1831 multi
3107 1793 3299 1848 pmnas
3341 1796 3450 1834 non

1865 1871 2084 1936 dedere,
2119 1870 2211 1939 qui
2241 1870 2417 1940 magis
2448 1868 2714 1937 injuriose
2741 1871 3048 1924 conversati
3082 1880 3229 1926 sunt.
3274 1871 3450 1926 Etiam

1866 1961 1970 2016 hoc
2015 1960 2192 2030 major
2230 1969 2315 2015 est
2353 1960 2787 2025 demonStratio,
2843 1976 3040 2030 nempe
3092 1962 3280 2029 reponi
3332 1963 3455 2018 illos

1864 2054 2230 2110 reservantlos
2259 2053 2470 2123 judicio
2512 2053 2780 2107 acerbiori
2826 2053 3041 2108 cuidam
3085 2063 3137 2107 et
3190 2056 3453 2124 graviori.

1862 2143 2131 2214 Prospere
2180 2146 2436 2199 vixerunt
2496 2146 2789 2215 proborum
2847 2145 3021 2200 multi.
3076 2146 3216 2201 Hinc
3274 2146 3455 2217 arripe

1867 2237 2061 2291 iterum
2088 2238 2310 2306 praemia
2339 2247 2389 2290 et
2419 2246 2655 2291 tesseras
2686 2237 3063 2291 retributionis
3096 2238 3206 2291 illic
3234 2237 3451 2293 futuras.

1866 2327 2018 2382 Multi
2070 2343 2193 2380 cum
2236 2326 2423 2381 multis
2466 2327 2705 2382 miseriis
2755 2328 3036 2383 colluctati
3071 2338 3217 2383 sunt.
3256 2328 3318 2384 Et
3353 2330 3457 2385 hoc

1865 2417 1953 2472 vel
1995 2416 2406 2470 ohluctantibus
2456 2416 2727 2485 imprimis
2775 2433 2837 2471 os
2884 2418 3121 2481 obturat,
3165 2427 3218 2472 et
3254 2417 3456 2471 conﬁr-

1865 2514 1999 2569 mat,
2034 2504 2196 2557 aliam
2242 2518 2344 2557 nos
2382 2512 2702 2571 exspectare
2757 2505 2958 2567 vitam,
2996 2506 3229 2559 tribunal
3281 2506 3453 2568 aliud,

1866 2594 1932 2648 ad
1984 2593 2131 2663 quod
2173 2592 2409 2661 quisque
2463 2604 2782 2662 recepturus
2812 2602 2896 2647 est
2952 2596 3260 2649 mercedem
3293 2595 3456 2649 retri-

1867 2683 2054 2736 butam
2082 2685 2234 2752 juxta
2268 2699 2389 2752 qua:
2415 2682 2470 2736 in
2498 2683 2601 2737 hac
2628 2684 2738 2735 vita
2769 2684 2957 2752 gessit.

1870 2797 2199 2867 QUESTIO
2222 2798 2361 2854 CCII
2425 2796 2613 2870 [CoisL
2646 2792 2929 2860 CCXXXI,
2978 2796 3136 2853 Taur.
3170 2798 3451 2869 CCXXII].

1933 2892 2207 2959 Quomodo
2257 2892 2506 2961 apostoli,
2558 2908 2674 2943 cum
2706 2891 2888 2944 idiota:
2938 2904 3128 2959 essent,
3167 2894 3400 2949 rhetores

2372 2978 2548 3015 onmes
2604 2964 2964 3032 superarunt?

1066 3120 1209 3171 Edita
1229 3135 1256 3171 a
1280 3123 1578 3173 Montacutio
1600 3123 1706 3185 (ep.
1726 3121 1777 3170 6i
1793 3158 1806 3181 ,
1827 3119 1888 3169 ad
1910 3118 2092 3179 Georg.
2112 3114 2260 3175 diac.,
2285 3128 2335 3177 p.
2360 3115 2493 3178 1H).

245 3198 313 3253 Εί
347 3198 473 3264 νοῦς
503 3201 601 3270 μέν
621 3200 989 3273 γραμμάτων,
1022 3205 1115 3259 νοῦ
1132 3206 1189 3259 δὲ
1211 3209 1245 3278 ὴ
1267 3207 1387 3261 θεία
1407 3208 1568 3279 χάρις
1588 3210 1763 3276 ἀσυγ-

167 3294 351 3364 κρίτῳ
413 3294 599 3365 μέτρῳ
657 3296 994 3364 πλεονεκτεῖ,
1059 3300 1223 3369 μηδὲν
1277 3300 1599 3373 Θαυμάζῃς,
1632 3304 1682 3354 εί
1717 3302 1767 3355 οί

167 3385 494 3450 ἀπόστολοι,
544 3386 605 3439 τὸ
650 3387 811 3441 πλέον
864 3390 960 3443 καὶ
1016 3393 1275 3461 μέγιστον
1328 3393 1622 3461 λαϐόντες,
1655 3394 1766 3447 τῶν

168 3476 273 3528 ἐπὶ
295 3475 379 3545 τῷ
396 3476 661 3549 ἐλαχίστῳ
685 3480 827 3549 μέγα
858 3482 1267 3552 φρονησάντων,
1296 3486 1563 3554 ῥητόρων,
1592 3484 1756 3551 λέγω,

169 3568 274 3623 καὶ
314 3568 642 3640 φιλοσόφων,
676 3571 819 3625 κατὰ
842 3574 1043 3644 κράτος
1076 3575 1479 3644 περιεγένοντο.

739 3773 1071 3826 ΕΡΩΤΗΣΙΣ
1098 3774 1215 3828 EI".

171 3865 285 3918 Διὰ
312 3863 374 3934 τί
400 3862 643 3930 Παῦλος
660 3864 997 3931 Ἀθηναίοις
1023 3864 1468 3934 διαλεπύμενος.
1498 3866 1617 3919 ἀπὸ
1642 3865 1761 3920 τῶν

310 3933 478 3987 ἰδίων
538 3934 894 4006 γραμμάτων
942 3935 1149 4001 αὐτοῖς
1208 3933 1599 4004 dtulerunt;

1937 3203 1996 3257 Si
2036 3218 2191 3256 mens
2225 3202 2366 3255 ultra
2405 3202 2635 3265 litteras,
2674 3203 2816 3255 ultra
2846 3212 3081 3255 mentem
3116 3216 3245 3255 vero
3269 3200 3453 3254 divina

1863 3296 2060 3365 gratia,
2098 3309 2223 3348 eum
2269 3309 2530 3349 mensura
2581 3292 3001 3363 incomparabili
3037 3293 3315 3358 abundet;
3346 3294 3455 3347 noli

1866 3387 2071 3451 mirari,
2117 3385 2163 3440 si
2214 3385 2434 3456 quidem
2489 3385 2757 3454 apostoli,
2821 3386 2915 3454 qui
2963 3386 3337 3455 plenissimam
3399 3396 3457 3440 et

1863 3480 2157 3533 maximam
2206 3494 2521 3533 mensuram
2575 3488 2925 3547 aecepcrunt,
2982 3478 3100 3533 illos
3135 3479 3454 3549 longissime

1865 3571 2265 3640 superaverint,
2298 3570 2391 3640 qui
2416 3571 2481 3625 de
2514 3570 2745 3624 minimo
2772 3585 2999 3639 magnos
3035 3580 3263 3624 sumunt
3288 3570 3453 3640 spiri-

1873 3674 1961 3719 tus
1981 3702 1996 3726 ,
2034 3664 2284 3717 rhetoras
2314 3679 2415 3733 ego
2456 3664 2696 3734 intelligo
2719 3673 2772 3718 et
2802 3664 3180 3733 pllilOSOphOS.

1875 3775 2202 3841 QUIESTIO
2243 3773 2397 3829 CCIII
2434 3774 2621 3845 [CoisL
2644 3774 2948 3835 CCXXXII,
2972 3772 3456 3844 Tuur.CCXXIII].

1873 3868 1982 3922 Cur
2012 3867 2216 3921 Paulus
2248 3869 2316 3920 ad
2344 3868 2685 3922 Athenienses
2733 3868 2889 3920 verba
2921 3868 3118 3935 faciens
3146 3884 3179 3920 a
3225 3868 3472 3936 propriis.

2032 3955 2211 3991 eorum
2238 3940 2666 4006 inscriptionibus
2687 3948 2999 4007 argumenta
3023 3938 3296 3992 desumit?

1114 4049 1257 4098 Edita
1276 4062 1304 4096 a
1324 4047 1619 4096 Monlacutio
1647 4050 1750 4112 (ep.
1772 4048 1833 4095 62
1854 4049 1913 4096 ad
1934 4051 2075 4097 Joan.
2105 4046 2288 4096 Philus.
2316 4061 2364 4108 p.
2390 4048 2405 4095 l
2426 4045 2521 4108 ιι).

259 4158 403 4222 Τοὺς
435 4159 535 4230 μὲν
569 4159 765 4223 ἄλλους
805 4161 953 4223 εἰκός
986 4160 1135 4214 ἐστιν
1175 4162 1440 4231 ἀπορεῖν,
1477 4161 1530 4212 τί
1564 4160 1765 4231 δήποτε

1946 4157 2251 4214 Verisimile
2276 4166 2362 4214 est
2389 4158 2529 4212 alios
2562 4156 2905 4220 addubitare,
2936 4172 3101 4227 quam
3138 4157 3208 4211 ob
3231 4172 3459 4213 causam

172 4253 207 4305 ὁ
239 4249 531 4314 θεσπέσιος
580 4250 811 4317 Παῦλος,
845 4254 873 4305 ὁ
916 4253 1343 4322 πνευματικοῖς
1392 4253 1768 4314 πνευματικά

176 4344 505 4415 συγκρίνειν
532 4343 797 4398 διδάσκων
820 4362 835 4375 ·
863 4348 891 4399 ὁ
911 4347 1005 4399 καὶ
1028 4346 1199 4418 αὐτὴν
1224 4348 1324 4414 τὴν
1345 4347 1649 4417 Μωσαῖκὴν
1680 4364 1771 4414 φι-

173 4436 464 4506 λοσοφίαν,
499 4437 636 4506 πρὸς
658 4439 759 4508 τὴν
777 4439 1156 4510 ὑπερέχουσαν
1185 4440 1278 4492 τοῦ
1301 4440 1540 4509 Χριστοῦ
1574 4442 1768 4509 σοφίαν

175 4529 436 4583 σκύϐαλα
469 4528 793 4598 ἡγούμενος,
824 4530 877 4582 τί
906 4532 1098 4601 δήποτ’
1121 4531 1214 4586 οὖν
1250 4536 1277 4585 ὁ
1301 4532 1526 4585 τοιαῦτα
1558 4533 1650 4586 καὶ
1678 4535 1768 4588 λέ-

174 4634 299 4685 γων
348 4621 443 4672 καὶ
495 4620 788 4680 διδάσκων,
825 4620 934 4673 ἀπὸ
995 4621 1105 4674 τῶν
1160 4622 1603 4691 ἐπιγραμμάτων
1653 4626 1768 4686 τοῖς

174 4714 530 4783 Ἀθηναῖοις,
572 4713 608 4766 ἃ
639 4713 717 4783 τῷ
754 4712 886 4784 παρ’
908 4713 1098 4776 αὐτοῖς
1150 4714 1538 4784 ἐπεγέγραπτο
1576 4715 1769 4785 βωμῷ,

176 4808 483 4874 διελέγετοτ
510 4806 732 4871 ἀνάξιον
750 4808 860 4876 γὰρ
882 4806 982 4875 τῆς
999 4807 1059 4857 ἐν
1078 4805 1274 4875 Παύλῳ
1290 4805 1440 4868 θείας
1462 4806 1772 4873 ἐπιπνοίας,

174 4903 251 4955 ἐκ
278 4900 468 4972 μύθων
508 4902 831 4969 συγκροτεῖν
861 4900 962 4970 τὴν
999 4900 1287 4970 ἀλήθειαν.
1333 4899 1493 4953 Ἀλλὰ
1517 4900 1643 4963 τοὺς
1677 4902 1775 4971 μὲν

173 4992 383 5057 ἄλλους
415 4990 576 5045 τοῦτο
605 4990 1002 5062 διαποροῦντας
1022 4992 1082 5044 οὐ
1101 4991 1224 5045 λίαν
1257 4992 1389 5055 ἴσως
1431 4991 1497 5045 ἂν
1532 4992 1772 5062 μεμφοί-

179 5101 320 5156 μηνο
356 5084 418 5137 σὲ
445 5084 504 5138 δὲ
538 5086 604 5138 ὲκ
628 5084 840 5155 μυρίων
872 5085 1103 5155 γραφῶν
1124 5102 1183 5138 τε
1201 5085 1297 5139 καὶ
1325 5086 1605 5157 λογισμῶν
1640 5086 1781 5157 έχων

174 5177 459 5244 εὐθύνειν,
490 5176 582 5231 τὸν
610 5177 877 5248 διάπυρον
900 5177 999 5247 τῆς
1017 5178 1369 5247 διαλεκτικῆς
1392 5180 1652 5249 ἐραστὴν,
1683 5180 1781 5248 μά-

174 5271 347 5323 λιστα
374 5269 440 5323 ἂν
467 5268 528 5334 ἐξ
558 5270 679 5332 ἐνὸς
704 5270 813 5323 τῶν
846 5268 956 5323 σῶν
975 5270 1294 5325 δικαιότατα
1319 5272 1386 5326 ἂν
1424 5272 1769 5343 μεμῲοίμην,

174 5361 262 5424 ὡς
301 5360 527 5415 κάκεῖνο
553 5360 985 5430 ἐπιλελησμένον
1036 5360 1309 5432 δήπουθεν
1348 5362 1412 5415 τὸ
1461 5362 1775 5432 σοφώτατον

176 5452 362 5521 αὐτῆς
390 5451 486 5504 καὶ
508 5452 927 5523 χρησιμώτατον
956 5452 1308 5521 νομοθέτημα
1330 5469 1345 5482 ο
1371 5454 1433 5506 τὸ
1461 5456 1614 5507 ποῖον
1640 5473 1654 5521 ;
1688 5456 1773 5525 εφ’

174 5537 261 5598 ὧν
294 5545 331 5614 ἡ
357 5544 467 5597 τῶν
497 5543 787 5616 ἀκροατῶν
838 5543 1113 5613 αἴσθησις,
1167 5545 1226 5611 ἐξ
1266 5546 1488 5599 οἰκείων
1519 5548 1612 5600 καὶ
1637 5547 1775 5617 ἀλη-

177 5636 297 5689 Θῶν
348 5634 805 5705 ἐπιδεικνυμένην
850 5634 913 5687 ού
959 5635 1319 5705 προσδέχεται
1359 5635 1458 5706 τὴν
1491 5636 1774 5709 ἀλήθειαν,

177 5727 301 5783 ἀλλ’
332 5725 747 5799 ἀποτυφλώττει
800 5728 936 5799 πρὸς
970 5726 1072 5799 τὴν
1103 5727 1299 5800 αἴγλην
1338 5729 1529 5800 αὐτῆς,
1580 5730 1674 5786 καὶ
1706 5732 1767 5786 τὸ

1877 4250 2097 4304 divinus
2123 4249 2327 4305 Paulus
2382 4249 2478 4320 qui
2546 4249 2857 4319 spiritualia
2885 4250 3259 4318 spiritualibus
3313 4250 3457 4319 judiv

1878 4355 2007 4395 care
2036 4341 2315 4411 prmcepit,
2342 4341 2434 4411 qui
2461 4349 2511 4396 et
2530 4339 2824 4396 Mosaieam
2861 4344 3001 4395 illam
3025 4343 3455 4412 phiIOSOphiam,

1876 4446 2133 4505 respectu
2162 4434 2476 4490 excellentis
2506 4435 2711 4490 Christi
2739 4436 3043 4505 sapientiae,
3072 4438 3460 4506 rejectamenta

1880 4528 2229 4597 opinabatur,
2268 4544 2532 4597 quorsum
2575 4529 2845 4598 (inquam)
2880 4530 2947 4591 is,
2980 4530 3075 4597 qui
3112 4528 3213 4583 ista
3243 4536 3298 4583 et
3324 4528 3464 4582 dixit

1879 4630 1934 4673 et
1981 4619 2189 4682 docuit,
2247 4635 2372 4675 cum
2427 4620 2569 4690 apud
2629 4622 2992 4675 Athenienses
3036 4622 3361 4681 dissereret,
3394 4622 3463 4675 ab

1873 4712 2249 4780 inscriptione,
2317 4728 2439 4781 qute
2502 4713 2658 4766 altari
2719 4715 2860 4782 apud
2921 4715 3070 4782 ipsos
3119 4715 3456 4783 alligebatur,

1873 4813 2256 4873 argumentum
2297 4807 2610 4870 sumpserit.
2668 4803 2955 4876 Indignum
2994 4806 3141 4860 enim
3167 4807 3338 4860 videri
3374 4807 3462 4860 di-

1871 4895 1999 4947 vina
2048 4883 2138 4947 iila
2193 4894 2247 4946 in
2277 4894 2444 4949 Paulo
2507 4896 2861 4965 aspiratione,
2918 4912 2949 4951 a
2991 4896 3193 4952 fabulis
3241 4899 3462 4953 veritati

1874 5001 2162 5041 assensum
2194 5002 2461 5057 quaerere.
2526 4988 2913 5044 Verumtamen
2950 4991 3108 5055 alios,
3135 4991 3227 5061 qui
3262 4992 3330 5045 de
3357 4992 3461 5046 hoc

1873 5079 2217 5143 addubitant,
2250 5096 2357 5135 non
2387 5096 2488 5150 ego
2519 5083 2750 5136 multum
2788 5082 3130 5139 incusavcro.
3163 5083 3241 5139 Te
3274 5094 3457 5140 autem

1872 5171 2153 5225 ardentem
2209 5170 2526 5227 dialectices
2581 5183 2906 5239 amatorem,
2970 5189 3097 5229 cum
3139 5189 3170 5230 e
3204 5174 3458 5245 plurimis

1877 5263 2102 5333 scriptis
2130 5274 2182 5319 et
2205 5265 2481 5319 rationum
2515 5267 2805 5322 momentis
2842 5268 3074 5339 dirigere
3098 5268 3330 5339 possim,
3350 5267 3456 5321 im-

1872 5355 2065 5425 primis
2117 5363 2296 5410 tamen
2346 5357 2416 5410 ab
2465 5372 2577 5412 uno
2628 5373 2695 5413 ex
2737 5359 2804 5415 iis
2833 5375 2959 5429 qua:
2992 5370 3144 5417 tenes
3174 5362 3311 5430 ipse,
3349 5373 3457 5413 nec

1873 5463 2008 5503 Sane
2059 5448 2248 5502 intimo
2297 5450 2717 5518 reprehendam,
2762 5452 2857 5522 qui
2887 5452 3093 5507 oblitus
3115 5451 3235 5519 ejus
3256 5449 3453 5516 fueris,

1875 5559 2003 5597 cum
2028 5552 2082 5598 et
2102 5544 2569 5613 sapientissimum
2589 5547 2787 5602 scitum
2813 5546 2979 5602 fuerit
2994 5555 3049 5601 et
3072 5543 3454 5600 utilissimum.

1875 5634 2166 5701 Quodnam
2199 5637 2332 5693 illud
2362 5640 2583 5694 autem?
2637 5639 2906 5695 Nimirum
2951 5654 3077 5695 cum
3105 5636 3448 5693 audientium

1876 5746 2093 5799 sensus,
2128 5732 2412 5791 veritatem
2445 5750 2552 5792 non
2575 5733 2813 5792 admittit
2836 5732 3263 5789 demonstratam
3282 5744 3315 5787 e
3335 5731 3454 5794 suis
