3854 6216
494 254 599 317 947
1645 262 1910 323 ΡΗΟΤΙῘ
1950 265 2451 329 PATRIARCHIE
2490 269 2598 329 CP.
3624 278 3721 344 948

494 362 748 433 propriis,
805 378 928 432 quae
956 371 1104 429 sunt,
1133 373 1189 419 et
1227 364 1535 433 conjunctis
1560 380 1685 422 cum
1709 381 1768 421 re
1800 367 1939 437 ipsa,
1967 384 2016 425 se

2194 372 2403 443 ιαθαρὸν
2435 374 2530 427 τοῦ
2562 375 2855 446 νοήματος,
2880 376 2972 431 ἐπὶ
3003 376 3210 432 τούτων
3238 378 3298 445 ἐξ
3318 374 3393 435 ὧν
3422 385 3716 455 πεφύκασιν

491 456 559 510 ad
588 457 708 524 ejus
740 454 1081 523 splendorem
1121 465 1174 511 et
1207 458 1497 527 puritatem
1550 458 1854 514 intellectus
1889 474 2013 515 occa

2200 465 2267 518 ύκ
2299 464 2550 519 ἀδύνατοι
2579 482 2591 495 ·
2626 468 2690 519 ὲκ
2733 467 2938 521 τούτων
2988 469 3089 522 ὃσα
3144 470 3435 541 ἐνδέχεται,
3487 480 3718 549 προσῆκε

494 555 673 609 catur,
734 548 895 601 etiam
930 549 981 600 in
1014 549 1079 602 iis
1110 548 1175 603 ad
1204 564 1325 618 qum
1351 565 1458 603 non
1487 559 1615 605 sunt
1646 549 2016 619 impossibiliu

2191 562 2527 629 [ειραγωγεῖν
2554 561 2648 614 καὶ
2666 563 3099 626 κατασκευάζειν
3124 565 3309 629 αὐτοῖς
3329 568 3427 637 τὴν
3451 548 3713 639 ἀλήθειαν,

491 652 524 690 a
556 646 748 691 natura
776 638 1056 692 constituti
1098 657 1111 692 :
1168 640 1335 694 exiis
1394 656 1516 710 qua:
1565 640 1753 695 haberi
1804 657 2011 711 possun

2197 651 2260 702 ιαὶ
2288 652 2408 715 ταῖς
2440 651 2620 707 αὐτῶν
2643 653 2904 719 διανοίαις
2921 653 3255 725 ύπαυγάζειν
3280 659 3445 731 αὐτῆς
3467 663 3567 734 τὴν
3587 663 3719 737 λαμο

492 731 749 784 convenit
777 746 941 784 manu
978 731 1312 800 apprehensa
1342 731 1563 794 ducere,
1613 740 1669 786 et
1711 745 1807 799 per
1835 747 1898 787 ea
1928 748 2065 787 con-
2166 739 2433 812 πρότητα,

492 824 717 880 stituere
736 826 1038 890 veritatem,
1068 834 1121 879 et
1138 842 1230 896 per
1252 826 1496 895 ipsorum
1513 825 1892 896 cogitationes,
1918 828 2061 884 veri-

492 918 620 972 tatis
658 918 959 973 claritatem
992 918 1393 973 subillustrare.

563 1051 891 1120 QUAESTIO
947 1053 1105 1111 CCIV
1170 1053 1358 1126 [σοῖσι.
1415 1052 1767 1121 CCXXXIII,
1828 1052 1996 1108 Taur.

1656 1052 1722 1107 Ill
1751 1095 1767 1121 ,
1828 1052 1996 1108 Taur.
2706 1057 3041 1115 spumat:
3064 1059 3178 1117 κε’.

1123 1140 1434 1197 CCXXIVI.

1123 1142 1380 1197 CCXXIV
1421 1181 1434 1195 .

492 1235 600 1291 Cur
622 1237 896 1307 prophetia
932 1236 1166 1291 obscuris
1197 1142 1509 1305 imaginlibus
1552 1234 1865 1291 obumbrata
1918 1236 2014 1307 fuit

2197 1232 2271 1287 uc‘c
2298 1233 2354 1287 τί
2374 1232 2414 1301 ἠ
2441 1235 2773 1303 προφητεία
2811 1236 2938 1303 τοῖς
2992 1237 3103 1305 τῆς
3153 1238 3455 1310 ἀσαφείας
3499 1244 3719 1311 τρόποις

2713 1308 3157 1361 συνεσκίασται
3181 1326 3200 1361 :

2759 1324 3157 1362 υνεσκιασται
3181 1326 3200 1374 ;

987 1407 1129 1459 Edita
1153 1420 1180 1456 a
1210 1407 1508 1460 Montacutio
1530 1409 1632 1474 (ep.
1660 1409 1722 1458 65
1742 1410 1801 1459 ad
1820 1410 1961 1460 Joan.
1982 1410 2169 1461 Philos.
2191 1425 2240 1475 p.
2269 1412 2400 1475 115).
2427 1439 2485 1453 «-
2506 1415 2583 1465 De
2607 1415 2908 1468 obscuritate
2932 1420 3233 1481 prophetiae.

560 1512 644 1568 Ad
699 1514 1175 1585 interrogationem
1227 1517 1375 1572 illam
1422 1528 1592 1583 tuam,
1645 1533 1910 1588 quorsum
1938 1534 2062 1589 pro-

2236 1521 2533 1595 Πυθομένῳ
2583 1541 2687 1589 σοι,
2727 1524 2782 1578 τί
2823 1524 3023 1596 δήποτε
3075 1527 3109 1598 ή
3154 1527 3465 1598 προφητεία
3498 1530 3607 1592 τοῖς
3630 1530 3719 1601 τῆς

492 1607 675 1676 phetia
705 1608 1054 1663 obscuritatis
1074 1611 1246 1679 tropis
1279 1610 1599 1664 obvelatur?
1629 1611 1815 1679 paucis
1837 1626 2014 1681 respor

2197 1614 2432 1683 ισαφείας
2461 1616 2686 1685 τρόποις
2716 1619 3121 1681 συνεσκίασται.
3169 1619 3263 1673 διὰ
3300 1620 3545 1691 βραχέων
3575 1622 3719 1691 ἀμεί-

494 1700 594 1753 deo
622 1716 636 1752 :
666 1714 733 1753 eo
764 1700 908 1769 quod
936 1699 1171 1755 historia
1196 1716 1303 1754 non
1335 1710 1417 1756 est
1439 1702 1741 1771 prophetia.
1761 1702 2016 1759 Historia:

2201 1720 2329 1772 ομαι
2352 1719 2370 1738 ο
2403 1706 2548 1758 Διότι
2576 1706 2675 1759 οὐκ
2706 1706 2854 1761 ἐστιν
2898 1692 3109 1780 ἱστορία
3152 1711 3187 1779 ἡ
3227 1712 3555 1782 προφητεία.
3584 1712 3720 1766 Ἰστο-

491 1800 660 1855 certe,
717 1790 763 1844 si
808 1807 928 1861 qua:
984 1792 1085 1846 alia
1126 1794 1325 1857 virtus,
1376 1794 1740 1858 commendat,
1777 1796 2013 1865 perspiCt

2197 1793 2289 1857 ιίας
2331 1793 2435 1866 μὲν
2488 1795 2631 1866 γὰρ,
2668 1797 2828 1869 εἴπερ
2850 1815 2905 1852 τι
2948 1799 3098 1865 ἄλλο,
3133 1800 3332 1872 ἁρετὴ,
3360 1802 3542 1871 σαφῶς
3568 1820 3623 1855 τε
3649 1804 3719 1857 εί-

493 1884 677 1937 omnia
703 1884 1014 1948 enuntiare,
1070 1900 1169 1939 nec
1224 1886 1519 1955 quidquam
1551 1886 1734 1942 atl'oris
1761 1888 2015 1958 cogitatui

2198 1886 2307 1949 τείν,
2338 1886 2433 1940 καὶ
2466 1887 2632 1957 μηδὲν
2679 1889 3127 1959 περινενοημένον
3186 1890 3604 1962 ἐξεργάσασθαι.
3650 1893 3720 1946 Τὰ

496 1971 860 2027 introducere.
921 1972 1087 2027 Docet
1109 1975 1251 2028 enim
1269 1992 1391 2045 qua:
1426 1978 1478 2031 in
1516 1980 1694 2033 medio
1722 1980 1907 2049 populi
1945 1996 2018 2035 vel

2195 1977 2272 2045 ’ἀρ
2312 1978 2369 2030 ὲν
2392 1976 2468 2047 τῷ
2494 1978 2643 2048 μέσῳ
2664 1979 3006 2051 γεγενημένα
3041 1980 3313 2043 διδάσκει.
3336 1984 3429 2037 καὶ
3456 1984 3677 2048 ἅπαντες
3694 1995 3717 2026 ι

495 2072 710 2126 santur,
744 2079 973 2133 qumque
999 2080 1189 2119 omnes
1217 2082 1283 2120 ex
1314 2082 1492 2137 :equo,
1531 2068 1711 2137 ignavi
1741 2078 1796 2125 et
1823 2070 2017 2143 impigr

2197 2065 2365 2135 μοίως
2380 2068 2475 2121 καὶ
2490 2069 2767 2123 σπουδαῖοι
2789 2070 2882 2123 καὶ
2904 2069 3098 2140 φαῦλοι
3125 2073 3249 2127 κατ’
3274 2074 3448 2127 ἐκεῖνο
3468 2074 3678 2145 καιροὺς
3693 2073 3717 2114 δ

494 2155 589 2223 qui
618 2154 669 2206 in
700 2169 883 2208 rerum
914 2165 1105 2209 natura
1146 2168 1454 2225 versantur,
1503 2160 1831 2230 intelligunt,
1874 2176 1973 2217 nec
1998 2178 2016 2215 ε

2197 2156 2491 2224 ιπίσταντο,
2516 2158 2611 2211 καὶ
2633 2156 2731 2213 νῦν
2755 2156 2955 2215 εἰδέναι
2982 2162 3083 2216 οὐκ
3104 2163 3470 2233 ἀπείργονται
3487 2179 3503 2196 ο
3530 2180 3719 2237 προφη-

494 2259 683 2299 eorum
742 2245 1014 2299 intellectu
1067 2262 1212 2303 nunc
1255 2249 1419 2319 aliqui
1455 2251 1869 2308 submoventur.
1933 2253 2016 2307 I‘ri

2201 2246 2287 2299 εία
2314 2247 2390 2313 δὲ,
2420 2241 2488 2319 ἦς
2522 2248 2683 2321 ἔργον
2713 2252 2826 2314 τοῖς
2853 2250 3027 2317 ἀξίοις
3058 2252 3480 2308 ἀποκαλύπτειν
3511 2254 3579 2309 τὰ
3606 2255 3721 2324 ἄδη-

497 2335 679 2405 phetia
718 2344 899 2391 autem
930 2347 1034 2400 est,
1090 2338 1249 2408 cujus
1290 2356 1426 2409 opus
1451 2358 1615 2413 quam
1657 2344 2019 2399 convenientis

2198 2356 2253 2402 α,
2279 2342 2391 2404 τοῖς
2418 2340 2476 2395 δὲ
2504 2341 2751 2413 βεϐήλοις
2771 2342 2948 2397 ἄϐατα
2990 2346 3191 2409 ποιεῖν,
3245 2345 3312 2399 τὸ
3350 2346 3718 2415 συνεσκιασμέ-

498 2426 637 2480 sime
669 2430 975 2497 peragitur,
1018 2431 1257 2501 indignis
1310 2434 1606 2490 revelando
1642 2451 1763 2505 qua:
1795 2448 1927 2492 sunt
1964 2438 2015 2491 oi

2199 2448 2256 2486 ον
2291 2434 2385 2486 καὶ
2414 2434 2828 2504 αἰνιγματῶδες,
2858 2435 2950 2489 καὶ
2980 2435 3042 2489 τὸ
3080 2435 3170 2489 διὰ
3215 2438 3720 2508 παραπετασμάτων

498 2533 683 2585 scura,
734 2519 980 2589 profanis
1028 2532 1209 2578 autem
1263 2524 1525 2595 impervia
1566 2537 1828 2597 praestare
1854 2529 2020 2585 eaden

2206 2526 2655 2598 πρεπωδέστατον
2680 2524 2741 2593 ἐξ
2767 2520 2864 2593 ὧν,
2894 2525 3071 2599 οἶμαι,
3111 2528 3385 2584 λελΰσθαί
3431 2547 3521 2583 σου
3567 2530 3652 2583 καὶ
3675 2530 3728 2581 τὸ

497 2607 756 2679 quocirca
817 2611 1168 2671 adumbratas
1219 2631 1329 2681 res,
1352 2616 1763 2687 etaenigmatice
1788 2634 1881 2688 per
1914 2618 2019 2673 inw

2211 2635 2396 2687 πορον,
2435 2617 2511 2681 ὡς
2558 2618 2623 2672 Ei
2655 2617 2730 2690 μὴ
2776 2618 2883 2671 ἔδει
2916 2618 3127 2688 μαθεῖν,
3155 2620 3283 2673 οὐδ’
3306 2620 3439 2685 ὅλως
3482 2620 3635 2691 ἐχρῆν
3660 2622 3728 2672 εί·-

499 2701 651 2757 lucra
686 2705 956 2773 proponit.
1010 2704 1148 2763 Hinc
1173 2708 1302 2763 mihi
1336 2710 1550 2765 videtur
1580 2721 1684 2765 tua)
1717 2711 1897 2766 dubiae
1923 2728 2021 2782 qua

2208 2710 2329 2761 εἶν’
2364 2710 2413 2763 εἰ
2450 2708 2494 2762 δ’
2517 2708 2712 2782 ἐκρίθη
2772 2711 2988 2780 μαθεῖν,
3034 2712 3135 2765 οὐκ
3188 2713 3433 2781 ἀσαφῶς
3470 2713 3604 2784 ἔχειν
3645 2713 3730 2781 τὴν

498 2793 664 2849 stioni
693 2797 1067 2867 satisfactum,
1119 2801 1399 2868 nimirum,
1449 2800 1506 2857 Si
1566 2802 1914 2872 intelligenda
1962 2818 2020 2857 nc

2204 2800 2531 2871 προφητείαν,
2552 2800 2645 2854 καὶ
2673 2802 2865 2863 ὲνίσως
2895 2813 2918 2843 ε
2945 2803 3147 2874 σχεδὸν,
3178 2805 3290 2859 τοῦ
3314 2804 3448 2877 μηδὲ
3477 2804 3726 2875 εἰρῆσθαι,

497 2895 674 2955 erant,
729 2887 874 2943 haud
913 2889 1130 2945 fuerant
1160 2906 1415 2948 sermone
1445 2894 1781 2949 enuntianda
1809 2912 1822 2948 :
1859 2893 1944 2949 sin
1975 2909 2019 2948 a4

2212 2862 2358 2964 έρῆνξ
2420 2862 2657 2964 Διῃτήθη
2688 2894 2796 2965 γὰρ
2827 2862 2890 2947 ὲκ
2922 2862 3033 2949 τῶν
3061 2862 3407 2966 εἰρημένωύ,
3440 2862 3624 2950 δτίκᾷι
3644 2862 3734 2966 μει-ζ

499 2979 758 3035 discenda
780 2992 957 3049 erant,
993 2998 1101 3038 non
1134 2985 1378 3054 oportuit
1412 2985 1751 3056 prophetiam
1777 2986 2021 3041 obscurat

2211 2983 2281 3035 εῐν
2312 2982 2590 3052 προσῆκον
2635 2979 2733 3053 ἦν,
2766 2983 2860 3037 καὶ
2905 2984 3201 3052 ἀναγκαῖον
3260 2986 3335 3058 μὴ
3379 2985 3610 3057 βεδήλως
3652 2984 3733 3037 καὶ

497 3085 643 3137 esse,
669 3080 765 3128 aut
795 3089 949 3145 reque
974 3089 1097 3132 esse
1124 3091 1189 3131 ac
1218 3077 1263 3132 si
1290 3077 1434 3133 edita
1463 3092 1571 3132 non
1598 3077 1810 3134 fuisset.
1846 3077 1979 3131 Nam
2005 3092 2019 3132 ι

2199 3073 2363 3135 ιοινῶς
2397 3074 2573 3125 εἰπεῖν
2596 3089 2613 3104 ο
2646 3074 2783 3128 ἀλλὰ
2815 3076 2927 3139 τοῖς
2946 3074 3047 3145 μὲν
3080 3075 3327 3146 μύσταις
3360 3076 3601 3149 εἰρῆσθαι
3636 3092 3721 3129 σα-

499 3172 626 3217 ante
679 3163 839 3221 dictis
904 3175 1169 3222 statutum
1229 3177 1334 3233 est,
1398 3170 1731 3225 conveniens
1784 3169 1954 3225 fuisse
2011 3186 2021 3224 ι

2205 3165 2267 3234 ἦ,
2295 3164 2465 3219 ἄδυτα
2508 3164 2568 3218 δὲ
2596 3167 2709 3229 τοῖς
2741 3165 3008 3237 ἀμυήτοις
3044 3166 3446 3241 διατηρηθῆναι
3466 3208 3483 3235 ,
3530 3168 3618 3222 καὶ
3639 3166 3727 3221 οὐκ

497 3252 824 3324 disceretur,
856 3266 909 3312 et
934 3259 1306 3315 necessarium
1336 3269 1397 3315 ιιι
1412 3260 1643 3329 profano
1674 3270 1769 3315 aut
1788 3262 2068 3316 communi
2168 3258 2392 3327 ἐφικτὰ.

501 3361 655 3401 more
682 3364 792 3404 non
821 3350 1202 3406 enuntiaretur
1232 3367 1252 3406 :
1278 3352 1579 3423 sedmystis
1607 3352 1754 3406 clare
1781 3360 1840 3407 ut
1860 3351 2077 3418 edatur,
2113 3351 2327 3407 occulta
2380 3360 2562 3405 autem
2605 3357 2662 3405 et
2707 3349 2934 3407 minime
2969 3351 3155 3422 pervia
3215 3352 3461 3410 nondum
3520 3347 3729 3407 initiatis

500 3449 875 3496 conservetur.

499 3549 831 3616 QUIESTIO
858 3551 992 3609 CCV
1023 3551 1560 3626 [Cont.ccxxx1v,
1597 3553 1763 3611 Taur.
1791 3552 2072 3629 CCXXV].
2742 3544 3075 3599 ΕΡΩΤΗΣιΣ
3116 3546 3241 3604 ΣΕν.

501 3641 580 3698 De
607 3644 965 3715 cﬂiguratione
990 3655 1040 3702 et
1079 3647 1380 3702 charactere
1418 3648 1714 3718 imaginum
1741 3656 2023 3703 sanctarum

2208 3637 2320 3710 Ispi
2358 3635 2820 3708 διαμορφώσεως
2866 3636 3408 3762 ῖῗέόὲὥρακτῆρος
3432 3638 3548 3697 τῶν
3571 3637 3730 3712 ἁγίων

715 3820 858 3871 Edita
875 3835 901 3871 a
930 3818 1226 3871 Hontacntlo
1251 3820 1355 3884 (ep.
1386 3819 1450 3870 οι
1468 3820 1530 3871 ad
1549 3818 1739 3870 Theod.
1759 3820 1964 3885 hegnm.
1989 3836 2041 3885 p.
2067 3821 2201 3888 115).
2221 3846 2284 3860 -
2303 3822 2379 3873 De
2399 3821 2551 3871 forma
2574 3824 2628 3870 et
2646 3821 2934 3870 charactere
2956 3825 3244 3873 sanctarum
3260 3820 3544 3888 imaginum.

575 3929 940 3987 Sciscitantnr
984 3927 1212 4000 (inquis)
1246 3928 1340 3998 qui
1380 3928 1522 3984 inter
1553 3928 1946 3985 Iconomachos
1973 3945 2075 3985 an-

2245 3928 2645 4000 Προτείνουσιν,
2675 3926 2831 3998 ἔφης,
2848 3927 2958 3981 τῶν
2983 3928 3380 4001 Εἱκονομάχων
3409 3931 3521 3986 ὅσοι
3548 3928 3734 4002 θρασύ-

503 4024 754 4081 daciores
783 4031 911 4079 sunt
950 4031 1004 4077 et
1042 4020 1387 4087 maleferiati,
1438 4020 1645 4092 quique
1696 4022 2025 4077 curiositate!

2213 4039 2323 4092 εροι
2351 4022 2447 4076 καὶ
2472 4018 2819 4089 κακόσχολοι,
2847 4020 2945 4072 καὶ
2973 4018 3137 4088 σοφδν
3162 4020 3429 4091 ἡγοῦνται
3449 4022 3509 4075 τὸ
3531 4020 3735 4091 περίερ-

506 4115 826 4186 sapientiam
858 4114 1195 4170 arbitrantur
1220 4128 1363 4179 esse,
1412 4128 1665 4183 quaenam
1697 4116 1770 4169 sit
1809 4128 2028 4184 german

2214 4130 2291 4176 ον,
2323 4111 2452 4165 ποία
2477 4110 2589 4164 τῶν
2620 4110 2848 4164 εἰκόνων
2887 4108 3126 4181 Χριστοῦ
3172 4111 3383 4183 ἀληθὴς
3406 4151 3423 4177 ,
3456 4113 3669 4179 πότερον
3706 4110 3736 4179 ἡ

504 4210 710 4265 Christi
736 4208 958 4280 eﬂigies,
994 4216 1176 4262 utrum
1209 4207 1296 4261 illa
1323 4222 1487 4277 quam
1516 4207 1793 4264 delineant
1820 4206 2026 4261 Roman

2214 4204 2330 4276 ;αρὰ
2365 4203 2658 4273 Ῥωμαίοις
2681 4242 2697 4267 ,
2724 4201 2760 4272 ἢ
2807 4201 2990 4271 ἤνπερ
3051 4201 3213 4256 Ἰνδοὶ
3273 4203 3663 4274 γράφουσιν,ἢ
3707 4202 3736 4270 ἡ

506 4316 577 4355 an
611 4316 775 4371 quam
805 4298 940 4364 Indi,
979 4314 1051 4353 an
1079 4314 1241 4370 quam
1274 4297 1470 4360 Graeci,
1538 4314 1608 4352 an
1641 4312 1806 4367 quam
1836 4295 2028 4367 Egypt

2218 4296 2309 4369 αρ’
2342 4295 2601 4365 Ἕλλησιν
2625 4335 2640 4360 ,
2673 4293 2708 4365 ἢ
2732 4295 2766 4363 ἡ
2788 4294 2919 4364 παρ’
2937 4292 3285 4362 Αἰγυπτίοις,
3326 4297 3427 4367 οὐχ
3457 4296 3632 4367 ὅμοιαι
3657 4292 3740 4348 ἀλ-

510 4399 922 4462 repraasentant,
968 4406 1091 4446 cum
1137 4390 1282 4446 inter
1307 4404 1367 4445 se
1415 4389 1778 4445 similitudine
1806 4404 1915 4444 non
1943 4404 2032 4444 cor

2215 4389 2366 4460 ήλαις
2396 4388 2583 4451 αὐταὶ,
2613 4385 2711 4440 καὶ
2735 4384 2925 4439 ὁποίαν
2945 4385 3011 4440 ἄν
3035 4401 3122 4449 τις
3147 4386 3330 4440 αὐτῶν
3352 4387 3528 4458 ἀληθῆ
3546 4386 3737 4455 φήσειε.

510 4482 768 4539 sentiant.
798 4481 1193 4553 Quamcunque
1229 4482 1456 4539 istarum
1478 4483 1771 4552 genuinam
1798 4495 1921 4537 esse
1952 4497 2024 4552 qu

2219 4479 2417 4550 πιλονότι
2465 4476 2893 4549 παραγράφεται
2944 4475 3047 4540 τὰς
3095 4473 3296 4540 λοιπάς
3322 4492 3337 4509 ο
3367 4475 3504 4531 ἀλλὰ
3557 4473 3741 4543 ταύτην

511 4574 734 4641 dixerit,
756 4574 979 4629 omnino
1006 4572 1095 4628 ille
1138 4573 1393 4643 reprobat
1418 4587 1610 4628 omnes
1652 4572 1914 4642 reliquas.
1974 4569 2033 4626 Se

2222 4573 2364 4628 ύτῶν
2408 4573 2510 4644 τὴν
2560 4570 2817 4642 ἀπορίαν,
2850 4568 3051 4641 μᾶλλον
3083 4568 3143 4623 δὲ
3194 4569 3301 4641 τὴν
3351 4563 3741 4638 κακομηχανίαν

512 4665 922 4735 hancipsorum
961 4663 1346 4734 objectionem,
1406 4672 1502 4718 aut
1540 4664 1869 4719 malitiosam
1903 4662 2034 4733 potin

2220 4658 2251 4720 '9
2279 4663 2444 4718 καλὸν
2480 4660 2809 4732 ὁρθοδοξίας.
2850 4659 3074 4731 ἄγαλμα
3134 4659 3227 4730 σὺ)
3278 4659 3568 4729 πολλαχῶς
3610 4655 3742 4708 ἔστιν

514 4756 973 4811 machinationem
1005 4756 1060 4825 (ο
1086 4764 1144 4809 ιιι
1181 4755 1438 4825 praeclara
1464 4755 1803 4810 orthodoxiaa
1826 4754 2036 4824 imagm

2221 4752 2569 4826 πιῤῥαπίσαι,
2605 4751 2698 4805 καὶ
2730 4750 2933 4821 πολλῆς
2972 4749 3254 4820 γέμουσαν
3325 4748 3622 4819 παρανοίας
3661 4740 3743 4796 καὶ

522 4847 970 4917 repraesentatio),
1002 4846 1187 4900 multis
1213 4845 1389 4900 modis
1423 4846 1653 4915 colapho
1681 4843 1886 4899 inﬂicto
1902 4843 2044 4912 repel

2221 4844 2499 4907 υσσεόείας
2522 4842 2842 4911 ἀπελέγξαι.
2868 4842 2977 4895 Καὶ
3004 4839 3224 4911 πρῶτον
3248 4839 3400 4894 ἔστιν
3417 4839 3588 4893 εἰπεῖν
3623 4832 3743 4903 πρὸς

523 4934 635 4989 lere
657 4951 973 5005 possumus,
1000 4944 1055 4991 et
1075 4934 1359 5004 multiplici
1398 4934 1652 4989 refertam
1687 4949 1811 4988 cum
1850 4933 2044 4988 stultiti

2223 4938 2417 5000 ιύτοὺς,
2444 4937 2528 4991 ὅτι
2572 4935 2743 4999 Τέως,
2771 4934 2831 4999 ἐξ
2852 4927 2927 4987 ὧν
2967 4934 3169 5003 ἔγνωτε
3192 4937 3260 5005 τῇ
3293 4928 3634 5001 είκονονργία
3658 4926 3745 4995 μά-

522 5034 637 5081 tum
669 5028 943 5097 impietate
970 5028 1312 5084 convincere.
1359 5027 1425 5083 Et
1451 5027 1715 5097 imprimis
1743 5027 1810 5081 ad
1856 5041 1951 5082 eos
1981 5026 2044 5080 bo

2221 5031 2409 5100 ςεσθαι,
2436 5030 2531 5083 καὶ
2561 5027 2788 5091 ἄκοντες
2811 5027 2980 5095 αὐτῆς
2998 5025 3277 5095 πανταχοῦ
3290 5024 3391 5094 τῆς
3419 5018 3743 5090 οἰκουμένης,

518 5115 805 5169 dicendum
859 5124 980 5172 est:
1048 5115 1128 5171 Ex
1150 5117 1240 5172 illo
1286 5117 1404 5187 ipso
1433 5116 1576 5171 unde
1612 5115 1808 5171 bellum
1851 5114 2040 5169 indicet

2222 5121 2319 5175 νθα
2371 5121 2433 5174 τὸ
2461 5118 2801 5191 Χριστιανῶν
2850 5118 3007 5186 γένος
3043 5118 3145 5188 τὴν
3191 5115 3432 5185 ὓπαρξιν
3469 5116 3565 5167 καὶ
3590 5124 3744 5181 προσ-

522 5206 819 5278 imaginum
878 5208 1206 5265 confectioni
1260 5208 1658 5280 proposuistis,
1734 5207 1888 5261 inviti
1936 5207 2039 5261 lice

2230 5213 2417 5283 ύνησιν
2474 5214 2923 5284 ἐμαρτυρήσατε’
2965 5210 3107 5265 ὥστε
3136 5209 3167 5263 ὃ
3210 5209 3501 5281 καθαιρεῖν
3559 5206 3748 5272 ἐπιχει-

520 5308 702 5355 tamen
726 5300 971 5356 fatemini
993 5318 1090 5373 per
1126 5303 1438 5359 universum
1461 5302 1671 5367 orbem,
1707 5300 1797 5355 ubi
1828 5300 2042 5355 Christi:

2223 5304 2370 5370 ιοῦσι,
2423 5303 2622 5375 μᾶλλον
2662 5302 2976 5367 συνιστῶσι,
3010 5303 3106 5358 καὶ
3155 5304 3272 5365 τοῖς
3307 5301 3528 5363 οίκείοις
3572 5295 3745 5377 λόγοξς

524 5388 735 5447 nismus
757 5390 992 5461 exsistit,
1046 5392 1344 5463 imaginum
1391 5393 1765 5449 exsistentiam
1805 5400 1860 5448 et
1883 5390 2046 5446 ουιιυι

2238 5395 2526 5451 λίσκονται.
2575 5394 2834 5468 Δεύτερον
2871 5396 2957 5450 ὅτι
2993 5392 3289 5465 λελήθασιν
3316 5390 3560 5457 ἑαυτοὺς,
3584 5385 3651 5441 δι’
3680 5375 3748 5438 ὧν

1790 5546 2022 5605 VARUS
2058 5549 2459 5609 LECTIONES.

597 5677 619 5706 ι
645 5664 678 5719 ἃ
712 5665 910 5732 πάντες
942 5665 1159 5726 Ηωδοίι.
1229 5669 1256 5709 ιι
1293 5668 1386 5723 τοῦ
1411 5665 1600 5738 καιροῦ
1627 5663 1851 5722 Ilmsch.
1950 5675 1971 5702 ε
2011 5664 2095 5719 ia.
2127 5665 2181 5721 ἓν
2214 5666 2341 5732 ἴσως
2365 5666 2583 5724 llwsch.
