3876 6216
206 332 312 397 94')

1080 332 1180 391 AD
1208 326 1805 393 AMPHILOCZIIUM
1834 324 2180 396 QUESTIO
2203 327 2388 401 CCIV,
2420 326 2573 386 CCV.

3322 317 3484 397 .950

212 442 392 496 ταῦτα
423 441 695 509 λέγουσιν,
720 441 801 503 εἰς
826 440 924 510 τὴν
952 440 1059 494 τῶν
1099 442 1370 513 Ἐλλήνων
1393 441 1546 506 τάξιν
1569 438 1800 501 ἑαυτοὺς

1910 439 2114 493 haberi.
2159 439 2233 493 Ita
2260 439 2314 493 in
2338 454 2403 493 eo
2426 436 2573 508 quod
2598 436 2785 490 tollere
2801 434 3108 498 voluerunt,
3142 431 3315 503 magis
3343 446 3483 487 con-

211 533 560 594 ὲντάττοντες
580 548 595 563 ο
628 532 715 584 ἐπ’
750 532 869 599 ίσης
886 532 995 602 γάρ
1021 534 1226 586 ἐστιτὰ
1251 533 1516 603 εἰρημένα
1536 532 1665 601 περὶ
1692 531 1802 584 τῶν

215 624 435 678 σεπτῶν
456 623 680 677 εἰκόνων
700 624 873 676 εἰπεῖν
895 624 989 676 καὶ
1014 640 1083 676 πε
1092 625 1145 694 pl
1166 623 1274 676 τῶν
1288 623 1462 678 ἄλλων
1488 623 1801 693 μυστηρίων

207 715 396 785 ήμῶν.
430 714 623 775 Ποίους
648 712 758 783 γὰρ
790 712 985 780 λόγους
1007 713 1339 782 Εὑαγγελίου
1375 711 1796 776 θεοπνεύστους,

211 807 429 859 εἴποιεν
457 804 545 871 ἂν,
580 805 614 876 ἢ
670 802 807 868 ὅλως
854 805 1188 873 Εύαγγέλιον
1251 806 1405 859 ποῖον
1454 802 1797 875 όνομάζετες

210 898 402 961 ἄλλοις
430 898 541 968 γὰρ
564 898 805 968 σχήμασι
834 898 929 951 καὶ
957 898 1151 962 τύποις
1176 897 1523 969 γραμμάτων
1556 898 1617 951 τὸ
1661 897 1798 951 Ῥω-

212 991 421 1063 μαῖκδν
440 1031 457 1059 ,
497 990 679 1052 ἄλλοις
703 990 761 1043 δὲ
790 990 851 1043 τὸ
895 990 1094 1057 Ἰνδῶν,
1127 990 1222 1043 καὶ
1247 990 1458 1062 ἑτέροις
1484 990 1547 1043 τὸ
1576 988 1797 1061 Ἐϐραῖ-

212 1083 337 1147 κδν,
393 1082 491 1134 καὶ
551 1080 732 1144 ἄλλοις
762 1081 820 1133 τὸ
845 1081 1118 1135 Αἰθιόπων
1150 1081 1562 1153 ἀπαρτίζονται.
1598 1081 1709 1135 Καὶ
1733 1079 1795 1133 ού

215 1175 384 1242 μόνον
405 1172 599 1235 τύποις
646 1172 1020 1242 γραμμάτων,
1062 1174 1159 1227 καὶ
1203 1176 1480 1245 σχήμασιν
1520 1172 1796 1243 ἀνομοίοις

208 1264 546 1334 γράφονται,
574 1261 712 1315 ἀλλά
743 1262 840 1316 καὶ
884 1264 1161 1334 ἀπηχήσει
1194 1268 1290 1317 καὶ
1326 1264 1575 1335 σημασίᾳ
1609 1266 1794 1334 φωνῆς

210 1357 507 1429 ἑτεροειδεί
563 1374 623 1411 τε
672 1357 770 1411 καὶ
818 1357 1224 1429 άλλοτριωτάτῃ
1263 1357 1628 1429 προφέρονται
1651 1371 1666 1385 ο
1692 1356 1794 1409 ούκ

211 1445 314 1503 οὖν
352 1450 509 1517 φαῖεν
539 1448 626 1514 ἂν,
661 1448 881 1503 Μᾶλλον
920 1448 977 1502 δὲ
1007 1450 1096 1503 διὰ
1124 1449 1178 1502 τί
1207 1450 1283 1520 μὴ
1329 1449 1540 1516 λέγοιτε
1584 1449 1660 1511 ὡς
1701 1447 1793 1501 ού-

211 1540 331 1594 δενὶ
358 1540 628 1610 προσήκει
658 1538 993 1610 πείθεσθαιῆ
1021 1539 1422 1611 προσέρχεσθαι
1446 1537 1790 1608 Εὐαγγελίῳ,

211 1634 302 1687 ὅτι
328 1632 608 1702 ἀνομοίοις
650 1632 744 1684 καὶ
772 1614 1072 1701 σχημάτων
1094 1632 1286 1696 τύποις
1343 1632 1437 1685 καὶ
1461 1632 1655 1700 φωνῶν
1683 1632 1793 1685 ἀπ·-

212 1724 454 1796 ηχήσεσί
483 1742 545 1777 τε
567 1724 660 1778 καὶ¹
696 1725 991 1795 σημασίαις
1012 1726 1479 1795 άπαγγέλλονται;
1510 1726 1631 1780 Τῶν
1652 1726 1789 1796 ὑμε-

212 1818 397 1887 τὲρων
431 1817 540 1887 γὰρ
593 1816 997 1889 ἐνθυμημάτων
1036 1819 1134 1873 καὶ
1187 1819 1350 1874 τοῦτο
1395 1820 1457 1872 τὸ
1506 1818 1795 1889 τόλμημα·
1831 1800 1876 1859 Β

215 1913 348 1965 οὐδὲ
373 1911 483 1982 γὰρ
506 1910 615 1964 οὐδ’
641 1910 843 1981 Ἕλλην
870 1930 951 1974 τις
973 1914 1105 1982 ἡμῖν
1138 1912 1266 1983 ῥᾷον
1298 1910 1367 1964 τὰ
1417 1910 1641 1965 τοιαῦτα
1670 1926 1805 1980 προ-

217 2004 477 2055 τείνειεν.
516 2000 696 2054 Πολλὰ
730 2003 840 2071 γάρ
869 2003 962 2055 καὶ
992 2004 1123 2071 παρ’
1146 2001 1332 2064 αὐτοῖς
1353 2001 1464 2053 τῶν
1490 2000 1804 2069 σεὸασμίων

221 2094 612 2164 παραπλήσια.
641 2095 752 2147 Καὶ
779 2093 969 2164 ὥσπερ
1002 2093 1149 2146 ἐστὶν
1202 2094 1385 2156 αὐτοῖς
1434 2092 1596 2162 φύσις
1649 2091 1804 2164 κοινὴ

220 2185 365 2255 πρὸς
397 2186 564 2256 ἡμᾶς,
593 2187 687 2239 καὶ
721 2186 876 2253 νοῦς,
905 2186 1000 2239 καὶ
1049 2186 1228 2255 λόγος,
1285 2184 1378 2239 καὶ
1434 2183 1616 2255 ψυχῆς
1664 2184 1803 2253 πρὸς

223 2277 396 2346 σῶμα
426 2275 729 2347 σύγκρασις
757 2277 1114 2347 ὁμοιότροπος
1136 2277 1231 2353 καὶ
1255 2276 1423 2349 μυρία
1458 2276 1593 2331 ἄλλα
1612 2294 1628 2310 ·
1663 2273 1806 2328 οὕτω

219 2369 324 2422 καὶ
358 2371 486 2440 περί
516 2368 617 2440 τὴν
642 2368 737 2423 τοῦ
771 2370 929 2423 Θείου
962 2370 1240 2437 ὑπόνοιαν,
1268 2370 1370 2423 κᾶν
1393 2372 1505 2433 τοῖς
1534 2369 1807 2432 πλείστοις

219 2464 321 2513 καὶ
353 2462 714 2532 κυριωτάτοις
741 2462 1083 2516 διίστανται*
1113 2462 1227 2517 ἀλλ’
1254 2457 1347 2515 οὖν
1368 2461 1516 2514 ἔστιν
1543 2462 1694 2532 ὅμως
1723 2455 1807 2524 οἷς

219 2554 317 2607 διὰ
366 2553 465 2624 τὴν
512 2556 802 2625 ἐνάργειαν
846 2554 952 2607 τῶν
993 2553 1188 2608 κοινῶν
1240 2554 1480 2621 ἐννοιῶν,
1514 2553 1624 2606 οὐδ’
1653 2553 1808 2605 αὐτοὶ

220 2644 473 2714 τολμῶσι
535 2645 919 2715 διαμάχεσθαι.
975 2646 1183 2699 Οὐκοῦν
1217 2646 1325 2699 οὐδ’
1366 2645 1569 2716 Ἕλλην
1629 2646 1803 2715 ἀμφι-

225 2738 561 2807 σῦητήσειεν
614 2738 748 2806 ἡμῖν
779 2737 909 2808 περί
932 2736 1148 2800 τούτου,
1178 2736 1315 2790 ἀλλά
1338 2754 1423 2800 τις
1466 2736 1626 2796 ἄλλος
1669 2737 1807 2800 ὃλως

224 2828 392 2888 ἄθεος
418 2827 511 2880 καὶ
539 2826 939 2897 ἀθρήσκευτος,
1001 2828 1141 2898 μήτε
1175 2828 1319 2881 θείου
1383 2826 1613 2893 ἔννοιαν,
1668 2829 1807 2898 μήτε

223 2916 489 2985 λατρείαν
534 2916 671 2979 ὅλως
714 2916 1179 2989 παραδεξάμενος.
1222 2917 1419 2987 Τρίτον
1470 2918 1550 2981 δὲ,
1582 2914 1807 2969 καὶτοῦ

224 3008 486 3079 δευτέρου
525 3007 844 3077 σύστοιχον,
901 3011 1052 3061 ποῖον
1107 3008 1341 3079 σταυρὸν
1399 3006 1807 3078 προσερήσεσθε

225 3100 451 3162 πάντως
474 3099 569 3151 τοῦ
604 3097 966 3170 πρωτοτύπου
1003 3100 1295 3170 νομιοῦμεν
1342 3101 1546 3169 ὅμοιον,
1575 3100 1632 3163 ὃς
1666 3099 1808 3170 μετὰ

224 3190 329 3244 τοῦ
390 3190 572 3243 τίτλου
603 3189 1019 3260 σχηματίζεται,
1048 3191 1080 3262 ἦ
1128 3190 1188 3256 ὃς
1222 3192 1350 3246 ἄνευ
1379 3191 1587 3245 ἐκείνου
1619 3191 1804 3244 διατυ-

225 3281 431 3334 ποῦται
489 3282 582 3335 καὶ
632 3277 1167 3352 διαγράφεταιςὮν
1224 3282 1333 3351 γάρ
1388 3282 1805 3353 ἆνήὸμοιότης

225 3376 367 3446 ἡμῖν
405 3374 790 3447 ὁμολογηθείη,
825 3377 890 3428 ὲκ
930 3375 1121 3429 τούτου
1167 3374 1330 3446 (κατὰ
1379 3375 1477 3429 τὸν
1542 3374 1807 3445 ὑμέτερον

230 3468 401 3537 σοφὸν
431 3467 813 3539 συλλογισμὸν)
840 3469 875 3539 ἡ
900 3467 1008 3520 τῶν
1032 3468 1238 3521 λοιπῶν
1270 3467 1489 3539 ποίησις
1518 3469 1614 3523 καὶ
1637 3484 1806 3540 προσ-

226 3560 465 3632 κύνησις
520 3560 657 3631 (ἀλλ’
684 3561 813 3629 ύμῖν
839 3577 905 3628 γε
928 3562 1040 3624 τοῖς
1061 3561 1290 3615 τοιαῦτα
1316 3578 1382 3614 πε
1392 3560 1445 3632 ρ).
1468 3560 1807 3632 τηλικούτων

224 3650 528 3722 τολμῶσιν)
576 3650 1059 3721 ἀπαρνηθήσεται·
1127 3650 1160 3721 ἢ
1206 3652 1303 3705 καὶ
1351 3651 1453 3723 ήδη
1482 3651 1804 3723 ὲξήρνηται.

221 3744 528 3815 Τέταρτον,
556 3744 655 3814 τὴν
682 3742 944 3815 διαφορὰν
964 3744 1097 3813 ἡμῖν
1129 3744 1225 3797 καὶ
1246 3742 1612 3813 ἀνομοιότητα
1626 3745 1726 3815 τὴν
1750 3746 1808 3797 έν

224 3836 358 3898 ταῖς
390 3836 677 3904 μυστικαῖς
702 3833 938 3899 θυσίαις,
965 3833 1062 3887 καὶ
1088 3835 1209 3896 ταῖς
1235 3833 1424 3897 ἄλλαις
1446 3835 1803 3906 ἱερουργίαις,

225 3929 318 3991 είς
368 3926 620 4000 διαϐολὴν
679 3927 900 3997 ἀπάσης
978 3926 1072 3980 καὶ
1128 3927 1439 3999 ἀνατροπὴν
1490 3930 1589 3998 τῆς
1648 3928 1809 4000 ήμῶν

223 4018 506 4090 άχράντου
538 4019 762 4088 τελετῆς
791 4019 886 4071 καὶ
909 4018 1166 4088 λατρείας
1195 4018 1586 4090 προκομιεῖσθε
1606 4036 1622 4052 ’
1649 4020 1709 4087 ἐξ
1733 4014 1810 4074 ὧν

226 4112 349 4181 γὰρ
381 4110 523 4164 κατά
538 4112 635 4181 τῆς
657 4108 901 4180 Χριστοῦ
923 4108 1135 4172 εἰκόνος
1163 4126 1297 4180 πονη
1308 4108 1406 4180 ρὰν
1434 4108 1667 4181 μελέτην
1690 4112 1810 4173 ταῖς

225 4204 262 4257 ὖ
271 4202 393 4274 μῶν
416 4201 672 4265 διανοίαις
698 4200 1085 4272 έμελετήσατε,
1106 4200 1285 4254 πᾶσαν
1305 4199 1404 4272 τήν
1422 4200 1530 4254 τῶν
1550 4201 1810 4271 Χριστια-

221 4294 343 4350 νῶν
380 4295 530 4368 ἱερὰν
570 4294 815 4363 τελετὴν,
848 4294 944 4346 καί⁵
972 4294 1042 4347 τά
1067 4293 1186 4346 θεῖα
1217 4294 1493 4364 μυστήρια
1510 4295 1573 4346 ὲκ
1595 4291 1810 4364 βάθρων

221 4386 419 4444 αὐτῶν
455 4385 758 4457 ἠλέγχθητε
807 4384 1211 4447 κατασείοντες.
1267 4385 1522 4454 Πέμπτον
1556 4383 1751 4455 ῥητέον
1782 4383 1810 4436 ὃ

1909 531 2131 586 firmant
2157 533 2442 603 imagines,
2475 539 2529 587 ct
2552 528 2789 599 propriis
2818 527 3012 582 irretiti
3034 536 3287 581 tenemur
3313 524 3482 578 ratio-

1907 627 2089 680 ciniis.
2152 624 2426 691 Secundo,
2482 620 2774 678 dicendum
2831 620 2977 689 quod
3026 620 3154 672 dum
3196 617 3302 672 ista
3350 631 3481 686 pro-

1907 718 2110 783 ferunt,
2149 718 2301 771 inviti
2334 732 2392 772 se
2424 717 2478 770 in
2506 715 2752 771 ordinem
2788 728 3127 784 paganorum
3150 712 3478 767 inscribunt.

1906 810 1983 865 Ex
2018 823 2175 879 aequo
2222 810 2367 862 enim
2420 807 2548 862 licet
2610 821 2676 862 ea
2720 820 2844 876 qua:
2899 813 3089 859 contra
3136 803 3478 859 venerandas

1908 902 2178 972 imagines
2212 900 2532 966 afferuntur,
2586 910 2643 955 et
2691 906 2883 952 contra
2912 896 3121 964 reliqua
3144 904 3330 949 nostra
3357 908 3481 964 my-

1907 993 2076 1047 steria
2104 1007 2321 1063 urgere.
2375 989 2533 1055 Nam,
2570 1004 2777 1060 quaeso,
2818 1002 2955 1059 quas
2986 986 3064 1040 illi
3091 993 3276 1055 partes
3298 982 3480 1036 Evan-

1904 1084 2032 1156 gelii
2064 1083 2325 1139 divinitus
2355 1082 2650 1153 inspiratas
2704 1080 2903 1136 dicturi
2956 1077 3122 1134 sunt?
3176 1063 3273 1130 aut
3300 1076 3484 1146 potius

1905 1179 2185 1248 quodnam
2236 1177 2596 1248 Evangelium
2643 1175 2867 1231 nomine
2919 1169 3254 1241 suscipient?
3327 1166 3485 1221 Certe

1901 1270 2139 1326 diversis
2160 1270 2357 1325 formis
2387 1268 2643 1339 etfiguris
2668 1266 2997 1327 litterarum,
3018 1261 3276 1316 Latinum
3304 1258 3484 1311 Evan-

1901 1362 2124 1431 gelium,
2155 1364 2276 1419 aliis
2310 1361 2590 1425 Indorum,
2639 1355 3081 1427 discrepantibus
3129 1351 3481 1412 Hebraicum,

1905 1463 1962 1507 et
1989 1452 2169 1508 adhuc
2198 1453 2321 1507 aliis
2351 1451 2720 1521 .Ethiopicum
2746 1457 3024 1505 exaratnr.
3049 1443 3235 1515 Neque
3264 1451 3481 1497 tantum

1899 1547 2207 1601 Iitterarum
2263 1544 2653 1600 diversimodis
2698 1541 2887 1611 ﬁguris
2925 1548 2980 1595 et
3017 1533 3477 1593 delineationibus

1897 1638 2282 1694 describuntur
2307 1638 2433 1700 ista,
2457 1637 2555 1693 sed
2590 1637 2811 1706 insuper
2834 1634 2987 1691 sonis
3017 1640 3071 1687 et
3102 1626 3462 1699 signiﬁcatio-

1900 1733 2066 1788 nibus
2116 1731 2268 1787 vocis
2292 1731 2451 1786 valde
2468 1729 2923 1800 discrepantibus,
2939 1736 2994 1783 et
3013 1741 3044 1780 a
3072 1741 3131 1779 se
3152 1722 3453 1780 dissentien

1907 1828 2054 1884 tibus
2081 1826 2459 1881 enuntiantur.
2506 1824 2775 1890 Quocirca
2825 1836 2933 1874 non
2982 1817 3217 1873 absurde
3249 1815 3478 1879 dixero;

1911 1919 2026 1975 Cur
2057 1934 2168 1973 non
2210 1916 2509 1980 aﬂirmatis,
2536 1914 2680 1985 quod
2721 1912 2931 1968 nullum
2977 1909 3266 1965 admittere
3301 1906 3486 1961 Evan-

1907 2013 2131 2084 gelium,
2163 2020 2261 2065 aut
2282 2009 2757 2075 illiobtemperare
2784 2010 3051 2073 oporteat,
3076 2016 3142 2055 eo
3164 1999 3309 2070 quod
3327 1996 3489 2053 dissi-

1907 2102 2152 2157 millimis
2208 2101 2508 2171 ﬁgurarum
2564 2095 2801 2162 formis,
2849 2108 3109 2150 sonorum
3149 2088 3374 2144 vocibus
3431 2096 3489 2141 et

1908 2191 2402 2263 signiﬁcationibus
2448 2188 2796 2259 publicantur
2825 2185 2849 2238 ?
2898 2178 3058 2237 Certe
3093 2177 3292 2235 vestris
3317 2177 3488 2231 ratio-

1909 2284 2279 2340 cinationibus
2316 2282 2571 2354 congruit
2607 2282 2711 2334 hoc
2758 2277 2993 2333 facinus.
3053 2274 3291 2329 Omnino
3326 2270 3489 2325 nobis

1909 2395 2153 2451 paganus
2179 2378 2450 2450 quispiam
2469 2376 2627 2431 facile
2657 2374 2785 2429 talia
2811 2371 3092 2439 obiiceret.
3149 2367 3289 2422 Sunt
3337 2364 3487 2420 enim

1907 2470 2051 2540 apud
2082 2484 2177 2524 eos
2233 2471 2419 2523 multae
2460 2462 2774 2535 huiusmodi
2824 2457 3196 2516 venerationis
3244 2455 3484 2526 species.

1908 2564 1976 2618 Et
2027 2561 2484 2634 quemadmodum
2560 2559 2638 2613 illi
2698 2567 2949 2611 naturam
3000 2552 3289 2607 nobiscum
3332 2562 3489 2603 com-

1908 2671 2127 2713 munem
2154 2655 2376 2719 habent,
2396 2661 2654 2715 mentem,
2688 2649 2952 2704 rationem
2986 2644 3256 2706 eamdem,
3289 2643 3489 2695 animae

1912 2748 1979 2802 ad
2019 2761 2219 2815 corpus
2268 2742 2554 2814 synerasin
2606 2738 2893 2808 aequalem,
2948 2742 3001 2788 et
3059 2740 3314 2788 sexcenta
3343 2729 3485 2783 alia:

1909 2840 1986 2894 ita
2003 2846 2271 2908 quantum
2301 2834 2492 2889 attinet
2520 2832 2586 2886 ad
2628 2830 2874 2885 rationes
2897 2827 2965 2881 de
2993 2825 3126 2892 Deo,
3162 2824 3214 2876 in
3236 2821 3488 2893 plurimis

1908 2939 1963 2985 et
1990 2926 2279 2999 praecipuis
2313 2922 2647 2980 dissentiunt
2707 2943 2721 2975 :
2788 2926 2873 2972 est
2902 2926 3082 2971 tamen
3106 2913 3231 2977 ubi,
3269 2918 3488 2981 propter

1910 3021 2283 3079 communium
2307 3015 2699 3089 principiorum
2728 3009 3069 3065 manifestam
3088 3005 3484 3074 Operationem,

1834 3145 1878 3207 ρ
1911 3133 2019 3172 non
2044 3115 2245 3170 audent
2292 3127 2322 3165 a
2356 3110 2513 3165 nobis
2538 3106 2845 3163 dissentire.
2880 3101 3151 3169 Quocirca
3187 3114 3284 3152 nec
3317 3112 3487 3167 paga-

1915 3224 2018 3263 nus
2050 3206 2335 3261 nobiscum
2366 3203 2433 3257 de
2466 3201 2587 3255 istis
2645 3203 3072 3261 contestaretur,
3126 3191 3222 3245 sed
3248 3190 3336 3245 ille
3362 3199 3486 3243 tan-

1917 3284 2157 3369 tumqui
2209 3297 2369 3367 plane
2411 3290 2782 3357 atbeus,jsine
2828 3288 2940 3342 ullo
2985 3283 3265 3354 religionis
3297 3281 3486 3336 cultu:

1912 3390 2007 3459 qui
2042 3403 2219 3458 neque
2237 3384 2489 3441 Numinis
2516 3381 2948 3443 venerationem,
2983 3393 3049 3432 ne
3078 3376 3299 3446 quidem
3335 3375 3489 3444 cogi-

1914 3485 2174 3540 tationem
2212 3481 2377 3535 ullam
2411 3476 2680 3533 admittet.
2734 3473 2916 3529 Tertia
2963 3471 3197 3541 objectio
3235 3469 3492 3525 secunda:

1915 3575 2110 3631 similis
2155 3580 2239 3628 est
2272 3588 2287 3629 :
2315 3569 2608 3640 Ecqualem
2646 3581 2864 3622 crucem
2910 3564 3159 3619 statuetis
3204 3568 3492 3632 prototypo

1913 3667 2139 3721 omnino
2161 3664 2418 3729 similem,
2452 3677 2520 3716 an
2555 3661 2703 3715 illam
2717 3673 2839 3727 qua:
2868 3671 2995 3712 cum
3015 3653 3173 3709 titulo
3194 3652 3488 3723 emgiatur,

1915 3756 2208 3827 autpotius
2242 3770 2364 3825 qua:
2402 3753 2519 3809 sine
2556 3751 2651 3805 illo
2680 3750 2985 3805 delineatur
3036 3756 3090 3801 et
3127 3744 3495 3800 eﬂ‘ormatur?

1915 3848 2087 3917 Cujus
2114 3846 2257 3903 enim
2300 3858 2517 3914 cunque
2544 3840 2956 3898 similitudinem
2990 3835 3348 3900 confitemini,
3394 3848 3494 3902 per

1915 3938 2063 3992 illam
2106 3935 2221 4006 (qui
2265 3942 2442 3989 vester
2485 3941 2571 3987 est
2613 3930 2873 4000 praeclare
2920 3934 3209 3980 contextus
3266 3922 3493 3993 syllogiv

1916 4030 2090 4101 smus)
2114 4029 2345 4084 aliarum
2379 4025 2698 4081 fabrefactio
2726 4033 2781 4079 et
2810 4020 3107 4085 veneratio,
3134 4034 3230 4089 per
3256 4032 3377 4079 vos.
3396 4018 3492 4087 qui

1915 4123 2033 4179 hazc
2057 4121 2182 4175 talia
2212 4119 2423 4174 audetis
2448 4117 2737 4182 aﬂirmare,
2774 4113 3000 4168 omnino
3034 4112 3344 4181 negabitur,
3400 4120 3495 4164 aut

1916 4215 2101 4286 potius
2129 4213 2240 4282 jam
2270 4218 2518 4278 negatur.
2569 4209 2778 4274 Quarto
2805 4206 2925 4259 loco
2952 4203 3316 4258 differentiam
3343 4201 3492 4256 illam

1916 4314 1977 4368 et
1998 4301 2500 4360 dissimilitudinem
2528 4314 2665 4368 quas
2692 4297 2747 4351 in
2779 4296 3023 4366 mysticis
3052 4293 3302 4349 videmus
3325 4292 3495 4348 sacri-

1919 4397 2058 4452 ficiis
2091 4404 2144 4451 et
2188 4395 2308 4450 aliis
2337 4391 2675 4464 quibuslibet
2704 4387 2908 4443 sanctis
2939 4385 3149 4449 oﬂiciis,
3203 4387 3256 4438 in
3313 4399 3497 4453 repre-

220 4480 333 4535 καὶ
358 4480 477 4533 λίαν
502 4480 683 4533 αὐτῶν
712 4478 1017 4550 στηλιτεύει
1038 4478 1100 4531 τὸ
1144 4477 1400 4539 δυσσεϐὲς
1429 4477 1525 4530 καὶ
1556 4477 1809 4547 μισόχρι-

1918 4490 2238 4546 hensionem
2288 4496 2342 4541 et
2406 4484 2818 4541 subversionem
2886 4481 3052 4534 totius
3124 4476 3495 4533 immaculata!

222 4587 386 4628 στον·
406 4572 471 4625 Τί
503 4571 613 4642 γάρ
644 4571 740 4624 ἐπὶ
761 4572 861 4641 τῆς
879 4571 1085 4632 εἰκόνος
1106 4569 1351 4632 ἴστασθε,
1376 4569 1469 4623 καὶ
1487 4568 1615 4632 τοὺς
1635 4568 1810 4622 τοιού-

222 4682 367 4728 τους
418 4664 731 4736 φληνάφους
776 4663 1127 4729 ἁνελίσσετε,
1159 4662 1277 4715 δέον
1327 4662 1464 4732 πρὸς
1517 4660 1681 4714 αὐτὸν
1720 4660 1813 4713 τὸν

221 4756 659 4827 εἰκονιζόμενον,
690 4755 718 4808 ὃ
746 4754 1045 4825 κρύπτουσι
1072 4754 1231 4817 τέως,
1257 4752 1665 4819 ἁποδύσασθαι;
1695 4753 1814 4805 Ἵνα

220 4849 288 4902 τί
329 4847 438 4916 γὰρ
474 4847 503 4899 ὃ
533 4849 654 4910 ταῖς
686 4845 945 4908 διανοίαις
969 4845 1123 4914 ὑμῶν
1154 4844 1396 4909 ὠδίνετε,
1428 4843 1518 4897 τὸν
1544 4843 1811 4898 ἄσπονδον

224 4937 383 4996 κατὰ
405 4936 642 5007 Χριστοῦ
672 4935 932 5005 πόλεμον,
964 4933 1154 4986 τοῦτον
1188 4933 1262 5004 μὴ
1306 4935 1402 4986 καὶ
1446 4934 1559 4996 τοῖς
1609 4933 1815 5004 χείλεσι

224 5029 335 5085 καὶ
383 5026 577 5098 γυμνῷ
623 5026 702 5097 τῷ
752 5025 1049 5098 προσώπῳ,
1107 5024 1222 5079 ἀλλ’
1256 5024 1360 5078 ὑπὸ
1391 5025 1721 5096 προσωπείῳ
1745 5027 1811 5094 τῇ

225 5122 431 5188 εἰκόνι,
476 5120 892 5183 ὲπιδείκνυσθε;
954 5116 1277 5186 Λεγέτωσαν
1329 5118 1468 5188 γὰρ,
1503 5116 1579 5180 ὡς
1627 5117 1815 5187 ἐπειδὴ

226 5214 501 5285 ’Έλληνες
544 5214 645 5282 μὲν
668 5213 851 5274 αὐτοῖς
867 5212 1051 5281 ὅμοιον
1068 5210 1160 5263 ἐπὶ
1181 5210 1283 5279 γῆς
1306 5212 1538 5279 φανῆναι
1565 5209 1656 5262 τὸν
1679 5211 1810 5281 Χρι-

230 5309 367 5367 στὸν
399 5304 680 5377 νομίζουσι
697 5320 711 5333 ·
748 5303 1010 5373 Ῥωμαῖοι
1037 5302 1092 5355 δὲ
1119 5302 1319 5372 μᾶλλον
1337 5303 1550 5365 ἑαυτοῖς
1572 5302 1811 5356 ἐοικότα’

242 5399 404 5459 Ἰνδοὶ
430 5398 487 5452 δὲ
517 5397 679 5451 πάλιν
705 5398 887 5467 μορφῇ
926 5399 991 5465 τῇ
1023 5394 1203 5448 αὐτῶν
1230 5436 1247 5463 ,
1289 5395 1383 5447 καὶ
1417 5393 1670 5458 Αἰθίοπες
1717 5395 1813 5462 δῆ-

229 5497 332 5550 λον
382 5492 458 5555 ὡς
504 5492 755 5552 ἑαυτοῖς·
792 5488 917 5541 ἐπεὶ
964 5489 1159 5553 ταῦτα,
1219 5488 1302 5548 τίς
1344 5488 1493 5540 ἐστιν
1547 5489 1575 5541 ὁ
1604 5488 1815 5559 ἀληθὴς

232 5587 501 5657 Χριστὸς,
529 5585 558 5636 ὁ
585 5581 735 5653 παρὰ
768 5581 877 5634 τίσι
905 5579 1283 5650 νομιζόμενος,
1311 5580 1411 5633 οὐκ
1440 5581 1548 5651 ἄρα
1579 5581 1661 5633 δεῖ
1680 5582 1811 5650 ὁμοο

232 5680 423 5745 λογείν
472 5675 594 5728 οὐδὲ
644 5673 919 5726 πιστεύειν
980 5672 1144 5741 σαρκὶ
1188 5672 1525 5742 ἐπιδημῆσαι
1550 5676 1640 5727 τον
1677 5676 1812 5745 Χρι-

239 5769 403 5836 στύν;
432 5768 599 5831 ὄντως
646 5766 754 5836 γὰρ
784 5765 966 5828 αὐτοῖς
991 5767 1102 5827 τοῖς
1152 5764 1355 5829 ἀθλίοις
1390 5766 1501 5818 οὐδ’
1531 5767 1809 5838 ἐπεδήμη..

1912 4580 2207 4637 oblationis
2242 4587 2440 4633 nostra:
2472 4585 2527 4630 et
2554 4575 2726 4629 latriaa
2754 4572 3147 4643 przetendetis:
3190 4587 3315 4625 nam
3352 4570 3497 4626 unde

1912 4674 2174 4727 adversus
2230 4668 2432 4724 Christi
2478 4666 2796 4736 imaginem,
2859 4664 3085 4731 impiam
3144 4662 3198 4716 in
3252 4660 3496 4714 animum

1911 4774 2153 4821 vestrum
2236 4760 2622 4830 cogitationem
2695 4753 3107 4833 subintulistis,
3182 4752 3495 4809 universam

1912 4855 2347 4912 Christianorum
2379 4859 2433 4905 et
2461 4856 2732 4904 sacratam
2771 4844 3077 4915 liturgiam,
3115 4845 3207 4900 sed
3235 4853 3290 4900 et
3316 4843 3499 4901 divina

1915 4959 2256 5016 quaecunque
2302 4945 2583 5013 mysteria,
2626 4939 2989 4994 fundamento
3021 4949 3180 4993 tenus
3205 4945 3501 4992 concutere

1914 5032 2337 5091 convinccmini.
2417 5031 2677 5095 Quintam
2735 5026 3102 5096 adjiciemus,
3169 5042 3290 5096 qua:
3344 5025 3501 5080 valde

1915 5128 2156 5197 ipsorum
2176 5125 2531 5194 impietatem,
2562 5121 2690 5175 etin
2718 5118 3003 5175 Christum
3023 5119 3209 5174 odium
3232 5119 3499 5189 propalat.

1914 5219 2051 5275 Nam
2082 5231 2345 5288 quorsum
2377 5212 2681 5270 consistitis
2716 5213 2771 5265 in
2811 5212 3075 5283 imagine,
3099 5220 3155 5267 et
3185 5209 3501 5266 istiusmodi

1915 5327 2088 5382 nugas
2111 5306 2500 5365 deblateratis?
2532 5313 2747 5375 oportet
2786 5316 2844 5361 ut
2872 5307 2926 5361 in
2971 5307 3147 5361 aciem
3188 5301 3499 5373 procedatis

1913 5414 2106 5461 contra
2134 5417 2261 5457 eum
2295 5401 2390 5472 qui
2429 5399 2667 5468 imagine
2686 5408 3143 5469 repraesentatur,
3174 5395 3266 5466 qui
3317 5402 3497 5447 tamen

1915 5497 2093 5551 adhuc
2119 5494 2319 5550 latetis.
2360 5492 2661 5560 Quorsum,
2695 5492 2844 5560 quod
2861 5491 3045 5546 tacitis
3073 5484 3499 5557 cegitationibus

1915 5589 2056 5645 bella
2095 5596 2284 5641 contra
2313 5584 2593 5640 Christum
2625 5583 2991 5649 meditamini,
3020 5580 3150 5634 illud
3177 5595 3285 5632 non
3309 5576 3490 5639 labiis,

1916 5690 1972 5737 et
2009 5679 2209 5733 nudata
2234 5677 2394 5743 facie,
2434 5676 2528 5733 sed
2556 5686 2774 5733 tantum
2816 5672 3115 5746 personati,
3166 5686 3261 5740 per
3295 5669 3486 5736 inungi.-

1918 5783 2042 5824 nem
2074 5764 2346 5822 indieitis?
2404 5765 2592 5820 Dicant
2638 5764 2804 5832 enim,
2835 5760 3276 5835 quandoquidem
3314 5759 3486 5815 Graeci
