3854 6216
347 304 450 370 951

1498 304 1761 366 PHOTII
1789 304 2294 367 PATRIARCILE
2329 306 2438 368 CP.

3486 303 3598 369 952

349 385 683 481 asseverant,
736 414 1016 470 Christum
1085 413 1140 468 in
1179 413 1338 470 terris
1366 413 1472 470 sibi
1507 415 1741 471 similem
1768 431 1920 471 com-

2026 433 2133 472 σεν.
2166 419 2233 472 Ὃ
2268 417 2377 488 γὰρ
2397 416 2537 472 κατὰ
2566 417 2669 482 τῆς
2709 417 2917 482 εἰκόνος
2946 417 3406 490 επονηρεύσαντο,
3429 420 3597 474 τοῦτο

349 502 621 575 paruisse,
647 503 1070 558 Romaniautem
1089 501 1194 556 sibi
1217 503 1421 572 potius,
1441 501 1556 557 indi
1585 502 1761 572 ﬁgura
1789 517 1915 570 sua,

351 595 636 665 Ethiopes
667 610 766 650 sua
799 609 817 650 :
846 610 972 650 cum
1002 594 1119 649 haec
1155 592 1229 647 ita
1261 592 1531 658 dicantur,
1561 607 1671 648 non
1703 601 1920 648 constat

349 690 472 758 quis
505 703 602 758 pro
649 703 777 742 vero
811 685 1048 750 Christo,
1089 700 1121 740 a
1152 685 1352 754 quibus
1372 685 1634 738 habeatur
1666 702 1683 750 ;
1714 685 1921 742 idcirco

350 797 457 834 non
482 788 693 849 oportet
712 777 983 836 confiteri.
1039 792 1148 832 non
1183 776 1426 836 credere.
1473 777 1618 845 quod
1669 776 1921 832 Christus

351 873 402 923 in
427 885 590 925 carne
611 879 856 923 versatus
880 871 950 924 sit
972 869 994 922 Υ
1015 868 1172 923 Certe
1193 867 1335 937 apud
1358 865 1627 922 infaustos
1646 867 1784 922 istos
1810 883 1921 922 non

348 969 432 1015 est
467 962 691 1016 omnino
723 973 990 1016 versatus.
1045 959 1105 1013 ln
1139 975 1249 1030 quo
1285 960 1426 1014 enim
1461 959 1696 1030 improbi
1727 970 1917 1015 contra

350 1052 642 1123 imaginem
669 1053 1017 1117 exstiterunt,
1036 1051 1090 1104 in
1114 1051 1217 1105 hoc
1244 1051 1362 1121 ipso
1394 1051 1546 1120 prius
1568 1059 1756 1106 contra
1787 1053 1926 1106 ima-

351 1145 596 1214 ginatum
630 1145 956 1200 insolentius
983 1145 1196 1214 opinati
1227 1143 1731 1214 deprehenduntur.
1781 1142 1920 1199 Nam

350 1255 383 1294 a
428 1239 794 1306 discrepantia
850 1237 1168 1306 opinionum
1213 1237 1570 1302 concludunt,
1617 1237 1917 1292 tollendum

349 1345 578 1400 prorsus
598 1344 720 1382 eum
754 1328 846 1398 qui
885 1328 1235 1398 opinionibus
1284 1328 1547 1396 subjacet.
1603 1327 1764 1383 Vides
1798 1329 1924 1398 quis

351 1421 566 1474 illorum
602 1433 802 1486 scapus
833 1418 1018 1483 fuerit,
1052 1428 1105 1472 et
1154 1432 1420 1488 quorsum
1443 1427 1648 1487 spectet
1679 1418 1921 1488 ipsorum

352 1519 541 1564 contra
568 1510 860 1579 imaginem
881 1509 1401 1564 machinamentum.
1455 1508 1556 1564 Sed
1593 1509 1822 1566 ulterius
1851 1509 1922 1564 ad

349 1617 412 1654 ea
455 1616 576 1670 qum
605 1601 751 1655 dicta
783 1608 932 1664 sunt,
974 1599 1337 1666 adjiciendum
1364 1600 1497 1655 illud
1518 1600 1764 1670 quidem,
1812 1617 1922 1657 non

351 1693 457 1748 illis
499 1693 650 1763 (sunt
672 1693 817 1747 enim
850 1692 1102 1762 indigni).
1143 1693 1238 1747 sed
1267 1693 1516 1748 ﬁdelibus
1549 1703 1602 1748 et
1635 1693 1918 1749 Christum

351 1784 685 1839 amantibus.
730 1782 1130 1837 Dissimilitudo
1168 1799 1290 1853 qua:
1329 1785 1573 1838 cernitur
1617 1783 1761 1838 inter
1784 1785 1920 1839 ima-

351 1877 526 1946 gines,
567 1891 673 1930 non
707 1886 935 1930 evacuat
979 1891 1202 1944 prorsus
1233 1876 1486 1946 imaginis
1531 1884 1786 1932 naturam
1824 1887 1926 1933 aut

349 1968 654 2022 veritatem.
707 1967 825 2021 Non
862 1967 1005 2021 enim
1053 1975 1261 2021 tantttm
1295 1983 1389 2036 per
1418 1968 1668 2038 corporis
1694 1969 1923 2040 figuram

351 2069 404 2114 et
437 2059 678 2113 habitum
715 2058 992 2113 coloribus
1024 2059 1350 2127 exprimitur
1408 2060 1786 2127 imaginatum,
1827 2060 1925 2115 sed

355 2151 590 2220 quadam
631 2150 719 2205 sui
747 2150 1122 2220 dispositione,
1182 2151 1503 2220 congruenti
1548 2151 1731 2221 aliqua
1759 2152 1929 2206 actio-

358 2259 448 2311 ne,
476 2245 793 2313 passionum
826 2245 1097 2314 emphasi,
1132 2255 1184 2299 et
1213 2245 1267 2299 in
1309 2246 1444 2302 locis
1473 2248 1674 2302 sanctis
1707 2247 1926 2302 dedica-

2023 507 2157 562 πολὺ
2184 507 2454 579 πρότερον
2472 509 2613 564 κατὰ
2644 509 2742 564 τοῦ
2781 509 3183 580 εἰκονιζομένου
3235 508 3596 580 πεφώρανται

2020 598 2414 669 φρυαξάμενοι,
2461 600 2570 656 ἀπὸ
2618 599 2720 670 τῆς
2756 600 2867 654 τῶν
2919 601 3258 672 νομισάντων
3306 599 3594 670 διαφορᾶς,

2023 692 2304 763 ἀναίρεσιν
2351 692 2593 763 παντελῆ
2665 691 2760 748 τοῦ
2810 691 3156 762 νομισθέντος
3197 691 3595 761 ψηφισάμενοι.

2032 785 2200 856 Ὁρᾷς
2245 779 2358 849 οἷος
2404 785 2584 840 αὐτῶν
2610 786 2639 839 ό
2662 784 2864 848 σκοπὸς
2885 823 2904 851 ,
2934 783 3030 838 xui
3071 784 3152 848 εἰς
3183 779 3293 838 οἷον
3321 783 3503 847 αὐτοῖς
3529 781 3601 837 τὸ

2022 878 2163 930 κατὰ
2217 875 2319 947 τῆς
2371 876 2578 939 εἰκόνος
2627 875 2904 930 ἀπέϐλεπε
2957 875 3258 946 τέχνασμα.
3320 874 3460 928 Ἀλλ’
3498 876 3600 930 ἐπὶ

2021 971 2133 1032 τοῖς
2173 969 2505 1039 εἰρημένοις,
2564 968 2740 1024 έκεῖνο
2775 967 2990 1038 ῥητέον,
3033 968 3133 1020 οὐκ
3175 966 3401 1030 ἐκείνοις
3433 964 3599 1038 (ἀνά-

2021 1061 2125 1127 ξιοι
2176 1060 2347 1132 γὰρ),
2380 1061 2520 1116 ἀλλά
2548 1077 2613 1130 γε
2661 1063 2772 1124 τοῖς
2818 1062 3028 1123 πιστοῖς
3086 1059 3178 1114 xui
3209 1059 3596 1130 φιλοχρίστοις,

2021 1151 2214 1223 ὅτιπερ
2231 1151 2294 1206 οὐ
2319 1151 2540 1217 πάντως
2596 1151 2920 1222 λυμαίνεται
2954 1151 3065 1206 τῶν
3111 1152 3505 1223 είκονισμάτων
3530 1151 3600 1206 τὸ

2023 1243 2276 1312 ἀνόμοιον
2302 1243 2402 1314 τὴν
2431 1245 2532 1314 τῆς
2562 1243 2769 1308 εἰκόνος
2801 1243 2962 1312 φύσιν
3017 1243 3114 1298 καὶ
3158 1242 3258 1314 τὴν
3310 1243 3597 1314 ἀλήθειαν.

2024 1333 2099 1387 Οὐ
2132 1333 2242 1404 γάρ
2272 1333 2418 1403 μόνῳ
2468 1335 2709 1404 σχήματι
2741 1332 2991 1405 σώματος
3041 1334 3134 1388 καὶ
3160 1333 3374 1405 μορφῆς
3395 1334 3604 1390 εἰκονί-

2025 1425 2176 1490 ζεται
2209 1425 2461 1496 χρώματι
2502 1426 2564 1479 τὸ
2593 1425 3022 1496 εἰκονιζόμενον,
3049 1424 3184 1479 ἀλλὰ
3206 1426 3299 1479 καὶ
3324 1429 3455 1497 ποιᾷ
3473 1427 3599 1480 δια-

2025 1516 2194 1580 θέσει,
2223 1517 2318 1571 xui
2352 1517 2712 1590 παρεπομένῃ
2745 1518 2964 1586 πράξει,
2987 1518 3081 1571 καὶ
3121 1518 3309 1572 παθῶν
3337 1520 3600 1590 ὲμφάσει,

2025 1610 2120 1662 καὶ
2151 1608 2332 1662 τόπων
2363 1609 2524 1680 ἱερῶν
2547 1609 2821 1674 ἀναθέσει,
2876 1609 2973 1664 xui
3011 1609 3448 1680 ἐπιγραμμάτων
3495 1611 3600 1679 ἐρ-

2029 1702 2247 1773 μηνείᾳ,
2279 1703 2376 1756 xui
2414 1702 2704 1772 συμϐόλοις
2761 1701 3060 1772 ἐξαιρέτοις
3097 1702 3300 1768 ἄλλοις,
3327 1696 3404 1757 ὧν
3429 1701 3603 1774 μηδὲν

2021 1796 2298 1865 παρεῖναι,
2335 1795 2370 1864 ἢ
2395 1796 2472 1864 μὴ
2509 1794 2576 1848 τά
2615 1793 2838 1848 πλείονα
2887 1797 3004 1858 ταῖς
3050 1795 3201 1866 παρὰ
3227 1794 3337 1850 τῶν
3385 1796 3602 1849 πιστῶν

2019 1887 2224 1942 εἰκόσιν
2281 1887 2570 1949 παντελῶς
2631 1886 2913 1942 ἀδύνατον.
2946 1889 3024 1940 Δι’
3047 1879 3144 1952 ῶν,
3175 1886 3328 1940 οὐδὲν
3349 1885 3601 1950 ἔλαττον,

2021 1979 2057 2049 ἢ
2093 1979 2188 2034 xui
2215 1977 2394 2033 πάντα
2423 1980 2652 2049 προσῆν,
2690 1980 2771 2041 εἰς
2813 1977 3022 2032 ἔννοιαν
3072 1978 3168 2032 καὶ
3197 1978 3362 2048 τιμὴν
3392 1975 3486 2030 τοῦ
3517 1977 3605 2029 εἰ-

2025 2069 2384 2135 κονισθέντος,
2436 2070 2574 2139 ὅπερ
2628 2069 2745 2123 ἐστὶ
2789 2072 2889 2140 τῆς
2936 2069 3314 2139 είκονουργίας
3370 2068 3600 2130 σκοπὸς,

2027 2160 2368 2231 ἀναγόμεθα.
2411 2161 2572 2214 Ἀλλὰ
2622 2160 2797 2214 ταῦτα
2857 2163 2956 2230 μὲν
3007 2161 3127 2214 κατ’
3149 2160 3468 2230 ἐπιδρομὴν,
3500 2159 3606 2213 καὶ

2027 2250 2102 2314 ῶς
2133 2251 2190 2302 ὲν
2220 2250 2507 2321 ἐπιπολῆς
2528 2250 2709 2322 τύπῳ.
2753 2251 2820 2306 Ἦ
2867 2252 2925 2304 δὲ
2972 2251 3072 2321 τῆς
3127 2251 3388 2323 ἐργασίας
3438 2251 3606 2320 ἀκρί-

357 2337 523 2401 tione,
555 2336 969 2406 inscriptionum
995 2337 1356 2406 expositione,
1391 2339 1921 2408 etaliisquibusdam

2026 2341 2162 2405 εεια,
2192 2340 2328 2394 Θεοῦ
2353 2341 2640 2405 διδοῦντος,
2683 2344 2763 2406 εἰς
2810 2341 2908 2415 τὴν
2958 2342 3164 2396 οἰκείαν
3207 2341 3465 2396 ὑπόθεσιν
3500 2343 3608 2398 άν-

354 2427 743 2497 iusignioribus
771 2429 1055 2499 symbolis,
1117 2443 1239 2498 quae
1291 2431 1374 2482 vel
1412 2444 1519 2484 non
1551 2429 1795 2494 omnino,
1824 2439 1920 2487 aut
2017 2433 2338 2504 αχθήσεται.

353 2519 545 2572 saltem
585 2534 690 2573 non
725 2534 755 2572 e
794 2519 986 2589 majori
1015 2529 1186 2590 parte,
1245 2536 1274 2574 a
1308 2520 1548 2574 fidelium
1583 2519 1912 2590 imaginibus
1950 2526 2143 2580 abesse
2209 2525 2409 2579 debent
2437 2541 2452 2578 :
2480 2539 2578 2593 per
2598 2539 2738 2594 quae,
2773 2539 2880 2579 non
2907 2525 3090 2580 minus
3112 2540 3277 2594 quam
3341 2525 3386 2580 si
3410 2527 3606 2581 omnia

347 2613 627 2677 adessent,
680 2612 734 2666 in
766 2613 1084 2666 memoriam
1113 2622 1165 2667 et
1201 2614 1460 2667 honorem
1497 2612 1774 2682 imaginati
1811 2613 1921 2684 (qui
1961 2616 2085 2670 finis
2115 2628 2197 2671 est
2226 2617 2490 2686 imagines
2526 2617 2936 2687 fabrefaciendi)
3001 2617 3357 2673 dedueemur.
3419 2619 3610 2684 Atque

351 2704 471 2759 hac
529 2704 825 2768 succincte,
873 2713 926 2758 et
965 2704 1020 2758 in
1064 2704 1346 2775 epistolari
1409 2703 1608 2758 forma.
1668 2701 1921 2760 Exactior
1961 2716 2141 2762 autem
2175 2710 2440 2778 operatio,
2471 2723 2596 2762 cum
2630 2708 2774 2762 bono
2805 2706 2941 2769 Deo.
2991 2708 3046 2763 in
3109 2708 3390 2780 proprium
3463 2709 3609 2763 sub’

345 2800 556 2870 jeetum
587 2800 908 2855 deducetur.

353 2912 848 2980 QUASSTIOCCVI
897 2913 1080 2985 [CoisL
1105 2913 1406 2976 ccxxxv,
1431 2912 1593 2968 Tuur.
1615 2911 1924 2984 ccxxvq.

351 3004 462 3060 Cur
489 3008 676 3062 umbra
707 3017 756 3062 et
789 3008 1051 3061 somnium
1092 3017 1138 3059 et
1169 3006 1344 3072 [unius
1379 3015 1427 3058 et
1460 3007 1666 3061 vanitas
1694 3006 1927 3074 appella-

881 3088 968 3130 tur
1009 3077 1116 3130 vita
1151 3077 1431 3132 humana?

2557 2912 2890 2968 sparum
2937 2915 3072 2981 Σςῖν.

2026 3003 2130 3058 Διὰ
2166 3005 2222 3058 τι
2246 3003 2409 3065 σκιὰ,
2443 3004 2541 3057 καί
2570 3004 2718 3072 ὄναρ
2745 3005 2843 3056 καὶ
2879 3004 3110 3069 καπνὸς
3153 3003 3248 3057 καὶ
3275 3004 3610 3072 ματαιότης

2307 3078 2338 3127 d
2368 3073 2739 3140 ἀνθρώπινος
2772 3075 2914 3141 βίος
2943 3073 3318 3144 όνομὰζεται;

503 3232 647 3285 Edita
671 3248 698 3282 a
723 3233 1019 3284 Montaeutlo
1052 3233 1156 3295 (ep.
1176 3232 1241 3280 72
1265 3231 1322 3280 ad
1349 3231 1494 3294 Serg.
1521 3245 1570 3294 p.
1599 3229 1706 3287 121,
1732 3230 1860 3289 122).
1885 3255 1949 3265 -
1977 3227 2052 3278 De
2078 3232 2190 3279 vita:
2214 3231 2436 3279 humanae
2463 3229 2610 3278 variis
2645 3229 2698 3276 in
2733 3228 2885 3276 sacris
2912 3227 3118 3276 Litteris
3143 3225 3444 3275 nominibus.

420 3316 541 3373 Non
574 3319 854 3372 rhetorum
917 3333 1071 3371 more
1130 3327 1321 3370 contra
1357 3316 1921 3385 contemptibilitatem

2096 3317 2170 3367 Οὐ
2221 3311 2738 3385 καταρητορεύουσα
2785 3313 2884 3383 τῆς
2933 3313 3204 3382 ἡμετέρας
3243 3311 3515 3372 εὐτελείας
3569 3315 3608 3384 ὴ

352 3422 597 3467 nostram
635 3411 937 3466 declamant
964 3423 1132 3464 sacra:
1161 3409 1396 3474 Litterae,
1419 3425 1537 3478 qua:
1576 3410 1848 3475 umbram,
1871 3418 1924 3462 et

353 3520 629 3569 somnum,
663 3512 717 3558 et
752 3503 985 3566 fumum,
1019 3510 1074 3556 et
1104 3503 1417 3565 vanitatem,
1458 3510 1512 3556 et
1541 3501 1809 3557 similibus
1851 3502 1924 3555 ti-

355 3596 485 3650 tulis
514 3595 680 3648 vitam
708 3595 1000 3648 humanam
1028 3593 1443 3662 insigniverunt.
1486 3592 1606 3660 Quo
1635 3594 1777 3647 enim
1806 3595 1924 3648 loco

355 3687 642 3742 habiturus
668 3701 727 3739 es
763 3685 1024 3755 puerilem
1052 3684 1323 3738 tetatulam
1349 3684 1374 3737 ?
1410 3682 1616 3753 Ecquid
1660 3700 1722 3738 ea
1753 3684 1925 3754 magis

353 3793 580 3840 vanum,
615 3776 797 3840 inane,
828 3785 883 3830 et
916 3775 1297 3829 insensatum?
1329 3775 1440 3829 imo
1470 3784 1524 3828 et
1578 3774 1923 3843 iuventutem

355 3867 552 3941 ipsam,
594 3885 713 3937 quae
741 3867 842 3921 flos
871 3868 1091 3937 quidam
1125 3875 1336 3921 natura:
1372 3865 1590 3921 videtur
1625 3881 1770 3928 esse,
1831 3866 1924 3920 sed

355 3959 542 4014 multis
564 3959 802 4014 abundat
834 3957 1246 4027 tempestatibus
1277 3973 1293 4023 ;
1324 3955 1418 4013 sed
1446 3957 1690 4012 levitates
1717 3957 1923 4020 multm,

350 4051 620 4104 vanitates
633 4059 686 4103 et
701 4049 1064 4103 inconstantia
1081 4049 1132 4101 in
1146 4047 1330 4101 eadem
1344 4057 1470 4103 sunt
1489 4066 1501 4102 :
1522 4048 1614 4103 sed
1631 4047 1783 4102 ocius
1797 4061 1925 4116 quo-

351 4140 437 4193 vis
459 4139 730 4193 insomnio
753 4138 1087 4208 praaterfluit,
1106 4139 1243 4192 nihil
1272 4148 1532 4208 praeterea
1556 4137 1704 4191 aliud
1727 4138 1918 4206 largita

351 4231 434 4284 vel
453 4230 898 4295 subministratis,
919 4247 1081 4301 quam
1100 4231 1244 4301 quod
1267 4231 1531 4284 tumultus
1559 4232 1845 4292 fluctuum,
1869 4239 1922 4283 et

350 4322 766 4377 exaestuationes
784 4324 1097 4392 passionum
1112 4331 1298 4376 eontra
1314 4323 1556 4376 animum
1573 4321 1920 4388 concitando,

352 4414 590 4484 primum
622 4414 918 4484 inemptum
951 4415 1018 4468 ad
1058 4415 1274 4469 virtutis
1321 4429 1546 4469 cursum
1612 4414 1922 4469 institutum

351 4506 606 4563 fluctibus
645 4509 1022 4563 sulunerserit.
1062 4507 1135 4562 De
1160 4508 1338 4562 medio
1369 4508 1543 4562 anatis
1574 4516 1762 4562 tenore
1791 4507 1922 4576 quid

350 4599 498 4653 aliud
537 4599 847 4662 dicendum,
879 4614 1040 4668 quam
1065 4598 1210 4666 quod
1246 4615 1274 4650 a
1312 4597 1447 4651 fumi
1491 4598 1672 4652 volatu
1727 4613 1919 4668 parum

2031 3407 2152 3461 θεία
2179 3405 2391 3479 Γραφὴ.
2422 3405 2609 3471 σκιὰν,
2660 3406 2754 3458 καὶ
2781 3405 2935 3474 δναρ,
2983 3405 3076 3457 xui
3114 3404 3339 3468 καπνόν,
3369 3403 3463 3458 xui
3497 3422 3611 3474 μα-

2029 3496 2308 3566 ταιότητα,
2362 3495 2456 3548 καὶ
2511 3493 2734 3548 τοιαῦτα
2777 3493 2912 3548 ἄλλα
2959 3494 3050 3546 τὸν
3099 3491 3432 3562 ἀνθρώπινον
3483 3493 3612 3561 βίον

2031 3589 2279 3658 ὠνόμασε
2319 3586 2403 3658 (τί
2447 3585 2556 3656 γὰρ
2593 3585 2658 3640 ἂν
2688 3586 2866 3648 εἴποις
2893 3585 2988 3656 τὴν
3023 3587 3080 3638 ἐν
3115 3586 3304 3638 παισὶν
3333 3584 3548 3656 ἡλικίαν
3589 3606 3609 3652 ;

2032 3682 2126 3736 xui
2154 3680 2207 3734 τί
2234 3679 2422 3732 τούτου
2447 3676 2854 3748 ματαιότερονῆ
2886 3675 3340 3748 ἀναισθητότερον
3360 3675 3426 3745 ;),
3462 3677 3609 3732 ἀλλὰ

2029 3773 2128 3845 τὴν
2150 3774 2397 3842 νεότηταο
2427 3771 2455 3824 ὃ
2474 3771 2569 3824 xui
2596 3769 2754 3832 ἄνθος
2778 3768 2978 3830 δόξειεν
2994 3769 3058 3822 ἂν
3081 3764 3222 3822 εἶναι
3240 3771 3337 3838 τῆς
3362 3768 3610 3838 φύσεως,

2031 3866 2165 3920 ἀλλὰ
2196 3865 2355 3936 γέμει
2399 3863 2566 3934 ζάλης
2603 3879 2617 3893 ο
2663 3861 2799 3916 ἀλλὰ
2853 3861 2985 3913 πολὺ
3034 3861 3095 3914 τὺ
3125 3861 3324 3931 κοῦφον
3357 3862 3415 3913 ὲν
3459 3861 3610 3931 αὐτῇ

2032 3959 2125 4014 xui
2151 3959 2412 4012 ὑπόκενον
2447 3957 2538 4010 xui
2570 3953 2884 4024 εὐρίπιστον
2915 3970 2928 3984 ·
2980 3952 3117 4006 ἀλλὰ
3156 3953 3355 4016 παντὸς
3387 3952 3610 4024 ὀνείρου

2034 4050 2222 4104 θᾶττον
2255 4049 2604 4122 παρέρχεται,
2641 4046 2792 4100 οὐδὲν
2819 4045 2947 4100 ἄλλο
2971 4045 3312 4116 χαρισαμένη
3342 4045 3435 4097 xui
3466 4060 3615 4114 προ-

2036 4141 2322 4214 ξενήσασα.
2354 4142 2491 4213 πλὴν
2514 4141 2594 4194 ὅτι
2627 4139 2792 4194 πολὺν
2811 4139 2971 4192 σάλον
3003 4138 3100 4192 xui
3129 4137 3379 4192 κλύδωνα
3409 4135 3614 4191 παθῶν

2029 4226 2100 4303 ¹τῇ
2144 4233 2288 4305 ψυχῇ
2355 4232 2758 4304 ὲπικυμήνασα,
2795 4229 2961 4300 αὐτὴν
3018 4229 3118 4298 τὴν
3162 4227 3384 4300 πρώτην
3421 4227 3614 4299 ὁρμὴν

2034 4326 2132 4396 τῆς
2160 4326 2244 4379 ἐπ’
2288 4323 2486 4396 ἀρετὴν
2528 4324 2828 4394 κινήσεως,
2870 4322 3019 4374 ἔστιν
3055 4315 3134 4385 οἷς
3173 4320 3427 4390 ἐποίησεν
3469 4320 3617 4372 ὑπο-

2032 4417 2272 4488 ϐρύχιον.
2317 4417 2382 4469 Τί
2423 4416 2480 4468 δὲ
2521 4418 2580 4468 τδ
2621 4415 2719 4486 τῆς
2750 4413 2964 4486 ἡλικίας
3014 4413 3304 4484 μεθόριον;
3341 4411 3475 4465 ἀλλὰ
3505 4412 3617 4464 καὶ

2030 4507 2187 4561 τοῦτο
2224 4506 2432 4562 καπνοῦ
2468 4507 2638 4578 φορᾶς
2679 4506 2831 4559 οὐδὲν
2869 4505 3206 4574 διενήνοχεν,
3236 4499 3338 4558 ὦδε
3375 4504 3616 4556 κακεῖσε

2031 4601 2263 4665 διᾶττον,
2291 4598 2385 4652 xui
2419 4599 2674 4670 καθαρῶς
2691 4597 2926 4667 οὐδαμοῦ
2957 4596 3378 4666 καθιστάμενον.
3408 4595 3520 4664 Τῆς
3543 4612 3615 4648 τε

350 4690 624 4744 dissidet?
658 4691 765 4744 huc
785 4691 928 4744 enim
963 4689 1089 4743 illuc
1119 4689 1421 4744 exsiliendo
1448 4691 1696 4754 cursitat,
1763 4691 1920 4760 plane

2026 4690 2133 4762 γὰρ
2185 4689 2322 4742 κατὰ
2351 4688 2449 4760 τὴν
2476 4689 2703 4759 νεότητα
2731 4687 2938 4759 κούφης
2987 4687 3084 4740 xui
3111 4687 3346 4740 ἀτάκτου
3378 4685 3609 4755 μετέχει

351 4786 534 4831 autem
567 4793 838 4847 nusquam
870 4778 1139 4834 consistit.
1170 4778 1449 4849 Particeps
1478 4780 1623 4834 enim
1657 4783 1923 4850 quodam-

351 4869 514 4922 modo
552 4879 634 4922 est
664 4870 953 4924 levissimae
979 4881 1033 4924 et
1065 4871 1386 4926 inordinatae
1434 4871 1581 4926 illius
1644 4872 1921 4938 motionis,

2025 4787 2144 4846 πως
2172 4783 2251 4835 ἔτι
2286 4783 2576 4854 κινήσεως,
2613 4779 2767 4834 οὔπω
2795 4779 3016 4843 τελείως
3047 4780 3146 4850 τῆς
3170 4777 3378 4832 ἐκεῖθεν
3403 4777 3614 4848 ἀχλύος

2023 4879 2117 4930 xui
2159 4877 2402 4945 ταραχῆς
2458 4874 2776 4939 άπαλλάξαν
2822 4874 2916 4927 τὸν
2975 4871 3264 4942 ἄνθρωπον
3313 4888 3331 4904 ο
3375 4869 3472 4924 xui
3521 4871 3615 4942 τῷ

351 4976 473 5030 quae
499 4961 725 5030 juvenili
755 4965 896 5016 aetati
925 4963 1202 5028 convenit,
1233 4979 1335 5018 nec
1389 4963 1532 5017 enim
1565 4961 1803 5034 perfecte
1827 4978 1921 5017 ex-

2026 4969 2160 5038 πρὸς
2199 4968 2261 5020 τὸ
2288 4967 2465 5037 γῆρας
2522 4967 2878 5037 γειτονήματι
2926 4962 3027 5034 τῆς
3057 4961 3117 5028 ἐξ
3150 4959 3314 5016 αὐτοῦ
3349 4960 3612 5030 αίθάΑης,

352 5053 858 5123 pedivithominem
887 5056 1092 5110 abillis
1150 5056 1386 5112 tenebris
1452 5063 1507 5111 et
1566 5057 1914 5111 tumultibus.

351 5145 487 5198 Cum
512 5160 640 5200 vero
678 5148 941 5202 senectuti
983 5148 1162 5202 vicina
1195 5148 1379 5213 fixerit,
1409 5148 1689 5203 cineribus
1716 5148 1916 5203 exinde

351 5236 561 5304 ejectis,
592 5237 805 5292 occulte
832 5247 887 5291 et
917 5239 1120 5292 sensim
1162 5238 1280 5294 sine
1311 5255 1473 5294 sensu
1507 5239 1911 5309 subimpletur;

354 5327 497 5382 unde
534 5327 920 5384 deflorescendi
972 5328 1351 5400 defluendique
1383 5328 1712 5400 principium
1752 5330 1921 5384 sorti-

354 5431 444 5474 tur
472 5438 485 5475 :
517 5420 732 5476 videtur
759 5422 977 5492 quidem
1006 5423 1267 5477 remotior
1299 5437 1420 5478 esse
1448 5437 1479 5477 a
1509 5421 1658 5477 malo
1717 5429 1771 5476 et
1824 5421 1921 5475 de»

355 5512 634 5578 tritnento,
660 5511 808 5581 quod
836 5510 904 5567 ab
963 5511 1222 5569 extremis
1262 5511 1516 5584 utrinque
1563 5511 1793 5568 infertur
1829 5517 1923 5566 :et

2021 5061 2202 5130 ἡρέμα
2225 5077 2342 5122 πως
2371 5059 2468 5112 xui
2494 5057 2906 5128 άνεπαισθήτως
2943 5053 3454 5124 ὕποπιμπλάμενον,
3495 5070 3611 5106 κα-

2029 5152 2252 5222 ταῤῥείν
2309 5150 2486 5220 ἀρχὴν
2529 5148 2760 5220 παρέχει
2803 5147 2896 5201 xui
2930 5144 3400 5217 ὑπομαραίνεσθαι
3436 5160 3450 5175 ο
3506 5148 3616 5198 xui.

2027 5243 2176 5296 δοκεῖ
2213 5243 2309 5313 μὲν
2353 5241 2452 5312 τῆς
2489 5242 2582 5312 ἀφ’
2609 5239 2869 5312 ἐκατέρου
2917 5239 3023 5290 τῶν
3074 5239 3258 5309 ἄκρων
3292 5235 3496 5308 βλάϐης
3537 5253 3611 5289 τε

2030 5313 2126 5385 καὶ
2153 5331 2350 5394 κακίας
2371 5331 2670 5400 ἀφεστάναι
2699 5345 2716 5362 ο
2763 5329 2916 5383 οὐδὲν
2936 5328 2990 5382 δὲ
3009 5323 3169 5402 ἦττον
3199 5328 3298 5398 τῆς
3322 5329 3378 5380 ὲν
3397 5328 3612 5397 ἀμφοῖν

2034 5421 2414 5492 θεωρουμένης
2467 5420 2766 5491 μοχθηρίας
2829 5418 3078 5490 μετέχον,
3137 5419 3217 5483 εἰς
3264 5418 3487 5482 καπνὸν,
3521 5416 3611 5485 ὡς

2030 5509 2265 5577 ἀληθῶς,
2298 5509 2391 5563 xui
2428 5510 2508 5574 εἰς
2538 5507 2714 5581 ὅναρά
2736 5507 3042 5563 διαλύεταιο
3075 5508 3207 5563 αὐτὸ
3235 5507 3290 5562 δὲ
3328 5506 3389 5560 τὸ
3418 5504 3608 5577 γῆρας

1619 5624 1850 5682 VARI/i3
1895 5620 2300 5682 LECTlONES.

460 5716 488 5760 δ
516 5715 576 5771 τὸ
611 5717 808 5789 γῆρας.
