3876 6216
163 241 270 310 953

1024 240 1124 300 AD
1143 224 1735 301 AMPHILOCHIUM
1767 236 2114 310 QUIESTIO
2149 236 2336 310 CCVI,
2368 238 2586 301 CCVII.

3326 246 3432 312 954

162 357 251 418 τίς
289 351 394 406 κᾶν
424 321 764 419 οὕδένκὴμεῖς
804 343 1063 417 ἐροῦμεν,
1099 346 1232 400 αὐτὸ
1261 348 1428 400 πᾶσιν
1462 345 1630 399 αὐτοῦ
1679 346 1749 400 τὰ

1862 351 2041 396 tamen
2077 342 2312 396 miseriae
2338 357 2500 411 quam
2539 345 2794 415 utrinque
2825 347 2950 404 licet
3003 349 3430 421 deprehendere,

163 445 336 514 πάθη,
365 441 459 496 καὶ
485 441 548 492 τὸ
573 438 758 510 βάρος,
789 440 881 491 καὶ
901 437 1002 508 τὴν
1019 436 1365 509 χαλεπότητα
1387 438 1741 506 διακέκραγε’

161 535 262 591 καὶ
313 534 397 588 ὅτι
439 533 533 585 καὶ
594 527 875 600 κονιορτοῦ
925 527 1266 606 καὶικαπνοῦ
1309 527 1402 580 καὶ
1450 529 1608 592 σκιᾶς
1650 527 1746 580 καὶ

161 629 402 698 ὀνείρου,
429 627 526 679 καὶ
557 616 774 676 πάντων
796 621 942 674 ἐστὶν
968 619 1350 691 εὐτελέστερόν
1383 637 1442 673 τε
1474 620 1570 673 καὶ
1601 622 1747 690 ἀμυ-

162 719 442 791 δρότερον,
499 714 626 777 Πῶς
653 710 746 768 οὖν
780 713 894 766 ἔστι
916 715 1110 782 φυγεῖν
1133 713 1199 765 τὰ
1225 712 1374 766 κακά
1396 729 1410 777 ;
1435 710 1592 764 Κατὰ
1617 713 1747 763 παῖ-

162 813 232 864 δα
293 809 416 878 μὲν,
457 807 679 877 ἀγωγῆς
732 807 960 876 τυχόντα
1007 806 1251 877 χρηστῆς
1297 804 1391 858 καὶ
1456 804 1749 874 σωφρόνων

165 895 536 963 παιδαγωγῶν
571 910 585 925 ο
622 895 761 964 ὅπερ
787 894 894 946 οὐδ’
922 895 980 946 ἐν
1017 895 1149 964 ἡμῖν
1182 896 1354 957 ἐστιν,
1398 893 1512 947 ἀλλ’
1541 895 1599 947 ἐν
1629 896 1746 956 ταῖς

163 989 274 1042 τῶν
301 987 573 1040 τεκόντων
606 986 638 1055 ἢ
671 985 784 1038 τῶν
819 985 1135 1056 ἐπιτρόπων
1161 986 1442 1056 φροντίσιν
1466 1002 1481 1017 ·
1524 986 1582 1037 ἐν
1627 985 1749 1038 νεό-

162 1095 290 1148 τητι
315 1077 395 1140 δὲ,
425 1076 561 1130 καθ’
585 1078 652 1148 ἦν
679 1077 908 1147 ἄρχεται
937 1077 1032 1129 καὶ
1061 1076 1123 1130 τὸ
1171 1076 1472 1146 ἡμέτερον,
1498 1074 1586 1128 διὰ
1615 1093 1748 1144 σφο-

163 1173 430 1244 δροτάτου
466 1171 688 1242 χαλινοῦ
722 1172 816 1225 καὶ
855 1170 1257 1242 ἀκριϐεστάτης
1304 1169 1642 1232 παιδεύσεως
1690 1187 1749 1223 τε

163 1266 264 1318 καὶ⁵
285 1263 598 1334 γυμνασίας
629 1263 722 1316 καὶ
746 1265 1134 1334 συνασκήσεως
1160 1280 1173 1294 ·
1199 1263 1341 1316 κατὰ
1363 1263 1422 1315 δὲ
1451 1263 1550 1331 τὴν
1578 1263 1751 1331 μέσην

162 1355 408 1426 ἡλικίαν,
442 1354 534 1408 διά
562 1369 620 1406 τε
643 1353 735 1407 τοῦ
763 1353 1326 1425 προκαταρτισθεντος
1359 1352 1454 1407 καὶ
1488 1370 1752 1424 προεντυ-

163 1448 447 1508 meam;
479 1450 543 1516 τῇ
579 1445 722 1515 ψυχῇ
754 1444 909 1508 ἔθους
937 1459 951 1476 ⁸
987 1445 1016 1498 ὃ
1045 1446 1138 1498 καὶ
1169 1445 1432 1516 μεγίστην
1475 1444 1587 1515 ἕχει
1614 1444 1754 1513 πρὸς

163 1538 238 1592 τά
270 1539 399 1608 ἑξῆς
430 1539 832 1610 κατορθώματα
860 1538 960 1607 τὴν
992 1538 1168 1606 ἰσχὺν,
1192 1537 1286 1588 καὶ
1313 1536 1401 1589 διὰ
1427 1535 1529 1603 τῆς
1562 1535 1752 1604 ὁμοίας

166 1630 412 1700 σπουδῆς
439 1631 533 1683 καὶ
559 1629 878 1699 ἐπιμελείας
895 1631 996 1698 τῆς
1025 1628 1144 1682 κατ’
1169 1627 1369 1698 ἀρετὴν
1397 1626 1747 1688 τελειώσεως.

1848 431 2122 502 particeps
2152 430 2231 494 tit,
2259 431 2436 485 donec
2493 431 2546 484 iu
2579 444 2938 504 senectutem,
2995 437 3204 494 fumum
3239 449 3294 495 et
3345 442 3433 495 in-

1849 524 2121 578 sonmium
2153 538 2363 576 merum
2408 524 2760 581 dissolvatur.
2817 527 2954 583 Nam
3009 531 3139 600 quid
3199 533 3433 603 (quaeso)

1850 614 1968 684 ipsa
1996 623 2253 670 senectus
2298 617 2924 689 censendaHltcunque
2960 637 3062 676 nos
3101 623 3192 677 hic
3240 636 3432 680 tacue-
3473 620 3490 628 ’

1849 706 2045 772 rimus,
2085 707 2203 776 ipsa
2234 721 2330 774 per
2355 722 2412 760 se
2443 707 2674 777 singulis
2725 723 2856 764 suas
2906 716 3210 781 passiones,
3266 731 3432 786 grave

1851 810 2012 856 onus,
2049 794 2394 849 diﬂicultates
2429 797 2832 865 proclamabit;
2863 813 2988 852 esse
3057 801 3231 869 ipsam
3268 802 3434 856 nimi-

1851 901 1972 941 rum
2001 887 2243 956 pulvere,
2279 886 2450 950 furno,
2483 889 2697 955 umbra,
2729 905 2943 956 smnno,
2979 893 3236 950 omnibus
3266 896 3432 950 rebus

1852 979 2027 1048 magis
2097 978 2483 1047 despicabilem
2561 991 2615 1034 et
2683 983 3082 1041 obscuriorem.
3148 987 3433 1050 Quomodo

1852 1071 2124 1138 possimus
2165 1071 2334 1141 igitur
2382 1072 2525 1126 mala
2579 1073 2867 1128 devitarc?
2914 1072 3169 1142 Omnino,
3227 1076 3272 1130 si
3337 1091 3436 1146 per

1852 1171 2068 1216 aetatem
2105 1163 2366 1232 puerilem
2403 1172 2552 1219 recta
2613 1174 2837 1219 utamur
2898 1166 3266 1230 institutione,
3305 1184 3437 1237 pru-

1851 1255 2043 1309 dentes
2084 1256 2228 1309 nacti
2264 1254 2669 1311 informatores.
2698 1255 2816 1311 Non
2842 1266 2925 1314 est
2976 1260 3079 1312 hoc
3142 1261 3196 1313 in
3251 1271 3435 1314 nostra

1853 1347 2016 1400 situm
2045 1358 2335 1416 poteSIate,
2367 1348 2459 1402 sed
2495 1359 2703 1418 spectat
2741 1351 2807 1403 ad
2837 1360 3090 1418 parentes
3108 1351 3192 1404 vel
3228 1361 3437 1406 tutores

1855 1438 1905 1490 itl
1945 1454 2159 1492 curare.
2207 1438 2308 1492 Per
2360 1439 2780 1495 adolescentiam
2841 1457 2992 1503 vero,
3047 1457 3170 1495 cum
3231 1453 3436 1498 nostra:

1853 1541 2034 1598 partes
2086 1530 2171 1600 agi
2224 1534 2520 1600 coeperint,
2582 1547 2676 1601 per
2723 1533 3041 1587 adductiora
3093 1533 3277 1599 frena,
3337 1551 3437 1588 ex-

1853 1621 2186 1675 actissimam
2219 1622 2649 1685 institutionem.
2681 1625 3003 1678 exercitium
3025 1636 3077 1678 et
3107 1625 3318 1680 ascesin
3341 1641 3436 1679 co-

165 1723 262 1794 Τῷ
307 1723 355 1775 δ’
385 1722 530 1776 οὕτω
575 1722 762 1776 λοιπὸν
805 1721 1227 1791 οἰκονομήσαντι
1268 1720 1363 1774 καὶ
1401 1719 1756 1789 διακυϐερνῆ-

1862 1723 2081 1766 euntem
2129 1715 2272 1768 :suh
2335 1725 2490 1769 atate
2545 1725 2781 1780 matura,
2839 1732 2932 1785 per
2985 1718 3322 1784 compositos
3379 1727 3436 1772 et

167 1832 328 1869 σαντι
351 1815 442 1866 τὸν
472 1814 609 1884 βίον,
633 1813 796 1884 λιμὴν
827 1814 1131 1883 ἀπαντήσει
1157 1813 1217 1865 τὸ
1242 1813 1440 1884 γῆρας,
1465 1813 1558 1864 καὶ
1579 1811 1757 1863 πόνων

168 1905 509 1970 ἀνάπαυσις,
537 1906 637 1972 τῆς
657 1906 799 1962 κατὰ
826 1903 1005 1973 ψυχὴν
1032 1903 1246 1972 ἡδονῆς,
1268 1904 1362 1956 καὶ
1388 1903 1538 1964 Θείας
1563 1903 1760 1970 εὐφρο-

169 1999 345 2067 σύνης
374 1997 472 2060 τὰς
506 1997 615 2050 ἀπὸ
638 1996 732 2050 τοῦ
760 1997 1014 2066 σώματος
1043 1995 1217 2058 λέπας
1245 1995 1673 2065 παρωθουμένης
1697 2011 1756 2046 τε

168 2091 270 2143 καὶ
297 2089 791 2159 ἀποκρυπτούσης,
823 2091 918 2142 καὶ
948 2089 1237 2159 μακάριον,
1264 2087 1339 2151 ὡς
1364 2085 1598 2156 ἀληθῶς,
1624 2087 1759 2138 ἀπο-

169 2182 477 2252 φαινούσης
504 2181 595 2234 τὸν
627 2180 934 2251 ἄνθρωπον.
961 2180 1035 2232 Σὺ
1063 2180 1120 2232 δέ
1163 2197 1274 2250 μοι,
1308 2179 1518 2243 τέκνον,
1551 2179 1625 2249 μὴ
1654 2177 1754 2248 μό-

164 2290 260 2326 νον
280 2271 318 2325 ἃ
341 2273 538 2342 γράφω
560 2271 853 2342 προθύμως
880 2272 1242 2339 ἀναγίνωσκε,
1273 2270 1408 2324 ἀλλὰ
1428 2271 1519 2324 καὶ
1543 2270 1628 2324 διὰ
1645 2270 1754 2324 τῶν

163 2363 354 2433 ἔργων
391 2362 801 2434 προθυμότερον
834 2363 1186 2428 ἐπιγίνωσκε.

1857 1816 2206 1874 comparatos
2243 1807 2414 1874 prius,
2447 1816 2500 1862 ct
2538 1810 2704 1862 meriti
2757 1810 3171 1878 praeinsculptos
3206 1827 3384 1866 mores
3417 1828 3432 1866 :

1857 1898 2000 1952 unde
2032 1913 2245 1952 summa
2276 1910 2328 1953 et
2359 1899 2629 1969 pracipua
2651 1910 2891 1968 potesms
2913 1903 3174 1956 accrescit
3202 1904 3266 1957 ad
3291 1912 3438 1958 recte

1855 1991 2247 2061 consequentia
2278 1990 2697 2057 conformanda,
2737 2002 2795 2047 ut
2831 1993 3088 2048 nimirum
3121 2011 3217 2063 per
3249 1997 3434 2050 cousi-

1856 2087 1984 2139 mile
2005 2086 2244 2140 studium
2269 2093 2323 2138 et
2348 2085 2684 2153 diligentiam
2723 2086 3046 2151 adhibitam,
3081 2090 3260 2143 virtus
3312 2096 3440 2143 tan-

1858 2180 1980 2233 dem
2007 2190 2438 2254 consummctpr.
2477 2177 2534 2232 Ei
2567 2195 2752 2249 porro,
2779 2180 2872 2250 qui
2907 2182 2971 2235 ad
3010 2183 3156 2236 hunc
3214 2182 3440 2236 modum

1863 2271 2030 2326 vitam
2093 2287 2248 2326 suam
2318 2272 2688 2335 composuerit
2739 2282 2793 2327 et
2859 2273 3132 2338 direxerit,
3183 2274 3444 2328 offeretur

1864 2364 2079 2417 tandem
2132 2379 2232 2432 pro
2273 2373 2432 2432 portu
2472 2374 2746 2430 senectus,
2776 2364 3021 2419 laborum
3050 2366 3290 2436 requies,
3315 2382 3443 2436 gau-

164 2459 244 2513 dii
273 2458 446 2529 (qnod
471 2457 773 2514 secundum
823 2457 990 2513 Deum
1021 2456 1124 2530 est)
1185 2459 1597 2530 repositorium,
1646 2471 1756 2528 quo
1797 2474 1826 2511 a
1855 2474 2084 2528 corpore
2113 2459 2334 2515 dolores
2387 2460 2774 2523 amandanlur,
2821 2461 3184 2521 occultantur,
3210 2459 3443 2530 etplane

167 2560 368 2615 beatus
401 2557 565 2609 homo
593 2554 810 2608 tandem
846 2557 1213 2611 renuntiatur.
1259 2557 1338 2612 Tu
1376 2568 1582 2620 autem,
1640 2555 1736 2620 fili,
1781 2553 1886 2620 fac,
1927 2569 2037 2608 non
2105 2564 2312 2610 tantum
2358 2564 2418 2610 ut
2466 2555 2744 2610 lubentius
2799 2557 3047 2626 perlegas
3083 2570 3230 2639 quae.
3271 2569 3302 2610 a
3355 2568 3444 2607 me

169 2652 539 2715 scribuntur;
573 2649 664 2704 sed
699 2647 871 2702 multo
893 2649 1188 2704 studiosius
1214 2638 1406 2706 eadem
1442 2666 1537 2720 per
1567 2649 1915 2720 operationes
1955 2647 2102 2717 ipsas
2133 2664 2484 2718 recognosce.

736 2781 1072 2836 ΕΡΩΤΗΣΙΣ
1097 2785 1209 2838 ΣΖ¹.

166 2915 316 2984 Περὶ
358 2916 502 2970 τοῦ·
550 2935 570 2969 ι
618 2919 727 2982 Θὲς
760 2918 1074 2987 τὴν-,χεῖρά
1111 2935 1228 2975 σου
1267 2923 1386 2976 ὑπὸ
1430 2923 1539 2977 τὸν
1561 2925 1756 2994 μηρόν

855 3007 995 3058 μου.
1027 3011 1044 3041 ι

1967 2779 2302 2846 ρυλΕδΤΙΟ
2330 2781 2506 2837 CCVII
2535 2781 2735 2852 [(Ioisl.
2785 2780 3117 2847 CCXXXVI,
3160 2781 3334 2838 Taur.

2482 2851 2760 2908 ccxxv"
2781 2852 2821 2923 ].

1859 2942 1937 2998 De
2001 2944 2116 2998 loco
2171 2945 2287 3011 illa,
2337 2965 2354 2997 ι
2385 2945 2528 2999 Pone
2576 2963 2792 2998 manum
2857 2953 3003 2996 tuam
3057 2960 3214 3014 super
3268 2943 3443 3013 femur

2533 3032 2726 3068 meum.
2761 3035 2779 3066 ι

544 3104 687 3156 Edita
711 3120 738 3154 a
757 3106 1055 3156 Montacutio
1077 3111 1180 3172 (ep.
1204 3110 1264 3158 74
1284 3111 1341 3159 ad
1366 3107 1589 3176 Eulamp.
1624 3131 1672 3178 p.
1710 3119 1777 3168 122:

1873 3129 1974 3192 25).
1992 3156 2046 3166 —
2067 3131 2361 3195 Explanatio
2388 3134 2650 3182 verborum
2677 3134 2802 3183 Gen.
2829 3148 2964 3190 xxrv,
2991 3135 3040 3183 2.

253 3227 275 3262 ‹
314 3211 417 3273 ﬁt;
441 3216 542 3283 τὴν
573 3215 732 3283 χεῖρά
761 3229 853 3266 σου
876 3214 982 3267 ὑπὸ
1014 3216 1102 3268 τὸν
1139 3219 1311 3289 μηρόν
1344 3238 1466 3290 μου,
1498 3242 1516 3274 ι
1541 3226 1706 3294 φησὶν
1732 3229 1761 3280 ό
1792 3222 1834 3277 C

168 3303 527 3374 πατριάρχης
542 3304 793 3376 Ἀϐραάμ
818 3324 831 3336 ο
848 3305 940 3358 δύο
958 3308 1130 3362 ταῦτα
1151 3313 1476 3382 παραδηλῶν
1491 3317 1566 3386 τῷ
1583 3337 1642 3370 νυ
1653 3337 1764 3389 μφ-

172 3393 392 3464 αγωγῷ
430 3395 756 3464 προστάττει
799 3394 1094 3464 θεράποντι
1124 3415 1140 3431 ο
1177 3398 1234 3452 ἐν
1277 3400 1373 3470 μὲν
1417 3405 1511 3455 καὶ
1545 3407 1765 3476 πρόχει-

171 3501 299 3556 ρον,
334 3484 422 3537 τὸν
452 3487 617 3556 ὅρκον
644 3487 722 3549 εὶς
765 3487 826 3538 τὸ
848 3490 945 3556 τῆς
971 3492 1272 3560 περιτομῆς
1323 3494 1618 3566 σεϐάσμιον
1653 3499 1766 3550 είσ-

171 3575 565 3645 πραττόμενος
585 3593 600 3606 ο
638 3575 892 3648 δεύτερον
929 3577 985 3630 δὲ
1011 3581 1106 3632 καὶ
1133 3581 1439 3650 νοούμενον,
1486 3589 1566 3648 εἰς
1587 3589 1677 3642 τὸν
1707 3588 1768 3654 ἐξ

173 3667 354 3722 αὑτοῦ
414 3668 819 3738 τεχθησόμενον
862 3669 1095 3740 Χριστὸν
1137 3674 1229 3726 καὶ
1265 3673 1399 3728 Θεὸν
1441 3677 1599 3746 ἡμῶν
1625 3699 1637 3711 ·
1683 3680 1767 3733 δε-

87 3803 90 3807 .
175 3759 407 3828 σμεύων
426 3761 610 3825 αὑτὸν,
626 3763 718 3815 καὶ
749 3762 995 3833 εὐορκεῖν
1014 3765 1107 3818 ἐπὶ
1129 3765 1292 3820 πλέον
1310 3768 1760 3840 ἀσφαλιζόμενος,

171 3854 302 3922 ἅμα
350 3852 408 3906 δὲ
442 3857 536 3906 καὶ
574 3855 982 3928 προθυμότερον
1013 3857 1175 3910 αὐτὸν
1215 3857 1617 3928 ἐργαζόμενος,
1669 3864 1764 3917 ἅτε

171 3945 249 4013 δὴ
280 3943 474 4013 ἔφορον
499 3946 594 3998 καὶ
625 3947 880 4016 μάρτυρα
913 3948 1019 4000 τῶν
1043 3948 1134 4000 ἐπὶ
1159 3953 1524 4023 νυμφαγωγίᾳ
1563 3954 1762 4024 ὅρκων,

173 4035 284 4090 οὐκ
331 4035 489 4088 ἄλλον
531 4037 680 4108 αὐτῴ
723 4038 1105 4106 ἐφιστάμενος,
1151 4039 1266 4094 ἀλλ’
1306 4042 1534 4109 ἐκεῖνον,
1584 4045 1644 4109 ὃς
1672 4047 1765 4100 καὶ

175 4127 608 4198 προῦπέσχετο,
661 4129 735 4192 ὡς
783 4129 852 4184 τὰ
914 4132 1088 4202 ἄστρα
1141 4135 1236 4188 τοῦ
1281 4134 1538 4203 οὐρανοῦ,
1609 4138 1670 4191 τὸ
1707 4140 1766 4192 ἐν

185 4218 382 4271 Ἰσαὰκ
414 4218 581 4272 αὑτοῦ
614 4221 835 4292 σπέρμα
868 4221 1339 4292 πληθυνθήσεσθαι
1377 4241 1392 4256 ⁸
1429 4227 1524 4280 καὶ
1543 4227 1765 4294 δυνατός

172 4311 301 4362 ἐστι
339 4309 511 4379 πέρας
542 4311 807 4366 ἐπιθεῖναι
837 4315 955 4377 ταῖς
986 4315 1331 4386 ὑποσχέσεσι,
1373 4318 1465 4371 καὶ
1487 4319 1768 4390 άμεταμε-

172 4400 384 4470 λήτους
407 4397 516 4454 οῖδε
546 4402 644 4460 τὰς
689 4403 897 4474 δωρεὰς
936 4411 1029 4460 καὶ
1054 4408 1152 4470 τὰς
1181 4409 1406 4478 χάριτας
1432 4427 1446 4441 ·
1484 4412 1765 4484 μονονουχὶ

175 4488 281 4543 καὶ
311 4491 661 4560 ἐννοούμενος
682 4493 777 4545 καὶ⁵
809 4493 1004 4561 λέγων,
1035 4491 1107 4548 τΩ
1135 4499 1235 4550 παῖ
1248 4496 1341 4550 τοῦ
1375 4498 1510 4568 ἐμοῦ
1539 4503 1763 4570 γνησίου

1945 3238 1963 3270 ι
1995 3219 2142 3274 Pone
2177 3237 2398 3276 manum
2431 3231 2580 3276 tuam
2623 3224 2726 3277 sub
2774 3223 2979 3277 femore
3011 3237 3151 3286 meo,
3188 3240 3207 3273 ι
3264 3221 3442 3292 inquit

1866 3309 2216 3366 Ahrahamus
2250 3315 2560 3382 patriarcha
2596 3333 2610 3365 :
2648 3315 2756 3368 duo
2783 3317 2882 3369 ista
2938 3314 3292 3369 suhindicans
3336 3315 3441 3368 tui-

1867 3401 2041 3454 nistro
2070 3403 2467 3471 nymphagogo,
2502 3404 2552 3456 iu
2584 3404 2857 3458 mandatis
2882 3404 2973 3458 dat
3007 3421 3018 3456 :
3058 3405 3205 3473 prius
3229 3416 3331 3468 est,
3387 3413 3442 3459 et

1869 3491 1922 3544 in
1961 3501 2238 3560 promptu,
2285 3494 2429 3561 quod
2454 3493 2839 3562 jusjurandum
2882 3496 2933 3548 in
2963 3496 3171 3548 honore
3203 3497 3440 3550 circum-

1867 3583 2089 3638 cisionis
2142 3583 2392 3651 inducit;
2431 3585 2730 3640 secundum
2780 3598 2861 3642 est
2897 3597 2951 3642 et
2977 3587 3438 3652 subintellectum,

1867 3675 1919 3728 id
1951 3675 2094 3743 qttod
2124 3677 2190 3730 ad
2231 3691 2355 3731 eum
2396 3677 2628 3732 refertur
2653 3679 2743 3747 qui
2776 3695 2840 3732 ex
2869 3693 2929 3732 se
2961 3680 3270 3734 nasciturus
3301 3689 3441 3742 erat,

1867 3765 2146 3820 Christum
2174 3766 2342 3821 Deum
2386 3784 2669 3836 nostrum;
2701 3770 2937 3825 vinculis
2992 3787 3116 3824 eum
3175 3772 3443 3824 constrin-

1867 3870 2022 3924 gens,
2050 3865 2104 3910 et
2133 3867 2280 3912 recte
2305 3858 2542 3926 jurando
2584 3860 2914 3916 conﬁrmans
2947 3860 3126 3920 illum.
3161 3875 3225 3913 ac
3256 3843 3437 3928 ipsum

1867 3945 2098 4000 reddens
2120 3947 2512 4014 promptiorem
2545 3949 2610 4001 ad
2635 3950 2980 4016 exsequenda
3034 3950 3310 4013 mandata,
3358 3951 3440 4002 in-

1866 4045 2170 4106 spectorem
2217 4046 2270 4090 et
2293 4045 2507 4103 testem,
2558 4039 2915 4094 concilianda:
2943 4040 3132 4093 uxoris
3187 4041 3239 4094 in
3273 4057 3442 4110 nego-

1866 4128 1964 4190 tio,
1993 4127 2354 4198 jnrisjurandi
2382 4145 2530 4194 eum,
2563 4129 2810 4198 inquam,
2845 4131 3227 4199 praeponendo,
3249 4141 3303 4186 et
3332 4147 3441 4186 non

1867 4219 2058 4287 alium,
2090 4219 2185 4288 qui
2228 4221 2385 4290 prius
2445 4223 2775 4289 promiserat
2827 4221 3096 4287 futurum,
3159 4232 3215 4276 ut
3254 4240 3441 4279 semen

1867 4310 2042 4380 ipsius
2069 4312 2136 4368 de
2207 4314 2394 4368 Isaaco
2461 4315 2918 4382 multiplicaretur
2983 4317 3441 4384 quemadmodum

1868 4405 1989 4459 caeli
2043 4405 2270 4460 sidera:
2326 4407 2528 4475 quibus
2588 4406 2872 4475 promissis
2913 4406 3440 4461 consummationem

1868 4497 2129 4553 inducere
2160 4509 2376 4568 poterat
2405 4499 2498 4568 qui
2535 4499 2676 4560 dona
2712 4513 2807 4553 sua
2842 4506 3008 4568 atque
3060 4497 3266 4567 gratias
3323 4499 3442 4552 sine

175 4553 527 4647 νυμφαγωγέ
590 4581 776 4652 παιδὸς
801 4623 817 4649 ,
855 4553 1302 4655 ,προθυμηθῆναι
1332 4553 1443 4639 δέοι
1474 4553 1669 4658 μόνον.-

1867 4591 2188 4660 paenitentia
2225 4590 2510 4658 elargitur,
2547 4598 2756 4644 tantum
2791 4605 2898 4645 non
2927 4589 3261 4657 cogitatione
3289 4605 3443 4644 com-

180 4669 494 4742 ὑπηρεσίᾳ,
533 4673 860 4744 προαίρεσιν
893 4675 1188 4729 σπουδαίαν
1239 4678 1592 4746 εἰσενεγκεῖν,
1629 4681 1697 4735 τὰ
1721 4683 1766 4735 δ’

173 4763 326 4819 ἄλλα
365 4765 566 4834 ῥᾷστον
595 4765 784 4820 ἁνύσει
814 4767 844 4819 ὁ
892 4767 985 4820 καὶ
1011 4768 1109 4837 τῆς
1136 4769 1483 4838 ὁρκωμοσίας
1525 4772 1768 4842 ἐπόπτης

173 4855 280 4909 καὶ
304 4854 534 4926 μάρτυς,
563 4857 660 4910 καὶ
685 4857 784 4920 τὰς
813 4857 914 4927 τῆς
940 4857 1298 4921 πολυπαιδίας
1321 4861 1642 4931 ὑποσχέσεις
1669 4863 1769 4918 δω-

178 4946 521 5019 ρησάμενος.
561 4947 674 5001 Καὶ
711 4949 811 5019 ὅρα
841 4948 917 5013 ὡς
963 4950 1224 5019 φιλοθέως
1256 4949 1373 5004 λίαν
1409 4951 1502 5004 κα)⁸
1544 4954 1768 5018 εἰκότως

172 5040 274 5093 τὸν
308 5039 403 5092 ἐπὶ
438 5039 761 5112 ’παιδογονίᾳ
807 5041 899 5095 τοῦ
933 5041 1065 5095 Υἱοῦ
1093 5045 1320 5114 μεσίτην
1353 5043 1631 5115 ἐσόμενον,
1665 5044 1766 5116 τῆς

177 5133 486 5205 σφραγῖδος
515 5134 839 5206 ἁπτόμενον,
879 5135 946 5205 ἢν
985 5136 1085 5206 τῆς
1135 5137 1191 5188 ἐν
1230 5135 1411 5189 πίστει
1443 5136 1767 5204 πολυγονίας

179 5227 418 5296 σημεῖον
451 5225 669 5292 ἔλαϐεν,
688 5227 910 5296 ὀμνύειν
938 5227 1305 5297 προσέταττεν
1331 5246 1344 5260 ε
1376 5228 1464 5282 ἵνα
1483 5228 1665 5300 εἴπης,
1705 5228 1766 5280 '0

175 5316 311 5380 δούς
342 5333 433 5387 μοι
459 5317 560 5389 τὴν
593 5317 914 5388 περιτομὴν,
953 5319 1114 5383 αὐτὸς
1149 5319 1316 5373 ἔδωκε
1362 5320 1423 5373 τὸ
1458 5319 1556 5390 μὲν
1585 5321 1766 5373 Χανα-

177 5414 338 5464 ναῖον
366 5411 548 5480 γένος,
569 5411 670 5479 μεθ
687 5410 702 5432 ’
721 5403 795 5463 ὧν
818 5409 928 5479 ἐγὼ
957 5411 1229 5481 παροικῶ,
1252 5412 1546 5482 ἐπάρατον,
1574 5412 1632 5463 ἐν
1669 5411 1761 5462 εῦ-

157 5497 398 5570 ’λογίαις
412 5503 469 5556 δὲ
495 5501 1004 5574 τδὴμέτερον.”16οὺ
1029 5502 1206 5555 τοίνυν
1233 5503 1334 5572 τῆς
1359 5505 1506 5565 θείας
1527 5501 1763 5570 ἐφαπτό-

180 5611 351 5664 μενον
385 5593 702 5664 σφραγῖδος,
726 5593 816 5646 τὸν
845 5593 1141 5662 νομοθέτην
1179 5591 1381 5663 ταύτης
1408 5592 1635 5662 ὀμνύναι
1667 5607 1759 5643 κε-

177 5684 352 5750 λεύω,
388 5683 462 5755 μὴ
489 5683 555 5738 ἂν
579 5683 756 5747 ἄλλως
781 5685 974 5750 ποιεῖν,
1002 5682 1348 5754 ἢὼςλέκείνῳ
1374 5682 1453 5754 τῷ
1480 5682 1576 5753 τῆς
1596 5681 1764 5736 πολυ-

1864 4681 2056 4750 plexus
2086 4689 2141 4734 et
2174 4679 2370 4735 effatus
2409 4681 2512 4733 ista
2542 4697 2557 4734 :
2589 4680 2630 4733 0
2677 4678 2883 4734 famule
2935 4678 3316 4751 nymphagoge
3345 4694 3441 4749 ge-

1865 4773 2018 4826 nuini
2047 4773 2152 4826 mei
2187 4773 2305 4837 lilii,
2331 4786 2469 4841 cpus
2506 4781 2716 4825 tantum
2747 4771 2842 4825 tibi
2877 4782 2963 4825 est
2993 4779 3053 4835 ut
3082 4779 3335 4841 prompto
3365 4772 3442 4826 sis

1867 4862 2051 4916 animo
2081 4871 2135 4914 et
2168 4863 2509 4932 propositum
2544 4861 2791 4915 sedulum
2819 4861 2873 4914 in
2901 4861 3252 4929 exsequendo
3296 4877 3441 4930 pra:-

1867 4965 1978 5010 stes
2007 4954 2331 5018 ministerio,
2376 4961 2570 5008 caetera
2603 4952 2704 5006 levi
2735 4951 2961 5006 brachio
2987 4951 3297 5022 perlicietis,
3347 4954 3441 5022 qui

1856 5044 2167 5116 jusjurandi
2202 5053 2423 5099 curator
2452 5053 2506 5096 et
2539 5044 2690 5098 testis
2741 5043 3048 5105 adhibetur,
3080 5045 3173 5114 qui
3211 5045 3277 5099 de
3301 5045 3443 5098 mul-

1867 5134 2159 5202 tiplicanda
2191 5135 2344 5204 prole
2377 5134 2672 5202 stipulatus
2697 5145 2800 5188 est.
2837 5132 3054 5189 Videsis
3087 5146 3272 5189 autem
3305 5135 3439 5189 mihi

1862 5237 2070 5294 quanto
2095 5240 2220 5279 cum
2253 5240 2439 5279 amore
2467 5224 2581 5290 Dei,
2607 5233 2661 5278 et
2687 5241 2849 5294 quant
2879 5225 3027 5294 juste
3080 5225 3440 5280 mediatorem

1865 5317 2109 5371 futurum
2138 5316 2561 5386 multiplicandae
2611 5317 2663 5370 iu
2696 5317 2805 5370 lilio
2870 5318 3039 5384 prolis
3103 5333 3200 5387 per
3246 5325 3439 5371 conta-

1869 5420 2018 5462 ctum
2051 5409 2238 5477 sigilli,
2271 5408 2416 5479 quod
2456 5409 2715 5463 indicium
2750 5409 3024 5464 fidelitatis
3058 5411 3111 5464 in
3160 5409 3263 5463 ﬁde
3289 5408 3442 5478 poly-

1869 5500 2044 5568 goniaa
2082 5509 2387 5569 acceperat,
2409 5499 2597 5569 jurare
2621 5499 2806 5567 jussit,
2866 5500 3022 5569 quasi
3051 5499 3256 5553 diceret
3287 5517 3298 5551 :
3335 5495 3441 5562 Qui

1853 5585 2016 5646 dedit
2041 5591 2174 5645 mihi
2210 5591 2709 5656 circumcisionem,
2734 5591 3169 5646 Chananzeorum
3227 5598 3442 5659 gentem

1873 5683 2019 5738 inter
2073 5699 2214 5752 quos
2268 5683 2814 5754 inquilinus/versor,
2847 5691 3187 5738 exsecratam
3259 5679 3438 5743 habet,
