3854 6216
429 219 536 283 955

1580 212 1849 273 ΡΗΟΤῙΙ
1876 211 2382 272 PATRIARCH/E
2407 214 2517 275 CP.

3560 216 3668 280 956

428 343 672 390 nostram
710 345 842 386 vero
897 329 1261 386 benedictam.
1297 327 1436 384 Vide
1463 327 1648 398 igitur,
1676 336 1735 382 ut
1762 335 1813 384 te
1833 327 1999 382 divini

2117 328 2321 391 τεκνίας
2350 328 2558 400 δοτῆρι,
2601 327 2958 400 χαριούμεθα,
2981 329 3040 396 ἐξ
3059 330 3348 400 ὁμογενοῦς
3377 349 3672 404 νυμφαγω-

431 425 595 495 sigilli
655 431 912 479 contactu
954 421 1318 491 legislatorem
1364 422 1485 488 ejus
1531 421 1785 491 adjurare
1811 420 1999 490 jubeo.

429 529 481 574 te
508 535 616 574 non
647 518 810 572 aliter
849 516 1119 571 facturum
1165 529 1330 584 quam
1361 521 1423 570 ut
1448 515 1552 584 ipsi
1599 516 1768 583 prolis
1815 514 2005 568 multi-

427 612 641 683 plicatae
675 609 920 677 largitori
951 616 1166 677 gratum
1195 615 1250 662 et
1308 614 1588 675 acceptum
1653 605 1840 670 fuerit,
1900 604 2006 658 hoc

428 713 532 766 est,
564 709 624 756 ut
650 701 717 756 de
754 700 1076 768 cognatione
1111 697 1345 768 puellam
1377 712 1495 751 meo
1531 695 1642 751 filio
1711 703 2003 765 nupturam

430 792 718 847 concilies.
748 789 804 843 ln
842 789 944 843 hoc
974 797 1160 842 autem
1212 787 1332 855 ipso
1386 785 1439 840 id
1479 795 1738 855 praestare
1796 785 2008 840 videtur

430 885 587 948 mihi,
620 881 766 952 quod
793 881 860 944 is,
888 883 980 950 qui
1018 879 1207 934 eodem
1260 877 1421 930 modo
1446 877 1702 947 pietatem
1748 877 1802 930 in
1835 874 2008 929 Deum

431 977 584 1038 colit,
615 976 718 1030 sub
756 973 926 1045 gratia
963 973 1172 1034 vivens,
1217 978 1436 1024 curaret
1475 967 1786 1038 diligenter,
1811 980 2007 1034 nempe

432 1070 487 1123 in
525 1067 766 1122 medium
805 1062 1110 1134 producens
1139 1060 1309 1114 divini
1339 1066 1394 1113 et
1435 1057 1693 1113 salutaris
1746 1056 2004 1127 baptismi

431 1158 687 1227 insignia,
723 1164 774 1209 et
796 1153 1061 1224 symbolo.
1093 1152 1194 1205 hoc
1222 1157 1328 1217 est,
1366 1150 1562 1204 stolam
1586 1149 1856 1214 albam,et
1885 1163 2006 1218 quae

431 1257 626 1302 caetera
673 1252 919 1313 spectant
949 1242 1016 1296 ad
1043 1239 1176 1294 illud
1221 1239 1450 1304 donum,
1501 1252 1567 1292 ac
1613 1237 1869 1306 deinceps
1923 1237 2006 1291 bis

431 1335 698 1392 contactis
723 1334 940 1405 juberet
973 1349 1096 1387 eum
1128 1331 1222 1402 qui
1251 1330 1598 1401 proﬁteretur
1643 1343 1703 1384 se
1735 1329 2004 1383 facturum

431 1431 577 1501 quod
631 1428 970 1486 mandaverit
1018 1429 1300 1496 conceptis
1347 1425 1530 1480 verbis
1571 1424 1778 1494 jurare.
1833 1423 2004 1479 Habes

432 1521 530 1588 ita,
565 1521 782 1590 opinor,
819 1534 916 1590 per
963 1517 1248 1588 epistolam
1315 1516 1688 1586 praescriptam
1723 1530 1888 1585 quam
1921 1529 2008 1568 se-

2097 422 2263 492 γῆσαι
2303 422 2472 493 κόρην
2497 420 2575 493 τῷ
2602 421 2775 476 παιδί.
2805 422 3061 476 Τοιοῦτόν
3089 425 3145 477 τί
3183 442 3275 496 μοι
3301 425 3560 496 πράττειν
3587 428 3672 480 6ο-

2100 513 2233 578 κῶν,
2259 513 2442 567 ὁποῖόν
2492 532 2548 568 τι
2581 514 2692 568 τῶν
2719 516 2942 585 ὁμοίων,
2988 517 3218 588 εὐσεϐὴς
3250 518 3409 588 ἀνὴρ,
3447 520 3540 572 καὶ
3564 519 3674 572 τῶν

2101 605 2159 657 ὲν
2189 608 2256 676 τῇ
2289 605 2491 676 χάριτι,
2521 606 2924 678 διαπραχθῆναι
2953 608 3279 678 ποιούμενος
3326 609 3672 681 σπούδασμα,

2103 697 2244 750 αὑτά
2302 715 2404 750 που
2469 699 2802 770 προθέμενος
2847 701 2916 753 τὰ
2963 701 3058 754 τοῦ
3100 701 3244 754 θείου
3277 701 3372 754 καὶ
3407 705 3675 772 σωτηρίου

2106 790 2484 860 βαπτίσματος
2517 792 2787 862 σύμϐολα,
2817 795 2918 865 τήν
2949 811 3009 847 τε
3049 794 3250 866 λευκήν
3277 812 3418 866 φημι
3461 797 3674 866 στολὴν,

2105 878 2200 932 καὶ
2245 880 2314 933 τὰ
2359 881 2522 934 λοιπὰ
2565 882 2659 935 τοῦ
2715 883 2889 953 δώρου
2947 886 3274 955 παράσημα,
3305 883 3425 938 εἶτα
3471 885 3677 939 τούτων

2109 971 2436 1052 ἀπτόμενον,
2471 974 2551 1036 εἰς
2575 973 2715 1027 αὐτὰ
2735 974 2827 1028 τὸν
2855 977 3017 1046 ὅρκον
3040 977 3262 1047 ὑπέχειν
3283 978 3540 1048 ἀπαιτοίη
3588 979 3680 1030 τὸν

2105 1061 2483 1131 ὑπεσχημένον
2526 1062 2971 1135 ύπηρετήσασθαι
3013 1065 3092 1137 τῷ
3133 1067 3450 1139 βουλήματι.
3494 1069 3680 1139 Ἔχεις

2102 1153 2413 1224 τοιγαροῦν,
2439 1157 2558 1208 κατ’
2579 1156 2887 1226 ἐπιστολὴν,
2911 1159 2975 1212 ἐκ
3007 1158 3115 1212 τῶν
3134 1160 3459 1230 εἰρημένων,
3491 1154 3677 1230 οἶμαι,

2111 1245 2172 1297 τό
2216 1263 2274 1298 τε
2301 1245 2523 1311 εῦλογον
2569 1249 2666 1301 καὶ
2696 1248 2988 1302 ἀκόλουθον
3034 1252 3129 1304 καὶ
3184 1250 3429 1320 θεοφιλὲς
3449 1251 3548 1322 τῆς
3583 1250 3680 1304 τοῦ

2113 1339 2303 1391 πιστοῦ
2345 1340 2596 1411 Ἀϐραὰμ
2623 1341 2860 1404 διανοίας
2886 1346 2980 1398 κοιῖ⁵
3007 1345 3259 1417 πράξεως
3287 1362 3301 1376 ·
3331 1345 3399 1398 δι’
3425 1339 3500 1399 ὧν
3529 1345 3682 1412 λογι-

2114 1428 2250 1499 σμὸς
2278 1429 2423 1492 ἅπας
2449 1431 2666 1501 χυδαίος
2700 1435 2792 1487 καὶ
2819 1437 3204 1506 πεπατημένος
3242 1435 3336 1490 καὶ
3366 1436 3682 1505 ἀντικείμε-

2112 1531 2200 1578 νος
2226 1517 2607 1577 ἀπελαύνεται.

431 1618 671 1672 cundum
703 1627 908 1670 rectam
930 1617 1219 1679 rationem,
1290 1629 1453 1684 quam
1519 1612 1720 1683 justam
1791 1612 2236 1681 consequentiam
2287 1625 2337 1670 et
2379 1618 2633 1687 pietatem
2685 1618 2739 1672 in
2782 1617 2951 1674 Deum
3007 1619 3185 1675 ﬁdelis
3235 1618 3528 1686 Abraham,
3565 1617 3685 1674 haec

431 1711 721 1766 meditatus
786 1719 843 1764 et
907 1715 1165 1780 operatus
1209 1706 1442 1761 fuerat:
1497 1721 1628 1776 ergo
1690 1706 1954 1776 cogitatio
2009 1707 2189 1762 omnis
2241 1709 2396 1777 vilis,
2437 1709 2672 1781 projects
2704 1750 2722 1777 ,
2784 1719 2840 1767 et
2903 1710 3161 1781 adversa,
3197 1711 3411 1768 veritati
3495 1711 3684 1767 exclu-

429 1805 612 1858 datur.

503 1913 831 1984 QUESTIO
883 1913 1086 1971 CCVIII
1140 1913 1329 1987 [CoisL
1382 1913 1740 1983 CCXXXVII,
1770 1912 1937 1969 Taur.

1015 2004 1325 2061 ccxxvni
1354 2005 1397 2079 ].

2647 1913 2983 1970 ΕΡΩΤΗΣΙΣ
3025 1915 3150 1969 ΣΙΡ.

1003 2134 1146 2187 Edita
1164 2151 1191 2187 a
1217 2136 1516 2188 Montacutio
1540 2137 1644 2202 (ep.
1675 2138 1737 2188 75
1760 2139 1820 2189 ad
1842 2139 2015 2190 EIJSCIII

2132 2151 2183 2202 p.
2213 2138 2344 2202 ηι).
2364 2162 2427 2174 -
2450 2137 2507 2187 In
2533 2136 2680 2187 Marc.
2706 2151 2806 2199 vtu,
2828 2139 2906 2200 15,
2938 2139 3018 2195 17.
3043 2139 3120 2190 18.

507 2225 652 2296 Quid
681 2237 763 2283 est
791 2226 936 2298 quod
963 2234 1246 2297 tantopere
1269 2226 1489 2282 miraris
1516 2225 1922 2296 'discipulorum
1943 2227 2009 2281 de

2183 2225 2248 2279 Τί
2283 2223 2583 2294 θαυμάζεις
2607 2224 2730 2278 λίαν
2753 2226 2853 2294 τὴν
2883 2226 2975 2278 ἐπὶ
3014 2227 3128 2289 τοῖς
3157 2225 3344 2296 ἄρτοις
3365 2225 3473 2280 τῶν
3503 2227 3684 2300 μαθη-

437 2322 672 2392 panibus
693 2319 1130 2384 obdurationem,
1153 2328 1214 2374 ut
1231 2319 1402 2385 dicas,
1415 2319 1496 2373 An
1515 2333 1623 2374 non
1639 2319 1923 2375 viderant?
1940 2335 2010 2374 an

439 2429 548 2468 non
580 2413 817 2483 ipsorum
845 2411 987 2468 oculi
1013 2422 1064 2466 et
1089 2426 1286 2466 manus
1313 2411 1696 2466 ministrabant
1723 2411 2021 2466 miraculo?

441 2519 707 2574 quorsum
741 2504 848 2559 illis
877 2519 985 2559 non
1015 2501 1288 2558 credunt?
1309 2503 1583 2573 quomodo
1606 2519 1716 2558 non
1751 2502 2016 2574 intellige-

443 2595 608 2650 bant?
637 2595 910 2666 quomodo
956 2595 1106 2650 obliti
1131 2593 1479 2650 suntiCerte
1513 2603 1710 2664 potest,
1741 2594 1868 2648 licet
1901 2609 2012 2648 non

443 2700 745 2756 tantopere,
767 2686 1094 2748 addubitari.
1116 2685 1208 2741 sed
1233 2686 1413 2756 potius
1428 2687 1530 2740 rite
1549 2686 1674 2740 huic
1688 2684 2013 2741 dubitationi

443 2780 862 2835 occurrendum.
913 2777 1045 2845 Quae
1108 2778 1435 2849 gerebantur
1478 2778 1733 2833 videbant
1782 2779 2015 2849 propriis

440 2873 616 2928 Oculis
638 2880 692 2926 et
713 2870 965 2925 manibus
982 2870 1409 2936 contrectabant,
1431 2885 1531 2925 nec
1553 2869 1881 2938 difﬁdebant,
1914 2885 2017 2926 nec

441 2973 633 3020 contra
648 2963 990 3033 pugnabant;
1014 2977 1127 3016 rem
1149 2971 1352 3032 gestam
1377 2963 1744 3026 intuebantur,
1763 2971 1817 3016 et
1842 2962 2012 3016 visam

443 3055 842 3124 obstupebant,
877 3069 1004 3108 nam
1037 3068 1145 3108 non
1195 3052 1469 3122 quomodo
1492 3054 1831 3123 insipientes,
1859 3054 2014 3109 oblu-

445 3156 682 3209 ctantes,
724 3145 1066 3215 impudentes
1113 3146 1166 3199 in
1191 3144 1445 3200 omnibus
1469 3143 1641 3199 Judaei
1667 3154 1723 3201 et
1752 3146 1854 3214 ipsi
1893 3144 2017 3198 ani-

444 3238 775 3305 matierant,
818 3253 1007 3292 verum
1033 3252 1140 3292 non
1170 3237 1237 3291 ad
1285 3236 1635 3306 perfectionis
1686 3239 1912 3308 gradum
1957 3252 2019 3291 a-

446 3332 793 3394 scenderant,
825 3331 920 3385 sed
948 3330 1102 3385 illum
1138 3330 1414 3399 quomodo
1440 3344 1472 3384 e
1501 3330 1705 3384 sanctis
1734 3331 1864 3384 olim
1893 3345 2018 3399 pro-

447 3425 628 3494 pbetis
670 3423 892 3492 quidam
930 3422 1025 3476 ubi
1051 3431 1105 3476 et
1140 3422 1361 3490 quando
1392 3420 1573 3475 divina
1597 3422 1770 3491 gratia
1799 3421 2017 3477 amave-

2111 2318 2220 2372 τῶν
2249 2317 2526 2386 πώρωσιν,
2548 2317 2643 2370 καὶ
2673 2315 2871 2385 λέγεις,
2904 2313 3052 2388 *Αρα
3074 2317 3180 2390 γὰρ
3201 2319 3298 2388 οὺχ
3329 2319 3549 2392 ἐώρων;
3575 2319 3688 2393 ἆρα

2112 2411 2220 2480 γὰρ
2241 2412 2355 2469 τοῖς
2399 2409 2622 2472 οἰκείοις
2645 2409 2944 2478 ὀφθαλμοῖς
2970 2410 3065 2463 καὶ
3096 2411 3215 2474 ταῖς
3259 2413 3446 2482 χερσὶν
3477 2415 3688 2484 ὑπηρε-

2111 2504 2400 2574 τουμέναις
2433 2501 2695 2572 ἠπίστουν
2727 2502 2806 2572 τῷ
2831 2503 3104 2573 Θαύματι;
3140 2503 3258 2567 πῶς
3280 2505 3341 2558 ού
3376 2505 3640 2577 συνῄεσαν
3669 2524 3686 2572 ;

2114 2593 2233 2656 πῶς
2267 2590 2589 2646 ἐπελάθοντο
2611 2608 2626 2658 ;
2673 2590 2828 2644 Ἐστι
2854 2591 2952 2660 μὲν
2979 2591 3111 2662 γὰρ,
3140 2595 3187 2645 εἰ
3211 2593 3306 2646 καὶ
3331 2594 3404 2664 μὴ
3437 2596 3528 2647 ἐπὶ
3555 2611 3686 2646 τοσο

2115 2683 2291 2742 οὖτον.
2325 2682 2549 2752 ἀπορεῖν
2579 2699 2594 2712 ·
2650 2681 2764 2735 ἀλλ’
2788 2683 2904 2734 ἐστι
2936 2681 3096 2734 πλέον
3116 2683 3292 2753 ὀρθῶς
3313 2685 3406 2738 καὶ
3435 2685 3689 2753 ἐννοῆσαι

2117 2775 2214 2828 καὶ
2257 2773 2634 2836 ἐπιλύσασθαι,
2677 2775 2760 2828 ὅτι
2789 2776 2884 2828 καὶ
2924 2774 2994 2828 τὰ
3041 2777 3391 2847 πραττόμενα
3432 2776 3686 2841 ἔϐλεπον,

2118 2866 2212 2920 καὶ
2241 2865 2365 2918 οὔτε
2388 2867 2498 2928 τοῖς
2525 2865 2788 2936 ὄμμασιν,
2808 2864 2930 2918 οὔτε
2950 2869 3072 2927 ταῖς
3101 2865 3330 2928 οἰκείαις
3351 2867 3507 2937 χερσὶ
3526 2867 3694 2937 διημι-

2118 2957 2414 3028 φισσήτουν
2464 2955 2557 3009 καὶ
2600 2957 2948 3026 ἀπεμάχοντο
2974 2971 2988 2986 ⁸
3039 2955 3175 3009 ἀλλά
3239 2954 3415 3010 ταῦτα
3459 2955 3560 3027 μὲν
3594 2956 3694 3008 καὶ

2119 3046 2328 3117 ἐώρων,
2349 3045 2444 3098 καὶ
2469 3044 2707 3116 ᾔδεισαν,
2733 3044 2828 3097 καὶ
2852 3041 3182 3112 ἐθαύμαζον.
3224 3041 3361 3096 Οὔτε
3390 3043 3497 3113 γὰρ
3521 3042 3692 3115 ἀνοή-

2115 3155 2251 3202 τοις,
2277 3134 2402 3190 οὔτε
2431 3136 2668 3204 τυφλοῖς,
2697 3133 2820 3188 οὔτε
2834 3137 2946 3198 τοῖς
2963 3135 3098 3206 πρὸς
3119 3135 3334 3189 ἅπαντα
3359 3136 3694 3206 μαχομένοις

2119 3229 2216 3285 καὶ
2240 3228 2686 3298 ἀναισχυντοῦσιν
2701 3227 2972 3290 Ἰουδαίοις
2995 3227 3387 3297 παραπλησίως
3403 3227 3686 3282 διέκειντο.

2131 3320 2271 3374 Ἀλλ’
2300 3318 2452 3372 οὔπω
2479 3320 2614 3388 πρὸς
2640 3317 2702 3370 τὸ
2731 3318 2936 3370 τέλειον
2969 3317 3367 3388 ἀναῦεὗηκότες
3384 3357 3402 3381 ,
3440 3318 3560 3370 καθ’
3591 3317 3695 3370 ἕνα

2119 3411 2242 3464 τινὰ
2262 3410 2371 3463 τῶν
2399 3409 2569 3463 πάλαι
2592 3408 2759 3477 ἁγίων
2787 3409 2881 3462 καὶ
2911 3409 3228 3478 προφητῶν,
3261 3409 3352 3462 καὶ
3381 3409 3530 3462 ὁπότ’
3558 3409 3628 3462 ἂν
3656 3411 3692 3476 ἡ

451 3517 544 3579 rit,
579 3528 688 3569 non
728 3522 987 3582 tanquam
1038 3511 1208 3566 Deum
1262 3512 1669 3566 arbitrabantur
1701 3515 2015 3584 magistrum

2119 3502 2324 3557 ἄνωθεν
2357 3501 2519 3572 χάρις
2541 3499 2822 3573 ἐπινεύσῃ,
2856 3499 2973 3553 ἀλλ’
3003 3501 3101 3569 οὐχ
3125 3500 3200 3562 ὡς
3227 3499 3382 3564 Θεὸν,
3422 3500 3517 3552 καὶ
3548 3501 3697 3553 κατὰ

449 3618 607 3659 suum
639 3617 763 3656 cum
791 3601 941 3655 omni
981 3611 1250 3671 potestate
1275 3611 1329 3655 et
1353 3602 1598 3656 dominio
1624 3602 1807 3656 divina
1863 3603 2018 3674 signa

450 3693 1034 3762 patrare:quocirca,
1097 3706 1221 3746 cum
1280 3693 1502 3747 unicum
1563 3703 1772 3748 tantum
1833 3709 2018 3749 secum

449 3798 646 3855 panem
696 3784 1014 3847 attulerant,
1079 3783 1171 3836 ubi
1218 3797 1342 3836 eum
1383 3783 1664 3837 audissent
1703 3784 2016 3840 dicentem:

454 3891 476 3925 ι
505 3873 774 3927 Caverent
800 3887 830 3925 a
854 3869 1123 3926 fermento
1154 3872 1577 3938 Pharisaeorum,
1618 3891 1638 3925 ι
1666 3888 1790 3928 cum
1827 3873 2020 3942 nequi-

452 3975 592 4029 rent,
633 3965 775 4034 quod
797 3963 1060 4026 diximus,
1089 3977 1306 4033 capere,
1343 3964 1487 4032 quod
1516 3979 1581 4018 ex
1603 3963 1783 4033 seipso
1807 3979 2021 4032 semper

447 4072 548 4126 pro
596 4070 810 4111 summa
865 4063 1134 4124 potestate
1190 4065 1398 4124 poterat
1441 4056 1626 4110 omnia
1683 4070 1805 4124 quae
1849 4055 2021 4109 voluit

451 4149 650 4212 facere,
685 4147 736 4200 in
771 4145 1212 4216 disquisitionem
1241 4147 1387 4199 illam
1413 4146 1682 4200 devenere
1709 4147 1852 4201 unde
1901 4147 2017 4200 ale-

451 4245 655 4290 rentur.
685 4233 799 4290 Hoc
829 4234 1081 4290 incusato
1107 4235 1371 4290 Dominus
1402 4251 1510 4289 non
1538 4236 1738 4304 injuria
1763 4237 2017 4291 duritiem

451 4327 558 4381 illis
611 4326 864 4396 imputat,
908 4327 1052 4396 quod
1100 4327 1342 4380 nondum
1391 4326 1586 4380 divina:
1624 4336 1833 4382 natura:
1887 4343 2021 4383 con-

449 4433 642 4494 gruam
703 4427 758 4471 et
806 4417 1107 4471 humanum
1165 4417 1447 4473 modulum
1497 4429 1894 4490 transgressam
1951 4422 2020 4478 de

451 4514 569 4580 ipso
593 4509 903 4578 Opinionem
939 4517 1245 4564 tuerentur.

520 4601 848 4669 QUESTIO
885 4600 1044 4657 CCIX
1074 4600 1733 4745 (Eccgﬁk'lCCXXXVIII,
1781 4604 1946 4663 Taur.

549 4765 738 4821 Eidem
773 4764 1068 4831 dubitanti,
1110 4769 1207 4820 «At
1242 4766 1342 4833 ipsi
1368 4783 1472 4820 non
1501 4767 1890 4824 intellexerunt.
1925 4789 1942 4821 ι

2120 3596 2301 3648 πᾶσαν
2316 3593 2565 3660 ἐξουσίαν
2593 3591 2690 3645 καὶ
2705 3591 3022 3662 κυριότητα,
3047 3593 3140 3644 τὸν
3167 3590 3481 3645 διδάσκαλον
3509 3592 3695 3644 αὐτῶν

2119 3684 2387 3738 ἐπιτελεῖν
2413 3683 2511 3747 τὰς
2541 3683 2885 3753 θεοσημείας,
2926 3681 3176 3752 ἐνόμιζον
3208 3698 3221 3712 ’
3268 3682 3334 3736 δι’
3358 3681 3388 3734 ὀ
3427 3683 3522 3735 καὶ
3550 3682 3698 3753 πλὴν

2119 3779 2237 3841 ἐνὸς
2292 3777 2368 3848 μὴ
2423 3777 2873 3846 συνεπιφέροντες
2928 3777 3144 3839 ἑαυτοῖς
3195 3774 3413 3846 ἄρτους,
3458 3777 3701 3846 ἐπείπερ

2119 3871 2356 3940 ἥκουσαν
2399 3869 2530 3940 παρ’
2563 3867 2748 3932 αὑτοῦ,
2781 3868 3068 3938 προσέχειν
3088 3867 3195 3922 ἀπὸ
3219 3867 3318 3937 τῆς
3359 3867 3538 3937 ζύμης
3581 3868 3702 3920 τῶν

2117 3959 2447 4029 Φαρισαίων,
2497 3959 2598 4012 οὐκ
2643 3959 2879 4030 ἔχοντες,
2910 3959 3048 4029 ὅπερ
3099 3958 3343 4029 ἔφημεν,
3377 3959 3451 4021 ὼς
3502 3957 3562 4022 ἐξ
3594 3961 3705 4010 αὑ-

2120 4051 2238 4113 τοῦ,
2269 4051 2366 4105 καὶ
2387 4052 2494 4115 ἀεὶ,
2545 4052 2642 4104 καὶ
2673 4051 2960 4111 αύθεντίας
3003 4051 3195 4122 κράτει
3229 4051 3454 4114 δυνατός
3477 4053 3631 4104 ἐστιν
3665 4053 3706 4106 ἃ

2122 4142 2368 4214 βούλεται
2401 4143 2681 4213 πράττειν,
2710 4144 2790 4206 εἰς
2811 4143 3195 4212 διαλογισμοὺς
3234 4143 3329 4196 τοῦ
3353 4142 3469 4205 πῶς
3494 4143 3560 4195 ἂν
3582 4143 3701 4196 δια-

2120 4237 2378 4307 τραφεῖεν
2418 4235 2802 4306 ἀπηνέχθησαν
2835 4252 2850 4266 ο
2907 4237 3002 4288 καὶ
3043 4235 3206 4289 τοῦτο
3247 4236 3641 4305 αἰτιασάμενος
3677 4242 3709 4290 ὀ

2120 4326 2418 4396 Δεσπότης,
2448 4325 2530 4378 ὅτι
2560 4329 2634 4396 μή
2667 4343 2752 4379 πω
2775 4325 3052 4399 θεοπρεπῆ
3089 4330 3185 4380 κα)⁵
3209 4329 3315 4380 τῶν
3335 4327 3710 4398 ἀνθρωπίνων

2120 4418 2558 4488 ύπερανέχουσαν
2582 4418 2816 4489 μέτρων,
2859 4421 2958 4491 τὴν
2990 4423 3120 4492 περὶ
3149 4419 3313 4475 αὐτοῦ
3340 4419 3498 4486 δόξαν
3527 4423 3708 4490 ἐκτή-

2121 4523 2304 4575 σαντο,
2350 4507 2574 4570 εἰκότως
2612 4507 2797 4570 αὐτοῖς
2864 4509 2962 4579 τὴν
3005 4509 3264 4580 πώρωσιν
3332 4509 3707 4565 ἐπεκάλεσεν.

2673 4599 3006 4654 ΕΡΩῚῚΙΣΙΣ
3032 4602 3150 4656 ΣΘθ.

2127 4774 2211 4840 Τῷ
2247 4776 2408 4842 αὐτῷ
2427 4776 2752 4845 ἀποροῦντι
2777 4795 2789 4807 ·
2827 4797 2845 4828 ι
2883 4778 2989 4832 Καὶ
3010 4780 3179 4833 αὐτοὶ
3207 4781 3280 4834 σὺ
3309 4782 3638 4837 συνίεσιη·.
3683 4800 3706 4833 ι

1122 4879 1265 4929 Edita
1287 4893 1312 4928 a
1337 4878 1634 4931 Montacutio
1657 4882 1760 4944 (ep.
1787 4881 1846 4933 76
1867 4883 1924 4931 ad
1949 4881 2208 4936 Eusehem.
2234 4901 2285 4950 p.
2310 4889 2440 4950 125).
2462 4915 2522 4925 —
2541 4889 2597 4939 In
2627 4888 2745 4940 Luc.
2769 4903 2901 4951 xvni,
2938 4891 3016 4940 δι.

520 4986 718 5043 Iterum
751 4988 992 5052 dubitas.
1021 5003 1076 5044 et
1102 4990 1428 5060 interrogas,
1464 4990 1616 5046 Unde
1653 4992 1835 5058 (iebat,
1871 4996 2014 5063 quod
2042 5005 2096 5064 1)

445 5095 569 5134 cum
606 5077 871 5135 Dominus
921 5080 1082 5150 plane
1120 5089 1174 5136 et
1219 5083 1499 5152 perspicue
1535 5084 1820 5153 discipulis
1858 5100 2019 5139 enar-

449 5178 530 5223 ret
555 5172 914 5226 contumelias
962 5187 1099 5241 quas
1137 5173 1206 5226 ab
1237 5173 1547 5229 hominibus
1588 5190 1849 5244 passurus
1881 5187 2017 5242 erat,

447 5260 655 5331 plagas,
679 5276 918 5327 crucem,
954 5273 1205 5328 mortem,
1246 5266 1348 5335 ipsi
1383 5276 1562 5323 tamen
1603 5285 1710 5323 non
1743 5271 2022 5328 iutellexe-

447 5351 610 5405 runt?
649 5351 724 5407 Ita
754 5354 897 5407 enim
931 5354 1140 5424 inquit:
1183 5374 1201 5407 ι
1229 5356 1297 5411 At
1339 5359 1438 5428 ipsi
1481 5377 1588 5414 nou
1630 5361 2018 5434 intelligebant,

445 5452 501 5498 et
549 5455 668 5499 erat
721 5446 824 5501 boc
855 5448 1080 5502 verbum
1113 5449 1182 5504 ab
1217 5451 1348 5520 ipsis
1380 5453 1732 5520 occultatum,
1768 5471 1867 5510 nec
1897 5473 2018 5526 quae

447 5537 768 5592 dicebantur
800 5541 1194 5612 percipiebant.
1227 5561 1245 5594 ι
1285 5541 1364 5597 Tu
1386 5555 1566 5600 autem
1602 5547 1731 5601 illud
1764 5547 1899 5601 milii
1923 5564 2017 5604 co-

445 5626 636 5696 gilato,
675 5627 818 5697 quod
847 5627 1104 5685 Servator
1134 5642 1190 5686 ut
1231 5632 1474 5688 redderet
1529 5637 1800 5690 acutiores
1849 5636 2017 5691 disci-

2204 4997 2455 5069 Ἀπορείς
2492 4997 2654 5052 πάλιν
2690 5001 2783 5052 καὶ
2822 4999 3103 5070 διερωτᾷς,
3137 4999 3258 5064 πῶς
3291 4999 3387 5054 τοῦ
3419 5003 3720 5057 Δεσπότου

2114 5088 2323 5159 τρανῶς
2381 5091 2476 5143 καὶ
2506 5092 2691 5158 σαφῶς
2734 5094 2845 5154 τοῖς
2875 5092 3143 5162 μαθηταῖς
3205 5094 3716 5162 προαγγέλλοντος,

2116 5183 2212 5242 τὰς
2247 5179 2305 5244 ἐξ
2326 5180 2628 5252 ἀνθρώπων
2673 5179 2880 5252 ὕϐρεις,
2912 5182 3008 5235 καὶ
3051 5182 3150 5246 τὰς
3189 5184 3432 5254 πληγὰς,
3473 5185 3569 5237 καί
3608 5188 3720 5239 τὸν

2120 5273 2374 5343 σταυρὸν,
2406 5274 2502 5326 καὶ
2530 5273 2623 5327 τὸν
2658 5272 2909 5340 θάνατον,
2949 5274 3104 5328 αὐτοὶ
3150 5275 3211 5327 ού
3244 5275 3512 5347 συνῄεσαν
3544 5292 3559 5306 ο
3606 5278 3723 5331 καὶ

2118 5367 2224 5439 γάρ
2280 5382 2436 5438 φησι,
2484 5386 2503 5418 ι
2563 5368 2674 5420 Καὶ
2731 5368 2884 5420 αὐτοὶ
2931 5368 2992 5421 ού
3055 5368 3295 5438 συνῆκαν
3324 5385 3340 5401 ο
3384 5369 3481 5423 καὶ
3518 5364 3590 5440 ἦν
3650 5372 3724 5423 τὸ

2128 5459 2278 5528 ῥῆμα
2306 5459 2466 5511 τοῦτο
2520 5459 2899 5528 κεκρυμμένον
2932 5458 3027 5512 ἀπ’
3054 5459 3253 5526 αὐτῶν,
3311 5460 3406 5513 καὶ
3447 5460 3547 5513 οὐκ
3585 5461 3722 5528 ἐγί-

2125 5566 2332 5602 νωσκον
2358 5549 2427 5602 τὰ
2459 5549 2744 5619 λεγόμενα.
2795 5567 2812 5600 ι
2866 5549 3007 5602 Ἀλλ’
3039 5551 3214 5604 ἐκεῖνό
3247 5568 3337 5622 μοι
3383 5553 3577 5616 ἐννόει,
3625 5555 3721 5607 ὅτι

2125 5643 2218 5695 καὶ
2252 5643 2378 5705 τοὺς
2413 5640 2660 5710 μαθητὰς
2697 5643 2726 5693 ὁ
2756 5642 2947 5713 Σωτὴρ
2971 5640 3256 5715 ὀξυτέρους
3287 5643 3476 5712 ποιῶν,
3505 5645 3709 5699 πολὶάο
