3876 6216
166 212 270 275 957

998 213 1097 273 AD
1142 212 1735 274 AMPHILOCHIUM
1774 214 2122 285 QUASSTIO
2154 214 2574 279 CCVIII-CCX.

3319 225 3425 291 958

163 341 256 386 κις
314 320 500 386 αὐτοῖς
542 320 601 374 ἐν
641 317 980 391 ⁴παραϐολαῖς
1036 319 1235 373 ἐλάλει.
1292 320 1402 374 Καὶ
1446 320 1528 372 ὅτι
1566 323 1658 374 καὶ
1689 320 1750 373 τὺ

1856 321 2034 391 pulos,
2070 320 2413 391 frequentius
2448 324 2597 392 ipsos
2634 323 2690 379 in
2722 325 2997 396 parabolis
3025 328 3424 401 alloquebatur,

164 415 402 486 πρᾶγμα
439 408 510 483 ἦν
550 409 726 474 ἄλλως
765 410 1088 481 παράδοξον,
1113 411 1341 482 νεκροὺς
1363 412 1618 480 ἐγείρειν,
1651 411 1749 463 καὶ

164 504 449 575 βασιλείαν
504 502 678 555 ἀΐδιον
740 501 1099 568 ἐπαγγέλλειν
1118 540 1133 565 ,
1184 501 1279 552 καὶ
1339 501 1566 555 θάνατον
1621 500 1750 555 ἴδιον

164 593 585 665 προαγγέλλειν.
644 592 721 645 Οὐ
751 594 912 662 μόνον
939 591 1019 658 δὲ,
1046 591 1162 644 ἀλλ’
1194 593 1275 645 ὅτι
1303 593 1398 646 καὶ
1418 593 1478 645 τὸ
1501 594 1636 664 πρὸς
1657 593 1751 648 τὸν

162 683 486 739 διδάσκαλον
537 684 652 745 τοῖς
693 682 963 753 μαθηταῖς
1019 682 1261 753 φίλτρον,
1292 682 1371 754 τῷ
1415 683 1593 753 χρόνῳ
1645 684 1749 754 ἤδη

164 775 479 849 ἐρρώννυτο
500 774 596 829 καὶ
617 773 894 845 ἐνήκμαζε
920 775 1014 827 καὶ
1047 774 1220 827 δεινὸν
1249 776 1440 828 παθεῖν
1469 775 1620 828 οὐδὲν
1648 774 1750 828 αύ-

161 872 258 923 τὸν
285 869 497 940 ἤθελον.
557 869 623 921 '0
646 867 704 921 δέ
731 884 814 930 τις
841 868 902 920 οὐ
934 867 1206 938 βούλεται,
1242 868 1397 938 μόλις
1446 867 1537 921 καὶ
1575 868 1750 938 παρὸν

163 958 531 1028 ἐφεστηκέναι
557 957 888 1012 συντίθεται.
948 959 1049 1012 Διὰ
1080 958 1252 1012 ταῦτα
1276 958 1476 1023 πάντα,
1503 960 1748 1027 παραϐο-

165 1054 269 1123 λήν
294 1066 441 1116 τινα,
482 1050 576 1103 καὶ
599 1049 658 1103 ού
684 1049 795 1103 τῶν
824 1050 1103 1121 δυσχερῶν
1147 1051 1374 1105 ἐκείνων
1407 1051 1751 1123 προαγόρευ-

166 1160 277 1206 σιν,
299 1142 372 1195 τὰ
391 1142 523 1212 περὶ
545 1141 640 1195 τοῦ
666 1141 873 1206 πάθους
902 1141 1155 1213 ἐνόμιζον
1188 1145 1240 1195 οἱ
1294 1142 1620 1208 ἀπόστολοι,
1653 1145 1750 1197 καὶ

162 1233 255 1286 διὰ
283 1232 447 1286 τοῦτο
486 1230 745 1295 συνιέναι,
769 1232 874 1286 κᾶν
911 1233 1085 1297 ἄλλως
1115 1234 1264 1302 σαφῆ
1294 1234 1390 1288 κιι)⁵
1421 1236 1630 1306 φανερὰ
1655 1229 1745 1306 ἦν,

162 1325 270 1379 οὐκ
293 1324 578 1395 ἠδύναντο,
604 1324 804 1394 μᾶλλον
828 1325 883 1379 δὲ
908 1327 1009 1379 οὐκ
1038 1325 1340 1390 ἐϐούλοντο,
1365 1328 1433 1381 τὰ
1458 1326 1746 1397 λεγόμενα.

166 1420 235 1473 El
255 1418 312 1472 δὲ
336 1418 434 1472 καὶ
454 1417 518 1471 τὸ
552 1418 651 1488 τῆς
679 1418 950 1487 ἐγέρσεως
978 1418 1163 1481 αὐτοῖς
1192 1421 1573 1487 προσεπινοείν
1631 1419 1749 1472 ἐθε-

165 1511 380 1582 λήσεις,
404 1510 641 1582 πρᾶγμα
673 1509 859 1580 μεῖζον
880 1509 980 1581 μὲν
1016 1509 1271 1578 πίστεως,
1294 1511 1390 1564 καὶ⁵
1430 1510 1552 1564 καθ’
1587 1511 1750 1564 ἑαυτὸ

165 1602 659 1672 διασκοπούμενον,
685 1600 902 1673 ἔγερσις
928 1602 1373 1673 αύτουργουμένη
1404 1602 1483 1671 τῷ
1496 1602 1748 1673 τελευτή-

1851 420 1966 466 tum
1998 413 2143 481 quod
2180 415 2513 481 paradoxum
2545 424 2683 483 erat,
2719 427 2965 474 mortuos
2991 423 3338 490 resuscitare,
3370 437 3427 480 et

1849 519 2076 574 regnum
2110 505 2373 560 etelorum
2402 506 2672 576 polliceri,
2702 518 2756 563 et
2776 512 3050 580 propriam
3075 513 3247 584 ipsius
3276 531 3426 570 mor—

1850 601 1961 650 tem
1996 597 2317 666 praedicare.
2350 597 2459 653 Nec
2503 598 2606 654 ista
2640 609 2848 655 tantum
2876 640 2890 665 ,
2930 605 3023 658 sed
3076 621 3200 660 eum
3256 608 3424 663 etiam

1850 688 1994 757 apud
2024 687 2323 758 discipulos
2350 702 2507 743 amor
2548 704 2676 761 erga
2718 691 3037 761 magistrum
3085 710 3243 751 suum
3293 713 3426 768 pro-

1850 795 2041 851 gressu
2075 782 2334 851 temporis
2364 782 2754 849 roboraretur,
2805 794 2859 839 et
2908 785 3147 854 ﬂoreret,
3185 799 3243 845 ut
3288 791 3426 846 nihil

1851 869 2003 924 illum
2034 885 2199 941 grave
2246 872 2455 940 perpeti
2491 873 2712 929 vellent.
2745 872 2903 939 Quod
2933 891 3063 930 vero
3096 878 3221 946 quis
3266 882 3423 945 nolit,

1850 959 1941 1015 vix
1973 961 2138 1015 etiam
2176 977 2302 1017 cum
2336 962 2604 1017 incumbit
2644 963 2915 1020 instanter
2965 966 3278 1021 adfuturum
3328 985 3426 1037 ap-

1848 1053 2188 1123 prehendere
2220 1061 2422 1123 potest.
2460 1054 2585 1109 Ideo
2631 1055 2946 1124 parabolam
2995 1058 3313 1126 quamdam,
3377 1070 3431 1112 et

1848 1156 1959 1200 non
1998 1145 2583 1214 praedenuntiationem
2614 1147 2884 1201 malorum
2930 1151 3295 1214 quorumdam
3348 1152 3434 1204 iu-

1850 1238 2285 1299 tolerandorum,
2346 1255 2467 1310 quae
2523 1240 2836 1309 passionem
2888 1240 3061 1305 ipsius
3116 1244 3428 1313 tangebam,

1850 1329 2110 1386 rebantur
2147 1332 2405 1400 apostoli.
2433 1331 2701 1397 Quocirca
2734 1333 2823 1385 illa
2856 1332 3155 1403 intelligere
3184 1350 3291 1391 non
3334 1352 3432 1403 po-

1851 1429 2051 1487 terant,
2084 1422 2209 1476 licet
2238 1423 2362 1477 aliis
2390 1431 2574 1490 aperta
2610 1432 2798 1478 essent
2843 1432 2895 1479 et
2946 1426 3235 1495 perspicua
3259 1466 3276 1491 ,
3334 1437 3432 1481 aut

1850 1511 2033 1582 potius
2063 1510 2153 1565 illa
2184 1511 2484 1581 intelligere
2514 1512 2793 1568 nolebant.
2825 1512 2982 1578 Quod
3016 1517 3060 1569 si
3121 1516 3206 1571 his
3235 1519 3432 1587 adjun-

1852 1616 1978 1670 gere
2013 1602 2253 1657 volueris
2296 1603 2736 1658 resuscitationis
2781 1605 3057 1673 negotium
3084 1647 3100 1673 ,
3162 1622 3278 1661 rem
3326 1609 3431 1663 ﬁde

165 1712 330 1749 σαντι
353 1710 369 1725 ’
398 1693 713 1764 μάλισταᾶ
752 1693 894 1763 μετὰ
927 1693 1037 1747 τῶν
1071 1694 1246 1748 ἄλλων
1280 1692 1623 1764 σκυθρωπῶν
1658 1694 1753 1748 καὶ

1856 1692 2143 1761 majorem,
2182 1708 2277 1762 per
2322 1693 2560 1762 seipsam
2601 1693 3030 1761 consideratam,
3071 1698 3430 1752 resurrectio-

175 1787 248 1839 ἐκ
319 1785 615 1856 διαμέτρου
675 1784 1003 1857 μαχομένων
1072 1784 1613 1856 συμπαρατιθέμενον
1661 1785 1758 1839 καὶ

161 1873 705 1946 προαγγελλόμενον,
729 1873 916 1928 οὐκέτι
970 1872 1105 1928 διότι
1155 1874 1232 1944 μὴ
1278 1871 1575 1945 συνῄεσαν,
1618 1874 1756 1938 ὅλως

162 1966 501 2039 ἀπορήσεις.

737 2165 1073 2221 ΕΡΩΤΗΣῙΣ
1092 2164 1191 2219 ΣΡ.

1856 1794 1987 1836 netu
2009 1782 2079 1837 ab
2116 1782 2349 1852 ipsumet
2389 1782 2647 1838 defuncto
2689 1794 3072 1853 procuratam,
3126 1801 3430 1857 agnosces;

1853 1873 2031 1943 magis
2056 1884 2237 1928 autem
2270 1875 2314 1927 si
2363 1881 2736 1943 comparatum
2786 1890 2911 1929 eum
2954 1875 3077 1929 aliis
3105 1877 3433 1945 quibusdam

1854 1964 2132 2026 tristibus,
2172 1972 2227 2018 et
2258 1978 2289 2017 e
2320 1964 2590 2018 diametro
2622 1966 2993 2035 pugnantibus
3028 1969 3434 2035 praeannuntie-

1850 2065 1962 2119 tur,
1997 2071 2343 2127 nequaquam
2375 2056 2689 2111 diﬂiteberis
2718 2071 2813 2112 eos
2848 2058 3148 2127 ignorasse.

1854 2168 2181 2237 QUIESTIO
2205 2169 2338 2226 CCX
2369 2169 2559 2242 [60581.
2581 2170 2912 2237 CCXXXIX,
2956 2171 3103 2226 Taur
3144 2171 3431 2246 CCXXX].

466 2307 608 2359 Edita
640 2321 666 2358 a
690 2308 986 2358 Montaeutio
1007 2310 1108 2371 (ep.
1137 2306 1218 2369 77,
1248 2305 1309 2357 ad
1334 2307 1591 2371 lgnatium,
1614 2308 1795 2371 p.125,
1820 2307 1953 2372 126).
1976 2334 2040 2347 -
2060 2310 2113 2360 1n
2133 2308 2282 2360 verba
2301 2309 2471 2358 Matth.
2495 2322 2576 2368 nr,
2607 2306 2665 2369 9;
2698 2306 2817 2357 Lue.
2842 2321 2916 2368 ιιι,
2938 2307 2969 2356 8
2996 2306 3138 2371 (82°).

241 2414 341 2481 Τὸ,
401 2435 422 2469 ι
455 2415 695 2471 Δύναται
741 2419 770 2470 ὁ
794 2417 927 2482 Θεὸς
960 2419 1055 2472 καὶ
1094 2420 1160 2473 ἐκ
1190 2417 1302 2473 τῶν
1352 2417 1519 2471 λίθων
1544 2416 1753 2470 τούτων

1925 2418 2062 2474 lllud
2082 2457 2099 2483 ,
2137 2436 2157 2470 ι
2188 2417 2377 2473 Potest
2407 2419 2556 2473 Deus
2584 2415 2678 2471 vel
2704 2431 2736 2471 e
2768 2412 3041 2487 lapidibus
3080 2414 3200 2471 istis
3232 2413 3436 2468 liberos

162 2506 386 2578 ἐγεῖραι
422 2507 587 2561 τέκνα
604 2507 685 2580 τῷ
722 2507 1002 2580 Ἀϐραὰμ,
1039 2529 1058 2561 ι
1097 2512 1148 2563 οἱ
1176 2511 1273 2581 μὲν
1301 2510 1411 2581 πρὸ
1438 2510 1594 2580 ἡμῶν
1625 2508 1754 2573 τοὺς

1856 2510 2169 2567 Abrahamo
2203 2510 2472 2567 suscitare
2496 2547 2516 2575 ,
2547 2527 2568 2561 ι
2603 2517 2736 2564 sunt
2762 2524 2828 2563 ex
2857 2507 3099 2576 antiquis
3139 2505 3305 2575 aliqui
3341 2505 3435 2574 qui

162 2598 233 2663 ἐξ
255 2598 427 2652 ἐθνῶν
463 2601 895 2665 πεπιστευκότας
923 2599 1295 2673 ἐξειλήφασιν,
1336 2601 1387 2655 οἳ
1440 2603 1537 2654 καὶ⁸
1563 2641 1578 2665 ,
1611 2601 1755 2653 κατὰ

1857 2602 2165 2657 retulerunt
2195 2602 2263 2656 ad
2287 2602 2574 2656 credentes
2605 2615 2637 2655 e
2662 2601 2940 2671 gentibus,
2974 2598 3068 2668 qui
3100 2613 3359 2653 saxorum
3381 2606 3439 2652 et

164 2690 359 2754 λίθους
400 2694 501 2746 καὶ
541 2696 771 2763 πέτρας.
832 2696 1249 2764 πεπωρωμένην
1290 2695 1384 2748 καὶ
1428 2692 1756 2762 ἀναίσθητον

1856 2699 2135 2761 petrarum
2192 2704 2345 2745 more
2393 2690 2559 2745 corda
2618 2690 2892 2743 habebant
2943 2690 3230 2744 obdurata.
3294 2687 3434 2754 Quid

165 2786 276 2856 τὴν
312 2786 541 2854 καρδίαν
582 2785 801 2856 ἔχοντες
835 2786 909 2857 (τί
941 2787 1048 2856 γὰρ
1084 2786 1201 2852 τοῦ,
1232 2786 1399 2849 λίθοις
1433 2788 1526 2839 καὶ
1569 2785 1746 2850 ξύλοις

1856 2783 2002 2838 enim
2029 2782 2205 2853 magis
2237 2782 2559 2847 absurdum,
2588 2797 2752 2851 quam
2784 2782 3067 2835 obﬁrmate
3098 2790 3151 2835 et
3189 2781 3306 2835 sine
3338 2796 3439 2850 pu-

164 2881 527 2948 προσκυνιίν,
555 2880 635 2941 εἰς
670 2877 929 2949 πώρωσιν
956 2879 1051 2932 καὶ
1078 2879 1438 2947 ἀναισθησίαν
1474 2878 1757 2932 ἀτοπώτε-

1857 2874 2014 2936 dore,
2052 2872 2261 2944 lapides
2310 2884 2364 2927 et
2403 2873 2549 2943 ligna
2609 2872 2874 2927 adorare?
2903 2870 2969 2925 Et
2999 2880 3176 2925 tamen
3228 2872 3296 2927 ab
3335 2872 3438 2926 hac

168 2986 272 3041 ρον
297 2972 363 3039 ;),
404 2972 576 3040 ὅμως,
614 2969 825 3024 ἐκεῖθεν
857 2971 1266 3044 διιρῤαγέντες,
1295 2973 1376 3032 είς
1417 2970 1639 3041 σπέρμα
1680 2969 1760 3040 τῷ

1856 2964 2252 3021 consuetudine
2282 2965 2543 3019 abstracti
2583 2979 2679 3034 per
2710 2964 2893 3026 ﬁdem,
2924 2964 2976 3017 in
3000 2978 3185 3018 semen
3206 2964 3439 3018 Abrahze

179 3058 445 3129 ’Δϐραὰμ
497 3060 586 3113 διὰ
614 3060 715 3130 τῆς
741 3059 977 3124 πίστεως
1032 3060 1430 3126 ἐξανίστανται.
1481 3060 1544 3112 El
1575 3060 1633 3113 δὲ
1664 3059 1761 3113 καὶ

1857 3063 2198 3127 consurgunt
2224 3055 2474 3110 homines
2497 3074 2515 3108 ι
2538 3056 2621 3109 sin
2649 3064 2829 3109 autem
2861 3069 2966 3108 non
2997 3065 3080 3108 est
3117 3053 3439 3123 improban-

162 3153 275 3223 τῆς
316 3150 514 3217 λέξεως
556 3155 733 3207 εἰπεῖν
772 3154 993 3223 καὶτῆς
1033 3152 1273 3222 ἱστορίας
1321 3151 1616 3223 ἐγγύτερον
1659 3153 1761 3205 οὐκ

1856 3148 1988 3203 dum
2025 3146 2172 3203 aliud
2194 3187 2211 3212 ,
2259 3148 2405 3217 quod
2438 3162 2563 3202 eum
2603 3146 2786 3201 verbis
2824 3154 2878 3200 et
2908 3145 3168 3199 historica
3212 3145 3441 3199 veritate

165 3242 458 3311 ἀδόκιμον,
484 3241 591 3295 οὐδ’
621 3245 798 3295 ἐκεῖνο
824 3245 1151 3313 παροπτέον,
1205 3243 1287 3295 ὃτι
1310 3242 1372 3294 τὸ
1398 3242 1638 3313 ἄρρητον
1658 3242 1753 3296 καὶ

1858 3240 2079 3310 prepius
2100 3249 2184 3296 est
2203 3239 2579 3310 coniunctum,
2597 3239 2833 3303 edicere,
2857 3253 2962 3293 non
2984 3246 3067 3292 est
3090 3238 3314 3307 insuper
3339 3237 3439 3310 ba;-

168 3334 462 3404 ὑπερφυὲς
519 3335 616 3386 καὶ
666 3335 1006 3404 παντουργὺν
1056 3334 1151 3387 κα)⁸
1204 3333 1609 3404 παντοδύναμον
1656 3333 1757 3404 τῆς

168 3425 333 3488 θείας
359 3424 713 3497 ιβουλήσεως,
774 3426 802 3477 ό
856 3425 1174 3497 Βαπτιστὴς
1233 3428 1588 3497 παραστῆσαι
1629 3427 1757 3496 βου-

168 3518 429 3589 λόμενος,
474 3516 651 3571 ταῦτα
693 3517 998 3586 ἐφθέγξατο
1047 3533 1062 3547 ·
1098 3518 1274 3571 ἐκεῖνο
1314 3517 1629 3587 ύποδηλῶν,
1675 3519 1759 3571 ὅτι

168 3613 371 3682 ὧσπερ
414 3611 715 3682 καταρχὰς,
753 3610 1034 3681 βουληθεὶς
1072 3612 1102 3662 ὁ
1144 3608 1308 3671 Θεὸς,
1367 3610 1432 3662 ἐκ
1464 3608 1636 3678 πηλοῦ
1668 3609 1758 3662 τὸν

168 3706 468 3776 ἄνθρωπον
494 3703 839 3768 διεπλάσατο,
857 3702 1001 3756 οὕτω
1028 3704 1122 3756 καὶ
1147 3700 1245 3754 νῦν
1266 3703 1331 3754 ἐκ
1348 3703 1455 3754 τῶν
1480 3702 1759 3770 συγγενῶν

168 3794 346 3848 λίθων
374 3792 469 3849 καὶ
527 3791 963 3863 ὁμοστοίχωντῷ
1012 3792 1188 3861 πηλῷ,
1225 3793 1375 3862 ῥᾷον,
1422 3794 1472 3844 εί
1518 3792 1760 3863 βούλοιτο

176 3886 566 3958 μεταπλάσας,
592 3888 670 3949 είς
695 3886 916 3956 σπέρμα
935 3884 1030 3937 καὶ
1045 3886 1207 3937 τέκνα
1223 3884 1301 3954 τῷ
1326 3883 1598 3955 Ἀϐραὰμ,
1625 3885 1758 3939 ἀνα-

177 3981 427 4051 στήσειε.
467 3980 539 4033 Σὺ
573 3979 631 4032 δέ
676 3996 765 4049 μοι
820 3979 917 4030 καὶ
956 3978 1137 4046 τρίτον
1168 3978 1359 4042 ἐννόει,
1389 3977 1498 4033 τῶν
1529 3977 1757 4047 εἰρημέ-

177 4088 316 4133 νων,
347 4070 432 4122 ἵνα
473 4070 549 4140 μὴ
587 4070 731 4137 λέγω
759 4068 1075 4139 ἐγγύτερον,
1101 4067 1211 4121 οὐδ’
1246 4069 1433 4139 ἐτέρου
1488 4070 1627 4130 τέως
1657 4084 1759 4138 μα·-

172 4162 477 4232 κρότερον·
509 4160 585 4224 ὡς
613 4160 673 4225 ἐξ
698 4160 923 4214 ἐκείνων
951 4160 1059 4213 τῶν
1119 4160 1305 4224 λίθων,
1353 4158 1446 4223 οὓς
1468 4161 1497 4213 ὁ
1523 4159 1758 4232 Προδρο-

173 4270 285 4327 μος
331 4254 661 4318 ὑποδεικνὺς
694 4253 870 4322 ἔλεγε,
914 4271 933 4306 ι
983 4253 1216 4307 Δύναται
1244 4255 1274 4307 ὁ
1300 4253 1433 4317 Θεὸς
1469 4254 1534 4304 ἐκ
1553 4253 1761 4305 τούτων

171 4349 395 4418 ἐγεῖραι
419 4348 588 4402 τέκνα
615 4346 694 4417 τῷ
729 4346 1003 4418 Ἀϐραὰμ,
1032 4365 1051 4397 ι
1090 4347 1177 4400 ἐπ’
1219 4347 1405 4408 αὐτοῖς
1431 4345 1616 4415 ἔργοις
1642 4344 1759 4397 ἐστι

172 4439 504 4507 θεάσασθαι,
552 4441 650 4494 καὶ
678 4440 851 4493 τέκνα
877 4440 956 4509 τῷ
995 4438 1251 4509 Ἀϐραὰμ
1279 4437 1635 4507 ἀνιστάμενα,
1664 4438 1758 4490 καὶ

168 4532 599 4604 περατουμένην
628 4530 728 4601 τὴν
754 4533 1083 4603 πρόρρησιν.
1133 4530 1260 4583 Ὅτε
1282 4528 1391 4600 γὰρ
1431 4528 1492 4581 τὸ
1532 4526 1628 4581 τοῦ
1669 4528 1759 4580 κό-

172 4641 327 4695 σμου
358 4624 625 4695 σωτήριον
658 4623 893 4676 ἐτελεῖτο
921 4622 1112 4685 πάθος,
1139 4622 1261 4675 τότε
1284 4621 1392 4674 τῶν
1419 4620 1584 4673 λίθων
1616 4619 1763 4672 ὲκεί-

167 4734 285 4771 νων
317 4714 414 4770 καὶ
440 4714 678 4786 πετρῶν,
709 4716 849 4785 μετὰ
874 4714 983 4767 τῶν
1006 4713 1179 4767 ἄλλων
1197 4753 1213 4778 ,
1243 4711 1598 4792 σχιζομένων,
1628 4711 1755 4764 πολ-

168 4809 263 4861 λοὶ
287 4811 383 4861 καὶ
410 4808 520 4861 τῶν
548 4806 776 4861 ἐθνικῶν
798 4806 1025 4859 καὶτῶν
1052 4805 1343 4869 Ἰουδαίων,
1379 4803 1548 4873 μέσας
1585 4801 1755 4865 αὐτάς

171 4918 285 4955 ⁸ιεου
327 4899 428 4981 τὰς
486 4898 901 4969 πεπωρωμένας
955 4895 1181 4965 καρδίας
1232 4893 1625 4966 διαρραγέντες
1678 4892 1755 4961 τῷ

174 4991 448 5062 θαύματι,
478 4993 559 5055 είς
586 4990 685 5062 τὴν
701 4989 797 5043 τοῦ
818 4988 1059 5061 Χριστοῦ
1083 4988 1266 5041 πίστιν
1292 4984 1758 5056 ἐθεμελιῶθησαν,

172 5085 280 5139 καὶ
332 5085 442 5137 τῶν
472 5083 684 5136 τέκνων
719 5081 815 5135 τοῦ
858 5080 1131 5152 Ἀϐραὰμ,
1161 5078 1239 5149 τῷ
1264 5095 1324 5131 τε
1352 5078 1498 5146 γένει
1530 5076 1621 5130 καὶ
1650 5080 1762 5138 τοῖς

175 5178 409 5247 κλήροις
453 5175 936 5244 ἐναπεγράφησαν.
989 5170 1268 5241 Προῆκταί
1327 5186 1409 5221 σοι
1441 5168 1653 5231 τοίνυν,
1686 5167 1760 5228 ὡς

172 5272 336 5342 ὁρᾷς,
365 5272 508 5321 κατά
528 5285 587 5321 τε
626 5267 858 5337 θεωρίαν
887 5266 981 5317 κιιᾶ⁸
1008 5263 1271 5334 ἱστορίαν,
1299 5263 1333 5331 ὴ
1366 5260 1647 5331 ἑρμηνείαο
1675 5259 1757 5310 δι-

173 5364 329 5433 πλῆν
357 5364 413 5415 δὲ
443 5363 542 5432 τὴν
584 5361 847 5431 ἱστορίαν,
883 5357 981 5429 τὴν
1020 5358 1119 5427 μὲν
1151 5353 1631 5426 προγεγενημένην
1661 5352 1760 5418 τὴν

1858 3333 2095 3388 bendum
2119 3332 2266 3400 quod
2288 3332 2547 3397 divinam,
2566 3330 3012 3395 inenarrabilem,
3045 3337 3436 3400 superuatura-

1858 3423 1985 3487 lem,
2024 3423 2210 3478 omnia
2244 3431 2576 3492 operantem,
2623 3430 2678 3475 et
2704 3420 2887 3476 omnia
2920 3429 3198 3491 potentem
3238 3420 3437 3473 volun-

1862 3524 2053 3581 tatem,
2079 3515 2328 3584 Baptista
2356 3529 2481 3569 cum
2512 3512 2675 3567 vellet
2704 3510 3096 3577 insinuare,ita
3126 3511 3440 3580 prolocutus

1858 3615 1962 3662 est.
1989 3604 2127 3661 Illud
2157 3604 2418 3658 nimirum
2462 3602 2847 3667 subiudicans,
2883 3600 3030 3670 quod
3082 3600 3441 3669 quemadmo-

1860 3698 1989 3750 dum
2018 3695 2088 3750 ab
2114 3695 2273 3749 initio
2306 3694 2419 3748 sola
2450 3707 2547 3747 sua
2579 3692 2884 3755 voluntate,
2931 3705 2963 3744 e
3014 3690 3126 3743 luto
3162 3690 3439 3743 hominem

1861 3784 2189 3848 eﬁ'ormavit,
2220 3785 2297 3839 ita
2329 3792 2383 3838 et
2412 3798 2559 3837 nunc
2587 3783 2753 3836 etiam
2794 3795 2824 3834 e
2861 3778 3265 3849 eongeneribus
3290 3780 3442 3832 saxis

1859 3886 1914 3931 et
1936 3876 2021 3930 bis
2049 3874 2399 3944 coaequandis
2430 3872 2608 3936 facile,
2641 3870 2807 3924 modo
2827 3868 3161 3930 voluerit,in
3176 3883 3358 3921 semen
3383 3877 3441 3922 et

1859 3969 2064 4024 liberos
2092 3967 2404 4021 Ahrahamo
2456 3963 2763 4019 suscitabit.
2831 3960 2917 4015 Tu
2963 3968 3144 4014 autem
3184 3958 3436 4013 conside-
3520 3994 3521 3997 η

1864 4060 2011 4115 rabis
2040 4068 2094 4113 et
2124 4058 2339 4112 tertiam
2369 4056 2767 4124 expositionem
2798 4067 2866 4107 ne
2886 4053 3062 4106 dicam
3099 4053 3435 4121 proprior-em

1864 4151 1932 4206 iis
1967 4164 2088 4221 quae
2116 4158 2242 4203 ante
2274 4148 2436 4202 dictae
2476 4154 2626 4210 sunt,
2677 4154 2820 4199 certe
2854 4152 3033 4197 tamen
3077 4142 3224 4196 nulla
3267 4142 3437 4195 altera

1861 4242 2251 4305 remotiorem;
2284 4239 2427 4310 quod
2459 4254 2489 4293 e
2525 4237 2797 4307 lapidibus
2824 4236 2931 4290 illis
2956 4251 3093 4305 quos
3126 4234 3439 4287 Praecursor

1861 4336 2029 4406 digito
2058 4333 2401 4389 monstrabat
2425 4332 2651 4395 dicens,
2701 4348 2719 4381 ι
2749 4328 2899 4383 Potis
2946 4337 3030 4382 est
3070 4326 3212 4380 Deus
3257 4325 3340 4378 vel
3369 4340 3436 4378 ex

1862 4429 1984 4484 istis
2011 4426 2284 4496 lapidibus
2319 4427 2589 4479 suscitare
2613 4423 2817 4478 liberos
2839 4420 3182 4483 Abrahamo,
3219 4435 3239 4468 ι
3272 4432 3438 4485 opere

1864 4522 2048 4576 videre
2073 4520 2199 4575 licet
2225 4519 2598 4588 adimpletum,
2625 4516 2829 4570 liberos
2865 4512 3177 4567 Ahrahamo
3202 4509 3437 4564 suscita-

1871 4623 1956 4669 tos
1984 4621 2037 4667 et
2071 4611 2478 4681 praedictionem
2526 4607 2632 4660 ﬁne
2678 4604 3047 4673 adimpletum.
3106 4600 3241 4654 Cum
3287 4598 3433 4651 enim

1860 4705 2046 4776 passio
2069 4704 2162 4757 illa
2188 4703 2395 4756 mundo
2420 4696 2702 4754 salutifera
2730 4695 3114 4762 compleretur,
3137 4701 3248 4744 tum
3283 4691 3434 4742 saxis

1862 4799 1971 4853 illis
1997 4808 2052 4851 et
2077 4795 2279 4866 petris,
2333 4808 2440 4846 una
2493 4804 2619 4845 cum
2659 4788 2784 4842 aliis
2831 4786 3087 4854 diruptis,
3138 4782 3295 4837 multi
3324 4792 3376 4836 et
3404 4798 3436 4837 e

1856 4889 2108 4960 gentibus
2137 4896 2193 4941 et
2237 4884 2472 4947 Judzeis,
2504 4881 2769 4935 habentes
2797 4878 2958 4934 corda
2993 4891 3091 4930 sua
3130 4876 3285 4945 prius
3335 4874 3433 4928 oh-

1855 4982 2071 5041 durata,
2110 4992 2206 5047 per
2231 4975 2470 5030 medium
2497 4972 2713 5028 divulsa
2750 4970 2844 5024 illo
2877 4968 3163 5031 miraculo,
3189 4967 3242 5021 in
3274 4964 3436 5021 Chri-

1858 5075 1926 5128 sti
1958 5074 2120 5127 lidem
2149 5071 2306 5140 quasi
2341 5070 2393 5123 in
2417 5069 2835 5122 fundamentum
2858 5063 3203 5125 locabantur,
3232 5070 3284 5115 et
3309 5061 3437 5113 ﬁliis

1858 5166 2111 5231 Abrahae,
2160 5180 2283 5219 cum
2320 5178 2516 5233 genere
2549 5171 2660 5215 tum
2716 5168 2861 5213 sorte
2908 5154 3432 5211 annumerabantur.

1867 5258 1943 5312 lta
1977 5258 2127 5312 vides
2154 5272 2440 5327 quousque
2467 5254 2561 5310 tibi
2603 5253 2866 5323 producta
2906 5258 2991 5305 est
3038 5244 3433 5315 interpretatio,

1868 5359 1922 5403 et
1972 5346 2153 5418 quoad
2204 5346 2744 5417 contemplationem,
2781 5353 2833 5399 et
2882 5340 3063 5412 quoad
3107 5334 3434 5395 historiam;

1687 5484 1923 5540 NOTAE.

294 5641 437 5713 (82‘)
470 5638 722 5710 Ejusdem
748 5636 1049 5706 argumenti
1081 5632 1437 5704 quaestionem
1468 5645 1629 5699 supra
1662 5644 1717 5683 n.
1757 5626 1929 5682 XXXI
1956 5627 2103 5682 dedit
2140 5624 2387 5683 Photius.
2492 5646 2499 5651 ’
