3854 6216
445 212 554 276 959

1590 200 1855 262 PHOTII
1891 197 2400 262 PATRIARCIL’E
2437 195 2544 254 ΟΡ.

3587 187 3689 252 980

450 321 735 380 historiam
763 333 930 391 porro
947 317 1243 388 geminam,
1265 315 1670 370 antecedentem
1692 326 1876 376 unam,
1897 315 2025 368 sub-

2134 310 2188 363 δὲ
2213 307 2613 376 ἐπιγεγονυῖαν,
2640 305 2734 358 καὶ
2757 305 2824 357 δι’
2841 303 3128 376 ἑκατέρας,
3157 303 3217 358 τδ
3245 299 3574 374 δημιουργδν
3599 299 3695 352 καὶ

446 422 764 484 sequentem
792 411 1038 472 alteram,
1069 416 1122 462 et
1151 407 1206 461 in
1247 419 1475 475 utraque
1499 404 1694 458 divina:
1725 401 2021 456 voluntatis

449 503 814 560 conditoriam
849 509 1174 572 potestatem
1199 509 1256 553 et
1284 496 1581 568 potentiam
1606 493 1932 548 illimitatam
1963 492 2020 545 in

447 594 638 650 oculos
681 593 1076 648 incurrentem.

449 702 778 770 auresue
829 702 985 757 CCXI
1034 699 1225 772 [CoisL
1262 696 1467 761 CCXL,
1512 695 1674 750 Taur.
1707 691 2016 763 ccxxxn.

452 802 534 854 Ad
561 802 972 869 interrogantem
992 837 1006 860 ,
1033 795 1290 866 quomodo
1317 809 1427 869 pou
1456 793 1705 869 mentitas
1739 790 2024 869 deprehen-f

522 871 669 922 ditur
693 862 899 923 (Hamus
915 862 1216 934 Apostolus,
1239 864 1328 935 qui
1351 879 1402 914 se
1417 879 1534 935 cum
1558 862 1946 935 Jttda’metgn
1971 866 2021 935 et

521 939 816 992 Romanum
850 927 1090 1000 dicebat;
1133 946 1179 987 et
1205 927 1510 999 ’a'liquando
1552 933 1742 983 dixerit
1778 946 1831 982 se
1867 927 2021 980 Tarsi

521 1020 725 1072 natum,
759 1008 1047 1078 aliquando
1080 1015 1253 1057 autem
1281 1001 1459 1054 Roma
1490 1000 1625 1070 (83).

2125 398 2555 469 ἁπειροδύναμον
2603 396 2704 466 τῆς
2773 395 2922 458 θείας
2981 394 3320 466 βουλήσεως,
3381 391 3695 463 θεωρούιιε-

2125 508 2212 546 νον
2219 531 2234 544 .

2647 666 2981 719 ΕΡΩΤΗΣΙΣ
3021 663 3170 717 ΣΙΛ⁹⁸

2123 759 2277 828 Πρὸς
2293 760 2400 812 τὸν
2422 759 2901 826 ἐπερωτήσαντα,
2927 757 3050 821 πῶς
3071 755 3334 828 δυνατὸν
3354 757 3438 828 μὴ
3473 755 3698 810 ἁλῶναι

2196 830 2402 899 ψεύδει
2442 830 2549 882 τὸν
2574 829 2733 881 θεῖον
2772 828 3133 899 Ἆπίέσ-τολον
3170 826 3456 882 Ἰουδαῖον
3482 828 3701 899 ἐαιντιξιν

2201 897 2298 953 erat
2358 899 2644 966 Ῥωμαῖον
2675 897 3144 966 ἀποφηνάμενον
3185 912 3200 926 ο
3244 899 3349 966 ,καὶ
3383 898 3531 966 ποτὲ
3581 898 3701 962 μὲν

2203 963 2475 1037 Ταρσοὺς-⁷
2499 969 2661 1036 ἔχειν
2691 963 2964 1034 πατρίδα,
2998 963 3143 1018 ποτὲ
3190 965 3260 1018 δὲ
3292 966 3360 1019 ἐν
3388 965 3462 1034 τῇ
3504 967 3698 1036 Ῥώμῃ

2204 1038 2562 1110 ferratam-ut
2591 1054 2608 1101 ,-

1502 1157 1646 1206 Edita
1669 1169 1695 1204 a
1726 1151 2028 1204 Montacutio
2071 1149 2305 1215 (ρρ.102,
2327 1163 2375 1212 ρ.
2411 1147 2655 1208 145-148).

523 1266 772 1324 Veritatis
805 1265 895 1319 ille
925 1265 1232 1334 discipulus
1251 1265 1458 1320 Paulus
1477 1265 1739 1317 mentitus
1776 1277 1883 1315 non
1918 1269 2026 1322 est,

452 1375 550 1414 nec
577 1375 696 1413 cum
729 1372 787 1411 se
814 1354 1063 1410 Judaeum
1099 1357 1335 1421 diceret,
1383 1371 1483 1408 nec
1516 1370 1639 1408 cum
1670 1353 1978 1406 Romanum
2011 1366 2026 1405 :

2198 1257 2335 1310 Οῦτε
2379 1254 2648 1318 Ἰουδαῖον,
2671 1252 2797 1305 οὔτε
2825 1253 3096 1323 Ῥωμαῖον
3117 1250 3309 1307 ἑαυτὸν
3330 1250 3522 1314 είπὼν,
3546 1249 3576 1302 ό
3599 1250 3702 1318 τῆς

2124 1348 2381 1418 ἀληθείας
2423 1346 2671 1417 μαθητὴς
2709 1345 2920 1408 Παῦλος
2963 1345 3253 1413 ἐψεύσατο.
3290 1343 3424 1396 Οὐδὲ
3452 1341 3562 1412 γὰρ
3586 1336 3703 1396 οἷόν

453 1447 795 1517 impossibile
820 1446 966 1499 enim
1012 1444 1149 1506 fuit,
1190 1446 1366 1515 ipsum
1417 1459 1540 1498 cum
1601 1452 1748 1497 esset
1781 1441 2025 1496 veritatis

2134 1459 2181 1495 τε
2211 1437 2300 1510 ἦν,
2335 1441 2496 1493 αὐτὸν
2524 1438 2777 1508 ἀληθείας
2807 1437 2936 1491 ὄντα
2953 1438 3192 1506 κήρυκα,
3223 1433 3596 1505 ὲπερείδεσθαι
3619 1433 3702 1503 τῷ

449 1556 650 1609 praaco,
680 1539 965 1592 mendacio
1008 1537 1164 1590 inniti
1195 1579 1210 1600 ,
1248 1537 1516 1606 imprimis
1547 1547 1659 1589 tum
1692 1551 1816 1590 cum
1853 1534 2025 1589 tribu-

2123 1535 2311 1606 ψεύδει
2340 1549 2356 1566 ·
2391 1533 2626 1602 μάλιστά
2651 1548 2714 1599 γε
2740 1530 3010 1602 κριτηρίῳ
3039 1529 3466 1599 παριστάμενον,
3500 1528 3594 1580 καὶ
3621 1526 3704 1580 δί-

453 1631 557 1684 naii
586 1631 890 1691 sisteretur,
911 1638 962 1681 et
982 1643 1076 1697 per
1096 1627 1312 1683 Juda’os
1336 1629 1389 1680 in
1411 1627 1679 1697 judicium
1710 1636 2017 1689 vocaretur,

2134 1645 2224 1689 κας
2253 1624 2468 1693 ἀπάτης
2523 1625 2618 1677 καὶ
2665 1621 3022 1692 κακουργίας,
3077 1613 3154 1674 ὧν
3215 1615 3284 1690 ἦν
3342 1618 3702 1689 καθαιρέτης,

450 1736 639 1790 pmnas
671 1719 948 1773 soluturus
975 1717 1186 1772 fraudis
1220 1727 1273 1772 ct
1304 1720 1579 1787 nequitiae,
1619 1732 1753 1786 quas
1779 1717 1868 1770 ille
1898 1729 2020 1769 om-

453 1812 674 1862 nitnodo
709 1809 1050 1862 deturbabat.
1085 1807 1374 1874 Quomodo
1423 1809 1512 1862 ille
1538 1809 1761 1862 auderet
1795 1806 2020 1861 menda-

449 1904 593 1956 cium
615 1901 892 1966 adhibere,
919 1909 1014 1954 aut
1035 1900 1446 1971 sycophantiam
1468 1901 1791 1956 conﬁrmare
1805 1896 2020 1953 Judaeo-

449 2008 570 2045 rum
608 2007 770 2061 quam
798 1991 854 2045 in
892 1991 1068 2060 ipsum
1123 1992 1622 2046 concinnaverant?
1668 1995 2022 2046 Annon-con-

450 2085 603 2138 tinuo
630 2084 1028 2139 convictionem
1083 2082 1506 2148 reformidaret,
1565 2091 1661 2137 aut
1707 2092 2019 2137 secuturam

451 2175 746 2244 deinceps?
773 2191 883 2230 non
911 2175 1258 2244 praevideret,
1287 2191 1410 2230 cum
1444 2176 1684 2232 revelata
1723 2183 1871 2231 esset
1897 2191 2022 2244 per-

452 2281 583 2320 sona
607 2306 620 2328 ,
654 2265 855 2320 nullam
899 2266 1002 2320 sibi
1036 2267 1346 2336 acquireret
1376 2265 1662 2320 utilitatem
1686 2305 1701 2331 ,
1749 2265 1841 2319 sed
1895 2280 2021 2318 reus

454 2357 744 2411 haberetur
769 2357 971 2428 duplici
1004 2359 1274 2428 supplicio
1309 2358 1547 2429 dignus?
1593 2373 1805 2426 nempe,
1861 2358 1930 2411 ob
1959 2371 2020 2410 ea

454 2464 575 2516 qua:
606 2447 775 2503 Judaei
807 2450 1262 2516 criminabantur,
1297 2458 1350 2503 et
1377 2463 1441 2502 ea
1464 2463 1586 2517 qua:
1615 2448 1874 2500 mentitus
1907 2448 2021 2500 i'ue-

453 2550 556 2594 rat.
585 2537 873 2606 Quomodo
901 2549 956 2594 et
985 2539 1177 2611 Lysias
1203 2540 1440 2609 quicum
1472 2538 1526 2592 in
1551 2538 1864 2608 magistratu
1883 2548 2019 2603 erat,

450 2640 506 2682 et
547 2628 706 2683 facile
749 2638 962 2699 poterat
989 2630 1272 2684 veritatem
1323 2629 1591 2698 expiscari
1617 2670 1631 2693 ,
1680 2639 1950 2684 cessasset
1991 2645 2021 2683 a

450 2721 793 2786 verberibus,
831 2721 877 2776 si
922 2735 1031 2774 non
1063 2720 1352 2776 allirmanti
1388 2723 1747 2777 credidisset?
1796 2721 1855 2775 lit
1902 2737 2021 2776 cre-

449 2813 732 2868 dulitatem
776 2813 1056 2884 quomodo
1093 2830 1188 2884 per
1212 2816 1486 2884 captivum
1519 2825 1572 2869 et
1605 2829 1899 2884 pauperem
1934 2813 2021 2865 in-

449 2908 758 2969 duceretur,
783 2907 953 2961 sinon
978 2907 1094 2977 ipsa
1122 2922 1245 2961 eum
1271 2907 1514 2977 adigeret
1534 2922 1598 2961 co
1621 2906 2021 2970 vcritas?Quo-

2122 1718 2228 1773 ὑπὸ
2289 1715 2559 1772 Ἰουδαίων
2629 1713 3112 1784 είσπραττόμενον.
3183 1712 3306 1772 Πῶς
3343 1713 3451 1780 γὰρ
3491 1711 3556 1765 ἂν
3603 1712 3704 1765 καὶ

2117 1812 2394 1884 ἐθάρρησε
2416 1809 2602 1880 ψεύδει
2622 1807 2950 1878 χρήσασθαι,
2981 1808 3076 1860 καὶ
3103 1805 3204 1876 τὴν
3244 1804 3365 1858 κατ’
3393 1805 3558 1858 αὑτοῦ
3594 1822 3699 1857 συ-

2121 1900 2436 1972 κοφαντίαν,
2481 1893 2562 1962 οἷς
2620 1899 2895 1968 ἐξηπάτα,
2942 1897 3357 1962 πιστώσασθαι;
3415 1893 3524 1968 ἆρα
3586 1896 3702 1966 γὰρ

2121 1995 2239 2064 οὐχὶ
2266 1993 2355 2046 τὸν
2383 1991 2698 2060 παραυτίκα
2736 1989 2992 2042 ἐδεδοίκει
3035 1989 3290 2059 ἐλεγχονς
3339 1989 3400 2041 οὑ
3427 1987 3520 2041 τὸν
3558 1988 3702 2058 μετὰ

2122 2087 2294 2139 ταῦτα
2315 2104 2328 2151 ;
2359 2086 2433 2138 Οὐ
2463 2083 2712 2153 συνεώρα
2735 2083 2812 2145 δὲ,
2840 2084 2922 2138 ὅτι
2947 2081 3422 2153 ὲκκαλυπτομένου
3447 2080 3539 2134 τοῦ
3564 2081 3699 2151 δρά-

2128 2195 2320 2248 ματος,
2360 2177 2494 2248 πρὸς
2524 2176 2602 2245 τῷ
2635 2176 2802 2247 μηδὲν
2832 2176 3220 2246 ἀποκερδᾶναι,
3244 2175 3337 2228 καὶ
3353 2173 3543 2244 διπλῆς
3567 2175 3703 2227 ἑαυ-

2121 2270 2214 2322 τὸν
2253 2269 2519 2341 τιμωρίας
2560 2269 2743 2339 ἔνοχον
2772 2269 3204 2338 παραστήσειεν,
3247 2259 3322 2319 ὧν
3367 2283 3428 2318 τε
3472 2265 3531 2319 τὸ
3568 2266 3706 2319 Ἰου⁹

2122 2363 2267 2415 δαῖον
2293 2363 2444 2425 ἔθνος
2466 2362 2742 2426 ἐπεκάλει,
2775 2362 2867 2414 καὶ
2901 2354 2976 2414 ὧν
3003 2360 3164 2424 αὐτὸς
3194 2358 3387 2412 ἑαυτοῦ
3428 2358 3705 2428 κατεψεύ-

2121 2450 2241 2503 δετο
2274 2468 2288 2516 ;
2323 2450 2444 2513 [ιὼς
2503 2451 2562 2503 δὲ
2601 2451 2694 2502 καὶ
2733 2451 2762 2502 ό
2817 2449 3038 2513 Λυσίας,
3097 2448 3274 2519 ἀρχῆς
3313 2446 3572 2514 ἐφεστὼς,
3605 2447 3709 2499 καὶ

2120 2542 2353 2610 τάληθὲς
2377 2539 2615 2610 ἐξευρεῖν
2651 2539 2828 2610 ῥᾴδιον
2866 2539 3025 2608 ἔχων,
3057 2539 3267 2608 ἀπέστη
3311 2537 3406 2590 τοῦ
3447 2537 3703 2602 τύπτειν,

2123 2632 2172 2682 εί
2204 2630 2279 2700 μὴ
2318 2629 2638 2691 ὲπέπειστο;
2689 2628 2806 2690 πῶς
2839 2628 2884 2680 δ’
2945 2629 3011 2681 ἂν
3038 2629 3328 2681 ἐπέπειστο
3350 2626 3451 2679 ὑπὸ
3472 2625 3706 2695 δεσμίου

2121 2722 2216 2775 καὶ
2242 2721 2491 2790 πένητος,
2517 2722 2568 2772 εἰ
2603 2721 2675 2791 μὴ
2710 2720 2779 2772 τά
2810 2720 2906 2789 τῆς
2925 2719 3181 2789 ἀληθείας
3216 2719 3378 2772 αὐτὸν
3405 2717 3655 2780 ἐϐιάζετο
3683 2734 3702 2781 ;

2123 2813 2240 2877 πῶς
2265 2813 2321 2864 δὲ
2360 2813 2452 2864 καὶ
2479 2809 2674 2879 Φήλικι
2698 2810 2925 2881 γράφων
2954 2813 3031 2872 εἰς
3067 2809 3372 2880 Ῥωμαίους
3401 2808 3572 2861 τελεῖν
3607 2807 3708 2860 τὸν

2126 2903 2340 2956 Παῦλον
2387 2903 2814 2972 ἀπισχυρίζετο;
2872 2921 2892 2954 ι
2943 2901 3147 2956 Μαθὼν
3195 2901 3325 2971 γάρ,
3372 2903 3556 2970 φησὶν.
3617 2903 3710 2954 ὅτι

450 2997 615 3049 modo
663 3006 716 3050 et
748 2994 916 3051 Felici
951 2996 1217 3060 scribens,
1276 2995 1504 3050 Paulum
1541 2995 1800 3050 Romanis
1831 3010 2025 3050 accen-

2141 2997 2409 3067 Ῥωμαῖός
2431 2998 2600 3056 ἐστιν,
2626 2998 2851 3058 ἐπιστὰς
2877 2995 2974 3047 σὺν
3000 2995 3080 3067 τῷ
3110 2993 3474 3064 στρατεύματι
3498 2993 3716 3058 ἐξειλό-

451 3087 680 3142 sendum
726 3087 1152 3157 pronuntiaret?
1213 3087 1544 3143 «intellecto
1593 3087 1775 3151 enim,
1824 3087 2022 3155 inquit,

455 3179 597 3248 quod
628 3178 909 3233 Romanus
939 3177 1241 3243 erat,adl'ui
1273 3194 1395 3233 cum
1423 3178 1708 3241 militibus.
1731 3188 1784 3231 et
1804 3178 2027 3234 liberavi

453 3286 578 3325 eum
603 3270 684 3338 ‘3;
721 3289 740 3321 ι
785 3271 877 3325 sed
908 3269 1057 3325 fraus
1087 3280 1203 3325 erat
1228 3270 1371 3326 facta
1402 3272 1626 3343 decepto
1662 3269 1858 3343 Lysize,
1896 3286 2024 3341 qua,

454 3377 642 3432 quaeso
673 3371 790 3416 arte
817 3363 839 3415 ?
869 3365 1140 3430 quomodo
1167 3364 1524 3418 subinducta?
1545 3363 1696 3417 Felix
1723 3372 1901 3416 autem
1928 3377 2027 3416 cur

455 3468 566 3506 non
608 3453 967 3520 imposturam
1001 3453 1296 3517 detexerit,
1346 3455 1644 3522 prmsertim
1680 3470 1803 3508 cum
1837 3465 2027 3508 contra

454 3546 603 3616 leges
652 3544 856 3601 Judaeis
914 3546 1466 3616 gratiticabatur?An
1519 3549 1573 3601 in
1625 3547 1825 3618 quibus
1855 3547 2028 3616 gratia

455 3638 620 3693 frebat
651 3649 839 3693 contra
866 3639 1034 3709 leges,
1075 3648 1128 3694 et
1170 3655 1200 3692 a
1228 3640 1440 3695 ratione
1464 3640 1660 3706 aliena,
1695 3640 1919 3694 sedulus
1947 3639 2031 3692 in-

457 3731 690 3792 cubuit;
752 3747 874 3785 cum
927 3745 1057 3785 vero
1110 3731 1405 3801 gratiﬁcari
1477 3732 1669 3786 iisdem
1725 3732 2027 3785 secundum

458 3830 658 3876 rectam
689 3825 954 3877 rationem
983 3832 1215 3892 poterat,
1272 3823 1502 3892 ignavus
1535 3833 1588 3878 et
1628 3823 1918 3877 remissior
1945 3823 2030 3876 vi-

457 3914 712 3979 debatur,
743 3913 812 3967 ita
839 3913 980 3982 quod
1009 3929 1230 3982 operam
1250 3913 1476 3977 dederit,
1499 3922 1674 3968 utnec
1699 3914 2027 3984 principium

455 4007 643 4076 gratia:
674 4005 874 4075 justum
893 4015 947 4058 et
966 4013 1172 4058 rectum
1199 4004 1432 4059 voluerit
1467 4004 1774 4073 auspicari?
1792 4006 2029 4074 Ecquam

459 4098 577 4151 haec
616 4097 819 4150 habent
846 4097 1260 4165 persuasionem
1291 4104 1384 4151 aut
1407 4097 1895 4165 consequentiam?
1925 4096 2029 4151 Sed

457 4199 511 4242 et
539 4188 630 4258 qui
659 4199 770 4241 tum
799 4189 1028 4242 aderant
1059 4198 1246 4242 contra
1278 4203 1402 4242 eum
1433 4187 1631 4242 caadem
1654 4189 1948 4257 spirantes,
1977 4195 2031 4241 et

457 4276 675 4332 Judaeos
703 4281 852 4332 omni
889 4279 1050 4332 modo
1072 4279 1435 4341 concitantes.
1470 4279 1576 4332 hoc
1615 4290 1701 4333 est
1735 4277 1934 4344 Judaei,
1979 4279 2024 4334 si

456 4386 554 4442 per
580 4370 923 4424 mendacium
978 4381 1208 4424 conatus
1265 4369 1461 4425 {uisset
1509 4369 1712 4424 Paulus
1761 4379 2026 4425 tormenta

459 4471 726 4526 avertere,
763 4462 1038 4532 quomodo
1061 4478 1169 4517 non
1187 4477 1372 4517 vocem
1392 4464 1760 4528 sustulissent,
1793 4464 2032 4518 clamore

461 4557 736 4610 theatrum
770 4555 1128 4623 repievissent
1157 4573 1171 4609 :
1206 4555 1499 4610 Intuemini
1551 4572 1649 4612 vos
1700 4565 2033 4626 quantopere

466 4647 803 4711 mentiatur;
833 4648 1101 4716 impostor
1120 4655 1224 4710 est,
1257 4646 1510 4716 deceptor
1537 4655 1640 4712 est,
1670 4663 1780 4702 non
1810 4659 1894 4703 est
1923 4647 2032 4703 Ro-

463 4755 679 4801 manus.
706 4739 968 4792 rationem
1003 4739 1208 4794 invenit
1232 4755 1339 4809 qua
1362 4755 1460 4795 vos
1486 4741 1777 4810 deciperet.
1830 4749 1882 4795 et
1912 4741 2032 4811 pla-

463 4848 560 4901 gas
590 4831 922 4895 declinaret;
955 4842 1010 4886 at
1045 4848 1160 4897 vos,
1186 4843 1472 4903 propterea
1505 4833 1648 4903 quod
1675 4849 1841 4888 ausus
1868 4832 2032 4888 fuerit

465 4925 538 4976 ita
568 4923 876 4994 prodigiose
905 4925 1187 4980 vobiscum
1221 4940 1401 4994 agere,
1442 4935 1658 4980 nostras
1683 4925 2030 4995 probationes

464 5017 733 5072 admittite
761 5033 948 5072 eorum
975 5018 1041 5073 de
1066 5019 1263 5089 quibus
1289 5035 1612 5075 accusamus
1631 5058 1647 5083 ,
1686 5034 2032 5074 communem

469 5108 750 5163 hominum
774 5109 1113 5175 societatem,
1139 5124 1170 5165 a
1190 5110 1465 5165 comunmi
1492 5117 1643 5180 peste
1670 5109 1770 5164 ista
1789 5109 2034 5164 liberate.

569 5249 616 5279 ⁴⁸
642 5249 764 5303 Act.
798 5265 946 5318 χχιιι,
976 5248 1068 5304 27.

2131 3107 2237 3159 μην
2271 3090 2454 3144 αὐτόν.
2498 3108 2516 3141 ι
2566 3087 2702 3141 Ἀλλ’
2745 3087 2956 3156 ὲκλάπη
2989 3089 3084 3139 καὶ
3133 3085 3417 3158 παρεσύρη
3448 3085 3657 3148 Λυσίας
3695 3101 3714 3116 ο

2125 3181 2230 3236 τίνι
2257 3181 2455 3253 τέχνῃ;
2489 3181 2583 3236 καὶ
2616 3179 2734 3245 πῶς
2764 3178 3063 3250 ὑπαχθείςς
3109 3181 3136 3232 ὁ
3166 3178 3340 3249 Φῆλιξ
3363 3179 3420 3231 δὲ
3456 3177 3572 3242 πῶς
3602 3179 3718 3232 οὐκ

2129 3273 2379 3344 ἐφώρασε
2405 3275 2464 3327 τὸ
2497 3271 2880 3344 κακούργημα,
2924 3256 3104 3325 καίτοι
3151 3269 3246 3323 καὶ
3304 3269 3532 3342 χάριτας
3587 3273 3718 3333 τοῖς

2139 3365 2412 3426 Ἰουδαίοις
2450 3363 2751 3433 ὲκθέσμους
2780 3363 3091 3425 κατατιθείς
3123 3380 3137 3429 ;
3183 3363 3319 3415 Ἀλλ’
3370 3365 3429 3415 ὲν
3465 3356 3547 3425 οἷς
3603 3363 3716 3432 μὲν

2128 3457 2383 3527 ἄνομοςή
2417 3457 2596 3527 χάρις,
2629 3457 2726 3510 καὶ
2757 3457 2915 3524 λόγον
2973 3456 3072 3508 ούκ
3106 3455 3324 3525 ἔχουσα,
3360 3454 3560 3524 θερμὸς
3601 3457 3718 3507 ὐπ-

2127 3549 2328 3618 ηρέτης
2355 3563 2369 3578 °
2397 3549 2455 3600 ἐν
2498 3543 2581 3608 οἷς
2607 3551 2663 3602 δὲ
2697 3549 2833 3618 μετά
2861 3547 2955 3601 τοῦ
2994 3547 3154 3618 ὀρθοῦ
3185 3548 3341 3616 λόγου
3371 3547 3715 3617 χαρίσασθαι

2126 3635 2215 3709 ἦν,
2248 3640 2459 3701 τούτοις
2481 3640 2540 3692 δὲ
2578 3639 2686 3710 ἄρα
2740 3639 2979 3711 ῥᾴθυμος
3016 3638 3111 3691 καὶ
3137 3636 3568 3700 ἀναπεπτωκὼς,
3606 3639 3717 3689 καὶ

2127 3732 2236 3786 οὐδ’
2277 3733 2358 3795 είς
2394 3732 2566 3802 ἀρχὴν
2603 3731 2697 3784 τοῦ
2743 3731 3070 3801 βουληθῆναι
3109 3730 3324 3782 δικαίαν
3365 3729 3718 3783 καταθέσθαι

2128 3825 2287 3896 χάριν
2322 3825 2730 3895 διανιστάμενος
2764 3841 2778 3856 ο
2806 3826 2900 3878 καὶ
2937 3825 3059 3877 τίνα
3091 3823 3157 3877 ἂν
3183 3823 3294 3892 ἔχοι
3315 3821 3488 3877 ταῦτα
3524 3822 3720 3875 πειθὼ

2129 3919 2226 3973 καὶ
2261 3916 2623 3980 ἀκολουθίαν;
2676 3913 2809 3969 Εἶτα
2838 3916 2993 3969 αὐτοὶ
3021 3915 3079 3967 δὲ
3110 3916 3374 3986 παρόντες
3410 3916 3460 3966 οἱ
3494 3913 3720 3982 φονῶν-

2128 4026 2220 4072 τες
2244 4009 2364 4061 κατ’
2394 4006 2556 4060 αὐτοῦ
2579 4007 2675 4059 καὶ
2708 4006 2879 4059 πάντα
2907 4006 3053 4059 λίθον
3082 4005 3382 4070 κινοῦντες,
3402 4007 3524 4068 τοὺς
3568 4005 3720 4058 Ἰου-

2129 4101 2312 4163 δαίους
2337 4100 2500 4168 λέγω,
2529 4101 2577 4152 εί
2607 4099 2695 4151 διὰ
2727 4097 2956 4167 ψεύδους
2990 4099 3018 4150 ὁ
3069 4096 3280 4160 Παῦλος
3308 4097 3404 4158 τὰς
3431 4095 3722 4166 βασάνους

2130 4194 2446 4262 ὲτεχνάζετο
2474 4189 2898 4262 διακρούσασθαι
2922 4228 2937 4252 ,
2969 4189 3086 4252 πῶς
3115 4190 3216 4243 οὐκ
3245 4188 3479 4261 ἐρῤηξαν
3514 4189 3723 4258 φωνὴν

2133 4285 2447 4356 πληροῦσαν
2476 4284 2534 4337 τὸ
2569 4284 2818 4354 θέατρον,
2864 4282 3082 4354 Ὁρᾶτε,
3113 4282 3324 4354 ἄνδρες,
3354 4281 3543 4352 ἡλίκον
3591 4276 3726 4334 οἷον

2132 4377 2396 4448 ἐψεύσατο
2418 4394 2434 4408 ο
2464 4375 2769 4430 άπαιταιὼν
2794 4377 2910 4429 ἐστι
2935 4377 3030 4429 καὶ
3059 4374 3191 4444 γόης
3217 4385 3262 4438 ε,
3298 4375 3397 4426 οὐκ
3426 4372 3546 4425 ἔστι
3565 4372 3723 4426 Ῥω-

2133 4472 2313 4538 μαῖος,
2345 4461 2502 4538 εὗρεν
2531 4469 2679 4530 ὅπως
2726 4468 2820 4521 καὶ
2855 4469 2998 4537 ὑμᾶς
3039 4466 3429 4536 ἁποπλανήαας
3467 4465 3574 4532 τὴν
3597 4465 3729 4516 τῶν

2133 4559 2413 4631 μαστίγων
2454 4562 2650 4632 πεῖραν
2713 4559 3052 4630 διαδράσειεν
3083 4573 3098 4589 ⁸
3159 4557 3274 4612 ἀλλ’
3325 4557 3484 4627 ὑμεῖς
3523 4556 3589 4621 ἐξ
3637 4548 3730 4609 ὧν

2130 4651 2395 4721 ἐτόλμησε
2443 4653 2536 4704 καὶ
2587 4651 2720 4721 πρὸς
2762 4651 2910 4722 ἡμᾶς
2935 4647 2958 4688 ί
3001 4647 3468 4719 τερατιύσαοθαι,
3512 4646 3614 4699 καὶ
3639 4639 3732 4699 ὧν

2131 4747 2293 4815 ἡμεῖς
2329 4742 2762 4814 κατηγοροῦμεν,
2783 4742 3058 4810 ιλασόντες
3103 4741 3202 4801 τὰς
3229 4743 3477 4802 πίστεις,
3521 4739 3734 4791 κοινοῦ

2136 4836 2412 4907 λυμεῶνος
2433 4835 2529 4906 τὴν
2551 4836 2737 4903 κοινὴν
2767 4834 2878 4889 τῶν
2903 4831 3206 4904 ἀνθρώπων
3231 4831 3506 4884 πολιτείαν
3528 4830 3734 4885 ἁπαλ-

2137 4927 2372 4993 λάξατε;
2427 4925 2566 4979 Ἀλλ’
2601 4925 2751 4978 οὐδὲν
2780 4923 3006 4986 τούτων,
3043 4923 3103 4976 ού
3151 4923 3248 4993 μὶν
3273 4917 3368 4974 οὖν
3390 4920 3491 4974 οὐκ
3534 4920 3730 4972 εἰπεῖν

2139 5014 2304 5086 εἶχον,
2351 5014 2473 5070 οῦτε
2509 5015 2814 5085 ἐτόλμησαν
2844 5029 2859 5044 ο
2917 5013 2978 5066 οὐ
3017 5011 3138 5065 τότε
3159 5051 3175 5076 ,
3223 5012 3283 5065 σὺ
3315 5010 3454 5082 μιτὰ
3488 5007 3676 5062 ταῦτα
3709 5024 3725 5038 ·

2145 5108 2321 5165 καίτοι
2369 5108 2466 5162 καὶ
2508 5105 2862 5177 δικαστηρίου
2896 5103 3061 5161 πάλιν
3095 5105 3279 5169 αὐτοῖς
3322 5101 3724 5174 κρατηθέντος,

1761 5335 1995 5391 VARIAE
2025 5333 2422 5389 LECTIONES.

573 5464 599 5492 ε
627 5470 715 5525 γρ.
747 5452 998 5507 ἀπατεὼν
1023 5444 1176 5516 οὗτός
1207 5453 1341 5516 ἐστι,
1379 5450 1510 5522 γόης
1536 5451 1674 5504 ἐστί.
1754 5449 1773 5488 ί
1803 5450 1965 5519 ὑμᾶς.

1961 5540 2189 5596 NOTAE.

580 5618 696 5688 (85)
731 5617 817 5674 Ci.
847 5632 967 5673 cum
999 5615 1101 5670 hac
1131 5614 1430 5686 quaestione
1458 5631 1510 5684 q.
1544 5611 1725 5667 CXVI.
