3876 6216
206 221 290 288 961

1145 222 1246 281 ΑΒ
1276 220 1866 283 AMPHILOCHIUM
1898 223 2242 295 QUIESTIO
2258 225 2451 287 CCXI.

3310 228 3421 293 962

204 337 398 395 καὶτοῦ
433 334 586 403 φίλου
626 335 856 403 Φήλικος
883 338 963 399 είς
988 337 1171 407 κρίσιν
1217 337 1693 408 προκαθεζόμενου
1728 352 1742 366 ’

1867 339 1921 392 tt
1954 337 2088 393 nihil
2107 338 2379 408 ejusmodi
2412 340 2495 394 vel
2523 342 2704 395 dicere
2740 350 3011 412 poterant,
3034 352 3127 396 aut
3150 343 3423 398 audebam

204 433 305 491 ἀλλ’
351 429 515 491 οὕτως
548 425 617 499 ἦν
669 430 909 501 ἐναργὴς
958 429 1053 483 καὶ
1099 430 1219 493 ταῖς
1265 430 1522 483 ἁπάντων
1565 428 1747 494 δόξαις

1867 444 2135 495 recusare,
2165 446 2275 486 non
2310 432 2369 486 in
2409 434 2684 502 praesenti,
2723 449 2833 489 non
2870 434 3147 505 deinceps,
3183 450 3284 491 nec
3307 448 3420 491 tum

202 523 459 598 κρατοῦσα
482 522 516 593 ἡ
561 522 775 578 Παύλου
805 522 1056 593 ἀλήθεια,
1084 522 1162 586 ὡς
1194 522 1289 577 καὶ
1315 523 1427 576 τῶν
1450 521 1745 591 ἀναισχύν-

1867 535 1986 576 rum
2017 520 2319 577 tribunalia
2344 533 2592 593 paterent
2614 524 2685 579 iis
2705 524 2947 589 demum,
2970 536 3027 580 et
3040 525 3188 581 Felix
3216 527 3437 582 amicus

201 635 297 670 των
330 614 590 669 Ἰουδαίων
618 655 634 681 ,
671 616 768 668 καὶ
800 614 975 667 πάντα
990 613 1169 683 λέγειν
1215 618 1294 676 είς
1320 614 1381 668 τὸ
1406 624 1433 662 s
1483 615 1748 684 πράττειν

1867 624 1954 679 pro
1982 612 2239 667 tribunali
2277 613 2512 678 sederet,
2544 622 2661 669 tam
2706 623 2890 685 aperte
2918 616 3267 673 manifestum
3310 618 3440 673 eral.

201 704 633 777 ὰποτολμὼντων,
692 705 969 776 ἐμφράξαι
1012 706 1082 761 τὰ
1133 707 1377 777 στόματα
1413 723 1429 736 ·
1464 705 1607 759 οὕτω
1649 706 1762 775 μὲν

1867 700 2091 755 Paulum
2114 704 2409 773 protulisse
2438 706 2747 770 veritatem,
2780 714 2840 761 et
2883 708 3031 776 apud
3063 723 3258 763 onmes
3297 711 3435 763 adeo

201 801 282 855 οὖν
305 797 625 868 πολλαχόθεν
684 797 1036 868 ψευδολογίας
1062 798 1243 868 πάσης
1270 796 1540 869 ἁνώτερος
1563 836 1579 861 ,
1616 796 1752 852 Ῥωο

203 892 348 959 μαῖον
366 887 553 940 ἑαυτὸν
573 886 740 940 εἰπὼν
761 888 790 939 ὁ
813 887 1099 950 θεσπέσιος
1114 885 1495 939 ἀποδείκνυται
1513 884 1749 948 Παῦλος.

201 981 331 1036 Ἀλλ’
358 983 404 1034 εἰ
441 979 708 1049 Ῥωμαῖος
732 975 803 1050 ἦν
820 1020 837 1047 ,
873 981 1028 1049 φησὶ,
1056 979 1178 1043 πῶς
1209 979 1370 1043 αὐτὸς
1389 980 1449 1033 ἐν
1472 977 1651 1041 ἄλλοις
1689 995 1753 1032 τε

202 1074 288 1129 καὶ
315 1074 370 1125 ἐν
409 1074 472 1143 τῇ
500 1073 634 1142 αὐτῇ
667 1071 1001 1143 δημηγορίᾳ,
1064 1071 1314 1135 Ἰουδαῖός
1357 1089 1417 1124 τε
1466 1068 1623 1133 εἶναι,
1657 1070 1763 1124 καὶ

201 1165 431 1235 Τάρσους
477 1162 623 1233 ἔχειν
670 1164 927 1234 πατρίδα,
958 1162 1335 1234 διισχυρίσατο
1374 1162 1569 1231 λέγων,
1607 1161 1759 1230 Ἐγὼ

203 1254 295 1325 μέν
340 1256 454 1324 εἰμι
491 1253 770 1318 Ἰουδαῖος,
814 1254 1063 1325 Ταρσεὺς
1097 1255 1127 1294 h
1176 1254 1278 1325 τῆς
1331 1255 1609 1317 Κιλικίας,
1654 1255 1756 1306 οὐκ

199 1348 398 1417 ἀσήμου
446 1347 673 1413 πόλεως,
711 1347 969 1417 πολίτης;
997 1347 1123 1411 Πῶς
1161 1346 1254 1401 οὖν
1276 1347 1420 1401 ἐστιν
1467 1347 1759 1417 ἀμφότερα

198 1441 533 1511 συνδραμεῖν,
574 1441 667 1493 καὶ
727 1440 995 1510 Ῥωμαῖον
1035 1441 1132 1494 καὶ
1177 1441 1433 1495 Ἰουδαῖον
1460 1440 1554 1494 τὸν
1593 1439 1765 1493 αὐτὸν

198 1532 556 1604 χρηματίσαις
588 1532 733 1604 Πρὸς
759 1534 787 1585 ὅ
814 1549 1015 1601 φαμεν,
1046 1535 1127 1588 ὅτι
1156 1533 1359 1587 ἄτοποι)
1386 1531 1539 1585 οὐδέν
1562 1547 1578 1565 υ
1610 1531 1763 1599 γένει

199 1626 289 1695 μὲν
338 1627 463 1695 γὰρ,
493 1626 589 1679 καὶ
607 1627 672 1696 τῇ
701 1625 821 1679 κατ’
848 1626 1008 1678 αὑτὸν
1029 1626 1321 1680 Μωσαῖκὺν
1351 1625 1513 1695 νόμον
1542 1624 1755 1694 ἀγωγῇ,

1859 793 1952 848 illa
1972 793 2257 850 obtinebat
2273 796 2480 865 opinio,
2496 806 2556 852 ut
2568 795 2882 852 Judaeorum
2904 812 3005 852 ora
3019 798 3212 853 obtura
3221 809 3436 882 mitur,

1858 883 1987 939 licet
2035 894 2218 940 essent
2249 885 2609 953 impudentes,
2653 896 2707 941 et
2758 887 2831 941 ad
2868 886 3096 956 quodvis
3126 888 3437 943 audendum

1863 976 2134 1046 proiecti:
2168 987 2340 1047 atque
2357 981 2430 1033 ita
2464 978 2665 1034 Paulus
2696 979 2786 1033 ille
2811 980 3049 1044 divinus,
3071 980 3201 1035 dum
3228 995 3289 1035 se
3309 996 3437 1051 pro-

1861 1065 2046 1122 ﬁtetur
2076 1065 2414 1134 Romanum,
2450 1068 2766 1139 longissime
2800 1084 2831 1123 a
2862 1070 3149 1124 mendacio
3197 1068 3439 1125 abfuisse

1861 1167 2221 1212 monstratur.
2245 1159 2313 1212 At
2337 1159 2383 1214 si
2410 1157 2688 1213 Romanus
2730 1167 2869 1225 erat,
2902 1158 3136 1221 dicetur,
3156 1156 3442 1225 Quomodo

1862 1264 1989 1304 eum
2025 1250 2175 1315 alibi,
2210 1260 2319 1304 tum
2348 1250 2409 1305 in
2430 1250 2548 1320 ipsa
2572 1252 2780 1306 illamet
2810 1253 3075 1307 concione
3097 1249 3349 1307 Judaeum
3379 1265 3442 1307 se

1861 1346 2180 1415 pronuntiat
2199 1386 2215 1410 ,
2270 1354 2325 1399 et
2353 1345 2593 1416 patriam.
2614 1346 2717 1400 sibi
2743 1346 2976 1401 Tarsum
3002 1345 3334 1416 proﬁtetur?
3360 1346 3441 1400 ait

1862 1436 2006 1491 enim
2032 1450 2048 1490 :
2080 1434 2195 1506 Ego
2220 1436 2440 1506 quidem
2471 1451 2591 1491 sum
2625 1435 2867 1499 Iudaeus,
2912 1436 3109 1501 Tarsi,
3156 1452 3280 1507 quae
3309 1439 3439 1491 urbs

1864 1535 1951 1581 est
1974 1542 2075 1582 nec
2106 1527 2380 1597 ignobilis,
2411 1528 2616 1582 Cilicia
2643 1529 2797 1583 civis.
2824 1528 2945 1594 Qua
2971 1530 3184 1584 ratione
3204 1543 3439 1584 concur-

1866 1632 1986 1672 rere
2015 1617 2132 1672 btec
2163 1626 2395 1687 utraque
2423 1626 2685 1687 possunt,
2736 1629 2799 1672 ut
2840 1633 2965 1674 cum
3002 1616 3279 1674 Romanus
3320 1630 3437 1674 tum

194 1717 434 1782 Ἰουδαῖος
468 1716 833 1788 ἐχρημάτιζε,
868 1717 1106 1788 πατρίδα
1146 1716 1396 1788 Τάρσους
1424 1715 1585 1787 ἔχων,
1630 1718 1690 1768 ἐν

1867 1707 2081 1765 ludazus
2112 1711 2419 1767 habeatur?
2446 1711 2690 1766 Dicimus
2716 1711 2803 1765 hic
2826 1711 2902 1765 nil
2922 1712 3148 1768 subesse
3170 1712 3435 1786 absurdi;

192 1809 283 1871 τὰς
324 1810 597 1879 μητρικὰς
630 1809 790 1873 αὐτὸς
821 1809 1013 1863 ἐλυσεν
1050 1809 1275 1873 ὠδῖνας·
1307 1808 1461 1880 sese
1493 1810 1509 1849 ί
1544 1810 1635 1861 τὸν
1660 1808 1758 1860 αύ-

192 1901 279 1953 τοῦ
319 1902 534 1973 πατέρα
577 1903 859 1973 Ῥωμαϊκῇ
905 1902 1206 1973 φιλοτιμίᾳ,
1255 1902 1289 1973 ἢ
1338 1903 1435 1956 καὶ
1486 1903 1755 1974 χρήμασι,

202 1984 459 2062 Ῥωμαῖον
487 1994 854 2065 ἐγγραφῆναι,
915 1994 1188 2064 Ῥωμαῖος
1213 1994 1307 2046 καὶ⁵
1330 1992 1490 2056 αὐτὸς
1513 1991 1765 2046 ἐκαλεῖτό

192 2100 245 2137 τε
275 2085 365 2139 καὶ
387 2084 706 2155 ἐτύγχανεν.

253 2331 326 2386 Δι’
353 2332 380 2384 ὂ
399 2331 412 2383 i
430 2374 447 2399 ,
468 2332 568 2387 καὶ
591 2333 686 2387 τοῦ
720 2334 919 2388 Λυσίου
968 2334 1105 2405 πρὸς
1133 2334 1295 2390 αὑτὸν
1326 2336 1598 2401 εἰπόντος,
1619 2337 1763 2406 Ἐγὼ

184 2423 240 2477 δὲ
273 2424 469 2478 πολλοῦ
510 2424 808 2493 κεφαλαίου
838 2426 939 2494 τὴν
975 2426 1253 2480 πολιτείαν
1283 2427 1489 2498 ταύτην
1529 2427 1762 2499 ἐκτησά-

190 2533 309 2587 μην,
338 2518 511 2579 αύτὸς
537 2518 837 2587 ἐπήγαγεν,
876 2517 1019 2585 Ἐγὼ
1047 2517 1105 2572 δὲ
1148 2519 1241 2572 καὶ
1266 2519 1598 2590 γεγέννημαι
1617 2536 1632 2549 '
1663 2520 1765 2574 οὐκ

186 2610 239 2660 ἐν
263 2611 324 2678 τῇ
364 2606 567 2679 Ῥώμῃ
612 2608 855 2679 δηλονότι
879 2625 894 2640 °
935 2609 1059 2663 οὐδὲ
1103 2610 1211 2682 γὰρ
1260 2612 1368 2665 οὐδ’
1391 2612 1419 2664 ὁ
1459 2613 1664 2674 Δυσίας
1706 2613 1765 2665 ἐν

182 2700 351 2772 ταύτῃ
367 2700 709 2771 γεννηθῆναι
737 2700 1137 2772 ἐμεγαληγόρει
1187 2703 1281 2756 καὶ
1307 2703 1615 2769 διετείνετο,
1646 2704 1761 2757 ἀλλ’

190 2793 243 2844 ἐν
271 2792 442 2864 ταύτῃ
470 2794 545 2862 τῇ
593 2793 872 2864 Ῥωμαϊκῇ
921 2793 1113 2864 κλήσει
1145 2796 1238 2848 καὶ
1289 2796 1355 2865 τῇ
1409 2796 1672 2867 πολιτείᾳ,
1705 2799 1764 2849 ἐν

188 2875 222 2955 ᾗ
247 2884 494 2947 κάκεῖνος
522 2884 698 2937 τελεῖν
727 2883 1158 2954 ἁπεσεμνύνετο.
1186 2886 1329 2956 Πρὸς
1355 2885 1414 2939 ὃν
1448 2888 1542 2941 καὶ
1566 2890 1595 2942 ὀ
1622 2887 1764 2951 θεῖος

191 2972 392 3037 Παῦλος
422 2975 845 3045 ἀποτεινόμενος
886 2974 1039 3044 ἔλεγε
1077 2977 1359 3049 μονονουχὶ
1390 2978 1634 3049 φάσκων,
1668 2979 1763 3033 καὶ

186 3065 462 3136 καθαιρῶν
483 3066 654 3119 αὐτοῦ
684 3066 745 3120 τὸ
784 3066 1063 3137 φρόνημα,
1101 3069 1184 3121 ὅτι
1212 3070 1283 3123 Σὺ
1304 3047 1434 3141 δήμέν
1457 3072 1769 3141 πρόσφατον
1796 3047 1838 3102 C

186 3156 280 3210 καὶ
308 3158 417 3211 ἀπὸ
446 3157 546 3211 σοῦ
585 3157 833 3228 προϊέναι
883 3158 1250 3227 ἀπαγγέλλεις
1279 3158 1341 3213 τὸ
1377 3161 1616 3230 ἀξίωμα,
1644 3163 1771 3231 ἐμοὶ

186 3246 239 3302 δὲ
265 3247 475 3303 ἄνωθεν
496 3248 870 3319 ἐῤῥιζωμένον
911 3251 1004 3305 καὶ
1032 3252 1097 3304 ὲκ
1144 3253 1347 3323 πατρὸς
1396 3255 1769 3324 καταγόμενον

184 3338 283 3407 τῆς
312 3338 475 3410 δόξης
503 3338 711 3408 ταύτης
752 3343 845 3392 κα)⁹
882 3338 983 3409 τῆς
1008 3342 1379 3411 προσηγορίας
1400 3341 1686 3415 ἐκληρώθη
1707 3344 1769 3397 τὸ

184 3430 502 3501 προνόμιον.
523 3431 628 3485 Διά
641 3449 722 3484 τοι
734 3431 891 3485 τοῦτο
912 3433 1159 3496 κάκεῖνος
1175 3435 1417 3498 ἀκούσας
1438 3437 1531 3488 καὶ
1548 3435 1769 3506 βεϐαιω-

183 3523 333 3588 θεὶς,
392 3525 479 3579 ὅτι
537 3523 808 3592 Ῥωμαῖον
876 3524 1007 3578 ὄντα
1072 3525 1294 3579 τύπτειν
1344 3528 1639 3598 ἐπεχείρει,
1690 3530 1770 3592 είς

179 3613 381 3669 δειλίαν
412 3615 515 3669 καὶ
549 3614 713 3683 φόϐον
745 3615 805 3667 τὸ
851 3614 1049 3686 θράσος
1075 3616 1169 3669 καὶ
1197 3617 1295 3687 τὴν
1322 3617 1490 3690 ὀργὴν
1516 3618 1767 3683 διαλύων,

184 3708 593 3762 συνεστέλλετο.
634 3707 810 3778 Τιμῆς
843 3707 950 3779 γὰρ
991 3708 1272 3779 ἅπήλαυον
1294 3712 1415 3763 κατ’
1445 3712 1621 3765 ἐκεῖνο
1646 3730 1768 3766 και-

183 3798 299 3867 ροῦ,
329 3799 431 3870 οὐχ
453 3802 577 3854 ὅσοι
609 3799 768 3868 μόνον
790 3798 1053 3868 ἰθαγενεῖς
1077 3801 1177 3872 τῆς
1206 3802 1425 3873 Ῥώμης
1450 3804 1764 3876 ἐτύγχανον,

177 3890 313 3946 ἀλλὰ
341 3893 441 3947 καίΙ
462 3893 616 3954 ὅσοις
643 3890 784 3961 αὑτὴ
830 3892 864 3963 ἡ
906 3891 1099 3962 κλῆσις
1125 3893 1275 3964 νόμῳ
1301 3896 1538 3966 χαρίτων
1565 3897 1597 3968 ἢ
1628 3916 1766 3969 χρη-

180 3983 394 4052 μάτων,
451 3984 803 4039 ἐπολιτεύετο
830 4000 845 4016 ·
900 3984 1054 4038 οὐδὲν
1114 3982 1209 4040 οὖν
1249 3987 1509 4042 δύσκολον
1552 3992 1767 4045 καὶτὸν

175 4074 319 4130 θεῖον
349 4076 578 4131 Παῦλον
616 4075 867 4129 Ἰουδαῖον
903 4075 1052 4141 ὄντα,
1098 4078 1196 4131 καὶ
1234 4078 1506 4150 Ῥωμαῖον
1545 4099 1766 4154 χρημα-

1860 1801 2217 1872 ortuquidem
2244 1804 2479 1874 generis,
2512 1814 2569 1858 et
2589 1804 2724 1873 legis
2749 1802 3002 1859 Mosaicae
3035 1805 3439 1860 secundumin—

1862 1894 2232 1963 stitutionem,
2256 1894 2479 1952 Judaeus
2496 1894 2600 1950 fuit
2624 1913 2640 1962 ;
2684 1894 2917 1952 Tarsum
2941 1897 3173 1952 habebat
3187 1897 3436 1966 patriam,

1865 1988 1961 2042 ubi
1992 1996 2170 2042 mater
2214 1998 2412 2058 partus
2449 1988 2739 2045 doloribus
2765 1991 3004 2044 relevata
3031 2005 3154 2046 eum
3186 1990 3436 2061 peperit;

1861 2087 2077 2147 patrem
2099 2077 2311 2132 civibus
2338 2069 2607 2135 Roinanis
2624 2080 2950 2151 ascriptum,
2972 2081 3055 2135 vel
3068 2082 3439 2136 Romanorum

1864 2166 2202 2238 indulgentia
2264 2167 2349 2222 vel
2403 2170 2613 2224 nummi
2668 2171 2940 2225 numerati
2992 2171 3244 2239 edidere;
3314 2171 3443 2228 hinc

1863 2257 2143 2315 Romanus
2168 2260 2284 2330 ipse
2307 2262 2612 2328 dicebatur,
2643 2271 2699 2318 et
2719 2272 2858 2318 erat.

1934 2350 2208 2418 Quocirca
2231 2367 2354 2407 cum
2380 2352 2447 2407 ad
2478 2368 2602 2408 eum
2627 2354 2818 2425 Lysias
2863 2354 3091 2420 diceret,
3120 2356 3310 2426 Magna
3341 2373 3444 2428 ego

1865 2446 2093 2514 pecunia
2114 2444 2431 2500 civilitatem
2462 2445 2603 2502 hanc
2616 2448 2748 2512 emi,
2783 2448 3066 2517 respondit
3086 2467 3100 2503 :
3120 2449 3231 2519 Ego
3257 2459 3442 2505 autem

1861 2553 1918 2593 et
1955 2548 2116 2594 natus
2151 2554 2313 2602 sum;
2378 2554 2486 2593 non
2550 2549 2735 2596 autem
2771 2540 2962 2596 Roma:
2986 2556 3048 2597 se
3074 2552 3261 2597 natum
3291 2544 3441 2609 vult;

1865 2644 1971 2684 non
1996 2632 2143 2685 enim
2168 2646 2227 2686 se
2252 2630 2443 2700 Lysias
2492 2631 2692 2687 ibidem
2722 2640 2911 2686 natum
2935 2634 3293 2702 gloriabatur,
3351 2645 3447 2690 aut

1863 2725 2245 2787 contendebat,
2300 2724 2401 2778 sed
2463 2724 2519 2778 in
2590 2725 2692 2779 hac
2750 2724 2998 2780 Romana
3053 2727 3442 2798 appellatione,

1863 2824 1919 2870 et
1957 2816 2105 2869 civili
2157 2817 2279 2885 eius
2329 2826 2499 2882 statu,
2562 2815 2621 2871 in
2669 2832 2778 2887 qua
2823 2827 2878 2873 et
2906 2820 3023 2888 ipse
3053 2833 3111 2874 se
3145 2820 3444 2875 consistere

1870 2922 1983 2976 prae
2024 2922 2082 2962 se
2121 2906 2349 2962 ferebat.
2398 2908 2498 2963 Cui
2526 2909 2749 2965 divinus
2773 2909 2979 2967 Paulus
3000 2913 3206 2968 directo
3234 2928 3447 2969 sermo-

1873 3016 1940 3054 ne
1968 3001 2064 3065 ait,
2118 3009 2327 3056 tantum
2385 3016 2493 3056 non
2544 3002 2662 3073 ejus
2697 3004 2925 3073 spiritus
2960 3005 3327 3075 deprimens:
3360 3006 3441 3061 Tu

1872 3092 2091 3160 quidem
2148 3094 2284 3146 mihi
2344 3094 2603 3149 nevitia-m
2663 3111 2858 3151 narras
2912 3097 3270 3163 nobilitatem,
3336 3108 3445 3155 eta

1873 3184 2157 3252 temetipso
2183 3192 2451 3250 exortam,
2483 3195 2538 3241 at
2566 3187 2701 3241 mihi
2734 3188 2879 3243 cedit
2905 3190 3020 3243 haec
3055 3192 3443 3261 praerogativa,

1870 3286 1901 3326 a
1929 3270 2230 3341 majoribus
2264 3271 2512 3341 fundata,
2555 3282 2611 3329 et
2644 3291 2742 3345 per
2765 3285 3046 3345 paternam
3075 3279 3311 3348 gloriam
3342 3295 3444 3334 no-

1872 3361 2072 3417 minata
2116 3364 2183 3418 ad
2206 3378 2294 3417 me
2325 3364 2592 3421 derivata.
2624 3366 2740 3423 Hoc
2772 3368 2863 3423 ille
2891 3369 3104 3433 audito,
3137 3379 3190 3425 et
3222 3386 3449 3441 persua-

1872 3468 1969 3508 sus
1997 3455 2144 3523 quod
2171 3454 2459 3511 Romanus
2486 3465 2624 3521 erat,
2684 3472 2982 3528 propterea
3019 3460 3168 3530 quod
3204 3461 3449 3517 verberi-

1870 3541 1973 3595 bus
2022 3542 2347 3608 cecidisset,
2417 3544 2475 3598 in
2510 3546 2765 3601 timorem
2825 3556 2884 3601 et
2941 3548 3447 3617 pusillanimitatem

1871 3648 2149 3688 conversa
2220 3634 2526 3703 iracundia,
2591 3639 3003 3706 coarctabatur;
3058 3656 3184 3695 nam
3230 3657 3329 3711 per
3360 3643 3449 3698 illa

1868 3741 2115 3800 tempora
2171 3730 2520 3787 deferebatur
2585 3733 2765 3788 honor
2816 3751 2927 3790 non
2978 3736 3155 3791 solum
3189 3737 3451 3795 Romanis

1869 3821 2163 3891 indigenis,
2217 3824 2311 3878 sed
2351 3832 2409 3878 et
2455 3824 2523 3879 iis
2584 3826 2787 3894 quibus
2856 3828 2947 3881 illa
3017 3830 3311 3899 appellatio
3363 3833 3449 3887 vel

1868 3930 1965 3984 per
1996 3916 2251 3985 gratiam,
2284 3916 2368 3970 vel
2404 3931 2502 3985 per
2534 3919 2824 3985 pecuniam
2873 3934 2904 3974 e
2928 3920 3047 3991 lege
3079 3922 3329 3990 cederet;
3360 3926 3444 3979 ni-

1868 4007 1946 4060 llil
1989 4021 2121 4076 ergo
2175 4007 2394 4073 obstat,
2460 4007 2708 4064 divinum
2764 4012 3017 4076 Paulum,
3047 4028 3173 4067 cum
3227 4012 3448 4073 Judatus

1867 4108 2033 4165 esset,
2060 4097 2370 4153 Romanum
2417 4102 2690 4156 nominari
2720 4120 2735 4156 :
2784 4117 2910 4157 nam
2941 4113 2997 4159 et
3034 4105 3243 4159 viritim
3271 4107 3446 4172 multi,

174 4171 345 4228 τίσαι.
380 4173 501 4227 Καὶ
535 4170 645 4241 γάρ
666 4170 763 4225 καὶ
784 4173 905 4225 κατ’
939 4172 1127 4244 ἄνδρα,
1159 4174 1349 4246 ὥσπερ
1370 4179 1397 4230 ό
1424 4178 1650 4245 Λυσίας,
1671 4182 1762 4235 καὶ

1870 4201 1931 4247 ut
2000 4191 2215 4263 Lysias,
2280 4203 2335 4250 et
2387 4194 2613 4266 integrae
2669 4194 2957 4251 confertim
3023 4198 3274 4256 civitates
3323 4170 3450 4256 cum

173 4264 360 4329 πόλεις
390 4263 715 4335 ὁλόκληροι,
734 4264 834 4335 τὴν
876 4265 1165 4336 Ῥωμαίων
1201 4268 1413 4339 κλῆσιν,
1459 4269 1762 4339 ἀλλογενεῖς

1867 4292 2141 4339 extranea:
2162 4296 2369 4352 essent,
2410 4287 2631 4341 titulum
2661 4287 3038 4344 Romanorum
3070 4292 3268 4347 civium
3308 4293 3361 4347 in
3390 4309 3452 4349 se

170 4354 352 4426 οὖσαι,
374 4360 465 4423 είς
496 4358 700 4422 ἑαυτὰς
721 4359 1128 4429 ἐφειλκύσαντο.
1165 4362 1271 4415 Καὶ
1304 4362 1391 4416 ἵνα
1416 4362 1512 4417 νῦν
1537 4364 1607 4418 τὰ
1632 4365 1762 4420 ἄλλα

1870 4376 2209 4432 derivarunt.
2239 4376 2311 4431 Ut
2337 4390 2533 4434 caetera
2572 4381 3009 4450 praetermittam,
3063 4384 3195 4439 audi
3242 4383 3451 4455 Philip-

172 4451 355 4523 παρῶ,
392 4453 643 4508 ἄκουσον
660 4451 1054 4523 Φιλιππησίους
1069 4454 1218 4519 ὅπως
1231 4457 1457 4521 ἑαυτοὺς
1471 4457 1762 4528 Ῥωμαίους

1873 4483 2085 4537 penses,
2121 4478 2180 4524 ut
2217 4485 2276 4526 se
2304 4470 2451 4527 cives
2472 4472 2753 4529 Romanos
2787 4474 3128 4545 gloriantur:
3154 4491 3279 4531 cum
3302 4479 3450 4531 enim

170 4543 675 4615 ἁποσεμνύνουσιν.
748 4544 941 4599 Ἦνίκα
986 4545 1096 4616 γὰρ
1148 4546 1359 4612 Παῦλος
1407 4549 1468 4602 τὸ
1520 4550 1762 4617 Πυθῶνος

1869 4557 2079 4615 Paulus
2095 4560 2142 4592 ⁸⁸
2170 4561 2422 4632 spiritum
2453 4543 2818 4633 Pythonicum
2857 4581 2888 4621 e
2932 4566 3117 4635 puella
3150 4567 3453 4637 expulisset

169 4634 400 4706 πνεῦμα
442 4638 553 4706 τῆς
592 4634 883 4705 παιδίσκης
926 4635 1194 4705 ἀπήλασε,
1247 4638 1349 4693 καὶ
1393 4640 1529 4711 πρὸς
1575 4642 1762 4714 ὀργὴν,

1869 4651 2128 4723 illiusque
2161 4652 2417 4709 dominus
2451 4655 2545 4724 qui
2589 4656 2797 4725 gratias
2824 4634 3075 4724 debebat,
3101 4658 3170 4713 ob
3190 4634 3309 4713 eam
3336 4674 3450 4714 rem

170 4727 348 4797 αὐτῆς
369 4728 423 4780 οἱ
456 4726 673 4797 κύριοι,
691 4725 808 4779 δέον
830 4726 1193 4796 εὐχαριστεῖν,
1219 4728 1649 4803 ἁνεφλέχθησαν,
1675 4734 1762 4788 καὶ

1867 4742 1947 4796 ira
1978 4741 2345 4799 inﬂammatus
2386 4745 2764 4804 benefactores
2798 4749 2856 4802 in
2907 4747 3089 4803 forum
3145 4751 3211 4806 ad
3252 4752 3452 4822 magis-

168 4821 299 4885 τοὺς
337 4819 654 4891 εὐεργέτας
695 4819 775 4883 είς
821 4818 1166 4914 τὴνῌάγορὰν
1199 4823 1293 4875 ἐπὶ
1331 4822 1459 4888 τοὺς
1500 4825 1762 4897 ἄρχοντας

1874 4842 2077 4889 tratum
2138 4835 2437 4904 adductos,
2498 4838 2762 4894 tribunali
2816 4840 3069 4897 sisteret:
3104 4841 3222 4912 Isti,
3252 4818 3450 4914 inquit,

167 4913 416 4977 εῖλκυον,
463 4911 615 4965 οὔτω
651 4911 835 4980 φασίν*
887 4904 1047 4966 Οὗτοι
1086 4912 1138 4965 οἱ
1180 4913 1457 4985 ἄνθρωποι
1500 4917 1762 4989 ἐκταράσ-

1872 4926 2145 4993 homines,
2200 4943 2324 4983 cum
2377 4930 2490 4985 sint
2512 4929 2708 4999 Judaei,
2760 4932 3031 4989 civitatem
3064 4946 3307 4992 nostram
3336 4946 3454 4993 tur-

165 5021 359 5059 σουσιν
395 5003 566 5075 ἡμῶν
613 5003 712 5073 τὴν
740 5004 914 5071 πόλιν,
953 5003 1201 5058 Ἰουδαῖοι
1231 5005 1584 5079 ὑπάρχοντες.
1631 5007 1762 5065 Εἶτα

1870 5017 2039 5086 bant;
2087 5019 2419 5076 annuntiant
2466 5023 2612 5077 enim
2663 5039 2804 5079 nova
2841 5025 3002 5081 nobis
3051 5026 3301 5083 instituta
3329 5046 3453 5100 quae

162 5098 261 5152 καὶ
301 5097 787 5165 καταγγέλλουσιν
824 5098 922 5169 ἐθη
955 5099 992 5153 ἃ
1036 5098 1137 5153 οὐκ
1184 5100 1397 5168 ἔξεστιν
1422 5106 1555 5175 ἡμῖν
1584 5122 1762 5177 παρα-

1869 5110 2165 5168 admit-tere
2196 5127 2307 5168 non
2336 5113 2487 5181 licet,
2553 5131 2678 5172 cum
2742 5117 2975 5173 Romani
3026 5119 3221 5177 simus.
3254 5097 3447 5186 Audis,

160 5189 429 5261 δέχεσθαι
472 5189 601 5242 οὐδὲ
638 5192 833 5257 ποιεῖν,
877 5193 1169 5265 Ῥωμαίοις
1202 5189 1371 5251 οὖσιν.
1433 5198 1595 5269 Ὁρᾷς
1623 5200 1762 5263 ὅπως

1867 5213 1927 5258 ut
1992 5204 2371 5278 Philippenses
2428 5209 2659 5265 Romani
2718 5210 3065 5280 dicebantur,
3131 5225 3186 5270 et
3235 5215 3338 5284 ipsi
3391 5229 3450 5267 se

157 5283 209 5335 οἱ
249 5281 637 5351 Φιλιππήσιοι
678 5282 934 5353 Ῥωμαῖοί
963 5302 1022 5338 τε
1070 5288 1459 5358 ἐχρημάτιζον,
1486 5290 1581 5344 καὶ
1627 5292 1761 5345 Ῥω-

1867 5294 2141 5354 Bomanos
2193 5301 2510 5371 nominant;
2559 5301 2935 5375 Pbi‘lippenscs
2987 5321 3017 5360 a
3072 5281 3449 5377 patria’dicc-

215 5452 264 5484 ”
299 5451 433 5507 Act.
466 5459 635 5513 unt,
663 5450 750 5503 27.

1448 5562 1682 5620 νΑιιιιιΕ
1713 5564 1959 5625 LECTIO
1970 5568 2011 5624 Ν
2019 5568 2124 5627 ES.

224 5660 249 5697 ⁸
280 5657 399 5712 καί.
490 5652 517 5691 h
555 5654 789 5724 Τάρσου.
872 5654 887 5693 ί
917 5654 1006 5707 τὸν
1035 5652 1113 5709 δέ.
1196 5652 1209 5703 i
1246 5653 1386 5710 ὅθεν.

538 5749 812 5809 Ρλτιιοι..
850 5750 966 5811 (in.
999 5747 1100 5808 Cl.
2986 5767 3063 5828 31
