3854 6216
432 215 540 280 963

1583 212 1848 276 PHOTII
1881 215 2386 277 PATRIARCH/E
2411 218 2520 280 CP.

3532 237 3633 301 9θὶ

427 333 648 397 bantur,
663 328 892 387 Romani
910 343 1008 402 per
1025 327 1320 385 decretum.
1339 326 1479 394 Quid
1505 327 1730 400 impedit
1745 345 1898 400 ergo,
1917 345 1998 400 po-

2113 332 2307 402 μαίους
2334 334 2562 397 ἑαυτοὺς
2593 331 2978 404 έξονομάζουσι
2997 351 3012 367 ⁸
3042 336 3104 390 τὸ
3126 335 3226 408 μὲν
3248 337 3448 410 ἔχοντες
3467 345 3528 400 ἐκ
3545 367 3640 403 πα-

428 421 539 476 tius
565 421 706 476 unde
734 434 841 474 non
858 419 1006 475 clare
1034 426 1268 484 constat,
1299 417 1518 474 beatum
1535 416 1762 473 Paulum
1785 420 1876 488 qui
1907 417 2006 474 Ju-

428 509 576 564 daeus
589 515 728 574 erat,
747 519 803 564 et
815 509 1122 574 Romanum
1142 507 1354 564 fuisse?
1372 507 1568 579 Liquet
1586 510 1730 564 enim
1743 523 1851 564 non
1879 509 2009 566 fuis-

428 616 489 658 se
505 603 864 672 imposturam
883 613 979 658 aut
992 602 1259 658 mendacii
1277 612 1620 672 praetextum,
1637 603 1782 672 quod
1807 602 2006 660 Paulus

427 694 660 749 Romani
690 695 908 749 titulum
957 695 1062 751 sibi
1090 695 1406 750 vindicarit.
1433 693 1492 748 Si
1524 694 1801 749 nonnullis
1827 709 1886 749 se
1912 696 2009 750 Ju-

424 786 603 842 daeum
667 788 1034 858 profiteretur,
1099 788 1227 843 aliis
1288 802 1350 842 se
1403 795 1622 842 vocaret
1669 786 2002 850 Romanum,

429 878 574 935 ﬁctio
607 879 699 935 illa
760 879 828 935 de
881 879 1200 949 deceptione
1251 879 1490 948 aliquam
1533 879 1767 948 speciem
1796 894 1907 949 prae
1942 894 2003 934 se

428 970 650 1027 ferret:
707 971 851 1042 quod
905 971 951 1027 si
975 972 1118 1040 apud
1170 971 1390 1026 eosdem
1449 979 1749 1040 utrumque
1780 986 1840 1027 se
1874 986 2001 1028 esse

427 1064 741 1131 contendat,
778 1073 926 1120 certe
976 1064 1130 1118 valde
1175 1063 1399 1118 stultum
1454 1062 1598 1120 foret
1656 1063 1998 1131 exiStimare,

429 1157 576 1227 quod
609 1156 952 1213 mendacium
1033 1156 1343 1224 meditatus,
1385 1157 1517 1212 illud
1556 1157 1826 1228 imprimis
1870 1173 1999 1228 pro-

425 1255 670 1316 poneret,
698 1255 753 1301 et
780 1230 908 1300 anie
939 1245 1044 1299 alia
1075 1246 1360 1312 fateretur,
1397 1248 1540 1302 unde
1573 1263 1738 1318 quam
1769 1248 1996 1319 expedi-

427 1337 642 1393 tissime
688 1336 814 1392 ﬁcta
865 1335 1109 1407 proferre
1156 1338 1593 1393 convinceretur.
1633 1339 1806 1411 Magis
1835 1340 2000 1410 perti-

428 1431 608 1497 nebat,
668 1429 739 1484 ad
795 1431 1070 1485 hominem
1113 1431 1240 1501 jure
1299 1431 1663 1488 confidentem
1694 1435 1994 1490 secundum

425 1518 504 1574 rei
528 1526 804 1584 naturam,
834 1529 890 1574 et
919 1521 1204 1574 veritatem
1237 1520 1442 1586 dicere,
1466 1537 1586 1592 quae
1609 1525 1762 1578 omni
1790 1524 1995 1580 calum-

426 1609 538 1673 nia,
569 1611 903 1680 suspicione,
932 1609 1171 1666 falsitate
1196 1610 1470 1668 eilicacior
1497 1622 1671 1685 est,et
1704 1616 1990 1680 illustrior,

2107 422 2308 494 τρίδος,
2353 423 2414 476 τὸ
2449 424 2525 489 δὲ,
2571 425 2679 478 ἀπὸ
2731 424 3116 496 ψηφισμάτων.
3147 426 3213 481 Τί
3252 426 3338 484 οὖν
3382 435 3640 507 eamad)»;

2109 512 2308 584 μᾶλλον
2339 513 2415 579 δὲ,
2455 514 2574 578 πῶς
2597 516 2657 568 οὐ
2692 517 2983 587 γεγένηται
3017 519 3271 590 φανερὸν,
3303 525 3393 577 καὶ¹
3435 526 3521 580 τδν
3549 547 3644 598 μα.

2105 606 2293 676 κάριον
2321 605 2531 659 Παῦλον
2573 606 2821 661 Ἰουδαῖον
2858 608 3006 674 ὄντα,
3037 611 3133 663 καὶ
3177 610 3435 682 Ῥωμαῖον
3476 613 3642 689 sint;

2107 696 2268 765 Δῆλον
2297 696 2354 749 δὲ
2395 696 2705 762 κάντεῦθεν,
2731 697 2807 762 ὡς
2851 699 2950 752 οὐκ
2980 700 3192 772 ἀπάτης,
3245 697 3313 774 ἦν
3351 705 3382 776 ἢ
3436 707 3644 776 ψεύδους

2101 786 2400 858 πρόσχημα
2447 787 2525 859 τῷ
2583 789 2799 861 Παύλῳ,
2854 791 2953 862 τῆς
2993 792 3304 866 Ῥωμαῖκῆς
3354 798 3584 871 κλήσεως
3610 807 3643 875 ἡ

2102 880 2394 945 οἰκείωσις.
2427 882 2491 934 Ei
2517 881 2626 954 γὰρ
2655 883 2792 954 πρὸς
2829 884 3019 948 ἄλλους
3054 887 3154 956 μὲν
3199 887 3440 944 Ἰουδαῖον
3473 892 3648 949 ἑαυτὸν

2101 971 2307 1037 ἐκάλει,
2353 974 2624 1046 Ῥωμαῖον
2666 975 2723 1028 δὲ
2761 975 2898 1044 πρὸς
2941 977 3181 1049 ἐτέρους,
3223 976 3366 1050 εἶχεν
3395 982 3457 1036 ἂν
3499 985 3648 1055 ήτῆς

2100 1065 2317 1136 ἀπάτης
2347 1067 2517 1138 σκηνή
2558 1084 2680 1120 τινα
2709 1067 2886 1137 λόγον.
2924 1069 2988 1122 Et
3032 1070 3090 1122 δὲ
3123 1070 3259 1141 πρὸς
3303 1072 3430 1136 τοὺς
3470 1075 3652 1141 αὐτοὺς

2099 1155 2383 1228 ἀμφότερα
2423 1157 2729 1223 διετείνετο,
2774 1158 2892 1223 πιῖις
2915 1161 2976 1213 ού
3015 1159 3138 1214 λίαν
3161 1160 3355 1232 εὔηθες
3397 1165 3648 1234 ὑπονοεῖν,

2099 1243 2182 1297 ὃτι
2207 1244 2400 1311 ψεῦδος
2425 1245 2600 1298 εἰπεῖν
2644 1246 2969 1317 μελετήσας,
3021 1249 3197 1303 ἐκεῖνο
3253 1249 3524 1322 προῦθηκε
3567 1256 3653 1310 καὶ

2098 1333 2664 1408 προδιωμολογήσατο,
2695 1337 2764 1392 δι’
2783 1334 2845 1394 οὗ
2878 1340 3078 1409 μᾶλλον
3111 1341 3177 1396 ἄν
3205 1360 3291 1406 τις
3312 1344 3652 1417 πεπλασμένα

2097 1424 2272 1495 λέγων
2312 1426 2688 1498 ἑξελέγχοιτο;
2719 1429 3060 1502 Θαρῤοῦντος
3097 1434 3207 1504 γὰρ
3249 1435 3448 1504 μᾶλλον
3489 1433 3558 1508 ἦν
3586 1440 3655 1504 ὡς

2096 1517 2312 1589 ἀληθῶς
2347 1521 2414 1590 τῇ
2440 1519 2549 1572 τῶν
2584 1522 2926 1592 πραγμάτων
2948 1524 3126 1594 φύσει,
3165 1525 3261 1579 καὶ
3288 1528 3387 1598 τὴν
3409 1528 3654 1598 ἀλήθειαν

2095 1609 2330 1678 ἔχοντος,
2360 1610 2612 1683 διαϐολῆς
2640 1613 2858 1686 ἀπάσης
2885 1615 2980 1669 καὶ
3019 1617 3274 1682 ὑπονοίας
3313 1621 3404 1672 καὶ⁵
3443 1621 3656 1690 ψεύδους

426 1701 568 1771 apud
611 1701 760 1771 ipsos
800 1705 1102 1772 praesertim
1150 1703 1204 1758 in
1239 1705 1400 1773 pleno
1434 1720 1695 1762 consessu
1749 1705 1994 1770 Judaeos,

2100 1703 2495 1774 ἐναργεστέραν
2537 1722 2598 1758 τε
2641 1709 2735 1759 καὶ
2788 1707 3197 1780 λαμπροτέραν,
3246 1711 3306 1763 τὸ
3361 1689 3495 1783 πρδς
3539 1715 3656 1778 τοὺς

430 1811 492 1852 se
513 1794 758 1851 Judaeum
795 1797 1092 1862 declarare,
1152 1807 1205 1852 et
1234 1799 1380 1867 quod
1407 1797 1693 1855 Tarsensis
1720 1801 1914 1870 Patria,
1945 1811 1999 1855 ct

426 1888 501 1943 ita
555 1888 774 1942 demum
838 1889 986 1958 quod
1032 1889 1312 1945 Romanus
1363 1900 1520 1946 erat:
1569 1906 1751 1960 eoque
1811 1894 1996 1962 potius

427 1980 572 2050 quod
597 1995 705 2035 non
749 1982 936 2044 semel,
982 1996 1081 2035 nec
1127 1983 1338 2037 occulte
1361 1998 1420 2038 se
1465 1979 1770 2037 Romanum
1829 1983 1991 2054 proti-

427 2081 659 2135 teretur,
707 2072 802 2127 sed
853 2073 937 2127 bis
980 2081 1128 2127 terve
1181 2073 1465 2128 tribunum
1503 2073 1873 2140 terrefaciens,
1903 2075 1998 2145 qui

427 2165 651 2219 omnino
672 2164 726 2218 in
758 2162 998 2220 furorem
1033 2180 1331 2221 conversus
1365 2166 1579 2232 fuisset,
1620 2166 1666 2220 si
1702 2165 1996 2223 falsitatem

429 2265 553 2326 post
584 2266 894 2312 accuratam
925 2257 1300 2328 quaestionem,
1355 2259 1420 2312 ad
1454 2274 1620 2329 quam
1667 2260 1998 2316 incitabatur

432 2364 534 2420 per
562 2350 712 2404 illam
747 2349 1181 2414 alﬁrmationem,
1224 2345 1538 2420 reperisset.
1569 2350 1754 2408 Facile
1793 2353 1998 2410 idcirco

433 2441 682 2498 ediscere
707 2442 1010 2512 poterimus
1046 2457 1078 2494 e
1123 2442 1308 2497 multis
1354 2443 1724 2511 praeostensis,
1777 2444 1994 2500 beatum

430 2533 657 2588 Paulum
715 2533 1022 2587 Romanum
1054 2533 1376 2600 exstitisse;
1429 2534 1699 2604 imprimis
1751 2539 1819 2592 ab
1867 2537 1999 2592 insi-

423 2626 587 2681 dente
619 2624 723 2694 ipsi
756 2625 998 2687 veritate,
1033 2624 1189 2692 cujus
1225 2639 1401 2694 przeco
1431 2629 1853 2695 agnoscebatur,
1881 2638 1994 2684 tum

423 2717 570 2788 quod
630 2731 753 2771 cum
811 2715 1022 2770 sistitur
1078 2716 1360 2782 tribunali,
1397 2717 1635 2786 seipsum
1690 2717 1996 2774 Romanum

422 2807 747 2878 proclamat.
784 2805 968 2861 Tertio
998 2806 1143 2876 quod
1185 2820 1313 2860 cum
1350 2805 1418 2861 de
1468 2807 1771 2877 impostura
1812 2819 1866 2864 et
1895 2809 1997 2864 fal-

425 2897 579 2954 laciis
605 2897 992 2968 postularetur,
1028 2913 1138 2952 non
1169 2899 1272 2952 nisi
1311 2897 1540 2953 ridicule
1566 2908 1620 2952 et
1649 2901 1998 2968 impudenter

425 2994 642 3048 mentiri
672 3001 880 3063 poterat
909 3011 925 3048 :
960 3002 1014 3048 et
1040 2993 1182 3062 quod
1218 3006 1347 3056 non,
1382 3003 1442 3048 ut
1471 2993 1551 3056 ﬁt,
1588 2993 1817 3050 fortuito
1847 2997 1994 3049 illam
2025 3017 2067 3075 ο

425 3099 611 3140 vocem
635 3085 935 3148 emittebat,
971 3093 1067 3137 aut
1090 3083 1325 3152 joculari
1367 3085 1603 3154 quadam
1645 3086 1999 3141 simulatione

428 3192 579 3243 usus,
611 3176 757 3247 quod
793 3179 921 3247 quis
951 3175 1221 3245 suspicari
1257 3176 1447 3244 possit,
1479 3177 1574 3231 sed
1601 3186 1659 3231 ut
1705 3192 1764 3233 se
1795 3179 2002 3234 exime-

426 3279 510 3323 ret
548 3282 578 3322 a
608 3267 916 3330 tormentis,
969 3276 1023 3321 et
1079 3266 1394 3336 prtefectum
1431 3267 1801 3322 terrel‘aceret.
1833 3269 2001 3323 Porro

427 3355 575 3426 quod
606 3355 822 3425 Lysiam
858 3356 914 3409 in
941 3370 1071 3410 suas
1098 3364 1278 3425 partes
1328 3357 1614 3424 pertraxit,
1656 3367 1715 3412 ut
1740 3373 1772 3412 a
1801 3367 1999 3413 contu-

427 3447 590 3501 melia
618 3446 896 3501 inferenda
921 3445 1220 3501 abstineret
1246 3463 1262 3512 ;
1309 3454 1364 3500 et
1395 3448 1540 3516 quod
1579 3447 1770 3519 Lysias
1794 3451 1862 3504 ad
1890 3450 1998 3504 Fe-

429 3537 590 3592 licem
622 3536 860 3606 scripsit,
890 3552 951 3592 se
987 3537 1212 3592 Paulum
1258 3535 1564 3592 Romanum
1595 3541 1765 3594 civem
1815 3556 1845 3594 a
1898 3540 2024 3596 ειη-ν

428 3630 670 3684 datorum
720 3629 1022 3698 sanguineo
1053 3627 1238 3682 furore
1269 3629 1560 3685 exemisse.
1595 3631 1659 3685 Et
1683 3639 1828 3685 certe
1849 3631 2001 3688 Felix

431 3720 554 3774 licet
584 3718 818 3773 voluerit
860 3717 1068 3774 ludatis
1095 3718 1411 3790 gratiﬁcari,
1449 3723 1516 3774 de
1562 3721 1656 3774 tali
1690 3722 2002 3791 suspicione

429 3825 500 3866 ne
552 3811 827 3880 cogitabat
857 3812 1074 3881 quidem
1122 3830 1138 3868 :
1193 3812 1460 3880 imprimis
1497 3813 1669 3868 refelli
1691 3829 1799 3868 non
1825 3824 2002 3884 potest

429 3902 598 3968 illud,
617 3903 765 3972 quod
803 3917 938 3972 gens
958 3902 1268 3958 Judaeorum
1300 3912 1411 3958 tum
1436 3919 1700 3974 praesens,
1729 3916 1783 3962 et
1812 3917 2000 3963 contra

430 4004 554 4048 cum
592 3992 793 4048 caedem
823 3993 1066 4062 spirans,
1095 4007 1148 4048 et
1197 3995 1272 4048 nil
1301 4010 1407 4049 non
1445 4011 1665 4062 ausura,
1694 4013 1802 4052 non
1834 4001 2002 4053 aude-

433 4086 563 4140 bant
616 4086 696 4140 illi
744 4087 921 4140 dicam
993 4086 1301 4141 istiusmodi
1350 4087 1619 4142 mendacii
1674 4089 1996 4144 inscribere.

429 4176 654 4231 Accedit
707 4177 854 4246 quod
908 4178 1049 4246 apud
1097 4178 1316 4232 eosdem
1379 4187 1674 4247 utrumque
1721 4180 2000 4248 professus

431 4266 615 4332 fuerit,
646 4282 841 4337 nempe
882 4269 1028 4338 quod
1055 4266 1277 4322 Iudaeus
1300 4276 1354 4321 et
1379 4271 1526 4336 quod
1560 4270 1836 4323 lictnanus
1860 4278 1997 4334 erat;

2097 1794 2318 1860 αὐτοὺς,
2371 1796 2470 1850 καὶ
2516 1795 2574 1848 ὲν
2625 1796 2906 1869 ὁλοκλήρῳ
2943 1797 3122 1869 δήμῳ,
3175 1799 3432 1855 Ἰουδαῖον
3476 1804 3656 1856 ἑαυτὸν

2097 1888 2410 1954 ἁνειπόντα,
2441 1889 2534 1942 καὶ
2569 1889 2668 1959 τὴν
2701 1889 2938 1962 πατρίδα
2965 1889 3046 1943 ὅτι
3085 1888 3360 1961 Ταρσεὺς,
3399 1890 3657 1961 Ῥωμαῖοιν

2098 1979 2295 2048 ἐφεξῆς
2322 1980 2738 2050 ἀποφήνασθαι·
2767 1981 2862 2034 καὶ
2891 1980 3127 2051 μάλιστά
3161 1996 3251 2050 γε,
3294 1981 3378 2034 ὅτι
3404 1981 3501 2050 οὐχ
3525 1979 3662 2046 ἅπαξ

2097 2071 2218 2124 οὐδὲ
2232 2071 2420 2143 ὥσπερ
2435 2071 2728 2140 λανθάνων,
2751 2074 2834 2138 τὸ,
2865 2072 3167 2142 Ῥωμαῖος,
3188 2074 3299 2144 ὲπή
3308 2087 3515 2142 νεγκεν⁶
3535 2072 3662 2127 ἀλλὰ

2096 2162 2192 2216 καὶ
2217 2161 2318 2227 δὶς,
2350 2164 2542 2226 καιέίς
2566 2162 2766 2235 τρίτον,
2803 2164 2897 2216 καὶ
2924 2164 3016 2218 τὸν
3045 2163 3330 2236 χιλίαρχον
3368 2164 3661 2234 δεδιττόμε-

2097 2268 2186 2316 νος
2207 2268 2221 2281 ·
2255 2251 2285 2305 ὃ
2313 2251 2548 2319 μάλιστα
2577 2253 2670 2306 καὶ
2696 2254 2775 2315 είς
2797 2253 2964 2323 ὀργὴν
3003 2251 3222 2306 ἐκκαίει
3243 2251 3494 2322 καὶπρὸς
3512 2252 3664 2321 ἀκρι-

2098 2343 2383 2416 ϐεστέραν,
2411 2346 2506 2398 καὶ
2535 2345 2661 2408 τούς
2690 2363 2755 2414 γε
2787 2344 2860 2416 μὴ
2897 2345 3281 2416 βουλομένους,
3325 2345 3562 2398 ἀνακινεῖ
3579 2341 3666 2395 καὶ

2100 2435 2431 2506 διανίστησιν
2451 2435 2696 2507 ἔρευναν.
2727 2437 2883 2489 Ἔστι
2904 2436 3081 2489 τοίνυν
3106 2435 3202 2488 τὸν
3225 2434 3508 2487 θεσπέσιον
3527 2432 3666 2487 Παῦ-

2100 2527 2211 2591 λον,
2233 2527 2319 2580 διά
2340 2527 2598 2582 πλειόνων
2619 2526 2693 2590 ὡς
2715 2526 2949 2596 ἐδείχθη,
2979 2527 3254 2596 Ῥωμαῖον
3270 2520 3412 2580 εἶναι
3435 2541 3669 2594 καταμα-

2099 2617 2230 2671 θεῖν’
2250 2617 2463 2687 πρῶτον
2493 2618 2592 2687 μὲν
2613 2618 2722 2670 ἀπὸ
2749 2617 2848 2688 τῆς
2883 2617 3194 2688 προσούσης
3215 2619 3365 2688 αὐτῷ
3393 2616 3667 2687 ἀληθείαςο

2098 2708 2190 2761 καὶ
2232 2709 2313 2762 ὅτι
2344 2709 2516 2778 κήρυξ
2547 2709 2716 2780 αὐτῆς
2747 2709 3088 2778 ἐγνωρίζετο.
3131 2709 3429 2781 Δεύτερον,
3472 2709 3552 2761 ὃτι
3581 2707 3669 2760 καὶ

2097 2801 2364 2872 κριτηρίῳ
2398 2801 2754 2871 παρεστηκὼς
2782 2802 2971 2855 ἑαυτὸν
3001 2803 3278 2872 Ῥωμαῖον
3323 2803 3489 2871 ἁνεκή
3501 2816 3668 2871 ρυττε.

2098 2893 2204 2945 Καὶ
2221 2892 2419 2962 τρίτον,
2439 2894 2520 2945 ὅτι
2533 2895 2612 2956 εἰς
2626 2893 2838 2962 ἀπάτην
2855 2892 2948 2944 καὶ
2965 2892 3308 2964 κακουργίαν
3324 2889 3674 2958 συκοφαντού-

2102 3001 2281 3054 μενος,
2301 2985 2358 3037 ὲν
2429 2985 2551 3036 οὐδὲ
2569 2985 2658 3036 τὸν
2680 2984 2799 3038 λίαν
2817 2985 2986 3054 εὐήθη
3005 2984 3096 3036 καὶ
3111 2984 3315 3054 ἀναιδῆ
3335 2980 3676 3053 ἐνῆνδιαψεύ-

2104 3075 2316 3127 σασθαι.
2330 3077 2438 3128 Καὶ
2453 3075 2534 3128 ὅτι
2550 3077 2646 3145 οὐχ
2658 3076 2843 3138 ἁπλῶς
2857 3077 3034 3145 ἀφῆκε
3050 3074 3264 3144 ταύτην
3279 3076 3381 3146 τὴν
3399 3073 3577 3142 φωνὴν
3588 3070 3674 3124 καὶ

2103 3167 2494 3237 θρυπτόμενος,
2519 3168 2653 3237 ὅπερ
2681 3168 2746 3221 ἄν
2769 3184 2852 3230 τις
2879 3167 3006 3230 ἴσως
3037 3168 3132 3220 καὶ
3161 3168 3517 3237 ὑπερόψοιτο,
3549 3163 3677 3217 ἀλλὰ

2103 3258 2350 3328 βασάνων
2375 3259 2566 3311 ἑαυτὸν
2597 3257 2978 3329 ἐξαιρούμενος
3001 3259 3096 3311 καὶ
3117 3259 3220 3311 τὸν
3250 3260 3492 3328 ἄρχοντα
3515 3255 3678 3308 δεδιτ-

2099 3349 2343 3418 τόμενος.
2380 3348 2497 3401 Ἔτι
2523 3349 2579 3401 δὲ
2607 3348 2701 3402 καὶ⁹
2740 3348 2798 3412 ἐξ
2827 3347 2990 3401 αὑτοῦ
3028 3346 3122 3400 τοῦ
3153 3347 3458 3401 πεπεῖσθαι
3485 3344 3678 3399 Λυσίαν

2101 3443 2196 3494 καὶ
2230 3441 2567 3512 ἀποσχέσθαι
2593 3444 2689 3512 τῆς
2711 3439 2937 3510 ὕϐρεως,
2966 3440 3060 3493 καὶ
3088 3442 3155 3493 ὲκ
3185 3440 3284 3494 τοῦ
3313 3440 3455 3510 πρὸς
3479 3438 3682 3509 Φήλικα

2100 3535 2156 3591 δὲ
2193 3536 2579 3601 διατείνασθαι,
2615 3537 2700 3589 ὅτι
2742 3534 3009 3605 Ῥωμαῖον
3036 3535 3170 3587 ὄντα
3197 3536 3294 3587 τὸν
3330 3532 3565 3596 Παῦλον,
3589 3531 3682 3598 τὴς

2112 3628 2407 3698 Ἰουδαϊκῆς
2438 3627 2750 3697 μιαιφονίας
2779 3627 3040 3692 ἐξείλατο.
3068 3625 3145 3678 Οὐ
3187 3626 3300 3697 μὴν
3337 3625 3476 3678 ἀλλὰ
3515 3624 3604 3677 καὶ
3627 3622 3682 3687 ἐξ

2100 3713 2175 3774 ὧν
2202 3719 2397 3790 Φήλικι
2425 3720 2547 3790 μηδ’
2568 3720 2648 3781 εἰς
2673 3717 2918 3782 ἐξέτασιν
2939 3717 3114 3770 ἐλθεῖν
3143 3719 3415 3788 τοιαύτης
3438 3717 3684 3779 ὑπονοίας

2100 3811 2413 3879 ἐξεγένετο,
2475 3809 2651 3863 καίτοι
2692 3808 3008 3879 χαρίζεσθαι
3055 3809 3350 3871 Ἰουδαίοις
3395 3824 3686 3879 προαιρου-

2104 3900 2250 3971 μένῳ
2278 3900 2370 3952 ml
2422 3897 2731 3951 σπεύδοντι·
2762 3898 2855 3950 καὶ
2901 3897 2961 3948 τὸ
3006 3897 3219 3967 σφόδρα
3268 3899 3685 3968 ἀναντίρρητον,

2101 3992 2183 4045 ὅτι
2211 3991 2330 4045 οὐδὲ
2349 3989 2458 4044 τῶν
2507 3989 2776 4044 Ἰουδαίων
2801 3992 2828 4042 ὁ
2856 3989 3026 4059 δῆμος
3053 3989 3256 4060 παρὼν
3287 3991 3388 4044 καὶ
3419 3989 3613 4058 φωνῶν
3639 3989 3684 4050 Ιί,

2101 4085 2196 4136 καὶ
2220 4083 2397 4137 πάντα
2420 4081 2652 4152 τολμῶν,
2675 4080 2784 4134 οὐδ’
2813 4083 3020 4144 ἐκεῖνος
3053 4082 3366 4152 ἐτόλμησεν
3397 4082 3494 4135 ἐπὶ
3520 4079 3688 4152 τούτῳ

2100 4175 2448 4244 ψευδολογίας
2495 4173 2662 4226 αὐτὸν
2695 4171 3028 4242 γράψασθαι.
3064 4173 3217 4242 Πρὸς
3271 4173 3332 4227 δέ
3382 4191 3450 4242 γε
3487 4172 3690 4234 τούτοις

2102 4265 2186 4318 ὃτι
2226 4265 2319 4319 καὶ
2346 4265 2482 4335 πρὸς
2509 4265 2704 4328 αὐτοὺς
2726 4265 2892 4332 ἄμφω
2923 4263 3047 4333 ἔφη,
3080 4264 3161 4327 ὡς
3211 4264 3475 4327 Ἰουδαῖός
3508 4282 3570 4317 τε
3598 4263 3690 4316 καὶ

431 4359 576 4429 quod
614 4376 774 4416 nemo
800 4360 970 4414 libere
996 4361 1238 4429 profiteri
1275 4360 1452 4423 vellet,
1502 4361 1605 4414 nisi
1639 4362 1732 4429 qui
1787 4361 1998 4416 veritati

2117 4359 2388 4428 Ῥωμαῖος
2412 4359 2496 4428 εἴη
2517 4374 2532 4389 ο
2560 4357 2696 4427 ὅπερ
2725 4357 2824 4410 οὐκ
2847 4359 2912 4412 ἄν
2935 4375 3020 4421 τις
3052 4357 3127 4429 μὴ
3163 4357 3290 4412 λίαν
3323 4358 3606 4419 πεποιθὼς
3624 4359 3688 4425 τῇ

429 4468 778 4523 summopere
801 4452 1132 4518 confideret;
1173 4467 1272 4506 nec
1298 4452 1620 4521 simpliciter
1645 4460 1879 4518 tantum,
1905 4453 2000 4509 sed

428 4546 576 4614 quod
613 4559 737 4600 cum
767 4544 1171 4599 asseveratione
1203 4543 1553 4598 immauendo
1592 4544 1743 4598 illum
1779 4545 1996 4599 titulum

432 4654 545 4708 pra:
571 4652 631 4693 se
692 4635 878 4692 ferret.
910 4634 968 4690 Si
993 4636 1172 4689 adhuc
1196 4635 1389 4704 placet,
1424 4644 1478 4689 et
1506 4635 1659 4699 illud,
1695 4636 1839 4705 quod
1870 4637 2000 4690 viri-

434 4728 534 4780 tim
567 4736 624 4781 et
667 4726 943 4788 urbatim,
976 4722 1278 4778 Romanum
1307 4723 1543 4786 titulum,
1577 4723 1669 4790 qui
1701 4736 1807 4775 non
1841 4736 1995 4776 eam-

426 4817 549 4870 dem
591 4817 821 4885 patriam
857 4815 1224 4870 sortiebantur
1262 4829 1361 4883 per
1388 4814 1756 4883 psephismata
1798 4827 1996 4868 conse-

428 4907 748 4974 quebautur.
779 4905 956 4976 Atque
984 4906 1058 4961 ita
1114 4905 1483 4970 manifestum,
1542 4913 1595 4958 et
1649 4906 1770 4958 sine
1833 4904 1998 4959 dubio

424 5008 682 5053 constare
719 4997 974 5063 arbitror,
1008 4999 1154 5068 quod
1183 4995 1411 5062 Paulus,
1440 4997 1485 5050 si
1517 4997 1642 5066 quis
1676 4997 1819 5051 alius
1849 4996 1904 5049 in
1938 5012 1996 5051 re

423 5089 630 5158 aliqua,
685 5089 736 5144 in
768 5100 998 5159 utroque
1049 5104 1236 5144 verum
1276 5089 1432 5148 dixit.
1472 5089 1566 5159 qui
1623 5104 1683 5144 se
1737 5103 1864 5143 cum
1895 5086 1993 5142 Ju-

423 5184 603 5238 daeum
632 5183 869 5250 prodidit
895 5192 1006 5237 tum
1037 5182 1366 5237 Romanum.
1414 5186 1484 5236 At
1512 5180 1645 5251 quid
1670 5221 1685 5246 ,
1721 5181 1990 5249 inquieut,

2099 4450 2346 4520 ἀληθείᾳ,
2377 4449 2808 4520 παρρησιάσοιτο
2832 4463 2846 4477 ·
2883 4449 2977 4502 καὶ
3017 4451 3100 4503 ὅτι
3151 4449 3571 4521 διατεινόμενος
3599 4450 3689 4502 καὶ

2097 4541 2372 4610 ἐπιμένων
2394 4539 2490 4610 τὴν
2517 4540 2888 4609 προσηγορίαν
2908 4539 3315 4611 προύϐάλλετο·
3336 4544 3387 4594 εί
3410 4541 3590 4612 βούλει
3611 4537 3688 4599 δὲ,

2098 4634 2180 4687 ὅτι
2205 4633 2299 4687 καὶ
2348 4635 2468 4686 κατ’
2507 4633 2675 4703 ἄνδρα
2703 4636 2798 4687 καὶ
2850 4634 2988 4686 κατὰ
3019 4632 3210 4698 πόλεις
3239 4635 3356 4705 ξτὴν
3402 4633 3688 4704 Ῥωμαίων

2099 4723 2310 4792 κλῆσιν,
2339 4724 2401 4776 ού
2433 4723 2638 4792 ταύτην
2675 4723 2931 4793 λαχόντες
2975 4723 3244 4794 πατρίδα,
3295 4724 3495 4778 πολλοὶ
3522 4722 3690 4794 ψηφί-

2099 4831 2301 4885 σμασιν
2350 4815 2755 4887 ἐκληρώσαντο.
2813 4817 2899 4882 Ἐξ
2945 4809 3021 4870 ὧν
3083 4810 3250 4886 οἶμαι
3309 4817 3554 4887 φανερὸν
3600 4814 3692 4867 καὶ

2093 4905 2577 4975 ἀναμφισϐήτητον
2600 4905 2949 4970 καθεστάναι,
2971 4907 3046 4968 ὡς
3066 4906 3126 4959 ὲν
3153 4909 3374 4977 ἀμφοῖν
3404 4910 3435 4961 ὁ
3459 4905 3691 4968 Παῦλος,

2091 4997 2250 5066 εῐπερ
2278 5011 2364 5058 τις
2379 4995 2568 5061 ,ἄλλος,
2597 4994 2850 5066 ἡλήθευε,
2896 4995 3172 5066 Ῥωμαῖον
3197 4998 3405 5050 ἑαυτὸν
3432 4997 3531 5050 καὶ
3564 4997 3694 5049 Ἰου-

2090 5087 2236 5140 δαῖον
2259 5087 2719 5157 ἀποφαινόμενος.
2748 5087 2813 5140 Τί
2829 5087 2944 5151 οὖν,
2977 5088 3166 5157 φησὶν,
3193 5090 3304 5142 οὐκ
3332 5085 3405 5160 ἦν
3435 5090 3695 5158 Χριστια-

2089 5178 2206 5243 νός;
2241 5179 2352 5234 Καὶ
2377 5179 2611 5249 μάλιστά
2638 5195 2720 5247 γε.
2753 5179 2877 5243 Πῶς
2900 5179 2990 5232 οῦν
3011 5180 3110 5233 οὐκ
3144 5181 3346 5235 ἐκάλει
3377 5181 3576 5234 ἑαυτὸν
3600 5179 3694 5232 καὶ

423 5289 605 5329 nonne
627 5273 973 5329 Christianus
1001 5273 1143 5330 fuit?
1186 5273 1418 5329 Omnino
1452 5272 1586 5327 .fuit.
1629 5270 1770 5337 Quid
1805 5271 1992 5340 igitur,

2100 5270 2264 5343 τούτῳ
2294 5271 2372 5343 τῷ
2403 5273 2662 5344 ὀνόματις
2691 5271 2957 5329 Ἐνταῦθα
2985 5273 3252 5344 περιττὸν
3282 5270 3389 5348 ἦν’
3423 5277 3568 5345 ὑπὲρ
3586 5275 3695 5343 γάρ

422 5382 530 5423 non
564 5381 660 5436 per
686 5367 793 5423 hoc
823 5381 1022 5423 nomen
1043 5382 1102 5425 se
1130 5366 1469 5425 nominavit?
1499 5364 1736 5430 Scilicet,
1769 5366 1823 5420 in
1864 5377 1998 5432 pra:-

2100 5362 2291 5436 ιαύτης
2320 5367 2416 5436 τῆς
2465 5364 2760 5437 θρησκείας
2787 5365 2883 5420 καὶ
2920 5365 3021 5436 τῆς
3052 5364 3321 5438 κλήσεως
3369 5368 3558 5423 πάντα
3586 5366 3693 5418 πά-

1638 5567 1874 5625 ἺΑΗΙΑΞ
1904 5563 2308 5623 LECTION'ES.

505 5657 535 5699 ⁸
565 5662 670 5734 leg.
699 5663 898 5733 φονῶν.
