3876 6216
236 266 331 331 965

1119 260 1222 321 ΑΙ)
1277 258 1872 322 AMPHILOCHIUM
1933 258 2281 332 QUAESTIO
2335 258 2560 321 CCXII.

3365 259 3470 324 966

236 392 371 449 σχων
399 369 493 427 καὶ
550 369 809 437 ἐναθλῶν,
844 369 1183 442 διεκαρτέρει
1213 371 1309 423 καὶ
1336 370 1556 441 ἔχαιρεν
1579 386 1593 400 ·
1632 368 1796 432 αὐτός

1906 372 2040 427 senti
2067 385 2176 426 non
2211 379 2332 425 erat
2360 385 2539 441 opus;
2577 385 2698 425 nam
2737 380 2956 442 propter
2979 371 3127 430 istud
3159 390 3378 449 nomen,
3411 391 3467 434 et

234 489 290 525 τε
314 464 377 540 ἦν
392 468 419 519 ὁ
439 463 825 528 διδασκαλίαις,
850 463 948 516 καὶ
977 462 1180 528 πόνοις,
1214 462 1309 515 καὶ
1336 461 1546 532 ἱδρῶσι,
1564 458 1791 531 πρώτην

234 559 447 617 ἁπασῶν
465 557 674 612 πόλεων
700 555 799 626 τὴν
838 555 1192 626 Ἀντιόχειαν,
1222 558 1290 626 τῇ
1322 554 1430 608 τῶν
1452 553 1793 623 Χριστιανῶν

235 653 413 724 κλήσει
440 647 867 718 παρασκευάσας
896 647 1421 717 ἐγκαλλωπίζεσθαι.
1456 647 1520 699 Εἰ
1549 645 1604 699 δὲ
1636 646 1718 699 δεῖ
1741 663 1794 699 τι

235 746 319 798 καὶ
373 741 609 811 ἱστορίας
661 740 1002 806 ἐπακοῦσαι,
1059 739 1279 808 λέγεται
1330 756 1414 803 τις
1461 741 1541 801 εἰς
1594 738 1796 807 πολλὴν

236 834 557 906 ἀρχαιότητα
585 832 923 903 ἀνηγμένος·
950 830 1025 896 ὡς
1056 833 1089 901 ὴ
1122 830 1217 884 τοῦ
1255 831 1517 900 Βενιαμὶν
1562 829 1704 900 φυλὴ
1739 830 1796 880 ἐν

237 924 556 998 Παλαιστίνῃ
584 923 895 994 ριζωθεῖσα,
943 924 1105 994 μέχρι
1135 923 1245 976 τῶν
1293 926 1393 994 τῆς
1436 921 1666 984 Ἰταλίας
1699 938 1796 991 με·

238 1016 338 1087 ρῶν
356 1018 453 1080 τὰς
484 1016 719 1086 βλάστας
745 1015 1109 1080 ύπεξέτεινεν,
1138 1014 1288 1085 αὐτῷ
1316 1014 1463 1084 γένει
1509 1012 1796 1082 Ῥωμαίων

235 1109 323 1163 καὶ
350 1108 482 1180 αὐτῇ
529 1108 716 1181 Ῥώμῃ
753 1108 1092 1179 χαρισαμένη
1117 1106 1335 1176 γένεσίν
1366 1123 1428 1159 τε
1468 1104 1565 1160 κα)⁸
1602 1103 1793 1173 δνομα.

246 1198 329 1265 Ἐξ
355 1193 479 1253 ὦνό
515 1198 660 1263 θεῖος
714 1198 926 1263 Παῦλος
970 1200 1052 1263 εἰς
1099 1198 1161 1251 τὸ
1201 1197 1296 1251 τοῦ
1342 1195 1605 1265 Βενιαμὶν
1656 1188 1798 1263 αἷμα

234 1292 587 1362 ἀναγόμενος,
644 1292 917 1361 Ῥωμαῖος
974 1291 1041 1345 ἂν
1092 1289 1315 1353 εἰκότως
1372 1286 1795 1360 χρηματίσειεν·

234 1386 472 1453 ἐγένοντο
520 1384 631 1456 γὰρ
679 1385 937 1452 ἀπόγονοι
966 1382 1045 1454 τῷ
1098 1382 1380 1452 Βενιαμὶν,
1428 1372 1575 1434 ἄλλοι
1613 1396 1672 1432 τε
1698 1378 1799 1431 οὐκ

233 1477 413 1543 ὀλίγοι,
444 1476 504 1543 ἐξ
537 1469 612 1532 ὧν
641 1477 873 1546 Ἀραδός
894 1493 954 1529 τε
997 1475 1089 1529 καὶ
1115 1474 1296 1537 πόλεις
1324 1473 1480 1527 ἄλλαι
1506 1471 1600 1524 καὶ
1623 1470 1799 1542 χῶραι

232 1570 323 1630 τὰς
348 1569 665 1640 ἐπωνυμίας
695 1568 1077 1640 ἐκληρώσαντο
1101 1583 1116 1598 ·
1163 1567 1259 1621 καὶ
1286 1566 1349 1638 δὴ
1386 1566 1479 1619 καὶ
1530 1565 1671 1634 ἀνὴρ
1714 1580 1799 1627 τις

233 1661 393 1731 δνομα
430 1660 589 1727 Ῥῶς,
627 1661 685 1724 ὃς
725 1662 818 1714 ἐπὶ
848 1661 918 1713 τὰ
939 1661 1040 1731 τῆς
1081 1661 1308 1723 Ἰταλίας
1337 1658 1479 1730 μέρη
1518 1657 1797 1728 χωρήσας,

232 1720 331 1807 καὶ·
361 1720 589 1817 πολλοῦς
631 1720 812 1806 ἐκεῖσε
857 1750 954 1805 τοῦ
995 1720 1312 1822 σπέρματος
1337 1720 1552 1819 ’φύσαξ
1585 1720 1680 1801 καλ.
1709 1720 1801 1801 ἐπί
1834 1720 1876 1775 Β

234 1843 368 1913 μέγα
388 1842 548 1913 δόξης
579 1845 675 1897 καὶ
706 1841 890 1912 ἰσχύος
914 1840 1156 1897 ἀνελθὼν
1196 1840 1419 1911 Ῥώμην
1479 1857 1541 1892 τε
1570 1839 1670 1910 τὴν
1700 1840 1800 1891 ἐπ-

231 1933 471 2004 ωνυμίαν
515 1933 698 1987 ἕλκειν
730 1934 791 1998 ἐξ
829 1932 1045 1997 ἑαυτοῦ,
1092 1934 1187 1985 καὶ
1222 1932 1286 1986 τὸ
1328 1932 1595 2003 Ῥωμαῖον
1622 1931 1799 2000 γένος,

230 2027 424 2080 ἔδωκε·
459 2026 560 2090 τὰς
588 2026 697 2097 γὰρ
735 2024 1001 2096 Ἑλλήνων
1027 2026 1112 2078 ἐπ’
1148 2025 1287 2095 αὐτῇ
1328 2024 1527 2087 αἰτίας,
1568 2023 1734 2085 πολάς
1774 2020 1796 2061 Ι

229 2135 284 2170 τε
326 2116 420 2171 καὶ
454 2117 579 2170 οὐδὲ
627 2116 766 2188 πρὸς
813 2116 1050 2187 ἀλλήλας
1091 2115 1510 2186 συμφωνούσας,
1545 2115 1595 2167 οἱ
1630 2112 1803 2168 ταῦτα

228 2207 471 2277 λέγοντες
525 2207 634 2261 οὐδ’
667 2206 976 2262 ἁκούουσιν.
1019 2206 1079 2259 '0
1122 2208 1303 2260 τοίνυν
1342 2206 1480 2268 Ῥῶς
1532 2206 1797 2274 ἀπόγονος

230 2301 325 2369 μὲν
372 2299 640 2370 ὑπάρχων
682 2299 778 2352 τοῦ
828 2300 1105 2369 Βενιαμὶν,
1152 2300 1415 2370 πρόγονος
1460 2298 1517 2350 δὲ
1566 2296 1799 2361 Παύλου,

228 2390 444 2454 εἰκότως
490 2392 583 2443 τὸν
628 2390 797 2461 ἄνδρα
854 2391 1128 2460 Ῥωμαῖον
1179 2390 1480 2460 ἀπέφηνεν,
1527 2388 1586 2455 ἐξ
1634 2387 1801 2442 αὐτοῦ

230 2482 346 2552 μὲν,
370 2483 473 2554 τὴν
502 2483 596 2537 τοῦ
645 2484 999 2554 πορῤωτέρου
1038 2484 1229 2553 γένους
1258 2483 1458 2547 αἰτίαν,
1494 2483 1557 2535 ὲκ
1606 2480 1664 2535 δὲ
1709 2480 1802 2535 τοῦ

237 2573 552 2645 Ῥωμαϊκοῦ
580 2578 927 2645 συστήματος
953 2575 1053 2646 τὴν
1072 2576 1355 2645 ἐγγυτέρω
1376 2573 1629 2645 φέροντα.
1665 2572 1802 2626 Ἀλλ’

225 2665 362 2738 αὕτη
396 2668 501 2738 μὲν
528 2669 561 2739 ἡ
591 2668 822 2737 ἱστορία,
855 2668 984 2739 ἡδὺς
1022 2668 1120 2739 μὲν
1166 2668 1399 2721 ἀκοῦσαι
1426 2667 1520 2720 καὶ
1562 2665 1804 2738 ἐπαφρό-

224 2757 385 2823 διτος,
414 2761 618 2829 οὺιμήν
652 2777 716 2829 γε
747 2762 883 2829 μετὰ
914 2760 1012 2813 τοῦ
1039 2760 1344 2831 χαρίεντος,
1383 2761 1476 2813 καὶ
1506 2759 1604 2831 τὴν
1630 2758 1806 2812 πειθὼ

225 2852 564 2921 ἐπιφέρουσα
584 2867 599 2882 ⁸
633 2850 829 2904 πολλοῦ
854 2851 963 2921 γὰρ
991 2850 1057 2905 ἂν
1079 2850 1255 2920 ἔγωγε
1280 2852 1375 2920 τῆς
1398 2851 1650 2920 ἀπαρχῆς
1671 2851 1779 2903 ἀπο

224 2943 520 3013 δεδομένης
552 2960 641 3014 μοι
694 2944 872 3007 αἰτίας
903 2943 1107 3014 ταύτην
1146 2943 1443 3014 προέταξα,
1484 2944 1532 2994 εἰ
1581 2942 1655 3012 μὴ
1687 2942 1807 2996 λίαν

1895 460 2038 518 hanc
2079 462 2479 533 professionem
2520 462 2703 515 omnia
2734 465 2862 532 puti,
2890 481 3016 520 cum
3045 467 3301 525 omnibus
3333 485 3470 526 con-

1894 554 2092 609 ﬂictari
2166 552 2379 608 fortiter
2440 553 2802 623 persistebat;
2861 557 3127 626 gaudebat
3174 568 3357 615 autem
3400 575 3469 617 eo

1897 646 2074 711 titulo,
2108 658 2270 714 quem
2307 644 2561 714 princeps
2596 642 3046 702 Antiochensium
3083 650 3278 706 civitas
3308 667 3471 707 usur-

1895 747 2072 808 parat,
2130 746 2185 792 et
2228 739 2495 804 doctrina,
2538 738 2841 805 laboribus,
2876 725 3167 799 sudoribus
3203 760 3469 814 procura-

1895 832 2009 885 bat.
2042 830 2200 896 Quod
2233 831 2277 885 si
2313 830 2567 886 historias
2598 830 2793 885 audire
2850 831 3002 899 libet,
3037 844 3294 891 narratur
3318 853 3473 908 quae-

1898 923 2023 977 dam
2051 923 2207 978 valde
2231 924 2482 993 antiqua;
2538 923 2685 993 quod
2734 924 2910 979 tribus
2938 925 3239 995 Benjamini
3272 930 3328 983 in
3369 930 3473 987 Pa-

1899 1015 2108 1070 laestina
2122 1016 2388 1081 radicata,
2420 1031 2594 1087 usque
2620 1016 2688 1070 ad
2715 1026 2898 1086 partes
2922 1016 3090 1073 Italiae
3116 1024 3473 1091 germinando

1899 1121 1960 1161 se
2012 1105 2332 1173 diﬁ‘uderit,.
2364 1108 2493 1162 dum
2535 1116 2591 1163 et
2622 1110 2771 1174 genti
2806 1109 3181 1166 Romanorum
3208 1113 3473 1183 originem

1899 1207 1953 1253 et
1990 1196 2179 1254 Romae
2210 1213 2409 1254 nomen
2460 1208 2513 1254 et
2551 1200 2972 1270 appellationem
3034 1202 3295 1273 impertit.
3321 1203 3477 1261 Unde

1900 1291 2124 1347 divinus
2162 1291 2365 1349 Paulus
2394 1293 2486 1362 qui
2516 1293 2582 1347 de
2612 1293 2702 1347 illa
2751 1293 2896 1350 tribu
2928 1293 3233 1364 Benjamini
3258 1296 3476 1352 deriva-

1901 1386 1995 1441 bat
2032 1386 2378 1456 sanguinem,
2438 1385 2721 1441 Romanus
2750 1401 2851 1442 nec
2878 1386 3085 1456 injuria
3144 1390 3473 1446 dicebatur:

1901 1479 1969 1535 de
2001 1478 2307 1548 Benjamini
2363 1479 2623 1548 progenie
2648 1480 3133 1547 disseminabatur,
3177 1483 3284 1538 alia
3313 1495 3479 1553 atque

1903 1573 2099 1637 altera,
2130 1587 2161 1626 a
2190 1571 2392 1642 quibus
2416 1571 2649 1638 Aradus,
2686 1572 2916 1644 aliaeque
2952 1576 3115 1630 urbes
3140 1584 3196 1630 et
3227 1576 3348 1632 loca
3375 1592 3476 1632 no-

1904 1666 2274 1721 menclaturas
2326 1665 2739 1729 sortiebantur;
2768 1674 2823 1721 et
2880 1665 3021 1721 inter
3048 1669 3204 1735 alios,
3231 1670 3319 1725 vir
3351 1672 3476 1742 qui-

1901 1758 2025 1813 dam
2053 1758 2164 1815 Ros
2192 1758 2389 1822 dit-tus,
2414 1759 2508 1828 qui
2536 1758 2589 1813 in
2617 1766 2797 1828 partes
2820 1758 2987 1815 Italiae
3014 1763 3316 1831 profectus,
3347 1782 3475 1823 cum

1903 1849 2108 1903 multo:
2139 1849 2204 1903 de
2230 1850 2440 1904 semine
2467 1864 2574 1903 suo
2595 1861 2958 1919 procreasset,
2994 1863 3048 1908 et
3078 1870 3330 1925 magnam
3360 1858 3477 1913 exi-

1903 1940 2274 1995 stimationem
2319 1941 2732 2012 potentiamque
2788 1954 3121 2001 consecutus
3166 1958 3333 2014 esset,
3365 1948 3477 2005 Ilo-

1852 2086 1857 2093 ,
1903 2047 2049 2087 mam
2076 2032 2145 2087 ab
2168 2048 2233 2088 eo
2268 2033 2673 2088 denominatam
2703 2034 2875 2099 dedit,
2917 2043 2972 2091 et
3002 2036 3310 2094 Romanum
3337 2057 3477 2111 quo-

1905 2138 2012 2193 que
2070 2137 2239 2192 genus
2286 2132 2683 2192 procreatum:
2731 2124 3043 2181 Graecorum
3079 2131 3224 2184 enim
3254 2140 3477 2186 senten-

1907 2215 2031 2280 tias,
2088 2230 2211 2286 quae
2261 2215 2506 2281 plurimae
2555 2224 2765 2272 suntet
2819 2218 3226 2289 diversissimae,
3274 2222 3350 2277 illi
3384 2225 3480 2292 qui

1905 2305 2048 2360 hanc
2103 2305 2387 2361 historiam
2426 2318 2672 2373 narrant,
2704 2323 2813 2362 non
2858 2310 3175 2365 admittunt.
3208 2311 3479 2379 Quocirca

1905 2396 2018 2453 R05
2075 2397 2379 2468 Benjamini
2434 2398 2744 2469 progenies,
2805 2400 2947 2455 inter
3007 2403 3246 2468 majores
3300 2405 3477 2473 Pauli,

1905 2496 2051 2544 recte
2088 2488 2239 2543 illum
2291 2489 2599 2544 Romanum
2640 2506 2762 2546 esse
2796 2492 2976 2558 docet,
2999 2502 3054 2549 et
3086 2496 3353 2567 originem
3383 2516 3482 2553 an-

1905 2568 2114 2650 tiquam
2153 2580 2447 2650 imprimis,
2481 2581 2740 2651 deinceps
2773 2583 3049 2639 civitatem
3084 2585 3267 2641 datam
3294 2586 3480 2659 largiri

1906 2672 2147 2727 titulum.
2195 2670 2395 2726 Verum
2428 2672 2669 2743 jucunda
2719 2684 2941 2729 narratu
2968 2686 3052 2730 est
3080 2678 3196 2732 haec
3229 2679 3476 2743 historia,

1906 2761 2001 2816 sed
2050 2777 2158 2816 non
2210 2762 2435 2831 perinde
2467 2765 2779 2832 persuadet,
2831 2774 2994 2833 atque
3032 2766 3297 2835 delectat;
3333 2779 3482 2826 certe

1906 2868 2005 2923 ego
2030 2852 2299 2922 imprimis
2331 2854 2472 2908 hanc
2501 2870 2722 2909 causam
2766 2870 3221 2911 annumerassem
3253 2859 3323 2914 iis
3355 2876 3480 2929 qua;

1906 2945 2168 3015 praemisi,
2223 2946 2269 3000 si
2325 2961 2429 2999 non
2468 2946 2602 3000 adeo
2647 2946 2893 3015 antiqua,
2936 2956 2992 3002 et
3023 2949 3223 3004 canitie
3261 2966 3485 3020 aspersa

224 3036 427 3107 ἀρχαία
460 3053 525 3089 τε
559 3028 627 3108 ἦν
656 3038 751 3089 καί
783 3034 1089 3106 πολιωτέρα
1116 3034 1149 3105 ἢ
1183 3033 1575 3100 πιστεύεσθαι,
1608 3034 1668 3087 ού
1692 3037 1799 3096 τοῖς

1913 3032 2052 3087 foret
2084 3034 2330 3098 historia,
2368 3042 2427 3087 ut
2456 3033 2613 3087 fidem
2640 3044 2889 3102 superet;
2926 3050 3025 3090 nec
3059 3037 3202 3105 apud
3235 3053 3337 3093 nos
3362 3048 3485 3094 tan-

225 3129 317 3183 νῦν
348 3130 538 3201 μόνον,
574 3128 709 3183 ἀλλὰ
740 3129 835 3182 καὶ
861 3132 972 3193 τοῖς
1005 3129 1125 3181 τότε
1149 3126 1460 3199 ἀνθρώποις
1483 3166 1499 3191 ,
1535 3127 1627 3179 καὶ
1656 3126 1799 3179 οὐδὲν

1912 3136 2026 3181 tum
2058 3127 2150 3197 qui
2176 3143 2323 3181 nunc
2350 3127 2602 3193 vivimus,
2647 3128 2739 3182 sed
2786 3136 2840 3182 et
2874 3130 3014 3197 apud
3044 3129 3167 3184 illos
3207 3131 3485 3202 antiquio-

224 3224 494 3293 ἐχέγγυον
519 3222 719 3293 ἔχουσα
747 3222 886 3293 πρδς
929 3222 992 3275 τὸ
1038 3220 1316 3286 ἐξελέσθαι
1354 3218 1565 3273 Παῦλον
1593 3217 1688 3271 τοῦ
1718 3218 1799 3271 τύ-

1909 3233 1998 3273 res
2024 3260 2037 3282 ,
2065 3233 2241 3288 neque
2287 3232 2608 3284 sponsorem
2644 3219 2867 3282 invenit,
2909 3221 3001 3285 qui
3041 3220 3106 3276 de
3137 3223 3363 3278 veritate
3384 3225 3486 3279 sti-
3540 3242 3555 3259 ι

223 3315 484 3371 πτεσθαι.
515 3314 739 3377 Τούτοις
766 3309 859 3367 οὖν
902 3312 1162 3376 διαλύσας
1195 3329 1286 3365 σου
1331 3312 1429 3375 τὰς
1457 3310 1630 3373 καλὰς
1672 3310 1799 3362 ἀπο‹

1908 3311 2211 3380 pularetur,
2273 3308 2501 3365 Paulum
2559 3311 2681 3364 inde
2724 3326 2756 3366 a
2800 3312 2976 3383 plagis
3031 3324 3340 3384 exemptum
3394 3317 3483 3372 iri.

227 3405 346 3475 ρίας
369 3404 563 3476 (καλαὶ
582 3404 711 3475 γὰρ,
730 3405 813 3457 ὅτι
840 3404 948 3457 ἀπὸ
965 3403 1137 3475 καλῆς
1164 3404 1259 3457 καὶ
1283 3401 1573 3471 φιλοπόνου
1592 3397 1799 3469 γνώμης

1914 3403 2090 3472 Atque
2113 3403 2184 3456 ita
2218 3417 2340 3455 cum
2371 3402 2748 3471 responderim
2778 3405 3057 3471 prmclaris
3084 3406 3192 3460 tuis
3223 3406 3488 3474 objectio-

223 3498 315 3550 καὶ
350 3495 609 3567 φιλοθέου
633 3494 1035 3566 βλαστάνουσι),
1068 3495 1163 3548 καὶ
1192 3494 1245 3546 εί
1279 3512 1331 3546 τι
1365 3493 1491 3547 ἄλλο
1523 3509 1603 3544 σοι
1632 3508 1799 3563 παρα-

1915 3493 2077 3547 nibus
2135 3492 2303 3562 (certe
2335 3492 2626 3561 praeclara,
2680 3493 2827 3562 quod
2856 3494 3114 3562 profectae
3142 3496 3209 3550 ab
3241 3497 3487 3564 honesto,

225 3590 345 3659 στῇ,
402 3588 631 3659 θαρρῶν
671 3588 774 3656 οὐχ
820 3588 951 3657 ἡμῖν
982 3585 1120 3639 ἁλλὰ
1166 3586 1363 3656 Παύλῳ
1411 3588 1504 3639 καὶ
1539 3583 1617 3653 τῷ
1646 3582 1811 3652 κοινῷ

220 3681 536 3751 διδασκάλῳ
580 3679 793 3734 Παύλου
846 3680 939 3732 καὶ
979 3678 1139 3749 ἡμῶν
1186 3678 1408 3750 Χριστῷ
1461 3677 1539 3749 τῷ
1572 3673 1811 3747 ἀληθινῷ

221 3772 340 3845 Θεῷ
373 3772 541 3845 ἡμῶν
567 3771 843 3844 ἐπερώτα,
877 3772 970 3825 καὶ
999 3771 1228 3845 ἔρρωσο.

766 3980 1103 4034 ΕΡΩΤΠΣΙΣ
1138 3980 1281 4033 ΣΙΒ’.

294 4079 403 4133 Δια
436 4076 502 4132 τί
529 4078 595 4129 τὸ
636 4072 1067 4142 καταπέτασμα
1096 4072 1202 4125 τοῦ
1239 4070 1391 4125 ναοῦ
1431 4070 1693 4139 ἐσχίσθη
1717 4086 1737 4134 ;

1912 3584 2175 3655 diligenti,
2209 3593 2263 3638 et
2292 3583 2459 3637 Deum
2496 3597 2713 3639 amante
2742 3587 3029 3657 animo),si
3061 3588 3156 3643 tibi
3188 3589 3315 3659 quid
3343 3591 3491 3647 aliud

1912 3686 2187 3743 occurrat,
2243 3676 2521 3731 conlidens
2558 3693 2668 3731 non
2703 3678 2860 3745 mihi,
2911 3679 3007 3734 sed
3034 3680 3226 3746 Paulo,
3253 3690 3306 3736 et
3335 3697 3488 3737 com-

1912 3770 2065 3823 muni
2112 3771 2426 3839 praeceptori
2459 3785 2583 3823 cum
2620 3778 2834 3837 nostro,
2868 3780 2983 3825 tum
3039 3770 3216 3839 Pauli,
3246 3773 3488 3841 Christo,

1911 3878 2044 3917 vero
2085 3862 2208 3927 Deo,
2242 3863 2539 3930 interroga,
2574 3874 2627 3915 et
2667 3862 2803 3916 vale.

1918 3970 2247 4039 QUIESTIO
2274 3970 2455 4026 CCXII
2485 3968 2673 4041 [CoisL
2710 3970 2934 4026 CCXLI.
2966 3970 3128 4026 Taur.
3159 3973 3488 4047 CCXXXII].

2245 4060 2353 4115 Cur
2381 4061 2548 4114 velum
2590 4061 2772 4129 templi
2795 4062 3017 4114 scissum
3053 4061 3170 4114 est?

737 4188 881 4238 Edita
903 4200 927 4236 a
954 4185 1254 4237 Moutacutio
1286 4184 1390 4246 (ep.
1423 4183 1529 4244 125,
1553 4183 1613 4232 ad
1640 4182 1796 4245 Ignat.

1906 4176 2027 4241 IGI).
2056 4202 2117 4213 —
2135 4175 2288 4225 Matth
2333 4187 2485 4235 xxvu,
2516 4174 2595 4235 51;
2618 4173 2733 4223 Luc.
2755 4188 2890 4236 χχιιι,
2914 4174 2993 4224 45.

299 4301 606 4371 Ῥήγνυται
659 4297 721 4351 τὸ
759 4297 1160 4366 καταπέτασμα
1198 4292 1294 4347 τοῦ
1327 4291 1478 4361 ναοῦ,
1529 4291 1669 4361 ξύλῳ
1712 4288 1811 4345 τοῦ

220 4395 507 4449 Δεσπότου
533 4390 905 4463 κρεμαμένου,
937 4388 1026 4442 διὰ
1045 4388 1264 4453 πολλὰς,
1293 4381 1472 4456 οἶμαι,
1492 4385 1590 4448 τὰς
1611 4383 1810 4447 αἰτίας.

220 4490 296 4542 Τὸ
330 4488 433 4560 μὲν
457 4487 572 4556 γὰρ
599 4484 698 4555 τὴν
730 4485 854 4555 γῆν,
880 4483 1001 4538 κατ’
1033 4483 1213 4535 ἐκεῖνο
1235 4479 1296 4532 τὸ
1322 4481 1590 4549 σωτήριον
1620 4476 1812 4539 πάθος,

1985 4285 2327 4355 Dirumpitur
2355 4284 2537 4339 velum
2577 4283 2803 4353 templi,
2858 4282 3124 4349 Dominus
3181 4284 3234 4338 in
3282 4284 3491 4354 lignum

1910 4395 2035 4435 cum
2064 4378 2401 4434 attolleretur
2426 4395 2441 4441 ;
2466 4377 2631 4447 idque
2659 4376 2842 4445 plures
2874 4390 2999 4430 reor
3024 4385 3244 4446 propter
3269 4393 3485 4432 causas.

1913 4472 2106 4538 Terra,
2137 4486 2264 4525 cum
2289 4476 2567 4541 pateretur
2597 4469 2869 4535 Salvator,
2910 4471 3264 4525 succussione
3289 4481 3343 4524 et
3380 4482 3492 4526 tre-

220 4582 400 4653 κλόνῳ
422 4580 525 4635 καὶ
552 4578 760 4650 τρόμῳ,
790 4574 986 4647 μικροῦ
1014 4576 1125 4627 δεῖν
1171 4570 1688 4641 συγκατενεχθῆναι,
1722 4568 1799 4620 δυ·

1916 4581 2064 4619 more
2090 4566 2156 4619 de
2184 4565 2308 4619 loco
2338 4562 2544 4618 moveri
2589 4562 2836 4630 potuisse
2864 4562 3163 4616 concedant
3206 4563 3368 4615 etiam
3403 4563 3490 4615 in-

216 4676 386 4729 νατόν
416 4676 541 4727 ἐστι
577 4675 688 4735 τοῖς
738 4668 1112 4739 ἁγνωμονοῦσι
1134 4666 1230 4720 καὶ
1273 4667 1352 4729 είς
1385 4665 1454 4717 τὰ
1483 4664 1623 4717 κατὰ
1651 4662 1799 4730 φύσιι

1916 4658 2123 4721 ﬁdeles,
2140 4657 2233 4727 qui
2252 4657 2302 4710 in
2330 4665 2579 4710 naturam
2604 4655 2870 4709 reducunt
2890 4655 3281 4707 elementorum
3305 4655 3489 4711 labes:

220 4767 381 4835 ἄγειν
410 4765 525 4819 τῶν
570 4764 850 4833 στοιχείων
883 4760 1029 4832 πάθη
1052 4776 1065 4790 ·
1092 4761 1153 4812 τὸ
1193 4760 1251 4812 δὲ
1292 4758 1525 4829 ῥαγῆναι
1574 4753 1799 4809 καταπέ·

1915 4750 2169 4805 atvelum
2190 4759 2250 4804 ut
2271 4747 2692 4815 discinderetur,
2721 4762 2847 4801 cum
2882 4762 2911 4799 a
2947 4746 3097 4800 nullo
3129 4748 3183 4800 in
3215 4747 3491 4802 diversum

218 4873 442 4928 τασμα,
502 4853 731 4925 μηδενὸς
778 4852 1014 4923 μάλιστα
1064 4849 1426 4912 διασπῶντος,
1458 4848 1567 4901 ἀπὸ
1610 4845 1799 4901 ἄνωθει

1919 4843 2334 4905 distraheretur,
2368 4856 2397 4894 a
2431 4855 2650 4894 summo
2681 4854 2853 4908 usque
2891 4840 2958 4893 ad
2988 4840 3181 4905 imum,
3218 4840 3364 4909 quod
3393 4856 3495 4895 nec

219 4950 329 5013 ἐως
370 4950 554 5012 κάτω,
592 4948 731 5018 μήτε
761 4947 912 5016 πρὶν,
945 4946 1082 5015 μήτε
1131 4944 1268 5014 μετὰ
1297 4942 1469 4997 ταῦτα
1501 4941 1662 5009 φύσιν
1695 4939 1799 5009 ἔχοι

1922 4934 2076 5003 prius
2115 4947 2217 4986 nec
2244 4932 2504 5000 deinceps
2533 4930 2735 4984 factum
2760 4929 2882 4994 fuit,
2912 4945 3014 4985 nec
3035 4932 3101 4984 ad
3125 4931 3175 4985 id
3205 4946 3297 4999 per
3326 4932 3492 4986 ullam

220 5038 677 5109 ἐπιτελεσθῆναι,
732 5036 989 5107 οὐδεμίαν
1038 5033 1389 5103 ἀναχώρησιν
1429 5032 1665 5092 δίδωσιν,
1696 5029 1799 5081 ούδί

1920 5025 2222 5080 naturalem
2266 5025 2680 5093 propensionem
2718 5022 2968 5089 inclinat,
3015 5039 3081 5077 ne
3118 5026 3338 5093 quidem
3388 5027 3490 5078 im-

220 5135 335 5194 τοῖς
377 5131 508 5184 λίαν
558 5127 951 5199 κακουργοῦσι,
979 5125 1042 5178 τὸ
1070 5126 1145 5195 μὴ
1187 5126 1309 5194 auxi.
1350 5122 1641 5194 θεομηνίαν
1673 5116 1799 5173 εἶναι

1921 5118 2271 5187 prohissimis
2301 5116 2569 5185 refugium
2601 5115 2872 5177 concedit,
2914 5124 2973 5167 ut
3006 5116 3494 5177 cavillentut',.non

184 5286 185 5289 η
217 5220 280 5272 τὸ
310 5219 508 5290 τέρας,
535 5218 629 5270 καὶ
656 5217 756 5286 τῆς
801 5216 1096 5287 Ἰουδαϊκῆς
1147 5214 1462 5284 μιαιφονίας
1493 5214 1799 5283 ἁπαρὰγρα-

1918 5210 2091 5265 fuisse
2128 5211 2229 5264 hoc
2260 5209 2564 5279 prodigium
2595 5224 2625 5262 a
2670 5208 2857 5262 divino
2891 5207 3078 5263 furore
3119 5224 3245 5279 erga
3279 5206 3496 5261 Iudaeos

218 5326 362 5362 πτον
390 5308 619 5378 ἔλεγχον
644 5308 706 5361 τὸ
730 5308 1122 5378 γεγενημένον.
1156 5306 1425 5377 Δευτέραν
1453 5305 1497 5356 δ’
1527 5304 1591 5358 ἄν
1617 5320 1700 5366 τις
1734 5305 1799 5355 αἰ-

1921 5302 2253 5372 prol‘ectum,
2287 5310 2346 5356 ut
2377 5310 2523 5356 esset
2552 5301 2604 5355 id
2635 5308 2826 5355 contra
2870 5300 3115 5370 ipsorum
3143 5300 3494 5354 homicidium

216 5400 350 5455 τίαν
384 5399 640 5470 ἀποδοίη,
677 5398 945 5470 σύμϐολον
982 5398 1116 5452 αὐτὸ
1152 5399 1247 5453 καὶ
1276 5397 1616 5467 προμήνυμα
1661 5392 1799 5461 γενέ-

1922 5394 2227 5449 indelebilis
2259 5393 2550 5449 convictio.
2602 5389 2910 5447 Secundam
2964 5393 3246 5463 assignare
3276 5405 3495 5445 causam

219 5492 357 5547 σθαι
386 5491 591 5561 λέγων,
624 5492 724 5562 τῆς
766 5491 887 5564 μεθ’
930 5492 1032 5550 ὅσα
1078 5490 1175 5564 ἐτη
1204 5486 1585 5563 καταστροφῆς
1615 5501 1675 5537 τε
1725 5484 1799 5537 κα

1925 5483 2074 5549 licet,
2105 5492 2161 5537 et
2198 5482 2381 5544 dicere
2407 5482 2718 5556 symbolum
2745 5491 2801 5539 et
2828 5476 3373 5553 praedesiguationem
3402 5489 3499 5537 ex-

1522 5595 1765 5656 VARhE
1795 5592 2198 5654 LECTIONES.

298 5699 318 5743 1
353 5700 451 5757 τσ.
487 5700 707 5766 πολλάς.
