3854 6216
383 211 484 273 967

1522 207 1784 269 ΡΗΟΤΙΙ
1814 207 1906 266 ΡΑ
1920 205 2324 267 TRIARCHrE
2360 208 2467 269 (ΞΡ.

3491 215 3586 278 968

380 322 585 378 stitisse
616 318 760 373 illius
803 316 994 381 ruinae,
1040 316 1413 374 subversionis
1469 324 1526 372 et
1561 318 1937 380 desolationis,

2048 314 2435 387 ὲξερημώσεως
2483 314 2575 371 τοῦ
2602 334 2662 370 τε
2696 318 3040 389 περιωνύμου
3083 318 3232 384 ναοῦ,
3273 322 3356 374 ἰα’
3392 323 3493 379 τῶν
3535 329 3590 381 ιν

377 430 499 485 qua:
546 429 654 469 non
700 420 822 482 post
851 414 1053 465 multos
1086 426 1258 466 annos
1290 411 1779 467 celebratissimum
1814 410 1947 465 illud

381 504 665 574 templum,
694 511 749 557 et
788 517 911 572 qua:
956 500 1009 556 in
1046 502 1249 572 templo
1281 510 1440 557 erant
1471 516 1628 558 sacra
1658 501 1945 568 solemnia,

379 599 529 668 orgia
570 595 837 662 Iudaica,
888 596 1252 667 sequebatur;
1287 611 1520 666 quorum
1571 610 1767 667 magna
1820 610 1947 666 pars

380 703 595 743 summo
623 688 808 743 studio
840 688 979 742 intra
1019 687 1194 742 velum
1231 688 1358 741 illud
1414 686 1687 742 celebrata
1726 701 1949 757 perage.

379 781 601 848 bantur,
636 790 697 835 ut
727 780 932 834 nemini
962 795 993 835 e
1035 780 1343 849 promiscua
1380 778 1725 832 multitddine
1760 792 1947 832 cerne-

380 883 607 939 rentur;
657 879 822 941 atque
868 871 990 927 ideo
1036 871 1427 925 extendebatur
1474 869 1605 923 illud
1652 870 1854 936 velum,
1892 877 1947 922 ut

380 966 688 1021 veneranda
716 965 807 1020 illa
835 964 1090 1035 mysteria
1134 978 1164 1016 a
1201 963 1342 1030 vulgi
1386 962 1559 1018 oculis
1604 969 1813 1017 remota
1849 976 1946 1016 cu-

381 1056 734 1119 stodirentur,
765 1062 818 1109 et
852 1054 982 1109 solis
1013 1051 1240 1107 videnda
1264 1060 1507 1122 paterent
1531 1053 1941 1107 sacerdotibus:

381 1144 503 1199 velo
539 1156 721 1199 autem
758 1144 1017 1212 dirupto,
1068 1141 1311 1211 patuisse
1358 1156 1423 1196 ea
1468 1142 1711 1196 omnium
1748 1142 1943 1207 oculis,

381 1238 591 1293 clarum
622 1244 724 1300 est,
754 1245 809 1289 et
837 1234 981 1303 quod
1020 1242 1150 1287 tunc
1196 1233 1507 1288 communia
1541 1232 1681 1287 facta
1722 1232 1943 1297 fuerint,

381 1343 504 1398 qua:
538 1342 707 1397 usque
730 1341 796 1381 eo
827 1334 1013 1381 saneta
1042 1334 1098 1379 et
1130 1340 1284 1380 sacra
1322 1325 1560 1390 fuerunt,
1608 1327 1663 1380 in
1700 1326 1945 1380 omnium

382 1425 647 1494 producta
695 1430 1048 1489 conspectum
1089 1428 1143 1474 et
1197 1419 1667 1489 profanationem;
1722 1428 1776 1473 et
1831 1420 1947 1473 haec

382 1516 539 1585 quasi
573 1515 834 1585 proremia
866 1514 999 1584 ipsis
1047 1514 1393 1583 contigerunt
1432 1510 1753 1565 universalis
1799 1509 1944 1565 illius

381 1606 726 1671 sublationis,
766 1620 887 1675 quae
917 1605 1063 1674 leges
1095 1604 1360 1673 ipsorum,
1392 1611 1447 1657 et
1480 1602 1702 1671 legalem
1739 1602 1942 1656 cultum

381 1712 599 1753 cessare
626 1695 752 1752 fecit
789 1697 843 1749 in
892 1708 1175 1751 aeternum.
1220 1695 1324 1749 Sed
1371 1703 1425 1749 et
1468 1696 1679 1750 tertiam
1726 1709 1944 1764 quoque

383 1790 651 1843 rationem
678 1789 959 1843 advertere
991 1788 1136 1854 licet,
1169 1802 1290 1856 quae
1318 1802 1440 1841 cum
1471 1788 1739 1841 contraria
1766 1788 1944 1842 videa—

382 1890 472 1934 tur
500 1878 841 1947 praecedenti,
882 1878 949 1931 ab
978 1878 1068 1931 illa
1099 1885 1278 1932 tamen
1327 1892 1482 1931 suum
1513 1885 1693 1931 ortum
1720 1875 1946 1930 sortitur

382 1980 436 2025 et
467 1968 753 2039 originem.
788 1967 1044 2034 Quanam
1080 1968 1168 2021 illa
1194 1968 1416 2022 autem?
1444 1966 1711 2020 Nimirum
1733 1964 1948 2021 Judaao-

384 2077 504 2115 rum
535 2060 603 2114 de
649 2058 759 2112 Deo
810 2058 1076 2127 cognitio,
1116 2066 1170 2111 et
1214 2057 1417 2127 cogniti
1462 2057 1703 2112 numinis
1742 2057 1944 2123 cultus,

384 2153 680 2211 conclusus
704 2159 821 2205 erat
865 2152 984 2205 loco
1030 2151 1467 2220 circumscripto,
1500 2152 1603 2206 hoc
1639 2159 1722 2206 est
1750 2150 1948 2206 Judzea:

386 2244 653 2298 linibuset
671 2241 1080 2313 Hierosolymis,
1112 2257 1233 2311 qua:
1261 2250 1436 2296 tamen
1472 2241 1655 2295 omnia
1692 2248 1947 2312 typorum

384 2344 440 2389 et
493 2331 1042 2404 pradesiguationum
1115 2332 1301 2401 gratia:
1366 2330 1545 2385 locum
1609 2330 1945 2384 obtinebant.

387 2426 672 2494 Quocirca,
704 2439 827 2478 cum
864 2423 920 2477 in
953 2432 1243 2492 angustum
1282 2421 1540 2476 conclusa
1576 2420 1663 2474 illa
1713 2418 1950 2490 cognitio

384 2532 440 2576 et
470 2520 563 2575 Dei
596 2520 797 2579 cultus.
829 2531 1047 2572 cessare
1082 2522 1413 2584 oporterent,
1459 2514 1549 2567 illa
1578 2522 1760 2568 autem
1790 2512 1949 2567 latria

386 2630 507 2684 qum
548 2627 644 2681 per
675 2610 854 2666 crucis
893 2608 1204 2678 passionem
1252 2605 1558 2659 Servatoris
1592 2613 1707 2659 erat
1739 2601 1950 2673 patefa-

386 2704 599 2764 cienda,
630 2709 681 2756 et
714 2715 887 2769 usque
914 2698 980 2751 ad
1027 2696 1290 2751 terminos
1331 2696 1480 2751 orbis
1522 2694 1949 2759 disseminanda,

385 2806 440 2850 et
469 2795 521 2848 in
551 2806 739 2848 eorum
772 2790 945 2844 vicem
980 2787 1514 2853 subintroducenda;
1554 2787 1624 2838 ob
1664 2800 1783 2839 eam
1820 2800 1951 2837 eau-

387 2897 501 2938 sam
531 2879 859 2947 dirumpitur
886 2878 993 2931 hoc
1017 2917 1032 2941 ,
1089 2875 1235 2930 velut
1278 2874 1441 2929 fronti
1478 2874 1948 2944 superimluctum,

2048 405 2196 477 αὑτῷ
2238 406 2543 462 Ἰουδαϊκῶν
2588 406 2820 462 τελετῶν
2848 425 2910 461 τε
2960 409 3057 462 καὶ
3096 408 3297 480 ὀργίων
3320 427 3336 443 ο
3360 405 3432 466 ὧν
3461 415 3593 484 μέγα

2044 515 2106 552 τε
2130 498 2224 555 καὶ
2250 498 2340 552 διὰ
2369 498 2626 569 σπουδῆς,
2650 500 2712 552 τὸ
2740 499 2933 570 μηδενὶ
2961 498 3072 553 τῶν
3101 498 3332 565 πολλῶν,
3362 502 3429 556 τὰ
3456 503 3593 559 ἕνδσι

2046 589 2141 644 τοῦ
2168 592 2677 662 καταπετάσματος,
2708 591 2941 663 ὀφθῆναι
2965 608 2979 622 ο
3007 591 3099 646 διὰ
3126 590 3284 645 τοῦτο
3305 594 3395 647 καὶ
3420 595 3592 650 διεπε-

2043 682 2272 735 τάννυτο
2298 681 2360 735 τὺ
2399 680 2647 753 ὕφασμα,
2684 680 2826 736 ῶστε
2856 682 3059 736 ἀθέατα
3088 683 3186 752 μὲν
3232 684 3510 753 φυλάττειν
3536 690 3598 744 τά

2043 773 2200 843 τίμια
2223 773 2300 845 τῷ
2328 773 2464 844 λαῷ,
2505 774 2689 843 μόνοις
2726 774 2786 828 δὲ
2810 776 2925 838 τοῖς
2961 774 3195 846 ίερεῦσιν
3228 771 3365 829 εἶναι
3401 781 3595 850 ὁρατά·

2044 857 2106 916 οὗ
2142 863 2207 935 δὴ
2234 864 2696 936 περιρραγέντος,
2739 866 3079 936 ἀνεπετάσθη
3129 865 3229 936 μὲν
3294 867 3530 939 δηλονὰτι
3563 881 3601 909 ιη

2046 958 2275 1027 πᾶσινή
2327 956 2449 1027 ὄψις
2478 957 2679 1020 αὐτῶν,
2720 959 2875 1012 κοινά
2910 959 2968 1012 δὲ
3010 958 3253 1027 γέγονεν.
3297 962 3377 1024 είς
3426 964 3602 1035 κοινὴν

2045 1047 2412 1116 ἀπενεχθέντα
2447 1047 2576 1100 θέαν
2605 1049 2699 1101 καὶ
2734 1048 3056 1119 βεϐήλωσιν,
3087 1049 3156 1103 τά
3181 1050 3318 1113 τέως
3348 1050 3479 1120 ἆγια
3519 1056 3607 1108 καὶ

2046 1139 2282 1209 φρικτά·
2313 1139 2381 1193 δι’
2406 1132 2482 1193 ὧν
2526 1141 2891 1213 πρωιμιάσθη
2945 1141 3039 1194 καὶ
3066 1141 3173 1195 τῶν
3216 1142 3391 1196 ἄλλων
3432 1144 3607 1209 αὐτοῖς

2046 1231 2297 1285 ἀπάντων
2338 1229 2578 1302 θεσμῶν,
2606 1233 2703 1286 καὶ
2733 1232 2836 1302 τῆς
2863 1233 3095 1304 νομικῆς
3127 1234 3386 1304 λατρείας
3418 1236 3451 1305 ή
3479 1255 3609 1289 παν-

2044 1321 2203 1389 τελὴς
2235 1322 2513 1391 ἀναίρεσις
2552 1325 2648 1377 καὶ
2681 1323 2868 1395 σχολή.
2898 1326 3054 1378 Ἔστι
3084 1325 3142 1378 δὲ
3179 1326 3276 1377 καὶ
3318 1330 3509 1397 τρίτην
3530 1330 3613 1380 αἱ-

2044 1412 2165 1466 τίαν
2188 1412 2439 1479 συνιδεῖν,
2457 1414 2718 1478 ἐναντίως
2749 1415 2848 1485 μὲν
2874 1414 3010 1486 πρὸς
3036 1416 3135 1484 τὴν
3155 1416 3453 1487 εἰρημένην
3475 1416 3614 1488 ἔχειν

2044 1503 2327 1569 δοκοῦσαν,
2374 1504 2434 1570 ἐξ
2472 1505 2642 1574 αὐτῆς
2680 1505 2736 1558 δὲ
2777 1506 2978 1577 μᾶλλον
3025 1508 3375 1579 τικτομένην.
3412 1509 3505 1572 Τίς
3527 1506 3615 1563 οὖν

2046 1594 2185 1664 αὕτη
2210 1612 2226 1660 ;
2254 1596 2375 1649 Ὅτι
2422 1598 2530 1650 τῶν
2574 1596 2840 1653 Ἰουδαίων
2870 1601 2904 1670 ή
2938 1600 3070 1670 περὶ
3115 1599 3179 1653 τὸ
3229 1600 3390 1654 Θεῖον
3422 1602 3617 1671 γνῶσις

1975 1654 2017 1709 Β
2047 1689 2138 1741 καὶ
2163 1654 2406 1759 λατρεία,
2430 1690 2855 1761 εὐπεριγράπτῳ
2887 1654 2984 1762 μὲν
3013 1654 3192 1763 τόπῳ,
3215 1694 3288 1763 τῇ
3320 1709 3381 1745 τε
3395 1654 3620 1763 Ἰουδαία

2044 1780 2271 1845 καὶτοῖς
2299 1781 2714 1853 Ἰεροσολύμοις,
2740 1783 3117 1837 ὲναπεκλείετο
3136 1801 3148 1814 ·
3174 1783 3369 1837 τύπων
3390 1784 3448 1837 δὲ
3476 1785 3619 1855 ὅμως

2046 1872 2142 1925 καὶ
2170 1874 2651 1943 προχαραγμάτων
2684 1874 2840 1941 τάξιν
2876 1875 3183 1945 ἀνεπλήρου
3229 1877 3337 1945 τῆς
3381 1876 3619 1945 χάριτος.

2058 1964 2210 2016 Ἐπεὶ
2224 1959 2317 2017 οὖν
2334 1964 2441 2017 ἔδει
2465 1965 2564 2035 τήν
2582 1966 2663 2029 είς
2682 1966 2865 2019 στενὸν
2881 1966 3075 2037 κομιδῇ
3096 1967 3623 2036 περιγεγραμμένην

2047 2052 2303 2124 λατρείαν
2327 2056 2420 2109 καὶ
2454 2055 2677 2124 γνῶσιν,
2694 2057 2955 2126 ἀργῆσαι,
2985 2057 3084 2127 τήν
3116 2058 3196 2122 είς
3212 2058 3291 2110 τά
3331 2058 3543 2128 πέρατα
3571 2057 3626 2111 δὲ

2045 2146 2145 2216 τῆς
2161 2148 2487 2217 οἰκουμένης
2504 2147 2589 2202 διὰ
2606 2147 2698 2201 τοῦ
2717 2148 2985 2220 σωτηρίου
3004 2147 3209 2213 πάθους
3234 2147 3626 2216 ἑξαπλοῦσθαι,

2050 2238 2344 2307 μέλλουσαν
2360 2241 2440 2303 είς
2461 2241 2635 2311 ἀρχὴν
2656 2240 3013 2310 καταστῆναι,
3036 2241 3123 2295 διὰ
3156 2240 3331 2295 τοῦτο
3349 2240 3415 2311 δὴ
3433 2239 3631 2313 [τοῦτο]

2050 2332 2311 2401 ῥήγνυται
2356 2331 2416 2384 τὸ
2457 2332 2896 2403 προμετωπίδιον
2932 2331 3160 2402 ὕφασμα
3208 2334 3427 2399 ἐκεῖνο,
3476 2332 3541 2385 δι’
3572 2326 3631 2385 οὗ

2047 2421 2116 2474 τα
2144 2422 2254 2474 τῶν
2293 2422 2463 2491 ἁγίων
2489 2423 2678 2491 Ἀγια,
2710 2422 2787 2486 ὼς
2817 2424 2876 2476 ὲν
2914 2424 3210 2495 ἀπορρήτῳ
3258 2424 3358 2477 καὶ
3378 2423 3639 2493 ἀψαύστῳ

2047 2513 2458 2584 περιεστέλλετο
2477 2514 2679 2586 χωρίῳ,
2715 2518 2998 2585 μονονουχὶ
3021 2517 3132 2578 τοῖς
3154 2515 3355 2585 ἔργοις
3388 2514 3526 2585 βοῶν
3549 2513 3640 2567 καὶ

2050 2604 2494 2677 προκαλούμενον
2529 2606 2775 2670 ἅπαντας
2817 2608 2897 2670 είς
2941 2608 3038 2677 τὴν
3067 2607 3176 2659 τῶν
3205 2607 3476 2661 ἀθεάτων
3502 2606 3641 2678 [καὶ]

2052 2696 2202 2750 θείαν
2236 2704 2264 2732 ιι
2300 2696 2534 2764 ἐποψίαν
2576 2714 2634 2750 τε
2670 2698 2767 2750 καὶ
2811 2700 3129 2766 ἐπίγνωσιν,
3172 2701 3288 2752 καὶ¹
3337 2700 3417 2762 ὼς
3465 2699 3645 2751 οὐκέτι

2052 2787 2207 2859 μέρει
2235 2789 2340 2842 τινὶ
2365 2789 2464 2858 τῆς
2484 2790 2807 2861 οἰκουμένης
2833 2791 2928 2845 καὶ
2941 2790 3318 2863 εὐαριθμῄτῳ
3334 2791 3480 2845 ἔθνει
3503 2792 3538 2861 ή
3562 2791 3648 2843 εύ-

2049 2880 2234 2933 σέὁεια
2264 2880 2769 2951 συγκλεισθήσεται,
2796 2883 2911 2937 ἀλλ’
2939 2884 3157 2937 ἅπαντα
3178 2886 3270 2939 τὰ
3301 2886 3432 2954 ἔθνη
3463 2886 3557 2937 καὶ
3584 2884 3650 2935 τὰ

386 2973 587 3035 velum,
622 2987 716 3042 per
741 2969 886 3039 quod
918 2968 1115 3022 Sancta
1144 2967 1233 3021 illa
1259 2976 1599 3030 sanctorum,
1632 2965 1684 3018 in
1716 2965 1949 3020 obscuro

2052 2972 2263 3042 πέρατα
2286 2972 2388 3042 τῆς
2408 2974 2753 3045 οἰκουμένης,
2798 2974 2905 3027 τῶν
2937 2978 3051 3038 τοῖς
3088 2977 3392 3041 Ἰουδαίοις
3420 2976 3655 3048 ἀπροσίω

387 3074 442 3118 et
473 3063 674 3117 intacto
703 3062 823 3115 loco
852 3058 1313 3115 concludebantur
1343 3075 1358 3112 :
1390 3058 1460 3111 ita
1490 3064 1549 3110 ut
1589 3065 1797 3110 tantum
1840 3070 1949 3108 non

2051 3078 2159 3114 των
2197 3061 2290 3116 καὶ
2331 3063 2636 3132 ἀνεφίκτων
2670 3066 2727 3117 ὲν
2764 3064 3060 3118 ἀπολαύσει
3097 3069 3435 3138 γενήσεται.
3490 3066 3646 3120 Ἀλλά

382 3155 534 3212 clara
553 3169 685 3208 voce
708 3153 1088 3220 pronuntietur
1116 3166 1211 3220 per
1249 3150 1366 3220 ipsa
1403 3162 1585 3217 opera,
1619 3146 1810 3201 Venite
1836 3161 1952 3199 om-

389 3261 486 3300 nes
516 3260 612 3299 vos
642 3244 708 3298 ad
742 3242 972 3296 videnda
992 3240 1398 3308 invisibilia,ad
1430 3239 1671 3294 divinum
1698 3237 1950 3292 intuitum

386 3346 441 3389 el.
478 3335 878 3406 cognitionem,
926 3348 1027 3388 nec
1058 3332 1238 3387 adhuc
1272 3341 1331 3386 ut
1359 3331 1488 3385 olim
1523 3340 1674 3400 parte
1717 3329 1952 3398 quadam

388 3424 539 3479 orbis
569 3432 729 3477 terra!
758 3432 812 3476 et
837 3437 945 3477 una
967 3422 1187 3476 natione
1211 3436 1317 3475 non
1349 3421 1421 3474 ita
1440 3435 1750 3484 numerosa,
1774 3419 1953 3476 cultus

390 3514 607 3567 divinus
640 3510 1015 3575 concludetur,
1048 3510 1139 3563 sed
1171 3517 1359 3581 gentes
1386 3510 1687 3571 universa},
1739 3507 1953 3563 termini

392 3613 548 3656 terra;
590 3600 698 3655 illis
741 3599 989 3653 fruentur
1038 3599 1207 3653 libere
1236 3637 1253 3663 ,
1304 3613 1426 3667 quae
1452 3597 1610 3662 adiri,
1644 3612 1746 3652 nec
1772 3596 1954 3653 accedi

389 3710 421 3748 a
457 3692 658 3747 Judaais
700 3692 832 3762 ipsis
855 3700 1125 3763 poterant.
1150 3690 1221 3746 At
1245 3700 1301 3747 tu
1326 3691 1453 3745 hinc
1480 3690 1708 3744 ulterius
1730 3704 1954 3760 progre-

389 3785 538 3850 dere,
572 3793 626 3838 et
651 3784 870 3838 adverte
899 3784 1003 3837 ista
1035 3801 1047 3837 :
1087 3797 1235 3849 arca,
1279 3791 1332 3837 et
1368 3798 1491 3852 qua:
1538 3782 1957 3837 continebantur

391 3878 445 3932 in
476 3891 602 3931 arca
637 3876 691 3929 in
726 3888 908 3946 typum
942 3874 1065 3930 cteli
1093 3874 1372 3937 cedebant,
1401 3884 1455 3927 et
1484 3888 1672 3927 eorum
1700 3888 1821 3942 quae
1853 3871 1956 3927 sub

390 3969 529 4023 cualo
576 3974 704 4021 sunt
738 3984 752 4020 :
793 3984 811 4017 ι
839 3965 992 4032 Vide,
1031 3964 1177 4019 enim
1209 3963 1424 4035 inquit,
1464 3974 1523 4019 ut
1564 3963 1733 4019 facias
1774 3965 1956 4020 omnia

386 4072 540 4139 juxta
572 4068 799 4138 ﬁguram
831 4081 950 4136 qua!
984 4064 1081 4120 tibi
1128 4064 1512 4120 obtendebatur
1544 4065 1598 4119 in
1622 4073 1806 4121 monte
1828 4067 1894 4121 ⁸⁷.
1931 4085 1951 4118 ι

391 4158 519 4213 llaec
547 4158 659 4227 ipsa
694 4172 818 4211 arca
849 4170 955 4210 una
988 4169 1111 4209 cum
1142 4154 1265 4209 aliis
1298 4155 1619 4219 occultatis,
1656 4155 1711 4209 in
1757 4156 1959 4226 templo

391 4247 850 4313 abscondebatur,
882 4245 1003 4299 velo
1034 4245 1337 4300 interductu
1362 4245 1608 4310 exclusa,
1655 4260 1834 4315 neque
1862 4262 1957 4303 ac-

2056 3149 2119 3203 σύ
2152 3167 2243 3220 μοι
2272 3151 2365 3204 καὶ
2388 3153 2525 3222 πρὸς
2545 3156 2643 3222 τὴν
2669 3154 2933 3225 ἐχομένην
2954 3154 3161 3222 ταύτης
3190 3157 3533 3226 μετάὸαινε,
3555 3156 3649 3208 καὶ

2056 3242 2247 3295 σκόπει
2274 3236 2378 3296 ὦδε
2404 3259 2418 3273 ⁸
2449 3244 2483 3314 ή
2506 3246 2758 3309 κισωτὸς,
2792 3247 2889 3299 καὶ
2926 3246 2994 3299 τά
3025 3248 3083 3301 ἐν
3116 3250 3185 3318 τῇ
3226 3248 3477 3317 κιϐωτῷ,
3512 3248 3647 3300 κατὰ

2053 3334 2143 3386 τὸν
2170 3334 2340 3387 τύπον
2370 3335 2561 3403 γέγονε
2604 3336 2699 3390 τοῦ
2734 3337 2967 3407 ούρανοῦ
3000 3356 3060 3391 τε
3107 3342 3210 3393 καὶ
3264 3341 3381 3393 τῶν
3426 3341 3533 3392 ὑπὸ
3562 3339 3651 3393 τὸν

2054 3422 2300 3493 οὐρανόν.
2327 3443 2345 3476 ι
2370 3424 2518 3495 Ὅρα
2538 3426 2667 3496 γὰρ,
2697 3426 2856 3495 φησὶ,
2884 3429 3132 3497 ποιήσεις
3166 3428 3360 3481 πάντα
3390 3428 3538 3481 κατά
3566 3426 3654 3478 τὸν

2052 3514 2221 3569 τύπον
2240 3513 2518 3585 δειχθέντα
2545 3534 2628 3570 σοι
2654 3520 2713 3571 ὲν
2732 3517 2810 3587 τῷ
2836 3519 2972 3589 ὄρει.
3004 3538 3021 3570 ι
3048 3518 3201 3591 Αὕτη
3235 3519 3337 3573 οὖν
3372 3519 3517 3589 μετά
3546 3518 3654 3570 τῶν

2054 3608 2228 3663 ἄλλων
2250 3608 2597 3681 ἀπορρήτων,
2631 3611 2689 3664 ὲν
2713 3610 2790 3681 τῷ
2813 3611 2926 3682 ναῷ
2956 3612 3382 3681 ἀπεκρύπτετο,
3420 3612 3659 3680 διειργο-

2058 3701 2193 3772 μένη
2216 3701 2294 3772 τῷ
2328 3703 2803 3774 καταπετάσματι,
2844 3705 2940 3757 καὶ
2972 3704 3245 3775 πρόσοδον
3289 3704 3481 3773 αὐτῆς
3518 3702 3659 3773 πλὴν

2055 3797 2156 3849 ὅσα
2190 3797 2303 3858 τοῖς
2351 3793 2607 3865 ίερεῦσιν,
2661 3794 2840 3848 οὐδενὶ
2876 3795 3184 3866 ἀνθρώπων
3229 3794 3658 3866 ἐμπαρέχουσα.

2070 3890 2289 3961 Ἐδήλου
2316 3889 2374 3944 δὲ
2402 3892 2512 3961 ἄρα
2535 3890 2693 3944 τοῦτο
2721 3892 2816 3945 καὶ
2844 3892 3190 3961 ὑπέγραφεν,
3239 3892 3349 3962 τὴν
3382 3892 3467 3956 είς
3492 3892 3661 3962 ούρα-

2057 3981 2147 4034 νὸν
2180 3980 2402 4044 εἴσοδον,
2430 3979 2743 4053 ἀνθρώποις
2772 3981 2975 4036 ἄϐατον
3002 3982 3468 4054 συντετηρῆσθαι
3498 3982 3661 4044 τέως,

2057 4071 2153 4126 καὶ
2203 4072 2339 4142 μηδέ
2366 4090 2489 4127 τινα
2520 4071 2654 4144 μηδὲ
2682 4073 2790 4127 τῶν
2812 4073 2913 4145 τῆς
2940 4077 3177 4146 νομικῆς
3218 4074 3499 4146 λατρείας
3542 4077 3667 4144 ἐρα-

2060 4165 2221 4255 στῶν,
2245 4165 2450 4255 ταύτης
2476 4166 2772 4238 ἀξιωθῆναι
2802 4167 2902 4238 τῆς
2932 4167 3163 4237 λήξεως.
3208 4168 3527 4239 Ῥήγνυται
3574 4163 3667 4220 οὖν

2059 4254 2359 4321 τοῦτο,τοῦ
2381 4259 2647 4310 Δεσπότου
2683 4258 3105 4328 σταυρουμένου,
3137 4258 3251 4327 τὴν
3277 4259 3370 4322 είς
3392 4257 3668 4328 οὐρανοὺς

392 4351 583 4393 cessus
613 4337 867 4406 cuiquam
891 4347 1253 4406 praeterquam
1277 4335 1656 4391 sacerdotibus
1674 4339 1949 4405 permitte-

2057 4349 2259 4401 είσοδον
2293 4351 2460 4402 πᾶσιν
2485 4352 2620 4420 ήμϊν
2658 4348 3029 4415 ύποσαλπίζον
3069 4351 3171 4403 καὶ
3212 4352 3671 4421 εὐαγγελιζόμε-

394 4434 575 4485 batur.
615 4430 929 4484 Declarabat
971 4429 1136 4490 istud,
1167 4437 1218 4481 et
1250 4428 1560 4483 delineabat
1585 4444 1869 4486 ascensum
1902 4433 1957 4487 in

392 4521 563 4576 caelos
596 4519 913 4573 hominibus
942 4519 1267 4587 impervium
1292 4518 1622 4574 custoditum
1644 4518 1833 4584 fuisse,
1860 4537 1961 4576 nec

393 4626 721 4682 quemquam
750 4625 817 4664 ex
849 4610 916 4663 iis
945 4610 1039 4677 qui
1075 4609 1265 4679 legalis
1295 4610 1477 4665 cultus
1516 4620 1816 4667 sectatores
1841 4612 1959 4669 fue-

394 4712 517 4758 rant
546 4703 612 4756 ad
637 4706 777 4756 hanc
803 4700 1119 4770 dignitatem
1146 4701 1317 4756 fuisse
1333 4703 1653 4759 admissum.
1687 4706 1955 4773 Quocirca

396 4794 667 4863 rumpitur
701 4793 805 4847 hoc
824 4792 1163 4851 obstaculum
1188 4793 1448 4849 cruciﬁxo
1466 4794 1715 4862 Domino,
1744 4808 1798 4852 et
1827 4799 1955 4854 tuba

2057 4458 2165 4496 vov.
2204 4442 2312 4494 Kal.
2362 4441 2472 4511 γάρ
2500 4442 2565 4514 δὴ
2599 4443 2687 4496 διὰ
2726 4442 2821 4496 τοῦ
2866 4442 3129 4508 ζωοποιοῦ
3180 4444 3440 4499 θανάτου
3472 4442 3667 4507 αὑτοῦ,

2053 4532 2155 4601 τὴν
2185 4534 2265 4596 είς
2293 4533 2557 4605 οὐρανοὺς
2596 4534 2824 4601 εἴσοδον,
2858 4535 3023 4588 παντὶ
3064 4534 3145 4605 τῷ
3179 4536 3544 4608 ἀνθρωπίνῳ
3577 4536 3673 4603 γέ-

2054 4640 2156 4686 νει,
2189 4625 2522 4679 ἐνεκαίνισεν
2570 4630 2598 4680 ὁ
2637 4627 2728 4681 διὰ
2759 4627 2920 4681 τοῦτο
2969 4626 3267 4694 κενωθεὶς,
3324 4631 3433 4683 καὶ
3490 4628 3675 4696 σάρκα

2052 4716 2154 4785 τὴν
2186 4717 2461 4788 ἡμετέραν
2506 4718 2859 4791 προσλαϐὼν,
2899 4722 2995 4775 καὶ
3040 4720 3233 4773 πάντα
3262 4720 3491 4791 ,παθὼν
3534 4721 3679 4789 ὑπὲρ

2061 4806 2238 4877 ἡμῶν,
2272 4809 2506 4878 Χριστὸς
2531 4811 2562 4863 ὁ
2588 4808 2722 4874 Θεὸς
2750 4811 2929 4882 ήμῶν.
3262 4810 3269 4815 ’

394 4885 597 4939 clarius
620 4884 952 4953 significatur
981 4892 1036 4938 et
1064 4884 1410 4955 praedicatur,
1445 4887 1729 4944 introitum
1752 4891 1810 4971 in
1841 4895 2008 4951 cmlos
2032 4897 2187 4953 nobis
2215 4898 2446 4971 singulis
2509 4910 2717 4970 patere.
2758 4902 2915 4957 Certe
2938 4903 3078 4957 enim
3151 4904 3209 4959 is
3251 4905 3358 4975 qui
3426 4905 3505 4960 ob
3576 4903 3684 4958 hoc

397 4981 575 5049 ipsum
603 4989 902 5035 evacuatus
930 4978 1055 5047 fuit,
1090 4989 1145 5036 et
1163 4996 1383 5037 carnem
1410 4993 1652 5040 nostram
1682 4987 1738 5040 in
1778 5002 1838 5043 se
1876 4993 2195 5063 assumpsit,
2229 5004 2284 5049 et
2351 4997 2531 5051 omnia
2585 5012 2781 5067 passus
2840 5007 2924 5053 est
2988 5014 3086 5067 pro
3141 5000 3321 5055 nobis
3346 5041 3364 5066 ,
3416 5002 3685 5057 Christus

398 5073 505 5127 ille.
540 5069 683 5161 Deus
735 5080 957 5141 noster,
1002 5088 1099 5145 per
1126 5084 1360 5131 mortem
1395 5092 1552 5135 suam
1598 5080 1965 5141 vivificantem
2039 5087 2295 5142 universo
2348 5090 2666 5145 mortalium
2720 5091 2911 5159 generi
3009 5092 3352 5161 ingressum
3401 5096 3465 5151 in
3510 5094 3687 5151 cmlos

398 5160 737 5217 instauravit.

467 5319 511 5351 ⁸⁷
539 5319 705 5378 Num.
725 5333 844 5383 vm,
878 5320 931 5374 4.

1668 5480 1900 5537 νΑιιιΑε
1941 5479 2343 5547 LECTIONES,

470 5664 507 5749 II:l
534 5670 623 5718 γρ.
655 5652 814 5722 δῆλον
838 5653 940 5707 ὅτι.
1016 5664 1042 5692 ο
1067 5656 1155 5711 ia‘.
1180 5658 1356 5715 θείων.
