3876 6216
701 411 713 423 ,
737 359 1073 415 artuum:
1118 360 1258 413 ΣῙΓ¹.

1146 248 1247 307 AD
1283 245 1879 309 AMPHILOCHIUM
1936 247 2283 319 QUIESTIO
2333 248 2593 309 CCXIII.

3370 247 3476 311 970

2002 357 2329 427 QUIESTIO
2370 358 2577 414 CCXIII
2620 358 2821 431 [CoisL
2874 358 3140 424 CCXL“,
3204 358 3366 413 Taur.

2500 452 2848 525 ccxxxnn.

346 564 478 619 Edita
501 576 528 612 a
554 562 855 615 Montacutio
888 564 992 626 (αρν
1018 562 1106 612 127
1125 563 1185 613 ad
1215 562 2316 693 ΕυιθωξόῧροιξξΞἸὶἓίξθῖΙᾹ-ἷῧρειΡέρῖὲθιιῖιὶε
2348 572 2399 620 in
2429 570 2669 633 Spiritum
2690 575 2928 620 sanctum.
2955 572 3127 621 Matth.
3165 583 3249 631 χιι,
3273 569 3352 628 3i;

312 729 519 803 Ἐπειδὴ
545 729 683 803 πρὸς
705 732 830 794 ταῖς
851 730 1193 801 ἑρμηνείαις,
1212 728 1282 793 ἃς
1302 730 1371 795 ἰοί
1392 729 1529 783 θεῖοι
1549 728 1792 799 Πατέρες

1969 735 2425 806 Quandoquidem
2452 745 2649 807 praeter
2670 735 3042 803 expositiones
3080 736 3202 792 illas
3230 753 3366 806 quas
3390 739 3477 793 di-

240 826 382 899 ήμῶν
409 824 550 879 κατὰ
580 824 804 890 πλείους
834 824 868 894 ἢ
896 824 1194 894 τέσσαρας,
1216 819 1396 894 οἶμαι,
1431 823 1671 886 διανοίας
1703 824 1794 875 ὲκ-

234 917 532 981 δεδώκασιν,
565 915 647 976 είς
683 914 764 978 τὸ,
798 931 818 965 ι
856 913 1013 967 Πᾶσα
1043 912 1287 985 ἁμαρτία
1338 913 1435 968 καὶ
1476 911 1794 983 βλασφημία

236 1008 546 1078 ἀφεθήσεται
564 1007 678 1070 τοῖς
694 1004 1026 1077 ἀνθρώποις,
1043 1007 1077 1076 ἡ
1104 1005 1160 1058 δὲ
1176 1005 1272 1059 τοῦ
1291 1005 1610 1075 Πνεύματος
1628 1004 1795 1075 βλασ-

233 1100 396 1172 φημία
442 1100 541 1154 οὐκ
585 1098 955 1168 ἀφεθήσεταιο
991 1118 1010 1151 ι
1071 1098 1190 1164 καὶ,
1232 1116 1251 1149 ι
1296 1099 1393 1161 Ὃς
1433 1098 1500 1152 ἂν
1546 1097 1676 1167 εῐπῃ
1707 1096 1795 1149 λά-

231 1209 319 1258 γον
342 1191 478 1246 κατὰ
504 1189 600 1244 τοῦ
636 1190 768 1243 Υίοῢ
799 1189 892 1243 τοῦ
913 1189 1224 1260 ἀνθρώπου,
1246 1190 1582 1261 ἀφεθήσεται
1602 1187 1752 1258 αὐτῷ
1777 1204 1791 1219 ⁸

233 1283 285 1345 ὂς
309 1281 354 1335 δ’
383 1282 448 1336 ἂν
471 1282 602 1354 εἴπῃ
639 1280 785 1335 κατὰ
826 1280 923 1335 τοῦ
980 1281 1295 1353 Πνεύματος
1329 1281 1422 1335 τοῦ
1479 1281 1659 1350 ἁγίου,
1694 1283 1796 1336 οὐκ

232 1372 550 1442 ἀφεθήσεται
575 1370 749 1439 αὐτῷ,
783 1369 907 1424 οὕτε
937 1371 997 1424 ὲν
1019 1370 1099 1441 τῷ
1139 1370 1236 1425 νῦν
1263 1371 1441 1434 αίῶνι,
1471 1371 1594 1424 οὕτε
1629 1372 1690 1423 ἐν
1718 1371 1797 1441 τῷ

237 1462 473 1534 μέλλοντι
502 1479 515 1493 °
554 1481 575 1516 ι
616 1464 741 1517 ὲπεὶ
774 1462 868 1516 οὖν
908 1464 1004 1517 καὶ⁹
1034 1462 1229 1535 ἑτέραν
1257 1463 1396 1535 πρὸς
1418 1465 1539 1527 ταῖς
1567 1464 1799 1535 είρημέο

228 1574 340 1620 ναις
362 1556 619 1622 ἐκείναις,
644 1555 825 1611 καίτοι
854 1554 1147 1619 τοσαύταις
1174 1553 1382 1620 οὔσαις,
1408 1556 1509 1609 οὐκ
1538 1550 1658 1611 οῖδα
1678 1554 1796 1611 ἀνθ’

228 1650 345 1701 ὄτου
402 1649 687 1719 ἐπιζητεῖς
727 1648 939 1721 (ίκαναὶ
968 1647 1077 1719 γὰρ
1110 1650 1313 1701 ἐκεῖναι
1353 1646 1533 1717 ψυχὴν
1560 1647 1797 1718 φιλομα-

226 1739 344 1804 θοῦς
366 1739 651 1811 ἐμπλῆσαι
679 1739 779 1809 τῆς
797 1737 1139 1810 ἐπιθυμίαςγ
1160 1738 1312 1791 οὐδὲν
1338 1740 1522 1809 χεῖρον
1542 1737 1674 1802 ῐσως
1697 1741 1798 1792 κά-

225 1836 363 1886 κεῖνο
403 1831 636 1885 συνιδεῖν
668 1830 929 1901 πλείστην
980 1832 1111 1901 ὅσην
1174 1830 1274 1899 τὴν
1331 1831 1429 1884 ἀπ’
1470 1830 1649 1884 αὐτῶν
1689 1830 1801 1884 τῶν

223 1924 563 1996 πραγμάτων
593 1923 715 1993 ἕχον
760 1923 1113 1993 συμφωνίαν
1144 1925 1296 1975 ποῖον
1342 1922 1406 1992 δὴ
1446 1922 1607 1975 τοῦτο
1630 1908 1658 1985 ς’
1678 1922 1801 1975 Ὅτι

220 2017 249 2068 ὁ
274 2017 369 2083 μὲν
424 2015 785 2088 προσπταίων
823 2014 902 2085 τῷ
938 2015 1162 2086 Χριστῷ
1204 2017 1300 2069 καὶ
1329 2014 1450 2084 θεῷ
1478 2014 1657 2086 ἡμῶν,
1694 2015 1803 2069 ἀπὸ

218 2108 323 2163 τῶν
344 2108 707 2180 ἀνθρωπίνων
733 2105 1013 2172 ἐνδείξεων
1038 2124 1052 2138 ο
1085 2102 1195 2161 οἷον
1227 2108 1309 2161 ὅτι
1330 2106 1515 2177 ἤσθιε·
1543 2109 1635 2160 καὶ
1665 2107 1801 2177 μετὰ

219 2200 462 2254 τελωνῶν
514 2200 612 2254 καὶ
646 2199 992 2271 ἁμαρτωλῶν
1016 2216 1031 2230 ο
1073 2200 1155 2252 ὅτι
1196 2198 1491 2261 ἐκάθευδεν
1515 2215 1530 2229 θ
1555 2201 1636 2253 ὅτι
1680 2201 1803 2252 ἐκο-

216 2294 333 2346 πία’
352 2294 457 2359 ὅτι,
490 2311 511 2344 ι
533 2291 841 2363 Περίλυπός
860 2293 1031 2357 ἐστιν,
1058 2310 1077 2341 ι
1104 2291 1312 2358 ἔλεγεν,
1342 2309 1360 2342 ι
1386 2292 1420 2360 ή
1446 2290 1595 2362 ψυχή
1620 2306 1748 2360 μου⁸
1777 2309 1795 2341 ι

216 2386 306 2439 καὶ
337 2386 391 2439 εῐ
424 2404 479 2439 τι
534 2383 813 2437 τοιοῦτον·
848 2376 1176 2438 ὧνέκαστον
1235 2385 1315 2447 είς
1366 2382 1657 2453 βεϐαίωσιν
1709 2384 1805 2437 καὶ

214 2479 565 2548 παράστασιν
615 2475 821 2547 ὲναργῆ
874 2477 974 2546 τῆς
1025 2476 1516 2547 ὲνανθρωπήσεως,
1547 2476 1576 2528 ὁ
1628 2476 1805 2529 πάντα

212 2571 388 2640 σοφῶς
435 2569 800 2641 πρυτανεύων
822 2610 836 2636 ,
885 2568 1238 2639 διεπράττετο
1267 2570 1460 2637 Λόγος.
1490 2570 1555 2621 Oi
1581 2568 1712 2634 γοῦν
1740 2568 1805 2621 ὲκ

205 2663 314 2715 τῶν
371 2661 642 2717 τοιούτων
684 2660 1160 2733 προσεπταικότες
1188 2660 1443 2732 Χριστῷ,
1479 2660 1695 2732 ῥᾳδίαν,
1725 2660 1803 2723 ὡς

208 2756 375 2819 είκὸς,
400 2755 670 2809 δύνανται
691 2754 793 2825 τὴν
813 2753 1097 2825 διόρθωσιν
1122 2753 1289 2824 ἔχειν.
1313 2754 1526 2824 Τρόπον
1549 2753 1658 2826 γάρ
1684 2771 1807 2807 τινα

205 2848 393 2913 αύτοτς
425 2849 492 2915 ἐξ
526 2848 746 2917 ἀγνοίας
771 2846 1175 2918 διεξέπιπτενή
1218 2846 1557 2918 βλασφημία,
1608 2847 1669 2900 οὐ
1720 2846 1810 2899 δυ-

206 2941 465 3010 ναμένοις
502 2938 767 3009 διακύψαι
817 2940 954 3011 πρὸς
1006 2939 1068 2993 τὸ
1112 2938 1274 3009 βάθος
1311 2938 1413 3009 τῆς
1474 2938 1806 3008 οἰκονομίας,

206 3032 299 3084 καὶ
328 3031 432 3102 τὴν
466 3030 723 3104 ἄρρητον
762 3030 1197 3099 συγκατάϐασιν.
1226 3032 1306 3084 Δι’
1336 3030 1364 3082 ὃ
1403 3032 1467 3083 ὲκ
1517 3029 1629 3082 τῶν
1669 3029 1811 3083 θειο-

205 3124 382 3197 τέρων
405 3123 587 3179 αὐτοῦ
618 3124 797 3195 ἔργων
813 3124 908 3177 καὶ
931 3123 1208 3193 πράξεων,
1237 3122 1501 3191 ταχίστην
1526 3120 1625 3193 τὴν
1653 3137 1813 3191 μετα-

206 3220 371 3290 ϐολὴν
442 3218 821 3283 ἐπιδείξουσιν
848 3211 1016 3283 οὗτοι,
1045 3216 1143 3271 καὶ
1191 3216 1583 3288 παραπλησίαν
1629 3217 1812 3281 ἕξουσι

201 3315 305 3382 τὴν
347 3312 441 3383 ἐφ’
475 3304 567 3374 οἷς
620 3310 934 3382 ἡμάρτανον
981 3310 1198 3379 ἄφεσιν.
1236 3308 1393 3363 Ούτω
1442 3308 1655 3372 Παῦλος
1688 3308 1815 3362 διώ-

1892 828 2005 881 vini
2035 827 2221 884 Patres
2251 829 2435 898 plures
2473 843 2635 897 quam
2669 834 2964 897 quaternas
2984 825 3141 881 nobis
3174 842 3477 897 proposue-

1894 927 2024 974 runt
2049 920 2195 975 illius
2212 920 2364 985 dicti,
2393 939 2411 971 ι
2440 920 2614 975 Omne
2640 928 2925 990 peccatum
2946 928 3001 974 et
3016 919 3355 987 blasphemia
3387 936 3476 975 re-

1894 1014 2140 1068 mittetur
2163 1014 2499 1079 hominibus,
2541 1013 2878 1084 blasphemia
2906 1021 3085 1068 autem
3133 1011 3187 1067 in
3218 1011 3479 1083 Spiritum

1896 1114 2149 1161 sanctum
2177 1121 2285 1159 non
2321 1106 2662 1171 remittetur;
2690 1123 2708 1155 ι
2741 1113 2817 1170 et,
2860 1123 2878 1155 ι
2908 1103 3013 1170 Qui
3038 1102 3331 1173 protulerit
3358 1117 3482 1156 ver-

1894 1197 2026 1253 bum
2054 1197 2110 1252 in
2137 1196 2401 1265 Spiritum
2434 1207 2706 1262 sanctum,
2738 1211 2846 1251 non
2871 1196 3180 1251 remittetur
3206 1196 3276 1256 ei.
3307 1210 3485 1265 neque

1897 1288 1952 1343 in
1984 1288 2090 1343 hoc
2125 1289 2347 1353 saeculo,
2390 1304 2565 1358 neque
2598 1289 2651 1342 in
2685 1287 2917 1352 futuro;
2961 1295 3016 1341 at
3044 1286 3355 1341 remittetur
3386 1286 3480 1355 qui

1896 1381 2126 1436 verbum
2154 1381 2208 1435 in
2238 1380 2436 1436 Filium
2470 1382 2699 1446 dixerit;
2737 1400 2755 1432 ι
2809 1379 3250 1450 quandoquidem
3306 1386 3360 1431 tu
3414 1378 3483 1431 ab

1899 1474 2024 1531 istis
2057 1474 2218 1531 dictis
2247 1474 2412 1529 aliam
2449 1474 2719 1545 requiris,
2775 1488 2898 1527 cum
2935 1480 3015 1526 tot
3044 1471 3149 1525 illa;
3183 1471 3329 1533 sint,
3383 1486 3483 1524 cur

1900 1574 2081 1621 autem
2112 1566 2213 1631 sic,
2247 1565 2477 1630 nescio;
2514 1566 2659 1637 (nam
2694 1563 2971 1620 sufﬁciunt
3026 1563 3131 1625 illa:
3186 1562 3361 1615 allata:
3414 1560 3483 1615 ad

1901 1658 2238 1729 implendum
2274 1660 2439 1714 animi
2482 1658 2814 1714 desiderium
2847 1656 3088 1712 discendi
3130 1656 3216 1710 vel
3244 1654 3483 1725 cupidis-

1902 1754 2073 1825 simi),
2092 1755 2230 1809 nihil
2251 1753 2389 1810 forte
2402 1754 2657 1820 obstabit,
2681 1761 2736 1808 et
2759 1752 2905 1807 illam
2931 1752 3092 1806 aliam
3116 1750 3485 1821 contemplare

1902 1864 2024 1917 qua:
2056 1863 2180 1902 cum
2214 1848 2380 1903 rebus
2407 1847 2541 1916 ipsis
2570 1860 2841 1901 summam
2890 1844 3127 1899 admittit
3171 1858 3486 1899 consonan-

1911 1939 2043 1993 tiam
2082 1959 2095 1994 :
2130 1947 2189 1993 at
2219 1954 2469 2009 quaenam
2499 1938 2635 1992 illa?
2664 1934 2934 1991 Nimirum
2968 1935 3111 2005 quod
3163 1935 3211 1989 is
3245 1934 3337 2003 qui
3387 1932 3486 1985 im-

1832 2081 1875 2137 B
1907 2032 2113 2101 pegerit
2143 2032 2196 2086 in
2234 2033 2511 2087 Christum
2538 2030 2705 2085 Deum
2725 2038 3001 2095 nostrum,
3038 2035 3261 2098 propter
3294 2027 3488 2079 Imma-

1906 2125 2096 2180 nitatis
2135 2124 2707 2188 demonstrationem;
2770 2130 2831 2176 ut
2880 2131 3009 2191 puta
3054 2121 3198 2190 quod
3238 2118 3491 2172 comede—

1907 2216 2019 2275 bat,
2052 2214 2214 2283 idque
2257 2229 2381 2267 cum
2434 2210 2746 2282 publicanis
2772 2218 2828 2265 et
2874 2208 3257 2280 peccatoribus
3291 2225 3304 2260 :
3345 2208 3490 2275 quod

1905 2308 2213 2363 dormiebat
2242 2324 2255 2359 :
2296 2306 2441 2376 quod
2475 2304 2805 2361 lassitudine
2852 2303 3142 2359 tenebatur
3173 2321 3187 2356 :
3215 2300 3360 2371 quod
3410 2298 3491 2354 di-

1907 2402 2068 2463 xerit,
2107 2418 2126 2451 ι
2155 2398 2354 2453 Tristis
2384 2410 2466 2454 est
2496 2399 2678 2453 anima
2711 2413 2829 2452 mea
2860 2411 3036 2466 usque
3059 2396 3125 2450 ad
3154 2407 3384 2449 mortem
3418 2408 3431 2445 :
3470 2411 3486 2440 ι

1906 2500 1962 2545 et
2011 2506 2134 2560 quae
2166 2499 2292 2545 sunt
2332 2489 2452 2557 eius
2504 2488 2767 2559 generis:
2800 2502 2921 2557 qua:
2976 2487 3162 2541 omnia
3232 2483 3494 2550 Verbum,

1907 2585 2053 2654 quod
2088 2583 2267 2636 omnia
2305 2582 2583 2652 sapienter
2609 2580 3053 2646 administrabat,
3091 2580 3159 2634 ad
3198 2581 3493 2636 confirma-

1908 2678 2113 2729 tionem
2135 2683 2189 2728 et
2210 2673 2517 2728 evidentem
2536 2671 2966 2727 declarationem
2996 2683 3295 2742 assumpta:
3312 2673 3495 2727 carnis

1909 2768 2281 2839 perpetrabat.
2318 2766 2422 2833 Qui
2450 2766 2615 2836 igitur
2639 2774 2862 2836 propter
2895 2767 2997 2821 ista
3032 2765 3407 2848 impingebant
3437 2765 3491 2821 in

1910 2860 2216 2923 Christum,
2246 2857 2564 2913 facillimam
2594 2860 2900 2928 acquirent,
2949 2865 3010 2911 ut
3036 2858 3274 2923 videtur,
3311 2874 3496 2912 emcn-

1911 2952 2188 3008 dationem
2221 2970 2233 3005 :
2260 2966 2386 3004 nam
2419 2950 2487 3005 ab
2510 2950 2818 3021 ignorantia
2850 2949 3259 3019 quodammodo
3285 2950 3499 3005 excide-

1913 3054 1997 3101 rat
2028 3042 2384 3112 blasphemia,
2413 3056 2537 3096 cum
2563 3056 2670 3096 non
2696 3050 2918 3111 possent
2940 3041 2995 3095 in
3021 3038 3379 3111 profundum,
3403 3035 3495 3095 vel

1912 3149 2011 3205 per
2041 3133 2321 3195 rimulam,
2359 3128 2787 3199 dispensationis
2818 3137 3128 3199 penetrare,
3146 3129 3227 3183 vel
3273 3128 3493 3185 inenar-

1914 3227 2145 3283 rabilem
2205 3224 2511 3294 perspicere
2564 3222 3087 3277 condescensionem
3120 3242 3133 3277 :
3165 3231 3499 3292 quapropter

1918 3336 2014 3393 per
2043 3318 2231 3374 divina
2265 3317 2439 3386 ipsius
2474 3329 2640 3386 opera
2671 3314 2907 3381 inducti,
2947 3314 3241 3384 proclivem
3283 3315 3360 3368 illi
3401 3315 3497 3367 atl-

205 3422 365 3475 κτης,
422 3404 671 3472 σταυρὸν
718 3403 935 3457 ἀκούων
982 3403 1079 3456 καὶ
1107 3402 1361 3467 θάνατον,
1403 3403 1498 3455 καὶ
1539 3402 1622 3454 ὅτι
1643 3402 1801 3469 ἔφαγε

1922 3414 2139 3467 mittent
2165 3410 2637 3473 immutationem,
2671 3418 2729 3462 et
2770 3406 3113 3462 consimilem
3154 3407 3223 3461 de
3265 3406 3504 3477 peccatis

202 3500 299 3550 καὶ
355 3498 521 3563 ἔπιε,
564 3496 660 3550 καὶ
706 3497 806 3549 ὅσα
828 3494 966 3550 ἀλλα
993 3496 1109 3558 τοῖς
1154 3493 1433 3557 Ἰουδαίοις
1457 3495 1537 3557 είς
1559 3494 1817 3564 διαϐολὴν

202 3590 301 3642 τοῦ
355 3588 653 3643 Δεσπὸτου
698 3587 1035 3658 προεφέρετο
1062 3603 1075 3615 ·
1110 3586 1233 3639 ἐπεὶ
1275 3587 1332 3639 δὲ
1354 3586 1634 3657 θειοτέρας
1657 3586 1817 3657 ἔτυχε

200 3684 413 3755 πείρας
448 3682 559 3736 καὶ
605 3681 705 3751 τῆς
744 3680 952 3734 ἄνωθεν
997 3680 1287 3744 ὀπτασίας,
1315 3680 1514 3732 αὐτίκα
1544 3682 1724 3734 πάντα
1750 3681 1820 3735 τὰ

199 3775 534 3846 βλάσφημα
564 3772 730 3845 ῥίψας
757 3773 960 3836 ἐκεῖνα,
996 3770 1173 3842 κῆρυξ
1193 3770 1288 3823 τοῦ
1318 3771 1650 3841 διωκομένου
1674 3772 1821 3839 γίνε-

191 3884 311 3923 ται.
344 3866 531 3922 Οὕτω
570 3864 733 3918 πάλιν
763 3862 1053 3932 τρισχίλιοι
1079 3861 1219 3933 ἅμα,
1245 3862 1343 3915 καὶ
1381 3861 1590 3915 τούτων
1620 3863 1820 3932 ἑφεξῆς

197 3961 466 4025 πλείους,
504 3955 629 4011 εἶτα
659 3958 755 4010 καὶ
774 3955 903 4018 λαὸς
932 3951 1136 4025 μείζων
1160 3954 1534 4026 ἀριθμεῖσθαι,
1558 3958 1677 4018 ταῖς
1704 3954 1821 4008 θεο-

194 4054 483 4124 σημείαις
520 4048 931 4121 μετατεθέντες,
984 4045 1189 4115 σπουδῇ
1245 4047 1377 4115 πρὶν
1406 4045 1483 4116 τῷ
1512 4046 1605 4098 ὑπ’
1640 4045 1823 4101 αὐτῶν

191 4144 632 4215 πολεμουμένῳ
680 4138 986 4210 προσῆλθον
1039 4135 1361 4208 κηρύγματι
1386 4153 1401 4167 ⁸
1431 4137 1595 4207 δῆλον
1636 4136 1730 4191 οὖν
1759 4140 1824 4191 ἐκ

181 4238 305 4290 τῶν
336 4234 677 4308 εἰρημένων
713 4234 862 4296 ὅπως
889 4235 1003 4296 τοῖς
1032 4235 1115 4297 είς
1142 4232 1234 4285 τὸν
1254 4231 1381 4284 Υίὸν
1410 4230 1504 4283 τοῦ
1529 4228 1822 4301 ἀνθρώπου

188 4326 655 4400 βλασφημοῦσιν
686 4328 720 4397 ἡ
755 4325 950 4395 ἄφεσις
974 4324 1197 4390 δίδοται,
1226 4324 1308 4376 ὅτι
1328 4322 1409 4394 τῷ
1424 4322 1595 4393 mea,»
1609 4324 1708 4392 τῆς
1728 4339 1825 4393 με-

176 4425 452 4494 ταϐολῆς
486 4419 658 4475 καὶτὸ
678 4418 1076 4492 πρόχειροντῆς
1093 4416 1423 4487 συγγνώμης
1445 4416 1824 4471 έπεται.”οσοι

178 4518 244 4570 δὲ
280 4517 411 4569 τῶν
456 4511 959 4581 θαυμασιωτέρων,
998 4510 1094 4562 καὶ
1129 4510 1165 4563 ἃ
1191 4509 1360 4580 μόνης
1386 4509 1504 4560 ἐστί
1537 4510 1639 4577 τῆς
1670 4508 1825 4571 θείας

174 4608 516 4678 δυνάμεως
544 4601 788 4672 ὓποψινι³
823 4601 1039 4671 ἔχοντες
1069 4599 1169 4669 τὴν
1214 4600 1496 4669 ἐνέργειαν
1521 4614 1535 4629 ·
1564 4599 1825 4669 δαίμονας

176 4698 623 4769 διωκομένους,
657 4694 845 4757 νόσους
873 4692 1262 4761 ὲλαυνομένας,
1292 4691 1516 4760 τυφλοῖς
1552 4691 1651 4754 τάς
1668 4690 1823 4759 δψεις

1920 3513 2334 3573 consequentur
2359 3502 2596 3557 veniam.
2624 3500 2701 3556 [ta
2721 3500 2929 3556 exstitit
2946 3498 3146 3554 Paulus
3163 3508 3502 3570 persecutor,

1920 3612 2045 3651 cum
2071 3610 2290 3650 crucem
2327 3605 2381 3647 et
2412 3604 2642 3649 mortem
2668 3592 2917 3658 audiret;
2950 3602 3006 3647 et
3037 3607 3161 3647 cum
3193 3593 3397 3656 ederet,
3424 3592 3507 3647 bi-

1920 3688 2095 3750 beret,
2115 3693 2169 3740 et
2208 3685 2416 3753 reliqua
2440 3684 2663 3749 faceret,
2684 3700 2805 3752 quae
2832 3685 2886 3738 in
2922 3684 3258 3738 calumniam
3288 3684 3503 3738 Domini

1921 3778 2093 3833 ,Ιυάεεὶ
2128 3777 2505 3847 proferebant.
2536 3776 2674 3831 Cum
2703 3793 2835 3831 vero
2857 3777 3027 3832 semei
3053 3777 3377 3833 diviniorem
3410 3794 3507 3831 ex-

1922 3871 2243 3939 perientiam
2279 3884 2376 3937 per
2402 3868 2679 3924 caelestem
2720 3868 2997 3923 visionem
3044 3868 3505 3936 consequebatur.

1924 3960 2185 4015 continuo
2223 3960 2444 4030 rejectis
2491 3975 2616 4031 quae
2658 3959 2977 4029 blaspheme
3025 3959 3245 4015 locutus
3296 3968 3414 4015 erat
3454 3972 3509 4015 et

1925 4052 2150 4117 fecerat,
2183 4068 2363 4121 praeco
2418 4053 2620 4121 prodiit
2672 4052 2819 4107 illius
2857 4069 3020 4123 quem
3053 4054 3507 4123 persequebatur.

1924 4146 2005 4200 Ad
2036 4145 2286 4201 eumdem
2311 4144 2535 4199 modum
2569 4153 2650 4199 ter
2673 4144 2824 4199 mille
2850 4144 3140 4213 imprimis,
3174 4152 3229 4199 et
3252 4144 3509 4213 deinceps

1926 4238 2080 4292 hisce
2124 4237 2331 4307 plures,
2378 4246 2433 4291 et
2475 4245 2664 4305 postea
2700 4236 3047 4290 numerosior
3082 4236 3512 4306 multitudo,per

1927 4330 2080 4400 signa
2120 4329 2305 4383 divina
2345 4328 2645 4394 immutati,
2677 4343 2802 4383 cum
2832 4326 3185 4382 festinatione
3215 4328 3281 4382 ad
3313 4326 3510 4397 ιιι-ξιξᾱὶ-

1928 4421 2198 4476 cationcm
2237 4421 2359 4491 ejus
2406 4436 2567 4490 quem
2601 4421 3072 4490 persequebantur
3120 4428 3504 4477 accurrerunt.

1926 4512 2081 4566 Patet
2124 4526 2257 4581 ergo
2285 4511 2396 4580 jam
2428 4510 2613 4574 dictis,
2645 4509 2827 4579 qualis
2856 4508 3013 4564 venia
3056 4506 3376 4562 conceditur
3406 4504 3513 4559 illis

1927 4606 2019 4674 qui
2049 4605 2104 4659 in
2144 4602 2343 4658 Filium
2371 4602 2611 4656 hominis
2642 4601 3056 4670 blasphemant;
3086 4599 3347 4653 nimirum
3380 4597 3511 4652 faci-

1928 4700 2136 4753 litatem
2187 4694 2513 4751 mutationis
2544 4695 2905 4763 consequitur
2940 4693 3176 4749 facilitas
3230 4692 3515 4762 indulgen-

172 4767 422 4865 ῥήματι
468 4785 988 4857 δημιουργουμένας
1013 4799 1027 4814 ⁸
1057 4784 1127 4836 τὰ
1154 4783 1410 4853 ὑπερφυῆ
1426 4783 1522 4836 καὶ
1540 4782 1801 4854 παράδοξι

1930 4792 2036 4846 tiae.
2069 4791 2137 4844 At
2162 4789 2258 4859 qui
2288 4804 2376 4843 res
2408 4788 2580 4857 magis
2630 4785 3019 4852 admirabiles,
3050 4794 3104 4840 et
3136 4801 3258 4857 quae
3287 4784 3389 4841 soli
3427 4784 3511 4837 di—

171 4890 396 4942 ἑκεϊνα.
425 4901 445 4915 ·
484 4882 625 4952 πρὸς
645 4881 799 4934 οὐδὲν
833 4879 1039 4933 τούτων
1064 4878 1343 4931 ἐθέλουσιν
1367 4878 1820 4949 ἐπιστρέφεσθαι,

168 4980 261 5043 ὡς
300 4976 565 5036 ἑκόντες
590 4975 727 5044 πρὸς
750 4972 820 5026 τὰ
840 4971 935 5025 τοῦ
967 4970 1285 5040 Πνεύματος
1323 4969 1462 5040 ἔργα
1499 4971 1678 5023 καὶτὸ
1708 4969 1824 5039 φῶς

166 5065 775 5138 ἅποτυφλὼττοντες,
798 5055 946 5117 οὗτοι
968 5063 1209 5134 χαλεπὴν
1231 5062 1265 5133 ἢ
1285 5062 1381 5115 καὶ
1405 5060 1666 5115 ἀδύνατον
1695 5078 1826 5115 παν-

164 5161 377 5226 τελῶς
444 5158 563 5227 τὴν
621 5155 987 5227 μεταμέλειαν
1050 5154 1287 5223 ἔχουσιν,
1313 5151 1374 5216 ἐξ
1424 5144 1599 5223 οὗπερ
1639 5152 1825 5215 αὐτοῖς

163 5254 558 5327 ἀφαιρεῖται
590 5248 687 5302 καὶ
716 5250 750 5319 ἡ
772 5248 987 5317 ἄφεσις.
1020 5246 1138 5299 Τίνι
1168 5245 1285 5315 γὰρ
1306 5244 1371 5299 ἂν
1416 5245 1511 5297 καὶ
1557 5261 1822 5313 μεταπει-

164 5348 388 5402 σθεῖεν
425 5333 595 5396 οὗτοι
626 5340 762 5411 πρὸς
785 5341 855 5393 τὰ
876 5338 1020 5392 οὕτω
1052 5338 1213 5391 καινά
1239 5337 1334 5389 καὶ.
1373 5334 1556 5405 πολλῷ
1584 5334 1685 5404 τῆς
1717 5333 1823 5403 φύ-

160 5460 338 5504 ceto;
414 5434 726 5506 κρείττονα
772 5431 1161 5504 πωρωθὲντες,
1186 5431 1280 5484 καὶ
1308 5429 1433 5500 μηδ’
1458 5428 1563 5483 ὑπὸ
1593 5446 1699 5481 τινι
1722 5429 1823 5481 αὒ-

1924 4885 2066 4939 vime
2120 4881 2381 4953 potentiae
2429 4879 2749 4950 subiacent,
2805 4879 2910 4934 sub
2964 4888 3245 4948 aspectum
3305 4878 3513 4932 habent

1925 4974 2281 5031 manifestum
2317 4989 2331 5025 :
2365 4972 2646 5027 daemonas
2681 4971 2947 5026 nimirum
2975 4971 3258 5042 expulsos,
3283 4970 3513 5025 morbos

1925 5071 2175 5135 abactos,
2210 5066 2372 5123 caecis
2403 5066 2583 5120 visum
2606 5065 2923 5121 restitutum
2960 5067 3076 5121 solo
3108 5065 3274 5120 verbo
3297 5082 3312 5123 :
3339 5072 3394 5119 et
3417 5078 3516 5117 caa-

1924 5169 2041 5214 tera
2076 5168 2333 5213 naturam
2364 5155 2706 5222 excedentia,
2739 5150 3010 5226 planeque
3056 5156 3361 5226 stupenda;
3414 5167 3515 5206 nec

1931 5256 1999 5310 ad
2030 5252 2222 5307 borum
2255 5249 2437 5318 aliqua
2467 5249 2709 5303 converti
2739 5248 2949 5312 volunt,
2974 5246 3069 5303 sed
3100 5244 3405 5299 voluntarie
3445 5242 3512 5295 ad

1934 5345 2175 5415 Spiritus
2207 5354 2374 5409 opera
2404 5347 2460 5394 et
2489 5339 2963 5395 illuminationem
2979 5339 3339 5392 obcrecantnr
3379 5349 3392 5386 :
3423 5332 3509 5383 isti

1934 5436 2243 5499 diﬂicultcr,
2277 5433 2323 5490 si
2359 5431 2589 5489 omnino
2619 5442 2824 5497 tamen,
2865 5432 3219 5502 resipiscnnt.
3243 5434 3405 5491 atque
3438 5423 3512 5476 ita

1547 5527 1683 5584 VAR
1697 5529 1785 5584 LE
1820 5530 2117 5587 LECTION
2125 5531 2231 5586 ES.

300 5639 333 5666 ιι
376 5623 501 5679 ὑπ’
562 5625 704 5693 ὄψιν.

1766 5694 1993 5757 ἓὲΟΤιΕ.

294 5796 363 5860 (8
386 5790 444 5858 3)
498 5786 644 5844 ltlcm
677 5787 897 5843 Thema:
928 5804 1088 5859 supra
1122 5802 1169 5855 ιι.
1207 5784 1391 5839 XLIX.
