3854 6216
407 253 508 322 971
1559 265 1821 329 PHOTII
1857 267 1929 327 Pl

2118 266 2364 329 lRCHiE
2408 264 2515 330 ΟΡ.
3543 269 3640 333 972

327 421 338 432 ,
408 367 805 439 indulgentiam
847 369 992 426 haud
1031 371 1347 443 impertitur
1381 373 1448 430 iis
1475 374 1640 430 Deus.
1673 376 1793 443 Quo
1833 390 1849 430 ε

2119 376 2194 430 ῶν
2239 378 2377 448 πρὸς
2407 374 2740 446 ἐπιστροφὴν
2764 374 2892 428 ἰδεῖν
2934 355 3388 444 δυσωπηθέντεςς
3423 377 3497 430 Δι’
3517 377 3544 431 δ
3567 381 3638 434 διο

407 462 518 516 alio
544 477 805 532 persuasu
831 462 1183 533 resipiscam,
1214 466 1309 535 qui
1340 466 1407 521 ad
1432 475 1540 521 tam
1579 483 1715 522 nova
1745 476 1795 522 et
1821 475 1929 521 natu

2123 467 2258 533 αίως
2287 466 2466 520 αὐτῶν
2489 466 2582 519 καὶ
2636 464 2981 535 σύγγνωστον
3015 473 3040 501 °
3065 466 3128 519 τὸ
3159 465 3542 537 πλημμέλημα,
3559 470 3645 524 καὶ

405 565 524 605 ram
564 552 638 605 ita
663 551 982 607 excedentia
1010 554 1374 622 obdurantur,
1414 572 1514 612 nec
1559 558 1627 612 ab
1682 559 1867 628 aliquo
1900 560 1927 614 ἰι

2122 557 2343 629 ιειζωνή
2372 558 2688 630 βλασφημία
2712 559 2810 627 τῆς
2837 557 3105 626 ἀφέσεως.
3125 556 3532 627 Παραδείγματα
3559 560 3644 615 τοῦ

407 642 536 699 duci
584 653 818 714 possunt
864 656 925 700 ut
967 647 1386 702 conversionem
1422 666 1576 703 suam
1624 651 1929 706 meditentm

2125 647 2267 714 όγου’
2291 647 2490 710 ΙἈννας
2506 647 2600 699 καὶ
2616 647 2872 715 Καῖάφας
2886 647 2980 700 καὶ
3003 644 3303 714 πολλοὶξτῶν
3317 646 3589 716 Ἰουδαίων,
3601 652 3647 706 οἰ

407 735 532 790 Non
564 736 734 808 igitur
764 737 1062 805 immerito,
1087 739 1208 795 sine
1234 743 1394 795 venia
1419 741 1521 797 hoc
1549 743 1762 797 illorum
1793 760 1924 813 pecc

2121 738 2345 809 αίμονας
2373 737 2744 791 ἀπελαύνοντα
2791 737 3014 800 ἰδόντες,
3044 737 3162 790 δέον
3206 739 3522 806 προσκυνεῖν
3557 739 3643 794 τδν

409 833 552 893 tum,
584 837 638 882 et
663 827 1003 897 blasphemia
1045 829 1436 897 indulgentiam
1465 835 1698 888 excedit.
1726 834 1931 904 Exemp

2131 831 2404 902 Βεργέτην,
2435 831 2493 884 ἐν
2521 829 2602 900 τῷ
2656 829 2884 900 ἄρχοντι
2942 829 3052 882 τῶν
3102 827 3392 897 δαιμονίων
3415 829 3653 902 (πρᾶγμα

411 923 973 987 apponanturAnnas,
994 919 1356 992 Caiaphas,et
1378 925 1684 993 complures
1706 940 1735 980 e
1752 923 1933 981 Judaei:

2134 921 2274 993 ἀσης
2298 917 2688 990 ἀναισχυντίας
2715 917 3028 990 τολμῶντες
3073 915 3354 985 ἐπέκεινα)
3387 915 3654 971 ἐκϐάλλειν

411 1007 469 1062 hi
502 1023 627 1063 cum
671 1011 941 1064 daemonia
969 1012 1278 1080 ejicientem
1315 1024 1623 1077 cernerent,
1653 1031 1775 1069 cum
1823 1016 1933 1071 debv

2133 1012 2255 1067 ὐτδν
2295 1012 2604 1082 ἐλοιδόρουν
2661 1009 2731 1064 τὰ
2780 1009 3066 1081 δαιμόνια·
3103 1008 3337 1075 τυφλοὺς
3377 1007 3655 1078 βλέποντας

413 1107 535 1153 rent
565 1101 814 1154 venerari
849 1101 1278 1169 henefactorem,
1311 1105 1432 1158 ausi
1479 1116 1606 1160 sunt
1646 1121 1762 1160 rem
1808 1106 1935 1176 imp!

2136 1104 2346 1167 οῶντες,
2380 1105 2475 1158 καὶ
2505 1101 2785 1173 κλινήρεις
2808 1100 2994 1172 δρόμῳ
3026 1099 3122 1154 ιιιαί⁵
3149 1099 3357 1170 φορτίῳ
3398 1099 3496 1170 τὴν
3528 1102 3658 1154 ῖασιν

411 1191 652 1246 dentiam
680 1208 895 1254 omnem
925 1193 1274 1249 excedentem
1297 1197 1575 1267 proloqui,
1607 1205 1660 1251 et
1687 1213 1780 1267 per
1805 1212 1933 1253 com

2138 1195 2471 1260 εϐαιοῦντας·
2498 1215 2517 1248 ι
2530 1196 2645 1249 Οὐκ
2671 1195 2817 1249 ἔστιν
2837 1195 2866 1246 ὁ
2881 1193 3165 1264 ἄνθρωπος
3179 1186 3354 1256 οὗτος,
3385 1191 3580 1262 ἔλεγον,
3599 1197 3660 1248 ἐκ

412 1281 489 1338 tia
533 1284 713 1338 dicere
739 1322 754 1346 ,
811 1299 934 1338 eum
983 1285 1254 1340 daemonia
1302 1286 1500 1356 ejicere
1544 1303 1640 1358 per
1674 1288 1934 1359 'principe

2143 1288 2189 1341 >ῦ
2221 1287 2357 1342 Θεοῦ
2375 1304 2389 1317 ·
2419 1305 2438 1340 ι
2467 1287 2557 1342 τὸν
2575 1284 2822 1358 Λάζαρον
2860 1285 3219 1354 ἀνιστάμενον
3250 1287 3564 1354 τεταρταῖον
3589 1288 3665 1350 εἰς

412 1376 850 1443 daemoniorum;
878 1392 1003 1432 cum
1044 1393 1227 1434 caecos
1251 1379 1598 1434 intuerentur
1619 1380 1824 1447 videre,
1855 1382 1934 1436 lec

2139 1379 2318 1434 λείονα
2342 1377 2500 1448 φόνον
2523 1381 2573 1416 θ’
2594 1377 2970 1446 ἀνεφλέγοντο.
2999 1394 3017 1427 ι
3039 1374 3297 1448 Ἐζήτουν
3340 1374 3466 1444 γὰρ,
3484 1376 3661 1445 φησὶν,

412 1468 609 1523 aflixos
639 1484 737 1538 per
759 1484 985 1524 cursum
1007 1481 1062 1525 et
1086 1472 1476 1541 baiulationem
1503 1473 1790 1529 sanitatem
1817 1453 1934 1529 rata

2144 1488 2187 1524 ια
2213 1471 2308 1524 καὶ
2329 1469 2421 1522 τὸν
2444 1467 2700 1539 Λάζαρον
2722 1466 3139 1521 ἀποκτείνωσιν.
3169 1484 3187 1516 ι
3211 1459 3348 1518 Εἶτα
3371 1464 3666 1518 ἀναστάντα

409 1558 702 1624 facientes,
725 1562 982 1617 dixerunt
1011 1572 1216 1631 tamen,
1255 1563 1405 1619 «Non
1446 1575 1530 1622 est
1553 1581 1583 1621 a
1611 1566 1721 1621 Deo
1749 1567 1852 1622 iste
1893 1568 1926 1622 h

2141 1582 2166 1618 ε
2177 1564 2504 1636 μαθηκότες,
2559 1563 2664 1633 χρή
2676 1579 2808 1633 μασι
2833 1562 2928 1614 καὶ
2948 1558 3135 1629 ψεύδει
3153 1557 3555 1627 κατακρύπτειν
3574 1559 3663 1610 ἐπ-

413 1668 570 1721 ιῐιο;›
611 1663 665 1710 et
685 1671 782 1725 per
808 1654 1079 1711 Lazarum
1111 1669 1387 1712 mortuum
1421 1659 1855 1729 quadriduanum
1877 1661 1935 1715 vi!

2146 1656 2349 1728 (εἰρουν
2403 1655 2502 1727 τὴν
2556 1656 2870 1709 ἀνάστασιν.
2907 1653 3017 1707 Καὶ
3059 1653 3125 1724 δὴ
3150 1652 3245 1705 καὶ
3287 1651 3398 1704 τῶν
3427 1651 3668 1722 μαθητῶν

415 1747 756 1814 restitutum,
789 1751 855 1805 ad
888 1751 1152 1820 majorem
1190 1751 1452 1806 invidiam
1493 1751 1937 1807 inﬂammabantu

2148 1749 2360 1819 υρίναις
2391 1747 2665 1818 γλώσσαις
2711 1746 3122 1817 στομωθέντων,
3159 1745 3255 1798 καὶ
3312 1744 3380 1798 τὰ
3422 1743 3670 1814 μεγαλεῖα

422 1856 442 1890 ‹
470 1837 798 1906 Quaerebam
840 1841 1010 1904 enim,
1069 1843 1163 1908 ait,
1236 1850 1296 1896 ut
1332 1852 1385 1897 et
1417 1841 1685 1897 Lazarum
1720 1844 1944 1899 interimi

2150 1841 2195 1894 ›ῦ
2219 1842 2354 1895 Θεοῦ
2382 1840 2553 1906 ξένοις
2591 1841 2832 1912 ῥήμασιν
2873 1838 3390 1910 ἀνακηρυττόντων,
3427 1839 3520 1890 καὶ
3546 1837 3672 1907 πλῆ-

412 1942 553 1988 rent.
586 1952 606 1985 ›
636 1932 702 1988 Ει
736 1941 1026 2004 postquam
1065 1935 1391 1990 resciverint
1421 1937 1811 2001 resurrexisse,
1846 1938 1934 1992 illa

2147 1953 2193 1999 >ς
2217 1935 2444 2004 ἄπειρον
2471 1934 2550 2004 τῷ
2579 1934 2818 2004 θαύματι
2854 1933 2990 2004 πρὸς
3023 1934 3120 2004 τὴν
3142 1931 3432 1984 εὐσέϐειαν
3461 1930 3669 1998 ἐναγόν-

413 2024 870 2078 resurrectionem
894 2026 1191 2092 occultare,
1223 2025 1349 2080 data
1374 2027 1626 2096 pecunia,
1651 2035 1705 2082 et
1729 2043 1825 2098 per
1848 2045 1934 2083 me

2149 2046 2236 2091 ον,
2294 2028 2375 2090 εἰς
2437 2025 2668 2094 γλεῦκος
2716 2019 2864 2079 οὗτοι
2899 2025 2992 2077 καὶ
3037 2023 3207 2093 μέθην
3236 2023 3306 2076 τὸ
3334 2023 3557 2093 φρικτὸν
3585 2020 3671 2074 τοῦ

416 2116 638 2172 dacium
678 2117 1015 2173 nitebantur.
1049 2119 1261 2174 Etcum
1303 2120 1556 2190 discipuli
1593 2121 1792 2191 linguis
1826 2123 1938 2190 iam

2136 2120 2384 2190 αύματος
2425 2118 2702 2190 διασύρειν
2735 2118 2836 2171 οὐκ
2864 2116 3180 2188 ᾐσχύνοντο,
3208 2115 3326 2168 οὐδ’
3379 2112 3658 2183 ἐφοϐοῦντο

417 2219 822 2263 exacuerentur
847 2251 862 2276 ,
922 2219 976 2265 et
1032 2211 1304 2280 magnalia
1341 2211 1435 2266 Dei
1468 2214 1650 2268 verbis
1695 2215 1939 2283 peregrin

2153 2210 2290 2282 ἦτῷ
2337 2210 2472 2281 ξένῳ
2507 2207 3202 2280 πυρὶ.καταδαπανηθῶσιν
3271 2207 3323 2259 οἰ
3373 2205 3675 2275 ἀλάστορες.

417 2300 871 2370 depraedicarent,
936 2311 990 2356 et
1040 2319 1232 2373 magna
1271 2304 1558 2359 hominum
1608 2307 1939 2362 multitudo:

2159 2304 2291 2368 ΰτως
2313 2305 2465 2357 οὐδὲν
2483 2305 2666 2368 αὐτοῖς
2692 2302 2800 2355 τῶν
2818 2299 3114 2371 ὑπερφυῶν
3144 2301 3225 2361 εἰς
3269 2297 3568 2369 μεταϐολὴν
3590 2299 3681 2366 τῆς

419 2391 676 2461 pietatem
714 2394 979 2448 miraculo
1008 2395 1418 2463 inducerentur,
1449 2400 1566 2453 sine
1591 2399 1742 2452 omni
1769 2401 1941 2470 pudor

2158 2397 2387 2468 >χθηρᾶς
2422 2397 2516 2448 καὶ
2545 2395 2747 2447 ἀτόπου
2777 2392 3005 2463 γνώμης
3039 2391 3246 2460 ἐξήρκε
3258 2407 3371 2450 σεν,
3397 2389 3539 2455 ἅπαξ
3557 2388 3680 2458 πρὶς

419 2484 669 2540 miraculi
701 2496 992 2556 augustum
1022 2496 1077 2541 et
1105 2489 1478 2543 venerandum
1523 2489 1751 2556 factum,
1777 2492 1843 2546 ad
1875 2509 1941 2545 nu

2163 2507 2170 2540 ι
2198 2487 2394 2556 πρῶτα
2446 2484 2555 2538 τῶν
2584 2481 2975 2554 πνευματικῶν
3005 2481 3100 2534 καὶ
3131 2479 3305 2534 θείων
3348 2479 3524 2550 ἔργων
3542 2479 3685 2532 ἀναι-

419 2583 565 2629 stum
625 2575 924 2631 transferre
1000 2588 1052 2632 et
1111 2579 1429 2634 ebrietatem
1491 2581 1845 2650 satagebant;
1898 2599 1941 2636 nl

2165 2576 2358 2645 ξυντεῖν
2397 2573 2629 2636 ἑαυτοὺς
2678 2570 3122 2642 παρεσκευακόσι
3168 2569 3280 2622 καὶ
3329 2566 3687 2640 ἀποθρασύνε-

420 2667 1098 2736 verebanturnequissimi
1131 2669 1434 2732 alastores,
1497 2686 1564 2726 ne
1613 2673 1682 2726 ab
1731 2673 1852 2742 igne
1906 2674 1942 2727 il

2171 2684 2251 2721 αι.
2286 2667 2524 2729 Δικαίως
2541 2666 2647 2735 ἄρα
2675 2664 2795 2716 λίαν
2812 2664 2906 2716 καὶ
2949 2661 3130 2731 σοφῶς
3159 2661 3512 2732 sigmaan
3549 2679 3567 2711 ι
3601 2661 3689 2717 Ὃς

419 2760 756 2815 miraculoso
788 2761 1234 2817 absumerentur.
1273 2763 1348 2818 Ita
1400 2764 1535 2817 nihil
1566 2780 1790 2834 prorsus
1821 2781 1941 2837 qual

2196 2758 2326 2828 εἴπῃ
2363 2756 2523 2824 λόγον
2555 2754 2698 2808 κατὰ
2717 2753 2810 2807 τοῦ
2842 2751 2974 2806 Υἰοῦ
3010 2751 3104 2805 τοῦ
3131 2751 3476 2821 ἀνθρώπου,
3505 2747 3692 2819 ἀφεθή-

419 2851 622 2904 tumvis
657 2859 912 2905 naturam
961 2862 1336 2921 exsuperaret,
1374 2853 1441 2907 ad
1475 2855 1798 2908 mutandum
1851 2856 1941 2925 ipsi

2170 2867 2257 2902 ται
2291 2847 2471 2918 αὐτῷ·
2499 2846 2558 2910 ὃς
2583 2847 2626 2899 δ’
2654 2846 2722 2900 ἂν
2757 2846 2888 2916 είπῃ
2918 2843 3058 2897 κατά
3086 2842 3180 2896 τοῦ
3215 2845 3572 2914 Ἠνεύματος,
3600 2840 3692 2892 οὐκ

418 2957 540 2996 rum
576 2958 807 3012 nequam
851 2954 906 2998 et
954 2943 1248 2998 absurdam
1307 2945 1618 3014 opinionem
1669 2946 1940 3000 sufﬁcieba

2173 2942 2440 3014 μεθήσεται
2467 2937 2642 3009 αὐτῷ.
2674 2936 2800 2990 οὔτε
2829 2938 2889 2990 ὲν
2920 2935 2999 3006 τῷ
3027 2934 3122 2987 νῦν
3148 2935 3348 2998 αἰῶνι,
3393 2933 3516 2987 οὔτε
3544 2933 3598 2985 ἐν
3622 2931 3695 3001 τῷ

419 3043 708 3105 postquam
740 3037 910 3092 semel
943 3049 1132 3092 contra
1172 3039 1445 3108 pra‘cipua
1471 3039 1706 3107 Spiritus
1738 3040 1916 3094 sancti

2174 3035 2377 3089 Mmm.
2418 3051 2437 3084 ι
2464 3032 2589 3095 Τοῖς
2626 3030 2723 3100 μὲν
2751 3029 2860 3098 γὰρ
2890 3027 3000 3081 ἀπὸ
3027 3027 3136 3080 τῶν
3181 3025 3696 3099 ἁνθρωπικωτέρων

421 3127 606 3182 divina
630 3144 794 3198 opera
829 3130 949 3184 sine
977 3132 1132 3184 omni
1163 3131 1426 3186 modestia
1461 3139 1516 3184 et
1547 3130 1754 3200 pudore
1800 3147 1859 3186 se
1887 3132 1938 3186 di

2170 3127 2200 3179 ,ἱ
2229 3088 2638 3193 ταπεινοτέρων.
2664 3088 3138 3175 σκανδαλισθεῖσιν
3193 3088 3316 3172 ἰπὶ.
3341 3119 3421 3188 τῷ
3457 3088 3692 3186 Δεσπότῃ

421 3229 743 3290 posuerant,
789 3222 856 3276 ad
888 3223 1224 3278 audendum.
1247 3206 1586 3288 'Quocirca,
1635 3237 1736 3277 nec
1778 3222 1942 3290 injuri

2165 3216 2344 3289 ριστῷ,
2378 3215 2536 3287 ῥᾳδία
2569 3215 2600 3285 ἡ
2643 3212 2731 3266 διὰ
2755 3211 2863 3266 τῶν
2901 3212 3168 3282 μειζόνων
3211 3212 3311 3264 καὶ
3351 3209 3687 3280 ὑψηλοτέρων

422 3311 715 3367 manifeste
760 3317 1195 3381 pronuntiatur:
1231 3333 1248 3366 ‹
1288 3314 1394 3380 Qui
1436 3315 1666 3368 verbum
1710 3314 1944 3384 protulel

2172 3306 2386 3376 ;ταϐολὴ
2412 3306 2507 3358 καὶ
2541 3305 2573 3374 ἡ
2598 3304 2814 3371 ἄφεσις.
2842 3303 2966 3365 Τοῖς
2991 3301 3049 3354 δὲ
3078 3301 3224 3371 πρὸς
3259 3304 3331 3355 τά
3359 3297 3694 3369 πνευματικά

419 3413 612 3457 contra
647 3404 847 3460 Filium
882 3407 1148 3471 hominis,
1181 3407 1492 3461 remittetur
1515 3407 1628 3463 illi:
1668 3417 1722 3461 at
1756 3406 1850 3474 qui
1874 3422 1938 3461 co

2172 3399 2204 3452 ιὶ
2242 3398 2501 3468 ὑπερφυῆ
2537 3395 2634 3448 καὶ
2683 3393 2802 3447 θεῖα
2848 3392 3230 3462 ἀπονοηθείσι,
3268 3393 3631 3462 παγχάλεπος
3665 3388 3694 3458 ἢ

423 3501 509 3546 Ira
538 3493 801 3563 Spiritum
829 3508 1082 3551 sanctum
1115 3496 1405 3566 protulerit
1439 3512 1548 3549 non
1597 3496 1945 3551 remittetur:

2171 3493 2203 3545 Li.
2234 3489 2494 3551 ἀδύνατος
2513 3490 2544 3554 ἡ
2573 3486 2878 3557 διόρθωσις.
2919 3485 3018 3537 Διά
3037 3485 3201 3538 τοῦτο
3228 3486 3326 3538 καὶ
3345 3483 3574 3553 οὐδεμία
3592 3481 3693 3534 τῶν

426 3601 528 3641 nec
567 3587 620 3640 in
664 3588 770 3643 hoc
815 3589 1016 3645 saeculo
1041 3633 1056 3655 ,
1112 3605 1311 3661 neque,
1335 3589 1390 3643 in
1425 3588 1611 3643 futuro
1643 3606 1656 3641 :
1683 3609 1700 3641 ι
1726 3605 1851 3645 cum
1900 3605 1948 3658 qr

1683 3609 1700 3641 ι
1726 3605 1851 3645 cum
1900 3589 1995 3658 qui
2113 3580 2618 3654 πλημμεληθέντων
2641 3580 2948 3648 ἀπαντήσει
2975 3577 3195 3644 ἄφεσις.

424 3684 653 3746 propter
692 3679 964 3734 humanas
1029 3691 1083 3734 et
1133 3659 1458 3737 humilitatis
1517 3682 1803 3756 passiones
1874 3675 2390 3734 scandalizabantur
2461 3671 2516 3725 in
2561 3671 2794 3725 Domino
2837 3669 3096 3733 ChriSto,
3134 3669 3446 3739 proclivem
3483 3659 3704 3721 habeanl

421 3786 522 3841 per
550 3783 604 3827 et
631 3783 850 3843 propter
889 3775 1094 3845 majora
1130 3787 1185 3831 et
1214 3779 1538 3836 sublimiora
1605 3777 1961 3833 mutationem
2031 3784 2088 3829 et
2121 3770 2506 3828 remissionem
2540 3786 2553 3822 :
2592 3767 2768 3836 atqui
2797 3767 2850 3820 in
2881 3767 3046 3820 rebus
3075 3765 3498 3835 spiritualibus,
3525 3777 3708 3832 super—

425 3864 768 3921 naturalibus
796 3874 850 3920 et
870 3865 1072 3921 divinis
1096 3867 1212 3922 sine
1235 3870 1452 3926 ratione
1485 3869 1787 3934 insaniunt,
1815 3866 1880 3921 ad
1895 3867 2120 3920 modum
2145 3861 2460 3926 difﬁculter,
2513 3868 2610 3914 aut
2678 3873 2788 3913 non
2853 3857 3102 3924 omnino,
3183 3858 3432 3913 redeunt
3503 3854 3574 3910 ad
3602 3868 3710 3908 me-

422 3961 622 4016 liorem
653 3960 888 4032 frugem.
926 3961 1160 4034 ldeoque
1192 3965 1613 4037 haudquaquam
1659 3972 2006 4035 peccatorum
2047 3960 2297 4031 obtinget
2322 3956 2683 4027 indulgentia.

425 4050 757 4122 QUIESTIO
771 4053 979 4109 CCXIV
998 4055 1448 4128 [Coisl.}CCXLll,
1471 4059 1635 4113 Taur.
1655 4055 1947 4113 CCXXX“

1655 4053 2010 4127 CCXXXIV].
2641 4045 2980 4101 ΕΡΩΤΗΣῘΣ
3030 4044 3172 4097 ΣΙΔθ.

702 4145 844 4196 Edita
872 4159 900 4195 a
930 4147 1234 4199 Montacutio
1271 4152 1374 4214 (ep.
1403 4152 1512 4212 129,
1543 4153 1603 4202 ad
1633 4151 1914 4215 Christoph.
1948 4163 1996 4212 p.
2034 4145 2142 4208 170,
2175 4144 2376 4207 171).--
2407 4144 2482 4195 De
2511 4143 2764 4205 pracepto
2795 4138 2999 4199 Christi,
3034 4137 3215 4186 Matth.
3254 4151 3324 4200 vr,
3360 4137 3443 4187 i7.

496 4231 636 4286 Cum
663 4243 829 4301 caput
857 4233 1119 4304 inungere
1143 4247 1199 4290 et
1223 4235 1420 4292 faciem
1449 4239 1656 4299 lavare,
1687 4238 1754 4292 de
1786 4247 2000 4292 vetusta

2189 4230 2408 4302 Ἐπειδὴ
2443 4234 2505 4283 τὸ
2531 4225 2852 4296 ἀλείφεσθαι
2886 4225 2986 4294 τὴν
3018 4222 3298 4293 κεφαλὴν,
3330 4221 3516 4276 καὶτὸ
3547 4217 3711 4291 πρόσ-

425 4325 665 4396 quadam
710 4301 1132 4392 consuetudine,
1170 4327 1241 4382 ab
1269 4328 1336 4382 iis
1359 4331 1453 4399 qui
1504 4329 1704 4400 gaudio
1736 4342 1792 4384 et
1818 4329 1947 4384 laetit

2234 4342 2263 4377 ν
2299 4301 2587 4377 νίπτεσθαι
2628 4320 2742 4381 τοῖς
2779 4314 3248 4387 εὐφραινομένοις
3312 4315 3413 4368 καὶ
3452 4301 3753 4384 χαίρουσι,⁵

425 4415 826 4482 adiciebantur,
880 4425 1204 4487 usurpetur,
1253 4435 1378 4489 qua:
1411 4421 1597 4490 gaudii
1643 4429 1700 4476 et
1755 4421 1947 4476 oblect:

2197 4418 2256 4473 τά
2319 4433 2373 4471 τι
2424 4413 2656 4468 παλαιὸν
2711 4409 3070 4481 ἐπετηδεύετο
3128 4407 3285 4474 ἔθος,
3333 4409 3433 4462 καὶ
3485 4404 3719 4476 σύμϐολα

425 4512 597 4568 tionis
629 4512 886 4584 symbola
909 4512 1159 4582 quaedam
1192 4519 1386 4577 erant;
1412 4511 1680 4567 Dominus
1715 4511 1947 4581 dejejun

2197 4511 2290 4565 ὖτα
2321 4509 2497 4580 χαρᾶς
2556 4503 2840 4574 ἐνομίζετο
2881 4502 2976 4555 καὶ
3013 4499 3379 4571 εὐφροσύνης
3403 4517 3420 4531 ο
3451 4500 3482 4553 δ
3521 4494 3719 4551 Δεσπό-

423 4604 604 4676 legem
637 4613 954 4676 rogaturus,
983 4619 1149 4674 quam
1192 4619 1292 4660 nos
1324 4605 1576 4660 lubentes
1598 4605 1771 4660 voluit
1794 4614 1849 4660 et
1880 4619 1945 4675 ga

2203 4621 2214 4668 ;
2243 4603 2332 4657 τὸν
2357 4602 2486 4672 περὶ
2517 4597 2774 4669 νηστείας
2800 4595 2966 4666 νόμον
3012 4593 3264 4663 εἰσάγων
3284 4633 3302 4659 ,
3334 4593 3438 4647 καὶ⁸
3469 4589 3725 4662 βουλόμε-

427 4697 624 4754 dentes
657 4697 975 4768 adimplere,
1012 4716 1030 4748 ι
1056 4697 1234 4768 Caput
1289 4707 1473 4765 tuum,
1511 4698 1608 4765 ait,
1655 4698 1932 4768 inungito,

2205 4716 2207 4723 ν
2232 4695 2379 4766 ἡμᾶς
2413 4692 2553 4763 μετὰ
2573 4692 2747 4761 χαρᾶς
2776 4688 2873 4743 καὶ
2904 4685 3264 4758 εὐφροσύνης
3300 4685 3518 4756 ταύτην
3549 4683 3727 4736 ἐπιτε-

427 4789 610 4846 izfvato
641 4788 838 4844 faciem
867 4807 882 4844 :
912 4809 931 4843 ι
971 4805 1077 4846 non
1099 4790 1245 4860 quod
1269 4790 1486 4846 volebat
1504 4791 1626 4846 oleo
1643 4800 1808 4861 caput
1827 4787 1949 4843 moll

2206 4807 2230 4843 ν
2251 4829 2267 4854 ,
2302 4808 2320 4840 ι
2368 4785 2620 4855 Ἀλειψαί
2676 4800 2794 4850 σου,
2857 4781 3015 4852 φησὶ,
3047 4779 3154 4850 τὴν
3208 4777 3496 4849 κεφαλὴν,
3528 4778 3625 4828 καὶ
3650 4772 3728 4825 νί-

428 4879 630 4947 facere,
674 4892 770 4948 aut
805 4881 997 4939 faciem
1032 4899 1175 4954 aqua
1220 4883 1532 4955 abstergere
1561 4899 1724 4950 ;cum
1751 4898 1851 4938 nec
1876 4883 1950 4951 ips

2207 4897 2216 4932 ι
2243 4878 2305 4932 τὸ
2338 4877 2631 4948 πρόσωπον
2657 4889 2702 4924 ἰ
2741 4872 2803 4924 ού
2827 4869 2984 4924 τοῦτο
3013 4868 3221 4936 λέγων,
3254 4866 3434 4936 ἐλαίῳ
3457 4861 3729 4955 λιπαίνειν

429 4974 528 5044 qui
562 4983 706 5030 totos
723 4950 1225 5048 quadraginta-dies
1252 4950 1562 5046 jejunabat,
1592 4977 1712 5031 istis
1731 4950 1944 5029 uteretu

2205 4989 2219 5024 ρ
2247 4967 2510 5038 κεφαλὴν,
2552 4965 2586 5036 ἢ
2619 4963 2684 5016 τὸ
2719 4962 3012 5034 πρόσωπον
3043 4958 3360 5012 ἐκπλύνειν
3383 4956 3544 5009 ῦδατι
3564 4968 3579 4981 ·
3611 4950 3727 5005 οὐδὲ

430 5082 533 5122 nec
570 5067 769 5124 intueri
800 5046 1394 5126 licet-emolumentum
1439 5070 1658 5138 aliquod
1685 5069 1752 5124 iis
1802 5069 1948 5123 conti

2213 5080 2230 5114 2
2256 5060 2421 5124 αὐτὸς
2446 5058 2750 5130 νηστεύσας
2781 5055 2870 5124 ἐφ’
2886 5053 3016 5115 ὅλας
3054 5050 3288 5122 ἡμέρας
3310 5046 3735 5120 τεσσαράκοντα

430 5175 580 5230 gere,
611 5161 705 5230 qui
732 5171 984 5217 utuntur.
1033 5162 1305 5230 Quocirca
1332 5178 1433 5218 nec
1462 5161 1678 5233 inungi,
1723 5177 1825 5216 nec
1866 5161 1952 5215 abl

2220 5171 2333 5217 τοις
2362 5152 2665 5223 ἐχρήσατο·
2697 5148 2820 5203 ούδέ
2854 5165 2908 5201 τι
2949 5145 3147 5215 κέρδος
3198 5147 3271 5199 ἐκ
3308 5143 3548 5207 τούτων,
3584 5140 3737 5233 εἴτις

430 5227 557 5308 istis
602 5227 904 5320 mandavit,
953 5227 1173 5326 sed'per
1225 5256 1475 5328 symbola
1504 5227 1687 5326 gaudii
1717 5263 1773 5308 et
1819 5254 1949 5308 laetit

2215 5250 2305 5312 τοῖς
2327 5246 2526 5319 χρῷτο,
2557 5245 2691 5315 ὁρᾷν
2723 5241 2839 5296 ἔστι
2872 5239 3300 5311 παρεπόμενον.
3327 5237 3451 5291 Οὐκ
3471 5227 3737 5328 οὖν-ἀλεί-

429 5343 607 5399 voluit
627 5354 681 5400 et
712 5347 1014 5412 mandavit,
1056 5358 1115 5404 ut
1141 5326 1406 5420 iejunium
1433 5364 1560 5405 cum
1586 5347 1792 5418 gaudio
1821 5354 1878 5401 et
1919 5361 1951 5397 v

2213 5343 2321 5394 ςθαι
2351 5339 2448 5393 καὶ
2479 5336 2766 5391 νίπτεσθαι
2787 5335 2938 5405 ἡμᾶς
2970 5329 3061 5385 διὰ
3093 5329 3321 5384 τούτων
3351 5326 3735 5420 ἐγκελεύεται,

437 5436 647 5507 luptate
700 5452 948 5510 agamus.
990 5440 1072 5497 Ad
1121 5414 1270 5497 hunc
1303 5441 1530 5498 modum
1586 5414 1635 5496 si
1668 5455 1768 5494 nos
1791 5453 1959 5508 comp

2217 5433 2241 5486 ι’
2270 5431 2366 5486 ἀπ’
2400 5431 2580 5485 αὐτῶν
2623 5427 2732 5482 τῶν
2784 5423 3070 5496 συμϐόλων
3122 5421 3232 5493 τῆς
3295 5420 3486 5494 χαρᾶς
3513 5415 3612 5471 καὶ
3642 5414 3739 5510 τῆς

438 5545 638 5587 namus
665 5540 1090 5602 etexornemus,
1122 5551 1248 5592 cum
1271 5535 1410 5591 alios
1440 5535 1612 5590 latere
1639 5532 1880 5603 poterint
1897 5545 1960 5601 qu

2219 5525 2488 5600 ›ροσύνης,
2522 5522 2738 5594 χαίρειν
2765 5520 2914 5591 ἡμᾶς
2955 5515 3051 5572 καὶ
3113 5513 3532 5586 εὐφραίνεσθαι
3574 5506 3741 5603 ἐντῷ

439 5625 710 5693 facimus,
745 5637 802 5684 et
833 5627 1030 5700 jejunii
1077 5639 1353 5687 certamen
1389 5627 1534 5684 haud
1566 5626 1833 5698 gravatim
1860 5623 1961 5680 sub

2231 5616 2412 5671 τεύειν
2437 5611 2767 5688 νομοθετῶν,
2801 5611 2980 5666 ταῦτα
3000 5608 3253 5680 ἔφησεν.
3281 5604 3452 5662 Οῦτω
3484 5605 3596 5675 γὰρ
3634 5601 3753 5655 ἐαυ-

1740 5719 1877 5778 ‘v’AR
1886 5715 1976 5778 UE
2017 5712 2420 5772 LECTIONES.

551 5825 578 5857 °
600 5818 688 5877 ῑσ.
709 5818 1121 5891 ἁσύγγνωστον.
1191 5824 1236 5858 °'
1277 5816 1491 5892 φθόνον.
