3854 6216
433 250 538 313 975
1579 245 1842 306 P-HOTH
1888 245 1955 304 Pl

2130 245 2395 307 ωριτε
2419 242 2536 306 (Β).
3555 260 3652 326 ωδ

433 377 543 418 non
595 356 860 418 obedivit,
901 369 1002 411 nec
1057 353 1280 426 iniuria,
1331 367 1511 424 neque
1564 353 1712 408 enim
1770 353 1955 408 docent

2125 353 2277 417 ιότως
2326 353 2428 407 οὐκ
2472 353 2794 427 ἐπεστράφη
2831 357 2898 428 τῇ
2946 356 3160 428 κλήσει,
3191 357 3315 413 οὐδὲ
3343 361 3647 434 ὒπήκουσεν,

429 455 771 514 iunctionem
817 450 1082 516 deseruit,
1107 464 1216 505 non
1245 446 1752 519 comperendinavit
1787 445 1951 502 audio

2133 440 2227 495 ιύδὲ
2287 441 2605 497 καταλιπὼν
2653 446 2753 514 τὴν
2817 444 3192 512 διδασκαλίαν,
3263 451 3354 504 καὶ
3403 453 3495 523 τὴν
3555 459 3655 513 τῶν

432 565 555 606 rum
579 547 839 609 salutem,
861 552 956 600 aut
973 551 1278 598 maternam
1308 539 1551 612 praetulit
1572 537 1954 594 salutationem

2132 534 2392 606 ικροατῶν
2437 534 2709 608 ὑπεριδὼν
2751 538 3023 610 σωτηρίαν
3047 581 3062 605 ,
3087 540 3187 610 τὴν
3217 545 3477 613 μητρικὴν
3513 549 3654 603 ἑντυ-

433 643 507 696 ita
535 640 714 710 reipsa
736 636 928 694 docuit
973 634 1119 706 quod
1137 648 1264 690 cum
1291 632 1417 703 quis
1435 631 1672 688 salutem
1702 632 1948 686 animarn

2137 626 2230 698 μίαν
2255 627 2630 699 προύτίμησεν
2660 645 2674 660 ·
2704 628 2849 702 έργῳ
2881 630 3172 696 παιδεύων,
3197 631 3274 696 ὡς
3299 636 3468 689 ἐπειδ*
3496 640 3560 693 ,ἄν
3583 659 3659 708 τις

431 734 583 788 velut
601 746 796 803 agrum
835 729 1132 787 .colendum
1161 727 1412 798 suscipit,
1493 725 1549 781 id
1581 724 1877 797 agricolam
1905 725 1953 778 in

2139 721 2328 791 ἐωργῇ
2390 718 2632 792 ψυχικὴν
2699 722 3015 794 σωτηρίαν,
3067 723 3262 796 ὥσπερ
3313 729 3344 780 6
3401 733 3661 802 γεωργοῦ.

425 823 627 896 primis
655 822 947 880 sollicitum
973 820 1177 876 habere
1201 819 1418 883 debeat,
1443 827 1507 874 ut
1534 831 1640 873 nec
1664 815 1823 886 juxta
1865 815 1947 869 via

2143 830 2272 877 ,ενος
2332 813 2480 886 μόνῳ
2514 814 2801 887 προσέχειν
2841 816 3048 886 ὀφείλει
3085 818 3163 889 τῷ
3197 823 3443 891 γεωργῷ.
3471 825 3539 876 ἂν
3599 828 3665 898 μὴ

436 917 644 980 tritam,
678 927 858 984 neque
888 913 1031 968 inter
1081 911 1292 982 spinas,
1321 923 1500 980 neque
1548 908 1604 964 in
1643 917 1800 978 petra
1824 920 1958 962 semt

2143 920 2220 975 .pa
2270 904 2424 977 παρὰ
2471 905 2572 977 τὴν
2628 906 2767 971 ὁδὸν,
2799 907 2834 979 ἢ
2883 908 2974 962 ἐπ’
3037 909 3321 975 ἀκάνθαις,
3370 912 3403 983 ἢ
3445 914 3665 986 πέτραις

435 1017 663 1080 spargat
687 1025 702 1062 :
747 1006 940 1063 eodem
971 1004 1139 1061 modo
1159 1012 1216 1060 et
1243 1001 1548 1074 spiritualis
1581 1000 1825 1072 agricola
1851 1014 1911 1054 se
1935 1007 1956 1052 t

2146 997 2466 1069 mdéxscﬂat
2501 999 2687 1070 μέλλοι
2713 1000 2812 1071 τὴν
2844 1003 3220 1076 κατασποράνο
3253 1004 3393 1059 οὕτω
3423 1006 3508 1076 δὴ,
3535 1009 3667 1064 οὓτω

429 1110 553 1155 tum
581 1099 752 1155 labori
777 1107 834 1154 et
877 1096 1226 1167 agricultura:
1250 1092 1570 1164 impendere
1622 1099 1866 1156 tenetur,
1904 1104 1951 1143 Ill

2146 1086 2207 1142 al.
2241 1090 2271 1142 6
2307 1086 2701 1161 [πνευματικὸς
2727 1089 2782 1162 ιι]
2814 1093 3062 1164 γεωργὸς
3094 1135 3110 1161 ,
3133 1093 3260 1148 ὅλον
3288 1095 3478 1150 ἑαυτὸν
3503 1099 3668 1153 ἐπιδι-

440 1192 497 1245 ἱη
531 1190 666 1246 alias
702 1204 867 1244 curas
903 1195 959 1242 et
1000 1183 1360 1256 cogitationes
1401 1197 1461 1238 se
1482 1179 1759 1236 dividere:
1797 1193 1866 1233 ne
1888 1193 1959 1249 qu

2149 1180 2262 1235 όναι
2289 1179 2366 1252 τῷ
2398 1181 2548 1253 πόνῳ
2581 1183 2678 1238 καὶ
2714 1187 2782 1255 τῇ
2843 1185 3090 1257 γεωργίᾳ
3145 1190 3445 1258 χρεωστεῖ,
3473 1191 3563 1244 καὶ⁵
3601 1192 3671 1264 μὴ

439 1284 565 1339 dem
622 1282 672 1338 si
701 1290 876 1336 mater
918 1287 1016 1333 aut
1063 1276 1494 1348 propinquorum
1550 1272 1750 1342 aliquis
1784 1271 1876 1338 sit,
1913 1285 1961 1340 qi

2151 1272 2260 1344 πρὸς
2297 1272 2507 1344 πέτρας
2529 1285 2550 1312 τ
2579 1275 3044 1348 καταμερίζεσθαι
3072 1279 3171 1342 τὰς
3201 1281 3486 1350 φροντίδας
3516 1300 3530 1315 ο
3559 1285 3673 1356 μηδ’

433 1374 568 1430 inde
591 1373 772 1445 ipsum
797 1385 1026 1426 avocare
1050 1379 1147 1424 aut
1171 1367 1443 1424 abducere
1471 1365 1625 1422 velit.
1661 1362 1774 1420 Nec
1813 1373 1898 1419 est
1923 1364 1955 1416 h

2154 1385 2184 1422 ν
2233 1369 2438 1440 μήτηρ,
2480 1369 2515 1440 ἦ
2559 1386 2645 1434 τις
2683 1365 2897 1445 ἄλλοςῇ
2937 1371 3052 1425 τῶν
3097 1372 3384 1442 ἐγγυτάτω
3428 1374 3610 1444 γένους
3647 1377 3675 1428 ό

441 1471 724 1518 maternus
748 1460 945 1530 aliquis
973 1463 1342 1528 contemptus,
1391 1453 1489 1512 sed
1540 1469 1756 1510 summa
1790 1451 1963 1524 provit

2144 1460 2254 1531 πρὸς
2282 1461 2476 1514 ἑαυτὸν
2506 1461 2715 1516 ἐκεῖθεν
2737 1463 3219 1534 μετακαλούμενος
3245 1467 3343 1520 καὶ
3382 1467 3666 1536 μεθέλκων.

439 1569 576 1612 cura
595 1561 652 1610 et
678 1551 991 1609 sollicitudo
1023 1550 1091 1606 de
1120 1548 1296 1605 salute
1327 1548 1720 1605 salvandorum
1747 1563 1760 1600 :
1791 1545 1886 1602 sed
1916 1561 1961 1599 nt

2156 1550 2289 1606 ὀὖτο
2339 1551 2396 1606 δὲ
2454 1553 2556 1606 οὐκ
2599 1551 2716 1607 ἔστι
2755 1552 3063 1626 παρόρασις
3105 1556 3335 1626 μητρὸς,
3367 1556 3500 1612 ἀλλὰ
3523 1557 3678 1627 πολλὴ

444 1657 660 1716 tempus
696 1644 940 1699 docendo
967 1641 1308 1713 assignatum
1335 1640 1389 1694 in
1430 1637 1759 1708 obsequium
1789 1635 1966 1707 prepir

2159 1645 2347 1718 ρόνοια
2368 1644 2464 1698 καὶ
2493 1643 2695 1715 σπουδὴ
2721 1644 2830 1698 τῶν
2863 1644 3186 1714 σωζομένων
3212 1661 3228 1676 ·
3261 1645 3383 1700 οὐδὲ
3410 1647 3542 1718 γὰρ,
3567 1647 3681 1701 οὐδὲ

444 1751 682 1807 quorum
706 1733 946 1806 impendi
986 1733 1166 1789 debet.
1195 1731 1384 1800 Itaque
1413 1729 1712 1800 discipulos
1752 1727 1856 1784 sibi
1886 1742 1966 1782 ma

2155 1739 2208 1792 δν
2230 1739 2330 1808 τῆς
2349 1736 2697 1802 διδασκαλίας
2713 1737 2925 1809 καιρὸν,
2941 1741 3019 1801 εἰς
3035 1737 3135 1809 τὴν
3154 1738 3267 1791 τῶν
3289 1739 3562 1807 συγγενῶν
3580 1739 3677 1810 χρὴ

441 1831 530 1899 ,δίε
571 1828 894 1899 εοηὶυιιοῑοε
929 1825 1178 1895 cupiens,
1208 1823 1461 1877 SalValOl'
1487 1822 1581 1885 all.
1615 1840 1634 1872 ⁸
1665 1819 1806 1876 Ecce
1843 1828 2019 1874 male?
2121 1825 2518 1881 καταναλίσκεν
2547 1824 2863 1896 θεραπείαν.
2891 1826 2990 1880 Διὰ
3005 1826 3161 1880 τοῦτο
3185 1830 3317 1890 τοὺς
3341 1827 3583 1897 μαθητὰς
3603 1829 3687 1880 ἐπὶ

448 1933 593 1984 mea,
625 1927 679 1973 et
698 1915 898 1972 fratres
935 1914 1063 1979 mei,
1087 1933 1105 1966 ι
1144 1913 1200 1969 id
1232 1925 1334 1980 est,
1371 1912 1459 1968 isti
1489 1910 1666 1967 Patris
1690 1910 1797 1965 mei
1821 1910 1970 1965 docti

2163 1913 2286 1970 ξλέον
2336 1915 2707 1987 οἰκειούμενος
2752 1919 2781 1970 6
2813 1917 3027 1989 Σωτὴρ,
3063 1935 3084 1970 ι
3124 1917 3262 1971 Ἰδοὺ
3287 1920 3321 1988 ἡ
3356 1921 3540 1988 μήτηρ
3570 1936 3685 1988 μου,

451 2026 578 2065 nam
636 2017 696 2064 ut
727 2022 914 2064 semen
943 2007 998 2060 in
1035 2006 1215 2061 sinum
1265 2003 1575 2058 animarum
1637 2000 1969 2071 suscipiente

2166 2003 2309 2075 ησὶν,
2340 2005 2435 2059 καὶ
2467 2005 2518 2058 οἱ
2573 2006 2792 2075 ἀδελφοί
2837 2025 2962 2077 μου.
3008 2026 3028 2060 ι
3060 2008 3382 2071 Τουτέστιν,
3429 2002 3684 2078 Οὗτοιδὴ,

449 2104 570 2158 loco
612 2101 805 2157 matris
862 2114 998 2155 mete
1039 2107 1093 2154 et
1136 2096 1368 2152 fratrum
1412 2110 1655 2151 meorum
1691 2095 1827 2150 mihi
1860 2109 1971 2164 rep:

2167 2089 2291 2161 5τοι,
2319 2097 2411 2150 τὸν
2440 2097 2704 2165 πατρικὸν
2729 2097 2827 2169 τῆς
2855 2097 3206 2162 διδασκαλίας
3239 2099 3442 2170 σπόρον
3464 2102 3572 2162 τοῖς
3598 2100 3689 2168 ψυ-

451 2200 663 2247 tantur.
694 2191 774 2246 ita
813 2199 965 2262 patet
1010 2203 1366 2259 nequaquam
1400 2186 1506 2242 hec
1543 2187 1769 2251 dictum,
1798 2195 1856 2240 ut
1906 2200 1973 2238 m:

2169 2193 2299 2254 ικοῖς
2355 2190 2739 2262 ὑποδεχόμενοι
2799 2191 3046 2256 κόλποις,
3073 2192 3164 2245 τὸν
3224 2194 3492 2264 μητρικον
3541 2192 3691 2246 τόπον

454 2297 594 2343 trem
622 2285 781 2340 vilem
797 2284 1037 2339 'baberet
1061 2299 1078 2350 ;
1108 2295 1288 2352 neque
1319 2279 1463 2336 enim
1493 2280 1628 2335 tales
1655 2279 1846 2350 quales
1867 2293 1976 2333 erat

2171 2283 2221 2335 αὶ
2269 2281 2558 2350 ἀδελφικὸν
2608 2283 3018 2354 ἀναπληροῦσιν
3043 2284 3190 2355 ἐμοί.
3229 2284 3411 2338 Τοῦτο
3439 2285 3496 2337 δὲ
3528 2285 3693 2354 δῆλον,

453 2378 729 2449 discipuli,
793 2377 850 2432 in
904 2385 1108 2432 sortem
1160 2384 1468 2430 maternam
1542 2371 1866 2429 extulisset:
1931 2385 1975 2426 St

2174 2390 2201 2436 ς
2227 2373 2288 2427 ού
2319 2373 2671 2444 φαυλίζοντός
2725 2376 2841 2428 ἐστι
2887 2375 2988 2446 τὴν
3016 2374 3296 2429 τεκοῦσαν
3335 2375 3476 2445 (πῶς
3510 2376 3610 2446 γὰρ
3638 2373 3696 2428 ἂν

454 2471 630 2524 multo
655 2468 829 2540 magis
872 2477 933 2523 ut
953 2481 1074 2522 eam
1099 2465 1458 2522 veneratione
1483 2473 1538 2521 et
1572 2466 1787 2520 honore
1834 2477 1976 2533 pros:

2177 2466 2254 2530 »ῦς
2296 2465 2595 2531 τοιούτους,
2623 2465 2698 2529 ὡς
2723 2466 2806 2528 είς
2834 2464 2978 2536 μέγα
3009 2465 3190 2531 κλέος,
3226 2467 3308 2529 είς
3344 2464 3437 2518 τὸν
3465 2463 3699 2536 μητρῷον

457 2571 739 2633 queretur.
781 2561 872 2616 Ait
895 2561 1060 2627 enim,
1085 2559 1302 2629 qualem
1323 2557 1541 2614 demum
1573 2572 1788 2626 cunque
1809 2555 1979 2610 [ilialel

2179 2559 2361 2632 δέφερε
2395 2561 2594 2629 κλῆρον
2619 2559 2682 2628 ;),
2714 2559 2848 2612 ἀλλὰ
2881 2558 3088 2631 μᾶλλον
3141 2558 3321 2624 ἀξίως
3363 2558 3701 2630 σεμνύνοντος

459 2671 704 2711 amorem
735 2655 789 2708 in
837 2664 1067 2709 matrem
1101 2653 1245 2724 quis,
1268 2661 1365 2708 aut
1411 2667 1574 2722 quem
1610 2652 1664 2705 in
1716 2649 1920 2706 fratres
1951 2660 1981 2704 lt

2183 2654 2227 2708 tl.
2269 2654 2534 2726 τιμῶντος
2561 2653 2752 2724 αὐτήν.
2791 2655 2892 2706 Ἢν
2935 2651 3072 2723 γὰρ,
3102 2653 3273 2723 φησὶ,
3325 2652 3466 2724 πρὸς
3509 2651 3705 2722 μητέρα

460 2757 620 2802 netur
667 2745 890 2809 habere,
940 2745 1037 2800 tali
1087 2743 1316 2799 omnino
1362 2743 1513 2814 digni
1554 2751 1879 2812 reputantur
1928 2741 1982 2796 ill

2183 2747 2226 2800 ιί
2254 2745 2516 2814 ἀδελφοὺς
2541 2746 2773 2817 στοργὴν
2803 2747 2896 2800 καὶ
2915 2744 3156 2799 διάθεσιν
3173 2745 3394 2816 ὀφείλει
3421 2762 3503 2808 τις
3522 2742 3705 2802 κεκτῆ-

459 2840 554 2910 qui
572 2839 879 2894 doctrinam
907 2837 1226 2903 observant,
1261 2845 1316 2892 et
1340 2836 1484 2891 bona
1508 2836 1635 2891 inde
1653 2845 1976 2906 promanant

2188 2840 2283 2904 lat,
2319 2838 2420 2903 τῆς
2448 2839 2618 2908 αὐτῆς
2648 2836 2926 2902 ἀξιοῦνται
2959 2838 3056 2892 καὶ
3095 2831 3278 2902 οὗτοι,
3304 2837 3587 2908 πληρωταὶ
3622 2835 3710 2904 τῆς

459 2948 622 3003 opera
653 2933 899 3004 gignunt.
933 2931 1211 2987 Attendito
1253 2938 1435 2985 autem
1465 2938 1521 2985 et
1548 2929 1702 2994 illud,
1735 2945 1859 2986 cum
1894 2944 1981 2999 pra

2190 2929 2478 2994 Βασκαλίας
2523 2931 2620 2983 καὶ
2667 2929 2980 2998 γεννητικώ⁵
3025 2927 3137 2981 τῶν
3208 2928 3268 2995 ἐξ
3315 2929 3486 2998 αὐτῆς
3524 2923 3712 2996 φυομέ-

460 3027 707 3092 miserat,
765 3025 918 3092 «Qui
959 3024 1140 3096 diligit
1201 3032 1412 3094 patrem
1473 3022 1560 3078 vel
1615 3031 1846 3076 matrem
1905 3022 1982 3093 plt

2194 3040 2244 3076 ον
2289 3022 2509 3090 ἀγαθῶν
2547 3021 2745 3092 έργων
2799 3019 3096 3090 γινόμενοι.
3157 3020 3380 3073 Σκόπει
3437 3019 3492 3072 δὲ
3541 3016 3716 3070 κακεῖ-

459 3134 626 3190 quam
657 3133 763 3183 me,
802 3133 910 3173 non
936 3126 1022 3172 est
1049 3131 1138 3171 me
1177 3115 1378 3188 dignus
1401 3117 1469 3179 ",
1500 3134 1522 3166 ι
1557 3128 1626 3169 ne
1655 3117 1876 3185 gravius
1900 3115 1981 3184 qu‘

2198 3153 2213 3178 ,
2245 3081 2539 3182 tbc'értsw‘h
2568 3081 2848 3184 προεῖπεν,
2898 3081 2938 3162 ι’
2961 3109 3020 3163 '0
3054 3109 3240 3178 φιλῶν
3282 3109 3502 3181 πατέρα
3546 3109 3580 3179 ἢ
3621 3122 3717 3177 μη·

461 3220 515 3264 ρι
563 3207 840 3264 dillicilius
887 3207 942 3261 in
967 3205 1243 3261 mandatis
1292 3203 1511 3260 dedisse
1569 3204 1871 3269 videretur,
1919 3208 1983 3273 ips

2199 3221 2268 3273 ρα
2309 3204 2449 3274 ὑπὲρ
2481 3203 2604 3273 ἐμὲ,
2635 3204 2736 3256 οὐκ
2777 3202 2892 3258 ἔστι
2942 3221 3046 3275 μου
3075 3205 3261 3272 ἄξιος,
3302 3224 3323 3257 ι
3383 3203 3474 3260 ἵνα
3509 3201 3582 3274 μὴ
3605 3200 3721 3270 δόξῃ

460 3299 593 3354 illud
622 3298 892 3371 imprimis
942 3297 1169 3368 proprio
1216 3296 1468 3367 exemplo
1512 3293 1866 3366 adimpletum
1920 3294 1982 3348 da

2199 3297 2279 3368 ιρὺ
2333 3297 2430 3350 καὶ
2477 3295 2735 3350 δύσκολον
2776 3296 3094 3352 ἐπιτάσσειν
3142 3299 3524 3370 πρόσταγμα,
3576 3293 3721 3355 αὐτὸς

460 3393 738 3448 facilitans
768 3392 840 3446 ita
873 3391 1264 3453 imitationem,
1323 3397 1574 3444 materno
1600 3388 1866 3455 obsequio
1894 3386 1982 3440 util

2205 3385 2295 3441 ῢτο
2341 3386 2555 3458 πρῶτος
2607 3388 2878 3460 ἐκπληροῖ
2916 3389 2996 3461 τῷ
3039 3391 3185 3443 ’καθ’
3240 3391 3438 3445 ἑαυτὸν
3491 3386 3727 3454 ὑποδείγ-

465 3492 633 3538 tatem
685 3490 740 3537 et
790 3483 1020 3536 salutem
1051 3479 1352 3534 multorum
1409 3493 1780 3550 praeponens;
1843 3491 1987 3532 voce]

2204 3498 2274 3534 ιτι
2313 3480 2498 3554 ῥᾳδίαν
2545 3480 2984 3548 παρασκευάζων
3029 3481 3128 3552 τὴν
3184 3485 3449 3554 μίμησιν,
3496 3482 3588 3534 καί
3639 3479 3726 3547 τῆς

465 3577 610 3631 hanc
654 3588 820 3646 opere
875 3573 997 3642 ipso
1021 3579 1236 3626 tantum
1267 3586 1378 3626 non
1434 3570 1603 3626 edens
1629 3569 1848 3625 :Nolite
1891 3569 1987 3624 arb

2209 3575 2422 3647 ιτρικῆς
2494 3573 2793 3644 θεραπείας
2895 3573 3202 3645 προτίθησι
3287 3577 3392 3646 τὴν
3476 3573 3731 3641 ὠφέλειαν

463 3665 599 3721 trari
629 3680 812 3720 meum
838 3663 1158 3719 mandatum
1198 3677 1364 3734 grave
1400 3663 1528 3734 quid
1570 3676 1692 3718 esse
1715 3662 1797 3718 vel
1817 3661 1985 3716 dillicu

2208 3668 2236 3720 ἠ
2263 3669 2266 3672 ’
2294 3665 2569 3738 σωτηρίαν
2601 3664 2711 3719 τῶν
2755 3665 2972 3720 πολλῶν
2994 3682 3009 3696 ⁸
3049 3668 3356 3737 μονονουχὶ
3403 3667 3518 3728 τοῖς
3564 3663 3730 3734 ἔργοις

465 3769 553 3813 ter
593 3757 948 3822 obeundum;
1001 3771 1102 3828 ego
1142 3756 1302 3811 enim
1336 3755 1431 3825 qui
1481 3755 1612 3810 nulli
1642 3755 1864 3810 debitor
1892 3770 1987 3810 sun

2215 3758 2326 3830 »νὴν
2351 3757 2552 3826 ἀφιείς·
2572 3757 2664 3828 Μὴ
2690 3757 2980 3828 νομίσηται
2995 3762 3077 3799 ³-⁸
3106 3759 3222 3831 τὴν
3240 3758 3388 3830 ἐμὴν
3407 3757 3628 3826 ἐντολὴν
3651 3753 3737 3824 βα·

466 3864 582 3904 rem
633 3849 804 3919 ipsam
829 3848 1082 3919 princeps
1112 3847 1391 3914 exordior,
1422 3857 1478 3904 et
1521 3857 1652 3902 ante
1685 3844 1881 3902 Matris
1907 3862 1988 3901 me

2210 3852 2296 3903 ἴαν
2322 3843 2462 3902 εἶναι
2487 3850 2580 3902 καὶ
2609 3849 3003 3914 δυσεξάνυστον
3027 3865 3040 3881 ·
3067 3848 3228 3922 ἔργῳ
3257 3853 3373 3920 γάρ
3403 3852 3555 3920 ὑμῖν,
3577 3849 3606 3899 6
3639 3862 3732 3917 μη·

466 3941 695 4005 cultum,
719 3950 780 3996 ut
807 3939 1006 3997 intueri
1036 3939 1484 4010 oculispotestis,
1515 3947 1760 3994 vestram
1797 3953 1939 4008 pono
1961 3953 1987 3992 s

2211 3941 2258 3992 vl.
2287 3939 2569 4009 τυγχάνων
2595 3939 2905 4011 ὑπόχρεως,
2949 3939 3176 4010 πρῶτος
3210 3940 3312 3994 τοῦ
3355 3939 3525 4010 ἔργου
3565 3936 3733 4004 ἀπάρ-

466 4035 656 4090 lutem.
692 4033 791 4090 Ubi
809 4049 940 4089 vero
963 4033 1210 4090 omnium
1238 4031 1359 4088 Rex
1391 4047 1492 4104 ego
1528 4035 1625 4102 qui
1658 4046 1780 4085 sum
1835 4040 1892 4084 et
1931 4029 1988 4084 θα

2213 4049 2329 4102 μαι,
2359 4031 2460 4085 καὶ
2495 4031 2595 4102 τῆς
2644 4032 2925 4104 μητρικῆς
2957 4032 3295 4102 Θεραπείας,
3335 4033 3416 4096 ὡς
3445 4033 3580 4100 ὑμῖν
3613 4028 3735 4098 όρᾷν

468 4126 654 4182 minus
676 4137 731 4181 et
775 4125 1064 4192 Conditor,
1095 4127 1243 4182 haud
1273 4140 1394 4182 sum
1441 4125 1514 4180 ita
1541 4139 1732 4194 gerere
1777 4138 1871 4178 me
1911 4138 1990 4192 er;

2215 4139 2399 4194 ιρεστι,
2440 4119 2537 4192 τὴν
2577 4121 2734 4193 ὑμῶν
2775 4122 3063 4194 προκρίνω
3113 4121 3435 4195 σωτηρίαν.
3469 4123 3646 4174 Ὅπου
3690 4114 3737 4167 δὲ

463 4233 568 4274 vos
620 4219 966 4291 dedignatus,
1027 4231 1088 4276 ut
1116 4227 1355 4275 vestram
1414 4218 1647 4273 salutem
1694 4215 1920 4271 aﬂ‘ectui

2218 4232 2363 4269 Ντων
2410 4215 2687 4286 Δεσπότης
2716 4215 2980 4287 ὑπάρχων
3013 4216 3114 4270 καὶ
3173 4215 3566 4288 Δημιουργδς,
3593 4209 3740 4265 τοῦτο

469 4314 644 4371 amori
673 4323 922 4369 materno
957 4312 1319 4384 praetulerim,
1347 4319 1496 4366 certe
1525 4310 1698 4364 multo
1736 4323 1836 4364 vos
1871 4323 1991 4378 mag

2221 4307 2277 4380 pl.
2325 4307 2470 4378 ὑμᾶς
2521 4306 2720 4370 αὐτοὺς
2751 4306 2853 4360 οὐκ
2882 4307 3109 4377 ὤκνησα
3155 4307 3584 4374 ἐπιδείξασθαι,
3616 4303 3742 4360 ὰλλᾶ

468 4405 732 4462 tenemini
761 4405 1015 4462 similiter
1042 4417 1426 4474 compensare,
1463 4411 1521 4457 et
1541 4416 1658 4472 prae
1682 4401 1898 4456 caeteris
1917 4414 1986 4453 ou

2225 4398 2244 4451 ι
2278 4397 2541 4470 μητρῴας
2571 4397 2809 4470 στοργῆς
2845 4396 2946 4468 τὴν
2979 4398 3062 4462 είς
3093 4397 3254 4470 ὑμᾶς
3287 4400 3538 4470 σπουδὴν
3566 4395 3747 4468 προτί-

469 4499 634 4554 nibus
660 4497 811 4552 terre
851 4496 1154 4551 amicitiam
1183 4509 1388 4558 meam,
1439 4503 1494 4548 et
1523 4493 1578 4546 in
1607 4508 1693 4547 me
1715 4493 1991 4548 benevole:

2224 4510 2290 4562 ιμι
2318 4490 2414 4544 καὶ
2443 4489 2720 4544 διάθεσιν
2750 4491 2869 4554 πῶς
2902 4491 3004 4544 ούκ
3027 4491 3191 4546 αὐτοὶ
3226 4494 3447 4563 μᾶλλον
3475 4489 3745 4562 ὀφειλέται

474 4592 608 4644 u'am
637 4607 651 4644 :
687 4603 790 4644 nec
821 4589 892 4644 ob
939 4586 1166 4657 aliquod
1219 4600 1398 4641 meum
1425 4585 1537 4639 hoc
1581 4583 1996 4639 emolumentum

2225 4584 2548 4656 θεστήκατε.
2579 4585 2692 4648 τοῖς
2734 4584 2945 4656 ὁμοίοις
2970 4585 3314 4656 ἀμείϐεσθαι
3341 4627 3358 4652 ,
3384 4588 3493 4640 καὶ
3538 4585 3746 4638 πάντων

471 4693 630 4733 amor
695 4679 842 4733 enim
874 4678 1153 4732 humanus
1191 4685 1246 4732 et
1267 4675 1619 4740 desiderium,
1656 4673 1786 4744 quid
1809 4674 1993 4742 prodet

2227 4677 2462 4749 προσθεν
2491 4677 2645 4746 ἄγειν
2676 4677 2776 4749 τὴν
2801 4677 2930 4749 περὶ
2955 4677 3057 4749 ἐμὲ
3076 4677 3178 4733 τὸν
3215 4678 3538 4750 εὐεργέτην
3577 4675 3749 4747 φιλίαν

473 4771 524 4826 ei
563 4771 658 4841 qui
693 4778 889 4826 cuncta
909 4771 990 4825 vel
1023 4778 1157 4824 nutu
1181 4769 1556 4832 circumrotat,
1580 4767 1737 4837 cujus
1765 4781 1902 4836 opus
1918 4765 1995 4836 dig

2232 4777 2245 4824 ί
2295 4767 2543 4836 εὕνοιανς
2597 4768 2777 4822 καίτοι
2815 4769 2940 4823 οὐδὲ
2987 4767 3169 4823 ταῦτα
3225 4770 3300 4823 δι’
3349 4770 3492 4842 ἐμέ·
3553 4770 3606 4822 τί
3652 4767 3754 4834 γὰρ

469 4873 654 4918 torum
673 4864 965 4918 'hominum
987 4872 1074 4919 est
1088 4873 1300 4925 natura,
1324 4861 1528 4918 coelum
1553 4870 1745 4932 etquae
1765 4862 1991 4917 exsistat

2233 4860 2374 4914 οίσει
2425 4858 2588 4922 πόθος
2659 4858 3002 4930 ἀνθρώπινος
3079 4858 3168 4930 τῷ
3246 4860 3444 4915 πάντα
3530 4857 3755 4926 νεύματι

474 4953 752 5009 universa.
779 4952 912 5009 llaec
939 4969 1039 5024 ego
1063 4954 1204 5025 ipsa,
1226 4961 1296 5008 ut
1317 4963 1371 5010 et
1401 4953 1533 5018 alia,
1558 4953 1629 5008 o‘b
1673 4962 1915 5008 vestram
1949 4953 1996 5007 dt

2235 4952 2494 5023 ριάγοντι,
2527 4951 2627 5011 καὶ
2649 4944 2710 5005 οὗ
2735 4951 3018 5007 δακτύλων
3041 4949 3240 5022 ἔργον,
3266 4953 3421 5024 αὐτὴ
3469 4951 3637 5023 φύσις
3667 4948 3757 5000 ἀν·

476 5045 660 5102 sidero
715 5047 972 5102 salutem.
1027 5045 1137 5104 Nec
1174 5045 1370 5102 mirari
1433 5053 1670 5116 oportet,
1713 5045 1761 5102 si
1821 5044 1998 5099 Matre

2237 5043 2405 5110 imow,
2436 5043 2533 5097 καὶ
2563 5042 2814 5114 οὐρανὸς,
2866 5043 2963 5096 καὶ
2994 5041 3062 5096 τὰ
3117 5040 3467 5114 σύμπαντα,
3501 5038 3641 5096 ἀλλὰ
3669 5036 3759 5089 καὶ

473 5136 757 5203 Christus,
773 5147 833 5193 ut
859 5139 1121 5209 oportuit,
1143 5139 1456 5208 'honorans,
1488 5138 1635 5197 illam
1647 5136 1798 5192 haud
1818 5135 1995 5207 pra-tul

2238 5136 2324 5189 ἱτα
2353 5175 2370 5197 ,
2425 5133 2618 5205 ὥσπερ
2672 5135 2768 5190 καὶ
2817 5133 3007 5200 τᾶλλα,
3057 5133 3157 5188 διὰ
3199 5136 3311 5207 τὴν
3370 5136 3536 5206 ὑμῶν
3588 5129 3760 5186 αὐτῶν

479 5231 640 5286 saluti
677 5231 1004 5286 hominum:
1037 5247 1167 5287 nam
1211 5241 1443 5288 matrem
1487 5232 1645 5287 illam
1689 5237 1914 5300 propter
1949 5242 2001 5282 ut

2237 5226 2392 5294 ζητῶ
2445 5227 2741 5299 σωτηρίαν.
2772 5227 2845 5280 υύ
2892 5228 2996 5298 χρὴ
3031 5225 3099 5297 δὴ
3130 5235 3163 5264 ιι
3193 5227 3554 5300 θαυμάζειν,
3587 5224 3636 5278 εί
3666 5220 3759 5288 τὴν

479 5335 531 5376 et
566 5332 810 5380 nostram
843 5323 1078 5379 salutem
1119 5324 1440 5395 assumpsit,
1465 5333 1527 5380 ut
1561 5336 1911 5395 nequaquam
1945 5319 2001 5377 si‘

2241 5319 2364 5391 τέρα
2405 5317 2580 5391 τιμῶν
2609 5320 2641 5373 6
2671 5318 2928 5390 Χριστὸς,
2957 5317 3036 5382 ὡς
3052 5321 3397 5392 προσῆκεν,
3427 5320 3586 5390 ὅμως
3649 5312 3763 5367 οὐδὲ

550 5461 596 5493 ⁵⁸
628 5460 818 5518 Matth.
855 5479 983 5530 xvu,
1007 5463 1094 5519 58.

1699 5572 1935 5630 VARI/1'3
1972 5566 2360 5627 LECTIONES
2383 5610 2398 5624 .

558 5697 586 5739 ιι
616 5689 679 5745 (.1.
731 5691 802 5748 lli.
856 5690 1219 5763 πνευματικὸς
1254 5690 1427 5747 deest.
1507 5698 1529 5730 τ
1556 5690 1617 5746 (1.
1647 5689 1716 5744 Μ.
1755 5697 1900 5744 recte
1953 5688 2164 5761 ἑτέρας.
2243 5691 2314 5726 εἰ
2349 5688 2626 5762 νομίσητε.
2663 5695 2690 5722 ιι
2727 5681 2788 5737 C.
2824 5680 2897 5737 Μ.
2923 5679 3001 5736 δέ.
