3876 6216
289 288 392 349 977
1210 292 1312 352 AD
1376 290 1974 353 AMPHILOCHIUM
2020 291 2367 364 QUIESTIO
2422 292 2629 352 CCXV.
3427 291 3534 354 973

284 400 497 470 ταύτην
527 399 627 469 τῆς
651 396 810 469 ἡμῶν
836 397 1163 471 ὑπερτίθησι
1190 398 1465 470 σωτηρίας
1495 415 1511 432 ο
1536 400 1630 453 καὶ
1656 399 1763 470 γὰρ
1792 400 1815 452 δ

1999 414 2212 465 arcens,
2240 411 2427 455 nostra
2448 414 2615 454 causa
2638 398 2797 469 ionge
2817 400 2921 455 alia
2942 406 2999 455 et
3029 398 3315 454 innumera
3340 413 3530 469 passus

290 495 390 546 καὶ
415 490 636 563 μητέρα
663 492 801 555 ὅλως
828 492 895 544 δι’
926 492 1096 562 ἡμᾶς,
1127 492 1223 545 καὶ
1250 492 1339 546 διὰ
1361 492 1463 562 τὴν
1508 492 1666 562 ήμῶν
1692 493 1821 564 ἐκτή

1999 498 2071 545 st.
2104 489 2380 560 Imprimis
2432 488 2887 544 contumeliosam
2924 490 3074 543 illam
3128 500 3181 544 et
3236 489 3530 543 violentam

292 601 426 637 σατο
474 583 765 655 σωτηρίαν,
800 582 919 637 ἀλλ’
944 583 1085 638 ὥστε
1140 584 1199 637 δέ
1250 584 1469 639 αὐτοῦ*
1532 585 1823 655 φεισάμενο

2000 592 2198 639 mortem
2239 583 2444 645 crucis,
2474 593 2535 637 ut
2561 581 2684 636 vita:
2725 586 2846 636 'nos
2882 592 3098 637 aeterna:
3146 582 3408 644 haeredes,
3436 582 3531 650 qui

292 677 437 748 ὑπὲρ
453 676 633 747 ήμῶν,
656 676 790 732 ἀλλά
820 678 1048 731 κάκεῖνα
1069 679 1134 731 τὰ
1156 678 1322 749 μυρία
1344 678 1489 750 πάθη
1503 679 1741 743 ὑποστὰς
1767 698 1823 736 κο

2001 677 2159 731 tortis
2215 674 2514 735 fueramus.
2563 673 2808 730 faceret:
2871 691 2983 729 non
3041 685 3123 730 est
3176 677 3532 746 improbabile

289 770 384 822 τὸν
415 769 774 823 ἐπονείδιστον
800 771 1009 825 ἐκεῖνον
1032 770 1126 824 καὶ
1155 770 1329 841 βίαιον
1369 772 1619 835 θάνατον,
1649 772 1717 826 ἶν’
1742 774 1820 825 ἀντ

1999 768 2117 821 ilum
2150 776 2393 822 nostram
2424 768 2655 822 salutem
2682 768 3083 837 antiquiorem,
3132 784 3294 837 quam
3326 778 3530 822 mater-

294 864 551 930 θανάτου,
574 863 719 933 ζωῆς
742 864 888 934 ἡμᾶς
904 864 1175 918 ἀθανάτου
1191 864 1339 936 δείξῃ
1354 864 1742 935 κληρονόμους,
1760 864 1825 916 οὺ

2005 876 2090 914 am
2124 861 2381 916 habuisse
2409 861 2844 916 observantiam.
2880 859 2934 913 Si
2965 860 3141 914 adhuc
3172 861 3299 914 libet
3321 871 3375 915 et
3402 861 3532 915 illud

291 958 361 1009 ἂν
393 955 701 1020 ἀπεικότως
755 958 852 1010 καὶ
896 957 997 1027 τῆς
1044 957 1320 1028 μητρικῆς
1358 956 1703 1027 συμπαθείας
1761 955 1822 1028 τὴ

2003 954 2101 1007 iihi
2118 962 2265 1018 nota,
2286 953 2591 1008 divinarum
2616 953 3021 1023 Scripturarum
3044 951 3356 1022 agricolatio
3391 954 3534 1006 mul-

290 1048 451 1116 ἡμῶν
492 1049 737 1119 ἡγήσατο
788 1049 1192 1119 προτιμοτέραν
1252 1048 1549 1119 σωτηρίαν.
1576 1049 1641 1101 Et
1679 1046 1821 1118 βούλε

2002 1047 2245 1116 ψΙίοίιιιιε
2274 1046 2441 1116 spicis
2493 1046 2759 1110 abundat,
2789 1054 2842 1101 et
2892 1044 3192 1115 plurimum
3247 1044 3533 1098 industriis

286 1142 346 1193 δὲ
398 1142 619 1194 κάκεῖνο
654 1143 877 1194 σκοπεῖν
904 1154 933 1182 ι
967 1143 987 1210 (
1016 1141 1288 1212 πολύχους
1333 1142 1499 1213 γὰρὴ
1538 1141 1650 1195 τῶν
1698 1140 1817 1194 θεία

2002 1138 2315 1194 ommodum
2373 1139 2650 1203 concedit,
2708 1152 2819 1193 non
2861 1138 3152 1192 minimum
3193 1136 3351 1198 illud,
3387 1136 3533 1205 quod

290 1232 528 1304 Γραφῶν
562 1233 830 1305 γεωργία,
848 1235 941 1288 καὶ
974 1234 1174 1305 πολλὴν
1202 1234 1525 1290 ἀναδιδοῦσα
1558 1238 1673 1298 τοῖς
1707 1235 1821 1304 φιλο

2000 1234 2055 1286 lla
2097 1253 2116 1284 ι
2144 1232 2275 1298 Quae
2307 1241 2391 1287 est
2436 1241 2611 1286 mater
2656 1245 2799 1295 mea,
2841 1236 2895 1283 et
2940 1228 3037 1297 qui
3091 1228 3293 1283 fratres
3328 1229 3432 1283 mei
3459 1229 3483 1282 ἲ
3511 1247 3531 1281 ι

289 1330 517 1384 πονοῦσι
550 1331 650 1395 τὴν
673 1331 993 1399 ὠφέλειαν),
1012 1331 1227 1394 οὐδενὸς
1247 1332 1356 1384 τῶν
1378 1331 1553 1386 ἄλλων
1582 1331 1820 1384 ἐνδεέστε

2005 1338 2075 1377 on
2104 1322 2157 1375 in
2186 1320 2411 1375 Matrem
2440 1320 2647 1375 directa
2673 1319 2898 1389 protulit
2947 1318 3207 1373 Servator
3244 1320 3359 1390 (illa
3386 1319 3533 1373 enim

290 1442 389 1493 ρον
410 1424 734 1495 δψῃ,ὃτιτδ,
756 1443 776 1477 ι
806 1424 903 1488 Τίς
930 1426 1080 1478 ἐστιν
1103 1426 1136 1495 ή
1167 1426 1349 1496 μήτηρ
1375 1442 1475 1495 μου
1505 1424 1601 1478 ml
1629 1426 1677 1477 οί
1700 1423 1821 1478 ἀδελ

2000 1422 2123 1468 πεδία
2154 1412 2318 1483 Virgo
2381 1411 2626 1468 modeste
2664 1423 2723 1466 ut
2764 1412 3006 1481 oportuit
3056 1412 3205 1467 foras
3262 1414 3531 1479 constitit,

286 1514 385 1581 φοί
406 1530 514 1583 μου
544 1530 560 1579 ;
598 1532 617 1565 ι
653 1514 715 1567 οὐ
762 1512 900 1585 πρὸς
944 1515 1041 1584 τὴν
1065 1514 1292 1583 Μητέρα
1338 1514 1756 1584 ἀποτεινόμενος
1782 1518 1817 1567 ει

2000 1524 2067 1562 ec
2114 1507 2337 1561 liberam
2370 1506 2600 1560 adeundi
2632 1505 2824 1559 Filium
2858 1505 3132 1559 licentiam
3183 1505 3531 1575 vindicavit),

289 1622 465 1675 ρηκεν
500 1607 529 1659 ό
587 1605 812 1676 Σωτήρο
837 1606 1023 1676 ἐκείνη
1051 1606 1161 1675 γάρ
1188 1608 1221 1676 ή
1258 1607 1505 1676 μακαρία
1558 1606 1820 1677 Παρθένος

2001 1600 2061 1653 ed
2092 1614 2192 1653 nec
2222 1598 2448 1654 docendi
2478 1613 2699 1653 cursum
2730 1599 3129 1667 interrumpere
3166 1598 3404 1661 volebat,
3439 1599 3532 1653 sed

291 1696 691 1766 σεμνοπρεπῶς
724 1714 783 1750 τε
818 1698 911 1750 καὶ
945 1698 1042 1750 σὺν
1086 1697 1344 1767 εὐλαϐείᾳ
1376 1697 1479 1763 ἐξω
1506 1697 1713 1763 ἵστατο,
1738 1696 1822 1751 οὐδ

1998 1707 2146 1760 psum
2196 1691 2570 1745 tantummodo
2626 1690 2895 1760 gestiebat
2943 1691 3204 1745 salutare.
3257 1692 3339 1746 Ad
3367 1708 3529 1760 quem

284 1787 390 1857 τὴν
418 1787 555 1857 πρὸς
577 1788 669 1841 τὸν
701 1788 829 1841 Υίὸν
860 1788 1341 1861 παρρησιαζομένη
1382 1789 1583 1841 εἴσοδον
1608 1806 1622 1818 ·
1664 1791 1815 1857 οὐμετ

2003 1786 2131 1853 gitur
2169 1782 2421 1852 dirigitur
2483 1797 2669 1837 sermo
2702 1781 3023 1838 Dominicus
3049 1785 3072 1836 ?
3100 1792 3249 1853 patet
3289 1785 3431 1854 quod
3466 1785 3534 1839 ad

285 1881 384 1933 οὖν
433 1880 555 1934 οὐδὲ
589 1880 688 1952 τὴν
736 1880 1090 1934 διδασκαλίαν
1145 1884 1569 1953 περικόπτουσα,
1608 1881 1816 1934 αὐτδνξ

2001 1892 2112 1937 ιιιιι,
2157 1876 2250 1945 qui
2286 1874 2421 1930 satis
2452 1875 2832 1944 intempestive
2891 1875 3248 1931 vociferando
3271 1888 3324 1931 et
3350 1879 3526 1933 inela~

291 1972 455 2040 μόνον
486 1972 615 2025 ίδετν
650 1973 1005 2027 ἐπιποθοῦσα.
1029 1974 1170 2043 Πρὸς
1204 1975 1321 2026 τίνα
1349 1973 1537 2026 λοιπὸν
1560 1976 1587 2026 ὁ
1615 1976 1822 2025 Δεσποτ

2001 1966 2165 2020 tando
2190 1966 2426 2031 dicebat,
2468 1985 2486 2017 ι
2520 1965 2690 2021 Mater
2721 1978 2812 2021 tua
2851 1974 2907 2022 et
2938 1967 3132 2023 fratres
3162 1968 3241 2022 tui
3286 1978 3337 2023 te
3387 1969 3532 2024 foras

285 2060 387 2123 κὸς
414 2059 573 2129 λόγος
596 2061 735 2131 ὁρᾷς
761 2061 919 2132 δῆλον
944 2071 995 2124 7,
1021 2060 1097 2124 ὡς
1127 2060 1258 2131 πρὸς
1295 2061 1517 2124 ἐκεῖνον,
1555 2058 1647 2112 τὸν
1679 2059 1816 2112 οὑκέ

2000 2065 2210 2111 uazrunt
2225 2056 2288 2109 '°.
2309 2075 2329 2108 ι
2354 2056 2499 2127 Erat,
2520 2057 2609 2111 ille
2641 2054 2883 2121 Iudaeus,
2910 2073 3009 2112 nec
3036 2058 3141 2112 alio
3176 2059 3397 2128 proprio
3432 2074 3531 2111 no-

292 2152 473 2225 καιρῷ
514 2153 608 2205 καὶ
657 2153 906 2223 θρασέως
953 2150 1333 2220 ἐπιφωνοῦντα
1379 2151 1474 2204 καλ⁸
1525 2149 1823 2220 ἀνακράζοι

2003 2151 2111 2205 line
2155 2150 2358 2205 dictum
2394 2149 2657 2204 habemus
2681 2151 2735 2203 in
2768 2148 3080 2221 Evangelia.
3131 2150 3227 2205 ille
3259 2166 3384 2206 cum
3426 2152 3534 2205 Do-

282 2260 382 2307 τια,
416 2260 440 2294 4
484 2244 553 2297 'H
586 2245 771 2315 μήτηρ
799 2261 895 2297 σου
924 2243 1020 2297 καὶ
1049 2246 1099 2297 οἱ
1141 2242 1359 2312 ἀδελφοί
1398 2260 1493 2296 σου
1523 2241 1629 2306 ἔξω
1667 2239 1813 2311 ζητοί

2000 2244 2170 2299 tinum
2200 2244 2591 2313 alloqueretur,
2619 2259 2725 2296 non
2743 2244 2906 2298 modo
2940 2244 3150 2298 nullum
3179 2246 3405 2299 verbum
3443 2262 3531 2300 re-

288 2336 343 2387 σί
377 2352 459 2391 σε.
487 2354 506 2386 ι
558 2336 796 2398 Ἐκεῖνος
826 2334 939 2406 γὰρ
983 2337 1011 2389 ὁ
1054 2335 1301 2398 Ἰουδαῖος
1336 2333 1492 2403 (οὐδὲ
1521 2333 1633 2404 γὰρ
1662 2332 1819 2403 ἐχομε

2004 2337 2211 2390 erentize
2229 2337 2477 2400 evolavit,
2506 2335 2603 2389 sed
2621 2350 2721 2390 nec
2747 2345 2852 2389 tem
2862 2352 2961 2404 pus
2977 2338 3316 2405 praestolatus
3334 2353 3535 2407 oppor-

288 2426 481 2479 τούτου
534 2427 869 2497 κυριώτερον
913 2428 978 2479 ἐκ
1009 2425 1119 2480 τῶν
1148 2425 1499 2495 Εὑαγγελίων
1526 2425 1697 2494 ὄνομα
1726 2428 1741 2487 )
1773 2425 1819 2477 ὃιι

2000 2442 2152 2480 mum
2183 2426 2408 2481 docendi
2454 2441 2680 2480 cursum
2738 2426 3045 2497 interrupit,
3080 2437 3135 2481 et
3192 2443 3317 2482 cum
3365 2428 3531 2482 multa

282 2519 366 2589 τῷ
418 2519 664 2591 Δεσπότῃ
709 2518 1083 2590 προσεφώνει,
1126 2518 1279 2571 οὐδὲν
1307 2519 1368 2571 οὐ
1420 2518 1579 2587 μόνον
1621 2518 1813 2586 συνῆπι

2002 2518 2187 2571 udacia
2221 2527 2277 2572 et
2326 2518 2628 2587 supercilio
2660 2518 3066 2587 projecitillud,
3106 2538 3124 2570 ι
3164 2518 3332 2573 Mater
3366 2529 3455 2573 tua
3479 2530 3533 2575 et

288 2611 441 2679 ῥῆμα
474 2609 920 2679 σεϐασμιότητος,
950 2608 1067 2662 ἀλλ’
1105 2608 1225 2662 οὐδὲ
1273 2608 1367 2661 τὸν
1409 2608 1690 2679 πρέποντα
1736 2625 1819 2661 και

2002 2618 2157 2663 'atres
2187 2608 2260 2661 tui
2292 2615 2342 2660 te
2384 2609 2519 2661 foris
2558 2618 2833 2677 quaerunt.
2869 2628 2888 2660 ›
2932 2608 3079 2664 Reor
3107 2621 3287 2664 autem
3332 2626 3397 2663 eo
3428 2612 3533 2664 line

288 2700 381 2770 ρὸν
412 2701 734 2770 ἀναμείνας,
760 2699 897 2754 ἀλλά
938 2701 1035 2755 καὶ
1071 2700 1169 2771 τὴν
1221 2700 1572 2754 διδασκαλίαν
1620 2700 1817 2770 περικό

2001 2713 2065 2752 oc
2083 2699 2151 2753 ab
2181 2699 2271 2753 illo
2300 2698 2622 2763 factitatum,
2644 2709 2703 2754 ut
2725 2702 2815 2770 qui
2846 2702 3077 2756 voluerit
3108 2705 3254 2756 omni
3283 2704 3528 2757 machina

282 2810 461 2857 πτων,
480 2793 576 2846 καὶ
598 2792 767 2864 πολλῇ
787 2793 1069 2864 χρώμενος
1091 2794 1159 2863 τῇ
1183 2791 1446 2861 αὐθαδείᾳ
1470 2791 1565 2845 καὶ
1586 2790 1813 2861 θρασύττ

1996 2790 2199 2844 dhibita
2245 2791 2461 2859 generis
2506 2791 2679 2845 nostri
2718 2791 3013 2845 Auctorem
3054 2793 3122 2846 ab
3156 2794 3393 2847 humana
3431 2809 3527 2847 sua

279 2903 357 2948 τι,
393 2885 478 2951 τὸ,
504 2903 523 2936 ι
563 2884 633 2938 Ἦ
653 2884 838 2955 μήτηρ
870 2902 967 2938 σου
992 2887 1086 2938 καὶ
1120 2885 1169 2937 οἱ
1198 2883 1416 2951 ἀδελφοί
1460 2900 1579 2946 σου,
1616 2883 1810 2954 προσέέ

1996 2882 2308 2935 eneratione
2332 2883 2657 2937 traducere:
2694 2898 2804 2937 non
2839 2884 2985 2938 enim
3019 2895 3126 2938 tam
3148 2888 3454 2954 petulanter
3476 2889 3527 2940 in

282 2981 479 3050 ῥιπτεν
505 3016 522 3041 ,
574 2976 679 3042 ἔξω
734 2976 959 3047 ζητοῦσι
1006 2994 1087 3030 σε.
1130 2995 1150 3028 ι
1177 2971 1345 3045 Οἶμαι
1386 2974 1442 3028 δέ
1492 2973 1655 3027 αὐτὸν
1698 2973 1813 3027 τοῦτ

1997 2972 2182 3027 nribus
2244 2974 2552 3028 auditorum
2602 2975 3075 3043 exprobrationem
3143 2977 3324 3047 potius
3364 2994 3528 3048 quam

277 3071 624 3144 δεδρακέναι,
644 3071 848 3125 ὡσανεὶ
870 3070 967 3150 καὶ
994 3070 1104 3124 ἀπὸ
1124 3068 1219 3123 τοῦ
1253 3068 1447 3136 γένους
1476 3065 1808 3121 ἐπισκώπτει

1995 3066 2326 3120 vocationem
2353 3066 2611 3121 adhibere
2657 3067 2897 3131 volebat,
2932 3068 3039 3123 nisi
3070 3067 3126 3123 id
3171 3072 3371 3138 agebat
3408 3085 3526 3124 ma-

273 3162 374 3215 τδν
400 3162 581 3215 κοινὸν
607 3160 702 3215 τοῦ
732 3161 928 3230 γένους
959 3160 1193 3230 Σωτῆρα
1236 3158 1745 3229 διαμηχανώμενον.
1776 3158 1804 3210 (

1995 3155 2251 3222 hinando,
2310 3166 2372 3211 ut
2425 3157 2735 3228 ignaviores
2791 3157 3044 3215 redderet
3104 3161 3403 3216 auditores.
3448 3161 3526 3217 Ita

271 3256 389 3325 γὰρ
424 3252 492 3309 ἂν
525 3254 667 3308 οὕτω
695 3254 967 3325 θρασέως,
1009 3253 1105 3307 καὶ
1133 3256 1213 3317 εἰς
1250 3254 1489 3323 ὑπήκοον
1517 3262 1540 3289 ²
1570 3251 1679 3307 τῶν
1705 3252 1802 3306 διδι

1999 3258 2223 3304 uantum
2251 3251 2305 3305 in
2340 3251 2459 3320 ipso
2485 3262 2603 3307 erat
2628 3251 2856 3307 abduxit
2881 3253 2949 3307 ab
2972 3252 3247 3308 audiendo
3280 3255 3528 3309 multitu-

273 3348 583 3417 σκομένων,
629 3347 722 3401 τὸν
772 3346 1075 3418 ὀνειδισμὸν
1115 3346 1444 3415 οἰκειότερον
1490 3345 1725 3417 είπεῖνῆ
1756 3344 1804 3398 τ’]

1996 3345 2162 3410 inem,
2188 3354 2242 3399 et
2270 3345 2509 3400 doctoris
2540 3347 2905 3401 reverentiam
2934 3347 3291 3402 imminuendi
3323 3349 3527 3413 animo,

270 3438 580 3511 πρόκλησιν
608 3438 703 3491 τοῦ
738 3439 1008 3491 Δεσπότου
1066 3437 1362 3509 ἐπεποίητο
1388 3454 1401 3467 ·
1434 3437 1531 3492 καὶ
1562 3436 1737 3491 ταῦτα
1770 3436 1799 3489 δ

2000 3452 2053 3491 er
2090 3437 2496 3492 vilificationem
2537 3438 2809 3508 prosapiei
2858 3440 3227 3508 interrumpit.
3291 3442 3531 3510 Apparet

269 3533 590 3603 εμηχανᾶτο
608 3532 703 3584 καὶ
729 3531 1171 3596 συνεσκευάζετο,
1201 3530 1606 3603 ρᾳθυμοτέρους
1634 3547 1695 3584 τε
1725 3547 1793 3583 πε

1995 3531 2100 3583 nim
2135 3539 2189 3585 et
2246 3531 2372 3586 alibi
2408 3529 2695 3585 Judaicam
2749 3541 2964 3601 gentem
3014 3548 3143 3585 cum
3193 3532 3352 3596 alias,
3413 3543 3526 3586 tum

266 3623 374 3694 τὴν
419 3623 709 3693 ἀκρόασιν,
745 3623 805 3675 τό
857 3639 922 3690 γε
954 3622 1073 3677 καθ’
1097 3622 1313 3687 ἐαυτὸν,
1357 3624 1417 3675 τὸ
1446 3621 1650 3693 πλῆθος
1679 3624 1797 3692 ἀπει

1998 3622 2227 3691 ιωοίριιε
2281 3638 2406 3677 cum
2446 3625 2668 3679 doceret
2696 3633 2792 3678 aut
2820 3626 3083 3680 miracula
3113 3625 3288 3690 daret,
3324 3626 3529 3683 invidia

246 3713 598 3784 ,γαζόμενοῆ
635 3715 730 3767 καὶ
765 3715 827 3767 τὸ
870 3712 1182 3779 ἀξιόπιστον
1230 3713 1325 3767 τοῦ
1374 3714 1721 3780 διδασκάλου,
1744 3716 1777 3768 ἀ

1998 3731 2302 3778 accensam,
2353 3725 2406 3770 et
2449 3718 2517 3771 ad
2583 3718 2955 3771 accusandum
3000 3719 3529 3788 eonvitiandumque

266 3818 337 3867 γε
398 3800 499 3871 τῆς
538 3800 876 3869 συγγενείας,
906 3800 982 3864 ὡς
1044 3802 1316 3872 ἐνόμιζεν,
1344 3802 1696 3867 έξευτελίζων
1756 3822 1797 3856 κε

1992 3809 2245 3862 luminum
2272 3808 2468 3863 insano
2497 3810 2661 3863 modo
2696 3811 3110 3865 inflammatam.
3130 3812 3219 3864 "ita
3242 3811 3523 3879 inquiunt,

266 3892 740 3963 ὑποτεμνόμενος.·
761 3886 893 3948 Καί
922 3893 1031 3964 γάρ
1092 3894 1187 3948 καὶ
1218 3894 1456 3965 ἀλλαχοῦ
1488 3895 1741 3964 φαίνεται
1792 3914 1797 3931 λ

2010 3899 2203 3953 Annon
2236 3899 2324 3954 hic
2356 3908 2440 3953 est
2476 3899 2614 3953 fabri
2655 3902 2799 3955 filius
2816 3902 2943 3956 “1’:
2972 3912 3047 3968 et,
3092 3922 3113 3953 ι
3139 3902 3401 3959 Novimus
3431 3920 3525 3973 pa-

280 3983 536 4037 Ἰουδαῖον
571 3984 745 4051 ἔθνος,
772 3984 870 4039 καὶ
904 3986 1138 4057 μάλιστα
1166 3986 1308 4041 κατὰ
1336 3987 1426 4040 τὸν
1454 3987 1645 4057 καιρὸν
1671 3990 1771 4056 τῆς
1791 4004 1811 4039 ς

1989 4005 2091 4043 rem
2133 3991 2251 4059 ejus
2302 4005 2366 4044 ac
2424 4003 2654 4045 matrem
2702 3994 2823 4061 ejus
2846 3994 2890 4025 ⁶¹
2922 4009 2940 4047 :
2981 4014 3000 4046 ι
3032 4001 3113 4059 et,
3144 4012 3161 4044 ι
3188 3994 3383 4049 Annon
3421 4011 3520 4051 nos

264 4073 643 4139 διδασκαλίας,
677 4075 771 4129 καί
822 4093 886 4145 γε
939 4078 1035 4129 καὶ
1084 4077 1184 4148 τῆς
1239 4077 1707 4149 θαυματουργίας,
1774 4097 1795 4132 1

1994 4080 2161 4135 eimus
2204 4081 2346 4135 dnde
2400 4081 2503 4136 iste
2548 4084 2781 4137 est“?o
2814 4094 2887 4149 et,
2945 4102 2964 4135 ι
3001 4085 3192 4141 Nonne
3238 4087 3380 4156 apud
3425 4101 3525 4141 nos

263 4164 452 4235 φθόνῳ
475 4165 1092 4236 διαπιμπράμενον,’κα“ι
1118 4167 1254 4237 πρὸς
1275 4168 1525 4234 διαϐολὰς
1548 4172 1640 4223 καὶ
1665 4168 1794 4240 ὓὸρε

1995 4180 2084 4227 unt
2128 4170 2325 4228 fratres
2348 4182 2402 4229 et
2464 4187 2685 4229 sorores
2743 4176 2916 4243 ipsius
2936 4177 3060 4228 “in
3099 4188 3152 4231 et
3198 4179 3369 4233 multa
3419 4180 3526 4234 alia

260 4256 364 4309 τοῦ
394 4258 665 4312 Δεσπότου
695 4259 945 4323 ἐκτόπως
994 4260 1457 4331 ἀναφλεγόμενον.
1494 4280 1514 4313 ι
1551 4263 1663 4333 Οὺχ
1691 4256 1791 4315 οὔτι

1994 4266 2345 4323 malevolentiae
2392 4268 2557 4322 verba
2622 4269 2898 4338 ingerunt.
2952 4268 3220 4337 Quocirca
3270 4272 3525 4329 Christus

262 4347 380 4416 γάρ
394 4348 532 4412 ἐστι,
548 4349 734 4419 φησὶν,
752 4350 885 4405 ότοῦ
902 4351 1151 4415 τέκτονος
1168 4352 1308 4419 υίός;
1342 4373 1361 4405 ι
1390 4353 1485 4406 καὶ
1505 4353 1692 4418 πάλιν,
1713 4373 1729 4405 ι
1754 4357 1793 4407 0

1986 4359 2216 4415 Dominus
2236 4360 2606 4415 incivilitatem
2630 4361 2778 4416 illius
2801 4362 3151 4432 redarguens,
3168 4374 3227 4418 et
3253 4381 3345 4433 per
3369 4366 3517 4419 illum

259 4439 329 4491 δα
337 4454 439 4507 μεν
454 4440 543 4492 τὸν
564 4440 775 4511 πατέρα
793 4441 959 4495 αὑτοῦ
981 4445 1077 4496 καὶ
1098 4442 1197 4515 τὴν
1217 4445 1431 4515 μητέρα
1451 4460 1465 4473 ·
1490 4462 1510 4495 ι
1540 4445 1652 4506 καὶ,
1686 4464 1704 4495 ι
1742 4443 1790 4497 Οἳ

1986 4459 2279 4506 onventum
2307 4467 2496 4507 eorum
2533 4455 2621 4523 qui
2654 4453 2846 4508 eodem
2890 4456 3073 4510 animo
3130 4456 3310 4511 aﬂ‘ecti
3342 4468 3517 4523 erant,

259 4546 361 4592 τος
376 4531 474 4584 οὐκ
506 4532 728 4601 οἴδαμεν
751 4533 912 4587 πόθεν
936 4534 1084 4588 ἐστίν
1109 4552 1124 4601 ;
1153 4553 1172 4586 ι
1208 4535 1326 4600 καὶ,
1356 4555 1375 4588 ι
1404 4534 1545 4607 Οὐχὶ
1560 4538 1790 4608 παρ’ήμ

1988 4542 2018 4595 d
2046 4541 2403 4611 cogitationes
2429 4543 2737 4600 istiusmodi
2770 4547 3150 4602 accommodat
3171 4564 3519 4618 responsum,

260 4623 410 4674 εἰσιν
447 4622 496 4675 οἱ
530 4623 749 4692 ἀδελφοὶ
775 4624 939 4679 αὑτοῦ
980 4626 1075 4679 καὶ
1101 4626 1159 4679 αἱ
1194 4626 1605 4697 ἀδελφαὶαὺτοῦ
1642 4646 1658 4696 ;
1700 4649 1718 4681 ι
1752 4646 1791 4683 κε

1982 4642 2000 4686 ι
2029 4632 2227 4703 inquit,
2263 4653 2282 4685 ι
2304 4634 2440 4700 Quae
2465 4645 2550 4690 est
2570 4646 2741 4691 mater
2780 4638 2942 4692 mea?
2965 4638 3062 4708 qui
3088 4641 3191 4694 mei
3230 4640 3470 4696 fratres?
3494 4658 3513 4693 ι

260 4712 440 4766 πολλὰ
458 4715 684 4769 τοιαῦτα
702 4716 999 4786 βασκανίας
1023 4718 1267 4789 ῥήματα.
1290 4721 1382 4773 Διὸ
1403 4722 1498 4774 καὶ
1515 4724 1542 4775 ό
1564 4722 1791 4775 Δεσπότι

1985 4727 2102 4781 uasi
2150 4725 2398 4781 diceret:
2458 4727 2596 4793 Quid
2650 4728 2783 4782 mihi
2840 4740 3067 4785 matrem
3125 4742 3181 4786 et
3204 4730 3407 4787 fratres
3459 4732 3516 4787 in

257 4807 501 4875 Χριστὸς
521 4808 761 4879 ἐλέγχων
775 4809 941 4864 αὑτοῦ
964 4810 1062 4882 τὴν
1087 4814 1458 4883 παρανομίαν,
1480 4812 1576 4868 καὶ⁹
1592 4814 1659 4869 δι’
1674 4815 1788 4869 αὑτι

1986 4817 2297 4885 pprobrium
2332 4818 2533 4890 ingeris
2556 4820 2579 4872 ?
2605 4819 2807 4874 frustra
2837 4821 2931 4875 tibi
2967 4822 3074 4876 hoc
3100 4824 3267 4879 cessit
3311 4824 3517 4878 machi~

252 4898 375 4951 τῶν
406 4898 725 4970 ὁμοφρόνων
758 4900 820 4953 τὺ
844 4899 1122 4973 σύστημα,
1160 4904 1243 4967 είς
1270 4904 1529 4973 τοιαύτην
1553 4905 1676 4960 τινὰ
1722 4906 1783 4960 διι

1987 4924 2286 4979 amentum,
2315 4914 2371 4968 in
2387 4916 2725 4969 contrarium
2750 4926 3098 4972 convertctur
3123 4918 3518 4974 insidiosahzee

256 5006 416 5045 νοιαν
449 4990 538 5045 τὸν
574 4990 731 5059 λόγον
766 4994 1115 5065 σχηματίζων
1142 4996 1243 5066 τῆς
1263 4996 1633 5065 ἀποκρίσεως,
1680 5016 1701 5049 ι
1741 4998 1783 5050 Τ

1979 5020 2035 5058 ua
2068 5005 2388 5075 satagentia.
2413 5004 2644 5062 Tantum
2667 5009 2811 5062 enim
2850 5010 3005 5063 abest
3036 5017 3098 5063 ut
3120 5025 3206 5063 me
3231 5020 3510 5078 parentunl

256 5085 603 5153 ἐστι,φησὶν,
624 5086 658 5155 ή
687 5088 872 5159 μήτηρ
902 5105 1029 5157 μου,
1060 5088 1153 5141 καὶ
1174 5089 1224 5142 οί
1250 5089 1470 5159 ἀδελφοί
1497 5108 1600 5160 μου
1623 5109 1638 5157 ;
1664 5091 1787 5143 Tom

1969 5112 2191 5152 neorum
2234 5098 2511 5154 tenuitatis
2549 5099 2772 5170 pudeat,
2838 5108 2898 5155 ut
2932 5116 3041 5156 non
3069 5103 3249 5157 solum
3288 5112 3500 5157 matren

254 5176 399 5241 ἐστι,
430 5176 495 5227 Τί
543 5176 643 5247 τὴν
676 5178 906 5249 μητέρα,
937 5180 1031 5234 καὶ
1076 5181 1201 5244 τοὺς
1237 5181 1502 5250 ἀδελφοὺς
1535 5184 1615 5246 εἰς
1641 5182 1785 5237 όνειδ

1982 5205 2063 5241 me
2108 5205 2194 5243 me
2232 5190 2575 5246 incarnatum
2613 5208 2741 5247 vere
2782 5194 3016 5264 peperit,
3070 5211 3390 5265 agnoscam,
3420 5194 3513 5248 sed

256 5287 287 5320 σ
298 5267 402 5337 μὸν
435 5269 735 5339 προφέρειν
768 5271 1110 5343 ἐμελέτησας
1139 5290 1154 5337 ;
1184 5272 1363 5345 μάτην
1390 5291 1471 5327 σοι
1500 5275 1787 5345 διεμηχανμ

1979 5298 2168 5351 isuper
2190 5291 2243 5337 et
2274 5283 2409 5340 istos
2455 5299 2595 5353 quos
2646 5284 2785 5340 vites
2830 5287 3060 5341 intueris
3114 5297 3167 5341 et
3202 5289 3510 5354 despectos,

253 5361 327 5430 θη
356 5359 415 5412 τὸ
462 5362 849 5434 κακούργημα,
888 5365 969 5427 είς
996 5366 1307 5419 τούναντίον
1342 5382 1426 5419 σοι
1481 5368 1784 5437 περιτραπί

1978 5368 2059 5428 ine
2092 5374 2225 5429 urbe
2251 5384 2307 5429 et
2333 5376 2452 5430 loco
2475 5391 2765 5447 pauperes,
2807 5377 3097 5435 licetnulla
3128 5393 3215 5432 me
3241 5376 3509 5445 attingant

334 5492 826 5563 ‘°Mattli.xn,.i7.
941 5501 983 5530 ⁶¹
1044 5500 1235 5557 Matth.
1270 5519 1393 5568 ιιιι,
1449 5504 1541 5558 55.
1620 5503 1850 5559 “Joan.

1620 5506 1663 5535 θ’
1692 5503 1850 5559 Joan.
1876 5522 1951 5570 vi,
1975 5507 2064 5560 42.
2185 5508 2231 5540 ⁶³
2259 5507 2419 5564 Joan.
2450 5508 2638 5576 Ix,29.
2716 5510 2759 5541 “
2794 5509 2958 5566 Marc.
2990 5526 3063 5575 vr,
3088 5509 3138 5562 ’5.

1534 5616 1761 5673 VARI/13
1796 5618 2202 5678 LECTIONES.

332 5733 358 5762 ν
393 5723 567 5788 ἄλλως
591 5724 649 5779 τέ
676 5742 737 5795 γε
770 5726 866 5797 οὐχ
897 5728 1111 5784 ἐαυτοῦ.
1210 5740 1233 5767 ι
1302 5732 1510 5788 σκόπει.
1584 5744 1611 5784 γ
1648 5737 1709 5791 C.
1749 5736 1817 5790 Μ.
1844 5736 1877 5809 ἦ
1906 5738 2084 5809 δῆλον.
2170 5749 2191 5776 ι
2225 5740 2484 5811 ἐπήκοον.
