3854 6216
347 254 458 321 979

1504 253 1768 317 PHOTII
1790 244 2298 315 PATRIARCHE
2329 253 2438 316 ΟΡ.

3479 255 3596 323 980

350 373 630 440 afﬁnitate,
654 387 762 427 non
803 372 1036 442 abnego,
1081 371 1174 426 sed
1207 370 1340 426 mihi
1391 371 1645 441 proprius
1673 384 1916 436 assumo,

2044 387 2176 424 rem.
2203 371 2263 423 τὸ
2298 368 2655 443 σκευώρημα.
2691 371 2832 440 Ἐγὼ
2854 371 2965 444 γὰρ
2998 371 3251 428 τοσοῦτον
3271 373 3461 447 ἀπέχω
3489 376 3590 431 τοῦ

352 467 545 522 matris
593 477 646 520 et
680 465 911 520 fratrum
968 465 1102 519 mihi
1153 464 1333 519 locum
1388 464 1732 531 impleturus,
1762 461 1922 516 modo

351 577 447 630 per
473 575 648 612 meam
671 559 973 613 doctrinam
1003 557 1230 624 inducti,
1252 557 1430 611 Patris
1459 557 1562 609 mei
1592 555 1925 623 adimpleant

349 651 707 703 voluntatem.
743 647 1212 713 Quemadmodum
1245 647 1388 700 enim
1423 646 1592 708 illam,
1659 645 1804 698 nulla
1837 658 1924 698 me

351 741 830 810 consanguinitate
859 741 1210 808 attingentem
1235 739 1382 808 (nam
1398 736 1532 806 quid
1559 737 1722 790 habet
1744 749 1917 805 genus

354 834 652 887 humanum
703 848 827 887 cum
858 831 1064 886 Deitate
1087 830 1432 901 commune?)
1483 830 1551 884 dc
1585 839 1811 899 paterna
1836 839 1921 883 ta-

354 941 476 978 men
510 925 789 979 voluntate
839 925 1156 978 incarnatus
1201 939 1267 976 σε
1323 921 1435 984 illa,
1483 932 1709 975 matrem
1761 937 1923 974 mon-

353 1017 545 1080 stravi,
579 1027 633 1070 et
661 1017 842 1070 omnia
879 1025 1122 1068 materna
1159 1012 1458 1083 privilegia,
1498 1029 1603 1066 una
1633 1027 1758 1067 cum
1808 1014 1920 1065 vir-

354 1111 580 1180 ginitate
614 1110 819 1163 illibata
843 1117 987 1163 sarta
1023 1107 1098 1160 illi
1130 1115 1269 1160 tecta
1297 1105 1505 1159 servavi
1542 1122 1556 1171 ;
1594 1106 1666 1158 ita
1703 1118 1924 1174 quoque

353 1193 561 1256 etistOs
597 1199 690 1269 qui
723 1199 932 1253 nullum
963 1198 1175 1267 justum
1211 1196 1428 1250 titulum
1473 1196 1624 1249 adire
1671 1203 1924 1265 possunt,

355 1310 464 1364 quo
517 1294 651 1347 mihi
706 1308 803 1362 per
828 1306 1047 1346 carnem
1108 1289 1516 1359 conjungantur
1568 1298 1662 1342 aut
1703 1289 1925 1354 tribum,

358 1385 518 1438 modo
544 1383 905 1451 adimplentes
946 1396 1143 1450 cepero
1170 1379 1476 1434 doctrinam
1536 1395 1710 1434 meam
1743 1389 1798 1434 et
1831 1395 1925 1435 vo-

358 1474 620 1528 luntatem
662 1473 860 1538 Patris,
899 1472 951 1524 in
981 1481 1182 1526 sortem
1205 1478 1260 1525 et
1289 1470 1602 1540 dignitatem
1633 1469 1929 1525 fraternam

358 1574 774 1634 maternumque
812 1579 1112 1618 assumant.
1150 1563 1329 1633 Atque
1358 1563 1454 1628 ita,
1492 1572 1552 1616 ut
1581 1577 1682 1633 ego
1713 1564 1929 1633 opinor,

357 1673 388 1710 e
417 1657 577 1710 dictis
605 1656 701 1710 tibi
737 1664 885 1725 patet
913 1664 967 1709 et
1000 1653 1216 1720 satisﬁt,
1252 1655 1397 1724 quod
1426 1664 1646 1724 propter
1687 1655 1818 1708 illud
1845 1655 1931 1709 di-

356 1757 528 1812 ctum,
561 1764 579 1796 ι
609 1744 742 1811 Quae
773 1755 857 1799 est
899 1755 1070 1798 mater
1103 1759 1242 1808 mea,
1277 1761 1297 1795 ι
1330 1754 1386 1798 et
1413 1758 1536 1814 quae
1569 1755 1882 1814 sequuntur
1911 1761 1926 1810 ;
1955 1735 2004 1794 B

357 1839 666 1892 nullatenus
713 1836 974 1892 Dominus
1003 1846 1058 1890 et
1112 1836 1359 1892 Salvator
1393 1843 1581 1890 noster
1609 1851 1734 1890 reus
1775 1844 1930 1890 tene-

358 1929 521 1983 batur
550 1928 784 1997 alicujus
833 1937 1178 1998 contemptus
1208 1937 1303 1982 aut
1344 1929 1633 1997 deSpectus
1657 1943 1785 1998 erga
1808 1942 1929 1982 ma-

362 2033 534 2088 trem;
572 2022 663 2078 sed
699 2031 912 2084 contra,
970 2033 1078 2076 tam
1127 2037 1222 2091 per
1267 2023 1371 2078 ista
1394 2038 1560 2092 quam
1613 2022 1718 2076 alia
1745 2023 1927 2077 omnia

359 2113 456 2169 Dei
497 2130 660 2184 Opera
680 2114 1007 2175 ostenditur.
1035 2115 1296 2169 maternis
1320 2115 1620 2184 privilegiis
1657 2124 1712 2169 et
1752 2116 1924 2169 hono-

360 2209 536 2272 ribus,
579 2207 741 2277 idque
786 2208 1168 2272 meritissimo,
1217 2209 1360 2278 apud
1406 2223 1530 2264 eum
1568 2224 1728 2279 quem
1767 2224 1931 2280 pepe-

360 2309 528 2365 rerat,
563 2297 794 2354 fructam
835 2307 889 2354 et
915 2301 1155 2368 gavisam
1181 2299 1372 2355 fuisse.

2021 465 2089 533 τῇ
2119 462 2366 535 εὐτελείᾳ
2397 463 2508 518 τῶν
2533 463 2813 532 συγγενῶν
2861 465 3305 536 ἐπαισχύνεσθαι,
3332 465 3475 522 ὥστε
3523 467 3594 523 οὐ

2027 556 2187 627 μόνον
2211 556 2311 628 τὴν
2333 556 2476 611 κατά
2509 558 2690 628 σάρκα
2716 559 3130 630 γεννησαμένη-δ
3157 558 3394 632 ἀληθῶς,
3423 561 3596 632 μητέ-

2027 666 2095 720 ρα
2121 651 2521 720 ἐπιγράφομαι,
2549 651 2685 706 ἀλλά
2715 650 2780 721 δὴ
2804 654 2898 706 καὶ
2917 651 3142 715 τούτους
3175 653 3309 724 ὁρᾷς
3341 652 3468 718 τοὺς
3502 653 3600 708 εὑ-

2022 741 2195 807 τελεῖς
2220 743 2316 796 καὶ
2341 743 2620 809 ἀπόλιδας,
2648 745 2773 808 τοὺς
2804 744 3022 808 ἀοίκους
3050 743 3144 798 καὶ⁵
3185 745 3444 816 πένητας,
3470 745 3600 800 καίο

2022 852 2107 888 τοι
2143 835 2310 905 μηδὲν
2357 835 2499 890 κατὰ
2545 837 2703 906 γένος
2745 838 3145 908 προσήκοντας,
3183 836 3244 889 ού
3288 837 3596 908 παραιτοῦ-

2029 944 2127 996 μαι
2153 927 2228 992 ὡς
2263 928 2476 1000 μητέρα
2521 929 2619 983 καὶ
2661 928 2922 998 ἀδελφοὺς
2963 928 3483 998 οίκειοποιήσασθαι,
3525 927 3603 982 ἂν

2025 1011 2128 1071 ὦσι
2165 1018 2326 1088 μόνον
2356 1018 2417 1072 τὸ
2463 1020 2752 1091 πατρικὸν,
2781 1019 2866 1073 διά
2893 1019 3001 1074 τῶν
3031 1019 3182 1089 ἐμῶν
3227 1019 3600 1090 διδαγμάτων,

2026 1108 2428 1180 ἐκπληροῦντες
2485 1110 2719 1181 θέλημα.
2755 1112 2966 1178 Ὥσπερ
3014 1111 3125 1182 γάρ
3175 1110 3392 1181 ἐκείνην
3431 1111 3605 1182 μηδὲν

2025 1203 2092 1271 τῇ
2127 1199 2248 1272 θείᾳ
2285 1201 2442 1270 φύσει
2495 1204 2878 1274 προσήκουσαν
2903 1203 2978 1272 (τί
3020 1203 3129 1274 γὰρ
3175 1202 3356 1257 κοινὸν
3385 1202 3603 1272 ἀνθρω-

2028 1294 2169 1366 πίνῳ
2212 1294 2358 1364 γένει
2404 1297 2500 1350 καὶ
2538 1295 2828 1367 θεότητι;),
2864 1297 3014 1367 ὅμως
3043 1295 3310 1366 θελήματι
3343 1293 3604 1366 πατρικῷ

2031 1388 2334 1459 σαρκωθεὶς
2379 1387 2439 1453 ἐξ
2486 1388 2676 1458 αὐτῆς,
2710 1388 2927 1460 μητέρα
2972 1387 3240 1452 ἀνέδειξα,
3269 1386 3365 1441 καὶ
3421 1387 3607 1442 πάντα

2027 1480 2098 1535 τὰ
2148 1479 2388 1552 μητρικά
2415 1480 2706 1550 προνόμια,
2739 1479 2880 1549 μετά
2925 1497 2989 1548 γε
3023 1479 3123 1548 τῆς
3173 1478 3471 1549 παρθενίας
3508 1478 3612 1531 αὑ-

2028 1571 2148 1642 τῆς,
2176 1571 2521 1642 συνετήρησα
2550 1589 2563 1602 ο
2593 1569 2737 1624 οὕτω
2763 1569 2849 1641 δὴ,
2880 1569 3021 1622 οὑτω
3049 1569 3144 1623 καὶ
3181 1567 3405 1634 τούτους
3435 1567 3612 1638 μηδὲν

2035 1661 2175 1734 μηδὲ
2202 1664 2268 1716 ἐκ
2296 1663 2396 1732 τῆς
2445 1663 2588 1715 κατὰ
2619 1663 2799 1731 σάρκα
2831 1660 3134 1731 προσεχοῦς
3166 1660 3342 1730 φυλῆς
3369 1661 3494 1730 ἐμοὶ
3520 1661 3612 1714 δι-

2031 1754 2256 1825 καίωμα
2309 1752 2710 1818 διασώζοντας,
2757 1753 2825 1806 ἂν
2881 1753 3041 1823 μόνον
3099 1753 3250 1807 λάϐω
3313 1752 3616 1824 πληρωτὰς

2031 1848 2130 1917 τῆς
2158 1845 2298 1916 ἐμῆς
2328 1843 2674 1908 διδασκαλίας
2708 1841 2920 1897 καὶτοῦ
2954 1841 3235 1913 πατρικοῦ
3266 1841 3572 1912 θελήματος
3597 1878 3615 1905 ,

2034 1939 2114 2000 είς
2141 1936 2233 1990 τὸν
2262 1935 2372 1988 τῶν
2397 1935 2644 2004 ἀδελφῶν
2689 1935 2782 1988 καὶ
2821 1933 3073 2004 μητέρων
3113 1931 3425 1998 ἀναϐιϐάζω
3477 1931 3620 2003 κλῆ-

2035 2046 2130 2102 ρον
2159 2029 2256 2083 καὶ
2295 2029 2360 2081 τὸ
2396 2027 2631 2097 ἀξίωμα,
2673 2028 2768 2081 Ἐκ
2806 2027 2986 2080 τοίνυν
3040 2025 3149 2079 τῶν
3197 2025 3505 2096 εἰρημένων
3538 2019 3624 2076 οῖ-

2037 2121 2134 2194 μαί
2165 2138 2246 2175 σοι
2273 2121 2457 2189 σαφῶς
2498 2119 2922 2189 ἐπιγνωσθῆναι,
2950 2118 3025 2182 ὡς
3061 2118 3181 2171 οὑδέ
3211 2118 3301 2171 διά
3327 2115 3446 2180 τοῦ,
3475 2135 3492 2168 ι
3514 2115 3622 2178 Τίς

2040 2213 2253 2284 ἐστινὴ
2289 2213 2471 2282 μήτηρ
2519 2228 2620 2281 μου
2652 2227 2667 2274 ;
2705 2229 2722 2261 ι
2763 2210 2856 2262 καί¹
2895 2210 3003 2263 τῶν
3052 2207 3558 2280 ἐφεξῆς,οὑδαμῶς
3588 2209 3623 2262 δ

2039 2307 2317 2376 Δεσπότης
2357 2305 2516 2376 ἡμῶν
2547 2305 2641 2358 καὶ
2675 2304 2869 2373 Σωτὴρ
2922 2304 3196 2375 μητρικῆς
3223 2303 3550 2373 ὑπεροψίας,
3583 2303 3623 2370 ἧ

361 2408 506 2454 τινος
570 2391 881 2462 ὀλιγωρίας,
914 2392 1132 2460 ἐγένετο
1161 2391 1342 2461 ἔνοχος
1363 2409 1380 2425 α
1409 2391 1547 2446 ἀλλά
1579 2393 1678 2446 καὶ
1715 2393 1803 2448 διὰ
1851 2397 2075 2465 τούτων,
2105 2399 2181 2463 ὡς
2212 2399 2307 2452 καὶ
2339 2397 2426 2450 διὰ
2452 2397 2670 2449 πάντων
2691 2395 2800 2448 τῶν
2832 2393 3032 2458 ἀλλων,
3067 2396 3101 2464 ἡ
3134 2393 3395 2459 Θεοτόκος
3439 2392 3627 2446 ἐπιδέ-

365 2484 578 2536 δεικται
629 2485 737 2537 τῶν
793 2485 1076 2554 μητρικῶν
1140 2485 1320 2554 γερῶν
1361 2485 1530 2550 ἀξίως
1560 2488 1714 2559 παρά
1745 2491 1837 2542 τοῦ
1869 2493 2157 2562 τεχθέντος
2184 2491 2243 2558 ἐξ
2271 2489 2442 2560 αὐτῆς
2475 2488 2850 2544 ἀπολαύουσα.

473 2575 801 2642 putasne
852 2575 1057 2632 cexvr
1115 2576 1314 2647 [CoisL
1364 2578 1612 2647 chLv,
1654 2579 1817 2637 Taur.

965 2671 1341 2745 CCXXXVIL

426 2804 570 2857 Edita
607 2819 634 2854 a
665 2809 961 2856 Montacutio
997 2808 1100 2870 (ep.
1136 2807 1242 2867 153,
1277 2808 1338 2856 ad
1371 2809 1620 2870 Michael.,
1655 2824 1705 2874 p.
1744 2810 1993 2870 175-177).

2564 2581 2900 2636 ΕΡΩΤΗΣΙΣ
2929 2581 3084 2648 Σῐεῖν.

1998 2809 2128 2859 -Ιιι
2157 2809 2306 2858 verba
2338 2809 2478 2860 Joan.
2517 2808 2770 2870 Baptista,
2805 2805 2974 2856 Matth.
3011 2820 3079 2867 tu,
3116 2805 3165 2855 11
3196 2819 3211 2868 ;
3245 2805 3391 2856 Marc.
3427 2819 3462 2868 ι,
3493 2805 3564 2868 7;

1831 2875 1944 2922 Luc.
1974 2887 2042 2933 ut,
2071 2872 2150 2921 ιθ.

406 2951 712 3007 Praeconis
739 2953 886 3008 illius
915 2967 1102 3008 vocem
1165 2970 1272 3024 qua
1327 2955 1700 3025 proﬁtebatur,
1768 2975 1786 3008 ι
1823 2955 1939 3010 Non

2115 2954 2227 3026 Τὴν
2257 2953 2351 3006 τοῦ
2391 2954 2632 3026 κήρυκος
2658 2952 2862 3022 φωνὴν,
2895 2951 3018 3004 καθ’
3057 2951 3123 3022 ἥν
3153 2952 3360 3015 ἐκεῖνος
3395 2951 3639 3022 ἐκήρυτ-

367 3060 488 3100 sum
516 3045 712 3114 dignus
738 3045 832 3115 qui
857 3045 1062 3099 solvam
1086 3045 1375 3116 corrigiam
1405 3046 1569 3101 calcei
1589 3047 1725 3115 ejus,
1761 3066 1780 3098 ι
1803 3048 1947 3115 quod

367 3151 403 3190 a
438 3147 488 3190 te
520 3136 809 3205 quassitum
837 3143 939 3202 est,
964 3135 1263 3191 secundum
1292 3137 1534 3192 diversas
1555 3137 1950 3191 consideratio-

374 3244 472 3282 nes
497 3228 804 3297 expositum
831 3229 1144 3298 invenimus
1177 3247 1191 3282 :
1215 3238 1344 3283 sunt
1371 3229 1465 3298 qui
1490 3244 1596 3282 non
1619 3229 1794 3282 solum
1819 3243 1948 3298 pro-

369 3320 495 3390 pius
510 3319 577 3373 ad
596 3335 840 3388 scopum,
859 3331 1026 3389 utego
1042 3319 1685 3383 arbitror,accedunt,sed
1701 3328 1752 3373 et
1771 3321 1836 3372 ad
1858 3335 1952 3372 vo-

368 3418 451 3467 cis
482 3412 888 3482 proprietatem,
913 3413 1155 3467 calceum
1183 3421 1237 3466 et
1261 3412 1576 3483 corrigiam,
1600 3412 1652 3465 hi
1676 3425 1783 3465 non
1802 3411 1950 3466 aliud

373 3505 683 3573 intelligunt
707 3519 870 3573 quam
901 3520 1022 3573 quae
1053 3505 1412 3558 communiter
1440 3505 1493 3558 in
1533 3503 1809 3558 communi
1851 3519 1953 3558 usu

371 3595 550 3665 posita
575 3610 695 3650 esse
710 3595 928 3650 sciunt:
951 3606 1004 3648 et
1023 3610 1119 3664 per
1134 3595 1252 3649 illas
1275 3609 1432 3649 voces
1456 3594 1640 3649 volunt
1660 3595 1950 3664 Baptistam

373 3687 673 3757 intelligere
693 3687 950 3756 baptizati
990 3687 1134 3742 illius
1153 3687 1548 3755 excellentiam,
1593 3690 1711 3743 sine
1730 3703 1954 3758 compa-

373 3779 588 3834 ratione
612 3781 1104 3839 transcendentem.
1135 3781 1261 3835 Scio
1283 3781 1452 3842 enim,
1469 3781 1666 3850 inquit,
1682 3781 1834 3835 illum
1856 3795 1954 3851 ego

375 3879 486 3926 tam
531 3870 819 3926 excellenti
843 3886 965 3927 esse
997 3872 1262 3940 dignitate
1294 3875 1578 3943 praeditum
1634 3889 1800 3944 supra
1840 3887 1958 3928 me-

375 3961 580 4030 ipsum,
599 3975 708 4014 non
750 3960 804 4014 in
827 3970 1090 4018 quantum
1122 3976 1313 4017 servus
1333 3976 1363 4016 a
1391 3961 1614 4016 domino
1643 3960 1831 4027 distat,
1863 3960 1957 4017 sed

376 4055 425 4107 si
448 4068 569 4120 quae
602 4052 707 4106 alia
725 4059 809 4106 est
828 4052 1130 4107 differentia
1168 4060 1223 4107 et
1242 4053 1524 4119 distantia,
1542 4067 1663 4122 quae
1683 4068 1713 4107 a
1734 4053 1880 4107 nulla
1901 4067 1960 4107 re

376 4146 483 4200 alia
502 4156 810 4215 superetur,
829 4159 1004 4214 neque
1031 4153 1177 4200 certe
1193 4158 1294 4212 ego
1320 4159 1404 4198 me
1431 4144 1484 4197 in
1513 4159 1701 4198 eorum
1728 4158 1959 4198 numero

378 4253 661 4308 reponam,
691 4238 783 4306 qui
821 4236 971 4292 illum
996 4238 1179 4291 intima
1205 4238 1530 4308 contingunt
1566 4238 1866 4304 servitute;
1907 4238 1958 4292 id

379 4332 524 4385 enim
550 4331 803 4396 iudicat,¢
837 4329 1062 4386 Solvere
1079 4331 1372 4402 corrigiam
1398 4329 1956 4386 calceamentiJSunt
1987 4309 2034 4368 θ

383 4422 477 4490 qui
502 4422 675 4491 magis
700 4421 878 4476 adhuc
907 4420 1206 4475 secundum
1235 4435 1534 4490 auagogen,
1559 4422 1718 4474 calcei
1738 4422 1958 4476 nomine

385 4514 649 4568 mundum
675 4523 992 4584 supponunt
1017 4531 1032 4580 ;
1063 4513 1349 4583 corrigiam
1389 4523 1569 4568 autem
1593 4515 1959 4584 interpretan-

386 4616 475 4662 tur
505 4607 908 4677 speculationes
937 4609 990 4660 in
1019 4605 1223 4660 mundo
1269 4606 1416 4661 illius
1445 4607 1588 4662 modi
1618 4624 1742 4678 qua:
1768 4621 1962 4677 appre-

389 4701 711 4756 ltensionem
748 4700 945 4754 habent
1011 4699 1154 4754 haud
1215 4698 1370 4754 facile
1407 4699 1806 4764 inveniendam,
1867 4698 1961 4754 sed

387 4796 607 4850 vinculo
640 4796 960 4866 ignorantia:
995 4794 1276 4849 insolubili
1305 4793 1778 4863 constringuntur.
1805 4789 1965 4846 Hunc

388 4887 514 4943 ιιι-ευ
548 4889 791 4944 calceum
816 4897 1128 4958 supponunt
1153 4902 1294 4953 esse,
1343 4894 1631 4957 propterea
1686 4885 1851 4956 quod,
1884 4883 1971 4938 iu-

392 4983 611 5050 quiunt,
643 4981 980 5036 Providentia
1008 4981 1180 5051 ipsius
1207 4981 1392 5036 omnia
1430 4987 1689 5050 permeet,
1721 4989 1774 5034 et
1795 4987 1969 5033 totum

395 5074 659 5126 mundum
688 5073 1049 5142 amplectatur
1079 5082 1134 5129 et
1185 5073 1478 5128 contineat.
1538 5070 1726 5126 Potius
1787 5078 1969 5125 autem

399 5166 622 5235 proprio
655 5165 829 5236 ipsius
860 5166 995 5236 pede
1023 5166 1233 5236 regulat
1262 5174 1318 5220 et
1345 5165 1456 5234 agit
1491 5179 1616 5218 cum
1648 5176 1856 5217 summa
1884 5176 1974 5216 sa-

399 5258 636 5327 pientia;
670 5271 779 5310 non
812 5266 935 5327 eget
965 5257 1036 5312 ob
1066 5257 1118 5310 id
1147 5257 1344 5326 ipsum,
1381 5255 1612 5310 consilio
1673 5255 1847 5307 multo
1871 5261 1966 5308 aut

401 5346 630 5418 provida
656 5361 811 5413 cura,
834 5347 928 5404 sed
959 5362 1055 5418 per
1077 5355 1377 5402 extremam
1415 5353 1470 5401 et
1509 5345 1752 5401 ultimam
1780 5345 1965 5413 inspe-

2048 3064 2158 3114 τεν,
2195 3065 2214 3098 ι
2251 3048 2366 3100 Οὐκ
2394 3046 2510 3114 εἰμὶ
2543 3045 2728 3107 ἱκανὸς
2756 3044 2914 3096 λῦσαι
2946 3044 3038 3096 τὸν
3086 3045 3289 3114 ἱμάντα
3341 3043 3434 3097 τοῦ
3490 3045 3637 3097 ὑπο-

2048 3140 2111 3210 δή
2122 3156 2287 3210 ματος
2301 3137 2484 3201 αὑτοῦ,
2499 3155 2518 3188 ι
2539 3137 2676 3207 ὅπερ
2706 3137 2868 3198 αὐτὸς
2884 3135 3247 3207 διηρώτησας,
3273 3137 3416 3189 κατά
3439 3135 3643 3204 διεινιςό⁶

2054 3248 2178 3304 ρους
2206 3230 2438 3301 θεωρίας
2462 3228 3240 3300 ὑπειλημμένηνεὑρίσκομεν.
3273 3230 3335 3282 υἱ
3373 3228 3470 3299 μὲν
3495 3230 3640 3300 γὰρ,

2050 3323 2111 3376 οῦ
2175 3322 2334 3393 μόνον
2364 3321 2682 3390 ἐγγύτερον,
2713 3315 2892 3388 οἶμαι,
2926 3318 3020 3372 τοῦ
3080 3319 3305 3382 σκοποῦ,
3350 3318 3484 3371 ἀλλά
3536 3321 3645 3371 καὶ

2051 3415 2266 3477 οἰκείως
2293 3415 2392 3485 τῆς
2422 3413 2643 3480 λέξεως,
2682 3411 2939 3482 ὑπόδημα
2958 3413 3052 3464 καὶ
3079 3411 3280 3481 ίμάντα
3317 3411 3415 3481 οὑχ
3439 3410 3644 3480 ἐτερόν

2052 3523 2106 3560 τι
2135 3506 2267 3577 παρ’
2297 3506 2326 3559 ὃ
2381 3505 2524 3559 κατά
2549 3503 2736 3576 κοινὴν
2778 3505 2972 3576 χρῆσιν
3005 3503 3239 3569 ἅπαντες
3281 3505 3480 3566 ἴσασιν,
3517 3502 3649 3556 ἀλλ’

2052 3601 2191 3654 αὐτά
2253 3601 2442 3652 ἐκεῖνα
2497 3600 2862 3668 νενομίκασι·
2897 3599 2993 3651 καὶ
3039 3597 3130 3650 τὸν
3177 3597 3491 3667 Βαπτιστὴν
3544 3596 3650 3650 διὰ

2054 3690 2258 3744 τούτων
2279 3689 2676 3758 ἀποφαίνεσθαι
2715 3689 2778 3742 τὸ
2800 3688 2924 3742 καθ’
2957 3688 3234 3760 ὑπεροχὴν
3255 3687 3349 3741 τοῦ
3371 3687 3648 3757 βαπτιζο-

2059 3783 2218 3854 μένου
2240 3781 2592 3853 ἀσύγκριτον.
2620 3781 2887 3834 Τοσοῦτον
2919 3781 3026 3852 γὰρ
3067 3782 3297 3845 ἐκεῖνον,
3324 3781 3479 3850 φησὶ,
3504 3797 3649 3834 συνο

2056 3873 2354 3942 επίσταμαι
2380 3874 2439 3925 ἐν
2465 3872 2712 3943 ὑπεροχῇ
2740 3869 3006 3940 μεγέθους
3048 3871 3144 3925 καὶ
3175 3869 3508 3939 ἀξιώματος,
3537 3869 3653 3942 οὐχ

2057 3965 2180 4020 ὅσον
2199 3966 2316 4018 ἐστὶ
2332 3964 2392 4018 τὸ
2411 3965 2573 4034 μέσον
2590 3961 2806 4017 δοῦλονει
2822 3964 2916 4016 καὶ
2928 3963 3219 4026 Δεσπότου,
3236 3961 3370 4015 ἀλλά
3385 3963 3475 4015 καὶ
3488 3961 3656 4027 εῐτις

2058 4057 2193 4128 ἄλλη
2221 4057 2455 4129 διαφορά
2493 4057 2589 4110 καὶ
2615 4056 2897 4118 διάστασις
2915 4054 3104 4126 μηδενὶ
3129 4055 3300 4125 ἑτέρῳ
3334 4053 3657 4124 ὑπερϐολὴν

2058 4147 2448 4203 ἀπολείπουσα·
2481 4146 2603 4201 οὐδὲ
2625 4145 2756 4217 γὰρ,
2787 4145 2894 4199 οὐδ’
2928 4147 3008 4208 εἰς
3028 4144 3126 4216 τὴν
3153 4145 3380 4198 ἁπασῶν
3403 4145 3658 4214 ἐσχάτην

2061 4239 2306 4294 δουλείαν
2344 4239 2491 4305 ἀξιον
2524 4240 2761 4310 ἐμαυτὸν
2792 4238 3083 4302 ἐτάζεσθαι
3129 4237 3322 4307 τίθημι
3345 4254 3359 4267 °
3394 4237 3655 4291 τοιοῦτον

2059 4332 2168 4402 γάρ
2216 4331 2298 4395 τὸ,
2340 4348 2359 4382 ι
2400 4330 2566 4384 Λύειν
2617 4330 2816 4400 ἱμάντα
2867 4326 2963 4380 τοῦ
3017 4326 3381 4397 ὑποδήματος.
3421 4345 3440 4378 ι
3475 4327 3540 4379 Ol
3583 4325 3656 4380 δὲ

2059 4422 2547 4492 άναγωγικώτερον
2606 4420 2756 4483 ἴσως,
2797 4419 3082 4488 ὑπόδημα
3133 4419 3232 4490 μὲν
3284 4420 3376 4472 τὸν
3434 4418 3659 4489 κόσμον

2061 4505 2684 4582 ὑποτίθενται,’ίμάντα
2714 4513 2770 4566 δὲ
2817 4512 2926 4565 τῶν
2968 4515 3025 4565 ἐν
3073 4511 3222 4583 αὐτῷ
3269 4511 3653 4582 θεωρημάτων

2061 4605 2162 4658 ὅσα
2217 4603 2544 4674 δυσεύρετον
2587 4603 2703 4674 ἔχει
2758 4603 2858 4672 τὴν
2899 4601 3226 4671 κατάληψιν,
3258 4600 3354 4655 καὶ
3405 4601 3497 4653 τὸν
3545 4600 3656 4669 τῆς

2065 4696 2292 4766 ἀγνοίας
2347 4695 2547 4765 δεσμὸν
2587 4696 2780 4748 ἄλυτον
2807 4711 2820 4725 ·
2871 4694 2930 4748 ὃν
2980 4687 3236 4764 ὑπόδημα
3279 4690 3493 4746 ποιοῦσι
3547 4688 3658 4744 τοῦ

2077 4787 2274 4858 Ἰησοῦ,
2304 4787 2387 4841 ὅτι
2417 4785 2710 4848 διαπαντὸς
2741 4784 2928 4847 αὑτοῦ,
2951 4784 3142 4854 φασὶν,
3178 4784 3213 4853 ή
3253 4781 3491 4852 Πρόνοια
3523 4781 3656 4833 δια-

2065 4880 2366 4952 πεφοίτηκε
2398 4920 2414 4945 ,
2465 4881 2562 4933 καὶ
2613 4878 2734 4932 ὅλον
2782 4878 2945 4931 αὑτὸν
2994 4877 3108 4947 ἔχει
3158 4872 3472 4945 περιλαϐὼν
3549 4872 3658 4925 καὶ

2069 4972 2312 5044 συνέχων
2342 4988 2358 5004 ·
2415 4971 2615 5042 μᾶλλον
2662 4971 2720 5025 δὲ
2768 4971 2890 5024 ποδὶ
2932 4968 3010 5039 τῷ
3064 4967 3249 5037 οἰκείῳ
3279 4964 3505 5020 διιθύνει
3551 4965 3664 5019 καὶ

2071 5067 2230 5138 φέρει
2263 5065 2560 5134 πανσόφως
2594 5081 2608 5095 ο
2644 5064 2945 5127 τουτέστιν,
2963 5061 3087 5115 οὐδὲ
3125 5060 3327 5130 πολλῆς
3355 5059 3529 5111 δεῖται
3548 5060 3663 5129 τῆς

2069 5159 2156 5211 ἐπ’
2177 5155 2327 5227 αύτῷ
2361 5155 2558 5227 βουλῆς
2583 5154 2680 5208 καὶ
2705 5153 2983 5224 προνοίας,
3002 5151 3138 5206 ἀλλά
3161 5150 3251 5204 διά
3274 5151 3372 5220 τῆς
3415 5148 3663 5218 ἐσχάτης

2072 5253 2166 5306 καὶ
2200 5251 2518 5314 τελευταίας
2542 5249 2852 5319 ἐπισκοπῆς
2868 5248 2930 5301 τὸ
2964 5245 3282 5318 τηλικοῦτον
3331 5243 3425 5297 καὶ
3457 5241 3662 5295 τοσοῦ-ι

2071 5361 2165 5398 τον
2191 5345 2448 5414 συντηρεῖ
2475 5360 2534 5398 τε
2564 5343 2660 5419 καὶ
2685 5341 2972 5413 διακοσμεῖ
3001 5337 3388 5412 φίλοτέχνημα.
3415 5333 3572 5406 Δῦτη
3596 5333 3666 5390 δὲ

1709 5519 1944 5579 γΑιιιιιΕ
1986 5519 2396 5579 LECTIONES.

501 5683 527 5712 ⁸
546 5687 610 5745 C.
645 5687 716 5742 Μ.
743 5687 847 5744 555
873 5687 909 5742 f.
933 5686 1002 5742 97
1027 5685 1234 5742 δούλου.
