3854 6216
236 270 334 339 981

1228 278 1330 338 AD
1359 273 1952 338 AMPHILOCHIUM
1980 254 2331 349 QUIESTIO‘
2352 274 2593 344 ccxvr.

3372 285 3481 353 982

229 410 355 461 ὅσον
404 404 647 476 κομψείᾳ
700 410 807 461 τινὶ
848 407 1277 480 διεσχηματίσθη
1328 412 1360 481 ή
1414 410 1682 482 περίνοια,
1713 379 1787 463 ἐλπ

1907 408 2166 474 ctionem,
2205 423 2342 478 opus
2369 410 2576 478 optimo
2601 413 2780 467 studio
2836 414 2906 469 ab
2950 415 3071 487 ipso
3114 417 3475 489 elaboratum,

229 496 508 561 τοσοῦτον,
534 494 710 568 οἶμαι,
730 500 829 568 τῆς
856 499 1087 568 ἀληθοῦς
1116 501 1321 564 ἐννοίας
1333 501 1807 571 διέστηκεν.’Έτε-

230 605 314 658 pot
339 589 399 641 δέ
429 606 575 652 τινες
604 589 883 658 ὑπόδημα
930 592 1027 660 μὲν
1058 592 1155 661 τὴν
1201 591 1399 660 σάρκα
1446 595 1807 662 σημαίνεσθαι

230 676 461 749 (ταύτην
510 680 619 750 γὰρ
651 682 680 732 ὁ
732 685 923 750 Λόγος
957 682 1151 746 ὑπέδυ,
1212 684 1398 753 φασίν)
1437 703 1450 716 ·
1485 685 1698 753 ἱμάντα
1748 687 1807 739 δὲ

222 772 607 843 γεγενημένην
639 775 747 825 τῶν
796 774 1009 842 φύσεων
1038 777 1174 846 πρὸς
1206 777 1440 845 ἀλλήλας
1491 778 1802 844 συνάφειαν,

222 865 290 931 ῆν
317 866 347 915 ό
384 864 699 935 Πρόδρομος
729 868 829 918 οὐκ
876 867 1159 937 ἀπετόλμα
1198 868 1369 932 λύειν,
1415 868 1523 921 οὐδ’
1553 870 1666 921 ὅσοι
1707 872 1805 938 τῆς

222 955 438 1007 ἐκείνου
465 956 815 1020 διδασκαλίας
838 960 1121 1029 κατήκοοι.
1153 960 1287 1012 Οὐδὲ
1323 960 1450 1030 γὰρ,
1498 961 1618 1013 οὐδὲ
1646 961 1804 1030 θεμι-

218 1043 313 1098 τὸν
343 1047 573 1110 ἀτόποις
619 1050 850 1112 ἐννοίαις
892 1053 1013 1104 κατ’
1074 1050 1210 1103 ἰδίαν
1247 1051 1451 1122 σχίζειν
1502 1052 1802 1105 ὑπόστασιν

217 1135 328 1188 ἀπὸ
361 1136 459 1189 τοῦ
480 1139 674 1208 Λόγου
702 1139 763 1191 τὸ
792 1140 1149 1211 πρόσλημμα.
1191 1142 1376 1195 Ἀλλοι
1408 1142 1465 1196 δὲ
1493 1142 1641 1211 παρά
1672 1142 1801 1196 τού-

216 1244 372 1293 τους,
412 1229 513 1299 οὐχ
547 1231 734 1294 ἁπλῶς
791 1234 890 1301 τὴν
922 1232 1140 1301 σάρκα,
1160 1235 1276 1287 ἀλλ’
1316 1235 1485 1306 αὐτὴν
1514 1234 1612 1307 τὴν
1652 1236 1802 1305 σάρ-

215 1330 436 1382 κωσιν,
470 1319 566 1372 καὶ
590 1320 687 1391 τὴν
712 1322 1188 1390 ἐνανθρώπησιν,
1233 1327 1514 1395 ὑπόδημα
1540 1331 1801 1399 νενοήκα-

216 1424 304 1461 σιν
332 1424 349 1437 ·
396 1409 642 1478 Ἰμὰντα
672 1410 749 1474 δὲ,
784 1414 845 1465 ού
898 1416 1195 1484 συνάφειαν
1241 1416 1478 1484 φύσεων,
1514 1416 1649 1469 ἀλλά
1690 1418 1799 1471 τῶν

212 1500 350 1570 περὶ
379 1501 485 1567 τὴν
526 1502 802 1572 σάρκωσιν
830 1505 925 1557 καὶ
971 1505 1071 1578 τὴν
1109 1507 1521 1580 ἐνανθρώπησιν
1554 1512 1794 1583 ἀπόρων,

210 1593 308 1644 καὶ
360 1591 661 1663 λογισμοὺς
710 1595 1084 1665 ἀνθρωπίνους
1136 1598 1595 1671 ὑπερϐεϐηκότων
1631 1644 1646 1668 ,
1703 1603 1794 1657 τὸν

211 1681 526 1752 σύνδεσμον
558 1680 666 1738 ’ὧν
689 1685 787 1755 τήν
817 1686 1065 1741 ἐπίλυσιν
1107 1691 1202 1742 καὶ
1234 1692 1556 1762 σαφήνειαν,
1586 1693 1685 1765 οὐχ
1715 1695 1794 1749 ὃτι

1914 500 2021 555 tale
2058 516 2182 554 cum
2212 500 2281 555 sit
2305 509 2360 555 et
2382 510 2614 568 tantum,
2669 516 2955 559 conservat
2979 517 3031 561 et
3060 498 3328 565 exornat.‘
3350 509 3478 568 Haec

1909 601 2087 646 autem
2114 592 2405 661 expositio,
2459 609 2568 662 quo
2606 596 2780 660 magis
2829 608 3025 653 ornatu
3076 602 3311 669 quodam
3364 605 3477 658 είῐί-

1907 683 2103 753 giatur,
2131 697 2217 748 eo,
2245 682 2463 751 opinor,
2483 683 2686 737 recedit
2717 684 2929 753 longius
2968 701 2996 739 a
3032 690 3275 745 veritatis
3299 692 3476 747 inten-

1908 772 2073 826 tione.
2106 774 2207 825 Alii
2246 782 2373 827 sunt
2407 774 2497 843 qui
2529 790 2626 843 per
2677 774 2930 841 calceum,
2989 779 3295 851 intelligunt
3358 802 3474 838 car-

1906 881 2022 917 nem
2050 866 2359 934 signillcari,
2389 881 2550 933 quam
2585 867 2842 920 nimirum
2871 869 2975 922 sibi
3005 871 3176 927 induit
3214 874 3473 940 Verbum;

1906 957 2190 1026 corrigiam
2227 966 2405 1010 autem
2447 966 2764 1010 naturarum
2820 957 3126 1014 adinvicem
3179 966 3472 1019 connexio-

1905 1063 2050 1113 nem,
2080 1064 2241 1117 quam
2279 1063 2620 1117 nequaquam
2655 1049 2745 1103 ille
2773 1048 3087 1106 Praecursor
3116 1054 3326 1109 solvere
3375 1072 3475 1110 au-

1905 1138 2081 1202 debat,
2134 1139 2335 1193 nedum
2387 1140 2649 1193 doctrina:
2699 1139 2875 1210 ipsius
2933 1144 3234 1200 auditores.
3289 1146 3476 1217 Neque

1903 1230 2045 1284 enim
2073 1230 2153 1284 fas
2216 1231 2523 1300 cuicunque
2571 1230 2675 1285 fuit
2723 1247 2815 1300 per
2866 1234 3130 1290 absurdas
3191 1238 3474 1307 opiniones

1903 1321 2172 1391 quaslibet
2239 1322 2453 1391 propria
2496 1322 2815 1376 auctoritate
2888 1325 3096 1380 solvere
3152 1327 3472 1397 hypostasin

1900 1414 2047 1468 illam
2089 1430 2249 1482 quam
2280 1414 2573 1483 assumpsit
2602 1414 2701 1468 sibi
2742 1415 2981 1471 Verbum.
3017 1417 3199 1488 Aliqui
3245 1421 3311 1474 ab
3352 1422 3473 1476 istis

1909 1507 2000 1561 alii
2024 1524 2130 1561 non
2163 1506 2487 1576 simpliciter
2533 1523 2761 1571 carnem,
2792 1508 2885 1562 sed
2915 1509 3087 1578 ipsam
3124 1519 3179 1565 et
3216 1512 3471 1565 incarna-

1904 1594 2115 1657 tionem,
2157 1601 2209 1646 et
2237 1592 2625 1647 humanitatem
2662 1604 2971 1664 susceptam
3023 1598 3257 1652 calceum
3296 1600 3469 1655 inter-

1901 1695 2187 1756 pretantur
2230 1704 2242 1739 :
2305 1688 2606 1756 corrigiam,
2660 1702 2770 1740 non
2814 1696 3131 1743 naturarum
3185 1692 3465 1755 unionem,

206 1776 370 1839 τινὰς
389 1776 502 1831 τῶν
523 1777 736 1830 πολλῶν
755 1781 967 1844 ἑαυτοῖς
1000 1783 1314 1853 ἐπιτρέπειν
1338 1784 1441 1855 χρὴ
1465 1786 1557 1839 καὶ
1577 1803 1729 1857 περιε
1737 1808 1787 1859 ρ-

1902 1778 1993 1835 sed
2016 1780 2377 1847 quaestionum
2418 1780 2631 1833 illarum
2663 1787 2717 1832 et
2768 1780 3079 1845 dubiorum,
3139 1798 3259 1851 quas
3319 1783 3467 1838 circa

206 1866 510 1933 γάζεσθαι,
543 1869 660 1923 ἀλλ’
690 1872 933 1940 ἀκριϐῶς
989 1876 1208 1928 κάκεῖνο
1242 1877 1691 1945 συνεπίστασθαι,
1716 1879 1793 1942 ὡς

205 1957 333 2009 οὐδὲ
363 1961 479 2021 τοῖς
501 1961 646 2013 κατά
688 1960 961 2034 Ἰωάννην,
998 1963 1054 2016 ἕν
1082 1982 1142 2017 τε
1190 1966 1387 2037 πράξει
1420 1969 1512 2021 καὶ
1565 1969 1788 2041 θεωρίᾳ,

204 2046 264 2099 τὸ
320 2047 532 2118 ὑψηλὸν
574 2055 669 2103 καὶ
701 2053 972 2125 μετέωρον
1016 2055 1251 2125 ἔχουσιν,
1280 2060 1340 2111 οὐ
1381 2061 1479 2129 μὲν
1526 2057 1619 2115 οὖν
1672 2063 1791 2115 οὐδὲ

202 2137 453 2202 τούτοις,
476 2139 585 2191 τῶν
640 2144 965 2213 ἀπορρήτων
992 2144 1019 2184 b
1050 2147 1271 2199 ἐκείνων
1318 2150 1379 2201 τὸ
1417 2150 1645 2219 κρύφιον
1694 2152 1790 2205 καὶ

198 2229 672 2302 δυσκατάληπτον
724 2236 804 2297 είς
851 2236 1052 2303 γνῶσιν
1114 2239 1385 2308 ἀφίκοιτο.
1428 2242 1601 2306 Αὐτὸς
1657 2244 1787 2313 γάρ,

199 2322 228 2373 ὁ
271 2338 294 2371 ι
338 2319 560 2384 Μείζων
589 2323 647 2375 ἐν
680 2330 954 2394 γεννητοῖς
987 2329 1282 2396 γυναικῶν,
1319 2350 1338 2383 ι
1373 2331 1441 2384 δι’
1475 2329 1549 2385 ὧν
1582 2333 1655 2404 μὴ
1695 2334 1788 2386 δύ-

200 2412 408 2467 νασθαι
464 2416 639 2470 λύειν
688 2419 798 2472 τὸν
834 2420 1047 2488 ἱμάντα
1099 2422 1436 2495 ὡμολόγησε,
1465 2427 1591 2497 μηδ’
1626 2428 1788 2481 αὑτὸν

201 2506 401 2558 ἰκανὸν
427 2505 495 2559 ἂν
524 2510 778 2576 γενέσθαι
814 2512 1141 2583 παρίστησιν
1176 2516 1245 2568 τὰ
1277 2516 1501 2570 τοιαῦτα
1524 2519 1630 2571 τῶν
1655 2521 1787 2572 ἀπο-

198 2591 479 2660 ρημὰτων
529 2596 911 2653 ἐπιλύσασθαι.
946 2601 1075 2653 Τίνα
1123 2603 1180 2655 δέ
1222 2604 1337 2656 ἐστι
1366 2603 1574 2671 ταῦτα;
1608 2606 1703 2671 Τίς
1749 2609 1781 2678 ἡ

198 2685 525 2753 τοῦἋόγου
581 2688 847 2757 κένωσις;
907 2693 1023 2756 πῶς
1071 2696 1098 2747 ό
1144 2694 1398 2766 Πλάστης
1443 2697 1655 2753 ἑνοῦται
1710 2699 1786 2770 τῷ

198 2775 530 2843 altissimi;
556 2778 828 2849 Παρθένος
867 2782 923 2835 δέ
954 2786 1071 2847 πῶς
1095 2785 1160 2839 ἂν
1192 2788 1363 2851 τέκοι,
1396 2790 1492 2842 καὶ
1539 2791 1636 2862 τὴν
1675 2793 1784 2847 τῶν

195 2864 419 2919 ὠδίνων
446 2867 599 2921 λύσιν
631 2875 902 2942 σφραγῖδα
951 2877 1049 2946 τῆς
1081 2878 1410 2947 παρθενείας
1457 2884 1780 2953 ποιήσαιτο;

196 2957 327 3020 πῶς
350 2958 519 3027 ὄγκον
547 2961 685 3031 ἔχων
722 2966 750 3017 ό
778 2966 966 3038 Σωτὴρ
994 2969 1087 3022 καὶ
1123 2972 1301 3041 σῶμα,
1340 2972 1614 3043 θαλάσσης
1640 2976 1782 3030 νῶτα

193 3048 489 3121 διέτρεχε;
520 3053 635 3117 πῶς
665 3055 723 3108 δὲ
762 3058 915 3128 τάφῳ
962 3061 1054 3112 καὶ
1080 3062 1347 3134 κλείθροις
1383 3066 1476 3118 καὶ
1523 3072 1783 3138 σφραγῖσι

195 3143 527 3213 περιέχεται
562 3147 806 3212 ;τούτων
836 3152 892 3204 δέ
932 3153 1089 3208 πάλιν
1119 3156 1393 3226 ἀκινήτων
1441 3160 1782 3232 φυλαττομέ-

195 3252 312 3287 νων
356 3235 572 3289 ὲκεῖθεν
633 3242 993 3312 προέρχεται;
1039 3239 1156 3297 εἶτα
1206 3246 1261 3298 δὲ
1297 3248 1390 3300 καὶ
1447 3248 1554 3301 τῶν
1606 3251 1783 3323 θυρῶν

194 3326 618 3398 κεκλεισμένων
662 3332 743 3394 είς
776 3333 974 3402 μέσους
1019 3337 1145 3399 τοὺς
1191 3338 1462 3407 μαθητὰς,
1502 3342 1639 3411 μετά
1688 3343 1781 3396 τοῦ

192 3421 373 3474 αὑτοῦ
410 3422 684 3493 σώματος,
717 3429 1097 3497 ἐπιφαίνεται;
1130 3435 1222 3484 καὶ
1265 3433 1478 3503 πληγὰς
1522 3436 1614 3488 καὶ
1639 3437 1781 3507 τρώ-

195 3533 319 3578 σεις
342 3516 441 3568 τοῦ
467 3517 713 3583 ἀπαθοῦς
740 3523 832 3573 καὶ
859 3522 1138 3593 ἀφθάρτου
1156 3523 1307 3593 ὄψεις
1336 3525 1661 3597 ἐξερευνῶσι
1688 3529 1782 3583 καὶ

193 3608 497 3675 δάκτυλος
531 3609 733 3681 βρῶσις
779 3612 836 3665 δὲ
880 3615 972 3666 καὶ
1024 3614 1181 3680 πόσις
1222 3616 1298 3686 τῷ
1343 3618 1635 3689 ἀπροσδεεῖ
1688 3621 1782 3674 καὶ

194 3700 457 3771 ἀρεύστῳ
477 3713 501 3742 ο
532 3703 647 3766 πῶς
672 3703 738 3757 ἄν
767 3722 850 3767 τις
869 3705 1507 3780 ἐξείποιζδιαπράττεσθαι
1530 3710 1776 3780 σώματι;

194 3791 427 3846 τούτων
476 3788 569 3846 οὖν
624 3795 716 3849 καὶ⁵
765 3796 872 3849 τῶν
914 3798 1170 3853 τοιούτων
1228 3801 1443 3872 δεσμῶν
1492 3804 1592 3855 οὐκ
1634 3803 1780 3858 ἔστιν

193 3884 348 3946 ὅστις
393 3885 496 3954 οὐχ
525 3886 607 3938 ὅτι
642 3886 751 3940 τῶν
800 3889 1011 3943 πολλῶν
1054 3894 1148 3945 καὶ
1194 3895 1484 3964 τυχόντων,
1519 3894 1632 3948 ἀλλ’
1666 3897 1777 3949 οὐδ’

194 3974 359 4038 εἴτις
379 3977 462 4039 είς
492 3977 593 4047 τήν
628 3977 724 4031 τοῦ
764 3979 1079 4053 Προδρόμου
1119 3985 1270 4056 διέϐη
1300 3985 1600 4049 τελείωσιν,
1627 3988 1779 4041 οὐδὲν

196 4069 392 4136 σαφῶς
435 4070 535 4122 καὶ
583 4071 838 4142 καθαρῶς
895 4075 1231 4131 ἐπιλύσεται.
1280 4078 1418 4130 Ἀλλ’
1452 4079 1638 4149 ἕτερος
1681 4081 1780 4149 μὲν

196 4161 327 4223 ίσως
360 4161 556 4231 ἐτέρου
602 4166 713 4225 τοῖς
773 4166 1067 4236 ἀκροαταῖς
1095 4168 1212 4238 ἐρεῖ
1236 4186 1289 4221 τι
1315 4170 1781 4241 ψυχαγωγικώτε-

198 4270 312 4320 ρον,
346 4253 561 4324 καὶτῆς
594 4256 795 4326 πολλῆς
816 4259 1051 4331 ἀπορίας
1073 4261 1421 4332 παραμύθιον
1437 4278 1451 4292 ο
1473 4264 1506 4333 ή
1530 4262 1586 4315 δὲ
1609 4261 1779 4331 χωρὶς

196 4343 489 4414 ἐσόπτρων
520 4345 617 4397 καὶ
638 4348 975 4416 αἰνιγμάτων
1018 4350 1078 4402 ἐν
1130 4349 1342 4415 τούτοις
1388 4352 1634 4421 ἀλήθεια,
1670 4351 1778 4403 τῶν

1895 1870 2288 1924 humanitatem
2324 1871 2377 1923 in
2406 1885 2567 1924 carne
2603 1881 2929 1940 susceptam,
2973 1872 3272 1941 agitantur,
3341 1876 3465 1929 vin-

1894 1963 2073 2018 culum
2104 1971 2157 2015 et
2196 1962 2572 2027 annexionem,
2605 1979 2726 2031 qua:
2754 1972 2986 2017 mentem
3015 1980 3233 2017 onmem
3260 1964 3463 2020 buma-

1892 2068 2017 2105 nam
2045 2052 2201 2122 longe
2236 2062 2491 2120 superent
2526 2070 2539 2105 :
2568 2068 2795 2122 quarum
2829 2054 3191 2122 quaestionum
3240 2056 3468 2111 solutio-

1892 2160 2015 2199 nem
2047 2154 2099 2198 et
2129 2145 2563 2212 explicationem,
2598 2160 2703 2197 non
2741 2143 2908 2213 aliqui
2935 2160 2965 2199 e
2997 2145 3157 2215 vulgo
3188 2146 3289 2199 sibi
3314 2162 3467 2200 arro-

1891 2251 2018 2305 gare
2081 2236 2314 2300 debent,
2368 2247 2460 2289 aut
2512 2234 2785 2290 curiosius
2837 2236 2983 2289 circa
3074 2238 3291 2291 easdem
3346 2253 3467 2291 ver-

1892 2330 1998 2386 sari
2035 2369 2049 2395 ,
2107 2330 2198 2383 sed
2248 2329 2378 2381 illud
2428 2329 2697 2397 exquisite
2765 2328 3037 2397 imprimis
3092 2343 3462 2397 cognoscere,

1887 2423 2031 2493 quod
2081 2438 2178 2475 nec
2227 2420 2449 2475 Joannis
2515 2430 2826 2482 sectatores,
2900 2420 2992 2489 qui
3051 2420 3105 2474 in
3157 2421 3372 2474 actione
3407 2426 3463 2473 et

1889 2515 2337 2583 contemplatione
2406 2514 2633 2567 sublime
2700 2513 2829 2582 quid
2889 2520 2942 2565 et
2982 2513 3259 2567 excelsum
3305 2511 3463 2566 habe-

1888 2607 2038 2671 bant,
2073 2607 2385 2660 abscondita
2410 2607 2522 2659 haec
2550 2615 2604 2659 et
2636 2606 2723 2658 vix
2755 2604 3292 2673 comprehensibilia,
3312 2610 3461 2657 certe

1888 2700 2303 2768 inexplicabilia.
2342 2698 2727 2766 intelligebant.
2765 2696 2884 2763 Ipse
2917 2714 2936 2746 ‹
2978 2694 3148 2763 Major
3178 2695 3319 2748 inter
3340 2708 3457 2746 om-

1886 2804 1982 2843 nes
2009 2803 2039 2842 e
2068 2788 2385 2842 mulieribus
2415 2796 2591 2851 natos,
2625 2805 2644 2836 ι
2684 2801 2806 2839 cum
2838 2785 3119 2853 prolitetnr
3152 2801 3210 2839 se
3241 2785 3459 2839 solvere

1886 2880 2161 2948 indignum
2192 2896 2311 2934 esse
2338 2880 2620 2948 corrigiam
2657 2879 2838 2943 calcei,
2879 2877 3067 2931 eodem
3100 2886 3225 2930 actu
3284 2891 3458 2946 agno-

1885 2973 1988 3028 scit
2023 2988 2129 3026 non
2160 2986 2321 3041 posse
2355 2986 2411 3024 se
2480 2970 2746 3039 ejusmodi
2803 2964 2995 3023 dubias
3051 2968 3259 3021 solvere
3308 2982 3458 3035 quaa-

1887 3064 2108 3119 stiones.
2146 3064 2209 3117 At
2241 3076 2490 3132 quaenam
2524 3062 2628 3115 illm
2667 3058 2833 3113 sunt?
2860 3058 3117 3124 Quaenam
3145 3056 3310 3111 Verbi
3335 3057 3453 3110 exi-

1887 3154 2145 3209 nanitio?
2175 3155 2374 3207 Rerum
2408 3152 2671 3206 Conditor
2714 3164 2823 3219 quo
2886 3157 3043 3217 pacto
3097 3148 3173 3200 rei
3222 3145 3455 3201 conditae

1885 3247 2180 3302 adunitur?
2218 3261 2324 3316 quo
2374 3253 2532 3314 pacto
2571 3243 2837 3311 pepererit
2906 3240 3089 3309 Virgo,
3147 3249 3200 3292 et
3251 3247 3443 3306 partus

1883 3338 2131 3391 dolorum
2166 3336 2510 3398 solutionem,
2531 3333 2765 3402 sigillqu
2799 3332 3046 3385 adhibuit
3076 3328 3448 3395 virginitatis?

1883 3429 2153 3501 quomodo
2206 3428 2480 3491 Servatur,
2514 3426 2605 3495 qui
2665 3424 2877 3493 pondus
2916 3430 2969 3475 et
3001 3436 3198 3490 corpus
3243 3418 3452 3484 habuit,

1884 3522 2048 3576 maris
2082 3531 2293 3590 tergora
2340 3534 2504 3573 cursu
2562 3514 2907 3587 peragravit?
2956 3515 3227 3583 quomodo
3276 3510 3454 3579 sepul-

1883 3630 1998 3680 cro,
2020 3613 2272 3669 claustris
2289 3620 2342 3664 et
2358 3609 2546 3679 sigillis
2571 3608 2855 3662 tenebatur
2881 3604 3125 3657 inclusus
3140 3603 3162 3656 ?
3175 3611 3229 3657 et
3258 3602 3448 3655 iisdem

1884 3706 2014 3775 ipsis
2054 3704 2292 3757 immotis
2328 3699 2632 3761 custoditis,
2668 3698 2791 3751 inde
2828 3694 3151 3767 egreditur?
3178 3692 3451 3763 quomodo

1842 3784 1845 3787 λ
1882 3796 2073 3851 deinde
2104 3795 2258 3849 ostiis
2290 3793 2493 3847 clausis
2520 3791 2575 3844 in
2622 3789 2860 3844 medium
2886 3786 3151 3854 processit
3203 3785 3448 3854 discipu—

1879 3886 2078 3948 lorum,
2104 3900 2227 3939 cum
2260 3887 2448 3938 eodem
2482 3879 2753 3948 corpore?
2801 3876 3076 3947 quomodo
3110 3874 3317 3943 plagas,
3361 3875 3447 3925 in-

1879 3974 2022 4030 ﬂicta
2058 3976 2280 4030 vulnera
2332 3970 2689 4041 impassibilis
2728 3967 2979 4036 corporis
3015 3973 3068 4019 et
3122 3963 3447 4030 incorrupti-

1880 4065 2025 4133 bilis,
2059 4065 2200 4119 oculi
2243 4072 2297 4118 et
2325 4063 2475 4132 digiti
2530 4059 2983 4131 perscrutantur?
3039 4055 3324 4124 Quomodo
3375 4054 3449 4109 ci-

1880 4158 1981 4212 bus
2010 4167 2063 4210 et
2091 4166 2249 4225 potus
2280 4152 2563 4209 conferent
2637 4166 2742 4205 non
2799 4151 3081 4220 indigenti,
3114 4163 3214 4202 nec
3270 4146 3438 4200 ﬂuido

1880 4248 2115 4318 corpori,
2146 4246 2271 4317 quis
2330 4255 2509 4299 autem
2540 4244 2688 4298 etl'ari
2716 4242 2931 4311 petest?
2973 4238 3098 4294 Haec
3148 4247 3328 4292 autem
3389 4245 3445 4291 et

1880 4342 2076 4397 similia
2106 4340 2342 4405 vincula,
2374 4353 2555 4400 nemo,
2599 4352 2707 4390 non
2744 4335 2929 4388 di-xero
2960 4348 2990 4387 e
3046 4332 3207 4401 vulgo
3268 4330 3445 4385 homi-

194 4438 250 4489 ἐν
282 4437 391 4507 βίῳ
422 4439 644 4491 πάντων
674 4440 874 4509 ὁμοίως
918 4441 1364 4511 ἀποκεχώρηκεν.
1411 4420 1570 4496 Ἀλλὰ
1604 4441 1775 4495 ταῦτα

1890 4450 2010 4488 num
2044 4446 2097 4489 et
2128 4433 2260 4487 laece
2300 4430 2631 4500 promiscua,
2665 4428 2756 4482 sed
2786 4441 2851 4479 ne
2884 4424 3102 4494 quidem
3138 4424 3183 4477 si
3209 4423 3275 4477 ad
3302 4420 3446 4476 Prm-

196 4531 292 4597 μέν
322 4546 411 4581 σοι
437 4529 549 4582 τῶν
576 4531 717 4583 κατά
746 4532 968 4603 μνήμην
997 4534 1316 4604 σωζομένων
1344 4531 1496 4604 οἶμαι
1531 4534 1601 4587 τά
1631 4535 1773 4598 ἀξιο-

192 4622 461 4695 λογότερα
498 4622 714 4694 ἔγραψα
740 4639 753 4652 ·
800 4627 863 4677 σὺ
894 4624 939 4677 δ’
961 4626 1245 4697 ἐπικρίνας
1269 4627 1517 4698 στέργοις
1533 4627 1593 4679 τὸ
1617 4628 1775 4695 ἄμει-

194 4733 302 4769 νον.
346 4714 411 4769 Εἰ
441 4715 490 4769 δ’
514 4715 774 4786 ἐρυθριᾷς
802 4716 899 4787 τὴν
926 4716 1130 4786 κρίσιν,
1185 4717 1297 4786 ἐγώ
1330 4736 1412 4772 σοι
1458 4719 1520 4771 τὸ
1558 4718 1773 4788 πρῶτον

195 4809 289 4862 καὶ
333 4809 399 4863 τὸ
432 4808 742 4863 τελευταῖον
778 4809 886 4863 τῶν
929 4811 987 4862 ἐν
1017 4810 1166 4880 μέσῳ
1208 4811 1528 4881 προτίθημι.
1573 4811 1647 4863 Τὸ
1676 4811 1774 4881 μὲν

195 4898 301 4968 γὰρ
333 4898 432 4952 καὶ
461 4898 562 4967 τῆς
604 4899 909 4962 ὑποθέσεως
946 4902 1040 4953 καὶ
1076 4900 1185 4952 τῶν
1220 4901 1479 4970 ῥημάτων
1500 4901 1646 4953 ἐστὶν
1694 4903 1773 4954 ol-

198 4994 519 5043 κειότατονο
578 4991 639 5044 τὸ
692 4992 748 5044 δὲ
807 4991 1119 5045 τελευταῖον
1171 4991 1279 5045 τῶν
1331 4994 1470 5045 κατὰ
1542 4993 1776 5065 θεωρίαν

199 5083 453 5153 εὑρήσεις
476 5083 901 5153 ἀναλογὼτερον.
942 5087 1213 5156 Ἐῥρωσο.

1880 4525 2123 4580 cursoris
2176 4520 2561 4594 perfectionem
2622 4518 2925 4573 ascenderit
2979 4516 3215 4584 aliquis,
3264 4513 3442 4583 plane,

1880 4617 2043 4681 clare,
2069 4625 2122 4669 et
2149 4615 2432 4684 perspicue
2468 4612 2691 4667 solverit
2726 4629 2740 4664 ι
2779 4610 2890 4663 ﬁeri
2920 4617 3100 4662 autem
3150 4614 3347 4675 potest,
3380 4613 3441 4657 ut

1881 4723 2023 4761 unus
2044 4707 2234 4773 altero,
2271 4707 2410 4774 apud
2443 4704 2740 4767 auditores,
2769 4701 2898 4771 quid
2945 4699 3119 4769 magis
3147 4698 3214 4751 ad
3249 4698 3445 4750 animae

1881 4801 2144 4863 solamen,
2172 4799 2391 4861 dixerit,
2424 4799 2553 4852 etin
2584 4795 2915 4850 ditlicultatis
2972 4789 3288 4858 multiplicis
3343 4804 3442 4843 ex-

1879 4891 2204 4962 peditionem
2237 4907 2250 4943 :
2283 4890 2482 4943 veritas
2507 4896 2685 4942 autem
2719 4886 2772 4939 in
2796 4885 2916 4939 istis
2957 4883 3073 4937 sine
3105 4879 3339 4950 speculis
3387 4888 3445 4934 et

1880 4983 2186 5051 aanigmatis
2219 4982 2359 5035 ultra
2392 4982 2561 5049 ipsius
2619 4979 2743 5032 vita:
2797 4977 3061 5030 terminos
3112 4984 3440 5029 removetur.

1882 5076 2057 5145 Atque
2094 5077 2163 5128 ita
2224 5074 2316 5129 tibi
2355 5087 2540 5128 earum
2572 5070 2971 5140 expositionum
3020 5082 3141 5137 quae
3182 5067 3445 5120 mandan-

1884 5177 1971 5221 tur
2000 5165 2304 5230 memoriae,
2344 5165 2641 5234 praecipuas
2681 5162 2950 5215 enarravi.
2994 5159 3096 5223 ’l'u,
3148 5159 3285 5213 facta
3312 5158 3428 5211 dis-

200 5258 475 5323 cussione,
512 5260 775 5328 optimam
808 5261 1154 5331 amplectere.
1185 5262 1339 5328 Quod
1402 5262 1449 5318 si
1502 5259 1765 5331 judicium
1827 5259 2170 5326 interponere
2236 5256 2642 5320 verecunderis,
2674 5270 2774 5325 ego
2803 5255 3039 5324 primam
3075 5262 3240 5321 atque
3304 5250 3431 5303 ulti-

205 5370 343 5407 mam
386 5355 598 5406 caateris
626 5368 907 5424 praepono.
955 5352 1090 5408 Nam
1112 5370 1301 5409 earum
1369 5370 1477 5408 una
1532 5368 1658 5407 cum
1718 5358 2038 5419 argumento
2077 5350 2345 5419 subjecto,
2410 5356 2633 5402 etcum
2702 5347 2883 5402 verbis
2946 5348 3205 5417 majorem
3276 5341 3438 5396 habet

204 5442 556 5508 adfinitatem;
608 5452 937 5510 postremam
967 5446 1203 5515 reperies
1237 5443 1410 5515 magis
1432 5444 1497 5498 ad
1523 5440 2001 5511 contemplationis
2036 5440 2345 5511 analogiam
2379 5438 2692 5497 facientem.
2734 5436 2879 5495 \ale.

1512 5596 1744 5654 VARLE
1770 5594 2168 5651 LECTIONES.

274 5715 302 5755 ¹³
324 5717 387 5783 C,
427 5717 497 5774 Μ.
527 5715 975 5789 ἀπορρηθέντων.

1058 5727 1080 5757 ε
1119 5715 1220 5788 leg.
1252 5712 1558 5787 ἀρρεύστῳ.
1590 5710 1653 5769 C.
1677 5709 1749 5767 Μ.
1789 5709 2085 5782 ἐναρέστῳ.
