3854 6216
395 248 498 312 983

501 365 829 434 QUAESTIO
878 367 1106 422 CCXVII
1143 366 1351 440 [CoisL
1377 367 1657 436 CCXLVI,
1692 369 1854 424 Taur.

974 460 1304 515 ccxxxvn
1335 461 1372 532 ι.

775 551 853 606 De
905 551 1203 620 cli/Ieremia
1258 553 1567 622 imaginum.

1544 257 1804 317 PIIO’I‘II
1853 259 2350 320 PATRIARCHIE
2380 260 2487 322 CP.

3510 259 3597 324 984

2573 369 2902 424 ΕΡΩΤΠΣΙΣ
2945 367 3083 426 ΣΙΖ⁹.

2448 546 2586 615 Περὶ
2635 546 2921 616 διαφορᾶς
2947 547 3215 603 εἰκόνων.

1251 665 1393 716 Edita
1416 682 1443 716 a
1469 667 1765 717 Montacutio
1791 667 1896 731 (ep.
1931 664 2040 728 154,
2066 666 2125 715 ad
2155 666 2294 716 Joan.
2317 665 2563 729 Spatbar.,
2592 681 2640 731 p.
2664 668 2770 728 l78,
2799 667 2930 728 180).

465 774 579 829 Non
603 775 842 832 detrahit
873 778 1080 850 aliquid
1139 777 1343 833 Christi
1401 779 1645 850 imagini,
1699 781 1746 837 si
1784 778 1954 836 Filius

2128 777 2291 830 Οὐδὲν
2318 778 2630 848 λυμῄνεται
2659 781 2723 851 τῇ
2768 777 2934 832 εικόνι
2964 775 3201 849 Χριστοῦ
3221 819 3237 842 ,
3277 777 3338 832 τὺ
3364 779 3595 848 λέγεσθαι

395 869 607 922 dicatur
652 885 776 923 vera
799 868 982 925 Patris
1010 871 1209 940 imago,
1252 879 1368 935 aut,
1397 871 1561 926 homo
1607 888 1733 928 vere
1781 871 1957 928 factus

395 959 462 1012 ad
497 961 781 1030 imaginem
813 961 906 1016 Dei
938 979 952 1015 :
992 978 1059 1017 ne
1083 971 1197 1017 tum
1247 963 1294 1018 si
1352 963 1679 1020 aﬁirmamus
1729 950 1824 1020 eos
1865 964 1960 1034 qui

397 1051 696 1103 secundum
734 1051 989 1105 virtutem
1035 1052 1240 1118 vivunt,
1269 1053 1335 1108 ad
1366 1069 1548 1109 veram
1586 1054 1787 1109 Christi
1825 1055 1962 1109 ima-

399 1139 577 1206 ginem
610 1137 962 1194 conformari.
993 1139 1109 1195 Non
1139 1143 1286 1196 enim
1314 1155 1372 1197 ut
1396 1146 1711 1199 traducatur
1765 1143 1960 1211 imagi-

396 1229 484 1281 nis
501 1229 807 1295 artiﬁcium,
825 1231 926 1284 hoc
943 1231 1140 1287 dicitur
1158 1251 1173 1297 ;
1199 1249 1306 1287 non
1320 1244 1377 1288 ut
1394 1235 1728 1290 mendacium
1747 1234 1965 1304 imagini

397 1321 686 1375 aﬁ‘ricetur:
707 1323 798 1377 sed
815 1332 870 1376 ut
885 1324 971 1378 illa
989 1340 1108 1394 qua:
1123 1325 1699 1382 interceditdiversitas
1712 1326 1970 1397 intelliga-

397 1421 503 1463 tur.
518 1409 631 1465 Non
645 1413 788 1466 enim
803 1429 926 1469 cum
950 1414 1144 1470 Filium
1166 1433 1344 1472 veram
1361 1417 1678 1487 sapientiam
1705 1419 1956 1472 nomina-

396 1517 537 1567 mus,
565 1503 888 1571 sapientiam
915 1520 946 1559 a
964 1506 1176 1561 divinis
1197 1508 1432 1563 oraculis
1460 1509 1834 1575 eliminamus;
1859 1509 1954 1564 Sed

394 1608 495 1647 nec
521 1610 645 1648 cum
673 1595 848 1652 lucem
886 1613 1093 1661 veram,
1127 1601 1292 1654 vitam
1321 1616 1525 1667 veram,
1557 1601 1811 1664 dicimus,
1863 1599 1952 1654 lu-

395 1699 517 1737 men
546 1687 722 1740 solare
747 1697 841 1743 aut
874 1689 1036 1744 vitam
1082 1691 1170 1746 hic
1237 1700 1499 1757 nostram,
1552 1693 1722 1747 multo
1772 1691 1952 1746 minus

397 1774 542 1830 illam
579 1777 838 1847 futuram,
868 1780 1102 1836 falsaria:
1129 1782 1492 1846 subsistentia:
1523 1783 1679 1837 inniti
1707 1782 1949 1837 insinua-

394 1880 540 1918 mus.
571 1865 774 1922 Eodem
810 1869 971 1924 modo
995 1881 1050 1924 et
1077 1885 1201 1924 cum
1245 1870 1441 1925 Filium
1504 1874 1818 1942 proﬁtemur
1862 1885 1952 1926 ve—
1978 1857 2026 1916 Β

393 1970 509 2008 ram
537 1956 848 2028 imaginem,
873 1975 978 2014 non
1015 1961 1133 2016 illas
1158 1962 1439 2033 imagines,
1461 1978 1581 2032 quae
1595 1978 1753 2018 suum
1773 1971 1952 2016 ortum

396 2048 464 2101 ab
519 2051 822 2105 imitatione
876 2054 1201 2120 sortiuntur,
1249 2054 1302 2108 in
1357 2054 1764 2110 mendaciorum
1815 2056 1956 2110 ordi-

397 2156 519 2194 nem
570 2141 887 2212 rejicimus;
925 2148 1301 2202 tantummodo
1376 2146 1731 2203 diﬁerentiam
1791 2135 1951 2219 quam

395 2231 486 2284 illa
526 2234 592 2288 ad
631 2235 764 2290 istas
796 2236 958 2292 habet
987 2253 1082 2304 per
1096 2255 1379 2296 excessum
1401 2241 1790 2310 signiﬁcamus.
1814 2242 1953 2296 Audi

397 2323 562 2393 igitur
629 2326 799 2381 ﬁlium
869 2330 1133 2395 tonitrus,
1187 2331 1639 2400 quemadmodum
1709 2331 1839 2399 ille,
1887 2333 1956 2386 de

395 2417 535 2470 caalo
563 2416 836 2482 intonans,
866 2420 1022 2474 nobis
1054 2423 1214 2476 talem
1241 2422 1528 2476 verborum
1557 2438 1779 2478 sensum
1827 2438 1956 2494 sug-

398 2508 552 2577 gerit.
582 2506 884 2580 Utrumque
929 2522 1094 2578 certe,
1132 2513 1187 2568 in
1215 2529 1302 2579 eo,
1377 2533 1397 2566 ι
1431 2516 1656 2586 gratiam
1681 2531 1782 2585 pro
1836 2532 1959 2587 gra-

396 2601 470 2653 tia
496 2602 562 2665 °',
603 2620 622 2653 ι
662 2617 860 2658 novum
895 2613 947 2660 et
976 2617 1170 2672 vetus;
1201 2622 1310 2662 uno
1332 2609 1522 2662 eodem
1563 2608 1749 2679 gratia:
1799 2609 1957 2665 titulo

395 2693 706 2760 appellans;
757 2695 904 2748 addit
969 2697 1165 2752 deinde
1211 2699 1586 2765 eminentiam,
1643 2702 1734 2756 ubi
1790 2719 1954 2758 unum

396 2799 519 2837 cum
553 2785 724 2839 altero
757 2797 1055 2856 comparat,
1085 2807 1105 2840 ι
1151 2788 1286 2854 Lex,
1318 2789 1570 2861 inquiens
1610 2807 1705 2861 per
1736 2793 1953 2864 Moysen

395 2867 650 2940 dabatur,
691 2876 860 2945 gratia
890 2887 1068 2931 autem
1099 2885 1154 2932 et
1182 2879 1382 2934 veritas
1429 2895 1525 2950 per
1556 2878 1743 2934 Jesum
1799 2881 1958 2935 Chri-

397 2974 541 3019 stum
577 2967 641 3020 “.
673 2985 691 3015 ι
725 2966 1008 3023 Manifeste
1060 2979 1225 3038 patet,
1285 2970 1431 3040 quod
1491 2987 1615 3026 cum
1665 2972 1735 3026 ita
1790 2973 1953 3039 dicat,

397 3071 496 3110 nec
519 3057 748 3126 gratiam
775 3074 873 3114 nec
899 3060 1177 3115 veritatem
1211 3077 1242 3116 a
1273 3061 1508 3118 Mosaica
1535 3063 1650 3131 lege
1683 3063 1954 3132 abscidit},

397 3149 511 3214 ipse
553 3150 696 3203 enim
733 3150 822 3206 ille
861 3151 962 3206 fuit
1028 3154 1123 3223 qui
1173 3155 1335 3223 paulo
1396 3157 1546 3222 prius
1595 3156 1957 3225 appellatione

395 3241 580 3307 gratim
609 3242 779 3307 ipsam
822 3242 1158 3313 insignierat.
1197 3245 1302 3299 Sed
1334 3261 1430 3300 nec
1480 3247 1818 3303 mendacium
1876 3249 1951 3302 illi

397 3332 644 3402 imputat.
681 3333 799 3388 Non
848 3337 992 3390 enim
1029 3338 1082 3391 in
1144 3341 1530 3396 contumeliam
1594 3352 1688 3398 aut
1741 3344 1952 3398 crimen

398 3421 532 3489 legis
561 3423 764 3476 dictum
797 3424 949 3487 illud,
983 3445 1001 3477 ι
1034 3425 1222 3482 Gratia
1265 3440 1450 3484 autem
1506 3441 1556 3486 et
1604 3432 1806 3488 veritas
1861 3449 1958 3502 per

395 3510 580 3566 Jesum
609 3513 884 3569 Christum
917 3515 1040 3580 fuit,
1071 3536 1090 3568 ι
1122 3519 1461 3594 Evangelicis
1485 3523 1711 3578 sancitis
1736 3523 1959 3594 adapta-

397 3605 556 3658 batur
598 3605 914 3674 (Heracleon
964 3609 1037 3664 ita
1071 3611 1294 3677 diceret,
1323 3605 1378 3668 et
1415 3613 1766 3670 Heracleonis
1813 3616 1953 3684 ﬁlii),

396 3696 489 3750 scd
522 3697 766 3764 profecto
800 3699 972 3768 magis
995 3699 1260 3756 illustrem
1287 3710 1344 3756 et
1396 3704 1688 3772 perfectam
1738 3705 1956 3761 Domini

403 3787 858 3860 magniﬁcentiam
887 3792 1170 3847 ostendere
1194 3791 1378 3848 volens
1415 3809 1578 3864 quam
1627 3795 1816 3851 habuit
1845 3797 1953 3851 Lex

392 3892 489 3946 pcr
527 3876 746 3948 Moysen
786 3879 933 3945 data,
955 3882 1193 3951 generali
1228 3882 1320 3938 illo
1375 3885 1596 3938 nomine
1650 3883 1850 3940 Gratia:
1902 3895 1956 3942 et

393 3971 628 4024 veritatis
678 3972 992 4040 complexus
1021 3983 1122 4030 est.
1173 3975 1314 4043 Quin
1367 3986 1422 4031 et
1484 3978 1702 4034 divinus
1751 3977 1953 4033 Paulus

373 4077 517 4122 ,r-um
565 4062 716 4128 dixit,
758 4081 778 4114 ι
813 4061 1069 4118 Umbram
1106 4066 1312 4122 habens
1357 4066 1442 4121 lex
1491 4067 1803 4123 futurorum
1856 4069 1955 4123 bo-

394 4168 612 4218 norum,
649 4153 771 4222 noni
803 4155 973 4224 ipsam
1021 4156 1312 4226 imaginem
1364 4173 1568 4224 rerum,
1600 4177 1620 4210 ι
1658 4158 1829 4228 legem
1868 4169 1954 4231 ty-

396 4260 524 4314 pum
566 4255 618 4299 et
648 4244 938 4314 imaginem
978 4263 1100 4303 esse
1144 4247 1450 4304 futurorum
1509 4250 1796 4316 bonorum,
1843 4267 1953 4304 non

395 4337 744 4406 praedicavit;
797 4338 889 4392 sed
939 4339 1204 4407 imprimis
1253 4355 1347 4408 per
1395 4341 1682 4395 verborum
1739 4341 1951 4395 illorum

398 4441 662 4493 tenorem,
715 4429 908 4484 docere
961 4431 1133 4484 voluit
1165 4431 1346 4499 potius
1384 4432 1633 4501 gratiam,
1673 4448 1836 4502 quam
1875 4433 1952 4488 le-

2062 871 2155 923 τὸν
2191 870 2316 924 Υίὺν
2355 871 2613 943 ἀληθινὴν
2679 872 2863 926 εἰκόνα
2911 871 3004 925 τοῦ
3039 870 3269 942 Πατρός,
3308 871 3342 943 ἢ
3372 873 3463 926 τὸν
3512 875 3599 927 άν-

2068 959 2282 1030 θρωπον
2309 959 2521 1031 άληθῶς
2551 961 2672 1014 κατ’
2719 961 2901 1015 εἰκόνα
2945 961 3271 1032 γεγενῆσθαι
3325 960 3460 1014 Θεοῦ
3490 978 3503 992 °
3542 963 3600 1015 οὐ

2065 1051 2170 1122 μὴν
2199 1051 2308 1106 οὐδ’
2329 1050 2576 1106 ἐπειδ’ἆν
2600 1051 2866 1122 λέγωμεν,
2898 1053 3022 1115 τοὺς
3051 1053 3172 1106 κατ’
3193 1052 3396 1124 ἀρετὴν
3431 1053 3602 1122 βεϐιω-

2061 1142 2227 1205 κότας
2270 1142 2367 1213 τὴν
2400 1141 2572 1214 ἀληθῆ
2621 1141 2958 1214 μορφοῦσθαι
3000 1143 3183 1197 εἰκόνα
3243 1144 3493 1215 Χριστοῦ.
3527 1147 3601 1198 Οὐ

2063 1233 2173 1304 γὰρ
2221 1234 2312 1288 ἐπὶ
2363 1233 2582 1306 διαϐολῇ
2641 1235 2740 1304 τῆς
2796 1235 3059 1306 τεχνητῆς
3100 1233 3128 1274 ά
3183 1235 3391 1299 εἰκόνος
3447 1234 3602 1289 ταῦτα

2063 1324 2298 1396 λέγεται,
2332 1325 2441 1378 οὐδ’
2472 1325 2561 1382 ἵνα
2590 1325 2780 1396 ψεῦδος
2808 1326 2945 1396 αὐτῇ
2975 1325 3334 1396 ἐπιγράφοιτο
3363 1341 3377 1356 ⁶
3401 1324 3511 1379 ἀλλ’
3533 1325 3603 1388 ὡς

2065 1417 2132 1470 ἂν
2178 1415 2353 1472 αὐτῶν
2392 1409 2458 1487 η’
2495 1416 2630 1487 πρὸς
2681 1415 2882 1486 ἄλληλα
2902 1418 3133 1490 διαφορά
3182 1415 3603 1487 ἐπιγινώσκοιτο.

2060 1509 2193 1564 Οὑδέ
2229 1509 2356 1580 γὰρ,
2384 1508 2495 1563 οὐδ’
2518 1509 2646 1564 ὅταν
2683 1509 2775 1562 τὸν
2808 1509 2936 1562 Υίὸν
2956 1509 3212 1580 ἀληθινὴν
3239 1509 3430 1579 σοφίαν
3451 1527 3604 1580 προσ-

2053 1601 2422 1674 αγορεύωμεν,
2435 1603 2532 1672 τὴν
2549 1603 2612 1654 ἐκ
2626 1601 2732 1656 τῶν
2749 1600 2908 1655 θείων
2927 1601 3154 1673 Γραφῶν
3173 1601 3360 1671 σοφίαν
3372 1603 3464 1674 τῆς
3479 1603 3606 1673 άλη-

2055 1692 2199 1757 θείας
2219 1692 2531 1765 ἐξορίζομεν
2553 1709 2568 1724 ο
2591 1693 2700 1746 οὐδ’
2721 1692 2886 1747 ἐπειδ⁹
2909 1693 2975 1746 ἂν
3009 1693 3125 1762 φῶς
3150 1692 3313 1748 αὑτὸν
3341 1693 3604 1763 ἀληθινὸν,

2054 1786 2088 1856 ἢ
2123 1785 2266 1856 ζωὴν
2299 1783 2554 1856 ἀληθινὴν
2577 1784 2954 1855 ὀνομάζωμεν,
2979 1783 3040 1836 τδ
3059 1781 3284 1853 ἡλιακὸν
3304 1782 3438 1852 φῶς,
3457 1782 3491 1853 ἢ
3511 1783 3608 1854 τὴν

2055 1879 2325 1948 ἡμετέραν
2340 1875 2570 1932 ἐνταῦθα
2582 1878 2746 1947 ζωὴν,
2775 1877 2860 1930 ἵνα
2877 1875 2952 1947 μὴ
2969 1875 3116 1944 λέγω
3128 1875 3226 1947 τὴν
3239 1875 3461 1942 ἐκεῖθεν,
3484 1875 3611 1945 ψευο

2053 1967 2410 2020 δοῦπόστατον
2441 1964 2812 2035 ἀποφαίνομεν
2827 1979 2842 1995 ⁶
2859 1964 3030 2029 οὕτως
3049 1964 3155 2018 οὐδ’
3181 1964 3417 2036 ὁπηνίκα
3435 1965 3612 2034 φαμὲν

2053 2054 2310 2126 ἀληθινὴν
2341 2055 2523 2108 εἰκόνα
2547 2056 2635 2108 τὸν
2654 2055 2797 2119 Υίὸν,
2826 2055 3054 2126 οὐχὶτὰς
3080 2053 3383 2118 είκόνας,α⁶ί
3409 2054 3506 2127 τὴν
3523 2055 3612 2122 γέ-

2054 2146 2198 2200 νεσίν
2223 2147 2360 2198 είσιν
2387 2145 2644 2215 λαχοῦσαι
2675 2145 2764 2198 διὰ
2790 2146 3093 2216 μιμήσεως,
3125 2147 3206 2210 είς
3234 2144 3427 2215 ψεῦδος
3463 2143 3614 2198 ἐλαύ-

2054 2255 2237 2307 νομεν,
2271 2236 2406 2291 ἀλλὰ
2451 2237 2513 2290 τὸ
2551 2236 2685 2308 πρὸς
2718 2237 2888 2300 αὑτὰς
2926 2237 3140 2310 ἐκείνης
3185 2236 3305 2290 καθ’
3347 2237 3616 2306 ὑπεροχὴν

2055 2329 2320 2400 δηλοῦμεν
2368 2329 2642 2399 διάφορον.
2692 2329 2955 2384 Ἄκουσον
2994 2330 3174 2382 τοίνυν
3226 2329 3318 2382 τὸν
3362 2330 3476 2382 υἱὸν
3516 2332 3618 2397 τῆς

2058 2419 2304 2490 βροντῆς,
2348 2420 2497 2482 ὅπως
2553 2420 2683 2489 ἡμῖν
2722 2418 2928 2474 ἄνωθεν
2989 2419 3248 2492 βροντῶν,
3289 2419 3389 2492 τὴν
3432 2420 3618 2473 τοιαύ-

2055 2531 2156 2582 την
2221 2513 2414 2584 χρῆσιν
2464 2512 2572 2566 τῶν
2621 2513 2792 2582 λόγων
2841 2515 3041 2567 ἐννοεῖν
3115 2513 3348 2568 δίδωσιν.
3417 2515 3622 2584 ’Λμφω

2054 2608 2166 2676 γὰρ
2195 2607 2252 2659 ἐν
2283 2605 2360 2676 τῷ
2382 2607 2576 2672 εἰπεῖν,
2611 2624 2630 2658 ι
2663 2607 2757 2659 καὶ
2775 2606 2934 2678 χάριν
2949 2606 3071 2660 ἀντὶ
3101 2606 3341 2677 χάριτος,
3381 2625 3401 2658 ι
3429 2607 3528 2676 τήν
3561 2623 3625 2659 τε

2057 2695 2296 2752 Παλαιὰν
2321 2697 2414 2750 καὶ
2439 2697 2535 2768 τὴν
2581 2696 2748 2760 Νέαν,
2769 2697 2848 2768 τῷ
2892 2697 2994 2768 τῆς
3020 2698 3241 2769 χάριτος
3288 2697 3630 2768 ἐξονομάσας

2057 2790 2445 2861 προσρήματιο
2517 2785 2635 2843 εἶτα
2705 2788 2768 2842 τδ
2821 2789 3261 2862 θπερανεστηκὸς
3307 2789 3540 2861 θάττερα
3595 2801 3625 2828 α

2059 2881 2195 2952 πρὸς
2231 2881 2329 2950 τὴν
2359 2881 2550 2952 ἑτέραν
2597 2881 2902 2951 παριστῶν,
2947 2900 2965 2932 ι
3025 2883 3085 2935 '0
3124 2884 3307 2953 νόμος,
3342 2883 3495 2954 φησὶ,
3533 2882 3634 2935 διὰ

2057 2971 2298 3033 Μωσέως
2327 2970 2501 3041 ἐδόθη,
2523 2972 2557 3040 ἡ
2587 2971 2744 3042 χάρις
2771 2971 2828 3025 δὲ
2851 2972 2947 3025 καὶ
2975 2973 3008 3043 ἡ
3038 2972 3266 3044 ἀλήθεια
3318 2973 3405 3026 διὰ
3443 2971 3634 3043 Ἰησοῦ

2058 3061 2291 3131 Χριστοῦ
2354 3060 2589 3128 ἐγένετο.
2640 3079 2660 3114 ι
2695 3062 2863 3131 Δῆλον
2917 3062 3025 3134 γὰρ
3078 3063 3155 3128 ὡς
3195 3062 3366 3117 ταῦτα
3423 3063 3633 3132 λέγων,

2059 3155 2178 3223 οὐχὶ
2198 3154 2297 3223 τὴν
2323 3153 2634 3224 ἀλήθειανῆ
2671 3154 2770 3226 τὴν
2808 3155 2967 3230 χάριν
3006 3155 3098 3210 τοῦ
3133 3155 3426 3210 Μωσαῖκοῦ
3455 3157 3638 3228 νόμου

2058 3242 2378 3314 περιέκοψεν
2398 3260 2410 3274 ⁸
2435 3244 2595 3308 αὐτὸς
2613 3245 2721 3316 γάρ
2758 3241 2827 3316 ἦν
2868 3248 2897 3300 6
2934 3246 3117 3318 μικρῷ
3161 3248 3395 3319 πρόσθεν
3423 3247 3500 3318 τῷ
3520 3249 3642 3318 τῆς

2055 3337 2296 3404 χάριτος
2337 3336 2499 3389 αὐτὸν
2547 3337 2928 3407 άποσεμνύνας
2960 3339 3204 3408 ὀνόματι.
3242 3341 3317 3393 Οὐ
3363 3342 3468 3410 μὴν
3497 3341 3644 3396 οὐδὲ

2053 3425 2246 3494 ψεῦδος
2275 3424 2439 3479 αὑτοῦ
2469 3426 2844 3498 κατηγόρησεν
2866 3443 2882 3458 ο
2911 3428 3032 3481 οὐδὲ
3059 3427 3167 3498 γὰρ
3216 3429 3302 3497 ἐφ’
3332 3428 3484 3500 ὕϐρει
3532 3432 3645 3484 καὶ

2053 3515 2271 3588 διαϐολῇ
2293 3516 2388 3570 τοῦ
2417 3517 2580 3588 νόμου
2612 3518 2694 3580 τὸ,
2730 3536 2750 3569 ι
2787 3520 2857 3571 Ἦ
2884 3519 3041 3590 χάρις
3077 3519 3132 3572 δέ
3172 3521 3266 3572 καὶ
3308 3519 3537 3591 ἀλήθεια
3561 3523 3643 3576 δι’

2065 3607 2239 3678 Ἰησοῦ
2293 3608 2528 3679 Χριστοῦ
2573 3609 2808 3678 ἐγένετο,
2855 3627 2873 3661 ι
2923 3612 3034 3673 τοῖς
3095 3609 3470 3679 εὐαγγελικοῖς
3538 3612 3643 3665 θε-

2058 3702 2217 3770 σμοῖς
2256 3704 2626 3772 περιήρμοσεν
2655 3702 3002 3773 (Ἡρακλέων
3024 3702 3132 3774 γὰρ
3159 3703 3227 3756 ἂν
3254 3702 3423 3767 οὕτως
3453 3704 3640 3769 εἴποι,

2055 3789 2152 3842 καὶ
2177 3792 2225 3844 oi
2257 3792 2443 3855 παῖδες
2469 3791 2891 3863 Ἡρακλέωνος),
2929 3792 3044 3846 ἀλλ’
3077 3795 3481 3864 ἐπισημοτέραν
3527 3797 3641 3867 δη-

2055 3881 2227 3938 λονότι
2255 3885 2349 3938 καὶ
2384 3883 2722 3956 τελειοτέραν
2759 3886 2859 3954 τὴν
2885 3884 2978 3938 τοῦ
3006 3885 3276 3938 Δεσπότου
3307 3875 3642 3954 φιλοτιμίαν

2053 3977 2151 4046 τῆς
2197 3978 2496 4046 Μωσαῖκῆς
2529 3976 2845 4047 νομοθεσίας
2883 3976 3235 4047 παραστῆσαι
3271 3975 3638 4046 βουλόμενος,

2053 4067 2164 4136 τῆς
2208 4068 2448 4138 χάριτος
2478 4068 2645 4141 αὐτὴν
2680 4069 2775 4122 καλ⁸
2802 4067 3088 4137 ἀληθείας
3124 4071 3188 4140 τῇ
3243 4072 3393 4139 κοινῇ
3450 4085 3640 4139 προσ-

2053 4164 2250 4234 ηγορίᾳ
2267 4163 2605 4235 περιέλαϐεν.
2641 4163 2801 4216 Ἀλλὰ
2823 4163 2917 4215 καὶ
2948 4161 3158 4225 Παῦλος
3185 4163 3214 4214 6
3235 4161 3395 4224 θεῖος,
3421 4163 3639 4217 «Σκιὰν

2053 4252 2189 4322 ἔχων
2216 4255 2243 4306 ό
2266 4254 2426 4324 νόμος
2449 4253 2557 4306 τῶν
2590 4253 2894 4328 μελλόντων
2918 4252 3156 4320 ἀγαθῶν,
3188 4252 3287 4305 οὐκ
3309 4252 3480 4324 αὐτὴν
3523 4254 3640 4326 τὴν

2053 4345 2234 4397 είκόνα
2261 4345 2368 4397 τῶν
2396 4345 2786 4416 πραγμάτων,ι
2816 4344 3272 4414 ἀποφαινόμενος,
3294 4345 3355 4398 οὐ
3379 4346 3440 4398 τὸ
3475 4341 3639 4400 εἶναι

2051 4437 2142 4491 τὸν
2173 4438 2336 4508 νόμον
2365 4439 2534 4494 τύπον
2565 4440 2660 4493 καὶ
2680 4439 2864 4494 εἰκόνα
2887 4438 2996 4492 τῶν
3030 4438 3330 4508 μελλόντων
3368 4440 3638 4508 ἀγαθῶν,

393 4536 544 4590 gem,
599 4523 869 4576 bonorum
922 4520 1232 4576 futurorum
1293 4521 1605 4580 iruitionem
1649 4540 1948 4596 repraesen-

2058 4530 2398 4599 άπεκὴρυξεν
2428 4545 2442 4560 °
2487 4531 2622 4584 ἀλλὰ
2651 4523 2737 4584 διὰ
2763 4531 2870 4584 τῶν
2895 4531 3156 4604 ῥημάτων
3185 4528 3388 4586 τούτων
3414 4533 3568 4586 ἐνεδε
3580 4533 3640 4584 ί-

399 4623 450 4667 l3
457 4628 534 4669 re.

465 4789 607 4855 Quin
665 4798 720 4844 et
776 4791 1092 4846 decantatus
1127 4789 1182 4846 in
1212 4791 1546 4862 explicandis
1589 4805 1644 4852 et
1690 4797 1950 4854 docendis

2057 4611 2202 4685 ξατο,
2233 4622 2430 4692 μᾶλλον
2448 4623 2544 4692 τὴν
2563 4623 2728 4698 ’χάριν
2757 4623 2790 4694 ἢ
2818 4623 2909 4675 τὸν
2941 4625 3125 4693 νόμον,
3163 4623 3270 4676 τῶν
3314 4624 3646 4696 μελλόντων

2067 4711 2288 4781 ἀγαθῶν
2317 4714 2602 4777 είκονίξειν
2633 4715 2733 4786 τὴν
2763 4714 3080 4767 ἀπόλαυσιν.
3161 4730 3177 4748 '

2142 4803 2253 4858 Ναὶ
2278 4803 2342 4874 δὴ
2369 4807 2461 4858 καὶ
2491 4808 2520 4858 6
2539 4805 2705 4870 πολὺς
2741 4808 2800 4860 ἐν
2824 4809 2892 4877 τῇ
2924 4805 3032 4860 τῶν
3049 4806 3207 4862 θείων
3237 4809 3468 4879 Γραφῶν
3492 4810 3654 4868 ἀνα-

393 4879 589 4934 divinis
618 4879 858 4948 Litteris,
905 4878 1144 4938 Joannes
1194 4882 1632 4956 Chrysostomus‘,
1665 4890 1855 4947 multis
1893 4893 1948 4948 in

2058 4892 2241 4958 πτύξει
2298 4895 2392 4948 καὶ
2434 4895 2751 4968 διδασκαλία
2814 4896 3068 4969 Ἰωάννης
3121 4899 3150 4950 6
3199 4878 3639 4970 Χρυσόστομος,

394 4969 529 5025 locis
579 4970 677 5025 hac
733 4970 902 5039 ﬁgura
947 4972 1200 5028 dictionis
1254 4989 1385 5030 usus
1441 4992 1564 5033 csse
1611 4981 1945 5050 agnoscitur.

2049 4984 2315 5054 πολλαχοῦ
2345 4988 2682 5058 κεχρημένος
2717 4992 2794 5059 τῷ
2824 4989 3051 5061 τοιούτῳ
3103 4991 3342 5062 σχήματι
3378 4993 3492 5045 τῶν
3534 4993 3654 5048 λό-

395 5059 584 5115 Divina
612 5062 826 5116 oracula
858 5063 1264 5118 commentariis
1289 5065 1607 5136 explanatis,
1627 5077 1682 5123 et
1711 5070 1948 5140 linguam

2058 5093 2161 5145 γων
2207 5077 2500 5134 δείκνυται.
2550 5081 2687 5145 Τοὺς
2742 5082 2850 5152 γὰρ
2899 5059 3082 5147 θείους
3138 5059 3654 5156 ’ὑπομνηματίζων

395 5152 450 5208 in
478 5153 546 5210 iis
577 5154 874 5210 enodandis
904 5155 1184 5222 adhibens,
1205 5173 1324 5227 qua:
1356 5174 1480 5214 cum
1510 5158 1803 5218 Nicodemo
1834 5163 1948 5219 dis-

461 5353 508 5384 "
537 5353 693 5409 Joan.
723 5371 762 5421 ι,
800 5353 882 5408 l6.
959 5353 1002 5386 “
1037 5353 1172 5412 ibid.
1207 5354 1295 5411 17.

2051 5168 2354 5240 χρησμοὺς,
2389 5171 2482 5230 καὶ
2509 5172 2587 5238 είς
2607 5172 2676 5226 τὰ
2706 5174 2841 5245 πρὸς
2889 5174 2978 5228 τὸν
3015 5176 3324 5249 Νικόδημον
3352 5179 3657 5250 εἰρημένα

1652 5539 1691 5593 γ
1705 5536 1884 5593 ARIIE
1921 5536 2328 5592 LFAITIONES.

453 5658 478 5694 α
505 5655 774 5726 τεχνικῆς.
854 5666 876 5694 ο
915 5655 998 5710 ia.
1025 5653 1276 5728 θατέροις.
