3876 6216
162 226 263 289 985

866 226 967 286 ΑΙ)
995 222 1590 285 AMPHILOCIIIUM
1619 223 1964 295 QUIESTIO
2001 224 2274 298 CCXVII,
2302 226 2611 286 CCXVIII.

3300 229 3407 291 988

158 323 231 393 τῷ
262 321 528 393 Δεσπότῃ,
559 318 659 391 τὴν
692 318 795 388 τῆς
829 318 1127 388 ἑρμηνείας
1179 316 1426 384 γλῶτταν
1471 316 1723 382 ἐπαφεὶς,

1836 318 2044 371 serebat
2095 317 2374 381 Servator,
2430 332 2822 390 sermonesque
2873 333 3065 375 serens
3101 319 3169 374 de
3230 319 3409 391 baptto

162 416 248 469 καὶ
276 413 544 487 περὶτῆς
595 411 684 465 διὰ
730 408 825 463 τοῦ
881 408 1251 479 βαπτίσματος
1302 406 1714 477 ἀναγεννήσεως

159 509 250 563 καὶ
280 511 379 579 τῆς
400 505 642 577 ἀχρόνως
665 505 729 557 ἐκ
756 502 968 571 [ἰατρὸς
987 498 1082 553 τοῦ
1115 497 1246 552 Υίοῦ
1274 500 1584 569 γεννήσεως
1633 496 1729 552 τὸν

158 603 325 670 Λόγον
352 598 539 663 κινῶν,
571 613 591 648 ι
631 594 694 649 Εἰ
722 596 831 664 γὰρ
856 593 954 648 καὶ
990 592 1153 663 αὐτὴ,
1179 591 1370 663 φησὶν,
1391 592 1425 661 ή
1468 589 1727 658 γέννησις

158 690 478 762 ἐπουράνιος
509 702 524 717 ⁸
555 684 693 739 ἀλλὰ
715 684 852 757 πρὸς
885 681 1100 752 ἐκείνην
1144 679 1603 752 παραϐαλλομένη
1627 680 1728 751 τὴν

160 780 359 852 ἀληθῆ,
393 779 491 831 καὶ
518 777 583 830 ἐκ
622 775 725 846 τῆς
750 772 847 827 τοῦ
898 772 1112 842 Πατρὸς
1140 770 1352 837 οὐσίας,
1396 769 1659 838 ἐπίγειος.
1701 787 1723 822 ι

170 872 412 934 Ἀκούεις
460 869 611 932 ὅπως
671 867 808 937 πρὸς
841 866 1056 935 ἐκείνην
1099 863 1237 935 φησὶ
1280 862 1379 933 τὴν
1424 861 1623 934 ἀληθῆ.
1664 858 1731 915 Τί

156 964 279 1031 σῦνς
303 966 347 1034 ’ή
385 962 475 1017 διὰ
496 960 591 1015 τοῦ
622 954 1003 1031 βαπτίσματος
1057 957 1157 1010 οὐκ
1184 955 1332 1009 ἐστιν
1363 953 1603 1024 ἀληθής;
1636 953 1731 1007 καὶ

90 1072 93 1077 ‘
156 1059 241 1121 τίς
275 1056 435 1123 ἂν,εί
499 1055 574 1124 μὴ
623 1052 733 1104 τῶν
781 1049 986 1119 σφόδρα
1049 1046 1389 1119 μαινομένων
1438 1046 1546 1117 ειη,
1573 1045 1733 1099 τοῦτο

157 1148 322 1216 φάναι
374 1144 696 1213 τολμήσειε;
745 1141 867 1203 Πῶς
913 1136 1007 1193 οὖν
1058 1140 1262 1203 ἐκεῖνος
1316 1138 1460 1208 ἔφη,
1510 1128 1529 1189 ἆ
1580 1137 1724 1206 Πρὸς

158 1240 377 1310 ἐκείνην
434 1238 534 1307 τὴν
567 1235 773 1304 suos;
812 1251 830 1285 ι
893 1231 956 1286 τὸ
1012 1230 1342 1302 ὑψηλότερον
1375 1229 1590 1299 ἐκείνης
1636 1229 1732 1282 καὶ

157 1328 603 1401 θαυμασιώτερον
649 1324 914 1396 ἐξυμνῶν,
950 1322 1011 1377 οὐ
1066 1323 1272 1391 ταύτην
1316 1322 1417 1393 τῆς
1474 1322 1733 1393 ἀληθείας

156 1424 496 1494 ἀποστερῶν.
524 1421 635 1474 Καὶ
692 1419 746 1473 τί
792 1412 1054 1471 δῖτοῦτό
1103 1432 1284 1486 φημι;
1312 1415 1480 1470 ἄκουε
1534 1413 1732 1483 μᾶλλον

157 1517 320 1571 αὐτὸν
346 1515 415 1569 τὰ
432 1513 571 1569 αὐτὰ
608 1512 755 1583 ἐμοὶ,
771 1510 833 1564 οὐ
857 1512 970 1573 τοῖς
997 1508 1233 1579 νοήμασι
1266 1506 1446 1578 μόνον,
1481 1505 1618 1561 ἀλλὰ
1639 1505 1735 1559 καὶΙ

158 1610 341 1671 αὐτοῖς
356 1610 467 1670 τοῖς
497 1606 705 1677 ῥήμασι
735 1620 798 1656 συ
808 1601 1051 1673 μφθεγγό
1058 1617 1242 1672 μενον,
1256 1601 1352 1656 καὶ
1365 1599 1462 1671 τὴν
1478 1597 1734 1669 τοιαύτην

1829 418 2005 464 smate
2047 410 2500 479 regenerationis,
2534 417 2587 464 et
2628 412 2978 480 generatione
3008 428 3173 483 supra
3204 423 3259 469 et
3288 420 3410 471 sine

1827 503 2090 567 tempore,
2115 497 2236 553 Filii
2270 514 2301 553 a
2327 498 2509 567 Patre,
2571 520 2590 553 ι
2632 498 2939 573 Utcunque,
2974 504 3073 571 ait,
3103 506 3218 562 haec
3242 522 3407 577 gene-

1828 591 1967 645 ratio
1996 591 2234 648 cmlestis
2263 594 2369 658 sit,
2403 609 2527 648 cum
2562 594 2653 648 illa
2679 603 2861 649 tamen
2892 610 3018 651 vera
3058 600 3409 667 generatione

1827 684 2045 746 collata,
2070 698 2192 753 quae
2218 686 2285 739 de
2316 693 2545 754 paterna
2573 686 2810 740 essentia
2839 696 2943 750 est,
2975 696 3191 743 terrena
3223 691 3407 759 potius

1827 775 2162 831 censebitur.
2202 793 2222 826 ›
2267 776 2462 841 Audis.
2511 788 2573 833 ut
2617 778 2785 843 dicat,
2818 787 3069 848 respectu
3127 781 3193 834 ad
3256 782 3405 835 illam

1826 880 2011 921 veram
2066 867 2269 922 habito.
2290 866 2443 922 vNum
2498 884 2605 923 non
2655 883 2786 940 ergo
2833 884 2932 940 per
2974 871 3244 940 baptisma
3276 888 3407 926 vera

1828 966 1912 1012 est
1940 958 2478 1027 regeneratio?Quis
2529 960 2637 1016 nisi
2684 976 2898 1016 summa
2958 962 3174 1017 insania
3230 965 3411 1031 perci-

1832 1059 1942 1115 tus,
1983 1050 2129 1106 dicet
2185 1051 2302 1106 ita?
2331 1050 2620 1117 Quomodo
2643 1068 2774 1123 ergo
2806 1054 2946 1107 dixit
2974 1055 3090 1120 ille,
3136 1072 3157 1106 ι
3196 1055 3407 1109 Collata

1831 1157 1955 1198 cum
1989 1142 2080 1198 illa
2109 1143 2277 1198 vera?
2316 1160 2337 1196 ι
2368 1160 2563 1215 nempe
2581 1146 2746 1215 hujus
2770 1145 3164 1201 sublimitatem
3196 1147 3407 1211 laudat,

1832 1232 2153 1300 admiratur,
2201 1249 2302 1288 nec
2358 1242 2537 1289 tamen
2590 1236 2731 1290 hanc
2769 1237 2950 1305 privat
2977 1238 3225 1293 veritate.
3264 1237 3409 1305 Quid

1833 1338 1973 1395 opus
2002 1332 2086 1380 est
2113 1326 2187 1380 ita
2217 1326 2511 1395 colligam?
2538 1328 2771 1382 Attende
2796 1327 2941 1382 enim
2990 1329 3175 1398 potius
3202 1341 3262 1384 ut
3294 1331 3411 1400 ipse

1832 1428 1947 1469 rem
1981 1414 2377 1480 eamdem,non
2408 1431 2574 1471 sensu
2602 1420 2742 1482 solo,
2760 1419 2854 1472 sed
2883 1420 3066 1474 verbis
3091 1420 3406 1489 ipsissimis,

1836 1517 1938 1557 una
1970 1505 2211 1557 concinit
2234 1519 2475 1570 mecum,
2510 1514 2564 1559 et
2601 1505 2837 1560 ostendit
2882 1506 3037 1560 illum
3088 1508 3268 1576 ipsum
3300 1524 3412 1563 ser-

1836 1610 2059 1650 monum
2101 1611 2263 1651 usum
2304 1598 2356 1649 in
2393 1596 2609 1652 Domini
2637 1598 2812 1653 nostri
2843 1599 3022 1653 verbis
3056 1600 3406 1654 insidentem.

155 1702 268 1756 τῶν
320 1700 493 1770 λόγων
525 1698 723 1769 χρῆσιν
780 1697 934 1767 ἡμῖν,
970 1696 1074 1749 κᾶν
1136 1696 1249 1758 τοῖς
1302 1692 1400 1747 τοῦ
1454 1692 1727 1746 Aean-6100

1836 1685 1964 1741 Nam
1991 1700 2117 1741 cum
2148 1688 2215 1742 de
2244 1703 2445 1743 manna
2501 1686 2705 1743 Judzeis
2761 1690 2841 1744 sic
2894 1691 3214 1759 prolocutus
3242 1693 3406 1746 Chri-

160 1796 402 1867 ρήμασιν
438 1790 801 1860 ἐγκειμένην,
848 1786 1282 1841 ὑποδεικνύοντα.
1329 1784 1435 1839 Τοῦ
1463 1786 1573 1857 γὰρ
1620 1785 1735 1839 Σω-

155 1882 325 1957 τῆρος
383 1885 500 1946 τοῖς
549 1881 823 1942 Ἰουδαίοις
890 1879 1136 1943 εἰπόντος
1195 1877 1327 1949 περὶ
1381 1876 1477 1930 τοῦ
1534 1875 1730 1947 μάννα,

156 1978 240 2040 ὡς
272 1996 291 2029 ι
324 1976 460 2044 Οὐχὶ
505 1973 711 2042 Μωσῆς
757 1970 986 2025 δέδωκεν
1020 1970 1150 2039 ὑμῖν
1174 1969 1265 2024 τὸν
1312 1969 1496 2039 ἄρτον,
1544 1966 1657 2021 ἀλλ’
1703 1968 1733 2021 ὁ

158 2066 352 2132 Πατήρ
384 2080 485 2133 μου
502 2062 716 2115 δίδωσιν
744 2061 873 2130 ὑμῖν
898 2060 989 2112 τὸν
1014 2058 1266 2128 ἀληθινὸν
1289 2059 1477 2130 ἄρτον,
1508 2076 1527 2110 ι
1565 2056 1730 2122 αὐτὸς

156 2159 254 2209 τὸν
295 2154 419 2209 νοῦν
457 2151 817 2207 ἀναπτύσσων
842 2151 935 2205 τὸν
991 2151 1346 2217 Δεσποτικὺν,
1372 2149 1516 2204 οὕτω
1545 2148 1681 2221 φησί
1709 2164 1727 2183 ⁸

163 2250 363 2319 Ἄρτον
402 2246 459 2299 δὲ
512 2244 762 2316 ἀληθινὸν
800 2244 976 2310 καλεῖ,
999 2243 1100 2297 οὐκ
1138 2243 1325 2313 ἐπειδὴ
1351 2242 1545 2313 ψευδὲς
1568 2237 1637 2315 ἦν
1669 2242 1731 2295 τὸ

158 2339 365 2409 θαῦμα,
406 2336 466 2390 τὸ
492 2336 585 2389 ἐπὶ
616 2334 711 2389 τοῦ
759 2334 936 2405 μάννα
965 2350 980 2365 ·
1009 2334 1124 2387 ἀλλ’
1159 2334 1241 2387 ὅτι
1290 2333 1459 2397 τύπος
1506 2330 1595 2405 ἦν,
1632 2334 1734 2388 οὐκ

158 2428 556 2501 αύτοαλήθειαο
592 2428 687 2482 καὶ
739 2426 907 2497 μυρία
932 2425 1088 2482 ἄλλα.
1136 2424 1297 2479 ’Δλλὰ
1348 2424 1402 2478 τί
1442 2424 1533 2479 τὸν
1585 2425 1735 2479 δεῖνα

162 2525 421 2595 μάρτυρα
450 2521 483 2592 ἢ
507 2520 600 2575 τὸν
624 2519 771 2572 δεῖνα
800 2515 983 2582 καλῶ;
1014 2516 1223 2579 Κοινῶς
1257 2515 1494 2578 ἅπαντες
1520 2516 1614 2568 καὶ
1636 2516 1735 2586 τῆς

171 2614 501 2684 Ἐκκλησίας
523 2612 573 2665 oi
608 2610 887 2682 τρόφιμοι,
917 2609 1012 2662 καὶ
1040 2607 1149 2661 τῶν
1196 2607 1429 2676 θύραθεν
1463 2607 1514 2660 ol
1537 2606 1735 2675 λογιώ-

158 2723 333 2771 τατοι,
366 2704 503 2776 πλὴν
526 2702 634 2755 τῶν
675 2698 1208 2771 Εἰκονομαχούντων,
1236 2698 1311 2762 ὼς
1337 2697 1501 2759 ἔοικε,
1530 2698 1736 2768 ταύτην

159 2798 256 2852 τοῦ
288 2797 451 2864 λόγου
499 2794 598 2865 τὴν
631 2792 828 2863 χρῆσιν
859 2789 1313 2845 συνεπίστανται·
1350 2792 1443 2842 καὶ
1471 2788 1735 2859 γέμουσιν

161 2891 222 2944 αἱ
268 2888 441 2958 βίϐλοι
489 2885 550 2939 τὸ
592 2884 802 2938 τοιοῦτο
847 2881 957 2935 τῶν
990 2880 1166 2950 λόγων
1212 2880 1424 2950 ἰδίωμα.
1464 2880 1550 2939 Ὠς
1598 2879 1736 2932 ἐπὰν

160 2979 264 3035 ὦσι
292 2979 386 3033 δύο
414 2980 555 3044 τινὰ,
587 2977 618 3047 ἢ
649 2977 742 3029 καὶ
770 2973 990 3027 πλείονα
1016 2971 1138 3025 καθ’
1176 2970 1516 3041 ὁμωνυμίαν,
1539 2969 1574 3040 ἢ
1612 2969 1735 3023 καθ’

161 3026 350 3143 ξτζρᾶν
362 3026 741 3140 Icili-Ides»,
769 3067 869 3137 τὴν
890 3066 1057 3135 αὐτὴν
1085 3026 1277 3133 κλῆσιν
1304 3026 1667 3133 ἐφέλκόμένα,
1698 3062 1730 3131 ἢ
1764 3026 1807 3085 c

161 3166 260 3219 καὶ
287 3163 460 3226 ἄλλως
487 3161 544 3215 ἐν
572 3176 680 3213 τισι
702 3159 1005 3221 κοινωνίαις
1031 3158 1145 3211 ίδιω
1154 3160 1339 3227 μάτων
1353 3156 1691 3228 τυγχάνοντα
1715 3173 1732 3190 ο

161 3257 326 3328 ήνίκα
347 3272 433 3319 τις
463 3253 709 3322 περὶτοῦ
742 3254 800 3306 ἐν
827 3253 1013 3314 αὐτοῖς
1050 3249 1411 3321 ὑπερέχοντος
1443 3251 1535 3304 τὸν
1578 3250 1735 3318 λόγον

162 3346 495 3417 ποιήσασθαι
525 3344 781 3414 βουληθῇ,
812 3345 880 3398 τὰ
908 3346 1061 3414 κοινῇ
1113 3343 1386 3413 προσόντα
1425 3344 1582 3404 πᾶσι,
1614 3343 1735 3394 κατ’

161 3439 443 3508 ἐξαίρετον
486 3436 680 3508 ἐκείνῳ
731 3436 911 3507 φέρων
959 3435 1208 3489 δίδωσινο
1240 3434 1362 3503 οὐχὶ
1412 3433 1521 3486 τῶν
1560 3432 1736 3486 ἄλλων

160 3531 304 3585 αὐτὰ
346 3527 623 3592 παντελῶς
672 3527 1091 3598 ἀφαιρούμενος,
1120 3525 1255 3579 ἀλλὰ
1291 3524 1381 3577 διὰ
1407 3524 1598 3578 τούτου
1638 3523 1737 3595 τὴν

160 3620 265 3677 τοῦ
302 3620 669 3690 προκειμένου
695 3617 966 3687 ὑπεροχὴν
1006 3616 1144 3687 πρὸς
1170 3614 1240 3668 τὰ
1271 3614 1432 3667 λοιπὰ
1461 3612 1734 3667 ἐνδεικνύ-

169 3729 363 3785 μενος·
393 3715 488 3767 καὶ
502 3712 596 3765 τοῦ
619 3711 777 3780 λόγου
808 3709 1035 3779 ἀρκέσει
1063 3708 1414 3780 παράδειγμα
1430 3705 1519 3770 τὰ,
1555 3700 1734 3774 οἶμαι,

164 3808 206 3861 ἆ
234 3804 576 3877 προείρηται.
606 3805 669 3857 EI
712 3802 769 3855 δὲ
796 3801 891 3854 καί⁵
935 3800 1139 3870 ἑτέρων
1185 3796 1364 3868 βούλει
1411 3796 1734 3869 παράθεσιν,

163 3892 520 3960 αὺτδς’κατὰ
568 3894 792 3948 σεαυτὸν
838 3891 908 3945 τὰ
959 3890 1140 3961 βιϐλία
1196 3889 1562 3961 διερχόμενος,
1607 3889 1739 3957 ὃλην

164 3989 492 4060 ἀπαρτίσεις
531 3988 713 4058 βίϐλον
742 3984 852 4040 τῶν
893 3983 1148 4039 τοιούτων
1168 3984 1418 4054 χρήσεων
1450 3982 1521 4037 τὰ
1555 3998 1737 4055 παρα-

161 4085 222 4137 δε
231 4082 436 4153 ίγματα
489 4080 925 4153 ἐγγραφόμενος.

690 4201 910 4257 ΕΡΩΤΗ
918 4200 1023 4253 ΣΙΣ
1063 4200 1213 4253 ZIH'.

1834 1788 1953 1835 stus
2006 1788 2185 1834 esset:
2234 1799 2252 1832 ι
2311 1779 2489 1836 Moses
2538 1795 2644 1835 non
2688 1779 2836 1834 dedit
2872 1782 3030 1837 vobis
3058 1796 3275 1851 panem,
3314 1785 3410 1838 sed

1833 1871 1993 1927 Pater
2026 1886 2180 1926 meus
2214 1873 2372 1928 vobis
2399 1872 2493 1928 dat
2525 1886 2712 1926 verum
2741 1885 2933 1940 panem
2970 1872 3050 1939 ‘7;
3099 1891 3117 1923 ι
3151 1874 3240 1927 ille
3269 1889 3412 1927 mor-

1834 1969 1945 2015 tem
1977 1960 2200 2017 Domini
2232 1964 2550 2027 enucleans,
2584 1964 2680 2018 ait.
2714 1964 2919 2019 Panem
2952 1972 3133 2019 autem
3178 1966 3414 2035 appellat

1835 2055 1925 2111 hic
1953 2070 2172 2121 verum,
2210 2072 2317 2110 non
2348 2057 2496 2127 quod
2526 2056 2727 2112 falsum
2750 2067 2868 2111 erat
2892 2056 3022 2110 illud
3056 2058 3410 2122 miraculum,

1834 2146 1978 2217 quod
2022 2146 2078 2201 in
2122 2162 2320 2201 manna
2360 2148 2655 2214 edebatur;
2694 2148 2786 2203 sed
2817 2149 2962 2217 quod
2993 2148 3163 2217 ﬁgura
3195 2159 3330 2211 erat,
3362 2158 3417 2203 et

1838 2254 1946 2294 non
1991 2240 2110 2309 ipsa
2147 2241 2224 2295 rei
2272 2241 2471 2294 veritas
2504 2256 2519 2293 :
2552 2248 2677 2293 sunt
2702 2249 2757 2293 et
2795 2249 3050 2294 sexcenta
3081 2239 3185 2293 alia
3220 2240 3413 2295 istius-

1836 2330 2006 2385 modi.
2028 2330 2133 2385 Sed
2157 2346 2421 2400 quorsum
2457 2330 2601 2384 hunc
2632 2329 2716 2383 vel
2747 2329 2895 2383 illum
2921 2344 3023 2399 ego
3047 2338 3238 2385 testem
3268 2330 3416 2384 cito?

1836 2423 2136 2492 generatim
2172 2438 2385 2488 omnes,
2408 2437 2533 2476 enm
2567 2420 2825 2476 Ecclesia:
2854 2421 3083 2486 alumni,
3108 2431 3223 2475 tum
3264 2431 3418 2478 exte-

1837 2528 2025 2567 rorum
2054 2513 2379 2579 doctissimi,
2401 2514 2534 2569 solis
2563 2514 2808 2583 exceptis
2833 2513 3238 2579 lconomachis,
3268 2517 3418 2571 hunc

1835 2604 1990 2660 verbi
2030 2620 2217 2672 usum,
2264 2616 2321 2660 ut
2382 2605 2629 2670 videtur,
2677 2612 2984 2676 agnoscunt
3033 2622 3047 2659 :
3101 2616 3157 2660 et
3206 2618 3418 2662 scatent

1840 2697 2048 2767 passim
2083 2697 2204 2752 libri
2240 2697 2553 2752 istius:i.odi
2589 2698 2893 2752 verborum
2938 2699 3413 2768 prolirietatibus:

1839 2799 1901 2843 ut
1928 2799 2082 2859 puta,
2117 2804 2240 2844 cum
2293 2788 2403 2843 duo
2449 2787 2700 2859 quaedam
2731 2799 2824 2845 aut
2873 2791 3039 2846 etiam
3072 2791 3229 2859 plura
3262 2798 3414 2856 sunt,

1839 2896 1960 2951 quae
1989 2896 2086 2951 per
2116 2881 2527 2953 homonymiam
2554 2888 2651 2935 aut
2677 2881 2845 2935 alium
2873 2884 3161 2952 quemdam
3190 2882 3414 2936 modum

1840 2973 2122 3041 dicuntur,
2166 2978 2412 3030 eamdem
2471 2977 2755 3029 attrahunt
2788 2974 2854 3030 ad
2886 2990 2945 3030 se
2974 2975 3413 3045 appellationem,

1842 3067 1924 3119 vel
1944 3066 2051 3120 alio
2076 3066 2260 3138 aliquo
2288 3067 2473 3129 modo,
2502 3082 2626 3122 cum
2651 3067 3152 3121 communicatione
3182 3067 3417 3120 idioma—

1842 3169 1955 3214 tum
1987 3162 2345 3229 adhibentur;
2375 3161 2469 3232 qui
2498 3175 2808 3216 sermonem
2835 3160 3070 3215 instituit
3098 3160 3167 3214 de
3195 3160 3418 3228 praecel-

1838 3252 2073 3317 lentiori,
2101 3254 2189 3307 illa
2235 3269 2354 3321 qua:
2379 3256 2747 3309 communiter
2790 3253 2857 3308 ad
2910 3253 3095 3307 omnia
3140 3258 3413 3321 spectant,

1839 3362 1936 3417 per
1978 3362 2265 3402 excessum
2307 3348 2483 3401 eidem
2542 3347 3010 3402 accommodando
3055 3344 3275 3409 tribuit;
3313 3358 3418 3397 nec

1838 3441 1908 3493 ab
1957 3440 2079 3494 aliis
2110 3440 2325 3493 interim
2378 3440 2470 3493 illa
2520 3438 2723 3505 aufert,
2755 3440 2848 3493 sed
2886 3454 2979 3509 per
3030 3437 3162 3491 illud
3199 3434 3416 3504 allegati

1839 3531 2214 3586 excellentiam
2267 3546 2432 3599 super
2453 3540 2647 3585 caetera
2698 3531 2965 3585 declarat.
3009 3528 3235 3598 Opinor,
3268 3526 3415 3597 quod

1838 3622 2063 3676 allatum
2097 3632 2179 3677 est
2211 3622 2543 3691 exemplum,
2569 3621 2795 3685 sufﬁcit,
2836 3619 2981 3691 quod
3014 3622 3159 3685 dico,
3189 3620 3417 3673 demon-

1839 3721 2033 3767 strare.
2094 3711 2187 3767 Sin
2246 3722 2300 3794 et
2343 3714 2448 3766 alia
2493 3728 2710 3782 quoque
2755 3712 3059 3781 adjicienda
3115 3714 3413 3777 desideres,

1840 3802 1955 3872 ipse
1980 3817 2076 3871 per
2121 3812 2287 3856 temet
2318 3803 2467 3856 solus
2495 3817 2651 3856 sacra
2690 3801 2860 3855 Biblia
2896 3816 3177 3870 percurre,
3209 3811 3262 3854 et
3285 3816 3413 3855 coao

1839 3897 2086 3951 cervabis
2140 3905 2225 3949 tot
2262 3897 2510 3965 exempla
2558 3898 2718 3951 istius
2760 3911 2914 3960 usus,
2961 3912 3085 3965 qua:
3143 3898 3414 3952 coniicere

1838 3987 2092 4041 volumen
2130 3995 2352 4058 queant.

1849 4198 2461 4269 ρυιιΕεΤιοιουΧνιιι
2497 4205 2686 4278 [CoisL
2718 4203 2947 4269 CLXIII,
2988 4204 3151 4260 Taur.
3183 4203 3409 4260 CLXIII.

850 4317 993 4367 Edita
1016 4329 1042 4365 a
1064 4311 1364 4364 Montacutio
1389 4313 1491 4376 (ep.
1520 4315 1580 4364 ad
1618 4312 1925 4377 Amphiloch.
1950 4330 1998 4380 p.
2026 4317 2274 4382 190-195).
2300 4347 2362 4357 —
2384 4322 2521 4372 Joan.
2546 4338 2631 4383 xx,
2656 4322 2731 4371 l7.

240 4405 422 4474 Ὅπερ
440 4399 693 4475 Χριστὸς,
731 4400 762 4453 ό
785 4400 917 4463 Θεὸς
941 4401 974 4471 ή
985 4398 1119 4470 μῶν,
1149 4400 1214 4468 τῇ
1244 4397 1575 4466 Μαγδαληνῇ
1610 4396 1733 4450 Μα-

1905 4397 2059 4464 Quod
2112 4400 2363 4457 Christus
2411 4403 2553 4459 Deus
2606 4414 2791 4459 noster
2840 4401 3020 4458 Maria:
3078 4401 3414 4471 Magdalenaa

167 4500 283 4573 ρίᾳ,
334 4492 633 4565 προσιούσῃ
687 4492 840 4562 φησί,
874 4508 894 4542 ι
947 4491 1036 4558 Μή
1077 4506 1177 4559 μου
1204 4488 1376 4542 ἅπτου
1399 4502 1413 4516 ⁸
1443 4486 1596 4540 οὔπω
1628 4489 1738 4558 γὰρ

164 4589 489 4658 ἀναϐέϐηκα
528 4585 664 4656 πρὸς
700 4583 791 4637 τὸν
842 4582 1065 4648 Πατέρα
1100 4598 1226 4651 μου,
1257 4599 1276 4632 ι
1303 4580 1451 4633 δοκεί
1482 4581 1582 4649 μέν
1620 4598 1739 4643 πως

162 4680 310 4737 εἶναι
328 4675 721 4748 δυσθεώρητον.
756 4673 823 4727 Τί
868 4672 966 4738 δέ;
997 4668 1105 4742 ἆρα
1140 4671 1251 4742 γὰρ
1293 4670 1431 4741 μετὰ
1477 4668 1576 4741 τὴν
1605 4670 1740 4741 πρὸς

163 4774 263 4827 τὸν
311 4770 528 4840 Πατέρα
557 4765 763 4829 ἄνοδον,
798 4764 919 4818 τότε
960 4761 1160 4833 μᾶλλον
1186 4761 1321 4831 αὐτῇ
1355 4761 1640 4831 ἐπιτρέψει
1677 4760 1741 4813 τὸ

163 4860 549 4936 ἐφάπτεσθαι;
583 4858 657 4910 Τὸ
692 4856 748 4911 δὲ
778 4854 1019 4909 τοιοῦτόν
1047 4855 1227 4907 ἐστιν’
1258 4852 1373 4905 Οὐκ
1401 4852 1577 4917 ἔξεστί
1635 4868 1738 4918 σοι,

162 4955 359 5026 φησιν,
392 4949 525 5022 ἐμοῦ
557 4948 822 5004 ἅπτεσθαι
854 4962 868 4977 ο
900 4945 989 4999 διὰ
1016 4943 1068 4998 τί
1094 4962 1109 5011 ;
1142 4942 1308 4997 Οὔπω
1337 4944 1447 5017 γάρ
1488 4962 1570 4997 σοι
1594 4944 1738 4998 δοκῶ

158 5042 310 5118 πρὸς
341 5041 404 5097 τὺ
428 5039 681 5111 πατρῷον
705 5037 838 5108 ὕψος
866 5035 1285 5107 ἀναϐεϐηκέναι,
1316 5037 1412 5090 καὶ
1444 5038 1543 5106 τῆς
1571 5036 1739 5108 ὑπερ-

158 5133 340 5207 φυοῦς
364 5132 550 5195 οὐσίας
579 5131 867 5186 ἀναλαϐεῖν
895 5128 956 5182 τὺ
975 5127 1191 5200 ἀξίωμα
1215 5144 1230 5159 ο
1262 5128 1376 5182 ἀλλ’
1403 5128 1485 5182 ἔτι
1508 5129 1737 5184 ταπεινά

159 5228 361 5299 λογίζῃ
406 5224 537 5297 περὶ
567 5222 725 5295 ἐμοῦ,
774 5219 1076 5292 προσιοῦσά
1134 5236 1226 5291 μοι
1258 5219 1304 5286 ί,
1333 5221 1428 5274 καὶ
1466 5220 1576 5273 τῶν
1624 5220 1736 5274 ἀν·-

201 5319 462 5392 ρωπίνων
493 5317 708 5388 μέτρων
758 5312 912 5368 οὐδὲν
940 5311 1291 5385 ὑψηλότερον.
1320 5311 1394 5366 Τὸ
1416 5312 1496 5377 δὲ,
1523 5314 1621 5384 οὐχ
1649 5313 1732 5368 ὄτι

225 5437 275 5469 ⁸⁷
307 5435 473 5490 Joan.
501 5451 575 5500 v1,
602 5435 691 5491 ⁸52.

1840 4490 2063 4545 adeunti
2115 4493 2316 4562 ipsum,
2372 4496 2468 4561 ait,
2529 4514 2547 4546 ι
2582 4495 2702 4551 Noli
2736 4510 2823 4551 me
2877 4506 3121 4567 tangere,
3170 4497 3411 4549 nondum

1842 4584 2062 4638 ascendi
2109 4585 2173 4638 ad
2229 4584 2443 4641 Patrem
2483 4604 2701 4655 meum,
2746 4606 2765 4641 ι
2826 4590 3043 4644 videtur
3075 4588 3216 4642 haud
3255 4588 3414 4642 facile

1842 4676 2271 4747 intelligendum.
2332 4680 2472 4747 Quid
2522 4682 2705 4737 enim?
2744 4698 2812 4737 an
2864 4691 2988 4752 post
3032 4682 3411 4737 ascensionem

1841 4768 1907 4822 ad
1968 4769 2205 4835 Patrem,
2241 4774 2413 4843 magis
2466 4774 2516 4828 ei
2570 4774 2942 4844 permissurus
2969 4782 3051 4828 est
3086 4773 3262 4842 ipsum
3295 4782 3413 4827 tan-

1839 4858 2002 4926 gere?
2027 4858 2143 4913 lmo
2174 4860 2277 4915 hoc
2308 4862 2551 4932 estquod
2586 4862 2702 4917 vult
2723 4882 2738 4918 :
2758 4861 2876 4918 Non
2901 4854 3038 4917 licet
3058 4863 3175 4926 tibi,
3202 4863 3300 4929 ait,
3329 4880 3415 4917 mc

1843 4948 2177 5020 contingere.
2209 4951 2320 5005 Cur
2351 4953 2571 5007 autem?
2599 4950 2851 5008 Nondum
2880 4966 2979 5021 ego
3003 4952 3101 5008 tibi
3128 4951 3314 5006 videor
3347 4954 3413 5008 ad

1838 5038 2020 5097 Patris
2086 5043 2480 5100 sublimitatem
2551 5044 2900 5112 ascendisse,
2961 5054 3016 5100 et
3095 5044 3433 5100 substantizc‘

1838 5132 1985 5190 illius
2035 5137 2467 5194 transcendentis
2504 5137 2824 5209 dignitatem
2870 5138 3272 5208 assumpsisse;
3316 5138 3431 5191 sed

1838 5234 1897 5279 tu
1922 5223 2100 5280 adhuc
2127 5242 2215 5282 me
2240 5243 2528 5284 accessura
2560 5228 2766 5283 humile
2786 5227 2919 5299 quid
2955 5230 3021 5286 de
3049 5245 3137 5286 me
3174 5232 3409 5295 cogitas,

1838 5328 1940 5371 nec
1969 5314 2266 5374 humanam
2314 5333 2630 5378 mensuram
2660 5319 2971 5377 excedens:
3010 5328 3220 5376 tantum
3258 5317 3414 5373 abest

1427 5545 1654 5604 VARIE
1687 5545 2095 5604 LECTIONES.

220 5642 242 5681 ί
291 5640 401 5697 553
432 5656 555 5711 μου.
