3854 6216
473 236 584 305 987

1635 236 1898 300 PHOTII
1934 234 2439 300 ΡΑἸἮΙΑΗΟΗΑΞ
2468 235 2580 300 CP.

3605 241 3701 308 988

475 339 537 385 ut
583 328 700 384 hac
752 326 942 399 opinio
981 338 1035 383 te
1069 325 1291 398 dignam
1329 327 1544 394 reddat,
1579 343 1700 398 qua:
1731 342 1818 381 me
1843 335 2051 397 tangas,

2154 325 2318 392 ἀξίαν
2337 326 2398 380 οὑ
2432 328 2581 380 ποιεῖ
2612 341 2675 379 σε
2695 324 2796 397 τῆς
2827 325 2968 397 ἐμῆς
2999 323 3160 396 δόξης
3199 323 3549 395 ἐφάπτεσθαι,
3579 332 3702 390 ἀλλὰ

472 431 535 476 ut
569 421 786 492 elonget
828 420 1023 490 magis.
1054 421 1244 491 Itaque
1287 420 1540 476 advertas
1569 419 1830 491 qualiter,
1870 436 1890 470 ι
1931 417 2055 473 Noli

473 527 564 568 me
594 521 840 585 tangere,
865 531 883 564 ι
911 513 1002 568 ubi
1030 512 1263 579 dixerat,
1295 511 1428 567 illud
1461 516 1724 578 annectit,
1760 529 1780 563 ι
1799 511 2054 568 Nondum

471 607 651 675 enim;
689 625 708 659 ι
745 623 898 679 spem
933 607 1012 662 illi
1047 605 1200 674 facit,
1230 607 1377 676 quod
1427 623 1535 660 non
1592 607 1647 661 in
1684 605 1848 662 linem
1877 621 1908 660 a
1951 621 2055 661 suo

473 697 749 755 desiderio
779 699 1132 767 excludetur;
1165 697 1258 753 sed
1301 699 1448 768 quod
1486 706 1608 770 post
1633 698 1910 768 paululum
1941 707 2057 754 stu-

473 790 630 847 diose
674 794 906 862 quaasito
930 792 1261 862 perfruetur,
1291 807 1355 846 ac
1385 792 1432 847 si
1469 793 1676 847 diceret
1702 808 1716 844 :
1753 790 1872 846 Non
1897 799 2056 862 potes

473 897 563 938 me
623 883 775 938 adire
825 884 900 938 ita
944 884 1182 938 animata
1231 893 1293 937 ut
1341 897 1492 936 nunc
1533 898 1614 948 es,
1655 897 1755 938 nec
1795 883 1941 938 enim
1975 881 2057 936 sic

475 988 771 1043 assequere
807 974 952 1043 quod
979 974 1109 1029 velis
1143 991 1156 1027 :
1193 973 1340 1043 quod
1370 974 1414 1028 si
1446 989 1474 1027 a
1499 974 1700 1030 vilibus
1731 973 1882 1029 hisce
1902 973 2053 1043 cogi-

473 1064 774 1119 tationibus
815 1073 868 1118 te
900 1066 1160 1118 extuleris
1187 1065 1254 1118 ad
1290 1065 1664 1130 sublimiores,
1695 1074 1749 1120 et
1782 1063 1895 1120 Deo
1923 1078 2056 1120 con-

473 1169 662 1223 groas,
700 1149 1020 1208 conceditur
1073 1153 1168 1208 tibi
1211 1168 1490 1220 accessus,
1526 1163 1582 1209 et
1627 1153 1836 1224 majora
1886 1169 2052 1224 quam

472 1246 738 1315 sperabas
791 1259 1150 1315 consequere.
1186 1243 1414 1300 Volebat
1447 1246 1537 1301 illa
1577 1247 1838 1310 humano,
1861 1258 1918 1302 et
1944 1261 2054 1316 quo

471 1338 683 1394 solebat
735 1354 832 1408 per
879 1338 1196 1392 (economia:
1231 1339 1544 1408 temporalis
1572 1338 1864 1394 decursum
1902 1355 2055 1396 more

469 1431 634 1485 etiam
666 1446 814 1485 nunc
841 1445 967 1485 cum
1012 1429 1245 1485 Domino
1272 1432 1588 1488 conversari
1625 1449 1640 1487 :
1673 1441 1727 1487 et
1751 1443 1898 1488 certe
1923 1433 2050 1488 dum

469 1520 726 1588 sepulcro
755 1519 1056 1583 assidebat,
1094 1521 1264 1574 multa
1295 1519 1462 1590 hujus
1489 1521 1707 1592 generis
1731 1532 1786 1577 et
1810 1521 1938 1578 fecit
1962 1524 2051 1580 illa

469 1619 526 1665 et
551 1611 832 1693 cogitavit,
853 1621 1190 1682 unguentum
1213 1611 1471 1679 oll'erens,
1500 1613 1768 1684 lacrymas
1795 1613 2052 1683 fundens,

470 1687 892 1757 translationem
938 1712 1184 1770 causata,
1231 1711 1287 1758 et
1332 1707 1788 1760 resurrectionem
1820 1707 1877 1761 in
1905 1707 2052 1762 illam
2085 1687 2127 1742 Β

468 1793 896 1848 transformans.
926 1793 1267 1850 AtChristus
1297 1797 1366 1851 ab
1395 1798 1498 1852 hoc
1527 1797 1721 1852 all'ectu
1744 1799 1974 1863 ducens,
2000 1809 2056 1855 et

468 1887 608 1942 tales
633 1902 954 1958 expungens
988 1889 1368 1957 cogitationes,
1403 1889 1498 1945 sed
1525 1899 1579 1945 et
1618 1891 2052 1960 intempeStivam

467 1994 585 2035 rem
637 1991 692 2034 et
726 1979 1118 2048 impossibilem
1148 1979 1402 2036 all‘ectare
1438 1996 1556 2036 eam
1608 1984 1920 2048 ostendens,
1957 1985 2050 2050 ait,

472 2088 493 2123 ι
537 2069 616 2126 Ne
639 2086 726 2126 me
759 2080 970 2141 tangas,
1003 2072 1244 2126 nondum
1281 2072 1427 2127 enim
1462 2074 1684 2128 ascendi
1732 2075 1799 2128 ad
1838 2077 2054 2131 Patrem

467 2177 650 2217 meum
681 2181 694 2217 :
735 2182 754 2214 ι
791 2164 894 2217 Ιιοο
925 2172 1028 2227 est,
1061 2177 1170 2217 non
1197 2172 1282 2219 est
1329 2155 1548 2234 aequum
1583 2174 1641 2220 ut
1675 2180 1775 2236 ego
1819 2166 1872 2220 id
1907 2166 2054 2236 quod

470 2255 566 2310 tibi
608 2255 813 2310 arridet
869 2256 1148 2310 communi
1203 2256 1485 2326 prazl‘eram
1537 2258 1922 2328 providentiae,
1956 2270 2053 2314 aut

468 2347 660 2404 nutudi
709 2349 879 2402 totius
941 2348 1271 2415 commodo;
1332 2365 1439 2403 non
1469 2358 1553 2404 est
1581 2365 1678 2419 par
1710 2359 1769 2404 ut
1799 2351 2052 2406 aﬂ‘ectum

470 2451 624 2495 tuum
648 2453 749 2508 ego
784 2445 966 2491 ratum
1022 2437 1268 2502 habens,
1322 2447 1604 2506 paternam
1663 2439 2053 2494 subobscurem

466 2533 524 2588 in
559 2547 647 2587 me
673 2531 1042 2597 divinitatem,
1078 2541 1174 2585 aut
1200 2532 1379 2601 patiar
1405 2541 1463 2586 ut
1493 2547 1580 2586 me
1608 2532 1906 2586 etiamnum
1934 2541 2056 2586 tan-

466 2641 631 2696 quam
668 2640 878 2680 merum
931 2635 985 2679 et
1015 2625 1219 2679 nudum
1282 2625 1560 2680 hominem
1602 2628 1856 2680 accedas.
1889 2624 2052 2681 Tem-

467 2733 572 2787 pus
599 2731 762 2771 omne
795 2715 943 2785 quod
980 2716 1260 2786 praecessit
1287 2731 1530 2781 crucem,
1565 2718 2056 2772 condescensionis

466 2817 522 2863 et
558 2807 966 2863 humiliationis
987 2816 1201 2877 tempus
1237 2817 1397 2863 erat:
1465 2817 1596 2864 tunc
1643 2810 1742 2864 tibi
1778 2811 2057 2879 permitte-

467 2905 630 2959 batur
659 2904 1091 2974 cogitationibus
1107 2903 1492 2959 humilioribus
1533 2905 1717 2958 innixe
1737 2904 2057 2972 acquiesce-

467 3014 546 3063 re,
578 3013 682 3053 ncc
713 2997 1003 3052 confertim
1042 2998 1108 3051 ad
1144 2999 1350 3066 majora
1398 2999 1706 3066 expulsam,
1741 2996 1907 3050 veluti
1934 3010 2054 3049 om-
2077 3032 2122 3095 ρ

466 3091 599 3144 nino
633 3090 913 3144 ominibus
947 3088 1224 3150 excidere,
1273 3099 1326 3142 et
1359 3087 1425 3141 ab
1459 3088 1527 3142 iis
1583 3087 1782 3152 avelli;
1817 3094 1874 3141 at
1904 3101 2052 3141 nunc

467 3193 684 3252 tempus
739 3192 824 3237 est
865 3181 1183 3236 sublimium
1218 3192 1272 3234 et
1310 3181 1618 3234 divinarum
1656 3195 1862 3234 rerum.
1904 3179 2048 3234 Mors

465 3278 613 3331 enim
646 3276 906 3342 absorpta
940 3276 996 3328 in
1033 3274 1345 3339 victoriam,
1381 3275 1541 3326 morti
1586 3274 1711 3327 data
1739 3283 1843 3328 est.
1877 3272 2051 3326 Infer-

468 3386 574 3424 nus
630 3369 866 3422 mortuis
932 3368 1000 3421 ah
1047 3368 1197 3420 omni
1258 3382 1376 3420 aevo
1435 3376 1721 3428 vacuatus,
1763 3366 2050 3436 tyrannide

467 3468 666 3514 exutus
718 3468 821 3520 est,
886 3458 1120 3512 illustria
1177 3469 1378 3526 tropaea
1427 3472 1524 3536 per
1576 3456 2044 3511 resurrectionem

466 3563 657 3608 contra
711 3567 906 3607 omnes
946 3551 1136 3606 hostes
1167 3552 1462 3606 constituta
1503 3559 1670 3616 sunt;
1703 3551 1962 3620 quocirca
1995 3558 2048 3604 te

469 3653 690 3715 oportet
750 3656 933 3700 mente
993 3660 1213 3700 sursum
1269 3646 1334 3698 ad
1383 3645 1722 3711 sublimiora,
1763 3654 1817 3698 et
1863 3645 2046 3700 divina

467 3739 824 3800 attollentem,
852 3753 961 3792 non
1011 3739 1216 3802 adhuc,
1251 3748 1308 3791 ut
1337 3739 1506 3807 prius,
1562 3753 1684 3808 quae
1715 3738 2047 3793 condescen-

466 3832 640 3902 sionis
680 3840 837 3886 erant
867 3832 1168 3901 requirere,
1196 3847 1298 3887 nec
1325 3831 1710 3887 humilioribus
1740 3832 2043 3898 immorari,

465 3932 562 3978 aut
587 3939 711 3978 cum
735 3923 843 3980 illis
875 3925 1244 3978 circumferri.
1277 3922 1389 3977 Hoc
1419 3924 1465 3978 si
1496 3933 1642 3978 recte
1672 3924 2043 3989 administres,

465 4017 521 4073 in
558 4024 809 4087 promptu
843 4017 1104 4086 reperies,
1135 4031 1235 4070 nec
1271 4017 1479 4070 errabit
1535 4015 1630 4070 tibi
1679 4017 1919 4082 animus,
1953 4015 2047 4070 de-

465 4111 786 4166 sideratum.
813 4110 1105 4180 Conceptis
1127 4110 1296 4173 enim,
1329 4125 1466 4178 quas
1498 4109 1736 4162 nondum
1762 4109 2044 4175 imbibisti,

465 4202 633 4256 rectis
687 4201 1135 4270 cogitationibus,
1191 4201 1363 4253 multo
1419 4199 1594 4268 magis
1640 4199 2044 4254 incarnationis

465 4291 689 4347 modum
719 4293 1050 4347 ineffabilem
1075 4303 1129 4346 et
1160 4291 1633 4360 supernaturalem
1661 4290 2041 4356 admiraberis,

2156 416 2253 472 καὶ
2318 417 2538 488 μακρὰν
2585 417 2823 489 τίθησιν.
2875 418 2987 472 Καὶ
3035 417 3138 489 ὅρα
3206 416 3356 480 ὅπως
3399 418 3456 472 τὸ
3489 461 3506 486 ,
3561 439 3579 472 ι
3616 424 3699 494 Μή

2164 527 2266 582 μου
2319 510 2516 576 ἀπτου,
2557 530 2577 564 ι
2621 511 2812 578 είπὼν,
2859 510 2940 577 τὺ,
2977 528 2997 562 ι
3039 509 3206 565 Olim
3256 509 3389 582 γάρ,
3434 531 3454 566 ι
3519 531 3703 570 συνεπ-

2153 602 2388 674 ήνεγκεν
2419 611 2446 651 σ
2485 615 2501 634 ο
2549 603 2729 667 διδοὺς
2765 602 2987 666 ἐλπίδας
3027 602 3187 673 αὐτῇ,
3221 600 3298 666 ώς
3320 602 3419 657 οὑκ
3457 603 3534 668 είς
3562 605 3700 671 τέλος

2151 694 2247 750 τοῦ
2287 695 2455 750 πόθου
2487 695 2889 766 ἀπελαθήσεται
2920 710 2934 725 ο
2959 695 3074 748 ἀλλ’
3103 695 3188 748 ὅτι
3230 695 3327 750 καὶ⁹
3370 697 3484 766 μετ’
3513 697 3699 766 ὀλίγον,

2152 783 2229 843 ῶν
2281 788 2648 854 ἐσπούδασεν,
2695 788 3062 856 ὲπιτεύξεταιο
3095 787 3295 841 ὡσανεὶ
3346 788 3536 858 λέγων,
3577 792 3701 846 Μεθ’

2155 877 2224 955 ἦς
2256 883 2356 954 μὲν
2390 884 2670 956 προσέρχῃ
2701 901 2794 952 μοι
2827 882 3074 954 γνώμης,
3103 881 3204 935 οὐκ
3227 880 3403 948 ἔξεστί
3433 899 3515 936 σοι
3550 900 3706 956 προσ-

2157 976 2294 1030 ιέναι
2347 992 2483 1048 μοι’
2530 975 2652 1030 οὑδὲ
2695 975 2805 1048 γάρ
2851 975 2918 1030 ἂν
2961 974 3150 1044 τύχοις
3205 973 3306 1046 τῆς
3346 973 3617 1044 ἐφέσεωςο
3646 978 3706 1032 ἀν

2152 1068 2211 1123 δὲ
2262 1070 2386 1149 ταῖς
2404 1067 2764 1139 ὑψηλοτέραις
2783 1069 2877 1122 καὶ
2915 1065 3244 1138 θεοπρεπέσι
3271 1065 3541 1131 διανοίαιςε
3565 1084 3711 1122 σεαυ-

2151 1157 2246 1213 τὸν
2271 1159 2302 1200 h
2333 1159 2545 1232 ὲπάρης
2568 1159 2678 1214 τῶν
2699 1159 2990 1222 ταπεινῶν,
3034 1156 3519 1229 συγχωρηθήσεταί
3551 1175 3630 1214 σοι
3659 1161 3710 1201 δ’

2153 1253 2190 1323 ἡ
2244 1253 2523 1324 πρόσοδος,
2555 1251 2648 1306 καὶ
2683 1248 2948 1323 μειζόνων
2996 1248 3298 1320 ἀξιωθήσῃ,
3329 1248 3366 1318 ἢ
3397 1240 3578 1321 ὧνπερ
3626 1251 3715 1321 ῆλ-

2153 1361 2343 1411 πισας.
2374 1345 2486 1400 Καὶ
2540 1344 2671 1415 γάρ,
2694 1345 2729 1415 ἡ
2776 1343 2877 1416 μὲν
2914 1337 3296 1409 ὲ6ούλετο,οἷα
3344 1340 3410 1414 δὴ
3449 1341 3542 1396 καὶ
3593 1344 3709 1414 πρόο

2153 1456 2333 1509 τερον,
2392 1437 2906 1510 ἀνθρωπικώτερον,
2960 1438 3054 1490 κα)⁸
3099 1436 3243 1490 κατά
3287 1434 3380 1488 τὸν
3437 1435 3536 1507 τῆς
3580 1436 3717 1490 οἱκο-

2154 1531 2347 1600 νομίας
2365 1531 2564 1603 τρόπον
2591 1530 2676 1601 τῷ
2700 1529 2943 1601 Δεσπὸτῃ
2967 1527 3521 1600 συναναστρέφεσθαι.
3551 1527 3718 1582 Πολλά

2153 1621 2264 1694 γάρ
2315 1623 2562 1690 τοιαῦτα,
2615 1622 2712 1676 καὶ
2765 1621 2842 1694 τῷ
2895 1622 3052 1692 τάφῳ
3102 1619 3574 1693 παρακαθημένη,
3623 1620 3719 1690 ιμ-

2155 1715 2362 1786 πραττέ
2413 1718 2431 1757 ί
2477 1732 2536 1768 τε
2593 1713 2686 1768 καὶ
2741 1712 3051 1784 ἐλογίζετο·
3119 1713 3272 1786 μύρα
3319 1713 3563 1785 φέρουσα
3593 1730 3610 1746 ο
3640 1714 3720 1768 δα·

2155 1807 2395 1878 κρύουσα
2419 1822 2436 1838 ο
2469 1805 2811 1878 μετατίθεσιν
2839 1805 2852 1857 i
2905 1805 3205 1862 ὑπονοοῦσα
3240 1806 3342 1879 τὴν
3395 1806 3630 1878 ἔγερσιν.
3666 1808 3721 1861 '0

2154 1901 2212 1954 δὲ
2242 1900 2446 1970 ταύτην
2475 1903 2523 1952 1⁸
2566 1901 2797 1968 ἀπάγων
2828 1899 2926 1969 τῆς
2969 1899 3166 1971 ὁρμῆς,
3197 1899 3300 1953 καὶ
3347 1899 3460 1953 τῶν
3482 1898 3724 1954 τοιούτων

2154 1992 2519 2064 διακαθαίρων
2548 1991 2833 2058 ὑπονοιῶν,
2869 1991 2948 2046 ἐτι
2981 1993 3040 2046 δὲ
3080 1992 3176 2046 καὶ
3205 1991 3274 2045 τὸ
3305 1992 3542 2065 ἄκαιρον
3571 1991 3724 2046 ἐνδει-

2155 2087 2287 2148 κνὺς
2338 2085 2434 2140 καὶ
2501 2084 2764 2138 ἀδύνατον
2807 2085 2908 2154 τῆς
2962 2084 3360 2156 ἐγχειρήσεως,
3424 2101 3444 2136 ι
3494 2084 3584 2154 Μή
3633 2097 3726 2153 μου

2157 2178 2353 2244 ἅπτου,
2381 2177 2546 2250 φησίν
2563 2195 2576 2207 ·
2597 2178 2751 2232 οὔπω
2773 2178 2881 2248 γάρ
2907 2176 3224 2246 ἀναϐέϐηκα
3249 2176 3394 2247 πρὸς
3407 2175 3500 2230 τὸν
3527 2175 3728 2242 Πατέρα

2157 2285 2296 2341 μου⁶
2338 2267 2360 2323 ἰ
2392 2271 2693 2332 τουτέστιν,
2727 2271 2800 2324 Οὐ
2833 2265 3076 2341 προσῆκε
3106 2268 3206 2340 τὴν
3261 2268 3366 2338 σὴν
3421 2267 3728 2338 ἀρέσκειαν,

2153 2363 2255 2434 τῆς
2283 2364 2467 2434 κοινῆς
2496 2364 2755 2436 προνοίας
2795 2363 3069 2435 προτιμᾷν
3092 2401 3108 2427 ,
3139 2361 3242 2415 καὶ
3283 2360 3384 2415 τοῦ
3422 2361 3523 2431 τῆς
3565 2362 3730 2413 οἰκου-

2159 2453 2326 2526 μένης
2346 2453 2371 2492 lt
2403 2453 2795 2524 συμφέροντοςο
2821 2451 2942 2504 οὐδὲ
2969 2448 3060 2503 τὸν
3091 2449 3184 2502 σὸν
3219 2449 3395 2503 πόθον
3410 2445 3733 2517 ἀφοσιούμεο

2155 2564 2266 2609 νον,
2292 2545 2392 2615 τὴν
2417 2545 2475 2597 ὲν
2497 2546 2623 2612 ἐμοὶ
2653 2541 2913 2612 πατρῴαν
2945 2540 3402 2605 συνεπισκιάζειν
3431 2539 3512 2593 ἐτι
3559 2538 3733 2607 θεότη-

2154 2655 2244 2701 τα,
2282 2638 2374 2690 καὶ
2397 2637 2473 2700 ὡς
2502 2633 2778 2707 ἀνθρώπῳ
2800 2633 2944 2704 ψιλῷ
2972 2632 3055 2686 ἐτι
3097 2631 3404 2702 ἀνέχεσθαι
3461 2630 3734 2700 προσιέναι

2160 2747 2283 2802 μοι·
2316 2726 2386 2800 ῆν
2409 2729 2508 2800 μὲν
2538 2728 2650 2799 γὰρ
2678 2728 2786 2782 τῶν
2816 2730 2917 2797 τῆς
2951 2725 3453 2794 συγκαταϐάσεως,
3482 2725 3574 2778 καὶ
3599 2720 3616 2755 ¹
3648 2739 3736 2774 τσο

2156 2822 2506 2891 πεινοτέρων,
2534 2823 2562 2874 ό
2592 2819 2699 2890 πρὸ
2725 2818 2822 2872 τοῦ
2852 2817 3086 2890 σταυροῦ
3113 2818 3317 2889 καιρὸς
3341 2859 3357 2884 ,
3387 2818 3477 2870 ὅτε
3521 2814 3615 2870 καὶ
3660 2813 3738 2867 σοι

2157 2912 2573 2981 παρεχωρεῐτο,
2622 2910 2737 2972 τοῖς
2790 2905 3215 2977 ταπεινοτέροις
3269 2905 3578 2974 λογισμοῖς,
3633 2895 3739 2952 οἷον

2157 3001 2603 3070 ἀναπαυομένην,
2658 2997 3158 3070 ὑποστηρίζεσθαι,
3217 2998 3319 3050 καὶ
3383 2996 3463 3067 μὴ
3507 2993 3641 3065 πρὸς
3676 2992 3741 3045 τὰ

2159 3091 2349 3163 μείζω,
2380 3090 2662 3160 καταρχὰς
2695 3090 2790 3144 καὶ
2812 3089 3028 3161 ἁθρόον,
3057 3088 3503 3168 ὲκὸιαζομένην,
3532 3086 3744 3140 πάντων

2154 3186 2442 3238 ἐκπίπτειν
2465 3186 2561 3236 καὶ
2593 3182 2764 3236 ὑποσύ
2776 3181 2995 3252 ρεσθαι·
3028 3180 3124 3235 νῦν
3149 3179 3244 3244 δὲ,
3263 3181 3382 3236 τῶν
3403 3179 3746 3252 ὑψηλοτέρων

2151 3279 2246 3331 καὶ
2297 3277 2456 3331 θείων
2511 3276 2811 3344 ἐφέστηκεν
2846 3275 2875 3327 ὁ
2926 3275 3135 3344 καιρός.
3161 3274 3432 3337 Θάνατος
3493 3274 3632 3342 γάρ,
3671 3273 3745 3332 είς

2151 3373 2299 3432 νῖκος
2330 3369 2686 3432 καταποθεὶς,
2713 3368 3082 3422 τεθανάτωται
3113 3382 3130 3398 ο
3167 3368 3284 3422 καὶ
3310 3366 3474 3438 ᾅδης,
3507 3365 3616 3419 τῶν
3657 3363 3744 3419 ἀπ’

2150 3464 2346 3528 αἰῶνος
2396 3463 2609 3534 νεκρῶν
2641 3462 2920 3528 κενωθεὶς,
2950 3461 3052 3531 τῆς
3099 3461 3443 3532 τυραννίδος
3499 3458 3750 3527 ἐκϐέϐλη-

2150 3573 2239 3611 ται
2257 3573 2272 3588 ο
2306 3555 2404 3608 καὶ
2435 3554 2662 3626 λαμπρὰ
2697 3553 2838 3608 κατά
2859 3557 3078 3607 πάντων
3101 3551 3339 3624 ἐχθρῶν
3388 3553 3481 3606 διὰ
3509 3553 3608 3623 τῆς
3627 3552 3750 3606 ἀνα-

2151 3649 2393 3711 στάσεως
2442 3647 2647 3718 ἠγέρθη
2705 3646 2774 3700 τὰ
2810 3645 3073 3717 τρόπαια.
3129 3644 3270 3717 Χρὴ
3322 3645 3623 3715 τοιγαροῦν
3662 3643 3750 3696 καὶ

2151 3741 2231 3808 σὲ,
2264 3739 2402 3812 πρὸς
2425 3740 2495 3793 τὰ
2521 3739 2831 3810 ὑψηλότερα
2857 3738 2951 3791 καὶ
2976 3736 3274 3808 θεοπρεπῆ
3318 3737 3418 3792 τὸν
3458 3736 3589 3792 νοῦν
3629 3736 3748 3788 ἀνα-

2148 3834 2446 3906 φέρουσαν,
2480 3833 2678 3904 μηκέτι
2708 3833 2776 3886 τά
2801 3831 3066 3901 πρότερα,
3104 3831 3210 3884 καὶ
3234 3831 3310 3884 τὰ
3346 3831 3453 3902 τῆς
3479 3845 3747 3898 συγκατα-

2148 3926 2381 3992 ϐάσεως,
2406 3926 2712 3996 ἐπιζητεῖν·
2748 3924 2884 3994 μηδὲ
2921 3925 3036 3986 τοῖς
3079 3923 3520 3994 ταπεινοτέροις
3565 3911 3747 3976 ἐναπο-

2151 4019 2355 4092 μένειν,
2390 4019 2485 4072 καὶ
2516 4015 3047 4088 συγκαταφέρεσθαι.
3077 4018 3266 4074 Τοῦτο
3291 4019 3355 4073 δὲ
3386 4016 3746 4089 κατορθοῦσα,

2147 4113 2405 4184 εὑρήσεις
2450 4111 2509 4179 ἐξ
2558 4113 2802 4182 ἑτοίμου,
2839 4110 2933 4165 καὶ
2992 4111 3053 4164 οὐ
3103 4112 3490 4188 σφαλλομένῃ
3540 4109 3747 4182 γνώμῃ.

2147 4202 2210 4258 τὸ
2257 4203 2592 4275 ποθούμενον
2625 4221 2639 4236 ·
2701 4203 2942 4257 λαϐοῦσα
3003 4205 3133 4276 γὰρ,
3175 4204 3249 4268 ἃς
3303 4206 3474 4260 οῦπω
3505 4207 3750 4273 εἴληφας.

2148 4294 2316 4365 ὀρθὰς
2348 4293 2648 4365 ὑπολήψεις
2669 4335 2684 4359 ,
2709 4294 2830 4348 τότε
2859 4295 3058 4366 μᾶλλον
3087 4295 3195 4349 καὶ
3230 4297 3343 4366 τῆς
3399 4295 3754 4368 ὲνανθρωπή-

463 4394 520 4440 et
556 4385 820 4457 majorem
845 4385 1103 4440 ostendes
1134 4383 1388 4438 aﬂ‘ectum
1422 4383 1476 4436 in
1517 4397 1603 4437 me
1629 4383 2041 4447 benevolentiae,

2154 4403 2288 4451 σεως
2325 4385 2417 4440 τὸν
2449 4386 2685 4458 ἄρρητον
2713 4387 2808 4439 καὶ
2848 4387 3105 4456 ὑπερφυᾶ
3155 4386 3489 4458 θαυμάσεις
3535 4387 3751 4458 τρόπον,

463 4494 630 4549 quam
661 4487 745 4534 est
771 4493 893 4550 qua:
917 4476 1224 4541 inhibetur,
1257 4491 1381 4530 cum
1415 4475 1625 4543 abjecte
1652 4492 1736 4529 me
1777 4475 2042 4532 accedere

2154 4478 2246 4531 καὶ
2275 4477 2461 4542 πλέον,
2495 4479 2529 4548 ἢ
2561 4476 2671 4545 ἐγώ
2705 4494 2788 4530 σοι
2811 4477 3079 4544 ἀπεῖπον,
3110 4477 3530 4550 εὐλαϐουμένη
3565 4493 3756 4532 ταπει-

463 4581 520 4626 et
542 4571 880 4642 contingere,
915 4586 1026 4640 prae
1060 4570 1256 4624 timore
1280 4579 1334 4623 et
1360 4570 1686 4634 reverentia,
1723 4585 1831 4624 non
1873 4569 2040 4624 susti-

2154 4569 2250 4634 νῶς
2297 4587 2388 4641 μοι
2438 4570 2718 4641 προσιέναι
2754 4571 2849 4623 καὶ
2891 4569 3272 4638 ἐφάπτεσθαι,
3301 4573 3475 4640 ἀξίαν
3506 4573 3605 4626 καὶ
3662 4571 3757 4644 τῆς

463 4659 686 4724 nueris;
728 4673 941 4728 nempe,
971 4657 1196 4727 dignum
1223 4672 1344 4712 mea
1375 4657 1684 4725 divinitate,
1721 4668 1775 4714 et
1810 4667 1901 4713 tua
1935 4659 2042 4714 lide

2154 4662 2287 4733 ἐμῆς
2314 4663 2587 4732 θεότητος,
2618 4662 2713 4714 καὶ
2739 4663 2839 4732 τῆς
2889 4661 2992 4732 σῆς
3038 4661 3309 4726 ἐντελοῦς
3346 4664 3622 4728 πίστεως,
3646 4662 3758 4713 ἑπι-

460 4749 574 4819 jam
601 4748 873 4805 absoluta.
918 4747 1079 4803 Certe
1111 4747 1257 4818 quod
1288 4764 1394 4802 non
1425 4763 1676 4804 sermone
1701 4749 2041 4805 antecedenti

2154 4753 2338 4820 Ξείξεις
2364 4753 2454 4808 τὸν
2482 4755 2564 4818 είς
2598 4753 2698 4824 ἐμὲ
2733 4754 2899 4807 πόθον
2929 4754 3024 4807 καὶ¹
3053 4753 3162 4823 τὴν
3201 4754 3462 4812 εὔνοιαν.
3500 4758 3627 4810 Ὀτι
3658 4753 3760 4822 γὰρ

465 4840 792 4909 simpliciter
851 4855 883 4894 a
936 4847 1080 4894 tactu
1132 4839 1526 4909 prohibebatur
1553 4841 1645 4894 illa
1689 4840 1912 4906 femina,
1947 4841 2042 4897 sed

2154 4845 2264 4914 οὐχὶ
2280 4844 2380 4914 τῆς
2410 4845 2644 4913 ἐπαφῆς,
2683 4843 3080 4916 προηγουμένῳ
3106 4843 3272 4917 λόγῳ
3292 4848 3398 4900 καλ⁵
3421 4847 3553 4900 καθ’
3579 4845 3758 4907 ἑαυτὸ,

466 4941 677 4987 tantum
713 4932 861 5002 quod
889 4947 958 4988 ex
990 4943 1205 4988 terrena
1242 4941 1294 4988 et
1328 4935 1525 4988 humili
1587 4934 1917 5005 cogitatione
1945 4948 2046 4989 vo-

2154 4935 2203 4988 ιὺ
2239 4935 2463 5003 γύναιον
2493 4935 2787 5002 ἐκωλύετο,
2820 4936 2936 4989 ἀλλ’
2968 4937 3049 4990 ὃτι
3074 4942 3390 5003 ταπεινοῖς
3433 4942 3534 4994 καὶ
3561 4955 3761 5010 χαμαι-

464 5024 611 5080 lebat
667 5034 914 5095 tangere,
973 5025 1349 5094 conjecturam
1405 5027 1614 5081 faciunt
1664 5027 1798 5080 satis
1836 5025 2038 5080 claram

2154 5028 2330 5080 πετέσι
2377 5027 2661 5097 λογισμοῖς
2702 5027 2783 5081 ἔτι
2831 5028 3090 5080 διενοεῖτο
3151 5031 3628 5100 προσάπτεσθαι,
3675 5045 3760 5082 τε·

465 5117 721 5173 mulieres
779 5117 884 5171 illae
913 5117 1035 5172 dure
1090 5133 1212 5188 qua:
1250 5119 1466 5174 obviam
1507 5118 1646 5173 forte
1684 5117 1915 5172 Domino
1949 5117 2044 5172 lie-

2154 5117 2436 5189 ιιμηριοῦσι
2465 5119 2651 5188 σαφῶς
2689 5119 2786 5172 καὶ
2814 5121 2870 5172 αί
2912 5121 3354 5191 συναντῆσασαι
3389 5124 3475 5194 τῷ
3515 5123 3762 5191 Δεσπότῃ

470 5223 614 5277 aaut,
659 5211 880 5282 quibus,
937 5212 1167 5278 Salvete,
1219 5213 1370 5268 salus
1429 5213 1677 5266 omnium
1731 5211 1880 5266 clara
1913 5225 2042 5265 voce

2154 5213 2230 5266 ῑύο
2270 5213 2527 5280 γυναῖκες
2553 5227 2566 5241 ·
2599 5207 2687 5276 αἷς
2747 5213 2808 5264 τό
2835 5229 2916 5278 τε,
2962 5212 3248 5280 Χαίρετε,
3285 5218 3322 5287 ἡ
3359 5220 3591 5272 πάντων
3621 5216 3763 5286 χαρὰ

462 5304 814 5372 pronuntiat;
849 5313 905 5360 et
942 5319 1070 5360 cum
1094 5303 1370 5362 mentibus
1401 5313 1458 5361 et
1489 5303 1749 5358 manibus
1781 5316 2041 5358 consum-

2154 5303 2411 5374 λαμπρῶς
2445 5303 2783 5374 προσφωνεῖ,
2819 5303 2914 5355 καὶ
2942 5301 3054 5355 τῶν
3093 5303 3412 5376 ἀχράντων
3445 5305 3632 5361 ποδῶν
3673 5320 3764 5358 τε·

1739 5478 1979 5536 νΑΙὶΙιΕ
2023 5477 2427 5539 LECTIONES.

533 5597 558 5636 ε
583 5595 646 5649 C.
669 5592 754 5670 HM.
798 5595 1148 5670 συνήνεγκεν.
1212 5594 1320 5670 13¢.
1344 5596 1414 5654 M.
1446 5597 1694 5670 σαυτήνη
1725 5595 1776 5636 h'
1808 5593 1936 5670 add.
1973 5593 2087 5654 καί.
2145 5594 2252 5652 ιϐ.
2282 5591 2352 5650 Μ.
2373 5591 2630 5665 ἔπραττε.
2684 5591 2700 5647 i
2734 5592 2798 5652 ϐ.
2828 5591 2902 5651 Μ.
2941 5590 3280 5666 μετάθεσιν.
3351 5594 3402 5647 i'
3427 5595 3522 5654 ιον.
3563 5593 3766 5664 ταύτηΰ

461 5665 485 5708 ιι
521 5667 606 5721 la.
629 5668 818 5738 τῇονη.
842 5665 1015 5723 (LM;
1040 5668 1248 5724 καὶτοῦ
1266 5672 1379 5735 τοῖς
1405 5671 1514 5724 οίκ.
1602 5665 1648 5706 ἰ
1671 5665 1756 5722 ίσ.
1791 5667 1918 5720 τῶν.
