3876 6216
162 263 257 328 989

1019 259 1121 321 AD
1157 250 1752 318 AMPHILOCHIUM
1788 249 2133 324 QUIESTIO
2187 248 2499 313 CCXVIII.

3282 252 3389 315 990

155 352 514 426 τελειωμέναις
542 353 638 409 καὶ
658 354 820 429 φρεσὶ
842 352 939 409 καὶ
962 352 1151 423 χερσὶν
1174 349 1394 420 ἐφίησιν
1414 347 1703 402 ἅπτεσθαι.

1808 359 1967 398 maiae
1982 351 2185 410 essent,
2233 343 2608 401 immaculatos
2641 346 2806 417 pedes
2838 348 3156 419 contingere
3182 353 3384 418 permi-

166 446 304 503 Ἐπεὶ
324 447 377 501 δὲ
396 445 530 510 τέως
557 446 890 516 ἐφάπτεσθαι
914 443 975 498 τὸ
995 443 1216 512 γύναιον
1265 438 1590 503 ἐκεκώλυτο,
1614 439 1703 492 ἵνα

155 544 221 615 μὴ
259 539 625 612 διαμαρτοῦσα
651 542 752 612 τῆς
793 539 1049 609 σπουδῆς,
1074 538 1156 600 είς
1189 535 1367 604 λύπην
1393 534 1488 586 καὶ
1518 532 1703 600 λογισα-

156 635 273 706 μοὺς
294 632 523 704 ἐμπέσῃ·
545 632 767 687 εὔκολον
786 631 895 703 γάρ
924 630 985 684 τὸ
1011 630 1166 698 γένος
1195 628 1329 697 πρὸς
1355 624 1703 695 ὀλιγοψυχίαν

150 727 235 781 καὶ
256 724 519 779 ὑπόνοιαψ
535 725 623 788 Ὠς
634 723 999 796 παρεώραμαι
1024 721 1129 784 ιὼς
1148 718 1402 789 ἐξουθένη
1411 735 1507 788 μαι
1524 718 1536 769 ι
1557 716 1704 785 οἴμοι

151 818 337 884 λοιπὸν,
357 817 440 880 τίς
459 817 735 887 γένωμαι;
791 816 909 870 Ἵνα
934 810 1025 868 οὖν
1050 813 1126 885 μὴ
1146 812 1282 883 πρὸς
1300 810 1473 865 ταῦτα
1498 810 1700 880 δράμῃ,

149 906 416 981 προλαϐὼν
438 902 611 977 αὐτὴῦ
629 909 655 959 ό
670 905 883 976 Σωτὴρ,
900 905 1234 976 ψυχαγωγεῖ·
1256 903 1370 970 καὶ,
1393 921 1415 953 κ
1439 899 1699 972 Πορεύου,

149 998 291 1068 φησὶ,
320 996 455 1067 πρὸς
487 997 614 1059 τοὺς
665 993 927 1063 ἀδελφούς
969 1012 1093 1065 μου,
1151 994 1243 1048 καὶ
1288 994 1408 1047 είπέ
1442 991 1646 1053 αὐτοῖς’
1678 1008 1696 1040 ι

145 1090 255 1144 δυσὶ
307 1089 552 1161 τρόποις,
603 1088 691 1142 διὰ
746 1086 855 1141 τῶν
903 1087 1165 1157 ῥημάτων
1213 1084 1439 1148 τούτων,
1461 1083 1552 1137 τὸν
1603 1082 1700 1135 τά-

148 1198 299 1254 ραχον
345 1180 666 1234 ἀπελαύνων
701 1180 811 1235 τῶν
830 1179 1127 1249 λογισμῶν,
1155 1180 1251 1231 καὶ
1280 1177 1417 1247 πρὸς
1437 1176 1701 1247 εὐθυμίαν

144 1272 299 1344 αὐτὴν
344 1272 677 1342 παρακαλῶν
701 1288 715 1303 ο
746 1271 829 1325 ἐνὶ
879 1272 996 1341 μὲν,
1027 1271 1219 1341 ὅτιπερ
1256 1269 1425 1339 αὐτὴν
1465 1268 1699 1335 εὐαγγε-

144 1364 374 1435 λίστριαν
404 1364 730 1435 ἐχειροτόνει
755 1364 855 1434 τῆς
887 1362 1237 1424 ἀναστάσεως
1269 1377 1283 1392 ·
1320 1361 1490 1431 ἑτέρῳ
1521 1359 1599 1421 δὲ,
1630 1358 1698 1411 δι’

143 1452 210 1510 ὧν
228 1456 293 1510 τά
318 1457 409 1509 ίσα
440 1457 534 1509 καὶ
561 1458 675 1519 τοῖς
701 1454 989 1526 μαθηταῖς,
1008 1456 1074 1507 δι’
1095 1455 1263 1524 αὐτῆς
1290 1454 1525 1521 ἐκείνης,
1559 1470 1699 1525 παρ-

141 1548 426 1603 εκελεύετο.
464 1550 574 1602 Καὶ
602 1548 710 1618 γάρ
740 1564 874 1617 φησι
903 1565 918 1580 ο
959 1565 977 1599 ι
1016 1547 1127 1600 Καὶ
1160 1545 1282 1599 είπέ
1310 1544 1514 1608 αὐτοῖς,
1542 1547 1696 1599 Ἀναο

1804 434 1895 489 sit.
1922 434 1989 487 At
2022 436 2462 505 quandoquidem
2491 437 2687 492 mulier
2718 442 3035 512 contingere
3066 440 3228 496 vetita
3260 440 3383 506 fuit,

1803 541 1872 582 ne
1896 542 1959 580 ex
1990 527 2237 583 studioso
2261 527 2535 582 desiderio
2564 530 2764 599 rejecto
2787 533 3042 587 maestitia
3074 532 3382 588 alﬁceretur

1802 619 2065 692 (proclive
2088 619 2355 689 siquidem
2381 629 2463 674 est
2485 622 2748 678 muliebre
2762 640 2932 694 genus
2952 627 3006 681 in
3026 626 3386 696 pusillanimi-

1803 724 1966 768 tatem
1993 723 2045 776 et
2072 712 2439 784 suspicionem
2464 724 2810 785 contemptus
2853 728 2905 772 et
2928 718 3243 789 despectus;
3277 736 3385 774 un-

1802 806 1889 870 de,
1915 804 2013 860 Hei
2037 806 2193 871 mihi,
2219 820 2467 875 quaenam
2492 822 2591 877 ego
2623 823 2744 863 sum
2768 808 2809 879 ?)
2834 808 2911 863 Ne
2936 811 3157 878 inquam
3183 814 3250 866 ad
3284 812 3387 866 hu-

1797 899 2043 969 jusmodi
2070 908 2381 955 recurreret
2407 940 2422 964 ,
2456 900 2718 970 prmvenit
2744 915 2864 955 eam
2914 899 3164 957 Salvator
3185 920 3385 959 conso-

1804 992 1988 1051 lando.
2015 1000 2090 1058 et,
2128 1010 2147 1042 ι
2181 990 2345 1056 Vade,
2367 995 2463 1060 ait,
2487 992 2556 1047 ad
2592 991 2792 1047 fratres
2820 1008 2991 1060 meos,
3020 995 3176 1049 etdic
3199 996 3326 1051 illis.
3360 1015 3379 1047 ι

1802 1083 2028 1138 Duobus
2080 1085 2255 1139 modis
2294 1101 2391 1155 per
2445 1085 2607 1139 verba
2661 1084 2765 1139 ista
2809 1086 3201 1140 tumultuantes
3235 1087 3386 1141 able-

1801 1176 1951 1247 gavit
2002 1177 2382 1247 COgitationes,
2432 1187 2486 1231 et
2514 1177 2580 1231 ad
2614 1178 2751 1230 bene
2784 1176 3079 1230 animatam
3109 1191 3233 1232 esse
3258 1191 3380 1231 eam

1800 1267 2047 1321 devocat.
2118 1266 2279 1322 Prior
2321 1277 2425 1331 est,
2462 1267 2605 1338 quod
2646 1268 3089 1337 evangelistriam
3123 1282 3377 1323 resurre-

1799 1357 1997 1413 ctionis
2026 1372 2139 1411 sua:
2166 1372 2287 1411 eam
2315 1356 2443 1410 facit
2478 1377 2491 1411 :
2524 1357 2817 1425 posterior,
2866 1357 3013 1427 quod
3047 1358 3165 1427 ipsa
3193 1372 3289 1428 per
3319 1373 3381 1412 se

1794 1449 2019 1519 jubetur
2072 1449 2437 1517 aequalitatem
2468 1449 2670 1504 habere
2717 1463 2842 1502 cum
2869 1448 3156 1518 discipulis
3182 1465 3198 1515 ;
3229 1448 3383 1503 addit

1797 1542 1966 1605 enim,
1989 1559 2006 1592 ι
2035 1539 2099 1594 Et
2128 1539 2234 1595 illis
2262 1540 2446 1607 dicito,
2473 1540 2725 1595 Ascendo
2746 1540 2813 1595 ad
2836 1539 3054 1594 Patrem
3094 1556 3274 1594 meum
3299 1558 3312 1595 :
3351 1559 3371 1592 ι

140 1641 296 1696 ϐαίνω
327 1641 464 1711 πρὸς
488 1642 581 1694 τδν
612 1639 839 1711 Πατέρα
867 1657 972 1708 μου
1003 1655 1018 1670 ο
1062 1657 1081 1691 ι
1114 1638 1204 1693 ἵνα
1231 1638 1391 1708 εἴπῃς
1417 1648 1459 1676 ιιι
1479 1680 1492 1701 ,
1520 1638 1609 1707 Μή
1634 1654 1693 1690 σε

1799 1634 1955 1703 quasi
1988 1634 2191 1688 diceret
2225 1651 2238 1687 :
2271 1630 2388 1687 Noli
2446 1633 2651 1687 tristari
2691 1633 2837 1703 quod
2878 1648 2965 1687 me
2997 1642 3216 1701 tangere
3266 1646 3377 1686 non

137 1732 379 1799 λυπείτω,
410 1732 493 1787 ὅτι
540 1731 952 1804 προσάπτεσθαι
983 1748 1085 1802 μου
1112 1729 1415 1784 διεκώλυσα
1448 1746 1462 1761 ·
1493 1729 1553 1781 οὐ
1584 1732 1693 1798 γὰρ

139 1824 408 1896 παρορῶν,
443 1823 478 1894 ἢ
504 1823 841 1895 ἐνυϐρίζων,
872 1823 1031 1877 τοῦτο
1061 1821 1275 1895 ἔπραξα
1297 1838 1311 1852 ο
1352 1820 1468 1874 ἀλλ’
1500 1824 1533 1891 ἡ
1585 1822 1696 1874 τῶν

134 1916 466 1987 πραγμάτων
497 1917 680 1985 φύσις,
706 1918 803 1971 καὶ
836 1920 932 1987 τῆς
964 1916 1101 1987 ἐμῆς
1132 1915 1388 1987 προνοίας
1420 1914 1515 1967 καὶ
1553 1916 1697 1967 οίκο-

136 2008 319 2078 νομίας
351 2011 379 2062 ὁ
409 2009 655 2080 ἄρρητος
686 2008 908 2079 θεσμὸς,
939 2013 1097 2062 τοῦτο
1113 2010 1336 2079 κρατεῖν
1366 2008 1458 2059 ἐπὶ
1479 2008 1695 2061 πάντων

134 2096 367 2166 βούλεται
392 2115 405 2127 ·
441 2100 535 2151 καὶ
560 2100 713 2152 οὐδὲν
750 2098 896 2164 ἔξεις
927 2098 1170 2165 ἔλαττον,
1202 2100 1249 2151 εἰ
1279 2100 1353 2170 μὴ
1382 2099 1480 2151 καὶ
1509 2098 1694 2163 πλέον,

129 2187 221 2259 τῆς
249 2189 344 2258 σῆς
372 2190 613 2261 σπουδῆς
657 2190 717 2243 οὒ
750 2190 1181 2261 συντελεσθήσης
1208 2198 1258 2248 η.
1305 2186 1433 2245 Ἰδοὺ
1473 2191 1581 2261 γάρ
1635 2207 1696 2243 σε

129 2277 216 2331 καὶ
261 2283 487 2352 κήρυκα
520 2282 744 2350 πέμπω,
781 2284 890 2344 τοῖς
920 2282 1214 2352 μαθηταῖς,
1242 2282 1341 2352 τῆς
1379 2281 1520 2352 ἐμῆς
1558 2283 1693 2335 ἀνα-

130 2368 358 2433 στάσεως
396 2386 413 2402 ο
451 2371 733 2434 κάκείνοις
767 2370 847 2436 δέ,
882 2372 948 2425 τὰ
977 2372 1116 2425 αὑτά
1152 2389 1254 2440 σοι,
1287 2372 1694 2443 διακελεύομαι,

125 2457 334 2525 ειδέναι,
382 2461 524 2534 πρὸς
556 2462 647 2515 τὸν
679 2463 901 2533 Πατέρα
932 2481 997 2531 με
1029 2462 1411 2529 ἀναϐαίνοντα,
1452 2465 1545 2516 καὶ
1593 2481 1697 2534 μη·-

126 2550 234 2603 κέτι
266 2554 387 2616 ταῖς
438 2554 737 2625 προτέραις
793 2554 971 2621 δόξαις
1030 2556 1422 2626 ὑποφέρεσθαι,
1463 2555 1697 2609 ταπεινὰ

125 2644 571 2715 φανταζομένους
606 2647 733 2719 περὶ
772 2647 907 2718 ἐμοῦ
940 2649 1033 2702 καὶ
1077 2648 1415 2717 ἀνθρώπινα,
1464 2648 1697 2702 συνοδοι-

123 2738 300 2805 πορείν
329 2739 499 2791 πάλιν
535 2746 583 2803 ο,
620 2739 695 2802 ὡς
722 2740 782 2791 τὸ
818 2743 948 2811 πρὶν
974 2782 989 2805 ,
1023 2742 1117 2794 καὶ
1169 2741 1545 2810 συνδιαφέρειν
1599 2741 1697 2793 πό-

123 2840 238 2888 νους
271 2829 366 2881 καὶ
394 2829 577 2890 λύπας
601 2871 616 2895 ,
648 2829 889 2900 συνεχῶς
914 2848 972 2884 τε
1009 2831 1399 2903 ἐπιχωριάζειν
1436 2831 1532 2884 καὶ
1564 2848 1694 2885 συν-

121 2919 414 2984 αλίζεσθαι.
445 2923 519 2975 Σὺ
565 2922 621 2976 δέ
679 2940 769 2991 μοι
814 2923 1028 2987 σκόπει,
1062 2924 1211 2987 ὅπως
1246 2925 1339 2977 καὶ
1368 2922 1692 2991 ἀδελφοὺς,

1799 1727 2174 1796 permiserim;
2208 1739 2385 1795 neque
2413 1724 2559 1779 enim
2583 1723 2910 1794 despiciens,
2938 1735 3033 1777 aut
3070 1732 3122 1778 te
3153 1724 3378 1791 insuper

1797 1818 2005 1872 habens
2026 1817 2160 1871 illud
2194 1816 2315 1887 egi;
2350 1816 2444 1871 sed
2479 1831 2660 1869 rerum
2680 1816 2921 1885 ipsarum
2953 1824 3144 1881 status,
3174 1823 3229 1869 et
3258 1830 3357 1868 na-

1797 1919 1941 1974 tura,
1993 1917 2047 1961 et
2096 1908 2181 1962 lex
2235 1922 2371 1962 mete
2423 1908 2778 1977 providentia:
2844 1915 2899 1961 et
2946 1908 3376 1975 dispensationis

1798 1999 2114 2061 ineﬁabilis,
2172 1999 2223 2052 id
2284 1998 2357 2052 ita
2401 1998 2517 2052 vult
2551 1999 2821 2065 imprimis
2868 1998 3116 2053 obtinere
3153 2016 3167 2051 :
3201 2015 3378 2067 neque

1798 2092 1981 2147 minus
2013 2092 2108 2145 tibi
2150 2091 2276 2158 erit,
2309 2091 2354 2145 si
2384 2106 2491 2145 non
2527 2105 2580 2145 et
2610 2092 2809 2160 majus,
2874 2090 2921 2145 si
2998 2091 3103 2143 hoc
3150 2090 3373 2145 deside-

1799 2186 1937 2238 rium
1966 2194 2117 2239 tuum
2160 2165 2266 2237 non
2288 2183 2668 2253 adimpleatnr.
2706 2185 2843 2237 Ecce
2882 2197 2982 2252 ego
3039 2184 3291 2237 nuntium
3327 2194 3379 2237 te

1797 2279 2216 2332 resurrectionis
2275 2292 2410 2331 meae
2470 2277 2534 2329 ad
2586 2276 2887 2344 discipulos
2945 2276 3135 2347 ahlego
3169 2294 3181 2330 :
3216 2286 3269 2329 et
3312 2292 3377 2330 ea

1798 2387 1919 2439 qua:
1977 2371 2084 2424 illis
2137 2369 2231 2424 tibi
2283 2370 2445 2423 etiam
2504 2368 2771 2421 annuntio
2840 2368 3189 2437 intelligenda
3231 2385 3243 2421 :
3295 2366 3378 2421 Mc

1797 2465 2094 2517 ascendere
2141 2463 2207 2516 ad
2248 2460 2504 2526 Patrem;
2548 2478 2648 2515 nec
2706 2469 2765 2514 ut
2818 2460 2950 2513 olim
3012 2460 3379 2530 imaginentur

1796 2555 2036 2609 humano
2064 2569 2213 2608 more
2241 2561 2296 2607 et
2332 2553 2565 2622 abjeclo,
2620 2569 2707 2607 me
2737 2554 2945 2608 scilicet
2977 2570 3084 2609 una
3114 2569 3239 2608 cum
3272 2555 3379 2609 illis

1797 2647 2225 2708 ambulaturum,
2281 2654 2377 2700 aut
2434 2646 2649 2701 labores
2700 2656 2794 2700 aut
2828 2647 3105 2702 molestias
3146 2648 3379 2702 ulterius

1797 2740 2178 2803 toleraturum,
2237 2736 2547 2807 frequenter
2594 2740 2661 2793 de
2690 2740 2813 2794 loco
2853 2740 2906 2793 in
2940 2740 3119 2795 locum
3148 2743 3373 2807 iturum,

1797 2842 1890 2888 aut
1920 2847 2121 2886 mensae
2148 2832 2550 2886 accubiturnm.
2583 2833 2813 2887 Attende
2862 2834 3024 2887 etiam
3058 2834 3205 2901 quod
3258 2849 3378 2887 ser-

1796 2939 1989 2978 mones
2028 2938 2213 2978 serens
2264 2939 2387 2979 cmn
2424 2924 2674 2988 muliere,
2717 2924 2911 2992 fratres
2943 2927 3177 2993 appellet
3205 2925 3379 2978 disci-

120 3009 175 3061 ὲν
202 3014 313 3075 τοῖς
369 3013 519 3083 πρὸς
562 3013 661 3084 τὴν
716 3016 951 3083 γυναῖκα
1000 3015 1261 3084 ῥήμασιν,
1292 3015 1419 3077 τοὺς
1449 3014 1698 3084 μαθητὰς

1799 3016 1957 3086 pulos
2017 3030 2148 3071 suos
2187 3031 2200 3068 :
2237 3017 2312 3068 ita
2342 3018 2566 3071 omnino
2597 3018 2956 3071 conﬁdentem
2989 3034 3106 3071 eam
3154 3021 3379 3073 reddere

118 3108 471 3178 ἐπωνόμασε,
496 3106 719 3177 θαρρεῖν
747 3106 916 3176 αὐτὴν
960 3106 1049 3159 διὰ
1086 3108 1304 3160 πάντων
1337 3108 1695 3179 παρασκευά-

118 3197 240 3265 ζων,
264 3198 362 3252 καὶ
419 3197 592 3268 μηδὲν
644 3197 885 3267 λυπηρὸν
928 3197 1305 3268 ὑποδέχεσθαι.
1346 3198 1401 3251 '0
1431 3198 1540 3265 γὰρ
1587 3195 1696 3250 τῶν

114 3289 354 3361 ἀδελφῶν
382 3289 492 3361 τὴν
516 3288 706 3359 κλῆσιν
726 3292 838 3352 τοῖς
872 3289 1141 3359 μαθηταῖς
1166 3288 1544 3360 χαριζόμενος,
1576 3287 1696 3344 εἶτα

113 3382 310 3454 ταύτην
364 3381 605 3443 ἐκείνοις
652 3381 1023 3451 συναριθμῶν,
1054 3382 1149 3434 καὶ
1182 3381 1294 3435 τῶν
1332 3380 1462 3434 ἰσων
1507 3382 1693 3448 ἀξιῶν,

113 3475 287 3528 πᾶσαν
341 3474 523 3544 αὐτῆς
564 3471 762 3543 λύπην,
785 3472 879 3526 καὶ
921 3472 1155 3541 ὑποψίας
1183 3470 1403 3538 ἐξέϐαλε
1445 3472 1691 3544 θόρυϐον.

113 3566 293 3636 Σοφῶς
327 3567 390 3621 δὲ
440 3566 585 3630 λίαν,
621 3567 716 3619 καὶ
750 3564 1088 3635 θεοπρεπῶς,
1122 3568 1212 3617 καὶ
1245 3567 1323 3631 τὸ,
1360 3585 1378 3617 ι
1428 3567 1573 3637 Πρὸς
1603 3566 1695 3619 τὸν

109 3660 325 3732 Πατέρα
361 3677 510 3730 μου,
540 3665 631 3711 καὶ
688 3658 905 3727 Πατέρα
938 3658 1122 3726 ὑμῶν,
1160 3676 1179 3708 ι
1222 3658 1363 3710 κατὰ
1411 3656 1694 3728 διαστολὴν

107 3754 419 3824 προηνέχθη
476 3754 569 3804 καὶ
616 3750 895 3804 διάστασιν
922 3764 938 3783 ⁸
972 3749 1080 3802 τῶν
1133 3748 1416 3801 συλλαϐῶν
1456 3748 1535 3818 τῷ
1576 3765 1695 3801 συν-

103 3843 282 3915 δέσμῳ
302 3886 318 3910 ,
347 3846 456 3915 τῆς
488 3843 595 3896 τῶν
636 3841 979 3913 πραγμάτων
1002 3840 1265 3909 διαφορᾶς
1314 3841 1407 3892 καὶ
1440 3841 1695 3912 ἑτερότη-

102 3953 189 4001 ⁴τος
228 3937 733 4007 ἐπιτρανουμένης.
771 3934 861 4003 Τῷ
898 3934 995 4003 μὲν
1028 3932 1135 4003 γάρ
1157 3932 1431 3997 ἰδιάζοντι,
1462 3931 1563 4002 τὴν
1587 3932 1691 4001 φύ-

102 4046 183 4083 σιν
208 4030 389 4095 ἔδειξε
410 4048 424 4059 ε
454 4027 536 4097 τῷ
571 4026 626 4079 δέ
650 4025 833 4096 κοινῷ,
875 4025 973 4095 τὴν
1002 4024 1163 4095 χάριν
1199 4026 1490 4095 ἐμήνυσεν.
1526 4025 1691 4078 Ὅσον

100 4121 153 4174 δὲ
179 4121 371 4191 φύσις,
408 4120 636 4192 χάριτος
668 4119 761 4171 καὶ
792 4115 1065 4178 υἱοθεσίας
1104 4115 1410 4187 διενήνοχεν
1435 4133 1449 4147 ’
1483 4117 1540 4169 ἐν
1565 4134 1691 4169 τοσ-

100 4212 241 4281 ούτῳ
264 4213 479 4295 μέτρῳ
514 4211 611 4279 τῆς
648 4207 942 4277 ὑπεροχῆς,
979 4208 1072 4259 καὶ
1102 4208 1135 4276 ἡ
1172 4206 1309 4278 πρὸς
1332 4207 1422 4260 τὸν
1452 4207 1547 4261 ἕνα
1594 4208 1691 4262 καὶ

104 4306 374 4375 μονογενῆ
421 4301 521 4356 τοῦ
567 4300 779 4371 Πατρὸς
824 4300 945 4352 κατ’
990 4299 1180 4352 οὐσίαν
1223 4299 1427 4369 σχέσις,
1474 4303 1573 4370 τῆς
1623 4303 1688 4353 ἐκ

1798 3102 2031 3164 volebat,
2067 3118 2167 3156 nec
2193 3104 2493 3173 quidquam
2534 3106 2717 3159 animo
2765 3107 3139 3161 molestiarum
3177 3110 3379 3162 admit-

1797 3204 1932 3251 tere.
1971 3197 2073 3261 Qni
2108 3197 2254 3251 enim
2289 3196 2519 3252 fratrum
2554 3200 2738 3254 titulos
2770 3201 3055 3270 discipulis
3104 3204 3374 3264 attribuit,

1796 3296 1849 3340 et
1878 3286 1932 3339 in
1964 3288 2156 3346 eodem
2192 3303 2424 3343 numero
2452 3305 2577 3343 cum
2609 3291 2714 3344 illis
2764 3307 2823 3345 se
2855 3292 3062 3354 habuit,
3112 3296 3227 3361 pari
3280 3295 3374 3348 ho-

1796 3390 1929 3429 nore
1987 3378 2262 3447 dignatus,
2322 3388 2471 3432 certe
2531 3395 2749 3433 omnem
2803 3381 2870 3434 ab
2903 3398 2963 3435 ea
2999 3384 3277 3437 tristitiam
3323 3396 3381 3439 et

1796 3468 2133 3537 suspicionis
2163 3470 2458 3524 tumultum
2487 3474 2711 3525 exeruit.
2738 3471 3222 3543 Valdequinetiatn
3250 3493 3383 3546 pru-

1795 3560 1985 3614 denter
2011 3569 2065 3614 et
2100 3559 2285 3614 divino
2339 3576 2508 3625 more,
2553 3561 2665 3627 illa,
2709 3582 2726 3612 ι
2776 3563 2854 3616 Ad
2902 3562 3117 3618 Patrem
3163 3581 3371 3630 meum,

1794 3659 1849 3704 ct
1879 3650 2120 3704 ‘Patrem
2176 3660 2438 3717 vestrum,
2478 3671 2496 3704 ι
2534 3668 2627 3722 per
2655 3655 3083 3722 discrepantiam
3133 3656 3377 3711 cﬂerun-

1794 3755 1905 3814 tur,
1958 3759 2012 3804 et
2047 3749 2408 3817 distantiam;
2451 3751 2580 3804 dum
2631 3753 2964 3823 syllabarum
2998 3757 3373 3825 copulatione,

1794 3856 1977 3894 rerum
2017 3843 2312 3897 diversitas
2344 3854 2398 3896 et
2457 3844 2733 3899 altereitas
2761 3847 3004 3901 eﬂ‘ertur.
3037 3848 3203 3902 Planc
3227 3852 3374 3904 enim

1793 3946 1890 4001 per
1925 3932 1977 3985 id
2010 3935 2154 4000 quod
2191 3935 2470 4001 proprium
2522 3944 2627 3996 est,
2664 3945 2913 3990 naturam
2947 3940 3184 3992 ostendit
3217 3957 3230 3991 :
3277 3955 3373 4008 per

1792 4025 1843 4079 id
1878 4026 2022 4094 quod
2076 4040 2389 4087 commune,
2431 4025 2672 4079 declarat
2724 4028 2983 4095 gratiam.
3016 4028 3073 4082 ln
3104 4042 3370 4097 quantum

1791 4129 1983 4172 natura
2038 4118 2349 4186 disparatur
2405 4132 2433 4170 a
2491 4118 2687 4188 gratia,
2732 4119 2785 4171 in
2818 4128 3027 4173 tantum
3068 4136 3163 4189 per
3193 4124 3372 4178 excel-

1790 4210 1970 4265 lentia:
2004 4213 2242 4274 modum,
2291 4210 2811 4276 Patris,secundutn
2849 4216 3168 4280 essentiam,
3210 4218 3370 4272 habi-

1792 4302 1945 4369 tudo,
1976 4303 2043 4357 ad
2077 4304 2298 4359 unicum
2335 4305 2760 4373 et'unigenitum
2796 4303 3017 4370 Filium,
3082 4316 3366 4364 transcen-

101 4371 531 4468 φιλανθρωπίας
548 4392 643 4445 καὶ
666 4392 875 4454 οἴκτου,
900 4390 1035 4461 πρὸς
1065 4390 1190 4453 τοὺς
1230 4390 1421 4454 ἄλλους
1450 4393 1687 4463 σχέσεως

1795 4398 1865 4450 dit
1902 4397 2143 4451 habitum
2170 4412 2296 4467 erga
2329 4396 2467 4450 alios
2499 4371 2793 4459 liliatinnis,
2826 4413 2948 4467 qua:
2981 4400 3050 4452 ab
3077 4399 3361 4456 hominum

99 4491 480 4562 ὑπεμνὲχεν
510 4485 604 4537 καὶ
654 4482 1011 4553 ύπερίδρυται
1062 4482 1160 4534 καὶ
1187 4484 1215 4534 ό
1270 4485 1566 4553 μονογενὴς
1610 4484 1687 4550 δὲ,

97 4576 250 4647 δῆλον
275 4577 391 4639 ὅτι,
425 4571 541 4625 τῶν
573 4570 781 4623 πολλῶν
806 4570 958 4633 υἱῶν,
981 4569 1121 4642 [καὶ]
1150 4571 1243 4634 οὓς
1272 4573 1302 4642 ἡ
1342 4575 1500 4643 χάρις
1534 4574 1692 4627 ὲκυο-

96 4670 327 4741 φόρησε·
348 4666 464 4732 διὸ,
486 4660 714 4729 Πατέρα
743 4678 882 4731 μου,
902 4660 1095 4726 εἰπὼν,
1127 4664 1242 4728 καὶ,
1266 4664 1324 4716 τὸ
1349 4668 1572 4733 γνήσιον
1590 4666 1691 4736 τῆς

96 4762 339 4828 φύσεως,
375 4755 465 4827 τῷ
490 4752 745 4819 ἰδιάζοντι
780 4751 1068 4823 ἀφορίσας,
1094 4754 1210 4820 καὶ,
1242 4754 1472 4824 Πατέρα
1498 4756 1689 4826 ὑμῶν,

92 4855 405 4925 ἐπενήνοχε
430 4890 448 4915 ,
479 4849 576 4916 τὴν
628 4849 691 4899 ἐκ
726 4845 1038 4914 φιλοτιμίας
1071 4844 1219 4899 θέσιν
1249 4850 1344 4899 καὶ
1385 4849 1689 4920 εἰσποίησιν

90 4946 196 4997 τῶν
271 4940 608 4999 ἀποστόλων
669 4936 1199 5008 παραστησάμενος·
1255 4938 1482 5004 καὶτὸ,
1541 4942 1690 4995 Θεόν

84 5055 202 5104 μου
226 5079 243 5104 ,
275 5038 341 5091 δὲ
391 5033 498 5089 καὶ
519 5072 536 5097 ,
590 5032 738 5085 Θεὸν
768 5028 958 5100 ὑμῶν,
993 5029 1129 5101 πρὸς
1162 5029 1261 5101 τὴν
1294 5032 1462 5102 αὐτὴν
1502 5032 1691 5102 βλέπει

86 5129 365 5191 διάνοιαν,
396 5126 502 5178 καὶ
538 5125 637 5193 τῆς
674 5123 840 5191 αὐτῆς
878 5118 1106 5190 γνώμης
1146 5120 1345 5191 ᾕρηται
1379 5133 1425 5175 P.
1459 5124 1556 5176 Διὰ
1589 5126 1687 5194 μὲν

86 5220 195 5291 γὰρ
214 5220 347 5285 τοῦ,
372 5216 535 5271 Θεόν
563 5232 701 5284 μου,
723 5213 783 5265 τὸ
801 5210 1059 5279 συγγενὲς
1089 5211 1181 5264 τοῦ
1212 5212 1330 5275 ἐνὸς
1372 5215 1465 5267 καὶ
1490 5218 1689 5270 οἰκεῖον

87 5307 663 5383 περιλαμϐανόμενον
727 5302 1164 5374 ἁνακηρύττεται
1196 5320 1211 5335 ο
1275 5304 1365 5359 διὰ
1418 5306 1476 5360 δὲ
1542 5307 1636 5360 τοῦ
1667 5351 1684 5375 ,

1786 4505 1973 4544 amore
2001 4500 2053 4544 et
2087 4490 2434 4543 miseratione
2486 4490 2661 4542 oritur
2692 4506 2706 4542 :
2756 4491 3044 4555 exaltatur,
3088 4493 3232 4561 quod
3263 4508 3362 4561 ap-

1787 4590 1956 4651 paret,
1994 4582 2308 4649 unigenitus
2339 4595 2503 4651 super
2533 4583 2737 4637 multos
2791 4584 2933 4639 ﬁlios
2973 4600 3115 4654 quos
3151 4588 3365 4655 peperit

1785 4686 1837 4730 et
1866 4677 2155 4744 parturivit
2181 4676 2396 4745 gratia;
2451 4675 2667 4731 Patrem
2697 4693 2868 4731 meum
2910 4679 3114 4733 idcirco
3148 4678 3358 4747 dicens,

1785 4782 1883 4835 per
1916 4766 1967 4820 id
1999 4766 2147 4835 quod
2204 4766 2483 4836 proprium
2543 4774 2650 4831 est,
2713 4778 2919 4822 natura:
2944 4770 3359 4837 germanitatetn

1787 4872 2069 4925 separatis,
2101 4856 2331 4919 addidit,
2359 4865 2410 4910 et
2440 4856 2657 4909 Patrem
2705 4867 2954 4921 vestrum,
2990 4858 3223 4913 innuens
3270 4860 3357 4913 ni-

1785 4949 1985 5003 mirum
2015 4949 2361 5019 adoptionem
2408 4958 2462 5003 et
2492 4950 2833 5004 allectionem
2891 4953 3259 5020 apostolorum
3294 4970 3357 5008 ex

1785 5041 1990 5093 amoris
2014 5040 2352 5093 vehementia
2384 5056 2396 5092 :
2450 5040 2614 5093 etiam
2650 5039 2806 5105 illud,
2861 5040 3027 5094 Deum
3087 5060 3280 5108 meum,
3310 5056 3361 5097 et

1785 5131 1955 5185 Deum
1980 5142 2229 5195 vestrum,
2265 5131 2510 5185 eamdem
2552 5132 2882 5185 sententiam
2931 5134 3171 5209 respicit,
3206 5144 3260 5188 et
3292 5138 3361 5188 al)

1784 5224 1975 5277 eodem
2007 5240 2172 5279 sensu
2225 5224 2428 5279 dicitur
2466 5241 2480 5279 :
2516 5240 2640 5277 nam
2676 5240 2768 5294 per
2798 5224 2966 5278 Deum
2999 5244 3195 5289 meum,
3229 5242 3361 5279 con-

1788 5330 2049 5385 generum
2078 5316 2243 5373 unius
2268 5324 2324 5372 et
2350 5315 2646 5385 peculiare,
2684 5318 3181 5390 circumscriptum,
3221 5332 3359 5387 prte—

1413 5517 1647 5578 VARIAS
1676 5518 2084 5576 LECTIONES.

186 5700 235 5732 II
275 5688 454 5759 εἴπῃ.

564 5695 592 5724 π
620 5686 684 5742 C.
708 5686 778 5744 Μ,
803 5688 1267 5757 συντελεσθείσης.
1347 5682 1453 5739 oC.
1484 5681 1554 5738 M.
1582 5681 1705 5754 ἐμοὶ
1730 5680 1902 5739 deest.
1981 5684 2009 5726 ι’
2042 5680 2128 5737 la’.
2160 5680 2415 5752 ἤρτηται.
2447 5678 2509 5737 C.
2542 5676 2614 5733 Μ.
2648 5678 2883 5751 εἴρηται.
