3854 6216
466 219 566 284 991
861 233 866 239 “
1636 223 1896 285 ΡΗΟΤΙῙ
1933 223 2438 287 ΡΛΤΗΙΑΒΟΗΕ
2474 228 2585 291 CP.
3608 233 3714 297 992

460 333 678 386 dicatur
713 349 726 386 :
761 346 860 402 per
883 327 1038 400 illud,
1072 332 1241 388 Deum
1282 343 1534 395 vestrum.
1583 333 1880 387 multorum
1918 345 1982 386 se:

2193 332 2298 386 εόν
2320 332 2507 402 ὑμῶν,
2540 333 2652 387 τῶν
2680 332 2892 388 πολλῶν
2934 334 2996 389 τὸ
3019 335 3203 391 δοῦλον
3231 338 3325 392 καὶ
3347 337 3590 412 ὑπήκοον
3617 359 3714 400 και

456 423 582 478 vilis
607 424 868 490 conditio.
899 435 955 479 et
977 425 1264 495 subjectio,
1293 435 1348 482 et
1380 425 1525 496 quod
1552 439 1845 480 commune
1870 423 1978 494 qui:

2185 430 2200 477 i
2247 424 2745 498 δεδημιουργῆσθαι
2800 429 3272 500 κοινοποιούμενον
3319 431 3707 492 ἔπιδείκνυται.

449 515 574 570 dam
607 525 711 580 est,
747 517 1036 586 productio
1057 526 1418 573 monstratur.
1446 516 1603 572 Patet
1624 515 1770 570 enim
1803 514 1971 569 omnii

2191 514 2307 587 ἧλον
2331 517 2462 588 γὰρ,
2489 518 2648 590 δῆλον
2679 519 2904 586 ἅπασιν,
2932 519 3037 588 δτι,
3068 519 3259 594 ὥσπερ
3287 523 3458 577 ἐνίοτε
3486 525 3549 578 τὸ
3578 525 3713 580 ὑπο-

447 621 684 674 cunctrs.
720 613 865 682 quod
897 620 958 666 ut
1007 611 1278 666 interdum
1317 610 1368 666 id
1417 608 1562 689 quod
1612 607 1925 678 subjicitur,

2190 608 2372 679 εϐηκδς
2400 611 2495 663 καὶ
2531 611 2986 683 παρηλλαγμένον
3005 652 3021 679 ,
3051 615 3084 684 ἢ
3113 613 3173 667 τὸ
3203 615 3488 687 ὑπερέχων
3513 627 3542 667 (ι
3566 657 3581 680 ,
3617 618 3712 672 διὰ

446 706 589 775 quod
633 706 978 771 immutatur,
1009 715 1104 760 aut
1134 705 1388 776 superius
1419 704 1654 768 exsistit,
1686 718 1783 774 per
1811 717 1968 758 vocer

2183 702 2235 772 ἧς
2288 701 2405 768 τοῦ,
2435 702 2604 772 ἐμοῦ,
2645 705 2832 776 φωνῆς
2889 707 3279 777 ἐνσημαίνεται
3303 723 3319 738 ⁸
3352 706 3499 762 οὕτω
3520 710 3705 776 πάλιν,

322 856 329 862 ,
445 813 640 862 meum,
672 800 954 853 intimatur
981 816 997 866 ;
1032 799 1104 852 ita
1134 812 1344 862 rursus,
1371 795 1602 866 aequale,
1631 807 1838 879 congen

2182 793 2229 847 ιὶ
2259 795 2320 847 es
2352 795 2466 849 ἴσον
2502 796 2599 850 καὶ
2634 797 2896 866 συγγενὲς
2923 799 3019 852 καὶ
3064 799 3458 870 γνησιώτατον,
3485 802 3574 855 διὰ
3603 803 3704 872 τῆς

443 899 498 944 et
536 890 775 944 maxime
834 889 1155 961 genuinum,
1192 903 1288 957 per
1329 885 1576 941 eamdem
1630 885 1805 954 ipsam
1837 897 1965 937 voce

2183 885 2304 956 Βτῆς
2329 887 2794 960 χαρακτηρίζεται
2823 888 3042 956 λέξεως.
3091 890 3253 945 Ἀλλὰ
3280 891 3458 946 ταῦτα
3485 895 3589 962 μέν
3618 912 3705 947 σοι

445 983 735 1038 indicatur.
792 983 918 1039 Haec
971 999 1069 1052 ego
1136 980 1230 1034 tibi
1287 978 1341 1033 in
1393 977 1673 1047 exemplar
1732 975 1967 1030 delineai

2183 978 2267 1048 ρὸς
2289 978 2641 1033 ὑποτύπωσιν
2665 980 2982 1052 διεχὰραξα,
3010 982 3108 1053 τῆς
3130 983 3229 1052 μὲν
3270 983 3576 1049 ὑποθέσεως
3607 1003 3705 1038 τα-

444 1075 612 1128 Inulto
641 1074 901 1129 humilius
933 1087 1095 1143 quam
1129 1070 1440 1141 postulabat
1465 1079 1872 1142 argumentum,
1906 1082 1966 1122 ou

2182 1072 2464 1142 εινότερον,
2490 1071 2591 1144 τῆς
2621 1072 2679 1126 δὲ
2718 1071 2842 1126 κατ’
2866 1073 3156 1147 ἐπιστολὴν
3184 1075 3408 1147 χρείας,
3441 1076 3570 1142 ἴσως
3599 1077 3704 1132 οὐκ

443 1167 573 1220 nino
599 1176 779 1220 tamen
809 1181 916 1219 non
947 1164 1166 1230 exilius,
1189 1165 1235 1217 si
1267 1163 1513 1234 epistolae
1542 1178 1677 1219 usus
1705 1161 1965 1218 consideri

971 1164 1166 1230 :xilius,
1189 1165 1235 1217 si
1267 1163 1513 1234 epistolae
1542 1178 1677 1219 usus
1705 1161 2026 1218 considere-
2127 1162 2493 1235 ἐνδεέστερον.

443 1268 548 1312 tur.

546 1373 872 1441 QUIESTIO
937 1374 1170 1436 CCXIX.
1211 1374 1399 1447 [CoisL
1456 1370 1690 1438 CLXIV,
1744 1369 1913 1424 Taur.

1638 1370 1690 1438 ν,
1744 1369 1913 1424 Taur.
2652 1365 2991 1422 ΕΡΩΤΗΣΙΣ
3017 1366 3160 1421 Σιθι.

1102 1466 1352 1540 CLXIII].
3233 1473 3236 1476 '

620 1583 762 1633 Edita
779 1598 806 1633 a
829 1584 1129 1635 Montacutio
1156 1585 1259 1647 (ep.
1286 1585 1395 1646 138,
1429 1583 1490 1633 ad
1511 1583 1843 1640 Theodorum,
1868 1595 1918 1644 p.
1955 1578 2063 1639 193,
2095 1576 2142 1626 ιε

1988 1578 2063 1639 93,
2095 1575 2297 1636 194).-
2316 1573 2393 1625 De
2420 1571 2600 1626 Christi
2622 1573 2804 1623 sudore
2821 1575 3111 1637 sanguineo.
3144 1573 3267 1624 Luc.
3293 1588 3414 1637 xxn,
3433 1576 3510 1625 ιι.

510 1669 858 1726 Proverbium
919 1680 1214 1740 usurpatur
1253 1673 1320 1726 de
1355 1671 1527 1726 .valde
1579 1671 1911 1739 lugentibus,
1963 1677 2018 1722 et

2190 1662 2467 1734 Παροιμία
2521 1660 2765 1730 λέγεται,
2808 1661 3042 1714 ἐπὶτῶν
3093 1659 3296 1733 σφόδρα
3341 1661 3701 1730 λυπουμένων

435 1778 662 1832 agonem
719 1763 1073 1832 patientibus,
1110 1762 1434 1833 Sanguinem
1490 1761 1743 1826 sitdarit;
1786 1771 1957 1814 uteti

2178 1755 2216 1808 il.
2245 1753 2626 1823 ἀγωνιώντων,
2650 1753 2861 1822 Αἵματι
2887 1750 3143 1820 ἵδρωσεν
3163 1768 3177 1782 ’
3207 1749 3395 1824 ὥσπερ
3457 1754 3550 1806 καὶ
3601 1756 3700 1808 ἐπὶ

438 1855 504 1909 iis
542 1855 635 1923 qui
687 1857 881 1910 acerbe
937 1857 1328 1922 lamentantur,
1354 1855 1674 1926 Sanguinem
1715 1855 1914 1924 plorat.
1957 1859 1960 1906 :

2179 1844 2228 1900 ὂν
2259 1844 2472 1916 πικρῶς
2500 1843 2864 1915 ὀδυρομένων,
2885 1842 3100 1912 Αἵματι
3126 1843 3338 1895 κλαίει.
3366 1842 3429 1895 El
3459 1842 3558 1913 μὲν
3597 1841 3701 1896 οὖν

436 1946 560 2014 quis
584 1945 650 1999 ad
685 1946 936 2000 eumdem
1002 1947 1226 2002 modum
1289 1947 1584 2001 arbitretur
1634 1945 1928 2001 deductum

2175 1939 2262 1992 ιτὰ
2299 1937 2488 1990 τοῦτόν
2513 1953 2598 2000 τις
2641 1933 3074 2006 πεπαρῳδῆσθαι
3115 1933 3330 2004 νομίσοι
3359 1934 3452 1988 τὸν
3490 1937 3697 2003 τρόπον

437 2049 759 2108 usurpatum
793 2039 921 2094 illud
955 2041 1097 2110 apud
1131 2041 1350 2094 beatum
1385 2039 1610 2106 Lucam,
1643 2038 1842 2112 (neque
1865 2037 1959 2094 eni

2176 2027 2264 2080 ὺδὲ
2321 2026 2432 2097 γὰρ
2478 2024 2588 2078 τῶν
2653 2023 2914 2078 τοιούτων
2962 2022 3298 2094 μαθημάτων
3349 2024 3379 2076 ό
3418 2022 3556 2094 ἀνὴρ
3599 2025 3698 2077 ἀν-

437 2131 520 2184 vir
547 2131 656 2195 ille,
689 2133 986 2188 illiusmodi
1017 2133 1280 2188 doctrinae
1341 2133 1531 2188 leviter
1557 2134 1798 2191 imbutus
1837 2134 1959 2208 fuit)

2171 2119 2322 2190 ιοος),
2353 2120 2450 2172 καὶ
2473 2118 2533 2171 τὸ
2561 2117 2714 2188 παρὰ
2741 2115 2820 2187 τῷ
2857 2113 3130 2186 θεσπεσίῳ
3162 2116 3344 2187 Δουκᾷ
3376 2117 3693 2186 εἰρημένον,

441 2239 461 2273 ι
499 2220 687 2277 Fiebat
713 2233 894 2278 autem
927 2225 1095 2279 sudor
1121 2223 1240 2292 ejus
1271 2233 1528 2296 tanquam
1561 2227 1846 2296 sanguinis
1876 2205 1963 2297 grt

2188 2212 2433 2282 Ἐγένετο
2457 2210 2513 2264 δὲ
2535 2210 2563 2262 ὁ
2591 2207 2752 2279 ἱδρὼς
2775 2206 2960 2274 αὑτοῦ,
2991 2208 3122 2260 ὡσεὶ
3151 2205 3378 2279 θρόμϐοι
3401 2209 3651 2279 αἵματος·
3668 2231 3687 2261 ι

435 2313 508 2366 mi
543 2331 556 2366 :
592 2332 611 2364 ι
649 2315 816 2369 habes
853 2315 904 2369 id
931 2316 1076 2384 quod
1105 2316 1410 2386 quarebas.
1440 2315 1596 2382 Quod
1628 2318 1675 2371 si
1701 2318 1797 2372 tibi
1828 2318 1957 2374 visu:

2169 2321 2257 2375 ςεις
2278 2303 2339 2357 τὸ
2353 2302 2594 2375 ζήτημα.
2611 2299 2672 2354 Ei
2691 2300 2749 2354 δὲ
2766 2299 3189 2372 περιεργότερον
3205 2299 3584 2372 ὲπινενοῆσθαί
3605 2318 3691 2356 σοι

434 2406 706 2462 curiosius
757 2407 826 2462 de
856 2408 958 2462 hoc
987 2408 1138 2464 dicto
1169 2409 1517 2466 inventiones
1553 2410 1808 2479 adjicere,
1860 2426 1951 2467 cer

2167 2397 2266 2451 ιῦτο
2297 2395 2439 2460 δόξει
2467 2409 2482 2424 ·
2507 2394 2623 2450 ἀλλ’
2652 2389 2748 2447 οὖν
2775 2395 2950 2447 έκεῖνο
2969 2391 3200 2446 αὐτόθεν
3221 2393 3334 2464 ἔχει
3355 2393 3414 2446 τὸ
3442 2393 3689 2460 εῦκολον,

433 2511 530 2564 per
579 2497 819 2566 seipsum
879 2497 1037 2554 facile
1086 2499 1394 2569 expeditur,
1459 2500 1605 2568 quod
1635 2501 1955 2555 cumdixeri

2173 2508 2211 2554 ι,
2257 2506 2276 2540 ι
2323 2488 2468 2541 Ὠσεὶ
2497 2485 2724 2558 θρόμϐοι
2760 2485 3041 2556 αῖματος,›
3077 2482 3280 2550 εἰπὼν,
3307 2485 3369 2539 οὐ
3415 2485 3695 2558 θρόμϐους

438 2607 457 2640 ι
495 2590 650 2656 quasi
683 2591 860 2660 grumi
890 2593 1202 2664 sanguinis,
1246 2613 1267 2646 ι
1321 2610 1430 2649 non
1481 2595 1744 2650 indicavit
1777 2596 1960 2651 sudas:

2166 2582 2332 2652 ρῶσαι
2357 2581 2670 2652 ἀπεφήνατο
2709 2579 2944 2650 αἵματος
3003 2577 3087 2649 (οὐ
3116 2577 3225 2650 γὰρ
3263 2578 3329 2632 ἂν
3362 2577 3688 2649 καθ’όμοιὸ-

433 2683 586 2734 illum
614 2683 900 2753 sanguinis
937 2701 1162 2754 grumos
1191 2703 1204 2739 :
1249 2701 1428 2756 neque
1457 2684 1604 2743 enim
1644 2687 1714 2742 ad
1745 2688 1955 2742 similitt

2166 2693 2242 2746 ,τοι
2313 2674 2518 2728 τούτων
2600 2674 2812 2745 εἰρήκει
2889 2671 3141 2742 γενέσθαι
3204 2672 3330 2735 τοὺς
3404 2670 3636 2741 ἱδρῶτας
3671 2689 3688 2702 ·

431 2774 615 2828 dinem
656 2791 845 2831 eorum
875 2777 1106 2834 dixisset
1142 2779 1372 2836 sudores
1422 2781 1701 2836 exstitisse
1731 2798 1744 2834 :
1775 2792 1830 2836 at
1881 2791 1953 2834 ιω

2168 2770 2261 2825 ὖτο
2307 2770 2417 2842 γὰρ
2479 2769 2668 2840 σαφῶς
2714 2767 2979 2840 δηλονότι,
3043 2767 3104 2820 τὸ
3155 2768 3328 2821 «ὡσεὶ
3369 2767 3624 2840 θρόμϐοι,
3661 2787 3685 2819 ι

430 2880 591 2934 quam
628 2869 825 2936 grumi,
868 2869 975 2922 hoc
997 2871 1174 2940 ipsum
1201 2871 1472 2941 praacipue
1502 2870 1698 2926 docet:
1725 2879 1872 2926 certe
1905 2885 1952 2925 vr

2172 2865 2423 2938 ιρίστησι)
2445 2882 2459 2897 °
2491 2864 2658 2918 θέλων
2688 2863 2745 2916 δὲ
2799 2861 2999 2934 μᾶλλον
3038 2860 3299 2932 δηλῶσαι,
3324 2861 3398 2923 ὡς
3438 2861 3558 2932 οὐχὶ
3592 2863 3694 2915 λε-

431 2955 532 3008 luit
556 2955 607 3009 id
643 2957 1016 3023 subindicare,
1045 2961 1191 3029 quod
1221 2976 1330 3014 non
1364 2960 1565 3029 exiguo
1595 2960 1836 3031 quodam
1873 2975 1953 3014 τοι

2174 2961 2270 3021 παῖς
2298 2975 2405 3011 τισι
2424 2957 2616 3022 νοτίσι,
2649 2955 2742 3008 καὶ
2758 2949 2872 3008 οἷον
2898 2953 3174 3020 ἐνδείξεως
3203 2953 3361 3024 χάριν
3393 2953 3696 3022 ἐπιφαινο-

428 3045 810 3103 eii'undebatur
865 3028 1077 3121 corpus
1115 3052 1350 3117 Domini,
1406 3028 1474 3106 ad
1525 3028 1759 3121 speciem
1788 3062 1950 3105 tantm

2171 3067 2316 3115 vutg,
2343 3049 2404 3104 τὸ
2421 3046 2749 3102 Δεσποτικδν
2771 3043 3041 3108 ἐνοτίζετο
3071 3045 3248 3115 σῶμα,
3290 3045 3405 3099 ἀλλ’
3439 3046 3512 3108 ὡς
3539 3045 3649 3116 ἀλη
3669 3075 3693 3086 -

428 3153 761 3209 apparente;
786 3143 880 3198 sed
913 3144 1058 3212 quod
1093 3147 1360 3200 veraciter
1395 3145 1449 3200 in
1475 3160 1682 3200 morem
1711 3145 1950 3214 grandiul

2175 3160 2206 3206 ις
2236 3143 2415 3212 ἁδρῶν
2439 3140 2715 3210 σταγόνων
2734 3138 2914 3208 δίκην,
2953 3138 3075 3191 ὅλον
3132 3141 3248 3202 τοῖς
3284 3136 3467 3209 ἱδρῶσι
3516 3154 3654 3209 περι
3675 3169 3697 3179 ο

427 3241 700 3300 guttarum
756 3235 1140 3289 distillautium
1170 3276 1187 3300 ,
1235 3238 1550 3292 universum
1630 3237 1750 3306 ejus
1795 3251 1949 3306 corpt

2177 3232 2386 3298 τάζετοο
2411 3233 2538 3296 τοὺς
2586 3231 2698 3286 τῶν
2740 3231 2991 3302 αἱμάτων
3020 3228 3314 3301 θρόμϐους,
3373 3231 3451 3292 είς
3491 3231 3699 3285 εἰκόνα

425 3322 724 3387 diilluebat,
761 3333 816 3378 et
845 3325 896 3378 id
933 3336 993 3379 ut
1018 3328 1258 3394 doceret,
1293 3329 1360 3383 ad
1388 3330 1682 3401 imaginem
1719 3329 1797 3384 rei
1829 3339 1947 3400 gest

2155 3323 2188 3378 ηῦ
2250 3323 2614 3396 γεγενημένου
2678 3323 3038 3392 παρείληφεν.
3107 3322 3324 3393 Ἑδήλου
3385 3321 3442 3374 δὲ
3511 3322 3623 3392 ἄρα
3656 3363 3677 3386 ,

422 3413 856 3482 exprimendam,
891 3419 1172 3488 sanguinis
1198 3437 1446 3488 grumos
1503 3423 1798 3490 assumpsit
1828 3421 1882 3476 in
1917 3436 1944 3475 s

2176 3432 2283 3487 περ
2321 3415 2421 3469 καὶ
2442 3415 2530 3469 διὰ
2551 3415 2651 3485 τῆς
2685 3414 3046 3482 ὲντεταμένης
3075 3410 3408 3483 προσευχῆς,
3435 3411 3529 3464 καὶ
3573 3411 3698 3481 τῆς

423 3502 807 3558 militudinem.
860 3505 1223 3565 Manifestavit
1268 3521 1471 3576 autem,
1524 3512 1945 3582 quemadmodul

2179 3506 2293 3572 ίλῆς
2345 3505 2606 3573 ἀγωνίας,
2643 3501 2786 3556 οὕτω
2843 3502 2938 3556 καὶ
3003 3502 3092 3555 διὰ
3143 3501 3240 3572 τῆς
3276 3499 3386 3553 τῶν
3427 3499 3701 3570 ἱδρώτων

421 3607 518 3660 per
541 3595 913 3650 continuatam
933 3599 1234 3654 orationem
1259 3612 1314 3655 et
1333 3601 1686 3655 multifariam
1709 3601 1943 3672 agonian

2161 3600 2423 3670 ιχύτητος,
2457 3596 2534 3662 ὡς
2571 3595 2729 3664 φύσει
2759 3596 2852 3648 καὶ⁵
2888 3593 3128 3665 ἀληθῶς,
3155 3593 3274 3646 ἀλλ’
3303 3592 3403 3646 οὐκ
3451 3592 3683 3645 ἐπιδεί-

421 3687 493 3740 ita
544 3702 641 3757 per
706 3690 924 3746 sudoris
982 3694 1066 3746 sui
1120 3694 1564 3759 crassitudinem,
1627 3695 1772 3763 quod
1810 3705 1862 3748 et
1893 3710 1943 3765 pi

2202 3692 2300 3746 καὶ
2328 3689 2621 3762 φαντασίᾳ,
2651 3687 2937 3759 ἄνθρωπός
2971 3703 3031 3740 τε
3075 3686 3446 3757 ἐχρημάτισεν
3473 3687 3501 3740 ὁ
3551 3687 3695 3740 Σω-

420 3789 669 3834 uaturam
701 3793 756 3836 et
789 3783 1090 3840 secundum
1123 3787 1429 3852 veritatem,
1485 3803 1593 3842 non
1637 3803 1734 3857 per
1769 3802 1942 3843 remon

2178 3802 2210 3852 ι,
2267 3783 2360 3838 καὶ
2419 3784 2530 3846 τοῖς
2576 3782 2826 3852 φυσικοῖς
2874 3779 2982 3832 τῶν
3014 3777 3320 3850 ἀνθρώπων
3373 3777 3467 3831 καὶ
3509 3777 3700 3832 ἀδια-

417 3884 733 3929 strationem
761 3885 814 3930 et
841 3879 1236 3946 apparentiam,
1283 3881 1468 3943 homo,
1525 3880 1783 3936 Serv-ator
1840 3881 1939 3935 dice

2176 3883 2306 3951 iter;
2333 3881 2718 3950 ὑπηρετησατο
2751 3876 2972 3930 πάθεσι.
3013 3875 3184 3929 Τοῦτο
3214 3875 3322 3944 γὰρ
3352 3875 3483 3927 αὐτὸ
3514 3876 3618 3927 καὶ
3659 3878 3698 3930 ὁ

415 3962 574 4016 batur
601 3982 614 4018 :
644 3967 902 4036 quodque
937 3970 1276 4024 naturalibus
1327 3971 1610 4025 hominum
1650 3980 1704 4026 et
1742 3972 1937 4040 inculp:

2177 3970 2362 4038 ςπότης
2386 3969 2568 4040 ἔργοις
2603 3965 2895 4039 παριστὰς,
2928 3968 3022 4020 καὶ
3063 3966 3138 4030 ὡς
3183 3967 3304 4037 οὐχὶ
3338 3966 3478 4020 κατὰ
3517 3965 3699 4021 θείαν

416 4053 485 4107 tis
535 4053 819 4110 aﬂ‘ectibus
882 4057 1232 4116 inserviebat.
1281 4060 1395 4117 Hoc
1425 4078 1548 4117 cum
1603 4065 1784 4134 reipsa
1822 4080 1938 4118 mon

2178 4079 2268 4126 rw,
2301 4060 2415 4114 ἀλλ’
2438 4061 2497 4114 ἐν
2521 4062 2586 4131 τῇ
2617 4059 2935 4131 ἀνθρωπίνῃ
2969 4059 3028 4112 τὸ
3061 4059 3234 4124 πάθος
3280 4058 3499 4124 ἐδέξατο
3519 4097 3536 4122 ,
3571 4063 3700 4115 καὶ

414 4156 590 4201 strare
652 4149 812 4204 vellet
867 4148 1153 4218 Dominus,
1215 4163 1269 4208 et
1317 4156 1462 4223 quod
1497 4155 1642 4210 haud
1679 4157 1936 4211 secundm

2169 4149 2450 4221 οο-ηύξατο,
2479 4150 2572 4203 καὶ
2599 4148 2870 4219 ὴγωνίασε
2892 4191 2908 4216 ,
2947 4148 3042 4203 καὶ
3077 4150 3202 4212 τοὺς
3272 4151 3466 4220 παχεῖς
3510 4149 3616 4202 ὲκε
3630 4153 3691 4204 Ξ-

411 4241 648 4295 divinam
687 4253 958 4310 naturam,
985 4245 1082 4301 sed
1114 4246 1168 4300 in
1204 4247 1460 4310 humana,
1511 4248 1818 4318 passionem
1851 4249 1933 4302 sul

2177 4261 2206 4306 ς
2251 4245 2346 4297 καὶ
2381 4242 2800 4313 παραπλησίους
2829 4241 3062 4313 αἵματος
3100 4241 3395 4314 θρόμϐους,
3428 4241 3697 4312 ἱδρῶτας

413 4332 537 4396 iret,
599 4333 800 4396 oravit,
835 4334 891 4387 in
945 4335 1140 4404 agonia
1192 4348 1552 4394 versaretur:
1604 4355 1820 4396 crassos
1856 4341 1935 4395 illc

2178 4337 2393 4408 Ξρωσεν.
2428 4335 2641 4406 Μηκέτι
2692 4334 2786 4388 οὖν
2827 4352 2910 4389 σοι
2937 4335 3032 4390 τοῦ
3079 4337 3416 4404 Εὑαγγελίου
3456 4336 3579 4389 τόδε
3613 4339 3700 4394 τὸ

411 4433 466 4477 et
518 4425 826 4481 condensos
878 4429 1108 4484 sudores
1178 4431 1486 4498 exsudavit,
1521 4433 1616 4502 qui
1663 4433 1933 4502 sanguine;

2174 4385 2995 4501 ῥῖοἷῖιέέρζξέὲῐςρὸαζζέιιξίέιςὲζ
3009 4385 3146 4483 ’τσῖῷ
3159 4385 3376 4500 Ξὲὶῶῥῇ
3392 4385 3480 4491 λι»,
3494 4385 3620 4500 ὲᾷη
3630 4385 3696 4496 ξς

408 4519 618 4585 grumis
672 4518 1140 4577 assimilabantur.
1204 4521 1364 4577 Nullo
1417 4525 1580 4579 modo
1643 4535 1930 4596 quaproptt

2173 4525 2250 4590 εἴ,
2281 4522 2555 4592 εὐπρεπὲς
2607 4521 2798 4593 νόμιζε
2831 4538 2845 4552 ·
2883 4523 3000 4577 ἀλλ’
3032 4523 3108 4586 ὡς
3163 4521 3316 4576 οὐδὲν
3367 4520 3695 4590 ἀδύνατον,

407 4609 553 4677 apud
593 4618 645 4664 te
678 4611 765 4666 hic
795 4611 946 4667 locus
979 4613 1252 4684 Evangelii
1280 4616 1610 4678 rescidatur,
1646 4615 1790 4672 haud
1818 4617 1929 4672 esti

2175 4615 2284 4669 λλον
2315 4615 2374 4667 δὲ
2402 4613 2500 4667 καὶ
2543 4613 2663 4667 λίαν
2693 4614 3007 4681 ἀκόλουθον,
3036 4616 3094 4668 ὲν
3138 4612 3285 4683 αὐτῷ
3326 4614 3697 4684 περιεχόμε-

408 4716 738 4772 congruum;
783 4716 1074 4775 utcunque,
1106 4706 1252 4777 quod
1280 4707 1536 4771 aiiirmas,
1567 4709 1720 4779 Syris
1747 4710 1930 4777 quibus

2177 4749 2195 4775 ,
2225 4707 2406 4771 καλῶς
2460 4709 2739 4776 ἐπιγνοὺς,
2773 4711 2887 4772 τοῖς
2939 4707 3118 4771 ἄλλοις
3148 4707 3466 4760 συντάσσων
3491 4705 3694 4772 θείοις

405 4795 533 4846 dam
561 4796 629 4849 ita
655 4797 828 4850 visum
858 4809 942 4854 est
976 4817 990 4854 :
1023 4798 1119 4854 sed
1147 4810 1407 4870 tanquam
1439 4800 1576 4854 nihil
1610 4800 1927 4868 impossibih

2080 4802 2367 4872 χρησμοῖς,
2395 4797 2751 4870 ἁναμφιϐόλῳ
2780 4801 2972 4870 γνώμῃ
3004 4798 3437 4866 συναναγίνωσκε
3465 4808 3512 4850 ι’.

408 4903 594 4943 verum
630 4889 786 4946 facile
819 4893 1234 4958 adnnttendum,
1287 4894 1379 4947 illo
1413 4902 1562 4948 textu
1630 4893 2001 4957 contineatur,
2045 4893 2121 4949 ita
2195 4893 2364 4964 probe
2415 4895 2663 4964 recipito,
2712 4909 2838 4949 cum
2905 4891 3132 4961 reliquis
3165 4891 3366 4946 divinis
3413 4889 3697 4947 oraculis

401 4990 796 5047 annumin-ato,
843 4994 897 5038 et
951 4984 1071 5038 sine
1122 4985 1460 5039 dubitatione
1509 4987 1656 5038 omni
1704 4998 1834 5037 cura
1897 4983 2084 5054 legito.

505 5095 830 5165 QUAZSTIO
883 5099 1352 5244 (ΞΟΧῖἓωέῗρῖῗι,
1422 5101 1608 5156 CLXV
1698 5101 1862 5159 Taur.

1576 5101 1608 5156 ν
1698 5101 1862 5159 Taur.
2616 5100 2946 5154 ΕΡΩΊἪΣΙΣ
2974 5101 3098 5156 ΣΚ’.

944 5289 1086 5341 Edita
1108 5307 1136 5341 ει
1159 5290 1454 5341 Montacutio
1477 5291 1578 5354 (ep.
1607 5289 1712 5352 139,
1743 5293 1804 5342 ad
1831 5293 2165 5360 Theodorum,
2188 5313 2238 5362 p.
2269 5299 2516 5365 retusa).
2545 5328 2602 5338 —
2629 5302 2685 5352 In
2718 5302 2968 5390 Matth.‘v,
2989 5303 3066 5353 28.

467 5393 605 5450 Cum
648 5397 818 5452 multa
861 5398 991 5455 mihi
1037 5402 1386 5472 suppeditant
1417 5403 1669 5472 (licenda,
1725 5407 1868 5464 unde
1895 5407 1965 5462 li-

2179 5411 2328 5465 Ιολλά
2357 5411 2456 5482 μὲν
2476 5415 2648 5468 εἰπεῖν
2665 5418 2806 5470 ἔνων
2859 5409 3014 5471 δι’ῶν
3037 5413 3152 5468 ἐστι
3186 5411 3370 5482 σαφῶς
3404 5412 3701 5483 ὶπιγνῶο.

1679 5571 1914 5630 VARM‘]
1942 5571 2235 5632 LECTION
2243 5572 2347 5629 ES.

466 5677 607 5734 «ιῖσ.
638 5680 920 5752 ὑπερέχον.
1004 5693 1022 5720 τ
1057 5682 1118 5740 (3,
1153 5683 1222 5738 Μ.
1256 5683 1613 5753 ἀναγίνωσκε.
