3854 6216
210 232 298 300 993

1146 228 1244 287 AD
1267 217 1857 284 AMPHILOCIIIUM
1906 214 2250 288 QUIESTIO
2287 212 2500 274 CCXX.

3338 191 3443 253 994

207 366 302 410 ναι,
336 345 408 409 ὡς
436 343 557 415 οὐχὶ
585 342 755 415 βαρὺς
788 341 908 395 οὐδέ
932 340 1215 404 ἀδύνατος,
1250 338 1387 393 ἀλλὰ
1417 338 1512 391 καὶ
1559 335 1760 403 κοῦφος
1789 383 1796 393 ,

1902 332 2007 388 uod
2063 329 2323 403 cognosci
2358 325 2578 397 poterit,
2632 323 2777 393 quod
2817 319 3241 387 haudquaquam
3273 325 3447 379 grave

209 441 287 493 καὶ
310 437 559 507 χρηστὸς,
584 436 613 488 6
636 432 969 495 Δεσποτικὸς
994 433 1197 497 ἐκεῖνος
1222 429 1488 501 χρησμὸς,
1515 429 1544 481 6
1572 427 1768 494 ὶέγων,

214 551 229 582 ‹
269 532 371 591 lli;
401 529 429 579 6
455 526 669 596 βλέπων
686 526 921 593 γυναῖκα
951 523 1087 589 πρὸς
1110 523 1171 574 τὸ
1195 523 1533 591 ἐπιθυμῆσαι
1558 518 1729 588 αὐτὴν
1754 558 1770 583 ,

211 623 294 690 ἤδη
328 619 645 689 ἐμοίχευσεν
681 618 854 687 αὐτὴν
886 618 945 668 ὲν
968 617 1034 685 τῇ
1067 614 1265 684 καρδίᾳ
1296 612 1483 666 αὐτοῦ’
1516 633 1535 662 ρ
1589 612 1773 663 ἐκεῖνα

211 711 333 772 τέως
367 711 486 761 κατ’
517 707 808 777 ἐπιστολήν
840 705 971 778 [σοι]
1006 705 1118 775 ἐρῶ
1153 721 1164 734 ’
1221 705 1302 757 ὅτι
1332 702 1570 773 πρῶτον,
1597 718 1772 771 χρεω-

214 803 432 871 στοῦμεν
482 802 529 853 οἱ
578 801 674 870 τῆς
725 799 969 871 χάριτος,
1002 797 1163 851 πλέον
1190 814 1263 861 τι,
1281 795 1391 848 τῶν
1419 796 1476 847 ἐν
1505 795 1656 864 νόμῳ
1687 793 1774 863 βε-

214 895 509 959 ϐιωκότων,
581 890 906 961 κατορθοῦν.
950 890 1061 943 Καὶ
1118 890 1217 959 οὐχ
1271 886 1475 957 ὁμοίως
1530 887 1776 953 πέφυκεν

212 986 447 1056 ἐκατέρῳ
484 986 640 1055 μέρει
688 984 863 1054 βαρὺς
908 982 1009 1052 τῆς
1049 980 1373 1049 νομοθεσίας
1407 981 1441 1049 ή
1472 978 1727 1047 ἀκρίϐεια
1758 993 1774 1007 ο

212 1077 335 1131 ἀλλὰ
383 1076 448 1128 τὸ
498 1074 909 1153 έκείνοιςΙῖσως
962 1071 1122 1136 δόξαν
1175 1071 1345 1141 βαρὺ,
1376 1072 1507 1140 ἡμῖν
1561 1069 1776 1139 σύμμε-

211 1187 323 1240 τρον
357 1172 457 1222 καὶ
500 1167 774 1238 ἐλαφρόν·
816 1168 912 1220 καὶ
963 1165 1025 1217 τὸ
1081 1167 1211 1235 ἡμῖν
1266 1164 1524 1226 τοιοῦτον,
1551 1162 1777 1225 ἐκείνοις

210 1268 260 1318 οὐ
287 1262 552 1317 τοιοῦτον.
581 1263 704 1324 Τοῖς
738 1260 836 1330 μὲν
864 1260 972 1331 γὰρ
1001 1260 1158 1329 μόνον
1192 1258 1504 1328 ἀπέτρεπεν
1538 1257 1565 1308 6
1591 1256 1775 1325 νόμος,

209 1359 239 1412 ἃ
273 1357 344 1427 μὴ
377 1356 538 1423 θέμις
568 1357 745 1407 ποιεῖν
779 1369 793 1383 ·
827 1352 1058 1421 δύναμιν
1093 1350 1150 1402 δὲ
1183 1349 1438 1418 οὐδεμίαν
1471 1347 1774 1417 ἐχαρίζετο,

212 1449 336 1521 πρὸς
372 1450 477 1519 την
506 1446 615 1499 τῶν
668 1443 1140 1516 νομοθετηθέντων
1199 1441 1565 1512 ἐκπλήρωσιν.
1620 1439 1780 1508 Ἡμῖν

207 1544 258 1595 δέ
287 1542 502 1611 μεγάλη
539 1538 763 1607 γέγονεν
798 1538 831 1607 ἡ
860 1536 949 1588 διὰ
975 1534 1069 1587 τοῦ
1104 1534 1485 1604 βαπτίσματος
1534 1530 1632 1585 καὶ
1671 1530 1781 1582 τῶν

209 1635 377 1687 ἄλλων
399 1632 616 1703 δωρεῶν
659 1629 972 1700 ἐπικουρία,
1025 1625 1358 1694 κουφίζουσα
1403 1626 1587 1693 σχεδὸν
1634 1623 1780 1677 ἅπαν

1873 429 1945 479 sit
1974 434 2069 479 aut
2094 421 2454 492 impossibile,
2486 418 2617 488 quin
2652 425 2840 471 contra
2864 416 2978 468 leve
3006 421 3059 465 et
3092 406 3443 467 conveniens,

1874 518 2091 573 Domini
2130 514 2349 572 eﬂatum
2397 513 2551 577 illud,
2588 530 2606 562 ι
2641 508 2829 563 Omnis
2887 506 2979 575 qui
3035 502 3323 556 mulierem
3361 496 3447 549 in-

1874 622 2086 676 tuetur,
2146 611 2213 665 ad
2261 609 2410 663 illam
2473 599 2988 670 concupiscendam,
3045 596 3157 665 jam
3190 594 3243 646 in
3283 591 3448 645 corde

1874 722 1975 760 suo
1998 702 2378 772 constupravit
2414 698 2560 752 illam
2595 713 2606 747 :
2642 714 2660 744 ι
2695 692 2784 745 illa
2816 706 2912 760 per
2953 695 3276 757 przcscntem
3334 681 3442 749 epi-

1876 793 2073 847 stolam
2111 790 2207 845 tibi
2248 802 2559 858 suggeram.
2596 781 2799 849 Nempe
2853 778 2906 830 in
2949 776 3141 845 primis
3174 772 3318 841 quod
3349 784 3451 824 nos

1877 880 1971 947 qui
2019 879 2123 933 sub
2153 879 2325 945 gratia
2371 875 2629 937 vivimus,
2664 869 2847 924 debito
2905 876 3148 920 tenemur
3182 861 3449 923 obstricti,

1878 970 2051 1025 multo
2102 969 2257 1038 plura
2320 966 2461 1020 bona
2520 960 2804 1032 operandi,
2856 972 3022 1026 quam
3088 954 3179 1022 qui
3209 952 3310 1007 sub
3338 951 3455 1019 lege

1879 1063 2259 1119 versabantur.
2318 1058 2427 1112 Nec
2475 1055 2725 1109 alterutri
2776 1053 2917 1121 parti
2972 1064 3041 1103 ex
3090 1060 3245 1114 {equo
3276 1042 3456 1113 gravis

1877 1165 1960 1209 est
2011 1161 2200 1207 exacta
2261 1150 2396 1219 legis
2447 1144 2810 1217 promulgatio
2854 1160 2867 1195 :
2913 1153 3097 1194 verum
3168 1135 3313 1204 quod
3352 1131 3458 1186 illis

1879 1248 2113 1302 fortasse
2157 1260 2321 1316 grave
2388 1242 2693 1303 videbatur,
2718 1236 2874 1290 nobis
2899 1231 3119 1303 perinde
3153 1239 3456 1296 congruum

1881 1353 1934 1394 ct
1963 1338 2273 1409 expeditum
2312 1334 2580 1389 videbitur
2617 1350 2629 1385 :
2695 1340 2859 1397 atque
2892 1326 2943 1380 id
2984 1323 3129 1393 quod
3192 1320 3349 1374 nobis
3381 1327 3461 1371 ta-

1881 1431 2137 1488 liusmodi
2171 1429 2360 1493 fuerit,
2394 1427 2537 1481 baud
2588 1424 2661 1478 ita
2699 1422 2805 1475 illis
2844 1414 3201 1487 comparebit.
3241 1411 3353 1465 illis
3405 1409 3460 1463 id

1882 1525 2057 1581 solum
2103 1521 2385 1576 interdixit
2433 1520 2540 1579 lex,
2601 1516 2745 1585 quod
2790 1522 3009 1583 patrare
3056 1508 3136 1561 las
3169 1521 3275 1559 non
3312 1502 3456 1556 fuit:
3508 1526 3521 1539 -

1884 1615 1977 1669 sed
2010 1612 2213 1667 nullam
2262 1608 2643 1679 superaddidit
2674 1605 2984 1659 facultatem
3033 1596 3291 1666 implendi
3339 1608 3462 1662 qua:

208 1728 261 1780 τὸ
284 1686 568 1795 δυσχερὲς,
604 1722 697 1776 καὶ
747 1686 873 1773 τῶν.
902 1686 1156 1789 πονηρῶν
1203 1686 1540 1786 πνευμάτων
1567 1715 1665 1783 τὴν
1695 1716 1784 1783 ὁρ-

1900 1722 2007 1777 ιθςο
2031 1704 2387 1774 jubebantur.
2415 1698 2582 1753 Nobis
2614 1697 2743 1766 quid
2778 1695 2980 1765 grande
3032 1686 3333 1759 adjumenti
3371 1698 3462 1737 ac-

212 1812 309 1881 μὴν
370 1812 475 1863 οὐκ
525 1810 672 1862 ἐῶσα
716 1808 998 1880 τυραννίδι
1049 1806 1174 1861 καθ’
1218 1806 1375 1874 ἡμῶν
1422 1803 1781 1868 ἐπιτίθεσθαι,

213 1905 342 1977 μόνῃ
397 1904 452 1955 δὲ
485 1905 551 1973 τῇ
600 1902 844 1973 ἡμετέρᾳ
892 1900 1161 1971 ῥᾳστώνῃ,
1195 1901 1288 1953 καὶ
1344 1894 1455 1951 οἷον
1511 1898 1787 1951 ὑποκαταο

211 1995 405 2061 κλίσει,
437 1993 847 2064 παραχωροῦσα
884 1990 1111 2064 [αὐτοῖς]
1180 1991 1278 2061 τὴν
1313 1990 1579 2043 ἐπίθεσιν.
1624 1990 1787 2040 Ὥστε

210 2090 252 2139 εἰ
275 2089 351 2157 μή
377 2105 431 2140 τι
452 2086 846 2158 ἀκριϐέστερον
868 2088 1020 2155 ἡμῖν,
1060 2087 1205 2157 ἥπερ
1232 2084 1462 2147 ἐκείνοις
1494 2082 1790 2155 [ἐ]νενομο-

210 2179 424 2248 θέτητο,
460 2180 541 2241 είς
561 2178 874 2230 τουναντίον
906 2176 972 2229 ἂν
995 2178 1029 2247 ἡ
1059 2176 1152 2229 τοῦ
1182 2176 1318 2229 Θεοῦ
1355 2176 1670 2246 δικαιοσύνη
1695 2174 1791 2227 καὶ

209 2271 515 2339 χρηστότης
565 2268 974 2339 περιέστραπτο
995 2279 1017 2305 θ
1045 2307 1060 2332 ,
1102 2269 1134 2337 ἡ
1146 2266 1261 2336 μῶν
1293 2284 1353 2319 τε
1396 2266 1503 2320 τῶν
1529 2266 1791 2337 μεγίστης

210 2362 532 2433 ἐπικουρίας
612 2362 884 2430 τυχόντων
914 2399 930 2424 ,
1004 2361 1271 2412 κάκείνων
1343 2360 1453 2411 τῶν
1523 2358 1792 2429 μηδεμιᾶς

210 2452 468 2531 τοιαύτης
497 2450 972 2514 ἀπολελαυκότων,
1006 2448 1102 2519 τὴν
1141 2450 1309 2521 αὐτὴν
1360 2448 1667 2520 ἀκρίϐειαν,
1699 2449 1794 2500 καὶ

210 2544 267 2596 τὸ
284 2547 391 2615 τῆς
408 2542 686 2606 πολιτείας
708 2540 1111 2611 παραπλήσιον,
1148 2540 1586 2610 ἀπαιτουμένων·
1615 2538 1711 2593 καὶ
1735 2540 1793 2591 ἐν

211 2636 285 2708 τῷ
309 2637 489 2705 ἀνίσῳ
504 2636 603 2705 τῆς
622 2634 905 2704 δυνάμεως
926 2638 1024 2706 τῆς
1048 2634 1167 2705 ἴσης
1197 2632 1628 2702 ἐπιζητουμένης
1657 2630 1797 2700 πρόι-

216 2725 594 2794 ξεως.”Ωσπερ
624 2724 732 2792 γὰρ
754 2722 940 2777 ἄδικόν
964 2740 1023 2774 τε
1046 2720 1181 2792 ὁμοῦ
1227 2722 1319 2774 καὶ
1347 2719 1669 2790 βαρύτατον,
1704 2718 1796 2771 τὸν

214 2817 304 2870 δύο
333 2816 582 2869 τάλαντα
598 2816 856 2885 εἰληφότα
881 2815 975 2867 ἐπ)⁵
994 2816 1060 2885 τῇ
1088 2812 1369 2885 συντελείᾳ
1387 2813 1486 2881 τῆς
1530 2813 1798 2882 ἐργασίας

215 2910 348 2964 δέκα
378 2911 632 2962 ἀπαιτεῖν
653 2926 665 2938 '
690 2906 863 2971 οὕτως
896 2907 1165 2977 ὀλίγωρον
1188 2946 1203 2973 ,
1245 2905 1367 2971 καὶ,
1391 2907 1455 2958 ἐκ
1491 2903 1586 2957 τοῦ
1642 2904 1797 2957 ἐναν-

215 3002 359 3069 τίου,
410 3001 750 3073 παράνομον,
779 3000 870 3055 τὸν
919 3000 1083 3055 πέντε
1125 2999 1363 3053 τάλαντα
1410 2997 1664 3061 λαϐόντα,
1719 2997 1799 3059 εἰς

214 3098 465 3165 τέσσαρα
489 3096 586 3165 τὴν
613 3095 742 3165 ὅλην
768 3092 965 3165 πρᾶξιν
993 3092 1641 3162 συγκεφαλαιωσὰμενον,
1664 3091 1800 3143 ἀπο-

564 3185 663 3237 ὶλλ⁵
701 3186 930 3238 ἕκαστον
971 3185 1072 3250 δεῖ,
1124 3185 1403 3252 ἀναλόγως
1429 3186 1493 3253 τῇ
1528 3182 1672 3252 ἰσχύϊ
1711 3180 1804 3234 καὶ

219 3280 293 3349 τῷ
329 3277 739 3348 καταϐληθέντι
770 3260 1093 3348 χαρίσματι,
1124 3277 1220 3346 τὴν
1249 3277 1511 3347 ἐργασίαν
1541 3274 1804 3345 εἰσπράτ-

217 3369 434 3422 τεσθαι.
469 3368 723 3421 Τοιοῦτον
754 3370 861 3437 γὰρ
891 3369 987 3437 τῆς
1026 3368 1291 3437 ἰσότητος,
1326 3368 1421 3418 καὶ
1470 3366 1566 3435 τῆς
1605 3364 1805 3418 ἀδεκά-

220 3479 352 3515 στου
382 3460 631 3530 γνώμης,
667 3462 758 3513 καὶ
784 3461 1035 3530 κρίσεως,
1068 3459 1096 3510 6
1128 3456 1348 3524 θεσμός.
1381 3458 1548 3527 Δῆλον
1583 3474 1806 3525 τοιγαρ-

220 3553 310 3606 οῦν
361 3554 429 3605 ἐκ
475 3552 584 3604 τῶν
610 3552 939 3622 εἰρημένων,
978 3551 1054 3613 ὼς
1082 3548 1324 3601 τοιοῦτον
1355 3550 1484 3619 παρ’
1504 3551 1635 3618 ἡμῖν
1660 3550 1808 3618 ὀφεί-

221 3647 297 3699 λει
337 3644 662 3715 νομίζεσθαι
687 3684 701 3706 ,
752 3643 811 3696 τὸ
870 3643 1004 3712 μηδέ
1055 3640 1325 3712 ἐμϐλέψαι
1358 3642 1631 3709 γυναῖκα.
1671 3640 1806 3709 πρὸς

221 3740 277 3792 τὸ
309 3738 656 3807 ἐπιθυμῆσαι
707 3734 894 3805 αὐτὴν,
937 3729 1047 3786 οἷον
1081 3731 1232 3802 παρὰ
1263 3734 1373 3793 τοῖς
1426 3732 1483 3781 ἐν
1514 3729 1593 3798 τῷ
1622 3730 1770 3799 νόμῳ
1790 3770 1805 3794 ,

222 3830 279 3882 τὸ
336 3829 414 3898 μὴ
468 3826 774 3897 μοιχεῦσαι.
821 3826 932 3877 Καὶ
973 3824 1093 3894 οὐχὶ
1143 3822 1251 3875 τῶν
1310 3820 1482 3889 λόγων
1523 3822 1569 3857 εδ
1601 3819 1661 3872 τὸ
1702 3819 1809 3887 ἀψ-

224 3919 380 3982 ευδὲς
426 3918 522 3970 καὶ
590 3916 881 3970 ἀκόλουθον
932 3914 1368 3985 ἐπιμαρτύρεται
1417 3911 1577 3965 τοῦτο
1607 3927 1621 3942 °
1675 3911 1811 3964 ἀλλὰ

224 4012 317 4065 καὶ
377 4009 471 4063 διὰ
532 4008 642 4061 τῶν
700 4008 878 4079 ἔργων
931 4005 1114 4061 αὐτῶν
1177 4003 1424 4075 ἐναργῶς
1484 4004 1700 4073 ὁρᾶται.
1736 4002 1809 4053 Οὐ

225 4102 449 4166 πλείους
481 4101 595 4173 γὰρ
628 4100 774 4154 ἐστιν
802 4100 930 4152 ίδεῖν
966 4099 1076 4153 τῶν
1102 4097 1436 4162 Ἀίωσαῖκῶν,
1464 4096 1563 4167 τὴν
1613 4094 1812 4166 πρᾶξιν

226 4194 597 4261 πεφευγότας,
624 4190 657 4261 ἢ
687 4190 813 4252 τοὺς
838 4189 896 4241 ἐν
930 4190 998 4259 τῇ
1032 4188 1214 4258 χάριτι
1240 4185 1378 4257 [καὶ]
1398 4185 1506 4238 τῶν
1544 4187 1683 4256 πρὸς
1715 4182 1812 4253 τὴν

227 4286 427 4356 πρᾶξιν
458 4283 745 4335 ὠθούντων
778 4278 1296 4350 ἀνακεχωρηκότας.
1335 4280 1507 4332 Ὅπου
1549 4294 1616 4345 γε
1662 4276 1815 4328 πλεῖ-

1887 1798 2054 1854 cessit
2082 1812 2178 1866 per
2196 1796 2549 1863 baptismum,
2580 1800 2632 1844 ct
2653 1790 2759 1843 alia
2804 1786 3051 1857 quaedam
3103 1785 3264 1844 dona,
3319 1781 3464 1832 unde

1889 1892 1944 1945 id
1978 1891 2121 1959 quod
2154 1888 2369 1941 ditiicile
2420 1886 2572 1955 prius
2608 1882 2711 1937 fuit
2776 1878 3166 1939 alleviabatur;
3217 1886 3315 1926 nec
3347 1884 3464 1923 ma-

1891 1984 2069 2037 lorum
2105 1980 2396 2050 spirituum
2434 1974 2814 2045 impetuositas
2862 1978 3183 2040 potestatem
3217 1980 3336 2018 eam
3366 1964 3464 2016 ha-

1893 2077 2002 2138 bet,
2034 2071 2375 2143 tyrannidem
2406 2071 2460 2125 in
2492 2084 2614 2132 nos,
2648 2077 2909 2135 tanquam
2934 2079 2964 2117 e
3004 2062 3127 2115 loco
3160 2057 3464 2127 superiore,

1891 2183 2198 2224 exercere:
2258 2161 2640 2219 tantummodo
2700 2170 2886 2213 autem
2953 2164 3175 2225 prepter
3222 2161 3467 2205 nostram

1894 2262 2200 2317 socordiam
2250 2259 2346 2330 qui
2402 2265 2596 2327 sponte
2649 2251 3018 2320 nosmetipsos
3078 2256 3287 2301 tantum
3361 2258 3468 2298 non

1894 2352 2239 2420 subiicimus,
2279 2347 2609 2419 permittitur
2646 2346 2714 2399 iis
2753 2342 2914 2397 nobis
2958 2349 3171 2394 struere
3217 2335 3470 2399 insidias,

1894 2461 1997 2502 nos
2033 2444 2256 2500 adoriri.
2319 2442 2499 2507 Certe,
2534 2440 2580 2497 si
2620 2454 2729 2493 non
2796 2435 2973 2506 magis
3032 2441 3279 2487 exactam
3314 2427 3475 2483 nobis

1897 2540 2070 2608 legem
2136 2534 2491 2606 praescripsit,
2550 2546 2715 2601 quam
2776 2528 2903 2592 illis,
2941 2524 3124 2580 divina
3171 2522 3388 2576 bonitas
3421 2526 3476 2573 et

1895 2629 2110 2700 justitia
2147 2629 2202 2682 in
2237 2624 2573 2680 contrarium
2639 2629 2974 2683 verteretur;
3006 2625 3059 2671 et
3101 2630 3131 2668 a
3176 2611 3333 2667 nobis
3381 2611 3477 2679 qui

1900 2720 2188 2789 multiplici
2218 2718 2453 2772 fruimur
2482 2715 2819 2783 adjumento,
2852 2719 2907 2765 et
2954 2710 3022 2763 ab
3048 2707 3156 2762 illis
3185 2703 3333 2759 nullo
3384 2702 3479 2757 tali

1903 2812 2133 2868 snii‘ultis
2189 2809 2415 2871 auxilio,
2471 2807 2658 2860 eadem
2710 2818 2805 2872 per
2869 2800 3054 2855 omnia
3108 2792 3477 2856 conversatio,

1902 2905 2068 2973 idque
2101 2901 2471 2963 exactissima,
2497 2896 2869 2965 requireretur
2895 2908 2910 2957 ;
2939 2900 2994 2945 et
3029 2888 3118 2944 ubi
3153 2889 3329 2957 impar
3361 2892 3482 2938 erat

1906 2995 2161 3061 facultas,
2192 2990 2388 3061 agendi
2437 2988 2644 3059 paritas
2693 2985 3086 3054 requircrctur.
3130 2978 3306 3033 Veluti
3335 2975 3480 3031 enim

1906 3085 2291 3154 gravissimum
2322 3091 2427 3143 est,
2455 3091 2509 3134 et
2538 3096 2660 3133 cum
2696 3075 2966 3144 injustitia
2996 3072 3374 3141 conjunctum,
3412 3067 3482 3121 ab

1909 3180 2003 3233 illo
2035 3179 2128 3249 qui
2163 3186 2373 3231 tantum
2427 3176 2535 3229 duo
2596 3172 2804 3240 accepit
2840 3169 3063 3229 talenta,
3097 3172 3483 3219 consummato

1908 3287 2092 3343 opere,
2121 3272 2306 3325 decem
2355 3268 2616 3337 exigere:
2668 3263 2742 3317 ita
2804 3258 3186 3329 negligentiam
3225 3256 3387 3324 sapit,
3433 3261 3487 3307 ct

1910 3374 2178 3437 repugnat
2206 3379 2271 3417 ex
2304 3362 2536 3416 adverso
2572 3358 2719 3427 legi,
2765 3370 2889 3409 cum
2946 3353 3187 3421 quinque
3233 3348 3358 3418 quis
3409 3356 3489 3399 ta-

1910 3463 2053 3515 lenta
2084 3458 2314 3526 accepit,
2350 3455 2636 3508 deductam
2673 3450 2739 3502 ad
2774 3456 3012 3517 quatuor
3045 3457 3315 3497 summam
3349 3440 3489 3493 reci-

1910 3570 2059 3624 pere.
2092 3550 2343 3605 Profccto
2380 3562 2478 3617 par
2511 3556 2564 3599 et
2593 3558 2811 3613 aequum
2840 3548 2942 3600 est,
2979 3546 3035 3590 ut
3067 3536 3302 3604 quisque
3333 3533 3490 3601 juxta

1911 3645 2111 3699 virium
2170 3641 2573 3712 proportionem
2609 3644 2661 3689 et
2687 3632 2815 3687 doni
2857 3629 3041 3684 collati
3098 3625 3488 3687 conditionem,

1910 3736 2282 3808 operationem
2312 3747 2467 3787 suam
2498 3728 2762 3798 perﬁciat.
2793 3724 3019 3795 idenim
3059 3720 3296 3789 postulat
3325 3716 3494 3784 tequi-

1915 3831 2043 3884 tatis
2076 3838 2129 3882 et
2177 3842 2287 3880 non
2323 3822 2559 3892 coempti
2598 3817 2841 3889 suffragii
2885 3815 2967 3870 vel
3008 3813 3202 3883 judicii
3252 3810 3488 3864 sanctio.

1912 3922 2068 3976 Patet
2116 3920 2282 3988 igitur
2319 3917 2387 3970 ab
2440 3912 2728 3969 antedictis
2785 3910 3029 3969 dictum,
3073 3903 3191 3958 Non
3240 3912 3495 3971 oportere

1915 4014 2199 4068 mulierem
2255 4008 2459 4063 intueri
2518 4006 2585 4060 ad
2638 3998 3135 4071 concupiscendum
3195 3996 3365 4060 illam,
3427 4008 3493 4047 eo

1915 4106 2035 4158 loco
2093 4101 2234 4172 apud
2266 4114 2368 4154 nos
2402 4096 2735 4159 habendum,
2776 4106 2911 4163 quo,
2948 4109 2967 4141 ι
3006 4088 3123 4143 Non
3173 4085 3491 4141 moechabe-

1916 4196 2013 4260 ris,
2054 4214 2071 4245 ι
2108 4191 2249 4261 apud
2276 4189 2381 4247 sub
2440 4188 2556 4257 lege
2584 4187 2845 4240 viventes.
2896 4180 3009 4236 Nec
3044 4179 3338 4232 verborum
3370 4189 3492 4228 tan-

1920 4285 2207 4341 tummodo
2273 4283 2477 4337 veritas
2529 4289 2584 4336 et
2633 4273 3024 4345 consequentia
3064 4272 3171 4325 hoc
3202 4276 3492 4331 testantur,

230 4396 341 4431 στοι
374 4380 514 4443 ὅσοι,
542 4377 651 4429 τῶν
706 4374 836 4444 παρ’
864 4375 1017 4445 ἡμῖν,
1044 4372 1106 4425 οὐ
1150 4373 1312 4443 μόνον
1364 4371 1691 4441 περιέργους
1719 4368 1796 4422 κα¹

1919 4379 2013 4435 sed
2046 4376 2350 4432 clarissime
2411 4388 2508 4443 per
2555 4384 2721 4441 opera
2754 4365 2996 4422 discerni
3024 4371 3223 4433 petcst.
3254 4360 3496 4415 Cernere

229 4474 574 4542 ἐρωτιὼντας
602 4469 937 4539 ὀφθαλμοὺς,
970 4468 1139 4534 ξένοις
1186 4466 1443 4520 κάλλεσιν
1486 4466 1585 4517 οὐκ
1611 4462 1814 4517 ἐπέϐα-

228 4565 318 4617 λον
350 4580 365 4595 ⁶
396 4561 515 4616 ἀλλ’
557 4561 679 4615 οὐδὲ
703 4562 783 4623 είς
809 4560 932 4629 ὄψιν
962 4559 1149 4622 ἁπλῶς
1177 4557 1435 4627 γυναικὸς
1464 4556 1779 4627 ἐνητένισαν
1797 4570 1811 4585 °

232 4657 394 4726 μέχρι
443 4654 608 4725 ψιλῆς
647 4653 776 4717 θέας
800 4654 1011 4715 ἑαυτοῖς
1037 4652 1096 4705 τὸ
1126 4653 1322 4721 σεμνὸν
1348 4650 1809 4719 συντηρήσαντες.

229 4748 493 4818 Δεύτερον
532 4746 613 4810 δὲ,
649 4746 731 4798 ὅτι
750 4748 864 4807 τοῖς
894 4746 992 4814 μὲν
1016 4744 1120 4797 ὑπὸ
1150 4743 1227 4813 τῷ
1257 4743 1407 4813 νόμῳ
1435 4741 1813 4809 παιδαγωγου-

234 4841 437 4911 μένοις,
478 4840 552 4893 τὰ
594 4838 1054 4909 προστεταγμένα
1089 4834 1469 4907 κατορθοῦσιν,
1510 4835 1581 4888 τὰ
1623 4833 1816 4903 ἀγαθὰ

168 4930 169 4935 “
232 4935 343 5000 τῆς
383 4932 535 5004 γῆς,
564 4927 728 4984 ἆθλον
775 4929 1145 5000 προὺτείνετο.
1215 4928 1378 4997 Ἠμῖν
1423 4927 1479 4979 δὲ
1526 4926 1818 4990 ,βασιλεία

234 5025 530 5094 οὐρανῶν,
566 5022 660 5076 καὶ
685 5022 721 5076 ὃ.
756 5040 774 5073 ι
816 5020 1125 5091 ὐφθαλμδς
1183 5020 1285 5072 οὐκ
1319 5017 1450 5083 εἶδε,
1478 5020 1572 5071 καὶ
1598 5014 1689 5081 οὖς
1719 5018 1820 5069 οὐκ

236 5122 459 5190 ἧκουσε,
496 5119 595 5171 καὶ
628 5119 719 5170 ἐπὶ
750 5115 981 5186 καρδίαν
1028 5114 1319 5185 ἀνθρώπου
1382 5116 1483 5167 οὐκ
1542 5112 1819 5181 ἀναϐέϐη-

240 5229 354 5267 κεν.
394 5231 414 5263 ι
446 5212 613 5263 Ὥστε
668 5210 765 5260 καὶ
810 5210 875 5259 ἐκ
917 5207 1019 5276 τῆς
1079 5207 1189 5259 τῶν
1253 5205 1502 5258 ἐπάθλων
1556 5204 1821 5273 διαφορᾶς

242 5304 302 5355 τὸ
349 5305 548 5373 ῥᾷστον
592 5303 687 5354 καὶ
735 5301 970 5371 χρηστὸν
1016 5300 1113 5368 τῆς
1185 5297 1548 5365 εὑαγγελικῆς
1604 5295 1820 5365 ἐντολῆς

244 5397 637 5449 ἐπιδείκνυται.
674 5395 747 5447 Οὐ
795 5395 903 5465 γὰρ
945 5394 1145 5463 ὁμοίως
1201 5392 1493 5458 ἐπίπονον,
1541 5389 1823 5461 δραμόντα

1918 4474 2064 4528 enim
2094 4481 2211 4526 erat
2267 4470 2553 4539 pauciores
2600 4479 2694 4534 per
2740 4459 2979 4515 Mosaica
3034 4466 3278 4525 tempora
3312 4463 3492 4507 actum

1917 4564 2098 4633 ipsum
2128 4568 2466 4622 aversantes,
2499 4570 2661 4626 quam
2691 4552 2806 4622 qui,
2839 4564 2985 4605 nunc
3028 4547 3131 4602 sub
3181 4545 3374 4615 gratia,
3406 4556 3495 4595 re-

1917 4661 2201 4711 cesserunt
2257 4651 2473 4720 longius
2499 4650 2567 4701 ab
2613 4646 2721 4700 illis
2748 4646 2930 4707 rebus,
2977 4656 3099 4712 quae
3133 4636 3490 4706 perpetratio-

1919 4749 1976 4801 ni
2006 4741 2595 4800 dabantoccasionem.
2637 4738 2827 4793 Plures
2856 4744 2987 4789 sunt
3027 4730 3168 4801 apud
3220 4744 3346 4793 nos,
3388 4743 3495 4781 non

1920 4835 2105 4898 modo,
2142 4840 2449 4901 satagentes
2474 4828 2664 4883 oculos
2692 4834 2748 4880 et
2795 4823 3188 4879 amatur-lentes
3252 4818 3497 4889 peregri.

1920 4940 2118 4981 narum
2150 4922 2643 4993 pulchritudinnm,
2675 4918 2769 4988 qui
2807 4932 2914 4971 non
2969 4914 3301 4969 addixerunt
3335 4902 3499 4979 cupi-

1918 5016 2350 5080 ditatibusillis;
2407 5013 2503 5068 sed
2542 5011 2659 5081 qui,
2695 5024 2764 5063 ne
2816 5007 3037 5078 quidem
3070 5007 3123 5060 in
3158 5003 3345 5058 vultus
3373 5018 3489 5055 lllll-

1919 5113 2118 5167 liebres
2146 5108 2348 5163 intueri
2373 5106 2600 5172 volunt;
2658 5104 2863 5173 quique
2916 5100 3236 5170 gravitatem
3283 5109 3499 5150 morum

1922 5204 2189 5259 illibatam
2217 5201 2381 5255 etiam
2414 5200 2483 5253 ab
2536 5198 2737 5252 intuitu
2781 5195 3172 5250 cohibuerunt.
3207 5192 3266 5245 In
3306 5202 3499 5244 secun-

1930 5297 2037 5362 dis,
2090 5296 2183 5366 qui
2215 5295 2369 5364 juxta
2424 5293 2597 5362 legem
2644 5304 2768 5361 quae
2818 5287 3158 5343 scribebatur
3194 5290 3339 5336 recte
3375 5293 3504 5349 ege-

1932 5398 2078 5445 rant.
2123 5387 2261 5442 bona
2310 5398 2483 5453 terra,
2515 5386 2638 5442 loco
2682 5381 2891 5453 prmmii
2918 5378 3161 5437 exhibita
3190 5372 3500 5445 capiebant.

1520 5553 1754 5610 VARle
1786 5549 2192 5607 LECTIONES.

342 5696 361 5725 ε
396 5685 481 5742 τσ.
526 5682 948 5754 περιετράπετο.
1009 5685 1056 5719 θ’
1081 5681 1168 5735 ἵσ.
1205 5680 1333 5734 add.
1378 5679 1574 5751 μόνων*
1606 5676 1769 5732 habet
1798 5676 1940 5731 Mon.
1976 5674 2093 5730 sine
2135 5673 2332 5743 μόνων.

562 5780 839 5839 Parnm.
871 5776 987 5837 Gn.
1027 5775 1123 5837 Ci.
