3854 6216
331 200 437 262 995

1491 195 1752 257 ΡΗΟΤΙΙ
1790 196 1925 256 PAT

2028 195 2294 256 ARCHE
2323 195 2433 256 (ΞΡ.
2999 224 3009 234 -
3466 190 3554 254 996

329 309 438 365 Sed
477 309 760 362 nobiscum
819 308 1114 377 stipulatur
1175 323 1389 376 regnum
1443 308 1648 362 caeleste
1675 323 1695 360 :
1739 316 1793 362 et
1824 307 1915 361 illa

2028 307 2250 372 στάδιον,
2275 307 2458 376 τυχεῖν
2518 304 2728 358 κοτίνου
2767 322 2780 336 ’
2823 303 2918 357 καὶ
2977 301 3070 356 δύο
3131 302 3350 371 στάδια,
3382 305 3559 375 χρυσοῦ

279 431 282 434 ~
330 419 476 472 quae,
541 421 558 452 ι
589 399 699 455 Nec
745 401 940 454 oculus
996 399 1168 462 vidit,
1233 415 1336 453 nec
1384 401 1532 453 auris
1561 399 1790 462 audivit,
1819 415 1919 454 nec

331 494 576 559 ascendit
629 493 684 546 in
744 507 840 546 eor
879 492 1114 547 hominis
1173 493 1416 562 cogitare
1455 491 1523 544 “3.
1591 509 1610 542 ι
1667 489 1744 544 lta
1776 491 1918 547 vele

331 587 698 656 discrepantia
754 585 1103 656 praemiorum
1156 584 1468 655 evangelica
1529 584 1806 648 mandata,
1862 593 1917 639 et

331 681 535 749 optima
559 679 882 748 jndicantur
910 689 964 732 et
994 677 1277 733 facillima.
1331 676 1450 731 Non
1487 691 1642 747 aeque
1669 679 1916 748 profecto

336 776 672 838 laborarunt,
709 771 754 826 is
784 771 876 840 qui
905 771 1142 825 stadium
1173 771 1438 835 cucurrit,
1471 779 1530 824 ut
1572 770 1907 839 oleagineam

337 880 596 918 coronam
633 875 1044 933 consequatur;
1081 879 1144 918 ac
1178 864 1317 916 alius
1339 865 1433 933 qui
1475 864 1586 917 duo
1615 865 1787 918 stadia
1818 878 1916 918 cu-

335 960 526 1020 currit,
563 967 620 1009 ut
674 972 874 1010 corona
944 971 1107 1010 aurea
1158 956 1506 1026 insigniatur.
1552 957 1710 1012 Certe
1745 956 1918 1011 levior

335 1051 691 1103 eritduorum
729 1049 1030 1102 stadiorum
1059 1049 1334 1112 decursio,
1380 1065 1541 1118 quam
1579 1049 1764 1113 unius,
1789 1065 1912 1104 cum

339 1139 478 1190 inter
521 1137 738 1205 praemia
770 1137 916 1190 nulla
943 1137 1016 1192 sit
1047 1140 1408 1206 comparatio,
1456 1139 1551 1193 sed
1598 1139 1914 1207 prmstantia

337 1240 389 1281 et
411 1230 664 1296 splendor
704 1229 885 1293 unius,
949 1229 1194 1284 laborem
1257 1230 1495 1292 alleviet,
1551 1246 1651 1285 nec
1690 1246 1913 1286 sensum

339 1321 590 1373 admittat
628 1322 767 1389 apud
804 1321 1145 1376 laborantem
1181 1323 1471 1392 geminata:
1514 1323 1917 1393 defatigationis

339 1424 389 1466 et
451 1415 685 1468 sudoris.
718 1412 963 1477 Accedit,
994 1414 1143 1483 quod
1194 1429 1543 1484 nequaquam
1593 1415 1915 1483 simpliciter

338 1507 474 1557 dixit
502 1504 826 1558 adulterium
859 1520 982 1559 esse
1033 1504 1180 1558 illam
1233 1519 1332 1574 per
1357 1507 1550 1559 oculos
1606 1505 1918 1578 _c0pulatio-

339 1613 494 1662 nem;
546 1596 640 1650 sed
678 1612 801 1650 eum
837 1597 1085 1651 nominet
1116 1595 1444 1650 adulterium
1499 1595 1702 1661 cordis,
1747 1595 1915 1650 vehe-

339 1696 574 1740 mentem
617 1696 670 1741 ct
721 1686 836 1742 fere
882 1687 1209 1757 praecipitem
1245 1686 1672 1753 accusationem,
1707 1701 1807 1756 per
1843 1687 1923 1741 le-

337 1792 456 1843 gem
487 1776 886 1845 compassionis
915 1776 1206 1832 incilabilis
1249 1777 1591 1847 amputavit;
1626 1777 1684 1830 ln
1733 1777 1916 1842 corde,

340 1867 617 1936 inquiens,
667 1867 922 1921 consistit
955 1867 1284 1922 adulterium
1321 1886 1334 1921 :
1384 1867 1516 1923 illud
1546 1883 1738 1936 nempe
1777 1869 1920 1938 quod

341 1961 576 2030 patravit
634 1975 730 2028 per
785 1961 976 2015 oculos
1035 1962 1293 2017 stimulus
1353 1971 1407 2015 ct
1446 1962 1688 2030 prurigo.
1718 1960 1921 2032 Ecquis

341 2055 548 2124 aliquid
583 2055 793 2123 majore
827 2069 950 2109 cum
995 2057 1398 2125 compassione,
1429 2071 1596 2122 quam
1629 2064 1713 2110 est
1741 2056 1919 2122 istud,

340 2147 530 2201 dicat?
559 2144 942 2200 Fornicantem
977 2145 1198 2200 oculum
1252 2145 1305 2199 in
1341 2145 1532 2200 faciem
1581 2146 1772 2202 aliena:
1795 2163 1923 2202 mu-

341 2241 491 2295 lieris
545 2239 852 2309 projecistl,
915 2248 968 2294 et
1008 2238 1154 2309 quod
1187 2239 1335 2294 haud
1373 2239 1612 2306 licuerit,
1644 2241 1924 2311 impudico

341 2343 397 2388 et
425 2334 714 2403 peregrino
745 2333 946 2386 intuitu
977 2331 1344 2386 oblectabaris
1375 2349 1389 2384 :
1422 2345 1520 2400 per
1551 2331 1729 2386 visum
1761 2331 1926 2403 liqui-

343 2424 576 2488 diorem,
615 2424 842 2478 allectus
877 2438 1146 2477 venenum
1189 2422 1459 2476 mollibus
1492 2421 1770 2477 instillasti
1805 2438 1928 2478 cor-

343 2515 550 2570 dibus:
610 2514 806 2568 exinde
861 2514 1136 2568 ilammam
1195 2513 1612 2568 luculentiorem
1665 2523 1719 2568 et
1748 2515 1927 2586 magis

345 2605 640 2657 violentam
691 2603 743 2656 in
773 2603 1102 2673 cogitatione
1127 2602 1427 2657 aecendisti
1463 2620 1479 2658 :
1519 2603 1588 2657 ad
1634 2618 1730 2657 cor
1757 2619 1930 2674 usque

347 2697 614 2766 processit
642 2696 956 2750 incendium
992 2713 1006 2749 :
1045 2709 1109 2749 ac
1141 2695 1255 2750 sola
1282 2695 1668 2765 opportunitas
1692 2711 1926 2766 compe-

347 2791 601 2847 rendinat
627 2801 812 2845 actum
843 2809 858 2845 :
891 2799 977 2844 et
1013 2790 1293 2858 quomodo
1329 2805 1439 2843 non
1494 2790 1549 2843 in
1578 2790 1742 2845 corde
1770 2790 1930 2845 adul-

349 2885 538 2938 terasti
569 2899 687 2938 eam
712 2884 734 2936 ‘I
760 2882 958 2937 Procul
990 2882 1174 2948 dubio,
1208 2882 1413 2937 diceret
1447 2881 1609 2949 alius,
1663 2883 1711 2938 si
1754 2891 1806 2937 te
1828 2883 1934 2938 hoc

349 2985 528 3045 ipsum
576 2975 630 3028 in
681 2989 778 3030 sua
837 2988 1009 3027 uxore
1052 2974 1259 3027 videret
1297 2981 1616 3037 attentasse,
1672 2987 1934 3028 consum-

2023 401 2290 467 στεφάνου
2344 397 2664 466 ἀξιωθῆναι.
2693 396 2862 466 Δῆλον
2907 395 3037 466 γὰρ,
3087 394 3164 456 ὡς
3207 395 3564 466 κουφότεροςό

2018 491 2127 544 τῶν
2156 490 2251 543 δύο
2284 490 2514 542 σταδίων
2544 489 2729 557 πόνος,
2754 489 2788 560 ἦ
2830 491 2860 542 ό
2889 487 2986 542 τοῦ
3038 488 3178 554 ἐνὸς,
3205 490 3271 558 τῇ
3323 489 3568 559 ἀσυγκρξ-

2018 599 2095 652 τῳ
2120 581 2215 636 τοῦ
2243 581 2478 634 ἐπάθλου
2512 581 2757 650 ὑπεροχῇ
2797 581 2895 633 καὶ
2943 579 3324 650 λαμπρότητι,
3348 579 3443 649 τῆς
3485 597 3569 632 τα-

2017 673 2327 742 λαιπωρίας
2364 671 2789 742 κουφιζομένης,
2819 671 2916 725 καὶ
2957 671 3078 742 μηδ’
3111 672 3366 742 αἴσθησιν
3409 671 3569 737 ἐπιγί-

2019 766 2204 821 νεσθαι
2245 764 2682 835 συγχωροῦντος,
2705 765 2804 834 τῆς
2861 762 3058 832 διπλῆς
3125 761 3434 833 συντριϐῆς.
3489 765 3574 814 καὶ

2017 859 2124 911 τῶν
2145 856 2346 910 διπλῶν
2379 855 2638 926 ἱδρώτων,
2670 853 2750 924 τῷ
2781 853 3062 924 κάμνοντι.
3109 853 3232 905 Ἐπὶ
3261 853 3464 914 τούτοις
3502 852 3572 917 δὲ,

2017 948 2138 1002 οὐδὲ
2171 945 2416 1017 μοιχείαν
2445 945 2652 1010 ἁπλῶς,
2682 946 2781 1016 τὴν
2816 944 3073 1015 τοιαύτην
3111 945 3198 998 διὰ
3234 945 3344 996 τῶν
3378 944 3580 1012 ὀφθαλ-

2020 1046 2136 1115 μῶν
2203 1046 2525 1116 συμπλοκὴν
2553 1087 2569 1112 ,
2621 1046 2950 1115 διωρίσατο·
3009 1043 3144 1097 ἀλλά
3218 1041 3462 1112 μοιχείαν
3507 1041 3580 1092 εί-

2023 1139 2175 1201 πὼν,
2244 1141 2304 1192 ἐν
2373 1139 2589 1210 καρδίᾳ,
2656 1138 2749 1200 καὶ
2813 1137 2875 1190 τὸ
2949 1137 3140 1190 δοκοῦν
3203 1133 3430 1203 σφοδρὸν
3492 1133 3582 1204 τῆς

2018 1228 2371 1296 ἀποφάσεως,
2415 1231 2507 1282 καὶ
2552 1229 2847 1297 ἀπότομον,
2880 1227 3030 1298 νόμῳ
3080 1226 3425 1296 συμπαθείας
3454 1225 3586 1292 ἀφά-

2015 1338 2110 1372 του
2175 1320 2430 1374 ἐκόλασεν
2466 1323 2484 1358 ι
2513 1360 2527 1374 .
2578 1322 2667 1374 Ἐν
2717 1319 2913 1391 καρδίᾳ
2943 1359 2958 1384 ,
3021 1319 3186 1389 φησὶν
3214 1358 3228 1381 ,
3283 1319 3315 1388 ἡ
3381 1316 3587 1385 μοιχεία

2020 1409 2354 1481 συνέστη,ἢν
2381 1413 2409 1464 ό
2441 1411 2529 1465 διὰ
2559 1411 2668 1464 τῶν
2697 1412 2960 1481 ὀμμάτων
2981 1408 3194 1480 οἶστρος
3213 1409 3305 1460 καὶ
3333 1406 3591 1476 γαργαλι-

2021 1502 2157 1569 σμὸς
2183 1504 2586 1572 κατειργάσατο
2612 1520 2626 1534 ο
2662 1503 2812 1564 ὅπως
2836 1503 2902 1556 ἄν
2938 1519 3022 1564 τις
3053 1500 3552 1571 φιλανθρωπότερον
3571 1537 3588 1563 ,

2018 1593 2052 1664 ἢ
2085 1591 2259 1655 οὑτως
2286 1591 2466 1659 εἴποις
2503 1592 2774 1664 Ἔρριψας
2805 1593 2960 1662 ὄμμα
2991 1591 3254 1660 πορνικὸν
3288 1589 3384 1643 ἐπὶ
3426 1590 3594 1660 πρόσ-

1957 1686 1997 1741 Β
2026 1702 2177 1738 ωπον
2228 1685 2488 1753 γυναικὸς
2531 1685 2820 1756 ἀλλοτρίας
2841 1702 2857 1718 ⁶
2892 1687 3289 1756 ἐνετρύφησας,
3328 1684 3428 1737 οὑκ
3454 1682 3595 1748 ἐξὸν,

2021 1776 2243 1844 ἀσελγεῖ
2293 1779 2386 1830 καὶ
2435 1778 2572 1849 ξένῳ
2619 1780 2893 1848 θεάματιο
2935 1779 3243 1848 βλέμμασιν
3283 1775 3599 1848 ὑγροτέροις

2021 1869 2111 1922 τὸν
2142 1871 2221 1923 ἰὸν
2248 1871 2342 1924 τοῦ
2388 1872 2594 1933 πάθους
2624 1873 2822 1942 ψυχαῖς
2867 1871 3162 1936 ἐνέσταξας
3194 1869 3597 1939 ἁπαλωτέραιςο

2023 1963 2238 2031 ἀνῆψας
2276 1964 2505 2026 ἐκεῖθεν,
2551 1965 2917 2036 σφοδροτέραν
2947 1965 3136 2016 λοιπὸν
3157 1965 3252 2016 καὶ
3276 1962 3602 2027 ἀκάθεκτον,

2023 2052 2082 2104 ὲν
2115 2055 2222 2114 τοῖς
2253 2052 2538 2123 λογισμοῖς
2570 2057 2668 2124 τὴν
2703 2055 2878 2124 φλόγα
2903 2069 2920 2086 ο
2961 2054 3124 2124 μέχρι
3159 2052 3388 2123 καρδίας
3416 2054 3450 2121 ή
3491 2051 3602 2104 πύ-

2028 2161 2192 2214 ρωσις
2229 2144 2444 2214 διῆλθεν
2470 2162 2485 2176 ο
2518 2145 2774 2216 εὐκαιρία
2799 2147 2934 2216 μόνη
2961 2146 3098 2216 πρὸς
3135 2146 3234 2215 τὴν
3269 2145 3466 2215 πρᾶξιν
3489 2143 3607 2198 λεί-

2025 2251 2119 2288 πει
2143 2252 2160 2268 ·
2193 2236 2309 2299 πῶς
2337 2237 2437 2289 οὑκ
2469 2237 2795 2306 ἐμοίχευσας
2835 2240 2894 2292 ἐν
2923 2239 3144 2308 καρδίας
3173 2237 3311 2289 Ἀλλ’
3347 2234 3467 2289 εἷπε
3501 2236 3610 2307 μὲν

2030 2325 2160 2389 ῐσως
2189 2325 2347 2390 ἄλλος
2366 2327 2432 2380 ἄν
2452 2345 2557 2391 τις,
2584 2329 2658 2390 ὼς
2696 2329 2791 2382 καὶ
2811 2331 3058 2399 μοιχείαν
3088 2330 3306 2383 τελείαν
3341 2328 3611 2399 εἰργάσω,

2027 2417 2094 2471 ἂν
2124 2420 2202 2481 είς
2227 2418 2323 2487 τὴν
2355 2419 2550 2472 ἐαυτοῦ
2578 2437 2635 2472 σε
2661 2420 2896 2490 μάλιστα
2919 2420 3218 2492 συνῄσθετο
3239 2420 3400 2472 τοῦτο
3417 2419 3609 2489 δεδρα-

2029 2512 2186 2568 κότα.
2232 2514 2383 2567 Φιλεῖ
2413 2516 2520 2585 γὰρ
2547 2516 2796 2584 ἕκαστος,
2832 2518 3043 2587 ὥσπερ,
3076 2520 3175 2572 ὅσα
3208 2517 3309 2588 μὲν
3341 2515 3501 2580 αὐτὸς
3526 2517 3616 2580 είς

2030 2607 2222 2671 ἄλλους
2259 2609 2498 2680 ἥμαρτε,
2537 2613 2734 2683 μέτρια
2761 2615 2957 2677 ποιεῖν,
2994 2612 3089 2667 καὶ
3116 2611 3444 2682 βραδύτερον
3484 2614 3615 2664 ἐπι-

2035 2703 2291 2763 σκοπεῖν,
2335 2701 2509 2765 οὖτως
2566 2703 2840 2770 ὀξύτερον,
2874 2703 2936 2757 τὸ
2993 2705 3072 2767 είς
3121 2703 3312 2757 ἑαυτὸν
3365 2703 3620 2773 ἀδίκημα

2036 2791 2276 2860 βλέπειν,
2313 2796 2407 2847 καὶ
2458 2795 2581 2848 τότε
2611 2796 2858 2864 γενέσθαι
2909 2797 3004 2850 τοῦ
3055 2796 3428 2866 ἀκροδικαίου.
3478 2795 3618 2848 Ἐπ-

2035 2883 2227 2948 έϐαλες
2253 2886 2565 2957 ὀφθαλμοὺς
2587 2887 2774 2957 ὄψεσιν
2797 2888 3128 2957 ἀλλοτρίαις,
3149 2888 3411 2960 πορνικάς
3426 2887 3493 2939 δι’
3516 2887 3624 2939 αὑ-

2037 2975 2146 3027 τῶν
2181 2977 2484 3046 ἐκπέμπων
2517 2979 2740 3042 ἀκτῖνας
2771 2995 2786 3010 ·
2818 2979 3337 3048 ἁντανεκλάσθησάν
3382 2995 3464 3030 σοι
3503 2976 3624 3029 πά-

350 3081 532 3120 masse
584 3080 708 3118 cum
746 3064 835 3118 illa
897 3063 1250 3117 adulterium.
1289 3064 1451 3117 Amat
1496 3064 1642 3117 enim
1673 3063 1925 3132 quilibet,

2038 3065 2121 3118 λιν
2154 3032 2368 3121 ἐκεῖθεν
2399 3032 2742 3142 μιαρῶτεραῖ
2773 3070 2987 3142 βολίδες
3013 3088 3028 3104 ο
3059 3032 3304 3132 ὃλονίὲκ
3333 3069 3503 3139 μέσης
3525 3069 3626 3121 δε-

349 3157 616 3228 quidquid
682 3157 736 3210 in
798 3155 935 3210 alios
982 3156 1098 3225 ipse
1150 3154 1503 3219 commiserit,
1532 3161 1587 3208 et
1613 3155 1823 3210 tardius
1849 3155 1934 3209 vi-

351 3251 501 3312 dere,
531 3259 586 3304 et
609 3248 943 3302 moderatius
977 3260 1234 3301 censere:
1260 3246 1354 3301 sed
1377 3245 1520 3315 quod
1555 3245 1611 3299 in
1640 3246 1937 3315 ipsummet

354 3340 655 3395 admissum
674 3348 778 3403 est,
809 3340 1024 3392 acutius
1053 3351 1296 3400 cernere,
1325 3345 1380 3390 et
1411 3351 1688 3390 summum
1711 3337 1764 3390 in
1785 3337 1936 3406 judi-

2037 3158 2257 3227 σμήσας
2311 3159 2563 3228 καρδίας,
2593 3163 2944 3232 αίχμὰλωτον
2990 3162 3170 3225 ἕλκεις
3199 3161 3262 3215 τὸ
3320 3161 3476 3226 ζῶον,
3502 3162 3628 3224 τοῖς

2036 3249 2221 3314 αὐτοῖς
2259 3251 2656 3323 ἀνθελκόμενος
2705 3254 2924 3326 βρόχοις
2952 3270 2968 3289 ⁶
3002 3254 3279 3327 ἐτρώθης,
3323 3253 3573 3324 ἔτρωσας
3604 3267 3625 3285 ⁶

2044 3342 2412 3413 κατεϐλήθης,
2451 3346 2770 3410 κατέϐαλες.

354 3432 529 3487 cando
559 3432 789 3498 rigorem
813 3441 1084 3481 exercere.
1105 3427 1326 3492 Oculos,
1352 3427 1545 3483 alienis
1561 3429 1737 3484 oculis
1753 3428 2000 3497 adjecisti
2031 3448 2045 3484 :
2069 3448 2166 3502 per
2183 3437 2404 3490 eosdem
2427 3436 2756 3493 fornicantes
2799 3439 3030 3495 emisisti
3064 3440 3247 3496 radios
3289 3461 3304 3494 :
3338 3438 3557 3504 abindc,
3593 3452 3633 3494 e

357 3523 664 3578 conversim
695 3520 1090 3588 ejaculationes
1111 3520 1164 3574 in
1195 3529 1247 3575 te
1277 3520 1630 3576 reﬂectuntur
1655 3523 2041 3593 improbiores.
2068 3525 2289 3593 Totum,
2316 3546 2346 3584 e
2372 3527 2559 3584 medio
2576 3531 2741 3586 corde
2767 3532 3112 3597 innodatum,
3155 3532 3392 3587 vinctum
3426 3539 3481 3586 et
3519 3545 3630 3585 ca-

355 3623 566 3693 ptivum
592 3617 794 3679 animal
821 3615 1069 3681 abducis,
1093 3616 1208 3686 ipse
1226 3631 1318 3686 per
1336 3617 1554 3672 eosdem
1573 3617 1730 3673 funes
1759 3628 2021 3676 attractus
2041 3639 2054 3676 :
2071 3622 2386 3680 vulneratus
2408 3641 2468 3681 es
2485 3627 2779 3682 vulnerasti
2803 3645 2814 3680 :
2832 3637 3139 3697 prosuatus
3151 3640 3211 3681 es
3229 3626 3629 3695 prostravisiti.

428 3714 496 3769 Et
531 3713 724 3785 quidni
784 3712 1069 3782 perspicue
1095 3711 1198 3767 hoc
1231 3712 1302 3767 sit
1339 3713 1706 3770 adulterium?
1734 3713 1936 3769 Verum

359 3807 672 3864 misericors
705 3803 844 3856 Deus
871 3819 978 3856 non
1019 3803 1071 3856 id
1107 3802 1180 3857 ita
1219 3813 1432 3873 reputat
1467 3821 1483 3859 :
1531 3805 1937 3864 circumscribit

358 3902 736 3968 peccatnm,et
769 3893 919 3946 cordi
945 3891 1130 3962 alligit,
1170 3893 1261 3946 ubi
1294 3895 1479 3962 passio
1513 3895 1939 3964 producebatur.

359 3991 449 4045 Ait
481 3987 669 4044 enim:
717 4005 736 4038 ι
775 3984 832 4039 In
879 3986 1040 4040 corde
1087 3983 1404 4040 adulterasti
1457 4000 1645 4041 eumn
1688 3986 1851 4044 Vides
1885 4001 1944 4047 ut

360 4083 452 4152 qui
476 4081 716 4151 optimus
754 4089 858 4143 est,
896 4077 1128 4148 benigne
1157 4085 1370 4147 reputet
1392 4093 1514 4147 quae
1544 4079 1754 4143 deﬁnit,
1779 4081 1938 4138 nobis

362 4171 628 4242 parcens?
695 4170 799 4225 Sed
839 4181 1035 4240 praeter
1063 4169 1174 4238 jam
1211 4170 1374 4222 allata
1398 4170 1528 4224 illud
1563 4171 1764 4240 cogita.
1822 4171 1939 4229 Hoc

361 4265 454 4319 ille
485 4263 684 4318 scitum
737 4261 990 4332 protulit,
1022 4275 1132 4314 non
1177 4269 1238 4313 ut
1266 4260 1560 4315 meditatus
1589 4260 1641 4314 in
1684 4277 1782 4318 nos
1808 4278 1940 4333 sup-

361 4356 611 4428 plicium,
667 4354 762 4409 sed
798 4362 856 4407 ut
907 4353 1154 4405 eximens
1187 4365 1290 4405 nos
1339 4365 1369 4404 a
1420 4351 1706 4423 supplicio.
1761 4353 1938 4422 Certe,

2113 3719 2239 3783 Πῶς
2264 3722 2386 3791 οὑχὶ
2418 3723 2594 3793 σαφὴς
2624 3723 2782 3776 τοῦτο
2810 3725 3030 3794 μοιχεία
3054 3741 3068 3789 ;
3094 3723 3240 3777 Ἀλλ’
3265 3721 3360 3792 οὐχ
3380 3723 3408 3775 ό
3430 3722 3637 3792 φιλάν-

2037 3809 2255 3880 θρωπος
2293 3813 2448 3884 ἡμῶν
2477 3813 2609 3878 Θεὸς
2641 3817 2848 3878 οὑτως’
2881 3813 3016 3869 ἀλλά
3061 3814 3224 3884 μέχρι
3267 3814 3530 3887 καρδίας,
3566 3815 3637 3869 ἐν

2038 3893 2073 3973 ᾖ
2107 3902 2202 3953 καὶ
2239 3901 2301 3955 τδ
2329 3902 2498 3967 πάθος
2535 3903 2776 3974 ὑπέστη,
2820 3905 3154 3975 περιγράφει
3187 3905 3287 3974 τὴν
3317 3903 3638 3974 ἁμαρτίαν.

2048 4009 2066 4040 ι
2133 3992 2488 4062 Ἐμοίχευσας
2539 3995 2668 4067 γὰρ,
2719 3995 2917 4067 φησὶν,
2971 3998 3029 4050 ἐν
3081 3996 3299 4068 καρδία.
3363 4014 3384 4048 ι
3455 3995 3644 4068 Ὁρᾷς

2044 4081 2194 4147 ὅπως
2233 4085 2517 4155 χρηστῶς,
2551 4088 2698 4150 ὅπως
2740 4087 2977 4156 κούφως,
3011 4089 3191 4142 πάντα
3239 4087 3599 4157 γνωματεύει
3623 4103 3643 4117 ⁶

2047 4175 2194 4239 ὅπως
2220 4179 2374 4248 ἡμῶν
2393 4180 2664 4247 gestasset;
2693 4181 2837 4250 Πρὸς
2861 4181 2918 4233 δὲ
2941 4183 3050 4244 τοῖς
3072 4180 3381 4251 εἰρημένοις
3402 4181 3650 4234 κάκεῖνο

2045 4267 2260 4336 λογίζου
2281 4284 2295 4298 ο
2334 4271 2416 4324 ὃτι
2452 4271 2573 4342 οὐχὶ
2609 4273 2880 4342 τιμωρίαν
2914 4273 3045 4342 ἡμῖν
3087 4272 3351 4336 ἐπινοῶν,
3383 4271 3523 4325 ἀλλὰ
3549 4290 3654 4326 τι-

2052 4363 2274 4434 μωριῶν
2324 4363 2734 4438 ἐξαιρούμενος,
2767 4367 2970 4434 ταύτην
3011 4367 3200 4420 ἀνεῖπε
3243 4365 3343 4436 τὴν
3373 4365 3652 4436 γνώμην.

363 4449 456 4518 qui
490 4449 720 4502 libenter
739 4455 792 4500 et
814 4461 938 4500 cum
971 4443 1167 4498 allectu
1205 4443 1441 4512 quodam
1487 4444 1678 4510 animi,
1710 4453 1822 4499 tam
1855 4446 1925 4501 in-

2061 4452 2120 4505 '0
2159 4453 2264 4524 γὰρ
2303 4457 2413 4519 τοῖς
2441 4456 2705 4520 τοιούτοις
2740 4457 3134 4528 ἐμφιλοχωρῶν
3163 4457 3386 4520 ἀτόποις
3413 4455 3654 4527 θεάμα-

363 4542 624 4611 congruis
649 4538 976 4610 spectaculis
1005 4538 1353 4602 immoratur,
1390 4550 1456 4590 eo
1477 4551 1614 4605 pene
1650 4539 1925 4608 processit,

2049 4561 2168 4606 σιν,
2203 4544 2372 4614 ἐγγύς
2418 4547 2533 4600 ἐστι
2585 4547 2681 4600 καὶ
2715 4547 2853 4619 πρὸς
2895 4546 3068 4618 αὑτὴν
3112 4548 3212 4617 τὴν
3249 4546 3448 4619 πρᾶξιν
3491 4547 3658 4611 ὅλως

364 4639 426 4684 ut
455 4631 631 4698 ipsum
665 4644 724 4682 se
760 4635 885 4682 actu
915 4635 1088 4680 totum
1120 4624 1359 4694 proluat.
1409 4623 1702 4692 Quocirca,
1758 4638 1816 4683 ut
1840 4644 1925 4684 nos

2050 4634 2442 4705 βαπτισθῆναι.
2477 4637 2598 4690 Ἵνα
2627 4636 2721 4690 οὖν
2764 4639 2912 4708 ἡμᾶς
2945 4637 3194 4708 ἐξέληται
3233 4637 3328 4693 τοῦ
3361 4638 3660 4710 κολασθῆ-

339 4739 395 4803 ia
425 4719 990 4790 supplicioliberaret,
1049 4732 1250 4772 causas
1295 4733 1486 4771 omnes
1532 4729 1775 4775 removet
1803 4722 1925 4776 undt

2049 4743 2161 4788 ναι,
2188 4727 2611 4796 προαναστέλλει
2641 4729 2738 4792 τὰς
2762 4729 2943 4792 αἰτίας
2984 4729 3113 4796 τῶν,
3143 4728 3232 4798 ἐφ’
3259 4724 3340 4793 οἷς
3367 4731 3664 4800 εἰσπρατ-

343 4809 470 4871 ξιιοε
507 4811 670 4866 nobis
708 4825 900 4880 poenas
954 4809 1308 4862 accersimus.
1374 4807 1530 4873 Quod
1562 4809 1607 4862 si
1655 4811 1791 4867 velis
1827 4827 1925 4866 retr

2048 4819 2258 4889 τόμεθα
2296 4821 2396 4883 τάς
2434 4820 2725 4892 τιμωρίας.
2775 4821 2934 4884 Ἵδοις
2972 4821 3019 4874 δ’
3060 4821 3124 4875 ἂν
3169 4822 3368 4890 μᾶλλον
3403 4823 3663 4875 ἐπισκο-

370 4903 634 4959 fntentius
685 4914 863 4956 mente
912 4900 1170 4964 recolere,
1225 4900 1408 4954 videre
1466 4900 1559 4954 tibi
1595 4900 1742 4968 licet,
1796 4918 1925 4972 quor

2050 4910 2153 4963 πού
2163 4928 2343 4982 μενος,
2365 4911 2441 4976 ὡς
2459 4913 2580 4983 οὐχὶ
2599 4912 2791 4983 ποινὴν
2812 4911 3163 4984 ἀδυσώπητον
3182 4930 3196 4943 ·
3219 4914 3338 4967 οὑδέ
3359 4915 3666 4985 τιμωρίαν

371 5011 466 5066 per
524 4995 628 5049 hoc
681 5003 1013 5062 praeceptum
1075 4992 1502 5048 consolationem
1589 4995 1925 5050 humanitati:

2050 5002 2440 5074 ἀλογοθέτητον
2463 5021 2476 5035 ⁸
2507 5005 2870 5074 ψυχαγωγίαν
2893 5005 2950 5057 δὲ
2979 5006 3176 5074 μᾶλλον
3213 5006 3621 5075 φιλάνθρωπον
3639 5047 3664 5072 ,

372 5089 585 5160 plenam
649 5084 911 5154 suggerit,
979 5093 1034 5138 et
1080 5085 1561 5139 manuductionem
1591 5085 1660 5139 ad
1693 5087 1922 5141 salutem

2050 5097 2146 5149 καὶ
2194 5097 2562 5165 χειραγωγίαν
2617 5099 2915 5168 σωτήριον,
2967 5097 3054 5150 διὰ
3098 5100 3303 5167 ταύτης
3355 5099 3488 5168 ἡμῖν
3533 5097 3668 5166 τῆς

373 5194 483 5232 non
508 5185 692 5230 autem
722 5174 1048 5244 supplicium
1082 5174 1354 5229 construit
1407 5175 1792 5244 implacabilis,
1839 5192 1925 5231 non

2049 5185 2270 5256 ἐντολῆς
2314 5186 2612 5257 μεθοδεύει.
2653 5188 2815 5253 ΙΙῶς;
2863 5188 3020 5241 Ἐπεὶ
3063 5188 3193 5259 γὰρ,
3233 5183 3323 5241 οἷα
3353 5187 3527 5241 πολλά
3572 5189 3670 5242 τὰ

373 5285 592 5342 poenam
629 5268 780 5322 nullo
810 5267 973 5322 modo
1008 5269 1401 5324 redimendam.
1457 5269 1592 5324 Cum
1627 5271 1794 5335 cnim,
1829 5285 1925 5341 qua

2050 5273 2391 5344 ἀνθρώπινα,
2427 5277 2521 5332 καὶ
2562 5279 2732 5350 χωρὶς
2769 5278 3000 5350 μελέτης
3039 5279 3134 5332 καὶ
3179 5277 3524 5349 περιεργίας,
3557 5278 3671 5344 εἰς

446 5413 491 5444 ⁸⁸
522 5410 537 5462 1
565 5410 691 5464 Cor.
726 5425 785 5474 ll,
813 5407 866 5460 9.

1683 5528 1918 5585 VARI/li
1977 5528 2388 5586 LECTIONES.

495 5622 511 5657 ι
543 5619 754 5688 ἔκοψενο
782 5618 1036 5672 ἐκόλαῦεν
1060 5619 1221 5676 habet
1257 5630 1308 5677 Ct
1336 5619 1460 5676 Mori
