3854 6216
214 231 295 296 997
1086 225 1187 283 AD
1226 223 1819 285 AMPIIILOCHIUM
1858 220 2210 294 QUAESI‘IO
2246 220 2493 280 CCXXI.

3304 217 3409 282 998

206 339 400 399 ἀτόπους
439 330 781 404 ἐκφερόμεθα
827 331 1093 403 πράξεις’
1145 331 1232 385 ἶνα
1288 332 1508 384 ἐπειδὰν
1564 329 1731 399 μηδὲν

1843 339 1922 383 est
1961 338 2150 382 τοι-οη]
2182 327 2422 381 conditio
2461 327 3032 393 humanarum,etiam
3065 328 3271 398 absque
3306 330 3408 383 ali-

205 426 736 499 προμεμελετηκότες,
788 424 925 495 μηδὲ
973 424 1086 486 τοῖς
1135 424 1417 492 λογισμοῖς
1461 422 1521 474 τὸ
1556 420 1729 482 πάθος

206 517 554 587 στηλώσαντες,
596 515 738 569 κατά
773 533 894 567 τινα
926 514 981 568 δὲ
1013 514 1155 584 βίαν,
1201 515 1233 583 ἢ
1268 512 1646 581 συναρπαγὴν,
1694 510 1728 579 ἢ

202 610 336 673 δόλον,
364 610 438 671 εἰς
479 605 738 674 τοιαύτην
779 606 1264 677 παρολισθήσωμεν
1325 603 1545 673 πρᾶξιν,
1582 619 1733 671 τηνι-

199 702 340 753 καῦτα
385 698 455 769 μὴ
508 698 912 768 καταπέσωμεν
963 697 1266 759 παντελῶς,
1305 695 1427 766 μηδ’
1477 696 1557 757 εἰς
1588 694 1726 747 ἀπό-

200 808 361 859 γνωσιν
396 792 621 854 ἑαυτοὺς
656 790 1073 861 ἁπορῤίψωμεν.
1118 788 1258 841 Ἀλλ’
1289 786 1618 848 ἐννοοῦντες,
1650 787 1730 839 ὅτι

199 889 305 953 μήτε
337 883 579 955 μελέτης,
614 884 751 953 μήτε
787 882 1047 951 σπουδῆς,
1084 883 1220 952 μήτε
1262 879 1562 948 λογισμῶν,
1598 895 1733 945 συγ-

198 975 501 1036 καταθέσεως
536 974 1036 1044 προηγησαμένης,
1078 973 1153 1039 τῷ
1194 971 1449 1041 πτώματι
1490 968 1734 1040 παρεσύ-

198 1083 339 1137 ρημεν
357 1104 371 1127 ,
406 1066 597 1118 θᾶττόν
618 1083 679 1118 τε
709 1066 905 1128 αὐτοὺς
936 1067 1145 1117 ἐκεῖθεν
1174 1064 1572 1133 ἀναστήσωμεν
1593 1104 1609 1130 ,
1640 1062 1736 1116 καὶ

196 1158 304 1228 πρὸς
352 1157 635 1227 μετάνοιαν
692 1158 1020 1228 δράμωμεν,
1077 1156 1320 1227 μεγάλην
1366 1154 1736 1225 ὲφευρηκότες

194 1252 410 1320 ἀφορμὴν
468 1249 834 1321 συγγνώμης,
874 1250 935 1302 τὸ
972 1252 1046 1320 μὴ
1085 1249 1224 1319 μετὰ
1270 1247 1497 1318 γνώμης
1526 1249 1733 1301 πεσεῖν.

197 1345 291 1396 ἰνα
313 1340 401 1395 οὖν
428 1342 638 1406 τούτοις
660 1347 772 1405 τοῖς
802 1343 1104 1413 λογισμοῖς,
1130 1342 1296 1393 ὲπειδ’
1339 1340 1408 1393 ἂν
1442 1338 1500 1404 ἐξ
1527 1341 1738 1411 ἐπιδρο-

197 1436 307 1505 μῆς,
339 1436 369 1505 ἧ
423 1436 619 1505 τέχνης
663 1434 857 1497 τινὸςιι
896 1434 930 1505 ἢ
986 1433 1082 1486 x11
1117 1432 1435 1502 τυραννίδος
1476 1431 1732 1499 ἁλῶμεν,

194 1530 508 1598 ψυχαγωγεῖν
564 1526 777 1597 ἔχωμεν
834 1526 1092 1591 ἑαυτοὺς,
1170 1524 1261 1578 καὶ
1332 1523 1736 1601 προθυμότερον

194 1620 304 1689 πρὸς
326 1620 421 1690 την
454 1619 740 1689 διόρθωσιν
775 1617 1221 1688 εύθυδρομῶμεν,
1261 1616 1462 1686 ταύτην
1494 1618 1521 1669 ὁ
1547 1616 1736 1684 Σωτὴρ

1835 439 1943 491 qua
1974 421 2328 479 meditatione
2355 430 2449 475 aut
2485 421 2822 488 curiositate,
2869 422 2921 475 in
2981 421 3249 476 absurdas
3308 423 3411 476 de»

1834 514 2066 569 ferimur
2086 515 2364 581 actiones;
2391 513 2533 577 ideo,
2575 511 2629 566 in
2662 528 2785 567 eum
2826 514 3008 578 finem,
3048 524 3128 578 ut,
3162 530 3285 570 cum
3316 530 3413 569 ne.-

1834 622 1942 675 qne
1962 606 2141 661 dedita
2166 621 2352 674 opera,
2384 620 2483 660 nec
2505 604 2823 675 cogitationi
2860 607 3075 675 penitus
3111 606 3413 662 inhaerente

1836 698 2057 762 affectu,
2083 698 2175 751 sed
2206 712 2300 767 per
2320 698 2454 760 vim,
2487 712 2584 767 per
2624 698 2897 765 rapinam,
2934 712 3027 765 per
3052 695 3295 751 fraudem
3334 696 3415 750 in-

1837 789 2008 855 ducti,
2042 790 2095 842 in
2126 786 2395 859 ejusmodi
2437 798 2622 842 actum
2657 787 3117 854 exorbitavimus;
3171 797 3305 851 tum,
3357 795 3416 842 ut
3474 802 3477 803 '

1839 905 1905 942 ne
1946 889 2159 958 penitus
2199 885 2574 946 concidamus,
2610 891 2705 938 aut
2752 881 3076 952 abjiciamus
3111 898 3210 935 nos
3238 883 3287 935 in
3319 882 3414 935 de-

1838 981 2235 1049 sperationem;
2298 976 2393 1032 sed
2447 984 2792 1046 reputantes,
2842 974 2990 1044 quod
3017 989 3117 1028 nec
3138 974 3202 1028 de
3242 973 3417 1027 medi--

1840 1074 2066 1136 latione,
2131 1086 2233 1126 nec
2289 1068 2492 1134 studio,
2547 1083 2649 1123 nec
2692 1066 3132 1131 ratiocinatione,
3184 1066 3413 1121 condes-

1838 1164 2097 1220 censione
2142 1163 2505 1233 praecedente,
2569 1164 2621 1216 in
2670 1161 3075 1232 prolapsionem
3142 1159 3413 1215 subtracti

1841 1258 2044 1314 fuimus
2090 1258 2322 1312 celerius
2358 1264 2572 1311 nosmet
2608 1255 3085 1317 resuscitabimus,
3136 1253 3203 1307 ad
3238 1252 3414 1322 poeni-

1838 1353 2063 1405 tentiam
2087 1366 2461 1417 accurremus,
2489 1351 2717 1419 primam
2743 1364 3019 1417 quamque
3040 1347 3212 1401 veniae
3233 1345 3414 1401 indul-

1838 1444 2027 1512 gendas
2082 1443 2426 1498 occasionem
2475 1443 2830 1512 arripientes,
2894 1442 3123 1495 minime
3168 1455 3289 1503 nos.
3348 1442 3417 1494 de

1840 1532 2009 1587 animi
2046 1534 2325 1587 sententia"
2368 1534 2653 1603 prolapsos
2688 1549 2832 1589 esse.
2876 1533 3168 1600 Quocirca,
3195 1532 3413 1601 quoties

1842 1624 1911 1679 ab
1934 1627 2181 1691 incursu,
2228 1625 2314 1679 vel
2372 1641 2469 1694 per
2511 1625 2729 1695 aliquod
2782 1625 3099 1689 artificium,
3155 1635 3249 1678 aut
3302 1623 3413 1676 vim

193 1712 480 1780 ἀπεφήνατο
509 1711 607 1782 τὴν
653 1710 907 1780 γνώμην’
952 1710 1010 1761 ὲν
1042 1713 1106 1780 τῇ
1147 1708 1255 1761 τῶν
1284 1707 1542 1778 χειρόνων
1585 1707 1735 1775 αἱρέ-

1843 1716 2118 1786 tyrannice
2154 1714 2453 1769 adhibitam
2503 1730 2860 1781 occupamur,
2927 1713 3236 1767 istiusmodi
3266 1713 3413 1766 sola-

193 1821 274 1869 σει,
303 1803 520 1856 καὶτῶν
556 1803 832 1873 λογισμῶν
860 1805 926 1872 τῇ
954 1802 1374 1870 συγκαταθέσει,
1406 1801 1523 1854 ἀλλ’
1547 1802 1647 1853 οὐκ
1680 1802 1736 1854 ὲν

192 1899 240 1965 τῇ
270 1895 454 1965 πράξει
482 1896 639 1967 μόνῃ,
664 1896 725 1948 τὸ
749 1896 847 1964 τῆς
877 1895 1150 1966 ἁμαρτίας
1174 1880 1534 1965 περιστήσας.
1568 1892 1738 1946 Τοῦτο

190 1989 233 2041 δὲ
255 1989 309 2041 ού
342 1988 665 2059 βαρύνοντος
708 1990 846 2053 ἐστι,
879 1987 1003 2057 δίχα
1037 1988 1217 2057 λόγου,
1251 1988 1312 2040 τὸ
1358 1988 1594 2050 συνειδὸς
1628 1986 1737 2039 τῶν

190 2083 585 2153 ἁμαρτανόντων
619 2123 633 2147 ,
693 2080 829 2134 ἀλλὰ
887 2079 1305 2151 βεϐαρημένην,
1362 2080 1470 2132 τῶν
1524 2079 1624 2132 οὐκ
1673 2082 1739 2132 ὲκ

191 2171 393 2241 μελέτης
423 2172 696 2236 ἁλόντων,
750 2170 1209 2239 ἀνακουφίζοντος
1253 2170 1353 2240 τὴν
1396 2170 1735 2241 συνείδησιν,

190 2261 265 2313 καὶ
304 2261 766 2333 παρηγοροῦντος.
821 2262 1033 2332 Ὥσπερ
1083 2262 1192 2331 γὰρ
1237 2264 1348 2325 τοῖς
1400 2262 1468 2315 δι’
1514 2262 1737 2316 ἐκείνων

190 2354 482 2422 προελθοῦσι
532 2355 641 2407 τῶν
678 2353 1071 2426 ὲρεθισμάτων,
1131 2357 1273 2424 μέγα
1320 2357 1411 2407 καὶ¹
1460 2354 1737 2409 δύσοιστον

187 2444 234 2496 τὸ
254 2445 582 2516 κατάκριμα.
618 2446 724 2516 (Τί
758 2445 866 2516 γὰρ
900 2447 1201 2516 ὲμελέτας;
1237 2446 1289 2498 τί
1328 2446 1371 2498 δ’
1414 2446 1739 2517 ἁνηρέθιζες

188 2537 241 2587 τὰ
276 2535 451 2606 πάθη;
494 2537 594 2589 καὶ
642 2538 741 2607 τῆς
776 2537 990 2607 φαύλης
1041 2538 1311 2609 αἱρέσεως
1350 2540 1469 2591 ὅλον
1511 2539 1737 2592 σεαυτὸν

188 2625 361 2688 ἐποίεις
386 2667 401 2691 ,
439 2625 585 2680 ἑκὼν
643 2628 883 2687 ἀποστὰς
915 2629 1025 2681 τῶν
1072 2630 1426 2699 κρειττόνων,
1465 2630 1639 2683 καίτοι
1680 2629 1740 2682 τὸ

189 2715 334 2771 θέλειν
378 2727 446 2771 τᾴι
480 2720 696 2790 ἀμείνω
746 2723 906 2791 ρᾷον;
941 2742 959 2774 ι
1002 2723 1339 2793 Παρακειται
1387 2724 1495 2794 γὰρ
1537 2724 1632 2776 καὶ
1679 2725 1738 2775 ὲν

187 2812 362 2885 ἑτοίμῳ
408 2817 613 2881 πᾶσιν,
659 2816 733 2880 ὠς
785 2820 877 2870 καὶ
927 2817 1136 2880 Παῦλος
1188 2818 1315 2889 βοᾷ,
1369 2820 1425 2870 τὸ
1454 2818 1522 2871 τὰ
1557 2819 1740 2887 ἀγαθὰ

188 2903 357 2973 θέλειν,
399 2927 419 2961 ›
457 2910 553 2962 καὶ
583 2910 733 2961 οὐδὲν
760 2911 995 2981 ἐργῶδες
1023 2913 1202 2980 μισεῖν
1226 2911 1536 2979 τάναντία.)
1581 2911 1741 2964 Ἀλλὰ

186 3000 273 3067 γὰρ
294 3000 480 3071 ὥσπερ
512 3003 625 3062 τοῖς
657 3002 920 3064 τοιούτοις
949 3003 1007 3054 τὸ
1039 3004 1136 3073 τῆς
1168 3004 1548 3074 κατακρίσεως
1580 3002 1742 3073 χαλε-

188 3094 296 3142 πόν·
341 3092 486 3145 οὕτω
536 3096 649 3157 τοῖς
701 3094 776 3165 μὴ
808 3095 896 3147 διὰ
939 3095 1048 3147 τῶν
1097 3096 1299 3165 ὁμοίων
1337 3096 1739 3165 παρενεχθεῖσι,

186 3184 462 3253 προψθάνει
518 3187 620 3257 τῆς
674 3188 945 3257 τιμωρίας
1003 3191 1035 3258 ἡ
1086 3186 1510 3257 φιλανθρωπία,
1568 3187 1623 3237 εν
1672 3187 1739 3254 τῇ

186 3282 350 3349 ταχινῇ
384 3279 726 3351 μεταμελείᾳ
748 3321 762 3345 ,
796 3281 981 3352 ῥᾳδίαν
1009 3281 1107 3352 τὴν
1144 3280 1476 3351 συγγνώμην
1521 3280 1614 3331 καὶ
1644 3277 1741 3348 τὴν

185 3369 406 3425 ἀθώωσιν
437 3374 803 3443 χαριζομένη.
836 3373 946 3427 Kal.
982 3373 1155 3427 ταῦτα
1190 3374 1289 3443 μὲν
1327 3373 1419 3424 ἐπὶ
1461 3370 1737 3423 τοσοῦτον.

186 3460 243 3514 Σὺ
265 3462 314 3515 δέ
344 3482 435 3535 μοι
469 3466 571 3518 καὶ
598 3466 824 3535 πράξεις
852 3468 1086 3532 ἀτόπους
1111 3468 1399 3539 ἐκτρέπου,
1426 3466 1520 3518 καὶ
1546 3465 1739 3518 εἴδωλα

185 3554 275 3615 τοῖς
305 3556 615 3627 λογισμοῖς,
650 3557 736 3610 διὰ
764 3559 1059 3629 περιέργου
1096 3560 1190 3612 καὶ
1228 3558 1508 3629 ὲμπαθοῦς
1539 3557 1738 3625 ὂψεως,

185 3647 380 3716 ανιστᾷν
422 3647 662 3717 ἀπέχου,
730 3648 819 3701 ἵνα
853 3665 933 3701 σοι
963 3649 1055 3700 καὶ
1101 3652 1213 3711 τοῖς
1253 3648 1515 3709 τοιούτοις
1558 3646 1740 3714 λόγοις

186 3740 369 3807 τρυφᾷν
396 3748 444 3805 ν,
478 3738 620 3791 ἀλλὰ
654 3739 728 3810 μὴ
755 3739 1141 3810 δυσχεραίνειν,
1174 3738 1524 3809 περιγίνοιτο.

1843 1806 2082 1861 tionibus
2114 1821 2216 1861 nos
2246 1805 2467 1860 reﬁcere
2500 1814 2554 1859 et
2601 1804 2783 1859 fovere
2833 1820 3161 1873 possumus;
3226 1815 3287 1857 ut
3335 1803 3415 1858 sic

1840 1898 2093 1953 alacriori
2148 1914 2313 1953 cursu
2361 1898 2599 1952 feramur
2646 1897 2712 1951 ad
2744 1897 3201 1951 emendationem.
3262 1894 3414 1950 Hanc

1841 1993 2167 2046 sententiam
2202 1990 2462 2045 Servator
2486 1990 2729 2058 protulit,
2776 2000 2833 2043 ut
2858 1990 2909 2043 in
2932 1989 3266 2044 deteriorum
3306 1987 3414 2043 ele-

1849 2081 2052 2146 ctione,
2095 2089 2147 2134 et
2192 2081 2420 2136 rationis
2467 2096 2759 2146 consensu,
2815 2081 3021 2149 peccati
3057 2088 3330 2138 naturam.
3362 2088 3419 2134 et

1841 2188 1951 2226 non
1977 2172 2029 2225 in
2063 2173 2182 2227 solo
2206 2183 2351 2236 actu,
2383 2173 2825 2228 circumscribat.
2882 2169 2993 2225 Nec
3022 2181 3107 2227 est
3141 2172 3245 2226 hoc
3282 2185 3416 2227 one-

1841 2264 2015 2318 rantis
2059 2264 2179 2318 sine
2228 2265 2441 2319 ratione
2498 2264 2887 2319 conscientiam
2950 2263 3413 2333 delinquentium;

1842 2355 1937 2411 sed
1977 2356 2284 2410 alleviantis
2312 2357 2495 2425 potius
2536 2366 2589 2410 et
2636 2355 2976 2410 consolantis
3020 2354 3415 2410 conscientiam

1842 2456 2254 2517 praegravatam,
2326 2464 2540 2511 eorum,
2596 2450 2690 2518 qui
2747 2463 2854 2503 non
2897 2464 2928 2502 e
2962 2459 3109 2502 certo
3133 2447 3417 2517 proposito

1842 2542 2207 2611 abripiuntur.
2249 2541 2716 2608 Quemadmodum
2748 2544 2891 2596 enim
2919 2542 3027 2597 illis
3056 2543 3150 2611 qui
3175 2542 3241 2595 ab
3272 2541 3419 2610 ipso—

1843 2620 1961 2687 rum
2020 2635 2443 2690 excitationibus
2512 2636 2738 2705 profecti
2785 2644 2950 2700 sunt,
3030 2636 3417 2691 condemnatio

1844 2727 2041 2781 accidit
2074 2728 2221 2795 justa
2250 2738 2304 2782 et
2347 2729 2715 2797 importabilis
2774 2729 2927 2799 (quid
2976 2730 3121 2784 enim
3174 2728 3419 2784 studiose

1844 2819 2138 2875 meditatus
2164 2820 2264 2874 es?
2290 2836 2553 2890 quorsum
2586 2822 2811 2877 aﬂ‘ectus
2845 2824 2925 2877 sic
2954 2821 3179 2875 irritasti
3201 2821 3224 2874 ἳ
3249 2836 3418 2891 quare

1844 2922 1895 2966 te
1918 2924 2089 2966 totum
2122 2915 2405 2983 componis
2450 2916 2515 2968 ad
2548 2914 2951 2982 improbitatem
2978 2914 3415 2983 amplcxandam,

1846 3017 2037 3075 sponte
2074 3007 2357 3061 declinans
2406 3016 2461 3060 et
2512 3008 2772 3061 recedens
2812 3023 2842 3060 a
2889 3007 3227 3071 melioribus,
3291 3021 3417 3061 cum

1846 3106 2029 3151 tamen
2066 3097 2224 3152 facile
2252 3098 2427 3152 fuerat
2469 3108 2527 3152 ut
2554 3109 2835 3169 appeteres
2862 3099 3123 3153 meliora?
3148 3117 3167 3150 ι
3195 3097 3421 3168 Adiacet

1848 3188 1991 3241 enim
2028 3189 2243 3257 cuique,
2278 3188 2357 3241 uti
2398 3188 2600 3242 Paulus
2629 3190 2724 3251 ait,
2761 3188 2898 3243 velle
2927 3187 3187 3242 bonum“
3224 3205 3237 3241 :
3267 3205 3285 3237 ι
3320 3201 3421 3240 nec

1847 3288 1934 3333 est
1969 3294 2261 3334 onerosum
2293 3281 2477 3335 odisse
2512 3279 2695 3350 mala).
2732 3278 2802 3334 Ut
2832 3279 2953 3335 istis
3005 3278 3201 3332 durum
3233 3292 3313 3331 esr
3356 3291 3422 3331 ac

1848 3373 2186 3427 intolerabile
2218 3373 2602 3440 condemnari;
2664 3375 2737 3427 ita
2773 3389 2890 3437 eos,
2945 3372 3039 3442 qui
3073 3387 3181 3431 non
3221 3386 3315 3440 per
3345 3370 3422 3424 si-

1847 3465 1998 3519 mili-n
2040 3466 2415 3534 abripiuntur,
2473 3467 2756 3536 suppliciis
2815 3473 3123 3535 exemptos,
3158 3463 3423 3534 prteveuit

1848 3558 2254 3625 misericordia;
2316 3560 2463 3613 etin
2513 3560 2746 3613 celerala
2800 3559 3117 3628 paenitentia
3141 3574 3248 3611 non
3284 3556 3425 3611 dilli-

1847 3650 2022 3703 culter
2039 3652 2206 3705 donat
2234 3651 2647 3720 indulgentiam,
2680 3661 2735 3705 et
2756 3667 2785 3705 a
2818 3661 2970 3705 reatu
2998 3651 3419 3705 absolutionem.

1852 3741 1915 3795 Et
1957 3742 2070 3796 hanc.
2090 3744 2306 3811 quidem
2336 3744 2624 3797 hactenus.
2662 3742 2744 3797 'l‘u
2767 3753 2948 3797 autem
2980 3746 3224 3797 actiones
3254 3755 3424 3811 quas-

187 3829 295 3888 libet
322 3837 599 3892 absurdas
640 3847 951 3901 aversatur;
983 3845 1037 3891 et
1058 3839 1204 3893 idola
1244 3838 1489 3908 quadam
1514 3853 1607 3907 per
1658 3834 2042 3905 cogitationem
2084 3838 2303 3892 curioso
2346 3849 2400 3891 et
2446 3838 2743 3892 affectuose
2792 3837 2992 3890 intuitu
3055 3836 3264 3903 erigere
3327 3832 3426 3887 ab-

186 3926 332 3995 sistis,
363 3938 422 3984 ut
458 3930 545 3985 sic
572 3930 792 3985 demum
828 3932 999 3985 laztari
1034 3932 1235 4001 possis,
1269 3941 1323 3985 et
1358 3931 1517 4000 quasi
1546 3927 1834 3992 luxuriari,
1869 3945 1969 3983 nec
1996 3931 2107 3984 ullo
2137 3932 2299 3983 modo
2322 3930 2457 3984 allici
2488 3930 2686 3984 talibus
2719 3928 3068 3983 sermonibus
3085 3928 3170 3981 vel
3196 3926 3421 3981 oﬂ‘endi.

688 4024 1020 4078 ΕΡΩΊἩΣΙΣ
1057 4025 1229 4079 ΣΚΑ’.

269 4119 449 4184 Ποίας
478 4117 768 4185 αἱρέσεως
796 4117 878 4187 ἦν
905 4120 1195 4185 Εὐσέϐιος
1220 4121 1252 4172 ό
1280 4117 1633 4186 Παμφίλους

1849 4018 2180 4087 ΩυίΕΒΊΊΟ
2215 4021 2425 4075 CCXXI
2470 4020 2658 4092 [CoisL
2710 4019 2941 4083 CLXVI,
2994 4017 3154 4071 Taur.
3188 4014 3420 4088 CLXV].

2032 4111 2196 4182 Cujus
2237 4113 2450 4166 lian'esis
2488 4122 2601 4167 erat
2634 4111 2894 4166 Eusebius
2930 4109 3247 4181 Pamphili?

441 4229 591 4281 Edita
614 4246 640 4280 ε
670 4231 969 4281 Montacutio
994 4232 1097 4294 (ep.
1124 4230 1231 4293 ιιι,
1258 4232 1316 4281 ad
1348 4231 1602 4282 Constant.
1628 4245 1677 4293 p.
1702 4229 1816 4294 301)
1840 4236 1892 4279 et
1918 4244 1944 4279 a
1971 4231 2026 4279 B.
2053 4230 2115 4278 de
2150 4227 2459 4277 Montfaucon
2496 4222 2747 4288 (Biblioth.
2776 4224 2925 4276 Coisl.
2951 4240 3001 4288 p.
3027 4224 3160 4287 548).

240 4338 520 4404 Εὐσέϐιος,
545 4342 574 4393 ὀ
595 4340 691 4392 τοῦ
717 4341 1003 4409 Παμφίλου
1020 4342 1129 4393 εῐτε
1146 4340 1333 4404 δοῦλος
1353 4342 1462 4394 εἴτε
1486 4341 1737 4410 συνήθης,

1923 4338 2241 4404 Eusebium,
2314 4335 2583 4404 Pamphili
2642 4335 2757 4388 sive
2824 4346 3041 4389 servum
3097 4331 3211 4385 sive
3264 4329 3425 4384 fami-

186 4428 253 4479 δτι
297 4431 392 4498 μὲν
440 4431 814 4501 Ἀρειανισμῷ
860 4431 1034 4495 ἑάλω,
1094 4431 1259 4501 βοῶσι
1314 4433 1411 4502 μὲν
1478 4431 1644 4484 αὐτοῦ
1682 4430 1750 4484 τὰ

189 4521 365 4588 βιελία.
396 4526 515 4577 Καὶ
543 4525 706 4587 αὐτὸς
740 4525 796 4577 δὲ
829 4525 1266 4595 μεταμελόμενος
1294 4526 1454 4595 δῆθεν
1482 4528 1574 4577 καὶ
1600 4526 1749 4577 ἄκων

187 4614 269 4683 τὴν
296 4618 451 4670 νόσον
484 4616 846 4685 ἀνομολογεῖ,
876 4617 976 4669 κὰν
996 4619 1061 4687 τῇ
1091 4617 1423 4687 μεταμελείᾳ
1451 4618 1505 4669 δὲ
1539 4617 1743 4686 μᾶλλον

186 4704 356 4765 ἑαυτὸν
394 4711 676 4763 δείκνυσιν
704 4710 1139 4781 ἀμεταμέλητον.
1168 4712 1241 4764 Οὐ
1283 4710 1390 4780 γὰρ
1431 4710 1622 4763 ἑαυτὸν
1658 4712 1749 4761 ὲκ-

188 4798 354 4868 σῖῆναι
381 4805 488 4873 τῆς
527 4802 802 4871 προτέρας
836 4801 1158 4867 κακοδοξίας
1197 4801 1263 4853 δι’
1294 4794 1369 4853 ὧν
1402 4800 1580 4865 ἔδοξεν
1611 4801 1747 4852 ἀπο-

187 4886 441 4956 λογετσθαι
475 4893 818 4966 συνίστησιν,
855 4894 976 4946 οὐδὲ
1006 4896 1071 4963 τῇ
1103 4893 1234 4963 ἁγίᾳ
1261 4894 1355 4945 καὶ
1392 4892 1745 4961 οίκουμενικῇ

244 5008 283 5039 ⁸³
312 5010 471 5065 Rom.
501 5027 601 5077 vn,
630 5011 716 5066 l8.

1846 4432 2062 4492 liarem,
2096 4430 2412 4484 Arianismo
2449 4428 2620 4482 fuisse
2668 4435 2978 4496 correptum
3001 4424 3103 4497 (ί),
3144 4424 3266 4493 ejus
3293 4423 3419 4478 libri

1847 4526 2104 4577 clamant.
2136 4522 2253 4591 lpse
2310 4538 2439 4575 vero
2478 4521 2799 4590 pmnitentia
2840 4520 3036 4573 ductus
3091 4519 3175 4571 vel
3218 4516 3425 4570 invitus

1847 4616 2100 4669 morbum
2130 4614 2418 4668 confessus
2449 4623 2553 4677 est,
2584 4612 2798 4667 etiamsi
2837 4613 2920 4665 vel
2954 4612 3067 4680 ipsa
3110 4608 3425 4674 poenitentia

1848 4707 2029 4775 ipsum
2084 4707 2235 4759 nullo
2264 4707 2427 4758 modo
2452 4705 2779 4775 paenituisse
2824 4704 3083 4757 declaret.
3122 4703 3241 4756 Non
3274 4703 3423 4757 enim

1847 4815 1906 4853 se
1945 4814 1973 4851 a
2019 4814 2183 4868 prava
2239 4798 2512 4852 sententia
2576 4796 2841 4851 desistere
2884 4811 2980 4864 per
3024 4795 3194 4860 illam,
3255 4809 3425 4863 quam

1847 4902 2004 4960 parat
2050 4892 2379 4961 apologiam,
2412 4891 2717 4960 profitetur,
2780 4903 2953 4958 neque
2984 4904 3109 4943 cum
3157 4898 3345 4944 sancta
3374 4899 3430 4942 es

1358 5100 1599 5156 VARle
1632 5100 2039 5157 LECTIONES.
2076 5156 2083 5161 .

249 5212 273 5240 η
309 5205 624 5273 διαῆνιλικῆς
649 5204 801 5259 deest
838 5203 891 5256 in
921 5200 1172 5257 Monach.
1197 5216 1435 5270 Quoque.

1549 5208 1577 5237 ν
1601 5198 1687 5252 ἷσ.
1721 5200 2017 5268 ἐντρυφᾷν.
2040 5199 2253 5269 τρυφᾷν
2306 5197 2468 5251 habet
2490 5207 2545 5252 et
2571 5195 2803 5253 Monach

1682 5288 1889 5344 ΝΟΤᾸΕ
1902 5335 1913 5346 .

250 5393 316 5462 (ι)
349 5395 424 5449 De
456 5394 680 5448 Eusebii
718 5390 1025 5462 Arianismo
1072 5388 1189 5441 fuse
1240 5386 1657 5462 dispu_ta_vimus__
1688 5385 1742 5462 in

193 5456 751 5519 An'iiuadversimtilnts
783 5464 834 5515 in
871 5460 1042 5512 Vitam
1077 5470 1130 5510 et
1154 5459 1352 5523 scripta
1381 5456 1660 5509 Athanasii
1690 5456 1743 5508 in

195 5535 347 5587 fronte
376 5535 721 5589 Collectionis
754 5549 897 5584 nova:
929 5528 1028 5583 SS.
1069 5527 1179 5582 PP.
1226 5526 1395 5580 Nobis
1421 5527 1750 5594 astipulatur

194 5598 417 5673 Photius,
455 5606 545 5673 qui
573 5620 694 5659 eum
730 5604 905 5673 palam
938 5602 1201 5673 Ariaunm
1249 5598 1509 5673 declarat.
1563 5595 1754 5673 Quoad

195 5667 597 5743 Urigeuiauismi
632 5667 838 5737 notam,
866 5687 1028 5742 quam
1071 5672 1144 5723 illi
1193 5670 1361 5723 inurit
1390 5668 1553 5731 idem,
1620 5667 1757 5719 nihil

1853 5387 2013 5441 nobis
2049 5386 2433 5455 proferendum
2479 5385 2717 5454 suppetit
2748 5404 2759 5439 :
2796 5385 3011 5453 eritque
3049 5383 3121 5445 id,
3160 5384 3212 5436 ni
3244 5382 3423 5448 fallor,

1857 5473 2058 5510 novum
2123 5458 2262 5510 inter
2295 5457 2486 5509 ductos
2546 5458 2936 5510 controversia:
2998 5464 3421 5520 argumentum:

1859 5543 2176 5597 quanquam
2220 5544 2326 5579 non
2360 5526 2673 5589 defuerunt,
2732 5527 2826 5597 qui
2874 5528 2984 5597 jam
3020 5524 3194 5597 ipsum
3219 5539 3283 5597 es
3316 5522 3425 5574 fre.

1862 5593 2048 5664 quenti
2102 5596 2354 5667 Origenis
2402 5612 2631 5667 operum
2666 5593 2911 5667 lectione
2952 5595 3003 5646 in
3058 5593 3424 5667 Origenianos

1865 5662 2129 5737 quosdam
2170 5662 2386 5724 errores
2411 5662 2624 5738 lapsum
2655 5665 2914 5736 suspicati
2949 5667 3077 5718 sint.
3114 5662 3333 5716 Μυκη».
