3854 6216
403 238 512 303 999

1557 235 1821 299 PIIOTII
1861 233 2366 295 PATRIARCIIA!
2397 233 2505 293 Cl’.

3517 230 3668 298 1000

399 354 740 411 (ecumeniea
771 353 981 426 synodo
1023 368 1083 409 se
1117 353 1429 407 consentire
1464 351 1690 416 indicat,
1723 350 1815 404 sed
1848 364 1972 400 con-

2077 347 2438 415 συμφωνῆσαι
2469 347 2518 381 ν·
2550 343 2754 414 συνόδῳ
2779 359 2794 374 ο
2829 343 2966 398 ἀλλὰ
3022 343 3148 405 τούς
3200 342 3293 396 τοῦ
3329 345 3663 411 ὁμοουσίου

355 431 358 435 ’
397 446 774 502 substantialis
831 457 1092 516 patronos
1149 459 1339 500 secum
1379 443 1648 498 sententia
1681 451 1736 496 et
1784 451 1972 494 mente

397 538 690 592 convenire
717 548 1031 607 portentose
1057 536 1228 605 lingit.
1256 535 1408 601 Quod
1441 544 1553 587 tmn
1584 534 1688 586 alia
1713 532 1966 602 plurima,

397 637 509 682 ttnn
533 629 794 700 epistola,
826 644 991 699 quam
1013 628 1444 682 Caesarie-usibus
1472 627 1710 695 scripsit,
1745 626 1971 678 demon-

394 732 552 776 strat.
589 722 785 777 Verum
823 723 969 792 quod
1023 723 1092 775 ab
1143 721 1300 774 initio
1349 720 1612 773 Arianam
1649 720 1967 789 opinionem

393 809 612 877 foverit,
638 824 690 866 et
726 830 900 883 usque
930 815 984 866 in
1015 813 1174 866 tinem
1209 813 1276 865 ab
1311 827 1374 864 ca
1413 809 1613 863 tuenda
1658 824 1764 863 non
1795 809 1968 864 desti-

396 903 543 965 terit,
567 905 719 957 inulti
747 905 915 973 probe
941 904 1142 966 sciunt,
1175 915 1225 956 et
1253 901 1438 954 multis
1457 917 1520 952 ex
1546 900 1794 969 partibus
1815 900 1969 968 argui

393 989 552 1044 iacile
577 1001 775 1060 potest.
814 993 967 1059 Quod
1003 1004 1184 1045 autem
1223 989 1475 1060 Origenis
1506 992 1717 1054 nimbo,
1751 1005 1860 1059 quo
1887 991 1972 1045 ille

392 1085 534 1136 circa
566 1099 916 1138 communem
967 1095 1208 1137 nostram
1257 1086 1714 1138 resurrectionem
1745 1083 1972 1138 atfectus

393 1187 530 1241 erat,
570 1177 854 1242 laborarit,
903 1179 1120 1231 tametsi
1157 1177 1312 1230 multi
1357 1180 1652 1248 ignorant;
1697 1177 1743 1231 si
1787 1186 1967 1230 tamen

390 1285 513 1321 cum
563 1270 818 1323 examine
863 1268 980 1335 ejus
1015 1269 1185 1322 libros
1233 1272 1526 1333 evolveris,
1585 1284 1717 1321 sane
1756 1268 1966 1322 videbis

391 1375 515 1414 eum
563 1377 670 1413 non
699 1362 882 1414 minus
912 1362 1019 1414 hoc
1072 1361 1380 1429 pernicioso
1415 1363 1607 1415 morbo
1662 1363 1964 1426 laborasse,

388 1468 552 1520 quam
587 1451 848 1506 Arianico
878 1450 1065 1506 furore
1093 1461 1410 1521 correptum
1435 1453 1626 1507 fuisse.

384 1649 710 1715 QU/ESTIO
732 1648 960 1703 CCXXII
993 1649 1188 1720 [CoisL
1214 1649 1470 1716 CLXVII,
1510 1649 1673 1704 Taur.
1707 1651 1961 1726 CLXVI}.

420 1745 559 1808 Quid
592 1756 666 1796 est
703 1743 836 1796 illud
866 1758 883 1795 :
919 1761 938 1796 ι
965 1742 1069 1806 Qui
1093 1745 1266 1796 minor
1287 1755 1364 1797 est
1395 1745 1451 1796 in
1487 1761 1642 1814 regna
1678 1747 1927 1798 caelorum

905 1814 1081 1881 major
1104 1823 1180 1867 est
1215 1815 1306 1868 illo
1333 1816 1409 1869 7°?
1448 1834 1466 1865 ι

1997 1814 2044 1873 Β

2078 435 2422 507 πρεσϐευτάς
2451 434 2618 488 αὐτοῦ
2647 435 2922 489 συνελθεῖν
2954 434 3033 506 τῷ
3061 436 3373 506 φρονήματι
3403 436 3497 488 καὶ
3529 453 3666 488 συν-

2074 527 2385 597 διατεθῆναι
2437 530 2504 598 τῇ
2553 529 2782 600 γνώμῃ,
2818 527 3193 599 τερατεύεται.
3229 529 3338 582 Kal.
3375 530 3535 583 τοῦτο
3565 547 3673 583 σα-

2075 619 2194 686 φῶς
2223 620 2360 672 ἄλλα
2390 637 2451 673 τε
2497 619 2720 673 πλείονα
2745 620 3077 690 παριστῶσι,
3107 624 3198 673 καὶ
3231 623 3265 692 ἡ
3306 625 3418 684 τοῖς
3446 624 3669 676 Καισα-

2077 713 2264 783 ρεῦσιν
2294 713 2442 783 αύτῷ
2475 715 2746 783 γραφεῖσα
2782 714 3064 786 ἐπιστολή.
3133 714 3270 767 Ἀλλ’
3319 715 3400 768 ὅτι
3435 715 3531 784 μὲν
3560 715 3668 768 ἀπ’

2071 805 2248 874 ἀρχῆς
2278 804 2376 867 τὰς
2425 805 2769 875 ’Λρειανικάς
2801 805 2959 873 δόξας
2997 804 3330 872 ὐπέθαλπεν,
3362 807 3458 859 καὶ
3493 808 3662 877 μέχρι

2071 900 2256 960 τέλους
2282 900 2340 951 οὐ
2369 899 2576 952 διέλιπε
2603 901 2903 970 περιέπων,
2925 901 3108 952 πολλοί
3127 917 3186 952 τε
3216 902 3663 963 συνεπίστανται,

2073 993 2166 1044 καὶ
2197 993 2325 1063 ῥᾷόν
2355 995 2472 1045 ἐστι
2525 992 2711 1045 λαϐεῖν
2761 987 3125 1063 πολλαχόθενζ
3165 993 3289 1045 ’Ότι
3338 993 3395 1046 δὲ
3427 994 3522 1046 καὶ
3555 993 3658 1063 τῆς

2084 1084 2389 1154 Ὠριγένους
2415 1084 2573 1135 νόσου
2609 1083 2892 1153 μετέσχεν,
2923 1086 2988 1155 ἢν
3016 1083 3156 1136 κατὰ
3174 1084 3268 1152 τῆς
3295 1085 3478 1152 κοινῆς
3495 1086 3527 1154 ἡ
3539 1084 3662 1152 μῶν

2075 1176 2282 1236 ἐκεῖνος
2315 1176 2569 1246 ἐνόσησεν
2623 1176 2975 1238 ἀναστάσεως
2995 1216 3009 1241 ,
3044 1178 3092 1228 εί
3137 1177 3230 1228 καὶ
3261 1177 3388 1238 τοὺς
3421 1177 3660 1238 πολλοὺς

2077 1266 2434 1321 ύπολανθάνει
2465 1283 2480 1300 ο
2517 1266 2632 1319 ἀλλ’
2662 1264 2755 1321 οὖν
2793 1267 2956 1330 αὐτὸς
2987 1267 3084 1320 σὺν
3124 1267 3318 1338 ἐρεύνῃ
3357 1268 3484 1330 τοὺς
3513 1267 3661 1318 ἐκεί-

2076 1375 2169 1410 νου
2221 1358 2413 1425 λόγους
2457 1359 2877 1429 ἀναλεγόμενος,
2927 1359 3081 1411 οὐδὲν
3115 1359 3336 1412 ἔλαττον
3365 1360 3530 1412 αὐτὸν
3573 1357 3661 1428 τῷ

2071 1449 2302 1522 ὀλεθρίῳ
2349 1451 2525 1522 τούτῳ
2568 1453 2966 1522 ἀρρωστήματι
3125 1453 3246 1514 ταῖς
3293 1452 3661 1520 ’Λρειανικαῖς

2077 1544 2299 1614 μανίαις
2330 1545 2742 1614 κεκρατημένον
2772 1544 2916 1614 ὄψει.

2588 1659 2926 1712 ΕΡΩΤΙΙΣίΣ
2964 1659 3135 1712 ΣΚΒ’.

2077 1751 2138 1803 Τί
2186 1750 2397 1828 ἐστίν·
2448 1769 2468 1829 _¢
2516 1750 2706 1828 '0-6é
2745 1751 3092 1829 μικρότερος
3128 1751 3208 1829 ἐν
3246 1749 3324 1825 τῇ
3372 1760 3666 1829 ,βασιλεῖο

2250 1821 2371 1874 τῶν
2398 1821 2690 1888 οἱφανῶν,
2718 1821 2934 1889 μείζων
2967 1821 3160 1880 αὐτοῦ
3195 1821 3391 1895 early,-
3432 1850 3450 1882 ι

1263 1905 1404 1955 Edita
1429 1921 1456 1954 a
1480 1905 1775 1956 Montaeutio
1806 1910 1908 1972 (ep.
1935 1911 2039 1974 155,
2058 1914 2117 1961 ad
2138 1914 2439 1964 Constantin.
2475 1926 2526 1973 p.
2561 1912 2807 1972 180-189).

454 1989 610 2056 Quod
671 2005 769 2061 per
811 1989 1173 2060 quaestionem
1231 1991 1285 2044 in
1338 1991 1702 2046 I’raccursoris
1746 1994 1963 2049 laudem

383 2080 586 2137 dicitur
633 2101 648 2138 :
704 2101 723 2135 ε
761 2084 829 2137 At
857 2083 951 2152 qni
983 2083 1247 2138 minimus
1273 2092 1356 2138 est
1381 2083 1437 2136 in
1481 2098 1647 2153 regno
1671 2086 1960 2153 caelorum,

385 2176 562 2245 major
593 2175 686 2229 illo
725 2185 844 2241 est;
871 2193 889 2226 ι
934 2176 1049 2230 scio
1079 2175 1344 2244 plurimos
1375 2189 1442 2228 ex
1485 2173 1554 2228 iis
1580 2176 1673 2244 qui
1708 2192 1795 2231 me
1821 2194 1963 2246 pree-

385 2279 696 2334 ccssernnt,
758 2269 1015 2327 arbitrari
1052 2267 1400 2323 Servatorem
1457 2269 1530 2323 ita
1565 2269 1877 2338 protulisse,
1906 2280 1966 2323 ut

385 2361 590 2430 preprii
630 2360 797 2413 animi
829 2375 1049 2416 sensum
1069 2359 1386 2430 explicaret.
1420 2357 1708 2414 lnterillos
1739 2361 1964 2430 quidam

386 2461 719 2507 connectunt
754 2452 916 2518 illud,
969 2453 1248 2516 minimus,
1285 2466 1410 2506 cum
1443 2452 1552 2506 illis
1587 2453 1638 2504 in
1662 2469 1820 2522 regno
1857 2469 1962 2507 cae-

385 2547 581 2610 lorum,
623 2555 676 2598 et
707 2543 882 2613 ὐφ“ἐν,
915 2555 1010 2599 aut
1053 2553 1331 2614 tanquam,
1385 2545 1607 2599 unicam
1652 2547 1960 2615 periodum,

385 2640 744 2708 prennntiant
795 2655 809 2691 :
862 2647 1028 2706 atque
1090 2636 1242 2693 illum
1310 2636 1402 2705 qui
1453 2637 1508 2690 in
1536 2636 1630 2689 illo
1653 2652 1820 2707 regno
1842 2637 1965 2693 aliis

388 2736 568 2785 minor
597 2739 683 2784 est
722 2731 998 2792 omnibus,
1059 2727 1321 2796 majorem
1383 2728 1702 2782 existimant
1731 2727 1962 2784 Joanne.

385 2826 620 2895 Regnum
659 2827 734 2881 illi
772 2826 860 2880 hic
896 2827 1347 2894 interpretantur,
1379 2832 1594 2894 tempus
1629 2824 1964 2879 destinatum

385 2931 509 2991 post
551 2921 886 2975 Dominicam
941 2918 1409 2974 resurrectionem
1458 2933 1473 2970 :
1534 2932 1644 2986 quo
1703 2918 1965 2987 temporis

387 3015 682 3078 curriculo,
721 3027 809 3065 res
834 3011 955 3066 tidei
990 3027 1086 3081 per
1122 3026 1364 3072 erucem,
1413 3011 1768 3080 baptismum,
1801 3009 1966 3080 spiri-

387 3119 523 3172 ttnn,
564 3105 952 3175 perfectionem
985 3113 1040 3158 et
1072 3103 1237 3157 robur
1253 3103 1633 3172 acquirebant.
1680 3102 1966 3156 Minimum

387 3199 442 3251 in
473 3211 558 3260 eo,
582 3205 912 3266 postremum
937 3193 1079 3248 inter
1098 3209 1192 3249 eos
1228 3194 1434 3258 volunt,
1458 3194 1552 3262 qui
1583 3194 1635 3247 in
1667 3194 1756 3247 illa
1776 3194 1964 3264 politia

2137 1998 2211 2050 Τὸ
2239 1997 2488 2065 περὶτοῦ
2531 1997 2850 2068 Προδρόμου
2885 1998 2947 2052 ἐν
2979 2001 3190 2073 ἐπαίνῳ
3239 2008 3334 2057 καὶ
3366 2007 3488 2058 κατ’
3521 2007 3667 2077 ἐρώ-

2067 2107 2223 2159 τησιν
2258 2089 2572 2161 εἰρημένον,
2613 2109 2632 2141 ι
2679 2090 2738 2143 'U
2767 2091 2824 2144 δέ
2873 2095 3199 2170 μικρότεαρές
3222 2098 3281 2148 ἐν
3313 2101 3377 2168 τῇ
3409 2099 3666 2170 βασιλεὶᾳ.

2067 2113 2223 2159 τησιν
2258 2113 2572 2161 ειρημενον,
2613 2113 2632 2141 ι
2697 2113 2738 2143 υ
2767 2113 2824 2144 (δἲ
2873 2113 3098 2163 μικροτε
3173 2114 3199 2158 ς
3222 2113 3281 2148 εν
3313 2113 3377 2168 τῃ
3409 2113 3666 2170 βασιλεῖαι

2066 2182 2176 2232 τῶν
2209 2179 2473 2252 οὐρανῶν,
2504 2181 2706 2250 μείζων
2733 2183 2904 2237 αὐτοῦ
2930 2186 3078 2239 ἐστιν
3208 2191 3333 2252 τοὺς
3373 2192 3669 2256 πλείστους

2066 2271 2176 2324 τῶν
2213 2273 2319 2340 πρὸ
2347 2273 2525 2342 ἡμῶν,
2559 2273 3002 2346 ἀποφαινόμενον
3031 2279 3209 2330 εἰπεῖν
3236 2279 3327 2332 τὸν
3352 2283 3662 2355 Δεσπότην,

2068 2365 2164 2416 καὶ
2201 2364 2380 2433 ψῆφον
2407 2364 2616 2417 οἰκείαν
2644 2366 2858 2436 φέρειν,
2899 2367 3268 2438 ὑπειληφότας
3307 2372 3658 2444 ἐγνώκαμεν.

2067 2456 2286 2510 Τούτων
2313 2457 2392 2523 δὲ,
2425 2460 2473 2510 οἱ
2511 2458 2608 2528 μὲν
2645 2460 3011 2524 συνάπτοντες
3039 2462 3123 2526 τὸ,
3155 2468 3522 2534 μικρότερος,
3559 2472 3665 2522 καὶ

2066 2549 2158 2613 τὸ,
2206 2549 2276 2602 ἐν
2303 2548 2377 2617 τῆ
2398 2550 2696 2617 ,βασιλείᾳ
2745 2551 2866 2606 τῶν
2915 2556 3205 2622 οὐρανῶν,
3246 2557 3336 2629 ὐφ’
3375 2560 3433 2612 ἒν
3459 2563 3665 2630 ἀναγι-

2066 2645 2338 2695 νώσκουσι
2364 2659 2379 2673 ·
2429 2643 2522 2694 καὶ
2551 2643 2642 2695 τὸν
2679 2644 2738 2696 ἐν
2789 2645 2926 2717 αὐτῇ
2957 2648 3066 2700 τῶν
3098 2649 3273 2702 ἄλλων
3305 2653 3660 2724 μικρότερον,

2066 2734 2161 2783 τοῦ
2211 2731 2457 2784 Ἰωάννου
2506 2732 2718 2787 τιθέασι
2775 2734 3030 2805 μείζονα·
3070 2737 3402 2800 ,ϐασιλείαν
3435 2738 3535 2808 μὲν
3567 2741 3665 2792 ἐν-

2067 2821 2265 2888 ταῦΘα,
2313 2823 2406 2875 τὸν
2457 2825 2598 2893 μετὰ
2642 2827 2741 2897 τὴν
2792 2829 3130 2899 Δεσποτικὴν
3170 2829 3468 2882 ἀνάστασιν
3497 2844 3520 2871 ι
3563 2831 3663 2896 ἐξ-

2067 2917 2377 2980 ακούοντες·
2401 2917 2522 2969 καθ’
2538 2917 2597 2969 ὃν
2627 2919 2865 2989 μάλιστα
2885 2920 2964 2990 τῷ
2982 2922 3220 2991 σταυρῷ,
3244 2923 3336 2975 καὶ
3353 2922 3430 2993 τῷ
3456 2923 3665 2996 βαπτί-

2069 3028 2256 3081 σματι,
2286 3013 2384 3066 καί¹
2424 3012 2502 3084 τῷ
2527 3013 2829 3086 Πνεύματι,
2857 3017 3159 3069 ἐτελειοῦτο
3189 3019 3285 3071 καὶ
3321 3019 3665 3088 ἐκρατύνετο

2066 3105 2138 3157 τὰ
2163 3105 2263 3176 τῆς
2301 3106 2538 3169 πίστεως
2558 3124 2572 3137 ·
2609 3108 2962 3176 μικρότερον
2989 3108 3068 3174 δὲ,
3107 3109 3217 3162 τῶν
3247 3110 3306 3161 ἐν
3335 3113 3473 3180 αὐτῇ
3491 3112 3662 3164 πολι-

2066 3201 2399 3268 τευομένων,
2432 3200 2522 3252 τὸν
2551 3200 2853 3255 ἐλάσσονα·
2898 3202 2953 3265 ὃς
2983 3206 3032 3256 εἰ
3067 3205 3160 3256 καὶ
3192 3204 3300 3256 τῶν
3329 3204 3503 3258 ἄλλων
3536 3205 3665 3276 ἔχει

385 3300 802 3353 conversantur;
849 3289 947 3358 qui
996 3296 1275 3356 utcunque
1349 3302 1512 3356 quam
1563 3287 1746 3340 caeteri
1782 3288 1964 3341 minus

2069 3290 2129 3343 τὸ
2155 3291 2397 3357 ἔλαττον,
2432 3293 2549 3346 ἀλλ’
2576 3289 2669 3347 οὖν
2693 3294 2788 3348 τοῦ
2829 3296 3076 3348 Ἰωάννου
3114 3297 3175 3349 τὸ
3216 3300 3402 3367 μεῖζον
3444 3302 3665 3369 ἀποφὲ-

387 3379 649 3450 possidet,
698 3378 872 3446 magis
904 3387 1087 3430 tamen
1114 3373 1326 3430 Joanne
1374 3377 1750 3446 consequitur.
1813 3379 1962 3432 Prae-

385 3484 582 3525 cursor
612 3470 781 3532 cutim,
816 3469 991 3533 aiunt,
1043 3468 1147 3523 sub
1193 3467 1328 3536 legis
1355 3467 1536 3522 adhuc
1559 3469 1852 3538 disciplina
1889 3469 1966 3523 vi-

391 3579 543 3625 vens,
572 3563 714 3616 inter
745 3572 894 3614 natos
934 3569 1189 3614 censetur
1217 3559 1286 3613 de
1315 3559 1651 3623 mulieribus,
1692 3571 1746 3614 et
1775 3570 1962 3616 contra

386 3654 513 3708 illos
545 3667 738 3707 omnes
770 3651 1137 3722 principatum
1181 3650 1390 3704 retulit.
1440 3654 1510 3704 At
1544 3651 1638 3720 qui
1663 3650 1765 3704 sub
1787 3652 1963 3720 gratia

384 3747 542 3810 vivit,
576 3745 720 3800 inter
746 3754 899 3799 natos
930 3752 1016 3799 est
1044 3742 1112 3797 de
1143 3740 1372 3812 Spiritu,
1400 3741 1544 3797 etde
1568 3757 1790 3798 sursum
1817 3757 1965 3813 rege-

387 3849 642 3904 neratos;
697 3859 715 3890 c
751 3837 908 3893 Dedit
960 3837 1107 3891 enim
1162 3836 1295 3907 ipsis
1341 3843 1668 3905 potestatem
1693 3833 1837 3889 ﬁlios
1869 3834 1961 3888 Dei

379 3947 528 3997 esse,
563 3931 656 4001 qui
679 3930 730 3984 in
752 3944 950 3987 nomen
979 3929 1150 3998 ipsius
1181 3929 1433 3991 credunt,
1468 3927 1562 3997 qui
1593 3943 1701 3980 non
1725 3942 1792 3981 ex
1834 3942 1964 3982 san-

380 4025 669 4095 guinibus,
718 4037 820 4077 nec
853 4022 920 4075 de
954 4021 1232 4075 voluntate
1250 4020 1454 4082 carnis,
1489 4019 1584 4074 sed
1615 4034 1681 4073 ex
1712 4018 1826 4074 Deo
1848 4020 1962 4073 nati

385 4127 516 4173 sunt
537 4117 627 4168 η’.
661 4117 878 4184 »ζΑιιμιθ
910 4114 1060 4168 nullo
1088 4113 1321 4168 istorum
1347 4111 1621 4182 inquiunt,
1648 4111 1964 4167 Praecursor

386 4211 562 4280 major
585 4221 687 4273 est,
722 4209 968 4277 quinimo
1008 4206 1092 4260 vel
1131 4205 1360 4259 minimo
1392 4218 1584 4259 eorum
1605 4203 1960 4274 indigentior.

384 4303 567 4373 Atque
621 4303 882 4357 hactenus
927 4299 1022 4354 illi.
1063 4299 1193 4361 Alii,
1233 4296 1554 4366 Baptistam,
1593 4296 1822 4365 opinor,
1862 4311 1964 4352 nec

384 4396 682 4459 immerito,
712 4392 954 4459 reveriti,
988 4408 1055 4446 ne
1095 4391 1258 4444 talem
1287 4399 1611 4459 tantumque
1632 4389 1808 4443 virum
1835 4405 1959 4445 eum

383 4491 536 4548 nullo
562 4505 755 4546 eorum
783 4488 878 4558 qui
909 4502 1004 4557 per
1026 4486 1259 4556 gratiam
1283 4492 1760 4551 consummantur,
1795 4485 1963 4554 tequi-

381 4583 685 4655 parandum
752 4589 1016 4644 statuant,
1065 4577 1158 4633 sed
1194 4576 1277 4630 vel
1308 4576 1536 4630 minimo
1567 4577 1741 4647 magis
1759 4579 1953 4633 vilem:

383 4678 441 4732 in
478 4678 672 4748 primis
703 4674 854 4739 illud,
898 4691 916 4724 ι
948 4671 997 4726 ls
1020 4671 1115 4740 qni
1143 4669 1403 4724 minimus
1433 4677 1540 4736 est,
1565 4687 1584 4721 ι
1618 4671 1955 4746 pet-"disiun-

383 4770 620 4824 ctionem
667 4783 698 4821 a
743 4763 1130 4836 sequentibus,
1195 4762 1333 4832 «qui
1384 4764 1436 4816 in
1479 4777 1647 4832 regno
1690 4766 1956 4818 cmlornm

385 4873 496 4930 est,
527 4881 547 4914 ι
589 4861 775 4932 legunt
825 4877 841 4914 :
903 4858 1166 4925 secundo,
1203 4877 1222 4908 ι
1255 4873 1352 4928 per
1381 4872 1610 4927 regnum
1639 4858 1905 4914 cmlorum
1931 4878 1950 4912 ι

385 4953 694 5024 expeditius
713 4951 1011 5006 secundum
1036 4949 1251 5004 Domini
1269 4950 1558 5004 adventura
1582 4951 1836 5020 capiunt;
1866 4953 1962 5005 mi-

388 5043 590 5095 nimum
607 5039 708 5093 dici
729 5039 919 5092 volunt
936 5038 1112 5108 ipsum
1141 5038 1422 5093 Doniinum
1445 5037 1630 5095 Jesum
1657 5040 1956 5106 Christum,

383 5135 476 5206 qui
497 5142 770 5202 utcunque
787 5133 840 5187 in
867 5132 1028 5203 primi
1047 5132 1126 5187 sui
1152 5133 1414 5188 adventus
1448 5142 1712 5204 tempore,
1736 5137 1802 5189 de
1826 5136 1963 5189 mul—

384 5234 565 5281 torum
605 5225 866 5295 opinione
912 5241 1021 5286 non
1073 5226 1390 5294 eratmajor
1427 5242 1588 5295 quam
1618 5227 1963 5295 Prwcursor;

385 5328 516 5374 tunc
545 5329 726 5373 tamen
758 5319 1021 5389 temporis
1039 5318 1108 5373 ab
1135 5319 1411 5382 omnibus,
1447 5320 1607 5374 etiam
1641 5335 1748 5374 non
1782 5320 1968 5374 volen-

388 5411 532 5467 tibus
554 5427 678 5467 eum
721 5411 850 5467 olim
886 5427 1178 5482 agnoscere
1201 5421 1255 5466 et
1287 5410 1549 5480 proﬁteri,
1585 5426 1709 5466 cuni
1743 5413 1971 5466 horren-

453 5532 500 5564 ⁷ο
531 5531 662 5588 Luc.
689 5549 786 5598 vn,
811 5533 916 5601 28;
947 5534 1140 5590 Matth.
1174 5551 1251 5602 χι,
1286 5533 1373 5588 Η.

2072 3403 2246 3458 ρεται.
2281 3390 2392 3442 Καὶ
2421 3391 2530 3460 γάρ
2558 3392 2586 3443 ὁ
2613 3391 2711 3460 μὲν
2740 3392 3056 3462 Πρόδρομος
3081 3393 3186 3460 ἔτι,
3225 3398 3410 3464 φασιν,
3439 3397 3545 3449 ὐπὸ
3571 3399 3665 3470 τῷ

2064 3479 2216 3549 νόμῳ
2243 3480 2679 3552 πολιτευόμενος,
2725 3483 2783 3535 ἐν
2818 3485 3127 3552 γεννητοῖς
3171 3487 3287 3538 ἐστι
3324 3487 3662 3556 γυναικῶν,

2065 3573 2189 3624 καθ’
2217 3565 2292 3625 ὧν
2317 3573 2589 3640 ἁπάντων,
2616 3577 2709 3629 καὶ
2739 3575 2805 3629 τά
2830 3578 3098 3646 πρεσϐεῖα
3122 3579 3422 3647 ἠνέγκατο’
3453 3581 3481 3632 ὁ
3509 3581 3568 3634 δε
3591 3583 3666 3634 ἐν

2064 3665 2130 3733 τῇ
2165 3663 2368 3734 χάριτι,
2413 3668 2506 3718 καὶ
2535 3669 2593 3718 ἐν
2628 3669 2940 3736 γεννητοῖς
2987 3670 3105 3736 ἐστι
3165 3671 3501 3741 Πνεύματος,
3553 3676 3667 3729 καὶ

2065 3757 2570 3828 ἁναγεγεννημένος
2631 3760 2858 3816 ἄνωθεν.
2929 3780 2950 3814 ι
3020 3763 3228 3816 Ἔδωκε
3287 3766 3394 3833 γὰρ
3463 3767 3665 3831 αὐτοῖς

2067 3849 2317 3916 ἐξουσίαν
2347 3851 2510 3904 τέκνα
2553 3853 2690 3912 Θεοῦ
2723 3854 3001 3921 γενέσθαι,
3032 3859 3147 3921 τοῖς
3185 3856 3534 3910 πιστεύουσιν
3566 3861 3665 3922 εἰς

2064 3942 2127 3995 τὸ
2170 3943 2340 4013 ὄνομα
2370 3943 2560 4009 αὐτοῦ,
2603 3945 2653 3998 οἳ
2682 3948 2781 3999 οὐκ
2815 3944 2874 4010 ἐξ
2903 3949 3174 4017 αἱμάτων,
3214 3949 3336 4002 οὐδὲ
3365 3951 3431 4004 ἐκ
3479 3950 3659 4022 θελή-

2070 4049 2241 4102 ματος
2293 4034 2515 4103 σαρκὸς,
2564 4035 2684 4087 οὐδὲ
2733 4038 2799 4088 ἐκ
2829 4037 3134 4108 θελήματος
3168 4040 3394 4111 ἀνδρὸς,
3427 4041 3545 4095 ἀλλ’
3581 4046 3664 4098 ὲκ

2065 4127 2203 4181 Θεοῦ
2259 4129 2630 4200 ἐγεννήθησαν
2650 4146 2664 4159 ·
2704 4149 2724 4182 ι
2754 4125 2830 4185 ὧν
2860 4133 2888 4185 ὀ
2919 4133 3233 4204 Πρόδρομος
3274 4135 3505 4200 οὐδενὸς,
3540 4155 3662 4206 φα-

2068 4223 2182 4287 σὶν,
2231 4224 2329 4294 οὐχ
2376 4224 2459 4278 ὅτι
2517 4225 2738 4295 μείζων,
2783 4228 2922 4281 ἀλλὰ
2980 4231 3074 4283 καὶ
3112 4232 3208 4285 τοῦ
3262 4235 3593 4304 μικροτέρου
3621 4245 3656 4284 y

2065 4314 2426 4387 ἐνδεέστερος.
2469 4316 2612 4371 Ἀλλ’
2657 4319 2704 4372 οί
2743 4319 2844 4388 μὲν
2871 4318 3064 4384 οὕτως.
3107 4324 3170 4377 Οἱ
3203 4323 3262 4376 δὲ
3298 4324 3392 4376 τὸν
3434 4324 3654 4379 Βαπτι-

2067 4406 2223 4477 στὴν,
2273 4403 2450 4479 οἶμαι,
2501 4413 2596 4462 καὶ
2645 4409 2871 4474 δικαίως
2902 4413 3339 4484 δυσωπούμενοι,
3380 4417 3432 4468 εί
3477 4417 3653 4486 τηλι-

2063 4497 2259 4552 κοῦτον.
2277 4499 2428 4565 ὄντα,
2461 4501 2689 4570 μηδενὸς
2707 4501 2818 4555 τῶν
2845 4503 2904 4555 ἐν
2925 4505 2993 4575 τῇ
3023 4504 3216 4574 χάριτι
3242 4505 3654 4562 τελειωθέντων

2068 4589 2409 4656 ἰσοστάσιον,
2462 4589 2601 4643 ἀλλὰ
2647 4590 2742 4644 καὶ
2786 4589 2883 4644 τοῦ
2942 4593 3273 4662 μικροτέρου
3332 4594 3650 4664 ποιήσωσιν

2058 4681 2474 4753 εὐτελέστερον
2506 4682 2726 4753 πρῶτον
2753 4683 2852 4752 μὲν
2877 4684 2962 4748 τὸ,
3001 4700 3021 4734 ι
3063 4686 3093 4737 ὁ
3131 4684 3188 4737 δὲ
3225 4685 3574 4756 μικρότερος,
3621 4708 3644 4742 ι

2056 4775 2198 4827 κατὰ
2225 4774 2510 4844 διαστολὴν
2528 4775 2642 4838 τοῦ,
2681 4795 2701 4829 ι
2728 4778 2787 4830 ἐν
2811 4780 2878 4847 τῇ
2905 4775 3156 4848 βασιλείᾳ
3175 4779 3284 4830 τῶν
3311 4778 3581 4848 οὐρανῶν,
3619 4801 3641 4833 ι

2057 4862 2545 4932 ἀναγινώσκουσιν.
2607 4866 2860 4932 Ἔπειτα,
2901 4885 2920 4918 ι
2973 4866 3254 4937 βασιλείαν
3290 4868 3567 4938 οὐρανῶν,
3618 4891 3640 4925 ι

2057 4954 2402 5026 ἑτοιμότερον
2427 4957 2526 5027 τὴν
2552 4960 2892 5029 Δεσποτικὴν
2925 4959 3021 5013 καὶ
3045 4959 3305 5029 δευτέραν
3329 4962 3646 5031 παρουσίαν

2057 5046 2377 5113 ἐξακούουσι
2398 5065 2410 5078 ·
2433 5053 2787 5119 μικρότερον
2817 5051 2894 5116 δὲ,
2931 5052 3092 5105 αὐτὸν
3122 5054 3214 5107 τὸν
3245 5056 3448 5126 Κύριον
3479 5055 3645 5127 ἡμῶν

2074 5141 2277 5211 Ἰησοῦν
2310 5144 2578 5213 Χριστόν·
2612 5145 2692 5209 ὃς,
2726 5147 2774 5198 εί
2805 5147 2899 5200 καὶ
2932 5147 3007 5218 μὴ
3038 5149 3177 5201 κατὰ
3201 5150 3291 5202 τὸν
3322 5151 3516 5220 καιρὸν
3541 5151 3645 5220 τῆς

2063 5235 2286 5306 πρώτης
2335 5237 2500 5290 αὐτοῦ
2536 5241 2872 5309 παρουσίας,
2922 5242 3124 5312 μείζων
3177 5241 3270 5296 τοῦ
3320 5244 3646 5315 Προδρόμου

2063 5330 2176 5388 τοῖς
2249 5327 2464 5393 πολλοῖς
2518 5329 2840 5400 ἐνομίζετο·
2893 5333 3008 5386 ἀλλ’
3056 5331 3149 5387 οὖν
3181 5334 3440 5404 τηνικάδε
3481 5337 3644 5396 πᾶσι,

2066 5419 2161 5471 καὶ
2207 5422 2319 5484 τοῖς
2376 5421 2451 5493 μὴ
2503 5421 2840 5494 βουληθεῖσιν
2893 5425 3186 5496 ἐπιγνῶναι
3241 5424 3446 5493 πάλαι,
3503 5425 3651 5496 μετὰ

1484 5535 1551 5565 ⁷ο·
1581 5531 1738 5587 Joan.
1772 5548 1811 5597 ι,
1846 5533 1934 5597 12,
1973 5534 2060 5588 15.

1647 5629 1885 5688 VARle
1931 5626 2342 5685 LECTIONES.

489 5727 542 5764 "
565 5725 649 5782 vel
675 5726 1073 5796 συμφρονῆσαι.
1188 5736 1212 5764 κ
1248 5726 1372 5782 add.
1411 5726 1622 5797 καιρόν.

1735 5733 1763 5773 3‘
1795 5725 1915 5780 add.
1947 5725 2046 5777 ἔτι.
