3854 6216
215 267 323 336 1001

1104 262 1204 323 AD
1237 255 1833 354 AMPHILOCHIUM
1869 257 2217 330 QU/ESTIO
2252 259 2534 322 CCXXII.

3307 266 3449 333 1002

208 382 420 456 926595.;
463 379 554 434 καὶ
598 377 904 450 φρικώδους
944 375 1423 447 ἐπιγνωσθήσεται
1475 375 1573 444 τῆς
1611 372 1758 442 εἰδή-

1863 371 1936 428 do
1966 381 2021 429 et
2055 373 2306 428 horribili
2336 386 2560 440 aspectu
2588 379 2947 448 agnosce’tur,
2979 380 3144 450 judex
3184 383 3440 438 nimirum

210 491 345 535 σεως,
387 470 576 539 κριτὴς
611 470 829 524 πάντων
868 468 964 521 καὶ
994 468 1249 537 βασιλεὺς
1288 469 1755 534 παραγενόμενος.

219 565 359 619 Ἀλλά
381 564 476 619 καὶ
522 555 693 626 οὑτοι,
723 566 1078 632 μικρότερον
1122 558 1380 630 εἰρῆσθαι
1419 558 1509 612 τὸν
1553 556 1760 628 Κύριον

207 658 341 729 ήμῶν
371 655 578 728 Ἰησοῦν
605 655 868 726 Χριστὸν,
903 654 964 707 οὑ
1002 654 1144 708 κατὰ
1176 653 1304 723 μίαν
1333 652 1428 706 καὶ
1454 651 1553 721 τήν
1585 651 1760 717 αὐτὴν

205 748 548 820 παρεδέξαντο
597 748 811 800 ἔννοιαν
837 763 851 777 ·
895 747 1011 800 ἀλλ’
1067 748 1117 800 οἱ
1176 746 1276 816 μὲν
1310 745 1388 813 τῷ
1435 745 1613 816 χρόνῳ
1660 744 1762 812 τῆς

205 843 324 898 κατὰ
346 842 523 913 σάρκα
551 842 862 910 γεννήσεως
911 840 1076 911 (μησὶ
1097 839 1208 908 γὰρ
1237 839 1381 901 ὅλοις
1404 837 1463 904 ἒξ
1492 841 1521 891 ὁ
1555 840 1761 890 Δεσπο-

203 937 331 998 τικὸς
359 936 516 997 τόκος
570 934 664 987 τοῦ
711 933 1030 1004 Προδρόμου
1069 931 1417 1000 ὑπελείπετο)
1443 949 1458 964 ·
1483 931 1534 984 οἱ
1574 930 1652 994 δὲ,
1683 928 1762 1000 τῷ

205 1028 350 1098 μήκει
386 1027 484 1096 τῆς
527 1026 742 1096 ἡλικίας
769 1041 787 1058 ⁸
829 1026 1124 1095 ὑπερέχειν
1155 1024 1265 1095 γὰρ
1299 1023 1395 1077 τοῦ
1448 1024 1720 1076 Δεσπότου
1741 1062 1758 1088 ,

201 1119 282 1172 -καὶ
305 1121 367 1189 τῇ
391 1118 485 1171 τοῦ
515 1117 772 1188 σώματος
794 1118 1098 1188 ἀναδρομῇ,
1131 1118 1223 1170 τὸν
1247 1117 1564 1186 Βαπτιστὴν
1587 1132 1765 1187 παρα-

203 1209 382 1263 δέδοται
405 1227 420 1241 °
443 1210 595 1264 ἄλλοι
622 1211 680 1264 δὲ
736 1211 797 1264 τὸ
819 1213 1171 1280 μικρότερος
1214 1210 1471 1282 εἰρῆσθαι
1497 1210 1634 1281 πρὸς
1657 1210 1758 1280 τὴν

202 1303 293 1356 τῶν
322 1303 533 1356 πολλῶν
570 1304 839 1375 ὑπόληψιν
873 1304 1230 1375 ἐξειλήφασιν
1253 1319 1268 1333 ⁸
1314 1304 1619 1374 ὑπείληπτο
1651 1305 1761 1376 γὰρ

207 1394 383 1465 μείζων
454 1397 484 1447 ό
539 1395 818 1466 Ἰωάννης,
854 1394 951 1449 ἅτε
982 1395 1046 1466 δή
1079 1395 1200 1466 Θεῷ
1236 1397 1302 1449 ἐκ
1341 1395 1578 1466 βρέφους
1612 1397 1759 1448 ἀνειιο

207 1485 366 1551 μένος,
407 1485 506 1537 καὶ
539 1483 654 1555 βίον
683 1484 919 1546 ᾇσκευον
945 1495 966 1522 ι
1000 1487 1064 1539 ἐκ
1095 1488 1429 1556 σπαργάνων
1459 1487 1641 1540 αὐτῶν
1667 1488 1762 1541 καὶ

201 1572 445 1642 ἑρημικὸν
484 1574 937 1646 ἐπανῃρημένοςο
991 1576 1086 1629 καὶ
1115 1577 1249 1629 διότι
1298 1577 1390 1630 τὸν
1435 1576 1763 1647 βαπτίζοντα

203 1664 277 1717 τοῦ
328 1664 751 1736 βαπτιζομένου,
813 1667 841 1719 ὁ
895 1666 1186 1738 πρόχειρος
1237 1666 1544 1737 λόγισμοςει
1583 1667 1758 1721 ἐθέλει

202 1757 624 1829 σεϐασμιώτερον
649 1775 661 1788 ·
687 1757 802 1812 ἀλλ’
845 1751 994 1812 οὗτοι
1033 1761 1154 1830 μὲν,
1195 1760 1300 1813 κᾶν
1329 1761 1422 1814 ἐπὶ
1457 1760 1749 1831 διαφόρους

202 1854 372 1920 αἰτίας,
403 1855 734 1926 μικρότερον
757 1854 852 1908 τοῦ
885 1855 1204 1926 Προδρόμου
1230 1854 1321 1907 τὸν
1336 1852 1750 1925 κηρυσσόμενον

195 1948 292 2008 τοῖς
342 1945 560 2010 πολλοῖς
609 1947 936 2016 νομισθῆναι
989 1945 1410 2016 συγκατέθεντο,
1445 1944 1588 2014 πλὴν
1635 1943 1750 1997 ἀλλ’

199 2037 470 2107 ὁἑιίκῐθώνιδικιῖ
496 2039 884 2110 ἀναρρηθῆναι
926 2038 1150 2110 μείζονα
1173 2038 1270 2092 τοῦ
1301 2037 1494 2091 δούλου
1525 2036 1616 2089 τὸν
1653 2039 1750 2087 Δε-

200 2130 414 2203 σπότην,
475 2133 624 2186 κατὰ
657 2133 757 2202 τὴν
806 2133 1062 2203 οὐράνιον
1113 2131 1332 2200 ἐκείνην
1376 2131 1472 2185 καὶ
1518 2128 1754 2198 φρικτὴν

201 2222 486 2292 βασιλείαν,
549 2225 920 2296 ἀπεφήναντο.
984 2222 1125 2292 Ἐγὼ
1168 2223 1228 2276 δὲ
1279 2222 1492 2286 τούτοις
1543 2223 1756 2293 διαιτᾷν

200 2317 405 2384 ἐμαυτὸν
452 2317 695 2382 ἐξιστὰς,
729 2318 826 2371 καὶ
857 2318 952 2370 τὸν
981 2317 1204 2385 ἄμεινον
1237 2315 1462 2369 εἰπόντα
1500 2313 1757 2385 φυλοκρι-

199 2409 289 2460 νεῖν
325 2409 351 2449 b
389 2409 452 2462 οὐ
505 2408 747 2478 νομίζων
799 2408 972 2477 ἐμόν·
1027 2408 1138 2462 οὐδ’
1186 2407 1264 2470 ὡς
1324 2407 1635 2460 ἀντείποιεν
1703 2406 1754 2460 οἱ

199 2499 565 2570 ἐπικληθέντες
615 2499 713 2554 τοῦ
771 2499 1080 2554 Βαπτιστοῦ
1143 2499 1348 2566 πολλὴν
1404 2497 1756 2567 καταγνῶναι

197 2598 562 2667 ταπεινότητα,
607 2598 804 2669 ὅτιπερ
835 2597 959 2650 οὒδέ
997 2599 1112 2661 τοῖς
1164 2594 1577 2666 αἱτιασαμένοις
1628 2595 1756 2663 ὑμῖν

203 2693 322 2763 μέγα
345 2711 394 2746 τι
421 2694 789 2764 διανενόηται,
820 2692 1045 2763 μείζονα
1081 2691 1178 2744 τοῦ
1207 2689 1396 2743 δούλου
1417 2689 1507 2742 τὸν
1536 2687 1758 2741 Δεσπό-

199 2801 281 2855 την
306 2785 642 2856 ἀποφήνασι.
677 2785 861 2854 (Ποῖον
908 2783 1018 2851 γὰρ
1065 2782 1225 2845 κλέος
1255 2782 1534 2853 Δεσπότην
1563 2779 1756 2834 δούλου

203 2877 397 2945 μείζονα
441 2875 772 2947 φαίνεσθαιο
828 2873 924 2927 καὶ
963 2873 1085 2926 τότε
1143 2873 1288 2926 κατά
1332 2872 1430 2941 τὴν
1474 2872 1756 2942 ἄφραστον

179 2951 387 3041 ,ἐκείνην
426 2970 527 3024 καὶ
554 2967 788 3040 φρικτὴν
814 2966 1123 3037 παρουσίαν
1143 2965 1184 3036 ;)
1219 2965 1389 3020 Οὐδὲν
1417 2961 1509 3019 οὖν
1548 2964 1757 3018 τούτων

202 3061 383 3131 λέγειν,
431 3061 573 3134 ἐμὸν
617 3058 758 3114 εἶναι
803 3058 1122 3125 δικαιώσας,
1173 3058 1309 3111 ἀλλὰ
1353 3058 1446 3111 καὶ
1490 3057 1617 3120 τοὺς
1661 3043 1806 3134 av-)

200 3157 311 3228 δρας
345 3159 630 3231 ἀρχιερεῖς
677 3157 838 3218 ὖντας
876 3155 1136 3227 μάλιστα,
1187 3154 1283 3208 καὶ
1317 3153 1437 3224 Θεῷ
1489 3152 1758 3224 θεράπον-

198 3267 297 3317 τας,
347 3253 620 3324 στέργων,
655 3251 753 3304 καὶ
786 3252 949 3321 χάριν
993 3247 1241 3319 μεγάλην
1275 3246 1418 3320 ὑπὲρ
1457 3239 1533 3300 ὧν
1583 3243 1757 3310 εἷπον,

201 3342 454 3412 ὁμολογῶν
512 3343 597 3416 (οὐ
635 3343 744 3413 γὰρ
768 3342 872 3395 ὅσα
900 3344 1021 3404 ταῖς
1048 3341 1253 3410 ἐτέρων
1279 3338 1541 3402 διανοίαις
1571 3337 1762 3390 ἐνσταο

204 3449 273 3487 σιν
298 3438 455 3503 ποιεῖ,
486 3434 672 3488 ταῦτα’
693 3434 920 3495 καὶτοῖς
943 3432 1181 3502 ἐξαρχῆς
1200 3430 1414 3484 είποῦσι
1438 3429 1611 3500 λαϐήν
1639 3445 1761 3483 τινα

201 3527 457 3598 -προξενεῖο
502 3526 792 3596 ἀγαπητὸν
843 3526 943 3595 μὲν
991 3524 1045 3576 εἷ
1071 3540 1156 3588 τις
1199 3523 1505 3595 ἀρχόμενος
1549 3521 1762 3592 ὑψηλῆς

199 3635 320 3683 τινος
349 3619 612 3690 θεωρίας,
642 3619 736 3672 ἐπὶ
763 3618 931 3671 ποσόν
965 3622 1020 3670 τι
1059 3617 1163 3687 τῆς
1199 3616 1462 3687 ἀληθείας
1481 3615 1724 3683 ἐφίκοιτο
1743 3630 1756 3644 ’

199 3711 239 3764 σί
263 3709 314 3764 δέ
344 3729 406 3781 γε
437 3711 650 3765 κλεινοὶ
677 3710 789 3764 τῶν
813 3711 1079 3781 Πατέρων
1112 3707 1292 3780 ἡμῶν,
1324 3708 1418 3761 ἐπί
1444 3725 1507 3776 γε
1535 3706 1598 3759 τὸ
1612 3706 1762 3758 πλεῖ-

204 3820 325 3870 στον,
374 3808 469 3860 καὶ
506 3807 608 3870 ἐίς
665 3805 956 3876 ἀκρίϐειαν
1004 3804 1106 3875 τὴν
1139 3804 1248 3857 τῶν
1287 3802 1452 3855 θείων
1491 3799 1761 3870 χρησμῶν

202 3894 408 3952 διάνοιαν
460 3896 884 3968 ἀπεκάλυψαν),
931 3895 1073 3967 πλήν
1113 3912 1178 3964 γε
1212 3895 1277 3966 δὴ
1301 3895 1428 3958 τοὺς
1460 3893 1658 3964 ἄνδρας
1704 3893 1762 3945 ὲν

203 3991 296 4054 τοῖς
337 3991 572 4062 μάλιστα
604 3992 782 4061 τιμῶν
811 3991 906 4044 καὶ
950 3988 1271 4060 θαυμάζων,
1318 3987 1426 4040 οὐδ’
1467 3988 1605 4058 ὅπερ
1637 3986 1762 4056 ἐμοὶ

205 4080 445 4153 παρέστη,
481 4082 806 4153 σιγήσομαι.
852 4079 997 4152 Ὀρῶ
1026 4079 1318 4149 τοιγαροῦν
1355 4077 1592 4131 ἐνταῦθα
1632 4095 1761 4130 σκο-

205 4167 285 4220 πὸν
302 4170 373 4240 τῷ
404 4169 674 4243 Δεσπότῃ,
709 4170 808 4241 οὑχ
853 4171 1052 4224 ἐαυτοῦ
1080 4170 1172 4223 τὸν
1205 4169 1516 4240 Βαπτιστὴν
1559 4168 1762 4221 ὑποδε-

203 4257 383 4330 δηκότα
405 4264 604 4331 δεῖξαι,
631 4263 740 4316 οὐδ’
764 4263 926 4318 ἄλλου
952 4262 1098 4326 τινὸς
1127 4261 1229 4334 (μή
1252 4263 1335 4315 ὅτι
1363 4279 1425 4331 γε
1454 4262 1549 4316 τοῦ
1577 4280 1764 4333 μικροο

205 4353 336 4422 τέρου
381 4349 604 4409 πάντων
671 4353 1040 4424 ἀτιμότερον),
1085 4353 1221 4408 ἀλλὰ
1253 4355 1348 4407 καὶ
1379 4355 1488 4408 πᾶν
1537 4353 1764 4408 τούναν-

1866 465 1922 519 in
1967 467 2204 520 adventu
2257 468 2352 520 illo
2399 478 2453 522 et
2498 486 2588 523 rex
2638 487 2905 541 apparens
2961 493 2976 537 :
3018 475 3113 532 sed
3141 484 3320 531 tamen
3351 478 3441 533 isu

1864 554 2157 614 Dominum
2188 569 2438 614 nostrum
2473 560 2662 617 Jesum
2684 564 2990 630 Christum,
3018 567 3296 623 minimum
3330 569 3436 623 diei

1865 650 2223 717 arbitrantur.
2281 670 2390 707 non
2447 656 2748 716 secundum
2798 673 2964 712 unam
2993 660 3320 743 et‘eamdem
3355 661 3441 714 ἰι.⁴

1862 744 2235 816 telligentiam.
2291 748 2522 816 Quidam
2576 749 2822 807 referunt
2860 752 2928 808 ad
2959 761 3174 824 tempus
3225 755 3438 809 nativi-

1867 837 1996 893 tatis
2023 838 2078 894 in
2097 854 2296 905 carne;
2329 859 2452 896 nam
2486 859 2581 912 per
2608 857 2702 900 sex
2734 853 2875 901 totos
2897 861 3137 912 menses,
3179 849 3436 903 nativitas

1853 929 2252 1000 .Praeeursoris,
2287 937 2520 1002 Domini,
2566 940 2962 994 antevertebat.
3005 940 3110 995 Alii
3155 943 3221 995 ad
3264 943 3442 996 aetatis

1864 1021 2239 1076 extensionem
2283 1033 2338 1077 et
2384 1025 2506 1079 vita:
2553 1040 2868 1081 mensuram
2923 1045 2937 1081 :
2991 1028 3257 1082 traditum
3294 1031 3440 1082 enim

1863 1121 1981 1179 est,
2049 1114 2444 1171 Praecursorem
2537 1117 2824 1174 Dominum
2890 1120 3197 1175 excessisse
3276 1135 3444 1174 cursu

1865 1210 2135 1279 corporali
2180 1226 2302 1265 suo.
2360 1212 2461 1264 Alii
2507 1211 2638 1266 illud
2677 1213 2930 1268 minimus
2965 1214 3266 1271 secundum
3301 1215 3445 1268 mul-

1867 1309 2047 1356 torum
2100 1302 2416 1370 opinionem
2465 1304 2670 1357 dictum
2733 1303 3107 1368 arbitrantur;
3166 1302 3446 1358 ferebatur

1865 1394 2013 1447 enim
2046 1394 2222 1463 major
2249 1393 2505 1458 Joannes,
2561 1403 2750 1466 utpote
2786 1395 2896 1451 Deo
2937 1395 3007 1450 ab
3035 1395 3267 1450 infantia
3305 1411 3445 1450 con-

1865 1494 2132 1548 secratus,
2153 1484 2359 1554 quique
2395 1486 2561 1540 vitam
2596 1487 2887 1541 aseeticam
2920 1494 2976 1540 et
3000 1486 3351 1540 eremieolam
3377 1487 3444 1540 ab

1867 1580 2000 1650 ipsis
2024 1581 2334 1651 crepundiis
2379 1583 2692 1636 sectabatur
2755 1599 2768 1636 :
2803 1589 2942 1635 tum
2978 1579 3124 1650 quod
3159 1580 3439 1636 communi

1866 1684 1920 1728 et
1947 1676 2076 1728 trito
2118 1690 2392 1738 sermone,
2445 1676 2494 1729 is
2537 1677 2630 1745 qui
2683 1675 2926 1745 baptizat
2979 1674 3156 1743 major
3211 1673 3441 1728 habetur

1867 1766 2142 1834 baptizato
2169 1774 2223 1820 et
2264 1767 2646 1820 venerabilior.
2710 1765 2962 1821 Attamen
3005 1765 3117 1828 isti,
3161 1773 3444 1833 utcunque

1858 1866 2078 1926 propter
2125 1858 2369 1915 diversas
2424 1873 2641 1924 causas,
2711 1873 2836 1912 eum
2880 1858 2972 1928 qui
3006 1855 3433 1926 praedicabatur,

1859 1949 2126 2003 minorem
2179 1948 2528 2004 Praeeursore
2575 1966 2604 2003 a
2663 1950 2848 2005 multis
2901 1951 3273 2004 existimatum
3309 1962 3444 2003 cou'

1861 2041 2116 2106 sentiant,
2137 2041 2490 2096 nihilominus
2519 2039 2762 2094 unanimi
2790 2036 3192 2109 censpiratioue
3221 2041 3442 2106 docent,

1862 2133 2153 2189 Dominum
2195 2150 2295 2189 suo
2333 2150 2494 2190 servo
2529 2136 2793 2204 majorem
2842 2133 3132 2202 prwdieari
3186 2133 3239 2184 in
3274 2149 3442 2200 regno

1861 2227 1955 2282 illo
1977 2227 2211 2290 caelesti,
2251 2237 2305 2281 et
2333 2228 2631 2281 adorando.
2700 2225 2811 2293 Ego
2836 2241 2923 2280 me
2953 2225 3101 2278 hisce
3131 2224 3438 2277 concilian-

1862 2317 1946 2372 dis
1974 2332 2080 2372 non
2116 2318 2417 2378 immiscco,
2475 2333 2575 2371 nec
2617 2317 2751 2369 mihi
2783 2332 2982 2385 arrogo
3018 2316 3330 2370 facultatem
3355 2315 3440 2368 di-

1857 2407 2178 2477 judicandi,
2252 2411 2477 2477 quinam
2531 2425 2598 2462 ex
2654 2409 2761 2463 illis
2813 2411 3081 2478 potiorem
3138 2417 3442 2477 sequantur

1862 2501 2218 2567 sententiam;
2275 2517 2374 2555 nec
2428 2509 2621 2556 contra
2677 2502 3015 2555 contendent
3079 2501 3154 2554 illi
3186 2503 3257 2553 ob
3302 2502 3443 2554 hanc

1863 2606 2110 2658 causam,
2162 2593 2257 2662 qui
2310 2593 2568 2647 dicuntur
2611 2605 2912 2648 extremam
2956 2594 3213 2664 Baptista:
3256 2592 3441 2646 humi-

1845 2685 2071 2738 litatem
2097 2685 2462 2754 exprobraret;
2525 2687 2616 2741 sed
2650 2702 2750 2741 nec
2784 2703 2881 2742 vos
2927 2687 3021 2755 qui
3053 2687 3268 2756 queruli
3323 2687 3443 2741 cul-

1863 2775 2026 2844 patis,
2063 2777 2221 2844 quasi
2247 2793 2503 2847 maguum
2537 2778 2721 2832 nescio
2738 2779 2866 2848 quid
2893 2779 3227 2849 cogitaretur
3268 2779 3321 2831 in
3351 2794 3438 2842 eo,

1863 2869 2011 2938 quod
2062 2870 2238 2939 major
2293 2886 2414 2925 esse
2443 2885 2602 2924 servo
2637 2886 2737 2926 suo
2791 2872 3118 2941 praedicatur
3176 2872 3442 2926 Dominus

1866 2963 2158 3031 (quantum
2187 2963 2356 3027 enim,
2377 2979 2586 3032 qumso,
2615 2965 2836 3018 accedet
2867 2965 3072 3034 gloriaa,
3101 2965 3144 3019 si
3177 2965 3440 3018 Dominus

1865 3067 2024 3107 servo
2059 3053 2235 3123 major
2262 3065 2540 3124 appareat,
2574 3057 2813 3110 maxime
2839 3072 2935 3126 per
2968 3057 3262 3110 adventum
3288 3056 3438 3108 illum

1863 3145 2192 3200 ineﬂ'abilem
2241 3157 2296 3201 et
2340 3147 2803 3220 formidabilem);
2838 3150 2971 3203 nihil
3010 3150 3176 3220 igitur
3209 3149 3440 3203 istorum

1861 3237 2132 3294 allirmare
2160 3254 2282 3293 eum
2311 3240 2377 3294 ad
2412 3257 2498 3294 me
2530 3251 2765 3296 statuam
2809 3242 3063 3303 attinere,
3106 3243 3202 3297 sed
3253 3251 3442 3295 auctu.-

1863 3341 1973 3389 res,
2025 3341 2152 3381 cum
2202 3338 2388 3383 essent
2437 3331 2686 3385 homines
2721 3332 3039 3401 episcopatu
3089 3332 3323 3401 prtediti,
3357 3332 3441 3384 di-

1834 3420 2097 3476 lectione
2138 3437 2500 3493 prosequcns,
2541 3434 2597 3479 et
2639 3426 2803 3479 simul
2839 3426 2970 3495 ipsis
3000 3426 3206 3495 gratias
3241 3425 3444 3480 multas

1832 3542 1836 3548 -
1863 3513 2064 3569 debere
2086 3528 2392 3584 agnoscens
2420 3531 2518 3584 pro
2537 3516 2759 3586 scriptis
2786 3518 2900 3572 suis
2935 3519 3060 3589 (nec
3089 3520 3233 3572 enim
3255 3519 3442 3572 eadem

1863 3622 1985 3676 qua:
2039 3609 2368 3664 evidentiam
2417 3610 2646 3664 aliorum
2711 3612 2911 3666 animis
2971 3612 3314 3680 imprimunt,
3377 3612 3446 3667 iis

1863 3699 1956 3768 qui
1999 3701 2269 3770 principes
2329 3701 2420 3755 illa
2481 3703 2851 3772 praedicarant
2915 3705 3080 3758 verba
3144 3703 3445 3774 Scriptum

1863 3806 2054 3846 ausam
2094 3795 2488 3864 exporrigunt;
2545 3805 2691 3850 certe
2719 3795 3026 3850 habendum
3054 3807 3139 3851 est
3169 3797 3222 3850 in
3252 3812 3446 3851 nume-

1863 3893 2004 3948 rato,
2062 3886 2108 3940 si
2141 3887 2267 3955 quis
2321 3903 2551 3944 exorsus
2607 3888 2896 3942 sublimem
2923 3889 3163 3958 aliquam
3197 3889 3446 3958 specula-

1865 3977 2071 4032 tionem
2107 3980 2491 4048 quadantenus
2520 3980 2865 4050 progreditur
2891 3981 2944 4035 in
2989 3980 3442 4050 apprehendenda

1860 4069 2122 4125 veritate:
2155 4071 2402 4141 praeclari
2420 4081 2568 4127 certe
2591 4071 2777 4127 Patres
2801 4073 2875 4127 illi
2901 4075 3095 4137 nostri,
3116 4075 3440 4145 plerumque

1861 4177 2144 4217 sacrarum
2180 4163 2512 4218 Litterarum
2565 4165 2792 4219 intimos
2829 4182 3026 4221 sensus
3064 4167 3308 4222 exactius
3343 4184 3441 4222 ex-

1860 4256 2151 4326 pressere),
2174 4266 2354 4311 tamen
2377 4273 2503 4312 cum
2523 4257 2641 4312 illos
2659 4273 2876 4311 summo
2897 4258 3102 4312 honore
3121 4274 3440 4329 prosequar,

1865 4363 1973 4402 non
2003 4363 2104 4418 ego
2149 4349 2449 4403 subtacebo
2493 4351 2640 4419 quod
2680 4349 2809 4403 mihi
2837 4350 3012 4403 visum
3042 4361 3146 4405 est.
3179 4351 3442 4404 Animad-

205 4442 298 4496 τίον
338 4448 583 4511 ἐπαίνοις
611 4446 828 4512 δοξάσαι
855 4463 868 4478 ·
907 4448 1002 4501 καὶ
1031 4447 1139 4518 γὰρ
1171 4446 1282 4501 τῶν
1316 4448 1754 4519 προειρημένων,

1863 4451 2014 4495 verto
2043 4443 2187 4496 enim
2222 4447 2326 4498 hoc
2372 4445 2424 4498 in
2477 4445 2617 4511 luco,
2681 4443 2967 4498 Dominum
3015 4445 3440 4515 haudquaquam

206 4533 255 4585 τὺ
281 4538 367 4606 μὲν
410 4540 732 4612 ἀσύμφορον
761 4541 912 4604 ἴσως,
949 4540 1012 4592 τὸ
1046 4540 1102 4592 δέ
1129 4542 1386 4594 ταπεινόν
1409 4558 1423 4572 ο
1458 4541 1524 4595 ἄν
1557 4559 1617 4594 τε
1651 4540 1759 4612 γὰρ

207 4625 280 4680 τὸν
317 4632 533 4702 κήρυκα
560 4634 640 4695 εἰς
682 4632 947 4703 ἐσχάτους
976 4631 1243 4699 ἐλαύνοις,
1273 4633 1395 4686 οὑδὲ
1424 4631 1520 4685 τοῦ
1548 4650 1756 4704 κηρυσ-

209 4721 408 4790 σομένου
461 4725 524 4778 τὸ
559 4723 761 4795 ὑψηλὸν
791 4723 1109 4788 διασώσεις·
1143 4727 1239 4778 καὶ
1281 4725 1343 4778 τὸ
1372 4723 1560 4778 δοῦλον
1595 4725 1758 4778 ἐλατ-

208 4808 370 4877 τῶσαι,
398 4814 637 4883 μάλιστα
664 4813 783 4867 νυνὶ
812 4815 1112 4885 παρέλκον,
1138 4815 1232 4868 καὶ
1261 4815 1619 4886 μικρολογίαν
1659 4815 1760 4869 οὐκ

209 4899 461 4974 ἐκφεύγει·
492 4907 614 4961 ἀλλ’
639 4908 668 4960 ὅ
692 4924 757 4976 γε
785 4908 814 4960 ό
833 4908 1165 4972 Δεσποτικὸς
1195 4909 1396 4972 σκοπὸς
1423 4909 1582 4978 δῆλός
1607 4909 1756 4961 ἐστιν

210 4992 274 5056 εἰς
303 4997 516 5052 ἔπαινον
567 4999 813 5069 ἀφορῶν,
871 5002 967 5054 καὶ
1007 5001 1156 5070 μάλα
1203 5001 1452 5067 δικαίως,
1491 5000 1586 5054 τοῦ
1620 5001 1766 5072 Προ-

211 5081 416 5155 δρόμου’
448 5090 582 5162 ᾤκει
618 5093 718 5160 μὲν
767 5093 877 5162 γὰρ
908 5093 936 5146 ό
988 5093 1162 5164 μέγας
1205 5094 1414 5156 ἐκεῖνος
1454 5093 1760 5164 ἄνθρωπος,

213 5173 325 5247 ὑπὲρ
364 5180 522 5236 θείων
574 5184 754 5256 νόμων
785 5185 847 5238 τὸ
896 5185 1272 5256 δεσμωτήριον
1303 5201 1315 5212 ’
1349 5183 1486 5238 ἀλλὰ
1523 5185 1632 5239 τῶν
1665 5185 1764 5254 μὲν

216 5268 387 5339 κακῶν,
425 5269 506 5340 οἷς
537 5277 818 5347 συνείχετο
855 5277 1148 5349 ὑπερεώρα
1173 5292 1186 5306 ⁸
1227 5278 1416 5331 ἐδεδίει
1441 5289 1462 5317 ο
1505 5277 1612 5348 ἄρα
1642 5280 1764 5349 οὐχὶ

213 5356 260 5409 τδ
283 5359 440 5434 ξίφος,
483 5369 606 5423 οὑδέ
638 5369 741 5443 τὴν
784 5371 1046 5442 utpar-qv"
1085 5371 1222 5425 ἀλλά
1260 5371 1357 5443 μὴ,
1395 5374 1491 5426 τὸν·
1529 5372 1760 5426 θάνατον

1861 4536 1915 4589 id
1963 4537 2266 4602 intendere,
2333 4548 2392 4592 ut
2435 4553 2494 4591 se
2525 4538 2821 4606 Baptistam
2860 4538 3315 4607 superambulare
3347 4539 3443 4592 dea

1863 4638 2216 4694 monstraret,
2272 4647 2336 4684 ne
2372 4631 2592 4700 quidem
2625 4631 2677 4682 in
2704 4631 2885 4699 aliqua
2907 4646 2965 4684 re
2991 4631 3214 4702 (nedum
3250 4639 3310 4685 ut
3349 4647 3443 4698 per

1861 4722 1997 4776 illud
2046 4724 2298 4776 "afuimus
2340 4723 2586 4776 omnium
2639 4723 2921 4778 hominum
2965 4732 3195 4793 poneret
3240 4725 3441 4779 vilissi-

1865 4817 2062 4885 mum),
2097 4816 2192 4871 sed
2252 4818 2411 4886 plane
2475 4816 2844 4881 contrarium,
2901 4816 3142 4871 voluisse
3186 4816 3442 4871 laudibus

1861 4911 2157 4965 illustrare.
2193 4909 2352 4966 Certe
2375 4911 2842 4980 prmallegatarum
2877 4910 3291 4976 sententiarum,
3336 4928 3443 4965 uua

1865 4999 2212 5055 incommoda
2261 5011 2345 5055 est
2403 5000 2677 5064 fortassis,
2719 5003 2891 5054 altera
2925 5001 3181 5068 humilis;
3241 5001 3363 5056 nam
3397 5005 3443 5056 si

1865 5108 2168 5160 praeconem
2201 5093 2253 5146 iu
2287 5093 2392 5145 ima
2423 5092 2679 5146 subsellia
2713 5092 2994 5162 rejeceris,
3025 5095 3171 5149 haud
3203 5095 3444 5149 tucberis

1865 5183 2142 5253 prmdicati
2167 5182 2552 5236 sublimitatem
2577 5200 2590 5248 ;
2615 5192 2667 5236 et
2692 5199 2914 5237 servum
2939 5184 3287 5238 inuniuutum
3315 5186 3445 5238 dare

1864 5276 2113 5346 inprimis
2141 5291 2611 5345 supervacaneum
2648 5285 2752 5342 est,
2785 5293 2884 5332 nec
2921 5295 3026 5332 nou
3049 5278 3243 5348 abjccti
3275 5278 3442 5332 animi

1861 5368 2283 5424 existimabitur.
2353 5371 2564 5439 Scopus
2619 5369 2837 5426 Domini
2867 5372 3157 5427 manifeste
3201 5370 3445 5426 collimet

1453 5592 1688 5648 VARL‘E
1724 5590 2013 5649 LECTION
2021 5592 2124 5647 ES.

307 5754 327 5785 ³
349 5749 656 5825 ἀσκητικόν.
770 5767 794 5797 α
818 5755 952 5814 Cod.
998 5755 1141 5814 Men.
1185 5768 1330 5815 recte
1364 5758 1536 5812 ποιεῖν
1565 5755 1757 5813 ἐθέλει.

1873 5759 1898 5798 b
1931 5757 1990 5813 C.
2034 5756 2102 5812 Μ.
2134 5766 2278 5814 recte
2311 5757 2663 5827 φιλοκρινεῖν.
2744 5770 2765 5796 ο
2794 5755 2855 5813 C.
2899 5755 2968 5813 Μ.
3002 5756 3127 5812 add.
3167 5754 3246 5821 δέ.
