3854 6216
389 250 527 332 1003

1534 254 1802 316 PHOTII
1833 258 2340 318 PATRIARCH/E
2367 257 2474 317 CP.

3483 249 3617 317 1004

380 361 595 418 laudem
625 364 988 422 Przecursorl‘s‘
1018 365 1142 437 (nec
1173 365 1498 437 immerito),
1518 369 1768 438 egregius
1805 369 1952 423 enim

2068 370 2464 441 ὓπερκδμενος,
2495 367 2736 440 ὀλέθριον
2779 367 2955 438 δόγμα
2991 366 3332 421 ὑπολείποιτο
3355 366 3433 438 τῷ
3479 367 3618 438 βίην

387 459 474 512 ille
519 459 602 513 vir
631 475 727 529 pro
755 460 874 531 lege
917 471 1047 517 tunc
1089 464 1268 517 divina
1299 463 1679 518 ineludebatur
1708 464 1952 531 carceri;

386 554 527 607 mala
553 554 755 623 quibus
789 555 1159 625 stringebatur
1209 555 1348 610 intra
1387 571 1445 610 se
1479 557 1654 624 posita
1687 556 1953 621 ducebat;

387 660 489 699 nec
547 647 822 702 metuebat
880 647 1155 715 gladium,
1244 662 1352 700 non
1420 647 1785 711 occisionem;
1862 647 1956 700 sed

387 752 455 790 ne
510 753 635 792 cum
688 749 917 793 mortem
978 748 1290 808 superasset
1336 740 1707 808 perniciosum
1759 740 1956 807 dogma

387 829 862 886 subintroducmm
886 831 1029 900 apud
1051 831 1296 886 homines
1325 831 1640 898 deponeret,
1659 839 1712 884 et
1741 830 1957 884 Domini

388 924 660 992 magnalia
690 939 782 994 per
812 924 1120 978 socordiam
1149 939 1324 992 neque
1347 923 1564 993 quidem
1613 923 1808 978 leviter
1828 923 1955 976 vili-

387 1011 605 1078 ticaret;
643 1013 1026 1082 plurimienim
1047 1013 1541 1082 prmeonemipsum
1592 1012 1959 1081 praeconizato

390 1103 654 1173 majorem
689 1104 1130 1158 arbitrabantur:
1153 1119 1385 1174 quorum
1417 1120 1447 1158 e
1467 1119 1692 1158 numero
1715 1114 1870 1158 erant
1891 1119 1959 1158 ex

388 1194 509 1263 ejus
539 1196 818 1265 discipulis
849 1196 1038 1266 aliqui,
1082 1211 1176 1265 per
1231 1196 1581 1249 ambitionem
1619 1196 1722 1248 hoc
1769 1195 1960 1248 morbo

389 1287 719 1352 laborantes,
779 1287 1024 1356 magistri
1076 1287 1162 1342 sui
1205 1287 1574 1357 praestantiam
1607 1287 1671 1340 ad
1714 1286 1955 1355 ipsorum

392 1379 667 1449 prepriam
699 1379 1155 1434 existimationem
1182 1379 1484 1448 augendam
1511 1379 1805 1432 trahentes.
1843 1375 1958 1430 lloc

391 1482 515 1523 cum
541 1469 629 1522 ille
658 1468 982 1533 adverteret,
1021 1468 1298 1532 urebatur,
1331 1476 1384 1521 et
1412 1476 1470 1520 ut
1497 1466 1796 1535 improbam
1820 1465 1959 1518 hanc

390 1562 641 1617 evelleret
665 1562 1001 1631 opinionem,
1040 1561 1120 1615 nil
1166 1576 1274 1615 non
1301 1561 1561 1627 tentavit;
1611 1575 1752 1630 saepe
1783 1560 1962 1616 varios

2053 467 2148 519 καὶ
2177 466 2238 518 τὸ
2275 464 2368 516 τοῦ
2395 463 2666 517 Δεσπότου
2701 464 3008 534 μεγαλεῖον,
3043 463 3123 532 τῷ
3152 463 3274 516 καθ’
3304 463 3494 518 ἑαυτὸν
3525 467 3624 535 ῥᾳ-

2055 557 2237 626 θύμῳ,
2269 556 2368 608 οὐκ
2393 557 2452 607 ἐν
2486 557 2701 624 μικροῖς
2726 555 3053 607 ταπεινώσει
3076 554 3104 593 ἀ
3126 570 3142 585 ο
3168 553 3350 607 πολλοὶ
3374 553 3482 624 γὰρ
3512 553 3623 624 μεί-

2055 647 2185 710 ζονα
2214 644 2309 698 τοῦ
2353 647 2765 716 κηρυσσομένου
2821 647 2913 701 τὸν
2963 649 3182 718 κήρυκα
3211 648 3490 702 ὑπενόουν.
3533 647 3624 712 Ἐξ

2055 728 2131 788 ὧν
2181 751 2327 798 τινες
2374 737 2469 788 καὶ
2520 735 2626 788 τῶν
2676 735 2841 789 αὐτοῦ
2895 736 3150 804 μαθητῶν
3186 735 3288 788 ὑπὸ
3339 734 3622 802 φιλαυτίας

2054 824 2213 878 τοῦτο
2261 824 2519 895 ἔπασχον,
2567 827 2666 895 τὴν
2719 826 2991 896 ὑπεροχὴν
3033 825 3127 878 τοῦ
3158 825 3483 878 διδασκάλου
3545 827 3626 887 είς

2059 913 2283 984 αὔξησιν
2337 916 2545 977 οἰκείας
2593 916 2966 987 ἐπισπώμενοι
3017 916 3198 987 δόξης.
3249 917 3430 987 "Amp
3483 915 3625 985 ὁρῶν

2058 1009 2298 1070 ἐκεῖνος,
2335 1005 2456 1070 ὅλος
2501 1006 2794 1075 ἐφλέγετο,
2843 1008 2940 1061 καὶ
2987 1008 3084 1078 τὴν
3133 1007 3377 1078 πονηρὰν
3423 1006 3626 1076 ταύτην

2061 1097 2314 1150 ὑπόνοιαν
2353 1096 2496 1150 ὥστε
2549 1095 2794 1150 καθελεῖν
2813 1139 2828 1164 ,
2862 1098 3040 1152 πάντα
3071 1097 3308 1170 ἔπραττε
3327 1115 3343 1130 ·
3375 1097 3470 1152 καὶ
3498 1096 3628 1150 πολ-

2059 1189 2216 1252 λάκις
2248 1187 2348 1258 μὲν
2367 1188 2495 1250 τοὺς
2519 1187 2766 1259 μαθητὰς
2789 1189 3021 1258 ἀπάγειν
3045 1189 3342 1260 ἐπεχείρει,
3365 1188 3628 1251 ποικίλοις

2063 1283 2264 1352 λόγοις,
2305 1294 2329 1322 ο
2356 1283 2456 1352 τῆς
2486 1283 2808 1353 ὑπολήψεως
2828 1301 2842 1315 ·
2879 1285 3000 1338 ἐπεὶ
3028 1283 3086 1338 δὲ
3112 1286 3238 1348 τοὺς
3266 1285 3456 1352 λόγους
3484 1281 3632 1354 ἐώρα

2064 1374 2164 1444 τῆς
2188 1372 2408 1426 ἐκείνων
2447 1373 2674 1443 γνώμης
2702 1373 3065 1442 ήττωμένους,
3099 1372 3290 1427 καὶτὰ
3335 1372 3434 1441 τῆς
3478 1371 3631 1441 φιλο-

2065 1465 2274 1528 νεικίας
2320 1464 2791 1533 ἐπικρατέστερα,
2857 1463 2945 1514 ἐπ’
2982 1463 3150 1534 ἀλλην
3191 1463 3300 1517 ίδεν
3347 1463 3500 1525 ὁδὸν,
3535 1459 3634 1515 καὶ

2067 1557 2167 1627 τὴν
2192 1555 2259 1608 δι’
2285 1555 2547 1624 αὐτοψίας
2571 1553 2743 1608 πειθὼ
2765 1554 3060 1626 προσάγειν
3100 1554 3282 1617 αὐτοῖς
3315 1551 3633 1622 ἐμελέτησε.

392 1655 673 1712 miscendo
709 1670 993 1711 sermones
1024 1654 1321 1722 discipulos
1355 1654 1478 1707 imle
1519 1654 1787 1708 abducere
1852 1651 2155 1715 nitebatur;
2216 1662 2357 1717 quos
2412 1661 2536 1701 cum
2596 1646 2799 1702 videret
2848 1647 2992 1702 haud
3021 1645 3366 1713 sufﬁcienter,
3394 1659 3633 1701 movere.

391 1749 521 1820 quin
562 1747 738 1817 potius
788 1756 847 1800 ut
888 1747 1068 1801 acrius
1096 1755 1371 1800 certamen
1394 1747 1610 1811 inirent,
1645 1747 1806 1800 aliam
1860 1744 2016 1798 inivit
2077 1741 2365 1806 rationem,
2439 1747 2493 1793 et
2552 1738 2620 1792 ab
2679 1740 2797 1809 ipso
2849 1739 3131 1794 oculorum
3181 1738 3380 1794 intuitu
3424 1736 3636 1808 cogita-

392 1840 471 1894 vit
493 1842 547 1896 id
574 1842 640 1894 iis
673 1838 1022 1908 persuadere.

463 1930 596 1985 Vide
631 1891 762 1985 mihi
808 1931 886 1984 sis
915 1939 1096 1982 autem
1141 1944 1302 1998 quam
1333 1929 1629 1999 prudenter
1647 1929 1748 1984 hoc
1773 1934 1963 1983 tractat

2139 1929 2252 1982 Kal.
2275 1929 2378 2000 ὅρα
2415 1891 2566 1990 ὅπως
2594 1924 2881 1998 ἐμφρόνως
2912 1919 3346 1993 μεταχειρίζεται
3375 1918 3473 1990 τὴν
3502 1918 3638 1973 ὑπό-

392 2030 794 2092 argnmentum.
829 2018 985 2072 Mittit
1009 2019 1306 2088 discipulos
1347 2021 1413 2073 ad
1443 2035 1566 2074 eum
1603 2019 1762 2089 cujus
1789 2034 1960 2073 acmu-

395 2112 593 2166 latione
643 2111 1014 2180 capiebantur,
1061 2119 1116 2164 et
1168 2110 1485 2180 quaistionis
1536 2109 1766 2164 formam
1822 2124 1960 2179 pra:-

394 2203 681 2258 scribendn
742 2203 792 2256 id
837 2203 967 2272 agit,
1021 2210 1080 2256 ut
1124 2217 1220 2271 per
1273 2217 1336 2257 ea
1367 2217 1487 2272 quae
1517 2202 1693 2258 oeulis
1731 2217 1962 2270 usurpa-

2069 2023 2236 2077 θεσιν.
2293 2022 2506 2091 Πέμπει
2549 2023 2677 2082 τοὺς
2734 2016 2983 2088 μαθητὰς
3019 2015 3154 2085 πρὸς
3185 2013 3277 2066 τὸν
3323 2013 3414 2065 ὑπ’
3454 2012 3638 2066 αὐτῶν

2068 2111 2556 2185 ζηλοτυπούμενον,
2613 2111 2708 2164 καὶ
2755 2108 2940 2178 σχῆμα
2972 2106 3095 2168 δοὺς
3126 2104 3478 2174 ἐρωτήσεως,
3534 2102 3640 2174 τὴν

2065 2205 2274 2261 ἑαυτῶν
2304 2203 2734 2275 παρασκευάζει,
2760 2201 2849 2254 διὰ
2881 2200 2991 2253 τῶν
3013 2197 3422 2268 ὀφθησομένων,
3461 2213 3642 2266 σωτη-

394 2294 526 2348 bant
553 2294 781 2348 salutem
817 2294 1058 2362 ipsorum
1090 2304 1428 2362 procuraret,
1491 2301 1655 2361 atque
1686 2309 1840 2347 error
1875 2293 1963 2347 ille

2068 2300 2185 2370 ρίαν
2215 2296 2643 2370 καρπώσασθαι,
2678 2294 2775 2348 καὶ
2811 2293 2911 2363 τὴν
2934 2290 3207 2362 προτέραν
3239 2289 3446 2356 πλάνην
3479 2290 3538 2341 ἐν
3565 2289 3643 2356 τῇ

396 2385 676 2460 antiquior
733 2399 829 2454 per
875 2384 1274 2452 discipulorum
1317 2383 1754 2438 emendationem
1795 2384 1960 2438 etiam

2068 2391 2168 2445 τῶν
2222 2389 2478 2460 μαθητῶν
2516 2384 2824 2456 διορθώσει,
2855 2385 2950 2437 καὶ
2984 2385 3096 2446 τοῖς
3121 2381 3303 2444 ἄλλοις
3337 2379 3641 2434 ἐναποσϐε-

397 2481 540 2547 apud
568 2478 707 2532 alios
745 2486 1110 2540 excuteretur,
1148 2485 1202 2532 et
1230 2478 1282 2530 in
1321 2487 1432 2531 toto
1454 2477 1754 2542 dimueret;
1781 2478 1962 2547 itaque

2068 2483 2256 2553 σθῆναι
2300 2482 2394 2535 καὶ
2425 2480 2747 2550 διαρρυῆναι
2797 2475 2978 2529 τέλεον
3003 2492 3016 2505 ο
3065 2473 3263 2527 αὐτίκα
3301 2471 3411 2542 γὰρ
3453 2488 3638 2539 παρα-

400 2568 490 2624 ubi
528 2571 858 2623 advenerant
900 2569 970 2637 (is
1009 2568 1101 2636 qui
1156 2567 1412 2637 Baptistae
1470 2569 1772 2623 immiserat
1810 2570 1963 2640 cogi-

2068 2574 2386 2643 γεγονότων,
2415 2574 2625 2643 ῥήμασι
2663 2569 2760 2638 μὲν
2789 2567 2927 2630 τέως
2955 2569 2982 2619 ὁ
3010 2565 3201 2634 Σωτὴρ
3259 2563 3307 2622 (6
3338 2563 3434 2616 ml.
3461 2563 3639 2616 ταῦτα

397 2661 653 2716 tationem
680 2661 822 2714 illam
848 2659 891 2729 ),
913 2660 1093 2716 verbis
1132 2660 1198 2714 ad
1229 2660 1452 2729 quaesita
1486 2661 1617 2714 nihil
1643 2663 1962 2731 respondet;

2068 2667 2142 2738 τῷ
2171 2667 2450 2735 Βαπτιστῇ
2477 2661 2789 2734 χαριτώσας
2817 2658 3157 2728 λογίσασθαι)
3189 2655 3341 2710 οὐδὲν
3367 2655 3504 2726 πρὸς
3534 2654 3641 2723 τὴν

395 2751 599 2806 sciebat
625 2751 768 2806 enim
806 2761 858 2806 et
886 2766 1201 2821 persuasum
1245 2751 1497 2814 habebat,
1547 2768 1670 2804 eum
1720 2751 1814 2821 qui
1873 2767 1963 2821 per

2068 2757 2334 2828 ἐρώτησιν
2359 2757 2712 2824 ἀποκρίνεται
2733 2771 2746 2783 ο
2790 2751 2904 2822 ᾔδει
2932 2749 3064 2821 γὰρ,
3101 2748 3218 2820 ᾔδει
3251 2747 3344 2800 τὸν
3381 2747 3440 2813 ἐξ
3465 2747 3644 2815 αὐτῆς

397 2840 816 2894 exsultationem
852 2841 902 2893 in
939 2849 1094 2894 utero
1125 2851 1391 2906 materno,
1417 2841 1508 2909 qui
1539 2857 1634 2910 per
1658 2850 1962 2895 maternam

399 2930 636 3002 linguam
695 2931 871 3001 ipsum
936 2932 1362 3000 prmdicaverat,
1438 2949 1652 2987 necnon
1718 2935 1965 3002 plurimis

398 3021 656 3090 deinceps
693 3022 1080 3077 illustrissimis
1113 3021 1441 3077 testimoniis
1481 3033 1532 3076 et
1565 3024 1762 3078 divinis
1789 3041 1965 3078 enun-

403 3111 722 3165 tiationibus
754 3111 893 3165 idem
922 3111 1265 3181 praesuterat,
1297 3113 1444 3166 nulla
1477 3113 1717 3182 indigere
1742 3115 1968 3170 ulterius

402 3202 470 3257 de
495 3217 554 3257 se
584 3201 862 3267 det-trina;
931 3203 1001 3256 ita
1041 3202 1211 3272 signis
1248 3212 1303 3258 et
1364 3205 1624 3274 prodigiis
1657 3206 1966 3274 opinionem

402 3296 812 3356 excedentibus,
843 3297 1214 3350 inconcretum
1253 3313 1365 3352 suae
1411 3300 1652 3368 suggerit
1707 3299 1968 3364 Deitatis;

401 3387 495 3456 qui
545 3401 638 3440 eos
706 3387 952 3440 mittebat
1006 3388 1057 3440 id
1121 3389 1535 3443 inaehinahatur
1589 3398 1642 3443 ut
1673 3405 1970 3459 suspensos

402 3475 654 3530 redderet
699 3490 729 3529 a
777 3478 1098 3541 miraculis,
1191 3495 1329 3548 quos
1382 3482 1602 3534 demum
1668 3482 1970 3550 morigeros

402 3565 721 3634 praeceptori
765 3565 959 3631 factos,
1011 3577 1066 3621 et
1096 3567 1395 3623 divinitatis
1432 3586 1546 3624 sua:
1580 3587 1857 3641 praecones
1885 3589 1971 3628 re-

403 3655 568 3710 mittit
607 3657 878 3713 Christus.
934 3658 1218 3714 Enimvero
1243 3660 1479 3730 Baptista
1510 3678 1631 3717 cum
1663 3666 1763 3720 hoc
1808 3667 1970 3722 modo

403 3748 686 3817 discipulis
739 3763 984 3804 errorem
1047 3751 1356 3812 exemisset.
1392 3769 1487 3819 per
1545 3755 1762 3809 eosdem
1804 3757 1969 3811 etiam

403 3849 630 3895 catteros
669 3856 877 3908 omnes,
931 3845 1028 3896 vim
1060 3845 1166 3898 dux
1209 3845 1273 3898 ad
1305 3860 1648 3901 communem
1680 3846 1970 3903 Dominum

402 3945 462 3985 se
494 3931 788 3988 transferre
810 3933 956 3989 fecit.
981 3933 1120 4000 Quin
1152 3944 1205 3989 et
1227 3935 1500 4000 Servator,
1529 3953 1654 3992 cum
1694 3939 1970 3996 auditores

401 4037 530 4078 suos
569 4024 636 4078 ad
671 4026 1022 4081 imitationem
1057 4029 1386 4095 reliquarum
1427 4029 1532 4084 viri
1572 4031 1840 4086 virtutum
1887 4033 1970 4086 in-

400 4114 650 4182 duxerat,
702 4127 911 4172 tantum
967 4120 1136 4188 ipsius
1189 4129 1350 4189 atque
1407 4123 1512 4177 tale
1575 4125 1814 4178 studium
1851 4139 1971 4178 am-

399 4209 672 4280 plexatus,
738 4214 1154 4282 propensionem
1207 4215 1377 4269 animi
1409 4215 1708 4271 Dominicis
1751 4218 1868 4272 suis
1917 4227 1973 4272 et

2067 2854 2283 2922 μήτρας
2316 2891 2330 2912 ,
2391 2849 2730 2918 σκιρτήμασι
2785 2845 2879 2898 καὶ
2928 2841 3157 2914 μητρῲει⁸
3206 2839 3427 2912 γλώσσῃ
3475 2838 3646 2891 αὐτὸν

2069 2941 2508 3016 προκηρύξαντα,
2549 2939 2642 2993 καὶ
2675 2939 2896 3008 μυρίαις
2927 2937 3080 2998 ὅσαις
3117 2934 3257 3005 μετὰ
3294 2933 3466 2988 ταῦτα
3499 2931 3646 3001 λαμ-

2070 3037 2233 3105 πραῖς
2273 3032 2599 3104 μαρτυρίαις
2626 3028 2720 3082 καὶ⁵
2751 3027 3107 3097 θεοπρεπέσιν
3139 3025 3497 3094 ἁναρρήσεσι,
3533 3040 3648 3092 μη-

2069 3127 2260 3194 δεμιᾶς
2291 3123 2500 3176 δεῖσθαι
2546 3121 2674 3190 περὶ
2716 3119 2882 3172 αὐτοῦ
2936 3117 3222 3188 μαθήσεως
3246 3133 3260 3147 ·
3295 3113 3542 3184 σημείοις
3583 3111 3649 3165 δὲ

2070 3216 2394 3287 παραδόξοις
2433 3214 2530 3268 καὶ
2567 3216 2758 3284 τέρασι
2785 3211 2847 3265 τὸ
2889 3211 3217 3282 ἀσύγκριτον
3262 3205 3426 3260 αὑτοῦ
3462 3222 3648 3274 παρα-

2073 3311 2276 3378 στήσας
2297 3309 2392 3376 τῆς
2437 3306 2687 3374 θεότητος
2716 3303 2894 3375 (τοῦτο
2917 3301 3026 3374 γὰρ
3050 3303 3077 3354 6
3103 3299 3323 3372 πέμψας
3351 3301 3652 3369 ἐπραγμα-

2070 3401 2307 3472 τεύετο),
2367 3399 2425 3466 ἐξ
2455 3398 2635 3453 αὐτῶν
2692 3396 2957 3468 ὀμμάτων
3009 3393 3134 3456 τοὺς
3189 3390 3484 3453 σταλέντας
3529 3391 3653 3453 τοῖς

2072 3492 2344 3563 θαύμασιν
2399 3490 2776 3562 ἀνηρτήσατο,
2838 3487 2934 3541 καὶ
2989 3485 3175 3540 λοιπὸν
3236 3482 3512 3546 εὐπειθεῖς
3564 3481 3650 3552 τῷ

2071 3581 2395 3652 διδασκάλῳ,
2439 3581 2534 3635 καὶ
2574 3581 2672 3650 τῆς
2717 3578 2882 3632 αὑτοῦ
2923 3576 3173 3647 θεότητος
3205 3575 3519 3645 ἀναπέμπει
3545 3574 3653 3644 κή-

2077 3691 2266 3745 ρυκας.
2307 3672 2446 3725 Ἀλλ’
2488 3671 2516 3722 6
2553 3670 2652 3741 μὲν
2684 3670 3019 3739 Βαπτιστὴς,
3049 3665 3191 3721 οὕτω
3223 3666 3350 3729 τοὺς
3397 3664 3654 3735 μαθητὰς

2076 3762 2342 3836 μεθιστῶν
2395 3763 2494 3831 τῆς
2543 3759 2773 3829 πλάνης,
2820 3760 2916 3812 καὶ
2952 3757 3020 3811 δι’
3049 3756 3230 3810 αὐτῶν
3268 3755 3395 3818 τοὺς
3451 3753 3654 3817 ἄλλους

2073 3855 2393 3926 ἀνθρώπους
2443 3851 2522 3924 τῷ
2567 3850 2733 3920 κοινῷ
2779 3848 3150 3921 προσδραμεῖν
3197 3846 3483 3917 ἐμεθόδευε
3548 3847 3657 3897 Δε-

2076 3948 2268 4017 σπότῃ.
2315 3943 2371 3996 Ὁ
2421 3942 2478 3995 δέ
2523 3958 2588 4010 γε
2623 3938 2834 4010 Σωτὴρ,
2875 3938 2976 4007 τῆς
3016 3954 3077 3990 τε
3107 3937 3271 4008 ἄλλης
3303 3937 3503 4007 ἀρετῆς
3549 3934 3656 3988 τοῦ

2074 4038 2265 4108 ἀνδρὸς
2293 4038 2372 4099 είς
2397 4033 2557 4105 ζῆλον
2583 4032 2712 4092 τοὺς
2742 4030 3018 4102 ἀκροατὰς
3045 4027 3386 4100 προτρέπων,
3416 4028 3511 4081 καὶ⁸
3546 4029 3660 4098 τῆς

2073 4126 2402 4197 τηλικαύτης
2440 4124 2601 4176 αὐτὸν
2626 4123 2722 4176 καὶ
2749 4119 3017 4189 τοσαύτης
3048 4117 3444 4188 ἀποδεχόμενος
3476 4133 3659 4169 σπου-

2073 4219 2169 4288 δῆς
2213 4217 2305 4271 καὶ
2343 4213 2667 4287 προθυμίας,
2703 4213 3053 4274 Δεσποτικοῖς
3079 4210 3174 4264 καὶ
3216 4208 3445 4271 δικαίοις
3485 4207 3661 4278 ἀμεί-

400 4303 613 4358 meritis
655 4315 964 4359 remunerat
997 4306 1262 4360 encomiis
1289 4325 1303 4373 ;
1331 4323 1504 4375 neque
1529 4309 1672 4369 enim
1713 4311 1963 4363 commit-

2074 4311 2227 4364 δεται
2251 4308 2563 4377 ἐγκωμίοις·
2591 4305 2713 4358 ούδέ
2734 4303 2865 4375 γὰρ,
2883 4303 2990 4356 οὐδ’
3013 4299 3259 4372 ἠνέσχετ’
3282 4298 3370 4363 ἂν,
3394 4299 3424 4352 6
3442 4300 3663 4370 προῖκα.

401 4403 513 4448 tere
539 4394 753 4448 volebat
792 4395 837 4449 is
861 4395 952 4464 qui
972 4397 1140 4464 gratis
1171 4397 1426 4451 omnibus
1457 4399 1772 4454 universum
1805 4401 1971 4457 bene-

400 4483 574 4539 factor
604 4485 832 4549 exstitit,
869 4495 927 4539 ut
956 4486 1345 4540 inhonoratum
1375 4486 1669 4556 Baptistam
1697 4491 1874 4545 solum
1902 4509 1968 4548 ex

399 4577 659 4632 omnibus
727 4576 1044 4642 dimitteret,
1115 4593 1215 4648 pro
1271 4593 1455 4633 amore
1527 4579 1867 4649 pratl‘undato
1915 4594 1969 4639 et

399 4665 594 4720 allectu
630 4681 804 4736 usque
844 4667 908 4721 ad
941 4676 1169 4720 mortem
1202 4665 1535 4723 inﬂammato
1589 4686 1601 4721 :
1665 4680 1830 4740 atque
1862 4672 1966 4729 ista

399 4755 523 4823 fuit,
565 4758 782 4826 opinor,
820 4759 1066 4827 princeps
1088 4757 1345 4814 laudandi
1378 4760 1526 4814 illum
1563 4777 1750 4818 causa.
1780 4761 1962 4817 Nihilo

396 4845 622 4902 inferior
659 4857 743 4902 est
784 4849 917 4904 hare.
983 4850 1431 4920 Quandoquidem
1465 4851 1627 4915 illud,
1675 4873 1692 4905 ι
1727 4855 1878 4910 Tune
1917 4855 1964 4910 is

395 4937 488 5006 qni
518 4949 781 4993 venturus
811 4956 868 4993 es
890 4981 904 5006 ,
947 4959 963 4992 ι
1025 4950 1154 5005 ete.,
1205 4941 1275 4996 ob
1314 4942 1541 4996 salutem
1573 4945 1964 5014 discipulorum

396 5029 798 5097 procurandam
837 5030 1233 5099 interrogabat;
1287 5033 1725 5104 interrogationis
1781 5044 1962 5090 autem

399 5119 572 5186 prima
597 5119 768 5174 iacies
788 5122 857 5176 ab
879 5123 1183 5190 ignorantia
1205 5123 1505 5194 Baptistam
1534 5127 1635 5181 hoc
1657 5127 1963 5186 siseitatum

397 5212 566 5268 fuisse
605 5216 845 5282 suggerit
890 5217 956 5270 iis
1019 5219 1110 5286 qui
1178 5219 1494 5288 prudentem
1530 5231 1582 5275 et
1613 5221 1964 5276 artificiosam

395 5304 751 5372 quaestionem
781 5306 922 5361 haud
959 5306 1220 5364 intentius
1258 5311 1674 5380 ponderaverint
1717 5331 1730 5366 :
1779 5323 1836 5368 ut
1874 5316 1942 5369 ab

2072 4405 2207 4456 πᾶσι
2235 4403 2327 4456 καί⁸
2357 4400 2533 4463 κοινὸς
2557 4397 2746 4469 φανεὶς
2776 4394 3098 4466 εὐεργέτης,
3132 4393 3230 4462 τῆς
3261 4389 3662 4464 προκαταὸλη-

2070 4496 2256 4564 θείσης
2310 4492 2580 4564 στοργῆς,
2629 4489 2725 4542 καὶ
2775 4486 2868 4541 τοῦ
2929 4485 3091 4556 μέχρι
3127 4485 3340 4554 σφαγῆς
3378 4481 3659 4552 διαπύρου

2077 4586 2267 4650 πόθου,
2303 4585 2604 4654 ἀγέραστον
2633 4581 2791 4652 μόνον
2835 4578 2926 4632 τὸν
2949 4577 3258 4646 Βαπτιστὴν
3293 4574 3658 4645 ἀποπέμψαι.

2080 4677 2219 4730 Ἀλλ’
2253 4676 2389 4744 αὕτη
2421 4675 2540 4744 μὲν,
2565 4669 2740 4742 οἶμαι,
2773 4671 2883 4723 τῶν
2909 4669 3145 4724 ἐπαίνων
3173 4669 3207 4740 ή
3231 4668 3422 4738 πρώτη
3449 4666 3606 4720 αἰτία
3635 4681 3655 4698 ·

2071 4770 2224 4822 οὐδὲν
2249 4769 2307 4820 δέ
2347 4766 2549 4837 ταύτης
2580 4764 2818 4817 ἐλάττων
2857 4764 2951 4816 καὶ
2997 4760 3158 4830 αὕτη.
3202 4759 3355 4812 Ἐπεὶ
3399 4758 3508 4829 γὰρ
3559 4759 3656 4824 τὸ,

2080 4882 2097 4913 ι
2135 4862 2206 4914 Σὺ
2238 4857 2287 4913 εί
2318 4863 2346 4914 ὁ
2368 4858 2678 4930 ἐρχόμενος,
2711 4856 2952 4928 ἢέτερον
2974 4853 3390 4926 προσδοκῶμεν;
3425 4870 3444 4904 ι
3477 4851 3506 4904 ὁ
3546 4851 3660 4922 μὲν

2072 4954 2166 5005 ἐπὶ
2198 4955 2264 5023 τῇ
2300 4951 2408 5004 τῶν
2440 4949 2700 5020 μαθητῶν
2730 4947 2972 5019 διηρώτα
3013 4945 3274 5017 σωτηρίᾳ.
3304 4943 3379 4996 T6
3424 4943 3481 4996 δέ
3511 4943 3660 5012 πρό-

2071 5061 2252 5115 χειρον
2295 5043 2395 5113 τῆς
2430 5042 2771 5112 ἐρωτήσεως,
2799 5041 2912 5102 τοῖς
2961 5038 3036 5109 μὴ
3069 5036 3205 5109 πρὸς
3240 5035 3302 5089 τὸ
3333 5035 3659 5106 εὐμήχανον

2073 5138 2166 5195 καὶ
2226 5134 2386 5201 σοφὸν
2456 5133 2548 5187 τοῦ
2608 5131 2988 5202 ἐρωτήσαντος
3051 5128 3436 5183 διακύπτουσιν
3462 5124 3519 5188 ί,
3591 5125 3660 5190 ἐξ

2071 5227 2293 5294 ἀγνοίας
2323 5224 2479 5277 τοῦτο
2513 5221 2781 5276 πυθέσθαι
2822 5221 2912 5275 τὸν
2946 5218 3261 5290 Bm:th
3283 5215 3610 5271 ὑποτίθεται
3633 5227 3654 5242 ·

2083 5317 2170 5370 ἵνα
2221 5315 2317 5369 καὶ
2361 5314 2564 5387 ταύτης
2599 5313 2763 5368 αὐτὸν
2803 5315 2902 5385 τῆς
2945 5311 3177 5382 ὑποψίας
3220 5311 3284 5364 ἐκ
3326 5305 3657 5378 περιουσίας

1658 5477 1888 5530 ΥΛΙὶΙειΕ
1943 5475 2344 5531 LECTIONES.

460 5598 484 5633 ¹¹
518 5600 577 5652 (ἶ.
622 5599 691 5655 Μ.
725 5606 924 5659 rectius
964 5611 1333 5664 tarentina:

398 5669 464 5724 Μ.
498 5673 579 5736 ἐξ·
617 5675 892 5742 υφαὶνετο.

1427 5626 1446 5652 θ
1476 5613 1555 5664 ὲίτ.
1587 5613 1709 5666 add.
1737 5612 1932 5682 ταύτης
1962 5633 1967 5642 ι
2002 5613 2091 5668 sed
2145 5613 2295 5667 deest
2336 5613 2501 5667 etiam
2538 5610 2592 5664 in
2633 5607 2773 5666 Men.

2860 5608 2875 5648 ί
2905 5608 2965 5664 C.
3003 5607 3073 5662 Μ.
3094 5604 3434 5677 διακύψουσι.
3522 5602 3551 5646 ⁸
3578 5603 3652 5661 Ε.
