3876 6216
235 280 384 347 1005

1150 282 1252 344 AD
1293 280 1886 346 AMPHILOCHIUM
1917 286 2262 358 QUESTIO
2291 285 2568 352 CCXXII.

3361 281 3524 354 1006'

233 393 584 470 ἐλευθερώσῃ
617 395 873 469 (μεγίστη
906 397 1038 468 γὰρ,
1059 397 1136 462 ὡς
1157 397 1394 467 ἀληθῶς,
1431 399 1670 469 κήρυκος
1695 397 1810 452 δια-

1938 413 2013 457 sta
2083 403 2173 457 illa
2227 404 2542 474 suspicione
2603 404 2748 458 velut
2821 420 2885 460 ex
2942 397 3243 460 abundanti
3297 404 3494 461 liberet

234 487 371 558 ϐολὴ
404 487 501 540 καὶ
547 487 852 557 κατηγορία
872 527 888 551 ,
938 486 1032 540 τοῦ
1069 489 1481 559 κηρυσσομένου
1511 490 1543 558 ή
1576 487 1799 555 ἀγνοία,

234 577 334 630 ἐπὶ
395 578 524 640 τοὺς
571 579 828 641 ἐπαίνους
870 579 1122 649 ἔρχεται*
1162 579 1258 632 καὶ
1310 579 1552 633 πλείοσιν
1607 581 1806 642 αὐτοὺς

235 669 520 737 ἐξυφαίνει
565 669 785 740 τρόποις
819 679 867 725 Β.
919 673 1156 724 ’Ἄτοπον
1209 671 1338 740 γὰρ,
1378 671 1452 734 ὡς
1493 671 1727 742 ἀληθῶς,
1761 673 1810 725 εί

233 761 308 814 δι’
351 756 428 816 ὧν
471 762 644 825 ἄλλως
687 762 1113 833 προσεκέρδανεν
1155 763 1221 815 ἂν
1261 764 1290 816 6
1331 762 1674 833 Βαπτιστὴς,
1719 763 1815 815 καὶ⁸

236 859 344 926 τῆς
403 857 678 926 προτέρας
735 855 1047 909 διεκπίπτοι
1086 854 1263 924 δόξης.
1319 855 1412 907 Διὸ
1463 853 1680 924 πρῶτον
1717 854 1817 923 μὲν

240 949 472 1002 ἔπαινον
510 946 846 1018 προσάγειιι,
877 947 974 1001 ἀπ’
1029 947 1198 1017 αὐτῆς
1236 946 1450 1016 ἐκείνης
1481 945 1588 998 τῶν
1615 945 1821 1015 ἀκροα-

238 1040 355 1092 τῶν
386 1041 486 1108 τῆς
507 1039 692 1110 ψήφου
712 1057 727 1071 ο
757 1038 940 1108 τρίτον
963 1036 1073 1090 ἀπὸ
1096 1039 1195 1106 τῆς
1224 1035 1333 1090 τῶν
1358 1035 1653 1106 προφητῶν
1687 1052 1823 1104 μαρ-

241 1133 442 1200 τυρίας
473 1131 565 1183 κοιλ⁵
603 1131 984 1200 προρῤήσεωςυ
1015 1129 1126 1182 τῶν
1153 1129 1210 1182 δέ
1254 1127 1454 1182 λοιπῶν
1482 1127 1595 1191 δύο,
1639 1127 1828 1181 ἐκάτε-

247 1239 346 1293 ρον
382 1223 448 1274 ἐκ
479 1222 578 1290 τῆς
609 1220 744 1282 ἰδίας
770 1221 864 1273 καὶ
891 1220 1230 1288 Δεσποτικῆς
1259 1218 1592 1290 ἐπικρίσεως
1612 1235 1626 1249 ·
1654 1217 1768 1271 ἀλλ’
1801 1219 1829 1270 6

250 1313 357 1383 μὲν
399 1311 649 1383 δεύτερος
673 1312 892 1381 τρόπος,
926 1314 989 1365 ἐκ
1011 1311 1107 1364 τοῦ
1137 1311 1324 1374 εὐθέος
1371 1311 1522 1378 λέγει
1550 1309 1642 1362 τὸν
1678 1309 1833 1362 ἐπαι-

247 1420 344 1458 νον
365 1421 381 1437 ο
410 1406 440 1457 6
481 1403 538 1456 δέ
580 1404 861 1472 τέταρτος,
899 1403 966 1456 ἐκ
991 1403 1087 1456 τοῦ
1123 1401 1660 1472 παρακολουθοῦντος
1705 1403 1831 1454 ἀτο-

251 1499 527 1567 πήματος,
560 1497 672 1560 τοῖς
699 1497 760 1563 ἐξ
790 1495 1012 1565 ἀγνοίας
1053 1495 1380 1564 ὑπειληφόσι
1407 1493 1496 1546 τὸν
1523 1491 1836 1562 Βαπτιστὴν

253 1590 649 1659 προσενεγκεῖν
675 1589 774 1658 τὴν
799 1587 1087 1658 ἐρώτησιν,
1112 1587 1394 1640 διαπλέκει
1429 1585 1490 1639 τὸ
1535 1583 1834 1654 ἐγκώμιον.

261 1681 326 1734 '0
354 1681 452 1750 μὲν
474 1676 568 1734 οῦν
598 1679 810 1750 πρῶτος
837 1679 935 1733 καὶ
963 1680 992 1732 6
1023 1678 1285 1748 τέταρτος
1307 1676 1416 1730 τῶν
1449 1676 1686 1730 ἐπαίνων
1712 1675 1836 1745 $96—

253 1789 380 1836 πος,
407 1772 465 1837 ἐξ
487 1773 820 1839 ἀναιρέσεως
848 1770 1231 1840 ὑφαινόμενος,
1259 1768 1370 1822 τῶν
1400 1767 1711 1838 μηδαμόθεν
1738 1766 1837 1837 μέν

250 1865 334 1934 τῷ
366 1865 645 1933 Βαπτιστῇ
710 1863 1134 1933 προσηκόντων,
1169 1860 1433 1932 μάτην,δέ
1482 1858 1646 1921 ἐνίοις
1675 1858 1836 1910 ὑπει-

250 1956 573 2027 λημμένων,
597 1958 719 2008 κατ’
751 1954 1018 2025 ἐρώτησίν
1044 1971 1104 2005 τε
1134 1970 1234 2023 σχη
1245 1951 1552 2022 ματίζεται,
1576 1950 1668 2002 καὶ
1690 1950 1780 2002 τὸν
1816 1950 1832 1990 ἱ

253 2048 502 2102 ἐναντίον
550 2049 776 2101 ἀπαιτεῖ
821 2045 918 2099 καὶ
951 2045 1196 2099 διδάσκει
1235 2047 1336 2113 τῆς
1380 2043 1736 2114 ἐρωτήσεως*
1785 2041 1838 2093 oi

248 2138 310 2192 δέ
345 2137 522 2208 μέσοι,
555 2137 644 2190 ἐπ’
671 2135 886 2199 εὐθείας
918 2153 977 2190 τε
1001 2134 1102 2204 τὴν
1125 2133 1422 2204 εὐφημίαν,
1455 2133 1552 2186 καὶ
1582 2133 1678 2185 σὺν
1706 2133 1841 2184 ἀπο-

250 2229 444 2297 φάσει,
473 2229 884 2299 ἀναγράφουσιν
907 2244 921 2259 ο
949 2225 1136 2296 ὥσπερ
1161 2224 1293 2294 γὰρ,
1317 2224 1375 2277 ἐν
1404 2224 1503 2295 τῷ,
1537 2241 1556 2274 ι
1597 2222 1662 2276 Τί
1684 2221 1838 2291 ἐξήλ-

249 2320 376 2374 θετε
423 2321 504 2384 είς
536 2321 634 2391 τὴν
676 2319 884 2390 ἔρημον
927 2319 1055 2372 ἰδεῖν
1086 2317 1145 2382 i;
1199 2316 1444 2385 κάλαμον
1487 2316 1590 2368 ὑπὸ
1620 2316 1836 2384 ἀνέμων

251 2412 651 2482 σαλευόμενονς
693 2429 711 2462 ι
757 2411 817 2463 οὑ
857 2409 1104 2479 κάλαμον
1133 2405 1272 2461 εἶναι
1299 2407 1390 2460 τὸν
1426 2406 1762 2477 Βαπτιστὴν.
1807 2407 1836 2458 6

249 2505 373 2558 κατ’
415 2502 686 2573 ἐρώτησιν
736 2500 1217 2570 ἐσχηματισμένος
1258 2497 1414 2566 λόγος
1447 2496 1830 2565 ἀποφαίνεται,

246 2591 567 2647 τούναντίον
585 2590 645 2644 δὲ
667 2588 1092 2654 κατασκευάζει,
1123 2589 1312 2660 πόρρω
1341 2587 1668 2641 καθεστάναι
1693 2587 1830 2640 πάν-

248 2701 385 2749 των,
433 2683 547 2736 ὅσοι
584 2681 834 2751 καλάμου
868 2681 1028 2750 δίκην
1056 2680 1155 2750 τὴν
1201 2677 1426 2748 γνώμην
1479 2677 1826 2732 σαλεύονται’

249 2775 400 2829 οὕτω
426 2774 573 2828 καὶὸ
601 2774 687 2827 διὰ
726 2773 843 2839 τοῦ,
883 2791 902 2823 ι
953 2772 1011 2825 '0
1047 2771 1103 2824 δὲ
1133 2770 1451 2841 μικρότερος
1493 2770 1550 2824 ἐν
1576 2773 1642 2841 τῇ
1676 2771 1830 2840 βασι-

249 2867 378 2938 λείᾳ
413 2866 523 2922 τῶν
565 2865 832 2934 οὐρανῶν,
873 2865 1073 2935 μείζων
1104 2862 1270 2915 αὑτοῦ
1299 2863 1434 2920 ἐστι,
1477 2881 1496 2914 ι
1539 2861 1828 2930 παραπλη-

252 2959 390 3022 σίως
461 2959 892 3029 προσαγόμενος,
927 2957 1049 3026 οὐχὶ
1097 2954 1440 3026 μικρότερον,
1489 2955 1550 3007 οὑ
1602 2955 1700 3024 μὲν
1731 2953 1822 3008 οῦν

1908 493 2066 561 (nam
2101 504 2250 549 certe
2283 495 2337 548 in
2378 511 2654 550 summum
2711 497 2978 564 praeconis
3039 497 3280 552 dedecus
3325 497 3493 559 cedit,

1909 586 1976 639 de
2019 586 2274 656 ignorato
2310 588 2644 657 praeconiato
2691 588 2836 657 juste
2868 590 3138 659 accusari)
3190 590 3260 644 ad

1913 678 2250 732 laudandum
2307 679 2620 744 descendit;
2671 695 2832 748 quam
2900 682 3265 743 laudationem
3311 680 3500 734 multis

3346 589 3498 642 ἰΙΙιιιιι

1919 768 2097 823 modis
2127 769 2386 823 contexit.
2449 768 2593 823 Sane
2631 785 2820 839 parum
2857 769 3048 824 fuisset
3067 786 3390 839 congruum,
3438 779 3498 822 ut

1925 857 2165 928 Baptista
2199 861 2472 914 excideret
2504 875 2534 914 e
2572 861 2893 929 praecedenti
2924 862 3116 930 gloria,
3138 876 3233 931 per
3251 862 3339 915 illa
3375 861 3491 929 ipsa

1927 952 2127 1020 quibus
2160 953 2408 1006 eamdem
2451 952 2602 1020 prius
2651 952 3031 1022 acquisiverat.
3091 955 3324 1007 Primam
3368 969 3497 1018 ergo

1928 1041 2297 1097 laudationem
2331 1042 2569 1097 instituit
2606 1043 2674 1096 ab
2700 1044 2948 1111 ipsismet
2986 1042 3260 1110 sull‘ragiis
3284 1043 3498 1096 audito-

1930 1147 2053 1187 rum
2079 1148 2095 1197 ;
2153 1133 2367 1186 tertiam
2404 1147 2436 1186 a
2483 1132 2797 1186 testimonio
2819 1133 3205 1201 prophetarum
3227 1140 3281 1186 et
3309 1132 3505 1200 prusui-

1932 1223 2240 1288 ctionibus;
2289 1222 2524 1277 duarum
2551 1221 2885 1290 reliquarum
2912 1230 3205 1290 utramque
3229 1221 3302 1276 ab
3331 1221 3504 1290 ipsius

1933 1323 1990 1370 et
2020 1315 2237 1369 Domini
2263 1315 2480 1384 propria
2502 1324 2555 1369 et
2583 1313 2847 1382 peculiari
2877 1314 3146 1368 sententia
3180 1331 3194 1367 :
3233 1313 3510 1368 secundus

1935 1407 2136 1462 modus
2160 1407 2399 1461 instituit
2433 1405 2799 1460 laudationem
2829 1420 2858 1459 e
2887 1404 3112 1473 proclivi
3153 1422 3166 1458 :
3219 1413 3451 1473 quartus
3479 1419 3509 1454 (ε

1939 1497 2302 1568 consequenti
2338 1497 2599 1560 absurdo,
2623 1507 2678 1550 et
2710 1495 3076 1549 laudationem
3100 1494 3337 1548 instituit
3364 1493 3508 1567 inde1

1943 1605 2136 1660 nempe
2167 1589 2313 1659 quod
2343 1603 2684 1657 consequens
2721 1595 2806 1641 est
2833 1587 3076 1655 Opinioni
3096 1601 3286 1641 eorum
3309 1585 3404 1654 qui
3443 1601 3509 1637 ex

1944 1682 2251 1752 ignorantia
2336 1680 2674 1733 arbitrantur
2765 1676 3064 1746 Baptistam
3147 1677 3504 1744 interrogare.

1947 1773 2161 1829 Primus
2210 1771 2415 1826 idcirco
2443 1778 2497 1823 et
2528 1778 2755 1837 quartus
2787 1768 3114 1822 laudationis
3138 1767 3336 1820 modus
3373 1781 3507 1818 con-

1945 1868 2145 1922 texitur
2205 1880 2237 1919 a
2295 1865 2600 1919 sublatione
2659 1878 2868 1924 eorum,
2941 1876 3062 1930 quae
3104 1859 3327 1913 minime
3376 1873 3511 1912 con-

1942 1957 2459 2026 veniuntBaptistae.
2483 1965 2537 2010 et
2572 1956 2774 2010 frustra
2810 1969 2838 2007 a
2875 1951 3206 2021 quibusdam
3247 1949 3300 2003 in
3329 1947 3544 2016 suspi-’

1940 2052 2155 2106 cionem
2206 2049 2586 2113 adducuntur;
2649 2060 2742 2116 per
2793 2044 3153 2114 qumstionem
3212 2048 3514 2095 tractantur

1940 2146 2014 2201 illi
2043 2145 2209 2208 modi,
2233 2152 2288 2199 et
2313 2141 2607 2214 quaestioni
2636 2141 2972 2196 contrarium
3003 2138 3200 2192 docent
3224 2143 3280 2190 et
3306 2142 3516 2205 ponunt
3616 2138 3620 2143 '

1938 2247 2197 2306 uterque;
2256 2233 2526 2304 interjecti
2585 2232 2754 2296 modi,
2798 2231 3009 2286 directe
3053 2237 3106 2283 et
3148 2226 3380 2296 positive
3421 2240 3514 2277 en-

1936 2330 2170 2385 eomium
2215 2327 2554 2381 instituunt:
2596 2321 3057 2394 quemadmodum
3108 2321 3255 2374 enim
3298 2319 3350 2370 in
3379 2317 3509 2370 illo:

1941 2421 2112 2489 «Quid
2145 2421 2338 2475 existis
2381 2420 2435 2473 in
2462 2419 2737 2473 desertum
2767 2415 2984 2469 videre?
3011 2411 3333 2467 arundinem
3353 2419 3516 2463 vento

1935 2513 2227 2583 agitatam?
2248 2513 2289 2542 ⁷¹
2315 2529 2332 2562 ι
2373 2526 2470 2580 per
2487 2508 2970 2578 interrogationem
2997 2506 3281 2560 institutus
3306 2516 3505 2560 sermo,

1935 2604 2079 2659 haud
2137 2602 2470 2672 imaginatur
2513 2599 2810 2668 Baptistam
2883 2595 3204 2651 arundinem
3265 2606 3421 2656 esse;
3486 2608 3514 2641 υ

1931 2705 2116 2752 contra
2140 2694 2340 2750 astruit
2368 2707 2494 2748 eum
2517 2692 2676 2760 longe
2707 2699 2977 2744 semotum
3032 2689 3100 2741 ab
3137 2687 3202 2740 iis
3233 2685 3324 2754 qui
3354 2698 3505 2735 mori:

1930 2784 2236 2840 arundines
2263 2783 2364 2837 huc
2383 2782 2510 2836 illue
2527 2779 2805 2850 agitantur
2833 2776 3218 2846 opinionibus;
3250 2774 3319 2826 ita
3337 2779 3390 2826 et
3418 2771 3504 2824 ille

1928 2887 2130 2936 sermo,
2155 2872 2250 2941 qui
2271 2868 2850 2932 similiterinstruitur,
2882 2882 2976 2934 per
2999 2865 3150 2926 illud,
3183 2864 3263 2917 «Is
3285 2863 3376 2931 qui
3415 2862 3507 2914 mi-

1928 2964 2109 3018 nimus
2134 2970 2218 3016 est
2254 2961 2310 3015 in
2336 2973 2504 3030 regno
2533 2958 2817 3022 caelorum,
2852 2955 3028 3023 major
3061 2955 3178 3022 ipso
3211 2963 3314 3017 est,
3343 2971 3360 2999 ι
3397 2967 3504 3004 non

248 3049 392 3104 ἀλλὰ
440 3052 644 3120 μηδένα
675 3048 812 3106 εἶναι
863 3050 957 3104 τοῦ
1007 3049 1323 3120 Προδρόμου
1364 3047 1662 3118 παρίστησι
1707 3048 1825 3117 μεί-

1938 3055 2077 3109 illum
2096 3052 2378 3108 minimum
2393 3066 2494 3106 nec
2511 3050 2744 3119 aliquem
2760 3048 3019 3115 majorem
3045 3044 3353 3100 subiudicat
3371 3042 3522 3095 Ρι’;ι·’

251 3143 420 3207 (over
453 3145 574 3198 οὑδέ
625 3145 756 3214 γὰρ,
789 3144 910 3198 οὑδὲ
961 3142 1070 3195 τῶν
1115 3140 1353 3194 ἐπαίνων
1398 3139 1493 3202 οὒς
1540 3138 1768 3192 ἔπλεκεν
1798 3141 1827 3194 6

249 3235 466 3307 Σωτὴρ,
498 3236 756 3306 ἐξαίφνης
784 3237 850 3290 ἂν
878 3234 1270 3303 ἀπεστέρησεν,
1305 3230 1416 3284 οὐδ’
1457 3231 1537 3294 είς
1565 3229 1822 3299 ἐσχάτους

249 3325 454 3396 ἀθρόον
480 3327 572 3380 τὸν
591 3327 980 3396 ἐπαινούμενον
1007 3324 1246 3396 ἔρριψενσ
1269 3321 1404 3376 ἀλλὰ
1422 3320 1512 3374 τδν
1525 3321 1686 3373 αὑτὸν
1705 3321 1821 3390 είρ-

255 3419 369 3487 μὸν
384 3419 684 3488 φυλάττων,
699 3420 934 3490 οὐδαμοῦ
953 3417 1321 3489 συγχωρεῖτδν
1337 3417 1392 3469 ἐν
1403 3418 1466 3486 τῇ
1487 3412 1731 3485 βασιλείᾳ
1749 3432 1834 3484 μι-

255 3509 542 3579 κρότερον,
560 3511 659 3577 τῆς
678 3512 952 3581 ὑπεροχῆς
967 3513 1211 3567 Ἰωάννου
1227 3508 1542 3580 νομίζεσθαι
1583 3508 1822 3578 μείζονα.

345 3598 481 3650 Ἀλλ’
510 3601 538 3651 6
570 3600 668 3669 μὲν
700 3601 809 3653 ἀπὸ
833 3603 931 3671 τῆς
957 3602 1063 3655 τῶν
1095 3600 1378 3669 ἀκροατῶν
1416 3598 1596 3668 ψήφου
1631 3601 1835 3657 πλεκό-

255 3705 424 3759 μενος
455 3689 696 3754 ἔπαινος,
729 3692 1064 3763 πλατύτερον
1079 3695 1273 3756 εἰπεῖν,
1293 3693 1530 3755 τοιοῦτός
1554 3695 1639 3756 τίς
1671 3696 1842 3747 ἐστιν’

255 3779 329 3832 Τί
381 3780 639 3849 ἐξήλθετε
695 3784 778 3844 εἰς
816 3783 913 3854 τὴν
952 3785 1202 3853 ἐρημον;
1247 3782 1358 3856 ἆρα
1405 3785 1649 3854 κάλαμον
1714 3785 1844 3837 ἰδεῖν

255 3869 368 3922 ὑπὸ
421 3871 625 3942 ἀνέμου
662 3874 1018 3945 σαλευόμενον
1058 3878 1116 3941 k;
1170 3879 1284 3931 ἀλλ’
1323 3877 1433 3950 ἆρα
1469 3878 1754 3949 ἄνθρωπον
1785 3881 1844 3932 ἐν

261 3961 531 4031 μαλακοῖς
591 3965 825 4034 ἱματίοις
860 3969 1274 4039 ἡμφιεσμένον;
1319 3973 1355 4041 ἦ
1406 3971 1564 4040 δῆλον
1622 3971 1697 4034 ὡς
1753 3971 1843 4022 οὑ-

257 4053 476 4122 δαμῶςο
503 4055 662 4126 ὑμεῖς
687 4060 796 4128 γὰρ
826 4061 1002 4125 αὐτοὶ,
1040 4063 1109 4116 δι’
1137 4056 1212 4116 ὧν
1242 4065 1383 4134 πρὸς
1426 4064 1589 4117 αὑτὸν
1617 4062 1839 4134 διεπράθ-

258 4145 450 4211 ξασθε,
482 4150 575 4202 καὶ
599 4149 677 4218 τῷ
700 4152 835 4222 πρὸς
862 4153 959 4225 τὴν
981 4153 1187 4225 ἔρημον
1232 4156 1440 4228 δρόμῳ,
1465 4154 1726 4210 τάναντία
1742 4157 1839 4225 τῆς

255 4236 424 4306 δόξης
435 4240 678 4336 ⁸ταύτης,
713 4243 1133 4336 ἐμαρτυρήσατε
1165 4264 1180 4279 ο
1239 4249 1542 4320 θαυμάσιόν
1573 4264 1696 4301 τινα
1747 4247 1841 4300 καὶ

259 4330 462 4396 μικροῦ
485 4330 611 4392 τοὺς
639 4331 1014 4402 ἀνθρωπίνους
1043 4337 1203 4408 ὅρους
1231 4339 1670 4410 ὑπερϐεϐηκότα,
1721 4340 1838 4406 τὸν,

254 4416 336 4480 ὡς
360 4417 596 4488 ἀληθῶς,
628 4424 865 4478 τοιοῦτον
893 4421 1031 4480 εἶναι
1055 4431 1364 4500 νομίζοντες
1387 4430 1429 4487 1.
1456 4434 1572 4486 Οὐκ
1593 4432 1687 4486 οῦν
1721 4433 1844 4487 οὑδέ

255 4507 359 4562 νῦν
387 4512 416 4564 6
445 4512 782 4582 τηλικοῦτος,
815 4519 1084 4592 μεταὸολῇ
1126 4539 1232 4576 τινι
1261 4524 1356 4576 καὶ
1384 4524 1602 4595 ἀγνοίᾳ,
1622 4524 1722 4596 τὴν
1755 4525 1844 4581 διὰ

255 4599 374 4654 τῶν
425 4603 685 4675 μαθητῶν
731 4608 999 4680 ἐρώτησιν
1053 4615 1178 4682 ἐμοὶ
1228 4617 1650 4686 προσενήνοχεν,
1705 4617 1843 4670 ἀλλὰ

255 4691 594 4760 τούναντίον,
628 4695 776 4768 ἆπερ
802 4698 1010 4766 ἐδίδαξε
1038 4700 1203 4772 λόγῳ,
1248 4703 1345 4757 καὶ
1381 4703 1468 4757 διὰ
1503 4705 1635 4773 τῆς’
1665 4705 1844 4774 ὅψεως

257 4785 431 4854 αὐτῆς
461 4789 796 4854 πιστωθῆναι
819 4793 946 4854 τοὺς
981 4793 1440 4863 μαθητευθέντας,
1473 4799 1609 4867 σοφῇ
1637 4797 1847 4869 μεθόδῳ

262 4876 713 4960 συνδιεπράξατο.
748 4881 846 4944 Τίς
871 4883 981 4954 γὰρ
1011 4882 1170 4952 λόγος
1193 4887 1352 4956 ἀνδρὶ
1376 4887 1612 4955 τοσούτῳ
1672 4906 1843 4959 μετα-

261 4966 425 5036 ϐολὴν
455 4968 701 5023 ἐπελθεῖν
730 4972 838 5025 τῶν
867 4975 1245 5046 κρειττόνωνῆ
1275 4976 1590 5043 ἁλλοίωσιν;
1641 4979 1844 5047 ὄπουγε

261 5058 415 5109 πᾶσα
440 5060 473 5127 ἡ
508 5059 644 5128 πρὸς
673 5061 734 5114 τὸ
761 5067 944 5136 χεῖρον
981 5066 1318 5130 ἀπόπτωσις,
1347 5068 1380 5139 ἢ
1413 5068 1638 5140 γνώμης
1663 5069 1846 5140 ἀρρω-

262 5151 411 5220 στίᾳ,
459 5152 493 5221 ἢ
529 5153 841 5222 φιληδονίας
895 5157 1079 5222 πάθει,
1114 5159 1147 5229 ἥ
1184 5158 1553 5231 φιλαργυρίας
1606 5162 1721 5212 καὶ.
1750 5159 1843 5214 τοῦ

263 5241 424 5293 κενοῦ
454 5242 644 5296 τούτου
672 5245 922 5315 δοξαρίου
950 5247 1132 5319 ἔρωτι,
1153 5249 1539 5320 παραγίνεται.
1562 5243 1643 5311 οἷς
1664 5265 1845 5318 παρα-

188 5417 194 5422 _
260 5331 514 5400 γίνεται·
544 5334 610 5387 δι’
641 5329 716 5390 ὧν
749 5339 842 5390 καὶ
885 5339 920 5409 ή
965 5341 1102 5409 πρὸς
1140 5341 1209 5394 τὰ
1269 5341 1431 5393 λοιπὰ
1483 5339 1593 5392 τῶν
1660 5337 1846 5393 παθῶν

342 5447 385 5479 ⁷⁸
409 5446 546 5503 Luc.
575 5465 670 5517 vn,
705 5451 797 5506 24.

1932 3163 2157 3203 cursore
2194 3164 2209 3201 :
2236 3161 2364 3201 nam
2391 3145 2534 3199 baud
2557 3142 2813 3198 continue
2846 3141 3100 3195 Servator
3133 3139 3199 3191 iis
3255 3136 3520 3191 encomiis

1931 3253 2053 3293 eum
2070 3237 2353 3308 privasset,
2373 3250 2492 3306 quae.
2504 3235 2653 3304 prius
2673 3240 3041 3292 contexuerat,
3061 3245 3128 3282 ne
3145 3229 3282 3281 inter
3306 3228 3520 3279 iulimos

1937 3332 2011 3386 ita
2048 3330 2326 3386 laudatum
2349 3343 2380 3384 e
2397 3327 2624 3396 vestigio
2663 3325 2923 3392 rejiceret,
2949 3323 3041 3377 sed
3065 3322 3306 3375 eauulem
3336 3319 3522 3372 obser-

1935 3438 2071 3478 vans
2099 3421 2296 3477 seriem
2326 3418 2470 3473 haud
2489 3414 2773 3486 permittit.
2801 3423 2859 3468 ut
2886 3413 2931 3466 is
2962 3411 3055 3480 qui
3077 3411 3335 3464 minimus
3357 3417 3440 3462 est
3471 3408 3524 3458 in

1929 3524 2097 3582 regno
2113 3510 2373 3565 caslorum
2402 3507 2574 3574 major
2603 3504 2939 3559 existimetur
2953 3499 3176 3554 Joannis
3187 3497 3521 3552 excellentia-

2013 3603 2304 3656 Enimvero
2343 3599 2586 3654 laudatio
2639 3611 2801 3666 quam
2842 3611 2872 3647 a
2925 3591 3196 3661 suifragiis
3249 3589 3526 3644 contexuit

1943 3692 2290 3753 auditorum,
2335 3699 2396 3742 ut
2441 3688 2767 3757 explicatius
2816 3701 2933 3740 eam
2975 3684 3362 3746 instituamus,
3400 3682 3524 3733 taiis

1941 3793 2026 3838 est
2081 3801 2094 3837 :
2140 3782 2410 3849 Quorsum
2447 3780 2636 3834 existis
2679 3780 2730 3832 iu
2785 3775 3109 3832 desertum?
3145 3789 3212 3828 an
3255 3782 3313 3826 ut
3354 3787 3518 3825 aruu-

1941 3877 2125 3931 dinem
2175 3873 2431 3929 videretis
2474 3873 2650 3926 ventis
2693 3867 3158 3936 conquassatam?
3199 3881 3266 3917 an
3325 3873 3381 3916 ut
3422 3864 3519 3914 Ιιυρ-

1942 3968 2144 4022 minem
2194 3966 2450 4020 mollibus
2501 3965 2763 4018 amictum
2804 3956 3183 4013 vestimentis?
3243 3965 3390 4007 certe
3430 3969 3522 4020 pa-

1944 4067 2022 4112 tet
2057 4057 2201 4128 quod
2241 4067 2533 4122 neutrum;
2590 4069 2688 4108 vos
2731 4053 2873 4106 enim
2909 4051 3010 4119 ipsi
3055 4050 3112 4102 in
3157 4047 3345 4101 eodem
3378 4046 3520 4113 quod

1946 4149 2156 4220 egistis,
2185 4159 2237 4204 et
2266 4147 2484 4202 cursim
2513 4147 2580 4201 ad
2610 4160 2856 4201 eremum
2890 4136 3228 4198 discurristis
3253 4179 3269 4205 ,
3301 4149 3518 4193 contra-

1946 4242 2084 4296 riam
2119 4242 2248 4296 huic
2286 4240 2533 4309 opinioni
2571 4236 2752 4294 testati
2795 4235 2962 4310 estis,
2997 4248 3231 4302 eumque
3272 4231 3516 4286 arbitrati

1947 4335 2079 4390 estis
2109 4332 2490 4388 admirandum
2524 4330 2814 4402 quemdam
2838 4338 2892 4384 ct
2912 4328 3162 4382 humanm
3191 4321 3519 4378 conditionis

1949 4427 2097 4497 leges
2125 4424 2475 4481 excedentem
2503 4441 2516 4476 :
2548 4438 2718 4493 quare
2741 4463 2756 4488 ,
2783 4421 2866 4474 vir
2889 4423 3094 4480 tantus,
3134 4423 3281 4484 quod
3309 4415 3519 4467 videtur

1869 4490 1923 4550 D
1949 4490 2119 4582 mihi,
2151 4490 2582 4584 haudquaquam
2639 4520 2860 4580 propter
2917 4507 3277 4578 quwstiouem
3320 4518 3518 4573 prttt‘mv

1947 4606 2110 4662 sitam
2157 4620 2188 4659 a
2228 4604 2509 4673 discipulis
2550 4600 2867 4656 mutationis
2910 4607 2964 4652 et
2996 4595 3314 4680 ignorantiae
3359 4611 3522 4646 θυι-ξιτ

1949 4695 2154 4753 sandus
2190 4703 2314 4761 est;
2353 4710 2384 4750 e
2417 4695 2657 4752 diverso,
2692 4691 2834 4760 quod
2871 4689 3035 4743 verbo
3062 4687 3268 4748 docuit,
3302 4686 3353 4739 id
3403 4689 3521 4736 visu

1946 4789 2162 4845 volebat
2195 4788 2449 4858 prudenti
2476 4785 2716 4853 quadam
2745 4783 2954 4837 ratione
2982 4780 3124 4849 apud
3150 4777 3521 4832 informandus

1949 4880 2300 4938 conﬁrmare.
2328 4879 2462 4945 Quae
2494 4878 2640 4933 enim
2683 4875 2822 4930 ratio
2863 4874 3010 4928 reddi
3042 4873 3268 4942 poterit,
3305 4887 3402 4926 cur
3444 4873 3521 4921 vii-

1945 4981 2130 5028 tantus
2168 4971 2523 5026 mutationem
2571 4965 2816 5020 melioris
2862 4973 3064 5030 status,
3105 4974 3198 5018 aut
3230 4962 3506 5016 alteratio-

1943 5080 2070 5120 nem
2111 5065 2350 5128 subiret;
2405 5075 2531 5116 cum
2582 5057 2762 5113 omnis
2812 5057 2868 5110 in
2917 5055 3156 5110 deterius
3210 5054 3519 5117 declinatio,

1947 5157 2033 5212 vel
2061 5157 2251 5226 judicii
2293 5155 2531 5222 quadam
2573 5150 2920 5214 infirmitate,
2961 5148 3044 5202 vel
3075 5148 3414 5216 voluptatum
3441 5147 3522 5198 lt:-

1946 5247 2199 5310 noeiniis,
2228 5247 2311 5299 vel
2339 5243 2590 5305 avaritia,
2633 5251 2724 5295 aut
2769 5239 3011 5309 gloriola:
3045 5240 3206 5293 istius
3237 5254 3388 5291 vana:
3429 5253 3521 5288 ιιι-

1946 5354 2172 5410 cuaequc
2201 5353 2388 5394 amore
2422 5337 2707 5391 inferatur.
2745 5333 2874 5400 Quae
2919 5333 3032 5402 ipsa
3068 5331 3121 5384 iu
3154 5341 3373 5385 cazteras
3405 5341 3519 5378 om—

1541 5545 1776 5601 V’ARIJE
1831 5541 2239 5603 LECTIONES.

375 5657 400 5696 ιι
522 5653 592 5709 Μ.
621 5657 871 5727 προάγει.
996 5661 1009 5701 i
1053 5663 1128 5716 τά,

276 5726 296 5768 ι
331 5727 396 5782 C.
430 5723 500 5780 ll.
528 5723 870 5796 νομίσαντες.

1246 5674 1259 5711 ι
1299 5662 1359 5717 C.
1387 5661 1456 5716 Μ.
1519 5663 1676 5719 habet
1707 5661 2022 5718 θεάσασθαι.

2139 5659 2165 5699 ι
2193 5658 2396 5731 ἔρημον
2423 5657 2565 5712 ἰδεῖν.
2597 5658 2676 5725 ll;
2734 5651 2842 5726 ἆρα
2874 5653 3118 5722 κάλαμον
3149 5649 3268 5705 σαλ.
3296 5648 3387 5702 ὑπ.
3424 5649 3505 5713 ἀν.
