3854 6216
279 333 282 336 .
327 255 464 328 1007

321 393 420 436 nes
454 380 740 448 passiones
776 379 1066 452 prolapsus
1105 377 1392 434 facilitant.
1420 375 1633 444 Quibus
1663 379 1908 450 plerum-
1931 390 1985 439 A

321 486 430 539 que
457 470 571 536 alii,
617 471 869 541 inprimis
917 479 1103 526 autem
1135 471 1190 525 in
1223 485 1412 540 regum
1442 472 1583 528 aulis
1615 480 1900 528 versantes

324 561 646 627 inlluantur,
681 565 912 633 pulvere
943 563 1035 618 illo
1061 562 1345 630 obimpleti
1385 581 1398 617 :
1437 578 1469 617 a
1501 563 1702 633 quibus
1726 561 1896 618 Joan-

323 667 442 712 nes.
475 668 576 708 nee
601 653 653 707 id
687 653 844 708 facile
872 663 954 709 est
981 653 1237 707 omnibus
1264 653 1466 718 dicere,
1493 668 1562 707 ne
1626 653 1899 708 tantillum

321 742 720 812 expugnabilis.
759 739 879 797 Non
920 742 1064 797 enim
1090 752 1174 798 est
1205 742 1417 806 arundo
1458 753 1743 796 ventorum
1801 759 1900 798 ex-

323 831 532 902 cipiens
571 835 998 890 successionem.
1033 833 1148 890 Hoc
1176 845 1294 898 est,
1340 834 1678 890 instabilium
1719 851 1899 892 mores

323 925 518 989 evasit,
550 935 604 978 et
631 925 1008 995 aegritudinem
1040 942 1226 982 eorum
1258 926 1352 994 qui
1385 928 1580 982 calami
1609 943 1761 982 more
1793 929 1898 982 huc

326 1013 455 1068 illuc
480 1014 772 1071 ﬂectuntur
813 1035 827 1073 :
870 1018 964 1073 sed
994 1033 1094 1074 nec
1121 1018 1380 1075 mollibus
1414 1020 1776 1086 vestimentis,
1804 1028 1900 1074 aut

324 1108 449 1163 aliis
482 1111 728 1166 moribus
759 1112 984 1167 assueﬁt
1006 1154 1020 1176 ,
1054 1113 1254 1184 quibus
1293 1115 1636 1171 insolescunt
1671 1116 1762 1186 qui
1810 1131 1898 1170 re—

325 1200 440 1268 gias
472 1201 857 1272 frequentant;
906 1219 1084 1271 auro,
1137 1205 1552 1276 voluptatibus,
1607 1209 1897 1266 ambitioni

325 1293 646 1350 servientes.
675 1293 881 1351 Domus
905 1296 982 1350 illi
1013 1308 1098 1352 est
1124 1298 1401 1354 desertum
1429 1300 1665 1357 illustris
1699 1319 1896 1373 ;para-

324 1383 500 1448 tlisus,
533 1386 656 1441 aula
683 1403 698 1451 ;
723 1389 1060 1443 camelorum
1097 1391 1216 1460 pilis
1241 1391 1496 1446 amicitur
1522 1408 1723 1463 corpus
1751 1414 1765 1449 :
1796 1410 1896 1450 zo-

323 1492 393 1531 na
424 1478 644 1546 pellicea
674 1481 822 1536 circa
855 1483 1068 1538 lumbos
1088 1525 1102 1549 ,
1131 1486 1558 1556 conslringendo
1597 1486 1898 1542 inserviens

323 1576 379 1621 et
424 1570 806 1627 mortiﬁcando
854 1575 1168 1640 corporales
1223 1584 1277 1632 et
1328 1576 1597 1634 humanas
1646 1579 1898 1635 lascivias

323 1674 518 1717 omnes
544 1678 665 1732 quae
700 1664 900 1721 lumbis
928 1667 1281 1722 conveniunt.
1317 1667 1372 1722 Si
1409 1669 1657 1739 requiras
1685 1671 1892 1737 cibum,

1478 263 1742 324 PHOTII
1763 261 2269 323 PATRIARCHIE
2306 262 2415 322 (ΣΡ.

2009 377 2402 449 παρολίσειησις
2428 393 2442 407 ·
2486 370 2568 440 οἷς
2597 375 2748 430 ἄλλοι
2776 377 2876 448 μὲν
2931 377 3032 432 οὐκ
3063 374 3240 447 ὁλῖγοι
3276 393 3294 411 ·
3347 379 3584 449 μάλιστα

2001 469 2058 522 δὲ
2084 469 2132 522 οἱ
2167 469 2294 540 περὶ
2340 470 2466 530 τοὺς
2517 468 2820 538 βασιλείους
2865 471 3048 534 οἴκους
3087 471 3440 542 ἐπτοημένοι,
3485 473 3582 526 καὶ

2000 561 2094 615 τοῦ
2126 559 2406 628 κονιορτοῦ
2430 560 2640 614 ἐκείνου
2666 561 2954 631 ἁλώσιμοι,
2991 561 3082 632 ὑφ’
3115 555 3192 617 ὧν
3221 564 3251 616 ὁ
3306 548 3602 631 Ἰωάννης,

2000 654 2109 710 οὐδ’
2157 655 2302 707 ἐστὶν
2331 654 2558 725 εὐχερὲς
2588 655 2792 709 ἅπασιν
2819 657 3013 714 εἰπεῖν,
3046 655 3154 709 οὐδ’
3187 656 3311 710 ὅσον
3365 657 3582 710 ἀνάλω-

1999 767 2090 812 τος
2119 760 2180 804 ιιι.
2215 749 2291 801 Οὐ
2321 747 2429 817 γὰρ
2459 746 2630 811 ἐστιν,
2656 747 2756 801 οὐκ
2786 746 2902 799 ἔστι
2927 747 3194 818 κάλαμος,
3221 747 3313 800 τὸν
3335 746 3440 799 ὑπὸ
3467 747 3581 800 τῶν

2000 842 2218 914 ἀνέμων
2247 842 2405 895 σάλον
2428 840 2732 911 δεχόμενος.
2777 838 3058 908 Ἐξέφυγε,
3091 840 3248 909 φησὶ,
3281 838 3391 892 τῶν
3411 841 3581 909 ἀστη-

2005 931 2204 1001 ρίκτων
2240 930 2366 992 τοὺς
2393 929 2655 1000 τρόπους,
2685 928 2781 981 καὶ
2804 927 3052 997 καλάμου
3078 927 3234 998 δίκην
3293 927 3582 999 ῥιπιζομέ-

1992 1027 2126 1090 νωνν
2156 1023 2218 1077 τδ
2242 1020 2477 1092 νόσημα·
2533 1021 2610 1074 Οὐ
2660 1020 2790 1090 μὴν,
2845 1020 2968 1074 οὐδὲ
3009 1020 3273 1088 μαλακοῖς
3319 1018 3578 1090 ἱματίοις,

1999 1115 2118 1170 οὐδὲ
2157 1116 2268 1177 τοῖς
2301 1113 2483 1177 ἄλλοις
2515 1112 2908 1183 ὲκδεδιῄτηται,
2939 1107 3022 1175 οἷς
3055 1113 3105 1165 οἱ
3133 1113 3263 1180 περὶ
3301 1110 3374 1164 τὰ
3422 1109 3583 1180 βασί-

1999 1205 2117 1258 λεια
2146 1203 2602 1275 διαθρύπτονται,
2634 1200 2823 1272 χρυσῷ
2855 1201 2947 1254 καὶ
2973 1201 3188 1270 ἡδοναῖς
3220 1200 3316 1255 καὶ
3361 1199 3580 1269 φιλοδο-

1999 1299 2089 1370 ξίᾳ
2116 1296 2459 1367 δουλούμενοι
2488 1311 2503 1326 ”
2537 1295 2652 1348 ἀλλ’
2680 1294 2886 1364 ἕρημος
2920 1293 3019 1364 μὲν
3077 1292 3226 1364 αὐτῷ
3262 1289 3409 1356 οἶκος
3462 1293 3584 1364 ἅμα

1997 1389 2269 1460 λαμπρὸς,
2303 1387 2398 1440 καὶ
2427 1387 2777 1457 παράδεισος,
2804 1385 2900 1438 καὶ
2952 1384 3225 1455 βασίλειον
3249 1401 3264 1416 ·
3313 1385 3584 1456 καμήλων

1998 1480 2056 1534 δὲ
2081 1480 2287 1550 τρίχες,
2317 1478 2396 1548 τῷ
2423 1477 2638 1548 σώματι
2680 1477 2858 1547 σκέπη
2885 1494 2900 1508 -
2944 1477 3039 1529 καὶ
3070 1475 3217 1544 ζώνη
3271 1476 3582 1547 δερματίνη

1999 1572 2128 1643 περὶ
2160 1573 2260 1642 τὴν
2287 1571 2480 1638 ὀσφὺν,
2514 1567 2788 1638 δεσμοῦσά
2819 1585 2879 1621 τε
2939 1569 3035 1622 καὶ
3071 1566 3343 1637 νεκροῦσα
3401 1568 3584 1620 πάντα

1999 1665 2066 1718 τὰ
2093 1664 2222 1734 παρ’
2255 1663 2493 1732 ἑκάτερα
2541 1659 2769 1731 ταύτης,
2803 1659 3090 1731 σωματικά
3119 1677 3180 1712 τε
3207 1661 3302 1713 καὶ
3363 1659 3583 1728 ἀνθρὼ-

322 1753 549 1809 omnino
589 1755 696 1810 cibi
731 1758 866 1812 niltil
906 1759 1179 1828 sumpsit,
1214 1760 1318 1814 nisi
1348 1761 1400 1814 id
1436 1761 1580 1830 quod
1623 1777 1896 1828 amarum,

2000 1773 2128 1809 πινα
2163 1721 2531 1825 σκιρτήματα.
2570 1753 2633 1805 Εἰ
2689 1721 2981 1822 βούλει-δὲ
3013 1749 3108 1803 καὶ
3161 1749 3358 1819 τροφὴ,
3416 1721 3496 1819 rip
3551 1757 3584 1786 ιι

321 1855 378 1900 et
405 1846 525 1902 sine
555 1848 892 1904 nutrimento
925 1858 1065 1913 erat,
1099 1850 1193 1904 sed
1223 1865 1324 1906 nec
1348 1852 1510 1907 talem
1545 1852 1726 1906 cibum
1749 1893 1764 1918 ,
1790 1855 1899 1910 nisi

319 1951 383 1990 ea
429 1953 686 1994 mensura
729 1955 849 2010 quae
881 1951 1088 1997 naturae
1136 1943 1449 1998 necessitati
1503 1945 1750 2000 satisﬁat.
1803 1946 1899 2002 llis

324 2043 386 2082 se
423 2030 756 2094 subinferre,
788 2048 898 2101 quo
926 2043 1085 2102 pacto
1114 2035 1316 2089 audeat
1348 2034 1509 2090 luxus
1539 2049 1634 2090 aut
1666 2039 1898 2094 evanida

319 2120 536 2185 gloria?
569 2132 664 2178 aut
699 2125 900 2180 divitiae
931 2142 1054 2195 qua:
1095 2142 1315 2197 gravem
1351 2138 1405 2182 et
1433 2130 1683 2183 acerbam
1716 2143 1899 2201 tyran-

319 2215 501 2269 nidem
551 2227 829 2285 exercent,
858 2235 982 2273 cum
1011 2219 1064 2272 in
1095 2219 1458 2288 possidentes,
1492 2229 1604 2274 tum
1638 2222 1760 2278 illos
1802 2223 1896 2292 qui

319 2306 478 2360 inviti
511 2307 648 2377 ipsis
677 2321 885 2366 carent.
918 2309 1028 2366 Nec
1057 2326 1222 2379 opera
1247 2311 1368 2381 ejus
1398 2321 1610 2367 tantum
1634 2313 1750 2367 haec
1770 2330 1898 2384 pro-

318 2397 578 2460 clamant,
611 2415 802 2454 verum
838 2409 892 2454 et
940 2402 1040 2471 ipsi
1093 2402 1260 2456 etiam
1298 2418 1393 2457 vos
1433 2404 1528 2473 qui
1569 2405 1683 2459 haec
1723 2406 1898 2461 oculis

244 2474 249 2479 ’
319 2490 643 2558 usurpatis,
688 2500 857 2547 testes
890 2493 1160 2557 exhibiti,
1221 2493 1276 2547 in
1348 2493 1493 2548 illam
1561 2495 1896 2553 descenditis

243 2581 247 2583 ’
319 2581 656 2650 opinionem.
683 2581 867 2653 Opere
917 2585 1060 2639 enim
1086 2587 1204 2654 ipso
1232 2601 1330 2640 vos
1355 2586 1709 2655 perhibuistis
1742 2591 1896 2644 testi-

245 2679 259 2738 '_
317 2676 587 2740 monium,
619 2678 764 2747 quod
812 2677 1055 2748 Baptista
1095 2681 1346 2748 superior
1385 2681 1559 2736 evasit
1595 2681 1662 2737 iis
1690 2682 1783 2752 qui
1812 2684 1896 2736 in-

241 2757 272 2838 ⁴ς’
318 2766 495 2821 stabili
521 2777 651 2822 sunt
678 2769 887 2833 animo,
919 2769 1013 2839 qui
1039 2771 1430 2840 voluptatibus,
1463 2772 1773 2836 ambitioni,
1810 2773 1896 2828 di—

226 2843 260 2938 "
315 2854 464 2911 vitiis
483 2857 886 2927 mancipantur,
914 2873 942 2912 ει
969 2858 1170 2929 quibus
1199 2859 1337 2914 solet
1365 2859 1635 2928 proﬁcisci
1662 2860 1715 2914 in
1743 2861 1894 2916 dete-

315 2947 433 3003 rius
461 2948 712 3004 alteratio
737 2989 752 3014 ,
787 2951 1016 3005 mutatio
1042 2951 1222 3006 omnis
1269 2961 1322 3006 et
1357 2952 1688 3021 ignorantia.
1716 2953 1896 3022 Atque

2002 1847 2138 1919 μηδὲ
2165 1845 2372 1919 τροφῆς
2404 1844 2589 1907 ἁπλῶς
2622 1842 2868 1913 μετέχειν
2894 1857 2908 1872 °
2935 1842 3050 1894 ἀλλ’
3071 1842 3170 1910 ὅση
3197 1841 3369 1912 πικρά
3396 1859 3455 1894 τε
3483 1841 3585 1894 καὶ

1998 1940 2253 2011 ἄτροφος,
2280 1939 2374 1990 καὶ
2403 1937 2523 1991 οὐδὲ
2561 1935 2763 2006 ταύτην
2791 1939 2849 1988 ὲν
2901 1935 3107 2004 μέτρῳ,
3137 1933 3250 1986 ἀλλ’
3307 1933 3447 1987 ὥστε
3483 1937 3586 1986 καὶ

1997 2031 2167 2102 αὐτὴν
2212 2030 2310 2100 τὴν
2342 2028 2588 2098 ἀνάγκην
2611 2026 2976 2096 διαπλανῆσαι
3005 2033 3029 2059 ο
3061 2025 3159 2093 τῆς
3197 2024 3433 2093 φύσεως.
3480 2018 3584 2087 Οἷς

1998 2123 2116 2187 πῶς
2149 2123 2216 2176 ἂν
2243 2121 2597 2191 ἐπιτολμήσοι
2641 2117 2822 2188 τρυφὴ
2861 2116 3237 2188 παρεισδῦναι,
3291 2116 3323 2185 ἢ
3375 2118 3582 2186 ρἐυσα

1995 2209 2144 2278 δόξα,
2171 2213 2204 2282 ἢ
2235 2211 2502 2276 πλοῦτος
2537 2211 2566 2263 ὃ
2596 2210 2692 2263 καὶ
2729 2209 2839 2262 τῶν
2872 2209 3128 2278 ἐχόντων,
3159 2210 3256 2262 καὶ
3283 2207 3390 2262 τῶν
3419 2210 3498 2271 εἰς
3514 2207 3582 2262 τὸ

1997 2307 2253 2360 ἀκούσιον
2281 2306 2382 2357 οὑκ
2410 2303 2663 2373 ἐχόντων,
2698 2302 2868 2372 βαρὺς
2906 2302 3001 2354 καὶ
3049 2300 3248 2371 πικρὸς
3291 2300 3578 2372 τύραννος.

1997 2401 2107 2454 Καὶ
2145 2396 2316 2452 ταῦτα
2338 2396 2395 2450 δὲ
2425 2396 2546 2466 οὐχὶ
2603 2395 2672 2448 τὰ
2721 2393 2860 2465 ἔργα
2921 2393 3059 2463 μόνα
3131 2393 3247 2464 βοᾷ,
3309 2393 3443 2446 ἀλλὰ
3483 2393 3586 2446 καὶ

2004 2496 2157 2566 ἡμεῖς
2190 2501 2216 2541 P
2245 2491 2420 2554 αὐτοὶ,
2463 2487 2650 2558 φησιν,
2689 2485 2798 2540 ἀπὸ
2825 2485 2934 2539 τῶν
2960 2484 3158 2555 ἔργων,
3190 2484 3226 2538 ἃ
3265 2485 3392 2546 τοὺς
3441 2485 3585 2554 ὑμε-

1995 2588 2189 2657 τέρους
2239 2583 2571 2653 ὀφθαλμοὺς,
2623 2581 2718 2636 καὶ
2765 2581 2863 2651 τὴν
2913 2578 3142 2650 γνώμην
3201 2575 3581 2645 ὲφελκύσατο,

2001 2678 2284 2747 μάρτυρας
2308 2672 2460 2726 οὐδὲν
2488 2671 2710 2724 ἔλαττον
2745 2670 3152 2740 παρεστήσατε.
3197 2669 3420 2738 Ἔργοις
3465 2665 3585 2735 γὰρ

1998 2767 2094 2820 καὶ
2135 2766 2290 2818 αὐτοὶ
2328 2764 2426 2834 τὴν
2452 2761 2763 2834 μαρτυρίαν
2787 2760 3168 2828 είσηνέγκατε,
3201 2758 3277 2822 ὡς
3320 2756 3416 2809 καὶ
3466 2755 3585 2809 τῶν

1997 2857 2341 2929 ἀστηρίκτων
2367 2854 2465 2924 τὴν
2501 2853 2748 2924 γνώμην,
2776 2852 2872 2906 καὶ
2901 2851 3012 2905 τῶν
3037 2854 3157 2915 ταῖς
3186 2851 3423 2921 ἡδοναῖς,
3477 2852 3585 2905 καὶ

1997 2948 2144 3019 δόξῃ,
2177 2946 2274 3000 καλ⁵
2305 2943 2518 3014 πλούτῳ
2543 2940 2935 3010 δουλουμένων,
2966 2941 3034 2994 δι’
3062 2933 3138 2995 ὧν
3172 2942 3206 3011 ή
3241 2941 3335 2994 ἐπὶ
3360 2940 3421 2994 τὸ
3469 2941 3592 3009 χεῖ-

320 3035 435 3090 haec
467 3046 552 3092 est
581 3038 670 3093 illa
705 3039 878 3093 forma
918 3040 1299 3094 encomiorum
1343 3055 1464 3110 quae
1494 3040 1772 3111 suffragiis
1808 3044 1890 3096 itt-

2003 3057 2093 3110 ρον
2126 3037 2398 3110 μεταϐολὴ
2430 3035 2528 3090 καί⁹
2553 3035 3012 3129 ἀλλοίωσις,”καὶ
3039 3036 3072 3105 ή
3125 3034 3317 3101 ἄγνοια
3347 3073 3364 3099 ,
3409 3036 3438 3087 ὁ
3476 3035 3592 3086 Βα-

310 3128 516 3182 υιιίιὶιυιι
572 3130 911 3184 auditorum.
958 3131 1338 3199 Consequitur
1384 3131 1555 3201 ipsam
1609 3133 1898 3203 perspicue

320 3221 425 3275 ista
463 3235 588 3290 quae
624 3235 654 3275 a
685 3219 892 3277 Christi
933 3221 1106 3292 ipsius
1152 3221 1371 3277 Domini
1422 3224 1727 3278 assertione
1775 3238 1899 3277 con-

320 3311 548 3366 texitur.
580 3311 650 3365 At
670 3327 919 3381 quamam
947 3313 1038 3366 illa
1062 3311 1086 3364 ?
1125 3313 1326 3383 Nempe
1344 3315 1664 3384 prophetam
1689 3315 1900 3369 exiistis

320 3403 544 3469 videre;
581 3405 632 3458 id
667 3404 815 3473 quod
848 3404 1139 3459 manifeste
1164 3415 1524 3476 agnoverant,
1563 3421 1661 3476 per
1689 3422 1751 3462 ea
1777 3422 1900 3476 quze

321 3492 792 3564 fecerant;quasi
838 3496 986 3550 dicat
1035 3512 1048 3550 :
1097 3497 1227 3551 Scio
1268 3497 1416 3567 quod
1462 3498 1673 3552 exiistis
1715 3500 1768 3552 in
1805 3499 1901 3553 de-

323 3591 530 3638 sertum
564 3583 749 3638 videre
791 3599 969 3654 neque
1001 3595 1183 3640 mente
1225 3585 1564 3642 inconstanti
1597 3589 1896 3654 hominem,

323 3689 434 3729 non
466 3676 714 3745 pecuniae
757 3685 1032 3733 amantem
1063 3719 1078 3743 ,
1120 3693 1228 3732 non
1277 3679 1562 3734 ambitioni
1603 3691 1698 3735 aut
1745 3681 1898 3736 luxui

320 3768 587 3838 deditum,
620 3769 713 3824 sed
744 3770 1030 3825 sublimem
1054 3771 1344 3840 quemdam
1374 3782 1427 3827 et
1452 3772 1744 3836 elevatum,
1773 3775 1900 3828 cha-

324 3861 567 3916 rismatis
605 3876 670 3916 ac
704 3860 835 3915 doni
884 3861 1184 3932 prophetici
1237 3863 1602 3932 participem;
1657 3874 1712 3918 et
1754 3874 1901 3920 recte

321 3953 548 4008 omnino
581 3953 1001 4028 arbitrabnamini
1029 3971 1043 4008 :
1077 3953 1236 4009 Certe
1271 3953 1534 4010 testiﬁcor
1572 3955 1728 4010 vobis
1753 3956 1898 4024 quod

326 4047 652 4117 prephetam
693 4047 882 4102 videre
905 4047 1164 4114 exibatis,
1197 4062 1300 4102 nec
1352 4048 1442 4103 hic
1476 4048 1748 4116 subsistit,
1803 4048 1896 4103 sed

324 4135 446 4205 plus
483 4152 646 4204 quam
673 4138 1019 4207 prophetam,
1045 4140 1315 4207 agnoscit.
1357 4137 1606 4208 Cumque
1651 4139 1896 4207 judices,

321 4229 709 4298 iegumlatores
739 4270 754 4292 ,
795 4245 950 4301 reges
988 4245 1019 4284 a
1051 4231 1274 4285 virtutis
1337 4231 1592 4285 laudibus
1652 4231 1897 4300 insignes

321 4322 636 4376 suntbabiti
664 4339 679 4388 ;
713 4337 781 4376 ne
813 4323 860 4377 is
888 4321 981 4393 qui
1016 4323 1296 4392 prepbetis
1328 4324 1578 4392 superior
1607 4324 1893 4388 asseritur,

2003 3131 2237 3200 πτιστὴς
2270 3128 2624 3200 ὑψηλότερος.
2673 3125 2814 3178 Ἀλλ’
2842 3117 2997 3188 οὗτος
3031 3125 3132 3196 μὲν
3155 3127 3184 3178 ὁ
3205 3125 3314 3178 ἀπὸ
3332 3125 3430 3194 τῆς
3471 3124 3590 3179 τῶν

2002 3219 2286 3292 ἀκροατῶν
2311 3219 2494 3289 ψήφου
2523 3217 2632 3269 τῶν
2660 3215 2896 3269 ἐπαίνων
2919 3213 3110 3278 τύπος.
3128 3214 3224 3278 Τίς
3241 3215 3331 3268 δ’ὁ
3354 3213 3584 3284 ὲφεξῆςς

2001 3315 2033 3384 ἢ
2065 3311 2314 3383 δῆλον’ὡς
2343 3312 2372 3363 ὁ
2403 3311 2467 3362 ὲκ
2495 3308 2592 3378 τῆς
2613 3307 2748 3370 ἰδίας
2774 3308 2867 3360 καὶ
2882 3305 3586 3376 Δεσποτικῆςάποφάσεως·

2004 3408 2161 3470 ποίας
2192 3405 2427 3473 ταύτης;
2457 3404 2590 3466 Ναὶ,
2611 3401 2790 3474 Ἶρησὶ,
2826 3402 2971 3471 λέγω
2999 3403 3152 3472 ὑμῖν,
3180 3402 3263 3456 ὅτι
3297 3394 3589 3474 προφήτην

2001 3498 2256 3569 ἐξήλθετε
2308 3497 2476 3550 ἰδεῖν·
2510 3494 2587 3558 ὡς
2635 3495 2861 3549 ἐκείνων
2913 3493 3072 3547 τοῦτο
3133 3494 3340 3562 σαφῶς,
3387 3494 3453 3547 δι’
3505 3487 3592 3548 ὧν

2001 3590 2241 3660 ἔπραξαν
2268 3599 2320 3652 τι,
2349 3585 2742 3656 καταθεμένων
2779 3601 2792 3615 ’
2822 3587 2912 3640 ἵνα
2938 3585 3098 3656 εἴπῃς
3121 3600 3137 3615 ⁸
3167 3581 3300 3640 Οἶδα
3343 3585 3427 3637 ὅτι
3455 3583 3587 3637 οὔτε

1999 3682 2098 3752 τὴν
2143 3679 2371 3750 γνώμην
2418 3677 2736 3748 εὑρίπιστον
2767 3677 3056 3747 ἄνθρωπον
3088 3715 3106 3741 ,
3160 3677 3283 3730 οὔτε
3323 3675 3590 3746 φιλάργυ·

2004 3791 2094 3844 ρον
2121 3813 2135 3838 ,
2187 3772 2221 3841 ἢ
2273 3771 2548 3835 κενόδοξον
2579 3811 2594 3835 ,
2653 3769 2777 3823 οὔτε
2847 3769 3064 3840 τρυφῆς
3133 3768 3390 3822 ἐλάττονα
3421 3808 3439 3836 ,
3501 3770 3588 3832 είς

1998 3867 2100 3938 τὴν
2130 3866 2334 3937 ἔρημον
2368 3865 2494 3918 ἰδεῖν
2526 3863 2905 3934 ἐξεληλύθατε,
2936 3863 3051 3916 ἀλλ’
3081 3861 3285 3933 ὑψηλόν
3313 3879 3434 3915 τινα
3483 3863 3588 3916 καὶ

2003 3959 2317 4031 μετάρσιον,
2352 3959 2445 4010 καὶ
2471 3959 2564 4010 τοῦ
2584 3955 2925 4029 προφητικοῦ
2943 3954 3283 4026 χαρίσματος
3319 3955 3581 4024 μέτοχονο

1999 4055 2094 4108 καὶ
2138 4053 2319 4116 καλῶς
2350 4053 2711 4122 ὑπειλήφατε.
2745 4051 2854 4103 Nai.
2898 4050 3029 4120 γὰρ,
3090 4049 3232 4118 λέγω
3283 4050 3431 4118 ὑμῖν,
3491 4049 3586 4102 ὅτι

1999 4147 2286 4218 προφήτην
2311 4144 2672 4216 ὲξεληλύθατε
2701 4143 2850 4196 ἰδεῖν.
2873 4138 3007 4195 Εἶτα
3047 4142 3138 4194 καὶ
3169 4143 3230 4194 οὐ
3261 4141 3424 4210 μέχρι
3448 4139 3586 4193 τού-ο

1998 4257 2113 4303 του,
2154 4238 2289 4292 ἀλλά
2313 4239 2408 4291 καὶ
2440 4237 2829 4306 περισσότερον
2858 4233 3224 4302 ἀποφαίνεται
3269 4235 3582 4301 προφήτου.

2013 4327 2229 4397 Ἐπειδὴ
2257 4326 2314 4378 δὲ
2343 4327 2437 4379 καὶ
2463 4325 2670 4394 κριταὶ,
2703 4324 2798 4375 καὶ
2825 4323 3137 4392 νομοθέται,
3174 4323 3267 4374 καὶ
3311 4321 3584 4392 βασιλεῖς,

319 4412 486 4468 alicui
517 4413 672 4469 alteri
724 4425 782 4468 ut
819 4413 1044 4468 inferior
1103 4414 1456 4478 succumbat;
1492 4414 1654 4468 unica
1709 4427 1892 4468 asser-

2000 4421 2084 4473 ἐπ’
2111 4421 2277 4490 ἀρετῇ
2312 4419 2454 4486 μέγα
2483 4427 2506 4456 τ
2535 4415 2828 4470 κατέλιπον
2850 4429 2866 4446 ο
2901 4413 2988 4466 ἵνα
3031 4415 3106 4484 μὴ
3147 4413 3255 4466 τῶν
3283 4416 3382 4482 μὲν
3438 4429 3588 4484 προ-

318 4507 469 4561 tione
505 4521 608 4561 sua
647 4505 953 4576 Baptistam
982 4506 1162 4568 docet,
1208 4506 1349 4560 ultra
1399 4521 1591 4562 omnes
1647 4506 1896 4562 obtinere

317 4597 807 4664 przeeminentiam,
872 4615 891 4647 ς
929 4594 1048 4650 Non
1098 4597 1359 4660 surrexit,
1411 4597 1689 4665 inquiens,
1749 4596 1895 4650 inter

317 4697 475 4743 natos
501 4689 568 4743 de
591 4690 840 4756 muliere,
874 4689 1050 4759 major
1076 4688 1286 4744 Joanne
1320 4688 1560 4758 Baptista
1580 4689 1644 4742 ⁷³.
1674 4708 1691 4739 ι
1719 4691 1895 4758 Atque

318 4775 394 4827 ita
416 4783 504 4830 est
555 4779 832 4832 secundus
860 4778 1237 4832 encomiorum
1270 4779 1487 4833 modus.
1531 4777 1748 4834 Tertius
1779 4795 1893 4834 me-

315 4866 467 4920 dium
520 4867 798 4924 interserit
837 4871 1114 4940 propheta:
1186 4872 1507 4926 vaticinium
1563 4872 1820 4926 laudibus
1861 4887 1892 4926 a

318 4959 551 5013 Domino
599 4962 932 5028 przedicatis.
973 4963 1069 5018 llic
1095 4971 1178 5018 est
1227 4964 1484 5032 inquiens
1523 4965 1590 5018 de
1625 4979 1735 5034 quo
1757 4964 1894 5019 scri-

314 5059 468 5118 ptum
501 5061 604 5115 est,
643 5067 661 5100 (
702 5051 841 5106 Ecce
867 5070 967 5123 ego
1019 5054 1175 5108 mitto
1232 5055 1485 5125 angelum
1537 5071 1718 5109 meum
1768 5064 1896 5110 ante

316 5137 511 5192 faciem
535 5149 705 5207 tuam,
734 5143 826 5212 qui
853 5147 1180 5214 praeparabit
1211 5148 1353 5201 viam
1388 5157 1535 5202 tuam
1555 5158 1680 5202 ante
1707 5149 1841 5203 te".
1867 5167 1887 5200 ι

317 5228 560 5287 llelictus
593 5244 765 5290 restat
811 5248 1046 5306 quartus
1099 5241 1318 5304 modus,
1367 5241 1435 5295 de
1472 5256 1581 5312 quo
1619 5241 1893 5311 praecipue

385 5418 432 5450 ⁷³
463 5414 596 5472 Luc.
643 5430 739 5480 vtt,
766 5414 852 5469 9.8.
931 5417 975 5448 "
1012 5416 1201 5472 Matth.
1239 5435 1319 5484 χι,
1375 5418 1459 5474 10.

2001 4509 2190 4581 φητὼν
2219 4509 2626 4580 περισσότερος,
2675 4506 2783 4559 τῶν
2829 4505 3006 4557 ἄλλων
3055 4504 3111 4556 δέ
3161 4521 3303 4568 τινος
3346 4503 3585 4575 νομισθῇ

2003 4601 2349 4672 ἐνδεέστερος
2375 4617 2389 4630 ·
2432 4600 2534 4670 μιᾷ
2564 4597 2706 4650 κατὰ
2731 4596 2950 4648 πάντων
2991 4595 3285 4664 ἀποφάσει,
3338 4595 3405 4648 τὰ
3447 4611 3587 4665 πρε-

1999 4690 2155 4743 σϐεῖα
2184 4689 2372 4760 φέρειν
2401 4688 2492 4740 τὸν
2538 4684 2852 4754 Βαπτιστήν
2887 4683 3239 4754 ἀνεκήρυξεν,
3275 4685 3418 4737 «Οὐκ
3448 4683 3586 4752 ἐγή-

1995 4797 2208 4851 γερται,
2240 4779 2430 4841 εἰπὼν,
2465 4780 2524 4832 ὲν
2554 4779 2832 4847 γεννητοῖς
2857 4776 3155 4844 γυναικῶν,
3199 4775 3400 4845 μείζων
3457 4775 3583 4828 Ἰω-

2000 4875 2158 4927 άννου
2183 4873 2275 4926 τοῦ
2309 4871 2632 4925 Βαπτιστοῦ.
2653 4889 2670 4921 ι
2693 4867 2832 4922 Ἀλλ’
2857 4861 3010 4928 οὗτος
3040 4866 3160 4934 μὲν,
3195 4867 3290 4919 καλ⁸
3330 4869 3358 4920 ὁ
3388 4866 3582 4919 δεύτε-

2004 4983 2094 5036 ρος
2116 4964 2226 5017 τῶν
2263 4963 2553 5033 ἐγκωμίων
2578 4961 2768 5023 τύπος.
2812 4960 2872 5012 Ὁ
2913 4959 2971 5012 δὲ
2991 4957 3195 5028 τρίτος,
3234 4956 3436 5028 μεταξὺ
3466 4959 3585 5014 τῶν

2000 5053 2344 5108 Δεσποτικῶν
2373 5052 2632 5114 ἐπαίνων,
2659 5050 2757 5120 τὴν
2806 5047 3155 5118 προφητικὴν
3209 5043 3582 5116 προϐάλλεται

2003 5145 2327 5218 μαρτυρίαν.
2361 5139 2529 5206 Οὗτος
2557 5144 2688 5214 γὰρ,
2734 5141 2900 5212 φησὶν
2929 5178 2944 5202 ,
2972 5139 3100 5208 περὶ
3129 5131 3191 5190 οὗ
3237 5137 3579 5207 γέγραπταυ

2005 5257 2026 5292 ι
2074 5239 2205 5294 Ἰδοὺ
2240 5235 2351 5307 ἐγὼ
2388 5235 2699 5290 ἀποστέλλω
2727 5233 2817 5287 τὸν
2845 5230 3076 5301 ἄγγελόν
3108 5245 3211 5301 μου
3249 5229 3357 5300 πρὸ
3406 5238 3579 5298 προσ-

1580 5573 1814 5630 νΑιιιίΕ
1850 5571 2252 5629 LECTIONES.

1046 5726 1074 5756 ιλ
1105 5718 1187 5772 ϊσ.
1215 5719 1292 5774 τὸ.
1405 5730 1422 5750 °
1453 5720 1538 5775 ἷσ.
1572 5719 1882 5791 διαπλῆσαι.

1301 5791 1335 5814 Ὤ

453 5725 496 5754 ³⁸
524 5720 612 5777 la.
644 5718 934 5783 εὐάλωτος.

1994 5729 2022 5771 Ρ
2053 5719 2232 5790 ὑμεῖς.
2313 5725 2340 5767 ει
2363 5713 2585 5787 ἔπραξε.
2699 5722 2714 5745 τ
2750 5713 2821 5765 is.
2858 5709 3010 5774 κλέος
3044 5707 3125 5763 vel
3161 5704 3332 5777 ὄνομα
3357 5703 3533 5760 deost.
