3876 6216
238 276 362 343 1009

1088 280 1189 341 AD
1248 280 1842 345 AMPHILOCHIUM
1893 255 2564 356 omasrto'ccxxn.

3334 288 3476 355 1010

234 395 370 449 ώπου
408 409 498 447 σου
522 433 537 459 ,
569 392 629 457 δς
661 395 1063 450 κατασκευάσει
1092 397 1193 468 τὴν
1235 398 1354 469 ὁδόν
1400 417 1494 453 σου
1550 398 1796 471 ἔμπροσ-

1900 402 2208 457 instituitur
2232 402 2570 473 disquisitio,
2626 402 2719 474 qui
2752 412 2809 460 et
2854 404 2990 475 ipse,
3026 412 3087 461 ut
3113 405 3349 477 primus,
3380 424 3476 478 per

235 487 315 540 θέν
345 503 454 540 σου.
488 505 507 537 ι
535 486 736 550 Λοιπὸς
764 486 821 541 δὲ
867 487 965 542 καὶ
1012 489 1323 552 τελευταῖός
1365 492 1503 556 ἐστι,
1548 493 1677 562 περὶ
1729 483 1791 545 οὗ

236 576 450 646 μάλιστα
492 576 585 630 καὶ
637 577 672 647 ή
708 575 921 646 σκέψις,
965 578 1046 642 ὃς,
1077 579 1329 651 καθάπερ
1359 582 1454 635 καὶ
1477 583 1506 635 6
1554 581 1790 651 πρῶτος,

231 669 283 733 ἐξ
317 666 639 734 ἀναιρέσεως
670 669 771 739 μέν
793 671 909 725 ἐστι
936 671 1036 742 τῆς
1072 672 1382 742 μηδαμόθεν
1408 677 1795 743 προσηκούσης

231 756 300 825 τῷ
328 756 596 827 Βαπτιστῇ
647 757 968 829 ὑπολήψεως
992 774 1007 789 °
1041 762 1162 813 κατ’
1193 761 1465 833 ἐρώτησιν
1496 760 1553 814 δὲ
1579 762 1794 833 ἀπορη-

233 846 454 917 ματικὴν
480 846 572 902 καὶ
600 847 785 917 αὐτὸς,
808 850 909 904 οὐκ
941 850 1001 916 ἐξ
1030 851 1268 917 εὐθείας,
1289 852 1409 905 οὐδὲ
1438 852 1794 921 ἁποφατικῶς

230 938 460 1010 πρόεισιν
480 956 494 970 ο
524 940 590 993 ἐκ
619 940 676 995 δὲ
706 940 804 995 τοῦ
835 943 1227 1015 συμϐαίνοντος
1260 946 1635 1015 ἀτοπήματος,
1690 946 1793 1017 τὴν

229 1032 429 1102 φαύλην
463 1033 735 1104 ὑπόληψιν
775 1036 1034 1108 ἀναιρεῖ·
1064 1039 1317 1092 κάκεῖθεν
1369 1039 1649 1093 διαπλέκει
1698 1040 1793 1093 καὶ

227 1126 602 1196 συναπαρτίζει
632 1127 710 1198 τῷ
737 1129 1019 1202 Βαπτιστῇ
1058 1131 1118 1185 τὸ
1144 1131 1440 1203 ἐγκώμιον.
1473 1133 1571 1196 Τίς
1608 1131 1700 1185 οὖν
1756 1132 1792 1203 ἡ

223 1214 409 1286 ψευδὴς
438 1217 744 1289 ύπόληψις;
778 1221 852 1273 Τὸ
884 1223 1105 1292 νομίσαι
1132 1204 1285 1285 τινὰς
1332 1224 1423 1277 τὸν
1479 1224 1791 1295 Βαπτιστὴν

224 1306 475 1375 ἀγνοῆσαι
512 1306 605 1362 τὸν
662 1312 1092 1382 κηρυσσόμενον,
1144 1312 1239 1367 καὶ
1283 1312 1372 1367 διὰ
1416 1313 1575 1367 τοῦτο
1624 1331 1794 1386 προσ-

222 1399 453 1465 ενεγκεῖν
502 1398 601 1470 τὴν
625 1400 912 1472 ἐρώτησιν.

286 1490 348 1542 Τί
378 1490 434 1543 δὲ
454 1490 515 1544 τὸ
547 1492 815 1563 ἑπόμενον
848 1494 1047 1550 ἄτοπον
1073 1514 1088 1565 ;
1125 1498 1198 1551 Τὸ
1236 1497 1602 1569 ἑρῤίφθαιδιά
1633 1497 1794 1551 τοῦτο

221 1581 310 1652 τῆς
340 1581 617 1652 βασιλείας
651 1585 760 1639 τῶν
812 1587 1079 1659 οὐρανῶν.
1128 1590 1188 1643 ’0
1218 1591 1325 1661 γὰρ
1358 1592 1416 1645 ὲν
1454 1591 1590 1661 αὐτῇ
1651 1589 1792 1643 πάν-

220 1689 319 1725 των
345 1675 691 1746 μικρότερος,
721 1677 867 1742 τίνος
893 1679 1054 1734 ἄλλου
1080 1681 1283 1751 μείζων
1300 1681 1389 1752 εἴη
1424 1683 1512 1749 ἂν,
1536 1682 1673 1753 πλὴν
1693 1681 1789 1736 τοῦ

1898 497 2243 566 negationem
2271 496 2418 552 illius
2476 497 2755 567 Opinionis
2789 500 3165 567 constituitur,
3206 517 3370 571 quam
3407 507 3476 559 de

1896 588 2139 658 Baptista
2167 588 2456 658 concipere
2475 604 2583 643 non
2611 598 2727 644 erat
2751 605 2989 661 aequum.
3022 591 3475 649 Proceditautem

1896 681 2013 751 ipse
2049 678 2268 747 modus,
2295 696 2394 751 per
2443 680 2929 752 interrogationem
2964 684 3473 755 dubitationesque,

1897 787 2006 825 non
2046 772 2252 828 directe
2293 788 2397 827 nec
2452 772 2779 828 allirmative
2840 777 3202 844 proponitur;
3246 792 3471 846 pravam

1895 872 2079 920 autem
2113 866 2262 920 illam
2321 866 2640 935 opinionem
2688 868 2833 922 tollit
2865 884 2962 939 per
2992 870 3291 925 absurdum
3324 872 3471 941 quod

1893 958 2251 1028 consequitur
2304 959 2436 1012 illud
2470 975 2485 1024 ;
2526 968 2696 1029 atque
2746 959 2872 1014 inde
2928 961 3221 1030 complicat
3258 973 3312 1016 et
3336 979 3473 1018 con-

1895 1062 2134 1105 summat
2171 1050 2431 1120 Baptista:
2464 1052 2801 1106 encomium.
2855 1051 3141 1118 Quodnam
3172 1053 3337 1123 igitur
3366 1054 3471 1110 fal-

1894 1156 2014 1196 sum
2074 1141 2219 1211 quod
2253 1139 2610 1210 supponitur?
2651 1155 2844 1208 nempe
2877 1154 2998 1194 esse
3054 1140 3146 1209 qui
3179 1142 3474 1208 opinaren-

1893 1242 1981 1289 tur
2018 1231 2317 1303 Baptistam
2385 1234 2668 1304 ignorasse
2695 1246 2845 1296 eum,
2906 1246 3071 1302 quem
3118 1231 3472 1301 praedicabat,

1893 1335 2054 1393 atque
2082 1324 2203 1379 ideo
2231 1325 2591 1393 quaestionem
2618 1323 2943 1379 instituisse.

1968 1497 2326 1569 Consequens
2351 1497 2675 1561 absurdum,
2715 1497 2990 1568 quodnam
3017 1496 3147 1553 est?
3187 1495 3472 1559 nimirum,

1892 1591 2039 1661 quod
2070 1592 2144 1646 ita
2168 1607 2197 1646 a
2219 1606 2385 1659 regno
2404 1591 2667 1645 cmlorum
2701 1591 3043 1644 excludetur.
3074 1588 3176 1654 Qui
3212 1587 3471 1642 omnibus

1894 1690 1944 1735 et
1964 1679 2195 1750 singulis
2216 1678 2270 1732 in
2304 1679 2396 1732 illo
2416 1693 2587 1748 regno
2604 1678 2922 1733 constitutis
2954 1677 3131 1731 minor
3155 1688 3260 1741 est,
3294 1690 3472 1743 ecquo

220 1765 397 1836 πόρρω
412 1745 618 1837 ταύτης
634 1770 1052 1841 ἀπεληλαμένου
1114 1773 1213 1827 Διὰ
1243 1775 1295 1826 τί
1318 1774 1361 1826 δ’
1375 1745 1789 1846 ἀπορρίπτοιτο,

1898 1772 2071 1841 major
2093 1771 2421 1835 invenietur,
2450 1770 2551 1824 nisi
2577 1785 2661 1833 eo,
2696 1771 2788 1839 qni
2820 1771 2889 1823 ab
2920 1770 3012 1823 illo
3032 1770 3189 1839 longe
3220 1770 3471 1823 climine-t-

216 1855 330 1909 οὐδὲ
369 1856 531 1926 λόγου
564 1860 761 1915 δεῖται.
794 1863 904 1916 Καὶ
935 1864 1065 1935 γὰρ,
1095 1866 1213 1935 ὁμὴ
1248 1867 1614 1935 πεπεισμένος
1643 1867 1794 1936 ἀκρι-

218 1947 319 2012 ϐῶς
343 1949 433 2004 τὸν
475 1953 543 2004 ἐκ
577 1953 853 2023 Παρθένου
884 1955 982 2025 μὲν
1015 1956 1372 2026 γεννηθέντα,
1403 1956 1507 2010 ὑπὸ
1551 1956 1794 2008 Ἰωάννου

214 2038 269 2093 δὲ
323 2040 712 2111 βαπτισθέντα,
746 2046 849 2098 ὑπὸ
875 2047 931 2099 δὲ
959 2047 1059 2117 τῆς
1103 2048 1315 2119 Πατρὸς
1347 2049 1532 2120 φωνῆς
1585 2066 1797 2118 μαρτυ-

218 2130 461 2200 ρηθέντα,
499 2136 598 2188 καὶ
625 2137 730 2190 ὑπὸ
757 2137 852 2191 τοῦ
878 2138 1173 2207 συγγενοῦς
1196 2140 1581 2211 ὑποδειχθέντα
1614 2141 1789 2195 Ilvati-

216 2240 397 2294 ματος,
446 2227 643 2281 τοῦτον
682 2230 981 2303 Λυτρωτην
1009 2232 1105 2285 τοῦ
1142 2234 1375 2302 κόσμου,
1418 2235 1636 2288 καὶτοῦ
1670 2235 1795 2307 ᾅδου

212 2316 542 2389 καθαιρέτην
581 2314 741 2386 εἶναι,
770 2322 927 2392 δῆλον
966 2322 1043 2387 ὡς
1080 2326 1108 2377 6
1140 2324 1404 2389 τοιοῦτος,
1432 2326 1590 2391 ἐκτός
1631 2328 1747 2381 ἐστι
1769 2339 1791 2367 ³

210 2409 304 2479 τῆς
326 2409 611 2481 βασιλείας
632 2412 743 2466 τῶν
767 2414 1036 2483 οὐρανῶν.
1076 2416 1198 2479 Πῶς
1226 2416 1340 2487 γὰρ
1363 2418 1429 2471 ἂν
1447 2417 1793 2490 κληρονομή-

212 2517 319 2553 σειε
362 2500 669 2572 βασιλείαν,
704 2505 732 2557 6
762 2505 901 2575 μηδὲ
940 2506 1032 2558 τὸν
1058 2507 1266 2577 ταύτης
1300 2510 1662 2579 ἐπιστάμενος
1685 2514 1794 2579 Δη-

213 2594 487 2665 μιουργδν,
524 2597 620 2649 καὶ
651 2595 932 2667 διανομέα,
985 2600 1080 2653 καὶ
1120 2600 1456 2672 κληροῦχονς
1490 2601 1625 2657 Εἶτα
1677 2605 1793 2670 πῶς

208 2680 505 2753 ἀναιρεῖται
540 2682 603 2737 τὸ
630 2685 828 2739 ἄτοπον
856 2704 871 2753 ;
901 2687 1011 2739 Καὶ
1049 2687 1272 2742 αὐτόθεν
1336 2689 1460 2758 μέν.
1507 2688 1633 2753 Πῶς
1684 2691 1793 2763 γὰρ

208 2774 306 2829 οὐκ
350 2777 584 2843 ἄτοπον,
629 2777 719 2831 τὸν
766 2778 948 2844 ἄλλοις
997 2781 1312 2849 κηρύξαντα
1355 2781 1457 2853 τὴν
1491 2781 1789 2853 βασιλείαν,

207 2870 367 2924 αὐτὸν
397 2871 664 2925 ἐκπεσεῖν
710 2871 950 2942 ταύτης
993 2872 1151 2926 Ἀ).λά
1198 2890 1261 2942 γε
1295 2874 1391 2927 καὶ
1436 2876 1501 2928 ὲκ
1530 2874 1641 2928 τῶν
1686 2874 1791 2947 ἔμ-

209 2961 437 3031 προσθεν
461 2962 805 3033 εἰρημένων.
840 2964 903 3017 Εἰ
931 2963 1024 3017 οὖν
1050 2967 1286 3035 ἠγνόησε
1316 2966 1437 3037 μὲν,
1470 2968 1609 3039 ὅπερ
1658 2968 1792 3039 ἐκή-

208 3052 383 3149 ρυξεν,
414 3056 443 3108 6
487 3053 747 3149 Ἰωάννης
770 3070 785 3085 ⁸
817 3054 987 3108 ἔδωκε
1010 3056 1064 3109 δὲ.
1092 3056 1235 3130 λήθῃ
1276 3057 1345 3111 τὰ
1368 3057 1573 3112 ἀνωθεν
1624 3059 1790 3129 ὴκου-
1815 3086 1860 3149 C

209 3146 407 3215 σμένα·
436 3148 547 3201 οὐκ
567 3144 675 3200 οἶδε
712 3147 769 3200 δὲ
794 3146 852 3200 δν
880 3147 1175 3202 ἐῦἀπτισεν
1200 3164 1215 3179 ⁸
1257 3152 1440 3222 ἐρωτᾷ
1493 3151 1538 3204 δ’
1570 3152 1657 3205 ἵνα
1683 3153 1788 3223 μά-

203 3236 292 3307 θε,
342 3237 425 3303 τίς
453 3239 609 3291 ἐστιν
631 3239 661 3291 6
693 3239 1149 3309 προσδοκώμενος
1170 3256 1185 3271 ⁸
1221 3240 1384 3309 δῆλον
1412 3242 1487 3306 ὡς
1513 3242 1637 3297 οὐδὲ
1689 3243 1789 3313 τῆς

207 3327 484 3395 βασιλείας
518 3329 675 3395 ὅλως,
705 3329 826 3382 οὐδὲ
859 3328 981 3383 καθ’
1014 3331 1081 3400 ἣν
1102 3332 1131 3384 6
1167 3332 1490 3402 μικρότερος
1518 3333 1790 3387 διαιτᾶται

203 3419 401 3488 λῆξιν,
507 3420 629 3474 οὐδὲ
690 3420 909 3492 ,ταύτης
977 3420 1360 3493 ἀξιωθήσεται.
1439 3424 1600 3477 Ἀλλά
1683 3424 1791 3478 τῶν

205 3512 300 3581 μὲν
350 3511 474 3565 λίαν
541 3512 907 3566 ἀτοπωτάτων
968 3514 1163 3579 τοῦτο,
1217 3514 1288 3568 τά
1361 3531 1422 3567 τε
1483 3515 1641 3569 ἄλλα’
1694 3516 1790 3571 καὶ

201 3602 264 3657 ἐκ
290 3602 401 3657 τῶν
429 3603 645 3659 ἀνωθεν
669 3605 996 3674 εἰρημένων.
1024 3604 1134 3658 Ποῦ
1164 3605 1271 3677 γὰρ
1299 3607 1604 3677 προφήτης,
1630 3610 1658 3661 ὁ
1685 3626 1792 3679 μη·

199 3693 256 3748 δὲ
283 3695 353 3749 τὰ
408 3697 469 3751 ὲν
520 3696 674 3766 χερσὶ
722 3695 970 3767 βλέπωνς
1016 3696 1128 3750 Ποῦ
1158 3697 1216 3749 δὲ
1263 3698 1560 3768 προφητῶν
1596 3715 1791 3769 περισ-

202 3788 442 3859 σότερος,
460 3788 564 3843 καὶ
594 3788 757 3843 αὐτὸν
785 3788 877 3842 τὸν
908 3788 1318 3860 κηρυσσόμενον
1342 3791 1616 3861 ἀγνοήσας
1646 3807 1660 3855 ;
1699 3792 1791 3846 Ἐν

199 3884 493 3952 γεννητοῖς
523 3879 581 3933 δὲ
610 3880 884 3949 γυναικῶν
921 3880 1125 3950 μείζων
1173 3880 1291 3945 πῶς
1344 3882 1431 3947 ἂν,
1476 3884 1504 3936 6
1536 3885 1670 3953 μηδὲ
1692 3885 1791 3955 τῆς

200 3972 489 4041 βασιλείας
523 3971 709 4039 ἄξιος;
740 3974 841 4027 οὐκ
869 3972 978 4044 ἄρα
1006 3974 1336 4045 μικρότερος
1388 3974 1644 4046 οὐδαμῶς
1692 3977 1789 4030 τοῦ

201 4066 543 4136 μικροτέρου
580 4065 689 4118 τῶν
718 4067 777 4118 ὲν
811 4065 1061 4137 βασιλείᾳ
1090 4066 1200 4120 τῶν
1228 4067 1496 4139 οὐρανῶν,
1546 4068 1653 4121 οὐδ’
1682 4069 1789 4139 ἄρα

195 4159 495 4231 ἠγνόησεν,
532 4157 592 4212 ὃν
618 4158 917 4228 ἐκήρυξενο
974 4159 1084 4212 οὐδ’
1139 4159 1205 4213 ἵν’
1252 4160 1413 4224 αὐτὸς
1447 4161 1615 4232 μάθῃ,
1672 4160 1791 4215 ἀλλ’

198 4250 285 4301 ἵνα
310 4252 445 4312 τοὺς
485 4248 734 4320 μαθητὰς
784 4248 873 4302 διὰ
902 4249 1002 4319 τῆς
1029 4249 1294 4319 αὐτοψίας
1349 4251 1638 4323 βελτιώσῃ,
1688 4253 1791 4321 τὴν

1901 1864 2028 1919 tur?
2070 1861 2181 1918 Nec
2204 1871 2287 1916 cst
2307 1877 2446 1931 opus
2477 1860 2677 1915 docere
2706 1878 2806 1915 cur
2833 1862 2914 1916 sic
2934 1862 3281 1916 excludatur.
3315 1861 3470 1915 Patet

1897 1956 2122 2012 omnino
2158 1954 2306 2024 quod
2342 1962 2496 2008 extra
2526 1953 2791 2007 caelorum
2822 1968 3047 2024 regnum
3071 1968 3331 2007 emansor
3366 1955 3473 2008 erit

1896 2050 2006 2115 ille,
2042 2048 2135 2119 qui
2169 2062 2278 2101 non
2316 2046 2545 2101 ﬁrmiter
2564 2045 2880 2111 crediderit,
2912 2055 3097 2099 natum
3129 2046 3197 2099 de
3231 2043 3471 2114 Virgine,

1895 2142 2232 2211 baptizatum
2265 2154 2296 2192 a
2320 2137 2556 2202 Joanne,
2588 2148 2827 2207 paternze
2857 2137 3005 2192 vocis
3038 2137 3352 2191 testimonio
3380 2138 3474 2191 de-

1896 2233 2228 2291 nuntiatum.
2250 2246 2281 2284 a
2313 2229 2605 2299 congcneri
2642 2229 2835 2299 spiritu
2869 2229 3325 2293 demonstratum,
3369 2226 3472 2282 Re-

1896 2325 2236 2393 demptorem
2257 2322 2447 2375 mundi
2464 2336 2610 2385 esse,
2625 2330 2680 2375 et
2699 2320 2898 2375 inferni
2928 2321 3304 2391 spoliatorem.
3322 2319 3473 2385 Quo-

1897 2416 2059 2470 modo
2090 2430 2317 2483 regnum
2348 2413 2481 2468 illud
2515 2414 2861 2468 litereditabit
2895 2414 2962 2478 is,
2999 2414 3094 2483 qui
3131 2414 3473 2467 conditorem

1896 2506 2108 2575 ignoret
2160 2504 2300 2573 ejus,
2353 2504 2446 2573 qui
2500 2505 2963 2573 dispensatorem,
2994 2504 3093 2573 .qni
3149 2503 3471 2559 sortiturum

1894 2609 1990 2654 aut
2006 2597 2417 2651 distributorem
2439 2597 2461 2650 ?
2494 2596 2606 2651 lloe
2628 2608 2810 2651 autem
2839 2598 3140 2652 absurdum
3198 2598 3475 2665 quomodo

1897 2688 2139 2743 tollitur?
2170 2701 2264 2756 per
2337 2688 2603 2757 seipsutn,
2673 2704 2888 2759 nempe,
2942 2689 3089 2758 quod
3149 2687 3221 2742 sit
3276 2687 3474 2741 absur-

1893 2781 2044 2835 dum.
2075 2780 2156 2835 Ita
2185 2787 2268 2835 est
2299 2779 2472 2845 enim,
2499 2791 2561 2833 ut
2582 2779 2629 2834 is
2655 2780 2750 2848 qui
2784 2780 2908 2834 aliis
2935 2779 3302 2833 annuntiabat
3340 2775 3475 2832 illud

1892 2887 2141 2941 regnum,
2172 2872 2240 2925 ab
2267 2873 2383 2941 ipso
2419 2872 2535 2941 ipse
2561 2872 2977 2936 excluderetur;
3005 2872 3100 2926 sed
3132 2879 3189 2925 et
3216 2871 3284 2924 ab
3318 2878 3474 2924 ante.

1893 2964 2052 3020 dictis
2105 2964 2362 3018 tollitur:
2421 2963 2478 3017 Si
2535 2962 2830 3032 ignorabat
2885 2976 3047 3029 quem
3111 2960 3475 3016 annuntiabat

1892 3054 2153 3123 Joannes,
2185 3058 2229 3112 si
2248 3054 2523 3110 oblivione
2556 3055 2771 3125 sepeliit
2796 3070 2919 3125 quae
2947 3054 3172 3109 decoelo
3204 3054 3472 3121 audierat,

1894 3149 1941 3204 si
1993 3163 2104 3203 non
2128 3144 2340 3204 not/erit
2376 3162 2540 3218 quem
2572 3147 2923 3216 baptizabat;
2957 3146 3152 3215 quaerit
3179 3156 3386 3210 autem,
3418 3154 3478 3200 ut

1892 3241 2260 3297 inforntetur:
2292 3240 2430 3308 Quis
2470 3240 2678 3310 estqui
2720 3246 3101 3309 exspectatur.
3138 3238 3296 3292 Certe
3332 3246 3479 3307 patet

1892 3334 2039 3405 quod
2071 3349 2169 3388 nec
2195 3347 2363 3403 regno
2388 3332 2656 3387 cmlorum
2692 3346 2792 3386 nec
2834 3334 2942 3385 isto
2970 3340 3118 3384 statu
3150 3329 3349 3399 dignus
3381 3329 3480 3383 ha-

1892 3426 2073 3491 betur,
2106 3424 2161 3478 in
2212 3439 2322 3493 quo
2348 3424 2441 3493 qui
2476 3422 2739 3477 minimus
2768 3430 2852 3476 est
2886 3430 3159 3476 versatur.
3201 3420 3307 3474 Sed
3352 3434 3477 3474 esse

1891 3516 1998 3571 hoc
2046 3518 2185 3570 inter
2212 3514 2609 3569 absurdissima
2643 3512 3007 3578 censendum,
3059 3527 3186 3566 cum
3227 3511 3473 3574 aliunde,

1892 3617 2054 3663 tume
2084 3608 2245 3662 dictis
2284 3607 2354 3660 ab
2384 3605 2541 3660 initio
2573 3613 2742 3676 patet.
2782 3602 2884 3660 Ubi
2910 3612 2997 3660 est
3038 3606 3326 3674 propheta,
3382 3603 3476 3672 qui

1890 3714 1995 3755 nec
2044 3714 2166 3768 qua:
2206 3710 2333 3754 ante
2394 3696 2558 3767 pedes
2591 3706 2871 3767 ponuntur
2917 3696 3107 3750 videt?
3149 3696 3251 3751 Ubi
3300 3695 3479 3765 major

1891 3791 2195 3860 prophetis,
2227 3790 2320 3860 qui
2359 3804 2522 3860 quem
2563 3789 2926 3843 annuntiabat
2965 3787 3302 3856 ignorabat?
3332 3788 3480 3841 inter

1890 3895 2051 3940 natos
2083 3884 2398 3946 mulierum,
2436 3881 2713 3951 quomodo
2744 3891 2864 3935 erat
2895 3880 3093 3950 major,
3146 3880 3243 3950 qui
3305 3893 3479 3949 regno

1890 3976 2147 4047 indignus
2165 3983 2250 4028 est
2274 3974 2297 4026 ?
2328 3971 2447 4028 Non
2472 3982 2557 4028 est
2585 3974 2731 4028 enim
2764 3975 2945 4027 minor
2985 3974 3213 4028 minimo
3239 3974 3290 4025 in
3312 3986 3477 4040 regno

1890 4064 2188 4129 caelorum;
2232 4078 2340 4117 non
2373 4063 2539 4132 igitur
2578 4064 2850 4134 ignoravit
2881 4079 3043 4133 quem
3072 4064 3473 4118 annuntiabat:

1892 4167 1998 4207 non
2032 4160 2090 4205 ut
2153 4153 2268 4222 ipse
2297 4153 2487 4217 sciret,
2528 4154 2627 4207 sed
2663 4164 2722 4208 ut
2746 4154 2997 4223 discipuli
3027 4155 3098 4209 ab
3149 4155 3325 4209 oculis
3356 4170 3472 4209 me-

1894 4247 2255 4313 liorarentur,
2289 4246 2595 4301 doctrinam
2627 4262 2721 4315 per
2771 4245 3095 4317 quaestionis
3114 4245 3344 4299 formam
3393 4244 3478 4299 in-

194 4340 555 4396 διδασκαλὶαν
581 4344 661 4404 εἰς
690 4343 959 4413 ἐρώτησιν
991 4342 1351 4414 ἐσχημάτισε.
1422 4345 1564 4397 Ἀλλ’
1590 4346 1597 4351 ’
1623 4346 1656 4415 ὴ
1687 4346 1787 4414 μὲν

1894 4336 2092 4389 stituit.
2130 4336 2308 4403 Atque
2332 4334 2409 4387 ita
2443 4333 2516 4387 sit
2547 4334 2716 4387 totius
2738 4333 2903 4402 hujus
2936 4334 3039 4387 loci
3075 4332 3348 4388 sententia
3375 4348 3475 4385 ex-

193 4435 322 4505 δλης
362 4439 381 4473 ί
406 4434 653 4497 διανοίας
696 4435 993 4501 ἀνάπτυξις
1044 4435 1206 4507 αὕτη,
1264 4437 1323 4492 Ὀ
1375 4438 1433 4490 δὲ
1463 4440 1792 4503 Δεσποτικὸς

198 4529 290 4578 καὶ
329 4526 485 4588 θεῖος
532 4525 801 4596 χρησμὸς,
856 4525 1040 4597 δριμεῖ
1090 4543 1149 4579 τε
1210 4528 1303 4580 καὶ
1363 4528 1791 4600 συντετμημένῳ

192 4615 364 4687 λόγῳ,
398 4617 493 4670 διὰ
520 4616 616 4669 τοῦ
659 4617 780 4670 κατ’
810 4616 1079 4688 ἐρώτησιν
1105 4618 1531 4689 ἀπορηματικοῦ
1587 4620 1786 4685 τύπου,

192 4706 292 4777 τὴν
324 4706 465 4776 ὅλην
498 4705 849 4777 παρέστησεν
890 4705 1136 4771 ἔννοιαν,
1169 4705 1361 4773 είπὼν,
1404 4724 1424 4758 ι
1470 4706 1528 4760 '0
1588 4706 1647 4759 δὲ
1701 4724 1791 4775 μι-

189 4800 466 4871 κρότερος
494 4800 553 4851 ἐν
582 4800 647 4868 τῇ
681 4796 927 4866 βασιλείᾳ
956 4796 1065 4849 τῶν
1097 4797 1364 4868 οὐρανῶν,
1427 4797 1631 4868 μείζων
1682 4798 1784 4851 αὐ-

188 4892 286 4945 τοῦ
323 4894 486 4956 tam;
527 4909 546 4942 ι
578 4890 793 4959 Ταύτης
819 4889 928 4960 γὰρ
956 4889 1055 4958 τῆς
1090 4891 1291 4959 φωνῆς,
1327 4889 1386 4956 ὲξ
1419 4891 1589 4960 αὐτῆς
1616 4891 1787 4960 ἀκοῆς

189 4982 562 5053 ἀπαντώσης,
593 4983 688 5035 καὶ
715 4985 779 5053 τῇ
815 4982 908 5035 τοῦ
945 4982 1299 5051 ἀτοπήματος
1352 4981 1627 5053 ὑπερϐολῇ
1687 4982 1789 5037 οὐκ

189 5075 378 5146 ἐώσης
414 5076 499 5136 εἰς
528 5075 754 5146 ἀπρεπῆ
783 5092 906 5129 τινα
942 5073 1214 5145 ὑπόληψιν
1249 5071 1346 5127 τοῦ
1380 5073 1478 5145 τῆς
1524 5072 1787 5145 ἀληθείας

188 5170 450 5240 κήρυκος
485 5167 886 5237 ἀπενεχθῆναι·
914 5168 1076 5231 εὐθὺς
1111 5168 1211 5238 μὲν
1242 5166 1679 5236 συνελαυνόμεθα
1710 5168 1791 5231 είς

186 5262 251 5313 τὸ
279 5260 528 5314 συνιδεῖν
555 5260 614 5313 τὸ
647 5261 812 5329 σοφὸν
842 5261 937 5314 καὶ
972 5262 1247 5331 ὠφέλιμον
1271 5259 1370 5330 τῆς
1400 5260 1487 5312 διὰ
1518 5259 1628 5312 τῶν
1688 5277 1796 5329 μα-

188 5352 379 5422 θητῶν
398 5351 757 5422 ἐρωτήσεως·
776 5352 984 5405 ἐκεῖθεν
1002 5352 1059 5404 δὲ
1087 5351 1249 5405 πάλιν
1279 5353 1359 5414 είς
1381 5351 1479 5421 τὴν
1494 5350 1605 5402 τῶν
1636 5350 1792 5403 ὲπαί-

186 5461 299 5498 νων
335 5442 617 5515 ἀποδοχὴν
642 5442 721 5497 ἔτι
755 5441 954 5513 μᾶλλον
989 5443 1331 5515 ὲφελκὸμεθα
1354 5459 1372 5474 ο
1408 5443 1502 5497 καὶ
1545 5443 1668 5514 οὐχὶ
1696 5442 1792 5497 τοῦ

1890 4426 2113 4496 plicata.
2175 4426 2392 4480 Domini
2434 4438 2614 4479 autem
2667 4427 2837 4480 nostri
2869 4425 3119 4479 divinum
3176 4425 3472 4477 oraculum

1890 4531 2082 4571 severo
2114 4517 2350 4586 quodam
2384 4525 2439 4570 et
2470 4525 2757 4570 contracto
2791 4530 3049 4569 sermone
3093 4513 3335 4569 adhibita
3376 4514 3478 4567 du-

1888 4607 2175 4663 bitationis
2204 4623 2301 4677 per
2340 4608 2698 4678 quaastionent
2735 4607 2907 4660 forma
2944 4606 3249 4675 generalem
3286 4622 3481 4675 sugge-

1889 4701 1962 4756 rit
1996 4701 2439 4771 intelligentiam,
2476 4716 2599 4755 Cum
2632 4699 2788 4763 dicit,
2837 4717 2855 4750 (
2892 4702 2961 4752 At
2989 4700 3082 4767 qui
3116 4698 3377 4752 mittimus
3398 4708 3480 4753 est

1887 4793 1944 4848 in
1974 4809 2143 4864 regno
2164 4794 2429 4848 cmlorum
2464 4793 2555 4846 illo
2588 4794 2759 4863 major
2780 4800 2864 4846 est
2892 4791 2915 4843 ?
2940 4809 2958 4840 ι
2984 4790 3109 4845 lle
3131 4806 3231 4844 vox
3265 4807 3389 4844 cum
3411 4808 3479 4844 ex

1884 4888 2003 4956 ipso
2022 4885 2210 4940 auditu
2237 4886 2662 4953 intelligebatur,
2693 4894 2746 4939 et
2774 4899 2898 4939 eum
2923 4899 3021 4953 per
3050 4883 3272 4936 nimiam
3290 4883 3481 4937 absur-

1886 4978 2111 5032 ditatem
2158 4993 2267 5032 non
2300 4980 2543 5048 patiatur
2570 4994 2671 5033 nos
2709 4978 2761 5030 in
2798 4976 3191 5045 cogitationem
3230 4976 3475 5047 aliquam

1870 5069 2221 5139 descendere
2259 5071 2328 5125 de
2358 5070 2588 5126 veritate
2638 5069 2804 5138 hujus
2846 5068 3138 5138 praeconis,
3202 5070 3389 5122 Statim
3417 5069 3473 5123 in

1902 5166 2429 5235 contemplationem
2488 5180 2591 5220 nos
2617 5166 2840 5220 deducit
2873 5165 3164 5235 prudentis
3224 5165 3370 5219 illius
3425 5174 3478 5217 t-t

1901 5257 2155 5326 perutilis
2193 5258 2511 5327 quaestionis
2535 5257 2957 5327 discipulorum.
2992 5257 3171 5337 Atque
3218 5256 3346 5310 inde
3381 5256 3477 5307 dc-

1902 5365 2052 5405 mum
2077 5349 2143 5404 ad
2173 5350 2362 5405 laudes
2386 5349 2561 5419 ipsius
2592 5350 2957 5405 admittendas
2994 5348 3329 5403 inducimur.
3365 5344 3477 5399 Nec

1901 5441 2200 5513 Baptistam
2224 5443 2571 5502 decernimus
2586 5444 2852 5502 minorem
2873 5457 2995 5502 esse
3014 5442 3108 5499 illo
3128 5440 3221 5511 qui
3241 5440 3292 5493 in
3314 5453 3481 5509 rcgtto

1485 5641 1721 5699 VARUS
1771 5642 2169 5703 LECTIONES.

306 5746 327 5775 ³
358 5738 539 5795 ἔσται.
565 5737 627 5801 C,
671 5736 739 5795 Μ.
769 5738 921 5801 ἐκτός
946 5738 1076 5791 ἐστι.
1162 5738 1176 5772 ί
1209 5736 1359 5791 ($.31.
1386 5736 1480 5805 τῆς
1517 5736 1663 5807 ὅλης.
