3854 6216
383 244 514 312 1011

1539 211 1799 320 Puo'rn
1823 261 2326 322 Paretancue
2356 263 2466 324 cr.

3490 264 3623 330 1012

383 362 646 419 caelorum
697 363 961 422 minimus
987 375 1072 422 est
1098 365 1464 438 (nequaquam
1499 375 1688 440 certe),
1736 375 1828 431 sed
1861 376 1943 445 ju-

2059 379 2382 448 μικροτέρου
2414 378 2522 432 τῶν
2557 379 2615 433 ἓν
2647 382 2709 452 τῇ
2747 381 2994 454 βασιλείᾳ
3025 382 3130 437 τῶν
3178 384 3417 454 οὐρανῶν
3467 387 3623 439 ἐλάτο

380 455 553 517 dices,
586 456 992 525 legumlatores,
1031 473 1206 529 reges,
1266 473 1430 530 atque
1490 463 1640 532 ipsos
1687 467 1823 521 adeo
1853 483 1951 536 pa-

381 547 654 602 triarchas
700 563 1143 618 supergressum,
1178 560 1343 620 atque
1396 555 1612 608 veritati
1649 557 1752 612 hoc
1809 559 1954 613 auir-

383 637 556 690 manti
607 653 890 692 assensum
927 641 1265 696 adhibemus.
1301 641 1410 696 Nec
1441 645 1680 714 injuria;
1715 648 1951 705 vinculis

379 727 598 780 enimet
630 728 914 797 multiplici
943 731 1232 786 amictione
1262 735 1760 806 conslringebatur,
1790 742 1951 795 morti

384 820 598 874 tandem
647 822 974 889 destinatus,
1005 840 1102 892 pro
1133 825 1248 893 lege
1298 843 1492 896 nempe
1526 829 1711 887 divina
1769 845 1952 886 certa-

383 927 506 966 men
533 915 812 968 subiturus
840 931 852 977 ;
881 931 977 970 nec
1008 925 1186 970 tamen
1226 918 1343 985 ejus
1378 919 1432 972 in
1458 921 1667 990 Agnum
1702 923 1812 986 Dei,
1845 926 1950 977 tol-

382 1003 580 1058 lentem
615 1018 830 1074 peccata
872 1010 1081 1070 mundi,
1140 1011 1474 1066 desiderium
1554 1014 1947 1070 inﬂammatum

383 1099 827 1166 emarcescebat;
882 1101 1133 1170 quinimo
1187 1104 1362 1171 magis
1388 1104 1668 1174 magisque
1695 1105 1949 1172 elllornit,

383 1195 438 1239 et
480 1203 573 1255 per
605 1199 831 1242 mortem
868 1191 1178 1244 enitebatur
1209 1193 1433 1247 accendi
1489 1196 1868 1252 vehementius
1897 1206 1952 1250 et

381 1276 695 1333 immortale
726 1282 862 1335 tieri.
896 1281 1012 1335 Non
1042 1285 1276 1338 cessavit
1315 1301 1502 1352 manu,
1547 1287 1752 1356 lingua,
1799 1290 1949 1343 omni

381 1370 594 1425 ratione
629 1373 903 1425 cmlestem
937 1374 1088 1426 illum
1115 1374 1387 1444 Sponsum
1423 1379 1808 1445 deprtedicare,
1837 1381 1950 1436 sin-

382 1463 540 1534 gulos
579 1463 626 1516 ei
671 1464 869 1520 ardens
928 1468 1255 1533 conjunrtos
1301 1472 1558 1538 copulare
1592 1481 1645 1524 et
1703 1488 1948 1527 amorem

383 1555 658 1622 sponsalis
701 1556 924 1610 thalami
979 1558 1240 1614 inserere.
1270 1561 1413 1626 Quin
1449 1570 1504 1615 et
1544 1564 1677 1616 mihi
1709 1565 1946 1629 videtur,

380 1643 620 1699 laetatum
657 1647 724 1701 de
775 1649 975 1717 gladio,
1015 1661 1069 1705 et
1100 1653 1223 1721 angi
1248 1663 1471 1722 propter
1520 1657 1854 1721 tarditatem,
1895 1668 1948 1713 et

378 1735 447 1788 ad
482 1735 604 1792 illos
642 1754 938 1808 properare
995 1743 1086 1810 qui
1151 1745 1289 1810 apud
1319 1743 1523 1800 inferos
1561 1759 1739 1811 erant,
1782 1757 1840 1802 ut
1893 1758 1947 1803 et

377 1828 455 1882 ibi
508 1830 646 1885 alios
687 1834 1027 1901 praeveniens
1086 1845 1462 1905 exspectatum
1525 1840 1860 1906 enuntiaret,
1893 1849 1946 1895 et

376 1921 594 1989 primus
645 1926 1064 1993 evangelizaret.
1107 1931 1302 1981 Annon
1341 1929 1455 1983 ham
1482 1931 1730 1985 encomia
1761 1931 1948 1986 Domi-

377 2013 556 2068 nicam
585 2015 848 2070 decebant
879 2018 1118 2086 linguam
1143 2020 1166 2073 ?
1197 2021 1520 2078 lntuehatur
1541 2023 1800 2093 gladium,
1825 2041 1946 2078 car-

378 2108 568 2163 niﬁces
605 2109 937 2174 intuebatur,
982 2113 1310 2169 occisionem
1357 2131 1457 2186 pro
1505 2117 1728 2171 stimulo
1763 2118 1946 2172 Domi-

376 2197 566 2253 minici
594 2202 802 2257 amoris
855 2202 1169 2269 adhibebat,
1200 2213 1348 2261 totus
1399 2209 1462 2262 ad
1504 2225 1626 2262 eum
1655 2221 1944 2264 converte-

375 2288 555 2343 batur.
594 2289 827 2345 Onmino
852 2306 1036 2346 verum
1075 2301 1180 2359 est,
1216 2312 1234 2344 ι
1272 2294 1414 2349 inter
1441 2304 1598 2349 natos
1641 2296 1935 2350 mulierum

375 2399 483 2436 non
513 2385 756 2437 surrexit
793 2384 1190 2451 majorJoanne
1207 2387 1469 2457 Baptista.
1508 2407 1525 2438 ι
1559 2387 1736 2456 Caput
1762 2390 1940 2458 ipsum

377 2471 590 2528 Domini
628 2476 946 2545 attingebat,
1009 2479 1076 2531 ab
1116 2489 1273 2533 utero
1326 2483 1714 2542 annuntiabat.
1769 2497 1943 2554 usque

372 2565 440 2617 ad
479 2574 707 2619 mortem
776 2569 1159 2634 annuntiabat,
1204 2571 1464 2624 mundum
1541 2573 1606 2626 ad
1672 2577 1941 2643 paeniten-

374 2657 504 2710 tiam
533 2659 859 2714 attrabebat.
903 2659 1054 2713 Mitto
1095 2662 1571 2717 conversationem
1614 2664 1666 2716 in
1699 2665 1939 2732 deserto,

373 2751 590 2805 dirutam
641 2753 940 2819 insolitam,
982 2753 1325 2823 impudentes
1397 2756 1535 2810 adeo
1591 2755 1808 2812 Iudaeos
1843 2775 1942 2828 pu-

371 2843 502 2897 dore
530 2842 950 2910 sull'undentem,
991 2847 1462 2902 conversationem
1503 2859 1555 2903 et
1588 2849 1800 2903 vivendi
1826 2866 1943 2903 mo-

371 2934 500 2988 dum
543 2937 682 2989 ultra
735 2939 1062 3000 humanum,
1130 2954 1226 3008 per
1258 2956 1379 3008 quae
1415 2941 1658 3010 patentia
1701 2942 1939 3010 ipsorum

2052 485 2178 522 τονα
2224 471 2316 522 τὸν
2385 472 2696 542 Βαπτιστὴν
2743 473 3094 545 ψηφιζόμεθα
3147 475 3367 547 (πολλοῦ
3424 493 3488 545 γε
3525 477 3620 530 καὶ

2053 559 2177 632 δεῖ)
2213 575 2228 592 ⁸
2262 562 2398 615 ἀλλά
2432 565 2524 616 καὶ
2565 565 2792 634 κριτῶν,
2827 565 2921 618 καὶ
2948 566 3285 636 νομοθετῶν,
3321 567 3416 621 καὶ
3463 567 3617 638 βασι-ι

2056 653 2233 718 λέων,
2292 655 2388 707 καὶ
2447 656 2626 708 αὐτῶν
2689 659 3042 727 πατριαρχῶν
3099 659 3620 728 ύπερανεστηκέναι.

2051 746 2126 809 ὡς
2143 745 2278 814 αύτὴ
2303 748 2488 814 σαφῶς
2511 749 2780 820 ἀνείπενὴ
2817 751 3089 822 ’Λλήθεια,
3109 751 3483 820 συντιθέμεθα.
3514 752 3622 804 Καὶ

2057 838 2196 907 μάλα
2236 838 2496 899 εἰκότιο;’
2556 841 2742 910 εἱρκτῇ
2797 839 2893 893 καὶ
2930 841 3099 911 μυρίᾳ
3154 840 3395 893 κακώσει
3445 841 3623 892 συνεί-

2053 946 2177 998 χετο
2204 971 2216 992 ,
2259 929 2356 998 τὴν
2384 929 2477 982 ἐπὶ
2516 929 2730 1001 θανάτῳ
2756 931 3088 1001 τηρούμενος
3107 949 3121 963 '
3177 931 3343 1001 ἄλλην
3399 931 3570 984 ταῦτα
3593 941 3620 970 ιι

2053 1021 2192 1090 ὑπὲρ
2237 1021 2453 1091 θεσμῶν
2505 1023 2664 1075 θείων
2725 1023 3099 1094 διακαρτερῶν
3145 1023 3405 1094 ἄθλησιψ
3455 1023 3548 1076 καὶ
3592 1023 3623 1073 ό

2053 1117 2189 1184 πρὸς
2220 1114 2311 1166 τὸν
2351 1113 2543 1183 Ἀμνὺν
2573 1115 2666 1167 τοῦ
2712 1115 2868 1178 Θεοῦ,
2915 1115 3007 1168 τὸν
3059 1115 3281 1184 αἴροντα
3320 1114 3419 1184 τὴν
3441 1115 3620 1184 ἁμαρ-

2051 1205 2170 1259 τίαν
2188 1205 2278 1257 τοῦ
2296 1206 2524 1274 κόσμου,
2538 1207 2797 1275 διάπυρος
2814 1206 2962 1276 αὐτῷ
2979 1205 3140 1269 πόθος
3155 1207 3255 1258 οὐκ
3271 1205 3618 1275 ἐμαραίνετο’

2055 1297 2205 1368 ἡνθει
2238 1297 2293 1350 δὲ
2324 1299 2544 1367 μᾶλλον,
2572 1298 2666 1350 καὶ
2719 1298 3094 1365 διεφιλονείκει
3125 1296 3203 1366 τῷ
3259 1296 3473 1366 θανάτῳ
3527 1294 3624 1348 ἐπὶ

2054 1388 2218 1442 πλέον
2247 1387 2721 1458 ἀναζωπυρεῖσθαι
2779 1388 2874 1441 καὶ
2903 1387 3402 1452 ἀπαθανατίζεσθαι
3431 1401 3448 1418 ο
3505 1387 3622 1440 οὐδ’

2053 1479 2214 1548 ἔληγε
2244 1478 2554 1549 κηρύσσων,
2598 1478 2693 1532 καὶ
2718 1479 2882 1549 χειρὶ,
2934 1478 3030 1532 καλ⁹
3058 1478 3300 1548 γλώσσῃ,
3331 1479 3426 1531 καὶ
3468 1479 3622 1546 πάσῃ

2057 1569 2282 1641 μεθόδῳ,
2312 1571 2402 1623 τὸν
2441 1572 2692 1640 οὐράνιον
2717 1571 2994 1639 Νυμφίον,
3039 1569 3249 1632 πάντας
3288 1578 3312 1606 ν
3342 1569 3623 1622 ἐπιποθῶν

2055 1660 2203 1731 αὐτῷ
2238 1661 2593 1730 συναρμόσαι,
2633 1659 2727 1712 καὶ
2761 1659 2870 1713 τῶν
2902 1659 3186 1727 νυμφικῶν
3225 1658 3510 1712 παστάδων
3532 1659 3621 1711 ἐν-

2055 1750 2224 1803 θεῖναι
2250 1749 2342 1803 τόν
2374 1750 2571 1820 ἔρωτα.
2603 1749 2758 1818 Ἐμοὶ
2783 1750 3040 1802 δοκεῖκαὶ
3069 1749 3278 1819 χαίρειν
3300 1749 3460 1802 αὑτὸν
3484 1748 3624 1817 πρδς

2053 1843 2114 1896 τὸ
2144 1841 2314 1912 ξῖφος,
2346 1842 2442 1896 καὶ
2479 1843 2768 1912 ἀδημονεῖν
2800 1845 2864 1913 τῇ
2902 1841 3213 1912 βραδύτητι,
3242 1843 3337 1895 καὶ
3369 1839 3624 1893 σπεύδειν

2057 1937 2192 2007 πρὸς
2222 1937 2347 1998 τοὺς
2372 1938 2429 1988 ὲν
2449 1936 2575 2006 ᾅδου
2593 1950 2608 1966 ⁸
2651 1937 2737 1987 ἵνα
2759 1935 2920 1988 κάκεῖ
2939 1934 3120 2006 φθάσῃ
3138 1935 3259 1998 τοὺς
3284 1933 3495 1998 ἄλλους,
3528 1931 3623 1984 τὸν

2055 2025 2504 2097 προσδοκώμενον
2534 2025 2869 2095 ἀνακηρύξαι
2907 2026 2999 2078 καὶ
3034 2023 3620 2095 προευαγγελίσασθαι.

2050 2116 2194 2189 Ἀρα
2205 2120 2304 2171 οὐκ
2317 2117 2604 2188 ἐγκωμίων
2619 2117 2790 2171 ταῦτα
2803 2118 3132 2186 Δεσποτικῆς
3152 2116 3316 2183 ἀξίων
3335 2115 3586 2183 γλώσσης
3601 2129 3622 2181 ;

2056 2213 2220 2266 Ἐϐλε
2229 2230 2291 2264 πε
2314 2213 2374 2265 τὸ
2397 2211 2769 2281 ξίφος,ἔ6λεπε
2781 2211 2906 2274 τοὺς
2918 2210 2982 2280 δη
2992 2212 3167 2281 μίους,
3185 2209 3280 2263 καὶ
3294 2209 3391 2278 τὴν
3403 2206 3624 2276 σφαγὴν

2051 2308 2272 2379 κέντρον
2305 2309 2538 2360 ἐποιεῖτο
2565 2305 2660 2360 τοῦ
2688 2305 3021 2360 Δεσποτικοῦ
3054 2304 3300 2373 φίλτρου,
3333 2301 3452 2364 ὅλος
3479 2299 3622 2369 πρὸς

2050 2401 2208 2452 αὑτὸν
2237 2399 2712 2470 ἐπιστρεφόμενος.
2763 2400 2990 2460 Ὄντως,
3036 2413 3055 2446 ι
3089 2395 3188 2448 οὐκ
3213 2393 3507 2463 ἐγήγερται
3561 2391 3624 2444 ἐν

2050 2494 2326 2561 γεννητοῖς
2359 2490 2631 2557 γυναικῶν
2691 2489 2892 2557 μείζων
2950 2487 3195 2540 Ἰωάννου
3259 2483 3356 2538 τοῦ
3417 2483 3624 2536 Βαπτι-

2051 2581 2199 2635 στοῦ.
2242 2601 2259 2633 ι
2304 2581 2518 2649 ’Ἥψατο
2544 2582 2787 2650 κορυφῆς
2837 2577 3144 2631 Δεσπότου·
3202 2571 3463 2645 ἐκήρυξεν
3507 2569 3623 2624 ἀπὸ

2048 2673 2322 2743 γαστρός·
2376 2674 2649 2742 ἐκήρυσσε
2711 2670 2872 2740 μέχρι
2924 2667 3190 2722 θανάτουο
3237 2665 3484 2718 εἵλκυσεν
3536 2663 3620 2726 εἰς

2053 2765 2341 2834 μετάνοιαν
2368 2761 2591 2832 κόσμον·
2606 2760 2681 2814 ὲῶ
2699 2758 2799 2830 τὴν
2817 2759 3019 2830 ἔρημον
3038 2771 3065 2798 ι
3085 2755 3379 2818 πολιτείαν,
3406 2752 3500 2806 καὶ
3517 2752 3621 2822 τὴν

2050 2853 2444 2906 καταιδὲσασαν
2469 2853 2565 2905 καὶ
2587 2853 2713 2914 τοὺς
2731 2850 3117 2920 ἀναισχύντους
3133 2847 3435 2911 Ἰουδαίους,
3453 2845 3624 2911 ὑπερ-

2049 2945 2157 3015 φυῆ
2198 2945 2408 2996 δίαιταν
2433 2944 2528 2996 καὶ
2558 2943 2855 3014 διαγωγὴν,
2885 2941 2980 2995 καὶ
3009 2940 3106 3011 τὴν
3135 2938 3496 3009 ὲμφράξασαν
3513 2937 3623 2989 αύ-

371 3042 464 3079 ora
499 3027 927 3083 obturabantur.
976 3028 1170 3083 Annon
1204 3031 1399 3085 merito
1446 3032 1622 3100 major
1661 3035 1803 3088 inter
1838 3049 1940 3087 na-

2054 3038 2156 3088 τῶν
2188 3036 2255 3088 τὰ
2277 3036 2538 3089 ἀπύλωτα
2586 3035 2849 3104 στόματα,
2898 3033 3037 3103 ὑπὲρ
3083 3031 3389 3100 ἄνθρωπον,
3447 3028 3619 3124 ζωῄν.

370 3128 457 3175 tos
491 3121 826 3176 mulierum?
864 3138 1046 3177 annon
1096 3123 1291 3177 merito
1345 3125 1623 3179 Dominica
1660 3123 1942 3181 fruebatur

367 3227 505 3266 voce
529 3213 552 3266 ?
575 3217 657 3267 An
685 3214 946 3267 minimus
985 3215 1037 3266 in
1077 3216 1340 3269 cmlorum
1389 3231 1576 3284 regno,
1620 3217 1738 3285 ipso
1766 3217 1942 3286 major

369 3301 483 3354 est?
535 3301 797 3366 Quocirca
862 3318 893 3355 e
923 3301 1036 3370 jam
1069 3302 1232 3358 dictis
1291 3315 1526 3368 constat,
1565 3322 1670 3359 non
1713 3321 1832 3361 esse
1859 3307 1940 3362 le-

369 3393 603 3462 gendum
638 3391 978 3456 allirmativc,
1041 3413 1058 3443 ι
1090 3393 1350 3450 Minimus
1383 3397 1434 3449 in
1469 3412 1635 3465 regno
1676 3399 1939 3452 caelorum

368 3481 546 3550 major
572 3493 658 3536 est
691 3499 778 3546 eo,
817 3503 835 3534 ι
868 3484 958 3538 sed
1001 3484 1086 3537 illa
1117 3484 1311 3553 forma,
1369 3503 1474 3556 qua
1524 3487 1780 3559 leguntur
1810 3490 1938 3554 ista,

373 3574 568 3638 «Quid
604 3574 794 3629 existis
872 3576 927 3629 in
983 3578 1257 3630 desertum
1321 3579 1549 3633 videre?
1613 3580 1939 3634 arundinem

366 3673 535 3718 vento
574 3666 832 3736 agitatam
858 3667 881 3720 ?
905 3687 922 3719 ι
976 3667 1277 3724 Prudenter
1312 3686 1477 3739 porro
1511 3671 1749 3734 adverte,
1793 3672 1941 3741 quod

367 3755 501 3809 illud
561 3775 579 3806 ι
615 3759 665 3810 in
704 3775 868 3827 regno
929 3763 1221 3825 caelorum,
1257 3781 1274 3812 ι
1332 3778 1431 3816 nec
1489 3766 1820 3833 cogebantur
1856 3764 1942 3817 in-

367 3848 610 3916 telligere
651 3860 840 3904 contra
874 3868 1094 3907 sensum
1127 3857 1328 3923 cuique
1355 3856 1574 3908 obvium
1604 3865 1658 3910 et
1689 3857 1940 3926 agnitum

367 3938 601 4003 cunctis,
631 3949 725 3992 aut
784 3941 836 3992 in
890 3942 1056 3995 alium
1101 3953 1302 4011 prmter
1364 3960 1589 4013 scopum
1629 3945 1680 3997 vi
1715 3954 1934 4014 pertra-

365 4028 538 4093 here;
602 4046 701 4084 nec
753 4032 896 4085 illam
939 4049 1150 4099 vocem,
1199 4037 1445 4088 miniatus
1484 4077 1497 4097 ,
1552 4037 1940 4090 additamentis

364 4121 691 4190 quibusdam
721 4125 1216 4193 scrupulosioribus
1244 4127 1309 4180 ad
1340 4127 1738 4182 confessionem
1765 4129 1935 4194 illius,

370 4229 390 4262 ι
425 4211 598 4281 major
633 4213 685 4266 in
722 4216 863 4268 natis
895 4217 1214 4279 mulierum,
1245 4237 1263 4268 ι
1320 4227 1631 4272 annectere.
1669 4218 1939 4272 Tantum-

367 4304 530 4356 modo
565 4305 788 4373 liguram
816 4307 882 4360 ab
911 4308 1066 4361 initio
1094 4308 1415 4373 adhibitam,
1441 4319 1690 4376 aptantes
1723 4308 1788 4362 ad
1827 4308 1940 4361 for-

2044 3124 2167 3200 'Ap‘
2197 3129 2257 3181 ού
2287 3128 2510 3190 δικαίως
2543 3127 2744 3197 μείζων
2784 3128 2845 3178 ἐν
2871 3126 3148 3194 γεννητοῖς
3173 3121 3486 3185 γυναικῶνς
3526 3115 3624 3189 ἆρ’

2043 3221 2103 3273 ού
2144 3223 2263 3272 κατ’
2321 3219 2474 3283 ἀξίαν
2531 3219 2631 3288 τῆς
2676 3219 3012 3286 Δεσποτικῆς
3065 3216 3348 3288 ἀπήλαυσε
3397 3214 3621 3284 φωνῆς;

2043 3309 2168 3382 'Ap‘
2223 3313 2250 3365 ὁ
2310 3311 2634 3381 μικρότερος
2693 3311 2750 3364 ὲν
2783 3313 2848 3379 τῇ
2913 3309 3159 3379 βασιλείᾳ
3209 3308 3320 3361 τῶν
3374 3306 3625 3378 οὐρανῶν

2045 3403 2244 3471 μείζων
2269 3400 2362 3453 τοῦ
2403 3403 2643 3453 τοιούτου
2691 3400 2871 3466 ἐστίν;
2917 3402 3009 3452 Δεῖ
3062 3399 3372 3470 τοιγαροῦν,
3410 3400 3476 3451 ἐκ
3507 3397 3625 3451 τῶν

2043 3495 2372 3565 εἰρημένων,
2433 3494 2533 3546 οὐκ
2587 3494 3022 3562 ἀποφαινόμενον
3079 3492 3477 3561 ἀναγινώσκειν
3534 3493 3620 3545 τό·

2048 3604 2067 3637 ι
2120 3586 2178 3638 '0
2207 3585 2263 3637 δὲ
2329 3585 2650 3656 μικρότερος
2693 3586 2751 3638 ἐν
2797 3587 2864 3655 τῇ
2905 3584 3148 3655 βασιλείᾳ
3209 3585 3318 3637 τῶν
3372 3583 3622 3652 οὐρανῶν

2045 3678 2245 3748 μείζων
2278 3676 2442 3729 αὑτοῦ
2471 3679 2651 3729 ἐστιν’
2691 3695 2709 3727 ι
2746 3676 2880 3729 ἀλλὰ
2907 3677 3027 3729 κατ’
3068 3677 3274 3729 ἐκεῖνον
3316 3675 3408 3727 τὸν
3448 3675 3625 3727 τύπον

2042 3769 2162 3820 καθ’
2200 3769 2257 3821 ὃν
2308 3763 2736 3835 ἀναγινώσκεται
2793 3770 2887 3821 καὶ
2944 3769 3024 3830 τὸ,
3096 3786 3115 3818 ι
3153 3768 3217 3819 Τί
3241 3766 3491 3837 ἐξήλθετε
3537 3770 3622 3829 εἰς

2042 3859 2140 3929 τὴν
2173 3860 2378 3930 ἔρημον
2414 3861 2540 3913 ἰδεῖν
2574 3877 2589 3925 ;
2635 3861 2876 3930 κάλαμον
2903 3860 3007 3913 ὑπὸ
3061 3860 3262 3930 ἀνέμου
3318 3859 3620 3928 σαλευόμε-

2043 3971 2132 4005 νον
2163 3970 2178 4018 ;
2217 3973 2235 4004 ι
2266 3955 2372 4005 Καὶ
2426 3954 2619 4006 σκόπει
2659 3971 2746 4023 μοι
2803 3952 3059 4016 συνετῶς,
3090 3952 3172 4004 ὅτι
3206 3950 3330 4004 οὔτε
3387 3950 3467 4012 τδ,
3508 3970 3526 4002 ι
3560 3951 3624 4003 ἐν

2041 4046 2107 4114 τῇ
2161 4043 2405 4114 βασιλείᾳ
2448 4043 2554 4096 τῶν
2605 4043 2865 4112 οὐρανῶν,
2909 4061 2926 4093 ι
2968 4041 3118 4114 παρὰ
3176 4041 3274 4112 τὴν
3324 4041 3623 4111 πρόχειρον

2043 4136 2135 4188 καὶ
2173 4137 2337 4187 πᾶσιν
2373 4134 2727 4204 ἐγνωσμένην
2755 4134 3019 4198 διάνοιαν,
3057 4132 3486 4203 ἠναγκάσθημεν
3537 4134 3624 4193 εἰς

2041 4227 2166 4282 ἄλλο
2199 4245 2251 4279 τι
2280 4227 2732 4298 περινενοημὲνον
2767 4225 3126 4280 ἐκϐιάσασθαι
3151 4241 3166 4254 ⁸
3229 4224 3352 4277 οὔτε
3386 4224 3468 4287 τὸ,
3521 4241 3625 4291 μι-

2041 4320 2344 4385 κρότερος,
2408 4317 2747 4387 προσθήκαις
2805 4319 2917 4370 τισὶ
2974 4316 3429 4387 περιεργοτέραις
3478 4315 3622 4385 πρὸς

367 4413 510 4452 n-am
526 4401 990 4468 quwstionariam,
1010 4403 1085 4456 rei
1103 4413 1435 4466 monstratae,
1459 4403 1810 4457 licetmodum
1832 4403 1938 4472 cpi-

2054 4409 2330 4478 5μολογίαν
2358 4409 2473 4472 τοῦ,
2527 4429 2546 4461 ι
2585 4409 2786 4479 μείζων
2841 4411 2900 4461 ἐν
2940 4410 3221 4475 γεννητοῖς
3247 4405 3544 4474 γυναικῶν,
3593 4425 3614 4456 ι

366 4491 517 4547 stola:
534 4493 875 4558 excedentes,
895 4495 1236 4564 perspicuam
1255 4495 1478 4550 fecimus
1498 4495 1932 4563 intelligentiam.

2045 4499 2503 4568 συνδιεπλέξαμεν
2531 4515 2547 4532 ο
2600 4502 2758 4569 μόνον
2801 4498 2859 4551 δὲ
2887 4499 2950 4551 τὸ
2987 4499 3047 4562 ἐξ
3081 4497 3256 4570 ἀρχῆς
3288 4499 3474 4568 σχῆμα
3517 4495 3620 4548 τοῦ

363 4585 652 4652 λόγου,είς
686 4587 776 4640 τὸν
834 4588 954 4641 κατ’
1008 4590 1277 4660 ἐρώτησιν
1327 4589 1496 4643 τύπον
1549 4589 1931 4660 ρυθμίσαντες,
1993 4593 2091 4663 τὴν
2135 4593 2229 4646 τοῦ
2288 4593 2615 4664 δηλουμένου
2685 4592 2911 4662 σαφῶς,
2947 4593 2995 4644 εἰ
3041 4592 3133 4646 καὶ
3177 4591 3339 4645 πλέον
3405 4589 3441 4656 ἢ
3491 4604 3620 4644 κατ’

365 4679 672 4750 ἐπιστολὴν,
711 4683 1137 4752 παρεστήσαμεν
1163 4683 1391 4738 ἔννοιαν.

476 4795 806 4861 QUIESTIO
850 4797 1106 4852 CCXXIII
1139 4797 1330 4869 [CoisL
1367 4799 1645 4867 CLXVIII,
1680 4799 1843 4854 Taur.

1017 4889 1299 4961 CLXVHL

361 4975 608 5052 SiVDeus
636 4990 711 5034 est
737 4980 947 5050 ubique,
984 4986 1241 5050 quomodo
1272 4984 1580 5052 mysterium
1606 4999 1709 5052 quo
1741 4985 1793 5034 in
1824 4999 1940 5034 mu-
1977 4993 1986 5006 ί

436 5051 583 5122 lteris
614 5060 762 5103 utero
786 5068 1011 5116 pra'sens
1035 5062 1110 5104 est
1129 5051 1404 5105 accusetur
1423 5056 1446 5107 ?
1463 5051 1638 5116 Certe,
1664 5053 1936 5122 inquiunt,

435 5120 573 5191 quod
613 5122 682 5172 sit
721 5137 950 5188 pru'sctts
986 5124 1041 5175 in
1073 5122 1309 5174 mulieris
1349 5132 1532 5182 utero,
1567 5123 1704 5176 sicut
1737 5120 1791 5174 et
1826 5121 1944 5173 ubi—

435 5208 556 5260 que,
584 5191 731 5244 mtlla
762 5191 1216 5257 estfeclamatio;
1247 5205 1310 5244 ea:
1344 5192 1439 5245 illa
1464 5202 1640 5246 autem
1666 5192 1834 5246 Deum
1867 5192 1945 5244 iu-

435 5271 720 5315 carnatum
754 5262 937 5328 fuisse,
968 5261 1225 5332 quomodo
1252 5271 1299 5316 et
1325 5263 1480 5330 quale
1513 5264 1625 5318 sit?

2552 4797 2890 4850 ΕΡΩΊἮΣῙΣ
2924 4797 3094 4850 ΣΚΓ.

2039 4981 2109 5035 El
2137 4978 2447 5046 παντὰχου
2501 4977 2568 5031 τὸ
2609 4979 2798 5037 Θεῖον.
2843 4978 2970 5044 πῶς
3031 4976 3280 5043 διαϐολὴ
3340 4976 3447 5029 τοῦ
3504 4997 3621 5044 μυ·

2106 5049 2357 5116 στηρίου
2391 5049 2680 5117 γυναικὸς
2705 5049 2901 5117 μήτρᾳ
2932 5049 3240 5113 :tapsfrat;
3275 5047 3408 5109 Ναὶ,
3434 5048 3618 5116 φασὶ,

2109 5118 2384 5186 παρεῖναι
2407 5118 2523 5186 μὲν
2559 5121 2766 5185 γαστρὶ
2797 5117 3100 5184 γυναικὸς,
3123 5119 3204 5182 ὡς
3235 5118 3332 5172 καὶ
3380 5133 3618 5170 παντο-

2113 5189 2248 5256 χοῦ,
2281 5189 2529 5251 οὐδεμία
2553 5188 2802 5254 διαϐολή
2825 5205 2839 5218 ·
2870 5187 3253 5256 σαρκωθῆναι
3276 5187 3344 5240 δὲ
3376 5187 3529 5241 Θεὸν
3543 5187 3618 5250 ἐξ

2111 5257 2320 5326 αὐτῆς,
2355 5256 2480 5323 πῶς
2510 5256 2638 5311 οἷόν
2665 5257 2729 5311 τὲ
2767 5259 2976 5323 ἑστιν;
3513 5286 3522 5294 .

581 5376 723 5428 Edita
746 5393 774 5428 a
807 5377 928 5428 Maio
957 5380 1108 5442 (Nov.
1135 5377 1259 5430 Coll.
1298 5385 1333 5429 ι.
1369 5379 1578 5440 lX,'lll,
1615 5378 1743 5441 112).
1780 5403 1841 5413 -
1866 5378 1943 5429 De
1969 5375 2076 5426 Deo
2099 5375 2284 5438 ubique
2310 5380 2555 5438 praesente
2578 5381 2629 5424 et
2659 5375 2721 5425 de
2756 5377 2992 5437 mysterio
3025 5373 3391 5424 incarnationis.

455 5461 522 5516 l‘u
552 5480 683 5534 ergo
705 5504 721 5530 ,
757 5480 790 5519 0
819 5466 995 5520 amice
1016 5507 1030 5532 ,
1074 5466 1476 5522 accusationem
1525 5476 1714 5521 contra
1747 5474 1946 5536 myste-

2126 5463 2354 5528 Οὐκοῦν,
2385 5461 2430 5517 ὦ
2458 5463 2718 5535 βέλτιστε,
2753 5463 2847 5517 καὶ
2877 5463 3036 5530 agito;
3083 5464 3179 5534 τῆς
3211 5462 3308 5533 μὲν
3343 5459 3481 5513 κατὰ
3515 5458 3615 5512 τοῦ

1645 5577 1880 5633 VARle
1925 5574 2328 5633 LECTIONES.

450 5704 475 5730 υ
513 5694 732 5764 ταύτην.
811 5705 838 5733 τ
870 5697 1099 5760 πὰντως.
1216 5712 1237 5740 κ
1272 5697 1497 5768 ἐρήμου.
