3876 6216
255 300 384 367 1M3

940 298 1039 359 AD
1090 295 1682 358 AMPHILOCHIUM
1731 291 2080 367 QUIESTIO
2123 294 2455 371 CCXXIII,
2518 299 2815 366 CCXXIV.

3348 306 3489 375 1014

255 416 546 491 μυστηρίου
596 412 849 483 διαϐολῆς
878 415 975 466 καὶ
1028 414 1177 468 ἄκων
1226 412 1451 483 ἐξέστης
1478 427 1492 441 ⁸
1528 410 1789 465 λανθάνει.

1917 408 2057 463 rium
2093 407 2295 465 invitus
2324 409 2630 480 reliquisti,
2672 423 2727 468 et
2752 415 2870 484 ipse
2892 430 2959 470 ex
2994 408 3218 473 inimico
3262 418 3317 474 in
3353 423 3490 475 ami-

249 512 292 565 δ’
324 511 485 563 αὐτὸν
536 506 655 561 ἀντὶ
708 505 967 576 πολεμίου
1011 508 1091 568 είς
1141 505 1241 574 τὴν
1290 504 1401 556 τῶν
1435 503 1604 573 φίλων
1656 504 1810 568 τάξιν

253 601 606 674 μεταϐαίνων.
649 600 708 652 '0
741 599 846 669 γὰρ
888 598 1046 667 ἀφεὶς
1084 597 1182 667 μὲν
1214 597 1314 667 τὴν
1341 597 1616 664 διαϐολὴν,
1671 596 1806 651 ἀπό-

247 698 402 761 δειξιν
430 698 486 749 δὲ
515 695 604 749 τοῦ
635 696 995 765 προκειμένου
1024 695 1221 764 ζητῶν,
1270 694 1330 746 ού
1362 693 1428 746 δι’
1456 685 1532 745 ὧν
1583 692 1658 763 μὴ
1701 694 1809 745 ἁπ-

248 788 428 859 αχθείη
466 787 562 855 τῆς
616 785 773 855 δόξης
799 785 1111 854 φιλονεικεῖ,
1144 784 1259 837 ἀλλ’
1308 779 1389 846 οἷς
1422 783 1488 836 ἂν
1519 783 1613 836 καὶ
1646 784 1806 847 αὐτὸς

245 880 441 947 ταύτην
469 877 850 948 προσδέξηται.
887 876 1080 930 Καίτοι
1120 875 1199 945 τῷ
1227 875 1365 945 πρὸς
1402 874 1576 928 ταῦτα
1630 891 1810 946 παρα-

247 968 647 1038 σκευαζομένῳ,
683 968 843 1038 ἠρκει
877 967 1115 1022 συνιέναι
1144 967 1241 1037 τὴν
1292 966 1546 1036 ἀλήθειαν
1596 966 1807 1037 καθάρ-

247 1075 351 1113 σιον
384 1060 481 1129 τῆς
513 1059 771 1129 διαϐολῆς
806 1060 901 1113 τοῦ
938 1058 1347 1129 προϐλήματος.
1372 1060 1450 1112 Δι’
1478 1053 1553 1113 ὧν
1579 1059 1689 1131 γάρ
1720 1076 1807 1123 τις

241 1152 315 1214 ὡς
337 1152 537 1206 ἄτοπον
572 1150 786 1220 φεύγει,
822 1153 871 1205 εί
894 1151 1051 1205 τοῦτο
1110 1151 1320 1204 κατίδοι
1373 1150 1447 1222 μὴ
1507 1150 1667 1220 μόνον
1702 1167 1809 1222 μη-

242 1244 427 1313 δεμίαν
484 1243 607 1313 ἔχον
662 1244 893 1297 ἀτοπίαν
919 1284 935 1310 ,
978 1243 1119 1299 ἀλλά
1156 1243 1253 1297 καὶ
1292 1243 1451 1311 λόγου
1510 1244 1806 1313 συμϐαῖνον

239 1336 499 1405 ἀνάγκην,
532 1335 650 1398 πῶς
674 1335 795 1407 οὐχὶ
825 1336 965 1407 μετά
995 1336 1097 1407 τὴν
1121 1335 1396 1403 ἀποϐολὴν
1424 1336 1523 1405 τῆς
1548 1335 1804 1405 διαϐολῆς

238 1427 332 1481 οὐκ
358 1427 562 1497 ὀφείλει
580 1427 1053 1497 περιπτύσσεσθαι
1068 1426 1259 1493 τοῦτο;
1280 1426 1567 1481 ’Λδύνατον
1592 1428 1760 1499 ἀρετή
1784 1443 1799 1494 ;

236 1518 345 1572 ἀλλ’
368 1520 546 1584 ἔδειξα
587 1519 819 1583 πολλοὺς
868 1520 1170 1589 μετιόντας.
1210 1519 1423 1573 Οὐκοῦν
1472 1520 1532 1573 τὸ
1579 1521 1804 1575 δυνατὸν

233 1610 556 1682 ἀντεισήχθη
582 1628 599 1643 ’
622 1610 717 1665 καὶ
748 1610 839 1664 τὸν
868 1612 997 1681 πρὶν
1026 1610 1262 1679 φυγάδα.
1284 1612 1399 1664 νυνὶ
1429 1611 1635 1678 ταύτης
1661 1608 1800 1665 εἶναι

234 1704 310 1756 δεῖ
327 1703 571 1773 πολίτην.
610 1702 879 1774 Βλαϐερὸν
911 1705 946 1774 ἡ
973 1704 1203 1775 ἀνδρίας
1232 1703 1367 1759 ἀλλά
1393 1703 1704 1757 λυσιτελοῦν
1718 1704 1798 1757 εῐ-

231 1809 331 1863 περ
386 1810 437 1846 τι
466 1792 599 1846 ἀλλο
658 1792 977 1863 παρέστησα
1025 1794 1104 1864 τῷ
1153 1794 1273 1864 βίῳ.
1308 1795 1517 1847 Οὐκοῦν
1571 1795 1797 1863 γέγονεν

232 1883 451 1952 ὲραστὸν
479 1883 583 1951 τὴν
628 1882 832 1954 βλάϐην
860 1883 962 1936 οὐκ
987 1882 1130 1954 έχον,
1171 1884 1199 1937 ὃ
1227 1884 1457 1954 μισητὸν
1488 1884 1663 1937 ἐδόκει
1706 1882 1797 1936 διά

229 1973 322 2043 τὴν
351 1973 576 2043 βλάϐην.
620 1974 905 2027 Ἀδύνατον
934 1975 1069 2027 θεὸν
1108 1975 1306 2045 γαστρὶ
1332 1974 1604 2047 παρθένου
1654 1991 1796 2045 παρ-

229 2068 397 2133 εῖναι;
434 2067 900 2138 Συνωμολόγησας
923 2068 1005 2121 ὅτι
1035 2068 1236 2138 μᾶλλον
1266 2067 1528 2123 ἀδύνατον
1556 2070 1631 2140 μὴ
1660 2086 1797 2139 παρ’

226 2161 375 2213 εἶναι.
408 2159 569 2221 Τίνος
603 2159 787 2211 λοιπὸν
819 2160 1013 2229 ἑτέρας
1047 2162 1397 2230 κατασκευῆς
1428 2161 1490 2214 τὸ
1547 2162 1793 2232 προϐλη-

228 2249 314 2302 θὲν
342 2251 513 2304 δεῖται
538 2250 730 2315 ;“Αλλά
759 2251 863 2322 χρή
899 2268 986 2319 με,
1015 2252 1171 2323 φησὶ,
1205 2253 1397 2322 μαθεῖν
1428 2252 1523 2306 καὶ
1545 2254 1662 2316 πῶς
1680 2248 1792 2307 οἶόν

224 2342 279 2392 τέ
310 2342 421 2395 ἐστι
451 2341 826 2411 σαρκωθῆναι,
863 2344 1065 2412 μᾶλλον
1095 2344 1152 2397 δὲ
1200 2345 1248 2397 εί
1284 2344 1345 2397 τὸ
1374 2348 1631 2415 παρεῖναι
1662 2347 1793 2415 σάρ-

224 2446 382 2494 κωσις
413 2431 554 2485 Θεοῦ
611 2432 713 2485 οὐκ
763 2432 830 2487 ἂν
881 2434 1101 2502 φθάνοις
1127 2435 1329 2497 παντὸς
1379 2432 1519 2497 ζώου
1577 2436 1791 2506 μορφὴν

223 2522 387 2592 τούτῳ
410 2524 743 2592 περιϐαλών.
777 2524 890 2577 Νῦν
918 2525 1103 2578 οὐκέτι
1144 2525 1252 2578 τῶν
1306 2526 1623 2596 φιλούντων,
1672 2527 1788 2580 ἀλλ’

222 2613 295 2674 εἰς
340 2612 433 2681 τὴν
490 2612 604 2665 τῶν
667 2612 941 2683 πολεμίων
991 2614 1152 2667 πάλιν
1200 2614 1399 2685 ἔχθραν
1453 2616 1786 2684 ὲπανῆλθες·

223 2705 353 2774 πλὴν
374 2701 453 2767 οἷς
479 2705 583 2775 τὴν
612 2700 781 2777 ἧτταν
811 2706 968 2775 ἔσχες
997 2708 1056 2759 ἐν
1086 2710 1197 2771 τοῖς
1228 2706 1612 2779 προλαϐοῦσιν,
1664 2708 1789 2761 οὐδὲ

220 2794 274 2845 ἐν
300 2795 511 2859 τούτοις
556 2813 639 2848 σοι
670 2796 729 2849 τὸ
766 2796 841 2866 μὴ
884 2800 1072 2850 πεσεῖν
1116 2798 1268 2849 ἔσται
1321 2798 1788 2869 παραταττομένῳ

221 2886 352 2938 κατά
381 2888 479 2955 τῆς
510 2886 768 2955 ἀληθείας
799 2905 813 2919 ο
848 2888 939 2941 καί
983 2906 1045 2957 γε
1078 2890 1212 2958 πρὸς
1245 2889 1338 2941 τὸν
1388 2890 1787 2960 ἀκροϐολισμὸν

218 2974 551 3047 διανάστηθι.
614 2979 770 3030 Ἔστι
819 2995 902 3040 τις
964 2977 1266 3043 ἀνθρώπων
1308 2978 1536 3048 πρόνοια
1586 2980 1786 3049 μᾶλλον

217 3066 383 3139 Θεῷἢ
429 3068 547 3121 τῶν
587 3067 858 3137 ἀγελαίων
908 3069 1095 3133 (diem;
1150 3071 1263 3122 Οὐκ
1308 3070 1372 3122 ἂν
1415 3071 1643 3140 φήσεις·
1693 3072 1785 3124 καὶ
1812 3104 1857 3166 C

215 3157 316 3226 γὰρ
345 3157 436 3210 καὶ
479 3156 692 3210 τούτων
724 3158 758 3227 ἡ
796 3158 1125 3229 δημιουργία
1166 3160 1259 3211 καὶ
1316 3161 1347 3228 ἡ
1411 3162 1637 3231 πρόνοια
1697 3161 1785 3215 διά

214 3245 305 3315 τὴν
334 3247 440 3299 τῶν
474 3246 785 3318 ἀνθρώπων
815 3248 1022 3318 χρείαν.
1059 3248 1269 3302 Οὐκοῦν
1308 3250 1430 3301 οὐδὲ
1476 3250 1680 3319 ὁμοίως
1726 3252 1786 3305 ὲν

214 3336 521 3408 ἀνθρώποις
544 3356 603 3390 τε
622 3340 714 3391 καὶ
742 3342 853 3401 τοῖς
881 3338 1063 3403 ἄλλοις
1099 3339 1258 3403 ζώοις
1293 3343 1324 3411 ἡ
1348 3342 1440 3393 τοῦ
1473 3341 1616 3395 θείου
1642 3359 1786 3413 παρ-

212 3430 378 3485 ούσία.
424 3433 528 3484 Ἑν
560 3431 667 3501 γὰρ
700 3430 757 3484 ὃν
790 3433 883 3485 καὶ
908 3432 1268 3503 ἀπληθύντως
1294 3434 1662 3505 πληθύνεσθαι
1698 3434 1785 3487 λέ-

212 3538 391 3588 γεται⁶
421 3524 571 3579 ὥστε
604 3541 684 3577 σοι
718 3527 775 3577 αἱ
817 3525 1010 3579 πολλαὶ
1045 3527 1250 3597 μορφαὶ
1300 3528 1381 3589 είς
1438 3527 1566 3597 μίαν
1616 3526 1784 3596 μόνην

210 3621 303 3687 τὴν
346 3622 653 3693 ἀνθρώπων
700 3622 1091 3694 διηλάσθησαν.
1153 3624 1316 3693 Ὁρᾷς
1357 3624 1502 3687 ὅπως
1544 3622 1783 3694 εὐχερῶς

209 3714 236 3766 ὁ
262 3718 353 3785 τῆς
380 3716 643 3779 ἀπιστίας
678 3716 1010 3769 καταπίπτει
1047 3717 1354 3787 πρόμαχος.
1386 3718 1495 3768 Καὶ
1513 3716 1565 3768 τί
1601 3715 1778 3780 τοῦτο;

210 3809 396 3878 φησίνο
427 3811 498 3864 ΕΞ
528 3810 637 3879 γὰρ
671 3809 897 3861 καὶτῶν
925 3809 1099 3863 ἀλλων
1142 3808 1296 3873 ζώων
1345 3808 1442 3871 τὰς
1486 3808 1699 3879 μορφὰς
1753 3808 1782 3860 ὁ

208 3898 371 3965 Λόγος
398 3899 765 3967 ὑπεξέφυγεν,
807 3900 920 3953 ἀλλ’
953 3899 1043 3952 οῦν
1072 3900 1133 3952 τὸ
1163 3900 1235 3970 μὴ
1268 3899 1374 3952 ἀπὸ
1414 3901 1542 3969 μιᾶς
1582 3899 1781 3969 παρθέ-

208 4006 314 4055 νου,
357 3991 473 4045 ἀλλ’
505 3993 570 4044 ἐκ
603 3991 792 4045 πασῶν
819 3992 1095 4060 γυναικῶν
1135 3994 1229 4045 καί
1253 3992 1540 4061 παρθένων
1570 3993 1780 4063 σάρκω-

207 4098 287 4135 σιν
310 4082 494 4152 λέγειν
536 4083 905 4139 ὑπολείπεται,
949 4084 1112 4149 Ἀλλ’,
1149 4078 1193 4136 ὦ
1219 4084 1409 4154 ἀγαθὲ,
1436 4084 1645 4154 φανερά
1678 4084 1779 4154 μὲν

207 4176 480 4231 κάνταῦθα
518 4178 551 4243 ἡ
584 4176 693 4229 τῶν
722 4179 1095 4246 ἀναισχύντων
1129 4180 1185 4231 ὲν
1213 4176 1291 4240 οἷς
1346 4178 1589 4247 ἔφθασαν
1621 4180 1777 4230 ἀναι-

207 4270 627 4339 οχυντήσαντες,
660 4267 863 4330 πτῶσις
885 4286 898 4299 ·
923 4269 1071 4338 ὅμως
1087 4268 1178 4321 οῦν
1208 4269 1282 4330 ὡς
1308 4269 1454 4321 δοκεί
1470 4268 1777 4321 ἀναστάντα

208 4393 223 4408 .
255 4394 269 4410 .
306 4397 321 4411 .
357 4360 666 4429 ἀποχρήσει
697 4376 785 4427 μοι
812 4358 973 4412 πάλιν
1000 4376 1057 4411 σε
1094 4363 1206 4423 τοῖς
1251 4364 1435 4429 σοφοῖς
1494 4360 1774 4413 καταϐάλ-

1913 516 2102 556 corum
2150 512 2333 557 castra
2385 503 2591 559 inscius
2664 509 2949 564 transiisti.
3025 510 3129 575 Qui
3174 513 3321 567 enim
3391 531 3488 567 ne-

1913 594 2083 660 glecta
2108 598 2460 651 accusatione
2486 600 2750 667 propositi
2778 600 3304 661 demonstrationem
3332 625 3483 677 ιμιιυ-

1910 689 2003 751 rit,
2027 702 2136 741 non
2167 688 2236 742 de
2264 688 2347 742 his
2383 705 2506 759 qua:
2532 691 2685 745 illum
2708 707 2738 746 a
2763 695 3034 750 credendo
3064 714 3174 752 non
3203 704 3487 754 removent

1911 778 2194 847 disputat,
2235 782 2329 835 sed
2368 783 2432 835 de
2484 783 2567 836 his
2617 794 2840 854 propter
2889 803 3010 856 qua:
3052 789 3182 843 illud
3237 793 3485 861 accipere

1910 872 2107 941 possit.
2135 870 2306 927 Porro
2333 872 2409 926 illi
2443 875 2537 942 qui
2572 874 2675 929 isto
2722 876 2886 931 modo
2933 892 3054 935 sese
3101 879 3302 945 habet,
3340 884 3477 936 satis

1907 968 1993 1014 est
2025 967 2086 1013 ut
2124 961 2392 1030 propositi
2432 961 2721 1016 veritatem
2770 963 2840 1017 ab
2878 966 3226 1020 accusatione
3254 968 3481 1023 liberam

1904 1048 2209 1120 intelligat;
2239 1052 2331 1120 qui
2368 1052 2513 1106 enim
2539 1052 2745 1123 aliquid
2776 1053 2952 1122 rejicit
2986 1064 3045 1110 ut
3076 1055 3399 1123 absurdum,
3431 1064 3478 1116 si

1908 1139 2041 1195 illud
2065 1140 2268 1195 viderit
2300 1154 2409 1194 non
2443 1141 2623 1195 solum
2650 1141 2855 1195 nullam
2887 1142 3282 1198 absurditatem
3308 1145 3480 1199 invol~

1905 1246 2071 1298 vens,
2106 1232 2204 1287 sed
2232 1243 2287 1287 et
2314 1233 2541 1288 rationis
2570 1231 2861 1287 fundatum
2908 1234 3228 1304 principiis,
3276 1252 3481 1299 nonne,

1905 1322 2150 1393 deposita
2191 1324 2562 1389 accusatione,
2597 1325 2729 1379 illud
2762 1326 3014 1394 amplecti
3052 1326 3239 1381 debet.
3268 1325 3477 1395 Impos-

1905 1413 2082 1469 sibilis
2117 1423 2204 1469 est
2231 1414 2459 1469 virtus?
2502 1413 2598 1468 sed
2639 1414 2841 1468 multos
2887 1414 3032 1468 illam
3066 1426 3356 1483 sequentes
3386 1432 3477 1470 ex-

1904 1504 2080 1569 hibui,
2115 1520 2247 1573 ergo
2288 1504 2365 1559 illi
2412 1505 2744 1572 possibilitas
2778 1505 3073 1561 substituta
3122 1506 3262 1571 fuit;
3301 1516 3355 1561 et
3382 1509 3473 1576 qui

1902 1595 2138 1664 primum
2166 1595 2312 1649 illam
2344 1595 2645 1665 rejiciebat,
2672 1612 2817 1650 nunc
2846 1597 3021 1666 ipsum
3050 1597 3195 1675 illius
3222 1613 3344 1653 esse
3367 1614 3477 1654 ser-

1907 1700 2033 1740 vum
2068 1696 2299 1755 oportet.
2332 1684 2571 1741 Funesta
2602 1695 2687 1742 est
2716 1686 3024 1741 fortitudo?
3053 1688 3146 1742 sed
3175 1688 3319 1743 illam
3352 1691 3475 1744 vita:

1824 1747 1872 1807 Β
1907 1747 2121 1843 utilem;
2151 1777 2195 1833 si
2226 1777 2353 1847 quid
2384 1786 2468 1832 est
2501 1778 2668 1843 aliud,
2696 1778 2939 1833 exhibui.
2974 1777 3115 1847 Ergo
3149 1779 3344 1832 factum
3391 1791 3476 1835 est

1889 1869 2174 1935 amabile,
2227 1884 2293 1924 ex
2338 1884 2405 1924 eo
2438 1870 2585 1940 quod
2622 1870 3008 1925 detrimentum
3040 1886 3149 1924 non
3186 1875 3469 1941 producat,

1902 1961 2045 2031 quod
2085 1970 2144 2016 ut
2177 1962 2379 2016 odibile
2404 1961 2636 2016 dabatur
2674 1972 2895 2032 propter
2920 1965 3331 2019 detrimentum.
3364 1963 3471 2017 lm-

1902 2053 2163 2123 possibile
2199 2063 2284 2109 est
2314 2052 2481 2107 Deum
2510 2054 2565 2108 in
2600 2054 2825 2124 virginis
2860 2064 3015 2110 utero
3044 2056 3276 2110 adesse?
3305 2054 3472 2125 Magis

1901 2160 2024 2200 esse
2051 2144 2393 2215 impossibile
2419 2146 2570 2199 illum
2601 2161 2707 2200 non
2743 2147 2932 2202 adesse
2961 2146 3253 2202 confessus
3284 2147 3468 2211 fuistif;

1901 2240 2047 2308 quali
2088 2242 2317 2310 posthac
2343 2241 2453 2295 alio
2481 2252 2805 2311 argumento
2827 2243 3069 2313 indigeat
3089 2243 3471 2313 propositum?

1902 2332 2010 2388 Sed
2046 2342 2262 2403 oportet
2291 2349 2377 2387 me.
2401 2374 2415 2398 ,
2466 2334 2641 2402 inquit
2666 2373 2681 2397 ,
2736 2334 2949 2389 discere
2981 2334 3115 2404 quid
3138 2344 3191 2389 et
3214 2336 3375 2404 quale
3402 2316 3483 2389 sit,

1899 2425 2173 2481 incarnari
2203 2467 2218 2491 ,
2253 2427 2336 2480 vel
2365 2427 2547 2496 petius
2590 2436 2771 2481 utrum
2802 2424 2938 2480 illud
2980 2427 3121 2495 quod
3157 2427 3359 2481 dicitur
3384 2426 3469 2480 in-

1898 2519 2144 2572 carnatio
2200 2517 2295 2571 Dei
2351 2534 2460 2572 non
2494 2518 2768 2573 inveneris
2811 2518 2991 2574 omnis
3020 2518 3248 2573 viventis
3293 2519 3469 2573 forma

1897 2610 2151 2665 induens.
2233 2610 2393 2664 Nunc
2458 2626 2564 2664 non
2642 2611 2754 2679 jam
2828 2612 3128 2664 amicorum
3186 2626 3284 2676 cs,
3374 2610 3468 2665 scd

1898 2702 2123 2757 hostiles
2161 2703 2549 2759 insectationes
2591 2705 2785 2759 iterum
2825 2703 3108 2773 repetiisti.
3142 2703 3259 2757 Non
3290 2705 3465 2758 solum

1899 2794 1952 2847 in
1987 2795 2150 2849 rebus
2184 2810 2350 2864 supra
2381 2796 2644 2865 expositis
2682 2795 2905 2871 inferior
2944 2795 3133 2861 fuisti,
3184 2795 3277 2850 sed
3325 2804 3378 2850 et
3412 2796 3465 2848 in

1896 2885 2018 2940 istis
2063 2901 2169 2943 non
2220 2887 2467 2954 superari
2517 2902 2625 2941 non
2678 2888 2880 2956 poteris
2932 2894 3125 2941 contra
3180 2887 3465 2940 veritatem

1894 2989 2255 3046 praeparatus.
2287 2975 2443 3032 Nunc
2485 2993 2616 3047 ergo
2656 2978 2722 3031 ad
2767 2992 3006 3047 pugnam
3049 2990 3232 3045 surge.
3297 2974 3465 3029 Estne

1895 3069 2077 3137 aliqua
2111 3068 2201 3123 Dei
2232 3084 2361 3139 erga
2397 3069 2646 3124 homines
2688 3068 3029 3138 providentia
3076 3067 3257 3137 potius
3299 3082 3462 3135 quam

1890 3176 2018 3231 erga
2046 3162 2406 3215 animantium
2442 3161 2733 3216 armenta?
2764 3160 2996 3230 Negabis
3025 3158 3202 3226 forte;
3228 3168 3465 3214 attamen

1892 3252 2121 3307 istorum
2163 3254 2369 3307 ereatio
2401 3262 2454 3308 et
2493 3254 2832 3322 providentia
2864 3268 2973 3306 non
3004 3261 3090 3307 est
3120 3252 3226 3306 nisi
3261 3251 3326 3305 ad
3372 3251 3467 3306 ho-

1890 3346 2097 3398 minum
2134 3346 2417 3399 utilitatem
2448 3363 2461 3399 :
2492 3362 2597 3401 non
2639 3362 2771 3416 ergo
2802 3346 2991 3401 eadem
3022 3352 3105 3400 est
3132 3344 3186 3397 in
3220 3343 3465 3398 homini-

1889 3437 1992 3490 bus
2028 3445 2083 3491 et
2134 3437 2185 3491 in
2230 3437 2364 3497 aliis
2418 3437 2686 3492 creaturis
2728 3437 2823 3491 Dei
2862 3436 3232 3507 providentia.
3280 3435 3463 3494 Unum

1886 3530 2033 3582 enim
2062 3545 2185 3583 eum
2228 3530 2318 3594 sit,
2360 3537 2413 3583 et
2446 3531 2499 3584 in
2532 3530 2848 3583 diversitate
2880 3544 2989 3583 non
3030 3527 3330 3596 multiples,
3366 3527 3466 3581 im-

1887 3638 2109 3675 mensus
2127 3622 2323 3676 dicitur
2355 3622 2471 3676 sine
2501 3621 2916 3690 multiplicitate,
2964 3620 3035 3674 ita
3068 3628 3127 3671 ut
3149 3617 3332 3673 multa“.
3353 3615 3465 3671 for-

1885 3732 1988 3770 ma:
2034 3716 2101 3769 ad
2154 3732 2318 3769 unam
2365 3715 2711 3769 solummodo
2765 3716 3061 3768 humanam
3106 3711 3464 3766 reducantur.

1886 3807 2051 3863 Vides
2086 3820 2292 3877 quanta
2332 3808 2596 3863 facilitate
2630 3808 2738 3861 ruit
2778 3807 3016 3875 primum
3060 3802 3463 3858 incredulitatis

1882 3900 2184 3953 munimen.
2225 3900 2330 3953 Sed
2362 3899 2427 3952 ad
2456 3899 2586 3967 quid
2628 3898 2800 3952 illud?
2839 3897 3037 3965 inquit,
3071 3894 3118 3949 si
3147 3893 3291 3948 enim
3326 3885 3483 3947 alio?

1882 4005 2003 4043 rum
2050 3988 2411 4043 animantium
2458 3989 2660 4042 formas
2692 3988 2934 4041 Verbum
2968 4001 3079 4039 non
3107 3983 3305 4047 induit,
3333 3983 3464 4038 reli-

1880 4098 2048 4152 quum
2098 4092 2183 4137 est
2222 4092 2280 4135 ut
2313 4097 2419 4135 non
2464 4081 2531 4134 ab
2559 4096 2668 4135 una
2695 4080 2934 4150 virgine,
2972 4077 3067 4133 sed
3107 4092 3173 4131 ex
3203 4077 3463 4133 omnibus

1881 4172 2204 4226 mulieribus
2250 4181 2306 4227 et
2352 4172 2661 4241 virginibus
2700 4172 2837 4226 illud
2891 4172 3242 4227 incarnatum
3288 4173 3463 4229 fuisse

1878 4266 2111 4320 dicatur.
2141 4264 2269 4331 Sed,
2302 4280 2334 4319 0
2359 4265 2555 4328 amice,
2592 4264 2822 4319 visibilis
2850 4273 2935 4319 est
2964 4274 3019 4320 et
3048 4266 3139 4321 hic
3167 4266 3462 4336 impuden-

1880 4357 2011 4411 tium
2040 4356 2199 4427 culpa
2225 4397 2240 4420 ,
2274 4357 2329 4410 in
2372 4357 2574 4427 quibus
2604 4372 2712 4411 non
2760 4358 3066 4413 timuerunt
3106 4374 3227 4414 sese
3257 4359 3462 4413 irreve-

202 4446 311 4502 λειν
339 4451 543 4519 λόγοις.
587 4451 877 4504 Ἀδύνατον
904 4452 1013 4521 γάρ
1041 4451 1205 4522 φαίην
1238 4452 1304 4505 ἂν
1336 4452 1512 4521 ἔγωγε
1571 4452 1774 4522 μᾶλλον

1897 4458 2063 4503 'euter
2108 4450 2329 4503 habere.
2374 4448 2548 4501 Simul
2597 4464 2754 4518 ergo,
2803 4458 2863 4504 ut
2892 4450 3139 4515 videtur,
3205 4466 3457 4505 resurre-

202 4542 289 4595 τὺν
318 4544 462 4611 ἅπαξ
498 4544 852 4614 σαρκωθέντα
878 4544 1138 4613 δευτέρας
1169 4543 1499 4615 σαρκώσεως
1537 4543 1773 4597 δεῖσθαι.

204 4635 407 4690 Οὐκοῦν
440 4637 564 4690 οὐδὲ
600 4636 745 4717 ήδιᾲ
774 4635 958 4689 ποσῶν
997 4634 1106 4689 τῶν
1152 4636 1438 4707 παρθένων
1494 4637 1773 4706 σάρκωσις

202 4723 378 4796 χώραν
405 4727 541 4797 ἔχει,
578 4728 714 4798 μόνη
746 4727 801 4780 δὲ
831 4729 864 4797 ὴ
895 4728 984 4781 διὰ
1017 4729 1167 4799 μιᾶς.

707 4991 1039 5045 ΕΡΩΤΗΣΙΣ
1088 4991 1253 5045 ΣΚΔ¹.

196 5079 457 5153 Πότερον
491 5083 545 5135 οἱ
569 5080 852 5149 δαίμονες
882 5082 1095 5135 ἴσασιν
1117 5083 1197 5147 ὡς
1215 5085 1658 5151 μετανοοῦντες
1677 5084 1772 5153 ἐφ’

262 5146 355 5223 οῖςῖ
371 5146 721 5223 ἐτόλμησάν
744 5146 1019 5222 ἀφίενται
1049 5153 1156 5206 τοῦ
1178 5146 1607 5223 τολμήματος,
1636 5146 1773 5223 ἤτοι

257 5218 420 5299 ἅπαξ
473 5218 1147 5299 deoaosolaé_.1zeadrtec
1220 5218 1323 5277 καί
1393 5218 1510 5293 τὴν
1556 5218 1771 5279 τούτου

259 5293 489 5359 γνῶσιν
520 5293 1058 5360 συναρῃρέθησαη

1879 4550 2025 4595 ctmn
2059 4580 2073 4593 .
2112 4580 2129 4594 .
2160 4579 2175 4594 .
2213 4540 2348 4595 satis
2363 4551 2479 4594 erat
2504 4542 2637 4594 mihi
2672 4552 2725 4595 te
2750 4544 2944 4597 iterum
2976 4543 3314 4613 sapientibus
3340 4558 3460 4597 ver-

1880 4632 1965 4685 bis
2020 4629 2280 4685 refutare.
2333 4630 2501 4701 Magis
2536 4633 2683 4685 enim
2742 4633 3085 4702 impossibile
3132 4634 3312 4688 dicam
3358 4632 3458 4701 ego

1881 4722 2033 4775 illum
2056 4722 2148 4791 qui
2171 4722 2337 4777 semel
2371 4722 2685 4777 incarnatus
2707 4734 2790 4778 est
2817 4724 3057 4779 secunda
3082 4725 3459 4780 incarnatione

1881 4813 2145 4884 indigere.
2195 4812 2305 4869 Nec
2352 4831 2482 4885 ergo
2528 4831 2590 4869 ex
2640 4816 2896 4871 omnibus
2938 4818 3245 4886 virginibus
3277 4818 3457 4873 incar-

1879 4905 2027 4960 natio
2056 4905 2235 4960 locum
2267 4907 2427 4960 habet
2453 4907 2795 4961 solummodo
2826 4917 3006 4962 autem
3042 4925 3108 4963 ex
3150 4926 3281 4964 una.

2289 4997 2620 5063 ρυίΕδΤιο
2646 4999 2901 5053 CCXXIV
2936 5001 3037 5071 (i).

1880 5086 2070 5165 Utrum
2104 5089 2305 5143 diaboli
2334 5092 2505 5165 sciant
2547 5092 2687 5159 quod
2732 5093 3092 5165 pmnitcntiam
3151 5098 3350 5165 agendo
3392 5100 3456 5150 de

1946 5159 2025 5211 his
2050 5175 2167 5229 qua:
2195 5161 2587 5225 commiserunt,
2637 5179 2668 5215 a
2721 5164 2948 5230 peccatis
2973 5159 3343 5230 liberarentur,
3381 5168 3456 5219 rel

1944 5230 2363 5311 utrumfemefa
2392 5232 2654 5299 sapientia
2684 5234 2863 5288 divina
2908 5235 3081 5304 lapsi,
3124 5237 3283 5307 hujus
3317 5239 3457 5290 nuti-

1949 5302 2025 5351 tia
2052 5302 2246 5369 privati
2273 5302 2402 5354 sint.

560 5382 703 5432 Edita
725 5397 753 5431 a
776 5382 898 5431 Maio
936 5383 991 5443 (l.
1029 5398 1073 5432 c.
1101 5399 1146 5446 p.
1176 5384 1298 5445 112).
1325 5411 1385 5421 —
1405 5386 1480 5435 De
1506 5389 1749 5451 lapsorum
1770 5392 2063 5452 angelorum
2098 5405 2187 5440 seu
2218 5393 2493 5443 daemonum
2527 5394 2811 5459 cognitione
2844 5403 2898 5448 et
2927 5404 3078 5449 statu.

276 5461 415 5516 Ἀλλ’
450 5465 498 5517 εἰ
530 5464 629 5536 μὲν
662 5464 722 5517 τὸ
749 5465 1034 5536 πρότερον,
1084 5464 1200 5529 πῶς
1238 5467 1528 5538 ἀσώματος
1594 5464 1754 5539 φύσις

1938 5469 2094 5537 Quod
2136 5476 2179 5528 si
2223 5476 2459 5545 primum
2507 5480 2754 5547 dicatur,
2798 5482 3076 5551 quomodo
3128 5481 3452 5554 incorporea

1728 5606 1939 5664 ΝΟΤίΕ

234 5712 311 5785 (l)
352 5713 465 5776 llac
489 5720 791 5791 quzcstione
817 5732 1005 5777 carent
1039 5732 1154 5778 tum
1180 5722 1547 5778 Coislinianus
1584 5728 1697 5779 tum
1725 5722 2083 5783 Taurincnsis
2110 5728 2299 5785 codex.
