3854 6216
388 239 532 308 1015

1531 243 1794 306 PHOTII
1828 243 2337 306 PATRIARCH/E
2374 243 2485 304 CP.

3485 248 3614 317 1016

382 361 600 417 natura,
631 365 731 408 nec
762 359 915 408 tanto
938 352 1128 408 carnis
1147 363 1316 409 onere
1335 363 1560 422 gravato
1593 354 1684 410 illa
1710 371 1833 426 qua:
1854 355 1960 411 sibi

2078 357 2161 409 ml.
2186 353 2325 426 μηδὲ
2353 355 2648 418 τοσαύταις
2683 353 2951 426 βαρύτησι
3009 352 3214 424 σαρκὸς
3265 355 3620 432 καθελκομένη

375 444 629 511 .su'bjecta
668 451 753 496 est
799 443 1042 498 deterior
1089 444 1292 498 lierct?
1329 443 1482 498 Multi
1524 445 1671 500 enim
1713 445 1964 500 homines

374 533 458 589 ad"
483 536 816 605 profundum
841 537 968 591 mali
993 537 1264 607 perventi,
1291 552 1388 607 per
1403 537 1780 606 pmnitentiam
1805 553 1963 593 suam

376 629 615 697 primam
662 629 878 683 vitendi
938 629 1206 682 rationem
1264 639 1617 698 superarunt.
1679 628 1736 683 Si
1779 639 1962 684 autem

379 731 508 792 post
547 722 765 776 illorum
813 723 1026 791 lapsum
1079 722 1306 776 omnino
1349 721 1596 776 audacia:
1642 733 1696 776 et
1732 738 1965 778 conver-

379 814 564 868 sionis
597 814 751 868 inscii
785 813 914 868 lacti
943 825 1094 879 sunt,
1137 823 1190 868 et
1223 814 1304 868 sic
1329 813 1382 866 in
1403 812 1696 882 profundis
1728 814 1965 871 tenebris

381 906 665 973 rugientes
693 907 1034 974 sepeliuntur
1056 949 1071 972 ,
1113 905 1390 975 quomodo
1433 905 1501 960 ad
1543 907 1811 962 malitiam
1839 921 1964 961 om-

388 1011 516 1050 nem
565 1012 786 1052 sensum
832 1007 1182 1066 superantem
1224 1013 1332 1050 non
1379 998 1662 1067 impeliant
1691 999 1962 1067 homines,

380 1088 446 1142 in
476 1088 678 1157 quibus
710 1105 884 1158 neque
932 1103 1063 1142 cura
1091 1104 1235 1158 saepe
1275 1089 1502 1143 deduxit
1553 1089 1621 1144 ad
1667 1105 1774 1144 non
1815 1089 1966 1144 dete-

375 1182 557 1252 genda
611 1195 830 1253 peccata
889 1183 1048 1237 simul
1091 1184 1332 1237 excitant
1375 1190 1430 1237 et
1476 1183 1803 1236 attrahunt?
1847 1181 1964 1238 Tua

373 1290 536 1346 ergo,
570 1287 626 1330 ut
675 1285 806 1346 puto
828 1318 843 1342 ,
880 1277 924 1330 si
964 1278 1145 1346 plures
1177 1291 1462 1331 sermones
1495 1277 1548 1329 in
1581 1291 1754 1331 unum
1784 1277 1963 1348 magis

375 1370 832 1423 coadunarentur
855 1411 870 1433 ,
923 1369 1048 1423 talis
1094 1378 1240 1422 esset
1289 1369 1593 1438 propositio
1624 1386 1636 1422 :
1667 1369 1852 1439 lapsus
1881 1377 1966 1424 est

372 1460 634 1516 diabolus
667 1475 682 1512 :
723 1461 1000 1530 quomodo
1035 1461 1418 1530 pmnitentiam
1448 1461 1619 1529 agat?
1653 1461 1747 1514 sed
1787 1460 1966 1516 obeat-

371 1564 538 1611 catus
561 1561 681 1608 est:
714 1555 858 1607 unde
885 1553 985 1606 ista
1023 1551 1362 1606 obczecatio?
1407 1552 1520 1621 ipse
1551 1553 1694 1606 enim
1729 1552 1964 1606 aliorum

372 1647 770 1703 obczecationis
813 1661 981 1700 causa
1024 1655 1127 1700 est.
1163 1644 1450 1711 Quomodo
1480 1659 1611 1716 ergo
1650 1645 1962 1698 obcaecatus

2064 449 2161 517 τῆς
2207 447 2314 501 ὐπὸ
2369 446 2564 500 τούτου
2620 445 2990 516 συνεχομένης
3041 443 3243 514 χείρων
3299 447 3624 518 γεγένηται;

2066 538 2260 592 Πολλοὶ
2288 538 2396 610 γὰρ
2430 536 2736 608 ἀνθρώπων
2767 537 2846 599 εἰς
2878 535 3106 605 ἔσχατον
3135 535 3423 600 ἐλάσαντες
3463 541 3625 594 κακοῦ

2064 629 2154 683 διὰ
2182 627 2472 699 μετανοίας
2505 629 2600 682 καὶ
2626 629 2724 699 τῆς
2755 627 3032 698 προτέρας
3058 627 3241 689 αὐτοῖς
3267 627 3486 697 ἐνούσης
3535 647 3628 682 πο-

2065 721 2271 785 λιτείας
2301 718 2714 793 ὐπερῄρθησαν.
2743 722 2805 774 Εἰ
2834 721 2892 775 δὲ
2922 719 3060 791 μετὰ
3082 723 3182 790 τὴν
3211 719 3416 774 πτῶσιν
3462 721 3628 776 διόλου

2067 813 2291 877 τούτους
2325 814 2420 866 καὶ
2452 814 2554 883 τῆς
2579 813 2786 884 τόλμης
2814 815 2910 868 καὶ⁵
2942 813 3038 883 τῆς
3069 813 3488 884 ἐπαναστροφῆς
3514 815 3633 868 ἐλα-

2069 905 2161 958 ϐεν
2191 904 2403 973 ἄγνοια,
2437 905 2534 958 καὶ
2561 903 2705 958 οὕτω
2752 904 2910 974 βαθεῖ
2945 905 3121 974 σκότῳ
3175 905 3478 975 μεμυκότες
3511 908 3634 962 καθ-

2067 999 2303 1061 εύδουσι,
2359 999 2479 1061 πῶς
2504 1001 2585 1060 εἰς
2614 998 2954 1068 κακουργίαν
2971 999 3154 1052 πᾶσαν
3184 996 3430 1051 ἐπίνοιαν
3464 999 3628 1070 ὑπερ-

2067 1090 2371 1158 ϐάλλουσαν
2411 1092 2512 1144 οὐκ
2545 1092 2731 1145 ἀνιᾶσι
2763 1090 2896 1154 τοὺς
2926 1089 3248 1161 ἀνθρώπους
3277 1089 3363 1157 ἐφ’
3389 1085 3472 1155 οἷς
3521 1092 3638 1146 οὐδὲ

2071 1183 2361 1253 μελέτησις
2382 1182 2645 1247 πολλάκις
2675 1185 3031 1254 προηγήσατο
3053 1185 3133 1246 εἰς
3157 1183 3499 1254 ἀπορρήτους
3519 1183 3636 1236 τόλ-

2071 1292 2178 1344 μας
2209 1274 2326 1344 ἅμα
2357 1274 2666 1344 ὲρεθίζουσί
2713 1291 2772 1328 τε
2793 1277 2888 1328 καὶ
2917 1273 3354 1344 συγκαθέλκουσι
3382 1290 3398 1339 ;
3433 1273 3505 1328 Τὸ
3547 1275 3639 1345 μὲν

2070 1368 2182 1432 σὸν,
2207 1367 2282 1431 ὡς
2312 1367 2580 1437 ἡγοῦμαι,
2610 1367 2766 1432 εἴτις
2789 1368 2916 1430 τοὺς
2938 1368 3164 1430 πολλοὺς
3183 1366 3640 1438 συνοπτικώτερον

2068 1459 2212 1512 εῐποι
2245 1458 2458 1526 λόγους,
2493 1458 2748 1512 τοσοῦτον
2777 1457 2844 1511 ἂν
2874 1458 2962 1527 εἴη
2993 1458 3316 1529 πρόϐλημα·
3337 1456 3560 1510 ἔπταισε
3586 1457 3643 1510 τὸ

2068 1549 2346 1619 δαιμόνιον
2373 1567 2388 1582 ο
2420 1549 2475 1602 τί
2513 1553 2803 1620 μετανοεῖ;
2869 1551 3013 1604 Ἀλλ’
3066 1549 3343 1622 ἐπωρώθη
3368 1564 3382 1578 °
3419 1549 3578 1602 πόθεν
3609 1550 3641 1619 ἡ

2071 1640 2365 1711 πώρωσις;
2405 1643 2548 1695 Αὐτὸ
2585 1643 2694 1714 γὰρ
2724 1643 2832 1695 τῶν
2867 1643 3043 1695 ἄλλων
3080 1642 3232 1695 αἰτία
3291 1640 3600 1710 πωρώσεως
3627 1655 3638 1668 ·

384 1741 496 1796 sit?
528 1741 621 1796 sed
672 1756 773 1795 nec
824 1742 1132 1794 oberecatos
1187 1739 1367 1794 facere
1420 1747 1477 1793 et
1527 1740 1959 1793 obczecationem

2078 1733 2206 1786 ἀλλὰ
2236 1733 2574 1804 πεπώρωται
2605 1750 2618 1763 ⁸
2655 1735 2774 1798 πῶς
2798 1735 2899 1788 οὐκ
2939 1733 3213 1804 ἐπωρώθη
3246 1751 3261 1798 ;
3337 1733 3473 1785 ‘An’
3527 1731 3645 1785 οὔτε

373 1848 586 1900 augere
619 1842 819 1901 potest.
867 1833 1155 1896 Quomodo
1186 1843 1367 1885 autem
1401 1833 1488 1885 ille
1537 1835 1633 1900 qui
1663 1832 1716 1884 in
1762 1833 1966 1886 bonum

374 1924 612 1978 omnino
645 1924 915 1977 formatus
960 1935 1082 1987 est,
1135 1923 1202 1976 ad
1242 1923 1372 1976 illud
1422 1923 1572 1976 nullo
1609 1925 1792 1986 modo,
1845 1939 1968 1978 sese

387 2017 629 2075 inclinet.
658 2017 726 2070 ad
771 2017 916 2086 quod
949 2027 1131 2068 autem
1164 2032 1272 2069 non
1319 2016 1562 2070 directus
1596 2025 1701 2080 est,
1737 2017 1791 2068 in
1832 2015 1966 2069 illud

375 2126 446 2164 se
477 2108 807 2179 immergat?
851 2118 906 2162 et
934 2109 1065 2178 quid
1110 2108 1252 2163 forte
1303 2110 1407 2162 hoc
1460 2117 1609 2162 esset
1661 2108 1809 2178 quod
1858 2123 1967 2162 non

375 2201 607 2271 dignata
644 2201 913 2256 diabolica
950 2210 1111 2269 gente
1153 2201 1274 2256 illos
1301 2201 1587 2269 suscepit?

804 2315 1130 2384 QUxESTlO
1174 2314 1408 2371 ccxxv
1441 2316 1542 2386 (1).

379 2410 629 2466 Hominis
688 2409 1021 2465 ethnicorum
1079 2412 1309 2477 partium
1366 2408 1594 2462 studiosi
1653 2425 1772 2461 cum
1815 2408 1972 2464 Chri-

455 2484 630 2536 stiano
663 2483 931 2561 dialogus,
965 2498 1056 2537 seu
1095 2482 1272 2549 capita
1300 2480 1542 2550 quwdam
1576 2481 1766 2550 quibus
1799 2480 1974 2534 Trini-

458 2563 541 2607 tas
572 2565 850 2608 asserttur.

2068 1825 2512 1895 πεπωρωμένους
2552 1827 2727 1880 ποιεῖν
2770 1826 2865 1879 καὶ
2923 1826 3175 1891 αὐξάνειν
3240 1824 3343 1894 τὴν
3372 1824 3642 1894 πώρωσιν.

2068 1918 2194 1982 Πῶς
2231 1919 2278 1971 δ’
2307 1920 2397 1972 ἐπ’
2431 1919 2624 1990 ἁγαθῷ
2673 1919 2916 1973 πλασθέν
2956 1920 3093 1982 ὅλως
3148 1919 3375 1972 νένευκε
3415 1917 3512 1986 μὲν
3561 1917 3648 1970 οὐ·

2071 2009 2283 2078 δαμῶς,
2324 2012 2461 2080 πρὸς
2501 2011 2528 2064 ὃ
2559 2011 2617 2064 δὲ
2651 2011 2725 2082 μὴ
2754 2011 3006 2083 προήχθη
3065 2009 3142 2072 ὡς
3194 2011 3378 2062 ἐκεῖνο
3410 2011 3646 2060 καταπέ·

2067 2119 2292 2166 πτωκες
2323 2104 2418 2155 καὶ⁵
2451 2103 2503 2155 τί
2533 2103 2598 2157 ἂν
2635 2104 2813 2156 ἐκεῖνο
2858 2104 2967 2174 εἴη,
3014 2102 3044 2155 ὃ
3096 2101 3173 2172 μὴ
3208 2101 3513 2169 τραπέντος
3564 2096 3654 2151 τοῦ

2063 2191 2344 2262 δαιμονίου
2373 2193 2542 2260 φύλου
2571 2193 2792 2257 τούτους
2817 2192 3153 2258 ὐπεδέξατος

2586 2309 2921 2361 ΕΡΩἸῊΣΙΣ
2958 2307 3128 2360 ΣΚΡΥ.

2081 2397 2182 2465 Ὠς
2219 2399 2289 2452 ἐν
2345 2401 2609 2466 διαλέξει
2653 2399 3094 2469 *ἑλληνίζων-τος
3151 2399 3261 2452 καὶ
3307 2395 3657 2469 Χριστιανοῦ

2174 2470 2492 2540 κεφάλαια,
2525 2473 2612 2526 δι’
2637 2466 2725 2526 ὦν
2755 2466 3271 2532 κατασκευάζεται
3303 2471 3343 2540 ἠ
3382 2468 3569 2538 Τριὰς.

1008 2665 1153 2717 Edita
1176 2679 1203 2714 a
1223 2665 1350 2715 Maio
1374 2664 1524 2727 (Nov.
1550 2663 1673 2716 Coll.
1696 2670 1731 2716 ι.
1757 2663 1796 2726 Ι,
1823 2680 1874 2729 p.
1897 2667 2228 2736 202-207).—
2249 2673 2324 2724 De
2344 2681 2512 2725 sancta
2532 2676 2776 2726 Trinitate
2796 2675 3037 2738 dialogus.

458 2779 740 2835 Ethnicus.
778 2776 916 2832 Cum
955 2783 1010 2831 te
1037 2774 1337 2830 Christiani
1386 2773 1662 2844 dogmatis
1690 2784 1966 2843 protecto-

387 2889 505 2929 rem
535 2871 782 2927 noverim
815 2885 878 2926 ac
908 2879 1397 2940 propugnatorem,
1434 2882 1534 2921 nec
1571 2882 1678 2920 non
1716 2867 1970 2935 benigni-

390 2975 503 3022 tate
546 2964 881 3032 fulgentem,
947 2977 1055 3016 non
1118 2960 1352 3016 verebor
1392 2959 1735 3028 disquirendi
1793 2959 1967 3028 gratia

381 3071 684 3128 exponere,
722 3056 768 3110 si
806 3054 1029 3125 quidem
1067 3063 1122 3107 tu
1162 3052 1384 3118 annuis,
1436 3050 1645 3121 antiqui
1677 3050 1970 3121 praecipui-

389 3169 496 3222 que
521 3151 663 3219 apud
699 3164 795 3203 vos
832 3147 1106 3202 sermonis
1146 3145 1476 3200 sententiam
1513 3161 1526 3197 :
1558 3158 1721 3212 quam
1753 3142 1977 3210 quidem

381 3261 492 3316 ego
519 3245 676 3300 valde
705 3240 1084 3296 incredibilem
1131 3254 1254 3292 esse
1281 3239 1475 3303 video;
1505 3246 1560 3290 et
1591 3236 1639 3290 si
1677 3235 1817 3289 forte
1851 3248 1975 3288 cre-

390 3339 576 3395 dibilis
618 3337 731 3397 liat,
767 3333 936 3386 nihilo
970 3343 1151 3385 tamen
1192 3331 1377 3383 minus
1409 3325 1821 3382 contradicendi
1867 3326 1976 3378 vim

395 3432 617 3490 habere.
643 3439 806 3496 atque
833 3426 885 3481 id
913 3426 1092 3495 ipsum
1125 3421 1408 3480 cvertendi
1434 3424 1580 3492 quod
1608 3419 1819 3490 pridem
1856 3418 1979 3471 nisa

385 3531 512 3577 erat
541 3528 813 3574 astruere.

461 3611 824 3666 Christianus.
862 3607 1120 3674 Quantam
1151 3620 1282 3658 vero
1320 3603 1414 3657 tibi
1453 3603 1592 3655 ratio
1627 3602 1706 3656 sic
1735 3600 1981 3668 cogitare

392 3703 657 3772 loquique
695 3700 907 3755 suasit?
937 3699 1080 3751 Sane
1109 3696 1254 3766 quod
1303 3704 1395 3747 tua
1444 3691 1634 3762 opinio
1669 3707 1844 3758 neque
1877 3704 1980 3744 nos

389 3810 573 3865 neque
625 3794 908 3847 veritatem
960 3795 1258 3860 oppugnet,
1306 3787 1383 3840 nil
1438 3800 1578 3854 Opus
1615 3795 1699 3837 est
1745 3784 1976 3836 diet-re:

391 3887 539 3958 quod
571 3895 754 3940 autem
807 3885 841 3937 ii
876 3883 971 3952 qui
1029 3879 1346 3949 caliginosis
1391 3875 1740 3946 dogmatibus
1779 3873 1980 3927 obseu-

393 3992 610 4043 rantur,
671 3977 956 4045 religionis
1017 3984 1179 4027 recta:
1227 3972 1411 4024 lumen
1460 3983 1567 4020 non
1628 3967 1874 4027 videant,
1927 3963 1980 4017 id

393 4087 613 4145 quoque
658 4070 817 4124 facile
873 4065 1216 4135 intelligitur.
1268 4060 1408 4114 Fare
1464 4075 1563 4130 age
1617 4066 1798 4111 tamen
1854 4057 1980 4124 qui-

393 4169 631 4221 husnant
663 4177 718 4216 tu
771 4161 1076 4215 rationibus
1129 4153 1400 4223 impulsus
1432 4151 1608 4209 dicas.
1658 4157 1884 4202 nostros
1914 4149 1981 4202 de

393 4258 661 4326 religione
713 4266 1018 4313 sermones,
1087 4248 1217 4300 dum
1279 4259 1394 4297 rem
1449 4242 1680 4296 suadere
1733 4240 1977 4308 student,

2163 2779 2542 2851 Ἑλληνίων,
2578 2784 2685 2837 Τοῦ
2731 2783 3057 2854 Χριστιανοῦ
3102 2800 3162 2835 σε
3229 2782 3499 2850 δόγματος
3534 2797 3659 2851 προ-

2078 2875 2346 2945 ασπιστὴν
2363 2875 2518 2938 εἰδὼς
2538 2875 2630 2930 καὶ
2651 2875 2993 2946 ὐπέρμαχον,
3011 2875 3192 2940 ἄλλως
3228 2893 3284 2927 τε
3303 2875 3361 2928 δὲ
3385 2875 3479 2926 καὶ
3496 2875 3661 2927 ἐπιει-

2078 2968 2204 3040 κείᾳ.
2229 2971 2708 3042 λαμπρυνόμενον,
2763 2972 2864 3024 οὐκ
2895 2971 2961 3024 ἂν
2992 2972 3369 3044 εὐλαϐηθείην
3398 2972 3666 3040 λογισμοῖς

2079 3061 2318 3126 ἐτάσεως
2340 3063 2650 3128 ὑποϐαλεῖν,
2670 3064 2784 3132 εἴγε
2809 3066 2903 3118 καὶ
2921 3065 3084 3126 αὐτὸς
3107 3066 3413 3128 ἐπινεύοις,
3436 3064 3527 3116 τοῦ
3546 3063 3665 3131 παρ’

2078 3152 2206 3223 ὑμῖν
2242 3155 2684 3226 πρεσϐευομένου
2718 3155 2877 3224 λόγου
2912 3157 3012 3225 τὴν
3032 3156 3308 3210 διάνοιαν·
3340 3157 3454 3226 όρῶ
3479 3157 3584 3224 γὰρ
3612 3157 3665 3206 ἐν

2079 3247 2216 3317 αὐτῇ
2257 3245 2392 3298 πολῦ
2420 3247 2519 3316 μὲν
2542 3247 2604 3298 τὸ
2634 3246 2928 3300 ἁπείθανον
2955 3263 2970 3278 ⁸
2995 3249 3226 3300 ἐπειδὰν
3257 3249 3314 3300 δέ
3337 3247 3399 3300 τὸ
3421 3244 3666 3298 πειθανδν

2079 3339 2386 3402 ὐποδύοιτο,
2435 3340 2534 3391 οὐκ
2573 3340 2778 3394 ἐλάττω
2827 3339 3098 3405 δηλοῦσαν
3147 3341 3247 3392 τὸν
3285 3341 3529 3409 ἔλεγχον,
3581 3337 3670 3392 καὶ

2080 3432 2563 3504 καταστρέφουσαν
2600 3432 2636 3486 ἃ.
2664 3431 3097 3497 κατασκευάζειν
3124 3434 3443 3505 προῄρητο.

2151 3611 2524 3678 Χριστιανός.
2552 3609 2675 3673 Πῶς
2698 3609 2764 3681 δὴ
2791 3611 2886 3662 καὶ
2915 3610 3000 3674 τίς
3032 3628 3091 3664 σε
3123 3609 3294 3680 λόγος
3325 3605 3428 3666 ὧδε
3464 3615 3672 3684 φρονεῖν

2081 3701 2176 3754 καὶ
2216 3700 2397 3770 λέγειν
2441 3702 2761 3768 ὰνέπεισεν;
2803 3703 2929 3756 ’Ότι
2965 3704 3064 3774 μὲν
3117 3707 3237 3776 γὰρ
3267 3708 3300 3776 ἡ
3335 3706 3403 3777 σὴ
3439 3705 3564 3770 δόξα
3587 3705 3674 3758 καὶ

2081 3792 2212 3862 ἡμῖν
2238 3794 2332 3845 καὶ
2375 3795 2444 3864 τῇ
2482 3794 2713 3864 ἀληθείᾳ⁴
2743 3795 2802 3848 οὐ
2835 3796 3089 3865 μάχεται,
3133 3797 3298 3850 οὐδὲν
3332 3798 3414 3850 δεῖ
3449 3797 3637 3869 μαθεῖν
3658 3813 3672 3826 ο

2081 3884 2163 3936 ὅτι
2191 3884 2248 3936 δὲ
2281 3886 2392 3948 τοῖς
2433 3887 2490 3939 ἐν
2535 3885 2697 3956 ἀχλύῖ
2738 3887 3025 3957 δογμάτων
3071 3891 3478 3960 κατεχομένοις
3517 3889 3676 3962 ήτῆς

2081 3976 2363 4040 εὐσεϐείας
2388 3979 2486 4048 οὐχ
2513 3980 2705 4050 ὁρᾶται
2729 3980 3061 4050 καθαρότης.
3091 3983 3222 4036 οὐδὲ
3248 3984 3414 4036 τοῦτο
3439 3982 3674 4054 ἐργῶδες

2083 4071 2280 4123 ἐννοεῖν
2302 4087 2314 4100 ·
2367 4070 2506 4143 πλὴν
2561 4072 2696 4125 ἀλλὰ
2729 4073 2880 4140 λέγε,
2928 4074 3066 4126 οἶσε
3095 4079 3212 4128 τῶν
3253 4076 3432 4146 λόγων
3470 4078 3678 4148 ἐπῇραν

2081 4161 2280 4230 λέγειν,
2311 4162 2385 4227 ώς
2431 4167 2477 4216 οἱ
2512 4166 2641 4234 περὶ
2669 4165 2769 4235 τῆς
2801 4166 3090 4230 εὐσεϐείας
3121 4170 3291 4240 ἡμῶν
3315 4170 3474 4236 λόγοι
3500 4171 3558 4220 τὸ
3590 4186 3677 4220 πι-

2083 4253 2244 4307 θανὸν
2285 4255 2688 4326 μηχανώμενοι,
2749 4257 2950 4327 μᾶλλον
2995 4259 3135 4329 πρὸς
3183 4261 3248 4314 τὸ
3293 4259 3594 4314 ἀπειθανόν
3622 4273 3676 4309 τε

392 4366 516 4405 eam
557 4346 741 4418 potius
784 4341 1160 4396 incredibilem
1189 4353 1253 4391 ac
1282 4334 1752 4390 demonstratione
1783 4348 1972 4385 caren-

2079 4347 2504 4401 κὰναπόδεικτον
2534 4349 2920 4422 ἀπορρέουσιν.

395 4452 505 4497 tem
537 4437 845 4493 ostendere.

461 4534 591 4589 Etli.
647 4529 827 4584 Faber
880 4526 1048 4596 igitur
1104 4539 1213 4577 non
1276 4536 1449 4576 novos
1500 4536 1678 4592 neque
1734 4533 1976 4590 nuperos

394 4638 701 4684 sermones,
730 4620 826 4676 sed
873 4635 902 4670 a
935 4617 1128 4688 priscis
1162 4615 1457 4669 admodum
1489 4613 1684 4668 vestris
1730 4613 1978 4682 patrihus

395 4720 591 4775 dictos.
633 4715 727 4770 Isti
762 4715 907 4770 enim
943 4713 1073 4766 dum
1105 4709 1304 4764 Filium
1354 4717 1521 4778 atque
1565 4706 1831 4778 Spiritum
1867 4704 1978 4760 Deo

397 4811 706 4882 adjungunt
750 4811 856 4880 (est
903 4805 1050 4860 enim
1101 4805 1205 4856 hoc
1255 4812 1520 4862 vestrum,
1575 4816 1608 4854 0
1655 4798 1978 4862 Christiani,

397 4904 594 4974 dogma
631 4910 685 4955 et
712 4898 1141 4968 magisterium),
1183 4895 1282 4948 has
1311 4894 1423 4947 fere
1454 4892 1711 4962 loquendi
1739 4891 1982 4959 argutias

398 4995 787 5065 interrogativa
828 4991 1004 5046 forma
1048 4996 1368 5044 contexunt.
1403 4985 1570 5040 Deum
1620 4986 1845 5038 minime
1881 4999 1976 5038 ca-

398 5105 519 5144 rere
566 5087 732 5142 verbo
783 5085 981 5138 mentis
1014 5082 1204 5153 (λόγῳ)
1251 5081 1423 5134 dices.
1467 5078 1621 5132 llanc
1671 5090 1724 5130 tu
1784 5078 1830 5131 si
1865 5075 1982 5130 bla-

398 5181 704 5249 sphemiam
758 5193 942 5241 caves,
993 5177 1240 5245 pi'ol'ecto
1287 5173 1440 5227 dices
1497 5171 1725 5224 verbum
1779 5171 1981 5223 mentis

401 5275 600 5326 habere
638 5269 829 5322 Deum.
865 5269 994 5323 Item
1039 5267 1083 5322 si
1113 5266 1258 5320 Deus
1293 5281 1401 5317 non
1435 5273 1519 5318 est
1553 5261 1846 5327 exanimis,
1883 5278 1978 5314 ne-

398 5381 506 5435 que
537 5363 936 5419 insensibilium
964 5377 1146 5415 rerum
1179 5368 1375 5412 natura
1401 5356 1686 5426 praeditus,
1727 5355 1980 5423 spiritum

403 5457 601 5512 habeat
641 5471 869 5512 necesse
913 5463 1014 5510 est.
1051 5451 1192 5523 Ergo
1243 5465 1426 5506 sermo
1455 5449 1520 5503 de
1564 5458 1758 5502 natura
1792 5447 1980 5501 divina

2081 4532 2086 4536 ’
2159 4525 2445 4596 Ἑλ.Ίίγὼ
2485 4543 2545 4578 τε
2581 4527 2760 4579 τοίνυν
2788 4527 2848 4579 οὐ
2894 4527 3072 4595 νέους,
3109 4531 3174 4584 οὐ
3209 4529 3679 4602 npoaq;:i100;).é—

2077 4629 2231 4683 γους,
2266 4616 2405 4669 ἀλλέι
2459 4617 2710 4681 παλαιοῖς
2760 4619 2914 4689 ὐμῶν
2966 4623 3058 4674 καὶ
3114 4624 3361 4694 χρονίοις
3407 4626 3679 4694 ΙΙατράσιν

2079 4711 2503 4781 ἁνειρημένους·
2553 4711 2650 4764 καὶ
2694 4712 2802 4783 γὰρ
2849 4706 2997 4766 οὗτοι
3051 4714 3182 4767 re»
3218 4718 3319 4769 καὶ
3350 4717 3580 4785 Πνεῦμα
3607 4714 3682 4782 τῷ

2084 4801 2203 4871 Θεῴ
2254 4803 2684 4873 παρεισάγοντες
2741 4805 2922 4872 (τοῦτο
2959 4806 3068 4875 γάρ
3107 4808 3231 4860 ἐστι
3292 4811 3356 4862 τὸ
3418 4810 3682 4879 ὑμέτερον

2083 4893 2192 4945 τῶν
2223 4895 2575 4963 Χριστιανῶν
2605 4897 2697 4950 καὶ
2740 4897 2918 4969 δόγμα
2966 4902 3057 4952 καὶ
3101 4901 3404 4972 κήρυγμα)
3430 4901 3684 4970 τοιαύτην

2082 4987 2205 5039 τινὰ
2232 4988 2438 5057 πλοκὴν
2485 4991 2540 5040 ἐν
2583 4989 2850 5060 ἐρωτήσει
2904 4991 3320 5046 διαπλέκουσιν·
3371 4996 3402 5047 ὁ
3429 4995 3562 5058 Θεὸς
3589 4995 3686 5047 οὐκ

2085 5076 2152 5131 ἂν
2196 5080 2342 5147 ἐρεῖς
2375 5079 2450 5141 ὡς
2479 5081 2691 5148 ἄλογος·
2732 5084 2780 5133 εἰ
2825 5082 2881 5134 δὲ
2918 5085 3012 5134 καὶ
3057 5084 3120 5134 σὺ
3166 5083 3403 5153 φεύγεις
3427 5086 3490 5139 τὸ
3523 5087 3684 5155 βλάσο

2086 5187 2300 5241 φημον,
2361 5172 2535 5239 Λόγον
2588 5174 2664 5236 ὡς
2709 5174 2823 5242 ἔχει
2851 5176 3071 5238 πάντως
3119 5177 3300 5246 ὲρείςο
3343 5180 3396 5230 εξ
3435 5179 3494 5232 δὲ
3535 5178 3612 5246 μὴ
3644 5175 3686 5227 δ’

2087 5265 2294 5328 ἄπνους
2332 5266 2426 5318 καὶ
2465 5266 2572 5319 τῶν
2615 5267 2960 5336 ἀναισθήτων
3007 5267 3104 5338 τὴν
3156 5270 3332 5336 φύσιν
3389 5268 3688 5324 ὑποϐαλλό-

2087 5373 2267 5426 μενος,
2313 5358 2424 5426 ἔχει
2461 5358 2676 5419 πάντως
2718 5359 2815 5410 καὶ
2869 5359 3111 5430 Πνεῦμα*
3164 5359 3374 5414 οὐκοῦν
3412 5363 3472 5413 ἐν
3499 5357 3687 5430 Τριὰδι

2081 5446 2180 5517 τὴν
2218 5446 2502 5514 θεολογίαν
2558 5447 2881 5518 ὐμνολογεῖν
2923 5450 3024 5503 δεί’
3067 5449 3306 5505 τοιαῦτα
3353 5451 3414 5506 δέ
3442 5467 3570 5506 τινα
3598 5449 3687 5502 καὶ

1903 5595 2114 5669 Nom;

479 5747 552 5813 (ι)
588 5743 709 5800 llatc
739 5758 954 5813 quoque
981 5740 1207 5812 quaestio
1230 5739 1282 5792 iii
1308 5736 1530 5794 Coislin.
1565 5745 1614 5790 et
1645 5733 1967 5790 Taurincnsi
2014 5732 2201 5788 codice
2236 5731 2396 5800 plane
2431 5731 2601 5787 deest.
