3876 6216
255 204 375 271 1017

1123 206 1222 266 AD
1261 203 1854 266 AMPHILOCIIIUM
1925 155 2284 275 ouesrto
2316 202 2580 263 ccxxv.

3368 204 3508 270 1018

250 329 375 383 ἀλλα
404 326 717 398 σοφίσματα
740 324 1206 397 παρα-πλέκουσιν·
1227 325 1287 377 ού
1310 325 1417 378 τῶν
1444 324 1826 394 ὲστερημένων
1853 377 1855 383 ,

1958 338 2039 375 ιοη
2074 323 2284 391 absque
2317 321 2587 375 'l‘rinttate
2619 322 2980 378 celebrandus
3002 335 3102 377 est.
3141 321 3260 378 Alia
3286 340 3507 395 quoque

252 422 359 475 ἐστὶ
400 421 562 490 γονῆς
588 421 619 472 6
646 419 797 481 Θεᾲῖ·
851 417 1044 472 οὐκοῦν
1075 417 1195 470 ἐστί
1232 435 1291 469 τε
1323 417 1488 486 γονῆς
1519 416 1705 485 Πατὴρ
1732 415 1826 467 καὶ

253 513 588 582 γεγέννηκε-ν’
633 511 769 564 ἀλλὰ
809 511 904 563 καὶ
934 511 1103 581 χωρὶς
1139 511 1237 563 οὐκ
1265 509 1330 563 ἂν
1357 508 1445 579 εἴη
1482 508 1823 576 Πνεύματος.

253 607 411 676 Τριᾶς
438 605 531 657 οὖν
552 605 715 657 πάλιν
744 607 807 658 ἐκ
830 604 1034 658 τούτων
1057 604 1123 657 ἂν
1162 603 1246 674 εἴη
1280 605 1310 655 ὁ
1348 602 1500 664 Θεός’
1529 600 1622 654 καὶ
1648 600 1821 653 πολλὰ

251 697 468 750 τοιαῦτα
508 696 639 750 ἄλλα
676 698 1017 766 συναγείρειν
1073 698 1186 758 τοῖς
1226 697 1368 748 κατὰ
1402 694 1501 764 τὴν
1533 693 1678 746 ίδέαν
1711 693 1820 746 τῶν

254 787 555 841 ύπνούντων
603 787 976 856 σχολάζουσιν,
1020 785 1121 838 οὐκ
1150 785 1216 839 ἂν
1251 787 1336 854 εἴη
1372 783 1608 855 χαλεπὸν
1640 782 1825 854 ἁθροί-

253 880 384 944 ζειν,
430 879 526 933 καὶ⁹
575 879 898 950 θεραπεύειν
942 878 1195 941 ἑαυτοὺς,
1238 877 1353 929 ἀλλ’
1381 877 1480 930 οὐκ
1517 875 1712 940 ἄλλους
1754 878 1821 946 τῇ

253 971 644 1043 πεπλανημένη
678 972 806 1041 περὶ
836 970 1009 1024 ταῦτα
1034 970 1238 1041 θεωρίᾳ
1268 970 1363 1023 καὶ
1391 967 1663 1040 πειθούσῃ
1694 972 1822 1034 τοὺς

256 1063 635 1128 ἁνεξετάστους
681 1062 1088 1132 παραδέχεσθαι
1122 1063 1181 1115 τὸ
1214 1062 1539 1117 ἀπείθανον.

322 1158 421 1224 Χρ.
464 1154 561 1218 Τίς
585 1151 678 1208 οὗν
710 1172 769 1207 σε
804 1156 983 1222 λόγος,
1040 1155 1241 1225 μᾶλλον
1289 1155 1349 1207 δὲ.
1385 1156 1537 1207 ποῖον
1570 1154 1828 1217 ἀπονοίας

1930 413 2270 481 sepliismata
2317 411 2634 481 huiusmodi
2675 425 2904 483 pergunt
2938 426 3177 470 nectere.
3206 415 3324 469 Non
3357 427 3509 472 caret

1930 505 2188 574 gignendi
2221 504 2269 557 vi
2310 504 2483 570 Deus;
2522 515 2609 557 est
2642 519 2772 574 ergo
2803 506 3070 575 genitura:
3096 522 3297 577 parens
3323 519 3376 562 et
3410 524 3508 578 ge-

1933 597 2074 649 nuit.
2110 594 2214 649 Sed
2248 610 2426 665 neque
2475 596 2596 650 sine
2626 596 2822 665 spiritu
2866 608 2980 665 est;
3023 616 3212 653 rursus
3244 601 3408 669 igitur
3439 616 3508 654 ex

1934 689 2019 743 his
2072 687 2363 743 conﬁcitur
2418 688 2474 742 in
2543 688 2813 744 Trinitate
2872 690 3036 746 Deus.
3104 692 3269 746 Multa
3318 693 3511 761 huiusa-

1936 779 2082 833 modi
2116 779 2222 833 alia
2281 780 2332 833 hi
2388 779 2481 849 qui
2508 782 2613 833 ritu
2644 781 3034 834 somniantium
3086 784 3327 841 otiandur
3360 783 3503 836 haud.

1936 889 2078 943 aegre
2107 874 2403 941 colligent;
2445 872 2686 941 sibique,
2720 886 2829 926 non
2863 871 3006 936 aliis,
3057 874 3159 926 hoc
3205 873 3382 927 fallaci
3418 889 3507 926 ra-

1936 962 2162 1015 tiocinio
2214 960 2954 1031 blandientur:neminique
2999 962 3141 1016 hanc
3170 978 3283 1015 rem
3331 963 3512 1017 incre-

1934 1052 2179 1113 dibilem,
2201 1060 2577 1122 prteterquam
2607 1051 3049 1117 inconsideratis,
3079 1054 3512 1122 persuadebunt.

2003 1143 2102 1200 Ch.
2141 1143 2273 1210 Quae
2322 1156 2374 1199 te
2418 1161 2540 1198 nam
2584 1145 2756 1209 ratio,
2803 1146 2912 1199 imo
2951 1162 3081 1199 vero
3127 1162 3377 1216 quaenam
3407 1163 3506 1202 au-

258 1249 448 1319 θράσος
472 1246 714 1300 τοσαῦτα
742 1248 979 1317 ληρῆσαι
1024 1247 1163 1301 κατά
1209 1249 1305 1318 τῆς
1355 1247 1638 1311 εὐσεϐείας
1684 1264 1831 1319 παρ-

1958 1238 2036 1291 lax
2069 1238 2279 1292 insania
2319 1237 2382 1290 ad
2420 1236 2522 1291 bos
2546 1236 2871 1292 cﬂ‘utiendos
2893 1238 3158 1294 adversus
3188 1240 3512 1309 religionem

266 1340 593 1403 εσκεύασεν;

337 1433 457 1487 Ἑλ,
485 1433 654 1484 Οὐδὲν
682 1429 863 1497 εἶπας,
891 1434 1025 1486 ἀλλὰ
1062 1433 1130 1486 τὰ
1181 1434 1250 1486 σὰ
1288 1434 1385 1501 τῆς
1413 1431 1713 1494 ἐπιεικείας
1737 1431 1831 1485 καὶ

260 1524 670 1593 φιλανθρωπίας
699 1524 1035 1596 προπύλαια·
1088 1526 1180 1577 καί
1216 1543 1305 1594 μοι
1333 1524 1500 1595 μηδὲν
1538 1524 1830 1594 ἀχθεσθῇς,

257 1615 349 1669 καὶ
387 1617 538 1670 οὐδὲν
568 1609 643 1669 ὧν
676 1616 785 1669 ἔδει
812 1617 910 1687 μέν
946 1634 1006 1670 σε
1037 1612 1200 1681 εἶναι,
1226 1618 1307 1670 ἐνὶ
1334 1616 1511 1688 καιρῷ
1546 1616 1603 1669 δὲ
1632 1616 1694 1669 τὸ
1729 1618 1830 1668 έπ-

258 1711 446 1779 όμενον
475 1709 890 1780 ἀποκρύψομεν.

328 1804 429 1869 Χρ.
480 1803 621 1871 Λέγε
652 1803 951 1873 προθύμως
985 1803 1154 1873 μηδὲν
1176 1801 1601 1873 εὐλαϐούμενος·
1625 1800 1694 1855 τὰ
1722 1800 1832 1872 γὰρ

260 1894 400 1947 ἔνδον
432 1894 587 1947 οὐδὲν
624 1895 880 1966 εὑρήσεις
928 1895 1039 1948 τῶν
1085 1894 1439 1966 προπυλαίων
1498 1893 1829 1965 θρασύτερα’

262 1986 395 2056 πλὴν
442 1988 491 2040 εί
546 1987 713 2057 μήπω
767 1986 862 2040 καὶ
903 1986 1067 2050 αὐτὸς
1113 1985 1327 2040 οὐδέπω
1356 1987 1457 2056 τῆς
1504 1987 1568 2039 ἐκ
1611 1985 1719 2038 τῶν
1747 1984 1835 2037 λόο

263 2095 373 2145 γων
412 2078 660 2148 ἀνάγκης
708 2080 1093 2149 συνεχόμενος,
1147 2078 1285 2149 πρὸς
1331 2077 1490 2148 ὓϐριν
1533 2078 1631 2146 τῆς
1681 2077 1837 2129 εὐσε-

261 2170 405 2233 ϐείας
447 2171 546 2240 τὴν
570 2171 816 2239 γλῶτταν
844 2170 1069 2237 ὀξυνεῖς,
1106 2172 1202 2223 καὶ
1230 2170 1327 2240 τὴν
1367 2169 1541 2240 ὀφρὺν
1581 2168 1835 2223 ἀνασπά-

263 2275 380 2315 σαις
404 2260 546 2313 κατὰ
572 2261 697 2325 τοὺς
720 2261 976 2331 ἄφρονας.

344 2351 688 2408 ⁹Ελ.Φαῦλ.ον
731 2353 831 2423 μὲν
887 2354 1099 2408 οἴκοθεν
1151 2354 1271 2407 οὐδὲ
1322 2353 1634 2424 ὑϐριστικδν
1684 2354 1838 2407 οὐδὲν

261 2444 387 2513 ἐρῶ·
440 2446 490 2498 εί
521 2445 577 2498 δὲ
612 2446 668 2499 αἱ
701 2448 831 2517 παρ’
866 2445 1020 2517 ὑμῶν
1052 2446 1357 2512 ἀποδείξεις
1382 2445 1634 2498 δοκοῦσαι
1664 2447 1838 2499 ταῦτα

263 2532 541 2601 φέρουσιν,
582 2532 683 2586 οὐκ
733 2532 845 2601 ἐγὼ
885 2532 1060 2587 ταῦτα
1109 2535 1281 2605 φέρω,
1339 2533 1453 2587 ἀλλ’
1486 2534 1538 2586 οἱ
1565 2536 1839 2606 προκομί-

264 2637 453 2686 σαντες
478 2624 578 2693 τῆς
607 2625 784 2687 αἰτίας
809 2623 1006 2694 ἔνοχοι.

334 2804 435 2873 Χρ.
476 2804 616 2872 Λέγε
669 2804 870 2871 τοίνυν,
921 2806 1155 2877 καὶτῆς
1209 2806 1471 2877 ἀληθείας
1523 2810 1556 2880 ἡ
1604 2809 1842 2881 βάσανος

263 2897 363 2949 οὐκ
391 2895 456 2949 ἂν
486 2896 790 2967 παρόψεται
816 2898 877 2950 τὸ
908 2898 1298 2970 σφαλλόμενον.

349 2987 466 3041 Ἑλ.
512 2989 626 3040 Οὐκ
657 2987 794 3042 ἄλλα
829 3006 894 3056 γε
935 2991 1067 3059 ἐρῶ,
1098 2992 1234 3047 ἀλλὰ
1260 2993 1435 3048 ταῦτά
1465 3009 1529 3062 γε
1563 2994 1656 3047 καὶ
1682 2992 1718 3049 ἃ
1746 2995 1840 3049 τοῦ

262 3079 422 3145 λόγου
452 3081 860 3150 καταρχόμενος
882 3084 1040 3154 ἔφην.

336 3172 438 3238 Χρ.
474 3171 596 3234 Πῶς
634 3172 697 3242 δή
726 3188 740 3235 ;

350 3265 477 3319 Ἑλ.
513 3264 822 3335 Ἐρωτῶσιν
860 3268 907 3319 οἱ
937 3268 1172 3337 Χριστὸν
1220 3268 1534 3338 εἰσάγοντες
1577 3270 1706 3325 Υίδν
1751 3270 1846 3326 τοῦ

265 3357 425 3424 θεοῦ,
465 3359 690 3429 πότερον
718 3360 746 3411 ὁ
774 3358 903 3423 Θεὸς
924 3360 1036 3430 ἔχει
1072 3359 1230 3430 λόγον
1253 3361 1285 3431 ἢ
1313 3360 1406 3423 οὓς

335 3451 438 3516 Χρ.
472 3448 750 3519 Ἐρωτῶσι
774 3452 891 3520 μέν’
915 3454 1015 3505 οὐκ
1044 3449 1164 3505 οῖδα
1184 3453 1241 3507 δὲ
1266 3457 1313 3507 εί
1333 3455 1407 3518 ὡς
1438 3456 1501 3508 σὺ
1523 3454 1618 3525 τὴν
1637 3455 1846 3526 ἐρώτη-

266 3559 354 3593 σιν
401 3542 927 3612 μετασχηματίζεις·
975 3545 1113 3599 ἀλλὰ
1163 3548 1303 3609 τέως
1361 3547 1502 3599 ἔστω
1542 3548 1702 3601 τοῦτο
1730 3548 1845 3615 νῦν,

267 3634 359 3687 ἵνα
388 3635 554 3704 μήπω
583 3636 693 3706 πρὸ
721 3636 889 3706 ἄλλης
927 3637 1228 3701 ἐξετάσεως
1260 3639 1392 3708 ἄλλη
1418 3640 1647 3708 βάσανος
1671 3658 1850 3711 παρα-

263 3725 557 3794 ληφθεῖσα,
579 3728 677 3799 τὴν
702 3729 797 3781 τοῦ
836 3730 929 3782 σοῦ
950 3730 1111 3798 λόγου
1144 3731 1466 3784 ἀκολουθίαν
1500 3749 1558 3783 τε
1592 3734 1846 3803 περιόψῃ,

264 3818 365 3868 καὶ
402 3816 661 3870 ἀσύνετον
706 3818 805 3888 τὴν
841 3819 970 3889 ὃλην
1020 3821 1403 3891 ἀπεργάσηται
1458 3823 1730 3891 διήγησινο
1782 3821 1849 3874 ἂν

263 3902 325 3953 δέ
356 3918 419 3969 γε
450 3902 549 3971 ἐμὲ
589 3904 925 3974 ἑρωτήσειας
973 3907 1025 3959 τί
1056 3907 1121 3961 ἂν
1170 3909 1403 3978 εἴποιμι,
1444 3910 1510 3962 σὺ
1538 3911 1605 3963 ἂν
1648 3910 1849 3981 εἰδείης

266 3997 367 4047 καὶ
398 3997 432 4064 ἡ
470 3998 537 4067 σὴ
572 3998 707 4069 πρὸς
736 4000 929 4068 ἑτέραν
954 4000 1113 4065 δόξαν
1141 4001 1483 4055 ἀπονεύουσα
1523 4003 1741 4074 γνώμη.

367 4177 479 4232 Ελ.
508 4175 650 4246 Ἐγω
684 4179 783 4250 μὲν
810 4181 1005 4245 ὁσάκις
1033 4181 1100 4236 ἂν
1112 4180 1285 4237 ταῦτα
1301 4182 1723 4255 προτεινομένην
1752 4184 1852 4255 τὴν

261 4268 540 4341 ἐρώτησιν
597 4272 803 4339 ἀκούω,
864 4273 1152 4344 διαχέομαι
1217 4277 1317 4345 μὲν
1366 4266 1443 4346 τῷ
1507 4277 1845 4347 μειδιάματιο

1930 1346 2211 1389 sermones
2240 1330 2491 1400 impulit?

2001 1423 2128 1478 Eth.
2158 1423 2303 1478 Nihil
2326 1422 2464 1477 dicis
2493 1422 2600 1477 nisi
2637 1422 2990 1492 benignitatis
3023 1438 3087 1478 ac
3119 1423 3511 1482 benevolentia

1933 1526 2037 1569 tua:
2076 1514 2401 1585 primordia.
2431 1517 2600 1586 Atqui
2663 1516 2711 1570 si
2762 1517 2897 1571 mihi
2959 1530 3064 1570 non
3130 1533 3512 1584 succenseres,

1933 1608 2065 1662 nihil
2095 1623 2284 1663 eorum
2316 1623 2441 1678 qua:
2474 1617 2526 1663 te
2561 1608 2704 1663 scire
2744 1617 3047 1677 oporteret,
3071 1624 3299 1680 quaeque
3347 1598 3510 1666 Simul

1856 1687 1903 1747 Β
1933 1709 2299 1755 consentanea
2334 1711 2483 1764 sunt,
2518 1700 2822 1756 reticerem.

2003 1792 2099 1849 Ch.
2140 1792 2387 1862 Loquere
2417 1793 2699 1857 alacriter,
2727 1793 2863 1847 nihil
2885 1808 3080 1847 verens
3110 1810 3124 1847 :
3161 1809 3336 1863 neque
3362 1796 3513 1850 enim

1933 1885 2267 1955 asperiorem
2308 1901 2398 1939 me
2426 1885 2685 1955 deinceps
2731 1900 2895 1955 quam
2928 1886 3082 1939 initio
3116 1885 3361 1941 invenies
3393 1903 3408 1940 :
3438 1887 3514 1940 ita

1935 1987 2117 2032 tamen
2144 1987 2204 2032 ut
2240 1985 2294 2031 tu
2331 1978 2466 2047 ipse,
2500 1977 2602 2033 nisi
2635 1979 2908 2033 sermonis
2942 1978 3265 2033 necessitate
3290 1989 3519 2034 coactus

1936 2069 2127 2133 fueris,
2164 2084 2511 2139 nequaquam
2544 2069 2610 2122 ad
2657 2070 2969 2125 convicium
3016 2068 3267 2138 religioni
3308 2066 3518 2124 facien-

1936 2164 2064 2216 dum
2100 2164 2338 2232 linguam
2370 2178 2558 2231 aeuus,
2606 2178 2783 2233 neque
2818 2162 3169 2234 supercilium
3221 2164 3518 2219 stultorum

1937 2270 2090 2311 more
2124 2256 2440 2312 contrahas.

2012 2345 2136 2403 Eth.
2159 2346 2234 2402 De
2262 2363 2406 2417 penu
2437 2363 2557 2402 mea
2587 2349 2720 2403 nihil
2751 2350 3004 2404 insanum
3028 2352 3518 2407 contumeliosum—

1938 2453 2046 2507 que
2103 2436 2403 2507 proferam.
2459 2438 2614 2505 Quod
2675 2441 2720 2495 si
2775 2441 2914 2496 forte
2958 2443 3064 2497 illa:
3098 2459 3220 2513 qute
3251 2445 3391 2515 apud
3421 2460 3524 2499 vos

1942 2529 2201 2583 videntur
2242 2530 2761 2595 demonstrationes,
2792 2531 3046 2587 insanum
3079 2534 3281 2602 aliquid
3321 2550 3430 2603 prae
3462 2550 3525 2589 se

1944 2622 2145 2684 ferunt,
2174 2636 2279 2676 non
2315 2637 2417 2693 ego
2446 2623 2499 2677 id
2529 2622 2722 2690 aﬂero,
2756 2625 2848 2680 sed
2876 2624 3095 2680 illarum
3131 2638 3384 2683 auctores
3405 2628 3525 2683 cul-

1945 2728 2065 2781 pam
2095 2712 2386 2767 sustinent.

2013 2805 2110 2861 Ch.
2131 2804 2268 2859 Fare
2294 2804 2494 2875 igitur;
2526 2821 2653 2860 nam
2686 2807 2927 2864 veritatis
2954 2808 3260 2880 exploratio
3283 2825 3525 2866 errorem

1943 2898 2065 2954 sine
2096 2898 2260 2953 dubio
2294 2899 2678 2968 deprehendet.

2016 2989 2142 3045 Eth.
2177 2989 2294 3045 Non
2326 2992 2473 3046 aliud
2524 2994 2725 3059 dicam,
2765 3002 2963 3064 praeter
2994 3010 3054 3051 ea
3094 3012 3218 3067 qua:
3248 2997 3523 3054 sermonis

1948 3081 2102 3137 initio
2131 3082 2362 3136 aiebam.

2016 3172 2110 3229 Ch.
2145 3173 2403 3240 Quaenam
2424 3190 2487 3229 ea
2519 3176 2679 3231 sunt?

2019 3263 2146 3319 Eth.
2177 3266 2280 3331 Qui
2311 3266 2587 3321 Christum
2614 3266 2955 3323 suadentDei
2974 3283 3094 3323 csse
3119 3268 3336 3339 Filium,
3368 3286 3528 3340 roga-

1948 3370 2009 3410 re
2032 3356 2213 3410 solent
2231 3365 2411 3410 utrum
2434 3357 2577 3413 Deus
2599 3359 2829 3412 verbum
2859 3360 3291 3427 mentislmbeat,
3322 3363 3533 3417 necne?

2022 3446 2120 3501 Ch.
2156 3446 2370 3518 Rogant
2418 3464 2585 3515 sane;
2619 3449 2762 3503 haud
2793 3451 2909 3505 scio
2940 3458 3121 3503 tamen
3155 3467 3223 3504 an
3259 3467 3324 3505 eo
3368 3452 3531 3505 modo

1949 3551 2060 3605 quo
2092 3547 2147 3589 tu
2174 3526 2657 3613 interrogatiOnem
2692 3538 2982 3606 pervertis.
3015 3537 3210 3593 Verum
3238 3540 3289 3594 id
3311 3540 3529 3595 interim

1952 3628 2023 3680 ita
2067 3642 2187 3682 esse
2230 3629 2497 3693 sinamus,
2538 3643 2607 3682 ne
2632 3628 2679 3683 si
2705 3645 2813 3683 una
2836 3629 3135 3698 quaestione
3171 3632 3413 3684 nondum
3447 3633 3531 3686 itt-

1952 3718 2161 3782 stituta,
2216 3718 2379 3772 aliam
2416 3720 2819 3788 aggrediamur,
2854 3722 3129 3775 sermonis
3164 3722 3242 3774 tui
3278 3723 3528 3777 ordinem

1950 3809 2390 3879 pessumdemus,
2455 3820 2619 3879 atque
2670 3812 2981 3866 universam
3016 3813 3377 3868 obscuremus
3416 3816 3527 3869 dis-

1950 3911 2309 3972 putationem.
2343 3903 2604 3970 Equidem
2629 3903 2674 3957 si
2706 3919 2791 3957 me
2816 3917 3040 3973 rogares
3075 3890 3205 3974 quid
3239 3906 3353 3975 ipse
3385 3906 3531 3960 dice-

1951 4008 2090 4058 rem,
2114 3994 2248 4048 satis
2279 4001 2489 4047 certum
2525 4003 2575 4048 te
2608 3992 2845 4048 facerem
2868 4003 3129 4065 tuamque
3157 3996 3300 4051 hanc
3318 4012 3439 4066 quae
3473 3997 3525 4051 in

1951 4095 2325 4142 transversum
2357 4088 2568 4154 rapitur
2590 4094 2850 4141 mentem.

2023 4180 2149 4236 Eth.
2189 4180 2302 4251 Ego
2350 4182 2632 4235 enimvero
2671 4180 3109 4251 quotiescunque
3153 4181 3528 4252 hujuscemodi

1953 4272 2435 4344 interrogationem
2472 4272 2586 4327 ﬁeri
2623 4273 2807 4340 audio,
2846 4272 2958 4327 risu
2984 4273 3315 4343 disrumpor.
3347 4273 3533 4329 Posei-

260 4362 705 4433 διαπυνθάνομεν
757 4364 814 4417 δὲ
870 4365 963 4418 τὸν
1016 4368 1326 4437 ἐρωτῶντα,
1400 4368 1631 4440 πότερον
1674 4370 1848 4439 ἡδέως

1958 4380 2079 4420 tntis
2109 4376 2291 4421 autem
2324 4365 2394 4418 ab
2422 4365 2813 4435 interrogante,
2839 4375 3018 4421 utram
3046 4366 3295 4435 responsi
3320 4376 3528 4435 partem

261 4452 493 4507 ἀκούειν
522 4456 636 4523 ἔχει
681 4454 846 4527 μέρος
884 4456 987 4527 τῆς
1027 4459 1391 4527 ἀντιφάσεως·
1435 4460 1560 4528 ἐμοὶ
1588 4460 1698 4531 γὰρ
1724 4461 1851 4513 ἐκά-

261 4546 430 4616 τερόν
459 4547 607 4600 ἐστιν
636 4550 810 4600 εἰπεῖν
831 4548 930 4601 οὐκ
956 4550 1138 4620 ἀηδές·
1164 4552 1232 4604 ἀν
1260 4568 1319 4604 τε
1349 4552 1457 4621 γὰρ
1479 4554 1506 4605 6
1524 4551 1655 4615 Θεὸς
1680 4553 1852 4620 Λόγον

262 4638 421 4709 ἔχειν
454 4640 642 4711 φαίην,
679 4642 900 4709 ἀφεῖλον
951 4644 1046 4695 τὸν
1071 4644 1245 4713 Λόγον
1292 4645 1388 4697 τοῦ
1423 4640 1565 4698 εῖναι
1589 4646 1752 4699 Θεόν⁹
1789 4650 1851 4699 ού

261 4730 384 4799 γὰρ
411 4730 523 4798 ἔχει
557 4731 730 4799 Λόγον
757 4734 785 4785 ὁ
813 4732 1007 4800 Λόγος,
1039 4735 1087 4786 εἰ
1114 4733 1189 4805 μὴ
1214 4734 1615 4805 τοὺςἜλληνας
1644 4737 1725 4798 είς
1753 4754 1852 4789 πο-

262 4818 546 4891 λυμαθίαν
590 4824 727 4878 θεῶν
767 4827 1112 4897 παρακαλεῖν
1168 4828 1498 4898 ἁμιλλᾶσθαι
1551 4828 1849 4899 βούλοισθε·

262 4911 339 4964 ἄν
374 4928 435 4963 τε
463 4912 552 4979 φῶ
584 4915 658 4984 μὴ
686 4913 852 4985 ἔχειν,
885 4917 943 4983 ἐξ
974 4918 1146 4986 αὐτῆς
1178 4919 1428 4988 βαλϐῖδος
1468 4920 1599 4990 ύμῖν
1627 4921 1851 4992 διερρύη

259 5001 329 5054 τὸ
380 5000 662 5071 ἐρώτημα·
697 5005 802 5057 ὑπὸ
827 5006 884 5058 δὲ
913 5007 1007 5058 τὸν
1041 5007 1205 5059 αὐτὸν
1248 5008 1511 5079 ἀναχθείη
1539 5008 1604 5063 ἂν
1631 5009 1853 5079 ἔλεγχον

260 5095 372 5150 καὶ
400 5094 462 5147 τὸ
491 5094 586 5147 τοῦ
631 5095 879 5166 πότερον,
924 5097 1116 5166 ἄγονος
1148 5099 1176 5151 ὁ
1222 5099 1353 5163 Θεὸς
1382 5100 1415 5169 ἢ
1446 5102 1761 5168 γεννητικός
1792 5117 1853 5152 τε

259 5192 373 5240 καὶ
422 5188 687 5256 ἔμπνους,
732 5192 826 5243 καὶ
872 5192 971 5245 ὃσα
1011 5192 1148 5247 ἄλλα
1201 5194 1427 5248 τοιαῦτα
1482 5195 1612 5262 ύμῖν
1645 5193 1720 5256 ὡς
1764 5194 1856 5246 ἐπὶ

259 5279 487 5349 σκηνῆς
506 5278 1006 5352 δραματουργεῖται
1033 5284 1366 5355 σοφίσματα·
1386 5284 1558 5338 ταῦτα
1579 5285 1678 5355 οὐχ
1700 5284 1856 5355 ὕϐρις

256 5370 427 5423 ἐστὶν
450 5369 565 5423 ἀλλ’
591 5372 833 5442 ἐλεγχος,
864 5374 959 5427 καὶ
985 5375 1085 5446 τὴν
1118 5377 1365 5430 ἐπίνοιαν
1406 5379 1440 5448 ἢ
1466 5377 1566 5447 τὴν
1595 5377 1855 5448 ἀλήθειαν

254 5461 573 5524 ἐπεσκίαζε
594 5462 958 5534 διασκεδὰζει,
984 5468 1077 5521 καὶ
1097 5467 1252 5537 ὑμῶν
1279 5467 1474 5539 ἀφίησι
1493 5468 1853 5540 περιορᾶσθαι

250 5552 329 5606 τὸ
369 5553 755 5626 κακούργημα.

1952 4459 2145 4513 audire
2193 4459 2388 4514 malit:
2421 4474 2546 4513 nam
2581 4459 2716 4513 mihi
2756 4460 2977 4529 quidem
3012 4460 3326 4515 alterutram
3348 4459 3533 4514 dicere

1952 4567 2062 4605 non
2118 4560 2203 4605 est
2253 4550 2639 4622 iniucundum.
2677 4550 2806 4606 Sive
2850 4552 2996 4606 enim
3040 4553 3237 4605 mentis
3291 4548 3529 4604 Verbum

1953 4641 2066 4697 Deo
2100 4643 2286 4698 inesse
2312 4642 2514 4707 dicam,
2532 4643 2645 4712 jam
2673 4643 2932 4713 impedivi
2968 4643 3261 4712 quominus
3294 4639 3528 4696 Verbum

1952 4734 2099 4790 Deus
2146 4735 2219 4790 sit
2258 4753 2272 4789 :
2318 4751 2496 4806 neque
2521 4736 2667 4791 enim
2706 4744 2791 4790 est
2824 4733 3056 4789 Verbum
3092 4734 3146 4788 in
3174 4733 3351 4789 Verbo
3385 4734 3529 4788 :nisi

1956 4826 2119 4893 forte;
2160 4824 2507 4880 ethnicorum
2564 4825 2948 4880 contentiones
3009 4839 3309 4894 provocare
3365 4825 3531 4880 vultis

1953 4916 2021 4971 de
2078 4916 2361 4986 multiplici
2405 4929 2598 4971 natura
2641 4917 2894 4972 deorum.
2932 4916 3027 4971 Sin
3070 4928 3252 4972 autem
3294 4916 3530 4971 Verbum

1955 5008 2136 5063 inesse
2163 5024 2457 5078 negavero,
2514 5009 2663 5065 illico
2696 5009 2938 5064 concidit
2989 5010 3362 5080 interrogatio.
3418 5009 3533 5065 Sub

1953 5099 2201 5155 eamdem
2256 5099 2459 5154 cadunt
2505 5100 2889 5154 refutationem
2949 5098 3255 5155 locutiones
3315 5114 3535 5169 quoque

1958 5192 2073 5263 jam
2103 5194 2283 5259 dictae,
2319 5202 2504 5248 utrum
2546 5193 2689 5249 Deus
2737 5193 2942 5251 sterilis
2971 5196 3041 5249 sit
3070 5211 3139 5248 an
3186 5193 3535 5264 genitabilis?

1955 5295 2216 5342 utrumne
2269 5286 2525 5356 spirans?
2570 5296 2624 5342 et
2673 5287 2928 5357 quaelibet
2997 5288 3101 5341 alia
3155 5296 3410 5355 tanquam
3479 5286 3530 5337 in

1958 5394 2180 5435 scenam
2234 5379 2611 5449 producuntur
2658 5395 2689 5434 a
2736 5381 2888 5436 vobis
2920 5381 3276 5451 scphismata.
3306 5378 3419 5443 llas,
3448 5377 3531 5431 in-

1957 5485 2146 5540 quam,
2198 5485 2309 5524 non
2338 5473 2686 5528 contumeliae
2716 5483 2868 5541 sunt,
2898 5474 2991 5529 sed
3021 5471 3378 5527 refutationes
3407 5486 3419 5523 :
3446 5468 3531 5523 hae

1957 5572 2329 5618 commentum
2359 5564 2574 5619 veritati
2615 5564 2862 5620 ofliciens
2906 5563 3240 5633 dispellunt,
3268 5568 3533 5618 vestram-

1958 5669 2065 5727 que
2098 5655 2357 5712 malitiam
2388 5658 2675 5728 perspicue
2705 5657 2961 5715 revelant.
