3854 6216
391 221 525 288 1019

1544 220 1807 284 ΡΠΟΤΙΙ
1845 214 2352 280 ΡΑΤΗῙΑΒΟΙῘΑΞ
2375 215 2485 277 CP.

3482 219 3614 286 1020

456 337 556 394 Ch.
599 336 746 392 Bene
770 343 856 393 est
883 338 1030 407 quod
1069 335 1390 392 universum
1417 345 1612 391 contra
1639 335 1961 412 religionem

2143 331 2247 398 Xp.
2279 326 2357 384 Εὖ
2384 329 2448 398 γέ
2475 345 2558 382 σοι
2586 330 2696 393 πᾶς
2719 335 2747 383 ὸ
2773 327 2915 383 κατὰ
2938 327 3037 398 τῆς
3075 326 3349 393 εὐσεϐείας
3374 331 3448 395 ίὸς
3491 335 3610 388 πολ-

389 430 538 484 virus
566 429 832 484 diuturno
869 437 1120 498 tempore
1147 430 1520 498 putrefactum
1547 428 1638 483 vix
1674 442 1821 482 nunc
1845 435 1964 479 tan-

385 520 508 575 dem
568 521 863 592 aliquando
915 521 1202 578 vomuisti.
1249 521 1318 576 Et
1363 537 1499 577 sane
1543 533 1867 591 cognosces,
1917 517 1962 572 si

387 612 551 668 modo
575 625 758 668 meme
780 615 1114 684 resipiscens
1139 615 1490 669 considerare
1514 611 1776 677 volueris,
1799 623 1964 673 quam

387 704 440 758 id
472 705 894 774 corrumpendis
921 705 1021 759 tibi
1048 704 1352 761 visceribus
1377 703 1618 760 validum
1653 711 1821 758 esset.

458 795 588 850 Eth.
635 796 776 862 Quid
805 798 920 851 ita?

459 885 554 940 Ch.
599 886 754 941 Haud
788 887 1032 941 arbitror
1063 896 1114 942 te
1144 888 1419 958 ignorare,
1450 894 1512 941 ut
1536 887 1648 954 jam
1681 885 1818 952 dixi,
1851 885 1966 939 haec

387 979 605 1047 quidem
634 993 663 1032 a
695 979 798 1048 piis
830 979 957 1041 dici,
991 994 1098 1033 non
1127 994 1192 1033 eo
1232 988 1414 1032 tamen
1439 993 1550 1046 quo
1572 986 1630 1032 tu
1667 978 1749 1033 ais
1779 976 1964 1030 modo.

461 1068 586 1122 Eth.
629 1068 828 1137 Quaeso
859 1071 1024 1140 igitur
1056 1085 1296 1139 quonam
1326 1070 1474 1124 alio?

458 1161 556 1216 Ch.
607 1160 832 1217 Veteres
885 1162 964 1216 illi
997 1159 1120 1216 non
1171 1161 1248 1216 ita
1299 1161 1546 1232 proiecto
1599 1163 1962 1232 interrogant,

388 1252 483 1307 sed
517 1253 623 1306 alia
660 1252 891 1307 ratione.

463 1342 588 1399 Em.
633 1342 845 1397 Rursus
875 1343 1142 1412 egojusta
1178 1343 1529 1399 accusatione
1559 1345 1822 1414 gravique
1870 1361 1962 1400 re-

390 1436 753 1505 prehensione
803 1435 1034 1502 liberor,
1088 1438 1215 1492 dum
1257 1438 1348 1492 illa
1402 1441 1676 1508 vitupero,
1729 1455 1963 1508 quorum

390 1543 457 1580 ne
490 1536 544 1580 tu
580 1527 802 1596 quidem
837 1531 1206 1598 patrocinium
1237 1533 1431 1585 sumis.
1461 1529 1596 1584 Nam
1630 1531 1776 1600 quod
1817 1544 1870 1586 tu
1903 1547 1965 1586 ca

388 1621 758 1687 praetermittis
801 1636 923 1689 qua:
968 1637 1070 1690 ego
1110 1623 1394 1687 criminor,
1452 1623 1561 1678 alia
1603 1638 1732 1678 vero
1782 1623 1962 1686 aliers,

2066 421 2181 485 λοῖς
2227 422 2488 484 ὲνσαπεὶς
2534 422 2750 492 χρόνοις
2782 420 2880 490 ὀψὲ
2927 421 3022 474 καὶ
3056 420 3209 490 μόλις
3234 420 3502 492 ἀπημέθη·
3531 426 3621 479 καὶ

2064 512 2186 582 ὄψει
2215 529 2281 582 γε
2310 512 2519 578 τοῦτον,
2551 514 2601 565 εί
2621 511 2942 584 βουληθείης
2964 512 3242 582 ἀνανήψας
3265 512 3476 584 ὲφορᾷν,
3497 513 3620 586 ὅσην

2066 601 2215 678 εἶχεν
2247 607 2400 678 ἰσχὺν
2450 604 2952 676 καταλυμαίνεσθαι
2997 605 3065 659 τὰ
3092 604 3358 662 ἐντόσθια.

2144 783 2270 838 Ἐλ.
2305 782 2430 846 Πῶς
2451 783 2559 853 μήν
2582 799 2600 850 ;

2135 880 2240 947 Xp.
2267 877 2382 930 Οὐκ
2402 873 2556 947 οἶμαί
2589 892 2646 928 σε
2668 873 2872 935 λαθεῖν,
2893 873 2969 935 ὡς
2993 872 3230 944 είρητσιι,
3258 873 3629 943 προτείνεσθαι

2069 971 2168 1043 μὲν
2196 969 2369 1023 ταῦτα
2392 972 2505 1032 τοῖς
2537 967 2840 1032 εὐσεϐέσιν,
2880 969 2979 1036 οὐχ
3012 967 3086 1030 ὡς
3119 966 3184 1019 σὺ
3226 967 3558 1036 προέτεινας.

2034 1095 2036 1098 ν
2148 1064 2276 1117 Ἑλ.
2305 1064 2450 1134 Ἀρα
2471 1077 2555 1130 γε,
2581 1061 2677 1114 καὶ
2704 1060 2826 1114 τίνα
2857 1060 3060 1131 τρόπον
3089 1057 3282 1125 ἄλλους

2135 1159 2237 1226 Χρ.
2271 1154 2480 1209 Οὐκοῦν
2507 1154 2606 1225 οὐχ
2633 1153 2776 1225 ἅπερ
2803 1151 3100 1225 ἐρωτῶσιν,
3127 1149 3240 1204 ἀλλ’
3269 1150 3432 1222 ἕτερά
3458 1169 3594 1208 τινα.

2147 1335 2267 1390 Ἑλ.
2296 1335 2410 1388 Καὶ
2438 1333 2598 1389 πάλιν
2623 1331 2857 1402 ἁφίεμαι
2899 1328 3113 1393 δικαίας
3144 1327 3323 1390 αἰτίας
3346 1327 3441 1380 καὶ
3474 1327 3636 1395 μεγάο

2065 1429 2164 1499 λης
2196 1427 2460 1499 μέμψεως
2511 1427 2696 1479 ἐκεῖνα
2725 1422 2931 1492 ψέγων,
2981 1417 3056 1475 ὧν
3107 1421 3230 1473 οὐδὲ
3257 1421 3322 1472 σὺ
3368 1422 3468 1489 τῆς
3510 1435 3638 1488 προ-

2070 1521 2298 1584 στασίας
2329 1520 2671 1590 ὑπέρμαχος·
2698 1517 2759 1569 τὸ
2788 1516 2898 1586 γὰρ
2924 1513 3165 1586 μεθεῖναι
3196 1529 3260 1565 σε
3301 1511 3423 1565 καθ’
3451 1505 3523 1564 ὧν
3547 1510 3638 1578 τὴν

2067 1615 2246 1668 αἰτίαν
2285 1613 2458 1685 φέρω,
2506 1613 2700 1681 ἑτέραν
2725 1610 2780 1663 δὲ
2808 1607 3187 1680 προκομίζειν,
3225 1606 3352 1660 ὅσον
3380 1607 3494 1674 ἔχει
3531 1607 3639 1667 τοῖς

388 1711 438 1764 id
469 1721 734 1780 quantum
778 1711 876 1764 tibi
906 1711 1151 1766 ali‘ercnti
1178 1723 1339 1783 auget
1371 1714 1593 1780 virium,
1621 1716 1958 1769 tantumdem

2098 1705 2564 1779 ιροκομιζομένοις
2586 1705 2647 1757 τὸ
2671 1705 2910 1774 θαρρεῖν,
2939 1699 3194 1753 τοσοῦτον
3236 1700 3352 1760 τοῖς
3377 1697 3468 1766 ὑφ’
3491 1696 3641 1768 ἡμῶν

388 1802 498 1856 illis
533 1803 770 1857 detrahit
800 1818 940 1872 quos
969 1818 1071 1857 nos
1103 1806 1582 1873 reprehendimus.

460 1894 557 1948 Ch.
599 1895 734 1960 Quis
795 1905 847 1949 te
893 1895 1006 1964 jam
1062 1896 1300 1965 benigno
1346 1899 1509 1952 oculo
1568 1899 1824 1968 aspiciat,
1868 1908 1964 1953 aut

389 1984 664 2038 hominem
714 1984 859 2053 frugi
909 1985 1181 2053 appellet?
1221 1985 1357 2039 Cum
1409 1987 1554 2040 enim
1594 2003 1662 2042 eo
1695 1987 1964 2042 decideris

389 2090 498 2142 quo
527 2090 634 2127 non
667 2075 986 2143 oportebat;
1018 2077 1065 2131 si
1095 2076 1220 2146 quis
1254 2085 1307 2130 te
1329 2078 1549 2144 allevat,
1577 2094 1688 2132 non
1713 2078 1917 2132 laetaris
1949 2093 1962 2130 :

388 2166 500 2220 imo
525 2168 861 2233 expostulari,
891 2166 1021 2236 quia
1065 2180 1172 2220 non
1222 2167 1312 2220 ubi
1339 2167 1582 2237 jacehas,
1610 2169 1834 2223 relictus
1865 2167 1961 2223 sis.

466 2256 588 2311 Eth.
631 2257 732 2323 Qui
777 2260 891 2311 licri
928 2267 1106 2328 potest
1136 2267 1195 2312 ut
1228 2259 1343 2314 haec
1375 2260 1444 2313 ita
1476 2274 1536 2314 se
1565 2261 1845 2316 habeant?

460 2347 558 2404 Ch.
595 2348 732 2415 Quia
763 2350 1019 2403 nimirum
1045 2351 1239 2419 priscis
1265 2352 1512 2419 patribus
1538 2367 1603 2406 ea
1634 2353 1768 2408 vitio
1795 2358 1965 2410 verti-

389 2440 482 2506 sti,
513 2455 633 2508 qua:
664 2455 825 2493 nemo
869 2456 1111 2510 unquam
1143 2439 1302 2495 dixit.
1337 2440 1492 2496 Nune
1534 2450 1718 2496 autem
1754 2460 1879 2500 cum
1913 2456 1963 2502 te

389 2531 594 2584 sentias
624 2530 978 2585 accusatione
1007 2531 1317 2596 exclusum,
1353 2533 1563 2600 peccati
1591 2533 1804 2588 veniam
1853 2551 1960 2590 non

389 2621 669 2691 postulas;
709 2637 886 2690 neque
937 2621 1150 2687 cogitas
1201 2622 1432 2692 gratiam
1485 2637 1607 2677 esse
1655 2625 1960 2682 habendam

387 2715 431 2770 si
461 2713 582 2785 quis
607 2723 658 2769 te
687 2715 753 2768 ab
791 2714 892 2770 hac
915 2714 1219 2770 temeritate
1244 2723 1482 2774 revocet.
1510 2717 1620 2769 imo
1644 2715 1805 2786 quia,
1832 2720 1960 2775 dum

389 2824 556 2862 unum
587 2809 822 2878 impetis,
861 2810 1008 2863 aliud
1056 2824 1156 2878 pro
1212 2824 1279 2864 eo
1315 2809 1566 2874 lacessis,
1616 2809 1820 2866 idcirco
1869 2814 1963 2868 tibi

388 2902 818 2972 superbiendum
865 2918 988 2957 esse
1027 2913 1234 2973 putas:
1265 2919 1374 2973 qua
1416 2902 1660 2968 insania,
1708 2920 1959 2975 quamam

385 2994 607 3062 gravior
640 3009 761 3050 esse
792 2996 1008 3064 potest?

459 3085 584 3140 Eth.
623 3089 762 3140 Ante
797 3086 1174 3142 refutationem
1221 3102 1310 3150 ne,
1355 3103 1564 3158 quzcso,
1606 3090 1960 3159 supercilium

384 3179 603 3233 attollas
634 3194 811 3248 neque
848 3195 1073 3249 magnos
1098 3179 1324 3248 spiritus
1364 3195 1545 3248 geras.
1585 3180 1718 3235 Nam
1749 3197 1844 3236 eos
1871 3183 1963 3252 qui

388 3270 597 3324 ratione
622 3269 894 3334 nituntur,
922 3284 1154 3338 eamque
1184 3285 1296 3339 prae
1336 3284 1396 3325 se
1435 3270 1687 3337 tendunt,
1722 3273 1848 3342 quis
1885 3273 1963 3327 ir-

386 3359 565 3413 ridere
591 3357 777 3412 ausit?

457 3449 555 3503 Ch.
597 3447 767 3503 Recte
797 3449 901 3503 ais.
933 3448 1018 3503 Me
1060 3449 1230 3519 igitur
1259 3449 1554 3504 ratiocinio
1589 3457 1682 3505 tuo
1712 3465 1960 3519 sequere.

391 3543 491 3594 Aio
539 3550 760 3596 nostros
793 3555 905 3595 non
940 3540 1280 3612 interrogare
1321 3551 1504 3595 utrum
1541 3540 1687 3598 Deus
1733 3544 1961 3598 verbum

387 3632 583 3686 mentis
615 3633 833 3687 habeat.

457 3723 583 3779 Eth.
627 3723 768 3790 Quid
804 3739 935 3793 ergo
959 3722 1107 3778 aliud
1143 3724 1526 3797 interrogant?

453 3813 550 3873 Cb.
593 3815 760 3870 Estne
790 3815 934 3871 Deus
989 3831 1156 3886 supra
1199 3827 1451 3872 naturam
1484 3832 1702 3874 omnem
1731 3818 1962 3887 locatus,

385 3917 601 3962 creator
629 3915 685 3962 et
715 3908 1016 3979 inspector,
1043 3924 1144 3964 nec
1173 3909 1280 3964 ne?

458 3998 584 4052 Eth.
625 3996 771 4052 Nihil
804 3999 908 4054 hoc
939 3999 1008 4053 ad
1036 3999 1304 4054 rationem
1341 4016 1515 4055 meam
1566 4002 1782 4057 attinet.
1821 4000 1960 4058 Nam

385 4103 560 4156 neque
596 4087 723 4156 quia
758 4104 883 4143 cum
929 4089 1117 4144 divina
1145 4100 1343 4146 natura
1385 4090 1676 4147 facultates
1701 4094 1823 4162 ejus
1853 4109 1961 4149 non

383 4179 602 4249 copulo,
634 4179 841 4235 idcirco
875 4182 1150 4250 sophistas
1189 4184 1513 4239 calumniari
1545 4184 1792 4239 videbor.

454 4269 554 4325 Ch.
591 4268 709 4324 Non
742 4271 793 4326 id
825 4271 934 4326 aio.
970 4271 1075 4326 Sed
1107 4273 1194 4327 fac
1236 4276 1477 4328 animum
1512 4275 1580 4328 ad
1625 4275 1958 4330 audiendum

2062 1798 2504 1868 διαϐαλλομένοις
2537 1797 2844 1864 ἀπένειμας
2879 1793 2940 1846 τὸ
2967 1793 3039 1862 μὴ
3071 1792 3323 1862 θαρρεῖν.

2133 1893 2236 1960 Χρ.
2277 1888 2440 1941 Ἀλλὰ
2471 1886 2589 1948 πῶς
2636 1885 2702 1938 ἄν
2743 1885 2827 1946 τίς
2852 1901 2910 1936 σε
2950 1880 3208 1952 ἡδὺτερον
3245 1881 3369 1942 ἴδοι,
3417 1880 3451 1948 ἢ
3483 1878 3642 1932 καλὸν

2063 1983 2299 2051 κάγαθὸν
2350 1983 2672 2051 ὀνομάσειε;
2723 1976 2904 2031 πεσὼν
2963 1975 3074 2045 γὰρ
3105 1976 3184 2036 είς
3215 1973 3254 2026 ἃ
3287 1972 3364 2044 μὴ
3390 1971 3519 2036 ἔδει,
3547 1969 3644 2023 οὔκ

2065 2077 2120 2129 εί
2143 2093 2229 2140 τις
2271 2075 2485 2146 χαίρεις
2516 2073 2893 2142 ἀναστήσειεν,
2925 2067 3063 2122 ἀλλὰ
3108 2065 3208 2121 καὶ
3247 2065 3414 2136 χάριν
3462 2064 3545 2117 ὅτι
3572 2059 3644 2134 μὴ

2062 2168 2319 2238 κείμενον
2351 2167 2565 2236 ἀφῆκεν
2598 2165 2872 2227 ἀπαιτεῖς.

2146 2259 2272 2314 Ἑλ.
2300 2261 2425 2322 Πῶς
2447 2259 2511 2329 δὴ
2541 2258 2635 2311 καὶ
2659 2257 2782 2310 τίνα
2801 2254 3034 2326 τρόπον;

2135 2348 2237 2414 Χρ.
2257 2347 2380 2400 ’Ότι
2399 2345 2785 2415 κατηγόρησας
2809 2341 3032 2396 ἐκείνων
3049 2341 3086 2395 ἃ.
3107 2341 3306 2411 μηδεὶς
3323 2337 3647 2412 προτείνειεο

2063 2443 2160 2494 καὶ
2184 2439 2284 2508 τῆς
2319 2437 2656 2508 κατηγορίας
2673 2436 2815 2508 ὁρῶν
2848 2434 3072 2488 σεαυτὸν
3101 2435 3180 2497 ὡς
3214 2433 3397 2487 ἔοικεν
3425 2430 3653 2498 ἐξωθούο

2067 2547 2248 2602 μενον,
2289 2531 2349 2582 οὐ
2401 2527 2733 2598 συγγνώμην
2781 2522 2862 2590 οἷς
2892 2527 3140 2597 ἥμαρτες
3191 2525 3398 2589 αίτεῖς,
3429 2522 3540 2577 οὐδ’
3572 2523 3652 2576 ὅτι

2064 2623 2224 2694 χάριν
2250 2622 2482 2692 ὀφείλεις
2529 2619 2582 2673 εί
2622 2621 2707 2682 τίς
2754 2637 2812 2672 σε
2853 2619 3220 2691 μεταστήσειε
3273 2615 3374 2670 τοῦ
3423 2615 3656 2687 θράσους

2068 2718 2292 2784 ἐννοεῖς,
2327 2714 2441 2770 ἀλλ’
2467 2715 2556 2768 ὅτι
2588 2712 2712 2767 καθ’
2763 2714 2968 2784 ἐτέρων
3023 2711 3369 2782 ὡρμημένος
3418 2705 3656 2772 διέϐαλες

2065 2812 2248 2882 ἕτερα,
2301 2811 2447 2881 μέγα
2503 2808 2744 2876 νομίζεις
2780 2807 3019 2876 φρονεῖν·
3055 2804 3148 2857 καί
3210 2821 3296 2857 τοι
3325 2805 3428 2874 τῆς
3480 2801 3658 2864 ἀνοίας

2064 2902 2269 2973 ταύτης
2292 2902 2346 2954 τί
2386 2901 2453 2954 ἂν
2482 2898 2570 2969 εἴη
2601 2895 3012 2968 χαλεπώτερον;

2147 3080 2273 3136 Ἕλ.
2303 3079 2418 3149 Πρὸ
2461 3079 2571 3133 τῶν
2618 3076 2955 3147 ἐλέγχωνέοὺ
2995 3075 3076 3130 δεῖ
3111 3075 3224 3149 τὴν
3263 3075 3446 3150 ὀφρῦν
3491 3077 3663 3148 αἴρειν

2064 3172 2186 3225 οὐδὲ
2213 3174 2432 3243 φρονεῖν
2463 3171 2625 3240 μέγαο
2657 3168 2742 3238 ἐφ’
2788 3163 2869 3232 οἷς
2896 3168 2962 3221 ἂν
3008 3169 3134 3230 τοὺς
3166 3169 3486 3238 ὑπέχοντας
3511 3167 3666 3237 λόγον

2063 3264 2097 3335 ἦ
2133 3263 2227 3316 καὶ
2259 3261 2732 3333 προόαλλομένους
2763 3260 2847 3324 τίς
2881 3259 3312 3330 ὲπιχλευὰσειε;

2133 3443 2238 3510 Χρ.
2265 3438 2462 3502 Καλῶς
2490 3455 2555 3507 γε
2583 3438 2741 3508 ἔφηςο
2774 3436 2870 3490 καί
2899 3453 2989 3506 μοι
3012 3437 3126 3500 τοῖς
3170 3437 3473 3508 λογισμοῖς
3527 3451 3669 3506 παρ-

2065 3529 2368 3586 ακολούθει⁶
2389 3529 2452 3582 οὐ
2480 3531 2826 3600 προτείνουσι
2856 3529 2958 3599 τὴν
2984 3526 3294 3599 ἐρώτησιν,
3333 3529 3364 3580 ὁ
3406 3526 3543 3592 Θεὸς
3559 3525 3672 3598 ἔχει

2062 3623 2242 3691 λόγον.

2151 3716 2277 3770 Ἑλ.
2319 3713 2433 3768 Καὶ
2469 3713 2588 3776 πῶς
2619 3712 2832 3780 ﬁlling;

2133 3809 2237 3876 Xp.
2268 3805 2414 3877 'Apd.
2458 3806 2575 3859 ὲστί
2603 3823 2656 3858 τι
2685 3806 2841 3861 Θεῖον
2874 3804 3143 3876 ὑπεριδρύ
3154 3823 3329 3878 μενον
3357 3807 3473 3862 τῶν
3503 3807 3674 3862 ὄντων

2062 3900 2458 3972 δημιουργικόν
2490 3916 2550 3952 τε
2583 3899 2678 3952 καὶ
2699 3900 2993 3952 ἐποπτικὸν
3019 3899 3052 3970 ἢ
3082 3898 3146 3952 οὖ
3172 3916 3190 3968 ;

2145 3993 2271 4047 Ἑλ.
2300 3990 2467 4044 Οὐδὲν
2488 3989 2650 4048 τοῦτο
2680 3989 2817 4061 πρὸς
2856 3990 2949 4044 τὸν
3002 3990 3140 4061 ἐμὸν
3160 3991 3356 4061 λόγον.
3389 3992 3531 4048 Οὐδὲ
3562 3989 3674 4062 γὰρ

2061 4086 2144 4141 ὅτι
2172 4083 2246 4156 μὴ
2286 4085 2520 4154 συνείρω
2563 4086 2630 4156 τῇ
2681 4083 2801 4154 θείᾳ.
2840 4083 3000 4152 φύσει
3035 4082 3105 4137 τὰ
3158 4085 3462 4156 προσόντα
3505 4084 3670 4156 αὐτῇ,

2061 4175 2151 4229 διὰ
2178 4175 2336 4228 τοῦτο
2357 4175 2486 4238 τοὺς
2512 4173 2774 4242 σοφιστὰς
2805 4175 3169 4241 συκοφαντεῖν
3199 4174 3371 4240 δόξω.

2133 4267 2238 4334 Χρ.
2266 4266 2343 4320 Οὐ
2375 4259 2536 4319 τοῦτό
2559 4264 2722 4332 λέγω’
2774 4264 2911 4317 ἀλλὰ
2943 4264 3141 4335 μικρὸν
3193 4266 3442 4322 σεαυτὸν
3468 4265 3676 4323 ὑπόθου

383 4363 700 4433 diligentius
739 4363 1010 4419 attendas.
1057 4363 1171 4420 Hoc
1216 4381 1418 4420 numen
1451 4367 1633 4436 (mitto
1663 4382 1810 4422 nunc
1836 4367 1958 4422 lau-

2098 4358 2128 4428 ᾔ
2167 4355 2451 4426 ἀκροάσει·
2503 4353 2667 4407 τοῦτο
2693 4353 2758 4425 δὴ
2794 4353 2858 4406 τὸ
2902 4353 3046 4406 θεῖον
3094 4354 3224 4426 (καὶ
3253 4355 3365 4408 οὐκ
3397 4356 3516 4427 ἐρῶ
3547 4355 3678 4419 τοὺς

381 4456 634 4510 dationes
680 4455 824 4524 ejus)
862 4455 1144 4511 Rationale
1185 4473 1252 4512 ne
1291 4458 1432 4514 dicis
1479 4468 1534 4514 et
1573 4459 1850 4529 Spiritale,
1887 4475 1958 4514 an

382 4547 704 4601 irrationale
749 4557 804 4602 et
854 4547 1138 4604 inanime?
1188 4551 1465 4606 Audacter
1519 4566 1820 4622 presseque
1870 4566 1960 4608 re-

385 4638 614 4708 sponde.

453 4729 581 4784 Eth.
623 4729 817 4786 L'trum
841 4748 908 4787 ex
942 4732 1028 4788 his
1053 4733 1256 4800 dicam,
1298 4736 1503 4790 nescio.

455 4819 552 4873 Ch.
591 4821 757 4890 Atqui
797 4823 1121 4877 alterutrum
1168 4839 1235 4879 ex
1283 4824 1367 4880 his
1401 4840 1431 4878 a
1477 4824 1657 4893 priore
1707 4827 1958 4881 convicio

383 4913 626 4966 nondum
668 4923 720 4968 te
746 4916 1004 4971 abducit?
1041 4915 1176 4971 Nam
1215 4918 1330 4971 sive
1372 4933 1575 4972 numen
1609 4919 1761 4973 dicas
1800 4920 1960 4972 ratio-

383 5004 505 5058 nale
549 5019 615 5059 ac
663 5006 931 5074 spiritale,
988 5008 1097 5074 jam
1158 5023 1261 5063 nos
1311 5023 1418 5063 non
1467 5023 1634 5078 coges
1679 5011 1859 5065 dicere
1901 5013 1955 5066 in

382 5093 548 5147 verbo
583 5091 814 5147 Verbum
847 5110 988 5160 esse,
1023 5112 1200 5166 neque
1235 5098 1288 5149 in
1314 5098 1508 5166 spiritu
1539 5098 1824 5167 Spiritum.
1861 5098 1956 5154 Sin

382 5183 534 5238 dicas
584 5200 786 5239 numen
843 5186 974 5240 illud
1025 5189 1238 5243 ratione
1284 5205 1348 5243 ae
1403 5191 1554 5244 vitali
1586 5191 1782 5260 spiritu
1833 5206 1957 5246 esse

380 5284 681 5344 expertem,
745 5278 979 5346 tcipsum
1026 5295 1134 5333 non
1174 5280 1310 5334 alios
1355 5282 1409 5335 in
1456 5283 1752 5352 impietatis
1791 5283 1954 5337 hara-

383 5366 563 5423 thrum
594 5368 805 5440 dejicis.
841 5370 1027 5443 Neque
1057 5373 1153 5428 tibi
1189 5387 1436 5445 superest
1468 5387 1524 5432 ut
1569 5375 1815 5432 Ethnica:
1853 5378 1958 5431 im-

2063 4449 2288 4521 ὕμνους)
2307 4449 2536 4518 πότερον
2571 4449 2820 4518 λογικὸν
2840 4449 2986 4518 ἐρεῖς
3009 4447 3105 4501 καὶ
3147 4447 3474 4516 ἔμπνουν,
3493 4447 3531 4520 ἢ
3555 4447 3680 4505 ἄλο·

2059 4542 2158 4611 γόν
2186 4558 2247 4595 τε
2287 4541 2383 4595 καὶ
2419 4542 2657 4608 ἄπνουν;
2703 4539 2798 4593 καί
2848 4556 2941 4612 μοι
2979 4538 3241 4610 θρασέως
3277 4557 3344 4594 τε
3372 4542 3477 4595 καὶ
3509 4557 3679 4596 σπου-

2060 4633 2224 4697 δαίως
2247 4632 2568 4704 ἀποκρίνου.

2142 4725 2268 4779 Ἑλ.
2303 4725 2417 4794 Οὐχ
2449 4724 2709 4793 ὁπότερον
2732 4721 2800 4776 ἂν
2825 4722 2936 4793 ὲρῶ
2963 4721 3275 4794 βουλοίμην

2133 4819 2238 4885 Χρ.
2282 4814 2422 4869 Ἀλλ’
2451 4813 2480 4867 ὃ
2506 4813 2733 4885 θάτερόν
2757 4829 2820 4865 σε
2852 4813 2951 4882 τῆς
2980 4814 3274 4885 προτέρας
3325 4816 3554 4890 ὕϐρεως
3580 4817 3683 4873 οὐκ

2061 4911 2266 4978 ἀπάγει
2290 4924 2305 4973 ;
2339 4908 2405 4962 ἄν
2433 4923 2494 4959 τε
2527 4906 2636 4977 γὰρ
2673 4907 2819 4976 ἐρεῖς
2847 4904 3064 4972 λογικὸν
3093 4906 3201 4958 καὶ
3233 4906 3525 4980 ἔμπνουν,
3555 4911 3681 4964 οὔτε

2059 5006 2150 5058 τὸν
2176 5003 2348 5069 Λόγον
2375 5000 2535 5068 λόγον
2581 4999 2726 5069 ἔχειν
2769 4999 2920 5068 ἡμᾶς
2971 5001 3507 5068 προσαναγκάσεις,
3556 5001 3684 5056 οὔτε

2063 5097 2232 5166 πνοὴν
2248 5095 2308 5148 τὸ
2325 5093 2576 5162 Πνεῦμασ
2594 5093 2659 5147 ἄν
2678 5108 2738 5144 τε
2759 5090 2866 5162 μὴν
2885 5099 2915 5138 .V
2940 5091 3084 5161 ἐρεῖς
3103 5091 3195 5145 ὅτι
3217 5093 3286 5146 τὸ
3304 5096 3476 5149 Θεῖον
3499 5098 3687 5148 ἐκεῖνο

2061 5190 2221 5258 λόγου
2252 5205 2313 5240 τε
2337 5187 2433 5240 καὶ
2467 5185 2783 5255 ζωαρχικῆς
2810 5182 3076 5254 ἀμέτοχόν
3100 5185 3232 5238 ἐστι
3271 5186 3483 5256 πνοῆς,
3519 5204 3686 5240 σεαυ-

2061 5287 2174 5349 τὸν,
2203 5285 2307 5338 οὐκ
2334 5282 2528 5345 ἄλλους
2566 5283 2645 5344 εἰς
2693 5281 2792 5351 τὴν
2817 5280 3053 5351 ἐσχάτην
3085 5279 3369 5337 ἀσεϐείαν
3412 5283 3684 5355 βυθίζειςι

2065 5379 2160 5431 καὶ
2193 5377 2319 5430 οὔτε
2352 5393 2433 5430 σοι
2467 5375 2530 5428 τὸ
2569 5372 2829 5428 πολύθεον
2863 5373 2963 5444 τῆς
3001 5369 3349 5446 Ἑλληνικῆς
3371 5374 3685 5447 ἀθεότητος

1621 5543 1858 5600 ἾΑῘΗᾸΞ
1926 5541 2332 5599 LECTIONES.

492 5655 522 5696 Υ
545 5646 678 5703 Cod.
715 5650 815 5720 μή.
