3854 6216
227 183 350 251 1021

1052 189 1152 247 AD
1208 186 1801 248 AMPHILOCHIUM
1856 187 2201 259 QU/ESTIO
2261 188 2558 254 CCXXVI.

3324 191 3462 258 1022

227 301 339 356 καθ’
366 298 522 371 ἡμῶν
549 298 691 369 ἔχειν
723 297 905 368 χώραν
946 297 1387 368 ὲναπορρίπτεις,
1424 298 1548 352 οὔτε
1579 301 1607 351 ὁ
1627 300 1785 369 λόγος

1898 302 2102 370 pictatis
2152 302 2570 372 polytheismum
2614 304 2774 360 nobis
2818 305 3084 374 objicias;
3136 321 3313 372 neque
3346 308 3462 378 jam

226 392 562 456 ἐκϐάλλεται,
593 391 706 444 ἀλλ’
736 391 858 443 οὐδὲ
888 390 950 443 τὸ
989 389 1205 453 πνεῦμα
1225 390 1324 460 τῆς
1354 390 1626 462 θεότητος⁶
1656 394 1785 462 ὁρᾷς

223 487 361 547 ὅπως
404 483 472 535 τὰ
532 482 673 535 αὐτὰ
734 482 810 552 μὴ
857 481 1119 546 ὡσαύτως
1178 485 1572 553 προτεινόμενα
1617 486 1786 539 πολὺν

224 576 373 628 σάλον
406 557 499 630 καὶ
544 575 782 646 τάραχον
831 577 943 637 τοῖς
988 570 1230 645 ἀπείρως
1269 576 1450 645 ἔχουσι
1482 579 1581 646 τῆς
1618 578 1787 648 σοφῆς

222 668 309 719 καὶ
372 665 697 736 ἀδιαὸλήτου
757 665 982 736 μεθόδου
1041 667 1510 736 κατεπανίστησι;
1580 667 1645 719 Τί
1722 668 1786 739 δὴ

222 759 415 827 σιγᾷς;
454 757 519 809 El
552 758 651 826 μὲν
681 757 790 826 γὰρ
822 756 1079 827 συνῆκας,
1107 757 1166 809 ού
1199 756 1281 809 δεῖ
1307 757 1405 828 τὴν
1437 758 1653 811 σύνεσιν
1685 776 1789 828 μα-

220 847 573 911 λακίζεσθαιο
633 849 681 899 εί
729 848 786 900 δὲ
838 848 937 919 μὴ,
969 848 1132 901 πάλιν
1178 847 1358 915 λέγειν
1412 847 1481 902 τά
1530 847 1788 903 δοκοῦντα

219 938 465 1009 ἐμποδῶν
497 940 643 991 ἐστιν
673 940 750 1003 ὼς
780 940 910 1010 ὁρᾷς
948 940 1120 994 οὐδέν.

292 1033 423 1085 Ἑλ.
457 1030 735 1100 Θαυμάζω
755 1030 869 1094 πῶς
905 1032 1109 1095 ὁαύτὸς
1141 1032 1297 1101 λόγος
1330 1032 1503 1095 ἄλλως
1535 1033 1632 1102 μὲν
1660 1051 1790 1106 σχη-

222 1122 579 1191 ματιζόμενος
610 1122 811 1187 πολλὰς
844 1125 1005 1191 γονὰς
1036 1125 1209 1177 ἐδίδου
1241 1124 1431 1192 λαϐῆς
1473 1126 1577 1177 ὑπὸ
1602 1126 1658 1178 δέ
1694 1143 1787 1178 σου

219 1216 330 1266 νυνὶ
394 1214 728 1285 προαχθεὶς,
799 1217 1221 1287 ἀπηλλαγμένος
1281 1219 1497 1271 πάντων
1566 1218 1789 1271 ἐκείνων

218 1307 430 1376 ἐδείχθη
470 1307 806 1377 περιφανῶς·
849 1308 944 1361 καὶ
985 1310 1046 1362 οὐ
1098 1309 1256 1363 τοῦτο
1306 1311 1487 1380 μόνον,
1535 1309 1668 1363 ἀλλὰ
1696 1313 1791 1364 καὶ

213 1399 359 1452 δοκεῖ
389 1399 450 1450 τὸ
485 1400 636 1469 παρὰ
666 1400 760 1453 σοῦ
789 1401 1189 1471 κηρυττόμενον
1217 1403 1374 1470 ἄγειν
1411 1405 1490 1465 είς
1519 1402 1712 1457 πειθώ.

276 1492 387 1558 Xp.
425 1492 539 1543 Οὐκ
568 1492 661 1544 ἐπὶ
692 1491 793 1561 τῆς
814 1494 1110 1564 εἰρημένης
1138 1494 1341 1559 θέσεως
1365 1495 1511 1549 ἐστιν
1533 1536 1547 1560 ,
1588 1488 1634 1548 ὧ
1664 1495 1781 1564 βέλ-

212 1601 389 1647 τιστε,
440 1586 607 1655 μόνης
642 1585 801 1639 τοῦτο
840 1588 1114 1652 κατιδεῖν,
1165 1589 1301 1644 ἀλλὰ
1344 1591 1437 1643 καὶ
1482 1592 1570 1647 ἐπ’
1616 1596 1789 1650 ἄλλων

1889 398 2111 448 verbum
2161 410 2334 463 neque
2373 395 2499 448 itetn
2545 395 2771 463 spiritus
2804 398 3091 453 divinitate
3128 400 3462 457 excluditur.

1890 483 2078 539 Viden‘
2133 494 2190 538 ut
2240 485 2511 539 sententia
2562 486 2749 539 cadent
2802 488 2926 542 aliis
2968 489 3152 545 verbis
3201 492 3458 560 recitata,

1886 580 2312 648 perturbationis
2345 579 2573 633 nebulas
2603 588 2657 633 et
2682 579 3024 637 confusionis
3060 623 3074 645 ,
3103 583 3186 638 his
3229 586 3321 655 qui
3369 601 3463 639 so-

1888 669 2041 723 lertis
2072 680 2307 737 tutteque
2347 670 2590 723 methodi
2633 661 2807 739 ignari
2846 679 2994 733 sunt,
3044 671 3318 725 oll‘undat?
3348 670 3463 727 Cur

1889 761 2056 815 siles?
2084 762 2219 815 Nam
2244 761 2290 815 si
2322 777 2434 815 rem
2467 760 2805 825 intellexisti,
2846 775 2957 813 non
2988 771 3071 815 est
3103 762 3462 833 intelligentia

1889 853 2283 907 dissimulanda
2330 853 2422 907 :si
2473 854 2677 916 minus,
2736 853 2873 907 nihil
2929 863 3097 920 vetat,
3150 864 3211 909 ut
3254 856 3463 921 cernis,

1889 945 2021 1015 quin
2049 945 2189 999 idem
2224 960 2251 997 a
2284 960 2368 998 me
2399 945 2581 999 denuo
2616 945 2852 999 dicatur.

1962 1036 2085 1090 Etlt.
2128 1036 2295 1091 Miror
2330 1038 2605 1106 quomodo
2631 1037 2771 1091 idem
2802 1054 2983 1093 sermo
3008 1039 3166 1093 aliter
3198 1040 3465 1110 ﬁguratus

1891 1127 2081 1180 multis
2126 1127 2419 1195 generibus
2459 1126 2957 1181 contradictionnm
2994 1129 3267 1196 patuerit;
3316 1144 3464 1183 nunc

1892 1227 2075 1271 autem
2106 1234 2135 1271 a
2166 1228 2215 1272 te
2252 1218 2516 1285 prolatus,
2545 1217 2630 1272 bis
2660 1219 2914 1272 omnibus
2942 1220 3229 1274 manifeste
3257 1229 3463 1274 careat.

1890 1306 2077 1377 Neque
2110 1309 2161 1361 id
2190 1317 2452 1375 eatenus;
2491 1322 2616 1361 nam
2651 1324 2772 1378 quae
2817 1316 2871 1362 tu
2908 1309 3069 1375 dicis,
3100 1310 3467 1379 persuadendi

1890 1412 2107 1466 quoque
2140 1398 2243 1450 vim
2274 1398 2494 1451 habent.

1961 1489 2059 1547 Ch.
2099 1490 2217 1543 Non
2270 1492 2321 1543 in
2370 1491 2626 1561 praedicta
2678 1492 2880 1555 solum,
2930 1507 2963 1545 ο
3013 1493 3175 1555 bone,
3226 1493 3465 1549 dictione

1891 1594 2227 1649 cognoscere
2266 1581 2415 1645 licet,
2453 1582 2546 1636 sed
2587 1582 2749 1634 etiam
2789 1583 2841 1634 in
2873 1583 2994 1636 aliis
3026 1584 3289 1651 pluribus,
3319 1584 3463 1640 hanc

214 1672 426 1725 πολλῶν
478 1673 539 1725 τὸ
590 1673 775 1743 σχῆμα
821 1675 915 1728 τοῦ
961 1676 1141 1745 λόγου·
1185 1680 1276 1732 καὶ
1323 1682 1355 1752 ἡ
1424 1686 1782 1756 προσαγωγὴν

1898 1672 2158 1740 loquendi
2231 1673 2490 1741 speciem.
2555 1671 2866 1742 Pr0positio
2935 1682 3113 1727 autem
3186 1675 3461 1730 malitiose

212 1766 666 1847 κακουργουμένη
699 1766 819 1836 μὲν,
856 1768 938 1831 είς
965 1769 1202 1840 ἀπορίαν
1231 1777 1644 1844 περιτρέπεται·
1668 1780 1786 1831 κατ’

214 1856 343 1909 εὐθὺ
385 1857 440 1909 δὲ
472 1857 886 1928 προτεινομένη.
929 1859 991 1913 τὸ
1014 1862 1211 1915 οἰκεῖον
1249 1864 1501 1931 διασώζει
1544 1869 1638 1921 καὶ
1668 1870 1786 1922 δια-

213 1948 477 2017 φυλάττει
500 1948 738 2018 ἀξίωμα.

291 2043 425 2096 Ἑλ.
475 2040 599 2096 Οῗον
628 2042 683 2095 τί
709 2060 725 2110 ;

272 2138 386 2203 Χρ.
406 2137 635 2207 Ἐῶμεν,
650 2141 698 2192 εί
718 2138 917 2210 βούλει,
939 2141 1005 2195 τὰ
1033 2143 1236 2213 πὸρῤωυ
1261 2144 1378 2199 ἀλλ’
1398 2146 1573 2199 ἐκεῖνο
1596 2148 1787 2218 ῥητέον

205 2228 229 2279 ὃ
271 2231 378 2281 καὶ
406 2230 541 2282 αὐτὸ
585 2232 723 2301 μετά
754 2235 853 2304 τῆς
887 2236 1288 2307 προειρημένης
1320 2238 1651 2304 ἀποδείξεως
1690 2241 1787 2310 τῆς

204 2320 412 2389 χλεύης
443 2322 636 2391 γέγονε
667 2328 945 2383 κοινωνόν.

283 2411 420 2465 Ἑλ.
453 2412 527 2465 Τὸ
564 2416 719 2470 ποῖον
757 2416 979 2487 λέγεις;

268 2507 383 2570 Κρ.
410 2506 524 2558 Ούκ
554 2506 663 2579 ἐρῶ
687 2510 867 2578 πάλιν,
918 2509 1028 2584 ἇρά
1071 2531 1134 2583 γε
1163 2515 1383 2585 γόνιμος
1409 2517 1436 2568 ὁ
1463 2515 1597 2579 Θεὸς
1636 2517 1668 2587 ἦ
1699 2515 1782 2569 οὖ·

203 2591 295 2643 ἵνα
332 2593 413 2660 μὴ
438 2594 531 2646 τὸν
566 2596 790 2667 γόνιμον
813 2600 1026 2668 ἀφελὼν
1064 2603 1156 2655 τοῦ
1186 2602 1316 2656 Υἱοῦ
1354 2603 1658 2674 συναφέλῃς
1691 2605 1787 2657 καὶ

202 2684 299 2753 τὴν
333 2685 592 2756 θεότητα’
628 2689 661 2759 ἢ
708 2690 915 2759 διδοὺς,
976 2693 1265 2759 πολυθεῖας
1309 2696 1441 2765 ἡμῖν
1480 2696 1787 2759 διαπλέξεις

202 2775 421 2846 σειράν·
454 2778 571 2831 ἀλλ’
603 2780 746 2834 οὕτω
777 2800 890 2846 πως
917 2786 1145 2856 ἐροίμην
1176 2787 1262 2839 ἄν’
1294 2788 1523 2858 πότερον
1555 2787 1617 2838 τὸ
1643 2786 1785 2840 θεῖον

202 2869 297 2935 (εῶ
328 2869 390 2922 δὲ
421 2870 517 2923 νῦν
541 2874 667 2935 τοὺς
708 2872 911 2943 ὕμνους
934 2876 1027 2940 οὒς
1070 2880 1104 2948 ἡ
1132 2879 1379 2948 μακαρία
1408 2878 1567 2947 φύσις
1600 2878 1783 2950 ἐκείνη

204 2960 454 3024 Βιὰζεται
477 2961 700 3035 λέγειν),
734 2966 846 3019 ἀλλ’
876 2967 969 3021 οὖν
993 2968 1050 3021 τὲ
1079 2969 1220 3021 θεῖον
1247 2971 1478 3041 πότερόν
1508 2971 1627 3022 ἐστι.
1658 2987 1783 3039 γεν-

200 3055 447 3124 mcum,
494 3056 527 3126 ἢ
572 3057 671 3127 τῆς
720 3058 1002 3131 δυνάμεως
1043 3061 1321 3133 ἀφῄρηται
1372 3034 1611 3134 ταύτης;
1669 3034 1851 3132 .τῆςο

200 3144 251 3195 δὲ
282 3146 530 3210 διανοίας
549 3149 643 3200 τοῦ
671 3150 864 3215 ἀπλοῦ,
895 3153 1017 3205 ἀντὶ
1038 3154 1132 3206 τοῦ
1161 3154 1350 3225 ῥέπειν
1375 3155 1510 3226 πρὸς
1531 3154 1628 3224 τὴν
1659 3156 1786 3224 ἐρη-

204 3238 336 3304 μίαν
352 3239 455 3308 τῆς
466 3241 795 3308 γεννήσεως,
810 3246 889 3308 είς
907 3245 1005 3316 τὴν
1025 3246 1275 3318 γέννησιν
1292 3246 1781 3316 ἐπιστρεφομένης,

200 3327 403 3397 ἕιομεν
434 3330 527 3383 τὸν
569 3330 717 3397 Υίὸν,
749 3332 873 3387 οὔτε
923 3339 1023 3406 τῆς
1060 3336 1313 3407 θεότητος
1352 3335 1781 3407 ἀλλοτριοῦντες,

199 3419 329 3472 οὒτε
357 3421 665 3491 γεννήσεως
695 3424 825 3477 ῐδιον
881 3425 1358 3497 ἀνομο).ογοῦντες·
1414 3428 1472 3479 ὲν
1523 3426 1618 3497 ὅλῃ
1673 3426 1782 3496 γὰρ

1889 1762 2088 1823 oblata.
2123 1763 2527 1832 perplexitatem
2561 1773 2742 1829 creat;
2792 1773 2937 1818 recte
2981 1764 3249 1833 exposita,
3294 1781 3455 1822 suam

1889 1852 2214 1907 incolumem
2250 1853 2563 1921 dignitatem
2596 1853 2813 1908 retinet.

1961 2028 2088 2083 Eth.
2128 2029 2350 2099 Ecquod
2383 2032 2551 2086 babes
2579 2032 2656 2086 rei
2687 2034 3034 2102 exemplum?

1960 2118 2056 2173 Clt.
2100 2118 2452 2184 Omittamus,
2495 2120 2540 2175 si
2574 2120 2677 2184 vis,
2723 2131 2930 2174 remota
2968 2122 3142 2176 :illud
3187 2124 3457 2193 dicamus,

1887 2211 2031 2281 quod
2069 2211 2121 2264 in
2153 2211 2465 2280 supradicto
2498 2226 2751 2268 sermone
2776 2212 2913 2267 risui
2949 2213 3197 2270 habitum
3225 2214 3350 2273 fuit.

1958 2385 2083 2440 Eth.
2124 2386 2295 2452 Quale
2327 2388 2379 2442 id
2414 2389 2535 2443 est?

1960 2479 2057 2533 Ch.
2118 2481 2229 2547 Ego
2284 2481 2541 2551 deinceps
2588 2498 2698 2536 non
2740 2482 3096 2557 interrogabo
3136 2503 3266 2541 num
3312 2488 3458 2544 Deus

1886 2569 2151 2625 fecundus
2203 2573 2295 2636 sit,
2332 2589 2431 2627 nec
2477 2590 2583 2641 ne;
2632 2589 2702 2628 ne
2743 2574 2880 2629 forte
2919 2588 2999 2641 tu,
3032 2593 3157 2633 cum
3198 2578 3455 2648 gignendi

1886 2662 1959 2727 vi,
2000 2661 2197 2715 Filium
2242 2679 2463 2732 quoque
2504 2664 2709 2735 eripias
2746 2680 2810 2718 ac
2854 2666 3193 2722 divinitatem
3239 2686 3253 2721 :
3290 2668 3375 2722 vel
3406 2669 3457 2724 si
3486 2686 3501 2697 ί

1885 2755 2176 2818 concedas,
2210 2756 2570 2823 polytheismo
2630 2772 2730 2811 nos
2775 2758 3009 2813 irretias.
3062 2758 3168 2813 Sed
3200 2759 3458 2828 proposi-

1888 2845 2088 2899 tionem
2123 2847 2201 2900 sic
2241 2846 2598 2903 conl‘ormabo
2654 2868 2669 2903 :
2736 2861 2992 2905 utrumne
3035 2867 3235 2906 numen
3274 2852 3456 2915 (mitto

1887 2952 2033 2990 nunc
2063 2948 2289 2991 carteros
2330 2939 2539 3004 titulos,
2580 2940 2673 3009 qui
2708 2940 2881 2994 beata:
2912 2940 2987 2993 illi
3020 2952 3227 2995 natura:
3253 2942 3457 2996 deben-

1885 3028 2013 3099 tur),
2046 3037 2321 3096 utrumne,
2368 3030 2615 3100 inquam,
2674 3047 2875 3086 numen
2921 3040 3005 3085 est
3055 3047 3342 3100 generans,
3383 3048 3454 3087 an

1881 3120 1985 3174 hac
2017 3119 2276 3176 facultate
2304 3125 2490 3177 caret?
2520 3123 2673 3177 Tunc
2715 3126 2863 3178 enim
2907 3125 3274 3195 simplicitatis
3304 3125 3455 3197 cogi-

1880 3212 2086 3266 tatione
2114 3229 2219 3266 non
2254 3214 2319 3267 ad
2345 3215 2717 3282 generationis
2748 3215 2986 3285 inopiam
3019 3217 3112 3271 sed
3144 3218 3210 3271 ad
3231 3232 3456 3285 genera-

1879 3303 2084 3357 tionem
2142 3305 2362 3367 reﬂexa,
2412 3304 2611 3359 Filium
2658 3306 2924 3361 habemus
2953 3325 2967 3361 :
3001 3322 3160 3378 quem
3202 3323 3378 3378 neque
3421 3322 3457 3365 ι

1879 3394 2168 3450 divinitate
2213 3398 2629 3464 submoremus,
2672 3413 2851 3468 neque
2900 3400 2967 3453 ad
3000 3400 3292 3469 generandi
3322 3414 3457 3471 pro-

198 3486 380 3563 τιῦτα
408 3514 478 3582 τῇ
508 3486 761 3585 θεότητι,
810 3517 927 3571 ἀλλ’
953 3486 1053 3571 ούκ
1084 3486 1166 3590 ἔρρ’
1190 3486 1398 3592 ἑκάστῃ
1428 3519 1538 3572 τῶν
1559 3486 1618 3572 ἐν
1639 3486 1774 3590 αύτῇ

1898 3486 2168 3552 priclatem
2220 3488 2579 3544 admittimus.
2614 3488 2826 3559 Quippe
2871 3490 2959 3545 illa
2988 3493 3292 3561 propositio
3330 3492 3457 3547 uni-

202 3600 642 3674 θεολογουμένων
677 3607 1002 3677 προσώπων.

694 3783 1028 3838 sperum):
1063 3787 1249 3854 zxq'.

357 3873 419 3925 Τί
450 3872 583 3929 ἐστι
606 3876 693 3941 τὸ,
727 3897 746 3929 ι
785 3880 977 3933 Πόθεν
1004 3880 1416 3949 παραγέγονας
1450 3878 1562 3949 (86)
1582 3894 1631 3943 ς»

1885 3595 2102 3634 versam
2151 3580 2319 3635 allicit
2347 3581 2711 3648 divinitatem,
2745 3601 2853 3639 non
2901 3600 3345 3656 unamquamque
3371 3585 3458 3643 di-

1888 3669 2133 3724 vinitatis
2162 3670 2404 3740 ejusdem
2440 3687 2750 3739 personam.

1886 3779 2215 3846 QUIESTIO
2232 3781 2484 3836 CCXXV]
2504 3782 2690 3854 [σοῖσι.
2705 3782 2937 3849 CLXIX,
2960 3784 3123 3840 Taur.
3152 3784 3455 3857 CLXVIII].

2029 3872 2170 3938 Quid
2201 3872 2302 3926 sibi
2331 3875 2443 3928 vult
2472 3875 2605 3928 illud
2631 3890 2650 3929 .'
2706 3893 2724 3926 ι
2765 3874 2911 3931 Unde
2945 3879 3209 3933 decessisti
3229 3882 3254 3936 7
3288 3897 3309 3931 ι

922 3994 1063 4045 Nunc
1082 3998 1293 4059 primum
1318 3996 1449 4046 edita
1470 4011 1497 4046 a
1518 3997 1579 4046 D.
1604 3991 2031 4056 llergenroether.
2061 4016 2125 4026 —
2142 3990 2413 4053 Exegetica
2436 3990 2486 4040 in
2509 3991 2622 4041 Job.
2646 4007 2679 4051 ι,
2701 3993 2749 4043 7.

1944 4091 2269 4161 Ncutiquam
2299 4108 2398 4145 vox
2434 4093 2533 4147 ista
2555 4133 2569 4155 ,
2605 4102 2663 4147 nt
2688 4097 2832 4148 torte
2857 4096 3131 4165 quispiam
3158 4098 3453 4157 arbitratus

204 4188 370 4255 μόνον
401 4188 763 4258 προϐάλλεται
792 4191 987 4253 τύπον,
1025 4192 1159 4245 ἀλλὰ
1189 4192 1282 4244 καὶ
1330 4189 1633 4260 βαθυτέρας
1680 4188 1774 4258 ζη-

1898 4184 2068 4250 uerit,
2116 4185 2559 4255 interrogationis
2600 4187 2947 4242 solummodo
2990 4190 3221 4245 formam
3256 4208 3365 4263 prae
3393 4210 3455 4249 se

203 4281 414 4347 τήσεως
453 4279 826 4334 ἀνακαλύπτει
875 4282 1128 4353 θεωρίαν.
1191 4283 1286 4347 Σὺ,
1328 4282 1518 4351 φησὶν,
1552 4282 1611 4335 ὲν
1659 4284 1772 4344 τοῖς

1898 4284 1975 4328 ert
2000 4313 2015 4338 ,
2052 4273 2143 4327 sed
2187 4282 2238 4327 et
2279 4274 2648 4342 profundioris
2684 4276 3062 4343 inquisitionis
3094 4279 3294 4349 detegit
3323 4296 3452 4335 con-

202 4369 568 4438 χαμαιπετέσι
645 4371 738 4421 καὶ⁹
787 4373 1086 4441 περιγείοις
1136 4373 1223 4426 διὰ
1298 4372 1396 4443 τὴν
1456 4371 1773 4435 ἀλαζονείαν

1898 4365 2297 4434 emplationem.
2336 4362 2417 4417 Tu
2454 4405 2470 4429 ,
2516 4366 2592 4418 ait
2624 4365 2841 4437 (Deus)
2870 4405 2885 4428 .
2918 4377 3136 4436 pr0pter
3166 4368 3361 4423 fastum
3387 4386 3453 4425 ac

203 4460 626 4524 καταδικασθεὶς
667 4462 767 4533 τὴν
809 4463 1020 4516 διαίταν
1070 4463 1236 4533 ἔχειν,
1274 4463 1438 4517 πόθεν
1469 4464 1500 4534 ἢ
1534 4463 1650 4525 πῶς
1683 4466 1771 4517 έν·-

1898 4456 2183 4510 actantiam
2213 4496 2227 4517 ,
2265 4456 2330 4510 ad
2356 4456 2640 4510 incolenda
2666 4457 2849 4512 inﬁma
2881 4458 3024 4513 circa
3051 4467 3247 4513 terram
3278 4461 3451 4528 spatia

202 4551 376 4605 ταῦθα
404 4552 812 4623 παραγέγονας,
842 4555 1104 4625 οὐδεμίαν
1128 4555 1268 4626 ἔχων
1314 4556 1563 4621 ἐξουσίαν
1608 4555 1770 4626 ἱερῶν

1898 4549 2304 4614 :ondemnatus,
2356 4549 2499 4603 unde
2535 4558 2628 4603 aut
2654 4564 2893 4619 quonam
2939 4561 3098 4620 pacto
3124 4551 3229 4605 huc
3267 4566 3451 4607 acces-

204 4642 413 4711 ἀνδρῶν
440 4642 899 4712 περιεργάζεσθαι
950 4644 1117 4714 βίους,
1147 4648 1203 4700 ὲν
1234 4646 1463 4709 ἐκείνοις
1491 4645 1547 4698 δὲ
1594 4646 1775 4715 μόνοις

1898 4642 2030 4709 ιὶδιί,
2079 4642 2283 4696 nullam
2327 4642 2535 4697 habens
2579 4651 2903 4712 potestatem
2947 4653 3267 4699 sanctorum
3305 4645 3452 4701 viro-

204 4734 561 4803 ἁπορῤιφεὶς,
595 4735 649 4787 οἴ
677 4752 735 4788 σε
765 4736 865 4806 τῆς
895 4738 1101 4801 οἰκείας
1144 4738 1419 4801 πολιτείας
1449 4740 1562 4801 τοῖς
1596 4739 1775 4811 πλημ-

1898 4750 1992 4787 um
2032 4735 2197 4788 vitam
2244 4735 2532 4806 indagandi
2572 4744 2627 4790 et
2662 4737 3026 4809 inspiciendi;
3071 4738 3165 4795 sed
3212 4738 3279 4794 ad
3327 4739 3449 4795 illos

210 4823 514 4892 μελήμασιν
555 4826 855 4894 εἰσηγητὴν
893 4826 986 4878 καὶ
1020 4827 1254 4896 χορηγὸν
1307 4826 1524 4880 ἀτόπων
1561 4829 1775 4882 ποιοῦν-

1902 4823 2019 4877 olos
2051 4824 2328 4891 dejectus,
2383 4823 2476 4894 qui
2532 4834 2582 4878 te
2613 4826 2828 4879 delictis
2864 4829 3187 4897 perpetratis
3228 4828 3279 4881 in
3321 4844 3450 4899 pro-

206 4930 325 4979 ταις
359 4916 532 4967 Πόθεν
560 4914 654 4967 οὖν
684 4918 763 4979 είς
799 4916 962 4987 μηδέν
993 4934 1071 4969 σοι
1107 4919 1453 4988 προσήκοντα
1480 4918 1593 4989 βίον
1623 4921 1773 4987 λογο-

1898 4913 1989 4966 u-ia
2021 4914 2129 4967 vita
2162 4916 2483 4985 magistrum
2524 4932 2587 4970 ac
2617 4918 2805 4971 ducem
2839 4919 3194 4974 absurditatis
3225 4919 3327 4975 sibi
3363 4920 3448 4975 fa-

211 5002 363 5073 θέτην
393 5004 586 5057 ἑαυτὸν
615 5004 728 5075 (87)
753 5006 963 5076 ἐπῆρας
997 5007 1248 5075 γενέσθαι
1272 5026 1285 5073 ;

1902 5005 2056 5058 iunt?
2096 5006 2249 5062 Unde
2285 5008 2452 5077 igitur
2489 5023 2656 5063 ausus
2713 5026 2773 5063 es
2839 5026 3120 5066 censorem
3154 5020 3206 5066 te
3239 5013 3448 5066 consti-

1865 5105 2017 5149 tuere
2064 5098 2211 5163 vitm,
2254 5113 2375 5167 quae
2429 5099 2580 5153 nullo
2636 5116 2859 5168 prorsus
2901 5102 3062 5157 modo
3119 5102 3186 5157 ad
3228 5113 3280 5159 te
3320 5118 3446 5173 per-

1877 5185 2056 5240 tinet?

1698 5296 1907 5355 NOTAE

1484 5410 1774 5492 oisliniano
1883 5418 2155 5492 Cmsaritts
2178 5418 2386 5492 Dialog.
2405 5417 2446 5483 Ι,
2470 5418 2640 5492 quid;
2666 5418 3256 5485 Pseudo-Athanasins,
3278 5434 3332 5492 q.
3355 5419 3443 5491 η,

1494 5484 1772 5563 aurinensi

1898 5489 2190 5563 9.210271
2225 5505 2242 5563 ς
2275 5484 2531 5544 Anastas.
2567 5484 2799 5563 Sinaita,
2826 5510 2880 5563 ιι.
2905 5494 2992 5559 51,
3021 5507 3074 5561 p.
3108 5492 3229 5545 500.

1954 5560 2062 5628 (87)
2097 5559 2287 5612 ἑαυτὸν
2311 5573 2406 5627 pro
2428 5560 2641 5612 σαυτόν.

272 4095 387 4166 Ούχ
411 4095 621 4161 ἁπλῶς,
648 4096 723 4161 ὡς
753 4099 816 4153 ἄν
846 4117 927 4162 τις
953 4100 1186 4171 οἰηθείη,
1212 4102 1245 4170 ἡ
1276 4098 1425 4169 φωνὴ
1452 4098 1771 4169 ἐρωτήσεως

277 5404 391 5477 (86)
417 5403 543 5459 Haec
569 5407 803 5477 quaestio
824 5406 908 5461 bis
943 5409 1163 5477 ponitur
1187 5426 1241 5464 tn
1280 5411 1399 5467 cod.

218 5470 291 5548 (q.
333 5476 409 5548 QQ
438 5484 493 5529 et
533 5470 603 5545 (ιζ
654 5476 781 5548 169)
825 5488 898 5548 et,
930 5470 1013 5548 bis
1053 5495 1273 5548 quoque
1336 5484 1390 5535 in

218 5547 285 5619 lq.
347 5544 455 5619 90_._
493 5553 545 5619 e_t
583 5561 656 5619 _q.
720 5547 860 5619 168),
887 5544 1084 5601 iisdem
1140 5544 1319 5605 verbis
1357 5552 1643 5619 incipiens.
1695 5554 1769 5607 De

220 5611 291 5667 lus
310 5614 489 5671 verbis
512 5611 710 5685 Job—It,
739 5619 794 5684 2,
831 5611 929 5686 '17,
959 5620 1141 5688 plures
1184 5630 1426 5676 veterum
1470 5611 1656 5691 agunt,
1708 5632 1767 5677 ut
