3854 6216
401 246 540 312 1023

399 456 589 511 Utrum
607 456 661 508 in
691 453 859 507 verbis
885 469 903 506 :
930 471 948 502 ι
987 452 1131 505 Misit
1167 450 1306 504 Deus
1349 449 1542 504 Filium
1571 465 1748 510 suum,
1773 465 1792 499 ι
1817 446 1988 516 γενώ-

472 545 633 597 μενον
676 523 904 594 (natum)
945 522 1124 597 dicere
1161 539 1232 576 an
1264 520 1558 591 γενόμενον
1597 519 1847 589 (factum)
1893 533 1986 589 per

466 591 630 651 unum
659 591 691 649 ν’
719 591 964 665 oportet?

1559 237 1825 300 I’IIOTII
1861 237 2375 300 PATRIARCIL‘E
2413 239 2524 300 (ΣΡ.

395 358 728 430 auresue
777 356 1083 425 ccxxv":
1147 355 1383 428 [Coisl.,
1428 353 1592 411 Taur.
1649 352 1988 424 LXXXIX].
2021 367 2067 425 Α

3536 233 3669 300 1024
3755 239 3758 244 ’

2613 355 2952 409 ΕΡΩΤΗΣῘΣ
2987 355 3155 409 ΣΚΖν.

2099 465 2123 502 ι
2157 449 2627 514 Ἐξαπέστειλεν
2660 452 2693 504 ό
2732 449 2880 515 Θεὸς
2919 448 3028 502 τὸν
3063 447 3207 502 Υιὸν
3236 448 3424 502 αὐτοῦ
3455 446 3670 513 γεννώ-

2125 537 2316 590 μενον
2361 519 2452 574 δεῖ
2480 519 2703 591 λέγειν,
2730 520 2768 589 ἢ
2800 521 3128 590 γενόμενον
3148 518 3224 574 δι’
3246 519 3386 586 ἑνός
3418 519 3568 590 (88);
3613 539 3632 570 ι

427 711 684 762 Editarum
707 724 735 760 a
761 709 940 758 Wolﬁo
966 706 1213 757 tricesima
1233 720 1388 769 prima
1421 706 1561 768 (Cur.
1587 703 1836 772 Pltilolog.
1862 711 1896 757 t.
1916 706 1978 769 V,
1999 721 2047 770 p.
2070 705 2298 756 688-689.
2330 705 2554 757 Galiand.
2590 703 2819 756 Bibliotlt.
2841 705 3050 756 Patrum
3075 710 3110 754 t.
3135 703 3262 764 XIV,
3285 718 3335 767 p.
3355 703 3470 764 804,
3496 717 3546 753 n.
3568 702 3640 764 8.)

463 822 762 892 Γενόμενον
793 820 1040 891 (factum)
1065 836 1128 874 ex
1145 819 1361 873 muliere
1384 819 1566 874 dicere
1595 819 1992 889 oportet,sicut

394 924 447 969 et
476 914 768 982 γενόμενον
799 914 893 966 sub
937 914 1045 983 lege
1069 913 1268 966 dicitur
1311 927 1408 982 per
1439 927 1607 966 unum
1644 929 1672 963 ν
1709 928 1987 981 nunquam

395 1004 740 1059 mutandum.
786 1003 1033 1058 Primum
1079 1004 1299 1074 quidem
1336 1043 1351 1068 ,
1402 1004 1547 1073 quod
1595 1005 1881 1059 sentcntiae
1937 1015 1993 1060 et

396 1113 558 1153 voces
583 1099 688 1151 sibi
722 1099 953 1153 invicem
976 1113 1191 1168 semper
1218 1099 1548 1165 respondere
1573 1098 1771 1152 debent
1801 1116 1813 1151 :
1840 1098 1990 1152 deiu—

397 1191 466 1246 de
492 1206 644 1254 vero,
683 1192 828 1259 quod
863 1189 1115 1244 ClII'ISIllS
1145 1189 1364 1258 quidem
1415 1191 1632 1260 genitus
1659 1199 1744 1244 est
1778 1191 1994 1258 (γεγέν-

394 1283 574 1353 νηται)
607 1298 672 1336 ex
718 1282 980 1351 Virgine,
1049 1282 1140 1336 ubi
1184 1282 1409 1335 verbum
1462 1282 1594 1335 illud
1643 1283 1696 1335 in
1747 1283 1992 1337 secunda

396 1373 601 1443 syllaba
634 1388 727 1442 per
754 1372 864 1426 duo
915 1389 944 1424 ν
967 1373 1341 1434 [scribendum
1369 1383 1486 1438 est;
1525 1387 1632 1426 non
1658 1381 1840 1426 autem
1872 1388 1992 1426 am-

395 1465 539 1534 plius
583 1465 822 1534 gignitur
858 1483 872 1519 :
912 1465 1080 1519 semel
1112 1467 1258 1519 enim
1296 1474 1506 1518 tantum
1545 1480 1610 1518 ex
1649 1463 1870 1536 Virgine
1896 1479 1992 1533 ge-

396 1557 546 1611 nitus
573 1566 672 1611 est.
700 1556 914 1611 Nemini
938 1573 1065 1611 vero
1086 1558 1175 1612 hic
1198 1556 1447 1627 Gregorii
1484 1557 1746 1626 Theologi
1781 1556 1990 1610 dictum

2167 820 2512 888 Γενόμενον
2570 819 2648 872 δεῖ
2689 819 2870 886 λέγειν
2918 821 2982 873 ὲκ
3026 817 3306 886 γυναικὸς,
3347 817 3536 888 ὥσπερ
3581 816 3673 873 καὶ

2093 913 2428 980 γενόμενον
2467 911 2586 967 ὑπὸ
2633 912 2824 981 νόμον
2865 912 2954 966 διὰ
3000 911 3092 966 τοῦ
3139 911 3258 973 ἑνὸς
3313 911 3670 982 ἀμεταδόλου.

2095 1004 2320 1082 Πρῶτον
2356 1005 2454 1074 μὲν
2484 1006 2547 1057 ἐκ
2576 1005 2676 1074 τῆς
2721 1006 2985 1076 συνεχοῦς
3021 1004 3377 1076 παραθέσεως
3409 1005 3520 1057 τῶν
3549 1021 3672 1074 νοη-

2097 1097 2282 1167 μάτων
2301 1114 2362 1150 τε
2387 1097 2481 1150 καὶ
2513 1097 2796 1168 ῥημάτων.
2843 1099 3108 1169 Δεύτερον
3136 1098 3213 1158 δὲ.
3239 1098 3321 1151 ὅτι
3351 1097 3672 1167 γεγέννηται

2098 1189 2198 1260 μὲν
2241 1191 2269 1243 ὁ
2313 1189 2550 1258 Χριστὸς
2596 1191 2660 1243 ὲκ
2705 1189 2985 1260 Παρθένου
3035 1189 3145 1242 τῶν
3173 1189 3267 1242 δύο
3313 1190 3673 1260 γραφομένων

2091 1279 2238 1334 κατὰ
2265 1283 2364 1350 τὴν
2401 1281 2666 1351 δεύτεραν
2717 1281 2992 1352 συλλαϐὴν
3038 1281 3412 1351 ἀμεταϐόλων.
3458 1282 3533 1334 Οὑ
3569 1281 3673 1351 μὴν

2089 1373 2144 1426 δὲ
2184 1375 2462 1441 γεννᾶται.
2504 1372 2688 1440 ’Ἃπαξ
2743 1373 2853 1441 γὰρ
2892 1374 2958 1424 ὲκ
3000 1371 3278 1442 Παρθένου
3326 1371 3668 1439 γεγέννηται.

2090 1464 2299 1534 Μηδενὶ
2348 1464 2468 1534 δὲή
2519 1463 2612 1517 τοῦ
2651 1465 2918 1531 Θεολὸγου
2963 1466 3298 1534 Γρηγορίου
3339 1465 3473 1534 (88⁶)
3523 1465 3670 1537 φωνὴ

2092 1556 2300 1626 πλάνης
2325 1557 2503 1609 ἀἴτιον
2533 1557 2796 1624 γενέσθω.
2834 1557 3075 1619 Ἐκεῖνος
3123 1557 3232 1628 γὰρ
3277 1557 3502 1627 ἔφησεν,
3537 1559 3670 1626 Χρι-

395 1647 614 1702 errandi
647 1649 996 1703 occasionem
1026 1653 1279 1717 praebeat.
1314 1647 1414 1701 Ille
1438 1647 1585 1702 enim
1617 1648 1754 1702 dixit
1781 1664 1796 1700 :
1837 1647 1991 1701 Chri-

2108 1650 2245 1716 γτὸς
2270 1650 2551 1720 γεννᾶται
2580 1651 2741 1721 (88¹⁶)
2765 1693 2782 1718 ,
2836 1652 2932 1722 οὑχ
2965 1653 3046 1705 ὅτι
3075 1652 3164 1704 διὰ
3195 1652 3395 1714 παντὸς
3433 1652 3496 1704 ὲκ
3525 1652 3672 1722 Παρ-

395 1750 510 1796 stus
535 1741 812 1810 gignitur;
837 1757 944 1795 non
969 1741 1115 1811 quod
1141 1756 1358 1810 semper
1379 1756 1445 1795 ex
1476 1739 1698 1810 Virgine
1723 1740 1986 1811 gignitur.

396 1835 489 1886 sed
510 1833 654 1902 quod
691 1834 826 1887 festa
861 1833 950 1888 illa
979 1833 1173 1889 concio
1210 1833 1299 1888 die
1329 1831 1546 1888 Domini
1583 1833 1757 1888 nostri
1822 1833 1990 1888 natali

394 1926 725 1981 habebatur.
769 1927 957 1996 Itaque
1000 1927 1152 1982 omni
1199 1927 1365 1981 modo
1406 1925 1712 1980 cavendum
1753 1935 1874 1992 est,
1924 1941 1994 1980 ne

395 2019 637 2088 phrasim
671 2019 963 2089 γενόμενον
1007 2021 1072 2072 ὲκ
1111 2019 1371 2087 γυναικὸς
1423 2019 1509 2076 vel
1562 2018 1860 2090 scriptione
1910 2019 1994 2074 vel

395 2109 842 2180 pronuntiatione
869 2125 966 2181 per
996 2109 1107 2166 duo
1137 2127 1166 2163 ν
1191 2109 1508 2166 elleramus.

2088 1741 2242 1796 θένου
2274 1745 2560 1812 γεννᾶται,
2589 1743 2706 1798 ἀλλ’
2732 1745 2815 1798 ὅτι
2836 1762 2899 1812 γε
2932 1746 2965 1816 ἡ
2994 1745 3248 1818 παροῦσα
3279 1745 3402 1799 τότε
3428 1746 3674 1815 πανήγυ-

2089 1852 2177 1907 ρις
2215 1837 2316 1906 τῆς
2355 1837 2452 1891 τοῦ
2488 1839 2765 1894 Δεσπὸτου
2796 1844 3106 1914 γεννήσεως
3136 1839 3436 1911 ἐτύγχανεν
3467 1841 3671 1912 ἡμέρα.

2088 1927 2182 1979 Διὸ
2206 1928 2373 1980 παντὶ
2409 1928 2598 1999 τρόπῳ
2633 1931 2938 1999 φυλακτέον
2981 1931 3076 1985 τοῦ
3120 1933 3450 2001 γενόμενον
3475 1931 3544 1984 ἐκ
3572 1949 3676 2000 τυ-

2090 2020 2300 2086 ναικὸς
2324 2020 2414 2074 διὰ
2454 2021 2562 2075 τῶν
2599 2022 2694 2076 δύο
2735 2041 2784 2088 ν,
2859 2025 2999 2096 μήτε
3031 2023 3132 2095 τὴν
3161 2023 3381 2096 γραφὴν
3410 2024 3551 2095 μήτε
3576 2021 3678 2095 τὴν

2095 2109 2409 2182 ἑκφὼνησιν
2437 2114 2740 2170 ποιεῖσθαι.

1115 2227 1446 2296 ρυλΕεΤιο
1492 2227 1794 2286 CCXXVIII
1853 2226 2052 2302 [CoisL
2089 2228 2253 2285 Taur.
2305 2229 2520 2286 LXXVI
2542 2232 2924 2305 ].—lnedit't.

864 2325 942 2379 De
971 2335 1168 2379 natura
1203 2335 1250 2380 et
1283 2343 1528 2396 persona.

464 2415 524 2472 Id
542 2417 686 2488 quod
711 2418 1008 2486 apparebat
1033 2418 1086 2471 in
1119 2417 1342 2472 Christo
1369 2417 1500 2488 quid
1527 2425 1666 2482 erat,
1689 2432 1759 2472 an
1786 2426 1986 2474 natura

396 2524 467 2564 an
497 2509 773 2578 persona?

2401 2331 2542 2398 Περὶ
2579 2331 2822 2399 φύσεως
2854 2331 2953 2385 καὶ
2982 2331 3399 2399 ὑποστάσεως.

2169 2420 2246 2474 Τὸ
2273 2422 2600 2492 φαινόμενον
2642 2423 2736 2478 τοῦ
2767 2423 3007 2497 Χριστοῦ
3037 2426 3090 2479 τί
3129 2421 3234 2500 ἦν,
3267 2425 3427 2497 φύσις
3460 2426 3495 2498 ἢ
3541 2425 3680 2480 ὑπό-

2097 2532 2318 2584 στασις;

481 2622 676 2676 Allatis
703 2623 1041 2692 argumentis
1063 2663 1079 2689 ,
1123 2637 1245 2692 quae
1283 2634 1474 2678 contra
1505 2632 1796 2692 utramque
1829 2630 2038 2693 partem
2081 2627 2356 2694 militant,
2404 2642 2699 2703 respondet
2723 2633 2953 2691 Photius
2977 2677 2992 2700 ,
3035 2637 3086 2691 id
3121 2639 3266 2709 quod
3298 2638 3594 2708 apparebat
3622 2651 3682 2696 et

361 2711 684 2770 ‘videbauir
714 2711 768 2766 iu
805 2713 1025 2770 Christo
1051 2754 1068 2778 ,
1119 2728 1226 2767 non
1271 2711 1443 2767 fuisse
1482 2727 1585 2766 nec
1617 2722 1869 2766 naturam
1901 2711 2260 2781 simpliciter,
2309 2730 2410 2770 nec
2447 2732 2739 2786 personam
2771 2720 3115 2790 simpliciter.
3163 2723 3256 2778 sed
3292 2736 3498 2792 partem
3526 2740 3678 2778 com-

396 2802 588 2870 posita:
621 2803 964 2870 Itypostaseos
988 2836 1004 2860 ,
1034 2797 1183 2867 quod
1223 2806 1308 2852 est
1337 2811 1461 2851 esse
1490 2795 1799 2852 subsistens
1835 2794 1992 2866 (ἀλλὲ

2108 2801 2238 2874 ,έρος
2285 2804 2388 2876 τῆς
2427 2806 2521 2861 τοῦ
2587 2809 2772 2878 Λόγου
2835 2810 3096 2865 συνθέτου
3147 2812 3496 2878 ὑποστάσεως
3539 2813 3684 2884 ὅπερ

396 2889 547 2944 ἐστὶν
577 2888 944 2944 ἐνυπόστατον
966 2887 1008 2956 ).

1111 3035 1442 3106 ΟΠᾺΕΞΤΙΟ
1488 3037 1750 3094 CCXXIX
1791 3035 2002 3112 [CoisL
2059 3035 2225 3097 Taur.
2289 3043 2597 3122 LXXVII].
2625 3052 2944 3108 —luedita.

1013 3157 1090 3210 De
1121 3173 1370 3226 persona.

469 3250 554 3305 An
584 3251 892 3320 composita
928 3249 1091 3304 Verbi
1128 3265 1366 3319 persona
1391 3247 1881 3304 consubstantialis
1909 3254 1994 3302 est

398 3343 641 3412 simplici
679 3341 842 3398 Verbi
875 3357 1142 3412 personat,
1163 3357 1234 3394 an
1263 3356 1394 3396 vero
1425 3341 1652 3395 diversae
1677 3349 1991 3402 natura,”

2578 3168 2719 3237 Περὶ
2758 3170 3181 3238 ὑποστάσεως.

2168 3257 2405 3328 Πότερον
2427 3261 2460 3331 ἡ
2492 3259 2586 3314 τοῦ
2609 3262 2786 3330 Λόγου
2818 3260 3072 3325 σύνθετος
3101 3262 3404 3327 ὑπόστασις
3429 3264 3682 3336 ὀμοφυής

2097 3347 2244 3401 ἐστιν
2273 3351 2340 3421 τῇ
2368 3351 2462 3404 τοῦ
2499 3351 2672 3418 Λόγου
2717 3352 2862 3422 ἁπλῇ
2895 3353 3195 3406 ὑποστάσει
3226 3353 3258 3424 ἦ
3292 3353 3614 3424 ἐτεροφυής.
3646 3353 3681 3423 ἢ

398 3436 502 3490 sub
535 3451 648 3490 uno
676 3444 922 3504 respectu
957 3433 1201 3503 ejusdem
1231 3474 1247 3498 ,
1285 3434 1388 3488 sub
1421 3434 1530 3486 alio
1577 3448 1708 3485 vero
1732 3432 1992 3486 diversae?

2108 3449 2176 3517 πῆ
2234 3445 2332 3515 μὲν
2379 3443 2664 3514 ὁμοφυὴς,
2720 3443 2799 3514 πῆ
2846 3443 2903 3496 δὲ
2952 3445 3289 3514 ἑτεροφυής;
3341 3442 3405 3496 El
3439 3443 3539 3513 μὲν
3569 3443 3686 3511 γὰρ

398 3526 540 3581 Nam
585 3527 632 3582 si
679 3525 929 3596 ejusdem
979 3535 1063 3579 est
1108 3534 1358 3590 naturai,
1406 3524 1636 3593 simplex
1670 3539 1797 3577 vero
1830 3523 1989 3578 Verbi

406 3617 719 3688 hypostasis
750 3617 999 3671 eamdem
1033 3631 1157 3670 cum
1200 3614 1384 3670 Patris
1416 3614 1696 3685 hypostasi
1736 3623 1989 3668 naturam

399 3709 606 3773 habet,
651 3724 782 3778 ergo
837 3719 893 3764 et
938 3709 1248 3786 composita
1290 3708 1454 3763 Verbi
1501 3707 1815 3779 hypostasis
1865 3722 1990 3762 cum

399 3802 648 3872 simplice
682 3801 860 3857 Patris
892 3803 1172 3874 bypostasi
1201 3802 1450 3856 eamdem
1502 3801 1667 3857 habet
1711 3812 1987 3857 naturam.

400 3891 690 3958 Quomodo
717 3908 846 3947 vero
871 3893 1174 3964 composita
1217 3893 1458 3963 simplici
1502 3895 1990 3952 consubstantialis

400 3989 551 4044 erit?
579 3987 868 4054 Quomodo
897 4003 1004 4042 non
1031 3993 1340 4057 composita
1371 4003 1595 4058 quoque
1618 3989 1850 4045 dicenda
1884 3991 1992 4046 erit

400 4096 636 4153 persona
665 4081 877 4136 Patris?
921 4080 986 4134 Et
1037 4082 1197 4137 tertio
1232 4097 1415 4136 nonne
1455 4088 1804 4151 quaternitas
1845 4085 1950 4138 erit
1975 4125 1990 4150 ,

399 4183 514 4229 tres
558 4174 832 4245 simplices
873 4174 1130 4228 nimirum
1168 4189 1419 4244 personzp
1448 4174 1650 4240 Patris,
1683 4184 1736 4230 et
1767 4174 1914 4241 Filii,
1937 4187 1993 4232 et

401 4265 640 4336 Spiritus
662 4267 837 4321 sancti
869 4276 923 4322 et
943 4267 1247 4336 composita
1275 4264 1436 4320 Verbi
1471 4267 1746 4334 persona?
1775 4267 1830 4322 Si
1860 4283 1991 4323 vero

398 4356 627 4413 diversa;
675 4369 920 4423 naturae,
971 4366 1026 4412 et
1072 4358 1150 4412 sic
1199 4367 1384 4412 manet
1422 4359 1787 4427 quaternitas.
1837 4360 1988 4428 Quo-

399 4451 563 4504 modo
594 4466 723 4504 vero
771 4465 801 4504 a
855 4450 1037 4520 seipso
1085 4462 1276 4503 natura
1327 4449 1580 4516 dill‘erct,
1623 4453 1668 4506 si
1745 4467 1853 4506 non
1883 4452 1992 4507 duo

399 4551 648 4610 separata
679 4541 822 4596 dicet
855 4541 1218 4610 compositum
1254 4550 1420 4610 atque
1449 4543 1727 4612 simplex?
1768 4543 1825 4597 Si
1861 4559 1991 4600 vero

401 4632 700 4687 secundum
729 4631 876 4686 aliud
904 4633 1133 4687 diversa
1163 4671 1180 4697 ,
1235 4633 1536 4688 secundum
1568 4634 1715 4691 aliud
1745 4635 1988 4706 ejusdem

401 4724 723 4780 substantia:
767 4735 888 4788 cst,
927 4735 980 4780 et
1029 4725 1109 4780 sic
1154 4734 1417 4795 sequetur
1453 4727 1880 4797 qualernitatcm
1905 4729 1990 4784 di-

2093 3540 2365 3610 ὁμοφυὴς,
2417 3537 2533 3591 ἔστι
2581 3537 2637 3590 δὲ
2676 3537 2710 3607 ὴ
2759 3535 2854 3590 τοῦ
2883 3535 3057 3604 Λόγου
3089 3535 3234 3605 ἁπλῆ
3281 3535 3577 3598 ὑπόστασις
3610 3537 3683 3605 τῇ

2094 3629 2187 3684 τοῦ
2223 3629 2440 3699 Πατρδς
2487 3628 2770 3698 ὁμοφυὴς,
2825 3628 2919 3680 καὶ
2967 3628 3000 3696 ἡ
3051 3627 3305 3690 σύνθετος
3334 3628 3442 3698 ἄρα
3480 3629 3548 3697 τῇ
3583 3627 3685 3680 τοῦ

2094 3721 2308 3792 Πατρὸς
2351 3721 2498 3790 ἁπλῇ
2541 3719 2839 3773 ὑποστάσει
2873 3719 3142 3788 ὁμοφυής,
3207 3718 3331 3784 Πῶς
3364 3716 3459 3772 οὖν
3489 3719 3523 3790 ἡ
3555 3718 3689 3772 σύν-

2095 3813 2248 3876 θετος
2276 3814 2344 3883 τῇ
2379 3811 2523 3881 ἁπλῇ
2553 3811 2836 3881 ὁμοφυής;
2886 3809 3002 3874 πῶς
3043 3809 3088 3862 δ’
3118 3810 3242 3880 οὑχὶ
3289 3809 3546 3872 σύνθετος
3575 3813 3686 3882 ρη-

2097 3905 2214 3976 θείη
2241 3904 2309 3959 ἆν
2343 3905 2486 3974 καὶὴ
2521 3902 2616 3956 τοῦ
2668 3902 2916 3972 Πατρὸς;
2959 3903 3055 3955 καὶ
3105 3902 3315 3973 τρίτον,
3365 3901 3565 3970 τετρὰς
3627 3904 3690 3956 αι

2093 3995 2242 4063 τρεῖς
2277 3991 2450 4046 ἁπλαὶ
2482 3991 2812 4054 ὑποστάσεις
2836 3989 3074 4061 ’Πατρὸς
3102 3991 3197 4044 καὶ
3230 3991 3361 4044 Υῑοῦ
3392 3990 3488 4045 καὶ
3519 3991 3691 4060 ἁγίου

2095 4085 2413 4156 Πνεύματος
2442 4084 2538 4137 καὶ
2577 4083 2612 4155 ὴ
2664 4082 2917 4146 σύνθετος
2943 4081 3037 4136 τοῦ
3073 4083 3274 4152 Λόγου.
3316 4084 3380 4138 Εἰ
3415 4083 3461 4137 δ’
3495 4085 3693 4154 ἑτερου

2095 4179 2256 4248 φυὴς,
2279 4177 2375 4229 καὶ
2397 4175 2578 4236 οὑτως
2607 4174 2758 4242 μένει
2785 4173 2981 4243 τετράς
3003 4191 3016 4204 ·
3040 4173 3158 4236 πῶς
3183 4175 3240 4226 δὲ
3263 4173 3357 4227 καὶ
3379 4173 3694 4245 ὲτεροφυὴς

2092 4268 2258 4332 αὑτὸς
2287 4265 2508 4330 ἑαυτοῦ,
2560 4267 2612 4319 εῐ
2643 4282 2708 4334 γε
2750 4264 2826 4336 μὴ
2867 4264 2962 4318 δύο
2993 4265 3060 4318 τὰ
3095 4265 3482 4337 κεχωρισμένα
3519 4263 3583 4317 τό
3624 4282 3694 4318 τε

2095 4359 2350 4413 σύνθετον
2370 4358 2524 4426 λέγει
2553 4359 2648 4412 καὶ
2679 4358 2739 4412 τὸ
2773 4357 3014 4422 ἁπλοῦν;
3049 4357 3110 4410 El
3149 4356 3206 4410 δὲ
3250 4357 3325 4428 πῆ
3365 4358 3464 4428 μὲν
3491 4357 3697 4429 ἑτερο.

2093 4452 2256 4524 φυὴς,
2289 4453 2444 4524 πῆδὲ
2478 4451 2760 4524 ὁμοφυὴς,
2812 4451 2875 4504 τὸ
2917 4451 3015 4523 μὲν
3065 4451 3299 4523 τετράδα
3347 4451 3530 4519 λέγειν
3583 4451 3698 4521 τὴν

2093 4548 2303 4620 Τριάδα
2349 4548 2444 4600 καὶ
2486 4544 2660 4609 οὑτως
2705 4545 2922 4616 ἕψεται·
2961 4545 3154 4617 ἕψεται
3184 4547 3242 4601 δὲ
3281 4545 3377 4601 καὶ
3406 4545 3466 4600 τὸ
3491 4544 3700 4599 διαπο-

2095 4645 2233 4716 ρεῖν,
2267 4641 2384 4704 πῶς
2412 4642 2562 4695 ἐστιν
2591 4641 2755 4706 αὑτὸς
2802 4640 2984 4712 ἐαυτῷ
3010 4641 3090 4711 πῆ
3119 4640 3220 4710 μὲν
3249 4639 3574 4712 ἐτεροφυὴς,
3605 4637 3698 4707 πῆ

2093 4731 2151 4786 δὲ
2177 4732 2448 4804 ὀμοφυής.

401 4820 628 4874 cendatu
652 4835 776 4876 esse
809 4817 1180 4889 Trinitatem;
1217 4833 1480 4892 sequetur
1523 4837 1744 4893 quoque
1808 4838 1871 4878 ea
1937 4824 2267 4894 dillieultas,
2331 4840 2440 4896 qua
2507 4824 2720 4880 ratione
2768 4824 2887 4895 ipse
2944 4837 3136 4879 secum
3187 4824 3487 4879 secundum
3529 4821 3700 4878 aliud

399 4912 674 4984 ejusdem,
725 4915 1026 4970 secundum
1074 4917 1222 4971 aliud
1256 4917 1486 4974 diversae
1545 4933 1576 4974 ε
1638 4932 1698 4972 se
1748 4926 1961 4974 natura:
1998 4921 2249 4977 exsistat.

475 5008 602 5062 Haec
628 5022 756 5062 vero
785 5008 1028 5064 absurda
1077 5009 1202 5064 inde
1237 5020 1362 5065 nata
1401 5019 1573 5076 sunt,
1607 5010 1754 5080 quod
1786 5010 1854 5064 ab
1890 5010 1996 5064 ini-
2027 5031 2070 5086 ι)

403 5101 479 5155 ιῐο
539 5116 711 5156 unum
781 5111 1041 5171 tanquam
1101 5104 1212 5158 duo
1258 5104 1669 5174 accipiebatur;
1746 5119 1812 5157 ex
1885 5101 1990 5157 hoc

398 5197 543 5251 enim
571 5207 624 5253 et
649 5198 984 5268 sequebatur
1020 5198 1106 5255 his
1149 5199 1202 5253 in
1245 5196 1724 5269 suppositionibus
1767 5196 1995 5252 conclu-

2184 5011 2495 5066 Ἠκολούθει
2528 5013 2596 5065 τὰ
2617 5011 2792 5065 ἄτοπα
2822 5012 2887 5064 ἐκ
2917 5008 3012 5062 τοῦ
3036 5007 3224 5062 λαϐεῖν
3245 5007 3304 5076 ἐξ
3327 5007 3502 5080 ἀρχῆς
3534 5009 3604 5062 τὸ
3628 5009 3702 5063 ἓν

2098 5107 2174 5172 ὡς
2203 5106 2325 5160 δύο’
2361 5107 2426 5158 ἐκ
2447 5103 2640 5158 τούτου
2675 5103 2785 5173 γὰρ
2835 5104 2930 5156 καὶ
2960 5104 3082 5164 ταῖς
3125 5100 3448 5155 ὑποθέσεσιν
3491 5103 3707 5159 εἵπετο

2103 5195 2434 5268 συνάγεσθαι
2459 5193 2668 5268 Τριάδα
2697 5193 2798 5266 τὴν
2824 5192 3062 5264 τετράδα
3082 5207 3096 5222 ’
3129 5193 3192 5246 οὐ
3217 5192 3328 5264 γάρ
3359 5192 3510 5246 ἐστιν
3536 5193 3705 5268 ἄλλη

1915 5371 2148 5430 NOTAE.

473 5495 587 5569 (88)
623 5494 779 5569 ροιι).
805 5497 975 5553 addit.
1002 5500 1035 5569 ἦ
1069 5498 1158 5552 διὰ
1187 5499 1299 5553 δύο.

370 5563 422 5640 '_
476 5566 591 5635 (88)
622 5567 944 5640 Gregorium
980 5563 1244 5640 Nazianz.
1288 5569 1564 5636 intelligit,
1617 5585 1780 5640 quem
1821 5569 1989 5640 Theoe

2083 5510 2141 5560 ι).
2170 5495 2298 5549 Ml.

2160 5566 2312 5640 (88'_')
2333 5566 2542 5640 _Exst_at
2581 5565 2696 5622 lucc
2717 5566 2934 5640 phrasis
2955 5567 3010 5622 in
3037 5566 3228 5640 limine
3240 5565 3528 5640 orationis
3554 5568 3711 5640 ejus

370 5661 378 5691 ι
400 5634 884 5711 Ιοθυηιίοιιιῇᾳῖιίιιιε
903 5639 1022 5711 κατ’
1041 5639 1233 5710 ἐξοχὴν
1253 5634 1701 5711 ιιβνεηίινίιέινῖό.
1722 5639 1984 5711 Cotelerii

2108 5634 2176 5701 εἰς
2223 5635 2292 5691 τὰ
2321 5637 2624 5709 Θεοφάνια,
2667 5634 2802 5693 toni.
2831 5635 2850 5692 ι
2881 5636 3046 5710 0pp.,
3077 5655 3133 5710 p.
3167 5638 3293 5696 6I3.

404 5704 643 5761 Monum.
683 5704 887 5766 Ecclcs.
927 5707 1046 5779 Gr.,
1078 5704 1212 5768 tolli.
1247 5704 1339 5779 Ill,
1376 5726 1433 5781 p.
1460 5704 1584 5780 57f,
1633 5724 1683 5768 et
1715 5722 1847 5768 tom.
1887 5710 1978 5778 IV,
