  <div class='ocr_page' id='page_1' title='image "/cluster/home/n/w/nwhite01/storage/ocr_20150623/101 pt.1/mdp.39015061955830/536.png"; bbox 0 0 3876 6216; ppageno 0'>
   <div class='ocr_carea' id='block_1_1' title="bbox 176 150 3434 231">
    <p class='ocr_par' dir='ltr' id='par_1_1' title="bbox 176 150 3434 231">
     <span class='ocr_line' id='line_1_1' title="bbox 176 150 3434 231; baseline -0.008 -2"><span class='ocrx_word' id='word_1_1' title='bbox 176 165 322 231; x_wconf 73' lang='lat'><strong>1095</strong></span> <span class='ocrx_word' id='word_1_2' title='bbox 884 161 986 222; x_wconf 83' lang='lat' dir='ltr'><strong>AD</strong></span> <span class='ocrx_word' id='word_1_3' title='bbox 1017 157 1621 222; x_wconf 84' lang='lat' dir='ltr'><strong>AMPHILOCHIUM</strong></span> <span class='ocrx_word' id='word_1_4' title='bbox 1650 153 1994 228; x_wconf 63' lang='lat' dir='ltr'><strong>oues&#39;rio</strong></span> <span class='ocrx_word' id='word_1_5' title='bbox 2023 150 2732 213; x_wconf 75' lang='lat' dir='ltr'><strong>ccxxvuI—ccxxxn.</strong></span> <span class='ocrx_word' id='word_1_6' title='bbox 3297 151 3434 218; x_wconf 71' lang='lat'><strong>1025</strong></span> 
     </span>
    </p>
   </div>
   <div class='ocr_carea' id='block_1_2' title="bbox 175 267 1770 347">
    <p class='ocr_par' dir='ltr' id='par_1_2' title="bbox 175 274 1759 347">
     <span class='ocr_line' id='line_1_2' title="bbox 175 274 1759 347; baseline -0.004 -16"><span class='ocrx_word' id='word_1_7' title='bbox 175 280 274 331; x_wconf 82' lang='grc' dir='ltr'><strong>καί</strong></span> <span class='ocrx_word' id='word_1_8' title='bbox 320 277 459 347; x_wconf 70' lang='grc' dir='ltr'>ἄλλη</span> <span class='ocrx_word' id='word_1_9' title='bbox 504 277 539 346; x_wconf 85' lang='grc' dir='ltr'><strong>ή</strong></span> <span class='ocrx_word' id='word_1_10' title='bbox 585 275 840 338; x_wconf 82' lang='grc' dir='ltr'>σύνθετος</span> <span class='ocrx_word' id='word_1_11' title='bbox 873 275 970 330; x_wconf 86' lang='grc' dir='ltr'><strong>τοῦ</strong></span> <span class='ocrx_word' id='word_1_12' title='bbox 1007 276 1183 343; x_wconf 83' lang='grc' dir='ltr'><strong>Λόγου</strong></span> <span class='ocrx_word' id='word_1_13' title='bbox 1235 277 1538 337; x_wconf 80' lang='grc' dir='ltr'><strong>ὑπόστασις</strong></span> <span class='ocrx_word' id='word_1_14' title='bbox 1580 275 1676 326; x_wconf 77' lang='grc' dir='ltr'><strong>καὶ</strong></span> <span class='ocrx_word' id='word_1_15' title='bbox 1724 274 1759 341; x_wconf 84' lang='grc' dir='ltr'><strong>ἠ</strong></span> 
     </span>
    </p>
   </div>
   <div class='ocr_carea' id='block_1_3' title="bbox 1875 267 3435 347">
    <p class='ocr_par' dir='ltr' id='par_1_3' title="bbox 1875 267 3435 339">
     <span class='ocr_line' id='line_1_3' title="bbox 1875 267 3435 339; baseline 0.001 -16"><span class='ocrx_word' id='word_1_16' title='bbox 1875 270 1917 323; x_wconf 80' lang='lat' dir='ltr'><strong>li</strong></span> <span class='ocrx_word' id='word_1_17' title='bbox 1951 270 2374 339; x_wconf 85' lang='lat' dir='ltr'><strong>quaternitatem</strong></span> <span class='ocrx_word' id='word_1_18' title='bbox 2411 283 2531 322; x_wconf 87' lang='lat' dir='ltr'><strong>esse</strong></span> <span class='ocrx_word' id='word_1_19' title='bbox 2559 267 2904 322; x_wconf 86' lang='lat' dir='ltr'><strong>Trinitatem.</strong></span> <span class='ocrx_word' id='word_1_20' title='bbox 2938 267 3124 339; x_wconf 85' lang='lat' dir='ltr'><strong>Neque</strong></span> <span class='ocrx_word' id='word_1_21' title='bbox 3151 269 3296 324; x_wconf 86' lang='lat' dir='ltr'><strong>enim</strong></span> <span class='ocrx_word' id='word_1_22' title='bbox 3329 273 3435 326; x_wconf 87' lang='lat' dir='ltr'><strong>alia</strong></span> 
     </span>
    </p>
   </div>
   <div class='ocr_carea' id='block_1_4' title="bbox 177 357 1770 439">
    <p class='ocr_par' dir='ltr' id='par_1_4' title="bbox 177 365 1759 439">
     <span class='ocr_line' id='line_1_4' title="bbox 177 365 1759 439; baseline -0.004 -17"><span class='ocrx_word' id='word_1_23' title='bbox 177 371 350 439; x_wconf 83' lang='grc' dir='ltr'>ἁπλῆ,</span> <span class='ocrx_word' id='word_1_24' title='bbox 389 371 476 420; x_wconf 75' lang='grc' dir='ltr'>ἵνα</span> <span class='ocrx_word' id='word_1_25' title='bbox 504 369 580 430; x_wconf 87' lang='grc' dir='ltr'>ὼς</span> <span class='ocrx_word' id='word_1_26' title='bbox 610 369 739 438; x_wconf 77' lang='grc' dir='ltr'>περὶ</span> <span class='ocrx_word' id='word_1_27' title='bbox 774 368 867 420; x_wconf 81' lang='grc' dir='ltr'>δύο</span> <span class='ocrx_word' id='word_1_28' title='bbox 889 385 972 430; x_wconf 79' lang='grc' dir='ltr'><strong>τις</strong></span> <span class='ocrx_word' id='word_1_29' title='bbox 995 368 1248 436; x_wconf 80' lang='grc' dir='ltr'><strong>ἐπερωτᾷ</strong></span> <span class='ocrx_word' id='word_1_30' title='bbox 1287 366 1350 418; x_wconf 85' lang='grc' dir='ltr'>τὸ</span> <span class='ocrx_word' id='word_1_31' title='bbox 1382 366 1621 435; x_wconf 79' lang='grc' dir='ltr'>όμοφυὲς</span> <span class='ocrx_word' id='word_1_32' title='bbox 1667 365 1759 416; x_wconf 80' lang='grc' dir='ltr'><strong>καὶ</strong></span> 
     </span>
    </p>
   </div>
   <div class='ocr_carea' id='block_1_5' title="bbox 1875 357 3434 439">
    <p class='ocr_par' dir='ltr' id='par_1_5' title="bbox 1875 357 3434 431">
     <span class='ocr_line' id='line_1_5' title="bbox 1875 357 3434 431; baseline 0.001 -16"><span class='ocrx_word' id='word_1_33' title='bbox 1875 372 1914 415; x_wconf 70' lang='lat' dir='ltr'><strong>3t</strong></span> <span class='ocrx_word' id='word_1_34' title='bbox 1941 362 2046 414; x_wconf 89' lang='lat' dir='ltr'><strong>alia</strong></span> <span class='ocrx_word' id='word_1_35' title='bbox 2079 369 2163 415; x_wconf 89' lang='lat' dir='ltr'><strong>est</strong></span> <span class='ocrx_word' id='word_1_36' title='bbox 2185 360 2413 428; x_wconf 78' lang='lat' dir='ltr'><strong>simplex</strong></span> <span class='ocrx_word' id='word_1_37' title='bbox 2447 357 2613 413; x_wconf 84' lang='lat' dir='ltr'><strong>Verbi</strong></span> <span class='ocrx_word' id='word_1_38' title='bbox 2644 375 2877 428; x_wconf 83' lang='lat' dir='ltr'><strong>persona</strong></span> <span class='ocrx_word' id='word_1_39' title='bbox 2906 371 2962 415; x_wconf 90' lang='lat' dir='ltr'><strong>et</strong></span> <span class='ocrx_word' id='word_1_40' title='bbox 2997 362 3326 431; x_wconf 87' lang='lat' dir='ltr'><strong>composita,</strong></span> <span class='ocrx_word' id='word_1_41' title='bbox 3363 363 3434 417; x_wconf 88' lang='lat' dir='ltr'><strong>ita</strong></span> 
     </span>
    </p>
   </div>
   <div class='ocr_carea' id='block_1_6' title="bbox 176 452 1770 531">
    <p class='ocr_par' dir='ltr' id='par_1_6' title="bbox 176 455 1748 531">
     <span class='ocr_line' id='line_1_6' title="bbox 176 455 1748 531; baseline -0.004 -17"><span class='ocrx_word' id='word_1_42' title='bbox 176 461 475 531; x_wconf 82' lang='grc' dir='ltr'>ὲτεροφυὲς</span> <span class='ocrx_word' id='word_1_43' title='bbox 507 461 603 513; x_wconf 74' lang='grc' dir='ltr'>καὶ</span> <span class='ocrx_word' id='word_1_44' title='bbox 639 461 718 528; x_wconf 78' lang='grc' dir='ltr'>πῆ</span> <span class='ocrx_word' id='word_1_45' title='bbox 766 461 864 529; x_wconf 80' lang='grc' dir='ltr'><strong>μὲν</strong></span> <span class='ocrx_word' id='word_1_46' title='bbox 898 460 1157 528; x_wconf 72' lang='grc' dir='ltr'>όμοφυὲς,</span> <span class='ocrx_word' id='word_1_47' title='bbox 1203 460 1283 528; x_wconf 83' lang='grc' dir='ltr'>πῆ</span> <span class='ocrx_word' id='word_1_48' title='bbox 1330 458 1386 511; x_wconf 83' lang='grc' dir='ltr'><strong>δὲ</strong></span> <span class='ocrx_word' id='word_1_49' title='bbox 1431 455 1748 524; x_wconf 73' lang='grc' dir='ltr'>ἐτεροφυὲς,</span> 
     </span>
    </p>
   </div>
   <div class='ocr_carea' id='block_1_7' title="bbox 1875 452 3437 531">
    <p class='ocr_par' dir='ltr' id='par_1_7' title="bbox 1879 452 3437 524">
     <span class='ocr_line' id='line_1_7' title="bbox 1879 452 3437 524; baseline 0.001 -18"><span class='ocrx_word' id='word_1_50' title='bbox 1879 463 1918 506; x_wconf 81' lang='grc' dir='ltr'><strong>ιι</strong></span> <span class='ocrx_word' id='word_1_51' title='bbox 1951 453 2110 523; x_wconf 89' lang='lat' dir='ltr'><strong>quasi</strong></span> <span class='ocrx_word' id='word_1_52' title='bbox 2141 455 2209 506; x_wconf 87' lang='lat' dir='ltr'><strong>de</strong></span> <span class='ocrx_word' id='word_1_53' title='bbox 2235 453 2454 507; x_wconf 89' lang='lat' dir='ltr'><strong>duobus</strong></span> <span class='ocrx_word' id='word_1_54' title='bbox 2481 452 2606 522; x_wconf 90' lang='lat' dir='ltr'><strong>quis</strong></span> <span class='ocrx_word' id='word_1_55' title='bbox 2635 467 2877 521; x_wconf 59' lang='lat' dir='ltr'><strong>quaerere</strong></span> <span class='ocrx_word' id='word_1_56' title='bbox 2903 454 3130 518; x_wconf 80' lang='lat' dir='ltr'><strong>debeat,</strong></span> <span class='ocrx_word' id='word_1_57' title='bbox 3179 469 3248 508; x_wconf 83' lang='lat' dir='ltr'><strong>an</strong></span> <span class='ocrx_word' id='word_1_58' title='bbox 3285 455 3437 524; x_wconf 84' lang='lat' dir='ltr'><strong>ejus-</strong></span> 
     </span>
    </p>
   </div>
   <div class='ocr_carea' id='block_1_8' title="bbox 175 540 1770 622">
    <p class='ocr_par' dir='ltr' id='par_1_8' title="bbox 175 547 1761 622">
     <span class='ocr_line' id='line_1_8' title="bbox 175 547 1761 622; baseline -0.004 -16"><span class='ocrx_word' id='word_1_59' title='bbox 175 554 318 606; x_wconf 83' lang='grc' dir='ltr'>ἀλλὰ</span> <span class='ocrx_word' id='word_1_60' title='bbox 346 552 444 622; x_wconf 88' lang='grc' dir='ltr'><strong>μία</strong></span> <span class='ocrx_word' id='word_1_61' title='bbox 472 553 568 606; x_wconf 74' lang='grc' dir='ltr'><strong>καὶ</strong></span> <span class='ocrx_word' id='word_1_62' title='bbox 591 554 626 622; x_wconf 81' lang='grc' dir='ltr'><strong>ἠ</strong></span> <span class='ocrx_word' id='word_1_63' title='bbox 665 552 825 622; x_wconf 80' lang='grc' dir='ltr'>αὐτή.</span> <span class='ocrx_word' id='word_1_64' title='bbox 858 552 1003 622; x_wconf 83' lang='grc' dir='ltr'>Πρὸς</span> <span class='ocrx_word' id='word_1_65' title='bbox 1035 550 1128 604; x_wconf 83' lang='grc' dir='ltr'><strong>οῦν</strong></span> <span class='ocrx_word' id='word_1_66' title='bbox 1152 552 1280 613; x_wconf 82' lang='grc' dir='ltr'>τοὺς</span> <span class='ocrx_word' id='word_1_67' title='bbox 1309 549 1482 602; x_wconf 89' lang='grc' dir='ltr'>ταῦτα</span> <span class='ocrx_word' id='word_1_68' title='bbox 1509 547 1761 618; x_wconf 79' lang='grc' dir='ltr'>ἐρωτῶν-</span> 
     </span>
    </p>
   </div>
   <div class='ocr_carea' id='block_1_9' title="bbox 1875 540 3437 622">
    <p class='ocr_par' dir='ltr' id='par_1_9' title="bbox 1875 540 3437 614">
     <span class='ocr_line' id='line_1_9' title="bbox 1875 540 3437 614; baseline 0.003 -19"><span class='ocrx_word' id='word_1_69' title='bbox 1875 544 2002 606; x_wconf 90' lang='lat' dir='ltr'><strong>lem,</strong></span> <span class='ocrx_word' id='word_1_70' title='bbox 2032 558 2101 596; x_wconf 88' lang='lat' dir='ltr'><strong>an</strong></span> <span class='ocrx_word' id='word_1_71' title='bbox 2127 542 2354 596; x_wconf 69' lang='lat' dir='ltr'><strong>diversae</strong></span> <span class='ocrx_word' id='word_1_72' title='bbox 2378 540 2699 596; x_wconf 83' lang='lat' dir='ltr'><strong>substantiae</strong></span> <span class='ocrx_word' id='word_1_73' title='bbox 2728 541 2860 605; x_wconf 89' lang='lat' dir='ltr'><strong>sint,</strong></span> <span class='ocrx_word' id='word_1_74' title='bbox 2880 559 2948 598; x_wconf 92' lang='lat' dir='ltr'><strong>an</strong></span> <span class='ocrx_word' id='word_1_75' title='bbox 2977 545 3278 599; x_wconf 87' lang='lat' dir='ltr'><strong>secundum</strong></span> <span class='ocrx_word' id='word_1_76' title='bbox 3303 545 3437 614; x_wconf 85' lang='lat' dir='ltr'><strong>quid</strong></span> 
     </span>
    </p>
   </div>
   <div class='ocr_carea' id='block_1_10' title="bbox 178 630 1770 715">
    <p class='ocr_par' dir='ltr' id='par_1_10' title="bbox 178 639 1756 715">
     <span class='ocr_line' id='line_1_10' title="bbox 178 639 1756 715; baseline -0.005 -15"><span class='ocrx_word' id='word_1_77' title='bbox 178 665 284 709; x_wconf 84' lang='grc' dir='ltr'><strong>τας</strong></span> <span class='ocrx_word' id='word_1_78' title='bbox 312 647 612 713; x_wconf 82' lang='grc' dir='ltr'>ἀναγκαῖον</span> <span class='ocrx_word' id='word_1_79' title='bbox 642 647 736 698; x_wconf 80' lang='grc' dir='ltr'><strong>καὶ</strong></span> <span class='ocrx_word' id='word_1_80' title='bbox 768 644 968 715; x_wconf 82' lang='grc' dir='ltr'>ἀληθὲς</span> <span class='ocrx_word' id='word_1_81' title='bbox 1005 643 1400 715; x_wconf 79' lang='grc' dir='ltr'>ἀποκρίνασθαι</span> <span class='ocrx_word' id='word_1_82' title='bbox 1419 658 1432 674; x_wconf 80' lang='grc' dir='ltr'><strong><em>ο</em></strong></span> <span class='ocrx_word' id='word_1_83' title='bbox 1453 639 1591 695; x_wconf 80' lang='grc' dir='ltr'>Οὔτε</span> <span class='ocrx_word' id='word_1_84' title='bbox 1624 643 1756 710; x_wconf 81' lang='grc' dir='ltr'>ὁμο-</span> 
     </span>
    </p>
   </div>
   <div class='ocr_carea' id='block_1_11' title="bbox 1875 630 3442 715">
    <p class='ocr_par' dir='ltr' id='par_1_11' title="bbox 1875 630 3442 702">
     <span class='ocr_line' id='line_1_11' title="bbox 1875 630 3442 702; baseline 0.004 -17"><span class='ocrx_word' id='word_1_85' title='bbox 1875 633 2124 702; x_wconf 78' lang='lat' dir='ltr'><strong>:jusdem,</strong></span> <span class='ocrx_word' id='word_1_86' title='bbox 2159 631 2458 688; x_wconf 84' lang='lat' dir='ltr'><strong>secundum</strong></span> <span class='ocrx_word' id='word_1_87' title='bbox 2489 631 2636 686; x_wconf 81' lang='lat' dir='ltr'><strong>aliud</strong></span> <span class='ocrx_word' id='word_1_88' title='bbox 2665 630 2914 694; x_wconf 69' lang='lat' dir='ltr'><strong>diversae,</strong></span> <span class='ocrx_word' id='word_1_89' title='bbox 2938 649 3125 688; x_wconf 86' lang='lat' dir='ltr'><strong>verum</strong></span> <span class='ocrx_word' id='word_1_90' title='bbox 3152 650 3261 690; x_wconf 88' lang='lat' dir='ltr'><strong>una</strong></span> <span class='ocrx_word' id='word_1_91' title='bbox 3290 650 3442 698; x_wconf 77' lang='lat' dir='ltr'><strong>eam-</strong></span> 
     </span>
    </p>
   </div>
   <div class='ocr_carea' id='block_1_12' title="bbox 180 724 1770 806">
    <p class='ocr_par' dir='ltr' id='par_1_12' title="bbox 180 732 1753 806">
     <span class='ocr_line' id='line_1_12' title="bbox 180 732 1753 806; baseline -0.003 -16"><span class='ocrx_word' id='word_1_92' title='bbox 180 740 329 806; x_wconf 79' lang='grc' dir='ltr'>φυής</span> <span class='ocrx_word' id='word_1_93' title='bbox 379 739 548 798; x_wconf 80' lang='grc' dir='ltr'>ἐστιν,</span> <span class='ocrx_word' id='word_1_94' title='bbox 601 734 724 788; x_wconf 76' lang='grc' dir='ltr'>οὔτε</span> <span class='ocrx_word' id='word_1_95' title='bbox 775 737 1114 806; x_wconf 79' lang='grc' dir='ltr'>ὲτεροφυὴς,</span> <span class='ocrx_word' id='word_1_96' title='bbox 1149 735 1274 789; x_wconf 75' lang='grc' dir='ltr'>οὔτε</span> <span class='ocrx_word' id='word_1_97' title='bbox 1316 735 1380 787; x_wconf 84' lang='grc' dir='ltr'>τὸ</span> <span class='ocrx_word' id='word_1_98' title='bbox 1428 735 1494 787; x_wconf 84' lang='grc' dir='ltr'>ὲκ</span> <span class='ocrx_word' id='word_1_99' title='bbox 1526 732 1753 786; x_wconf 83' lang='grc' dir='ltr'>τούτων.</span> 
     </span>
    </p>
   </div>
   <div class='ocr_carea' id='block_1_13' title="bbox 1875 724 3436 806">
    <p class='ocr_par' dir='ltr' id='par_1_13' title="bbox 1875 724 3436 796">
     <span class='ocr_line' id='line_1_13' title="bbox 1875 724 3436 796; baseline 0.002 -17"><span class='ocrx_word' id='word_1_100' title='bbox 1875 726 2112 796; x_wconf 89' lang='lat' dir='ltr'><strong>lemque.</strong></span> <span class='ocrx_word' id='word_1_101' title='bbox 2140 726 2308 796; x_wconf 86' lang='lat' dir='ltr'><strong>Igitur</strong></span> <span class='ocrx_word' id='word_1_102' title='bbox 2334 725 2402 780; x_wconf 88' lang='lat' dir='ltr'><strong>iis</strong></span> <span class='ocrx_word' id='word_1_103' title='bbox 2423 724 2518 793; x_wconf 89' lang='lat' dir='ltr'><strong>qui</strong></span> <span class='ocrx_word' id='word_1_104' title='bbox 2548 725 2663 778; x_wconf 69' lang='lat' dir='ltr'><strong>haec</strong></span> <span class='ocrx_word' id='word_1_105' title='bbox 2694 724 3046 779; x_wconf 82' lang='lat' dir='ltr'><strong>sciscitantur</strong></span> <span class='ocrx_word' id='word_1_106' title='bbox 3075 765 3090 786; x_wconf 89' lang='lat'><strong>.</strong></span> <span class='ocrx_word' id='word_1_107' title='bbox 3122 728 3436 783; x_wconf 84' lang='lat' dir='ltr'><strong>necessario</strong></span> 
     </span>
    </p>
   </div>
   <div class='ocr_carea' id='block_1_14' title="bbox 179 815 1770 897">
    <p class='ocr_par' dir='ltr' id='par_1_14' title="bbox 179 824 1761 897">
     <span class='ocr_line' id='line_1_14' title="bbox 179 824 1761 897; baseline -0.002 -18"><span class='ocrx_word' id='word_1_108' title='bbox 179 828 375 880; x_wconf 87' lang='grc' dir='ltr'>Ταῦτα</span> <span class='ocrx_word' id='word_1_109' title='bbox 404 827 514 897; x_wconf 86' lang='grc' dir='ltr'><strong>γὰρ</strong></span> <span class='ocrx_word' id='word_1_110' title='bbox 547 827 642 879; x_wconf 77' lang='grc' dir='ltr'>ἐπὶ</span> <span class='ocrx_word' id='word_1_111' title='bbox 664 826 758 879; x_wconf 84' lang='grc' dir='ltr'>δύο</span> <span class='ocrx_word' id='word_1_112' title='bbox 803 827 1154 897; x_wconf 78' lang='grc' dir='ltr'>τούλάχιστον</span> <span class='ocrx_word' id='word_1_113' title='bbox 1187 827 1441 894; x_wconf 80' lang='grc' dir='ltr'>λέγεται,</span> <span class='ocrx_word' id='word_1_114' title='bbox 1489 827 1522 896; x_wconf 76' lang='grc' dir='ltr'><strong>ἡ</strong></span> <span class='ocrx_word' id='word_1_115' title='bbox 1565 824 1623 877; x_wconf 82' lang='grc' dir='ltr'><strong>δὲ</strong></span> <span class='ocrx_word' id='word_1_116' title='bbox 1667 824 1761 877; x_wconf 87' lang='grc' dir='ltr'><strong>τοῦ</strong></span> 
     </span>
    </p>
   </div>
   <div class='ocr_carea' id='block_1_15' title="bbox 1875 815 3444 897">
    <p class='ocr_par' dir='ltr' id='par_1_15' title="bbox 1875 815 3444 888">
     <span class='ocr_line' id='line_1_15' title="bbox 1875 815 3444 888; baseline 0.003 -18"><span class='ocrx_word' id='word_1_117' title='bbox 1875 832 1927 872; x_wconf 77' lang='grc' dir='ltr'><strong>ιο</strong></span> <span class='ocrx_word' id='word_1_118' title='bbox 1959 835 2087 873; x_wconf 93' lang='lat' dir='ltr'><strong>vere</strong></span> <span class='ocrx_word' id='word_1_119' title='bbox 2117 819 2553 888; x_wconf 88' lang='lat' dir='ltr'><strong>respondendum</strong></span> <span class='ocrx_word' id='word_1_120' title='bbox 2587 825 2672 871; x_wconf 89' lang='lat' dir='ltr'><strong>est</strong></span> <span class='ocrx_word' id='word_1_121' title='bbox 2701 833 2714 869; x_wconf 88' lang='lat'><strong>:</strong></span> <span class='ocrx_word' id='word_1_122' title='bbox 2765 815 2952 886; x_wconf 77' lang='lat' dir='ltr'><strong>Neque</strong></span> <span class='ocrx_word' id='word_1_123' title='bbox 2997 817 3242 887; x_wconf 89' lang='lat' dir='ltr'><strong>ejusdem</strong></span> <span class='ocrx_word' id='word_1_124' title='bbox 3281 831 3444 874; x_wconf 75' lang='lat' dir='ltr'><strong>natu-</strong></span> 
     </span>
    </p>
   </div>
   <div class='ocr_carea' id='block_1_16' title="bbox 179 911 1770 987">
    <p class='ocr_par' dir='ltr' id='par_1_16' title="bbox 179 915 1762 987">
     <span class='ocr_line' id='line_1_16' title="bbox 179 915 1762 987; baseline -0.003 -15"><span class='ocrx_word' id='word_1_125' title='bbox 179 920 363 986; x_wconf 78' lang='grc' dir='ltr'>Λόγου</span> <span class='ocrx_word' id='word_1_126' title='bbox 401 919 724 980; x_wconf 81' lang='grc' dir='ltr'>ὑπόστασις,</span> <span class='ocrx_word' id='word_1_127' title='bbox 764 918 874 970; x_wconf 76' lang='grc' dir='ltr'>εἴτε</span> <span class='ocrx_word' id='word_1_128' title='bbox 914 918 1169 971; x_wconf 77' lang='grc' dir='ltr'>σύνθετον</span> <span class='ocrx_word' id='word_1_129' title='bbox 1219 920 1365 987; x_wconf 76' lang='grc' dir='ltr'>ἐρεῖς</span> <span class='ocrx_word' id='word_1_130' title='bbox 1407 917 1517 970; x_wconf 81' lang='grc' dir='ltr'>εἴτε</span> <span class='ocrx_word' id='word_1_131' title='bbox 1559 915 1762 986; x_wconf 82' lang='grc' dir='ltr'><strong>ἁπλῆν,</strong></span> 
     </span>
    </p>
   </div>
   <div class='ocr_carea' id='block_1_17' title="bbox 1875 911 3444 987">
    <p class='ocr_par' dir='ltr' id='par_1_17' title="bbox 1875 911 3444 980">
     <span class='ocr_line' id='line_1_17' title="bbox 1875 911 3444 980; baseline -0.001 -15"><span class='ocrx_word' id='word_1_132' title='bbox 1875 928 1936 966; x_wconf 74' lang='lat' dir='ltr'><strong>me</strong></span> <span class='ocrx_word' id='word_1_133' title='bbox 1965 951 1980 976; x_wconf 84' lang='lat'><strong>,</strong></span> <span class='ocrx_word' id='word_1_134' title='bbox 2006 926 2180 980; x_wconf 89' lang='lat' dir='ltr'><strong>neque</strong></span> <span class='ocrx_word' id='word_1_135' title='bbox 2209 911 2438 965; x_wconf 72' lang='lat' dir='ltr'><strong>diversae</strong></span> <span class='ocrx_word' id='word_1_136' title='bbox 2466 919 2676 964; x_wconf 67' lang='lat' dir='ltr'><strong>naturae</strong></span> <span class='ocrx_word' id='word_1_137' title='bbox 2699 919 2804 973; x_wconf 87' lang='lat' dir='ltr'><strong>est,</strong></span> <span class='ocrx_word' id='word_1_138' title='bbox 2839 925 3016 980; x_wconf 82' lang='lat' dir='ltr'><strong>neque</strong></span> <span class='ocrx_word' id='word_1_139' title='bbox 3039 911 3169 980; x_wconf 90' lang='lat' dir='ltr'><strong>quid</strong></span> <span class='ocrx_word' id='word_1_140' title='bbox 3199 927 3264 966; x_wconf 76' lang='lat' dir='ltr'><strong>ex</strong></span> <span class='ocrx_word' id='word_1_141' title='bbox 3297 923 3444 966; x_wconf 88' lang='lat' dir='ltr'><strong>utro-</strong></span> 
     </span>
    </p>
   </div>
   <div class='ocr_carea' id='block_1_18' title="bbox 184 1002 1770 1082">
    <p class='ocr_par' dir='ltr' id='par_1_18' title="bbox 184 1011 823 1082">
     <span class='ocr_line' id='line_1_18' title="bbox 184 1011 823 1082; baseline -0.002 -18"><span class='ocrx_word' id='word_1_142' title='bbox 184 1013 291 1082; x_wconf 83' lang='grc' dir='ltr'><strong>μία</strong></span> <span class='ocrx_word' id='word_1_143' title='bbox 325 1012 419 1064; x_wconf 73' lang='grc' dir='ltr'><strong>καὶ</strong></span> <span class='ocrx_word' id='word_1_144' title='bbox 448 1011 653 1080; x_wconf 75' lang='grc' dir='ltr'><strong>ὴαύτή</strong></span> <span class='ocrx_word' id='word_1_145' title='bbox 684 1012 823 1064; x_wconf 81' lang='grc' dir='ltr'>ἐστι.</span> 
     </span>
    </p>
   </div>
   <div class='ocr_carea' id='block_1_19' title="bbox 1875 1002 3445 1082">
    <p class='ocr_par' dir='ltr' id='par_1_19' title="bbox 1875 1002 3445 1072">
     <span class='ocr_line' id='line_1_19' title="bbox 1875 1002 3445 1072; baseline -0.001 -15"><span class='ocrx_word' id='word_1_146' title='bbox 1875 1019 1991 1072; x_wconf 56' lang='lat' dir='ltr'><strong>ine.</strong></span> <span class='ocrx_word' id='word_1_147' title='bbox 2027 1003 2153 1057; x_wconf 68' lang='lat' dir='ltr'><strong>Haec</strong></span> <span class='ocrx_word' id='word_1_148' title='bbox 2189 1003 2331 1057; x_wconf 89' lang='lat' dir='ltr'><strong>enim</strong></span> <span class='ocrx_word' id='word_1_149' title='bbox 2371 1003 2438 1056; x_wconf 88' lang='lat' dir='ltr'><strong>de</strong></span> <span class='ocrx_word' id='word_1_150' title='bbox 2475 1002 2692 1058; x_wconf 85' lang='lat' dir='ltr'><strong>duobus</strong></span> <span class='ocrx_word' id='word_1_151' title='bbox 2723 1003 2788 1056; x_wconf 87' lang='lat' dir='ltr'><strong>ad</strong></span> <span class='ocrx_word' id='word_1_152' title='bbox 2825 1003 3114 1056; x_wconf 86' lang='lat' dir='ltr'><strong>minimum</strong></span> <span class='ocrx_word' id='word_1_153' title='bbox 3147 1004 3445 1064; x_wconf 85' lang='lat' dir='ltr'><strong>dicuntur,</strong></span> 
     </span>
    </p>
   </div>
   <div class='ocr_carea' id='block_1_20' title="bbox 1863 1093 3444 1165">
    <p class='ocr_par' dir='ltr' id='par_1_20' title="bbox 1863 1093 3444 1165">
     <span class='ocr_line' id='line_1_20' title="bbox 1863 1093 3444 1165; baseline 0 -17"><span class='ocrx_word' id='word_1_154' title='bbox 1863 1093 2026 1150; x_wconf 90' lang='lat' dir='ltr'><strong>Verbi</strong></span> <span class='ocrx_word' id='word_1_155' title='bbox 2068 1103 2250 1149; x_wconf 89' lang='lat' dir='ltr'><strong>autem</strong></span> <span class='ocrx_word' id='word_1_156' title='bbox 2291 1095 2600 1165; x_wconf 83' lang='lat' dir='ltr'><strong>hypostasis</strong></span> <span class='ocrx_word' id='word_1_157' title='bbox 2627 1137 2642 1161; x_wconf 91' lang='lat'><strong>,</strong></span> <span class='ocrx_word' id='word_1_158' title='bbox 2696 1095 2811 1149; x_wconf 86' lang='lat' dir='ltr'><strong>sive</strong></span> <span class='ocrx_word' id='word_1_159' title='bbox 2851 1095 3160 1163; x_wconf 85' lang='lat' dir='ltr'><strong>simplicem</strong></span> <span class='ocrx_word' id='word_1_160' title='bbox 3196 1095 3444 1151; x_wconf 82' lang='lat' dir='ltr'><strong>eamdem</strong></span> 
     </span>
    </p>
   </div>
   <div class='ocr_carea' id='block_1_21' title="bbox 1799 1183 3196 1258">
    <p class='ocr_par' dir='ltr' id='par_1_21' title="bbox 1799 1183 3196 1258">
     <span class='ocr_line' id='line_1_21' title="bbox 1799 1183 3196 1258; baseline 0.004 -22"><span class='ocrx_word' id='word_1_161' title='bbox 1799 1183 1842 1236; x_wconf 90' lang='grc' dir='ltr'><strong>Β</strong></span> <span class='ocrx_word' id='word_1_162' title='bbox 1871 1188 2020 1242; x_wconf 82' lang='lat' dir='ltr'><strong>dices</strong></span> <span class='ocrx_word' id='word_1_163' title='bbox 2053 1188 2168 1242; x_wconf 84' lang='lat' dir='ltr'><strong>sive</strong></span> <span class='ocrx_word' id='word_1_164' title='bbox 2200 1189 2585 1256; x_wconf 85' lang='lat' dir='ltr'><strong>compositam,</strong></span> <span class='ocrx_word' id='word_1_165' title='bbox 2623 1203 2727 1242; x_wconf 88' lang='lat' dir='ltr'><strong>una</strong></span> <span class='ocrx_word' id='word_1_166' title='bbox 2759 1189 3060 1258; x_wconf 76' lang='lat' dir='ltr'><strong>eademque</strong></span> <span class='ocrx_word' id='word_1_167' title='bbox 3092 1196 3196 1242; x_wconf 90' lang='lat' dir='ltr'><strong>est.</strong></span> 
     </span>
    </p>
   </div>
   <div class='ocr_carea' id='block_1_22' title="bbox 259 1365 3446 1438">
    <p class='ocr_par' dir='ltr' id='par_1_22' title="bbox 259 1365 3446 1438">
     <span class='ocr_line' id='line_1_22' title="bbox 259 1365 3446 1438; baseline 0.001 -18"><span class='ocrx_word' id='word_1_168' title='bbox 259 1367 425 1438; x_wconf 83' lang='lat' dir='ltr'><strong>Ilanc</strong></span> <span class='ocrx_word' id='word_1_169' title='bbox 441 1367 679 1438; x_wconf 79' lang='lat' dir='ltr'><strong>priorem</strong></span> <span class='ocrx_word' id='word_1_170' title='bbox 710 1365 1031 1435; x_wconf 71' lang='lat' dir='ltr'><strong>quaestionis</strong></span> <span class='ocrx_word' id='word_1_171' title='bbox 1061 1374 1267 1432; x_wconf 81' lang='lat' dir='ltr'><strong>partem</strong></span> <span class='ocrx_word' id='word_1_172' title='bbox 1300 1366 1608 1421; x_wconf 73' lang='lat' dir='ltr'><strong>exscribere</strong></span> <span class='ocrx_word' id='word_1_173' title='bbox 1633 1369 1791 1423; x_wconf 87' lang='lat' dir='ltr'><strong>nobis</strong></span> <span class='ocrx_word' id='word_1_174' title='bbox 1828 1369 2002 1433; x_wconf 88' lang='lat' dir='ltr'><strong>licuit;</strong></span> <span class='ocrx_word' id='word_1_175' title='bbox 2036 1368 2462 1438; x_wconf 12' lang='lat' dir='ltr'><strong>quoadireliqua</strong></span> <span class='ocrx_word' id='word_1_176' title='bbox 2509 1368 2699 1437; x_wconf 88' lang='lat' dir='ltr'><strong>paucis</strong></span> <span class='ocrx_word' id='word_1_177' title='bbox 2736 1369 2789 1422; x_wconf 92' lang='lat' dir='ltr'><strong>in</strong></span> <span class='ocrx_word' id='word_1_178' title='bbox 2827 1367 3046 1423; x_wconf 84' lang='lat' dir='ltr'><strong>schedis</strong></span> <span class='ocrx_word' id='word_1_179' title='bbox 3091 1367 3406 1423; x_wconf 77' lang='lat' dir='ltr'><strong>notavimus</strong></span> <span class='ocrx_word' id='word_1_180' title='bbox 3432 1408 3446 1431; x_wconf 82' lang='lat'><strong>,</strong></span> 
     </span>
    </p>
   </div>
   <div class='ocr_carea' id='block_1_23' title="bbox 183 1436 3450 1509">
    <p class='ocr_par' dir='ltr' id='par_1_23' title="bbox 183 1436 3450 1509">
     <span class='ocr_line' id='line_1_23' title="bbox 183 1436 3450 1509; baseline 0 -19"><span class='ocrx_word' id='word_1_181' title='bbox 183 1436 467 1507; x_wconf 78' lang='lat' dir='ltr'><strong>quomodo</strong></span> <span class='ocrx_word' id='word_1_182' title='bbox 502 1437 1132 1509; x_wconf 82' lang='lat' dir='ltr'><strong>Pholinsargumentum</strong></span> <span class='ocrx_word' id='word_1_183' title='bbox 1166 1452 1333 1509; x_wconf 81' lang='lat' dir='ltr'><strong>suum</strong></span> <span class='ocrx_word' id='word_1_184' title='bbox 1371 1450 1757 1504; x_wconf 85' lang='lat' dir='ltr'><strong>prosequatur.</strong></span> <span class='ocrx_word' id='word_1_185' title='bbox 1819 1439 1896 1493; x_wconf 88' lang='lat' dir='ltr'><strong>En</strong></span> <span class='ocrx_word' id='word_1_186' title='bbox 1927 1441 2159 1509; x_wconf 85' lang='lat' dir='ltr'><strong>potiora.</strong></span> <span class='ocrx_word' id='word_1_187' title='bbox 2200 1436 2386 1492; x_wconf 76' lang='lat' dir='ltr'><strong>Monet</strong></span> <span class='ocrx_word' id='word_1_188' title='bbox 2416 1436 2780 1509; x_wconf 79' lang='lat' dir='ltr'><strong>vetustiorum</strong></span> <span class='ocrx_word' id='word_1_189' title='bbox 2825 1439 3117 1509; x_wconf 78' lang='lat' dir='ltr'><strong>nonnullos</strong></span> <span class='ocrx_word' id='word_1_190' title='bbox 3158 1453 3258 1492; x_wconf 89' lang='lat' dir='ltr'><strong>nec</strong></span> <span class='ocrx_word' id='word_1_191' title='bbox 3295 1453 3450 1492; x_wconf 89' lang='lat' dir='ltr'><strong>com-</strong></span> 
     </span>
    </p>
   </div>
   <div class='ocr_carea' id='block_1_24' title="bbox 185 1506 3446 1578">
    <p class='ocr_par' dir='ltr' id='par_1_24' title="bbox 185 1506 3446 1578">
     <span class='ocr_line' id='line_1_24' title="bbox 185 1506 3446 1578; baseline 0 -18"><span class='ocrx_word' id='word_1_192' title='bbox 185 1506 423 1576; x_wconf 73' lang='lat' dir='ltr'><strong>positam</strong></span> <span class='ocrx_word' id='word_1_193' title='bbox 463 1507 772 1577; x_wconf 76' lang='lat' dir='ltr'><strong>hypostasin</strong></span> <span class='ocrx_word' id='word_1_194' title='bbox 808 1521 906 1561; x_wconf 91' lang='lat' dir='ltr'><strong>nec</strong></span> <span class='ocrx_word' id='word_1_195' title='bbox 933 1507 1294 1578; x_wconf 80' lang='lat' dir='ltr'><strong>compositam</strong></span> <span class='ocrx_word' id='word_1_196' title='bbox 1329 1519 1580 1559; x_wconf 83' lang='lat' dir='ltr'><strong>naturam</strong></span> <span class='ocrx_word' id='word_1_197' title='bbox 1618 1506 1944 1568; x_wconf 61' lang='lat' dir='ltr'><strong>admisisse;</strong></span> <span class='ocrx_word' id='word_1_198' title='bbox 1983 1512 2076 1562; x_wconf 88' lang='lat' dir='ltr'><strong>sed</strong></span> <span class='ocrx_word' id='word_1_199' title='bbox 2117 1508 2465 1563; x_wconf 87' lang='lat' dir='ltr'><strong>solummodo</strong></span> <span class='ocrx_word' id='word_1_200' title='bbox 2503 1511 2841 1562; x_wconf 86' lang='lat' dir='ltr'><strong>inearnatam</strong></span> <span class='ocrx_word' id='word_1_201' title='bbox 2876 1506 3039 1561; x_wconf 82' lang='lat' dir='ltr'><strong>Verbi</strong></span> <span class='ocrx_word' id='word_1_202' title='bbox 3073 1523 3362 1578; x_wconf 80' lang='lat' dir='ltr'><strong>personam</strong></span> <span class='ocrx_word' id='word_1_203' title='bbox 3393 1521 3446 1562; x_wconf 87' lang='lat' dir='ltr'><strong>ct</strong></span> 
     </span>
    </p>
   </div>
   <div class='ocr_carea' id='block_1_25' title="bbox 184 1577 1770 1648">
    <p class='ocr_par' dir='ltr' id='par_1_25' title="bbox 184 1577 1770 1646">
     <span class='ocr_line' id='line_1_25' title="bbox 184 1577 1770 1646; baseline 0.001 -15"><span class='ocrx_word' id='word_1_204' title='bbox 184 1579 374 1632; x_wconf 73' lang='lat' dir='ltr'><strong>carnis</strong></span> <span class='ocrx_word' id='word_1_205' title='bbox 405 1587 680 1646; x_wconf 74' lang='lat' dir='ltr'><strong>expertem</strong></span> <span class='ocrx_word' id='word_1_206' title='bbox 713 1578 1163 1646; x_wconf 78' lang='grc' dir='ltr'>(σεσαρκωμένην</span> <span class='ocrx_word' id='word_1_207' title='bbox 1189 1577 1283 1628; x_wconf 78' lang='grc' dir='ltr'><strong>τοῦ</strong></span> <span class='ocrx_word' id='word_1_208' title='bbox 1305 1577 1464 1643; x_wconf 83' lang='grc' dir='ltr'><strong>λόγου</strong></span> <span class='ocrx_word' id='word_1_209' title='bbox 1498 1578 1770 1632; x_wconf 56' lang='grc' dir='ltr'>ὑπόστασιε</span> 
     </span>
    </p>
   </div>
   <div class='ocr_carea' id='block_1_26' title="bbox 1875 1577 3446 1648">
    <p class='ocr_par' dir='ltr' id='par_1_26' title="bbox 1875 1577 3446 1648">
     <span class='ocr_line' id='line_1_26' title="bbox 1875 1577 3446 1648; baseline 0 -18"><span class='ocrx_word' id='word_1_210' title='bbox 1875 1581 1916 1632; x_wconf 73' lang='lat' dir='ltr'><strong>il.</strong></span> <span class='ocrx_word' id='word_1_211' title='bbox 1947 1579 2234 1648; x_wconf 72' lang='grc' dir='ltr'>ἄσαρκον),</span> <span class='ocrx_word' id='word_1_212' title='bbox 2253 1580 2581 1633; x_wconf 75' lang='lat' dir='ltr'><strong>recentiores</strong></span> <span class='ocrx_word' id='word_1_213' title='bbox 2615 1595 2744 1632; x_wconf 87' lang='lat' dir='ltr'><strong>vero</strong></span> <span class='ocrx_word' id='word_1_214' title='bbox 2765 1595 2906 1647; x_wconf 74' lang='lat' dir='ltr'><strong>saepe</strong></span> <span class='ocrx_word' id='word_1_215' title='bbox 2936 1594 3058 1631; x_wconf 90' lang='lat' dir='ltr'><strong>eam</strong></span> <span class='ocrx_word' id='word_1_216' title='bbox 3074 1577 3267 1633; x_wconf 79' lang='lat' dir='ltr'><strong>direre</strong></span> <span class='ocrx_word' id='word_1_217' title='bbox 3297 1594 3446 1632; x_wconf 89' lang='lat' dir='ltr'><strong>com-</strong></span> 
     </span>
    </p>
   </div>
   <div class='ocr_carea' id='block_1_27' title="bbox 186 1647 3442 1718">
    <p class='ocr_par' dir='ltr' id='par_1_27' title="bbox 186 1647 3442 1718">
     <span class='ocr_line' id='line_1_27' title="bbox 186 1647 3442 1718; baseline 0.001 -20"><span class='ocrx_word' id='word_1_218' title='bbox 186 1650 426 1717; x_wconf 77' lang='lat' dir='ltr'><strong>positam</strong></span> <span class='ocrx_word' id='word_1_219' title='bbox 452 1663 516 1699; x_wconf 88' lang='lat' dir='ltr'><strong>eo</strong></span> <span class='ocrx_word' id='word_1_220' title='bbox 544 1661 709 1718; x_wconf 79' lang='lat' dir='ltr'><strong>sensu</strong></span> <span class='ocrx_word' id='word_1_221' title='bbox 740 1661 848 1715; x_wconf 86' lang='lat' dir='ltr'><strong>quo</strong></span> <span class='ocrx_word' id='word_1_222' title='bbox 890 1649 1227 1699; x_wconf 82' lang='lat' dir='ltr'><strong>inrarnalam</strong></span> <span class='ocrx_word' id='word_1_223' title='bbox 1260 1660 1476 1700; x_wconf 83' lang='lat' dir='ltr'><strong>vocant.</strong></span> <span class='ocrx_word' id='word_1_224' title='bbox 1512 1647 1735 1704; x_wconf 82' lang='lat' dir='ltr'><strong>Veteres</strong></span> <span class='ocrx_word' id='word_1_225' title='bbox 1762 1652 1998 1704; x_wconf 86' lang='lat' dir='ltr'><strong>evitasse</strong></span> <span class='ocrx_word' id='word_1_226' title='bbox 2035 1647 2292 1718; x_wconf 77' lang='lat' dir='ltr'><strong>loquendi</strong></span> <span class='ocrx_word' id='word_1_227' title='bbox 2341 1648 2573 1702; x_wconf 86' lang='lat' dir='ltr'><strong>formam</strong></span> <span class='ocrx_word' id='word_1_228' title='bbox 2607 1652 2674 1701; x_wconf 84' lang='lat' dir='ltr'><strong>de</strong></span> <span class='ocrx_word' id='word_1_229' title='bbox 2710 1654 3011 1718; x_wconf 69' lang='lat' dir='ltr'><strong>composita</strong></span> <span class='ocrx_word' id='word_1_230' title='bbox 3056 1666 3284 1718; x_wconf 74' lang='lat' dir='ltr'><strong>persona</strong></span> <span class='ocrx_word' id='word_1_231' title='bbox 3323 1664 3442 1702; x_wconf 87' lang='lat' dir='ltr'><strong>eam</strong></span> 
     </span>
    </p>
   </div>
   <div class='ocr_carea' id='block_1_28' title="bbox 187 1717 3452 1789">
    <p class='ocr_par' dir='ltr' id='par_1_28' title="bbox 187 1717 3452 1789">
     <span class='ocr_line' id='line_1_28' title="bbox 187 1717 3452 1789; baseline 0 -19"><span class='ocrx_word' id='word_1_232' title='bbox 187 1721 538 1789; x_wconf 62' lang='lat' dir='ltr'><strong>potissimum</strong></span> <span class='ocrx_word' id='word_1_233' title='bbox 568 1717 640 1770; x_wconf 87' lang='lat' dir='ltr'><strong>ob</strong></span> <span class='ocrx_word' id='word_1_234' title='bbox 669 1719 1084 1789; x_wconf 68' lang='lat' dir='ltr'><strong>dillicultatein,</strong></span> <span class='ocrx_word' id='word_1_235' title='bbox 1125 1719 1269 1789; x_wconf 83' lang='lat' dir='ltr'><strong>quod</strong></span> <span class='ocrx_word' id='word_1_236' title='bbox 1311 1718 1572 1789; x_wconf 70' lang='lat' dir='ltr'><strong>explicari</strong></span> <span class='ocrx_word' id='word_1_237' title='bbox 1607 1729 1880 1789; x_wconf 89' lang='lat' dir='ltr'><strong>nequeat,</strong></span> <span class='ocrx_word' id='word_1_238' title='bbox 1927 1736 2032 1788; x_wconf 84' lang='lat' dir='ltr'><strong>qua</strong></span> <span class='ocrx_word' id='word_1_239' title='bbox 2079 1717 2287 1774; x_wconf 75' lang='lat' dir='ltr'><strong>ratione</strong></span> <span class='ocrx_word' id='word_1_240' title='bbox 2341 1721 2574 1789; x_wconf 84' lang='lat' dir='ltr'><strong>simplex</strong></span> <span class='ocrx_word' id='word_1_241' title='bbox 2629 1730 2683 1772; x_wconf 89' lang='lat' dir='ltr'><strong>et</strong></span> <span class='ocrx_word' id='word_1_242' title='bbox 2713 1717 3078 1787; x_wconf 85' lang='lat' dir='ltr'><strong>compositum</strong></span> <span class='ocrx_word' id='word_1_243' title='bbox 3128 1721 3356 1788; x_wconf 63' lang='lat' dir='ltr'><strong>aaqnalia</strong></span> <span class='ocrx_word' id='word_1_244' title='bbox 3397 1731 3452 1772; x_wconf 86' lang='lat' dir='ltr'><strong>et</strong></span> 
     </span>
    </p>
   </div>
   <div class='ocr_carea' id='block_1_29' title="bbox 187 1785 3452 1858">
    <p class='ocr_par' dir='ltr' id='par_1_29' title="bbox 187 1785 3452 1858">
     <span class='ocr_line' id='line_1_29' title="bbox 187 1785 3452 1858; baseline 0.001 -19"><span class='ocrx_word' id='word_1_245' title='bbox 187 1785 682 1841; x_wconf 62' lang='lat' dir='ltr'><strong>consubstantialia</strong></span> <span class='ocrx_word' id='word_1_246' title='bbox 713 1789 986 1858; x_wconf 83' lang='lat' dir='ltr'><strong>dicantur.</strong></span> <span class='ocrx_word' id='word_1_247' title='bbox 1019 1785 1188 1858; x_wconf 82' lang='lat' dir='ltr'><strong>Docet</strong></span> <span class='ocrx_word' id='word_1_248' title='bbox 1220 1787 1346 1839; x_wconf 83' lang='lat' dir='ltr'><strong>hinc</strong></span> <span class='ocrx_word' id='word_1_249' title='bbox 1375 1788 1622 1853; x_wconf 80' lang='lat' dir='ltr'><strong>Photius,</strong></span> <span class='ocrx_word' id='word_1_250' title='bbox 1674 1785 1966 1858; x_wconf 77' lang='lat' dir='ltr'><strong>personam</strong></span> <span class='ocrx_word' id='word_1_251' title='bbox 2001 1806 2123 1844; x_wconf 82' lang='lat' dir='ltr'><strong>esse</strong></span> <span class='ocrx_word' id='word_1_252' title='bbox 2149 1790 2394 1844; x_wconf 80' lang='lat' dir='ltr'><strong>eamdem</strong></span> <span class='ocrx_word' id='word_1_253' title='bbox 2421 1785 2710 1853; x_wconf 43' lang='lat' dir='ltr'><strong>fallectam</strong></span> <span class='ocrx_word' id='word_1_254' title='bbox 2743 1785 2870 1843; x_wconf 78' lang='lat' dir='ltr'><strong>vero</strong></span> <span class='ocrx_word' id='word_1_255' title='bbox 2904 1791 3066 1843; x_wconf 88' lang='lat' dir='ltr'><strong>variis</strong></span> <span class='ocrx_word' id='word_1_256' title='bbox 3091 1785 3452 1856; x_wconf 78' lang='lat' dir='ltr'><strong>qualitatibus</strong></span> 
     </span>
    </p>
   </div>
   <div class='ocr_carea' id='block_1_30' title="bbox 184 1857 3446 1924">
    <p class='ocr_par' dir='ltr' id='par_1_30' title="bbox 184 1857 3446 1924">
     <span class='ocr_line' id='line_1_30' title="bbox 184 1857 3446 1924; baseline 0.001 -16"><span class='ocrx_word' id='word_1_257' title='bbox 184 1858 557 1911; x_wconf 79' lang='lat' dir='ltr'><strong>diversimode</strong></span> <span class='ocrx_word' id='word_1_258' title='bbox 583 1857 865 1924; x_wconf 76' lang='lat' dir='ltr'><strong>praedicari</strong></span> <span class='ocrx_word' id='word_1_259' title='bbox 895 1898 911 1921; x_wconf 95' lang='lat'><strong>,</strong></span> <span class='ocrx_word' id='word_1_260' title='bbox 945 1859 1110 1909; x_wconf 78' lang='lat' dir='ltr'><strong>veluti</strong></span> <span class='ocrx_word' id='word_1_261' title='bbox 1138 1857 1356 1910; x_wconf 87' lang='lat' dir='ltr'><strong>Petrum</strong></span> <span class='ocrx_word' id='word_1_262' title='bbox 1385 1857 1704 1913; x_wconf 77' lang='lat' dir='ltr'><strong>cruciﬁxum</strong></span> <span class='ocrx_word' id='word_1_263' title='bbox 1728 1871 1784 1914; x_wconf 91' lang='lat' dir='ltr'><strong>et</strong></span> <span class='ocrx_word' id='word_1_264' title='bbox 1819 1861 2057 1913; x_wconf 88' lang='lat' dir='ltr'><strong>nondum</strong></span> <span class='ocrx_word' id='word_1_265' title='bbox 2084 1862 2410 1914; x_wconf 70' lang='lat' dir='ltr'><strong>cruciﬁxum</strong></span> <span class='ocrx_word' id='word_1_266' title='bbox 2435 1901 2449 1923; x_wconf 96' lang='lat'><strong>,</strong></span> <span class='ocrx_word' id='word_1_267' title='bbox 2487 1863 2765 1913; x_wconf 82' lang='lat' dir='ltr'><strong>hominem</strong></span> <span class='ocrx_word' id='word_1_268' title='bbox 2802 1862 3008 1912; x_wconf 87' lang='lat' dir='ltr'><strong>nudum</strong></span> <span class='ocrx_word' id='word_1_269' title='bbox 3063 1872 3117 1913; x_wconf 88' lang='lat' dir='ltr'><strong>et</strong></span> <span class='ocrx_word' id='word_1_270' title='bbox 3164 1862 3446 1924; x_wconf 72' lang='lat' dir='ltr'><strong>veSIitum,</strong></span> 
     </span>
    </p>
   </div>
   <div class='ocr_carea' id='block_1_31' title="bbox 192 1925 3454 1998">
    <p class='ocr_par' dir='ltr' id='par_1_31' title="bbox 192 1925 3454 1998">
     <span class='ocr_line' id='line_1_31' title="bbox 192 1925 3454 1998; baseline 0.001 -18"><span class='ocrx_word' id='word_1_271' title='bbox 192 1928 422 1982; x_wconf 79' lang='lat' dir='ltr'><strong>Paulum</strong></span> <span class='ocrx_word' id='word_1_272' title='bbox 451 1935 859 1995; x_wconf 86' lang='lat' dir='ltr'><strong>persecutorem</strong></span> <span class='ocrx_word' id='word_1_273' title='bbox 893 1937 946 1981; x_wconf 86' lang='lat' dir='ltr'><strong>et</strong></span> <span class='ocrx_word' id='word_1_274' title='bbox 972 1925 1198 1980; x_wconf 81' lang='lat' dir='ltr'><strong>Paulum</strong></span> <span class='ocrx_word' id='word_1_275' title='bbox 1237 1929 1570 1995; x_wconf 88' lang='lat' dir='ltr'><strong>apostolum.</strong></span> <span class='ocrx_word' id='word_1_276' title='bbox 1600 1931 1803 1985; x_wconf 85' lang='lat' dir='ltr'><strong>Horum</strong></span> <span class='ocrx_word' id='word_1_277' title='bbox 1831 1972 1846 1995; x_wconf 94' lang='lat'><strong>,</strong></span> <span class='ocrx_word' id='word_1_278' title='bbox 1885 1932 1960 1984; x_wconf 93' lang='lat' dir='ltr'><strong>ait</strong></span> <span class='ocrx_word' id='word_1_279' title='bbox 1988 1930 2216 1998; x_wconf 67' lang='lat' dir='ltr'><strong>Photius</strong></span> <span class='ocrx_word' id='word_1_280' title='bbox 2242 1971 2256 1991; x_wconf 84' lang='lat'><strong>,</strong></span> <span class='ocrx_word' id='word_1_281' title='bbox 2303 1947 2536 1998; x_wconf 79' lang='lat' dir='ltr'><strong>persona</strong></span> <span class='ocrx_word' id='word_1_282' title='bbox 2574 1945 2678 1982; x_wconf 89' lang='lat' dir='ltr'><strong>una</strong></span> <span class='ocrx_word' id='word_1_283' title='bbox 2713 1931 3015 1997; x_wconf 85' lang='lat' dir='ltr'><strong>eademque</strong></span> <span class='ocrx_word' id='word_1_284' title='bbox 3043 1943 3144 1994; x_wconf 89' lang='lat' dir='ltr'><strong>est,</strong></span> <span class='ocrx_word' id='word_1_285' title='bbox 3179 1945 3301 1998; x_wconf 70' lang='lat' dir='ltr'><strong>quae</strong></span> <span class='ocrx_word' id='word_1_286' title='bbox 3325 1945 3454 1984; x_wconf 86' lang='lat' dir='ltr'><strong>vero</strong></span> 
     </span>
    </p>
   </div>
   <div class='ocr_carea' id='block_1_32' title="bbox 190 1995 1770 2071">
    <p class='ocr_par' dir='ltr' id='par_1_32' title="bbox 190 1998 1770 2071">
     <span class='ocr_line' id='line_1_32' title="bbox 190 1998 1770 2071; baseline 0.003 -22"><span class='ocrx_word' id='word_1_287' title='bbox 190 1999 341 2071; x_wconf 72' lang='lat' dir='ltr'><strong>circa</strong></span> <span class='ocrx_word' id='word_1_288' title='bbox 380 2011 668 2071; x_wconf 74' lang='lat' dir='ltr'><strong>personam</strong></span> <span class='ocrx_word' id='word_1_289' title='bbox 728 2006 856 2050; x_wconf 86' lang='lat' dir='ltr'><strong>sunt</strong></span> <span class='ocrx_word' id='word_1_290' title='bbox 905 2013 1154 2071; x_wconf 59' lang='lat' dir='ltr'><strong>eamque</strong></span> <span class='ocrx_word' id='word_1_291' title='bbox 1178 1998 1460 2071; x_wconf 78' lang='lat' dir='ltr'><strong>alliciunt,</strong></span> <span class='ocrx_word' id='word_1_292' title='bbox 1515 2017 1622 2053; x_wconf 91' lang='lat' dir='ltr'><strong>non</strong></span> <span class='ocrx_word' id='word_1_293' title='bbox 1672 2019 1770 2071; x_wconf 85' lang='lat' dir='ltr'><strong>sun</strong></span> 
     </span>
    </p>
   </div>
   <div class='ocr_carea' id='block_1_33' title="bbox 1875 1995 3455 2071">
    <p class='ocr_par' dir='ltr' id='par_1_33' title="bbox 1875 1995 3455 2071">
     <span class='ocr_line' id='line_1_33' title="bbox 1875 1995 3455 2071; baseline -0.001 -17"><span class='ocrx_word' id='word_1_294' title='bbox 1875 2002 2026 2054; x_wconf 84' lang='lat' dir='ltr'><strong>adem</strong></span> <span class='ocrx_word' id='word_1_295' title='bbox 2078 1995 2194 2070; x_wconf 82' lang='grc' dir='ltr'><strong>(ὧν</strong></span> <span class='ocrx_word' id='word_1_296' title='bbox 2223 1995 2319 2070; x_wconf 83' lang='grc' dir='ltr'><strong>μία</strong></span> <span class='ocrx_word' id='word_1_297' title='bbox 2360 2002 2504 2054; x_wconf 72' lang='grc' dir='ltr'>ἐστὶν</span> <span class='ocrx_word' id='word_1_298' title='bbox 2536 2002 2570 2071; x_wconf 86' lang='grc' dir='ltr'><strong>ἡ</strong></span> <span class='ocrx_word' id='word_1_299' title='bbox 2601 2001 2900 2071; x_wconf 58' lang='grc' dir='ltr'>ὑπόστασις</span> <span class='ocrx_word' id='word_1_300' title='bbox 2929 1995 3043 2052; x_wconf 16' lang='grc' dir='ltr'>ῦκαὶ</span> <span class='ocrx_word' id='word_1_301' title='bbox 3086 2002 3120 2070; x_wconf 81' lang='grc' dir='ltr'>ἡ</span> <span class='ocrx_word' id='word_1_302' title='bbox 3169 1995 3330 2068; x_wconf 76' lang='grc' dir='ltr'>αὑτὴ,</span> <span class='ocrx_word' id='word_1_303' title='bbox 3385 2001 3455 2052; x_wconf 75' lang='grc' dir='ltr'>τὰ</span> 
     </span>
    </p>
   </div>
   <div class='ocr_carea' id='block_1_34' title="bbox 187 2066 1770 2140">
    <p class='ocr_par' dir='ltr' id='par_1_34' title="bbox 187 2066 1770 2140">
     <span class='ocr_line' id='line_1_34' title="bbox 187 2066 1770 2140; baseline 0.002 -20"><span class='ocrx_word' id='word_1_304' title='bbox 187 2067 252 2120; x_wconf 73' lang='grc' dir='ltr'><strong>δὲ</strong></span> <span class='ocrx_word' id='word_1_305' title='bbox 278 2067 410 2140; x_wconf 52' lang='grc' dir='ltr'><strong>περ)ἶ</strong></span> <span class='ocrx_word' id='word_1_306' title='bbox 440 2067 540 2140; x_wconf 79' lang='grc' dir='ltr'>τὴν</span> <span class='ocrx_word' id='word_1_307' title='bbox 569 2067 1036 2140; x_wconf 46' lang='grc' dir='ltr'>ὑπόστασιν,-οὐχὶ</span> <span class='ocrx_word' id='word_1_308' title='bbox 1058 2066 1227 2119; x_wconf 85' lang='grc' dir='ltr'>ταῦτα</span> <span class='ocrx_word' id='word_1_309' title='bbox 1249 2069 1288 2137; x_wconf 93' lang='grc'><strong>).</strong></span> <span class='ocrx_word' id='word_1_310' title='bbox 1333 2071 1602 2140; x_wconf 58' lang='lat' dir='ltr'><strong>Caeterum</strong></span> <span class='ocrx_word' id='word_1_311' title='bbox 1642 2070 1770 2125; x_wconf 86' lang='lat' dir='ltr'><strong>conf</strong></span> 
     </span>
    </p>
   </div>
   <div class='ocr_carea' id='block_1_35' title="bbox 1875 2066 3452 2140">
    <p class='ocr_par' dir='ltr' id='par_1_35' title="bbox 1875 2066 3452 2140">
     <span class='ocr_line' id='line_1_35' title="bbox 1875 2066 3452 2140; baseline -0.001 -14"><span class='ocrx_word' id='word_1_312' title='bbox 1875 2066 2102 2126; x_wconf 82' lang='lat' dir='ltr'><strong>similem</strong></span> <span class='ocrx_word' id='word_1_313' title='bbox 2151 2066 2510 2140; x_wconf 66' lang='lat' dir='ltr'><strong>quiestionem</strong></span> <span class='ocrx_word' id='word_1_314' title='bbox 2540 2066 2569 2138; x_wconf 67' lang='grc'>,⁷</span> <span class='ocrx_word' id='word_1_315' title='bbox 2599 2087 2721 2140; x_wconf 72' lang='lat' dir='ltr'><strong>quae</strong></span> <span class='ocrx_word' id='word_1_316' title='bbox 2772 2072 2825 2124; x_wconf 91' lang='lat' dir='ltr'><strong>in</strong></span> <span class='ocrx_word' id='word_1_317' title='bbox 2855 2066 3120 2140; x_wconf 78' lang='lat' dir='ltr'><strong>Panoplia</strong></span> <span class='ocrx_word' id='word_1_318' title='bbox 3144 2066 3452 2140; x_wconf 75' lang='lat' dir='ltr'><strong>dogmatica</strong></span> 
     </span>
    </p>
   </div>
   <div class='ocr_carea' id='block_1_36' title="bbox 191 2136 2394 2212">
    <p class='ocr_par' dir='ltr' id='par_1_36' title="bbox 191 2136 2394 2212">
     <span class='ocr_line' id='line_1_36' title="bbox 191 2136 2394 2212; baseline 0.003 -22"><span class='ocrx_word' id='word_1_319' title='bbox 191 2143 338 2208; x_wconf 82' lang='lat' dir='ltr'><strong>apud</strong></span> <span class='ocrx_word' id='word_1_320' title='bbox 370 2137 568 2191; x_wconf 80' lang='lat' dir='ltr'><strong>Maium</strong></span> <span class='ocrx_word' id='word_1_321' title='bbox 598 2154 723 2192; x_wconf 90' lang='lat' dir='ltr'><strong>nov.</strong></span> <span class='ocrx_word' id='word_1_322' title='bbox 759 2136 864 2191; x_wconf 90' lang='lat' dir='ltr'><strong>PP.</strong></span> <span class='ocrx_word' id='word_1_323' title='bbox 899 2136 1256 2192; x_wconf 80' lang='lat' dir='ltr'><strong>Bibliothecae</strong></span> <span class='ocrx_word' id='word_1_324' title='bbox 1301 2148 1438 2193; x_wconf 89' lang='lat' dir='ltr'><strong>tom.</strong></span> <span class='ocrx_word' id='word_1_325' title='bbox 1473 2138 1515 2193; x_wconf 92' lang='lat' dir='ltr'><strong>ll</strong></span> <span class='ocrx_word' id='word_1_326' title='bbox 1555 2158 1609 2211; x_wconf 88' lang='lat' dir='ltr'><strong>p.</strong></span> <span class='ocrx_word' id='word_1_327' title='bbox 1646 2141 1750 2195; x_wconf 71' lang='lat'><strong>6&#39;25</strong></span> <span class='ocrx_word' id='word_1_328' title='bbox 1783 2157 1898 2212; x_wconf 88' lang='lat' dir='ltr'><strong>seq.</strong></span> <span class='ocrx_word' id='word_1_329' title='bbox 1933 2158 1988 2211; x_wconf 90' lang='lat' dir='ltr'><strong>q.</strong></span> <span class='ocrx_word' id='word_1_330' title='bbox 2016 2141 2048 2195; x_wconf 92' lang='lat'>8</span> <span class='ocrx_word' id='word_1_331' title='bbox 2079 2136 2394 2197; x_wconf 78' lang='lat' dir='ltr'><strong>ventilatur.</strong></span> 
     </span>
    </p>
   </div>
   <div class='ocr_carea' id='block_1_37' title="bbox 919 2314 2722 2390">
    <p class='ocr_par' dir='ltr' id='par_1_37' title="bbox 919 2314 2722 2390">
     <span class='ocr_line' id='line_1_37' title="bbox 919 2314 2722 2390; baseline 0.001 -20"><span class='ocrx_word' id='word_1_332' title='bbox 919 2314 1256 2381; x_wconf 64' lang='lat' dir='ltr'><strong>QUAESTIO</strong></span> <span class='ocrx_word' id='word_1_333' title='bbox 1294 2315 1532 2371; x_wconf 85' lang='lat' dir='ltr'><strong>CCXXX</strong></span> <span class='ocrx_word' id='word_1_334' title='bbox 1561 2316 1580 2389; x_wconf 90' lang='lat'>[</span> <span class='ocrx_word' id='word_1_335' title='bbox 1605 2317 1769 2374; x_wconf 82' lang='lat' dir='ltr'><strong>Coisl.</strong></span> <span class='ocrx_word' id='word_1_336' title='bbox 1800 2319 1964 2374; x_wconf 84' lang='lat' dir='ltr'><strong>Taur.</strong></span> <span class='ocrx_word' id='word_1_337' title='bbox 1997 2317 2310 2373; x_wconf 75' lang='lat' dir='ltr'><strong>LXXXVIII</strong></span> <span class='ocrx_word' id='word_1_338' title='bbox 2335 2317 2451 2390; x_wconf 66' lang='lat'><strong>}.—-</strong></span> <span class='ocrx_word' id='word_1_339' title='bbox 2492 2317 2722 2372; x_wconf 88' lang='lat' dir='ltr'><strong>Incdita.</strong></span> 
     </span>
    </p>
   </div>
   <div class='ocr_carea' id='block_1_38' title="bbox 189 2411 1770 2482">
    <p class='ocr_par' dir='ltr' id='par_1_38' title="bbox 189 2411 1770 2482">
     <span class='ocr_line' id='line_1_38' title="bbox 189 2411 1770 2482; baseline -0.004 -12"><span class='ocrx_word' id='word_1_340' title='bbox 189 2414 332 2482; x_wconf 69' lang='grc' dir='ltr'><strong>Περὶ</strong></span> <span class='ocrx_word' id='word_1_341' title='bbox 365 2413 675 2480; x_wconf 68' lang='grc' dir='ltr'>Θρότητος.</span> <span class='ocrx_word' id='word_1_342' title='bbox 695 2441 767 2452; x_wconf 90' lang='lat'><em>--</em></span> <span class='ocrx_word' id='word_1_343' title='bbox 792 2411 1055 2479; x_wconf 75' lang='grc' dir='ltr'>Πότερον</span> <span class='ocrx_word' id='word_1_344' title='bbox 1082 2413 1119 2478; x_wconf 78' lang='grc' dir='ltr'>ἡ</span> <span class='ocrx_word' id='word_1_345' title='bbox 1161 2415 1368 2478; x_wconf 79' lang='grc' dir='ltr'>θεότης</span> <span class='ocrx_word' id='word_1_346' title='bbox 1398 2412 1492 2465; x_wconf 74' lang='grc' dir='ltr'>καὶ</span> <span class='ocrx_word' id='word_1_347' title='bbox 1537 2412 1602 2463; x_wconf 83' lang='grc' dir='ltr'>τὸ</span> <span class='ocrx_word' id='word_1_348' title='bbox 1631 2413 1770 2478; x_wconf 79' lang='grc' dir='ltr'><strong>Θεὸς</strong></span> 
     </span>
    </p>
   </div>
   <div class='ocr_carea' id='block_1_39' title="bbox 1875 2411 3452 2482">
    <p class='ocr_par' dir='ltr' id='par_1_39' title="bbox 1875 2411 3452 2468">
     <span class='ocr_line' id='line_1_39' title="bbox 1875 2411 3452 2468; baseline -0.004 0"><span class='ocrx_word' id='word_1_349' title='bbox 1875 2413 1949 2468; x_wconf 79' lang='lat' dir='ltr'><strong>De</strong></span> <span class='ocrx_word' id='word_1_350' title='bbox 1988 2414 2298 2468; x_wconf 82' lang='lat' dir='ltr'><strong>Divinitate.</strong></span> <span class='ocrx_word' id='word_1_351' title='bbox 2349 2443 2414 2453; x_wconf 84' lang='lat'><strong>—-</strong></span> <span class='ocrx_word' id='word_1_352' title='bbox 2449 2413 2531 2464; x_wconf 84' lang='lat' dir='ltr'><strong>An</strong></span> <span class='ocrx_word' id='word_1_353' title='bbox 2581 2411 2842 2465; x_wconf 81' lang='lat' dir='ltr'><strong>Divinitas</strong></span> <span class='ocrx_word' id='word_1_354' title='bbox 2889 2421 2938 2465; x_wconf 86' lang='lat' dir='ltr'><strong>et</strong></span> <span class='ocrx_word' id='word_1_355' title='bbox 2979 2411 3160 2465; x_wconf 78' lang='lat' dir='ltr'><strong>Deitas</strong></span> <span class='ocrx_word' id='word_1_356' title='bbox 3195 2423 3270 2465; x_wconf 68' lang='lat' dir='ltr'><strong>est</strong></span> <span class='ocrx_word' id='word_1_357' title='bbox 3313 2413 3452 2467; x_wconf 77' lang='lat' dir='ltr'><strong>idem</strong></span> 
     </span>
    </p>
   </div>
   <div class='ocr_carea' id='block_1_40' title="bbox 263 2482 1770 2551">
    <p class='ocr_par' dir='ltr' id='par_1_40' title="bbox 263 2482 1770 2551">
     <span class='ocr_line' id='line_1_40' title="bbox 263 2482 1770 2551; baseline -0.003 -13"><span class='ocrx_word' id='word_1_358' title='bbox 263 2488 488 2538; x_wconf 73' lang='grc' dir='ltr'>ταυτόν</span> <span class='ocrx_word' id='word_1_359' title='bbox 519 2487 713 2546; x_wconf 80' lang='grc' dir='ltr'>ἐστιν,</span> <span class='ocrx_word' id='word_1_360' title='bbox 755 2483 794 2550; x_wconf 75' lang='grc' dir='ltr'>ἢ</span> <span class='ocrx_word' id='word_1_361' title='bbox 827 2482 1032 2551; x_wconf 78' lang='grc' dir='ltr'>ἕτερον</span> <span class='ocrx_word' id='word_1_362' title='bbox 1059 2499 1076 2546; x_wconf 90' lang='grc'><em>;</em></span> <span class='ocrx_word' id='word_1_363' title='bbox 1100 2484 1167 2535; x_wconf 77' lang='lat' dir='ltr'><strong>Et</strong></span> <span class='ocrx_word' id='word_1_364' title='bbox 1188 2483 1305 2550; x_wconf 80' lang='grc' dir='ltr'><strong>μὲν</strong></span> <span class='ocrx_word' id='word_1_365' title='bbox 1329 2487 1438 2550; x_wconf 81' lang='grc' dir='ltr'><strong>τὰρ</strong></span> <span class='ocrx_word' id='word_1_366' title='bbox 1463 2483 1688 2549; x_wconf 70' lang='grc' dir='ltr'>ἕτερον,</span> <span class='ocrx_word' id='word_1_367' title='bbox 1719 2486 1770 2534; x_wconf 74' lang='grc' dir='ltr'><strong>τί</strong></span> 
     </span>
    </p>
   </div>
   <div class='ocr_carea' id='block_1_41' title="bbox 1875 2482 3453 2551">
    <p class='ocr_par' dir='ltr' id='par_1_41' title="bbox 1948 2482 3453 2551">
     <span class='ocr_line' id='line_1_41' title="bbox 1948 2482 3453 2551; baseline -0.001 -15"><span class='ocrx_word' id='word_1_368' title='bbox 1948 2502 2019 2536; x_wconf 89' lang='lat' dir='ltr'><strong>an</strong></span> <span class='ocrx_word' id='word_1_369' title='bbox 2045 2487 2355 2538; x_wconf 72' lang='lat' dir='ltr'><strong>diversum?</strong></span> <span class='ocrx_word' id='word_1_370' title='bbox 2401 2482 2461 2536; x_wconf 88' lang='lat' dir='ltr'><strong>Si</strong></span> <span class='ocrx_word' id='word_1_371' title='bbox 2497 2484 2633 2535; x_wconf 72' lang='lat' dir='ltr'><strong>etaim</strong></span> <span class='ocrx_word' id='word_1_372' title='bbox 2662 2484 2955 2546; x_wconf 76' lang='lat' dir='ltr'><strong>diversum,</strong></span> <span class='ocrx_word' id='word_1_373' title='bbox 2996 2484 3120 2551; x_wconf 82' lang='lat' dir='ltr'><strong>quid</strong></span> <span class='ocrx_word' id='word_1_374' title='bbox 3158 2493 3234 2536; x_wconf 81' lang='lat' dir='ltr'><strong>est</strong></span> <span class='ocrx_word' id='word_1_375' title='bbox 3276 2485 3372 2537; x_wconf 79' lang='lat' dir='ltr'><strong>hoc</strong></span> <span class='ocrx_word' id='word_1_376' title='bbox 3405 2495 3453 2536; x_wconf 80' lang='lat' dir='ltr'><strong>et</strong></span> 
     </span>
    </p>
   </div>
   <div class='ocr_carea' id='block_1_42' title="bbox 261 2552 1770 2623">
    <p class='ocr_par' dir='ltr' id='par_1_42' title="bbox 261 2552 1770 2623">
     <span class='ocr_line' id='line_1_42' title="bbox 261 2552 1770 2623; baseline -0.002 -16"><span class='ocrx_word' id='word_1_377' title='bbox 261 2554 481 2616; x_wconf 84' lang='grc' dir='ltr'>τοῦτο;</span> <span class='ocrx_word' id='word_1_378' title='bbox 519 2554 619 2606; x_wconf 80' lang='grc' dir='ltr'>καὶ</span> <span class='ocrx_word' id='word_1_379' title='bbox 645 2557 702 2606; x_wconf 82' lang='grc' dir='ltr'><strong>τί</strong></span> <span class='ocrx_word' id='word_1_380' title='bbox 723 2555 883 2620; x_wconf 77' lang='grc' dir='ltr'>παρὰ</span> <span class='ocrx_word' id='word_1_381' title='bbox 923 2553 1030 2604; x_wconf 83' lang='grc' dir='ltr'><strong>τὸν</strong></span> <span class='ocrx_word' id='word_1_382' title='bbox 1059 2554 1209 2623; x_wconf 70' lang='grc' dir='ltr'><strong>Θεὸν</strong></span> <span class='ocrx_word' id='word_1_383' title='bbox 1251 2554 1290 2619; x_wconf 84' lang='grc' dir='ltr'><em>ἠ</em></span> <span class='ocrx_word' id='word_1_384' title='bbox 1333 2552 1541 2623; x_wconf 73' lang='grc' dir='ltr'>θεότης</span> <span class='ocrx_word' id='word_1_385' title='bbox 1562 2569 1583 2618; x_wconf 87' lang='grc'><em>;</em></span> <span class='ocrx_word' id='word_1_386' title='bbox 1621 2555 1674 2604; x_wconf 83' lang='grc' dir='ltr'>εὶ</span> <span class='ocrx_word' id='word_1_387' title='bbox 1713 2552 1770 2623; x_wconf 75' lang='grc' dir='ltr'><strong>δὲ</strong></span> 
     </span>
    </p>
   </div>
   <div class='ocr_carea' id='block_1_43' title="bbox 1875 2552 3452 2623">
    <p class='ocr_par' dir='ltr' id='par_1_43' title="bbox 1947 2553 3452 2623">
     <span class='ocr_line' id='line_1_43' title="bbox 1947 2553 3452 2623; baseline 0.002 -17"><span class='ocrx_word' id='word_1_388' title='bbox 1947 2557 2073 2623; x_wconf 83' lang='lat' dir='ltr'><strong>quid</strong></span> <span class='ocrx_word' id='word_1_389' title='bbox 2122 2565 2314 2608; x_wconf 75' lang='lat' dir='ltr'><strong>orwter</strong></span> <span class='ocrx_word' id='word_1_390' title='bbox 2357 2553 2524 2607; x_wconf 74' lang='lat' dir='ltr'><strong>Deum</strong></span> <span class='ocrx_word' id='word_1_391' title='bbox 2561 2562 2636 2606; x_wconf 73' lang='lat' dir='ltr'><strong>est</strong></span> <span class='ocrx_word' id='word_1_392' title='bbox 2681 2553 2986 2606; x_wconf 77' lang='lat' dir='ltr'><strong>Divinitas?</strong></span> <span class='ocrx_word' id='word_1_393' title='bbox 3025 2553 3084 2606; x_wconf 89' lang='lat' dir='ltr'><strong>Si</strong></span> <span class='ocrx_word' id='word_1_394' title='bbox 3127 2569 3245 2606; x_wconf 83' lang='lat' dir='ltr'><strong>vero</strong></span> <span class='ocrx_word' id='word_1_395' title='bbox 3279 2556 3415 2606; x_wconf 77' lang='lat' dir='ltr'><strong>idem</strong></span> <span class='ocrx_word' id='word_1_396' title='bbox 3439 2595 3452 2610; x_wconf 94' lang='lat'><strong>.</strong></span> 
     </span>
    </p>
   </div>
   <div class='ocr_carea' id='block_1_44' title="bbox 263 2621 1770 2694">
    <p class='ocr_par' dir='ltr' id='par_1_44' title="bbox 263 2621 1770 2694">
     <span class='ocr_line' id='line_1_44' title="bbox 263 2621 1770 2694; baseline -0.004 -15"><span class='ocrx_word' id='word_1_397' title='bbox 263 2625 506 2686; x_wconf 73' lang='grc' dir='ltr'>ταυτὸν,</span> <span class='ocrx_word' id='word_1_398' title='bbox 540 2625 673 2676; x_wconf 77' lang='grc' dir='ltr'><strong>ἔστι</strong></span> <span class='ocrx_word' id='word_1_399' title='bbox 711 2623 778 2694; x_wconf 80' lang='grc' dir='ltr'><strong>δὲ</strong></span> <span class='ocrx_word' id='word_1_400' title='bbox 803 2623 1032 2694; x_wconf 81' lang='grc' dir='ltr'><strong>ἑκάστη</strong></span> <span class='ocrx_word' id='word_1_401' title='bbox 1056 2621 1177 2694; x_wconf 56' lang='grc' dir='ltr'><strong>ζῶν</strong></span> <span class='ocrx_word' id='word_1_402' title='bbox 1216 2622 1624 2694; x_wconf 18' lang='grc' dir='ltr'>-ὺποσμτάσεων</span> <span class='ocrx_word' id='word_1_403' title='bbox 1663 2622 1770 2676; x_wconf 74' lang='grc' dir='ltr'>τῶν</span> 
     </span>
    </p>
   </div>
   <div class='ocr_carea' id='block_1_45' title="bbox 1875 2621 3456 2694">
    <p class='ocr_par' dir='ltr' id='par_1_45' title="bbox 1949 2621 3456 2694">
     <span class='ocr_line' id='line_1_45' title="bbox 1949 2621 3456 2694; baseline 0 -18"><span class='ocrx_word' id='word_1_404' title='bbox 1949 2621 2066 2677; x_wconf 74' lang='lat' dir='ltr'><strong>cum</strong></span> <span class='ocrx_word' id='word_1_405' title='bbox 2109 2625 2353 2694; x_wconf 64' lang='lat' dir='ltr'><strong>quaslibet</strong></span> <span class='ocrx_word' id='word_1_406' title='bbox 2407 2625 2570 2676; x_wconf 85' lang='lat' dir='ltr'><strong>trium</strong></span> <span class='ocrx_word' id='word_1_407' title='bbox 2609 2639 2956 2692; x_wconf 85' lang='lat' dir='ltr'><strong>personarum</strong></span> <span class='ocrx_word' id='word_1_408' title='bbox 3005 2624 3141 2677; x_wconf 80' lang='lat' dir='ltr'><strong>Deus</strong></span> <span class='ocrx_word' id='word_1_409' title='bbox 3175 2627 3282 2688; x_wconf 80' lang='lat' dir='ltr'><strong>sit,</strong></span> <span class='ocrx_word' id='word_1_410' title='bbox 3333 2635 3456 2677; x_wconf 83' lang='lat' dir='ltr'><strong>tunc</strong></span> 
     </span>
    </p>
   </div>
   <div class='ocr_carea' id='block_1_46' title="bbox 260 2692 1770 2764">
    <p class='ocr_par' dir='ltr' id='par_1_46' title="bbox 260 2692 1427 2763">
     <span class='ocr_line' id='line_1_46' title="bbox 260 2692 1427 2763; baseline -0.001 -16"><span class='ocrx_word' id='word_1_411' title='bbox 260 2694 444 2761; x_wconf 75' lang='grc' dir='ltr'>τριῶν</span> <span class='ocrx_word' id='word_1_412' title='bbox 473 2696 636 2760; x_wconf 81' lang='grc' dir='ltr'>Θεὸς,</span> <span class='ocrx_word' id='word_1_413' title='bbox 667 2693 764 2746; x_wconf 79' lang='grc' dir='ltr'>καὶ</span> <span class='ocrx_word' id='word_1_414' title='bbox 794 2693 1015 2758; x_wconf 80' lang='grc' dir='ltr'>Θεότης</span> <span class='ocrx_word' id='word_1_415' title='bbox 1038 2692 1150 2758; x_wconf 74' lang='grc' dir='ltr'><strong>ἄρα</strong></span> <span class='ocrx_word' id='word_1_416' title='bbox 1185 2692 1274 2761; x_wconf 80' lang='lat'>(88</span> <span class='ocrx_word' id='word_1_417' title='bbox 1309 2692 1427 2763; x_wconf 84' lang='lat' dir='ltr'><strong>ter).</strong></span> 
     </span>
    </p>
   </div>
   <div class='ocr_carea' id='block_1_47' title="bbox 1875 2692 3086 2764">
    <p class='ocr_par' dir='ltr' id='par_1_47' title="bbox 1954 2692 3086 2764">
     <span class='ocr_line' id='line_1_47' title="bbox 1954 2692 3086 2764; baseline 0 -17"><span class='ocrx_word' id='word_1_418' title='bbox 1954 2692 2216 2748; x_wconf 79' lang='lat' dir='ltr'><strong>Divinilas</strong></span> <span class='ocrx_word' id='word_1_419' title='bbox 2253 2711 2454 2764; x_wconf 85' lang='lat' dir='ltr'><strong>quoque</strong></span> <span class='ocrx_word' id='word_1_420' title='bbox 2487 2695 2584 2746; x_wconf 83' lang='lat' dir='ltr'><strong>erit</strong></span> <span class='ocrx_word' id='word_1_421' title='bbox 2618 2695 2810 2761; x_wconf 78' lang='lat' dir='ltr'><strong>qua&#39;t‘is</strong></span> <span class='ocrx_word' id='word_1_422' title='bbox 2842 2709 3086 2761; x_wconf 69' lang='lat' dir='ltr'><strong>persona.</strong></span> 
     </span>
    </p>
   </div>
   <div class='ocr_carea' id='block_1_48' title="bbox 896 2785 2754 2859">
    <p class='ocr_par' dir='ltr' id='par_1_48' title="bbox 896 2785 2754 2859">
     <span class='ocr_line' id='line_1_48' title="bbox 896 2785 2754 2859; baseline 0 -19"><span class='ocrx_word' id='word_1_423' title='bbox 896 2785 1228 2853; x_wconf 69' lang='grc' dir='ltr'><strong>ρυΑεδΤιυ</strong></span> <span class='ocrx_word' id='word_1_424' title='bbox 1282 2785 1568 2841; x_wconf 89' lang='lat' dir='ltr'><strong>CCXXXI.</strong></span> <span class='ocrx_word' id='word_1_425' title='bbox 1621 2785 1834 2858; x_wconf 82' lang='lat' dir='ltr'><strong>[Coisl.</strong></span> <span class='ocrx_word' id='word_1_426' title='bbox 1890 2788 2056 2842; x_wconf 85' lang='lat' dir='ltr'><strong>Taur.</strong></span> <span class='ocrx_word' id='word_1_427' title='bbox 2112 2786 2351 2840; x_wconf 84' lang='lat' dir='ltr'><strong>LXXIX.</strong></span> <span class='ocrx_word' id='word_1_428' title='bbox 2385 2786 2754 2859; x_wconf 84' lang='lat' dir='ltr'><strong>]—-Inedita.</strong></span> 
     </span>
    </p>
   </div>
   <div class='ocr_carea' id='block_1_49' title="bbox 243 2878 1770 2949">
    <p class='ocr_par' dir='ltr' id='par_1_49' title="bbox 243 2878 1736 2949">
     <span class='ocr_line' id='line_1_49' title="bbox 243 2878 1736 2949; baseline -0.003 -13"><span class='ocrx_word' id='word_1_429' title='bbox 243 2883 512 2949; x_wconf 78' lang='grc' dir='ltr'>Πότερον</span> <span class='ocrx_word' id='word_1_430' title='bbox 555 2881 588 2931; x_wconf 85' lang='grc' dir='ltr'><em>ὀ</em></span> <span class='ocrx_word' id='word_1_431' title='bbox 637 2878 891 2946; x_wconf 83' lang='grc' dir='ltr'>Χριστὸς</span> <span class='ocrx_word' id='word_1_432' title='bbox 962 2881 1070 2932; x_wconf 82' lang='grc' dir='ltr'>τόν</span> <span class='ocrx_word' id='word_1_433' title='bbox 1114 2881 1378 2932; x_wconf 72' lang='grc' dir='ltr'>καθόλου</span> <span class='ocrx_word' id='word_1_434' title='bbox 1421 2878 1736 2947; x_wconf 75' lang='grc' dir='ltr'>ἄνθρωπον</span> 
     </span>
    </p>
   </div>
   <div class='ocr_carea' id='block_1_50' title="bbox 1875 2878 3455 2949">
    <p class='ocr_par' dir='ltr' id='par_1_50' title="bbox 1889 2878 3455 2948">
     <span class='ocr_line' id='line_1_50' title="bbox 1889 2878 3455 2948; baseline -0.003 -13"><span class='ocrx_word' id='word_1_435' title='bbox 1889 2880 2076 2935; x_wconf 85' lang='lat' dir='ltr'><strong>Utrum</strong></span> <span class='ocrx_word' id='word_1_436' title='bbox 2124 2881 2365 2934; x_wconf 75' lang='lat' dir='ltr'><strong>Christus</strong></span> <span class='ocrx_word' id='word_1_437' title='bbox 2408 2881 2670 2932; x_wconf 83' lang='lat' dir='ltr'><strong>hominem</strong></span> <span class='ocrx_word' id='word_1_438' title='bbox 2715 2878 3455 2948; x_wconf 76' lang='lat' dir='ltr'><strong>assumpserituniuersalem,</strong></span> 
     </span>
    </p>
   </div>
   <div class='ocr_carea' id='block_1_51' title="bbox 511 2949 1770 3018">
    <p class='ocr_par' dir='ltr' id='par_1_51' title="bbox 511 2949 1462 3018">
     <span class='ocr_line' id='line_1_51' title="bbox 511 2949 1462 3018; baseline 0 -15"><span class='ocrx_word' id='word_1_439' title='bbox 511 2949 842 3003; x_wconf 75' lang='grc' dir='ltr'>ἀνελάϐετο</span> <span class='ocrx_word' id='word_1_440' title='bbox 871 2950 909 3016; x_wconf 80' lang='grc' dir='ltr'><em>ἢ</em></span> <span class='ocrx_word' id='word_1_441' title='bbox 941 2950 1046 3002; x_wconf 74' lang='grc' dir='ltr'><strong>τὸν</strong></span> <span class='ocrx_word' id='word_1_442' title='bbox 1071 2949 1169 3002; x_wconf 78' lang='grc' dir='ltr'><strong>ἐπὶ</strong></span> <span class='ocrx_word' id='word_1_443' title='bbox 1202 2949 1462 3018; x_wconf 82' lang='grc' dir='ltr'>μέρους;</span> 
     </span>
    </p>
   </div>
   <div class='ocr_carea' id='block_1_52' title="bbox 1875 2949 2998 3018">
    <p class='ocr_par' dir='ltr' id='par_1_52' title="bbox 2340 2950 2998 3016">
     <span class='ocr_line' id='line_1_52' title="bbox 2340 2950 2998 3016; baseline -0.002 -13"><span class='ocrx_word' id='word_1_444' title='bbox 2340 2967 2408 3003; x_wconf 87' lang='lat' dir='ltr'><strong>an</strong></span> <span class='ocrx_word' id='word_1_445' title='bbox 2447 2966 2564 3002; x_wconf 84' lang='lat' dir='ltr'><strong>rero</strong></span> <span class='ocrx_word' id='word_1_446' title='bbox 2600 2950 2998 3016; x_wconf 84' lang='lat' dir='ltr'><strong>particularem.</strong></span> 
     </span>
    </p>
   </div>
   <div class='ocr_carea' id='block_1_53' title="bbox 264 3038 1770 3112">
    <p class='ocr_par' dir='ltr' id='par_1_53' title="bbox 264 3039 1770 3112">
     <span class='ocr_line' id='line_1_53' title="bbox 264 3039 1770 3112; baseline -0.001 -17"><span class='ocrx_word' id='word_1_447' title='bbox 264 3042 455 3112; x_wconf 80' lang='grc' dir='ltr'>Φαμὲν</span> <span class='ocrx_word' id='word_1_448' title='bbox 482 3039 606 3094; x_wconf 74' lang='grc' dir='ltr'>οὔτε</span> <span class='ocrx_word' id='word_1_449' title='bbox 649 3041 740 3094; x_wconf 82' lang='grc' dir='ltr'><strong>τὸν</strong></span> <span class='ocrx_word' id='word_1_450' title='bbox 770 3041 1001 3094; x_wconf 82' lang='grc' dir='ltr'><strong>καθόλου</strong></span> <span class='ocrx_word' id='word_1_451' title='bbox 1053 3041 1345 3110; x_wconf 79' lang='grc' dir='ltr'>ἄνθρωπον</span> <span class='ocrx_word' id='word_1_452' title='bbox 1377 3041 1502 3094; x_wconf 74' lang='grc' dir='ltr'>οὗτε</span> <span class='ocrx_word' id='word_1_453' title='bbox 1551 3041 1644 3094; x_wconf 80' lang='grc' dir='ltr'><strong>τὸν</strong></span> <span class='ocrx_word' id='word_1_454' title='bbox 1685 3041 1770 3094; x_wconf 66' lang='grc' dir='ltr'><strong>ἐπὶ</strong></span> 
     </span>
    </p>
   </div>
   <div class='ocr_carea' id='block_1_54' title="bbox 1875 3038 3457 3112">
    <p class='ocr_par' dir='ltr' id='par_1_54' title="bbox 1956 3038 3457 3109">
     <span class='ocr_line' id='line_1_54' title="bbox 1956 3038 3457 3109; baseline 0 -17"><span class='ocrx_word' id='word_1_455' title='bbox 1956 3038 2204 3095; x_wconf 86' lang='lat' dir='ltr'><strong>Dicimus</strong></span> <span class='ocrx_word' id='word_1_456' title='bbox 2232 3082 2246 3106; x_wconf 88' lang='lat'><strong>,</strong></span> <span class='ocrx_word' id='word_1_457' title='bbox 2294 3055 2470 3109; x_wconf 84' lang='lat' dir='ltr'><strong>neque</strong></span> <span class='ocrx_word' id='word_1_458' title='bbox 2526 3038 2886 3092; x_wconf 80' lang='lat' dir='ltr'><strong>universalem</strong></span> <span class='ocrx_word' id='word_1_459' title='bbox 2935 3052 3114 3108; x_wconf 90' lang='lat' dir='ltr'><strong>neque</strong></span> <span class='ocrx_word' id='word_1_460' title='bbox 3160 3039 3457 3108; x_wconf 82' lang='lat' dir='ltr'><strong>particula-</strong></span> 
     </span>
    </p>
   </div>
   <div class='ocr_carea' id='block_1_55' title="bbox 408 3151 2094 3192">
    <p class='ocr_par' dir='ltr' id='par_1_55' title="bbox 408 3151 2094 3192">
     <span class='ocr_line' id='line_1_55' title="bbox 408 3151 2094 3192; baseline -0.002 -2"><span class='ocrx_word' id='word_1_461' title='bbox 408 3174 496 3192; x_wconf 73' lang='grc' dir='ltr'><strong>ο...</strong></span> <span class='ocrx_word' id='word_1_462' title='bbox 729 3162 736 3166; x_wconf 90' lang='grc'>·</span> <span class='ocrx_word' id='word_1_463' title='bbox 1887 3151 2094 3187; x_wconf 89' lang='lat' dir='ltr'><strong>rcm....</strong></span> 
     </span>
    </p>
   </div>
   <div class='ocr_carea' id='block_1_56' title="bbox 191 3137 1770 3298">
    <p class='ocr_par' dir='ltr' id='par_1_56' title="bbox 191 3137 1254 3280">
     <span class='ocr_line' id='line_1_56' title="bbox 191 3137 736 3209; baseline 0.004 -20"><span class='ocrx_word' id='word_1_464' title='bbox 191 3137 496 3209; x_wconf 53' lang='grc' dir='ltr'>μέρους...</span> <span class='ocrx_word' id='word_1_465' title='bbox 729 3162 736 3166; x_wconf 94' lang='grc'>·</span> 
     </span>
     <span class='ocr_line' id='line_1_57' title="bbox 722 3226 1254 3280; baseline 0 0"><span class='ocrx_word' id='word_1_466' title='bbox 722 3227 1057 3280; x_wconf 84' lang='grc' dir='ltr'><strong>ΕΡΩΤΗΣΙΣ</strong></span> <span class='ocrx_word' id='word_1_467' title='bbox 1088 3226 1254 3280; x_wconf 85' lang='grc' dir='ltr'><strong>ΣΛΒ’.</strong></span> 
     </span>
    </p>
   </div>
   <div class='ocr_carea' id='block_1_57' title="bbox 1875 3137 3455 3298">
    <p class='ocr_par' dir='ltr' id='par_1_57' title="bbox 1875 3149 3455 3298">
     <span class='ocr_line' id='line_1_58' title="bbox 1950 3151 2094 3186; baseline 0.014 -2"><span class='ocrx_word' id='word_1_468' title='bbox 1950 3151 2094 3186; x_wconf 84' lang='grc' dir='ltr'>ιιι....</span> 
     </span>
     <span class='ocr_line' id='line_1_59' title="bbox 1875 3149 3455 3298; baseline -0.003 -15"><span class='ocrx_word' id='word_1_469' title='bbox 1875 3149 2193 3294; x_wconf 60' lang='grc' dir='ltr'><strong>[ΞῗΙΑῑδτιο</strong></span> <span class='ocrx_word' id='word_1_470' title='bbox 2227 3225 2511 3282; x_wconf 76' lang='lat' dir='ltr'><strong>CCXXXII</strong></span> <span class='ocrx_word' id='word_1_471' title='bbox 2552 3225 2752 3298; x_wconf 64' lang='lat' dir='ltr'><strong>[Wolﬁ</strong></span> <span class='ocrx_word' id='word_1_472' title='bbox 2799 3223 3038 3281; x_wconf 82' lang='lat' dir='ltr'><strong>LXXXI.</strong></span> <span class='ocrx_word' id='word_1_473' title='bbox 3081 3225 3246 3279; x_wconf 68' lang='grc' dir='ltr'><strong>(ἐρέει.</strong></span> <span class='ocrx_word' id='word_1_474' title='bbox 3291 3225 3455 3280; x_wconf 82' lang='lat' dir='ltr'><strong>Taur.</strong></span> 
     </span>
    </p>
   </div>
   <div class='ocr_carea' id='block_1_58' title="bbox 2540 3316 2782 3388">
    <p class='ocr_par' dir='ltr' id='par_1_58' title="bbox 2540 3316 2782 3388">
     <span class='ocr_line' id='line_1_60' title="bbox 2540 3316 2782 3388; baseline 0.008 -17"><span class='ocrx_word' id='word_1_475' title='bbox 2540 3316 2782 3388; x_wconf 63' lang='lat' dir='ltr'><strong>LXXXL</strong></span> 
     </span>
    </p>
   </div>
   <div class='ocr_carea' id='block_1_59' title="bbox 194 3404 1770 3480">
    <p class='ocr_par' dir='ltr' id='par_1_59' title="bbox 194 3404 1770 3480">
     <span class='ocr_line' id='line_1_61' title="bbox 194 3404 1770 3480; baseline -0.003 -12"><span class='ocrx_word' id='word_1_476' title='bbox 194 3415 262 3468; x_wconf 79' lang='grc' dir='ltr'>Τί</span> <span class='ocrx_word' id='word_1_477' title='bbox 288 3413 425 3466; x_wconf 75' lang='grc' dir='ltr'>ἐστι</span> <span class='ocrx_word' id='word_1_478' title='bbox 461 3410 596 3480; x_wconf 84' lang='grc'>(89),</span> <span class='ocrx_word' id='word_1_479' title='bbox 634 3429 650 3460; x_wconf 77' lang='grc' dir='ltr'><strong>ι</strong></span> <span class='ocrx_word' id='word_1_480' title='bbox 695 3409 877 3477; x_wconf 81' lang='grc' dir='ltr'>’Υπὲρ</span> <span class='ocrx_word' id='word_1_481' title='bbox 919 3409 1178 3478; x_wconf 83' lang='grc' dir='ltr'><strong>Χριστοῦ</strong></span> <span class='ocrx_word' id='word_1_482' title='bbox 1206 3404 1321 3462; x_wconf 73' lang='grc' dir='ltr'><strong>οὖν</strong></span> <span class='ocrx_word' id='word_1_483' title='bbox 1344 3410 1770 3477; x_wconf 78' lang='grc' dir='ltr'>πρεσϐεύομεν,</span> 
     </span>
    </p>
   </div>
   <div class='ocr_carea' id='block_1_60' title="bbox 1875 3404 3461 3480">
    <p class='ocr_par' dir='ltr' id='par_1_60' title="bbox 1878 3409 3461 3480">
     <span class='ocr_line' id='line_1_62' title="bbox 1878 3409 3461 3480; baseline -0.003 -16"><span class='ocrx_word' id='word_1_484' title='bbox 1878 3410 2018 3476; x_wconf 81' lang='lat' dir='ltr'><strong>Quid</strong></span> <span class='ocrx_word' id='word_1_485' title='bbox 2045 3411 2146 3464; x_wconf 81' lang='lat' dir='ltr'><strong>sibi</strong></span> <span class='ocrx_word' id='word_1_486' title='bbox 2181 3411 2291 3463; x_wconf 84' lang='lat' dir='ltr'><strong>vult</strong></span> <span class='ocrx_word' id='word_1_487' title='bbox 2321 3410 2460 3463; x_wconf 82' lang='lat' dir='ltr'><strong>illud</strong></span> <span class='ocrx_word' id='word_1_488' title='bbox 2485 3424 2503 3460; x_wconf 91' lang='lat'><em>:</em></span> <span class='ocrx_word' id='word_1_489' title='bbox 2529 3429 2547 3460; x_wconf 72' lang='lat' dir='ltr'><strong>c</strong></span> <span class='ocrx_word' id='word_1_490' title='bbox 2594 3409 2698 3462; x_wconf 86' lang='lat' dir='ltr'><strong>Pro</strong></span> <span class='ocrx_word' id='word_1_491' title='bbox 2737 3409 2950 3464; x_wconf 71' lang='lat' dir='ltr'><strong>Christo</strong></span> <span class='ocrx_word' id='word_1_492' title='bbox 3000 3409 3167 3480; x_wconf 80' lang='lat' dir='ltr'><strong>igitur</strong></span> <span class='ocrx_word' id='word_1_493' title='bbox 3202 3409 3461 3479; x_wconf 85' lang='lat' dir='ltr'><strong>legatione</strong></span> 
     </span>
    </p>
   </div>
   <div class='ocr_carea' id='block_1_61' title="bbox 263 3479 1770 3550">
    <p class='ocr_par' dir='ltr' id='par_1_61' title="bbox 263 3479 1770 3549">
     <span class='ocr_line' id='line_1_63' title="bbox 263 3479 1770 3549; baseline -0.003 -12"><span class='ocrx_word' id='word_1_494' title='bbox 263 3486 347 3549; x_wconf 80' lang='grc' dir='ltr'>ὡς</span> <span class='ocrx_word' id='word_1_495' title='bbox 366 3483 470 3536; x_wconf 85' lang='grc' dir='ltr'><strong>τοῦ</strong></span> <span class='ocrx_word' id='word_1_496' title='bbox 496 3479 642 3535; x_wconf 77' lang='grc' dir='ltr'>Θεοῦ</span> <span class='ocrx_word' id='word_1_497' title='bbox 665 3481 1166 3548; x_wconf 72' lang='grc' dir='ltr'>παρακαλοῦντος</span> <span class='ocrx_word' id='word_1_498' title='bbox 1177 3479 1250 3532; x_wconf 82' lang='grc' dir='ltr'><strong>δι’</strong></span> <span class='ocrx_word' id='word_1_499' title='bbox 1276 3481 1465 3547; x_wconf 70' lang='grc' dir='ltr'>ἡμῶν,</span> <span class='ocrx_word' id='word_1_500' title='bbox 1488 3481 1770 3535; x_wconf 56' lang='lat' dir='ltr'><strong>immixti-</strong></span> 
     </span>
    </p>
   </div>
   <div class='ocr_carea' id='block_1_62' title="bbox 1875 3479 3462 3550">
    <p class='ocr_par' dir='ltr' id='par_1_62' title="bbox 1952 3480 3462 3550">
     <span class='ocr_line' id='line_1_64' title="bbox 1952 3480 3462 3550; baseline -0.001 -17"><span class='ocrx_word' id='word_1_501' title='bbox 1952 3483 2244 3550; x_wconf 78' lang='lat' dir='ltr'><strong>fungimur.</strong></span> <span class='ocrx_word' id='word_1_502' title='bbox 2272 3490 2525 3550; x_wconf 83' lang='lat' dir='ltr'><strong>tanquam</strong></span> <span class='ocrx_word' id='word_1_503' title='bbox 2543 3480 2651 3534; x_wconf 88' lang='lat' dir='ltr'><strong>Deo</strong></span> <span class='ocrx_word' id='word_1_504' title='bbox 2669 3481 2983 3533; x_wconf 84' lang='lat' dir='ltr'><strong>adhortante</strong></span> <span class='ocrx_word' id='word_1_505' title='bbox 3012 3491 3215 3548; x_wconf 74' lang='lat' dir='ltr'><strong>peritos</strong></span> <span class='ocrx_word' id='word_1_506' title='bbox 3238 3495 3256 3533; x_wconf 90' lang='lat'><strong><em>:</em></strong></span> <span class='ocrx_word' id='word_1_507' title='bbox 3286 3497 3462 3533; x_wconf 61' lang='lat' dir='ltr'><strong>reconc</strong></span> 
     </span>
    </p>
   </div>
   <div class='ocr_carea' id='block_1_63' title="bbox 263 3551 1770 3624">
    <p class='ocr_par' dir='ltr' id='par_1_63' title="bbox 263 3551 957 3624">
     <span class='ocr_line' id='line_1_65' title="bbox 263 3551 957 3624; baseline -0.006 -18"><span class='ocrx_word' id='word_1_508' title='bbox 263 3570 407 3624; x_wconf 75' lang='grc' dir='ltr'>γητε</span> <span class='ocrx_word' id='word_1_509' title='bbox 428 3551 507 3617; x_wconf 82' lang='grc' dir='ltr'><strong>τῷ</strong></span> <span class='ocrx_word' id='word_1_510' title='bbox 544 3554 726 3614; x_wconf 73' lang='lat' dir='ltr'><strong>[turpi</strong></span> <span class='ocrx_word' id='word_1_511' title='bbox 753 3552 863 3620; x_wconf 86' lang='lat'><strong>(90)</strong></span> <span class='ocrx_word' id='word_1_512' title='bbox 887 3552 910 3604; x_wconf 86' lang='lat'><strong>?</strong></span> <span class='ocrx_word' id='word_1_513' title='bbox 939 3570 957 3602; x_wconf 88' lang='grc'><strong>›</strong></span> 
     </span>
    </p>
   </div>
   <div class='ocr_carea' id='block_1_64' title="bbox 1875 3551 2486 3624">
    <p class='ocr_par' dir='ltr' id='par_1_64' title="bbox 1955 3552 2486 3606">
     <span class='ocr_line' id='line_1_66' title="bbox 1955 3552 2486 3606; baseline -0.006 -1"><span class='ocrx_word' id='word_1_514' title='bbox 1955 3554 2211 3606; x_wconf 81' lang='lat' dir='ltr'><strong>ciliamini</strong></span> <span class='ocrx_word' id='word_1_515' title='bbox 2239 3552 2431 3604; x_wconf 79' lang='lat' dir='ltr'><strong>Patri?</strong></span> <span class='ocrx_word' id='word_1_516' title='bbox 2469 3570 2486 3602; x_wconf 75' lang='grc' dir='ltr'><strong>ι</strong></span> 
     </span>
    </p>
   </div>
   <div class='ocr_carea' id='block_1_65' title="bbox 257 3659 3396 3774">
    <p class='ocr_par' dir='ltr' id='par_1_65' title="bbox 257 3659 3396 3774">
     <span class='ocr_line' id='line_1_67' title="bbox 257 3659 3396 3774; baseline 0.001 -62"><span class='ocrx_word' id='word_1_517' title='bbox 257 3661 514 3712; x_wconf 77' lang='lat' dir='ltr'><strong>Editaer</strong></span> <span class='ocrx_word' id='word_1_518' title='bbox 536 3675 565 3710; x_wconf 85' lang='lat' dir='ltr'><strong>a</strong></span> <span class='ocrx_word' id='word_1_519' title='bbox 607 3660 787 3708; x_wconf 78' lang='lat' dir='ltr'><strong>Wolfio</strong></span> <span class='ocrx_word' id='word_1_520' title='bbox 813 3659 1061 3710; x_wconf 84' lang='lat' dir='ltr'><strong>tricesima</strong></span> <span class='ocrx_word' id='word_1_521' title='bbox 1083 3662 1298 3710; x_wconf 84' lang='lat' dir='ltr'><strong>secunda</strong></span> <span class='ocrx_word' id='word_1_522' title='bbox 1339 3662 1479 3725; x_wconf 85' lang='lat' dir='ltr'><strong>(Cur.</strong></span> <span class='ocrx_word' id='word_1_523' title='bbox 1510 3660 1717 3774; x_wconf 40' lang='grc' dir='ltr'><strong>Ἠξἕέίῶ</strong></span> <span class='ocrx_word' id='word_1_524' title='bbox 1733 3663 2027 3774; x_wconf 85' lang='lat' dir='ltr'><strong>p.l</strong></span> <span class='ocrx_word' id='word_1_525' title='bbox 2052 3664 2272 3773; x_wconf 59' lang='lat' dir='ltr'><strong>galland.</strong></span> <span class='ocrx_word' id='word_1_526' title='bbox 2307 3663 2436 3723; x_wconf 80' lang='lat' dir='ltr'><strong>XIII,</strong></span> <span class='ocrx_word' id='word_1_527' title='bbox 2479 3678 2529 3726; x_wconf 92' lang='lat' dir='ltr'><strong>p.</strong></span> <span class='ocrx_word' id='word_1_528' title='bbox 2581 3663 2690 3723; x_wconf 77' lang='lat'><strong>702,</strong></span> <span class='ocrx_word' id='word_1_529' title='bbox 2718 3678 2770 3713; x_wconf 80' lang='grc' dir='ltr'>ο.</span> <span class='ocrx_word' id='word_1_530' title='bbox 2803 3664 2876 3725; x_wconf 79' lang='lat'><strong>5).</strong></span> <span class='ocrx_word' id='word_1_531' title='bbox 2923 3663 3000 3713; x_wconf 90' lang='lat' dir='ltr'><strong>De</strong></span> <span class='ocrx_word' id='word_1_532' title='bbox 3023 3664 3274 3729; x_wconf 74' lang='lat' dir='ltr'><strong>legatione</strong></span> <span class='ocrx_word' id='word_1_533' title='bbox 3306 3679 3396 3727; x_wconf 85' lang='lat' dir='ltr'><strong>pro</strong></span> 
     </span>
    </p>
   </div>
   <div class='ocr_carea' id='block_1_66' title="bbox 1726 3760 2136 3786">
    <p class='ocr_par' dir='ltr' id='par_1_66' title="bbox 1726 3760 2136 3786">
     <span class='ocr_line' id='line_1_68' title="bbox 1726 3760 2136 3786; baseline 0.005 -16"><span class='ocrx_word' id='word_1_534' title='bbox 1726 3760 1736 3770; x_wconf 73' lang='grc' dir='ltr'><strong>ο</strong></span> <span class='ocrx_word' id='word_1_535' title='bbox 1771 3760 1945 3775; x_wconf 72' lang='grc' dir='ltr'><strong>..1,υιο</strong></span> <span class='ocrx_word' id='word_1_536' title='bbox 1984 3760 2022 3786; x_wconf 72' lang='grc'><strong>1,</strong></span> <span class='ocrx_word' id='word_1_537' title='bbox 2057 3760 2136 3773; x_wconf 64' lang='grc' dir='ltr'><strong>αν.</strong></span> 
     </span>
    </p>
   </div>
   <div class='ocr_carea' id='block_1_67' title="bbox 266 3805 1770 3878">
    <p class='ocr_par' dir='ltr' id='par_1_67' title="bbox 266 3805 1770 3878">
     <span class='ocr_line' id='line_1_69' title="bbox 266 3805 1770 3878; baseline 0.007 -21"><span class='ocrx_word' id='word_1_538' title='bbox 266 3807 496 3878; x_wconf 78' lang='grc' dir='ltr'><strong>Εἴρηται</strong></span> <span class='ocrx_word' id='word_1_539' title='bbox 539 3807 600 3859; x_wconf 84' lang='grc' dir='ltr'><strong>τὸ</strong></span> <span class='ocrx_word' id='word_1_540' title='bbox 641 3805 793 3872; x_wconf 82' lang='grc' dir='ltr'><strong>ὑπὲρ</strong></span> <span class='ocrx_word' id='word_1_541' title='bbox 833 3806 1091 3872; x_wconf 78' lang='grc' dir='ltr'><strong>Χριστοῦ</strong></span> <span class='ocrx_word' id='word_1_542' title='bbox 1119 3805 1242 3858; x_wconf 73' lang='grc' dir='ltr'>ἀντὶ</span> <span class='ocrx_word' id='word_1_543' title='bbox 1271 3805 1376 3859; x_wconf 84' lang='grc' dir='ltr'><strong>τοῦ</strong></span> <span class='ocrx_word' id='word_1_544' title='bbox 1397 3806 1675 3874; x_wconf 79' lang='grc' dir='ltr'><strong>Χριστοῦ,</strong></span> <span class='ocrx_word' id='word_1_545' title='bbox 1703 3807 1770 3868; x_wconf 73' lang='grc' dir='ltr'>ὡς</span> 
     </span>
    </p>
   </div>
   <div class='ocr_carea' id='block_1_68' title="bbox 1875 3805 3456 3878">
    <p class='ocr_par' dir='ltr' id='par_1_68' title="bbox 1951 3806 3456 3878">
     <span class='ocr_line' id='line_1_70' title="bbox 1951 3806 3456 3878; baseline 0.002 -19"><span class='ocrx_word' id='word_1_546' title='bbox 1951 3807 2129 3862; x_wconf 88' lang='lat' dir='ltr'><strong>Dictio</strong></span> <span class='ocrx_word' id='word_1_547' title='bbox 2158 3807 2271 3871; x_wconf 89' lang='lat' dir='ltr'><strong>illa,</strong></span> <span class='ocrx_word' id='word_1_548' title='bbox 2304 3807 2445 3878; x_wconf 84' lang='grc' dir='ltr'>ὑπὲρ</span> <span class='ocrx_word' id='word_1_549' title='bbox 2477 3806 2738 3877; x_wconf 80' lang='grc' dir='ltr'><strong>Χριστοῦ,</strong></span> <span class='ocrx_word' id='word_1_550' title='bbox 2770 3807 3044 3876; x_wconf 76' lang='lat' dir='ltr'><strong>signiﬁcat</strong></span> <span class='ocrx_word' id='word_1_551' title='bbox 3089 3807 3202 3860; x_wconf 87' lang='lat' dir='ltr'><strong>loco</strong></span> <span class='ocrx_word' id='word_1_552' title='bbox 3237 3806 3456 3874; x_wconf 72' lang='lat' dir='ltr'><strong>Christi,</strong></span> 
     </span>
    </p>
   </div>
   <div class='ocr_carea' id='block_1_69' title="bbox 187 3897 1770 3969">
    <p class='ocr_par' dir='ltr' id='par_1_69' title="bbox 187 3897 1770 3968">
     <span class='ocr_line' id='line_1_71' title="bbox 187 3897 1770 3968; baseline -0.003 -14"><span class='ocrx_word' id='word_1_553' title='bbox 187 3901 305 3954; x_wconf 80' lang='grc' dir='ltr'><strong>τῶν</strong></span> <span class='ocrx_word' id='word_1_554' title='bbox 351 3898 610 3968; x_wconf 82' lang='grc' dir='ltr'><strong>μαθητῶν</strong></span> <span class='ocrx_word' id='word_1_555' title='bbox 663 3898 787 3949; x_wconf 78' lang='grc' dir='ltr'>ἀντὶ</span> <span class='ocrx_word' id='word_1_556' title='bbox 827 3897 921 3950; x_wconf 87' lang='grc' dir='ltr'><strong>τοῦ</strong></span> <span class='ocrx_word' id='word_1_557' title='bbox 974 3897 1310 3950; x_wconf 82' lang='grc' dir='ltr'>Διδασκάλου</span> <span class='ocrx_word' id='word_1_558' title='bbox 1361 3899 1462 3966; x_wconf 83' lang='grc' dir='ltr'>τὴν</span> <span class='ocrx_word' id='word_1_559' title='bbox 1505 3897 1770 3950; x_wconf 59' lang='grc' dir='ltr'>διακονίαι</span> 
     </span>
    </p>
   </div>
   <div class='ocr_carea' id='block_1_70' title="bbox 1875 3897 3456 3969">
    <p class='ocr_par' dir='ltr' id='par_1_70' title="bbox 1876 3897 3456 3969">
     <span class='ocr_line' id='line_1_72' title="bbox 1876 3897 3456 3969; baseline 0.002 -16"><span class='ocrx_word' id='word_1_560' title='bbox 1876 3915 1940 3954; x_wconf 90' lang='lat' dir='ltr'><strong>eo</strong></span> <span class='ocrx_word' id='word_1_561' title='bbox 1969 3900 2117 3969; x_wconf 89' lang='lat' dir='ltr'><strong>quod</strong></span> <span class='ocrx_word' id='word_1_562' title='bbox 2160 3899 2412 3968; x_wconf 91' lang='lat' dir='ltr'><strong>discipuli</strong></span> <span class='ocrx_word' id='word_1_563' title='bbox 2447 3900 2812 3954; x_wconf 85' lang='lat' dir='ltr'><strong>ministerium</strong></span> <span class='ocrx_word' id='word_1_564' title='bbox 2841 3900 2961 3954; x_wconf 92' lang='lat' dir='ltr'><strong>loco</strong></span> <span class='ocrx_word' id='word_1_565' title='bbox 2991 3897 3234 3969; x_wconf 80' lang='lat' dir='ltr'><strong>Magistri</strong></span> <span class='ocrx_word' id='word_1_566' title='bbox 3262 3914 3456 3956; x_wconf 60' lang='lat' dir='ltr'><strong>susceo</strong></span> 
     </span>
    </p>
   </div>
   <div class='ocr_carea' id='block_1_71' title="bbox 190 3988 1770 4062">
    <p class='ocr_par' dir='ltr' id='par_1_71' title="bbox 190 3988 1770 4062">
     <span class='ocr_line' id='line_1_73' title="bbox 190 3988 1770 4062; baseline -0.004 -16"><span class='ocrx_word' id='word_1_567' title='bbox 190 3989 631 4062; x_wconf 81' lang='grc' dir='ltr'>παρειληφότων.</span> <span class='ocrx_word' id='word_1_568' title='bbox 671 3990 782 4058; x_wconf 85' lang='grc' dir='ltr'><strong>Νοή</strong></span> <span class='ocrx_word' id='word_1_569' title='bbox 793 4006 913 4050; x_wconf 83' lang='grc' dir='ltr'>σαις</span> <span class='ocrx_word' id='word_1_570' title='bbox 934 3989 979 4042; x_wconf 81' lang='grc' dir='ltr'><strong>δ’</strong></span> <span class='ocrx_word' id='word_1_571' title='bbox 1015 3989 1101 4053; x_wconf 86' lang='grc' dir='ltr'><strong>ἂν,</strong></span> <span class='ocrx_word' id='word_1_572' title='bbox 1127 3988 1202 4052; x_wconf 82' lang='grc' dir='ltr'>ὡς</span> <span class='ocrx_word' id='word_1_573' title='bbox 1224 3991 1317 4043; x_wconf 76' lang='grc' dir='ltr'>καὶ</span> <span class='ocrx_word' id='word_1_574' title='bbox 1337 3992 1499 4061; x_wconf 76' lang='grc' dir='ltr'>ἡμεῖς</span> <span class='ocrx_word' id='word_1_575' title='bbox 1522 3990 1770 4053; x_wconf 73' lang='grc' dir='ltr'>πολλάκις</span> 
     </span>
    </p>
   </div>
   <div class='ocr_carea' id='block_1_72' title="bbox 1875 3988 3454 4062">
    <p class='ocr_par' dir='ltr' id='par_1_72' title="bbox 1877 3991 3454 4060">
     <span class='ocr_line' id='line_1_74' title="bbox 1877 3991 3454 4060; baseline 0.003 -17"><span class='ocrx_word' id='word_1_576' title='bbox 1877 4001 2089 4059; x_wconf 87' lang='lat' dir='ltr'><strong>perant.</strong></span> <span class='ocrx_word' id='word_1_577' title='bbox 2122 3991 2223 4046; x_wconf 87' lang='lat' dir='ltr'><strong>Hic</strong></span> <span class='ocrx_word' id='word_1_578' title='bbox 2254 3993 2410 4044; x_wconf 83' lang='lat' dir='ltr'><strong>velim</strong></span> <span class='ocrx_word' id='word_1_579' title='bbox 2459 3993 2743 4060; x_wconf 80' lang='lat' dir='ltr'><strong>recogites,</strong></span> <span class='ocrx_word' id='word_1_580' title='bbox 2790 4007 2890 4045; x_wconf 89' lang='lat' dir='ltr'><strong>nos</strong></span> <span class='ocrx_word' id='word_1_581' title='bbox 2939 4005 3180 4060; x_wconf 91' lang='lat' dir='ltr'><strong>quoque,</strong></span> <span class='ocrx_word' id='word_1_582' title='bbox 3234 3991 3280 4046; x_wconf 87' lang='lat' dir='ltr'><strong>si</strong></span> <span class='ocrx_word' id='word_1_583' title='bbox 3312 3991 3454 4049; x_wconf 88' lang='lat' dir='ltr'><strong>forte</strong></span> 
     </span>
    </p>
   </div>
   <div class='ocr_carea' id='block_1_73' title="bbox 188 4081 1770 4153">
    <p class='ocr_par' dir='ltr' id='par_1_73' title="bbox 188 4081 1770 4153">
     <span class='ocr_line' id='line_1_75' title="bbox 188 4081 1770 4153; baseline -0.003 -16"><span class='ocrx_word' id='word_1_584' title='bbox 188 4084 336 4153; x_wconf 77' lang='grc' dir='ltr'>ὑπὲρ</span> <span class='ocrx_word' id='word_1_585' title='bbox 388 4099 551 4134; x_wconf 84' lang='grc' dir='ltr'>τινων</span> <span class='ocrx_word' id='word_1_586' title='bbox 605 4081 914 4133; x_wconf 79' lang='grc' dir='ltr'>σπουδαίων</span> <span class='ocrx_word' id='word_1_587' title='bbox 953 4081 1250 4150; x_wconf 76' lang='grc' dir='ltr'>πρεσϐείαν</span> <span class='ocrx_word' id='word_1_588' title='bbox 1296 4081 1647 4152; x_wconf 83' lang='grc' dir='ltr'>ποιούμενοι,</span> <span class='ocrx_word' id='word_1_589' title='bbox 1687 4081 1770 4133; x_wconf 72' lang='grc' dir='ltr'>καὶ</span> 
     </span>
    </p>
   </div>
   <div class='ocr_carea' id='block_1_74' title="bbox 1875 4081 3451 4153">
    <p class='ocr_par' dir='ltr' id='par_1_74' title="bbox 1877 4082 3451 4151">
     <span class='ocr_line' id='line_1_76' title="bbox 1877 4082 3451 4151; baseline 0.001 -15"><span class='ocrx_word' id='word_1_590' title='bbox 1877 4083 2196 4151; x_wconf 83' lang='lat' dir='ltr'><strong>legationem</strong></span> <span class='ocrx_word' id='word_1_591' title='bbox 2230 4082 2284 4135; x_wconf 90' lang='lat' dir='ltr'><strong>in</strong></span> <span class='ocrx_word' id='word_1_592' title='bbox 2315 4082 2496 4137; x_wconf 90' lang='lat' dir='ltr'><strong>causis</strong></span> <span class='ocrx_word' id='word_1_593' title='bbox 2525 4082 2783 4151; x_wconf 81' lang='lat' dir='ltr'><strong>gravibus</strong></span> <span class='ocrx_word' id='word_1_594' title='bbox 2809 4090 2862 4136; x_wconf 89' lang='lat' dir='ltr'><strong>et</strong></span> <span class='ocrx_word' id='word_1_595' title='bbox 2888 4082 3133 4136; x_wconf 86' lang='lat' dir='ltr'><strong>honestis</strong></span> <span class='ocrx_word' id='word_1_596' title='bbox 3169 4082 3451 4150; x_wconf 87' lang='lat' dir='ltr'><strong>obeamus,</strong></span> 
     </span>
    </p>
   </div>
   <div class='ocr_carea' id='block_1_75' title="bbox 185 4172 1770 4266">
    <p class='ocr_par' dir='ltr' id='par_1_75' title="bbox 185 4173 1768 4246">
     <span class='ocr_line' id='line_1_77' title="bbox 185 4173 1768 4246; baseline -0.004 -16"><span class='ocrx_word' id='word_1_597' title='bbox 185 4178 290 4230; x_wconf 80' lang='grc' dir='ltr'><strong>τοῦ</strong></span> <span class='ocrx_word' id='word_1_598' title='bbox 323 4173 616 4246; x_wconf 79' lang='grc' dir='ltr'>προσώπου</span> <span class='ocrx_word' id='word_1_599' title='bbox 647 4173 760 4244; x_wconf 84' lang='grc'><strong>(91)</strong></span> <span class='ocrx_word' id='word_1_600' title='bbox 787 4173 1352 4244; x_wconf 74' lang='grc' dir='ltr'>προσεπιϐαλλόμενοι</span> <span class='ocrx_word' id='word_1_601' title='bbox 1385 4173 1496 4246; x_wconf 67' lang='grc'><strong>(92)</strong></span> <span class='ocrx_word' id='word_1_602' title='bbox 1529 4175 1768 4244; x_wconf 82' lang='grc' dir='ltr'>μνήμην,</span> 
     </span>
    </p>
   </div>
   <div class='ocr_carea' id='block_1_76' title="bbox 1875 4172 3456 4266">
    <p class='ocr_par' dir='ltr' id='par_1_76' title="bbox 1875 4172 3456 4243">
     <span class='ocr_line' id='line_1_78' title="bbox 1875 4172 3456 4243; baseline -0.001 -14"><span class='ocrx_word' id='word_1_603' title='bbox 1875 4183 1929 4229; x_wconf 88' lang='lat' dir='ltr'><strong>et</strong></span> <span class='ocrx_word' id='word_1_604' title='bbox 1965 4189 2214 4243; x_wconf 68' lang='lat' dir='ltr'><strong>personae</strong></span> <span class='ocrx_word' id='word_1_605' title='bbox 2247 4174 2415 4242; x_wconf 89' lang='lat' dir='ltr'><strong>ipsius</strong></span> <span class='ocrx_word' id='word_1_606' title='bbox 2450 4172 2780 4227; x_wconf 89' lang='lat' dir='ltr'><strong>mentionem</strong></span> <span class='ocrx_word' id='word_1_607' title='bbox 2811 4172 3191 4241; x_wconf 86' lang='lat' dir='ltr'><strong>subjiciamus.</strong></span> <span class='ocrx_word' id='word_1_608' title='bbox 3231 4172 3456 4243; x_wconf 83' lang='lat' dir='ltr'><strong>legatio-</strong></span> 
     </span>
    </p>
   </div>
   <div class='ocr_carea' id='block_1_77' title="bbox 188 4261 1770 4337">
    <p class='ocr_par' dir='ltr' id='par_1_77' title="bbox 188 4265 1770 4337">
     <span class='ocr_line' id='line_1_79' title="bbox 188 4265 1770 4337; baseline -0.004 -15"><span class='ocrx_word' id='word_1_609' title='bbox 188 4268 629 4337; x_wconf 85' lang='grc' dir='ltr'>αἰδεσιμωτέραν</span> <span class='ocrx_word' id='word_1_610' title='bbox 649 4265 750 4331; x_wconf 84' lang='grc' dir='ltr'><strong>τὴν</strong></span> <span class='ocrx_word' id='word_1_611' title='bbox 774 4265 1080 4336; x_wconf 81' lang='grc' dir='ltr'>πρεσϐείαν</span> <span class='ocrx_word' id='word_1_612' title='bbox 1105 4265 1417 4335; x_wconf 86' lang='grc' dir='ltr'>ποιούμενοι</span> <span class='ocrx_word' id='word_1_613' title='bbox 1445 4267 1578 4336; x_wconf 76' lang='grc'><strong>(95).</strong></span> <span class='ocrx_word' id='word_1_614' title='bbox 1599 4265 1770 4317; x_wconf 89' lang='grc' dir='ltr'>Τοῦτο</span> 
     </span>
    </p>
   </div>
   <div class='ocr_carea' id='block_1_78' title="bbox 1875 4261 3457 4337">
    <p class='ocr_par' dir='ltr' id='par_1_78' title="bbox 1876 4261 3457 4333">
     <span class='ocr_line' id='line_1_80' title="bbox 1876 4261 3457 4333; baseline 0.001 -17"><span class='ocrx_word' id='word_1_615' title='bbox 1876 4279 1998 4318; x_wconf 89' lang='lat' dir='ltr'><strong>nem</strong></span> <span class='ocrx_word' id='word_1_616' title='bbox 2032 4265 2203 4333; x_wconf 89' lang='lat' dir='ltr'><strong>ipsam</strong></span> <span class='ocrx_word' id='word_1_617' title='bbox 2235 4262 2589 4316; x_wconf 86' lang='lat' dir='ltr'><strong>illustriorem</strong></span> <span class='ocrx_word' id='word_1_618' title='bbox 2622 4262 2851 4316; x_wconf 88' lang='lat' dir='ltr'><strong>reddere</strong></span> <span class='ocrx_word' id='word_1_619' title='bbox 2894 4261 3091 4316; x_wconf 85' lang='lat' dir='ltr'><strong>solere.</strong></span> <span class='ocrx_word' id='word_1_620' title='bbox 3143 4261 3290 4317; x_wconf 83' lang='lat' dir='ltr'><strong>Idem</strong></span> <span class='ocrx_word' id='word_1_621' title='bbox 3325 4263 3457 4318; x_wconf 82' lang='lat' dir='ltr'><strong>facit</strong></span> 
     </span>
    </p>
   </div>
   <div class='ocr_carea' id='block_1_79' title="bbox 722 3226 1254 3280">
    <p class='ocr_par' dir='ltr' id='par_1_79' title="bbox 722 3226 1254 3280">
     <span class='ocr_line' id='line_1_81' title="bbox 722 3226 1254 3280; baseline 0 0"><span class='ocrx_word' id='word_1_622' title='bbox 722 3227 1057 3280; x_wconf 84' lang='grc' dir='ltr'><strong>ΕΡΩΤΗΣΙΣ</strong></span> <span class='ocrx_word' id='word_1_623' title='bbox 1088 3226 1254 3280; x_wconf 85' lang='grc' dir='ltr'><strong>ΣΛΒ’.</strong></span> 
     </span>
    </p>
   </div>
   <div class='ocr_carea' id='block_1_80' title="bbox 187 4356 1771 4429">
    <p class='ocr_par' dir='ltr' id='par_1_80' title="bbox 187 4356 1771 4429">
     <span class='ocr_line' id='line_1_82' title="bbox 187 4356 1771 4429; baseline -0.003 -17"><span class='ocrx_word' id='word_1_624' title='bbox 187 4360 292 4413; x_wconf 67' lang='grc' dir='ltr'>καὶ</span> <span class='ocrx_word' id='word_1_625' title='bbox 326 4359 533 4421; x_wconf 81' lang='grc' dir='ltr'>Παῦλος</span> <span class='ocrx_word' id='word_1_626' title='bbox 578 4357 842 4428; x_wconf 78' lang='grc' dir='ltr'>πράττει·</span> <span class='ocrx_word' id='word_1_627' title='bbox 893 4375 913 4407; x_wconf 86' lang='grc'><strong>‹</strong></span> <span class='ocrx_word' id='word_1_628' title='bbox 954 4356 1128 4428; x_wconf 84' lang='grc' dir='ltr'>’Υπὲρ</span> <span class='ocrx_word' id='word_1_629' title='bbox 1174 4357 1412 4429; x_wconf 79' lang='grc' dir='ltr'>Χριστοῦ</span> <span class='ocrx_word' id='word_1_630' title='bbox 1467 4356 1771 4428; x_wconf 76' lang='grc' dir='ltr'>πρεσϐεύο-</span> 
     </span>
    </p>
   </div>
   <div class='ocr_carea' id='block_1_81' title="bbox 190 4446 1773 4522">
    <p class='ocr_par' dir='ltr' id='par_1_81' title="bbox 190 4446 1773 4522">
     <span class='ocr_line' id='line_1_83' title="bbox 190 4446 1773 4522; baseline -0.001 -21"><span class='ocrx_word' id='word_1_631' title='bbox 190 4468 321 4522; x_wconf 86' lang='grc' dir='ltr'>μεν,</span> <span class='ocrx_word' id='word_1_632' title='bbox 359 4469 376 4500; x_wconf 74' lang='grc' dir='ltr'><strong>ι</strong></span> <span class='ocrx_word' id='word_1_633' title='bbox 412 4449 608 4516; x_wconf 81' lang='grc' dir='ltr'>λέγων,</span> <span class='ocrx_word' id='word_1_634' title='bbox 661 4449 726 4500; x_wconf 81' lang='grc' dir='ltr'><strong>ἐκ</strong></span> <span class='ocrx_word' id='word_1_635' title='bbox 773 4447 869 4500; x_wconf 90' lang='grc' dir='ltr'><strong>τοῦ</strong></span> <span class='ocrx_word' id='word_1_636' title='bbox 904 4448 1046 4500; x_wconf 78' lang='grc' dir='ltr'>κατὰ</span> <span class='ocrx_word' id='word_1_637' title='bbox 1079 4448 1140 4500; x_wconf 88' lang='grc' dir='ltr'><strong>τὸ</strong></span> <span class='ocrx_word' id='word_1_638' title='bbox 1169 4449 1460 4518; x_wconf 85' lang='grc' dir='ltr'>πρόσωπον</span> <span class='ocrx_word' id='word_1_639' title='bbox 1511 4446 1773 4518; x_wconf 81' lang='grc' dir='ltr'>μεγέθους</span> 
     </span>
    </p>
   </div>
   <div class='ocr_carea' id='block_1_82' title="bbox 193 4536 1771 4610">
    <p class='ocr_par' dir='ltr' id='par_1_82' title="bbox 193 4536 1771 4610">
     <span class='ocr_line' id='line_1_84' title="bbox 193 4536 1771 4610; baseline -0.003 -15"><span class='ocrx_word' id='word_1_640' title='bbox 193 4545 284 4604; x_wconf 77' lang='grc' dir='ltr'><strong>εἰς</strong></span> <span class='ocrx_word' id='word_1_641' title='bbox 309 4540 600 4594; x_wconf 76' lang='grc' dir='ltr'>εὐλάϐειαν</span> <span class='ocrx_word' id='word_1_642' title='bbox 627 4540 740 4609; x_wconf 71' lang='grc'><strong>(94)</strong></span> <span class='ocrx_word' id='word_1_643' title='bbox 782 4540 1056 4593; x_wconf 83' lang='grc' dir='ltr'>καθιστῶν</span> <span class='ocrx_word' id='word_1_644' title='bbox 1077 4540 1226 4601; x_wconf 77' lang='grc' dir='ltr'>τοὺς,</span> <span class='ocrx_word' id='word_1_645' title='bbox 1259 4536 1341 4602; x_wconf 76' lang='grc' dir='ltr'>οἷς</span> <span class='ocrx_word' id='word_1_646' title='bbox 1369 4542 1709 4610; x_wconf 78' lang='grc' dir='ltr'>προσάγεται</span> <span class='ocrx_word' id='word_1_647' title='bbox 1737 4540 1771 4609; x_wconf 84' lang='grc' dir='ltr'>ἡ</span> 
     </span>
    </p>
   </div>
   <div class='ocr_carea' id='block_1_83' title="bbox 187 4632 1770 4706">
    <p class='ocr_par' dir='ltr' id='par_1_83' title="bbox 187 4632 1770 4706">
     <span class='ocr_line' id='line_1_85' title="bbox 187 4632 1770 4706; baseline -0.003 -18"><span class='ocrx_word' id='word_1_648' title='bbox 187 4633 480 4706; x_wconf 79' lang='grc' dir='ltr'>πρεσϐεία.</span> <span class='ocrx_word' id='word_1_649' title='bbox 545 4633 719 4704; x_wconf 70' lang='grc' dir='ltr'>’Υπὲρ</span> <span class='ocrx_word' id='word_1_650' title='bbox 777 4633 989 4684; x_wconf 80' lang='grc' dir='ltr'>ἐκείνου</span> <span class='ocrx_word' id='word_1_651' title='bbox 1049 4633 1229 4684; x_wconf 85' lang='grc' dir='ltr'>τοίνυν</span> <span class='ocrx_word' id='word_1_652' title='bbox 1320 4632 1770 4703; x_wconf 78' lang='grc' dir='ltr'>παρακαλοῦμεν,</span> 
     </span>
    </p>
   </div>
   <div class='ocr_carea' id='block_1_84' title="bbox 187 4724 1766 4797">
    <p class='ocr_par' dir='ltr' id='par_1_84' title="bbox 187 4724 1766 4797">
     <span class='ocr_line' id='line_1_86' title="bbox 187 4724 1766 4797; baseline -0.001 -18"><span class='ocrx_word' id='word_1_653' title='bbox 187 4728 353 4797; x_wconf 67' lang='grc' dir='ltr'>φησι,</span> <span class='ocrx_word' id='word_1_654' title='bbox 403 4727 499 4780; x_wconf 89' lang='grc' dir='ltr'><strong>τοῦ</strong></span> <span class='ocrx_word' id='word_1_655' title='bbox 547 4727 638 4780; x_wconf 77' lang='grc' dir='ltr'>τὸν</span> <span class='ocrx_word' id='word_1_656' title='bbox 689 4727 894 4796; x_wconf 79' lang='grc' dir='ltr'>κόσμον</span> <span class='ocrx_word' id='word_1_657' title='bbox 945 4728 1003 4778; x_wconf 80' lang='grc' dir='ltr'>ἐν</span> <span class='ocrx_word' id='word_1_658' title='bbox 1050 4726 1266 4796; x_wconf 86' lang='grc' dir='ltr'>θανάτῳ</span> <span class='ocrx_word' id='word_1_659' title='bbox 1311 4724 1766 4790; x_wconf 78' lang='grc' dir='ltr'>καταλλάξαντος.</span> 
     </span>
    </p>
   </div>
   <div class='ocr_carea' id='block_1_85' title="bbox 188 4813 1772 4891">
    <p class='ocr_par' dir='ltr' id='par_1_85' title="bbox 188 4813 1772 4891">
     <span class='ocr_line' id='line_1_87' title="bbox 188 4813 1772 4891; baseline -0.008 -15"><span class='ocrx_word' id='word_1_660' title='bbox 188 4824 359 4876; x_wconf 68' lang='lat' dir='ltr'><strong>&quot;uate</strong></span> <span class='ocrx_word' id='word_1_661' title='bbox 395 4821 499 4891; x_wconf 82' lang='grc' dir='ltr'>χρὴ</span> <span class='ocrx_word' id='word_1_662' title='bbox 527 4821 619 4872; x_wconf 78' lang='grc' dir='ltr'><strong>καὶ</strong></span> <span class='ocrx_word' id='word_1_663' title='bbox 645 4820 796 4890; x_wconf 81' lang='grc' dir='ltr'>ἡμᾶς</span> <span class='ocrx_word' id='word_1_664' title='bbox 823 4816 1138 4886; x_wconf 78' lang='grc' dir='ltr'>πειθηνίους</span> <span class='ocrx_word' id='word_1_665' title='bbox 1165 4816 1303 4869; x_wconf 72' lang='grc' dir='ltr'>εἶναι</span> <span class='ocrx_word' id='word_1_666' title='bbox 1327 4854 1342 4879; x_wconf 94' lang='grc'><strong>,</strong></span> <span class='ocrx_word' id='word_1_667' title='bbox 1374 4816 1498 4867; x_wconf 72' lang='grc' dir='ltr'>ἐπεὶ</span> <span class='ocrx_word' id='word_1_668' title='bbox 1528 4815 1656 4881; x_wconf 87' lang='grc' dir='ltr'>τόγε</span> <span class='ocrx_word' id='word_1_669' title='bbox 1683 4813 1772 4883; x_wconf 75' lang='grc' dir='ltr'><strong>ἐφ’</strong></span> 
     </span>
    </p>
   </div>
   <div class='ocr_carea' id='block_1_86' title="bbox 185 4905 1772 4983">
    <p class='ocr_par' dir='ltr' id='par_1_86' title="bbox 185 4905 1772 4983">
     <span class='ocr_line' id='line_1_88' title="bbox 185 4905 1772 4983; baseline -0.005 -18"><span class='ocrx_word' id='word_1_670' title='bbox 185 4917 349 4983; x_wconf 77' lang='grc' dir='ltr'>ἡμῖν,</span> <span class='ocrx_word' id='word_1_671' title='bbox 382 4915 415 4982; x_wconf 85' lang='grc' dir='ltr'><strong>ἠ</strong></span> <span class='ocrx_word' id='word_1_672' title='bbox 471 4911 638 4982; x_wconf 85' lang='grc' dir='ltr'>πολλὴ</span> <span class='ocrx_word' id='word_1_673' title='bbox 683 4913 778 4964; x_wconf 71' lang='grc' dir='ltr'><strong>καὶ</strong></span> <span class='ocrx_word' id='word_1_674' title='bbox 829 4909 1033 4979; x_wconf 79' lang='grc' dir='ltr'>ἄφατος</span> <span class='ocrx_word' id='word_1_675' title='bbox 1072 4908 1254 4977; x_wconf 68' lang='grc' dir='ltr'>ἐκείνη</span> <span class='ocrx_word' id='word_1_676' title='bbox 1288 4908 1418 4978; x_wconf 80' lang='grc' dir='ltr'>περὶ</span> <span class='ocrx_word' id='word_1_677' title='bbox 1461 4908 1610 4977; x_wconf 83' lang='grc' dir='ltr'>ἡμᾶς</span> <span class='ocrx_word' id='word_1_678' title='bbox 1649 4905 1772 4976; x_wconf 82' lang='grc' dir='ltr'>φιλ-</span> 
     </span>
    </p>
   </div>
   <div class='ocr_carea' id='block_1_87' title="bbox 185 4993 1769 5073">
    <p class='ocr_par' dir='ltr' id='par_1_87' title="bbox 185 4993 1769 5073">
     <span class='ocr_line' id='line_1_89' title="bbox 185 4993 1769 5073; baseline -0.004 -17"><span class='ocrx_word' id='word_1_679' title='bbox 185 5003 480 5073; x_wconf 80' lang='grc' dir='ltr'>ανθρωπία</span> <span class='ocrx_word' id='word_1_680' title='bbox 504 5003 564 5056; x_wconf 74' lang='grc' dir='ltr'>τὸ</span> <span class='ocrx_word' id='word_1_681' title='bbox 589 5003 869 5072; x_wconf 80' lang='grc' dir='ltr'>ἄπρακτον</span> <span class='ocrx_word' id='word_1_682' title='bbox 895 5001 1007 5066; x_wconf 66' lang='grc' dir='ltr'>ἕξει</span> <span class='ocrx_word' id='word_1_683' title='bbox 1034 5000 1129 5054; x_wconf 77' lang='grc' dir='ltr'><strong>καὶ</strong></span> <span class='ocrx_word' id='word_1_684' title='bbox 1156 4999 1506 5070; x_wconf 80' lang='grc' dir='ltr'>ὲφύὸριστον.</span> <span class='ocrx_word' id='word_1_685' title='bbox 1542 4993 1676 5051; x_wconf 76' lang='grc' dir='ltr'>Εἶτα</span> <span class='ocrx_word' id='word_1_686' title='bbox 1707 4998 1769 5050; x_wconf 77' lang='grc' dir='ltr'>τὸ</span> 
     </span>
    </p>
   </div>
   <div class='ocr_carea' id='block_1_88' title="bbox 187 5090 1772 5168">
    <p class='ocr_par' dir='ltr' id='par_1_88' title="bbox 187 5090 1772 5168">
     <span class='ocr_line' id='line_1_90' title="bbox 187 5090 1772 5168; baseline -0.004 -20"><span class='ocrx_word' id='word_1_687' title='bbox 187 5097 486 5168; x_wconf 81' lang='grc' dir='ltr'>πρόσωπον</span> <span class='ocrx_word' id='word_1_688' title='bbox 545 5096 638 5148; x_wconf 71' lang='grc' dir='ltr'><strong>ἐπὶ</strong></span> <span class='ocrx_word' id='word_1_689' title='bbox 681 5095 841 5146; x_wconf 83' lang='grc' dir='ltr'>πλέον</span> <span class='ocrx_word' id='word_1_690' title='bbox 892 5093 1132 5164; x_wconf 83' lang='grc' dir='ltr'>ἐπαίρων</span> <span class='ocrx_word' id='word_1_691' title='bbox 1155 5092 1340 5162; x_wconf 68' lang='grc' dir='ltr'>φησὶν,</span> <span class='ocrx_word' id='word_1_692' title='bbox 1371 5090 1525 5145; x_wconf 80' lang='grc' dir='ltr'>«Ὅτι</span> <span class='ocrx_word' id='word_1_693' title='bbox 1571 5094 1599 5144; x_wconf 88' lang='grc' dir='ltr'>ὁ</span> <span class='ocrx_word' id='word_1_694' title='bbox 1639 5090 1772 5153; x_wconf 77' lang='grc' dir='ltr'>Θεὸς</span> 
     </span>
    </p>
   </div>
   <div class='ocr_carea' id='block_1_89' title="bbox 113 5181 1772 5260">
    <p class='ocr_par' dir='ltr' id='par_1_89' title="bbox 113 5181 1772 5260">
     <span class='ocr_line' id='line_1_91' title="bbox 113 5181 1772 5260; baseline -0.008 -15"><span class='ocrx_word' id='word_1_695' title='bbox 113 5242 118 5245; x_wconf 86' lang='grc'><strong>,</strong></span> <span class='ocrx_word' id='word_1_696' title='bbox 194 5187 471 5260; x_wconf 70' lang='grc' dir='ltr'>ἔιμαρτίαν</span> <span class='ocrx_word' id='word_1_697' title='bbox 508 5186 582 5256; x_wconf 85' lang='grc' dir='ltr'>μὴ</span> <span class='ocrx_word' id='word_1_698' title='bbox 609 5187 804 5253; x_wconf 81' lang='grc' dir='ltr'>γνόντα</span> <span class='ocrx_word' id='word_1_699' title='bbox 834 5185 999 5239; x_wconf 80' lang='grc' dir='ltr'>αὐτὸν</span> <span class='ocrx_word' id='word_1_700' title='bbox 1033 5183 1306 5254; x_wconf 82' lang='grc' dir='ltr'>ἁμαρτίαν</span> <span class='ocrx_word' id='word_1_701' title='bbox 1325 5183 1639 5252; x_wconf 69' lang='grc' dir='ltr'>ἐποίησεν.»</span> <span class='ocrx_word' id='word_1_702' title='bbox 1661 5181 1772 5234; x_wconf 67' lang='grc' dir='ltr'><strong>Καὶ</strong></span> 
     </span>
    </p>
   </div>
   <div class='ocr_carea' id='block_1_90' title="bbox 192 5273 1768 5349">
    <p class='ocr_par' dir='ltr' id='par_1_90' title="bbox 192 5273 1768 5349">
     <span class='ocr_line' id='line_1_92' title="bbox 192 5273 1768 5349; baseline -0.006 -17"><span class='ocrx_word' id='word_1_703' title='bbox 192 5279 359 5334; x_wconf 76' lang='grc' dir='ltr'>πάλιν</span> <span class='ocrx_word' id='word_1_704' title='bbox 389 5277 582 5349; x_wconf 79' lang='grc' dir='ltr'>ἑτέρας</span> <span class='ocrx_word' id='word_1_705' title='bbox 607 5278 892 5347; x_wconf 80' lang='grc' dir='ltr'>αὐξήσεως</span> <span class='ocrx_word' id='word_1_706' title='bbox 919 5275 1208 5346; x_wconf 83' lang='grc' dir='ltr'>προσθήκη</span> <span class='ocrx_word' id='word_1_707' title='bbox 1239 5276 1303 5326; x_wconf 78' lang='grc' dir='ltr'>ἐκ</span> <span class='ocrx_word' id='word_1_708' title='bbox 1332 5275 1430 5343; x_wconf 71' lang='grc' dir='ltr'>τῆς</span> <span class='ocrx_word' id='word_1_709' title='bbox 1449 5273 1768 5342; x_wconf 82' lang='grc' dir='ltr'>εὐεργεσίας</span> 
     </span>
    </p>
   </div>
   <div class='ocr_carea' id='block_1_91' title="bbox 1870 4351 3449 4424">
    <p class='ocr_par' dir='ltr' id='par_1_91' title="bbox 1870 4351 3449 4424">
     <span class='ocr_line' id='line_1_93' title="bbox 1870 4351 3449 4424; baseline 0.001 -17"><span class='ocrx_word' id='word_1_710' title='bbox 1870 4353 2095 4422; x_wconf 89' lang='lat' dir='ltr'><strong>Paulus,</strong></span> <span class='ocrx_word' id='word_1_711' title='bbox 2120 4354 2340 4408; x_wconf 89' lang='lat' dir='ltr'><strong>dicens:</strong></span> <span class='ocrx_word' id='word_1_712' title='bbox 2373 4371 2392 4404; x_wconf 72' lang='grc' dir='ltr'><strong>ι</strong></span> <span class='ocrx_word' id='word_1_713' title='bbox 2421 4351 2622 4407; x_wconf 88' lang='lat' dir='ltr'><strong>Christi</strong></span> <span class='ocrx_word' id='word_1_714' title='bbox 2654 4354 2773 4407; x_wconf 87' lang='lat' dir='ltr'><strong>loco</strong></span> <span class='ocrx_word' id='word_1_715' title='bbox 2801 4353 3071 4424; x_wconf 90' lang='lat' dir='ltr'><strong>legatione</strong></span> <span class='ocrx_word' id='word_1_716' title='bbox 3100 4351 3401 4424; x_wconf 81' lang='lat' dir='ltr'><strong>fungimur;</strong></span> <span class='ocrx_word' id='word_1_717' title='bbox 3428 4372 3449 4407; x_wconf 74' lang='grc' dir='ltr'><strong>ι</strong></span> 
     </span>
    </p>
   </div>
   <div class='ocr_carea' id='block_1_92' title="bbox 1872 4445 3456 4515">
    <p class='ocr_par' dir='ltr' id='par_1_92' title="bbox 1872 4445 3456 4515">
     <span class='ocr_line' id='line_1_94' title="bbox 1872 4445 3456 4515; baseline -0.001 -15"><span class='ocrx_word' id='word_1_718' title='bbox 1872 4461 2120 4515; x_wconf 82' lang='lat' dir='ltr'><strong>personae</strong></span> <span class='ocrx_word' id='word_1_719' title='bbox 2150 4446 2317 4515; x_wconf 86' lang='lat' dir='ltr'><strong>hujus</strong></span> <span class='ocrx_word' id='word_1_720' title='bbox 2364 4446 2654 4514; x_wconf 86' lang='lat' dir='ltr'><strong>majestate</strong></span> <span class='ocrx_word' id='word_1_721' title='bbox 2686 4446 2754 4500; x_wconf 89' lang='lat' dir='ltr'><strong>ad</strong></span> <span class='ocrx_word' id='word_1_722' title='bbox 2805 4445 3165 4500; x_wconf 82' lang='lat' dir='ltr'><strong>reverentiam</strong></span> <span class='ocrx_word' id='word_1_723' title='bbox 3194 4455 3456 4514; x_wconf 82' lang='lat' dir='ltr'><strong>praestan—</strong></span> 
     </span>
    </p>
   </div>
   <div class='ocr_carea' id='block_1_93' title="bbox 1872 4536 3457 4607">
    <p class='ocr_par' dir='ltr' id='par_1_93' title="bbox 1872 4536 3457 4607">
     <span class='ocr_line' id='line_1_95' title="bbox 1872 4536 3457 4607; baseline -0.001 -16"><span class='ocrx_word' id='word_1_724' title='bbox 1872 4538 1994 4592; x_wconf 84' lang='lat' dir='ltr'><strong>dam</strong></span> <span class='ocrx_word' id='word_1_725' title='bbox 2055 4553 2151 4592; x_wconf 90' lang='lat' dir='ltr'><strong>eos</strong></span> <span class='ocrx_word' id='word_1_726' title='bbox 2198 4537 2560 4602; x_wconf 81' lang='lat' dir='ltr'><strong>excitaturus,</strong></span> <span class='ocrx_word' id='word_1_727' title='bbox 2620 4536 2687 4590; x_wconf 88' lang='lat' dir='ltr'><strong>ad</strong></span> <span class='ocrx_word' id='word_1_728' title='bbox 2735 4553 2874 4606; x_wconf 90' lang='lat' dir='ltr'><strong>quos</strong></span> <span class='ocrx_word' id='word_1_729' title='bbox 2932 4537 3132 4607; x_wconf 86' lang='lat' dir='ltr'><strong>legatio</strong></span> <span class='ocrx_word' id='word_1_730' title='bbox 3179 4537 3270 4590; x_wconf 90' lang='lat' dir='ltr'><strong>illa</strong></span> <span class='ocrx_word' id='word_1_731' title='bbox 3329 4551 3457 4606; x_wconf 88' lang='lat' dir='ltr'><strong>spe-</strong></span> 
     </span>
    </p>
   </div>
   <div class='ocr_carea' id='block_1_94' title="bbox 1871 4627 3455 4698">
    <p class='ocr_par' dir='ltr' id='par_1_94' title="bbox 1871 4627 3455 4698">
     <span class='ocr_line' id='line_1_96' title="bbox 1871 4627 3455 4698; baseline -0.001 -14"><span class='ocrx_word' id='word_1_732' title='bbox 1871 4631 2075 4684; x_wconf 86' lang='lat' dir='ltr'><strong>ctabat.</strong></span> <span class='ocrx_word' id='word_1_733' title='bbox 2129 4629 2279 4684; x_wconf 88' lang='lat' dir='ltr'><strong>Illius</strong></span> <span class='ocrx_word' id='word_1_734' title='bbox 2342 4630 2534 4698; x_wconf 71' lang='lat' dir='ltr'><strong>igitur,</strong></span> <span class='ocrx_word' id='word_1_735' title='bbox 2604 4629 2814 4698; x_wconf 90' lang='lat' dir='ltr'><strong>inquit,</strong></span> <span class='ocrx_word' id='word_1_736' title='bbox 2880 4629 3002 4685; x_wconf 91' lang='lat' dir='ltr'><strong>loco</strong></span> <span class='ocrx_word' id='word_1_737' title='bbox 3061 4627 3455 4696; x_wconf 88' lang='lat' dir='ltr'><strong>adhortamur,</strong></span> 
     </span>
    </p>
   </div>
   <div class='ocr_carea' id='block_1_95' title="bbox 1873 4721 3459 4792">
    <p class='ocr_par' dir='ltr' id='par_1_95' title="bbox 1873 4721 3459 4792">
     <span class='ocr_line' id='line_1_97' title="bbox 1873 4721 3459 4792; baseline 0 -16"><span class='ocrx_word' id='word_1_738' title='bbox 1873 4725 1964 4792; x_wconf 89' lang='lat' dir='ltr'><strong>qui</strong></span> <span class='ocrx_word' id='word_1_739' title='bbox 2017 4723 2282 4776; x_wconf 91' lang='lat' dir='ltr'><strong>mundum</strong></span> <span class='ocrx_word' id='word_1_740' title='bbox 2339 4732 2515 4777; x_wconf 89' lang='lat' dir='ltr'><strong>morte</strong></span> <span class='ocrx_word' id='word_1_741' title='bbox 2563 4737 2662 4776; x_wconf 88' lang='lat' dir='ltr'><strong>sua</strong></span> <span class='ocrx_word' id='word_1_742' title='bbox 2713 4721 3105 4776; x_wconf 84' lang='lat' dir='ltr'><strong>reconciliavit.</strong></span> <span class='ocrx_word' id='word_1_743' title='bbox 3161 4722 3346 4791; x_wconf 85' lang='lat' dir='ltr'><strong>Itaque</strong></span> <span class='ocrx_word' id='word_1_744' title='bbox 3402 4731 3459 4776; x_wconf 87' lang='lat' dir='ltr'><strong>et</strong></span> 
     </span>
    </p>
   </div>
   <div class='ocr_carea' id='block_1_96' title="bbox 1878 4813 3455 4884">
    <p class='ocr_par' dir='ltr' id='par_1_96' title="bbox 1878 4813 3455 4884">
     <span class='ocr_line' id='line_1_98' title="bbox 1878 4813 3455 4884; baseline -0.001 -19"><span class='ocrx_word' id='word_1_745' title='bbox 1878 4829 1978 4866; x_wconf 91' lang='lat' dir='ltr'><strong>nos</strong></span> <span class='ocrx_word' id='word_1_746' title='bbox 2032 4814 2333 4882; x_wconf 86' lang='lat' dir='ltr'><strong>morigeros</strong></span> <span class='ocrx_word' id='word_1_747' title='bbox 2381 4828 2507 4867; x_wconf 81' lang='lat' dir='ltr'><strong>esse</strong></span> <span class='ocrx_word' id='word_1_748' title='bbox 2566 4822 2817 4882; x_wconf 89' lang='lat' dir='ltr'><strong>oportet,</strong></span> <span class='ocrx_word' id='word_1_749' title='bbox 2885 4813 3145 4884; x_wconf 86' lang='lat' dir='ltr'><strong>quoniam</strong></span> <span class='ocrx_word' id='word_1_750' title='bbox 3209 4813 3455 4882; x_wconf 88' lang='lat' dir='ltr'><strong>alioquin</strong></span> 
     </span>
    </p>
   </div>
   <div class='ocr_carea' id='block_1_97' title="bbox 1878 4903 3459 4974">
    <p class='ocr_par' dir='ltr' id='par_1_97' title="bbox 1878 4903 3459 4974">
     <span class='ocr_line' id='line_1_99' title="bbox 1878 4903 3459 4974; baseline 0 -17"><span class='ocrx_word' id='word_1_751' title='bbox 1878 4904 2109 4974; x_wconf 84' lang='lat' dir='ltr'><strong>insignis</strong></span> <span class='ocrx_word' id='word_1_752' title='bbox 2163 4904 2253 4958; x_wconf 92' lang='lat' dir='ltr'><strong>illa</strong></span> <span class='ocrx_word' id='word_1_753' title='bbox 2302 4912 2357 4960; x_wconf 88' lang='lat' dir='ltr'><strong>et</strong></span> <span class='ocrx_word' id='word_1_754' title='bbox 2400 4903 2695 4958; x_wconf 82' lang='lat' dir='ltr'><strong>ineffabilis</strong></span> <span class='ocrx_word' id='word_1_755' title='bbox 2738 4905 2997 4959; x_wconf 88' lang='lat' dir='ltr'><strong>adversus</strong></span> <span class='ocrx_word' id='word_1_756' title='bbox 3044 4920 3144 4958; x_wconf 90' lang='lat' dir='ltr'><strong>nos</strong></span> <span class='ocrx_word' id='word_1_757' title='bbox 3198 4903 3459 4957; x_wconf 78' lang='lat' dir='ltr'><strong>humani-</strong></span> 
     </span>
    </p>
   </div>
   <div class='ocr_carea' id='block_1_98' title="bbox 1878 4995 3455 5065">
    <p class='ocr_par' dir='ltr' id='par_1_98' title="bbox 1878 4995 3455 5065">
     <span class='ocr_line' id='line_1_100' title="bbox 1878 4995 3455 5065; baseline 0.001 -16"><span class='ocrx_word' id='word_1_758' title='bbox 1878 5005 1961 5051; x_wconf 84' lang='lat' dir='ltr'><strong>tas</strong></span> <span class='ocrx_word' id='word_1_759' title='bbox 1989 4996 2168 5065; x_wconf 81' lang='lat' dir='ltr'><strong>quoad</strong></span> <span class='ocrx_word' id='word_1_760' title='bbox 2209 5011 2310 5051; x_wconf 91' lang='lat' dir='ltr'><strong>nos</strong></span> <span class='ocrx_word' id='word_1_761' title='bbox 2345 4996 2499 5050; x_wconf 89' lang='lat' dir='ltr'><strong>irrita</strong></span> <span class='ocrx_word' id='word_1_762' title='bbox 2540 5007 2594 5050; x_wconf 89' lang='lat' dir='ltr'><strong>et</strong></span> <span class='ocrx_word' id='word_1_763' title='bbox 2642 4997 2828 5065; x_wconf 89' lang='lat' dir='ltr'><strong>probri</strong></span> <span class='ocrx_word' id='word_1_764' title='bbox 2874 4997 3028 5065; x_wconf 83' lang='lat' dir='ltr'><strong>plena</strong></span> <span class='ocrx_word' id='word_1_765' title='bbox 3088 4995 3271 5050; x_wconf 87' lang='lat' dir='ltr'><strong>futura</strong></span> <span class='ocrx_word' id='word_1_766' title='bbox 3316 5006 3455 5051; x_wconf 89' lang='lat' dir='ltr'><strong>erat.</strong></span> 
     </span>
    </p>
   </div>
   <div class='ocr_carea' id='block_1_99' title="bbox 1880 5086 3446 5156">
    <p class='ocr_par' dir='ltr' id='par_1_99' title="bbox 1880 5086 3446 5156">
     <span class='ocr_line' id='line_1_101' title="bbox 1880 5086 3446 5156; baseline 0.001 -16"><span class='ocrx_word' id='word_1_767' title='bbox 1880 5086 2003 5141; x_wconf 82' lang='lat' dir='ltr'><strong>Mox</strong></span> <span class='ocrx_word' id='word_1_768' title='bbox 2052 5087 2296 5141; x_wconf 82' lang='lat' dir='ltr'><strong>eamdem</strong></span> <span class='ocrx_word' id='word_1_769' title='bbox 2354 5102 2641 5156; x_wconf 87' lang='lat' dir='ltr'><strong>personam</strong></span> <span class='ocrx_word' id='word_1_770' title='bbox 2685 5087 2919 5156; x_wconf 81' lang='lat' dir='ltr'><strong>amplius</strong></span> <span class='ocrx_word' id='word_1_771' title='bbox 2962 5088 3258 5151; x_wconf 79' lang='lat' dir='ltr'><strong>extollens,</strong></span> <span class='ocrx_word' id='word_1_772' title='bbox 3315 5088 3390 5140; x_wconf 90' lang='lat' dir='ltr'><strong>ait</strong></span> <span class='ocrx_word' id='word_1_773' title='bbox 3432 5105 3446 5141; x_wconf 88' lang='lat'><strong>:</strong></span> 
     </span>
    </p>
   </div>
   <div class='ocr_carea' id='block_1_100' title="bbox 1887 5178 3451 5248">
    <p class='ocr_par' dir='ltr' id='par_1_100' title="bbox 1887 5178 3451 5248">
     <span class='ocr_line' id='line_1_102' title="bbox 1887 5178 3451 5248; baseline 0 -17"><span class='ocrx_word' id='word_1_774' title='bbox 1887 5199 1904 5231; x_wconf 83' lang='grc' dir='ltr'><strong>ι</strong></span> <span class='ocrx_word' id='word_1_775' title='bbox 1942 5178 2096 5245; x_wconf 85' lang='lat' dir='ltr'><strong>Quod</strong></span> <span class='ocrx_word' id='word_1_776' title='bbox 2132 5179 2274 5233; x_wconf 80' lang='lat' dir='ltr'><strong>Deus</strong></span> <span class='ocrx_word' id='word_1_777' title='bbox 2309 5180 2483 5245; x_wconf 91' lang='lat' dir='ltr'><strong>illum,</strong></span> <span class='ocrx_word' id='word_1_778' title='bbox 2517 5181 2610 5248; x_wconf 89' lang='lat' dir='ltr'><strong>qui</strong></span> <span class='ocrx_word' id='word_1_779' title='bbox 2650 5181 2858 5234; x_wconf 92' lang='lat' dir='ltr'><strong>nullum</strong></span> <span class='ocrx_word' id='word_1_780' title='bbox 2891 5187 3117 5234; x_wconf 88' lang='lat' dir='ltr'><strong>noverat</strong></span> <span class='ocrx_word' id='word_1_781' title='bbox 3146 5188 3451 5248; x_wconf 87' lang='lat' dir='ltr'><strong>peccatum,</strong></span> 
     </span>
    </p>
   </div>
   <div class='ocr_carea' id='block_1_101' title="bbox 1879 5270 3454 5341">
    <p class='ocr_par' dir='ltr' id='par_1_101' title="bbox 1879 5270 3454 5341">
     <span class='ocr_line' id='line_1_103' title="bbox 1879 5270 3454 5341; baseline -0.001 -16"><span class='ocrx_word' id='word_1_782' title='bbox 1879 5282 2162 5341; x_wconf 87' lang='lat' dir='ltr'><strong>peccatum</strong></span> <span class='ocrx_word' id='word_1_783' title='bbox 2197 5270 2426 5339; x_wconf 82' lang='lat' dir='ltr'><strong>fecerit;</strong></span> <span class='ocrx_word' id='word_1_784' title='bbox 2461 5291 2480 5323; x_wconf 74' lang='grc' dir='ltr'><strong>ι</strong></span> <span class='ocrx_word' id='word_1_785' title='bbox 2509 5273 2816 5341; x_wconf 87' lang='lat' dir='ltr'><strong>iterumque</strong></span> <span class='ocrx_word' id='word_1_786' title='bbox 2850 5288 3050 5327; x_wconf 89' lang='lat' dir='ltr'><strong>novum</strong></span> <span class='ocrx_word' id='word_1_787' title='bbox 3083 5271 3454 5326; x_wconf 78' lang='lat' dir='ltr'><strong>beneﬁcentia:</strong></span> 
     </span>
    </p>
   </div>
   <div class='ocr_carea' id='block_1_102' title="bbox 1701 5363 1936 5420">
    <p class='ocr_par' dir='ltr' id='par_1_102' title="bbox 1701 5363 1936 5420">
     <span class='ocr_line' id='line_1_104' title="bbox 1701 5363 1936 5420; baseline 0.013 -3"><span class='ocrx_word' id='word_1_788' title='bbox 1701 5363 1936 5420; x_wconf 58' lang='lat' dir='ltr'><strong>NOTAE.</strong></span> 
     </span>
    </p>
   </div>
   <div class='ocr_carea' id='block_1_103' title="bbox 266 5460 1158 5533">
    <p class='ocr_par' dir='ltr' id='par_1_103' title="bbox 266 5460 1158 5533">
     <span class='ocr_line' id='line_1_105' title="bbox 266 5460 1158 5533; baseline -0.003 -16"><span class='ocrx_word' id='word_1_789' title='bbox 266 5464 362 5532; x_wconf 79' lang='lat'>(88</span> <span class='ocrx_word' id='word_1_790' title='bbox 394 5464 494 5533; x_wconf 87' lang='lat' dir='ltr'><strong>ter)</strong></span> <span class='ocrx_word' id='word_1_791' title='bbox 522 5461 718 5517; x_wconf 88' lang='lat' dir='ltr'><strong>Afﬁnis</strong></span> <span class='ocrx_word' id='word_1_792' title='bbox 751 5469 835 5515; x_wconf 91' lang='lat' dir='ltr'><strong>est</strong></span> <span class='ocrx_word' id='word_1_793' title='bbox 861 5478 916 5533; x_wconf 17' lang='lat' dir='ltr'><strong>qi.</strong></span> <span class='ocrx_word' id='word_1_794' title='bbox 942 5460 1158 5533; x_wconf 78' lang='lat' dir='ltr'><strong>XXVII.</strong></span> 
     </span>
    </p>
   </div>
   <div class='ocr_carea' id='block_1_104' title="bbox 270 5529 1772 5605">
    <p class='ocr_par' dir='ltr' id='par_1_104' title="bbox 270 5529 1772 5605">
     <span class='ocr_line' id='line_1_106' title="bbox 270 5529 1772 5605; baseline -0.002 -18"><span class='ocrx_word' id='word_1_795' title='bbox 270 5529 383 5605; x_wconf 71' lang='lat' dir='ltr'><strong>(se)</strong></span> <span class='ocrx_word' id='word_1_796' title='bbox 408 5529 528 5589; x_wconf 67' lang='lat' dir='ltr'><strong>vra.</strong></span> <span class='ocrx_word' id='word_1_797' title='bbox 553 5535 592 5588; x_wconf 85' lang='grc' dir='ltr'><strong>ιι</strong></span> <span class='ocrx_word' id='word_1_798' title='bbox 625 5534 750 5586; x_wconf 84' lang='lat' dir='ltr'><strong>Cor.</strong></span> <span class='ocrx_word' id='word_1_799' title='bbox 775 5548 829 5605; x_wconf 89' lang='lat' dir='ltr'><strong>v_.</strong></span> <span class='ocrx_word' id='word_1_800' title='bbox 850 5531 1286 5605; x_wconf 68' lang='lat' dir='ltr'><strong>20.__Addideri_m</strong></span> <span class='ocrx_word' id='word_1_801' title='bbox 1315 5531 1403 5584; x_wconf 91' lang='lat' dir='ltr'><strong>hic</strong></span> <span class='ocrx_word' id='word_1_802' title='bbox 1424 5529 1505 5605; x_wconf 48' lang='lat'><strong>52&gt;</strong></span> <span class='ocrx_word' id='word_1_803' title='bbox 1546 5539 1672 5605; x_wconf 77' lang='lat' dir='ltr'><strong>post</strong></span> <span class='ocrx_word' id='word_1_804' title='bbox 1700 5529 1772 5584; x_wconf 83' lang='grc' dir='ltr'>τί.</span> 
     </span>
    </p>
   </div>
   <div class='ocr_carea' id='block_1_105' title="bbox 195 5601 1770 5746">
    <p class='ocr_par' dir='ltr' id='par_1_105' title="bbox 195 5601 1770 5746">
     <span class='ocr_line' id='line_1_107' title="bbox 243 5601 1770 5727; baseline -0.002 -71"><span class='ocrx_word' id='word_1_805' title='bbox 243 5601 526 5727; x_wconf 48' lang='grc' dir='ltr'><strong>-αὲη-Ρω</strong></span> <span class='ocrx_word' id='word_1_806' title='bbox 543 5605 620 5674; x_wconf 76' lang='grc' dir='ltr'>τῷ</span> <span class='ocrx_word' id='word_1_807' title='bbox 648 5602 819 5673; x_wconf 77' lang='grc' dir='ltr'>Ματρί</span> <span class='ocrx_word' id='word_1_808' title='bbox 847 5601 1004 5655; x_wconf 89' lang='lat' dir='ltr'><strong>hodie</strong></span> <span class='ocrx_word' id='word_1_809' title='bbox 1026 5604 1078 5655; x_wconf 89' lang='lat' dir='ltr'><strong>in</strong></span> <span class='ocrx_word' id='word_1_810' title='bbox 1103 5602 1265 5657; x_wconf 85' lang='lat' dir='ltr'><strong>codd.</strong></span> <span class='ocrx_word' id='word_1_811' title='bbox 1288 5601 1542 5657; x_wconf 76' lang='lat' dir='ltr'><strong>omnibus</strong></span> <span class='ocrx_word' id='word_1_812' title='bbox 1574 5601 1770 5672; x_wconf 81' lang='lat' dir='ltr'><strong>legitur</strong></span> 
     </span>
     <span class='ocr_line' id='line_1_108' title="bbox 195 5694 448 5746; baseline 0 -17"><span class='ocrx_word' id='word_1_813' title='bbox 195 5695 281 5746; x_wconf 74' lang='grc' dir='ltr'>τῳ</span> <span class='ocrx_word' id='word_1_814' title='bbox 355 5694 448 5745; x_wconf 62' lang='lat' dir='ltr'><strong>sq).</strong></span> 
     </span>
    </p>
   </div>
   <div class='ocr_carea' id='block_1_106' title="bbox 517 5763 1083 5826">
    <p class='ocr_par' dir='ltr' id='par_1_106' title="bbox 517 5763 1083 5826">
     <span class='ocr_line' id='line_1_109' title="bbox 517 5763 1083 5826; baseline 0.004 -2"><span class='ocrx_word' id='word_1_815' title='bbox 517 5766 787 5824; x_wconf 66' lang='grc' dir='ltr'>Ιδιτιιοι..</span> <span class='ocrx_word' id='word_1_816' title='bbox 834 5763 950 5824; x_wconf 80' lang='lat' dir='ltr'><strong>Cn.</strong></span> <span class='ocrx_word' id='word_1_817' title='bbox 986 5765 1083 5826; x_wconf 83' lang='lat' dir='ltr'><strong>CI.</strong></span> 
     </span>
    </p>
   </div>
   <div class='ocr_carea' id='block_1_107' title="bbox 1958 5458 2969 5530">
    <p class='ocr_par' dir='ltr' id='par_1_107' title="bbox 1958 5458 2969 5530">
     <span class='ocr_line' id='line_1_110' title="bbox 1958 5458 2969 5530; baseline 0.002 -18"><span class='ocrx_word' id='word_1_818' title='bbox 1958 5459 2071 5530; x_wconf 70' lang='grc' dir='ltr'>(οι)</span> <span class='ocrx_word' id='word_1_819' title='bbox 2109 5458 2201 5513; x_wconf 91' lang='lat' dir='ltr'><strong>Sic</strong></span> <span class='ocrx_word' id='word_1_820' title='bbox 2221 5460 2413 5529; x_wconf 78' lang='lat' dir='ltr'><strong>scripsi</strong></span> <span class='ocrx_word' id='word_1_821' title='bbox 2443 5475 2538 5526; x_wconf 84' lang='lat' dir='ltr'><strong>pro</strong></span> <span class='ocrx_word' id='word_1_822' title='bbox 2570 5459 2631 5511; x_wconf 85' lang='grc' dir='ltr'><strong>τὸ</strong></span> <span class='ocrx_word' id='word_1_823' title='bbox 2658 5459 2969 5530; x_wconf 87' lang='grc' dir='ltr'>πρόσωπον.</span> 
     </span>
    </p>
   </div>
   <div class='ocr_carea' id='block_1_108' title="bbox 1955 5529 3369 5600">
    <p class='ocr_par' dir='ltr' id='par_1_108' title="bbox 1955 5529 3369 5600">
     <span class='ocr_line' id='line_1_111' title="bbox 1955 5529 3369 5600; baseline -0.001 -17"><span class='ocrx_word' id='word_1_824' title='bbox 1955 5529 2066 5597; x_wconf 73' lang='lat'><strong>(9‘2)</strong></span> <span class='ocrx_word' id='word_1_825' title='bbox 2099 5530 2250 5600; x_wconf 88' lang='lat' dir='ltr'><strong>Colb.</strong></span> <span class='ocrx_word' id='word_1_826' title='bbox 2273 5529 2846 5600; x_wconf 60' lang='lat' dir='ltr'><strong>npwunoﬁzndps‘m</strong></span> <span class='ocrx_word' id='word_1_827' title='bbox 2872 5530 3097 5593; x_wconf 86' lang='lat' dir='ltr'><strong>rectius,</strong></span> <span class='ocrx_word' id='word_1_828' title='bbox 3129 5538 3187 5582; x_wconf 90' lang='lat' dir='ltr'><strong>ut</strong></span> <span class='ocrx_word' id='word_1_829' title='bbox 3217 5537 3369 5598; x_wconf 72' lang='lat' dir='ltr'><strong>puto.</strong></span> 
     </span>
    </p>
   </div>
   <div class='ocr_carea' id='block_1_109' title="bbox 1960 5599 2794 5671">
    <p class='ocr_par' dir='ltr' id='par_1_109' title="bbox 1960 5599 2794 5671">
     <span class='ocr_line' id='line_1_112' title="bbox 1960 5599 2794 5671; baseline 0.002 -21"><span class='ocrx_word' id='word_1_830' title='bbox 1960 5601 2068 5667; x_wconf 67' lang='lat'><strong>(9&#39;5)</strong></span> <span class='ocrx_word' id='word_1_831' title='bbox 2100 5599 2277 5671; x_wconf 77' lang='lat' dir='ltr'><strong>Malim</strong></span> <span class='ocrx_word' id='word_1_832' title='bbox 2302 5599 2478 5671; x_wconf 64' lang='lat' dir='ltr'><strong>legere</strong></span> <span class='ocrx_word' id='word_1_833' title='bbox 2511 5601 2794 5671; x_wconf 81' lang='grc' dir='ltr'>ποιοῦμεν.</span> 
     </span>
    </p>
   </div>
   <div class='ocr_carea' id='block_1_110' title="bbox 1958 5669 3230 5741">
    <p class='ocr_par' dir='ltr' id='par_1_110' title="bbox 1958 5669 3230 5741">
     <span class='ocr_line' id='line_1_113' title="bbox 1958 5669 3230 5741; baseline -0.005 -18"><span class='ocrx_word' id='word_1_834' title='bbox 1958 5671 2070 5741; x_wconf 62' lang='lat' dir='ltr'><strong>(9i)</strong></span> <span class='ocrx_word' id='word_1_835' title='bbox 2100 5670 2256 5725; x_wconf 87' lang='lat' dir='ltr'><strong>COIb.</strong></span> <span class='ocrx_word' id='word_1_836' title='bbox 2285 5669 2382 5740; x_wconf 76' lang='lat' dir='ltr'><strong>pro</strong></span> <span class='ocrx_word' id='word_1_837' title='bbox 2407 5669 2644 5738; x_wconf 76' lang='grc' dir='ltr'>εῦϐειαν,</span> <span class='ocrx_word' id='word_1_838' title='bbox 2671 5669 2789 5740; x_wconf 69' lang='lat' dir='ltr'><strong>qua:</strong></span> <span class='ocrx_word' id='word_1_839' title='bbox 2812 5687 2910 5725; x_wconf 71' lang='lat' dir='ltr'><strong>vox</strong></span> <span class='ocrx_word' id='word_1_840' title='bbox 2941 5669 3092 5721; x_wconf 86' lang='lat' dir='ltr'><strong>nihili</strong></span> <span class='ocrx_word' id='word_1_841' title='bbox 3124 5677 3230 5720; x_wconf 85' lang='lat' dir='ltr'><strong>est.</strong></span> 
     </span>
    </p>
   </div>
   <div class='ocr_carea' id='block_1_111' title="bbox 2957 5761 3033 5816">
    <p class='ocr_par' dir='ltr' id='par_1_111' title="bbox 2957 5761 3033 5816">
     <span class='ocr_line' id='line_1_114' title="bbox 2957 5761 3033 5816; baseline 0 0"><span class='ocrx_word' id='word_1_842' title='bbox 2957 5761 3033 5816; x_wconf 84' lang='lat'>33</span> 
     </span>
    </p>
   </div>
  </div>
