3854 6216
447 186 595 255 71027
614 199 620 204 ’

1589 179 1852 243 ΙἪΟΤΙΙ
1880 179 2386 240 PATRIARCH/E
2425 178 2534 238 (ΣΡ.

3570 173 3710 240 1098

444 302 792 373 amplificatae
827 307 1209 369 argumentum
1239 295 1529 361 aﬂaturns,
1559 297 1880 368 subjungit:
1908 317 1927 348 ι
1961 296 2027 350 Ut

2151 296 2374 351 ,αὸοῦσα
2417 297 2480 349 τὸ
2522 294 2744 366 ὕψωμα,
2804 314 2821 346 ι
2857 295 2976 349 Ἴνα
3017 297 3176 367 ἡμεῖς
3205 293 3366 361 Θεοῦ,
3403 296 3590 367 φησὶν,
3630 296 3716 348 δι-

443 411 550 450 -nos
580 395 798 464 justitia
841 393 932 447 Dei
970 394 1166 447 fiamus
1202 408 1295 461 per
1336 393 1535 463 ipsum.
1587 411 1607 444 ι
1654 391 1806 445 Hanc
1858 391 2024 460 igitur

448 501 669 555 operam
703 492 1045 553 praestantes,
1080 483 1276 552 inquit.
1315 487 1476 537 etiam
1511 499 1610 538 nos
1642 483 2021 546 adhortantur,

449 593 517 631 ne
554 592 651 631 vos
685 575 888 631 frustra
929 575 1155 645 gratiam
1199 574 1292 629 Dei
1341 576 1644 646 accipiatis.
1694 573 1771 629 Ita
1824 575 2026 629 Paulus

451 669 692 738 seipsum
717 678 1094 738 repraesentat,
1147 679 1401 738 tanquam
1426 684 1524 738 pro
1554 669 1774 724 Christo
1805 667 2023 739 legatio-

443 776 576 815 nem
618 763 932 816 obeuntem.
964 760 1105 827 Quo,
1141 777 1347 829 quaiso,
1381 761 1528 815 line?
1566 770 1624 814 ut
1647 775 1742 815 vos
1759 777 1825 815 ex
1850 771 2026 816 vestra

437 866 607 922 parte
640 863 851 908 tantum
917 854 1038 923 ejus
1088 853 1411 908 beneﬁcium
1460 868 1568 908 non
1623 855 1838 908 irritum
1880 855 2023 925 apud

452 958 552 996 vos
579 940 747 996 fuisse
781 943 1101 996 ostendatis.
1135 942 1252 996 Non
1289 958 1415 996 vero
1447 943 1624 997 solum
1653 961 1777 1008 nos,
1824 946 2023 1014 inquit,

455 1033 660 1104 legatos
696 1033 764 1087 ad
801 1048 896 1088 vos
922 1035 1154 1105 agimus,
1187 1034 1279 1089 sed
1305 1033 1379 1087 ita
1409 1043 1466 1088 ut
1500 1034 1614 1104 ipse
1639 1050 1858 1106 quoque
1884 1037 2029 1092 Deus

455 1139 509 1177 et
559 1115 718 1179 Pater
765 1141 871 1179 una
909 1125 1192 1179 nobiscum
1247 1140 1348 1195 pro
1375 1125 1514 1180 Filio
1548 1142 1650 1183 suo
1685 1130 2025 1184 adhortetur.

458 1217 836 1270 ltevereamini
866 1217 1048 1286 itaque
1084 1219 1316 1287 legatos,
1363 1219 1544 1287 magni
1577 1217 1792 1274 faciatis
1830 1221 2032 1273 adhor-

456 1319 654 1371 tantes,
684 1309 736 1360 in
776 1309 950 1376 pretio
991 1307 1434 1374 habeatisillum,
1465 1327 1563 1382 pro
1587 1328 1695 1382 quo
1728 1312 2032 1366 instituitur

459 1399 796 1453 adhortatio.
834 1397 990 1464 Quod
1025 1399 1070 1454 si
1106 1400 1314 1455 dictum
1359 1402 1489 1455 illud
1518 1403 1618 1458 hac
1648 1403 1859 1457 ratione
1886 1403 2032 1458 acci-

457 1494 695 1560 piamus,
751 1492 832 1554 τὸ,
899 1493 1039 1562 ὑπὲρ
1089 1493 1328 1563 Χριστοῦ
1382 1510 1493 1550 non
1545 1495 1686 1549 idem
1731 1497 1854 1561 erit,
1887 1496 2030 1565 quod

457 1583 579 1636 ἀντὶ
617 1585 854 1654 Χριστοῦ
893 1585 1026 1654 (loco
1049 1584 1292 1658 Christi),
1321 1588 1413 1642 sed
1441 1588 1642 1643 rectius
1666 1589 1760 1654 ita,
1792 1598 1850 1643 ut
1873 1588 2034 1643 modo

457 1677 658 1729 dictum
693 1687 797 1739 est,
833 1680 1154 1748 accipietur.

527 1768 857 1834 ρυΑῑεοΤιυ
909 1770 1216 1826 CCXXXIII
1253 1770 1446 1844 [CoisL
1498 1773 1662 1828 Taur.
1705 1771 1968 1845 LXXXI].

462 1866 602 1932 Quid
659 1874 735 1918 est
794 1863 930 1917 illud
984 1880 1004 1918 :
1042 1884 1058 1914 ι
1109 1863 1198 1918 Vel
1229 1876 1279 1917 ut
1318 1869 1622 1920 accuratius
1647 1867 1948 1937 loquamur,
1981 1882 2043 1920 ea

1008 1951 1124 2005 qua:
1159 1937 1457 1992 divinitas?
1491 1957 1508 1989 ι

2133 390 2394 458 καιοσύνη
2448 388 2736 458 γενώμεθα
2787 390 2843 441 ὲν
2907 389 3077 459 αὐτῷ.
3127 406 3147 440 ι
3177 387 3574 458 Συνεργοῦντες
3625 388 3712 452 δὲ,

2133 483 2289 550 φησὶ,
2325 485 2420 535 καὶ
2454 483 2903 553 παρακαλοῦμεν,
2937 482 3010 554 μὴ
3041 485 3120 545 είς
3153 483 3310 535 κενὸν
3336 480 3430 534 τοῦ
3449 481 3584 533 Θεοῦ
3613 480 3717 550 τήν

2133 583 2296 644 χάριν
2341 574 2598 639 δέξασθαι
2626 576 2790 647 ὑμᾶς.
2825 575 3011 640 Οῦτως
3045 576 3238 630 ἑαυτὸν
3283 576 3312 628 ὁ
3343 573 3553 636 Παῦλος
3590 573 3717 626 δια-

2136 668 2296 733 σαφεῖ
2340 661 2452 719 οἷον
2501 667 2643 737 ὑπὲρ
2690 669 2928 737 Χριστοῦ
2980 667 3439 737 πρεσϐευόμενος.
3487 665 3607 717 Ἵνα
3655 662 3714 716 τί

2133 759 2393 827 γένηται;
2431 759 2517 811 ἵνα
2561 759 2661 829 τὴν
2691 759 2901 812 ἐκείνου
2933 760 3093 830 χάριν
3122 757 3392 828 τοσαύτην
3426 752 3593 810 οὖσαν
3635 755 3713 824 μὴ

2134 855 2299 926 κενὴν
2327 855 2456 924 τόγε
2489 857 2757 927 ὑμέτερον
2793 856 2959 927 μέρος
2991 855 3288 925 άπελέγξῃ.
3321 854 3434 923 Οὐχ
3470 853 3632 923 ἡμεῖς
3654 850 3714 904 δὲ

2139 951 2298 1022 μόνον
2319 949 2416 1018 τὴν
2444 949 2744 1021 πρεσϐείαν
2773 951 2904 1018 ύμῖν
2943 947 3314 1020 προσάγομεν,
3358 945 3471 998 ἀλλ’
3503 945 3579 1008 ὠς
3615 943 3715 996 καὶ

2136 1041 2302 1097 αὑτοῦ
2340 1041 2436 1096 τοῦ
2473 1041 2610 1096 Θεοῦ
2661 1042 2756 1096 καὶ
2805 1042 3021 1113 Πατρὺς
3077 1040 3196 1110 μεθ’
3227 1039 3385 1110 ἡμῶν
3432 1037 3574 1106 ὑπὲρ
3614 1036 3710 1090 τοῦ

2136 1136 2267 1190 Υἱοῦ
2303 1135 2771 1207 παρακαλοῦντος.
2803 1133 3140 1205 Ἐντράπητε
3181 1133 3311 1197 τοὺς
3345 1130 3712 1202 πρεσὸευτὰς,

2136 1229 2500 1300 δυσωπήθητε
2572 1229 2702 1292 τοὺς
2780 1226 3274 1298 παρακαλοῦντας.
3362 1222 3712 1293 εὐλασήθητε

2137 1323 2227 1375 τὸν
2264 1321 2379 1392 (95)
2415 1319 2556 1391 ὑπὲρ
2591 1315 2649 1374 οὗ
2683 1321 2714 1389 ή
2745 1317 3110 1390 παράκλησις.
3143 1314 3347 1369 Τούτου
3392 1313 3449 1366 δὲ
3481 1314 3575 1365 τοῦ
3612 1314 3716 1382 ῥη-

2138 1413 2234 1468 τοῦ
2282 1412 2762 1484 ἐκλαμϐανομένου
2793 1452 2808 1477 ,
2866 1411 2962 1464 καὶ
3024 1408 3084 1462 τὸ
3125 1407 3267 1478 ὑπὲρ
3317 1404 3556 1476 Χριστοῦ
3612 1405 3716 1457 οὐκ

2141 1507 2262 1559 ἀντὶ
2287 1505 2550 1576 Χριστοῦ,
2583 1501 2720 1570 ἀλλ’,
2758 1501 2834 1567 ὡς
2866 1501 3106 1573 εἴρηται,
3135 1499 3258 1554 κατ’
3293 1497 3511 1552 εὐθεῖαν
3532 1514 3718 1568 παρα-

2140 1597 2500 1668 ληφθήσεται.

2663 1769 3000 1824 ΕΡΩΤΗΣΙΣ
3037 1768 3202 1822 ΣΛῙἻ.

2148 1863 2209 1917 TI
2233 1862 2424 1926 ἐστιν,
2463 1881 2480 1914 ι
2515 1862 2582 1918 Ἢ
2603 1863 2671 1916 τό
2693 1878 2758 1932 τε
2782 1860 3205 2003 ἀκρὶξέρντερον
3221 1858 3434 1924 είπεῖν,
3453 1857 3491 1913 ἂ
3518 1859 3555 1927 ἠ
3579 1859 3692 1912 Θεό
3715 1889 3719 1892 -

2757 1949 2864 1998 της
2991 1961 3006 1994 ι
3030 1947 3045 1995 ;
3075 1951 3093 1983 ³

2757 1949 2864 1998 της
2891 1933 3045 1998 (96};
3075 1951 3093 1983 ι

705 2045 847 2094 Nunc
868 2043 1076 2107 primum
1099 2046 1228 2094 edita
1248 2059 1274 2094 a
1308 2047 1367 2096 D.
1402 2047 1830 2110 Hergenroelher.
1853 2074 1913 2085 -ι
1934 2043 2215 2109 Explicatio
2254 2042 2520 2093 verborum
2546 2043 2869 2105 quorumdam
2902 2039 3130 2105 Gregorii
3164 2040 3469 2091 Nazianzeni.

520 2129 830 2202 'Qquiam,
864 2129 1072 2197 inquit,
1124 2143 1232 2182 vox
1288 2130 1342 2183 in
1397 2146 1498 2200 quo
1556 2146 1665 2184 non
1696 2129 1881 2184 ἰιιιιιιιι
1913 2129 2046 2200 quid

451 2224 715 2292 '(l'esiguat
752 2229 831 2285 ut,
856 2221 1006 2276 verbi
1033 2221 1236 2292 gratia,
1267 2223 1413 2290 quod
1445 2223 1500 2276 in
1539 2223 1680 2277 cmlo
1707 2230 1811 2287 est,
1845 2233 1898 2277 et
1926 2237 2048 2292 quae

468 2317 522 2369 in
559 2330 625 2368 eo
670 2326 798 2368 sunt
821 2313 988 2381 (aliud
1040 2313 1186 2368 enim
1210 2323 1293 2368 est
1322 2314 1521 2369 coelum
1554 2325 1608 2368 et
1634 2314 1782 2369 aliud
1816 2315 1958 2383 quod
1991 2315 2042 2369 in

469 2407 654 2474 caelo),
708 2423 776 2461 ne
828 2407 958 2476 quid
990 2406 1134 2461 aliud
1159 2407 1336 2462 simile
1365 2408 1451 2461 hic
1481 2422 1702 2477 quoque
1723 2409 2042 2478 suspiceris,

2228 2124 2469 2197 Ἐπειδὴ,
2500 2125 2656 2195 φησὶ,
2687 2125 2750 2177 τὸ
2770 2124 2840 2177 ἐν
2872 2118 2920 2192 ᾧ
2949 2125 3046 2195 οὐχ
3067 2123 3126 2177 ἓν
3147 2140 3202 2177 τι
3233 2124 3590 2195 παρίστησιν,
3608 2119 3724 2177 οἷον

2142 2218 2202 2271 τὸ
2229 2219 2285 2269 ἐν
2313 2217 2529 2288 οὐρανῷ
2571 2218 2666 2269 καὶ
2695 2217 2763 2270 τὰ
2792 2217 2850 2268 ἐν
2883 2215 3031 2286 αὐτῷ
3061 2215 3272 2288 (ἕτερον
3297 2216 3408 2287 γὰρ
3433 2217 3460 2269 ό
3488 2216 3724 2287 οὐρανὸς

2143 2312 2240 2365 καὶ
2272 2312 2458 2382 ἕτερον
2505 2309 2567 2363 τό
2607 2311 2668 2362 ὲν
2702 2309 2874 2380 αὐτῷ)
2899 2349 2913 2375 ,
2949 2308 3038 2362 ἵνα
3063 2307 3228 2379 μηδὲν
3260 2308 3502 2361 τοιοῦτον
3534 2307 3725 2378 ἓτερον

2143 2403 2490 2474 ὑποπτεύσῃς
2503 2401 2600 2456 καὶ
2625 2401 2881 2466 ἐνταῦθα,
2907 2401 3186 2472 συντόμως
3207 2400 3404 2468 ὲπάγει
3420 2416 3435 2430 ·
3467 2401 3571 2453 ι”Η
3583 2401 3644 2453 τό
3659 2418 3726 2468 γε

459 2499 756 2554 confestim
799 2498 949 2552 addit
985 2516 998 2552 :
1035 2517 1054 2549 ι
1092 2497 1176 2553 vel
1203 2507 1264 2553 ut
1301 2500 1610 2554 accuratius
1643 2500 1952 2569 loquamur,
1981 2517 2040 2555 ea

2151 2495 2535 2567 ἀκριϐέστερον
2569 2497 2765 2559 εἰπεῖν,
2796 2492 2831 2547 ἃ
2861 2495 2892 2564 ἡ
2934 2493 3159 2564 Θεότης.
3200 2512 3220 2546 ι
3255 2493 3420 2547 Ἐστι
3452 2493 3509 2546 δὲ
3539 2493 3726 2546 λαϐεῖν

474 2603 595 2657 qua:
628 2596 756 2642 sunt
787 2587 902 2656 ipsa
931 2585 1212 2640 divinitas.
1249 2604 1268 2637 ι
1303 2584 1459 2640 Licet
1491 2600 1621 2641 vero
1654 2595 1708 2640 et
1739 2587 1901 2656 hujus
1932 2602 2040 2641 ser-

2151 2589 2239 2641 τοῦ
2269 2588 2428 2657 λόγου
2457 2589 2554 2642 καὶ
2579 2589 2762 2641 εἰκόνα
2783 2604 2799 2620 ·
2837 2587 3029 2659 ὥσπερ
3074 2590 3183 2658 γάρ
3209 2588 3266 2641 ἐν
3295 2590 3408 2651 τοῖς
3443 2586 3726 2657 βασιλεῦσι

474 2682 653 2733 monis
714 2678 1004 2747 imaginem
1071 2692 1310 2733 sumere.
1368 2677 1836 2743 Quemadmodum
1901 2679 2040 2732 enim

2151 2679 2320 2747 λέγων
2350 2696 2434 2742 τις
2483 2673 2622 2732 εἶναι
2655 2677 2930 2749 βασιλείαν
2975 2677 3072 2731 καὶ
3110 2677 3502 2750 ἀκριϐέστερον
3553 2677 3730 2745 αὐτὴν

472 2771 598 2841 quis
627 2769 816 2824 dicens
865 2770 918 2823 in
958 2769 1176 2839 regibus
1211 2783 1332 2823 esse
1383 2784 1608 2839 regnum
1644 2778 1700 2823 et
1740 2769 2040 2824 accuratius

2151 2769 2497 2840 παραστῆσαι
2549 2768 2877 2838 βουλόμενος
2915 2768 3114 2820 ἐνεῖναι
3147 2766 3381 2829 τούτοις,
3415 2765 3612 2834 μᾶλλον
3644 2764 3728 2831 δὲ,

473 2863 812 2917 indicaturus
860 2861 994 2933 ipsis
1058 2877 1288 2932 regnum
1332 2862 1514 2917 inesse
1554 2863 1789 2931 adjicere
1826 2874 2040 2933 potest:

2151 2861 2422 2930 ἐπαγάγοι
2442 2899 2457 2923 ,
2491 2880 2510 2913 ι
2531 2859 2740 2924 Αὐτοὺς
2757 2855 2893 2912 εἷναί
2909 2878 3050 2931 φημι
3072 2861 3168 2930 τὴν
3188 2859 3490 2930 βασιλείαν,
3512 2877 3533 2912 ι
3559 2859 3729 2912 καὶτὸ

476 2973 497 3008 ι
542 2957 655 3009 lmo
712 2956 858 3023 ipsos
910 2971 1064 3024 reges
1111 2970 1337 3025 regnum
1393 2969 1516 3010 esse
1557 2953 1787 3020 afﬁrmo,
1821 2977 1840 3006 ι
1887 2964 2040 3024 atque

2155 2955 2253 3024 μὲν
2280 2955 2480 3025 κράτος
2499 2953 2598 3022 τῆς
2630 2953 2905 3022 βασιλείας
2927 2954 3112 3015 αὐτοῖς
3133 2952 3381 3022 ἐναργῶς
3407 2953 3727 3021 περιάπτει,

470 3047 670 3102 exinde
699 3047 918 3116 quidem
945 3056 1266 3116 potestatem
1288 3046 1440 3115 regni
1469 3045 1576 3101 illis
1601 3045 1904 3101 luculenter
1933 3047 2040 3098 vin-

2151 3048 2248 3098 οὐκ
2281 3048 2362 3109 εἰς
2393 3045 2658 3112 ποιότητα
2700 3046 2758 3098 δὲ
2788 3045 2888 3115 τὴν
2929 3031 3039 3098 τῶν
3075 3044 3339 3115 βασιλέων
3373 3043 3591 3114 ἀμείϐει
3619 3043 3730 3111 φύ-

471 3139 639 3202 dicat,
673 3152 780 3192 non
814 3154 944 3191 vero
991 3139 1044 3191 in
1078 3137 1399 3206 qualitatem
1449 3137 1613 3191 vertit
1656 3152 1843 3208 regum
1888 3145 2040 3190 natu-

2152 3155 2235 3191 σιν
2254 3154 2267 3166 ·
2301 3137 2474 3202 οὕτως
2513 3139 2666 3192 οὐδὲν
2704 3137 2902 3192 κωλύει
2934 3137 3160 3206 λέγοντα
3191 3153 3206 3167 °
3249 3156 3268 3189 ι
3297 3137 3513 3191 Μᾶλλον
3537 3136 3594 3189 δὲ
3626 3136 3664 3190 ἃ.
3695 3139 3730 3208 ἠ

472 3244 591 3282 ram
640 3244 654 3279 :
698 3227 772 3280 ita
825 3227 957 3278 nihil
995 3225 1250 3295 prohibet
1295 3227 1591 3296 quominus
1635 3229 1759 3296 quis
1813 3227 2048 3280 dicens:

478 3337 498 3371 ι
540 3319 726 3373 POtius
757 3318 890 3386 ipsis
920 3332 1040 3387 quae
1083 3329 1208 3372 sunt
1243 3318 1505 3372 divinitas
1545 3337 1563 3370 ι
1615 3317 2052 3388 inseparabilita-

472 3417 580 3464 tem
637 3409 856 3478 quidem
909 3417 962 3462 et
1010 3407 1504 3462 indirisibilitatem
1533 3408 1837 3462 divinitatis
1868 3422 1896 3460 a
1925 3422 2048 3475 per-

472 3497 626 3552 Sntlis
683 3495 904 3558 indicet,
942 3509 1050 3548 non
1119 3507 1298 3548 tamen
1343 3495 1598 3564 quamvis
1655 3509 1944 3564 personam
1995 3493 2048 3546 in

473 3587 808 3642 divinitatem
860 3585 941 3639 vel
981 3587 1034 3637 in
1087 3587 1333 3638 eamdem
1384 3597 1632 3638 naturam
1665 3583 1922 3648 resolvat,
1955 3584 2048 3637 sed

473 3680 656 3749 potius
691 3678 1077 3748 proprietatem
1133 3690 1493 3746 personarum
1541 3677 1879 3743 custodiens,
1902 3676 2050 3746 quod

478 3769 639 3823 unius
686 3777 741 3822 et
781 3768 896 3822 haec
925 3777 1054 3822 sunt
1077 3778 1131 3822 et
1159 3780 1368 3821 naturae
1396 3777 1450 3820 et
1471 3766 1767 3820 divinitatis
1789 3775 1842 3820 et
1863 3781 2048 3822 essen-

475 3863 580 3929 tiee,
611 3878 701 3929 per
725 3877 788 3917 ea
813 3861 974 3915 verba
1005 3859 1257 3914 declaret.

546 3954 870 4025 QUAESTIO
909 3953 1213 4008 CCXXXIV
1249 3954 1435 4027 [CoisL
1477 3955 1639 4009 Taur.
1693 3951 1978 4024 LXXXII].

476 4050 649 4118 Quam
681 4054 740 4102 ob
773 4065 987 4102 causam
1035 4047 1127 4100 ille
1169 4049 1258 4117 qui
1292 4057 1396 4101 toto
1429 4065 1643 4114 corpore
1677 4057 1790 4101 erat
1818 4049 2052 4114 leprosus

548 4125 603 4173 in
661 4120 828 4173 Veteri
853 4118 1182 4172 Testamento
1212 4134 1374 4183 purus
1424 4120 1716 4178 dicebatur.
1749 4121 1836 4190 qui
1878 4127 2053 4168 autem

545 4208 610 4246 ex
633 4202 782 4259 parte
820 4201 1047 4247 tantum.
1087 4191 1364 4256 impurus?

2149 3231 2378 3301 Θεότης,
2417 3248 2436 3281 ι
2474 3231 2535 3283 τὸ
2572 3231 2878 3300 ἀχώριστον
2906 3231 3005 3301 μὲν
3040 3233 3210 3303 αὐτῆς
3263 3231 3400 3301 πρὸς
3443 3230 3542 3292 τὰς
3590 3229 3734 3281 ὐπο-

2153 3323 2374 3386 στάσεις
2399 3323 2495 3376 καὶ
2519 3323 2579 3376 τὸ
2602 3323 2911 3393 ἀδιαίρετον
2933 3322 3150 3394 δηλοῦν,
3180 3323 3241 3376 οὺ
3274 3323 3384 3393 μὴν
3410 3322 3466 3374 δὲ
3491 3322 3735 3390 ἑκάστην

2150 3417 2228 3476 εἰς
2255 3414 2490 3484 θεότητα
2541 3415 2574 3484 ἢ
2608 3417 2688 3478 είς
2717 3419 2818 3486 τὴν
2872 3416 3041 3482 αὐτὴν
3075 3415 3332 3475 ἀναλύειν
3375 3414 3560 3485 φύσιν,
3593 3414 3737 3468 ἀλλὰ

2150 3504 2437 3570 φυλάττων
2462 3505 2522 3558 τὸ
2549 3505 2745 3576 ἰδίωμα
2771 3506 2879 3561 τῶν
2919 3508 3292 3570 ὑποστάσεων,
3326 3507 3408 3561 ὅτι
3445 3509 3577 3576 μιᾶς
3609 3509 3737 3560 ἐστι

2152 3597 2248 3647 καὶ
2275 3597 2450 3650 ταῦτα
2479 3598 2573 3651 καὶ
2605 3599 2819 3666 φύσεως
2850 3600 2944 3654 καὶ⁴
2973 3600 3237 3672 Θεότητος
3274 3601 3370 3656 καὶ
3399 3601 3609 3666 οὐσίας,
3640 3600 3737 3654 διὰ

2153 3690 2259 3742 τῶν
2288 3691 2550 3761 ῥημάτων
2577 3691 2900 3764 παρίστησι.

2669 3960 3001 4015 ΕΡΩΤΗΣΙΣ
3049 3959 3210 4016 ΣΛΔ⁹.

2161 4051 2327 4116 Τίνος
2357 4049 2534 4125 ἕνεκα
2557 4054 2600 4125 μό
2629 4051 2750 4125 pth:
2783 4057 3117 4123 ὁλόλεπρος
3149 4056 3307 4123 παρὰ
3356 4057 3432 4115 ri
3473 4059 3732 4125 Πηλιιιᾷ,

2225 4123 2481 4245 summa;
2543 4121 2856 4193 ἐλογίζετοσ
2926 4128 2958 4179 ό
3009 4121 3091 4179 ἡδὲ
3153 4121 3241 4179 ea
3273 4125 3514 4196 μέρους,
3582 4121 3742 4184 dxi-1"-

2259 4208 2466 4258 αρτοςς

781 4283 923 4331 Edita
941 4296 969 4329 a
994 4281 1118 4330 Maio
1145 4283 1292 4342 (Nov.
1325 4279 1451 4332 Coll.
1477 4287 1513 4331 t.
1541 4281 1624 4342 IX,
1651 4297 1698 4346 p.
1734 4283 1865 4346 112).
1889 4311 1950 4322 -
1980 4286 2055 4336 De
2079 4286 2388 4348 leprosorum
2423 4284 2709 4336 diversitate
2732 4291 3000 4339 secundum
3027 4290 3182 4342 Levit.
3213 4306 3318 4354 xm,
3347 4295 3422 4343 15.

547 4369 684 4435 Quia
708 4369 797 4436 qui
822 4375 935 4419 toto
957 4379 1188 4434 corpore
1222 4374 1339 4418 erat
1359 4366 1609 4435 leprosus
1633 4369 1837 4423 nullam
1888 4386 2051 4426 sana-

467 4461 644 4517 .tionis
684 4473 834 4527 spem
871 4457 1133 4521 habebat,
1167 4464 1222 4509 et
1263 4456 1387 4510 ideo
1441 4459 1752 4514 misericors
1784 4461 1926 4517 Deus
1949 4462 2052 4516 du-

470 4556 670 4624 plicem
700 4552 776 4605 illi
803 4550 1042 4604 dolorem
1074 4563 1180 4603 non
1207 4549 1470 4618 judicavit
1497 4551 1852 4615 offerendum,
1876 4554 1926 4608 id
1947 4565 2049 4617 est,

475 4645 683 4710 lepratn
717 4647 770 4693 et
805 4636 1136 4706 itnpuritatis
1165 4647 1471 4716 nomennet
1505 4656 1532 4692 a
1566 4640 1737 4694 sacris
1771 4643 2048 4712 relegatio.

477 4732 570 4786 Ille
601 4741 784 4785 autem
809 4731 902 4798 qui
932 4745 997 4783 ex
1025 4736 1177 4798 parte
1204 4738 1414 4782 tantum
1450 4741 1570 4784 erat
1628 4731 1905 4801 leprosus,
1924 4750 2052 4789 cum

479 4836 602 4888 spes
630 4816 931 4875 sanationis
955 4817 1029 4870 illi
1057 4816 1350 4870 maximam
1389 4817 1514 4872 mali
1539 4828 1748 4885 partem
1785 4822 2045 4889 auferret,

471 4908 673 4960 merito
721 4921 830 4960 non
879 4905 1066 4959 eadem
1098 4904 1498 4974 philanthropia
1528 4907 1763 4976 gaudere
1793 4911 2048 4980 dignatus

458 5009 580 5053 «est.

2230 4372 2353 4422 Ὀτι
2394 4374 2421 4424 ὁ
2462 4371 2561 4440 μὲν
2604 4373 2780 4425 διόλου
2834 4373 3034 4446 λεπρὸς
3079 4377 3140 4430 τὸ
3186 4378 3506 4432 ἀνέλπιστον
3563 4381 3741 4452 ἔφερε

2151 4459 2286 4528 πρὸς
2322 4461 2419 4529 τὴν
2458 4461 2620 4514 ἴασιν.
2663 4463 2864 4533 Διόπερ
2905 4467 2933 4517 ό
2967 4467 3346 4539 φιλάνθρωπος
3371 4471 3501 4534 Θεὸς
3529 4472 3742 4542 διπλῆν

2150 4551 2300 4622 αὐτῷ
2343 4553 2443 4620 τὴν
2490 4552 2679 4623 ποινὴν
2729 4555 2957 4622 ἐπάγειν
3007 4559 3108 4612 οὐκ
3151 4561 3471 4631 ἐδοκίμαζε,
3521 4567 3628 4634 τήν
3672 4584 3739 4618 τε

2152 4643 2358 4714 λέπραν
2387 4645 2530 4714 φημὶ
2566 4645 2661 4697 καὶ
2687 4646 2748 4698 τὸ
2787 4646 2895 4698 ἀπὸ
2923 4649 3022 4718 τῆς
3053 4651 3398 4724 ἀκαθαρσίας
3431 4655 3608 4726 ὄνομα
3640 4662 3743 4711 καὶ

2151 4733 2245 4787 τοῦ
2293 4735 2438 4804 ίεροῦ
2485 4736 2546 4790 τὸ
2594 4737 2914 4809 ὑπερόριον·
2971 4743 3048 4813 τῷ
3091 4743 3147 4798 δὲ
3196 4747 3262 4798 ὲκ
3297 4749 3496 4818 μέρους
3540 4750 3742 4822 λεπρῷ

2156 4828 2443 4898 ὲπείπερή
2479 4829 2636 4892 ἐλπὶς
2677 4832 2776 4899 τῆς
2810 4832 3006 4898 ἰάσεως
3036 4836 3097 4888 τὸ
3130 4839 3266 4892 πολὺ
3302 4841 3395 4893 τοῦ
3432 4842 3746 4911 λυποῦντος

2157 4915 2534 4986 ἐπεκούφιζεν.
2590 4919 2817 4984 εἰκότως
2877 4926 2937 4976 οὐ
2998 4925 3097 4994 τῆς
3145 4927 3266 4999 ἴσης
3323 4931 3745 5006 φιλανθρωπίας

2156 5008 2447 5063 ἀπολαύειν
2477 5011 2859 5069 ἐπιδείκνυται.

2002 5094 2230 5151 ΝΟΤίΕ.

535 5183 659 5253 (fi-5)
687 5182 922 5236 Colbert.
952 5200 1050 5253 pro
1071 5187 1216 5248 τούς·

550 5247 828 5328 (ίόξ-διιιιι
859 5247 1219 5328 ιειιιῖϐιυευιίιι
1249 5255 1571 5328 Nazianzeni
1599 5257 1750 5315 Orat.
1787 5261 1854 5315 59
1881 5260 2044 5328 p.650

475 5323 713 5400 ιεΛᾹΙξὶΙΙἶ
737 5323 802 5400 ἓν
817 5323 925 5400 γάρ
954 5323 1209 5400 ὲνᾉτρίισὶν
1229 5329 1264 5396 ἠ
1286 5327 1477 5400 βεότης
1501 5330 1594 5382 καὶ
1619 5331 1687 5383 τὰ
1711 5332 1837 5400 τρία
1859 5323 1940 5384 ἔν’
1977 5334 2046 5385 τά

477 5388 652 5473 sulci;
690 5395 744 5473 ἡ.
779 5388 970 5473 θεό;’ῃς
1002 5388 1229 5473 iis};
1251 5388 1669 5473 ’ἀκριϐέστερον
1722 5388 1916 5466 ε’ίπείν,
1945 5401 1980 5455 ἃ
2007 5404 2040 5473 ἡ

475 5464 686 5532 θεότης.
706 5464 1000 5534 Gregorius
1025 5464 1400 5520 Nazianzenus
1423 5464 1595 5522 tribus
1612 5469 1860 5526 formulis
1881 5464 2042 5527 trium

475 5549 832 5604 personarqu
863 5537 1058 5590 realem
1098 5551 1221 5590 cum
1256 5537 1455 5590 deitate
1499 5541 1834 5596 identitatem
1862 5543 2045 5596 decla-

476 5603 579 5661 rat.
610 5603 749 5661 Sunt
785 5620 1030 5676 persona:
1060 5621 1124 5663 ea
1158 5620 1390 5675 quorum
1433 5608 1605 5666 dcitas
1648 5612 1737 5683 (τὰ
1762 5607 1890 5683 ὦ·θὴ
1928 5612 2047 5666 θεό-

2147 5194 2293 5282 anc),
2317 5211 2380 5252 ea
2489 5199 2692 5282 quibus
2721 5201 2894 5282 deitas
2924 5204 2942 5268 (
2966 5205 3046 5282 ea
3083 5206 3142 5282 ὲν
3161 5200 3248 5282 οῖςΔ
3287 5211 3320 5278 ὴ
3351 5209 3564 5282 Θεότης)
3591 5225 3647 5267 et
3668 5229 3741 5270 ea

2149 5281 2270 5347 quae
2301 5277 2429 5347 sunt
2450 5272 2567 5338 ipsa
2587 5272 2888 5347 divinitas_(
2919 5274 2988 5326 τὰ
3017 5275 3052 5329 ἃ
3097 5279 3128 5347 ἠ
3163 5272 3396 5347 (Madvig).
3437 5272 3630 5336 Deliis
3651 5286 3739 5338 lo-

2148 5338 2460 5418 cutioqibus
2480 5356 2598 5418 sese
2614 5338 3222 5418 mujugillustrantibus
3241 5338 3450 5418 egimus
3466 5353 3519 5404 in
3538 5365 3743 5410 nostro

2148 5404 2286 5458 libro
2315 5406 2568 5487 llos-trina
2590 5413 2666 5487 de
2685 5412 3066 5487 §_.__Trinitateg
3097 5435 3162 5470 ex
3187 5404 3435 5487 Gregorio
3475 5419 3565 5474 Na
3577 5404 3731 5477 έῖἀὶιῖ

2152 5492 2299 5540 zeuo,
2322 5477 2630 5554 Ratisbome
2652 5483 2808 5549 1850,
2835 5500 2887 5554 p.
2919 5486 3010 5550 41,
3034 5477 3355 5542 Germanice
3385 5491 3553 5545 edito.
3581 5495 3737 5548 Duas

2148 5561 2450 5634 poStrenias
2481 5550 2742 5633 formulas
2767 5550 2888 5634 lotio
2927 5556 3094 5634 citato
3118 5558 3734 5634 conjungitGregorius

2148 5631 2198 5671 et
2237 5628 2520 5686 postremae
2548 5623 2652 5676 vim
2683 5627 2906 5694 exponit
2926 5624 3174 5683 Pbutius.
