3854 6216
168 204 299 269 1029

670 322 1010 379 ΕΡΩΤιιΣιΣ
1047 323 1210 376 ΣΛΕ*⁸

161 441 326 503 τίνος
355 438 537 492 ἓνεκα
565 437 800 509 λέγεται
827 438 894 492 τὸ
929 438 1174 506 Πνεῦμα
1199 435 1380 492 εἰκὼν
1409 434 1735 509 τοῦῴζιοῢς

224 509 321 562 καί
356 512 449 576 τίς
480 512 519 578 ἠ
553 507 674 563 ’τώὑκ⁵
697 510 1112 578 Πυθαγορείων
1147 509 1468 576 τετρακτύς
1506 507 1659 578 (97);

840 206 942 267 AD
969 203 1563 267 AMPI—IILOCHIUM
1603 202 1950 276 QUESTIO
1969 203 2316 266 CCXXXIII
2351 208 2737 270 CCXXXVII.

3273 209 3408 275 1030

1762 331 1813 387 Α
1906 320 2234 388 ρυΛΕΞΊΊΟ
2283 322 2564 378 CCXXXV
2599 324 2788 396 |Coitl.
2835 325 2998 380 Taur.
3030 325 3337 400 LXXXIII].

1840 438 1952 495 Cur
1981 439 2195 494 dicatur
2226 439 2460 510 Spiritus
2491 442 2664 510 imago
2703 441 2853 507 Filii,
2887 445 3088 515 etquid
3119 446 3188 499 sit
3213 443 3420 517 Pytha-

2328 528 2625 582 gorworttm
2657 523 2722 567 tet
2734 526 2936 569 racius.

1414 669 1558 721 Edita
1582 685 1612 721 a
1634 668 1758 722 Maio
1784 672 1843 736 (ι.
1867 685 1909 724 e.
1942 687 1974 737 ρ
2028 671 2160 738 H3).

223 804 405 855 Εξκὼν
444 801 664 871 λέγεται
713 800 806 854 τοῦ
846 800 1056 870 Πατρὺς
1102 803 1129 854 6
1173 802 1301 866 Υἱὸς
1348 802 1444 855 καὶ
1485 802 1562 863 ὡς
1610 803 1746 872 πρὸς

157 895 310 948 αὐτὸν
349 895 471 946 κατ’
507 894 686 946 αἰτίαν
722 894 1162 964 ἀναφερόμενος,
1199 895 1294 946 καὶ
1320 894 1392 958 ὡς
1440 894 1618 965 ἐαυτῷ
1655 896 1748 949 τὸν

159 987 382 1056 Πατέρα
413 986 740 1057 προδεικνὺς
774 988 867 1038 καὶ
905 987 1208 1052 εἰκονίςων,
1247 987 1306 1048 ὃς
1333 1004 1436 1040 που
1482 990 1575 1040 καὶ
1610 989 1747 1061 πρὸς

157 1084 240 1134 τὸν
251 1081 526 1134 Φίλιππον
548 1098 592 1132 Ὶ
617 1081 674 1134 '0
689 1079 953 1152 ἑωρακὼς
976 1082 1100 1152 ἐμὲ,
1115 1080 1331 1152 ἑώρακε
1348 1082 1439 1134 τὸν
1465 1082 1704 1153 Πατέρα·
1719 1101 1740 1135 t

156 1173 314 1226 εἰκὼν
350 1175 409 1226 δὲ
442 1174 572 1226 Υἱοῦ
616 1174 679 1226 τὸ
709 1174 935 1244 Πνεῦμα
967 1176 1066 1245 οὐχ
1096 1174 1172 1237 ὡς
1198 1176 1278 1238 εἰς
1309 1174 1741 1244 ἀναφερόμενον·

157 1267 369 1333 ἄπαγε’
415 1265 530 1319 ἀλλ’
561 1266 645 1318 ὃτι
691 1264 766 1336 μὴ
798 1262 910 1319 οἷόν
942 1283 1003 1318 τε
1045 1266 1299 1337 γνωρίσαι
1342 1266 1434 1319 τὸν
1471 1267 1598 1320 Υἱὸν
1627 1269 1745 1320 ὲτὲ-

159 1360 355 1427 ρωθεν,
410 1361 460 1410 εἰ
512 1357 587 1430 μὴ
632 1358 694 1410 τὸ
741 1359 1009 1426 πανὰγιον
1058 1359 1192 1429 πρὸς
1238 1360 1339 1432 τὴν
1379 1362 1753 1432 χειραγωγίαν

156 1451 424 1520 συνεργὸν
446 1451 664 1505 λάϐοιτο
695 1451 940 1520 Πνεῦμα.
971 1452 1084 1523 Τὴν
1110 1453 1416 1524 τετρακτὺν
1438 1455 1496 1508 δὲ
1516 1455 1751 1524 τιμῶσιν

154 1545 200 1595 oi
230 1543 601 1612 Πυθαγόρειοι
620 1543 697 1606 ὼς
737 1543 923 1597 εἰκόνα
950 1543 1062 1596 τῶν
1094 1545 1377 1615 τεσσάρων
1406 1542 1572 1600 οὖσαν
1605 1563 1750 1599 στοι-

154 1637 340 1706 κείων.

677 1751 1016 1805 ΕιιοτιιΣιΣ
1054 1751 1234 1818 nter.

398 1844 560 1897 Διατί
591 1844 826 1913 ἀλείφει
854 1845 963 1897 τὸν
989 1845 1164 1898 λίθον
1189 1847 1224 1899 ὀ
1275 1843 1519 1909 ’1ακώϐ;

1913 809 2098 882 Imago
2155 810 2326 882 patris
2371 810 2575 867 dicitur
2607 810 2782 867 Filius
2821 824 2876 866 et
2912 812 3038 882 quia
3068 811 3136 867 ad
3167 813 3321 867 illum
3365 823 3428 869 ut

1841 919 2065 959 causam
2092 904 2326 960 refertur
2348 915 2400 960 et
2425 907 2553 976 quia
2587 905 2640 959 in
2668 904 2849 974 seipso
2873 904 3086 958 Patrem
3116 906 3353 960 ostendit
3375 915 3432 960 et

1840 998 2065 1068 figurat.
2097 997 2204 1064 Qui
2247 999 2378 1053 olim
2427 998 2677 1068 Philippo
2710 997 2931 1054 dicebat
2965 1017 2978 1053 :
3018 996 3122 1063 Qui
3152 997 3297 1052 videt
3342 1013 3431 1052 me

1841 1092 1990 1146 videt
2029 1100 2084 1146 et
2116 1101 2321 1161 patrem
2368 1107 2568 1158 meum,
2601 1090 2841 1161 Spiritus
2891 1100 3076 1145 autern
3129 1099 3214 1144 est
3252 1090 3431 1160 imago

1841 1184 2108 1251 Filii,non
2143 1185 2286 1254 quod
2318 1186 2387 1240 ad
2414 1185 2564 1239 illum
2601 1183 2904 1250 referatur;
2939 1185 3093 1239 nullo
3123 1184 3307 1246 modo,
3329 1183 3424 1238 sed

1839 1282 1986 1350 quod
2036 1279 2295 1349 possibile
2323 1294 2432 1332 nou
2475 1290 2560 1335 est
2590 1277 2783 1334 Filiunt
2810 1279 2967 1332 aliter
2987 1293 3285 1348 agnoscere
3323 1276 3426 1330 nisi

1850 1371 2086 1440 Spiritus
2124 1377 2348 1425 sanctus
2381 1377 2440 1423 ut
2475 1371 2781 1424 conductor
2813 1381 2865 1424 et
2893 1377 3219 1439 cooperator
3244 1383 3432 1423 suma-

1849 1474 1959 1518 tur.
2000 1463 2432 1530 Quaternitatem
2465 1472 2647 1518 autem
2688 1464 2877 1518 colunt
2921 1462 3261 1534 Pytltagorai
3302 1461 3433 1532 quia

1847 1567 1933 1613 est
1965 1557 2144 1627 imago
2172 1567 2412 1628 quatuor
2444 1557 2865 1610 elementorum.

1919 1735 2251 1804 QUIESTIO
2276 1735 2580 1791 ccxxxvn
2609 1734 2778 1807 [Coisl
2840 1734 3004 1788 Taur.
3049 1729 3360 1804 Lxxxw].

2226 1828 2404 1894 Quare
2432 1827 2600 1881 Jacob
2630 1836 2832 1897 petram
2861 1837 3021 1894 ungat
3045 1826 3070 1879 ?

716 1996 861 2046 Edita
892 2010 920 2045 a
953 1995 1080 2046 Maio
1115 1997 1170 2055 (l.
1208 2010 1253 2046 c.
1287 2011 1340 2060 p.
1381 1997 1511 2062 115).
1549 2022 1610 2032 -—
1649 1997 1720 2046 De
1750 1992 1902 2045 Iacob
1935 1997 2158 2056 ungente
2190 1973 2422 2052 lapidem,
2448 1989 2573 2037 Gen.
2609 2000 2780 2046 xxvm,
2806 1983 2880 2033 18.

218 2140 344 2213 Τὴν
374 2139 690 2210 ἀτεράμονα
713 2140 808 2194 καὶ
835 2141 977 2194 κατὰ
1000 2141 1184 2204 λίθους
1211 2142 1436 2212 καρδίαν
1464 2142 1758 2212 προτυπῶν

152 2234 256 2285 τῶν
289 2232 472 2286 ἐθνῶν
494 2236 575 2286 ὅτι
606 2234 962 2306 χρισθήσεται
989 2235 1088 2306 μὲν
1115 2235 1252 2306 αὕτη
1279 2236 1560 2306 Πνεύματι
1593 2237 1754 2306 ἁγίῳ,

152 2326 594 2396 ἀφορισθήσεται
621 2326 678 2379 δὲ
710 2325 903 2398 ὥσπερ
935 2329 1143 2389 ἐκεῖνος
1192 2327 1270 2398 τῷ
1315 2328 1456 2399 Θεῷ.
1488 2329 1679 2381 Νοοίτο
1712 2328 1756 2381 δ’

153 2416 216 2469 ἂν
279 2419 385 2469 καὶ
416 2415 540 2469 καθ’
581 2417 770 2488 ἓτερον
809 2419 1010 2487 τρόπον
1058 2420 1251 2490 ὅτιπερ
1285 2419 1376 2472 τὸν
1418 2419 1564 2472 λίθον
1608 2420 1756 2472 ἀλεί-

153 2526 264 2578 φει·
305 2510 452 2563 διότι
491 2508 683 2580 ἔμελλε
728 2509 796 2563 δι’
831 2510 1039 2580 ἄφατον
1083 2509 1230 2575 ἕλεος
1269 2512 1302 2582 ἡ
1347 2511 1758 2581 προσληφθεῖσα

154 2603 294 2672 σὰρξ
335 2606 403 2672 τῇ
434 2602 648 2674 θεότητι
693 2602 966 2674 χρίεσθαι.
1004 2603 1167 2667 Λίθος
1206 2604 1264 2657 δὲ
1293 2606 1320 2656 6
1353 2603 1556 2674 Κύριος
1586 2604 1758 2674 ἀκρο-

151 2699 420 2762 γωνιαίος
474 2695 690 2764 ἔντιμος
761 2695 1050 2748 συνάπτων
1099 2695 1169 2748 δι’
1226 2695 1424 2749 ἑαυτοῦ
1481 2697 1608 2759 τοὺς
1664 2695 1759 2749 δύο

150 2802 283 2839 ιαου
293 2805 322 2850 ς
333 2827 350 2839 .

688 2900 1022 2956 ΕΡΩἸῚΙΣΙΣ
1069 2903 1234 2960 ΣΛΖ’.

297 3059 413 3114 Διὰ
439 3061 496 3114 τί
527 3060 867 3130 προσκυνεῖ
897 3061 965 3115 τὸ
991 3055 1179 3130 ἄκρον
1206 3059 1315 3131 τῆς
1345 3059 1568 3128 ῥάϐδου
1592 3073 1614 3122 ;

1931 2140 2278 2196 Intractabile
2303 2149 2358 2194 et
2384 2141 2580 2194 durum
2616 2150 2675 2193 ut
2711 2151 2862 2208 petra
2891 2152 2986 2192 eor
3015 2136 3259 2208 gentium
3295 2137 3435 2207 ligu-

1856 2235 2032 2295 rabat,
2074 2229 2221 2300 quod
2249 2229 2456 2299 Spiritu
2489 2239 2678 2282 sancto
2710 2228 3020 2297 ungendum
3057 2235 3194 2290 erat,
3226 2235 3283 2280 et
3329 2226 3438 2280 Deo
3472 2267 3475 2270 -

1855 2333 1941 2378 est
2000 2325 2090 2378 illa
2131 2321 2594 2378 consecrandum.
2635 2320 2760 2373 Alio
2810 2318 2951 2373 forte
2997 2319 3160 2373 modo
3210 2317 3439 2388 intelligi

1857 2427 2036 2485 potest
2069 2417 2182 2468 haec
2222 2413 2418 2482 lapidis
2450 2415 2658 2475 unctio,
2693 2410 2900 2468 scilicet
2938 2427 2952 2464 :
2983 2425 3078 2478 per
3109 2408 3437 2463 ineﬂ‘abilem

1860 2505 2297 2561 ittisericot-diam
2344 2520 2472 2560 caro
2521 2513 2796 2572 assumpta
2855 2502 3142 2556 divinitate
3190 2502 3439 2572 ungenda

1857 2610 1995 2653 erat.
2023 2597 2180 2670 Petra
2204 2606 2386 2650 autem
2416 2595 2698 2666 angularis
2719 2593 2974 2648 Christus
3001 2593 3276 2664 gloriosus
3305 2595 3356 2647 in
3383 2607 3442 2647 se

1855 2690 1999 2745 duos'
2030 2689 2258 2759 p0pulos
2293 2689 2660 2758 conjungens.

1925 2870 2254 2940 ρυΑῑεΤιο
2281 2868 2616 2925 CCXXXII“
2673 2868 2864 2942 [CoisL
2907 2867 3072 2923 Taur.
3105 2866 3366 2922 LXXXV.

2387 2958 2554 3025 Wolf.
2591 2957 2902 3031 LXXXVI].

2129 3049 2306 3115 Quare
2337 3049 2698 3102 summitatem
2727 3047 2905 3100 baculi
2923 3046 3115 3102 adoras
3128 3040 3162 3102 ἐ)

873 3224 1126 3274 Editarum
1151 3239 1180 3274 a
1206 3223 1256 3272 ιν
1268 3225 1383 3274 olﬁo
1408 3220 1655 3274 tricesima
1675 3221 1822 3270 tertia
1854 3217 1994 3281 (Cur.
2025 3209 2231 3269 Philol.,
2254 3217 2291 3260 t.
2321 3209 2380 3271 V,
2405 3223 2457 3272 p.
2491 3207 2755 3270 675-674).

220 3383 549 3454 Προσκυνεί
584 3384 768 3452 μέντοι
805 3381 905 3452 τὴν
943 3381 1137 3453 ῥάϐδον
1186 3380 1278 3433 τοῦ
1315 3380 1504 3444 παιδὸς
1525 3424 1540 3447 ,
1572 3382 1600 3434 ὁ
1629 3377 1752 3441 νοῦς

1931 3373 2139 3426 Adorat
2194 3368 2415 3440 quidem
2471 3368 2725 3423 baculum
2786 3368 2912 3432 ﬁlii,
2975 3371 3216 3436 animus,
3270 3369 3441 3430 Deum

152 3482 181 3532 6
201 3478 362 3550 ὀρῶν
383 3477 472 3528 τὸν
501 3476 654 3532 Θεόν.
687 3475 856 3529 Τοῦτο
886 3476 998 3544 (98)
1027 3475 1135 3545 γὰρ
1163 3477 1191 3528 6
1234 3474 1504 3543 Ἰσραήλ.
1542 3473 1666 3526 Ὅτι
1691 3475 1758 3526 ὲκ

155 3574 260 3642 τῆς
294 3571 500 3644 ῥάϐδου
533 3570 693 3633 ἄνθος
732 3571 1046 3639 προεμήνυε
1077 3567 1624 3639 προσκυνηθήσεσθαι
1644 3609 1658 3627 ,
1691 3568 1754 3620 οὐ

158 3667 336 3734 μόνον
364 3663 472 3714 ὑπὸ
503 3661 594 3714 τοῦ
623 3662 762 3726 νέου,
796 3661 932 3713 ἀλλὰ
973 3662 1066 3714 καὶ
1100 3661 1206 3712 ὑπὸ
1248 3659 1342 3713 τοῦ
1381 3659 1756 3731 γεγηρακότος

169 3757 424 3827 Ἰσραήλ.
482 3753 640 3807 Ἀλλά
687 3757 781 3807 καὶ
821 3754 920 3816 τὰς
965 3753 1218 3822 εὐλογίας
1261 3755 1374 3815 τοῖς
1426 3753 1612 3804 παισὶν
1642 3751 1751 3819 (99)

156 3851 262 3902 οὐκ
295 3847 498 3916 ἐπίσης
536 3845 768 3916 μερίζει.
819 3845 980 3898 Ἀλλὰ
1007 3846 1132 3908 τοὺς
1162 3845 1263 3914 μὲν
1297 3844 1573 3912 εὐλογίαις
1618 3845 1754 3896 ὑπο-

156 3943 398 4004 aibat,
455 3941 581 3997 τοὺς
628 3940 683 3992 δὲ
725 3940 875 4003 υἱοὺς
920 3939 1060 4008 ἀρᾶς
1112 3938 1408 4009 ἀπελέγχει
1460 3938 1562 4009 (Ι).
1611 3939 1753 3990 Διότι

157 4036 359 4104 ὥσπερ
385 4025 540 4096 οὗτος
562 4033 654 4085 τὸν
682 4033 907 4086 παλαιὸν
940 4031 1208 4085 ἀπέτεκεν
1246 4031 1395 4092 λαὸν,
1427 4030 1570 4084 οὕτω
1602 4031 1694 4084 καὶ
1726 4031 1754 4082 6

160 4128 376 4198 Κύριος
408 4129 528 4188 ταῖς
562 4125 961 4194 πνευματικαῖς
1001 4123 1156 4176 ὠδῖσι
1188 4124 1279 4177 τὸν
1326 4124 1447 4177 νέον
1481 4123 1755 4194 ἀπογεννᾷ

160 4221 300 4273 λαὸν
353 4219 445 4270 καὶ
485 4219 582 4286 τῆς
627 4217 879 4285 εὐλογίας
915 4214 1293 4284 μεταδίδωσιν,
1338 4216 1398 4269 οὐ
1448 4217 1616 4269 πᾶσιν
1643 4215 1752 4284 (‘2),

163 4313 310 4366 ἀλλὰ
337 4313 452 4374 τοῖς
484 4311 961 4381 παρεσκευακόσιν
991 4306 1175 4372 ἀξίους
1210 4307 1460 4371 ἑαυτούς.
1500 4309 1572 4360 Οὐ
1605 4306 1753 4376 φιλο·

163 4408 330 4476 τιμία
365 4405 545 4457 τοίνυν
586 4404 830 4472 διανέμει
865 4403 963 4473 τὴν
1010 4402 1261 4471 εὐλογίαν
1305 4404 1420 4465 τοῖς
1470 4401 1678 4462 τέκνοις
1728 4403 1756 4456 6

177 4497 402 4561 Ἰακὼε,
443 4497 581 4551 ἀλλὰ
629 4495 730 4560 τὰς
772 4494 999 4566 πράξεις
1033 4495 1240 4549 τούτων
1287 4494 1478 4569 κριτὴν
1521 4499 1756 4548 ποιεῖται

165 4593 268 4663 τῆς
307 4591 591 4662 διανομῆς.

1860 3464 2185 3533 respiciens.
2241 3462 2296 3516 Id
2345 3462 2494 3516 enim
2549 3462 2818 3532 significat
2870 3460 3064 3517 Israel.
3119 3464 3250 3521 Flos
3293 3467 3441 3522 enim

1857 3571 1924 3611 ex
1969 3556 2122 3626 virga
2183 3553 2532 3608 etilorescens
2609 3555 2955 3623 significabat
3037 3556 3153 3612 [me
3209 3569 3266 3612 ut
3332 3576 3443 3614 non

1858 3647 2034 3701 solum
2071 3646 2140 3700 ab
2167 3645 2364 3700 lsraele
2405 3643 2624 3712 juvene,
2653 3645 2746 3699 sed
2791 3662 2922 3701 sene
2947 3663 3166 3717 quoque
3192 3651 3448 3706 adorare-

1859 3746 1966 3790 tur.
1991 3735 2134 3788 Idem
2160 3748 2322 3803 porro
2353 3732 2767 3787 benedictiones
2797 3749 2929 3789 suas
2970 3736 3096 3791 tlliis
3125 3724 3232 3790 non
3260 3754 3445 3809 mqua-

1856 3826 1979 3880 liter
2014 3825 2343 3895 impertitur,
2384 3825 2481 3880 sed
2531 3825 2670 3880 alios
2715 3826 2937 3895 quidem
2969 3829 3443 3887 benedictionibus

1855 3915 2134 3980 cumulat,
2175 3915 2296 3970 aliis
2349 3929 2480 3968 vero
2537 3915 2662 3971 filiis
2715 3917 2865 3970 diras
2910 3917 3270 3984 imprecatur;
3321 3919 3444 3974 ideo

1857 4011 2088 4073 Scilicet,
2142 4009 2310 4079 quod,
2349 4009 2816 4079 quemadmodum
2857 4011 2947 4063 hic
2980 4009 3255 4082 (Iacobus)
3293 4023 3443 4070 vete-

1858 4117 1970 4156 rem
2002 4102 2154 4155 illum
2204 4102 2464 4172 populum
2519 4104 2726 4172 genuit,
2754 4103 2827 4157 ita
2863 4102 3152 4168 Dominus,
3182 4107 3438 4177 spiritua‘

1859 4196 1984 4250 liter
2029 4197 2364 4265 parturiens,
2417 4211 2618 4249 novum
2657 4197 2915 4266 populum
2961 4199 3171 4268 gignit,
3205 4217 3444 4271 eumque

1857 4288 2258 4343 benedictionis
2308 4305 2420 4342 suae
2477 4289 2652 4343 reddit
2701 4291 3043 4360 participem,
3077 4309 3186 4346 non
3221 4294 3441 4363 quidem

1858 4393 2070 4441 nunties,
2093 4378 2186 4432 sed
2211 4393 2326 4442 eos,
2370 4377 2460 4442 qui
2487 4377 2698 4445 seipsos
2725 4378 2816 4431 illa
2848 4379 3046 4449 dignos
3079 4381 3437 4438 reddiderint.

1858 4467 2304 4523 Benedictionem
2359 4468 2542 4536 itaque
2601 4469 2726 4522 filiis
2781 4485 2887 4522 non
2933 4472 3157 4540 proprio
3199 4474 3440 4541 quodam

1861 4561 2046 4616 studio
2073 4560 2320 4631 dispertit
2343 4559 2601 4624 Jacobus,
2639 4561 2733 4614 sed
2771 4563 3016 4630 ipsorum
3061 4563 3304 4622 actiones
3327 4565 3441 4622 dis-

1864 4655 2172 4725 pertitionis
2203 4654 2367 4722 hujus
2404 4653 2640 4708 arbitras
2667 4654 2974 4709 consuluit.

1690 4832 1920 4891 NOTAE.

247 5031 359 5105 (97)
403 5023 1524 5105 Apiidj‘llontefaleonium_(Bibl._goislia.
1556 5041 1608 5105 ρΞ
1631 5023 1755 5105 Ξξῑὸ)
1792 5031 1834 5086 D
1865 5024 2104 5105 quidem:
2135 5021 2339 5105 Eatlem
2374 5031 2566 5105 tamen
2593 5020 3026 5105 etymologiannse
3071 5031 3123 5076 et
3156 5020 3278 5105 aliis
3311 5037 3443 5105 pro-

176 5117 228 5160 et
254 5095 508 5158 ‘in'cnil.
563 5103 769 5156 Taurin
811 5100 872 5155 5i
929 5095 1341 5168 (catal.p.ll9)
1385 5096 1543 5149 titulo
1592 5095 1756 5168 hujus

179 5176 498 5242 quaesumus
529 5174 646 5227 Itzec
700 5186 913 5239 quoque
940 5166 1118 5242 verba
1155 5169 1495 5242 adjiciuntur
1515 5185 1525 5217 :
1563 5169 1656 5242 καὶ
1702 5166 1752 5218 τί

181 5233 302 5314 περὶ
319 5244 418 5297 τοῦ
445 5245 492 5306 ζ’
509 5245 537 5295 6
562 5233 999 5314 Θεολᾶγοςίφησί·
1024 5242 1075 5314 in
1103 5233 1290 5314 codice
1303 5233 1750 5314 feroVaticann-z

183 5307 272 5368 καὶ
305 5315 358 5367 τί
409 5315 541 5378 περὶ
588 5314 689 5381 τῆς
729 5307 875 5382 ζῳῆς
909 5307 1176 5382 Ἰωάννης
1224 5310 1252 5361 6
1296 5307 1559 5382 βεολόγος
1593 5307 1746 5376 φησί.

187 5389 282 5439 Sed
315 5388 370 5438 in
409 5394 561 5438 textu
587 5380 712 5436 cod.
741 5381 863 5435 Vat.
901 5383 1038 5434 nihil
1071 5381 1138 5432 de
1167 5380 1268 5433 hac
1297 5380 1568 5447 postrema
1601 5389 1752 5444 parte

189 5459 492 5518 invenitur;
523 5454 812 5522 responsio
847 5451 1040 5506 iisdem
1081 5451 1265 5505 verbis
1302 5448 1666 5511 concluditur,
1704 5458 1762 5502 ut

190 5528 347 5579 editio
377 5527 500 5579 Maii
533 5521 645 5593 pra:
683 5539 740 5576 se
771 5521 898 5576 fert.

252 5620 362 5689 (98)
395 5603 586 5677 ’ἽΝἽΨῚ
619 5615 775 5684 quasi
818 5597 890 5673 ⁸7η
917 5624 1058 5674 nam
1088 5621 1206 5675 illis:
1243 5613 1339 5689 uir.
1366 5611 1542 5689 videns
1574 5609 1761 5689 petent,

201 5681 268 5739 Ita'
296 5691 451 5742 Philo
490 5689 620 5742 olim
638 5681 888 5744 'eensuit.
922 5688 1224 5754 castigatus
1257 5685 1376 5736 ideo
1405 5699 1433 5736 a
1479 5681 1543 5735 Il.
1569 5683 1761 5737 Asaria

194 5761 254 5813 de
285 5758 491 5816 Rubeis
529 5760 582 5812 in
622 5765 750 5814 Πειῒέ
788 5767 940 5816 was:
975 5773 1095 5826 cup.
1143 5755 1204 5809 V.
1243 5769 1295 5822 p.
1330 5755 1416 5808 38.
1455 5755 1507 5808 b.
1540 5761 1590 5808 et
1622 5767 1764 5807 reete

1865 5096 2032 5158 bavit,
2060 5094 2126 5147 de
2153 5094 2354 5164 quibus
2374 5094 2489 5158 lege
2512 5092 2768 5145 Dallauttn
2793 5109 2848 5161 p.
2877 5093 3001 5164 188.
3023 5109 3108 5164 sq.
3134 5092 3198 5146 de
3229 5093 3436 5164 Pseud-f

1859 5163 2184 5232 epigraphis'
2231 5165 2558 5234 apostolicis.
2636 5164 2840 5217 Confer
2924 5163 3293 5234 Leusdenium
3360 5163 3432 5216 ad

1856 5234 2051 5290 Jonam
2093 5237 2426 5289 illustratum
2479 5251 2529 5304 p.
2571 5234 2716 5298 212;
2754 5235 3006 5304 Drusiqu
3055 5233 3424 5304 Aniutadoers.

1855 5307 1924 5370 Il,
1953 5304 2043 5370 27,
2078 5315 2132 5359 et
2169 5299 2558 5362 Fesselium'in
2595 5304 2930 5359 Adversariis
2969 5303 3150 5360 Sacris
3201 5303 3295 5356 lib.
3336 5299 3426 5366 IV,

1860 5394 1910 5432 c.
1949 5377 2001 5442 5,
2037 5393 2085 5446 p.
2117 5376 2244 5431 5l9.

1904 5467 2039 5537 ’(99)
2078 5465 2260 5522 Malim
2307 5466 2487 5534 legere
2531 5466 2721 5537 πᾶσιν,
2765 5464 3050 5537 omnibus:
3086 5464 3161 5517 ita
3207 5461 3432 5537 mox_in

1862 5532 2092 5624 Coislin.
2143 5532 2589 5609 legitur‘mtalv,
2641 5538 2733 5592 ubi
2788 5535 3031 5590 Colbert.
3083 5541 3227 5590 recte
3270 5532 3432 5588 liabet

1865 5627 2048 5664 πασιν.

1932 5679 2009 5749 (t)
2046 5678 2270 5739 Vereor,
2303 5694 2370 5732 ne
2410 5678 2524 5731 hzec
2547 5693 2737 5747 parum
2776 5693 2908 5731 sana
2938 5676 3069 5730 sint.

1941 5746 2017 5824 (2)
2052 5750 2216 5804 πᾶσιν
2245 5751 2442 5818 scripsi
2467 5746 2591 5804 cuin
2620 5749 2775 5804 Colb.
2810 5765 2908 5818 pro
2939 5746 3148 5800 παισίν.
