3854 6216
481 161 608 228 1031

572 275 905 341 QU/ESTIO
929 277 1280 334 CCXXXVIII
1320 280 1508 352 [CoisL
1541 281 1708 337 Taur.
1743 280 1957 352 XCVI].

477 385 495 417 ι
532 365 646 420 Tibi
685 367 784 419 sali
808 369 1016 435 peccavi
1042 377 1092 420 et
1122 369 1318 420 malum
1349 386 1526 422 corum
1563 385 1614 424 le
1641 373 1762 439 feri,
1789 383 1842 423 ut
1869 373 2045 424 vincas

966 439 1361 507 cumjudicaris
1396 441 1493 510 ω).
1537 461 1555 491 ι

1635 171 1899 233 ΡΗΟΤΙΙ
1940 172 2447 234 PATRIABCH/E
2477 173 2588 234 CP.

3554 181 3686 248 1032

2662 284 2996 336 ΕΡΩΤῙΙΣΙΣ
3041 284 3212 339 ΣΔΗ’.

2157 378 2254 430 Σοὶ
2276 395 2447 455 suam)
2491 380 2757 455 ἥμαρτον
2785 377 2881 455 καὶ
2917 377 3000 455 τὸ-
3029 377 3296 455 animo?“
3325 381 3568 436 ἐνώπιόν
3599 401 3704 441 σου

2261 450 2522 515 ἐποίησα
2547 451 2656 514 ἕως
2685 447 2944 515 νικήσῃς
2976 450 3042 500 ἐν
3081 447 3159 512 τῷ
3189 450 3490 516 κρίνεσθαί
3521 471 3610 508 σε.

1052 593 1194 643 Edita
1216 609 1242 643 a
1271 595 1397 643 Maio
1424 597 1572 655 (Nov.
1603 595 1725 646 Coll.
1764 603 1799 646 t.
1839 598 1919 660 IX,
1949 613 1998 662 p.
2026 601 2156 658 113).
2188 631 2248 641 -
2273 605 2329 655 In
2361 604 2598 667 psalmum
2630 619 2656 651 ι.
2689 603 2881 667 (Graece
2924 607 2988 665 LI)
3024 617 3066 651 ν.
3100 603 3149 655 6.

543 699 710 754 David
741 699 957 770 quidem
986 701 1208 770 nuptias
1235 701 1442 755 alienas
1481 701 1740 763 destruit,
1779 704 2048 760 adulterio

467 799 649 842 autem
679 788 1035 841 homicidium
1058 788 1257 857 adjecit
1291 797 1346 841 et
1392 787 1596 842 crimen
1633 791 1812 846 celare
1843 800 2054 862 satage-

465 879 578 934 bat.
609 879 744 934 Cum
779 889 959 934 autem
994 879 1138 935 Deus
1161 880 1314 934 illum
1346 880 1414 935 de
1438 882 1758 938 discrimine
1789 884 2050 956 objurgat

465 985 562 1040 per
601 969 948 1041 Prophetam,
1001 972 1056 1025 in
1113 987 1171 1026 se
1213 987 1506 1033 reversus.
1542 974 1677 1029 dicit
1734 994 1747 1031 :
1783 975 1903 1031 Tibi
1951 979 2052 1033 soli

463 1060 705 1127 peccavi.
744 1058 963 1114 Etiamsi
993 1059 1137 1113 enim
1198 1058 1360 1116 Urias
1407 1051 1667 1133 injuriari't
1718 1080 1916 1136 passus
1957 1067 2049 1134 sit,

465 1159 566 1212 ego
585 1156 865 1210 peccatum
905 1149 1190 1200 adversum
1225 1156 1278 1202 te
1307 1148 1665 1205 commissum
1695 1166 1762 1206 ex
1801 1153 1912 1208 tuis
1945 1155 2049 1208 ob-

462 1235 866 1304 jurgationibus
892 1237 1093 1301 sciens,
1118 1237 1185 1292 ad
1213 1240 1498 1308 petendam
1545 1243 1763 1296 veniam
1796 1259 2048 1300 accurro.

467 1325 680 1380 Etenim
721 1342 828 1380 non
875 1327 1170 1397 permisisti
1209 1345 1314 1393 me,
1348 1333 1404 1384 in
1451 1347 1633 1386 meum
1673 1348 1891 1388 servum
1924 1351 2050 1404 pec-

467 1430 676 1471 cantem
701 1459 716 1484 ,
746 1419 842 1473 tibi
877 1420 1043 1475 simul
1092 1421 1325 1478 Domino
1380 1425 1736 1480 insultantem
1772 1427 2045 1498 ignorare.

467 1509 677 1575 Quare?
711 1510 780 1566 Ut
821 1513 1142 1582 justillceris
1175 1515 1230 1569 in
1279 1517 1632 1573 sermonibus
1692 1519 1836 1584 tuis,
1869 1520 1922 1574 id
1963 1535 2048 1576 est

467 1613 525 1656 ut
565 1613 653 1658 tua
703 1605 915 1675 justitia
972 1608 1252 1662 hominum
1289 1611 1730 1668 machinationes
1769 1615 1954 1669 vincat
1993 1625 2048 1670 et

462 1681 729 1764 judicium
781 1707 934 1752 tuum
995 1700 1178 1755 nullus
1233 1701 1472 1772 eﬂ'ugere
1528 1703 1754 1774 cogitet.
1801 1704 1918 1761 Hoc
1964 1717 2048 1761 est

2227 690 2504 760 Διορύττει
2547 691 2645 760 μὲν
2693 690 2722 741 ὁ
2763 689 2929 741 Δαὸὶδ
2967 688 3093 752 τοὺς
3139 686 3448 758 ἀλλοτρίους
3491 693 3705 762 γάμουςο

2154 781 2430 850 ἐπιτίθησι
2455 781 2510 834 δὲ
2538 783 2605 852 τῇ
2639 781 2853 851 μοιχείᾳ
2879 781 3058 840 φόνον·
3086 781 3180 833 καὶ
3205 781 3386 849 λήσειν
3413 783 3709 854 ὲτεχνὰζετο

2150 873 2248 944 τὴν
2281 873 2500 944 πρᾶξιν.
2541 873 2696 925 Ἐπεὶ
2741 873 2798 925 δὲ
2827 872 2888 925 τὸ
2911 871 3066 930 Θεῖον
3095 873 3176 935 είς
3224 871 3444 943 ἔλεγχον
3476 875 3594 942 ἄγει
3624 877 3710 930 τοῦ

2149 965 2502 1036 τολμήματος
2528 964 2616 1016 διὰ
2641 961 2736 1015 τοῦ
2770 963 3058 1033 Προφήτου
3081 1000 3094 1024 ,
3125 961 3334 1028 γίνεται
3363 963 3391 1014 ὁ
3434 962 3569 1033 ἀνὴρ
3597 966 3711 1018 ἐαυ-

2150 1058 2244 1111 τοῦ
2277 1058 2370 1111 καί
2402 1073 2555 1127 φησι’
2589 1058 2678 1110 Σοὶ
2711 1057 2855 1126 μόνῳ
2889 1056 3157 1126 ἥμαρτον·
3192 1056 3241 1106 εί
3266 1055 3377 1124 γὰρ
3405 1057 3498 1108 καὶ
3524 1057 3712 1126 Οὐρίας

2149 1149 2427 1219 ἠδίκηται,
2457 1148 2573 1202 ἀλλ’
2605 1146 2716 1216 ἐγὼ
2742 1146 2803 1199 τὸ
2830 1146 3140 1216 ἁμάρτημα
3174 1146 3254 1206 είς
3281 1143 3340 1197 σὲ
3365 1146 3712 1218 τετολμῆσθαι

2149 1240 2239 1293 διὰ
2263 1241 2371 1293 τῶν
2397 1241 2637 1312 ἐλέγχων
2664 1238 2872 1311 μαθὼν,
2906 1239 3000 1290 ἐπὶ
3030 1239 3129 1307 τὴν
3163 1235 3494 1306 συγγνώμην
3525 1239 3711 1308 τρέχω*

2149 1335 2244 1387 καὶ
2267 1333 2376 1405 γὰρ
2399 1335 2510 1387 οὐδ’
2542 1334 2759 1402 ἀφῆκας
2795 1333 2978 1385 λαθεῖν
3003 1333 3083 1395 είς
3104 1330 3290 1384 δοῦλον
3320 1331 3452 1400 ἐμὸν
3478 1333 3714 1403 ἡμαρτη-

2151 1425 2285 1478 κότα
2309 1465 2324 1490 ,
2361 1424 2474 1478 ἀλλ’
2504 1424 2579 1487 ὼς
2611 1427 2690 1488 εἰς
2738 1425 2798 1477 σὲ
2833 1423 3271 1493 πεπαρῳνηκότα
3299 1423 3392 1476 τὸν
3431 1425 3711 1495 Δεσπότηνο

2150 1517 2323 1583 διατί;
2348 1517 2497 1578 ὅπως
2532 1517 2598 1569 ἂν
2636 1515 2932 1585 δικαιωθῇς
2959 1517 3016 1567 ὲν
3048 1517 3161 1578 τοῖς
3199 1514 3379 1582 λόγοις
3411 1531 3526 1567 σου⁶
3569 1532 3714 1568 τουτ-

2151 1609 2296 1662 έστιν
2326 1609 2416 1661 ἴνα
2445 1609 2478 1678 η
2511 1609 2576 1677 σὴ
2603 1607 2912 1678 δικαιοσύνη
2949 1607 3050 1676 τῆς
3095 1604 3449 1677 ἀνθρωπίνης
3474 1607 3714 1677 κρατήσῃ

2152 1699 2432 1769 μηχανῆς⁹
2469 1701 2563 1752 καὶ
2609 1699 2709 1769 τὴν
2744 1700 2846 1772 σὴν
2891 1700 3074 1770 κρίσιν
3111 1698 3301 1768 μηδεὶς
3345 1699 3714 1770 ἐξαμαρτάνων

465 1790 636 1855 etaim,
682 1791 893 1856 vinces,
945 1807 1070 1846 cum
1123 1793 1407 1862 judicaris,
1478 1796 1652 1852 vincis
1695 1798 1748 1852 in
1788 1813 1855 1853 eo
1900 1803 2044 1869 quod

2157 1785 2462 1860 σοφίζεσθαι
2487 1793 2686 1863 οἴηται·
2718 1792 2875 1845 τοῦτο
2903 1792 3010 1862 γάρ
3030 1793 3147 1844 ἐστι
3169 1791 3550 1862 τὺ.‹Νικήσεις
3573 1793 3626 1844 ὲν
3648 1791 3718 1862 τῷ

466 1881 650 1936 nullus
674 1890 799 1935 ante
828 1891 880 1936 te
904 1882 1085 1951 justus
1124 1884 1296 1937 videri
1337 1894 1537 1954 potest,
1571 1897 1625 1940 et
1658 1888 1785 1957 quia
1822 1903 1930 1957 pra:
1954 1899 2044 1944 tua

2157 1884 2426 1954 κρίνεσθαί
2472 1900 2551 1936 σε·
2593 1886 2747 1954 νικᾷς
2780 1887 2838 1937 ἐν
2886 1884 2965 1955 τῷ
3009 1884 3217 1954 μηδένα
3267 1883 3412 1953 ἔχειν
3458 1884 3602 1955 παρὰ
3642 1886 3717 1936 σοὶ

467 1974 706 2027 maxima
762 1974 1021 2040 bonitate,
1057 1977 1302 2030 omnium
1345 1978 1598 2032 esuriens
1642 1979 1892 2046 salutem,
1951 1997 2046 2051 per

2157 1974 2352 2028 δίκαιον
2381 1975 2639 2044 ὀφθῆναιο
2677 1977 2771 2028 καὶ
2812 1977 2895 2028 ὅτι
2927 1979 2994 2045 τῇ
3033 1977 3100 2046 σῇ
3134 1974 3435 2044 ἀγαθότητι
3467 1980 3563 2047 τὴν
3591 1979 3714 2029 παν-

471 2073 619 2118 tuum
653 2065 1086 2120 misericordiam
1120 2079 1307 2122 nostra
1355 2070 1531 2124 vincis
1562 2081 1779 2140 peccata
1819 2088 2047 2128 conver-

2157 2086 2254 2123 των
2288 2069 2456 2139 διψῶν
2499 2070 2771 2140 σωτηρίαν
2819 2069 2897 2141 τῷ
2944 2070 3096 2138 παρὰ
3137 2068 3236 2122 σοῦ
3283 2069 3418 2140 ἐλέῳ
3447 2070 3542 2133 τὰς
3575 2071 3715 2140 ἡμῶν

469 2159 676 2212 sionem
715 2169 768 2214 et
800 2161 1176 2228 pceuitentiam
1210 2163 1576 2218 maximorum
1626 2165 1894 2220 donorum
1930 2166 2047 2221 loco

2157 2164 2301 2233 νικᾷς
2328 2163 2636 2233 ἁμαρτίας,
2663 2162 2999 2234 ἐπιστροφὴν
3034 2163 3128 2215 καὶ
3157 2162 3453 2232 μετάνοιαν
3483 2165 3597 2218 ἀντὶ
3627 2180 3712 2232 με-

469 2251 758 2320 recipiens.
805 2251 1023 2307 Judicat
1053 2253 1198 2308 enim
1237 2253 1380 2309 Deus
1417 2271 1638 2309 causam
1673 2272 1829 2311 suam
1860 2266 2047 2312 contra

2157 2255 2350 2325 γίστων
2389 2256 2678 2325 δεχόμενος
2707 2255 2919 2326 δώρων·
2957 2257 3050 2308 καὶ
3089 2257 3201 2327 γὰρ
3247 2256 3494 2327 κρίνεται
3530 2258 3557 2309 ὁ
3599 2255 3717 2318 Θεὸς

462 2356 759 2406 pos,suam
799 2344 1226 2399 misericordiam
1265 2361 1388 2400 cum
1414 2348 1648 2417 peccatis
1671 2348 1871 2402 nostris
1902 2366 2052 2403 cont-

469 2433 769 2500 pensando,
800 2446 854 2488 et
898 2437 1078 2490 vincet
1110 2437 1403 2491 clementia
1455 2447 1805 2507 peccatorum
1864 2452 2054 2506 poenas

470 2525 904 2581 wndamnando.

571 2640 899 2707 QUIESTIO
926 2640 1235 2697 CCXXXIX
1267 2641 1452 2713 lCoisI.
1487 2640 1651 2696 Taur.
1688 2639 1948 2710 LXXXII,

955 2733 1120 2803 Wolf.
1154 2732 1416 2805 Lxxxu]
1455 2735 1559 2804 (δ).

2151 2348 2288 2418 πρὸς
2315 2347 2464 2417 ἡμᾶς
2490 2348 2581 2399 τὸν
2610 2350 2808 2400 οἰκεῖον
2839 2347 2988 2400 ἔλεον
3031 2350 3149 2411 ταῖς
3185 2348 3488 2420 ἡμετέραις
3517 2350 3716 2402 ἀντιτα-

2151 2441 2425 2495 λαντεύων
2449 2442 2771 2513 ἁμαρτίαιςο
2802 2442 2898 2495 καλ⁵
2931 2445 3059 2514 νικᾷ
3089 2445 3155 2513 τῇ
3185 2443 3563 2515 εὐσπλαγχνίᾳ
3591 2443 3718 2496 λύων

2157 2532 2254 2602 τὴν
2288 2531 2431 2584 κατὰ
2457 2531 2564 2585 τῶν
2587 2531 2925 2603 ἁμαρτωλῶν
2947 2533 3244 2604 τιμωρίαν.

2669 2649 3004 2702 ΕΡΩἸῊΣΙΣ
3043 2649 3214 2705 ΣΛΘ’.

473 2828 612 2894 Quid
642 2838 718 2882 est
751 2828 885 2882 illud
918 2845 935 2880 :
966 2847 983 2878 ι
1023 2826 1176 2892 Quod
1211 2843 1309 2902 non
1340 2827 1625 2902 I2abitqt_in
1653 2843 1752 2892 me,
1779 2828 1873 2882 Iwc
1892 2837 1969 2880 est
2000 2828 2047 2880 in

2161 2828 2220 2878 Τί
2253 2826 2438 2879 ἐστιν·
2479 2849 2496 2880 ι
2536 2827 2696 2902 Οἶδα,
2724 2830 2810 2884 ὅτι
2833 2833 2942 2885 οὐκ
2981 2832 3134 2885 οἰκεῖ
3155 2833 3231 2885 ἐν
3252 2835 3404 2902 ἐμοὶ,
3428 2834 3723 2888 τουτέστιν

955 2914 1110 2950 came
1129 2914 1265 2962 mea,
1293 2898 1483 2951 bonum
1504 2897 1556 2949 ’?
1584 2915 1603 2946 ι

2462 2905 2532 2959 ἐν
2564 2900 2636 2974 τῇ
2667 2903 2845 2976 σαρκί
2865 2921 2985 2976 μου
3009 2910 3073 2960 το
3100 2900 3365 2976 ἀγιιθόιτ
3406 2925 3424 2956 ι

895 3012 1146 3063 Edilarum
1172 3026 1198 3060 a
1233 3011 1411 3061 Wolﬁo
1433 3011 1682 3059 tricesima
1704 3023 1876 3075 quarta
1915 3018 2054 3079 (Cur.
2085 3015 2265 3066 Philol.
2290 3024 2330 3066 t.
2357 3019 2414 3076 ν,
2439 3033 2487 3080 p.
2512 3018 2738 3066 67l-6'i5.
2765 3015 2992 3080 Galland,
3015 3018 3143 3078 XIII,
3167 3021 3310 3081 705).

542 3117 600 3171 Id
651 3117 868 3187 quidem
922 3133 1029 3170 non
1073 3117 1140 3171 de
1174 3118 1355 3188 seipso
1419 3119 1552 3173 dicit
1594 3118 1817 3184 Paulus,
1859 3121 1952 3175 sed
1998 3123 2047 3173 in
2080 3127 2122 3184 α

471 3219 733 3280 quantum
788 3224 1075 3278 personam
1117 3219 1324 3264 natura:
1371 3211 1622 3268 humanm
1661 3210 2048 3269 sustinetJam

472 3319 604 3356 vero
654 3311 766 3354 tum
828 3302 1030 3354 bonum
1075 3301 1128 3354 in
1191 3316 1360 3356 carne
1412 3316 1601 3360 nostra
1650 3321 1759 3359 non
1809 3305 2046 3369 habitat,

473 3398 712 3466 quando.
741 3397 1134 3451 consuetudine
1178 3405 1232 3451 et
1262 3407 1531 3469 tempere,
1560 3411 1783 3470 peccato
1827 3403 2046 3455 obnoxii

475 3488 598 3542 facti
654 3489 855 3542 malum
914 3490 1159 3560 pertinax
1221 3502 1276 3547 et
1340 3492 1625 3548 dilliculter
1679 3494 2048 3547 amoliendum

473 3577 933 3632 Circuntlerimus.
989 3578 1088 3645 Qui
1138 3580 1282 3633 enim
1343 3581 1614 3634 diuturnae
1647 3580 1864 3634 illorum
1917 3596 2050 3635 cou-

473 3670 749 3723 suetudini
774 3670 978 3735 serviit,
998 3672 1158 3725 etiam
1181 3672 1226 3727 si
1251 3672 1318 3726 ad
1337 3673 1552 3726 virtutis
1584 3674 1824 3727 studium
1851 3675 2046 3728 reverti

474 3760 788 3823 contundat,
818 3761 1126 3814 institutum
1159 3777 1321 3816 suum
1359 3762 1645 3817 dilIiculter
1673 3764 1964 3818 admodum
1993 3772 2048 3819 et

474 3863 580 3903 non
612 3849 729 3904 sine
769 3866 967 3921 magno
1008 3852 1192 3906 labore
1220 3855 1406 3922 perlici
1442 3855 1708 3925 intelligit.
1751 3853 2044 3925 Propterea

473 3940 548 3993 ait
581 3958 594 3993 :
634 3959 651 3991 ι
686 3938 800 3995 Νοιι
824 3942 937 4009 jam
972 3957 1073 4012 ego
1110 3943 1164 3996 id
1193 3944 1433 4014 perlicio.
1467 3963 1486 3996 ι
1515 3944 1628 3999 Hoc
1649 3954 1754 4010 est,
1785 3945 1908 3998 novi
1939 3961 2042 3998 non

474 4047 653 4086 meum
715 4049 836 4089 esse
887 4036 988 4090 hoc
1037 4052 1196 4106 opus.
1251 4036 1536 4103 Quo‘modo
1587 4041 1731 4092 enim
1785 4038 2046 4108 perlicere

474 4126 604 4179 illud
663 4128 899 4196 possim,
943 4129 1112 4198 quia
1169 4130 1312 4184 malo
1370 4131 1749 4200 constringar?
1808 4129 2046 4185 Debetur

474 4215 660 4285 itaque
706 4216 809 4271 hoc
844 4231 1067 4286 peccato
1103 4219 1264 4272 lixam
1291 4221 1652 4290 stabilemque
1683 4220 1870 4274 sedem
1899 4221 2042 4287 apud

475 4321 560 4359 me
595 4306 833 4362 habenti.
861 4306 1152 4378 Propterea
1205 4321 1259 4366 et
1304 4312 1573 4366 lamentor
1600 4312 1907 4367 libertatem
1948 4329 2045 4366 an-

473 4397 704 4462 helans,
760 4410 815 4453 et
891 4399 1134 4455 clamans
1197 4418 1213 4458 ;
1283 4420 1302 4454 ι
1369 4401 1456 4458 Me
1525 4402 1788 4458 miserum
1861 4404 2039 4458 homi-

472 4505 618 4556 nem,
658 4509 676 4542 ι
708 4502 814 4546 etc.

471 4599 796 4666 QUIESTIO
822 4601 1023 4658 CCXL.
1048 4601 1237 4675 [CoisL
1260 4604 1528 4661 CCCVI".
1561 4605 1722 4662 Taur.
1743 4607 2042 4664 CCXCVII.

1000 4696 1142 4750 Maio
1173 4714 1229 4768 q.
1261 4698 1488 4771 CCXL]

987 4790 1058 4843 De
1092 4795 1212 4844 vita:
1239 4795 1480 4844 termino.

2225 3120 2395 3172 Τοῦτο
2435 3123 2534 3174 οὐκ
2568 3122 2648 3184 εἰς
2684 3122 2873 3174 ἑαυτὸν
2919 3124 2947 3174 ὁ
2980 3121 3190 3182 Παῦλος
3227 3121 3471 3193 εἴρηκεν,
3512 3120 3639 3174 ἀλλὰ
3663 3118 3717 3172 τὸ

2154 3211 2444 3279 πρόσωπον
2493 3211 2591 3280 τῆς
2644 3211 2994 3281 ἀνθρωπίνης
3058 3212 3444 3282 οἰκειούμενος
3501 3211 3718 3280 φύσεως.

2152 3303 2284 3353 Τότε
2308 3302 2364 3353 δὲ
2388 3301 2485 3354 οὐκ
2509 3303 2648 3353 οίκεῖ
2674 3301 2732 3354 τὸ
2759 3301 2963 3370 ἀγαθὸν
2986 3304 3042 3355 ὲν
3070 3305 3136 3374 τῇ
3173 3307 3344 3378 σαρκὶ
3369 3305 3545 3375 ἡμῶν.
3577 3303 3722 3374 ἡνίκα

2150 3393 2261 3445 ἔθει
2285 3394 2378 3445 καὶ
2400 3395 2576 3465 χρόνῳ
2603 3394 3102 3458 καταδουλωθέντες
3128 3399 3201 3467 τῇ
3227 3398 3478 3468 ἁμαρτίᾳ
3503 3396 3722 3467 ἔμμονόν

2150 3501 2209 3537 τε
2243 3487 2336 3537 καὶ
2365 3485 2780 3550 δυσεξάλειπτον
2812 3489 2869 3539 έν
2917 3488 3128 3551 ἑαυτοῖς
3165 3489 3414 3560 φέρομεν
3448 3489 3507 3541 τὸ
3547 3488 3719 3541 κακόν.

2161 3575 2219 3628 Ὀ
2248 3577 2355 3644 γὰρ
2397 3575 2680 3642 δουλωθεὶς
2720 3581 2783 3647 τῇ
2816 3579 3009 3650 χρονίᾳ
3049 3578 3259 3633 τούτων
3298 3581 3549 3651 διατριϐῇ
3574 3621 3588 3646 ,
3630 3581 3723 3632 κᾶν

2151 3666 2383 3738 βουληθῇ
2415 3668 2575 3722 πάλιν
2603 3667 2736 3739 πρὸς
2768 3672 2867 3740 τὴν
2896 3670 3099 3742 ἀρετὴν
3127 3672 3572 3741 ἐπαναδραμεῖν,
3603 3671 3720 3722 δύσ-

2149 3759 2310 3828 εργόν
2353 3777 2413 3812 τε
2461 3761 2555 3813 καὶ
2595 3761 2927 3832 δυσήνυστον
2963 3762 3218 3832 εὑρίσκει
3256 3765 3359 3834 τὴν
3391 3764 3608 3836 βουλήν.
3643 3764 3722 3815 Διό

2149 3864 2313 3916 φησι·
2339 3867 2357 3899 ι
2386 3849 2499 3902 Οὐκ
2523 3849 2601 3902 ἔτι
2631 3851 2739 3919 ἐγὼ
2762 3852 3186 3923 κατεργάζομαι
3219 3855 3373 3916 αὐτὸ,
3397 3873 3416 3905 ι
3439 3855 3720 3917 τουτέστιν,

2148 3940 2264 3991 Οὐκ
2288 3937 2422 4009 ἐμοῦ
2459 3935 2576 3993 οἶδα
2617 3943 2678 3994 τὸ
2707 3941 2885 4012 ἔργον.
2913 3942 3036 4007 Πῶς
3075 3944 3188 4015 γὰρ
3233 3947 3330 4014 ὅγε
3372 3942 3720 4014 στενοχωρούο

2151 4047 2309 4100 μενος
2340 4031 2433 4082 ὑπ’
2463 4031 2662 4097 αὑτοῦ;
2701 4033 2837 4086 ἀλλὰ
2871 4035 2968 4105 τῆς
3003 4035 3271 4108 οἱκούσης
3305 4040 3367 4091 ὲν
3413 4039 3536 4107 ἐμοὶ
3561 4037 3723 4105 ἁμαρ·

2147 4125 2266 4188 τίας
2288 4167 2302 4191 ,
2335 4125 2552 4194 ἑδραίαν
2589 4127 2686 4179 καὶ⁵
2726 4128 3132 4199 ἀμετακίνητον
3166 4130 3268 4200 τὴν
3296 4131 3514 4201 οῐκησιν
3540 4143 3723 4195 κεκτη-

2150 4218 2321 4287 μένης
2345 4217 2441 4287 (4).
2476 4217 2567 4269 Διὸ
2603 4219 2696 4270 καὶ
2740 4218 3110 4290 ἁποδύρομαι,
3157 4223 3260 4293 τὴν
3290 4221 3606 4292 ἐλευθερίαν
3635 4219 3722 4288 ξη-

2145 4308 2254 4360 τῶν
2288 4310 2382 4362 καὶ
2412 4309 2758 4380 ἀνακρὰζωνο
2794 4330 2812 4362 ι
2840 4311 3202 4384 Ταλαίπωρος
3225 4313 3342 4383 ἐγὼ
3370 4315 3670 4386 ἄνθρωπος,
3700 4327 3718 4360 ι

2148 4399 2245 4452 καὶ
2271 4397 2418 4470 ἑξῆς.

2673 4624 3005 4680 ΕΡΩΊἮΣΙΣ
3041 4629 3174 4684 ΣΜ¹ο

2669 4804 2808 4872 Περὶ
2845 4805 2987 4874 ὅρου
3012 4803 3179 4872 ζωῆς.

1545 4948 1683 4998 Nunc
1706 4950 1914 5012 primum
1936 4953 2068 5002 edita
2087 4967 2112 5001 a
2133 4954 2193 5002 D.
2220 4953 2650 5016 Hergenroether.

547 5021 596 5076 I.
627 5023 710 5079 Ad
736 5039 916 5084 vetera
938 5044 1039 5086 nos
1064 5033 1363 5087 certamina
1383 5049 1568 5096 vocas,
1603 5037 1882 5107 inquibus
1911 5054 2036 5093 cum

2216 5045 2287 5094 α’.
2341 5040 2464 5092 Ἐπὶ
2487 5043 2748 5107 παλαιοὺς
2775 5045 2920 5113 ἡμᾶς
2949 5045 3167 5112 ἀγῶνας
3191 5048 3388 5113 καλεῖς
3419 5049 3501 5121 (5)
3525 5050 3617 5103 καὶ
3641 5045 3724 5119 ἐφ’

1979 5144 2208 5209 NOTAE.

642 5233 902 5313 Eumdem
935 5243 1144 5313 textum
1177 5242 1433 5313 explanat
1464 5241 1690 5298 Photius
1718 5260 1773 5313 q.
1804 5244 1937 5302 LVI.

537 5304 615 5378 (ξ)
648 5304 1191 5378 Ηιιιιο-ςμιίιιειὶριιεηι
1213 5304 1319 5378 iam
1343 5329 1373 5364 ιι
1403 5312 1599 5368 Wultio
1625 5304 1828 5369 editam
1856 5318 2035 5371 denuo

462 5373 978 5456 public‘azitnhlatus
1020 5376 1158 5434 Nov.
1184 5373 1395 5436 collect.
1434 5393 1571 5439 tom.
1598 5383 1692 5453 IX,
1727 5402 1780 5456 p.
1815 5387 1942 5452 1M,
1975 5399 2034 5442 ut

463 5458 520 5509 (ι.
547 5442 873 5499 ucxxxrv.

537 5513 924 5592 (’i')_lta_sc_r_ibo
953 5533 1051 5592 pro
1089 5521 1425 5591 κεκτημένη,
1455 5525 1597 5592 quod
1635 5534 1718 5580 est
1761 5527 1815 5581 in
1853 5527 2028 5583 Coisl.

462 5585 682 5655 quando
725 5585 967 5644 Colbert.
1009 5590 1170 5646 habet
1213 5585 1572 5664 κτησάμενος.
1624 5595 1776 5652 Patet
1821 5602 2026 5669 utique,

2138 5249 2267 5328 illud
2297 5252 2647 5328 κεκτημένης
2676 5252 2742 5328 ad
2769 5269 2955 5328 vocem
2979 5257 3260 5328 ἁμαρτίας
3287 5259 3483 5316 referri
3510 5259 3718 5316 debere.

2133 5318 2405 5373 Caeterum
2435 5318 2672 5400 quidde
2711 5324 2824 5400 ipsa
2856 5327 2958 5380 hac
2991 5318 3371 5397 expositione,
3415 5348 3580 5400 quam
3630 5331 3718 5382 alii

2133 5400 2320 5466 nostra
2362 5396 2623 5466 memoria
2657 5395 3012 5466 adoptarunt,
3053 5395 3380 5454 habendum
3419 5395 3514 5466 sit,
3563 5401 3718 5454 intel-

2133 5459 2269 5530 liges
2290 5477 2356 5530 ett
2388 5461 2542 5516 Curis
2582 5459 2786 5519 nostris
2819 5469 2884 5519 ad
2918 5467 2957 5520 l.
2990 5459 3042 5520 c.

2205 5529 2280 5609 (ii)
2320 5529 2604 5609 Vetustum
2654 5545 2952 5609 certamen,
2981 5545 3139 5592 vocat
3182 5535 3445 5608 Photius,
3488 5540 3613 5609 quia
3653 5539 3714 5591 de

2131 5604 2319 5656 eadem
2351 5617 2407 5657 re
2432 5602 2544 5672 jam
2578 5619 2633 5673 q.
2659 5603 2870 5659 CXLIX
2905 5608 3234 5679 disputat-at.
