3876 6216
230 317 346 385 1033

941 327 1040 387 ΑΙ)
1066 329 1660 389 AMPHILOCHIUM
1699 330 2047 401 QUAESTIO
2086 332 2732 399 CCXXXVIII-CCXL.

3333 339 3485 405 3034..

225 431 289 485 ὢν
318 432 498 486 πολλοὶ
526 437 872 507 κονισάμενοι
903 439 997 491 καὶ
1021 440 1145 503 τοὺς
1176 440 1373 503 ἄθλους
1410 442 1509 494 οὐκ
1547 442 1789 508 ἀγεννῶς

1902 443 2044 497 multi
2100 459 2221 498 sese
2258 446 2610 501 exercuerim
2639 456 2691 502 et
2718 465 2824 503 non
2871 452 3187 521 ignobiliter
3222 456 3469 512 decerta-

225 525 519 593 ἐνεγκόντες
560 526 657 597 τὴν
684 528 840 596 νίκην
867 532 999 600 ἡμῖν
1032 532 1130 602 (οὑ
1170 532 1279 601 γὰρ
1311 532 1421 603 ἐρῶ
1450 550 1503 585 τι
1530 534 1792 601 φαυλότε-

229 618 337 684 ρον)
383 616 623 686 καθορᾶν
660 620 720 671 ού
759 621 1038 692 παρέσχον
1083 625 1362 694 ἀνίκητον·
1398 624 1538 695 πλὴν
1575 627 1639 677 ἐκ
1682 625 1790 679 τῶν

226 708 602 779 προλαϐόντων
633 714 782 782 ἡμᾶς
814 714 975 767 ὁσίων
1015 716 1111 768 καὶ⁵
1147 717 1436 787 μακαρίων
1457 717 1668 787 ἀνδρῶν
1692 718 1789 770 λα-

226 798 314 861 ϐὰς
361 801 460 853 οὐκ
502 800 689 870 ὀλίγας
730 804 1139 874 συλλεξάμενοι,
1170 809 1266 862 καὶ
1311 809 1379 869 ἃς
1422 809 1455 878 ἡ
1502 810 1601 877 τῆς
1640 808 1789 872 θείας

226 894 387 963 ῥοπῆς
459 881 719 963 εὐμένεια
786 902 1092 969 παρασχεῖν
1148 902 1280 971 ἡμῖν
1322 903 1424 954 οὐκ
1483 901 1787 971 ἀπηξίωσε,

223 983 411 1048 ταύτας
454 986 691 1052 ἐκείναις
734 990 1092 1059 συνάψαντες,
1135 993 1407 1063 εὐχόμεθα
1448 993 1546 1061 μὲν
1572 994 1669 1063 τὴν
1691 978 1789 1062 σῆν

225 1075 447 1145 σπουδὴν
494 1079 590 1131 καὶ
640 1077 831 1132 ἐλπίδα
860 1082 934 1151 μὴ
970 1084 1355 1153 κεκενωμένην
1408 1083 1648 1153 χαρίτων
1699 1085 1790 1137 καὶ

222 1168 461 1235 γνώσεως
485 1171 547 1222 ού
579 1171 843 1242 δεομένης
872 1174 1169 1244 ἀλλαχόθεν
1195 1174 1473 1243 γνώμονας
1509 1175 1786 1238 ἀπελθεῖν,

222 1260 266 1311 εί
294 1259 347 1313 δὲ
373 1262 447 1333 μὴ
474 1300 489 1325 ,
520 1261 866 1335 βραχυτάτης
909 1265 990 1319 ἔτι
1028 1267 1285 1336 δεηθῆναι
1314 1268 1673 1338 διορθώσεως.
1717 1270 1790 1321 Τὸ

223 1351 317 1419 μὲν
361 1349 454 1405 οὖν
500 1354 721 1425 ἀνενόεῆ
776 1356 868 1409 τὸν
915 1355 1071 1425 λόγον
1117 1357 1417 1427 ἐπιζητεῖν,
1482 1359 1564 1422 εἰς
1613 1358 1790 1429 μῆκός

222 1441 363 1491 ἐστιν
388 1441 738 1505 ἐκϐιάζεσθαι
763 1444 859 1515 τὴν
886 1446 1123 1518 γραφὴν,
1160 1448 1222 1501 τὸ
1245 1448 1301 1500 δέ
1330 1447 1594 1520 σύντομον
1622 1450 1790 1504 ἀπαι·

220 1533 346 1596 τεῖν,
375 1533 548 1587 πολλὰ
567 1535 673 1587 τῶν
695 1536 921 1590 δεόντων
945 1540 1264 1609 ἐπιτρέπειν
1291 1542 1594 1595 ἀπολιπεῖν’
1626 1544 1786 1613 πλὴν,

218 1622 292 1685 ὼς
326 1623 389 1676 ἂν
416 1619 527 1687 οἷός
558 1644 617 1678 τε
649 1621 723 1691 ὦ,
762 1629 1092 1700 πειράσομαι
1124 1632 1265 1686 κατὰ
1294 1634 1395 1704 τὴν
1434 1634 1531 1705 σὴν
1567 1636 1788 1702 ἀξίωσιν

218 1716 305 1769 τὸν
336 1719 462 1787 περὶ
490 1718 615 1788 ὅρου
644 1720 799 1789 λόγον
830 1723 1113 1793 προάγειν.

288 1892 349 1962 β’.
388 1896 453 1947 Οἱ
496 1897 752 1968 χάσματα
798 1901 903 1971 γῆς
942 1906 1368 1976 προκομίζοντες
1414 1912 1508 1963 καὶ
1557 1914 1792 1981 ναυάγια

219 1986 310 2038 καὶ
340 1985 523 2057 λοιμὸν
550 1990 710 2061 ἀέρος
741 1992 834 2046 καί
862 2012 985 2048 τινα
1006 1998 1230 2052 τοιαῦτα
1252 2001 1415 2073 ἐτερα
1443 2004 1639 2075 ἁθρόον
1672 2008 1794 2060 πολ-

219 2075 323 2128 λῶν
384 2079 480 2131 καὶ
540 2080 811 2153 διαφόρων
864 2086 1340 2159 περιλαμϐάνοντα
1400 2093 1649 2163 θάνατον,
1675 2093 1794 2152 εἶτα

220 2170 525 2240 ζητοῦντες,
562 2175 790 2242 πότερον
827 2176 1027 2248 ὥριστο
1053 2180 1277 2247 τούτους
1311 2184 1444 2255 ὑφὲν
1471 2187 1548 2257 (6)
1575 2190 1669 2242 καὶ
1695 2189 1793 2261 τὴν

222 2265 387 2335 αὐτὴν
425 2264 597 2318 ἐλθεῖν
643 2268 925 2342 τελευτὴν,
972 2266 1115 2325 οὗτοί
1159 2292 1248 2344 μοι
1291 2277 1511 2332 δοκοῦσι
1556 2282 1617 2334 τὸ
1662 2283 1795 2336 καθ-

219 2357 491 2425 ορώμενον
509 2358 840 2429 ζητούμενον
877 2368 1069 2418 ποιεῖν·
1097 2366 1156 2432 ἐξ
1176 2362 1252 2420 ὧν
1284 2371 1468 2434 αὐτοῖς
1505 2374 1792 2443 συμϐαίνει

220 2450 523 2521 αἰσθήσεως
562 2454 762 2521 μᾶλλον
788 2456 819 2526 ἢ
852 2458 1176 2524 ἀποδείξεως
1207 2462 1448 2531 δεῖσθαι,
1483 2466 1567 2518 ἵνα
1597 2468 1670 2537 μὴ
1701 2468 1794 2538 βα-

221 2542 444 2613 θύτερον
476 2544 741 2611 ἐξετάζων
774 2548 943 2614 εἴπω,
985 2552 1078 2604 καὶ
1110 2553 1279 2624 αὐτῆς
1329 2556 1503 2610 διόλου
1537 2558 1635 2628 τῆς
1687 2560 1795 2615 ἀπὸ

218 2640 328 2693 τῶν
363 2640 639 2712 λογισμῶν
674 2644 971 2717 προϊούσης
1014 2647 1270 2717 κρίσεως
1301 2650 1363 2703 τὸ
1398 2652 1498 2722 μὲν
1528 2655 1638 2722 γὰρ
1668 2656 1796 2722 ὁμο-

218 2733 396 2800 λογεῖν
432 2734 529 2803 μὲν
558 2735 625 2788 τὰ
648 2736 798 2799 ὄντα,
832 2737 1013 2807 ζητεῖν
1047 2739 1102 2791 δὲ
1133 2741 1308 2794 ταῦτα
1337 2743 1386 2795 εἰ
1432 2743 1598 2808 ἔστιν,
1642 2745 1795 2800 οὐδὲν

218 2823 403 2894 ἔτερόν
429 2826 575 2878 ἐστιν
610 2826 642 2897 ἢ
689 2828 785 2897 τῆς
817 2832 1013 2899 νοητῆς
1049 2833 1143 2885 καὶ
1186 2834 1593 2905 ἀνερμηνεύτου
1636 2840 1796 2892 δυνά-

220 2934 367 2986 μεως
399 2917 732 2987 στηλιτεύειν
762 2922 862 2990 τὴν
890 2923 1193 2977 ἀσθένειαν·
1235 2929 1282 2979 εἰ
1312 2927 1421 2997 γάρ
1448 2930 1552 2981 ὑπὸ
1575 2931 1673 3003 τὴν
1700 2934 1797 2985 αύ-

214 3010 317 3079 τὴν
361 3012 704 3081 περιγραφὴν
732 3013 823 3065 τοῦ
869 3014 1099 3069 θανάτου
1132 3016 1363 3071 ἕκαστον
1392 3020 1597 3090 πλῆθος
1643 3039 1798 3092 περι-

1818 1779 1865 1839 Β

1893 534 2022 593 rint.
2054 536 2259 589 nullam
2304 537 2463 591 nobis
2518 539 2827 607 conspicuae
2856 541 3099 597 victoriae
3146 542 3284 614 (non
3322 547 3466 601 enim

1892 625 2160 694 abjectius
2180 627 2309 697 quid
2331 627 2702 699 dicam)spem
2729 631 3107 700 reliquerunt;
3128 650 3252 689 cum
3287 646 3467 691 tamen

1891 730 1957 770 ex
1986 716 2392 786 antiquioribus
2421 720 2628 776 sanctis
2669 720 2955 791 beatisque
2983 725 3117 779 viris
3146 739 3468 796 argumenta

1892 822 2000 861 non
2031 822 2199 876 pauca
2231 808 2638 879 collegerimus,
2677 810 2764 867 his
2792 812 3146 867 adnectentes
3175 815 3266 870 illa
3288 857 3303 879 ,
3347 833 3469 885 qua:

1892 899 2053 953 nobis
2083 899 2286 956 divinae
2307 901 2427 971 opis
2461 901 2749 957 clementia
2792 918 3082 974 suggerere
3114 921 3219 960 non
3255 919 3339 962 est
3373 910 3471 963 de-

1890 991 2133 1061 dignata,
2160 1001 2414 1063 optamus
2442 994 2687 1062 quidem,
2710 1003 2768 1048 ut
2800 1004 2955 1049 tuum
2983 996 3222 1051 studium
3252 1014 3315 1053 ac
3345 1015 3469 1070 spes

1892 1096 2000 1135 non
2037 1082 2194 1136 abeat
2225 1098 2395 1137 vacua
2430 1085 2621 1153 gratiis
2673 1094 2726 1139 et
2782 1088 3095 1155 cognitione
3123 1128 3139 1154 ,
3202 1103 3323 1158 qua:
3361 1106 3476 1144 non.

1892 1173 2154 1242 indigeat,
2186 1185 2243 1227 ut
2267 1175 2487 1229 aliunde
2509 1175 2848 1245 explicetur;
2882 1178 2965 1233 sin
2996 1188 3200 1243 autem,
3226 1190 3285 1233 ut
3307 1197 3470 1249 quam

1892 1262 2215 1318 brevissima
2248 1262 2489 1333 indigeat
2526 1266 2886 1321 correctione.
2938 1267 3238 1337 Exquirere
3284 1270 3468 1341 igitur,

1892 1361 1953 1405 ut
1982 1352 2097 1407 haec
2123 1354 2299 1407 oratio
2333 1354 2493 1422 plena
2526 1355 2598 1407 sit
2633 1354 2815 1425 nilque
2844 1356 2893 1411 ei
2925 1356 3087 1419 desit,
3124 1358 3265 1413 idem
3297 1368 3383 1414 est
3407 1373 3474 1412 ac

1892 1443 2218 1513 scripturam
2250 1444 2411 1499 istam
2457 1444 2515 1498 in
2550 1445 2777 1500 nimiam
2819 1447 3190 1516 prolixitatem
3222 1450 3469 1519 compel-

1891 1536 2023 1599 lere,
2059 1534 2381 1590 brevitatem
2407 1542 2590 1589 autem
2642 1535 2697 1589 in
2738 1537 2928 1592 eadem
2960 1540 3178 1610 exigere
3211 1540 3354 1595 idem
3388 1550 3473 1595 est

1890 1644 1955 1684 ac
1980 1630 2313 1699 permittere,
2344 1637 2404 1682 ut
2439 1630 2612 1683 multa
2648 1632 2959 1686 necessaria
2989 1636 3335 1688 omittantur.
3372 1636 3468 1693 At-

1892 1729 2072 1776 tamen
2101 1735 2201 1790 pro
2230 1720 2372 1775 virili
2406 1721 2650 1774 conabor
2669 1721 2824 1789 juxta
2850 1724 3189 1793 rogationem
3221 1736 3370 1779 tuam
3404 1706 3471 1780 de

1893 1810 2017 1864 vita:
2042 1811 2280 1864 termino
2311 1823 2617 1864 sermonem
2654 1810 2975 1877 producere.

1964 1901 2019 1955 2.
2055 1900 2157 1967 Qui
2184 1901 2501 1970 repentinos
2532 1902 2716 1955 hiatus
2743 1910 2906 1957 terrae
2938 1902 3226 1972 proferunt
3258 1912 3312 1957 et
3337 1918 3472 1957 nau-

1893 1995 2065 2066 fragia
2087 2002 2143 2048 et
2167 1994 2313 2048 acris
2337 1994 2703 2064 pestilentiam
2726 1995 2974 2065 aliosque
2990 2010 3154 2050 casus
3175 1994 3467 2064 ejusmodi,

1893 2086 1987 2156 qui
2042 2085 2341 2139 multorum
2391 2084 2556 2140 simul
2592 2086 2983 2154 variorumque
3032 2088 3472 2156 complectuntur

1895 2182 2152 2237 mortem,
2183 2182 2237 2228 et
2252 2173 2447 2229 deinde
2498 2185 2753 2244 quaerunt
2782 2185 2965 2230 utrum
2998 2177 3279 2232 deﬁnitum
3306 2187 3473 2241 esset,

1895 2271 1947 2325 in
1969 2284 2137 2323 unum
2169 2269 2269 2324 hos
2297 2282 2489 2323 omnes
2506 2268 2873 2338 eumdemque
2906 2269 3205 2324 convenire
3236 2270 3471 2332 obitum,

1896 2362 1948 2415 hi
1988 2361 2120 2415 mihi
2149 2361 2402 2416 videntur
2430 2360 2866 2429 inquaestionem
2886 2376 3085 2417 vocare
3108 2402 3123 2428 ,
3159 2362 3302 2431 quod
3335 2362 3471 2431 ipsis

1894 2454 2068 2508 oculis
2097 2452 2468 2522 conspicitur;
2522 2452 2670 2507 unde
2720 2453 2841 2508 istis
2888 2469 3056 2508 sensu
3090 2455 3276 2523 potius
3309 2468 3474 2523 quam

1895 2545 2369 2607 demonstratione
2394 2560 2534 2613 opus
2563 2553 2666 2609 est,
2699 2559 2768 2600 ne
2804 2546 2970 2600 altius
3001 2561 3115 2600 rem
3154 2546 3475 2601 examinans

1896 2639 2109 2701 dicam,
2167 2637 2319 2707 ipsos
2352 2636 2517 2690 etiam
2553 2636 2763 2706 judicio
2810 2653 2878 2691 ex
2935 2635 3223 2692 ratiocinio
3277 2638 3476 2692 mentis

1895 2737 2185 2783 emanante
2217 2727 2511 2783 destitutos
2539 2740 2699 2791 esse;
2728 2740 2853 2780 nam
2885 2726 3132 2781 conﬁteri
3154 2728 3371 2797 quidem
3410 2741 3475 2781 ea

1896 2838 2018 2890 qua:
2046 2830 2196 2886 sunt,
2228 2837 2474 2892 quaerere
2504 2837 2655 2887 vero,
2690 2836 2756 2874 an
2808 2820 2925 2876 haec
2971 2822 3101 2886 sint,
3152 2821 3289 2875 nihil
3324 2822 3476 2875 aliud

1896 2924 2003 2977 est,
2046 2929 2214 2983 quam
2263 2915 2467 2969 mentis
2500 2922 2664 2982 atque
2698 2912 3068 2983 intelligentia:
3098 2912 3472 2966 inﬁrmitatem

1899 3008 2142 3062 indicare
2172 3020 2236 3060 ac
2268 3006 2521 3075 prodere.
2562 3004 2620 3058 Si
2668 3007 2813 3060 enim
2855 3006 2960 3059 sub
2999 3008 3246 3060 eamdem
3284 3008 3477 3061 mortis

214 3100 588 3169 λαμϐάνεται,
634 3104 729 3156 καὶ
770 3104 928 3159 τοῦτο
958 3107 1435 3181 καθωμολόγηται.
1487 3113 1545 3165 ὐ
1581 3116 1639 3167 δὲ
1672 3116 1792 3184 ὅρος

1902 3097 2469 3166 circumscriptionem
2507 3095 2738 3164 singulae
2790 3095 3169 3149 multitudines
3224 3110 3476 3163 compre-

211 3194 366 3246 οὐδὲν
391 3193 579 3264 ἕτερόν
606 3197 720 3249 ἐστι
744 3199 894 3268 παρὰ
915 3199 974 3252 τὸ
994 3201 1145 3265 τέλος
1175 3204 1404 3257 ἑκάστου
1432 3207 1530 3277 (7),
1555 3207 1673 3270 πῶς
1699 3209 1798 3278 οὐχ

210 3286 355 3355 ὅπερ
404 3287 760 3357 ὁμολογοῦσιν
810 3291 936 3361 ὅρον
983 3295 1311 3362 γεγενῆσθαι
1344 3298 1444 3349 οὐκ
1487 3299 1797 3369 ἐλέγχονται

210 3376 535 3444 ζητοῦντες,
588 3381 636 3431 εί
678 3379 786 3451 ἄρα
839 3384 980 3435 κατὰ
1032 3384 1249 3437 πάντων
1298 3381 1380 3449 εἷς
1429 3383 1498 3459 ἦν
1527 3391 1554 3442 ὁ
1601 3392 1797 3459 παγεὶς

208 3468 382 3536 ὅρος;
426 3468 566 3523 Ἀλλ’
610 3470 668 3524 ἓν
702 3476 798 3542 μὲν
839 3473 1030 3539 τοῦτο,
1060 3476 1325 3547 ίδεύτερον
1362 3480 1439 3532 δέ·
1487 3481 1561 3532 Τίί
1598 3481 1797 3551 δήποτε

207 3557 650 3627 καταφεύγουσιν
693 3564 774 3624 είς
824 3564 1024 3633 πλῆθος
1067 3564 1260 3636 ἀθρόον
1301 3567 1443 3621 οὕτω
1480 3570 1608 3639 μίαν
1634 3572 1798 3624 ἀπαί-

206 3665 372 3719 τησιν
415 3653 875 3723 είσπραττόμενον
903 3656 1123 3722 τέλους;
1155 3658 1187 3727 ἢ
1222 3659 1379 3729 δῆλον
1400 3661 1480 3713 ὅτι
1503 3664 1665 3714 τινῶν
1697 3664 1797 3733 μὲν

205 3740 341 3811 ὅρον
388 3743 775 3812 ὁμολογοῦντες
824 3748 952 3818 περὶ
995 3748 1050 3800 δὲ
1089 3749 1200 3802 τῶν
1229 3750 1490 3805 πλειόνων
1520 3754 1800 3824 ἀμφισϐη-

203 3828 456 3892 τοῦντες.
502 3833 576 3883 Ού
622 3832 725 3904 γὰρ
772 3832 836 3886 ἂν
872 3838 1063 3910 »αὐτοῖς
1110 3839 1190 3900 είς
1231 3838 1435 3902 πλῆθος
1460 3840 1569 3892 οὐδ’
1616 3843 1694 3905 εἰς
1741 3844 1801 3896 τὸ

203 3921 413 3991 ἁθρόον
442 3923 790 3996 ηκαταφυγὴ
812 3926 909 3995 τῆς
940 3928 1219 3997 ἀριστείας
1249 3932 1537 4003 ἐπενοήθη·
1570 3935 1664 3986 καὶ
1695 3934 1800 4005 μὴν

202 4013 263 4064 εἰ
308 4013 471 4065 τινῶν
517 4016 615 4083 μὲν
660 4014 909 4083 λέγουσιν
948 4019 1092 4088 ὅρον,
1142 4021 1215 4091 μὴ
1262 4024 1480 4077 πάντων
1519 4026 1573 4078 δὲ
1598 4067 1613 4090 ,
1638 4026 1698 4091 ἐξ
1725 4020 1799 4081 ὧν

200 4105 375 4157 αὐτοὶ
416 4106 523 4158 τῶν
564 4108 721 4161 ἐνίων
746 4111 869 4180 ὅρον
903 4116 998 4165 καὶ
1037 4116 1297 4181 σιγῶντες
1335 4118 1712 4189 ἀποδέχονται,
1736 4122 1801 4174 ἐκ

199 4195 324 4249 τῶν
361 4195 539 4249 αὐτῶν
579 4198 692 4252 ἐστι
726 4203 818 4254 καὶ
861 4204 973 4265 τοῖς
1006 4204 1149 4256 κατά
1187 4206 1403 4259 πάντων
1446 4209 1537 4260 τὸν
1564 4208 1686 4279 ὅρον
1710 4208 1800 4261 λέο

198 4306 404 4357 γουσιν
461 4291 812 4356 ἐκϐιάζεσθαι
872 4295 1093 4359 τούτους
1142 4301 1233 4351 καὶ
1271 4300 1503 4362 ἄκοντας
1544 4299 1800 4355 ἕλκεσθαι

199 4382 358 4452 πρὸς
408 4387 843 4452 συγκατάθεσινο
899 4384 979 4453 οἷς
1022 4393 1128 4461 γὰρ
1175 4393 1374 4446 ἐκεῖνοι
1420 4394 1518 4456 τὰς
1567 4394 1800 4465 ἀπορίας

1900 3188 2252 3254 hcnduntur,
2292 3188 2559 3243 terminus
2593 3193 2776 3242 autem
2810 3187 2946 3241 nihil
2988 3186 3136 3241 aliud
3186 3198 3271 3242 est
3311 3202 3495 3256 quam.

1901 3279 2337 3349 uniuscujusque
2370 3278 2540 3333 ﬁnis:
2579 3278 2854 3347 quomodo
2910 3293 3021 3333 non
3075 3278 3479 3333 convincuntur

1896 3388 2143 3442 quaerere
2168 3372 2314 3440 quod
2339 3370 2598 3436 fatentur,
2627 3371 2755 3425 dum
2797 3378 3079 3441 quaerunt,
3130 3386 3199 3424 an
3228 3387 3372 3425 unus
3411 3370 3478 3424 de

1897 3465 2157 3520 omnibus
2192 3465 2263 3519 sit
2313 3471 2552 3519 statutus
2579 3462 2882 3518 terminus?
2916 3460 3022 3517 Sed
3054 3462 3160 3516 hoc
3186 3477 3357 3517 unum
3395 3470 3482 3516 est

1897 3573 1962 3611 ex
1998 3555 2376 3625 argumentis;
2404 3553 2708 3609 secundum
2740 3568 2871 3607 vero
2900 3552 3044 3607 istud
3068 3570 3080 3606 :
3101 3551 3233 3615 Cur,
3270 3565 3479 3621 qumso,

1899 3651 1965 3704 ad
1994 3648 2395 3703 multitudinem
2428 3647 2771 3716 confugiunt,
2829 3661 2859 3702 a
2896 3661 3003 3714 qua
3032 3645 3155 3699 ﬁnis
3186 3645 3259 3698 ita
3287 3660 3481 3713 repen—

1901 3741 2049 3795 tinus
2087 3741 2545 3811 proniiscuusque
2594 3737 2873 3807 exigitur?
2926 3734 3196 3790 Nimirum
3249 3736 3379 3805 quia
3416 3736 3482 3789 de

1899 3834 2177 3903 aliquibus
2209 3832 2502 3885 terminum
2550 3832 2912 3892 conﬁtentur,
2953 3829 3021 3883 de
3065 3826 3316 3897 pluribus
3353 3841 3482 3878 ver.»

1901 3943 2007 3980 non
2035 3926 2344 3981 concedunt
2371 3923 2700 3992 (dubitant);
2736 3938 2846 3976 non
2878 3922 3026 3975 enim
3061 3919 3335 3989 ejusmodi
3360 3933 3484 3988 per-

1900 4017 2106 4085 fugium
2148 4016 2215 4069 ad
2264 4014 2670 4069 multitudinem
2722 4028 2833 4066 uno
2891 4012 3109 4080 agmine
3159 4010 3427 4064 moriente
3449 4028 3480 4061 η

1899 4108 2320 4178 excogitassent.
2361 4104 2427 4159 Et
2459 4116 2639 4159 tamen
2679 4104 2735 4159 si,
2771 4104 2840 4159 de
2887 4103 3162 4173 aliquibus
3212 4101 3485 4158 aﬁirmant

1903 4198 2216 4264 terminum,
2243 4212 2353 4251 non
2380 4210 2508 4250 vero
2546 4195 2615 4250 de
2653 4194 2951 4249 omnibus:
2988 4204 3100 4249 tum
3137 4193 3338 4263 quibus
3379 4193 3489 4262 ipsi

1903 4288 2210 4344 rationibus
2238 4286 2535 4343 terminum
2566 4286 2633 4341 de
2666 4286 2944 4355 aliquibus
2984 4284 3070 4339 vel
3103 4283 3253 4338 taciti
3282 4283 3505 4337 admit-V

1908 4389 2054 4446 tunt,
2080 4382 2279 4437 iisdem
2312 4382 2398 4436 vel
2429 4380 2585 4434 inviti
2617 4379 2868 4450 compelli
2893 4392 2955 4432 ac
2990 4377 3132 4432 trahi
3162 4383 3393 4447 possunt
3419 4376 3486 4428 ad

197 4473 615 4542 ἀποκρούονται
650 4480 807 4533 ἐνίων
837 4483 965 4552 ὅρον
994 4484 1309 4548 δοξάζοντες
1352 4486 1462 4538 τῶν
1492 4486 1629 4555 πρὸς
1667 4485 1792 4538 ταύ-

1904 4478 2270 4546 praestandum
2288 4491 2575 4532 assensum
2598 4475 2686 4538 iis,
2706 4474 2799 4546 qui
2824 4474 3119 4528 terminum
3143 4472 3210 4526 de
3230 4469 3487 4526 omnibus

195 4582 315 4635 την
347 4568 783 4641 ἀπομαχομένων
821 4573 920 4645 τὴν
953 4574 1133 4642 δόξαν,
1175 4579 1286 4640 τοῖς
1314 4578 1497 4641 αὐτοῖς
1525 4577 1591 4630 ἂν
1632 4578 1681 4630 οἱ
1710 4578 1802 4630 εύ-

205 4657 510 4723 σεϐοὖντες
540 4663 826 4726 κάκείνους
847 4667 1255 4737 ἀποκρούεσθαι
1281 4670 1380 4732 τὰς
1410 4670 1679 4742 ἐπηρείας
1706 4671 1802 4721 ἐκ·

199 4748 570 4816 διδάσκουσι,
605 4754 671 4818 ἃς
706 4759 848 4811 κατὰ
889 4758 997 4811 τῶν
1039 4760 1305 4829 λεγόντων
1326 4761 1423 4815 ’ἑνα
1448 4762 1629 4816 κοινὸν
1680 4762 1804 4833 ὅρον

196 4840 478 4895 ἁπάντων
515 4845 607 4896 ἐπί
634 4846 727 4898 τοῦ
768 4852 1252 4923 προχειριζομένου
1298 4852 1534 4923 πλήθους
1583 4853 1806 4923 γεγενῆ-

199 4932 348 4986 σθαι
389 4934 830 5013 [προκομίζουσι]
861 4941 958 5012 (8).

290 5218 317 5268 γ
355 5239 366 5253 .
418 5200 531 5253 ’ἷῖτι
563 5200 618 5252 δὲ
661 5202 719 5253 ού
770 5203 929 5272 μόνον
963 5205 1184 5258 ἐπειδάν
1213 5206 1529 5279 περίστασίς
1557 5225 1640 5270 τις
1680 5227 1796 5261 και-

193 5296 503 5364 νοπρεπὴς
531 5296 765 5364 ἐπιστῇ,
806 5294 976 5366 ἁθρόα
1008 5298 1140 5366 γένη
1183 5299 1274 5351 καὶ
1303 5300 1535 5371 διάφορα
1567 5302 1646 5353 ἐνὶ
1686 5303 1797 5372 ὅρῳ

1901 4566 2419 4634 οίΙὶτιηοιιιῺυὶὺυε
2451 4568 2595 4622 enim
2616 4564 3171 4636 responsionibusisti
3184 4564 3507 4619 terminum.

1902 4659 1972 4714 de
2002 4659 2283 4729 aliquibus
2313 4655 2667 4715 admittentes
2738 4657 2992 4712 refellunt
3021 4655 3364 4725 objectiones
3391 4669 3485 4707 eo-

1908 4768 2053 4816 rum,
2085 4752 2180 4822 qui
2210 4752 2340 4806 huic
2367 4750 2652 4806 sententiae
2682 4750 3044 4817 reluctantur,
3074 4748 3267 4805 iisdem
3300 4754 3356 4801 ct
3395 4760 3489 4799 ca-

1910 4844 2314 4899 tholicidocent
2337 4841 2584 4897 refellere
2603 4856 2696 4897 eos
2728 4857 2889 4912 posse
2920 4840 3257 4911 objectiones
3282 4837 3491 4893 inillos

1898 4940 2159 5007 prolatas,
2190 4937 2283 5004 qui
2345 4950 2513 4989 unum
2550 4950 2901 4989 communem
2951 4935 3018 4989 de
3054 4934 3315 4988 omnibus
3362 4942 3482 4985 ter-

1918 5028 2123 5083 minum
2147 5025 2200 5079 in
2234 5026 2323 5082 illa
2350 5024 2698 5081 multitudine
2739 5026 2908 5081 fuisse
2948 5024 3305 5081 constitutum
3337 5037 3490 5079 asse-

1912 5128 2059 5173 runt.

1982 5209 2035 5264 5.
2070 5210 2298 5279 Insuper
2329 5225 2436 5263 non
2472 5211 2646 5262 solum
2676 5209 2897 5279 quando
2946 5224 3121 5265 novus
3167 5205 3365 5276 aliquis
3402 5204 3491 5255 in-

1908 5314 2095 5373 surgat
2132 5319 2311 5367 casus,
2352 5304 2498 5356 varia
2536 5314 2586 5357 et
2615 5305 2926 5373 pl'mlliSt‘llﬂ
2962 5303 3123 5357 simul
3156 5313 3356 5371 genera
3388 5297 3490 5349 ho-

1749 5479 1982 5536 NOT/E.

281 5630 372 5698 (6)
411 5626 500 5702 Sic.
528 5630 617 5697 ὑφ’
638 5629 717 5684 ἓν.
748 5631 877 5685 mel.
910 5633 1013 5685 ὑπὸ
1049 5635 1197 5702 μίαν.

286 5701 696 5775 {'i)_tlatil'orus
728 5702 841 5770 jam
877 5702 929 5755 in
964 5701 1064 5757 suo
1090 5704 1406 5775 Apograplto
1442 5707 1631 5760 vitium
1666 5708 1796 5764 huic

190 5771 405 5827 tumul
432 5771 658 5828 subesse
700 5774 780 5827 vel
818 5789 990 5841 pauca
1028 5771 1221 5831 deesse
1244 5771 1551 5845 suspicatus
1583 5788 1687 5833 est.

1983 5641 2058 5705 (8)
2084 5639 2286 5695 ‘l‘cxtus
2323 5642 2601 5695 vidi-batur
2635 5644 2882 5697 nonnihil
2915 5647 3210 5710 corruptus
3243 5646 3295 5692 et
3330 5652 3481 5695 mam

1913 5729 2026 5766 cus.
