3876 6216
188 327 310 391 1θ37

1135 328 1234 386 ΑΒ
1264 324 1857 386 AMPHILOCHIUM
1888 325 2232 395 QUAESTIO
2270 327 2480 389 CCXL.
3062 355 3105 378 κ

3283 328 3437 393 1033:

181 455 350 507 νημα;
378 436 438 490 Ei
467 436 591 508 ὄρος
620 438 921 502 τετέλεστο,
946 439 998 490 τί
1035 438 1176 493 Καῖν
1199 439 1275 501 ὡς
1306 440 1587 510 ὑπηρέτης
1612 441 1739 510 ὅρου

1846 440 2131 494 suscitavit
2158 442 2477 496 mortuum?
2514 443 2640 496 time
2668 453 2724 497 et
2746 444 2945 500 similia
2993 445 3037 500 si
3102 444 3296 499 Clotho
3324 462 3421 516 per

180 528 553 597 ἀδελφοκτόνος
583 529 659 582 ὣν
706 530 889 583 στόνον
920 530 1082 593 αὐτὸς
1104 532 1199 584 καὶ
1222 531 1474 601 παγγενῆ
1499 531 1747 584 πανωλεοο

180 620 329 692 θρίαν
354 621 594 690 ἐσχάτως
623 622 1065 687 καταδικάζεται,
1085 623 1316 686 καὶπῶς
1345 623 1437 676 τὸν
1466 623 1634 691 φονέα
1655 624 1741 675 νό-

183 733 273 785 μος
300 714 438 777 θεῖος
463 716 526 767 ὲκ
549 715 673 768 Νῶε
697 715 824 787 ἄχρι
847 718 945 786 τῆς
968 717 1127 788 δεῦρο
1148 716 1363 786 Θανάτῳ
1389 716 1744 779 καταδικάζει

182 806 290 876 μετ’
311 806 681 872 ἐπιστάσεωςς
706 807 739 877 ἢ
772 808 888 872 πῶς
913 810 973 861 τὸ
1000 810 1077 872 είς
1101 807 1191 863 τὸν
1226 809 1399 878 ’Λγάγ
1429 809 1705 877 λογιστέον
1728 828 1742 876 ;

176 900 222 950 εί
262 897 585 967 πεπλήρωτο
625 900 652 951 ὁ
688 901 768 962 είς
809 900 972 953 αὐτὸν
1007 902 1149 972 ὅρος,
1182 902 1281 954 οὐκ
1308 900 1616 972 ἐτεθνήκει,
1650 902 1745 954 καὶ

179 985 249 1055 μὴ
281 986 604 1057 βουλομένου
655 987 749 1042 τοῦ
786 990 958 1044 Σαοὺλ
993 990 1221 1056 πατάξει
1253 994 1449 1056 αὑτόνς
1485 992 1549 1044 Τί
1596 992 1652 1045 δὲ
1694 992 1745 1045 οἱ

174 1076 261 1129 τοῦ
304 1077 422 1131 ’1ὼὸ
450 1081 640 1144 παῖδες
659 1121 673 1141 .
707 1082 817 1153 ὅρῳ
847 1082 881 1153 ἢ
918 1082 1193 1154 ὲξαιτήσει
1240 1085 1417 1138 Σατάν
1443 1085 1584 1154 (16);
1614 1084 1663 1137 τί
1689 1084 1745 1137 δὲ

186 1168 451 1235 Ἐζεκίαςο
474 1174 526 1225 τί
550 1174 607 1226 δὲ
629 1173 944 1241 Νινευῗται;
979 1176 1030 1229 τί
1070 1177 1125 1229 δὲ
1150 1179 1199 1229 οἱ
1230 1177 1462 1246 καθεξῆς
1489 1177 1556 1229 δι’
1588 1179 1745 1231 εὐτυ-

173 1263 289 1331 χίας
320 1265 693 1330 ἀνασωθέντες
718 1269 750 1338 ἢ
772 1268 864 1320 καὶ
895 1268 1191 1340 σωζόμενοι
1218 1288 1232 1337 ;
1267 1271 1396 1323 τίδὲ
1427 1270 1531 1341 [τὶ]
1568 1290 1585 1323 ι
1626 1272 1743 1324 Ἵνα

172 1371 248 1417 τις
281 1355 343 1426 θῇ
372 1355 551 1426 ψυχὴν
578 1357 720 1427 ὑπὲρ
752 1359 1174 1430 στεργομένου.»
1213 1354 1274 1415 οὗ
1303 1363 1670 1433 πρόγραμμπ
1694 1362 1744 1415 οἱ

172 1448 307 1514 ἀγιοι
355 1450 669 1518 μάρτυρες;
719 1451 840 1514 Πῶς
870 1453 929 1505 τὸ
973 1454 1157 1516 Φινεὲς
1191 1453 1350 1524 ἔργον
1384 1456 1606 1521 θετέον;
1645 1474 1743 1509 κα-

170 1542 444 1613 κοπραγίᾳ,
476 1544 506 1612 ἢ
539 1544 690 1613 ὅρῳς
725 1543 835 1597 Ποῦ
871 1546 928 1598 δὲ
958 1546 1039 1605 τὸ,
1086 1566 1104 1597 ι
1165 1547 1291 1599 Ἐάν
1325 1549 1741 1621 ἀγαθοεργήσῃ,

169 1631 260 1704 ἔσῃ
290 1636 727 1707 μακροχρόνιοςς
757 1636 860 1690 ποῦ
887 1637 943 1690 δὲ
969 1637 1050 1700 τὸ,
1090 1657 1109 1689 ι
1158 1638 1538 1692 Ἐλασσονοῦσι
1572 1641 1743 1710 φυλὰς

168 1728 462 1797 ἁμαρτίαις
518 1728 583 1782 Τί
639 1728 698 1782 δὲ
751 1730 800 1783 oi
850 1730 1023 1799 δειλίᾳ.
1076 1732 1305 1785 θανάτου
1370 1734 1739 1803 ἀπαγχόμενοι

1845 526 2042 592 Deum,
2080 530 2171 584 ubi
2206 532 2312 585 erit
2339 532 2551 586 arbitrii
2605 531 2852 599 libertus,
2886 550 2955 590 ne
3002 535 3180 591 dicam
3226 536 3427 590 absur-

1844 622 2026 677 ditas?
2057 622 2195 689 Quid
2224 639 2352 677 vero
2382 635 2656 695 postrema
2710 626 2797 680 illa
2840 627 3207 683 lsraelitarum
3246 629 3421 683 inter-

1845 713 2007 767 fectio
2044 714 2096 766 in
2134 728 2350 783 pmuam
2393 716 2678 787 sanguinis
2711 717 2922 771 Domini
2950 728 3003 772 et
3029 721 3417 790 prephetnrum

1844 804 2005 859 credis
2051 821 2147 875 per
2187 821 2337 860 arma
2376 806 2749 863 Romanorum
2816 810 3004 863 illata?
3057 812 3132 864 Ex
3184 814 3421 866 termino

1844 909 1939 949 seu
1971 896 2187 951 decreto
2213 898 2440 968 contigit
2479 915 2545 953 an
2577 916 2641 954 ex
2703 902 2934 955 arbitrio
2966 901 3265 956 voluntatis
3327 916 3423 958 aut

1845 987 1949 1041 alia
1976 989 2230 1043 ratione?
2258 991 2396 1057 Quid
2429 1008 2556 1047 vero
2575 1003 2798 1047 cruenta
2826 995 3002 1049 cades
3031 994 3085 1046 iu
3116 994 3279 1049 Abele
3300 1011 3423 1065 per-

1845 1082 2094 1148 petrata?
2125 1080 2181 1134 Si
2225 1082 2494 1137 terminus
2558 1099 2589 1139 a
2626 1084 2735 1139 Deo
2790 1085 3130 1154 praastitutus
3172 1087 3423 1155 expletus

1845 1168 1950 1222 fttit
1977 1168 2045 1229 ⁸³.
2078 1187 2179 1226 cur
2211 1172 2365 1238 Cain,
2391 1174 2484 1242 qui
2524 1184 2582 1228 ut
2608 1175 2779 1229 divini
2813 1176 3017 1231 decreti
3055 1177 3306 1231 minister
3329 1192 3425 1231 oc-

1843 1261 1976 1315 cidit
2026 1262 2275 1330 fratrem,
2314 1271 2379 1319 ad
2431 1267 2667 1335 gemitus
2724 1270 2841 1338 ipse
2893 1269 3169 1341 totiusque
3209 1271 3426 1341 generis

1845 1355 2125 1410 interitum
2190 1359 2623 1414 condemnatur?
2681 1359 2746 1414 Et
2796 1362 3072 1430 quomodo
3107 1362 3191 1417 lex
3241 1363 3425 1418 divina

1846 1462 1873 1499 a
1904 1445 2018 1501 Noe
2060 1448 2107 1480 “
2136 1449 2202 1503 ad
2235 1450 2338 1504 hoc
2388 1466 2564 1521 usque
2607 1460 2823 1522 tempus
2875 1453 3204 1508 homicidam
3265 1458 3422 1509 morti

1845 1540 2091 1594 addicit?
2122 1540 2228 1596 Ant
2257 1545 2533 1612 qttomodo
2564 1544 2696 1599 illud
2728 1546 2794 1600 de
2824 1546 2971 1615 Agat;
2993 1547 3039 1578 ⁸³
3060 1547 3423 1617 repntandum

1843 1631 2050 1686 est?Si
2082 1634 2347 1688 terminus
2410 1635 2511 1703 ipsi
2571 1634 2770 1691 fuisset
2829 1637 3187 1707 praestitutus,
3236 1653 3424 1691 nonne

1846 1726 2097 1791 obiisset,
2137 1727 2239 1783 etsi
2277 1729 2444 1781 nollet
2466 1727 2595 1782 Saul
2639 1730 2816 1796 ipsum
2846 1766 2855 1771 -
2883 1730 3226 1785 interficere?
3283 1731 3423 1798 Quid

166 1816 424 1885 ἑκουσίως
471 1821 504 1894 ἢ
548 1825 701 1876 αὐτοὶ
752 1824 876 1877 καθ’
928 1825 1309 1895 οίονδηποτοῦν
1364 1799 1564 1897 τρόπον
1593 1799 1739 1879 ’ἐαυ-

1848 1835 1978 1874 vero
2023 1818 2118 1874 filii
2149 1819 2252 1875 Job
2282 1819 2367 1875 ⁸δῖ
2392 1821 2495 1876 Per
2535 1821 2904 1876 terminumue
2932 1838 2999 1877 an
3060 1838 3157 1893 per
3208 1822 3427 1881 Satanae.

164 1914 283 1976 τοὺς
344 1916 697 1986 ἀναιροῦντες
742 1916 788 1987 ἢ
834 1917 1105 1981 ἀκουσίως
1147 1919 1277 1989 παρ’
1327 1918 1531 1989 ἐτέρων
1586 1917 1744 1971 τοῦτο

165 2007 477 2076 πεισόμενοι
656 2007 800 2080 λιμῷ
841 2009 873 2079 ἢ
957 2009 1106 2081 κόρῳ
1158 2010 1191 2080 ἢ
1242 2008 1400 2079 ψύξει
1463 2010 1741 2082 πληθούσῃ

167 2099 195 2150 ii
226 2098 401 2171 θέρμῃ
432 2101 465 2171 ἢ
497 2100 750 2171 λοιμώδει
787 2103 927 2173 νόσῳ
949 2102 981 2175 ἢ
1006 2103 1104 2156 ὅσα
1135 2103 1386 2173 βοηθείας
1421 2105 1743 2175 ἰσχυρότερα

163 2190 193 2259 ἢ
233 2191 620 2263 ἀθεράπευτα,
668 2194 754 2247 ἴνα
797 2195 870 2264 μὴ
904 2195 1047 2263 λέγω
1089 2195 1266 2249 πάντα
1300 2196 1370 2249 τὰ
1399 2196 1466 2249 δι’
1509 2197 1741 2268 ἀφαιρέο

166 2300 296 2347 σεως
326 2285 597 2355 αἴματος;
644 2287 707 2338 Τί
737 2287 793 2339 δὲ
827 2287 922 2339 ἐὰν
954 2290 1062 2358 ἀφῇ
1107 2287 1205 2359 τὴν
1231 2289 1503 2360 ἀρτηρίαν
1531 2291 1739 2356 ἄδετον,

163 2375 426 2439 ἑκουσίως
467 2377 499 2448 ἢ
546 2379 639 2431 καὶ
685 2380 796 2449 μή;
838 2380 957 2448 οὐχὶ
1006 2382 1063 2431 ὲν
1113 2380 1306 2450 αἵματι
1351 2381 1528 2452 ψυχῆς
1577 2383 1741 2437 αὐτοῦ

163 2468 413 2539 ὲκδράσει
455 2471 549 2523 καὶ
588 2470 648 2523 τὸ
682 2471 867 2542 νοερὸν
914 2471 1174 2541 Πνεῦμα,
1214 2472 1242 2525 ὃ
1285 2474 1343 2526 ὲν
1385 2473 1559 2543 τούτῳ
1595 2473 1743 2526 δέδε-

161 2578 245 2613 ται
270 2562 313 2632 (1
330 2562 384 2627 7)
420 2562 540 2615 ἐπεὶ
563 2559 703 2631 αἷμα
744 2563 1109 2634 ἅποτυροῦται
1134 2567 1213 2629 είς
1236 2566 1417 2638 σάρκα
1442 2583 1457 2632 ;
1484 2568 1601 2637 ἄμα
1634 2568 1742 2637 γάρ

163 2653 326 2723 σὰρξ,
360 2653 480 2724 ἅμα
510 2654 735 2723 Πνεῦμα
758 2656 890 2725 (f8)'
921 2655 1156 2718 καὶπῶς
1197 2657 1354 2710 τοῦτο
1375 2674 1389 2723 ;
1414 2658 1496 2711 ὅτι
1537 2660 1565 2710 ὁ
1600 2657 1744 2721 θεῖος

161 2747 329 2815 Λόγος
374 2749 474 2801 καὶ
510 2748 920 2812 αὑθυπόστατος
964 2749 1101 2821 σὰρξ
1149 2750 1368 2818 ἐγένετο
1420 2752 1637 2822 σκηνῶν
1685 2753 1743 2804 ὲν

161 2838 286 2906 ἡμῖν
326 2838 463 2908 περὶ
504 2837 595 2890 τὸν
635 2838 895 2906 ἀσφαλῶς
931 2838 1189 2907 δήσαντα.
1247 2838 1312 2890 Τί
1348 2837 1405 2891 δὲ
1432 2839 1481 2890 οἱ
1526 2838 1629 2908 γῆν
1663 2840 1743 2891 oi-

160 2928 375 2995 κοῦντες
418 2930 628 3001 σεισμῷ
673 2931 706 3001 ἢ
752 2934 994 3003 πυρκαῖᾷ
1025 2931 1433 3002 ἀναιρούμενοι,
1472 2932 1566 2985 καὶ
1590 2934 1637 2985 οί
1685 2935 1743 2987 ἐν

160 3020 402 3095 θαλάσσῃ
427 3023 837 3094 διασωζόμενοι,
868 3024 1056 3096 ῶσπερ
1077 3027 1135 3079 ὲν
1179 3024 1411 3078 κλύδωνι
1436 3024 1744 3096 ἀπολλύμε-

1846 1913 2159 1984 petitionem
2196 1912 2615 1968 occubuerunt?
2637 1913 2777 1981 Quid
2817 1914 3104 1970 Ninivitze?
3134 1914 3275 1981 Quid
3292 1916 3428 1970 Eze-

1846 2006 2038 2063 chias?
2068 2005 2206 2073 Quid
2234 2021 2363 2061 vero
2388 2008 2593 2075 caeteri,
2625 2009 2715 2077 qui
2737 2024 3002 2079 prospero
3024 2010 3207 2081 aliquo
3230 2021 3425 2071 eventu

1846 2100 2044 2156 servati
2076 2109 2205 2155 sunt
2233 2101 2317 2155 vel
2352 2100 2534 2155 adhuc
2572 2101 2903 2156 servantur?
2927 2100 3069 2168 Quid
3126 2118 3255 2157 vero
3294 2101 3427 2156 cffa-

1846 2207 1959 2249 tum
1994 2193 2128 2248 illud
2159 2213 2173 2248 :
2203 2213 2221 2244 ‹
2256 2191 2326 2248 Ut
2353 2201 2519 2263 ponat
2548 2194 2673 2264 quis
2714 2195 2954 2250 animam
3002 2210 3157 2250 suam
3185 2194 3429 2265 prmdile-

1845 2296 1933 2341 cto
1958 2286 2025 2352 ⁸⁸,
2064 2304 2082 2337 ι
2143 2285 2301 2354 cujus
2357 2285 2436 2339 rei
2477 2301 2669 2340 norma
2727 2296 2857 2342 sunt
2905 2288 3078 2343 sancti
3135 2295 3425 2357 martyres.

1846 2377 1985 2444 Quid
2020 2390 2149 2431 vero
2173 2376 2241 2431 de
2262 2376 2355 2429 illo
2394 2377 2541 2447 quod
2568 2376 2699 2432 fecit
2730 2376 2967 2431 Phinees
3004 2376 3051 2408 θ’
3076 2375 3427 2433 statuendum

1844 2469 1972 2523 est?
2004 2467 2082 2521 Ex
2112 2466 2419 2522 infortunio
2476 2468 2605 2523 illud
2641 2467 2893 2523 evenisse
2939 2484 3007 2521 an
3058 2482 3120 2521 ex
3175 2465 3431 2520 decreto?

1848 2560 1947 2616 Ubi
1980 2576 2108 2616 vero
2144 2562 2309 2617 illud:
2347 2579 2365 2613 ι
2401 2561 2458 2615 Si
2501 2562 2639 2617 bene
2667 2562 2864 2631 egeris,
2907 2561 3018 2615 eris
3063 2560 3359 2629 longaevus.
3404 2576 3422 2608 ι

1846 2652 1950 2708 Ubi
1999 2653 2178 2707 illud:
2240 2672 2259 2705 ι
2296 2652 2557 2713 Μίιιιιιιιιι,
2612 2654 2786 2711 tribus
2842 2661 3063 2723 peccata
3100 2652 3189 2704 87?
3222 2671 3239 2702 ι
3288 2650 3425 2715 Quid

1846 2758 1976 2797 vero
2000 2744 2092 2812 qui
2143 2752 2291 2797 metu
2340 2743 2532 2798 mortis
2590 2751 2786 2814 sponte
2841 2760 2897 2798 se
2947 2744 3295 2814 strangulant
3342 2743 3427 2797 vel

1846 2849 2069 2905 quoquo
2103 2835 2263 2889 modo
2324 2836 2539 2903 seipsos
2584 2835 2917 2895 interimunt
2958 2835 3043 2890 vel
3095 2834 3164 2889 ab
3212 2833 3333 2888 aliis
3374 2832 3427 2886 id

1848 2925 2027 2994 ipsum
2080 2925 2235 2979 inviti
2268 2925 2557 2994 patiuntur
2590 2926 2672 2981 vel
2707 2926 2878 2980 nimia
2908 2927 3087 2981 inedia
3133 2935 3229 2980 aut
3259 2925 3427 2979 satio-

1848 3029 1957 3073 tute
1988 3020 2070 3074 vel
2126 3020 2351 3088 copioso
2385 3018 2597 3089 frigore
2630 3028 2724 3073 aut
2775 3019 2959 3073 calore
3001 3018 3087 3072 vel
3144 3019 3278 3073 febri
3334 3028 3429 3072 aut

159 3129 234 3165 νοι
280 3114 379 3167 καὶ
421 3116 471 3168 οί
516 3117 574 3168 ἐν
624 3118 694 3186 γῇ
746 3116 819 3187 μὴ
853 3116 1250 3188 βλαπτόμενοι;
1294 3118 1359 3172 Τί
1398 3120 1528 3183 τοὺς
1586 3120 1740 3193 παρὰ

1849 3111 2157 3181 pestilentia
2191 3111 2273 3165 vel
2328 3110 2452 3165 aliis
2495 3111 2704 3165 morbis
2758 3109 3159 3165 incurabilibus
3210 3124 3281 3163 ne
3339 3124 3428 3161 re-

170 3201 444 3258 Ἐλισαίου
469 3206 808 3269 ἀναστάντας
844 3212 1070 3280 νεκρούς
1096 3225 1110 3274 ;
1149 3211 1203 3263 τί
1228 3211 1285 3264 δὲ
1319 3212 1448 3274 τοὺς
1472 3211 1624 3283 παρά
1649 3212 1742 3264 τοῦ

1846 3220 2098 3259 censeam
2128 3204 2314 3258 omnia
2347 3203 2437 3256 illa
2484 3218 2605 3271 qua:
2635 3218 2696 3256 ex
2757 3202 3094 3257 detractione
3140 3202 3428 3272 sanguinis

158 3300 253 3359 τῆς
302 3299 454 3367 ζωῆς
486 3299 731 3369 ἀρχηγοῦ
775 3300 1043 3372 Χριστοῦ;
1095 3303 1159 3355 Τί
1194 3303 1250 3356 δὲ
1287 3303 1349 3356 τὸ
1383 3304 1660 3369 Τα6ιθᾶς;
1693 3304 1743 3357 τί

156 3386 208 3439 δὲ
240 3388 297 3440 τὸ
348 3389 600 3441 Ἀνανίου
644 3392 737 3442 καλ⁸
777 3390 1092 3463 Σαπφείρας
1117 3410 1131 3456 ;
1160 3392 1213 3445 τί
1247 3393 1304 3447 δὲ
1336 3393 1405 3447 τά
1432 3393 1539 3446 τῶν
1573 3393 1747 3448 ἄλλων

157 3473 321 3538 άγίων
342 3474 480 3544 ἄχρι
516 3477 617 3544 τῆς
637 3474 795 3543 δεῦρο
836 3476 1351 3547 τερατουργούμενα
1372 3477 1582 3547 νεκρῶν
1611 3479 1743 3531 ἀνα-

158 3563 447 3633 6ιὼματα;
494 3567 543 3617 εί
574 3567 699 3635 ὄρος
728 3567 1088 3639 ἐπεπλήρωτο
1114 3610 1129 3636 ,
1162 3568 1280 3633 πῶς
1314 3569 1373 3621 τὸ
1423 3569 1639 3641 ὁρισθὲν
1684 3569 1745 3623 οὐ

159 3658 509 3729 οπεπέρασται
532 3676 546 3723 ;

1842 3293 2169 3364 contingunt
2194 3294 2217 3348 ?
2247 3293 2389 3361 Quid
2421 3308 2554 3347 vero
2606 3294 2649 3348 si
2689 3294 2975 3363 reliquerit
3028 3293 3286 3346 arteriam
3319 3308 3426 3345 non

1846 3386 2069 3454 ligatam
2128 3387 2245 3441 sive
2285 3386 2542 3441 consulto
2599 3387 2714 3440 sive
2747 3382 3323 3440 inconsulto?Nonne
3374 3385 3449 3437 in,

1845 3478 2113 3547 sanguine
2139 3477 2335 3537 animae
2365 3492 2479 3531 sua:
2526 3478 2756 3547 spiritus
2788 3491 3011 3547 quoque
3066 3476 3433 3530 intellectivns

1844 3568 2086 3640 effugiet,
2115 3571 2211 3639 qui
2238 3579 2323 3624 est
2354 3570 2407 3624 in
2440 3585 2506 3623 eo
2560 3570 2837 3639 alligatus,
2874 3570 3055 3627 statim
3090 3583 3154 3622 ac
3206 3568 3433 3634 sanguis

1846 3662 1900 3716 iu
1941 3677 2160 3718 carnem
2202 3662 2613 3717 condensatur?
2648 3663 2825 3717 Simul
2854 3663 3001 3720 enim
3055 3660 3273 3717 exsistit
3305 3675 3434 3714 caro

152 3749 394 3805 simulet
417 3752 661 3821 spiritus.
699 3751 1067 3824 thuomodo
1121 3754 1260 3809 hoc?
1301 3752 1440 3820 Quia
1490 3753 1736 3808 divinum
1778 3752 2016 3807 Verbum
2084 3762 2139 3808 et
2206 3769 2301 3823 per
2333 3769 2393 3807 se
2435 3753 2745 3808 subsistens
2783 3768 2913 3808 caro
2957 3751 3161 3806 factum
3212 3759 3295 3805 est
3333 3752 3433 3808 ha,-

152 3842 328 3899 bitans
376 3848 430 3900 in
468 3848 624 3902 nobis
666 3850 731 3903 ⁸³.
806 3848 947 3915 Quid
984 3865 1110 3904 vero
1167 3849 1482 3915 dicendum,
1547 3850 1768 3919 quando
1807 3849 1902 3917 qui
1972 3857 2174 3905 terram
2213 3849 2483 3913 habitant,
2518 3858 2678 3903 terra:
2712 3857 2861 3903 motu
2899 3856 2993 3904 aut
3052 3847 3309 3902 incendio
3345 3846 3431 3899 in-

153 3941 508 4001 terimuntur,
568 3946 623 3992 et
655 3940 747 4009 qui
779 3941 831 3992 in
858 3941 995 3994 mari
1037 3942 1263 4011 degunt,
1292 3942 1597 3995 incolumes
1664 3950 1977 4005 servantur,
2046 3941 2189 3996 sicut
2261 3942 2352 3995 alii
2403 3942 2456 3994 in
2500 3949 2819 4009 tetnprstate
2871 3950 3102 4011 pereunt
3132 3949 3185 3994 et
3242 3940 3336 4009 qui
3378 3941 3431 3998 in

150 4046 286 4089 terra
321 4044 455 4090 sunt
488 4050 595 4087 non
629 4034 932 4089 laeduntur?
961 4033 1100 4101 Quid
1131 4036 1197 4090 de
1240 4037 1474 4091 mortuis
1530 4038 1597 4088 ab
1646 4034 1838 4088 Elismo
1906 4034 1959 4088 in
2029 4034 2194 4089 vitam
2264 4034 2579 4089 revot-atis?
2613 4034 2755 4101 Quid
2781 4034 2849 4088 de
2882 4034 2950 4088 iis
2994 4050 3134 4103 quos
3166 4036 3426 4089 excitavit

150 4127 271 4180 vim
303 4134 504 4179 auctor
536 4124 831 4179 Christus?
863 4124 1004 4191 Quid
1028 4127 1095 4181 de
1139 4126 1413 4181 'l'abitha?
1486 4126 1625 4192 Quid
1671 4128 1737 4180 de
1776 4142 1842 4180 eo
1888 4128 2033 4196 quod
2102 4126 2331 4197 contigit
2399 4126 2628 4182 Ananiae
2683 4134 2739 4180 et
2799 4124 3127 4195 Sapphirae?
3184 4123 3325 4190 Quid
3365 4128 3433 4182 de

150 4223 269 4277 aliis
306 4229 652 4276 mortuorum
685 4223 1128 4288 excitationibus,
1152 4240 1274 4293 quae
1303 4224 1369 4277 ad
1395 4225 1542 4278 hunc
1564 4239 1736 4293 usque
1800 4224 1951 4278 diem
1985 4238 2027 4280 ἢ
2050 4222 2257 4279 sanctis
2317 4226 2692 4293 peraguntur?
2741 4219 2799 4277 Si
2847 4221 3116 4278 terminus
3175 4221 3454 4290 impletus.

150 4328 288 4383 erat,
319 4318 605 4387 quomodo
635 4320 783 4388 quod
832 4318 1013 4374 fuerat
1033 4320 1315 4374 definitum
1347 4336 1455 4374 non
1502 4319 1606 4373 fuit
1660 4319 1729 4374 ad
1764 4319 2015 4374 effectum
2044 4318 2368 4388 perductum
2392 4320 2427 4373 ’ἔ-

214 4415 276 4469 ε⁹.
323 4418 483 4469 Πᾶσα
514 4416 720 4470 παλαιὰ
746 4417 855 4489 (f9)
896 4418 1042 4489 ὅρον,
1086 4418 1224 4488 πλὴν
1267 4417 1430 4487 μόνου
1454 4418 1549 4471 τοῦ
1580 4420 1637 4470 ὲν
1666 4419 1731 4487 τῇ

1916 4418 1969 4472 5.
2006 4415 2336 4472 Universum
2374 4415 2539 4471 Vetus
2572 4415 2987 4472 Testamentum
3027 4416 3193 4471 alium
3243 4416 3433 4470 tet-mi-

146 4508 459 4576 παραϐάσει
486 4508 783 4577 ἁμαρτίας,
810 4526 829 4559 ι
883 4511 929 4579 ῌ
958 4507 1001 4560 δ’
1025 4508 1090 4562 ἂν
1108 4507 1229 4579 ὥρᾳ
1253 4509 1493 4577 φάγεσθε
1522 4509 1734 4563 ἀποθα-

1846 4523 1963 4562 num
2000 4508 2299 4563 secundum
2336 4509 2677 4577 propositum
2706 4524 2814 4563 non
2847 4510 3115 4579 agnoscit,
3136 4507 3427 4562 nisiunum

144 4602 349 4660 νεῖσθε,
398 4620 415 4652 ι
478 4600 623 4653 κατά
662 4600 921 4669 πρόθεσιν
960 4600 1117 4653 ἄλλον
1155 4601 1255 4653 οὐκ
1282 4595 1458 4667 οἷδεν;
1499 4602 1548 4654 εἰ
1585 4601 1642 4654 δὲ
1676 4601 1737 4654 τὸ

1846 4600 2012 4665 illum,
2068 4601 2159 4668 qui
2215 4597 2441 4668 peccato
2494 4615 2559 4654 ac
2620 4600 3059 4669 praevaricationi
3111 4599 3424 4655 statuitur:

146 4690 489 4757 Εὑαγγέλιον
523 4690 786 4762 κηρύττει
816 4693 963 4760 ὅρον,
998 4693 1173 4743 εἰπεῖν
1193 4691 1292 4744 οὐκ
1325 4692 1452 4762 ἔχω·
1487 4691 1587 4746 ἕνα
1618 4688 1736 4745 οἶδα

1846 4708 1857 4740 ι
1897 4688 1955 4743 In
1983 4706 2088 4759 qua
2125 4689 2256 4743 hora
2278 4689 2650 4755 eontederitis,
2682 4691 2997 4745 moriemini
3022 4687 3068 4723 ⁸³
3088 4690 3111 4743 ?
3133 4709 3151 4741 ›
3180 4687 3262 4743 An
3290 4705 3425 4744 vero

144 4781 450 4851 ἀκρότατον
483 4782 607 4853 ὅρον
640 4780 878 4853 Χριστοῦ
915 4781 1162 4847 λέγοντος
1183 4797 1197 4811 ο
1237 4780 1589 4852 ἐρωτώμενος
1626 4784 1733 4853 γὰρ

1846 4783 2188 4854 Evangelium
2219 4786 2479 4855 praedicet
2518 4788 2836 4851 terminum,
2866 4786 3141 4841 afﬁrmare
3174 4803 3415 4856 nequeo.

147 4875 302 4945 παρά
341 4875 655 4945 Φαρισαίων
690 4875 819 4943 περὶ
868 4872 1173 4944 ἀνθρώπων
1223 4873 1547 4937 Γαλιλαίων,
1599 4867 1674 4928 ὧν
1706 4878 1734 4928 ὁ

1846 4874 2014 4929 Unum
2039 4877 2155 4931 scio
2199 4892 2516 4946 supremum
2548 4894 2576 4931 a
2604 4876 2822 4932 Christo
2881 4878 3181 4934 indicatum
3234 4881 3425 4933 termi-

146 4966 384 5028 Πιλάτος
429 4968 489 5019 τὸ
536 4960 676 5036 αἷμα
724 4967 861 5037 μετά
911 4966 1020 5018 τῶν
1054 4965 1255 5018 θυσιῶν
1300 4964 1455 5037 ἔμιξε
1502 4967 1598 5019 καὶ
1640 4965 1733 5030 οὓς

1850 4985 1980 5021 tum.
2015 4968 2383 5040 Interrogatus
2413 4976 2560 5025 enim
2589 4986 2619 5024 a
2639 4968 2932 5025 Pharisaeis
2954 4970 3021 5025 de
3051 4971 3160 5026 illis
3178 4970 3422 5027 Galilaeis

219 5164 263 5197 εί
300 5164 437 5239 Gen.
474 5181 546 5227 tv,
574 5164 847 5239 ίθιῑςτιτι.Δ
897 5166 942 5198 ⁸³
973 5166 1281 5239 Ουηλῃϐη
1324 5167 1381 5239 _"’
1409 5166 1581 5239 I'Reg.
1614 5169 1742 5230 κνρ

1846 5185 1935 5236 qq.
2012 5168 2058 5199 ”
2083 5168 2185 5223 Joh
2208 5186 2245 5231 t,
2280 5171 2479 5233 18,19.

149 5237 340 5300 xxv,7
394 5252 550 5306 seqq.
624 5236 666 5266 ⁸⁷
700 5235 871 5291 Exod.
929 5253 1019 5302 xx,
1078 5240 1168 5294 12.
1244 5236 1472 5294 “Joan.
1516 5235 1675 5301 1,14.

1849 5235 1985 5293 Gctt.
2019 5256 2075 5303 ll,
2113 5241 2197 5293 ’l'i.

2592 5173 2637 5203 ³³
2663 5169 2819 5226 Joan.
2846 5189 2933 5234 xv,
2961 5173 3047 5229 l5.
3156 5172 3205 5207 ⁸⁸
3237 5172 3399 5229 Num.
3428 5238 3433 5241 _

1677 5419 1907 5476 ΝΟΤᾸΞ.

224 5604 772 5726 (:6)Supplendnm
823 5608 1036 5663 videtur
1077 5609 1377 5680 τεθνήκασι
1430 5608 1513 5663 vel
1557 5607 1739 5665 simile

224 5692 246 5726 r
274 5691 403 5726 ωηο.

150 5691 403 5728 \TI‘IHIIII.

226 5746 347 5814 (Π)
381 5743 437 5801 ιιι
465 5749 586 5805 cod.
645 5749 861 5807 lacuna,
905 5750 979 5804 Al
1018 5768 1190 5821 marg.
1224 5750 1373 5806 Can
1430 5752 1479 5803 oi
1518 5751 1730 5816 διᾶγαν.

1896 5612 2009 5679 (l8)
2062 5610 2128 5665 Et
2172 5611 2262 5665 hic
2324 5610 2577 5665 vitiatum
2646 5620 2852 5667 textum
2916 5605 3227 5676 suspicatur
3273 5600 3447 5669 Cati,“

1844 5683 2016 5737 fortts.

1918 5753 2029 5823 (19)
2060 5754 2147 5809 Sc.
2183 5752 2437 5825 διαθήκη.
