3854 6216
459 305 594 369 1039

1497 373 1510 378 _
1576 311 1838 369 PHO‘I‘H
1870 311 2376 374 PATRIAHCILE
2411 315 2521 373 ΟΡ.

3537 324 3668 394 1040

449 435 685 490 quorum
732 419 1053 488 sanguinem
1105 420 1311 474 Pilatus
1343 435 1468 474 cum
1535 420 1820 476 sacriﬁciis
1883 421 2007 474 mis-

2120 421 2148 472 ό
2177 422 2234 473 ὲν
2265 421 2485 490 Σιλωὰμ
2518 421 2724 492 πύργος
2759 423 2939 475 πεσὼν
2968 425 3302 494 ἀπέκτεινεν,
3347 433 3393 484 εἱ
3425 433 3664 506 ἁμαρτω.

448 511 560 564 ruit
580 512 625 543 '°
657 521 712 564 et
739 525 880 579 quos
907 510 1074 566 turris
1101 512 1156 564 in
1205 510 1353 565 Siloe
1374 513 1616 582 collapsa
1645 514 1922 568 occiderat
1946 515 2014 580 “,

449 620 518 658 au
552 603 796 658 omnium
828 603 1060 658 fuissent
1093 604 1452 674 iniquissimi.
1503 605 1738 674 negavit,
1791 605 2017 676 adjecit-

449 711 556 764 que
590 713 697 751 non
729 697 902 750 solum
941 696 1102 750 verba
1129 697 1218 750 illa
1255 715 1268 749 :
1307 717 1325 747 ι
1365 695 1476 751 Nisi
1495 699 1864 766 paenitentiam
1889 715 2016 769 ege-

449 791 566 845 ritis
603 793 648 823 ⁹²
689 813 706 841 ι
748 805 939 844 omnes
963 789 1214 846 similiter
1258 790 1527 859 peribitis,
1562 791 1655 845 sed
1688 806 1743 846 et
1799 793 1883 846 ﬁci
1930 807 2018 844 ar-

449 885 596 941 boris
626 885 876 954 exemplo
907 885 1200 938 terminum
1232 887 1424 938 statuit
1467 884 1689 940 dicens:
1731 904 1747 935 ι
1788 883 2017 940 Succide

450 978 635 1043 illam;
677 987 737 1030 ut
766 977 896 1046 quid
918 977 1081 1031 etiam
1128 986 1328 1030 terram
1367 985 1600 1044 occupat
1626 976 1722 1029 '3?
1757 995 1775 1028 ι
1813 975 2016 1030 Simili-

449 1078 529 1123 ter
557 1078 612 1124 et
639 1070 796 1123 divus
825 1069 1115 1137 Apostolus
1153 1069 1220 1122 de
1247 1069 1312 1122 iis
1355 1069 1448 1138 qui
1497 1070 1738 1143 indigne,
1798 1081 1856 1124 ut
1892 1085 2013 1140 ego,

447 1171 799 1217 sacrosancta
836 1161 1092 1230 mysteria
1127 1160 1474 1230 participant,
1517 1160 1685 1216 infert
1714 1161 2010 1215 deﬁniens:

455 1271 474 1301 ι
539 1251 667 1306 Ideo
727 1251 884 1305 multi
928 1251 1127 1305 inﬁrmi
1171 1260 1225 1305 et
1277 1252 1573 1307 imbecilles
1637 1261 1690 1306 et
1732 1253 2014 1307 dormiunt

448 1342 601 1396 multi
631 1342 699 1394 ’⁸.
734 1361 752 1392 ι
795 1341 934 1406 Quid
965 1357 1093 1395 vero
1121 1341 1310 1405 David,
1361 1343 1562 1397 Christi
1607 1343 1697 1396 Dei
1751 1358 2011 1412 proavus.

443 1433 573 1488 dum
601 1433 723 1486 vita:
753 1434 1007 1486 humana:
1031 1449 1342 1487 mensuram
1381 1435 1724 1504 septuaginta
1769 1442 1867 1486 aut
1922 1448 2012 1488 oc-

442 1526 651 1600 toginta
689 1540 885 1590 annos,
933 1526 1071 1580 ultra
1133 1542 1273 1596 quos
1314 1528 1552 1581 laborem
1601 1528 1864 1591 nectit”;
1896 1535 2009 1580 tum

441 1617 568 1670 alibi
601 1634 616 1670 :
659 1635 677 1667 ι
714 1615 863 1670 Educ
901 1616 969 1670 de
1014 1618 1262 1671 custodia
1327 1619 1567 1671 animam
1621 1633 1796 1671 meam
1824 1618 1869 1648 ⁹⁶
1901 1637 1920 1668 ι
1958 1627 2013 1672 et

443 1724 634 1762 rursus
677 1727 690 1764 :
719 1729 736 1760 ι
774 1707 850 1762 Ne
889 1725 1108 1764 I‘BVOH’S
1160 1725 1245 1763 me
1277 1711 1329 1763 in
1359 1710 1584 1765 dimidio
1617 1711 1828 1764 dierum
1861 1726 2009 1764 meo-

442 1813 558 1850 rum
589 1798 656 1861 ”,
707 1817 725 1849 ›
759 1808 819 1853 ut
861 1818 879 1850 ι
920 1798 1075 1853 Viros
1115 1802 1443 1870 sanguinuut
1496 1810 1551 1854 et
1603 1801 1842 1866 dolosos,
1897 1817 2002 1854 non
2042 1785 2080 1839 Β

439 1887 802 1941 dimidiabunt
835 1889 953 1943 dies
992 1904 1124 1943 suos
1154 1889 1219 1954 ⁸⁸,
1251 1909 1270 1940 ι

509 1981 564 2034 6.
594 1979 730 2045 Quis
754 1980 896 2036 inter
927 1983 1204 2050 apostolos
1235 1993 1328 2037 aut
1368 1983 1607 2054 synodos
1655 1992 1752 2037 aut
1792 1994 2012 2040 sanctos

439 2069 648 2135 Patres,
677 2072 770 2139 qui
803 2073 1092 2126 terminum
1123 2074 1283 2127 istum
1321 2074 1569 2128 scribat?
1599 2073 1752 2139 Quod
1788 2075 1833 2128 si
1893 2091 2009 2129 ma-

441 2177 606 2230 gnum
642 2163 906 2216 Basilium
939 2163 1192 2230 afferant,
1222 2164 1361 2217 male
1388 2166 1536 2218 illum
1568 2165 1894 2234 intelligunt,
1916 2167 2008 2235 qui

442 2251 492 2302 ItI
527 2251 595 2305 de
616 2265 682 2304 eo
707 2253 1022 2319 opinantur.
1054 2251 1265 2320 Ubique
1298 2255 1441 2307 enim
1483 2254 1555 2307 ita
1589 2255 1766 2321 docet,
1809 2272 1873 2310 cx
1908 2275 2006 2311 no-

439 2337 524 2392 bis
561 2337 824 2394 exsistere
859 2351 1114 2404 mortem,
1157 2358 1265 2395 non
1328 2356 1510 2396 autem
1534 2361 1601 2397 ex
1640 2345 1768 2400 Deo.
1829 2344 2008 2402 Locus

441 2441 570 2481 vero
601 2427 667 2481 ab
694 2427 760 2480 iis
792 2429 992 2484 citatus
1026 2431 1294 2498 ejusmodi
1341 2440 1445 2485 est.
1491 2432 1834 2502 PropOsitum
1891 2445 2008 2490 erat

440 2525 629 2569 sancto
660 2517 965 2584 ostendere,
1000 2533 1104 2571 non
1123 2535 1244 2574 esse
1269 2519 1435 2574 Deum
1460 2537 1679 2575 causam
1705 2525 2004 2589 malorum;

441 2607 802 2674 particulatim
837 2609 1274 2666 enimdissercns
1314 2610 1713 2668 demonstravit
1755 2626 2004 2671 nostrum

440 2699 659 2767 quidem
724 2716 845 2755 esse
885 2702 1174 2768 infirmari,
1219 2701 1311 2757 Dei
1353 2716 1535 2758 autem
1595 2721 1812 2774 sanare,
1849 2708 2008 2776 juxta

439 2791 568 2844 illud
599 2810 614 2843 :
651 2809 670 2843 ι
712 2791 826 2846 Νοιι
853 2804 934 2848 est
965 2796 1170 2851 malitia
1205 2798 1320 2852 sive
1354 2800 1588 2864 vexatio,
1625 2815 1792 2870 quam
1818 2799 2007 2855 Domi-

439 2897 544 2938 nus
577 2899 684 2937 non
720 2883 904 2940 fecerit
929 2888 996 2941 9°.
1037 2907 1057 2940 ι

437 2996 766 3063 ΩυᾹΞΒΤΙΟ
823 3000 1022 3056 CCXLI
1079 3000 1264 3074 [CoisL
1343 3001 1507 3059 Tanr.
1542 3002 1805 3059 LXXVII.
1843 3005 2012 3075 Wolf.

1035 3093 1392 3166 Lxxxvnq.

437 3183 580 3244 Quid
606 3184 870 3254 signiﬁcat
909 3186 1046 3265 illud
1071 3201 1091 3238 :
1129 3203 1150 3238 ι
1190 3186 1560 3265 ιζοδὶεειξήραινε
1597 3189 1813 3265 diabolo
1843 3191 2003 3258 estisj:

750 3265 822 3320 et,
860 3274 878 3306 ι
936 3256 1066 3322 Quis
1084 3268 1162 3310 est
1192 3257 1397 3312 diaboli
1423 3270 1573 3326 pater
1597 3261 1613 3290 ί
1637 3259 1660 3312 ?
1689 3279 1708 3312 ι

2122 511 2332 564 λότατοι
2363 513 2578 566 πάντων
2618 509 2780 585 ἦσαν,
2829 511 2979 569 εἶπεν
3012 517 3130 587 οὐχί
3152 535 3164 548 ⁸
3218 521 3309 573 καὶ
3341 524 3587 594 ἐπιφέρει
3613 528 3670 581 οδ

2124 606 2283 675 μόνον
2310 607 2392 660 τό·
2437 626 2454 658 ι
2496 608 2622 662 Ἐὰν
2657 609 2732 679 μὴ
2756 611 3142 682 μετανοήσητε,
3178 633 3197 663 ι
3234 616 3327 668 καὶ
3359 617 3482 685 ἑξῆς
3502 661 3515 682 ,
3545 621 3674 675 ἀλλὰ

2119 697 2214 749 καὶ
2259 695 2336 767 τῷ
2377 697 2475 766 τῆς
2517 699 2691 768 συκῆς
2741 700 3146 770 παραδείγματι
3183 703 3273 756 τὸν
3305 705 3428 774 ὅρον
3457 707 3673 780 mem;

2119 789 2377 856 φάσκων·
2412 809 2430 841 ι
2475 789 2750 858 ’Έκκοψον
2787 792 2977 860 αὐτήν·
3030 793 3117 844 ἵνα
3153 794 3206 845 τί
3251 796 3348 848 καὶ
3389 797 3482 874 τὸν
3518 798 3673 852 τόπον

2117 883 2422 951 καταργεῖ;
2461 900 2480 933 ι
2531 881 2801 945 Ὡσαύτως
2847 885 2940 936 καὶ
2971 886 2999 936 ὁ
3028 884 3172 948 θεῖος
3217 885 3534 951 Ἀπόστολος
3560 890 3672 942 ἐπι.

2117 975 2275 1045 φέρει
2307 977 2386 1038 εἰς
2414 975 2541 1039 τοὺς
2571 977 2689 1030 κατ’
2720 978 2818 1046 ἐμὲ
2840 976 3074 1042 ἀναξίως
3100 979 3211 1033 τῶν
3241 981 3522 1049 ἀχράντων
3553 999 3672 1050 μετ-

2115 1067 2338 1136 έχοντας
2393 1069 2704 1138 μυστηρίων
2753 1067 2992 1138 ὁρίζωνο
3047 1088 3066 1120 ι
3135 1070 3232 1122 Διὰ
3281 1071 3438 1124 τοῦτο
3502 1072 3675 1124 πολλοὶ

2114 1157 2361 1220 ἀσθενεῖς
2388 1158 2482 1210 καὶ
2507 1157 2778 1229 ἄρρωστοι
2809 1159 2901 1211 καὶ
2929 1159 3226 1229 κοιμῶνται
3252 1160 3446 1212 ἱκανοί.
3481 1178 3498 1210 ι
3537 1161 3597 1212 Τί
3619 1160 3672 1213 δὲ

2112 1247 2272 1302 Δαυῒδ
2297 1252 2324 1301 ὁ
2354 1248 2635 1319 ϐεοπὰτωρ
2665 1250 3042 1304 παλαιστιαῖον
3071 1252 3270 1320 ὁρίζων
3313 1252 3512 1321 μέτρον
3535 1251 3672 1305 ἐϐδο-

2115 1341 2384 1412 μηκοστὸν
2411 1341 2443 1411 ἢ
2474 1341 2830 1412 ὀγδοηκοστὸν
2853 1346 2909 1395 ὲν
2932 1343 3217 1414 δυναστείᾳ
3251 1345 3343 1395 καὶ
3373 1345 3667 1412 περαιτέρω

2111 1437 2279 1490 κόπον
2308 1435 2518 1500 συνδεῖ;
2551 1429 2691 1486 εἶτα·
2722 1453 2742 1485 ι
2793 1433 3058 1502 Ἐξάγαγε
3079 1437 3142 1487 ὲκ
3163 1433 3414 1503 φυλακῆς
3446 1433 3540 1502 τὴν
3568 1432 3664 1501 ψυ-

2111 1530 2212 1598 Χήν
2251 1546 2371 1596 μοιν
2405 1546 2424 1579 ³
2467 1528 2559 1580 καὶ
2587 1523 2764 1590 αὖθις·
2798 1546 2816 1578 ί
2853 1527 2943 1596 Μὴ
2975 1528 3257 1598 ἀναγάγῃς
3290 1542 3359 1594 με
3407 1527 3462 1576 ἐν
3497 1523 3672 1592 ἡμίσει

2109 1619 2331 1691 ἡμερῶν
2360 1635 2482 1688 μου·
2525 1638 2540 1669 ι
2569 1618 2686 1682 καὶ,
2712 1634 2732 1668 ι
2769 1617 3005 1686 Ἀνδρας
3034 1616 3287 1686 αἱμάτων
3326 1613 3422 1666 καὶ
3449 1613 3672 1680 δολιόκτη-

2109 1731 2199 1777 τος
2231 1712 2307 1783 μὴ
2340 1712 2704 1782 ὴμισεύοντας
2731 1709 2828 1774 τὰς
2858 1710 3070 1781 ἡμέρας
3103 1708 3308 1762 αὐτῶν.
3347 1727 3366 1760 ι

2178 1997 2243 2061 ζ’.
2283 1996 2378 2056 Τίς
2402 1995 2510 2047 τῶν
2551 1995 2894 2060 ἀποστόλων,
2934 1993 3070 2048 ἀλλὰ
3115 1992 3262 2064 [xui]
3305 1992 3412 2045 τῶν
3454 2009 3547 2045 συν
3601 2007 3671 2046 ων

2105 2090 2138 2161 ἢ
2168 2090 2276 2142 τῶν
2308 2089 2481 2156 ἁγίων
2513 2088 2774 2158 Πατέρων
2800 2089 2978 2150 ὁποῖος
3005 2089 3128 2156 ὅρον
3155 2088 3398 2158 γράφεις
3428 2087 3488 2138 Et
3507 2087 3560 2138 δὲ
3589 2086 3670 2136 τὸν

2110 2182 2282 2252 μέγαν
2333 2181 2612 2234 Βασίλειον
2643 2180 2756 2247 (9.0)
2805 2181 3077 2250 φήσουσι,
3133 2179 3326 2241 κακῶς
3376 2177 3579 2230 νοοῦσιν
3626 2179 3669 2228 οἱ

2105 2275 2262 2327 τοῦτο
2302 2273 2777 2344 ὑπολαμϐάνοντες
2805 2289 2818 2303 ·
2856 2271 3130 2341 πανταχοῦ
3180 2270 3292 2342 γὰρ
3343 2269 3484 2321 οὕτω
3529 2267 3669 2335 δοξάη

2105 2365 2208 2430 ζει,
2242 2365 2300 2429 ἐξ
2331 2363 2486 2434 ἡμῶν
2509 2359 2648 2416 εἶναι
2667 2365 2758 2417 τὸν
2786 2362 3039 2426 θάνατον,
3061 2364 3154 2415 καὶ
3179 2362 3303 2432 οῦχί
3325 2361 3416 2414 τοῦ
3434 2359 3582 2414 Θεοῦ.
3608 2362 3670 2412 Ὃ

2104 2459 2162 2510 δὲ
2180 2458 2432 2528 ἐπιφέρει
2455 2458 2523 2511 τὰ
2537 2459 2631 2511 τοῦ
2649 2459 2775 2526 ὅρου
2797 2458 2930 2526 (21),
2948 2457 3198 2510 τοιοῦτόν
3226 2459 3362 2509 ἐστι’
3388 2455 3585 2516 Σκοπὸς
3609 2449 3670 2521 ῆν

2107 2548 2184 2618 τῷ
2229 2548 2370 2619 ἁγίῳ
2398 2549 2604 2614 δεῖξαι,
2651 2550 2734 2602 ὅτι
2772 2549 2874 2602 οὐκ
2902 2549 3050 2602 ἔστιν
3085 2549 3262 2612 αἴτιος
3295 2547 3403 2601 τῶν
3436 2546 3607 2600 κακῶν
3645 2545 3671 2594 ὁ

2105 2640 2256 2702 Θεόςο
2289 2639 2430 2692 κατὰ
2473 2641 2634 2710 μέρος
2663 2640 2768 2708 γὰρ
2807 2639 3021 2701 διεξιὼν
3051 2637 3284 2705 ἔδειξεν,
3313 2639 3394 2690 ὅτι
3423 2635 3670 2705 ἡμέτερον

2109 2734 2204 2804 μὲν
2234 2734 2296 2788 τὸ
2327 2733 2650 2805 ἀρρωστεῖν,
2673 2730 2808 2783 Θεοῦ
2837 2731 2891 2783 δὲ
2939 2733 2998 2783 τὸ
3026 2730 3384 2802 Θεραπεύειν,
3429 2727 3564 2779 κατὰ
3597 2724 3668 2788 τὸ,

2110 2829 2235 2881 Οὐκ
2267 2825 2400 2880 ἐστι
2431 2824 2716 2889 κάκωσις,
2755 2822 2838 2892 ἢν
2869 2824 3082 2890 Κύριος
3119 2824 3238 2879 οὐκ
3274 2820 3577 2886 ἐποίησεν.

2631 3024 2967 3078 ΕΡΩΤΗΣΙΣ
3005 3024 3187 3078 ΣΜΑ⁸.

2115 3187 2178 3243 Τί
2208 3189 2339 3241 ἐστι
2377 3186 2442 3240 τὸ
2467 3227 2482 3251 ,
2520 3205 2538 3238 ι
2595 3184 2780 3253 Ὑμεῖς
2816 3184 2886 3237 ἐκ
2931 3183 3039 3238 τοῦ
3068 3181 3306 3253 Πατρός
3349 3181 3453 3235 τοῦ
3493 3180 3672 3234 διαόόι-

2181 3261 2295 3312 λου
2324 3255 2482 3309 ἐστέ·
2519 3275 2537 3307 ι
2557 3251 2709 3320 nam
2739 3256 2834 3320 Τίς
2851 3256 3021 3307 ἐστιν
3056 3254 3086 3306 ὁ
3119 3253 3234 3307 τοῦ
3265 3251 3543 3305 διαϐόλου
3571 3253 3674 3303 Πα-

2036 3323 2080 3380 C
2182 3327 2293 3396 τήρ
2323 3326 2470 3397 (22);
2497 3345 2514 3378 ι

742 3413 991 3476 Editarum
1020 3431 1048 3465 a
1071 3416 1246 3466 Wolﬁo
1277 3419 1522 3468 tricesima
1551 3421 1723 3480 quinta
1744 3421 1886 3481 (Cur.
1907 3419 2092 3472 Philol.
2118 3427 2155 3471 t.
2181 3421 2306 3483 V,p.
2328 3419 2421 3469 675
2445 3420 2538 3467 678
2580 3417 2804 3468 GalIand.
2829 3413 3079 3478 XIll,705,
3099 3415 3219 3476 704,
3240 3428 3292 3463 n.
3313 3413 3388 3474 6).

507 3492 746 3548 Primum
778 3496 993 3561 quidem
1023 3499 1110 3552 bic
1173 3501 1351 3554 obstat
1373 3501 1525 3569 illud,
1554 3503 1698 3571 quod
1734 3519 2005 3572 nusquam

437 3586 490 3640 in
517 3587 692 3640 sacris
730 3585 951 3646 Litteris
977 3590 1063 3644 vel
1090 3592 1300 3660 antiqui
1330 3593 1411 3646 vel
1446 3595 1570 3647 novi
1629 3593 1871 3649 Ftederis
1904 3611 2007 3649 no-

439 3694 558 3731 men
610 3689 1120 3746 commemoratum,
1161 3701 1178 3733 ι
1212 3693 1364 3752 pater
1392 3685 1616 3751 diaboli,
1650 3705 1669 3738 ι
1730 3697 2003 3750 occurrat,

436 3771 689 3840 quamvis
716 3771 902 3828 multis
936 3773 989 3826 in
1012 3772 1147 3828 locis
1174 3776 1330 3830 malae
1386 3776 1533 3832 illius
1578 3780 1860 3846 potesratis
1915 3779 2008 3831 ﬁat

436 3865 660 3919 mentio.
696 3863 850 3918 Nunc
880 3867 1022 3920 enim
1052 3865 1334 3931 Satanam,
1367 3885 1513 3924 nunc
1550 3869 1844 3930 diabolum,
1866 3885 2008 3923 nunc

436 3969 757 4028 apostatam,
787 3965 882 4011 aut
921 3960 1174 4015 similiter
1229 3961 1516 4030 antiquum
1569 3961 1722 4015 illum
1781 3961 2005 4014 humani

436 4051 652 4122 generis
698 4053 909 4110 hostem
952 4052 1006 4105 in
1067 4053 1240 4107 sacris
1303 4051 1558 4119 Litteris;
1611 4068 2004 4122 nonnunquam

435 4143 599 4196 etiam
631 4143 782 4202 illum
813 4142 902 4211 qui
930 4159 1093 4211 prava
1123 4145 1243 4212 ejus
1298 4146 1506 4199 semina
1554 4146 1655 4199 sibi
1714 4147 1891 4198 inesse
1923 4160 2009 4196 se-

437 4249 543 4300 que
577 4235 641 4298 ad
671 4235 980 4305 exemplum
1011 4235 1131 4304 ejus
1158 4234 1585 4299 conformatum,
1648 4239 1864 4306 probat,
1894 4255 1912 4287 ι
1953 4239 2007 4289 Ιίς

368 4348 373 4353 ·
439 4328 568 4379 lium
600 4324 800 4384 diaboli
834 4345 853 4384 ι
877 4328 1062 4380 vocari
1095 4328 1300 4382 videas.
1349 4326 1466 4382 Iluc
1519 4338 1749 4397 spectat,
1799 4329 1946 4397 quod
1976 4345 2006 4383 a

437 4416 754 4485 divoI’aulo
801 4419 869 4478 ad
922 4419 1164 4488 Elymam
1195 4419 1396 4473 dicitur
1429 4438 1441 4473 :
1478 4439 1496 4470 ι
1535 4421 1610 4473 ﬁli
1666 4419 1880 4475 Satanm
1905 4423 1946 4474 ².
1983 4441 2001 4472 ι

441 4508 553 4562 Iloc
581 4510 820 4578 primum
864 4518 966 4574 est,
1013 4511 1158 4579 quod
1197 4527 1216 4560 ι
1257 4520 1408 4579 pater
1441 4511 1640 4564 diaboli
1673 4530 1692 4562 ι
1729 4528 2004 4582 nunquam

439 4602 493 4670 in
532 4601 705 4665 sacris
745 4600 968 4670 Litteris
997 4610 1479 4662 commemoratur.

2177 3503 2400 3575 Πρῶτον
2434 3501 2533 3571 μὲν
2567 3501 2986 3569 ἀντιφθέγγεται
3017 3499 3079 3551 τὺ
3111 3498 3372 3568 μηδαμοῦ
3405 3495 3502 3564 τῆς
3537 3493 3673 3563 ἱερᾶς

2105 3598 2263 3666 ἡμῶν
2296 3596 2518 3665 Γραφῆς
2558 3595 2693 3664 μήτε
2723 3593 2865 3646 κατὰ
2898 3591 2967 3644 τὰ
3007 3590 3348 3660 παλαιότερα
3392 3589 3490 3656 τῆς
3525 3601 3672 3654 νομο-

2107 3688 2310 3751 θεσίας,
2334 3689 2466 3757 μήτε
2490 3688 2545 3738 ὲν
2569 3686 2704 3752 αὐτῇ
2724 3688 2785 3752 τῇ
2811 3685 2993 3753 χάριτι
3017 3702 3034 3733 ι
3060 3684 3279 3751 πατέρα
3294 3679 3389 3732 τοῦ
3408 3677 3667 3732 διαϐόλουι

2106 3781 2291 3834 λαϐεῖν
2340 3779 2400 3832 τὸ
2443 3779 2595 3849 ῥῆμα
2643 3778 2704 3828 τὸ
2761 3777 3072 3844 εἰρημένον,
3121 3775 3307 3827 καίτοι
3369 3789 3433 3839 γε
3504 3767 3672 3822 πολλοὶ

2107 3870 2366 3932 πολλάκις
2393 3869 2522 3940 περὶ
2550 3869 2650 3938 τῆς
2680 3868 2920 3936 πονηρᾶς
2953 3867 3168 3932 ἐκείνης
3201 3865 3484 3932 δυνάμεως
3515 3874 3671 3912 κατα-

2108 3964 2396 4034 ϐέϐληνται
2423 3961 2592 4028 λόγοι.
2633 3959 2790 4012 Ἀλλὰ
2834 3959 3029 4011 Σατὰν
3063 3956 3165 4024 μὲν
3203 3958 3297 4009 καὶ
3325 3953 3563 4008 διάϐολον
3588 3950 3672 4001 καὶ

2107 4053 2478 4118 ἀποστάτην,
2534 4053 2630 4105 καὶ
2673 4051 2743 4103 τὰ
2789 4047 3049 4108 τοιαῦτα,
3095 4047 3190 4099 τὸν
3235 4046 3540 4116 ἀρχέκακον
3586 4039 3670 4092 τοῦ

2107 4149 2296 4216 γένους
2314 4145 2472 4215 ἡμῶν
2499 4141 2690 4211 ἐχθρὸν
2713 4140 3026 4209 εὑρίσκεται
3039 4137 3108 4190 τὰ
3129 4138 3305 4206 Λόγια
3331 4133 3670 4203 ὀνομάζοντα.

2109 4238 2203 4291 καὶ
2233 4237 2346 4288 υἱὸν
2379 4233 2490 4285 ἔσθ’
2521 4233 2608 4284 ὅτε
2638 4229 2886 4282 διαϐόλου
2914 4227 3014 4289 τὰς
3051 4228 3300 4295 πονηρὰς
3329 4223 3494 4278 αὑτοῦ
3520 4219 3672 4288 γονὰς

2109 4329 2167 4380 ἐν
2199 4325 2378 4395 ἐαυτῷ
2405 4321 2689 4376 δεικνύντα
2709 4360 2724 4385 ,
2767 4318 2861 4370 καὶ
2892 4317 2971 4387 τῷ
3000 4317 3315 4386 χαρακτῆρι
3347 4315 3447 4382 τῆς
3479 4311 3672 4377 πλάνης

2109 4414 2600 4486 διαμορφούμενον,
2629 4412 2705 4474 ὡς
2743 4410 2802 4463 τὺ
2830 4410 2968 4481 πρὸς
2999 4409 3090 4460 τὸν
3133 4409 3370 4477 Ἐλύμαν
3397 4402 3670 4474 εἰρημένον

2108 4507 2186 4578 τῷ
2235 4507 2486 4578 μακαρίω
2517 4503 2744 4572 Παύλῳ,
2785 4520 2803 4552 ι
2841 4503 2926 4553 υἱὲ
2959 4499 3233 4553 διαϐόλου·
3278 4520 3297 4552 ι
3351 4497 3466 4551 ἀλλ’
3495 4495 3548 4548 ἓν
3584 4490 3672 4560 μὲν

2108 4599 2298 4665 τοῦτο,
2342 4599 2406 4651 τὸ
2440 4595 2691 4667 μηδαμοῦ
2740 4592 3212 4663 κατονομάζεσθαι
3263 4590 3479 4658 πατέρα
3507 4582 3669 4639 διαδὰ

2109 4692 2205 4744 λου
2232 4691 2312 4758 τῷ
2341 4687 2592 4756 ἰδιώματι
2612 4687 2710 4756 τῆς
2737 4685 2984 4754 Γραφῆς.

508 4778 712 4843 Deinde
752 4775 1003 4832 Salvator
1039 4789 1224 4836 noster
1256 4793 1362 4832 non
1391 4778 1444 4831 id
1502 4779 1712 4848 agebat.
1752 4790 1809 4833 ut
1841 4782 2006 4836 doce-

2182 4785 2445 4852 Δεύτερον
2472 4779 2528 4831 δὲ
2548 4819 2563 4842 ,
2585 4779 2645 4831 ού
2673 4778 2800 4847 περὶ
2823 4776 2919 4829 τοῦ
2945 4775 3152 4843 πατρὸς
3182 4772 3280 4826 τοῦ
3308 4771 3570 4830 διαϐόλου,
3597 4765 3671 4824 τίς

441 4882 540 4934 tet,
574 4871 701 4939 quis
733 4871 952 4934 tandem
985 4870 1076 4922 ille
1117 4869 1320 4924 diaboli
1349 4878 1505 4939 pater
1545 4871 1635 4936 sit,
1668 4871 1761 4927 sed
1795 4881 1854 4927 ut
1909 4889 2000 4927 os-

440 4961 706 5029 tenderet,
756 4962 918 5031 cujus
961 4961 1138 5016 Patris
1193 4962 1334 5016 ﬁlios
1377 4963 1648 5032 improbat
1689 4963 2002 5019 .ludzeorum

438 5070 569 5126 gens
597 5069 656 5108 se
694 5061 747 5108 et
795 5069 939 5116 esse,
970 5063 1025 5106 et
1049 5054 1304 5121 appellari
1345 5054 1553 5110 fecerit.
1589 5055 1668 5109 Illi
1693 5058 1837 5110 enim
1863 5073 2006 5116 nunc

438 5145 808 5206 Abrahamum
860 5147 882 5177 ³
935 5154 1142 5214 patrem
1190 5161 1251 5200 se
1311 5147 1515 5209 habere
1573 5147 2002 5216 proﬁtebantur;

508 5257 554 5288 °°
604 5253 739 5307 Luc.
785 5271 906 5321 xm,
939 5257 990 5308 I.
1065 5258 1109 5288 9‘
1142 5257 1270 5312 ibid.
1301 5257 1351 5310 ιι.
1429 5259 1475 5294 ⁸³
1508 5259 1638 5312 ibid.
1807 5261 1854 5292 ”
1890 5259 1996 5312 ibid

508 5327 607 5378 rbr.
669 5323 757 5377 XC
796 5326 875 5379 10.
952 5326 998 5356 ³⁸
1020 5324 1160 5380 Psal.
1195 5344 1335 5387 cm,
1367 5328 1420 5383 8.
1454 5329 1639 5387 (CXLII,
1671 5329 1702 5382 7
1737 5329 1834 5387 0').
1936 5330 1979 5359 ⁸⁷

2156 5258 2211 5310 7.
2285 5256 2377 5307 “l
2428 5254 2553 5308 Cor.
2591 5271 2667 5315 xi,
2711 5254 2800 5306 50.
2901 5253 2950 5284 ⁸⁵
2979 5253 3121 5304 Psal.
3157 5263 3382 5310 Lxxxtx,
3419 5253 3501 5298 1|.
3559 5253 3644 5302 thr

2116 5328 2178 5380 al.
2238 5342 2310 5387 Cl,
2338 5326 2404 5378 25
2438 5334 2554 5387 (cn,
2584 5325 2657 5377 24
2687 5327 2785 5387 0').
2846 5323 2894 5354 ⁸⁸
2926 5322 3070 5376 Psal.
3116 5337 3226 5382 LIV,
3259 5319 3328 5371 ει
3354 5323 3462 5387 (ω’,
3485 5314 3552 5366 ‘25
3575 5316 3644 5375 0'}

1525 5346 1639 5390 tLtI,
1671 5329 1702 5382 7
1737 5329 1834 5395 0').
1936 5330 1979 5359 "

1525 5402 1692 5454 ﬁAct.
1721 5415 1839 5466 xui,
1898 5401 1986 5454 I0.

2116 5328 2178 5380 al.
2238 5342 2310 5389 Cl,
2338 5327 2404 5378 25
2438 5334 2554 5393 (cu,
2584 5327 2657 5377 ‘24
2687 5327 2785 5394 0').
2846 5327 2894 5354 “
2926 5327 3070 5376 Psal.
3116 5337 3226 5382 LIV,
3259 5327 3328 5371 2t
3354 5327 3462 5387 (ιγ,

2122 5397 2279 5453 Joan.
2325 5411 2442 5458 vm,
2479 5396 2531 5448 5.

441 5326 607 5399 llebr.
669 5323 757 5377 XC
796 5326 875 5399 Π).
952 5324 1160 5399 "Psal.
1195 5344 1335 5390 cm,
1367 5328 1420 5383 8.
1454 5329 1639 5399 (CXLII,
1671 5329 1702 5382 7
1737 5329 1834 5395 0').

439 5397 483 5427 “9
509 5397 676 5458 Amos
715 5410 796 5463 ιιι,
819 5396 874 5450 6.
951 5399 966 5426 ¹
997 5395 1150 5468 Joan.
1183 5415 1300 5465 vin,
1332 5399 1419 5468 fit.

2107 4875 2244 4936 ὅλως
2273 4873 2383 4943 (25)
2420 4867 2509 4941 ἦν,
2545 4869 2624 4941 τῷ
2664 4867 2877 4938 Σωτῆρι
2911 4868 3202 4936 πρόκειται
3257 4862 3476 4923 σκοπός.
3524 4855 3674 4910 Ἀλλὰ

2109 4965 2253 5027 τίνος
2282 4961 2487 5030 πατρὸς
2511 4959 2706 5022 παῖδας
2746 4957 2973 5018 ἑαυτοὺς
2999 4959 3027 5008 ὁ
3054 4955 3162 5007 τῶν
3203 4951 3476 5006 Ἰουδαίων
3505 4943 3672 5014 ἀγνώς

2116 5075 2230 5127 μων
2258 5055 2386 5117 λαδς
2413 5051 2839 5123 παρεσκεύασαν
2867 5050 2960 5101 καὶ
2996 5044 3135 5100 εἶναι
3163 5048 3260 5099 καὶ
3297 5037 3670 5113 ὀνομάζεσθαι.

2113 5149 2226 5202 Καὶ
2256 5147 2367 5214 γὰρ
2391 5144 2486 5197 νῦν
2521 5144 2620 5214 μὲν
2650 5142 2834 5209 ἔλεγον
2857 5137 3072 5209 πατέρα
3095 5138 3242 5207 ἔχειν
3267 5136 3360 5188 τὸν
3403 5129 3670 5201 Ἀὅροιιὶιμ⁹

2901 5253 2950 5284 ⁸⁵
2979 5251 3121 5304 Psal.
3157 5263 3382 5310 Lxxxtx,
3419 5245 3501 5298 Il.
3559 5240 3665 5302 (Gr.

1941 5491 2175 5548 ΝυΤΑῑ.

513 5586 734 5710 (3)ὰῇ
755 5585 936 5642 Basilii
974 5593 1180 5642 textum
1223 5590 1445 5649 uberius
1478 5599 1742 5654 tractarat
1771 5589 2002 5646 Pbotius

442 5674 497 5730 q.
527 5674 756 5730 ῳιιιιλ.

513 5728 623 5797 (21)
666 5726 1100 5800 επιφέροντα-τῷ
1125 5731 1234 5800 ὅρῳ
1279 5731 1406 5799 legit
1425 5730 1722 5789 Catiforus.
1777 5731 1830 5784 ni
1879 5745 1996 5780 mea

443 5799 726 5865 annotatio
763 5800 955 5869 fallit.’
996 5798 1249 5866 ForlaSSe
1292 5798 1578 5874 legendum
1623 5801 1650 5854 ὃ
1695 5802 1750 5854 δὲ
1805 5801 1998 5878 ἐπεξιέ-

2106 5604 2290 5658 ρονται
2311 5586 2398 5658 τῷ
2431 5586 2563 5656 ὅρῳ,
2602 5583 2750 5652 quod
2782 5577 3475 5658 prgefercndum'ridetur..

2174 5657 2286 5726 (22)
2309 5640 2440 5709 νίὶιρ
2465 5640 2644 5725 “supra
2670 5640 3026 5724 quaistionem
3059 5647 3239 5704 XLVII
3277 5663 3396 5717 qtne
3429 5640 3663 5714 rjnsdem

2100 5737 2401 5792 argutttentt
2431 5738 2532 5779 est.

2191 5797 2280 5868 ‘25)
2320 5796 2455 5861 ὅλως
2475 5796 2631 5854 Colb.
2663 5802 2829 5861 recte,
2855 5810 2952 5864 pro
2975 5793 3003 5846 ό
3033 5791 3205 5860 λόγος·
