3854 6216
338 289 480 353 1043

411 402 734 472 ΟυλΕδΤΙΟ
769 403 996 461 CCXLI!
1039 403 1230 479 [σοῖσι.
1275 405 1437 461 'l'aur.
1483 404 1838 478 LXXXVIII].

336 496 479 562 Quid
513 511 588 552 est
630 497 1001 560 Nouilunium,
1031 499 1156 567 quid
1207 496 1496 561 Kalendw,
1544 497 1671 567 quid
1705 496 1835 551 ldus
1863 509 1911 552 et

941 569 1067 638 quid
1097 567 1308 623 Nam?

1485 290 1754 353 PHOTII
1786 291 2294 354 PATRIARCHIE
2323 293 2434 355 CP.

1937 417 1988 475 A

3452 287 3604 352 1044

2527 408 2862 462 ΕΡΩἸἮΣΙΣ
2900 365 3073 463 2MB".

2027 497 2087 550 Τί
2106 497 2238 552 ἐστι
2267 500 2600 568 Novum-ia,
2640 501 2735 554 καὶ
2764 502 2821 552 τί
2846 501 3172 568 Καλὰνδαι,
3195 499 3292 555 καί
3325 499 3384 554 τί
3405 496 3608 562 Εἰδοὶ,

2564 571 2663 624 καὶ
2687 572 2743 625 τί
2769 572 3026 637 Now-at;

1314 681 1453 730 Nunc
1483 684 1692 744 primum
1724 681 1857 730 edita
1893 693 2042 742 opera
2073 681 2132 731 D.
2166 683 2590 748 Hergenroether.

407 760 512 828 Qui
542 760 914 818 Romanorum
957 765 1188 836 imperio
1221 765 1645 821 dominabantur
1667 767 1913 836 qnnmxis

340 871 582 911 mensem
624 857 677 912 in
727 866 837 912 tres
879 858 1194 913 dividebant
1227 871 1439 928 partes,
1483 869 1538 912 et
1574 860 1912 912 nnvilunium

339 949 559 1016 quidem
627 949 742 1004 sive
806 949 948 1004 luna:
1000 951 1212 1006 initium
1282 953 1550 1006 vocabant
1606 951 1914 1016 Kalendas,

341 1039 537 1094 deinde
572 1055 771 1096 nonam
799 1042 1002 1096 mensis
1032 1041 1173 1096 diem
1208 1041 1410 1106 Nonas,
1440 1052 1493 1096 et
1520 1053 1775 1112 praeterea
1810 1055 1919 1097 ter-

345 1129 474 1182 tiatn
507 1143 716 1198 partem
757 1131 1027 1184 vocabant
1051 1131 1192 1195 ldus,
1225 1130 1317 1200 qui
1349 1131 1566 1199 quidem
1595 1129 1798 1185 Graecis
1825 1130 1922 1183 im-

344 1220 454 1273 buti
492 1229 647 1274 erant
713 1221 939 1283 litteris.
979 1237 1008 1276 a
1049 1222 1193 1278 lunae
1245 1222 1412 1290 plen-aa
1464 1223 1644 1292 specie
1692 1222 1921 1292 (species

342 1313 486 1364 enim
519 1311 720 1367 Graecis
745 1322 827 1368 est
854 1309 1036 1377 εἶδος),
1071 1314 1302 1369 Romani
1344 1330 1474 1369 vero
1541 1315 1848 1370 sacerdotes
1892 1330 1921 1368 a

344 1405 653 1471 sacriﬁcio,
708 1407 853 1476 quod
922 1407 1028 1462 illis
1075 1408 1265 1462 diebus
1317 1409 1644 1477 peragebant
1685 1417 1924 1477 quotque

345 1495 539 1550 ldnlitn
579 1500 956 1566 nominabant,
990 1517 1111 1570 quae
1141 1516 1245 1555 vox
1293 1500 1563 1571 significat
1597 1502 1922 1557 sat-riliciutn

343 1603 407 1642 ex
441 1590 578 1644 albis
609 1592 819 1647 ovibus.
857 1592 1091 1649 Possunt
1123 1609 1249 1648 vero
1277 1603 1331 1648 et
1369 1595 1488 1649 alite
1525 1594 1708 1648 multae
1737 1594 1805 1649 de
1844 1595 1926 1647 bis

345 1677 570 1731 vocibus
618 1679 668 1731 in
725 1680 968 1734 medium
1015 1681 1244 1751 proferri
1297 1682 1605 1736 artificiosae
1652 1692 1705 1736 et
1755 1683 1928 1736 doctae

342 1769 776 1836 observationes,
826 1789 948 1844 qua:
983 1774 1176 1844 majori
1217 1775 1328 1830 otio
1353 1785 1517 1845 atque
1548 1775 1810 1830 industria
1845 1775 1927 1830 in-

342 1862 610 1933 digerent.

743 1955 1070 2024 QUIESTIO
1097 1957 1343 2012 CCXLI"
1377 1959 1512 2029 (9.6).

658 2046 732 2102 De
781 2049 962 2101 divina
1023 2060 1215 2100 natura
1271 2058 1319 2101 et
1373 2066 1616 2117 persona.

1956 2048 2004 2108 B

2086 771 2148 822 Οἱ
2166 770 2450 841 Ῥωμαίων
2470 771 2582 842 (27)
2606 771 2709 840 γῆς
2725 769 3173 842 καθηγησάμενος.
3196 769 3425 821 ἕκαστον
3449 768 3611 838 μῆνα

2017 862 2096 922 εἰς
2125 863 2271 931 τρεῖς
2311 862 2536 933 μερίδας
2562 861 2836 932 ἐμέριζον,
2875 861 2971 914 καὶ
2995 861 3094 930 τὴν
3138 859 3237 930 μὲν
3296 861 3611 928 νουμηνίαν

2019 955 2138 1025 ἦτοι
2167 955 2265 1025 τὴν
2301 956 2634 1026 ἀρχιμηνίαν
2671 955 2900 1008 ἐκάλουν
2922 953 3210 1017 καλάνδας*
3251 952 3390 1023 μετὰ
3421 951 3611 1004 ταῦτα

2019 1048 2075 1099 δὲ
2109 1046 2207 1117 τὴν
2247 1047 2473 1116 ἐννάτην
2499 1047 2593 1100 τοῦ
2628 1047 2798 1119 μηνὸς
2826 1047 3056 1100 ὲκάλουν
3081 1046 3292 1110 νόννας,
3337 1045 3431 1098 καὶ
3461 1044 3614 1114 πρὸς

2021 1140 2232 1202 τούτοις
2285 1139 2366 1191 ἔτι
2402 1139 2501 1210 τὴν
2544 1139 2738 1210 τρίτην
2780 1142 2976 1210 μοῖραν
3028 1136 3256 1192 ἐκάλουν
3297 1134 3493 1198 εἰδοὺς,
3554 1135 3613 1186 oi.

2027 1228 2125 1299 μὲν
2172 1226 2539 1298 ἑλληνίζοντες
2597 1226 2704 1280 ἀπὸ
2748 1227 2842 1279 τοῦ
2893 1223 3238 1296 πλησιφαοῦς
3284 1223 3456 1284 εἴδους
3500 1222 3618 1290 τῆς

2026 1316 2277 1385 σελήνης,
2341 1317 2393 1368 oi
2436 1315 2494 1368 δὲ
2541 1315 2651 1367 τῶν
2702 1314 2992 1383 Ῥωμαίων
3046 1313 3209 1383 ἱερεῖς
3261 1310 3369 1363 ἀπὸ
3396 1309 3494 1378 τῆς
3547 1309 3617 1359 ἐν

2024 1408 2209 1470 αὐτοῖς
2237 1406 2544 1479 ἱερουργίας
2563 1446 2578 1470 ,
2629 1407 2696 1475 ἢν
2724 1404 2951 1458 εῐδουλιν
2990 1403 3218 1457 ἐκάλουν
3261 1401 3362 1471 τὴν
3397 1401 3460 1452 ἐκ
3481 1398 3621 1450 λευ-

2027 1499 2139 1552 κῶν
2173 1498 2460 1569 προϐάτων
2496 1496 2688 1550 θυσίαν
2744 1496 3116 1567 σημαίνουσαν
3167 1511 3182 1525 ⁸
3247 1494 3342 1546 καὶ
3368 1490 3503 1559 άλλη
3551 1490 3622 1542 δὲ

2031 1591 2196 1662 πολλή
2264 1593 2380 1644 ἐστι
2432 1591 2560 1660 περὶ
2610 1587 2778 1643 αὑτοῦ
2843 1583 3180 1657 τεχνολογία,
3237 1585 3361 1654 ἥτις
3431 1583 3618 1636 δεῖται

2035 1685 2376 1758 μακροτέρας
2411 1684 2606 1756 σχολῆς
2632 1683 2727 1738 καὶ
2758 1680 3075 1752 ἐπιμελείας
3098 1678 3234 1750 (‘28).

2551 1951 2886 2005 ΕΡΩΤΗΣῘΣ
2919 1949 3088 2002 ΣΜΡ.

2209 2050 2346 2118 Περὶ
2383 2049 2544 2113 θείας
2601 2047 2842 2115 φύσεως
2876 2043 2973 2095 καὶ
3014 2037 3430 2100 ὑποστάσεως.

341 2133 483 2185 Nunc
512 2138 722 2199 primum
753 2138 885 2188 edita
921 2154 947 2189 a
989 2141 1048 2189 D.
1082 2139 1508 2202 Hergenroether.
1541 2167 1600 2176 —
1632 2143 1914 2205 Dogmatica
1945 2151 2116 2195 contra
2153 2139 2520 2202 Moneribysitas
2559 2153 2620 2188 ex
2655 2139 2826 2199 Cyrilli
2854 2132 3182 2186 Alexandrini
3230 2129 3399 2180 verbis
3429 2132 3614 2195 dogma

1092 2231 1094 2233 >
1587 2205 1939 2257 catholicorum
1976 2213 2340 2270 lmpugnantcs.

416 2282 532 2339 Una
573 2297 767 2344 natura
797 2288 960 2345 Verbi
995 2289 1280 2345 incarnata
1316 2307 1480 2346 unam
1509 2293 1725 2362 quidem
1755 2295 1930 2350 solam

338 2379 666 2432 sententiam
702 2395 895 2449 puram
940 2379 1158 2452 praefert
1203 2383 1318 2436 sive
1372 2383 1427 2437 in
1478 2398 1647 2437 unum
1677 2385 1934 2440 convenit

341 2485 465 2523 cum
514 2469 580 2524 iis
619 2471 713 2540 qui
745 2472 884 2527 duas
915 2482 1139 2529 naturas
1174 2474 1608 2543 inseparabiliter
1634 2477 1930 2532 secundum

340 2578 627 2632 personam
661 2565 842 2621 unitas
871 2575 1134 2621 statuunt.
1164 2565 1329 2637 quue
1361 2577 1506 2639 patet
1535 2569 1754 2634 exinde,
1784 2571 1932 2640 quod

337 2658 577 2729 Cyrillus
605 2668 834 2728 utraque
865 2659 1118 2728 loquendi
1161 2658 1338 2715 forma
1376 2662 1570 2728 utitur,
1606 2678 1783 2733 neque
1815 2663 1930 2718 for-

343 2751 552 2804 mulam
608 2767 719 2806 una
778 2761 971 2806 natura
999 2751 1162 2807 Verbi
1208 2752 1478 2809 incarnati
1510 2754 1786 2826 rejiciens,
1836 2772 1932 2812 ne-

343 2857 452 2914 que
486 2859 688 2913 negans
725 2845 863 2898 duas
892 2853 1118 2899 naturas
1163 2845 1598 2915 inseparabiliter
1630 2847 1930 2902 secundum

342 2949 636 3005 personam
689 2937 894 2990 unitas.
930 2936 1048 2990 Non
1089 2937 1264 2992 solum
1291 2953 1421 2992 vero
1450 2938 1704 3009 Cyrillus,
1741 2941 1834 2996 sed
1877 2950 1933 2993 et

343 3029 659 3099 quicunque
710 3036 833 3098 post
895 3028 1048 3083 illum
1109 3044 1140 3084 a
1207 3037 1364 3099 parte
1407 3031 1671 3085 catholica
1725 3041 1933 3087 stantes

343 3120 499 3176 fuere
527 3121 716 3191 agniti.
741 3121 892 3174 Niltil
923 3137 1053 3175 vero
1083 3121 1308 3184 mirum,
1338 3122 1407 3188 si,
1433 3124 1685 3192 quamvis
1711 3125 1800 3178 illa
1829 3141 1931 3180 vox

345 3226 540 3282 puram
572 3213 967 3266 catholicorum
1022 3213 1348 3268 sententiam
1398 3213 1620 3276 indicet,
1660 3232 1815 3271 mens
1846 3227 1930 3271 ta-

347 3321 471 3361 men
494 3305 750 3360 ltteretica
790 3305 938 3359 illam
974 3305 1038 3359 ad
1069 3305 1346 3375 propriam
1376 3320 1688 3376 perversam
1715 3309 1931 3377 opinio-

350 3415 474 3455 nem
523 3398 830 3466 detorquet.
877 3396 1088 3449 Etenim
1137 3404 1191 3450 et
1223 3397 1358 3452 alias
1387 3412 1572 3452 sacras
1605 3413 1766 3454 voces
1805 3415 1932 3470 per-

348 3498 562 3546 vertere
602 3489 806 3544 audent
848 3487 906 3542 hi
956 3487 1050 3557 qui
1099 3489 1310 3543 tnalunt
1347 3504 1512 3558 prave
1560 3506 1722 3560 agere
1765 3509 1928 3563 quam

2114 2296 2179 2349 Ἥ
2218 2296 2314 2364 μία
2342 2292 2502 2362 φύσις
2530 2289 2626 2343 τοῦ
2666 2288 2840 2355 Λόγου
2893 2282 3287 2355 σεσαρκωμένη
3325 2281 3438 2351 (29)
3487 2281 3626 2349 μίαν

2037 2389 2136 2459 μὲν
2208 2388 2376 2456 μόνην
2445 2384 2684 2437 διάνοιαν
2745 2380 2990 2451 καθαρὰν
3046 2375 3432 2448 προϐάλλεται,
3496 2373 3622 2442 ἦτοι

2036 2482 2318 2551 συντρέχει
2370 2481 2481 2542 τοῖς
2540 2477 2634 2530 δύο
2697 2475 2888 2546 φύσεις
2943 2472 3234 2544 ήνωμένας
3284 2466 3619 2538 άχωρίστως

2033 2573 2485 2627 καθ’ὑπόστασιν
2515 2565 2924 2637 δογματίζουσι.
2969 2563 3079 2616 Καὶ
3139 2560 3298 2614 τοῦτο
3349 2558 3507 2627 δῆλον
3558 2552 3622 2619 ἐξ

2031 2663 2105 2722 ὧν
2144 2686 2202 2720 τε
2240 2665 2504 2734 Κύριλλος
2561 2662 2798 2732 ἑκατέρᾳ
2853 2659 3120 2730 κέχρηται
3149 2655 3309 2724 λόγου
3347 2652 3616 2722 συνθήκῃ,

2037 2767 2174 2833 μήτε
2206 2760 2287 2826 τὸ,
2317 2759 2414 2829 μία
2444 2757 2606 2827 φύσις
2629 2755 2722 2808 τοῦ
2757 2753 2932 2819 Λόγου
2968 2749 3386 2820 σεσαρκωμένη,
3414 2762 3623 2816 παραι-

2032 2855 2125 2908 τοῦ
2136 2871 2314 2923 μενος,
2346 2851 2440 2904 καὶ
2461 2851 2520 2902 τὸ
2538 2849 2630 2902 δύο
2658 2847 2854 2916 φύσεις
2876 2844 3197 2914 ἁχωρίστως
3227 2841 3350 2894 καθ’
3375 2839 3621 2893 ὑπόστα-

2036 2963 2118 2998 σιν
2148 2942 2434 3015 ἡνωμὲνας
2460 2940 2559 2992 οὑκ
2580 2935 2932 3008 ἀρνούμενος.
2955 2935 3028 2986 Οὐ
3053 2933 3214 3003 μόνον
3242 2931 3299 2984 δὲ
3324 2929 3620 3000 Κύριλλος,

2033 3038 2169 3092 ἀλλὰ
2222 3037 2316 3089 καὶ
2363 3036 2478 3088 ὅσοι
2540 3033 2657 3102 μετ’
2707 3032 2917 3084 ἐκεῖνον
2957 3027 3058 3095 τῆς
3107 3025 3368 3088 εὐσεϐοῦς
3400 3023 3624 3096 μερίδος

2034 3127 2404 3198 ἐγνώσθησαν.
2449 3122 2617 3177 Οὐδὲν
2650 3121 2707 3173 δέ
2756 3117 3094 3188 θαυμαστὸν,
3145 3117 3195 3169 εἱ
3239 3115 3486 3186 καθαρὰν
3520 3113 3622 3183 δης-

2031 3219 2229 3291 λούσης
2261 3218 2356 3287 τὴν
2385 3215 2668 3268 εὐσέὸειαν
2697 3211 2800 3282 τῆς
2831 3211 3016 3280 φωνῆς
3068 3211 3096 3262 ὁ
3130 3205 3464 3278 αἱρεσιώτης
3494 3204 3629 3268 νοῦς

2033 3316 2171 3385 πρὸς
2215 3312 2314 3382 τὴν
2354 3309 2560 3363 οἰκείαν
2591 3306 2799 3372 ταύτην
2856 3300 3250 3374 αἱχμαλωτίζει
3302 3299 3620 3354 κακόνοιαν.

2034 3406 2145 3460 Καὶ
2173 3404 2281 3475 γὰρ
2310 3402 2407 3456 καὶ
2441 3401 2608 3463 ἄλλας
2637 3397 2790 3468 ἱερὰς
2825 3399 3011 3467 φωνὰς
3039 3392 3390 3464 διαστρέφειν
3419 3392 3479 3444 τέ
3507 3392 3618 3442 εἰσι

2034 3498 2253 3569 θρασεῖς
2281 3497 2328 3548 οἱ
2356 3494 2418 3547 τὸ
2449 3493 2782 3562 κακουργεῖν
2799 3488 2906 3559 πρὸ
2923 3487 3016 3542 τοῦ
3048 3487 3340 3554 μανθάνειν
3369 3483 3626 3554 ἐμπροσ-

349 3583 580 3638 (ὶίεοθι-θ.
606 3581 750 3635 Nihil
780 3596 910 3635 vero
947 3581 1092 3634 aliud
1123 3581 1234 3648 isti,
1259 3584 1721 3652 quemadmodum
1754 3594 1808 3639 et
1837 3586 1931 3649 illi,

2042 3589 2131 3642 θεν
2181 3587 2407 3655 ἄγοντες
2432 3601 2447 3615 ο
2474 3584 2570 3637 καὶ
2598 3582 2752 3635 οὐδὲν
2791 3580 2961 3633 πλέον
2984 3577 3095 3632 οὐδ’
3123 3569 3269 3630 οῦτοι
3299 3575 3487 3644 ὥσπερ
3514 3573 3623 3627 οὐδ’

349 3675 611 3738 efﬁciunt,
655 3674 762 3728 nisi
793 3673 938 3743 quod
977 3687 1198 3742 pravam
1244 3689 1400 3729 suam
1445 3676 1769 3730 sententiam
1817 3678 1938 3729 red-

351 3770 490 3824 dunt
516 3766 880 3822 manifestam.
908 3767 990 3820 Ad
1017 3767 1121 3821 hoc
1148 3781 1280 3822 vero
1312 3767 1572 3837 improbae
1600 3783 1815 3834 eorum,
1845 3768 1939 3838 qui

353 3873 561 3918 rectam
599 3861 927 3916 sententiam
977 3860 1120 3915 haud
1178 3862 1603 3930 amplectuntur,
1661 3869 1941 3916 vertentur

355 3964 521 4018 artes,
555 3963 614 4008 ut
660 3955 743 4007 vel
797 3953 963 4007 Deum
1013 3950 1250 4007 Verbum
1299 3953 1481 4024 specie
1529 3961 1687 4008 tenus
1718 3968 1936 4008 carnem

355 4056 597 4113 gestasse
623 4046 1001 4115 blasphemant
1045 4045 1471 4099 Manichazorum
1519 4046 1585 4100 ad
1620 4047 1813 4113 instar,
1855 4047 1940 4100 vel

355 4138 594 4193 Verbum
636 4139 688 4193 in
723 4154 943 4193 carnem
977 4147 1247 4193 mutatum
1282 4138 1364 4193 vel
1406 4138 1652 4208 corporis
1687 4148 1938 4194 naturam

357 4248 387 4287 ιι
441 4232 648 4288 Deitate
696 4232 986 4296 invisibili,
1025 4232 1426 4302 snpernaturali
1497 4241 1552 4287 et
1619 4233 1939 4301 incorporea

354 4325 527 4379 fuisse
572 4325 882 4392 absorptam
930 4324 1219 4379 allirment.
1267 4324 1325 4379 Si
1367 4324 1555 4379 beatus
1604 4323 1838 4396 Cyrillus
1887 4333 1942 4378 et

355 4417 445 4470 alii
478 4417 719 4472 sexcenti
748 4431 811 4470 ex
845 4414 1098 4470 Patribns
1130 4430 1274 4485 saepe
1332 4424 1582 4470 naturam
1617 4430 1714 4486 pro
1760 4415 1936 4486 hypo~

357 4510 491 4564 stasi
524 4509 819 4574 accipiunt,
853 4523 1030 4578 neque
1063 4508 1205 4563 istud
1240 4509 1324 4562 bis
1352 4507 1942 4563 confusionisauctori-

356 4600 459 4657 bus
486 4611 569 4656 est
594 4601 951 4672 prohibitum,
980 4601 1254 4668 quomodo
1293 4615 1401 4654 non
1429 4600 1582 4654 nobis
1618 4601 1940 4656 ortbodnxis

355 4693 528 4749 risum
553 4695 868 4756 movebunt,
900 4694 1029 4748 dum
1060 4693 1244 4764 Cyrilli
1275 4708 1462 4748 vocem
1498 4693 1785 4761 objiciunt,
1817 4709 1940 4764 quae

357 4802 524 4840 unant
550 4797 799 4840 naturam
836 4785 994 4840 Verbi
1031 4786 1368 4840 incarnatam
1401 4783 1673 4839 afﬁrmat?
1704 4783 1760 4839 Si
1789 4791 1934 4841 enim

356 4879 542 4933 videre
618 4878 745 4933 licet
813 4877 999 4949 Cyrilli
1077 4875 1528 4932 consuetudinem
1616 4892 1759 4946 serpe
1837 4891 1936 4947 pro

359 4971 638 5043 bypostasi
676 4979 928 5026 naturam
977 4981 1304 5032 sumentem,
1340 4969 1522 5039 potius
1549 4968 1707 5023 nobis
1736 4983 1935 5024 conso-

359 5072 456 5117 nat
493 5078 558 5118 ac
583 5062 926 5134 suffragatus,
958 5077 1122 5133 quam
1166 5061 1452 5131 apostatis.
1491 5061 1744 5116 Nostrum
1787 5063 1934 5114 enim

362 5163 446 5210 est
473 5161 528 5207 et
554 5154 792 5225 cogitare
835 5162 889 5209 et
936 5155 1117 5210 dicere
1162 5136 1339 5208 Unam
1388 5152 1547 5209 Verbi
1599 5151 1936 5208 incarnatam

2041 3683 2238 3734 ἐκεῖνοι
2271 3678 2412 3746 πλῆν
2435 3677 2526 3731 τοῦ
2563 3675 2744 3729 δοῦναι
2797 3673 2897 3744 τῆς
2953 3671 3349 3742 κακεργάτιδος
3396 3667 3628 3737 γνώμης

2041 3776 2258 3844 ἔλεγχον
2283 3770 2592 3838 ἐξανύουσι.
2615 3767 3096 3840 Περιτραπήσεται
3122 3763 3180 3817 δὲ
3203 3763 3421 3821 πάντως
3440 3761 3625 3822 αὐτοῖς

2040 3871 2076 3940 ἡ
2105 3864 2431 3936 κακοτεχνία
2459 3864 2536 3934 μὴ
2564 3862 2662 3933 τὴν
2713 3859 2879 3930 ὀρθὴν
2913 3855 3320 3926 ἀσπαζομένοις
3353 3852 3624 3914 διάνοιαν,

2041 3960 2077 4030 ἢ
2127 3959 2184 4010 ἐν
2222 3954 2498 4026 φαντασίᾳ
2536 3952 2638 4022 τὴν
2682 3950 2861 4021 σάρκα
2891 3947 3117 4019 φορέσαι
3142 3945 3234 3998 τὸν
3273 3944 3405 3999 Θεὸν
3447 3944 3626 4009 Λόγον

2040 4050 2363 4120 δυσφημεῖν,
2404 4045 2592 4114 ὥσπερ
2649 4045 2698 4096 οἱ
2731 4042 2838 4096 ἀπὸ
2867 4040 3170 4101 Μανέντος.
3230 4036 3262 4108 ἢ
3315 4033 3624 4104 τετράφθαι

2039 4141 2131 4194 τδν
2163 4139 2335 4207 Λόγον
2373 4138 2454 4199 εἱς
2487 4135 2685 4206 σάρκα.
2719 4132 2752 4204 ἢ
2789 4130 2925 4202 πρὸς
2953 4131 3052 4200 τῆς
3080 4125 3392 4194 ἀναφανοῦς
3423 4143 3485 4177 τε
3521 4125 3617 4176 καὶ

2042 4231 2354 4302 ὑπερφυοῦς
2375 4228 2470 4282 καὶ
2498 4226 2794 4296 ἀσωμάτου
2831 4223 3086 4294 θεότητος
3113 4220 3214 4290 τὴν
3244 4217 3338 4272 τοῦ
3360 4217 3614 4287 σώματος

2042 4323 2416 4394 καταποθῆναι
2434 4320 2618 4390 φύσιν.
2639 4317 2814 4388 Εἰτὴν
2833 4314 2995 4384 φύσιν
3012 4317 3040 4368 ὁ
3061 4313 3334 4384 μακάριος
3355 4307 3626 4378 Κύριλλος

2041 4419 2138 4474 καὶ
2153 4416 2336 4487 μυρίοι
2353 4415 2504 4470 ἄλλοι
2517 4412 2626 4466 τῶν
2646 4409 2788 4464 nm
2795 4425 2904 4480 ρων
2921 4407 3042 4461 ἀντὶ
3056 4404 3406 4464 ὑποστάσεως
3424 4399 3627 4454 πολλά-

2041 4529 2130 4572 κις
2146 4507 2665 4582 παραλαμϐάνουσιν
2681 4501 2794 4574 (50)
2815 4500 2938 4554 οὐδὲ
2955 4497 3116 4552 τοῦτο
3141 4498 3252 4559 τοῖς
3279 4494 3625 4564 συγχυτικοῖς

2041 4603 2435 4674 ἀπηγόρευται,
2477 4597 2595 4660 πῶς
2647 4596 2780 4665 ἡμῖν
2825 4593 2888 4646 οὐ
2915 4591 3200 4660 κινήσουσι
3249 4586 3464 4656 γέλωτα
3511 4586 3624 4646 τοῖς

2039 4694 2341 4766 ὀρθοδόξοις
2365 4693 2464 4761 τὴν
2494 4687 2587 4742 τοῦ
2630 4685 2906 4758 Κυρίλλου
2945 4681 3131 4754 φωνὴν
3162 4677 3501 4740 ἐπισείοντες
3525 4674 3628 4745 τὴν

2040 4788 2305 4856 λέγουσαν
2339 4783 2467 4856 μίαν
2498 4780 2661 4851 φύσιν
2697 4778 2790 4832 τοῦ
2823 4777 2999 4846 Λόγου
3042 4771 3517 4845 σεσαρκωμένην;
3557 4768 3620 4820 Ei

2042 4881 2150 4949 γὰρ
2193 4878 2341 4931 ἐστιν
2399 4877 2529 4929 ἰδεῖν
2577 4875 2678 4944 τὴν
2711 4871 2982 4942 Κυρίλλου
3039 4868 3333 4939 συνήθειαν
3398 4863 3492 4918 καὶ
3521 4861 3619 4932 τὴν

2043 4972 2204 5043 φύσιν
2234 4969 2494 5032 πολλάκις
2546 4967 2669 5020 ἀντὶ
2697 4966 2796 5036 τῆς
2853 4962 3207 5024 ὑποστάσεως
3260 4956 3625 5030 παραλαμϐά-

2043 5080 2263 5128 νουσαν,
2296 5063 2430 5132 ἡμῖν
2465 5059 2670 5131 μᾶλλον
2703 5055 3120 5128 συμφθέγγεται
3151 5053 3185 5124 ἢ
3221 5054 3336 5116 τοῖς
3379 5049 3619 5104 ἀποστά-

2044 5171 2202 5218 ταις·
2262 5153 2527 5224 ήμέτερον
2579 5150 2690 5221 γάρ
2739 5150 2859 5202 ἐστι
2919 5148 3015 5200 καὶ
3070 5147 3291 5217 φρονεῖν
3322 5145 3417 5196 καὶ
3444 5139 3620 5208 λέγειν

1870 5265 2109 5322 NOTAE.

435 5361 547 5430 (26)
574 5359 697 5416 llaec
719 5361 949 5430 quaestio
985 5375 1084 5414 nec
1117 5361 1173 5414 in
1204 5360 1541 5416 Coisliniano
1569 5376 1670 5417 nec
1703 5361 1759 5416 in
1803 5359 1944 5414 Tau-

365 5432 569 5487 rinensi
603 5432 789 5486 codice
823 5435 1111 5500 reperitur.

438 5503 550 5571 (27)
582 5502 732 5556 Fort.
767 5502 1054 5569 Ῥωμαῖοι.

439 5573 554 5644 (28)
585 5573 830 5635 Pbotius,
861 5573 954 5642 qui
976 5588 1080 5644 res
1105 5571 1424 5628 Latinorum
1455 5588 1644 5640 parum
1684 5581 1944 5626 accurate

367 5643 544 5705 novit,
573 5644 660 5697 bic
690 5646 806 5712 ipse
836 5643 1014 5696 ittnnit
1043 5660 1101 5698 se
1138 5645 1354 5698 nonnisi
1388 5644 1565 5696 obiter
1621 5659 1684 5696 ac
1721 5643 1944 5710 perluu-

367 5714 807 5782 ctorieanesito
852 5715 1203 5769 satisfecisse.
1259 5714 1527 5767 (Steterunt
1592 5714 1772 5782 quoad
1828 5727 1939 5763 rem

371 5785 563 5841 confer
587 5781 649 5841 ea
672 5801 792 5856 qua:
815 5785 1057 5854 disputat
1083 5785 1370 5840 Balsatnon
1404 5784 1458 5838 in
1487 5781 1748 5839 ωιιοιιυιιι
1775 5781 1938 5835 Trul-

2057 5361 2247 5414 lanum
2284 5360 2354 5413 62
2387 5356 2689 5430 (Beveregii
2723 5353 2981 5430 Pandect.
3009 5366 3207 5430 canon.
3237 5358 3282 5430 lt:
3325 5348 3448 5430 [ηρ.
3471 5348 3615 5430 εδει.)

2124 5432 2237 5499 ('29)
2265 5417 2675 5496 Hae‘loquen‘di
2721 5425 2894 5478 forma
2920 5423 3203 5499 Anu-batur
3233 5418 3472 5499 Cyrinus
3504 5417 3613 5499 Lib:

2046 5488 2139 5554 ad‘
2158 5488 2381 5570 Reginus
2407 5510 2460 5554 cl
2483 5488 2608 5552 alibi
2627 5495 3112 5570 ;7eattt_arripuere
3149 5488 3614 5559 Moui-pbysitmatl

2046 5590 2201 5627 Stllllll
2230 5565 2486 5640 placitum
2520 5565 2936 5640 stabiliendum.

2115 5629 2384 5711 (52I)'Vitle
2416 5639 2707 5711 Petaviutn
2723 5636 2786 5690 de
2813 5633 3077 5711 trinitate
3109 5631 3169 5688 L.
3194 5629 3283 5697 IV,
3309 5645 3358 5686 c.
3377 5629 3435 5695 2,
3458 5645 3514 5683 η.
3537 5629 3612 5697 ιτ»,

2047 5705 2145 5781 ιι’;
2174 5713 2249 5767 De
2277 5710 2549 5767 fucat-nat.
2584 5708 2647 5763 L.
2673 5705 2711 5762 ll
2746 5725 2795 5762 c.
2832 5708 2887 5769 ’5,
2910 5721 2967 5761 n.
2994 5705 3048 5760 5.
