3854 6216
367 276 502 343 1047
591 327 602 331 μ

1523 282 1792 342 ΡΠΟΤΙΙ
1823 281 2015 342 PATR
2029 281 2329 341 [ARCH/E
2369 283 2478 344 (ΣΡ.

3525 277 3673 340 1048

365 390 500 443 nihil
529 404 741 456 eorum,
789 404 908 458 quae
935 390 1002 444 ad
1036 404 1235 458 corpus
1281 393 1570 461 pertinent.
1607 401 1689 449 vel
1730 408 1978 449 amove»

2090 411 2138 444 ει
2187 395 2324 464 μήτε
2375 393 2767 458 καθέλκεσθαι,
2831 393 2966 464 μηδὲ
3020 390 3486 463 παρασύρεσθαι,
3546 388 3678 460 μηδ’

362 488 485 545 tur,
544 483 629 536 vel
669 482 1055 546 contemnitur,
1102 483 1250 535 nulla
1284 498 1412 537 vero
1454 484 1617 539 etiam
1663 499 1748 550 re,
1781 499 1944 555 quam

364 573 614 643 corporis
653 583 852 628 natura
884 573 1019 628 alias
1051 575 1324 643 postulat,
1363 575 1505 629 idem
1542 577 1779 645 amplius
1811 576 1954 630 indi-

366 673 490 731 get;
524 664 577 718 id
618 665 834 734 quidem
874 665 1034 720 nobis
1076 668 1466 721 commercium
1504 667 1836 722 conditionis
1865 685 1954 723 re-

371 772 491 810 rum
522 757 973 826 incorporearum
1003 757 1076 810 ita
1104 758 1349 827 largitur,
1379 767 1436 812 ut
1464 766 1518 811 et
1551 757 1756 812 similes
1788 773 1955 828 ange-

371 851 460 914 lis,
516 857 572 904 et
613 849 926 918 superiores
959 849 1025 904 iis
1049 851 1168 903 dem
1196 851 1368 905 simus
1408 848 1599 904 futuri.
1635 848 1958 920 Superiores

374 943 596 1010 quidem
648 944 792 1008 ideo,
827 943 970 1013 quod
1019 925 1448 998 natura'nostra
1499 960 1594 1014 per
1645 960 1808 1009 eum,
1866 944 1958 1014 qui

372 1036 521 1092 illam
570 1038 895 1106 assumpsit,
941 1036 1096 1106 juxta
1145 1036 1359 1090 Patrem
1407 1037 1671 1092 collocata
1725 1046 1842 1102 est;
1891 1036 1957 1090 ad

374 1126 788 1180 similitudinem
840 1141 969 1180 vero
1035 1127 1299 1180 mentium
1345 1126 1793 1193 incorporearum
1843 1140 1965 1194 per-

375 1216 558 1280 ducti;
617 1225 908 1285 postquam
942 1216 1010 1270 ab
1086 1216 1370 1272 alfectihus
1426 1227 1480 1272 et
1508 1215 1967 1286 corruptibilitate

378 1308 668 1373 immunes,
696 1316 749 1361 et
771 1323 798 1361 a
823 1307 1106 1376 corporeis
1136 1308 1540 1375 affectionibus,
1561 1307 1969 1377 petulantiaque

376 1413 428 1452 et
463 1399 866 1464 inconstantia,
919 1399 1006 1454 cui
1064 1401 1343 1456 materiale
1377 1403 1630 1472 quodque
1673 1401 1966 1456 obnoxium

378 1502 482 1556 est,
511 1491 665 1546 liberi
693 1492 991 1546 evasimus.

455 1582 551 1637 llic
596 1599 726 1638 vero
777 1585 940 1638 etiam
996 1586 1400 1640 observandum
1434 1596 1550 1653 est,
1597 1587 1777 1642 verbis
1828 1586 1970 1660 illis,

385 1694 404 1726 ι
444 1675 612 1730 Erant
663 1686 724 1731 ut
777 1677 956 1748 angeli
999 1678 1170 1744 Dei',
1211 1698 1230 1731 ι
1293 1694 1402 1732 ιιοιι
1463 1679 1712 1733 eamdem
1765 1689 1974 1733 natura:

2053 487 2187 549 ὅλως
2205 489 2261 538 ὲν
2283 488 2441 558 χρείᾳ
2467 486 2827 540 καθίστασθαι
2848 486 2977 550 τῶν,
3002 486 3102 538 ὅσα
3128 484 3344 554 σακρδς
3358 483 3537 553 φύσις
3559 481 3678 548 (52)

2052 576 2354 644 ἐδούλευεν,
2429 579 2529 647 τῆς
2593 577 2702 632 τῶν
2768 577 3078 647 ἀσωμάτων
3148 576 3371 644 λήξεως
3442 573 3676 645 χαρίζεο

2053 685 2141 721 ται
2181 670 2282 739 τὴν
2323 669 2663 738 συγγένειαν,
2697 669 2837 722 ὥστε
2872 668 3101 731 εἰκότως
3137 669 3254 734 (55)
3296 666 3401 720 καὶ⁸
3445 666 3684 734 ἰσάγγε-

2055 760 2138 812 λοι
2166 800 2180 824 ,
2235 761 2332 812 καὶ
2379 760 2662 830 κρείττους
2716 759 2944 814 ἐκείνων
2996 761 3263 830 ἐσόμεθα.
3308 757 3409 830 Τῷ
3443 759 3548 828 μὲν
3578 759 3680 829 τὴν

2059 851 2221 921 φύσιν
2273 851 2428 921 ἡμῶν
2484 852 2543 904 ὲν
2599 851 2676 922 τῷ
2730 850 3093 922 προσλαὸόντι
3155 850 3533 921 συνεδριάσαι
3595 851 3678 920 τῷ

2062 947 2257 1018 ΙΙατρὶ,
2317 946 2621 1017 κρείττους.
2673 945 2752 1016 Τῇ
2791 945 2849 997 δὲ
2903 943 3247 997 καθὲκαστον
3307 941 3484 1012 ἡμῶν
3533 941 3683 994 ἀπα-

2063 1040 2185 1110 θείᾳ
2217 1038 2312 1091 καὶ
2339 1038 2618 1108 ἀφθαρσίᾳ
2667 1039 2761 1091 καὶ
2791 1036 3122 1107 σωματικῶν
3155 1035 3396 1088 πάντων
3431 1033 3533 1086 καὶ
3572 1049 3682 1085 πα-

2065 1130 2173 1184 θῶν
2201 1131 2296 1183 καὶ
2351 1131 2761 1200 σκιρτημάτων,
2810 1129 2904 1182 καὶ
2942 1127 3253 1198 ταχύτητος
3311 1123 3680 1194 ἀπηλλάχθαι

2066 1221 2361 1292 προσύλου,
2391 1221 2491 1291 τὴν
2541 1220 2677 1287 πρὸς
2711 1219 2842 1283 τοὺς
2899 1215 3238 1288 ἀσωμάτους
3271 1214 3412 1277 νόας
3447 1214 3679 1283 ἰσότητα

2071 1312 2331 1379 ἀναδεδεγ
2337 1311 2487 1382 μένοι
2522 1311 2656 1381 (54).

2157 1590 2545 1646 Ἐπισκεπτέον
2570 1588 2627 1640 δὲ
2650 1587 2733 1651 τὸ,
2752 1604 2771 1637 ι
2804 1585 3056 1638 Ἔσονται
3077 1583 3154 1645 ῶς
3213 1579 3456 1649 ἄγγελοι
3481 1579 3670 1645 Θεοῦη

2075 1687 2136 1741 οὐ
2155 1686 2255 1756 τὴν
2277 1683 2545 1754 ἰσοτιμίαν
2569 1679 2826 1752 κηρύττει
2848 1678 2948 1747 τῆς
2969 1677 3212 1745 φύσεως,
3239 1674 3387 1728 ἀλλά
3413 1675 3478 1726 τὸ
3508 1673 3680 1744 μηδὲν

379 1766 737 1835 dignitatem,
796 1769 894 1824 sed
955 1769 1009 1824 id
1063 1771 1243 1838 potius
1297 1770 1559 1834 indicari,
1622 1769 1767 1840 quod
1831 1771 1966 1824 nihil

2089 1779 2330 1849 πάσχειν,
2351 1768 2426 1829 ὧν
2451 1774 2690 1844 ἔπασχον
2717 1772 3005 1843 πρότερον,
3029 1767 3346 1841 σαρκικῶν.
3369 1766 3676 1838 Παραπλη-

379 1873 568 1914 eorum
591 1899 606 1924 ,
636 1860 836 1930 quibus
869 1860 925 1915 in
967 1876 1132 1915 carne
1171 1861 1387 1915 fuerant
1417 1862 1675 1928 obnoxii,
1705 1863 1972 1931 imposm-

383 1968 501 2005 rum
529 1953 706 2008 simus
728 1955 1028 2022 experturi,
1065 1955 1323 2023 angelicae
1343 1968 1472 2007 vero
1507 1954 1819 2008 indolentia:
1847 1970 1974 2024 par-

380 2042 573 2112 ticipes
601 2052 656 2098 et
693 2060 724 2097 a
744 2044 1095 2113 passiouihus
1123 2045 1404 2115 e0rporeis
1422 2045 1695 2099 immunes
1715 2046 1892 2098 vitam
1918 2045 1975 2100 in

383 2135 789 2189 resurrectione
840 2135 1044 2201 acturi,
1087 2137 1337 2206 quamvis
1389 2137 1607 2191 interim
1661 2138 1870 2204 angelis
1909 2153 1975 2191 eo

383 2226 559 2280 simus
586 2229 917 2297 superiores,
951 2231 1096 2298 quod
1134 2240 1377 2283 nostram
1410 2229 1685 2297 lapsorum
1722 2239 1972 2284 naturam

387 2320 477 2373 Dei
503 2319 673 2374 Filius
703 2323 998 2392 assumpsit
1043 2331 1100 2377 et
1130 2323 1390 2386 redemit,
1437 2323 1654 2376 illorum
1700 2339 1832 2377 vero
1868 2339 1974 2378 non

386 2409 537 2464 item.
596 2411 767 2481 Cujus
805 2412 1024 2482 quidem
1074 2413 1154 2467 rei
1204 2413 1467 2466 rationem
1514 2413 1567 2467 in
1614 2429 1681 2468 eo
1731 2429 1976 2482 qurerere

390 2510 624 2571 oportet,
659 2505 805 2572 quod
832 2504 906 2559 illi
949 2505 1166 2575 quidem
1194 2521 1297 2560 nos
1330 2506 1687 2568 seduxerunt,
1718 2521 1819 2560 nos
1844 2520 1975 2561 vero

387 2593 600 2650 seducti
651 2612 882 2663 sumus;
933 2600 1187 2668 quodque
1229 2599 1305 2652 illi
1363 2599 1542 2654 varias
1590 2598 1976 2669 praerogativas

388 2688 720 2755 habuerunt,
753 2707 862 2760 quo
886 2692 1067 2746 minus
1091 2706 1400 2761 peccarent,
1426 2693 1624 2762 quippe
1649 2692 1743 2762 qui
1768 2691 1943 2746 all‘ecti
1961 2718 1978 2730 ο

388 2781 490 2835 hus
516 2783 701 2836 minus
725 2792 995 2853 paterent,
1037 2785 1104 2838 ad
1134 2785 1302 2839 Deum
1331 2800 1459 2840 vero
1494 2786 1720 2856 propius
1746 2784 1975 2839 accede-

389 2881 528 2935 rent,
561 2883 615 2926 et
643 2889 872 2943 corpore
910 2876 1144 2945 denique
1193 2886 1464 2932 carerent.
1503 2878 1584 2931 Ab
1617 2878 1786 2931 altera
1825 2886 1978 2946 parte

395 2966 556 3020 nobis
588 2968 810 3036 quidam
842 2969 1246 3023 miserationem
1275 2972 1448 3035 magis
1471 2969 1798 3033 conciliavit,
1830 2969 1976 3038 quod

391 3059 540 3114 vitiis
575 3061 745 3130 magis
787 3060 1132 3129 patebamus,
1163 3064 1489 3131 eorporique
1520 3061 1738 3115 obnoxii
1772 3070 1827 3116 et
1856 3061 1978 3115 alli-

2080 1873 2209 1935 σίως
2240 1871 2297 1924 δὲ
2327 1871 2425 1940 τῆς
2453 1867 2753 1936 ἀγγελικῆς
2774 1865 3043 1927 ἀπαθείας
3097 1862 3195 1916 καὶ
3254 1862 3466 1924 αὐτοὺς
3513 1861 3571 1912 ἐν
3611 1861 3675 1929 τῇ

2079 1962 2374 2017 ἀναστάσει
2405 1959 2515 2012 τῶν
2547 1957 2828 2029 σαρκικῶν
2867 1954 3343 2027 ἀπηλλαγμένους
3400 1951 3674 2007 πολιτεύει·

2081 2053 2223 2116 σθαι,
2259 2052 2544 2121 κρείττους
2587 2050 2644 2102 δὲ
2698 2050 2796 2102 καὶ
2829 2047 3005 2110 ἄλλως
3041 2045 3330 2114 ἀγγέλων,
3374 2044 3460 2097 ὃτι
3521 2043 3674 2112 ἡμῶν

2082 2144 2180 2214 μὲν
2207 2141 2611 2211 ὁλισθησάντων
2634 2139 2733 2210 τὴν
2789 2138 2953 2209 φύσιν
2983 2136 3258 2191 ἀνέλαϐεν
3310 2138 3340 2188 6
3393 2135 3489 2189 τοῦ
3541 2133 3670 2187 Θεοῦ

2079 2239 2208 2300 Υἱὸς
2247 2239 2340 2290 καὶ
2369 2235 2706 2297 ἀνεσώσατο,
2735 2230 2960 2285 ἐκείνων
2990 2231 3046 2284 δὲ
3081 2230 3299 2284 οὐκέτι.
3334 2230 3449 2282 Καὶ
3494 2228 3673 2295 ζητεῖν

2077 2331 2158 2384 δεῖ
2188 2329 2288 2398 τὴν
2332 2327 2538 2390 αίτίαν,
2585 2327 2668 2379 ὅτι
2699 2325 2853 2378 αὐτοὶ
2909 2324 3008 2392 μὲν
3045 2322 3397 2390 ὲπλάνησαν,
3429 2323 3590 2391 ἡμεῖς
3615 2319 3668 2372 δὲ

2076 2422 2184 2474 τῶν
2213 2418 2615 2487 πλανηθέντων.
2675 2417 2785 2469 Καὶ
2813 2415 2894 2468 ὅτι
2930 2413 3083 2466 αὐτοὶ
3121 2414 3224 2483 μὲν
3263 2412 3471 2475 πολλὰς
3505 2412 3668 2480 ἀφορ-

2083 2515 2189 2587 μὰς
2221 2508 2364 2581 εἶχον
2393 2509 2488 2563 τοῦ
2524 2509 2597 2580 μὴ
2628 2503 3030 2578 ἓξαμαρτῆσαι,
3059 2506 3122 2559 τὸ
3150 2504 3439 2566 δυσπειθές
3493 2521 3550 2555 τε
3582 2504 3667 2555 καὶ

2075 2609 2140 2662 τὸ
2169 2607 2488 2677 πλησιάζειν
2521 2605 2721 2676 μᾶλλον
2751 2603 2870 2674 Θεῷ
2914 2605 3007 2657 καὶ
3056 2603 3119 2656 τὸ
3169 2601 3496 2672 ἀσώματον.
3546 2599 3665 2659 Τοῖς

2079 2702 2134 2754 δὲ
2166 2699 2338 2772 ῥοπὴν
2364 2698 2516 2750 ἐλέου
2549 2696 2780 2767 παρέχει
2811 2696 2906 2748 καὶ
2944 2694 3004 2747 τὸ
3034 2693 3453 2764 εὐπαθέστερον
3483 2690 3572 2743 καὶ
3593 2687 3664 2758 τῷ

2082 2795 2295 2863 σώματι
2330 2787 2694 2844 καθέλκεσθαί
2741 2805 2800 2840 τε
2868 2787 2963 2840 καὶ
3014 2784 3411 2847 συνδεδέσθαι,
3467 2783 3562 2835 καὶ
3608 2780 3663 2831 τὸ

2084 2884 2290 2955 μεῖζον,
2339 2884 2418 2936 ὃτι
2473 2881 2574 2934 οὐκ
2622 2881 3070 2948 ὲπιγεγέννηνται
3121 2877 3190 2929 ὲκ
3234 2874 3347 2928 τῶν
3402 2873 3664 2925 πεσόντων

2081 2975 2280 3046 ἕτεροι,
2314 2972 2381 3025 δι’
2407 2970 2502 3034 οὒς
2531 2973 2598 3025 ἂν
2621 2971 2713 3022 τὸν
2742 2969 3130 3040 φιλάνθρωπον
3159 2961 3354 3019 εἷλκεν
3385 2964 3445 3017 τὸ
3473 2961 3662 3026 πτῶμα

2084 3067 2220 3137 πρὸς
2250 3065 2416 3118 ἔλεον.
2435 3063 2576 3117 Ἀλλ’
2605 3061 2759 3116 αὐτοί
2789 3077 2853 3130 γε
2886 3061 2937 3112 οἱ
2974 3058 3338 3131 παραϐάντες
3362 3056 3462 3126 τὴν
3497 3051 3662 3122 παρά-

391 3152 498 3220 gati
526 3167 784 3219 eramus;
819 3163 932 3208 tum
962 3169 1091 3209 vero
1125 3154 1416 3223 imprimis,
1449 3153 1592 3222 quod
1623 3168 1688 3207 ex
1721 3153 1848 3215 illis,
1884 3153 1976 3221 qui

2089 3160 2241 3213 Βασιν
2257 3156 2548 3220 διαπαντὸς
2579 3157 2800 3226 μένουσι
2830 3153 3176 3224 στέργοντες.
3207 3153 3333 3203 Ἔτι
3363 3149 3472 3202 οὐδ’
3489 3149 3661 3216 ὅμοιον

394 3246 530 3315 lapsi
555 3259 732 3310 erant,
764 3249 902 3304 tales
935 3265 1040 3304 non
1069 3250 1236 3320 geniti
1276 3260 1436 3314 sunt,
1467 3265 1564 3318 per
1599 3263 1736 3318 quos
1766 3245 1979 3301 Numen

395 3338 850 3407 benignissimum
880 3341 947 3394 ad
979 3343 1194 3394 veniam
1233 3341 1419 3410 lapsus
1455 3339 1758 3393 faciendam
1785 3338 1981 3393 adduci

397 3441 624 3498 poterat.
655 3430 768 3485 lmo
812 3447 943 3487 vero
971 3432 1070 3497 illi,
1116 3434 1209 3502 qui
1241 3433 1413 3503 legem
1447 3432 1803 3493 violaverant,
1831 3447 1984 3486 eam-

397 3520 522 3573 dem
567 3519 775 3574 violare
828 3537 1045 3591 semper
1089 3531 1294 3576 amant.
1333 3523 1520 3577 'Porro
1553 3536 1731 3590 neque
1783 3524 1984 3577 similia

400 3626 575 3680 neque
603 3609 782 3666 aflinia
816 3622 963 3678 sunt,
989 3615 1306 3684 angelorqu
1337 3624 1588 3667 naturam
1619 3625 1672 3668 et
1701 3615 1982 3668 hominum

399 3702 544 3756 illam
600 3717 898 3759 assumere.
953 3706 1091 3772 Quid
1143 3706 1288 3760 enim
1356 3707 1461 3761 hoc
1520 3706 1819 3776 profuisset
1880 3708 1986 3762 illis

399 3795 643 3863 angelis,
691 3796 783 3865 qui
816 3811 924 3850 non
967 3806 1126 3852 erant
1155 3797 1336 3866 lapsi?
1365 3796 1423 3851 Si
1468 3813 1593 3852 vero
1628 3799 1680 3852 in
1711 3799 1984 3869 lapsorqu

399 3885 627 3954 gratiam
661 3887 713 3940 id
747 3886 950 3940 factum
987 3897 1148 3953 esset,
1180 3903 1380 3956 nonne,
1417 3888 1524 3943 hoc
1562 3889 1725 3953 facto,
1767 3889 1867 3952 illi,
1893 3890 1988 3959 qui

399 3977 538 4046 lapsi
566 3994 675 4032 non
725 3990 880 4034 erant
907 3981 1216 4046 deterioris,
1249 3997 1412 4051 quam
1462 3982 1618 4051 lapsi,
1658 3981 1988 4036 conditionis

401 4069 668 4123 fuissent?
711 4068 981 4126 Praeterea
1016 4070 1252 4126 Verbum
1293 4073 1638 4127 iucarnatum
1671 4085 1725 4127 et
1775 4074 1990 4128 virtutis

399 4175 454 4215 et
483 4163 707 4231 pietatis
747 4174 1012 4234 praecepta
1047 4179 1150 4218 nos
1183 4164 1388 4231 docuit,
1423 4179 1518 4234 per
1550 4181 1691 4234 quaa,
1723 4165 1990 4234 siquidem

402 4262 493 4314 illa
533 4275 628 4328 per
651 4257 880 4326 gratiam
906 4261 1026 4322 ejus
1058 4257 1416 4313 observemus
1436 4297 1453 4324 ,
1493 4273 1684 4311 eorum
1715 4257 1993 4311 reddimur

404 4352 714 4422 participes,
743 4365 863 4420 qua:
896 4361 1156 4419 perpetua
1206 4350 1356 4417 regni
1387 4350 1651 4404 caelorum
1707 4348 1994 4404 illL'l‘edittlS

402 4457 619 4512 Sperare
650 4442 823 4510 jubet.
859 4437 978 4494 Jaut
1013 4456 1143 4494 vero
1174 4440 1488 4511 angelorum
1522 4448 1716 4493 natura
1745 4451 1800 4494 et
1827 4442 1995 4492 virtu-

405 4537 475 4595 tis
517 4543 571 4592 et
599 4535 814 4606 pietatis
849 4533 1045 4589 notitia
1099 4543 1217 4587 erat
1271 4534 1558 4589 instructa.
1598 4531 1828 4588 Virtutis
1871 4533 1992 4603 qui-

404 4630 550 4696 dem,
587 4645 688 4682 ceu
719 4641 788 4682 ex
819 4641 885 4682 eo
912 4635 1080 4696 patet,
1120 4625 1263 4695 quod
1310 4625 1586 4692 homines,
1625 4626 1694 4680 ab
1737 4625 1828 4680 illa
1862 4640 1992 4680 avo-

406 4731 578 4786 catos,
611 4721 664 4774 in
695 4721 970 4775 contraria
1019 4720 1202 4773 omnia
1247 4718 1586 4788 pellexerunt
1617 4735 1632 4770 :
1670 4734 1772 4773 nec
1808 4719 1993 4774 minus

411 4814 646 4882 pietatis.
680 4813 1016 4884 Argumento
1047 4821 1131 4866 est
1175 4811 1297 4876 ille,
1332 4811 1426 4881 qui
1458 4811 1762 4876 clamabat;
1805 4830 1824 4861 ι
1854 4808 1991 4865 Novi

411 4918 484 4965 te,
514 4902 639 4972 quis
669 4903 746 4960 sis
777 4922 791 4956 :
821 4911 1046 4956 sanctus
1082 4898 1245 4966 Dei";
1288 4919 1305 4949 ι
1352 4909 1424 4966 et,
1463 4917 1482 4950 ι
1530 4897 1739 4954 Venisti
1773 4909 1832 4953 ut
1863 4908 1989 4954 ante

413 5010 627 5068 tezupus
660 5013 760 5052 nos
791 4997 1057 5066 allligeres
1072 4995 1112 5049 ⁸.
1156 5013 1174 5047 ι
1206 4993 1527 5064 Cuiusmodi
1554 4995 1838 5064 complura
1863 4995 1991 5050 alibi

411 5102 645 5146 exstant.
667 5093 851 5160 Itaque
881 5090 1144 5144 Dominus
1169 5088 1375 5143 frustra
1404 5088 1717 5158 angelorum
1739 5097 1993 5142 naturam

483 5185 502 5217 '
530 5183 724 5238 Matth.
756 5200 892 5250 xxu,
928 5183 1016 5236 '50.
1157 5182 1176 5214 "
1212 5180 1349 5236 Luc.
1385 5197 1460 5244 ιν,
1492 5181 1582 5236 54;

2083 3247 2192 3299 οὐδ’
2224 3248 2390 3314 ἐγγὺς
2429 3243 2677 3312 ἀγγέλων
2701 3260 2759 3295 τε
2797 3241 3012 3310 φύσεως
3033 3243 3126 3293 καὶ
3147 3239 3459 3310 ἀνθρώπων
3489 3234 3661 3288 ἐπιλα-

2083 3336 2490 3406 6ἐσθαι.Τίγάρ
2513 3335 2608 3388 καὶ
2631 3333 2841 3404 ῶνησεν
2861 3335 2988 3396 τοὺς
3013 3334 3074 3386 οὑ
3098 3333 3403 3397 πεσόντας;
3427 3330 3476 3382 εί
3502 3328 3556 3381 δὲ
3584 3325 3662 3377 διὰ

2082 3438 2208 3495 τοὺς
2230 3429 2497 3490 πεσόντας
2520 3466 2535 3490 ,
2562 3425 2676 3488 πῶς
2691 3426 2751 3478 οὐ
2777 3424 2993 3496 χείρους
3012 3425 3061 3477 οί
3087 3425 3165 3494 μὴ
3194 3421 3543 3481 πεπτωκότες
3563 3418 3661 3468 τῶν

2086 3525 2450 3579 πεπτωκότων
2469 3518 2580 3593 (55)
2601 3521 2634 3592 ἢ
2649 3519 2805 3575 τοῦτο
2818 3521 2915 3571 ἐπε
2924 3516 3213 3588 ργαστέον;
3224 3515 3347 3567 Ἔτι
3375 3530 3439 3566 σα
3448 3507 3659 3582 ρκωθεὶς

2085 3625 2112 3676 6
2135 3623 2302 3689 Λόγος
2326 3619 2396 3672 τά
2416 3636 2476 3671 τε
2496 3617 2596 3687 τῆς
2624 3615 2824 3685 ἀρετῆς
2849 3613 2943 3665 καὶ
2969 3610 3036 3663 τά
3050 3609 3153 3676 τῆς
3191 3605 3474 3667 εὐσεϐείας
3505 3601 3661 3671 μαθήο

2090 3713 2395 3784 ματαὴμᾶς
2427 3708 2827 3775 ὲξεπαίδευσεν,
2851 3703 2922 3758 δι’
2941 3696 3015 3756 ὧν
3038 3703 3172 3771 ἡμῖν
3203 3701 3427 3768 γέγονεν
3451 3698 3514 3764 τῇ
3543 3689 3656 3758 παρ’

2089 3805 2253 3860 αὐτοῦ
2282 3805 2465 3877 χάριτι
2493 3799 2898 3870 κατορθοῦντας
2931 3795 3068 3866 (⁵56),
3099 3793 3137 3846 ἃ.
3175 3791 3406 3846 ὑπέθετο
3435 3788 3530 3857 τῆς

2088 3873 2675 3967 οὐρανῶν-βασιλείας
2725 3888 3005 3958 ἀδιάδοχος
3067 3881 3432 3956 κληρονομία.
3506 3873 3656 3967 ’δὲ

2090 3962 2356 4054 ἀγγελικὴ
2388 3962 2548 4054 (ῥύσις
2575 3982 2798 4050 καὶτῆς
2837 3977 3039 4048 ἀρετῆς
3095 3979 3197 4028 καὶ
3239 3974 3339 4043 τῆς
3395 3962 3658 4054 εὐσεὸείας

2093 4049 2237 4145 εἶχεν
2258 4049 2356 4144 τὴν
2382 4049 2606 4141 γνῶσιν.
2639 4049 2772 4139 Τῆςίξ
2805 4067 2905 4138 μὲν
2930 4064 3160 4137 ἀρετῆς,
3186 4061 3248 4128 ἐξ
3295 4054 3372 4116 ὧν
3421 4055 3544 4114 τοὺς
3574 4049 3656 4145 ὑπ’

2095 4141 2269 4238 αθτῆς
2298 4141 2409 4238 (37)
2437 4162 2959 4233 ὑποσκελιζομένους
2986 4158 3122 4228 πρὸς
3151 4153 3414 4210 τάναντία
3456 4141 3656 4219 μεθεΰι-

2093 4263 2191 4315 κέν
2213 4237 2272 4313 τε
2292 4237 2386 4313 και
2402 4256 2785 4319 ὑπεδελέαζεν.
2811 4253 2923 4306 Καὶ
2944 4251 3043 4320 τῆς
3061 4248 3350 4309 εὐσεϐείας
3376 4244 3420 4296 δ’
3449 4237 3654 4334 auctor.

2096 4355 2190 4406 mi.
2247 4351 2306 4418 ἐξ
2365 4344 2440 4404 ὧν
2493 4349 2666 4403 ὲὸόαο
2733 4368 2752 4399 ι
2787 4342 2919 4400 Οἶδά
2975 4359 3036 4396 σε
3089 4341 3172 4404 τίς
3211 4337 3298 4392 εἶ’
3329 4340 3357 4392 6
3399 4334 3548 4402 ἅγιος
3571 4344 3657 4380 του,

2099 4442 2256 4498 Θεοῦο
2287 4463 2305 4495 ι
2342 4444 2458 4507 καὶ,
2487 4462 2506 4494 ‹
2536 4437 2742 4504 Ἦλθες
2772 4439 2880 4510 πρὸ
2908 4434 3106 4507 καιροῦ
3139 4429 3426 4503 βασανίσαι
3456 4422 3650 4510 ἡμᾶς’-³

2102 4537 2195 4589 καὶ
2229 4533 2399 4606 μυρία
2431 4532 2760 4586 ἄλλα.Ὤστε
2814 4507 2896 4590 εἰς
2929 4527 3107 4598 μάτην
3134 4524 3308 4594 αὐτὴν
3339 4518 3446 4572 τῶν
3501 4507 3653 4606 ἀγγιῗ⁴

2098 4627 2206 4681 λῶν
2232 4601 2509 4697 υπηρχετο
2526 4623 2839 4693 φύσιν.Ἔτι
2861 4619 3162 4688 σαρκοῦται
3177 4621 3204 4670 6
3217 4608 3522 4702 Λόγοςῂδὸχ
3537 4601 3655 4702 ἡμῖν

2097 4711 2242 4772 δι’ῶν
2261 4695 2548 4787 ἔπραττεν,
2582 4713 2925 4776 ὑποδεικνὺς,
2942 4710 3008 4764 δι’
3037 4704 3103 4782 ἦς
3123 4711 3254 4778 ἡμῖν
3273 4707 3306 4775 ἡ
3326 4703 3458 4772 πρὸς
3476 4695 3560 4747 τὸν
3583 4695 3652 4742 οὺ-

2102 4811 2261 4882 ρανὸν
2286 4809 2470 4872 ἄνοδος
2489 4807 2906 4878 πορισθήσεται.
2921 4805 3047 4866 Τοῖς
3065 4803 3121 4855 δὲ
3140 4800 3358 4869 δαίμοσι
3385 4789 3650 4888 πρόκειται

2094 4877 2165 4958 τὰ
2185 4902 2420 4973 ὁμογενῆ
2440 4877 2697 4970 τάγματα
2723 4898 2826 4967 τῆς
2851 4895 3083 4969 ἀρχαίας
3097 4877 3650 4977 λήξεωςβιῖᾧνπρρτ.

2097 4971 2273 5057 τουσι,
2297 4994 2396 5064 τὴν
2428 4991 2808 5062 μακαριότητα
2841 4973 3436 5058 προδεικνύοντα.Ἀλλ’
3455 4971 3648 5064 Ᾱέκξῖνοι

3537 5058 3642 5106 ἐπι·

2101 5087 2326 5158 γνώμης
2352 5083 2580 5154 ἀπονοίᾳ
2593 5081 2716 5136 οὔτε
2739 5082 2984 5144 ἕπονται,
3016 5076 3140 5130 οὔτε
3167 5073 3301 5144 πρὸς
3325 5062 3510 5123 αὐτοὺς
3535 5073 3558 5109 ε

1660 5181 1681 5211 ⁸
1713 5179 1903 5234 Matth.
1939 5195 2014 5241 Ix,
2050 5180 2144 5233 ‘29.

1931 5269 2167 5326 ΝΟΤᾸΞ.

487 5371 600 5440 (32)
639 5370 745 5425 Pro
800 5369 962 5438 φύσις
1012 5369 1168 5426 Colb.
1217 5367 1403 5438 φύσιν.
1461 5364 1741 5440 Neutrum
1780 5373 1988 5440 rectum

419 5454 549 5511 puto
581 5435 593 5496 Ξ
634 5435 854 5513 legerim
898 5441 1079 5513 φύσει.
1117 5435 1531 5513 Fortassevero
1563 5454 1658 5513 pro
1692 5435 1995 5513 εδούλευεν,

419 5507 892 5582 it-getttlttttiluet‘it
912 5507 1232 5578 ἓδούλευεν,
1260 5508 1541 5562 suadebat.
1574 5507 1638 5560 Et
1669 5509 1750 5561 sic
1779 5507 1999 5559 tetineri

420 5583 797 5656 possitcptistg.

501 5647 795 5723 (55)’ὦστε
828 5654 1058 5714 εἰκότως
1079 5652 1240 5705 Colh.
1284 5667 1385 5723 pro
1409 5647 1858 5723 προστεθηκότω.

497 5717 609 5792 lli-ii
664 5724 745 5779 ιω
793 5725 988 5793 scripsi
1043 5739 1139 5791 pro
1189 5717 1659 5788 ἀναζδεδειγμὲνοι,
1720 5734 1786 5774 cx
1839 5717 2012 5772 verbo

2095 5365 2452 5435 ἀναδέχομαι.

2169 5432 2292 5505 ιῦὅῖ
2323 5432 2628 5502 Lugendum
2659 5441 2788 5505 puto
2827 5432 2897 5479 εἰ.
3043 5499 3061 5505 ﬂ
3307 5487 3319 5505 ι
3342 5487 3484 5505 “In”

2300 5487 2489 5559 Matini
2511 5487 2863 5572 κατορθοῦσι,
2897 5508 2954 5551 ιιι
2978 5499 3240 5552 referatur
3259 5487 3321 5542 ad
3340 5487 3484 5536 οιιιευ

2106 5579 2292 5718 ﬂag-.7)
2322 5647 2493 5718 αὐτῆς
2522 5643 2675 5700 C0“).
2701 5638 3045 5712 ριοαὺτοιὶς.

3491 5469 3642 5525 edens
