3876 6216
156 203 275 270 1049

1018 201 1115 262 AD
1153 196 1747 261 AMPIIILOCHIUM
1774 199 2124 273 QII/ESTIO
2164 200 2422 261 CCXLV.

3284 197 3425 261 1050

153 323 470 394 στρέφονται’
487 318 626 371 ὥστε
642 316 793 387 περίε
804 318 931 388 ργόν
946 318 1092 370 ἐστιν
1104 317 1352 385 ἀγγέλων
1368 316 1467 388 τὴν
1477 315 1571 369 τοῦ
1585 316 1720 369 Θεοῦ

1838 326 1944 372 παι
1990 327 2366 388 suscepturus.
2410 315 2805 371 Incarnabatur
2845 325 3105 387 praeterea
3155 312 3419 389 Verbum,

152 416 298 484 φύσιν
328 412 597 465 ὑπελθεῖν.
638 410 856 464 Μᾶλλον
880 409 937 463 δὲ
967 409 1047 473 είς
1082 410 1252 479 μείζω
1274 412 1366 462 καὶ
1389 409 1719 480 βαρυτέραν,

152 508 296 573 εῖπερ
315 497 423 554 οἷόν
445 501 503 553 τέ
533 502 667 561 ἐστι,
696 500 793 571 τῆς
813 500 1185 569 ἀποκειμένης
1212 501 1395 564 αὐτοῖς
1421 501 1717 565 κολάσεως.

155 596 263 646 Ἷσὶτι
286 592 529 660 ἀγγέλων
560 592 717 662 εἴπερ
746 591 972 663 ἔμελλεν
1000 593 1029 645 ό
1057 594 1229 661 Λόγος
1266 593 1429 663 φύσιν
1481 595 1720 665 ὑπέρχε-

159 686 271 738 σθαι
300 684 433 755 (58),
463 683 579 747 πῶς
608 683 675 737 ἂν
705 683 972 753 ὑπῆλθεν,
1004 686 1167 738 τόκου
1194 685 1269 757 μὴ
1300 685 1714 755 μεσιτεύοντος;

150 781 193 830 si
214 777 255 829 δ’
278 775 459 838 ἁπλῶς
489 777 608 829 κατ’
625 776 898 829 οῖκείωσιν
921 778 1014 830 καὶ
1040 780 1297 851 σχετικὴν
1321 779 1539 833 σύνοδον
1560 780 1721 833 τοῦτο

151 870 347 938 προσῆν
368 870 478 931 τοῖς
496 867 767 938 δαίμοσιν,
792 868 907 922 ἀλλ’
935 870 1147 923 ἐκεῖθεν
1177 872 1551 943 διερῤἁγησαν
1579 873 1715 944 (59).

155 962 266 1012 Ἔτι
298 960 440 1022 τίνος
476 959 590 1030 (40)
628 960 736 1013 τῶν
764 963 1135 1015 πεπτωκότων
1160 964 1400 1016 ἐποιεῖτο
1451 964 1549 1034 τὴν
1580 965 1719 1017 κατὰ

150 1052 699 1122 τὸᾶκρονοίκείωσινς
748 1054 920 1122 Είμὲν
937 1056 1045 1107 τῶν
1074 1054 1347 1120 ἑστώτων,
1364 1057 1459 1110 καὶ
1488 1057 1541 1110 τί
1566 1056 1631 1110 ἂν
1658 1060 1720 1111 τὸ

152 1145 427 1208 πεπτωκὸς
445 1144 642 1213 ὡνητο;
659 1145 913 1200 Ἐκείνων
930 1147 1039 1217 γὰρ
1058 1146 1155 1199 καὶ
1168 1150 1297 1217 πρὶν
1322 1148 1591 1215 μενόντων
1607 1150 1717 1219 (41)

151 1238 201 1288 ὲν
232 1238 339 1298 τοῖς
366 1236 617 1303 ἀμείνοσι
644 1237 706 1289 τὸ
735 1236 1010 1307 δαιμόνιον
1031 1236 1404 1303 ταλανίζεται.
1436 1240 1498 1292 Εἰ
1523 1240 1581 1293 δὲ
1608 1241 1718 1293 τῶν

151 1331 526 1393 πεπτωκότων,
557 1329 659 1383 ποῦ
689 1331 749 1383 τὸ
777 1330 985 1384 δίκαιον
1014 1348 1029 1396 ;
1076 1330 1201 1395 Πῶς
1254 1330 1299 1384 δ’
1327 1330 1393 1385 ἂν
1421 1332 1524 1385 οὐκ
1560 1331 1721 1403 ἔσχεν

148 1424 316 1493 χώραν
343 1422 665 1488 ἐκλέγεσθαι
681 1423 743 1476 τὸ
770 1423 1220 1493 κατεγνωσμένον
1240 1423 1441 1495 Παύλῳ
1463 1440 1478 1455 ο
1508 1443 1527 1475 ι
1551 1425 1719 1496 Ποιή-

150 1530 317 1583 σωμεν
339 1513 407 1566 τά
433 1514 610 1579 κακά;
638 1513 865 1566 »Ἔτιδὲ
892 1514 1051 1568 τόκου
1078 1516 1197 1577 ταῖς
1214 1514 1533 1583 ἁγγελικαῖς
1560 1516 1722 1570 δυνά·

151 1627 267 1679 μεσι
295 1612 367 1681 μὴ
400 1608 804 1679 μεσιτεύοντος,
838 1608 961 1661 οὐδὲ
996 1608 1162 1677 φύσιν
1185 1603 1252 1678 ἧν
1283 1608 1508 1662 δυνατὸν
1536 1610 1719 1663 αὐτῶν

1823 409 1966 462 viam
1996 408 2155 463 nobis
2196 424 2290 478 per
2338 424 2437 470 ea,
2469 423 2589 477 qua:
2641 409 2866 477 agebat,
2916 416 3287 468 Ostensurum,
3322 418 3420 473 per

1822 517 1988 572 quam
2027 502 2238 556 reditus
2287 502 2447 555 nobis
2490 502 2542 554 in
2576 502 2773 556 caelum
2808 510 3033 569 pateret.
3066 496 3419 552 Dzemonibus

1820 612 1952 651 vero
1985 596 2038 649 in
2073 596 2384 665 exemplum
2420 594 2682 666 propositi
2715 604 2843 649 sunt
2873 593 3081 649 similes
3114 592 3223 645 illis
3253 605 3420 658 ange-

1822 691 2004 745 lorum
2038 689 2285 752 ordines,
2314 690 2601 758 pristinam
2635 688 2823 743 sedem
2853 697 3086 749 tuentes,
3112 697 3276 755 atque
3311 684 3419 737 illis

1823 784 1991 853 ipsis,
2032 798 2154 853 quae
2199 794 2402 853 agunt,
2456 783 2602 836 viam
2654 781 2720 836 ad
2768 780 3077 835 bcatitatem
3130 793 3417 835 common—

1821 886 2081 931 strantes.
2120 876 2200 931 Illi
2256 891 2422 941 vero,
2474 885 2655 929 mente
2700 874 2915 937 aversi,
2964 887 3064 927 nec
3114 879 3420 941 sequuntur

1823 968 1947 1023 illos
1970 1010 1983 1033 ,
2028 983 2129 1023 nec
2160 967 2227 1021 ad
2273 968 2495 1021 eosdem
2532 973 2949 1019 convertuntur.
3003 962 3193 1032 Itaque
3228 977 3419 1030 supcr-

1823 1075 2123 1116 vacaneum
2176 1058 2351 1121 foret,
2401 1058 2447 1114 si
2510 1056 2607 1112 Dei
2651 1066 2846 1110 natura
2898 1056 3044 1110 illam
3096 1054 3417 1124 angelorum

1822 1155 2155 1223 susciperet;
2193 1154 2304 1207 imo
2335 1153 2386 1205 id
2426 1152 2605 1220 ipsum
2642 1166 2860 1219 poenam
2898 1148 3277 1203 imminentem
3307 1160 3416 1197 ma-

1818 1246 1993 1316 jorem
2040 1255 2097 1301 et
2146 1246 2478 1315 graviorem,
2533 1244 2799 1314 siquidem
2852 1243 2978 1297 talis
3029 1241 3147 1295 dari
3202 1246 3421 1307 potest,

1823 1340 2093 1394 redderet.
2126 1338 2281 1403 Quod
2319 1338 2365 1393 si
2402 1348 2665 1407 praeterea
2703 1334 2938 1390 Verbum
2974 1333 3295 1402 angelorum
3328 1347 3424 1385 na-

1823 1444 2001 1487 turam
2027 1446 2312 1487 assumere
2340 1446 2583 1501 unquam
2612 1429 2894 1493 voluisset,
2921 1426 3199 1497 quomodo
3226 1425 3278 1479 id
3303 1423 3424 1478 sine

1822 1526 2191 1581 intercedente
2239 1534 2398 1594 partu
2447 1525 2632 1592 aliquo
2666 1522 2779 1577 fieri
2820 1519 3127 1591 potuisset?
3158 1517 3215 1573 Si
3255 1530 3424 1595 porro

1825 1626 2033 1672 tantum
2066 1632 2165 1686 per
2197 1615 2699 1686 appropriationem
2742 1614 2980 1683 aliquant
3015 1619 3070 1666 et
3094 1612 3418 1665 relationem

149 1703 428 1755 ἀναλαϐεῖν
477 1704 569 1755 τὸν
601 1704 773 1770 Λόγον
820 1699 916 1753 τοῦ
948 1699 1107 1765 Θεοῦ,
1140 1701 1278 1754 ἀλλά
1297 1718 1421 1754 τινα
1438 1702 1528 1754 τὸν
1595 1702 1715 1755 καθ’

1844 1708 2087 1761 noralem
2120 1706 2358 1761 Verbum
2394 1706 2528 1760 illud
2559 1721 2619 1762 se
2649 1721 2774 1760 cum
2799 1704 3143 1760 daemonibus
3175 1718 3423 1756 comnm-

148 1794 497 1848 ἓκαστον.⁹“ον
534 1795 578 1848 δ’
610 1793 675 1847 ἂν
706 1793 917 1860 ἐλαϐεν,
951 1794 1112 1864 μόνον
1147 1795 1355 1847 ἐκεῖνον
1377 1792 1443 1847 ἂν
1458 1795 1553 1849 καὶ
1581 1794 1719 1847 ἔσω·-

149 1885 250 1950 ζεν.
276 1887 439 1939 Ὥστε
500 1887 818 1940 συνέϐαινεν
848 1886 914 1939 ἂν
966 1885 1131 1939 αὐτὸν
1158 1887 1423 1956 μυριάκις
1474 1887 1720 1956 ἀγγέλων

146 1978 308 2049 ἄτομα
336 1980 447 2049 (42)
491 1979 837 2032 ὑποδύεσθαι.
872 1978 1090 2032 Μᾶλλον
1130 1978 1187 2032 δὲ
1219 1980 1447 2044 ἁνίλεως
1480 1981 1566 2051 εἴη
1610 1981 1719 2052 (i5)

146 2068 481 2137 δαιμόνων,οἳ
506 2072 686 2141 πάσης
707 2070 909 2132 κακίας
927 2070 1156 2133 ἑαυτοὺς
1178 2070 1470 2137 ἀπέδειξαν
1488 2071 1717 2143 ὄργανα.

1823 1800 2078 1865 nicasset,
2137 1799 2212 1853 illi
2262 1799 2345 1852 vel
2394 1798 2474 1853 sic
2518 1798 2587 1851 ab
2630 1813 2695 1853 eo
2738 1797 2973 1866 sejuncti
3011 1796 3264 1850 fuissent.
3303 1793 3421 1859 Qua

1821 1908 1984 1963 porro
2032 1893 2099 1946 de
2147 1907 2315 1946 causa
2366 1890 2600 1945 Verbum
2654 1889 2837 1958 lapsos
2880 1888 3003 1942 illos
3042 1886 3147 1942 sibi
3180 1886 3418 1939 maxime

1820 1984 2267 2056 appropriassct?
2295 1983 2352 2037 Si
2390 1982 2594 2038 dixeris
2628 2003 2640 2037 :
2684 1981 2739 2034 In
2766 1981 2999 2051 gratiam
3054 1978 3295 2042 illorum,
3326 1976 3423 2045 qui

1824 2079 2116 2130 stationem
2165 2089 2321 2129 suam
2360 2073 2736 2133 retinuerant,
2796 2068 2926 2139 quid
2968 2066 3094 2121 inde
3148 2065 3423 2121 commodi

148 2164 206 2215 ad
233 2162 405 2230 lapsos
436 2161 809 2232 pervenisset?
844 2161 956 2216 Illis
987 2162 1131 2215 enim
1161 2163 1387 2217 meliore
1413 2165 1726 2223 conditione
1768 2170 1976 2240 pridem
2007 2169 2333 2231 fruentibus,
2362 2166 2642 2221 d:emones
2671 2165 2817 2220 vices
2881 2179 3011 2225 suas
3068 2161 3421 2215 miserantur.

148 2253 198 2305 Si
227 2268 347 2306 vero
372 2255 424 2307 in
464 2255 693 2324 gratiam
732 2255 1040 2325 lapsorum;
1079 2258 1358 2325 quomodo
1392 2257 1446 2311 id
1475 2257 1558 2314 fas
1616 2261 1851 2317 fuisset?
1916 2261 2109 2317 Nonne
2175 2262 2357 2332 potius
2422 2259 2473 2312 id
2529 2260 2734 2313 factum
2773 2267 2940 2321 esset,
3007 2254 3155 2325 quod
3220 2251 3425 2306 Paulus

151 2352 420 2401 aversatur
464 2367 475 2402 :
528 2367 544 2399 ι
589 2345 881 2403 Faciamus
918 2349 1057 2402 mala
1104 2350 1146 2401 ⁸.
1188 2367 1221 2399 »ν
1263 2351 1491 2414 Quando
1538 2353 1775 2423 denique
1815 2364 2006 2424 partus
2048 2355 2310 2423 angelicis
2355 2352 2527 2422 copiis
2581 2351 2789 2405 mederi
2845 2358 2901 2404 et
2936 2364 3040 2402 usu
3081 2347 3272 2401 venire
3311 2362 3422 2400 non

148 2440 332 2504 potuit,
380 2455 487 2493 nec
523 2450 775 2494 naturam
818 2442 1141 2510 angelorum
1179 2438 1418 2495 Verbum
1458 2444 1550 2498 Dei
1581 2461 1883 2513 assumere,
1921 2448 2015 2502 sed
2088 2463 2261 2501 unum
2329 2447 2566 2514 aliquem
2604 2459 2819 2508 eorum,
2883 2446 3080 2511 potuit.
3113 2440 3429 2506 Quemcun-

148 2544 245 2599 que
273 2546 399 2587 vero
428 2548 624 2587 eorum
696 2532 1111 2603 assumpsisset,
1156 2534 1310 2589 illum
1382 2553 1551 2590 llllllm
1625 2540 1911 2595 salvasset.
1970 2540 2045 2594 Ita
2104 2555 2233 2593 vero
2294 2538 2543 2591 futurum
2601 2548 2758 2600 erat,
2827 2544 2887 2590 ut
2944 2534 3037 2587 illa
3103 2532 3424 2602 angelorum

149 2620 489 2677 iinlivisibilia
527 2625 727 2678 millies
780 2626 1105 2692 susciperet.
1145 2624 1335 2681 Satius
1382 2629 1564 2698 itaque
1599 2639 1739 2694 erat,
1783 2631 2095 2687 daemonum
2128 2648 2234 2685 non
2271 2631 2559 2696 misereri,
2612 2630 2704 2699 qui
2758 2644 2817 2683 se
2866 2627 3016 2697 ipsos
3056 2627 3240 2681 omnis
3302 2640 3429 2694 pra-

148 2717 314 2771 vitatis
339 2718 704 2771 instrumenta
732 2717 1130 2787 przestitissent.

654 2813 988 2865 ΕΡΩΤΗΣΙΣ
1020 2815 1199 2867 ΣΜΕ’.

150 2907 298 2958 Arari
317 2906 729 2973 διδασκόμεθα
755 2907 1211 2960 ὑποτάσσεσθαι
1244 2905 1321 2971 τῷ
1358 2906 1597 2976 Σατανᾷ
1626 2909 1724 2962 καὶ

415 2976 562 3043 οὐχὶ
594 2976 717 3040 τοῖς
736 2978 1024 3044 πονηροῖς
1046 2977 1376 3045 ἀνθρώποις
1404 2996 1421 3038 ,'

1829 2814 2162 2883 QUIESTIO
2175 2813 2303 2869 CCX
2315 2812 2399 2865 LV
2416 2811 2602 2884 [CoisL
2628 2805 2957 2863 Tanr.XCII.
2970 2806 3113 2860 Maio
3126 2804 3259 2860 CCX
3270 2802 3427 2877 LIV].

1835 2910 2015 2975 Quare
2070 2909 2410 2976 pra’cipialur
2458 2903 2615 2976 nobis,
2658 2901 2984 2976 renuntiatio
3018 2898 3259 2963 Satanae,
3321 2913 3428 2951 non

2253 2987 2430 3029 autent
2471 2975 2645 3042 pravis
2686 2974 3009 3024 hominibus.

788 3072 927 3120 Edita
951 3088 976 3121 a
1004 3072 1130 3121 Maio
1163 3073 1314 3135 (Nov.
1351 3073 1472 3123 Coll.
1498 3081 1533 3123 t.
1575 3074 1653 3133 IX,
1679 3089 1724 3137 p.
1759 3075 1885 3137 III).
1920 3103 1981 3113 —
2004 3077 2079 3125 De
2108 3072 2537 3123 abrenuntiatione
2569 3068 2764 3117 diaboli.

224 3159 676 3229 ’Δποτασσόμεοα
711 3159 788 3229 τῷ
814 3160 1026 3228 Σατανᾷ
1049 3160 1147 3212 καὶ
1174 3164 1285 3224 τοῖς
1317 3162 1502 3231 ἔργοις
1537 3164 1724 3223 αὐτοῦ.

1904 3165 2123 3218 Satanan
2148 3173 2201 3216 et
2253 3161 2513 3230 operibus
2547 3159 2689 3226 ejus,
2719 3169 2831 3208 non
2874 3163 3061 3208 autem
3105 3152 3290 3224 pravis
3326 3153 3429 3209 bo-

150 3255 234 3305 καὶ
260 3254 377 3321 οὐχ).
396 3254 517 3315 τοῖς
542 3254 801 3321 πονηροῖς
843 3251 1177 3322 ἀνθρώποις,
1229 3253 1447 3322 πρῶτον
1493 3254 1594 3320 μὲν
1640 3256 1728 3308 ἶνα

153 3345 220 3415 μὴ
252 3344 534 3415 ἀφορμὰς,
561 3345 609 3396 εί
634 3346 728 3396 καὶ
762 3345 835 3413 μὴ
859 3344 1139 3412 εὐλόγους,
1161 3346 1226 3396 ἐκ
1249 3345 1454 3416 ταύτης
1475 3345 1731 3416 λάὸωμεν

149 3438 237 3508 τῆς
266 3437 577 3507 ἀπωαγῆς,
618 3440 798 3506 μισεῖν
829 3437 920 3491 καὶ
952 3438 1396 3507 ἀποστρέφεσθαι
1428 3439 1523 3492 καὶ
1546 3438 1734 3509 ἐκτρέ-

151 3534 339 3586 πεσθαι
368 3533 473 3585 καὶ
506 3529 917 3584 ἁποτάσσεσοαι
941 3530 1003 3582 τὸ
1027 3531 1319 3601 ὁμόφυλον.
1345 3531 1611 3601 Δεύτερον
1651 3532 1731 3593 δὲ,

152 3625 195 3676 εί
250 3622 689 3693 ἀπετασσόμεθα
743 3623 858 3685 τοῖς
918 3626 1177 3692 πονηροῖς
1240 3622 1572 3693 ἀνθρώποις,
1636 3624 1735 3692 οὐχ

150 3718 304 3783 ἡμεῖς
334 3717 389 3769 δὲ
418 3716 558 3767 ἀλλὰ
580 3716 678 3767 καὶ
710 3713 817 3785 πρὸ
846 3714 1003 3783 ἡμῶν
1035 3715 1083 3766 οί
1115 3714 1433 3768 διδάσκαλοι
1475 3715 1569 3768 καὶ
1599 3715 1735 3767 ἁπό-

153 3806 339 3868 στολοι,
379 3805 473 3867 τίς
515 3805 582 3858 ἂν
630 3804 740 3856 τῶν
779 3803 1124 3873 ἁμαρτωλῶν
1156 3804 1450 3867 ἐσέσωστο,
1502 3805 1602 3873 τῆς
1635 3805 1737 3872 μὲν

152 3897 438 3968 ἀποταγῆς
486 3900 586 3968 τὴν
626 3896 981 3967 ἀποστροφὴν
1021 3897 1351 3968 τικτούσης,
1403 3898 1504 3967 τῆς
1538 3898 1597 3950 δὲ
1638 3896 1736 3967 τὴν

153 3988 473 4059 παραίνεσιν
500 3988 592 4041 καὶ
630 3986 980 4041 διδασκαλίαν
1012 3987 1467 4058 συναναιρούσης,
1570 3987 1664 4040 καὶ
1701 3990 1735 4057 ἡ

155 4080 460 4153 ἐπιστροφὴ
480 4081 575 4133 καὶ
608 4083 640 4151 ἡ
674 4080 1015 4150 μεταμέλεια
1052 4083 1495 4153 συναναιρεῖται;
1522 4078 1592 4149 γ’.
1627 4080 1739 4134 Καὶ⁸

154 4170 229 4235 τίς
250 4172 313 4226 ἂν
330 4177 544 4237 ἐκεῖνος
557 4176 584 4227 ό
606 4174 805 4242 λέγων,
824 4173 1234 4241 Ἀποτάσσομαι
1255 4175 1369 4235 τοῖς
1395 4170 1739 4242 ἁμαρτωλοῖς

154 4263 473 4337 ἣπονηροῖς
542 4264 885 4335 ἁνθρῶποις;
938 4267 986 4317 εἰ
1033 4265 1132 4332 μὲν
1180 4263 1333 4332 λέγοι
1387 4263 1582 4316 ἑαυτὸν
1628 4263 1738 4314 τῶν

153 4357 519 4429 ἁμαρτωλῶν,
553 4358 734 4428 ἐαυτῷ
774 4360 838 4411 ἂν
879 4358 1218 4410 ἁπετάττετο
1257 4373 1271 4387 °
1308 4358 1358 4409 εί
1401 4356 1459 4410 δὲ
1512 4355 1621 4408 τῶν
1654 4355 1735 4407 δι-

155 4450 341 4513 καίων,
374 4452 468 4505 ἵνα
494 4451 663 4505 τᾶλλα
688 4453 856 4517 ἐάσω,
905 4450 1023 4504 ἀλλ’
1044 4451 1102 4501 ἐν
1120 4448 1300 4519 καιρῷ
1320 4449 1419 4518 τῆς
1444 4448 1738 4518 μετανοίας

155 4543 245 4594 καὶ
302 4543 605 4612 σωτηρίας,
666 4542 939 4612 βάραθρον
987 4540 1166 4611 ἐαυτῷ
1219 4541 1598 4611 μεγαλαυχίας
1644 4534 1808 4593 xa‘tC

156 4634 491 4703 φαρισαῐκῆς
524 4635 798 4698 ἀπωλείας
843 4632 1126 4704 διώρυττε.
1152 4634 1216 4687 δ’.
1251 4634 1363 4703 Οὐχ
1390 4636 1418 4686 ό
1453 4632 1742 4702 ἄνθρωπος

155 4726 246 4779 ἀπ’
276 4716 475 4799 ἀρχῆς,
505 4728 619 4782 ἀλλ’
647 4731 675 4782 ό
701 4727 938 4798 πονηρὸς
956 4727 1226 4797 ἠπάτησε.
1253 4725 1314 4780 ε’.
1344 4726 1404 4780 '0
1438 4726 1535 4796 μὲν
1567 4726 1743 4779 Σατα-

156 4822 250 4883 νᾶς
280 4822 380 4891 τὴν
414 4814 617 4874 κακίαν
650 4820 798 4873 ἐστὶν
829 4818 1230 4889 ἀμετάϐλητος.
1262 4816 1338 4884 ς’.
1386 4816 1476 4871 Ἐν
1504 4819 1570 4886 τῇ
1603 4817 1743 4870 ἁπο-

1836 3259 2077 3313 Ininibns
2118 3254 2524 3312 renuntiamus,
2569 3250 2749 3319 primo
2766 3246 3019 3317 quidem,
3057 3261 3127 3301 ne
3157 3247 3428 3301 molivum

1833 3349 2085 3421 quamvis
2108 3363 2217 3401 non
2253 3344 2602 3407 rationabile,
2635 3356 2703 3395 ex
2735 3341 2841 3395 ista
2880 3339 3289 3394 renuntiatione
3332 3354 3431 3394 su-

1837 3456 2090 3501 mamus,
2148 3435 2488 3491 confratrnm
2568 3433 2695 3488 odio
2765 3429 3273 3501 persequendorum
3344 3428 3433 3483 vel

1835 3534 2209 3598 vitandorum,
2240 3530 2328 3584 vel
2362 3527 2827 3597 repellendorum,
2858 3524 2944 3578 vel
2976 3523 3427 3593 rejiciendoruni.

1839 3626 2092 3681 Secundo
2119 3633 2326 3683 autem,
2350 3622 2395 3676 si
2420 3619 2866 3673 renuntiaremus
2889 3617 3073 3686 pravis
3092 3616 3430 3677 hominibus,

1839 3734 1941 3774 nec
1986 3732 2109 3779 nos,
2159 3731 2258 3769 nec
2297 3723 2424 3768 ante
2475 3728 2575 3766 nos
2625 3709 2874 3781 magistri
2913 3719 2968 3763 et
3015 3708 3271 3778 apostoli,
3307 3709 3437 3775 quis

1841 3821 2193 3879 peccatorum
2234 3807 2481 3860 salvatus
2504 3802 2738 3858 fuisset?
2765 3799 3175 3856 renuntiatione
3204 3800 3427 3869 quidem

1841 3902 2184 3955 aversionem
2231 3899 2589 3968 producente,
2650 3895 2746 3949 sed
2806 3902 2862 3947 et
2903 3891 3343 3947 exhortationem
3377 3902 3437 3944 et

1840 3993 2264 4048 instructionem
2319 3991 2627 4053 destruent,
2674 3995 2731 4041 et
2775 3987 2855 4041 ita
2903 3985 3327 4040 conversionem
3377 3994 3433 4037 et

1842 4084 2216 4156 paenitentiam
2256 4083 2497 4137 tollente.
2537 4081 2744 4143 Tertio,
2796 4087 2851 4133 et
2879 4077 3004 4147 quis
3031 4085 3115 4132 est
3150 4076 3241 4145 qui
3285 4075 3434 4129 dicat

1842 4178 2100 4234 renuntio
2155 4176 2556 4247 peccatoribus,
2606 4172 2691 4228 vel
2737 4173 2918 4241 pravis
2965 4168 3324 4224 hominibus?
3383 4169 3434 4221 si

1843 4273 2087 4342 seipsum
2136 4271 2271 4324 dicit
2318 4270 2461 4323 inter
2511 4275 2848 4335 peccatores,
2903 4280 3084 4318 nonne
3127 4264 3308 4332 seipso
3340 4278 3432 4315 re-

1844 4363 2153 4420 nuntiabit?
2183 4362 2229 4417 si
2258 4376 2391 4415 vero
2443 4360 2584 4413 inter
2614 4359 2815 4428 justus,
2848 4373 2915 4409 ne
2951 4356 3105 4425 plura
3137 4353 3337 4420 dicam,
3377 4353 3435 4407 in

1847 4469 2091 4528 tempore
2120 4452 2457 4526 paenitentia:
2490 4462 2544 4506 et
2573 4450 2793 4513 salutis,
2835 4447 3105 4517 superbia:
3140 4455 3195 4501 et
3239 4449 3430 4515 phari-

1844 4552 2009 4606 saicze
2048 4546 2374 4618 perditionis
2405 4542 2675 4614 gurgitem
2728 4540 2832 4594 sibi
2880 4536 3164 4591 elfodiret.
3200 4533 3434 4601 Quarto,

1843 4658 1952 4697 non
1988 4644 2152 4695 homo
2178 4655 2207 4693 a
2238 4637 2529 4708 principio,
2566 4636 2658 4690 sed
2694 4632 2925 4687 Satanas
2947 4629 3182 4699 decepit.
3203 4628 3435 4694 Quinto,

1844 4736 2078 4790 Satanas
2109 4732 2329 4802 quidem
2366 4731 2419 4783 in
2451 4728 2598 4782 man
2631 4735 2718 4781 est
2741 4723 3111 4779 invariabilis.
3146 4720 3334 4783 Sesto,
3372 4719 3434 4773 In

1844 4830 2262 4886 restuntiatione
2318 4826 2536 4879 Satanae
2605 4821 2902 4893 operibus,
2961 4828 3016 4873 et
3091 4830 3438 4887 quaecunque

156 4915 294 4982 ταγῇ
323 4912 433 4965 τῶν
456 4912 547 4964 τοῦ
581 4912 799 4965 Σατανᾶ
840 4910 1016 4980 ἔργων
1043 4911 1136 4963 καὶ
1161 4911 1261 4962 ὅσα
1290 4908 1581 4979 ἄνθρωπος
1607 4909 1728 4979 πρά-

1847 4923 1974 4978 l'acit
2015 4924 2202 4986 homo,
2246 4919 2516 4990 siquidem
2564 4916 2691 4969 hinc
2735 4913 2967 4967 fallacia:
3006 4925 3218 4975 semen,
3256 4908 3439 4963 conti-

158 5002 258 5069 ξει,
296 5005 420 5057 ἐπεὶ
441 5004 652 5057 ἐκεῖθεν
683 5006 746 5057 ἐκ
769 5007 866 5075 τῆς
890 5004 1105 5073 ἀπάτης
1134 5003 1194 5054 τὸ
1225 5002 1470 5071 σπέρμα,
1508 5002 1565 5053 ὲν
1593 4999 1739 5052 ὲκεί-

159 5110 269 5158 νοις
304 5097 621 5169 περιέχεται
654 5112 666 5126 ’
700 5098 779 5159 εὶς
805 5112 913 5166 γάρ
947 5093 1155 5147 ἐκεῖνον
1183 5093 1540 5164 ἀναφέρεται.

1851 5026 2072 5071 nentur.
2097 5014 2156 5068 In
2186 5014 2341 5067 illum
2374 5012 2521 5066 enim
2555 5008 2884 5064 relationem
2923 5004 3144 5059 habent.

1666 5180 1895 5239 ΝΟΤᾸΕ.

232 5280 345 5349 (58)
379 5280 473 5334 Sic
496 5281 679 5335 scribo
722 5296 839 5350 pro,
873 5282 1194 5351 ὑπέρχεται.

232 5352 347 5419 (59)
380 5351 455 5423 Ita
481 5352 639 5406 Colb.
668 5369 765 5420 pro
796 5354 892 5404 καὶ
922 5354 1262 5423 ἐρράγησαν.

231 5424 345 5495 (40)
374 5421 536 5495 ᾲΤ-ίνος
566 5423 760 5495 scripsi
790 5438 887 5495 pro
926 5420 1092 5495 τινός.
1124 5420 1248 5495 Sed
1294 5420 1378 5475 vel
1421 5421 1500 5475 sic.
1541 5433 1738 5474 sensus

162 5489 297 5557 bia't,
326 5489 436 5545 nisi
469 5489 907 5546 subintellexeris
945 5494 1128 5562 χάριν,
1167 5493 1251 5545 vel
1290 5499 1739 5562 sequelttetn_vn-

162 5576 281 5615 cem
312 5564 684 5615 πεπτωκότων
712 5578 836 5615 cum
870 5559 1242 5630 ἱΙΙιιάξγγέλων
1276 5559 1570 5632 permutes.
1617 5559 1737 5612 Mox

157 5633 518 5705 enim_angeli
547 5636 598 5687 in
629 5632 871 5705 ἑστῶτας
909 5642 962 5705 et
994 5634 1742 5705 πεπτωκόταςόίειὶιιεμιιιιυ

156 5711 262 5757 tur.
298 5702 379 5756 Ita
420 5700 559 5759 'vero
591 5704 875 5774 legendum
919 5702 1083 5758 fuerit
1115 5704 1261 5766 τίνος
1307 5702 1413 5756 τῶν
1457 5700 1739 5769 ἁγγέλων;

1844 5289 1996 5345 queat
2014 5267 2346 5345 angelorum
2377 5262 2719 5345 chorumﬂsibj
2756 5258 3157 5345 appropriafset
3180 5256 3205 5308 ?

1919 5342 2029 5414 (41)
2069 5327 2159 5395 Sic
2191 5339 2399 5414 siribo,
2434 5352 2557 5389 cum
2587 5332 2746 5414 (Imb.
2783 5327 2879 5400 pro
2922 5331 3019 5410 μεν
3050 5327 3241 5390 ὅννων,
3268 5337 3437 5391 quam

1846 5402 2135 5470 lectionem
2171 5420 2355 5462 tamen
2389 5408 2440 5460 in
2467 5406 2718 5458 versione
2745 5402 3010 5470 expressi.

1922 5463 2159 5556 '_S_ic
2184 5463 2873 5556 Colb._prou6.tona_,~quod
2904 5475 3011 5556 ειυς
3045 5463 3439 5556 nonqua‘dra‘t.

2067 5535 2305 5624 Noster:
2344 5535 2596 5624 ᾆλλίλιως
2641 5535 2781 5624 εῖδτί.
2810 5541 2975 5624 .nullo
3022 5553 3201 5624 sensu
3234 5535 3439 5588 :Lulb.

1852 5608 2097 5698 ρνὸείδη
2130 5622 2291 5679 habet
2318 5621 2427 5692 εἴη.
2463 5608 2777 5689 Legendum
2810 5614 2988 5681 itaque
3012 5608 3261 5669 άνίλεως.
