3876 6216
507 145 643 211 1051

505 279 836 348 QUAESTIO
874 275 1127 333 CCXLVI
1192 274 1382 349 [CoisL
1425 272 1584 329 c.le
1628 259 1793 327 ταιῑν.
1835 267 2088 341 CLVIII].
2118 255 2166 309 Δ

597 375 773 439 Quare
803 371 1143 441 Confessores
1180 378 1430 424 vocentur
1464 366 1725 422 Samonas
1755 375 1804 418 et
1825 362 2004 417 socii?

1672 140 1943 203 ΡΗΟΤΙΙ
1978 139 2080 199 PX

2183 137 2488 242 .IAI'ICH/E
2512 138 2624 199 CP.
3558 145 3667 212 10θὶ

2700 268 3038 321 sparum:
3086 268 3268 336 ΣΜςν.

2191 357 2354 412 Διατί
2403 360 2765 428 ὁμολογῆται
2796 361 3124 415 καλοῦνται
3151 365 3204 415 ol
3244 362 3364 431 περὶ
3411 366 3674 436 Σαμωνᾶνς

1657 458 1800 508 Edita
1825 470 1853 505 a
1883 457 2007 505 Maio
2029 454 2090 518 (1.
2121 465 2168 501 c.
2193 466 2244 515 p.
2274 450 2380 510 lI5,
2403 465 2453 513 q.
2480 452 2616 512 245).

577 553 938 607 Confessores
967 550 1060 619 qui
1092 557 1220 605 sunt
1251 549 1400 603 circa
1427 547 1653 600 Guriam
1688 554 1958 614 martyres
1982 557 2078 594 vo-

505 657 699 697 cantur
726 658 838 696 non
870 643 1017 705 quod
1048 641 1326 694 Christum
1358 640 1412 693 in
1442 635 1620 691 stadio
1666 632 1906 690 confessi
1945 633 2075 696 sint,

503 735 618 788 haec
648 743 730 788 est
760 734 907 787 enim
935 733 1249 786 communis
1271 731 1513 784 omnium
1558 737 1864 799 martyrum
1907 740 2082 779 aemu-

502 821 653 883 latio,
707 821 801 876 sed
851 821 998 890 quod
1046 819 1477 888 promissionum
1533 832 1673 886 quas
1725 816 1793 871 ad
1851 815 2084 868 invicem

502 915 754 968 homines
785 913 1058 967 habebant
1115 920 1284 965 testes
1324 920 1379 964 et
1434 910 1762 962 mediatores
1796 905 2086 974 assumpti,

498 1022 688 1062 eorum
717 1003 812 1074 qui
848 1004 955 1057 illis
988 1004 1344 1058 considerant
1393 1016 1545 1071 spem
1577 1016 1686 1053 non
1718 999 2084 1068 deceperunt,

509 1109 564 1152 et
627 1099 696 1152 ab
744 1098 857 1153 illis
915 1096 1009 1166 qui
1072 1111 1102 1149 a
1149 1093 1439 1163 promissis
1498 1091 1821 1147 defecerunt
1880 1090 2086 1160 justam

498 1206 723 1261 pinnam
803 1189 1136 1259 expetivere.
1196 1185 1352 1239 Sicut
1409 1199 1541 1254 ergo
1602 1192 1765 1237 testes
1809 1181 1971 1252 rigidi
2026 1187 2082 1234 et

499 1285 870 1339 inexorabiles
902 1280 1334 1352 promissionum
1366 1295 1506 1348 quas
1533 1277 1598 1331 ad
1634 1276 1866 1330 invicem
1912 1274 2082 1328 habe-

499 1376 632 1430 bant
680 1375 932 1428 homines
987 1373 1139 1437 facti,
1193 1371 1391 1425 merito
1428 1368 1810 1424 confessorum
1877 1381 2080 1422 nomen

497 1464 678 1527 sorljti
703 1471 854 1518 sunt.

569 1555 895 1621 QUIESTIO
947 1553 1227 1609 CCXLVII
1275 1552 1465 1625 [CoisL
1523 1551 1688 1605 Taur.
1747 1549 2005 1623 XCVIII].

881 1646 992 1703 Cur
1023 1646 1266 1701 Christus
1292 1648 1438 1700 cruci
1469 1643 1698 1715 aﬁixus?

1644 1735 1788 1784 Edita
1818 1750 1845 1785 a
1878 1735 2004 1786 Maio
2036 1737 2090 1799 (1.
2127 1751 2170 1788 c.

567 1822 921 1893 Cruciligitur
954 1822 1302 1877 incarnatum
1334 1821 1427 1875 Dei
1461 1819 1727 1885 Verbum,
1759 1823 1903 1876 Deus
1937 1823 2071 1890 ipse,
2108 1832 2148 1884 Β

496 1928 560 1972 ut
622 1925 809 1985 aperte
867 1915 1076 1969 diaboli
1135 1913 1461 1982 injustitiam
1523 1914 1850 1984 redarguat,
1914 1924 2082 1981 utque

498 2023 661 2062 suum
700 2021 830 2075 erga
883 2005 1132 2059 homines
1181 2018 1426 2058 amorem
1476 2004 1806 2060 immensum
1851 2004 2082 2058 demon-

497 2107 656 2159 stret,
693 2113 771 2168 ne
818 2096 985 2149 etiam
1035 2093 1192 2149 multi
1222 2094 1511 2148 credentes
1546 2110 1667 2150 sese
1701 2095 1884 2150 dicere
1910 2093 2078 2148 Deum

499 2189 661 2243 facile
689 2204 811 2243 esse
859 2188 1205 2242 occasionem
1237 2187 1366 2241 inde
1394 2197 1618 2241 sumant
1667 2203 1789 2243 sese
1832 2188 1965 2242 deos
2002 2187 2083 2240 fa-

497 2279 680 2333 ciendi
717 2288 773 2332 et
822 2276 1100 2332 funestum
1137 2292 1382 2331 errorem
1425 2277 1739 2343 inducendi,
1779 2287 1946 2348 utque
1974 2278 2082 2333 illis

499 2373 592 2440 qui
637 2370 852 2439 probris
887 2377 943 2423 et
987 2369 1256 2438 angustiis
1301 2379 1356 2422 et
1395 2370 1556 2424 malis
1606 2371 1673 2424 ad
1705 2381 1938 2424 mortem
1980 2370 2083 2423 du—

498 2461 750 2512 eentihus
784 2459 1108 2526 probantur,
1149 2459 1504 2526 semetipsum
1537 2460 1815 2529 patientiae
1843 2471 1897 2515 et
1927 2460 2081 2514 forti-

500 2550 706 2604 tudinis
733 2550 1044 2615 exemplum
1081 2564 1412 2619 proponens,
1448 2552 1676 2605 viriliter
1707 2563 1761 2606 et
1801 2561 2080 2623 gratanter

498 2641 803 2695 accidentia
852 2640 995 2695 ferre
1029 2651 1317 2710 praeparet.
1369 2641 1438 2696 Ut
1484 2643 1647 2696 etiam
1681 2644 2079 2714 omnipotentia

497 2733 716 2786 virtutis
763 2747 878 2786 suae
909 2733 1085 2801 magis
1135 2733 1193 2786 in
1226 2734 1402 2787 lucem
1438 2735 1666 2804 prodeat
1698 2755 1712 2788 ;
1748 2733 1810 2788 Vi
1845 2739 1992 2790 enim
2024 2745 2080 2791 et

497 2824 753 2879 manibus
796 2834 852 2878 et
895 2826 1066 2879 armis
1119 2833 1174 2879 et
1224 2825 1422 2895 pugnis
1465 2828 1843 2883 adversarium
1885 2831 2078 2900 (supe-

498 2915 662 2984 rare),
707 2915 980 2970 laudabile
1007 2917 1225 2986 quidem
1276 2926 1379 2982 est,
1421 2919 1517 2972 sed
1556 2920 1610 2972 in
1658 2921 1850 2974 ordine
1895 2937 2076 2976 rerum

497 3010 905 3062 ordiuariarum
954 3020 1057 3074 est,
1116 3025 1218 3065 nec
1263 3011 1436 3064 ullum
1490 3011 1690 3065 divina:
1737 3013 2076 3082 operationis

496 3102 714 3172 signum
750 3088 978 3156 revelat.
1022 3101 1128 3157 Sed
1172 3112 1350 3157 morte
1380 3113 1612 3157 mortem
1640 3105 1811 3174 ipsam
1855 3114 1908 3160 et
1940 3105 2100 3162 infe-.

496 3209 591 3248 ros
622 3202 678 3247 et
705 3193 986 3248 diabolum
1017 3201 1073 3248 et
1101 3196 1440 3264 principatus
1467 3208 1524 3250 et
1553 3205 1846 3265 potestates
1886 3197 2074 3251 mundi
2104 3183 2146 3240 C

495 3284 806 3338 annihilare
839 3293 894 3339 et
927 3287 1171 3352 vincere,
1203 3287 1308 3342 hoc
1337 3298 1424 3342 est
1466 3289 1587 3343 sine
1616 3290 1784 3343 dubio
1822 3289 2078 3358 omnipo-

499 3378 683 3430 Ieutia:
709 3377 908 3431 divinae
944 3394 1066 3446 qua:
1096 3393 1317 3433 omnem
1351 3395 1573 3434 sensum
1613 3391 1667 3435 et
1711 3390 1948 3435 mentem
1979 3397 2077 3436 su-

494 3477 667 3536 perat.
701 3469 879 3537 thue
905 3471 1280 3538 magnitudine
1312 3471 1583 3525 bonorum
1617 3472 1670 3524 in
1700 3488 1800 3526 nos
1826 3472 2068 3542 imperti-

497 3569 675 3610 torum
734 3559 1016 3624 exhibita,
1069 3563 1340 3616 debitores
1397 3577 1496 3617 nos
1558 3564 1680 3632 puri
1734 3579 1861 3633 erga
1920 3564 2073 3618 illum

493 3653 722 3713 amoris,
753 3661 809 3705 et
837 3653 957 3705 vita:
984 3653 1287 3707 secundum
1312 3654 1486 3723 ipsius
1513 3655 1657 3724 leges
1679 3657 2078 3712 constituendae

493 3741 681 3796 faciat.
731 3741 811 3795 Ex
843 3745 1048 3813 quibus
1080 3745 1392 3821 lucrutnad
1424 3761 1526 3800 nos
1557 3746 1710 3815 ipsos
1755 3747 2075 3811 revertitur,

494 3834 669 3902 regni,
713 3834 766 3888 id
803 3849 913 3902 est,
964 3837 1280 3903 hacreditas,
1331 3847 1387 3892 et
1415 3837 1471 3892 in
1520 3838 1891 3894 ineliabilihus
1921 3838 2078 3908 quies

492 3939 547 3978 et
573 3930 843 3995 voluptas.

599 4109 925 4176 ρυΑεδΤιο
970 4109 1269 4166 CCXLVIII
1325 4109 1525 4183 [CoisL
1570 4110 1734 4167 Taur.
1779 4111 1964 4177 XCIX,

978 4204 1122 4258 Maio
1151 4202 1446 4275 CCXLVIII
1494 4205 1592 4272 (Ι).

2270 536 2637 606 Ὀμολογηταὶ
2657 535 2701 588 δ’
2743 536 2810 589 ἂν
2843 537 2893 588 οἱ
2928 535 3059 607 περὶ
3098 536 3314 607 Γουρίαν
3352 538 3584 611 μάρτυρες
3603 560 3678 599 κα.

2185 626 2379 692 λοῖντο,
2416 625 2517 696 οὐχ
2563 627 2644 678 ὃτι
2679 626 2769 677 τὸν
2815 626 3050 696 Χριστὸν
3102 628 3159 678 ἐν
3189 625 3373 696 σταδίῳ
3412 627 3679 703 διωμολογή.

2187 737 2350 774 σαντο
2373 737 2387 752 ·
2415 718 2593 772 κοινὸν
2626 719 2735 789 γὰρ
2751 717 3039 787 ἀγώνισμα
3065 717 3222 771 τοῦτο
3245 718 3440 772 πάντων
3460 721 3554 772 τῶν
3572 739 3678 791 μαρ.

2183 814 2362 884 τύρων
2387 827 2403 842 °
2450 810 2564 865 ἀλλ’
2594 812 2676 864 ὅτι
2723 811 2832 863 τῶν
2870 811 3172 880 ὁμολογιῶν
3209 811 3271 873 ἃς
3301 811 3424 880 πρὸς
3473 812 3677 882 ἀλλήλους

2182 907 2458 978 ἄνθρωποι
2485 905 2723 959 τίθενται
2757 907 2990 959 ἐπόπται
3009 906 3104 959 καὶ
3137 908 3341 974 μεσῖται
3367 907 3679 976 παραληφθέν-

2183 1017 2296 1063 τες,
2355 997 2480 1051 οὔτε
2524 999 2633 1052 τῶν
2686 1000 3129 1053 πεπιστευκότων
3162 999 3335 1060 αὐτοῖς
3373 998 3464 1060 τὰς
3511 999 3680 1063 ἐλπίδας

2184 1091 2502 1161 ἐψεύσαντο,
2531 1093 2624 1144 καὶ
2665 1095 2795 1156 τοὺς
2834 1092 3208 1162 ἀθετήσαντας
3244 1093 3309 1143 τὰ
3329 1091 3679 1160 ὁμολογηθέντα,

2186 1184 2284 1256 τὴν
2321 1183 2535 1237 δικαίαν
2563 1183 2719 1255 δίκην
2750 1185 3039 1256 ἀπῄτησαν
3073 1185 3167 1245 ’ὡς
3194 1179 3282 1236 οὖν
3301 1183 3509 1236 ἐπόπται
3537 1183 3683 1254 θερμοὶ

2189 1280 2282 1330 καὶ
2315 1277 2681 1346 ἀπαραίτητοι
2715 1276 2823 1330 τῶν
2850 1276 2986 1347 πρὸς
3013 1275 3276 1345 ἀλλήλους
3305 1276 3410 1336 τοῖς
3438 1274 3684 1345 ἀνθρώποις

2187 1369 2486 1438 ὁμολογιῶν
2511 1371 2898 1439 γεγενημένοι,
2930 1368 3156 1431 εἰκότως
3177 1368 3273 1438 τὴν
3291 1366 3394 1419 τῶν
3405 1366 3683 1436 ὁμολογητών

2188 1463 2484 1534 ὀνομασίαν
2511 1462 2970 1533 διεκληρώσαντο.

2698 1554 3035 1608 ΕΡΩΤΗΣΙΣ
3065 1554 3240 1609 ΣΜΖ’.

2503 1646 2666 1699 Διατί
2705 1645 3070 1714 σταυροῦται
3102 1649 3134 1699 ό
3159 1646 3438 1714 Χριστόςῖ

2195 1752 2246 1802 p.
2281 1737 2390 1795 115,
2416 1753 2466 1802 q.
2495 1737 2629 1801 246).

2247 1822 2582 1892 Σταυροῦται
2617 1822 2926 1892 σαρκωθεὶς
2949 1823 2977 1875 ό
2999 1821 3092 1874 τοῦ
3131 1819 3264 1875 Θεοῦ
3293 1821 3454 1890 Λόγος
3473 1822 3555 1874 καὶ
3574 1820 3688 1885 Sabe.

2183 1915 2271 1968 ἵνα
2302 1915 2569 1985 λαμπρῶς
2603 1913 2892 1968 ἀδικοῦντα
2935 1915 3186 1988 διελέγξῃ
3217 1915 3309 1968 τὸν
3343 1915 3597 1982 διάϐολον,
3623 1919 3688 1968 καὶ

2183 2008 2270 2060 ἵνα
2301 2005 2361 2058 τὺ
2387 2007 2525 2076 πρὸς
2557 2007 2884 2078 ἀνθρώπους
2911 2007 3140 2077 φίλτρον
3175 2009 3491 2079 παραστήσῃ
3508 2009 3688 2078 ἀνυπέρ-

2181 2097 2396 2168 ϐλητον,
2441 2099 2532 2150 καὶ
2565 2097 2650 2151 ἵνα
2688 2097 2762 2168 μὴ
2808 2097 2967 2164 δόξαν
3009 2098 3238 2168 εὐχερὲς
3274 2098 3334 2152 τὸ
3373 2098 3540 2162 λέγειν
3572 2098 3688 2150 αὐτὸν

2180 2185 2320 2244 εἶναι
2338 2191 2489 2252 Θεὸν,
2508 2189 2722 2250 πολλοῖς
2744 2189 2968 2260 ἀφορμὴ
3003 2189 3323 2261 κατασταθῇ
3342 2191 3579 2243 θεοποιεῖν
3596 2190 3688 2242 lau-

2179 2283 2324 2347 τοὺς,
2343 2283 2435 2338 καὶ
2453 2285 2662 2354 πλάνην
2682 2283 2974 2351 καταργῶν
2991 2281 3203 2354 πλάνην
3216 2283 3472 2353 εἰσαγάγῃ
3487 2282 3689 2351 ὀλέθριον·

2180 2377 2272 2428 καὶ
2293 2377 2378 2429 ἵνα
2403 2378 2515 2438 τοῖς
2534 2378 2590 2428 ἐν
2613 2376 2898 2445 ἐπηρείαις
2921 2375 3018 2428 καὶ
3035 2375 3349 2438 ἐπιϐουλαῖς
3372 2376 3459 2429 καὶ
3477 2375 3692 2428 κακώσεσι

2182 2469 2318 2538 πρὸς
2348 2468 2576 2522 θάνατον
2610 2467 2872 2536 ἀγούσαις
2917 2466 3352 2536 ὲξεταξομένοις,
3382 2468 3556 2521 ἑαυτὸν
3594 2467 3690 2517 ὑπο-

2182 2561 2353 2630 μονῆς
2385 2559 2480 2612 καὶ
2519 2558 2814 2629 καρτερίας
2844 2559 3202 2630 παράδειγμα
3229 2559 3466 2629 προθεὶς,
3490 2555 3690 2625 γενναίως

2180 2651 2368 2720 φέρειν
2388 2651 2482 2703 καὶ
2499 2650 2837 2720 εὐχαρίστως
2857 2652 3258 2723 παρασκευάσῃ
3279 2651 3344 2703 τὰ
3361 2651 3690 2718 συμπίπτοντα·

2178 2745 2274 2797 καὶ
2307 2743 2391 2796 ἵνα
2419 2743 2480 2796 τὸ
2525 2742 2994 2796 πανσθενέστατον
3039 2743 3209 2796 αὑτοῦ
3245 2742 3438 2815 μᾶλλον
3465 2738 3691 2810 φανερώσῃ

2177 2836 2276 2905 τῆς
2332 2835 2617 2905 δυνάμεως
2649 2850 2665 2865 ⁶
2732 2834 2793 2888 τὸ
2843 2835 2943 2904 μὲν
2980 2835 3090 2906 γάρ
3136 2838 3298 2908 ῥώμῃ
3337 2836 3427 2888 καὶ
3466 2833 3587 2904 χειρὶ
3626 2828 3693 2883 καὶ

2178 2927 2361 2992 ὅπλοις
2383 2927 2476 2980 καὶ
2512 2926 2822 2997 συμμάχοις
2851 2925 2942 2978 τὸν
2966 2926 3262 2980 ἀντίπαλον
3283 2968 3298 2992 ,
3329 2923 3580 2977 ἐπαινετὸν
3604 2920 3690 2990 μὲν,

2178 3018 2286 3071 τῶν
2321 3019 2568 3088 συνήθως
2597 3019 2655 3072 δὲ
2691 3019 3193 3089 διαπεπραγμένων
3226 3021 3320 3072 καὶ
3349 3018 3493 3071 οὐδὲν
3531 3014 3692 3078 εἰσάγον

2180 3111 2470 3183 θεουργίας
2490 3111 2766 3182 ἐξαίρετον
2791 3129 2805 3142 ο
2833 3117 2894 3165 τδ
2919 3113 3008 3166 διὰ
3037 3112 3296 3178 Θανάτου,
3330 3111 3483 3164 αὐτόν
3502 3126 3552 3161 τε
3574 3107 3694 3159 θάνε·

2177 3218 2268 3252 τον
2295 3201 2389 3254 καὶ
2431 3201 2566 3272 ᾅδην
2599 3202 2695 3253 καὶ
2739 3201 2986 3255 διάϐολον
3020 3202 3117 3255 καὶ
3163 3203 3262 3266 τὰς
3311 3201 3477 3272 ἀρχάς
3511 3198 3591 3251 καὶ
3626 3197 3695 3256 τις

2177 3291 2426 3356 ἐξουσίας
2459 3291 2554 3345 τοῦ
2589 3293 2798 3364 κόσμου
2829 3295 3185 3364 καταργῆσαι
3213 3311 3272 3346 τε
3312 3296 3406 3347 καὶ
3454 3287 3692 3362 θριαμόεῦ-

2175 3401 2288 3450 σαι,
2310 3383 2470 3438 τοῦτο
2515 3386 2584 3438 ἂν
2620 3385 2707 3455 εἴη
2743 3385 2818 3450 ὼς
2844 3387 3060 3458 ἀληθῶς
3088 3387 3195 3458 τῆς
3221 3387 3362 3456 ὑπὲρ
3399 3385 3513 3439 νοῦν
3539 3380 3694 3436 καὶέν-

2173 3494 2324 3530 νοιαν
2351 3478 2862 3548 παντοκρατορικῆς
2900 3478 3190 3548 δυνάμεως
3216 3477 3312 3532 τοῦ
3335 3477 3464 3531 Θεοῦ
3496 3491 3510 3506 °
3538 3474 3614 3527 Ital
3636 3474 3694 3524 ἰνι

2172 3568 2270 3639 τὴν
2310 3567 2614 3638 ὑπερϐολὴν
2643 3569 2754 3621 τῶν
2792 3571 2874 3632 εἰς
2920 3572 3067 3640 ἡμᾶς
3101 3571 3327 3638 ἀγαθῶν
3369 3566 3696 3631 ἐνδειξάμενος.

2174 3657 2455 3728 χρεώστας
2479 3659 2575 3729 τῆς
2599 3659 2844 3728 καθαρᾶς
2871 3661 3007 3731 πρὸς
3034 3661 3202 3713 αὑτὸν
3223 3661 3440 3727 ἀγάπης
3467 3652 3693 3724 παραστή-

2175 3768 2264 3824 σῃ,
2294 3753 2390 3806 καὶ
2427 3751 2528 3821 τῆς
2557 3751 2698 3804 κατά
2724 3752 2852 3813 τοὺς
2898 3751 3065 3804 αὑτοῦ
3114 3751 3322 3821 νόμους
3351 3747 3596 3808 πολιτείας
3620 3761 3631 3774 ·
3651 3740 3696 3794 δι’

2178 3836 2253 3893 ὧν
2284 3842 2344 3893 τὸ
2372 3841 2563 3910 κέρδος
2596 3843 2678 3904 είς
2721 3843 2871 3911 ἡμᾶς
2913 3842 3111 3905 αὐτοὺς
3158 3835 3696 3910 ἁναστρὲφεται,βασι-

2126 3932 2130 3940 ’
2172 3934 2322 3995 λείας
2346 3935 2481 4005 ἡμῖν
2511 3933 2712 4005 κλῆρος
2748 3933 2828 4002 ὃν,
2856 3935 2952 3988 καὶ
2974 3935 3033 3986 ὲν
3054 3935 3375 4006 ἀδιηγήτοις
3403 3930 3617 3999 διαγωγή
3633 3924 3698 3978 κιῖ

2178 4027 2500 4089 ἀπόλαυσις.

2699 4117 3037 4172 ΕΡΩΤΗΣΙΣ
3059 4117 3243 4172 ΣΜΙΡ.

489 4297 742 4348 Edilarum
763 4311 791 4346 a
816 4297 997 4345 Wolﬁo
1020 4294 1266 4345 tricesima
1303 4301 1512 4368 septima
1539 4298 1678 4358 (Cur.
1705 4294 1917 4407 Phil.
1946 4297 2055 4356 685,
2096 4300 2204 4351 686.
2235 4303 2457 4352 Galland.
2485 4303 2610 4361 XIII,
2646 4303 2756 4358 707,
2783 4302 2880 4365 Il).
2905 4329 2967 4339 —
2987 4305 3245 4363 Quomodo
3282 4299 3564 4353 concilianda
3589 4293 3694 4344 verba

1256 4357 1274 4406 Ι
1312 4361 1422 4406 (.or.
1471 4371 1571 4408 XIV.
1595 4359 1675 4408 ‘22.
1700 4373 1810 4408 cum
1870 4361 2016 4408 'atth.
2043 4376 2110 4408 Ix.
2135 4365 2223 4408 ‘22:
2260 4379 2360 4408 XIII-
2387 4367 2465 4408 58-
2494 4377 2546 4408 et
2572 4363 2816 4408 similibus
2842 4363 2995 4408 locis?

1256 4357 1274 4406 ι
1312 4357 1422 4406 Cor.
1471 4357 1571 4420 xw,
1595 4359 1675 4420 ‘22,
1700 4373 1810 4408 cum

1946 4361 2016 4409 th.
2043 4376 2110 4422 Ix,
2135 4365 2223 4425 ‘22;
2260 4379 2361 4426 xm,
2387 4367 2465 4425 58,
2494 4377 2546 4416 et
2572 4363 2816 4414 similibus
2842 4361 2995 4414 locis?

490 4440 996 4518 Quomodotiictum
1027 4429 1163 4518 illud
1192 4443 1540 4518 apostolicum
1570 4443 1612 4473 ‘°
1643 4460 1656 4496 :
1699 4441 1918 4518 (“Signa
1966 4460 2065 4518 non

2178 4449 2309 4515 Πῶς
2343 4448 2894 4518 συμϐιϐασθήσεται
2922 4451 2985 4502 τὸ
3023 4450 3438 4509 ἀποστολικὸν
3454 4444 3626 4517 ρητὺνς
3647 4439 3692 4492 τδ

559 4512 911 4572 credentibus,
963 4511 1054 4564 sed
1108 4513 1439 4577 incredulis;
1470 4533 1489 4566 ι
1541 4530 1660 4565 cum
1712 4511 2071 4567 illis—Domini

560 4584 794 4637 oraculis
850 4583 1127 4635 conciliari
1175 4585 1444 4650 potest“:
1484 4603 1502 4634 ι
1533 4582 1696 4638 Fides
1736 4597 1829 4638 tua
1867 4585 2076 4638 salvum

564 4665 610 4708 te
644 4657 796 4720 lactt;
831 4673 849 4704 ι
881 4662 976 4706 et:
1009 4672 1028 4704 ι
1058 4651 1184 4705 Non
1217 4663 1424 4720 poterat
1453 4655 1626 4722 facere
1671 4655 1824 4724 signa
1863 4667 2076 4724 propter

565 4725 993 4777 incredulitatem
1036 4739 1258 4795 eorum;
1293 4743 1311 4776 ι
1366 4727 1592 4795 itemque
1648 4729 1780 4792 alia,
1837 4725 2074 4780 eamdem

562 4795 875 4848 sententiam
901 4794 1232 4850 inculcautia
1251 4797 1315 4849 η.

561 4942 666 5010 Qui
693 4945 933 5003 discendi
965 4950 1148 5004 studio
1179 4950 1232 5004 in
1262 4950 1378 5005 haec
1408 4950 1653 5020 inquirit,
1684 4951 1758 5004 illi
1800 4951 2068 5006 dictorum

489 5051 688 5093 sensus
711 5053 818 5090 non
848 5041 1136 5097 difﬁculter
1184 5044 1410 5114 patebit.
1457 5043 1570 5100 Illis
1601 5047 1743 5098 enim
1767 5085 1782 5108 ,
1829 5046 1922 5115 qui
1957 5045 2071 5114 jam

489 5146 585 5200 per
615 5140 828 5198 tempus
854 5132 1070 5202 aliquod
1106 5137 1477 5202 crediderunt,
1519 5153 1621 5193 nec
1671 5138 1838 5192 dubio
1888 5139 2074 5208 aliquo

487 5225 556 5277 de
579 5237 776 5293 magno
796 5222 908 5286 illo,
939 5226 1082 5293 quod
1107 5227 1446 5299 profitemur,
1478 5232 1740 5301 mysterio
1777 5240 2072 5296 vexantur;

488 5317 746 5372 similiter
779 5331 908 5372 vero
946 5319 1112 5372 etiam
1147 5319 1278 5388 illis,
1310 5323 1408 5393 qui
1445 5323 1815 5379 incredulitati
1857 5325 2076 5393 penitus

2246 4521 2530 4598 serio-xor:
2577 4521 2704 4598 (Τά
2753 4519 2972 4588 σημεῖα
3031 4524 3104 4598 οὐ
3149 4524 3278 4591 τοῖς
3329 4520 3690 4598 πιστεύουσιν,

2247 4591 2409 4643 ἀλλὰ
2435 4590 2560 4656 τοῖς
2588 4591 2888 4654 ἀπίστοις,
2917 4609 2935 4639 ι
2971 4592 3097 4657 τοῖς
3123 4590 3501 4654 Δεσὲτοτικοῖς
3523 4590 3692 4652 ,ἱστίοις

2243 4661 2377 4732 τοῖς
2419 4661 2763 4732 λέγουσιν-ν
2787 4679 2804 4709 ι
2828 4661 2894 4714 'H
2923 4663 3130 4728 πίστις
3165 4680 3288 4718 σου
3315 4659 3686 4732 σέσωκέ-σελξ

2245 4720 2418 4806 Kal,
2467 4720 2515 4781 ι’
2551 4734 2673 4806 Ομὺκ
2735 4731 3002 4806 ἡδῴλατο
3058 4720 3314 4806 ποιῆσαι
3346 4804 3366 4806 _
3392 4726 3585 4806 σημεῖα
3625 4720 3692 4806 διὰ

2242 4802 2357 4867 τὴν
2387 4801 2678 4854 ἀπιστίαν
2707 4799 2942 4853 αὐτῶν·
2983 4820 3001 4852 ι
3041 4805 3137 4856 καὶ
3181 4804 3304 4858 ὅσα
3329 4804 3483 4858 ἄλλα
3506 4798 3602 4864 τὴν
3617 4798 3691 4845 αὑ·

2242 4871 2358 4938 τὴν
2392 4871 2723 4926 ὑποϐάλλει
2761 4870 3068 4938 διάνοιαν;
3096 4891 3114 4923 ι

2241 4963 2284 5015 Τ
2288 4961 2331 5032 ᾦ
2353 4961 2700 5033 διερευνῶντι
2731 4963 3048 5032 φιλομαθῶς
3067 4965 3166 5018 οὐκ
3191 4965 3437 5036 ἐργώδης
3462 4961 3557 5013 τῶν
3576 4955 3689 5020 εἱρη·

2175 5059 2418 5129 μένων¹ή
2450 5059 2798 5130 κατανόησις.
2843 5060 2970 5122 Τοῖς
2997 5076 3057 5112 τε
3100 5060 3210 5130 γὰρ
3237 5061 3338 5132 ἢδη
3383 5056 3543 5127 χρόνῳ
3568 5059 3690 5132 “‘7”:

2177 5128 2450 5212 στευκόσι,
2511 5147 2606 5200 καὶ
2653 5128 2926 5217 μηδεμίαν
2972 5128 3458 5218 ἀμφιϐολίαννπερὶ
3495 5140 3574 5195 τοῦ
3598 5128 3688 5188 καθ’

2173 5241 2325 5310 ἡμᾶς
2371 5239 2673 5311 μυστηρίου
2721 5240 3203 5311 παραδεχομένοις,
3254 5239 3503 5298 ὡσαύτως
3539 5219 3688 5282 δὲκαὶ

2175 5329 2291 5391 τοῖς
2349 5327 2570 5393 τελείως
2622 5331 2688 5401 τῇ
2731 5329 2964 5384 ἀπιστία
3018 5330 3477 5404 κεκρατημένοις,
3524 5320 3603 5377 κειὶ
3634 5312 3686 5385 μὴ

561 5434 604 5465 ³ο
635 5432 654 5487 ι
685 5433 810 5489 Cor.
863 5450 975 5502 xxv,
1005 5435 1098 5490 22.
1179 5435 1219 5466 ¹¹
1252 5436 1444 5495 Matth.
1506 5455 1584 5509 Ix,
1624 5439 1715 5494 22.
1797 5441 1838 5472 ¹²
1872 5441 2065 5496 Matth.

2185 5460 2222 5509 I,
2252 5444 2342 5500 58.

2001 5537 2232 5595 ΝΟΤΑΞ.

560 5621 637 5690 (l)
675 5621 828 5679 Hanc
872 5626 1229 5699 quaestionem
1275 5627 1386 5699 jam
1428 5628 1629 5687 editam
1663 5630 1836 5687 Maius
1871 5648 2062 5689 rursus
2102 5635 2244 5703 typis
2279 5634 2556 5691 mandavit
2589 5634 2752 5706 (Nov.
2783 5635 2922 5693 Coll.
2956 5648 2994 5694 t.
3029 5638 3118 5705 IX,
3149 5655 3203 5709 p.
3246 5635 3390 5703 HG.)
