3876 6216
240 190 261 252 ἲ
274 191 382 255 053

1072 194 1174 254 ΑΙ)
1201 191 1796 252 AMPHILOClIIUll-l
1833 189 2177 262 QUIESTIO
2215 189 2670 252 CCXLV’I’CCL.

3371 190 3509 257 1054

234 302 457 356 θέλουσι
485 301 572 356 διὰ
599 301 707 356 τῶν
748 301 993 373 σημείων
1051 305 1188 374 πρὸς
1215 303 1315 374 τὴν
1355 302 1641 355 εὐσέϐειαν
1673 319 1826 373 χειρ-

1929 309 2061 356 sunt
2088 301 2334 368 obnoxii,
2368 316 2470 356 nec
2517 301 2584 354 ad
2620 301 2924 356 doctrinam
2967 299 3186 372 pietatis
3213 317 3312 372 per
3341 305 3512 359 mira—

233 391 618 462 αγωγηθῆναι,
640 391 796 444 κενὸν
834 393 931 444 καὶ
957 393 1182 462 μάταιον
1219 392 1253 463 ἡ
1283 390 1392 444 τῶν
1422 391 1663 460 σημείων
1696 390 1819 442 ἐπί-

231 482 422 548 δειξις.
457 482 581 546 Τοῖς
608 482 665 534 δέ
697 499 760 550 γε
805 483 863 534 ἐν
890 484 956 553 τῇ
995 482 1224 554 ἀπιστίᾳ
1261 481 1362 552 μὲν
1397 480 1816 552 τεθραμμένοις,

232 573 361 631 εἶτα
384 578 569 649 ἡρέμα
602 592 718 638 πως
756 577 883 638 τοὺς
915 576 1210 644 λογισμοὺς
1241 574 1377 644 πρὸς
1409 572 1819 643 τὴνέὑσέόειαν

231 669 499 722 ἐνδιδόναι
526 666 980 735 διανισταμένοις,
1014 663 1224 728 τούτοις
1249 664 1425 717 οἰκεία
1456 663 1552 717 καὶ
1581 666 1821 732 πρόσφο-

233 779 335 834 ρος
382 760 492 812 τῶν
541 758 862 830 παραδόξων
892 757 1070 829 ἔργων
1092 758 1126 828 ἡ
1165 757 1494 826 φανέρωσις.
1531 755 1629 808 Διὰ
1663 754 1819 806 τοῦτο

230 854 334 906 καὶ
359 852 387 904 6
421 851 622 922 Κύριος
655 848 780 902 οὔτε
817 850 966 920 παρὰ
1003 848 1112 902 τῶν
1142 847 1419 909 παντελῶς
1446 845 1690 900 ἀπίστων
1721 844 1816 896 πί-

231 964 355 999 στιν
398 945 664 1017 ἐπιζητεῖ.
722 943 880 1015 ’ᾘδει
924 944 1033 1014 γὰρ
1061 943 1158 1012 οὐχ
1203 942 1476 1012 εὑρίσκων
1507 941 1564 992 ὲν
1592 938 1774 999 αὐτοῖς
1800 953 1815 966 ·

230 1035 360 1090 οὔτε
393 1035 545 1106 παρὰ
572 1033 682 1086 τῶν
704 1032 1014 1104 εἰλικρινῶς
1052 1031 1520 1086 πεπιστευκότων.
1556 1028 1819 1101 Προειλή-

230 1147 326 1198 φει
359 1129 469 1198 γὰρ
495 1128 588 1181 καὶ
621 1125 827 1195 ταύτην
864 1124 1392 1196 προεισενεγκόντων
1413 1123 1623 1192 Ιαὐτῶν.
1655 1123 1818 1191 Ζητεί

227 1222 288 1274 δὲ
317 1220 450 1292 παρ’
479 1218 722 1284 ἐκείνων,
759 1218 807 1271 οἳ
838 1217 896 1282 ἐξ
934 1217 1187 1280 ἀσεϐείας
1218 1217 1298 1279 εἰς
1338 1215 1620 1269 εὐσέὸειαν
1653 1231 1818 1284 μετα-

228 1313 578 1382 ὃαλλόμενοι,
625 1311 726 1382 ἤδη
767 1312 881 1382 (44)
911 1309 1007 1380 τὴν
1051 1310 1236 1362 πίστιν
1265 1307 1550 1362 ὠδίνουσιν
1590 1309 1648 1360 ὲν
1682 1308 1812 1358 ἑαυ-

223 1412 364 1470 τοῖς.
391 1407 513 1469 Τοῖς
543 1405 725 1458 τοίνυν
759 1407 969 1466 πιστοῖς
1002 1403 1062 1456 οὐ
1103 1402 1304 1456 δίδοται
1352 1401 1419 1454 τὰ
1457 1402 1680 1471 σημεῖα.
1709 1402 1815 1454 Πε-

227 1496 415 1566 pr:th
440 1496 569 1567 γάρ.
611 1493 745 1549 Οὐδὲ
778 1498 888 1559 τοῖς
925 1494 1323 1566 ἀμεταϐλήτως
1347 1494 1558 1566 ἔχουσιν
1583 1495 1688 1548 ἀπὸ
1715 1494 1812 1564 τῆς

1925 394 2045 448 cula
2073 393 2268 447 adduci
2301 393 2546 462 cupiunt,
2576 393 2851 464 signorum
2877 393 3274 450 demonstratio
3299 393 3506 450 frusu'a

1921 493 1976 538 et
2014 499 2152 538 vano
2179 495 2374 538 conatu
2409 484 2654 538 oﬂ'ertur.
2701 487 2901 540 Contra
2933 501 3060 542 vero
3117 487 3265 553 illis,
3319 489 3416 559 qui
3451 490 3507 542 in

1921 575 2306 631 incredulitate
2368 575 2584 629 educati
2655 577 2873 646 quidem
2931 587 3094 645 sunt,
3151 588 3339 648 postea
3383 596 3514 636 vero

1919 668 2124 722 sensim
2195 680 2434 721 ruentem
2500 683 2655 722 suam
2727 670 2793 722 ad
2864 672 3117 738 pietatem
3194 686 3514 728 convertere

1918 761 2214 823 sustinent,
2239 775 2463 830 operum
2497 760 2868 815 mirandorum
2897 762 3266 820 manifestatio
3289 781 3510 821 accom-

1919 853 2135 908 modata
2166 865 2219 907 et
2249 853 2490 924 proﬁcua
2525 864 2624 908 est.
2663 854 2957 923 Propterea
2989 864 3043 910 et
3092 855 3356 914 Dominus
3409 875 3512 914 nec

1917 945 1985 999 ab
2015 945 2145 1007 illis,
2179 947 2271 1015 qui
2303 950 2520 1014 penitus
2547 955 2705 1000 erant
2737 949 3023 1014 increduli,
3060 948 3218 1003 ﬁdem
3250 951 3512 1019 postulat;

1918 1047 2152 1091 noverat
2185 1039 2330 1091 enim
2362 1054 2421 1090 se
2448 1041 2590 1106 apud
2624 1040 2744 1093 illos
2773 1056 2877 1092 non
2913 1041 3259 1096 inventurum
3291 1060 3304 1096 :
3340 1059 3517 1112 neque

1917 1127 1986 1180 ab
2020 1127 2148 1193 illis,
2190 1127 2280 1196 qui
2348 1128 2562 1192 sincere
2596 1129 2886 1182 credebant
2915 1147 2928 1194 ;
2977 1141 3206 1185 noverat
3239 1131 3384 1185 enim
3420 1148 3515 1187 eos

1916 1218 2062 1272 illam
2094 1218 2206 1288 jam
2240 1229 2367 1273 ante
2395 1223 2680 1289 probasse.
2714 1220 2962 1274 Postulat
2988 1237 3117 1274 vero
3143 1221 3212 1275 ab
3243 1223 3374 1286 illis,
3420 1221 3514 1292 qui

1915 1309 1984 1363 ab
2033 1309 2312 1379 impietate
2345 1311 2411 1364 ad
2451 1313 2699 1380 pietatem
2733 1310 2981 1364 conversi
3029 1310 3192 1367 fidem
3235 1313 3379 1382 apud
3425 1329 3513 1368 se-

1917 1404 2065 1474 ipsos
2104 1404 2505 1473 parturiehant.
2548 1404 2914 1458 Credcntihus
2965 1405 3152 1474 itaque
3206 1406 3362 1476 signa
3405 1421 3512 1458 non

1915 1495 2194 1563 eduntur;
2272 1497 2322 1550 id
2368 1497 2516 1550 enim
2568 1512 3034 1565 superiorancum
3085 1497 3226 1552 foret
3273 1515 3287 1552 :
3337 1513 3517 1567 neque

225 1587 513 1652 ἀπιστίας.
540 1588 635 1651 Et;
662 1587 819 1641 κενὸν
849 1585 978 1658 γάρ.
1029 1586 1189 1640 Ἀλλὰ
1216 1590 1328 1652 τοῖς
1359 1587 1415 1654 ἐξ
1457 1587 1710 1649 ἀπιστίας
1733 1589 1812 1649 είς

1924 1589 2054 1653 illis,
2107 1589 2203 1660 qui
2268 1590 2337 1643 ab
2413 1589 2798 1646 incredulitate
2881 1589 3100 1644 avocari
3190 1604 3300 1642 non
3383 1605 3513 1660 pos-

226 1687 415 1736 πίστιν
446 1679 966 1751 μεταϐαλλομένοις.
999 1671 1100 1733 Ὧν
1126 1681 1221 1733 καὶ
1264 1681 1297 1750 ἡ
1330 1679 1508 1743 πίστις
1540 1678 1813 1749 ἐπιζητεῖ-

1924 1690 2073 1748 Sunl;
2167 1681 2370 1736 frustra

221 1792 315 1828 ται
371 1772 862 1843 τελεσφορηθῆναι,
909 1772 1004 1825 καὶ
1034 1771 1507 1842 τελεσφορουμένη
1554 1771 1814 1844 πρόξενος

221 1867 442 1935 γίνεται
472 1865 572 1936 τῆς
603 1864 958 1927 ἀπολαύσεως
981 1863 1088 1917 τῶν
1129 1863 1487 1936 θεοσημειῶν.
1524 1864 1693 1920 Οὐδὲν
1722 1860 1815 1918 οὖν

222 1958 561 2026 διαμάχεται
624 1955 719 2008 τοῦ
779 1954 1068 2010 θεσπεσίου
1138 1954 1356 2008 Παύλοῦ
1410 1958 1442 2028 ἡ
1499 1957 1652 2026 φωνὴ
1702 1958 1816 2019 τοῖς

216 2049 606 2119 εὐαγγελικοῖς
636 2049 870 2120 ῥήμασι.
905 2047 1049 2118 Πρὸς
1093 2050 1204 2120 (45)
1253 2050 1350 2120 μὲν
1391 2050 1499 2120 γὰρ
1546 2067 1816 2120 πεπωρω-

225 2141 429 2211 μένους
463 2139 560 2210 τὴν
585 2140 816 2211 καρδίαν
849 2140 952 2193 οὑκ
1005 2139 1156 2210 ἠξίου
1184 2139 1634 2211 παραδοξοποιεῖν
1667 2143 1695 2194 6
1723 2139 1816 2193 ἐπὶ

221 2233 476 2304 σωτηρίᾳ
499 2233 609 2286 τῶν
638 2231 944 2303 ἀνθρώπων
990 2233 1168 2287 πάντα
1202 2233 1458 2305 πράττων
1484 2232 1637 2297 Θεὸς.
1667 2233 1730 2286 Οἱ
1760 2233 1815 2284 δὲ

221 2324 542 2394 εἰλικρινῶς
570 2325 1002 2390 πεπιστευκότες
1037 2327 1135 2379 οὐκ
1172 2326 1382 2379 ἐδέοντο
1413 2325 1619 2378 τούτων
1647 2327 1727 2388 εἰς
1755 2324 1817 2378 τὺ

220 2414 539 2470 πιστεῦσαι.
566 2415 910 2480 ’Υπόλοιπον,
943 2417 1081 2488 πρὸς
1109 2415 1350 2481 ἐκείνους
1375 2416 1818 2487 θαυματουργίας

221 2507 317 2560 τὸν
344 2506 442 2561 τοῦ
472 2508 661 2577 γένους
690 2508 847 2580 ἡμῶν
878 2508 1108 2578 Σωτῆρα
1127 2507 1420 2572 ἐπιτελεῖν,
1445 2507 1496 2561 οἳ
1538 2508 1689 2561 οὔπω
1717 2508 1817 2578 μὲν

219 2602 658 2668 πεπιστευκότες
695 2599 858 2674 ἦσαν,
889 2603 986 2674 τὴν
1014 2602 1072 2655 δὲ
1102 2601 1211 2655 τῶν
1244 2601 1491 2655 ἀπίστων
1518 2601 1600 2655 ἔτι
1633 2601 1817 2674 χώραν

219 2696 594 2767 ἀνεπλήρουν,
634 2697 784 2765 ὅμως
818 2695 1063 2766 ἐζήτουν,
1086 2695 1153 2749 δι’
1185 2688 1262 2748 ὧν
1303 2694 1652 2748 πιστεύουσιν
1677 2735 1692 2759 ,
1724 2695 1819 2749 καὶ

221 2787 568 2858 χειραγωγὸν
593 2785 962 2855 λαμϐάνοντες
994 2786 1064 2838 τὰ
1089 2787 1312 2856 σημεῖα,
1342 2786 1421 2849 είς
1451 2784 1551 2858 τὴν
1578 2784 1688 2839 τῶν
1728 2802 1818 2837 πι-

218 2879 374 2932 στῶν
410 2877 842 2950 μετηλλάττοντο
866 2881 1088 2950 μοῖραν.

744 3077 1088 3131 ΕΡΩΤΗΤΙΣ
1121 3076 1301 3131 ΣΜΘ’.

2482 1682 2626 1735 enim
2697 1681 2749 1736 id
2836 1681 3018 1747 ﬁeret;
3082 1679 3176 1735 sed
3224 1679 3332 1734 illis
3392 1688 3514 1734 tau-

1919 1783 2072 1839 tum,
2133 1775 2222 1844 qui
2280 1773 2349 1828 ab
2404 1773 2788 1828 incredulitate
2815 1773 2882 1828 ad
2935 1774 3094 1827 tidem
3117 1772 3512 1843 perducuntur.

1919 1867 2124 1921 Horum
2175 1867 2321 1920 enim
2372 1865 2506 1919 ﬁdes
2558 1865 2854 1934 perfectior
2904 1863 3055 1918 reddi
3111 1863 3308 1928 debet,
3369 1861 3512 1916 facta

1917 1975 2047 2016 vero
2107 1959 2404 2030 perfectior
2451 1957 2516 2010 ad
2581 1958 2815 2012 fructum
2863 1971 2930 2012 ex
2982 1956 3184 2011 divinis
3231 1955 3514 2010 miraculis

1918 2054 2238 2121 rapiendum
2272 2053 2627 2121 perducitur.
2677 2049 2797 2104 Divi
2837 2051 3021 2115 itaque
3048 2047 3198 2103 Pauli
3230 2049 3514 2103 oraculum

1917 2161 2042 2200 cum
2068 2145 2249 2199 verbis
2280 2143 2562 2214 Evangelii
2596 2158 2704 2197 non
2757 2150 2982 2214 pugnat.
3017 2141 3075 2196 ln
3116 2157 3307 2196 eorum
3342 2144 3514 2206 enim,

1917 2240 2008 2308 qui
2039 2237 2207 2293 corde
2238 2237 2454 2307 penitus
2487 2236 2744 2292 obdurati
2772 2243 2953 2300 erant,
2987 2235 3220 2306 gratiam
3251 2233 3416 2296 Deus,
3458 2232 3514 2286 in

1921 2331 2204 2386 hominum
2243 2331 2474 2385 salutem
2525 2330 2709 2384 omnia
2767 2330 2999 2393 faciens,
3058 2327 3322 2382 miracula
3356 2326 3516 2380 edere

1919 2441 2026 2479 non
2077 2424 2403 2478 sustinebat.
2447 2421 2549 2488 Qui
2583 2437 2711 2476 vero
2741 2423 2955 2476 sincere
3007 2419 3372 2483 crediderant,
3404 2416 3512 2470 illis
3607 2427 3618 2439 ‘

1918 2519 1984 2570 ad
2011 2515 2341 2571 credendum
2369 2529 2478 2568 non
2515 2513 2857 2583 indigebant.
2924 2509 3283 2580 Relinquitur
3330 2511 3516 2579 itaque

1921 2610 2261 2664 Salvatorem
2314 2615 2566 2662 nostrum
2621 2620 2812 2660 eorum
2870 2619 3034 2659 causa
3097 2603 3362 2657 miracula
3414 2618 3515 2673 pa-

1924 2715 2116 2765 trasse,
2147 2703 2241 2771 qui
2291 2703 2555 2754 nondum'
2584 2699 2948 2763 crediderant,
2992 2696 3085 2752 sed
3108 2696 3515 2752 incredulorum

1923 2792 2192 2845 hactenus
2267 2789 2448 2843 locum
2502 2797 2833 2857 occupantes
2885 2801 2948 2840 ea
2997 2785 3372 2856 requirebant,
3421 2801 3518 2856 per

1921 2899 2043 2954 quae
2073 2883 2139 2937 ad
2176 2881 2335 2936 [idem
2365 2881 2746 2952 pervenirent,
2800 2880 3067 2935 miracula
3112 2888 3294 2933 autem
3341 2878 3518 2932 instar

1923 2977 2078 3032 ducis
2109 2975 2253 3030 nacti
2285 2975 2338 3028 iu
2386 2975 2724 3028 credentiqu
2769 2982 2970 3028 emtum
3022 2970 3515 3026 transfereliantur.

1999 3065 2327 3137 QUASSTIO
2363 3063 2853 3208 CCXLIECLCﬂg].
2897 3062 3227 3122 CCLXXIV.
3273 3063 3441 3118 Taur.

211 3236 280 3289 EI
324 3234 408 3304 ἣν
443 3237 480 3305 ἡ
530 3235 640 3305 τῆ,
681 3236 809 3303 πῶς
846 3237 1126 3322 ἑγέζεξο;
1162 3235 1334 3307 ’λέγει
1386 3235 1531 3307 γάρ·
1577 3253 1594 3286 ι
1656 3236 1722 3289 Ἠ
1755 3234 1827 3288 δὲ

1930 3235 1989 3291 Si
2022 3244 2164 3289 terra
2185 3233 2304 3304 jam
2332 3241 2463 3322 esset
2485 3229 2745 3322 quomodo
2774 3229 3133 3322 [πειρίας-ξι,
3168 3231 3304 3285 dixit
3327 3230 3466 3284 enim
3494 3245 3514 3285 .'

901 3325 976 3375 τη
1009 3326 1106 3378 ην-
1131 3327 1149 3358 ι

2361 3313 2505 3357 terra
2535 3312 2713 3354 autem
2745 3312 2856 3354 erat
2887 3301 3038 3372 (/56)?

876 3389 1018 3450 Edita
1047 3416 1073 3451 a
1102 3403 1226 3452 Maio
1255 3403 1404 3466 (Nov.
1444 3399 1569 3454 Coll.
1604 3407 1638 3449 t.
1672 3400 1749 3460 IX,
1778 3415 1828 3463 p.
1854 3401 1964 3464 116)
2010 3425 2067 3438 --
2087 3397 2143 3446 In
2170 3398 2294 3447 Gen.
2321 3409 2358 3456 ι,
2384 3395 2432 3443 2.
2459 3395 2534 3444 De
2556 3399 2668 3442 ortu
2695 3399 2859 3442 terrae.

285 3480 536 3533 ’[-Ιλίθιον
587 3481 648 3534 τὸ
699 3479 965 3552 ἐρώτημα
993 3499 1007 3514 ο
1039 3484 1068 3536 6
1101 3485 1213 3557 γάρ
1263 3484 1457 3538 εἰπών·
1494 3502 1523 3545 ι,
1555 3483 1647 3536 Ἐν
1681 3484 1824 3552 ἀρχῇ

2004 3480 2183 3534 Stulta
2217 3488 2300 3532 est
2330 3480 2443 3531 haac
2469 3474 2738 3544 quaestio;
2769 3475 2860 3543 qui
2891 3489 3036 3528 enim
3059 3473 3200 3549 dixit
3229 3493 3244 3530 :
3277 3473 3335 3527 ln
3365 3474 3516 3543 prin-

216 3572 484 3644 ἐποίησεν
510 3575 536 3626 ὁ
553 3573 683 3638 Θεὸς
702 3575 794 3628 τὸν
821 3575 1049 3646 οὐρανὸν
1078 3577 1174 3629 καὶ
1195 3577 1294 3648 τὴν
1322 3577 1447 3647 γῆν,
1478 3595 1494 3626 ι
1517 3576 1618 3628 οὐκ
1648 3573 1816 3627 ἀΐδιον

212 3665 469 3732 δηλονότι
532 3666 637 3738 ἔφη
698 3667 796 3737 τὴν
839 3667 945 3738 γῆν
1007 3685 1021 3699 °
1067 3667 1172 3738 ἔφη
1223 3669 1281 3720 δὲ
1311 3667 1527 3738 061'an-
1565 3662 1633 3738 ἦν
1669 3667 1701 3736 ἢ
1740 3664 1817 3734 γῆ

217 3756 532 3820 ἀπολύτως,
571 3758 683 3811 ἀλλ’
715 3759 796 3810 ὅτι
817 3753 886 3829 ἦν
917 3758 1397 3822 άκατασκεύαστος
1435 3772 1448 3787 ⁸
1479 3756 1560 3810 ἔτι
1586 3757 1695 3827 γὰρ
1727 3755 1819 3808 ἀύ-

221 3868 392 3922 ρατος
422 3846 490 3922 ἦν
513 3852 864 3923 ἐπικειμένου
893 3851 988 3904 τοῦ
1023 3851 1216 3915 ὓδατος
1242 3868 1257 3882 ·
1293 3854 1388 3904 καὶ
1431 3847 1819 3903 ἁκατασκεύα-

219 3961 376 4008 στος,
428 3946 654 4016 μηδέπω
700 3944 1042 4016 κοσμηθεῖσα
1093 3943 1337 4018 βλάστῃ·
1390 3943 1484 3996 καὶ
1531 3942 1674 3996 διατί
1721 3939 1817 3994 τοῦ

220 4037 410 4103 φωτὸς
461 4037 680 4110 πρῶτον
712 4032 875 4101 εἶδος,
926 4032 1045 4089 εἶτα
1104 4035 1165 4089 τὸ
1211 4036 1569 4105 ὑποκείμενον
1612 4035 1730 4105 ἦτοι
1758 4032 1820 4085 τὸ

223 4128 455 4198 ἡλιακὸν
484 4130 644 4201 σῶμα
679 4129 988 4200 ὑπέστησεν
1015 4148 1029 4195 ;
1057 4129 1148 4181 ἵνα
1181 4127 1675 4199 θαυματουργὴσῃ,
1710 4141 1818 4194 φη·

227 4221 324 4272 σιν
350 4220 376 4271 6
406 4217 685 4290 θεολόγος,
715 4220 939 4290 μείζονα
963 4236 978 4251 ο
1003 4221 1192 4289 ἐπειδὴ
1216 4221 1324 4289 γὰρ
1348 4220 1460 4279 τοῖς
1477 4216 1658 4278 ἄλλοις
1688 4215 1820 4284 ὓλην

225 4313 657 4384 προῦποστήσας
710 4312 1071 4382 εἰδοποίησεν,
1124 4311 1351 4381 ὕστερον
1400 4307 1552 4373 τάξιν
1604 4307 1821 4377 ἑκάστῳ

221 4405 327 4457 καὶ
356 4404 541 4474 σχῆμα
577 4406 675 4458 καὶ
725 4404 956 4476 μέγεθος
1003 4402 1251 4474 περιθεὶς
1275 4441 1289 4465 ,
1325 4400 1557 4454 ἐνταῦθα
1584 4401 1820 4470 παραδο·

223 4497 452 4566 ξότερον
514 4498 611 4566 τῆς
670 4498 802 4568 ὕλης
857 4497 919 4550 τὸ
967 4493 1104 4559 εϊδος
1142 4497 1631 4566 προῢττεστήσατο⁹
1682 4487 1822 4556 εἶδος

219 4590 342 4658 γὰρ
369 4589 519 4660 ἡλίου
556 4589 618 4642 τὸ
653 4590 789 4659 φῶς.

776 4679 1114 4733 ΕΡΩΤΗΣΙΣ
1147 4679 1276 4731 ΣΝ’.

224 4775 298 4828 El
341 4775 419 4854 τὸ,
444 4772 571 4854 φῶς
598 4776 630 4828 ό
667 4773 834 4854 ’Θεὸς
881 4767 1732 4854 ξδημιρύρηισενζούκναἰπὺς
1761 4767 1823 4819 τὸ
1864 4799 1908 4854 D

300 4839 522 4909 σκότός
543 4845 854 4912 ἐποίησεν*
875 4842 1122 4895 ἐναντία
1163 4843 1276 4909 γὰρ
1293 4839 1482 4892 ταῦτα
1505 4839 1827 4902 ἀλλήλοις.

1923 3574 2072 3644 cipio
2100 3575 2308 3628 creavit
2342 3571 2488 3626 Deus
2523 3569 2721 3624 coelum
2759 3578 2814 3621 et
2840 3577 3062 3632 terram,
3099 3581 3208 3621 non
3235 3567 3518 3622 evidenter

1926 3675 2129 3719 terram
2175 3673 2436 3718 aeternam
2483 3676 2606 3716 esse
2638 3658 2779 3713 dixit
2813 3658 2994 3712 :dixit
3025 3660 3173 3714 enim
3222 3675 3330 3713 non
3372 3659 3517 3728 quod

1926 3763 2070 3809 terra
2105 3763 2226 3808 erat
2260 3753 2532 3818 absolute,
2559 3750 2655 3805 sed
2683 3748 2828 3818 quod
2854 3756 2974 3802 erat
3005 3747 3284 3803 inornata.
3313 3746 3514 3802 Adhuc

1923 3845 2071 3901 enim
2097 3844 2392 3900 invisibilis
2417 3850 2558 3906 erat,
2613 3839 2772 3910 aquis
2795 3841 3132 3896 circumdata
3158 3847 3211 3893 et
3239 3841 3514 3904 inornata,

1926 3938 2077 3992 nullo
2137 3937 2303 3992 modo
2363 3935 2432 3990 ad
2499 3934 2981 3989 fructificationem
3055 3943 3385 4002 praeparata.
3447 3932 3516 3987 Et

1926 4044 2102 4098 quare
2125 4027 2354 4082 luminis
2397 4026 2635 4096 primum
2673 4026 2945 4080 visionem
2981 4033 3169 4094 postea
3207 4039 3338 4079 vero
3381 4039 3515 4094 sup-

1925 4122 2191 4192 positum,
2243 4119 2295 4174 id
2343 4125 2451 4185 est,
2484 4117 2620 4174 solis
2665 4118 3033 4173 substantiam
3069 4115 3408 4172 constituat?
3457 4125 3519 4170 ut

1928 4213 2161 4284 majora,
2187 4212 2322 4268 dicit
2349 4211 2684 4281 Theologus,
2712 4210 2877 4266 faciat
2903 4209 3199 4264 mirabilia.
3234 4207 3516 4279 Siquidem

1929 4309 2052 4363 aliis
2088 4306 2347 4366 formam,
2374 4309 2796 4374 praeexsistente
2828 4301 3080 4368 materia,
3114 4302 3284 4367 dedit,
3329 4311 3517 4371 postea

1928 4402 2180 4455 ordinem
2237 4397 2538 4466 unicuique
2593 4405 2650 4451 et
2701 4404 2912 4451 statum
2961 4403 3020 4450 et
3073 4395 3515 4465 magnitudinem

1933 4491 2231 4561 disposuit.
2285 4487 2388 4544 Hic
2433 4495 2617 4542 autem
2666 4487 2814 4557 quod
2865 4497 2950 4544 est
2987 4488 3296 4542 mirabilius
3344 4497 3518 4542 mate-

1931 4585 2028 4637 rim
2052 4582 2286 4636 formam
2305 4582 2461 4649 prius
2481 4589 2654 4642 creat,
2679 4579 2855 4634 forma
2878 4580 3022 4634 enim
3049 4580 3184 4635 solis
3207 4590 3290 4634 est
3307 4580 3512 4635 lumen.

1930 4668 2256 4738 QU/ESTIO
2287 4669 2418 4725 CCL
2450 4669 2641 4742 [CoisL
2671 4667 2974 4724 CCLXXV.
3019 4669 3186 4725 Taur.
3235 4667 3512 4740 CCLXV].

1938 4767 1999 4822 Si
2031 4768 2204 4819 lumen
2241 4763 2378 4817 Deus
2414 4763 2631 4825 creavit,
2664 4779 2766 4814 non
2806 4764 2915 4830 ipse
2949 4763 3187 4816 tenebras
3217 4763 3375 4833 fecit;
3407 4762 3518 4816 hwc

2318 4835 2459 4888 enim
2485 4834 2624 4886 inter
2651 4849 2704 4886 se
2733 4841 2971 4902 pugnant
2999 4833 3136 4904 (47).

662 4935 803 4987 Edita
825 4950 853 4985 a
884 4936 1010 4984 Maio
1044 4937 1100 4997 (Ι.
1129 4949 1173 4985 c.
1200 4948 1252 4997 p.
1279 4933 1387 4993 117,
1414 4947 1463 4994 q.
1499 4931 1634 4994 2-i9).
1658 4958 1718 4967 —
1739 4932 1816 4980 Au
1855 4929 1991 4979 Deus
2031 4933 2204 4977 auctor
2230 4927 2355 4976 lucis
2380 4925 2613 4974 tenebras
2636 4937 2810 4974 creare
2837 4925 3077 4986 potuerit.

311 5021 563 5075 Ἐναντία
618 5023 717 5093 μὲν
757 5023 1031 5092 ἀλλήλοις,
1082 5021 1198 5076 ἀλλ’
1253 5021 1530 5086 ἀναγκαῖα
1568 5020 1680 5081 τοῖς
1727 5019 1823 5070 ἁν-

228 5111 474 5182 θρώποις
507 5114 788 5183 ἀμφότερα
816 5131 831 5146 ⁸
867 5113 1145 5169 καὶτοῦτο
1187 5113 1283 5166 καὶ
1318 5114 1346 5164 6
1380 5110 1546 5164 Δαϐὶδ
1575 5108 1822 5180 ὲξυμνῶν

231 5207 333 5272 τὴν
365 5203 456 5256 τοῦ
492 5204 726 5276 Ποιητοῦ
769 5206 1172 5278 μεγαλουργίαν
1196 5205 1385 5270 λέγει·
1423 5223 1440 5256 ι
1484 5201 1650 5256 Ἔθου
1687 5201 1820 5270 γὰρ,

234 5297 393 5366 φησὶ,
429 5297 641 5362 σκότος,
662 5297 758 5351 καὶ
785 5299 1000 5366 ἐγένετο
1033 5299 1148 5365 νὺξ,
1184 5316 1204 5350 ›
1239 5315 1292 5351 κ.
1317 5313 1369 5351 τ.
1402 5295 1451 5348 λ.
1485 5293 1612 5358 ἓως,
1641 5311 1661 5345 ι
1711 5284 1824 5350 Ἐξ-

2001 5014 2142 5069 Sunt
2173 5014 2396 5084 quidem
2433 5015 2574 5068 inter
2613 5029 2674 5068 se
2715 5011 3018 5076 contraria,
3055 5009 3152 5064 sed
3199 5007 3518 5062 hominibus

1927 5108 2091 5162 ambo
2128 5106 2463 5161 necessaria.
2497 5103 2613 5158 Hoc
2643 5101 2812 5156 David
2852 5099 3131 5155 Creatoris
3163 5100 3516 5168 magniﬁcen-

1927 5200 2084 5265 tiam,
2119 5197 2470 5268 proclamans
2505 5196 2638 5251 dicit
2669 5211 2685 5248 :
2726 5212 2744 5245 ι
2775 5192 3014 5247 Posuisti
3058 5191 3202 5246 enim
3237 5190 3517 5253 tenebras,

1927 5291 2128 5360 inquit,
2182 5300 2235 5346 et
2272 5289 2416 5344 facta
2461 5296 2544 5342 est
2600 5301 2733 5348 nox,
2770 5303 2790 5338 ›
2842 5294 2900 5341 et
2929 5284 3138 5355 reliqua
3191 5298 3368 5354 usque
3399 5285 3465 5336 ad
3498 5298 3514 5335 :

1741 5382 1976 5439 ΝΟΤᾹΞ.

311 5478 420 5549 (44)
456 5479 548 5551 Sic
573 5478 855 5551 Colb.‘pro
883 5481 1008 5551 ἤδη.

303 5551 423 5673 ὶξῇδ)
451 5549 587 5623 πρὸς
622 5548 754 5605 illud
796 5561 878 5606 est
906 5548 991 5605 ei
1037 5550 1192 5607 Colb.
1243 5551 1388 5620 quod
1438 5565 1638 5606 sensus
1689 5563 1818 5620 pos-

322 5635 396 5673 ει.

239 5628 423 5762 muti)
456 5691 603 5748 {lane
639 5691 1078 5749 dissertationcm
1120 5691 1354 5749 Photius
1401 5690 1512 5747 fere
1542 5697 1711 5746 totam
1747 5704 1815 5746 ex

1915 5477 2263 5532 Theodorelo
2291 5493 2345 5545 q.
2378 5476 2411 5531 5
2453 5477 2506 5530 in
2532 5474 2731 5530 Genus.
2767 5473 2925 5544 (Opp.
2971 5473 3060 5528 ed.
3089 5489 3213 5528 nov.
3241 5480 3279 5526 ι.
3307 5470 3327 5525 l
3354 5470 3517 5538 huius

1914 5547 2244 5616 Patrolugice
2278 5546 2490 5611 LXXX,
2529 5547 2634 5602 Col.
2663 5545 2751 5598 85.

1989 5618 2102 5742 (4Ἱέ
2282 5609 2490 5688 pariter
2524 5633 2588 5683 ex
2638 5615 3062 5685 Theodorctoq.
3089 5614 3119 5668 7
3147 5612 3201 5668 iu
3229 5611 3435 5668 Genus.
3471 5609 3510 5664 l.

1925 5706 1978 5744 c.
2011 5704 2076 5744 co
2105 5731 2118 5744 .
2227 5729 2241 5743 .
