3854 6216
447 110 589 176 1055

1611 103 1874 164 ΡΗΟΤΙΙ
1915 101 2419 164 PATRIARCH/E
2457 103 2563 163 (ΞΡ.

3549 105 3672 171 1056

449 240 468 272 ι
499 218 682 274 Exibit
730 217 892 270 homo
930 215 994 269 ad
1038 228 1186 284 opus
1220 225 1380 268 suum
1429 220 1487 268 et
1534 214 1600 268 ad
1651 213 2022 283 operationem

2131 213 2406 266 ελεύσεται
2438 213 2723 282 ἄνθρωπος
2754 213 2845 264 ἐπὶ
2877 210 2938 263 τὸ
2965 207 3122 282 ἔργον
3147 209 3311 264 αὑτοῦ
3341 213 3431 268 καὶ
3459 216 3544 271 ἐπὶ
3585 222 3676 291 τὴν

442 329 598 368 suam
634 325 808 380 usque
872 310 936 362 ad
981 323 1288 376 vesperam.
1323 326 1340 356 ι
1375 308 1529 372 Quod
1559 307 1669 361 sint
1704 305 2026 359 necessaria:

445 407 686 460 tenebrae
726 404 948 458 evidens
997 412 1122 466 est;
1165 401 1310 470 quod
1356 411 1536 453 autem
1574 415 1681 453 non
1730 402 1840 453 sint
1881 396 2016 452 sub-

443 495 666 560 stantia,
711 493 808 548 sed
864 508 952 546 res
995 490 1246 560 quaedam
1288 490 1664 554 accidentalis,
1731 489 1892 544 facile
1936 503 2024 548 est

443 588 550 642 hoc
595 585 934 653 intelligere;
965 593 1093 637 sunt
1123 584 1268 638 enim
1302 583 1422 637 mali
1463 591 1518 636 et
1545 594 1702 635 terra!
1732 583 2026 638 adumbra-

445 680 539 733 tio.
591 677 958 743 Quamobrem
1013 675 1292 728 evanescit
1337 682 1390 727 et
1439 674 1492 726 in
1551 672 1780 726 nihilum
1824 677 2024 742 evadit,

441 771 704 824 redeunte
727 769 965 830 lumine;
1000 768 1182 822 lumen
1223 776 1405 819 autem
1435 775 1520 819 est
1550 767 1858 820 substantia
1889 776 1942 820 et
1972 769 2024 822 in

441 879 500 916 se
531 863 802 917 subsistit.
845 859 1032 929 Itaque
1078 870 1130 913 et
1178 859 1362 913 oriens
1405 858 1762 928 splendescit,
1802 869 1856 912 et
1893 875 2020 914 cum

441 951 725 1013 occiderit,
761 964 976 1002 rursum
995 948 1206 1011 oritur;
1233 955 1288 999 et
1309 961 1432 999 eutn
1465 946 1682 1012 abierit,
1715 948 2024 1002 revertitur.

442 1041 518 1095 Ex
553 1043 657 1095 hoc
693 1049 874 1095 autem
906 1041 1084 1094 discat
1118 1039 1243 1108 quis
1275 1038 1421 1107 quod
1453 1038 1690 1091 tenebras
1724 1040 1838 1093 sint
1881 1039 2028 1094 acci—

441 1137 598 1189 dens.
633 1133 838 1188 Domus
868 1139 1012 1187 enim
1065 1148 1170 1184 mm
1220 1132 1435 1184 habens
1464 1131 1744 1199 lampades
1779 1131 1830 1184 in
1870 1143 2025 1186 tene-

443 1229 562 1282 bris
599 1239 686 1282 est
717 1238 826 1282 tota
853 1245 867 1294 ;
911 1227 1162 1280 adductis
1191 1235 1373 1279 autem
1403 1226 1747 1294 lampadibus
1783 1226 2026 1280 illustra-

441 1321 717 1375 ttteron
766 1320 1008 1373 tenebris
1056 1319 1164 1372 alio
1215 1319 1602 1389 migrantibus,
1653 1317 1880 1372 luminis
1934 1319 2029 1373 ad-

441 1421 605 1466 ventu
692 1411 1069 1481 pereuntibus.
1159 1409 1274 1463 Non
1353 1417 1484 1463 sunt
1545 1410 1712 1480 igitur
1790 1410 2028 1466 tenebrat:

439 1505 746 1560 substantia
803 1505 1049 1573 qua-dam
1123 1504 1366 1562 iucreata
1423 1518 1602 1572 neque
1663 1503 1826 1556 etiam
1895 1505 2025 1557 sub-

2129 308 2394 376 ὲργασίαν
2420 304 2584 358 αὑτοῦ
2612 305 2715 367 ἓως
2757 304 3014 371 ἑσπέρας.
3064 323 3082 354 ι
3135 302 3270 356 Ἀλλ’
3292 303 3370 357 ὅτι
3399 307 3496 376 μὲν
3527 311 3676 380 ἀναγ-

2125 397 2280 450 καῖον
2305 397 2366 448 τὸ
2391 396 2607 461 σκότος,
2639 393 2795 463 δῆλον
2826 409 2839 421 ·
2880 395 2961 446 ὅτι
2988 392 3044 445 δὲ
3074 392 3172 444 οὐκ
3199 391 3371 458 οὐσία,
3394 396 3520 449 ἀλλὰ
3552 415 3656 469 cup.

2126 487 2382 558 σεὸηκὸς,
2407 488 2500 540 καὶ
2529 485 2776 539 ἐντεῦθεν
2802 484 2916 538 ἔστι
2937 484 3121 537 λαϐεῖν
3154 502 3166 514 ·
3197 483 3421 553 οὖρανοῦ
3451 489 3553 558 γὰρ
3590 490 3680 544 καὶ

2125 581 2229 651 γῆς
2283 581 2432 634 ἐστιν
2472 581 2830 648 ἀποσκίασμα
2860 594 2874 608 ’
2932 577 3024 631 διά
3065 595 3124 630 τε
3151 577 3309 630 τοῦτο
3339 581 3429 632 καὶ
3465 581 3678 651 φροῦδον

2126 674 2335 741 γίνεται
2389 673 2483 727 καὶ
2540 675 2620 737 είς
2673 674 2736 727 τὸ
2799 672 2873 743 μὴ
2924 672 2984 725 ὂν
3042 671 3316 725 διαλύεται
3371 672 3462 725 τοῦ
3517 677 3679 741 φωτὸς

2125 765 2456 834 ἀνίσχοντος.
2497 765 2569 818 Τὸ
2609 765 2664 818 δὲ
2716 765 2832 832 φῶς
2873 764 3030 816 οὐσία
3079 765 3195 816 ἐστὶ
3244 764 3337 816 καὶ
3372 764 3634 834 ὑφέστηκε
3663 785 3677 801 ο

2125 856 2206 910 διὸ
2235 857 2330 910 καὶ
2373 855 2629 926 δυόμενον
2679 857 2889 925 ἀνίσχει
2925 871 2941 886 ο
2983 858 3076 908 καὶ
3100 855 3258 909 ἀπιὸν
3289 856 3636 925 ἐπανέρχεται
3668 875 3680 888 ·

2126 947 2280 1017 γνοίη
2320 947 2364 1000 δ’
2397 947 2463 1001 ἄν
2487 964 2570 1010 τις
2602 946 2896 1002 κάντεῦθεν
2921 949 3001 1001 ὅτι
3029 948 3089 1001 τὸ
3115 947 3306 1011 σκότος
3335 947 3686 1020 ἐπισυμϐεϐη-

2126 1055 2220 1092 κεν
2253 1056 2267 1071 ο
2300 1035 2445 1103 οἶκος
2468 1039 2576 1108 γὰρ
2605 1040 2704 1093 οὑκ
2735 1043 2874 1110 ἔχων
2907 1040 3276 1110 φωταγωγοὺς
3320 1041 3539 1103 σκότους
3580 1043 3688 1094 ἐστὶ

2126 1134 2360 1204 πλήρης,
2403 1133 2844 1204 είσκομισθείσης
2876 1135 2931 1188 δὲ
2969 1133 3248 1204 λαμπάδος
3293 1134 3600 1203 φωτίζεται,
3631 1138 3686 1190 οὐ

2126 1225 2220 1278 τοῦ
2253 1225 2477 1289 σκότους
2500 1225 2689 1279 ἄλλοσέ
2731 1244 2806 1295 πη
2835 1227 3272 1296 μεταδαίνοντος,
3304 1226 3440 1280 ἀλλὰ.
3471 1229 3691 1298 πάμπαν

2126 1317 2474 1386 διολλυμένου
2496 1320 2560 1389 τῇ
2583 1318 2674 1370 τοῦ
2704 1319 2878 1386 φωτὸς
2909 1319 3200 1391 παρουσίᾳ.
3242 1319 3319 1372 Οὐ
3341 1319 3515 1371 τοίνυν
3543 1320 3679 1388 ἀγεν-

2125 1428 2284 1481 γητος
2331 1413 2488 1466 οὐσία
2525 1412 2588 1464 τὸ
2626 1412 2836 1475 σκότος,
2879 1409 3004 1464 οὔτε
3038 1410 3143 1482 μὴν
3181 1409 3441 1480 γεννητή,
3496 1411 3604 1464 ἀλλ’
3636 1413 3694 1464 ἐκ

2126 1506 2236 1557 τῶν
2287 1504 2559 1575 γεννητῶν
2599 1505 2966 1576 συνισταμένη
3013 1503 3208 1574 χρῆσις
3255 1503 3565 1570 ἀναγκαία,
3607 1503 3692 1555 τοῦ

442 1599 642 1652 stantia
712 1609 928 1661 creata;
982 1596 1079 1651 sed
1154 1613 1288 1651 usus
1349 1596 1572 1665 quidam
1639 1595 2012 1654 necessarius.

2128 1599 2256 1653 Θεοῦ
2300 1599 2400 1669 τὴν
2446 1600 2638 1668 σοφίαν
2686 1599 3032 1669 κηρύττουσα
3059 1613 3074 1629 ο
3120 1596 3326 1649 αὐτίκα
3361 1596 3492 1664 γοῦν
3538 1595 3628 1649 καὶ
3673 1597 3698 1646 ὁ

438 1691 507 1743 ab
537 1691 620 1742 his
647 1705 770 1758 qua:
792 1689 934 1741 facta
962 1695 1090 1740 sunt
1122 1687 1446 1753 proveniens
1476 1694 1530 1739 et
1563 1686 1888 1754 sapientiam
1926 1686 2016 1739 Dei

436 1781 767 1849 pnedicans.
799 1779 994 1832 Statim
1030 1795 1159 1847 ergo
1188 1779 1449 1847 pr0pheta
1481 1794 1546 1831 ex
1577 1779 1679 1831 hoc
1707 1777 1876 1831 Deum
1905 1779 2020 1832 lau-

436 1875 549 1936 dat,
582 1890 600 1921 ι
630 1870 732 1935 Qui
775 1869 926 1936 fecit,
963 1869 1161 1937 inquit,
1205 1869 1387 1922 lumen
1420 1879 1473 1922 et
1505 1868 1828 1937 prazparavit
1869 1879 2018 1921 tene-

438 1963 589 2015 bras.
625 1979 643 2011 ι
711 1958 784 2013 De
844 1959 1051 2012 lumine
1107 1959 1326 2027 quidem
1386 1959 1776 2011 convenienter
1835 1958 2015 2012 dicit:

439 2054 544 2116 Qui
597 2052 759 2120 fecit;
805 2051 874 2105 de
927 2050 1163 2104 tenebris
1209 2061 1413 2114 autem,
1463 2048 1820 2117 Prwparavit.
1876 2047 2020 2103 Sunt

436 2146 582 2197 enim
625 2145 878 2198 accidens
906 2143 1178 2212 quoddam
1207 2141 1353 2211 quod
1391 2149 1446 2196 et
1480 2140 1738 2194 consistit
1781 2147 1835 2195 et
1888 2140 2004 2196 dis-

439 2238 696 2291 solvitur.

543 2326 873 2396 QUESTIO
915 2323 1700 2468 σοιιιὲςῗξῧιαειχχνι,
1746 2323 1913 2380 Taur.

605 2492 782 2557 Quare
812 2491 952 2559 ferus
983 2499 1032 2542 et
1074 2489 1287 2557 reptilta
1319 2488 1500 2556 fecerit
1533 2487 1672 2542 Deus
1697 2488 1853 2558 (48)?

2125 1694 2414 1764 προφήτης
2435 1694 2528 1745 καὶ
2548 1691 2796 1744 ἐντεῦθεν
2822 1692 2982 1761 ὑμνεῖ
3002 1690 3092 1743 τὸν
3122 1690 3282 1751 Θεὸν,
3317 1708 3336 1741 ι
3387 1689 3446 1742 Ὀ
3479 1690 3699 1756 ποιήσας

2123 1786 2253 1856 γὰρ,
2289 1785 2446 1855 φησὶ,
2479 1785 2595 1854 φῶς
2625 1787 2718 1838 καὶ
2746 1783 3160 1847 κατασκευάσας
3183 1781 3384 1844 σκότος
3405 1798 3451 1832 ἰ
3489 1781 3580 1833 ἐπὶ
3614 1780 3701 1850 μὲν

2123 1878 2216 1931 τοῦ
2261 1880 2438 1947 φωτὸς
2474 1878 2819 1949 ἁρμοζόντως
2861 1876 3052 1936 εἰπὼν.
3085 1881 3118 1931 ὁ
3174 1875 3454 1941 ποιήσας
3479 1891 3491 1903 °
3536 1874 3624 1926 ἐπὶ
3650 1873 3702 1925 δὲ

2122 1971 2216 2025 τοῦ
2243 1973 2466 2035 σκότους
2487 2011 2504 2036 ,
2538 1969 3030 2035 κατασκευάσας·
3073 1967 3437 2040 συμϐεϐηκὸς
3465 1966 3572 2038 γάρ
3600 1967 3706 2019 ἐστι

2129 2069 2524 2138 συνιστάμενον
2547 2068 2640 2120 καὶ
2665 2066 3035 2136 διαλυόμενον.

2650 2331 2989 2384 ΕΡΩΤΗΣῘΣ
3016 2330 3188 2384 ΣΝΑ’.

2122 2489 2284 2543 Atat!
2316 2488 2387 2541 τὰ
2416 2487 2590 2556 θηρία
2627 2487 2726 2541 καί
2754 2491 2827 2541 τὰ
2847 2487 3061 2556 ἑρπετὰ
3088 2505 3438 2556 πεποιηκεν
3473 2493 3508 2544 ό
3535 2491 3705 2556 Bede;

778 2582 921 2632 Edita
948 2597 974 2630 a
1001 2581 1125 2630 Maio
1161 2582 1218 2645 (l.
1255 2595 1298 2630 c.
1334 2595 1365 2643 p
1408 2581 1516 2640 117,
1553 2581 1661 2641 118,
1694 2596 1745 2644 q.
1771 2583 1905 2646 250).
1942 2611 2004 2621 —
2038 2583 2113 2634 De
2147 2582 2264 2631 leris
2295 2589 2347 2630 et
2372 2581 2631 2645 reptilibus
2659 2595 2685 2630 a
2717 2581 2827 2630 Deo
2858 2583 3050 2630 creatis.
3076 2582 3206 2632 Gen.
3239 2595 3276 2643 ι,
3301 2583 3384 2632 20.

507 2672 668 2727 Pueri
722 2681 836 2725 tum
885 2670 1378 2733 terriculamentis,
1437 2680 1549 2722 tmn
1581 2671 1744 2722 etiam
1792 2670 1927 2724 loris
1972 2680 2028 2725 et

439 2766 612 2836 virgis
646 2765 914 2833 indigent.
951 2763 1018 2816 Et
1049 2778 1146 2831 per
1178 2762 1269 2815 illa
1299 2762 1520 2830 quidem
1560 2761 1709 2830 ipsos
1736 2772 2027 2826 terremus,

440 2874 536 2928 per
571 2858 685 2911 haec
715 2870 895 2911 autem
925 2855 1232 2909 erudimus.
1266 2853 1378 2908 Nos
1413 2869 1544 2923 ergo
1583 2855 1764 2910 sciens
1793 2854 1933 2911 Deus
1963 2856 2028 2909 ad

2195 2672 2374 2723 Δεῖται
2416 2669 2485 2721 τὰ
2521 2667 2710 2721 παιδία
2747 2669 2838 2720 καὶ
2887 2667 3309 2738 μορμολυκείων
3351 2669 3448 2722 καὶ
3481 2669 3710 2736 ἱμάντων

2127 2763 2223 2814 καὶ
2273 2760 2484 2830 ῥάϐδων
2517 2776 2529 2788 ·
2569 2762 2805 2824 καὶτοῖς
2852 2761 2950 2829 μὲν
2981 2759 3118 2813 αὐτὰ
3168 2759 3558 2830 δεδιττόμεθα,
3613 2761 3714 2820 τοῖς

2127 2852 2184 2904 δὲ
2241 2851 2333 2903 καὶ
2389 2849 2741 2918 παιδεύομεν.
2791 2851 2900 2902 Καὶ
2934 2850 3084 2918 ἡμᾶς
3141 2849 3335 2902 τοίνυν
3386 2846 3649 2919 προειδὼς
3689 2846 3716 2896 ό

444 2950 802 3005 indolentiam
837 2963 1162 3019 propensos,
1193 2947 1342 3000 sicut
1375 2945 1652 3002 funiculos
1681 2948 1949 3017 quosdam
1979 2957 2022 3002 el

2131 2943 2261 3006 Θεὸς
2291 2943 2364 3006 ὡς
2401 2945 2480 3006 εἰς
2515 2943 2784 3014 ρᾳθυμίαν
2813 2942 3186 3004 ἐκκλῖνοντας,
3231 2936 3349 2994 οἷον
3377 2942 3607 3010 ἱμάντας
3642 2955 3717 2990 τι·

444 3043 709 3098 terricula
765 3042 910 3095 feras
958 3041 1118 3094 nobis
1172 3040 1500 3109 praeparavit
1543 3048 1603 3093 ut
1648 3040 1716 3094 ab
1762 3039 1870 3095 illis
1916 3049 2022 3095 ter-

2131 3038 2225 3102 νὰς
2253 3037 2286 3107 ἢ
2314 3036 2684 3108 μορμολύκεια
2717 3037 3234 3105 προκατεσκευάσεν
3267 3037 3408 3105 ή-μῖν
3435 3034 3506 3087 τὰ
3531 3032 3715 3103 θηρία’

445 3136 555 3200 riti,
610 3134 678 3188 ad
727 3134 879 3187 illum
925 3132 1268 3186 attrahamus
1320 3142 1374 3185 et
1432 3131 1498 3185 ad
1550 3131 1703 3185 illum
1761 3131 1815 3184 in
1867 3131 2025 3185 auxi-

443 3228 576 3281 lium
643 3227 954 3280 vocandum
1029 3239 1426 3292 praeparentur.
1509 3224 1613 3278 Sed
1672 3227 2027 3294 quemadmo-

445 3323 571 3373 dum
630 3318 799 3372 adulti
867 3316 1145 3370 ittfantiles
1211 3317 1433 3371 timores
1492 3327 1790 3385 Spernunt,
1844 3319 1916 3370 ita
1973 3326 2027 3370 et

445 3411 539 3478 qui
590 3409 643 3462 in
679 3409 879 3461 virtute
926 3407 1236 3460 conﬁrmati
1289 3417 1417 3461 sunt
1465 3407 1705 3460 ferarum
1755 3421 1862 3461 non
1897 3424 2024 3477 per-

447 3504 738 3554 timescunt
786 3501 1062 3556 incursus.
1123 3498 1334 3552 Etenim
1393 3508 1518 3553 ante
1562 3500 1828 3554 Adamum
1879 3510 2025 3556 asta-

373 3614 388 3623 ε
445 3597 582 3650 baut
614 3593 760 3659 ferae,
805 3603 933 3646 ante
966 3601 1279 3662 peccatum,
1310 3593 1627 3647 servitutem
1665 3611 1819 3648 suam
1853 3597 2024 3650 conli-

445 3695 641 3749 tentes,
676 3693 730 3738 et
778 3701 902 3738 cum
935 3683 1044 3738 Noe
1073 3684 1125 3738 in
1166 3699 1293 3738 arca
1339 3685 1652 3740 habitabant
1677 3696 1731 3739 et
1757 3701 1880 3740 cum
1916 3687 2024 3742 Da-

446 3777 554 3830 niel
587 3777 638 3828 in
671 3775 819 3830 fossa
856 3777 1038 3829 leones
1072 3790 1385 3844 quanquam
1417 3776 1536 3830 dira
1570 3775 1714 3830 fame
1757 3778 2022 3846 cruciati;

443 3869 626 3938 vipera
656 3870 842 3931 etiam,
874 3869 1118 3938 Apostoli
1156 3884 1321 3921 manu
1353 3867 1610 3923 dentibus
1644 3880 1891 3939 arrepta,
1925 3887 2025 3926 nec

439 3955 650 4018 peccati
687 3955 958 4012 llarcitate
1006 3968 1059 4010 et
1105 3956 1335 4010 mollitie
1385 3956 1626 4021 inventa,
1661 3972 1784 4011 sese
1822 3966 2020 4011 statum

442 4047 629 4116 dojicit
663 4050 794 4104 etin
835 4047 1012 4111 ἰκιιθιη
1047 4046 1230 4111 irruit,
1261 4048 1418 4116 quasi
1456 4047 1774 4116 sibiu'tetipsi
1804 4063 2021 4116 pcenam

442 4144 693 4213 indigens
721 4159 786 4196 ex
819 4158 885 4195 eo
915 4140 1060 4210 quod
1087 4143 1138 4195 in
1173 4158 1373 4212 corpus
1406 4158 1511 4195 non
1545 4144 1876 4198 conveniens
1905 4159 2025 4198 sese

442 4232 748 4300 iniecisset.
783 4231 954 4286 Nobis
997 4248 1127 4302 ergo
1158 4234 1430 4286 enervatis
1461 4233 1776 4302 providens,
1808 4234 2022 4288 deserta

440 4325 560 4392 illisf
592 4326 712 4379 loca
760 4333 814 4379 et
856 4326 1042 4380 noctis
1084 4337 1296 4393 tempus
1350 4325 1586 4393 partitus
1630 4339 1736 4379 est.
1789 4324 2019 4395 lieptilia

2134 3129 2219 3181 ἵνα
2268 3128 2480 3190 τούτοις
2528 3129 2678 3198 ἡμᾶς
2721 3128 3110 3197 δεδιττόμενος,
3169 3129 3315 3198 πρὸς
3368 3127 3561 3180 ἑαυτὸν
3597 3125 3721 3192 ἕλκῃ

2129 3221 2222 3271 καὶ
2253 3219 2436 3271 καλεῖν
2459 3219 2620 3271 αὑτὸν
2649 3220 2726 3280 είς
2765 3218 3082 3288 συμμαχίαν
3108 3216 3548 3290 παρασκευάζῃ.
3592 3209 3723 3268 Ἀλλ’

2127 3309 2275 3362 ὥσπε
2285 3327 2314 3380 ρ
2337 3312 2384 3360 οἱ
2409 3309 2600 3362 τέλειοι
2622 3309 2730 3362 τῶν
2755 3310 3020 3362 παιδικῶν
3043 3310 3334 3380 δειμάτων
3360 3305 3726 3380 καταφροκοῦ-

2130 3421 2236 3466 σιν,
2283 3405 2425 3458 οὕτω
2462 3404 2556 3456 καὶ
2601 3404 2651 3456 οἱ
2697 3402 2796 3472 τῆς
2819 3403 3017 3474 ἀρετῆς
3048 3403 3320 3476 τρόφιμοι
3348 3403 3454 3466 τὰς
3485 3401 3595 3455 τῶν
3633 3399 3723 3466 θη-

2131 3497 2260 3568 ρίων
2299 3498 2360 3550 οὐ
2385 3497 2724 3566 δειμαίνουσι
2757 3494 3060 3566 προσϐολάς
3087 3512 3100 3525 ·
3160 3498 3264 3549 καί
3291 3497 3408 3566 γὰρ
3445 3493 3527 3565 τῷ
3565 3491 3728 3558 Ἀδὰμ

2128 3589 2237 3660 πρὸ
2273 3589 2374 3660 τῆς
2418 3590 2694 3660 ἁμαρτίας
2739 3590 3098 3660 παρειστήκει
3149 3592 3222 3643 τὰ
3254 3590 3431 3660 θηρία
3485 3589 3585 3657 τὴν
3612 3586 3725 3637 δον-

2125 3681 2275 3734 λείαν
2323 3681 2687 3750 ὁμολογοῦντα
2720 3697 2733 3710 ⁸
2779 3682 2873 3734 καὶ
2909 3682 2986 3751 τῷ
3019 3681 3149 3735 Νῶε
3200 3680 3551 3753 συνῳκὶζετο
3575 3681 3630 3732 ἐν
3667 3677 3726 3743 τῇ

2125 3774 2365 3846 κιϐωτῷο
2397 3776 2493 3828 καὶ
2518 3776 2598 3844 τῷ
2623 3774 2820 3846 Δανιὴλ
2847 3776 2904 3827 ὲν
2929 3774 3008 3845 τῷ
3034 3774 3234 3846 λάκκῳ
3259 3779 3314 3829 οί
3347 3776 3590 3836 λέοντες,
3620 3769 3732 3824 καί·

2124 3888 2207 3924 τοι
2228 3871 2348 3924 λίαν
2373 3869 2733 3941 λιμώττοντες
2772 3888 2784 3900 ο
2828 3871 2918 3924 καὶ
2951 3871 2980 3922 ὁ
3039 3869 3160 3940 ἔχις
3189 3870 3251 3924 δὲ
3289 3874 3361 3940 τῇ
3405 3865 3729 3922 Ἀποστόλου

2127 3963 2272 4034 χειρὶ
2322 3963 2450 4027 τοὺς
2497 3962 2713 4025 ὀδόντας
2764 3960 3019 4031 ἐμϐαλὼν
3053 3964 3153 4015 καὶ
3197 3966 3305 4033 τῆς
3353 3961 3638 4034 ἁμαρτίας
3675 3954 3730 4006 τὸ

2125 4053 2326 4124 χαῦνον
2355 4057 2450 4108 καὶ
2468 4055 2706 4125 χαλαρὸν
2725 4054 2822 4124 οὐχ
2847 4054 3024 4125 εὑρὼν
3049 4054 3397 4126 ἀπεπήδησε
3425 4047 3730 4122 παραυτίκα

2125 4147 2218 4200 καὶ
2284 4147 2428 4200 κατὰ
2473 4150 2574 4217 τῆς
2614 4149 2792 4218 πυρᾶς
2837 4148 3026 4218 ἥλατο,
3089 4146 3297 4218 ὥσπερ
3345 4149 3508 4205 δίκας
3547 4140 3731 4195 ἑαυτὸν

2125 4239 2588 4310 εἰσπραττόμενος
2609 4241 2689 4293 ὅτι
2729 4240 2807 4311 τῷ
2837 4240 3156 4312 μηδαμόθεν
3190 4240 3544 4312 προσήκοντι
3563 4249 3728 4306 προσ-

2124 4331 2280 4384 έὸαλε
2313 4331 2547 4401 σώματι.
2603 4333 2712 4384 Καὶ
2741 4333 2898 4402 ήμῶν
2938 4333 2995 4386 δὲ
3026 4332 3444 4404 ῥᾳθυμούντων
3464 4331 3615 4399 ὅμως
3641 4343 3734 4396 κη-

439 4426 620 4471 autem
649 4417 901 4470 cavernis
935 4416 1238 4486 assignavit
1271 4425 1330 4470 ut
1383 4416 1603 4471 nonnisi
1635 4417 1921 4472 dimculter
1953 4420 2022 4472 ab

2128 4422 2351 4491 δόμενος
2379 4424 2408 4475 ὁ
2452 4421 2606 4487 Θεὸς,
2651 4423 2776 4486 τοὺς
2830 4424 3214 4495 ἐρημοτέρους
3256 4423 3503 4483 ἐκείνοις
3540 4420 3730 4477 τόπους

440 4511 548 4565 illis
585 4511 868 4565 hominum
915 4526 1088 4579 genus
1136 4512 1542 4564 vulneraretur.
1590 4511 1800 4566 Accidit
1842 4523 2024 4566 autem

444 4604 742 4673 aliquando
775 4604 1042 4672 quosdam
1075 4601 1143 4656 ab
1180 4602 1287 4656 illis
1320 4602 1580 4663 sauciari,
1621 4611 1681 4656 ut
1713 4604 2026 4672 {unusquis-

440 4711 547 4764 que
592 4697 788 4749 timens
847 4709 917 4748 ne
968 4694 1148 4748 simile
1179 4694 1439 4748 damnum
1475 4695 1713 4763 patiatur
1764 4693 1832 4749 ad
1874 4695 2025 4749 illum

440 4786 534 4853 qui
594 4795 771 4854 potest
819 4787 1032 4839 salvare
1080 4784 1155 4848 (id
1210 4785 1317 4854 est)
1376 4784 1442 4838 ad
1492 4784 1662 4837 Deum
1721 4787 2023 4855 confugiat_

440 4874 672 4928 Aliunde
705 4887 759 4928 et
801 4876 890 4929 illa
937 4877 1002 4928 ad
1050 4876 1222 4931 multa
1257 4875 1523 4929 salutaria
1568 4876 1806 4930 remedia
1843 4877 2019 4931 inser-

439 4963 614 5018 viunt.
644 4963 814 5019 Nemo
845 4982 977 5036 ergo
1010 4965 1155 5022 feras
1190 4967 1436 5037 singulas
1465 4967 1821 5021 considerans
1850 4967 2021 5020 Crea-

442 5068 612 5112 torem
662 5062 1027 5129 reprehendat
1083 5063 1176 5117 sed
1225 5062 1443 5115 illarum
1496 5061 1788 5113 utilitatem
1835 5061 2022 5129 requi-

439 5159 544 5203 rat.
596 5148 808 5205 Etenim
865 5161 918 5206 et
969 5168 1173 5223 corpus
1226 5153 1526 5206 humanum
1582 5151 1809 5203 multam
1858 5150 2023 5205 habet

440 5243 668 5310 gratiam
723 5253 778 5296 et
807 5244 1152 5298 harmoniam
1203 5253 1252 5299 et
1305 5244 1593 5297 utilitatem
1645 5241 1698 5295 in
1748 5243 2020 5310 partibus.

439 5339 531 5390 sed
567 5335 734 5390 habet
773 5339 936 5392 etiam
968 5339 1216 5408 pituitam
1247 5347 1300 5392 et
1336 5336 1403 5391 ad
1455 5335 1599 5390 illius
1651 5335 2010 5388 secretionem

437 5442 707 5493 recessus,
742 5441 798 5484 et
847 5432 987 5485 male
1019 5431 1253 5486 olentem
1299 5429 1546 5483 odorem.
1591 5424 1784 5480 Nullus
1833 5433 2011 5479 autem

2129 4515 2222 4567 καὶ
2256 4514 2355 4582 τῆς
2383 4516 2576 4578 νυκτὸς
2615 4515 2978 4586 ἀπεκλήρωσε
3023 4516 3118 4570 τὸν
3147 4515 3382 4586 καιρὸν,
3419 4515 3538 4575 τοῖς
3571 4512 3731 4580 ἑρπε-

2125 4609 2236 4669 τοῖς
2255 4605 2310 4658 δὲ
2338 4607 2464 4670 τοὺς
2489 4608 2546 4660 ὲν
2573 4609 2638 4678 τῇ
2677 4610 2746 4678 γῇ
2779 4607 3066 4678 κατένειμε
3098 4625 3173 4678 χη
3186 4607 3434 4678 ραμους,
3469 4606 3621 4664 ὅπως
3661 4598 3732 4669 μὴ

2129 4699 2257 4769 ῥᾷον
2287 4698 2379 4750 ὑπ’
2426 4698 2626 4762 αὐτῶν,
2671 4699 2780 4751 τῶν
2810 4699 3114 4770 ἀνθρώπων
3167 4699 3522 4768 πημαίνοιτο
3553 4696 3612 4748 τὸ
3645 4692 3735 4761 γέ-

2124 4807 2212 4852 νος
2241 4807 2254 4820 ·
2297 4794 2570 4862 συγχωρεῖ
2615 4791 2669 4845 δὲ
2705 4791 2821 4844 ἐσθ’
2859 4793 2948 4844 ὅτε
2976 4793 3156 4854 τινὰς,
3197 4790 3300 4844 ὑπ’
3331 4791 3524 4846 αὐτῶν
3557 4800 3726 4856 παρα·

2127 4879 2458 4934 ϐλάπτεσθαι
2490 4899 2504 4912 ⁸
2534 4881 2611 4944 ὡς
2653 4883 2718 4936 ἂν
2755 4884 2986 4946 ἕκαστος
3023 4881 3222 4946 δεδιὼς
3267 4885 3412 4952 μήτι
3447 4879 3738 4952 παραπλή-

2122 4987 2234 5023 σιον
2261 4972 2446 5045 πάθῃ,
2491 4974 2627 5045 πρὸς
2657 4976 2748 5027 τὸν
2787 4975 3086 5044 δυνάμενον
3137 4973 3352 5038 σώζειν
3404 4973 3545 5025 Θεὸν
3577 4985 3736 5023 κατα·

2120 5061 2300 5131 φεύγῃ
2327 5077 2342 5091 ’
2371 5062 2545 5126 ἄλλως
2577 5082 2636 5116 τε
2676 5064 2732 5116 δὲ
2763 5063 2934 5118 ταῦτα
2964 5065 3058 5116 καὶ
3086 5065 3238 5133 πρὸς
3262 5064 3448 5116 πολλὰ
3483 5064 3598 5114 τῶν
3622 5060 3738 5112 άλεο

2121 5148 2358 5213 ξεκάκων
2399 5153 2708 5223 φαρμάκων
2766 5151 3027 5206 συντελεῖ.
3083 5151 3313 5221 Μηδεὶς
3370 5152 3558 5202 τοίνυν
3614 5143 3739 5198 αὐτὸ

2122 5244 2244 5296 καθ’
2291 5244 2453 5298 ἑαυτὸ
2500 5246 2560 5298 τὸ
2609 5245 2800 5317 θηρίον
2844 5244 3145 5312 ἐξετάζων,
3206 5240 3628 5313 ὲπιμεμφέσθω
3665 5235 3738 5305 τῷ

2125 5337 2352 5408 Ποιητῇ,
2396 5338 2530 5390 ἀλλὰ
2572 5339 2671 5408 τὴν
2723 5341 2913 5410 χρείαν
2960 5337 3348 5406 ἐπιζητείτωο
3380 5336 3510 5392 ἐπεὶ
3553 5327 3738 5385 καὶτὸ

2125 5427 2283 5494 σῶμα
2311 5429 2373 5482 τὸ
2395 5429 2734 5501 ἀνθρώπινον
2757 5431 2954 5501 πολλὴν
2975 5431 3092 5501 ἔχει
3118 5429 3221 5482 καὶ
3257 5429 3419 5501 ὥραν
3451 5427 3548 5481 καὶ
3574 5426 3739 5496 ἁρμοδ-

1947 5517 2159 5572 NOTAE

531 5612 644 5683 (48)
704 5613 797 5668 Est
865 5613 1188 5672 Theodoreti
1253 5616 1395 5672 fetus
1443 5631 1499 5684 q.
1567 5613 1630 5666 18
1693 5612 1744 5666 in
1805 5611 2002 5665 Cenes.
2047 5614 2150 5665 col.
2188 5614 2273 5667 98.
