  <div class='ocr_page' id='page_1' title='image "/cluster/home/n/w/nwhite01/storage/ocr_20150623/101 pt.1/mdp.39015061955830/552.png"; bbox 0 0 3876 6216; ppageno 0'>
   <div class='ocr_carea' id='block_1_1' title="bbox 190 253 313 322">
    <p class='ocr_par' dir='ltr' id='par_1_1' title="bbox 190 253 313 322">
     <span class='ocr_line' id='line_1_1' title="bbox 190 253 313 322; baseline -0.041 1"><span class='ocrx_word' id='word_1_1' title='bbox 190 253 313 322; x_wconf 81' lang='grc'><strong>1057</strong></span> 
     </span>
    </p>
   </div>
   <div class='ocr_carea' id='block_1_2' title="bbox 984 246 2596 323">
    <p class='ocr_par' dir='ltr' id='par_1_2' title="bbox 984 246 2596 323">
     <span class='ocr_line' id='line_1_2' title="bbox 984 246 2596 323; baseline 0.001 -15"><span class='ocrx_word' id='word_1_2' title='bbox 984 249 1080 309; x_wconf 81' lang='grc' dir='ltr'><strong>ΑΙ)</strong></span> <span class='ocrx_word' id='word_1_3' title='bbox 1119 246 1711 309; x_wconf 84' lang='lat' dir='ltr'><strong>AMPHILOCHIUM</strong></span> <span class='ocrx_word' id='word_1_4' title='bbox 1748 246 2091 319; x_wconf 64' lang='lat' dir='ltr'><strong>QUIESTIO</strong></span> <span class='ocrx_word' id='word_1_5' title='bbox 2139 247 2326 323; x_wconf 83' lang='lat' dir='ltr'><strong>CCLI,</strong></span> <span class='ocrx_word' id='word_1_6' title='bbox 2377 248 2596 310; x_wconf 90' lang='lat' dir='ltr'><strong>CCLII.</strong></span> 
     </span>
    </p>
   </div>
   <div class='ocr_carea' id='block_1_3' title="bbox 3294 252 3429 318">
    <p class='ocr_par' dir='ltr' id='par_1_3' title="bbox 3294 252 3429 318">
     <span class='ocr_line' id='line_1_3' title="bbox 3294 252 3429 318; baseline 0.022 -3"><span class='ocrx_word' id='word_1_7' title='bbox 3294 252 3429 318; x_wconf 83' lang='lat'><strong>1058</strong></span> 
     </span>
    </p>
   </div>
   <div class='ocr_carea' id='block_1_4' title="bbox 184 360 1750 435">
    <p class='ocr_par' dir='ltr' id='par_1_4' title="bbox 184 360 1748 435">
     <span class='ocr_line' id='line_1_4' title="bbox 184 360 1748 435; baseline -0.008 -8"><span class='ocrx_word' id='word_1_8' title='bbox 184 373 293 427; x_wconf 86' lang='grc' dir='ltr'>νίαν</span> <span class='ocrx_word' id='word_1_9' title='bbox 325 365 420 420; x_wconf 81' lang='grc' dir='ltr'>καὶ</span> <span class='ocrx_word' id='word_1_10' title='bbox 448 362 559 418; x_wconf 62' lang='grc' dir='ltr'><strong>⁴τῶν</strong></span> <span class='ocrx_word' id='word_1_11' title='bbox 598 362 809 435; x_wconf 90' lang='grc' dir='ltr'>μορίων</span> <span class='ocrx_word' id='word_1_12' title='bbox 831 360 934 433; x_wconf 79' lang='grc' dir='ltr'>τὴν</span> <span class='ocrx_word' id='word_1_13' title='bbox 968 362 1164 433; x_wconf 89' lang='grc' dir='ltr'>χρείαν</span> <span class='ocrx_word' id='word_1_14' title='bbox 1190 377 1207 392; x_wconf 77' lang='grc'><strong><em>⁸</em></strong></span> <span class='ocrx_word' id='word_1_15' title='bbox 1240 360 1357 416; x_wconf 84' lang='grc' dir='ltr'><strong>ἀλλ’</strong></span> <span class='ocrx_word' id='word_1_16' title='bbox 1382 360 1499 431; x_wconf 72' lang='grc' dir='ltr'>ἔχει</span> <span class='ocrx_word' id='word_1_17' title='bbox 1527 360 1625 415; x_wconf 68' lang='grc' dir='ltr'><strong>καλ⁸</strong></span> <span class='ocrx_word' id='word_1_18' title='bbox 1655 361 1748 415; x_wconf 80' lang='grc' dir='ltr'>κό-</span> 
     </span>
    </p>
   </div>
   <div class='ocr_carea' id='block_1_5' title="bbox 1851 360 3432 435">
    <p class='ocr_par' dir='ltr' id='par_1_5' title="bbox 1851 361 3432 423">
     <span class='ocr_line' id='line_1_5' title="bbox 1851 361 3432 423; baseline 0.004 -6"><span class='ocrx_word' id='word_1_19' title='bbox 1851 376 2021 417; x_wconf 86' lang='lat' dir='ltr'><strong>sanus</strong></span> <span class='ocrx_word' id='word_1_20' title='bbox 2050 376 2119 416; x_wconf 86' lang='lat' dir='ltr'><strong>ex</strong></span> <span class='ocrx_word' id='word_1_21' title='bbox 2144 362 2250 417; x_wconf 84' lang='lat' dir='ltr'><strong>hoc</strong></span> <span class='ocrx_word' id='word_1_22' title='bbox 2279 361 2449 417; x_wconf 87' lang='lat' dir='ltr'><strong>vitam</strong></span> <span class='ocrx_word' id='word_1_23' title='bbox 2491 363 2801 419; x_wconf 75' lang='lat' dir='ltr'><strong>accusabit.</strong></span> <span class='ocrx_word' id='word_1_24' title='bbox 2834 362 2964 420; x_wconf 87' lang='lat' dir='ltr'><strong>Sine</strong></span> <span class='ocrx_word' id='word_1_25' title='bbox 2995 362 3146 421; x_wconf 86' lang='lat' dir='ltr'><strong>enim</strong></span> <span class='ocrx_word' id='word_1_26' title='bbox 3200 364 3310 423; x_wconf 84' lang='lat' dir='ltr'><strong>illis</strong></span> <span class='ocrx_word' id='word_1_27' title='bbox 3347 370 3432 423; x_wconf 64' lang='lat' dir='ltr'><strong>vi-</strong></span> 
     </span>
    </p>
   </div>
   <div class='ocr_carea' id='block_1_6' title="bbox 186 451 1750 536">
    <p class='ocr_par' dir='ltr' id='par_1_6' title="bbox 186 451 1750 536">
     <span class='ocr_line' id='line_1_6' title="bbox 186 451 1750 536; baseline -0.005 -23"><span class='ocrx_word' id='word_1_28' title='bbox 186 462 341 536; x_wconf 76' lang='grc' dir='ltr'>ρυζαν</span> <span class='ocrx_word' id='word_1_29' title='bbox 370 452 467 511; x_wconf 77' lang='grc' dir='ltr'><strong>καὶ</strong></span> <span class='ocrx_word' id='word_1_30' title='bbox 500 454 730 509; x_wconf 80' lang='grc' dir='ltr'><strong>πτύελον</strong></span> <span class='ocrx_word' id='word_1_31' title='bbox 760 456 857 511; x_wconf 79' lang='grc' dir='ltr'><strong>καὶ</strong></span> <span class='ocrx_word' id='word_1_32' title='bbox 886 453 1097 525; x_wconf 83' lang='grc' dir='ltr'><strong>δυσώδη</strong></span> <span class='ocrx_word' id='word_1_33' title='bbox 1142 454 1349 523; x_wconf 86' lang='grc' dir='ltr'>κόπρον</span> <span class='ocrx_word' id='word_1_34' title='bbox 1375 470 1391 486; x_wconf 88' lang='grc'>·</span> <span class='ocrx_word' id='word_1_35' title='bbox 1438 451 1553 507; x_wconf 81' lang='grc' dir='ltr'>ἀλλ’</span> <span class='ocrx_word' id='word_1_36' title='bbox 1575 452 1750 517; x_wconf 80' lang='grc' dir='ltr'>οὐδεὶς</span> 
     </span>
    </p>
   </div>
   <div class='ocr_carea' id='block_1_7' title="bbox 183 545 1753 622">
    <p class='ocr_par' dir='ltr' id='par_1_7' title="bbox 183 545 1753 622">
     <span class='ocr_line' id='line_1_7' title="bbox 183 545 1753 622; baseline -0.006 -15"><span class='ocrx_word' id='word_1_37' title='bbox 183 554 240 607; x_wconf 80' lang='grc' dir='ltr'>εὖ</span> <span class='ocrx_word' id='word_1_38' title='bbox 265 546 474 622; x_wconf 77' lang='grc' dir='ltr'>φρονῶν</span> <span class='ocrx_word' id='word_1_39' title='bbox 503 546 615 601; x_wconf 77' lang='grc' dir='ltr'><strong>ἀπὸ</strong></span> <span class='ocrx_word' id='word_1_40' title='bbox 647 548 857 610; x_wconf 82' lang='grc' dir='ltr'>τούτων</span> <span class='ocrx_word' id='word_1_41' title='bbox 893 545 1138 601; x_wconf 80' lang='grc' dir='ltr'>διαϐάλοι</span> <span class='ocrx_word' id='word_1_42' title='bbox 1173 545 1233 598; x_wconf 87' lang='grc' dir='ltr'>τὸ</span> <span class='ocrx_word' id='word_1_43' title='bbox 1263 545 1402 609; x_wconf 81' lang='grc' dir='ltr'>ζῶον</span> <span class='ocrx_word' id='word_1_44' title='bbox 1435 563 1450 577; x_wconf 87' lang='grc'><strong>·</strong></span> <span class='ocrx_word' id='word_1_45' title='bbox 1485 545 1611 616; x_wconf 88' lang='grc' dir='ltr'>δίχα</span> <span class='ocrx_word' id='word_1_46' title='bbox 1643 545 1753 615; x_wconf 90' lang='lat'><strong>7&amp;9</strong></span> 
     </span>
    </p>
   </div>
   <div class='ocr_carea' id='block_1_8' title="bbox 181 635 1753 712">
    <p class='ocr_par' dir='ltr' id='par_1_8' title="bbox 181 635 1753 712">
     <span class='ocr_line' id='line_1_8' title="bbox 181 635 1753 712; baseline -0.006 -16"><span class='ocrx_word' id='word_1_47' title='bbox 181 644 373 699; x_wconf 78' lang='grc' dir='ltr'>τούτων</span> <span class='ocrx_word' id='word_1_48' title='bbox 392 638 607 712; x_wconf 84' lang='grc' dir='ltr'>βιῶναι,</span> <span class='ocrx_word' id='word_1_49' title='bbox 638 638 750 694; x_wconf 87' lang='grc' dir='ltr'><strong>τῶν</strong></span> <span class='ocrx_word' id='word_1_50' title='bbox 772 639 1047 694; x_wconf 83' lang='grc' dir='ltr'>ἀδυνάτων</span> <span class='ocrx_word' id='word_1_51' title='bbox 1071 652 1087 668; x_wconf 78' lang='grc'><strong><em>⁸</em></strong></span> <span class='ocrx_word' id='word_1_52' title='bbox 1118 637 1209 691; x_wconf 71' lang='grc' dir='ltr'>διὰ</span> <span class='ocrx_word' id='word_1_53' title='bbox 1233 638 1340 708; x_wconf 85' lang='grc' dir='ltr'>γὰρ</span> <span class='ocrx_word' id='word_1_54' title='bbox 1362 635 1568 690; x_wconf 87' lang='grc' dir='ltr'>τούτων</span> <span class='ocrx_word' id='word_1_55' title='bbox 1594 636 1753 707; x_wconf 81' lang='grc' dir='ltr'>ἀρδό-</span> 
     </span>
    </p>
   </div>
   <div class='ocr_carea' id='block_1_9' title="bbox 186 726 1752 802">
    <p class='ocr_par' dir='ltr' id='par_1_9' title="bbox 186 726 1752 802">
     <span class='ocr_line' id='line_1_9' title="bbox 186 726 1752 802; baseline -0.004 -18"><span class='ocrx_word' id='word_1_56' title='bbox 186 747 336 802; x_wconf 81' lang='grc' dir='ltr'>μενον</span> <span class='ocrx_word' id='word_1_57' title='bbox 367 728 584 799; x_wconf 74' lang='grc' dir='ltr'>τίθηλε,</span> <span class='ocrx_word' id='word_1_58' title='bbox 620 730 716 781; x_wconf 83' lang='grc' dir='ltr'>καὶ</span> <span class='ocrx_word' id='word_1_59' title='bbox 747 730 978 800; x_wconf 79' lang='grc' dir='ltr'>αἵματος</span> <span class='ocrx_word' id='word_1_60' title='bbox 1002 728 1099 782; x_wconf 77' lang='grc' dir='ltr'><strong>καὶ</strong></span> <span class='ocrx_word' id='word_1_61' title='bbox 1130 728 1439 796; x_wconf 75' lang='grc' dir='ltr'><strong>φλέγματος</strong></span> <span class='ocrx_word' id='word_1_62' title='bbox 1470 727 1566 779; x_wconf 79' lang='grc' dir='ltr'>καὶ</span> <span class='ocrx_word' id='word_1_63' title='bbox 1589 726 1752 797; x_wconf 83' lang='grc' dir='ltr'><strong>χολῆς</strong></span> 
     </span>
    </p>
   </div>
   <div class='ocr_carea' id='block_1_10' title="bbox 181 816 1754 892">
    <p class='ocr_par' dir='ltr' id='par_1_10' title="bbox 181 816 1754 892">
     <span class='ocr_line' id='line_1_10' title="bbox 181 816 1754 892; baseline -0.004 -15"><span class='ocrx_word' id='word_1_64' title='bbox 181 821 458 892; x_wconf 79' lang='grc' dir='ltr'><strong>ἑκατέρας·</strong></span> <span class='ocrx_word' id='word_1_65' title='bbox 482 821 602 876; x_wconf 83' lang='grc' dir='ltr'><strong>ἀλλ’</strong></span> <span class='ocrx_word' id='word_1_66' title='bbox 628 820 818 891; x_wconf 83' lang='grc' dir='ltr'>ὥσπερ</span> <span class='ocrx_word' id='word_1_67' title='bbox 850 819 940 874; x_wconf 80' lang='grc' dir='ltr'><strong>διὰ</strong></span> <span class='ocrx_word' id='word_1_68' title='bbox 961 819 1168 874; x_wconf 86' lang='grc' dir='ltr'>τούτων</span> <span class='ocrx_word' id='word_1_69' title='bbox 1193 818 1546 887; x_wconf 81' lang='grc' dir='ltr'><strong>συνέστηκεν,</strong></span> <span class='ocrx_word' id='word_1_70' title='bbox 1579 816 1754 880; x_wconf 77' lang='grc' dir='ltr'>οὕτως</span> 
     </span>
    </p>
   </div>
   <div class='ocr_carea' id='block_1_11' title="bbox 180 908 1758 983">
    <p class='ocr_par' dir='ltr' id='par_1_11' title="bbox 180 908 1758 983">
     <span class='ocr_line' id='line_1_11' title="bbox 180 908 1758 983; baseline -0.004 -15"><span class='ocrx_word' id='word_1_71' title='bbox 180 914 262 968; x_wconf 70' lang='grc' dir='ltr'><strong>διὰ</strong></span> <span class='ocrx_word' id='word_1_72' title='bbox 278 915 480 968; x_wconf 80' lang='grc' dir='ltr'>τούτων</span> <span class='ocrx_word' id='word_1_73' title='bbox 501 915 621 978; x_wconf 86' lang='grc' dir='ltr'>ἐνὸς</span> <span class='ocrx_word' id='word_1_74' title='bbox 646 912 758 969; x_wconf 91' lang='grc' dir='ltr'><strong>τῶν</strong></span> <span class='ocrx_word' id='word_1_75' title='bbox 786 912 1100 983; x_wconf 75' lang='grc' dir='ltr'><strong>εἰρημένων</strong></span> <span class='ocrx_word' id='word_1_76' title='bbox 1129 910 1522 974; x_wconf 82' lang='grc' dir='ltr'><strong>πλεονάσαντος</strong></span> <span class='ocrx_word' id='word_1_77' title='bbox 1545 908 1758 979; x_wconf 80' lang='grc' dir='ltr'>ἧέλλεί·</span> 
     </span>
    </p>
   </div>
   <div class='ocr_carea' id='block_1_12' title="bbox 181 1001 1751 1074">
    <p class='ocr_par' dir='ltr' id='par_1_12' title="bbox 181 1001 1751 1074">
     <span class='ocr_line' id='line_1_12' title="bbox 181 1001 1751 1074; baseline -0.003 -15"><span class='ocrx_word' id='word_1_78' title='bbox 181 1006 368 1074; x_wconf 78' lang='grc' dir='ltr'>ψαντος</span> <span class='ocrx_word' id='word_1_79' title='bbox 392 1005 661 1060; x_wconf 82' lang='grc' dir='ltr'><strong>διόλλυται</strong></span> <span class='ocrx_word' id='word_1_80' title='bbox 684 1020 700 1036; x_wconf 78' lang='grc'><strong>’</strong></span> <span class='ocrx_word' id='word_1_81' title='bbox 728 1005 823 1059; x_wconf 74' lang='grc' dir='ltr'><strong>καὶ</strong></span> <span class='ocrx_word' id='word_1_82' title='bbox 860 1002 1154 1058; x_wconf 83' lang='grc' dir='ltr'><strong>σκυταλίδα</strong></span> <span class='ocrx_word' id='word_1_83' title='bbox 1183 1003 1239 1056; x_wconf 81' lang='grc' dir='ltr'><strong>εί</strong></span> <span class='ocrx_word' id='word_1_84' title='bbox 1257 1019 1343 1065; x_wconf 89' lang='grc' dir='ltr'>τις</span> <span class='ocrx_word' id='word_1_85' title='bbox 1381 1003 1610 1073; x_wconf 77' lang='grc' dir='ltr'>ἐκτέμοι</span> <span class='ocrx_word' id='word_1_86' title='bbox 1641 1001 1751 1055; x_wconf 88' lang='grc' dir='ltr'><strong>τῶν</strong></span> 
     </span>
    </p>
   </div>
   <div class='ocr_carea' id='block_1_13' title="bbox 177 1092 1757 1167">
    <p class='ocr_par' dir='ltr' id='par_1_13' title="bbox 177 1092 1757 1167">
     <span class='ocr_line' id='line_1_13' title="bbox 177 1092 1757 1167; baseline -0.003 -17"><span class='ocrx_word' id='word_1_87' title='bbox 177 1095 447 1151; x_wconf 81' lang='grc' dir='ltr'><strong>δακτύλων</strong></span> <span class='ocrx_word' id='word_1_88' title='bbox 490 1096 685 1167; x_wconf 72' lang='grc' dir='ltr'>ὄψεται</span> <span class='ocrx_word' id='word_1_89' title='bbox 704 1094 878 1167; x_wconf 80' lang='grc' dir='ltr'>αὐτὴν</span> <span class='ocrx_word' id='word_1_90' title='bbox 927 1092 1208 1158; x_wconf 82' lang='grc' dir='ltr'><strong>παντελῶς</strong></span> <span class='ocrx_word' id='word_1_91' title='bbox 1249 1094 1540 1165; x_wconf 83' lang='grc' dir='ltr'>ἄχρηστον.</span> <span class='ocrx_word' id='word_1_92' title='bbox 1579 1094 1757 1167; x_wconf 89' lang='grc' dir='ltr'>Προσ-</span> 
     </span>
    </p>
   </div>
   <div class='ocr_carea' id='block_1_14' title="bbox 182 1180 1759 1256">
    <p class='ocr_par' dir='ltr' id='par_1_14' title="bbox 182 1180 1759 1256">
     <span class='ocr_line' id='line_1_14' title="bbox 182 1180 1759 1256; baseline -0.003 -16"><span class='ocrx_word' id='word_1_93' title='bbox 182 1188 299 1256; x_wconf 77' lang='grc' dir='ltr'>ήκει</span> <span class='ocrx_word' id='word_1_94' title='bbox 362 1186 422 1239; x_wconf 80' lang='grc' dir='ltr'><strong>δέ</strong></span> <span class='ocrx_word' id='word_1_95' title='bbox 460 1186 552 1240; x_wconf 84' lang='grc' dir='ltr'>διὰ</span> <span class='ocrx_word' id='word_1_96' title='bbox 594 1184 756 1238; x_wconf 81' lang='grc' dir='ltr'>τοῦτο</span> <span class='ocrx_word' id='word_1_97' title='bbox 809 1184 907 1239; x_wconf 62' lang='grc' dir='ltr'><strong>καὶ⁸</strong></span> <span class='ocrx_word' id='word_1_98' title='bbox 951 1185 1097 1256; x_wconf 77' lang='grc' dir='ltr'>ἡμᾶς</span> <span class='ocrx_word' id='word_1_99' title='bbox 1136 1182 1216 1255; x_wconf 80' lang='grc' dir='ltr'>μὴ</span> <span class='ocrx_word' id='word_1_100' title='bbox 1252 1183 1549 1239; x_wconf 73' lang='grc' dir='ltr'>αὐτὸκαθ’</span> <span class='ocrx_word' id='word_1_101' title='bbox 1597 1180 1759 1237; x_wconf 83' lang='grc' dir='ltr'>ἑαυτὸ</span> 
     </span>
    </p>
   </div>
   <div class='ocr_carea' id='block_1_15' title="bbox 180 1274 1755 1350">
    <p class='ocr_par' dir='ltr' id='par_1_15' title="bbox 180 1274 1755 1350">
     <span class='ocr_line' id='line_1_15' title="bbox 180 1274 1755 1350; baseline -0.001 -20"><span class='ocrx_word' id='word_1_102' title='bbox 180 1276 604 1348; x_wconf 77' lang='grc' dir='ltr'>ἀπομερίζοντας</span> <span class='ocrx_word' id='word_1_103' title='bbox 646 1274 744 1330; x_wconf 85' lang='grc' dir='ltr'>τοῦ</span> <span class='ocrx_word' id='word_1_104' title='bbox 777 1275 976 1342; x_wconf 80' lang='grc' dir='ltr'>παντὸς</span> <span class='ocrx_word' id='word_1_105' title='bbox 1009 1276 1240 1332; x_wconf 72' lang='grc' dir='ltr'>ἕκαστον</span> <span class='ocrx_word' id='word_1_106' title='bbox 1281 1277 1446 1350; x_wconf 83' lang='grc' dir='ltr'>μέρος</span> <span class='ocrx_word' id='word_1_107' title='bbox 1478 1274 1755 1341; x_wconf 69' lang='grc' dir='ltr'>ἐξετάζειν</span> 
     </span>
    </p>
   </div>
   <div class='ocr_carea' id='block_1_16' title="bbox 178 1369 1752 1441">
    <p class='ocr_par' dir='ltr' id='par_1_16' title="bbox 178 1369 1752 1441">
     <span class='ocr_line' id='line_1_16' title="bbox 178 1369 1752 1441; baseline -0.002 -16"><span class='ocrx_word' id='word_1_108' title='bbox 178 1372 267 1441; x_wconf 84' lang='grc' dir='ltr'>τῆς</span> <span class='ocrx_word' id='word_1_109' title='bbox 293 1370 524 1435; x_wconf 81' lang='grc' dir='ltr'>κτίσεως</span> <span class='ocrx_word' id='word_1_110' title='bbox 548 1386 562 1400; x_wconf 85' lang='grc'><strong>·</strong></span> <span class='ocrx_word' id='word_1_111' title='bbox 601 1370 739 1426; x_wconf 83' lang='grc' dir='ltr'><strong>ἀλλὰ</strong></span> <span class='ocrx_word' id='word_1_112' title='bbox 766 1370 949 1441; x_wconf 74' lang='grc' dir='ltr'>ζητεῖν</span> <span class='ocrx_word' id='word_1_113' title='bbox 974 1370 1071 1425; x_wconf 77' lang='grc' dir='ltr'>καὶ</span> <span class='ocrx_word' id='word_1_114' title='bbox 1098 1372 1420 1426; x_wconf 76' lang='grc' dir='ltr'>ἐπισκοπεῖν</span> <span class='ocrx_word' id='word_1_115' title='bbox 1446 1371 1495 1424; x_wconf 89' lang='grc' dir='ltr'>εἰ</span> <span class='ocrx_word' id='word_1_116' title='bbox 1532 1369 1609 1440; x_wconf 85' lang='grc' dir='ltr'>τῷ</span> <span class='ocrx_word' id='word_1_117' title='bbox 1637 1385 1752 1423; x_wconf 80' lang='grc' dir='ltr'>κοι-</span> 
     </span>
    </p>
   </div>
   <div class='ocr_carea' id='block_1_17' title="bbox 176 1461 1749 1535">
    <p class='ocr_par' dir='ltr' id='par_1_17' title="bbox 176 1461 1749 1535">
     <span class='ocr_line' id='line_1_17' title="bbox 176 1461 1749 1535; baseline -0.003 -18"><span class='ocrx_word' id='word_1_118' title='bbox 176 1461 247 1532; x_wconf 81' lang='grc' dir='ltr'>νῷ</span> <span class='ocrx_word' id='word_1_119' title='bbox 281 1463 469 1533; x_wconf 78' lang='grc' dir='ltr'>χρείαν</span> <span class='ocrx_word' id='word_1_120' title='bbox 485 1462 606 1517; x_wconf 80' lang='grc' dir='ltr'>τινὰ</span> <span class='ocrx_word' id='word_1_121' title='bbox 639 1462 901 1516; x_wconf 81' lang='grc' dir='ltr'>συντελεῖ.</span> <span class='ocrx_word' id='word_1_122' title='bbox 944 1462 1054 1516; x_wconf 77' lang='grc' dir='ltr'><strong>Καὶ</strong></span> <span class='ocrx_word' id='word_1_123' title='bbox 1080 1462 1148 1516; x_wconf 76' lang='grc' dir='ltr'>τὰ</span> <span class='ocrx_word' id='word_1_124' title='bbox 1181 1463 1346 1535; x_wconf 92' lang='grc' dir='ltr'>θηρία</span> <span class='ocrx_word' id='word_1_125' title='bbox 1380 1461 1612 1516; x_wconf 83' lang='grc' dir='ltr'><strong>αἰδεῖται</strong></span> <span class='ocrx_word' id='word_1_126' title='bbox 1647 1461 1749 1530; x_wconf 81' lang='grc' dir='ltr'>μὲν</span> 
     </span>
    </p>
   </div>
   <div class='ocr_carea' id='block_1_18' title="bbox 1849 454 3434 529">
    <p class='ocr_par' dir='ltr' id='par_1_18' title="bbox 1849 454 3434 529">
     <span class='ocr_line' id='line_1_18' title="bbox 1849 454 3434 529; baseline 0.005 -22"><span class='ocrx_word' id='word_1_127' title='bbox 1849 469 1979 510; x_wconf 84' lang='lat' dir='ltr'><strong>vere</strong></span> <span class='ocrx_word' id='word_1_128' title='bbox 2009 454 2348 524; x_wconf 79' lang='lat' dir='ltr'><strong>impossibile</strong></span> <span class='ocrx_word' id='word_1_129' title='bbox 2376 466 2487 522; x_wconf 90' lang='lat' dir='ltr'><strong>est;</strong></span> <span class='ocrx_word' id='word_1_130' title='bbox 2527 469 2593 510; x_wconf 78' lang='lat' dir='ltr'><strong>ex</strong></span> <span class='ocrx_word' id='word_1_131' title='bbox 2628 456 2735 511; x_wconf 91' lang='lat' dir='ltr'><strong>hoc</strong></span> <span class='ocrx_word' id='word_1_132' title='bbox 2766 456 2913 512; x_wconf 89' lang='lat' dir='ltr'><strong>enim</strong></span> <span class='ocrx_word' id='word_1_133' title='bbox 2945 457 3124 515; x_wconf 88' lang='lat' dir='ltr'><strong>oritur</strong></span> <span class='ocrx_word' id='word_1_134' title='bbox 3151 458 3302 529; x_wconf 89' lang='lat' dir='ltr'><strong>quod</strong></span> <span class='ocrx_word' id='word_1_135' title='bbox 3345 475 3434 515; x_wconf 90' lang='lat' dir='ltr'><strong>re-</strong></span> 
     </span>
    </p>
   </div>
   <div class='ocr_carea' id='block_1_19' title="bbox 1849 543 3432 615">
    <p class='ocr_par' dir='ltr' id='par_1_19' title="bbox 1849 543 3432 615">
     <span class='ocr_line' id='line_1_19' title="bbox 1849 543 3432 615; baseline 0.002 -16"><span class='ocrx_word' id='word_1_136' title='bbox 1849 543 2076 613; x_wconf 80' lang='lat' dir='ltr'><strong>frigerat</strong></span> <span class='ocrx_word' id='word_1_137' title='bbox 2100 553 2156 599; x_wconf 91' lang='lat' dir='ltr'><strong>et</strong></span> <span class='ocrx_word' id='word_1_138' title='bbox 2178 545 2504 615; x_wconf 84' lang='lat' dir='ltr'><strong>sanguinem</strong></span> <span class='ocrx_word' id='word_1_139' title='bbox 2533 552 2590 601; x_wconf 87' lang='lat' dir='ltr'><strong>et</strong></span> <span class='ocrx_word' id='word_1_140' title='bbox 2621 546 2901 611; x_wconf 89' lang='lat' dir='ltr'><strong>ardorem,</strong></span> <span class='ocrx_word' id='word_1_141' title='bbox 2937 556 2993 602; x_wconf 90' lang='lat' dir='ltr'><strong>et</strong></span> <span class='ocrx_word' id='word_1_142' title='bbox 3016 548 3185 603; x_wconf 88' lang='lat' dir='ltr'><strong>bilem</strong></span> <span class='ocrx_word' id='word_1_143' title='bbox 3219 558 3432 604; x_wconf 88' lang='lat' dir='ltr'><strong>utram-</strong></span> 
     </span>
    </p>
   </div>
   <div class='ocr_carea' id='block_1_20' title="bbox 1849 633 3433 704">
    <p class='ocr_par' dir='ltr' id='par_1_20' title="bbox 1849 633 3433 704">
     <span class='ocr_line' id='line_1_20' title="bbox 1849 633 3433 704; baseline 0.002 -16"><span class='ocrx_word' id='word_1_144' title='bbox 1849 649 1977 704; x_wconf 86' lang='lat' dir='ltr'><strong>que.</strong></span> <span class='ocrx_word' id='word_1_145' title='bbox 2015 633 2121 689; x_wconf 85' lang='lat' dir='ltr'><strong>Sed</strong></span> <span class='ocrx_word' id='word_1_146' title='bbox 2166 635 2310 689; x_wconf 89' lang='lat' dir='ltr'><strong>sicut</strong></span> <span class='ocrx_word' id='word_1_147' title='bbox 2345 648 2443 704; x_wconf 87' lang='lat' dir='ltr'><strong>per</strong></span> <span class='ocrx_word' id='word_1_148' title='bbox 2473 634 2563 689; x_wconf 90' lang='lat' dir='ltr'><strong>illa</strong></span> <span class='ocrx_word' id='word_1_149' title='bbox 2593 635 2868 699; x_wconf 71' lang='lat' dir='ltr'><strong>consistit,</strong></span> <span class='ocrx_word' id='word_1_150' title='bbox 2899 635 2975 690; x_wconf 85' lang='lat' dir='ltr'><strong>ita</strong></span> <span class='ocrx_word' id='word_1_151' title='bbox 3015 652 3081 691; x_wconf 81' lang='lat' dir='ltr'><strong>ex</strong></span> <span class='ocrx_word' id='word_1_152' title='bbox 3113 636 3275 693; x_wconf 89' lang='lat' dir='ltr'><strong>dictis</strong></span> <span class='ocrx_word' id='word_1_153' title='bbox 3320 652 3433 691; x_wconf 93' lang='lat' dir='ltr'><strong>uno</strong></span> 
     </span>
    </p>
   </div>
   <div class='ocr_carea' id='block_1_21' title="bbox 1851 725 3434 800">
    <p class='ocr_par' dir='ltr' id='par_1_21' title="bbox 1851 725 3434 800">
     <span class='ocr_line' id='line_1_21' title="bbox 1851 725 3434 800; baseline 0.004 -22"><span class='ocrx_word' id='word_1_154' title='bbox 1851 726 1938 780; x_wconf 86' lang='lat' dir='ltr'><strong>vel</strong></span> <span class='ocrx_word' id='word_1_155' title='bbox 1969 725 2477 795; x_wconf 85' lang='lat' dir='ltr'><strong>superabundante,</strong></span> <span class='ocrx_word' id='word_1_156' title='bbox 2510 727 2598 782; x_wconf 89' lang='lat' dir='ltr'><strong>vel</strong></span> <span class='ocrx_word' id='word_1_157' title='bbox 2626 727 2916 783; x_wconf 77' lang='lat' dir='ltr'><strong>deﬁciente</strong></span> <span class='ocrx_word' id='word_1_158' title='bbox 2947 728 3176 799; x_wconf 85' lang='lat' dir='ltr'><strong>deperit.</strong></span> <span class='ocrx_word' id='word_1_159' title='bbox 3219 727 3277 785; x_wconf 90' lang='lat' dir='ltr'><strong>Si</strong></span> <span class='ocrx_word' id='word_1_160' title='bbox 3309 729 3434 800; x_wconf 88' lang='lat' dir='ltr'><strong>quis</strong></span> 
     </span>
    </p>
   </div>
   <div class='ocr_carea' id='block_1_22' title="bbox 1852 818 3432 890">
    <p class='ocr_par' dir='ltr' id='par_1_22' title="bbox 1852 818 3432 890">
     <span class='ocr_line' id='line_1_22' title="bbox 1852 818 3432 890; baseline 0.001 -17"><span class='ocrx_word' id='word_1_161' title='bbox 1852 819 1999 873; x_wconf 90' lang='lat' dir='ltr'><strong>enim</strong></span> <span class='ocrx_word' id='word_1_162' title='bbox 2037 834 2202 873; x_wconf 89' lang='lat' dir='ltr'><strong>unam</strong></span> <span class='ocrx_word' id='word_1_163' title='bbox 2234 818 2391 889; x_wconf 82' lang='lat' dir='ltr'><strong>digiti</strong></span> <span class='ocrx_word' id='word_1_164' title='bbox 2435 827 2646 890; x_wconf 87' lang='lat' dir='ltr'><strong>partem</strong></span> <span class='ocrx_word' id='word_1_165' title='bbox 2683 820 3001 886; x_wconf 83' lang='lat' dir='ltr'><strong>absciderit,</strong></span> <span class='ocrx_word' id='word_1_166' title='bbox 3042 821 3317 876; x_wconf 80' lang='lat' dir='ltr'><strong>videbitur</strong></span> <span class='ocrx_word' id='word_1_167' title='bbox 3343 821 3432 875; x_wconf 88' lang='lat' dir='ltr'><strong>illa</strong></span> 
     </span>
    </p>
   </div>
   <div class='ocr_carea' id='block_1_23' title="bbox 1853 910 3434 983">
    <p class='ocr_par' dir='ltr' id='par_1_23' title="bbox 1853 910 3434 983">
     <span class='ocr_line' id='line_1_23' title="bbox 1853 910 3434 983; baseline 0.004 -20"><span class='ocrx_word' id='word_1_168' title='bbox 1853 910 2083 964; x_wconf 91' lang='lat' dir='ltr'><strong>omnino</strong></span> <span class='ocrx_word' id='word_1_169' title='bbox 2114 910 2362 978; x_wconf 89' lang='lat' dir='ltr'><strong>inutilis;</strong></span> <span class='ocrx_word' id='word_1_170' title='bbox 2390 911 2646 966; x_wconf 88' lang='lat' dir='ltr'><strong>convenit</strong></span> <span class='ocrx_word' id='word_1_171' title='bbox 2677 927 2810 983; x_wconf 89' lang='lat' dir='ltr'><strong>ergo</strong></span> <span class='ocrx_word' id='word_1_172' title='bbox 2838 927 2941 969; x_wconf 91' lang='lat' dir='ltr'><strong>nos</strong></span> <span class='ocrx_word' id='word_1_173' title='bbox 2970 926 3079 968; x_wconf 88' lang='lat' dir='ltr'><strong>non</strong></span> <span class='ocrx_word' id='word_1_174' title='bbox 3119 913 3434 983; x_wconf 73' lang='lat' dir='ltr'><strong>singulatim</strong></span> 
     </span>
    </p>
   </div>
   <div class='ocr_carea' id='block_1_24' title="bbox 1855 1005 3435 1075">
    <p class='ocr_par' dir='ltr' id='par_1_24' title="bbox 1855 1005 3435 1075">
     <span class='ocr_line' id='line_1_24' title="bbox 1855 1005 3435 1075; baseline 0.004 -19"><span class='ocrx_word' id='word_1_175' title='bbox 1855 1017 2307 1074; x_wconf 85' lang='lat' dir='ltr'><strong>unamquamque</strong></span> <span class='ocrx_word' id='word_1_176' title='bbox 2359 1005 2529 1061; x_wconf 86' lang='lat' dir='ltr'><strong>totius</strong></span> <span class='ocrx_word' id='word_1_177' title='bbox 2564 1014 2773 1075; x_wconf 87' lang='lat' dir='ltr'><strong>partem</strong></span> <span class='ocrx_word' id='word_1_178' title='bbox 2836 1006 3135 1063; x_wconf 70' lang='lat' dir='ltr'><strong>ornationis</strong></span> <span class='ocrx_word' id='word_1_179' title='bbox 3182 1006 3435 1063; x_wconf 83' lang='lat' dir='ltr'><strong>conside—</strong></span> 
     </span>
    </p>
   </div>
   <div class='ocr_carea' id='block_1_25' title="bbox 1856 1096 3435 1170">
    <p class='ocr_par' dir='ltr' id='par_1_25' title="bbox 1856 1096 3435 1170">
     <span class='ocr_line' id='line_1_25' title="bbox 1856 1096 3435 1170; baseline 0.002 -21"><span class='ocrx_word' id='word_1_180' title='bbox 1856 1108 2022 1161; x_wconf 88' lang='lat' dir='ltr'><strong>rare,</strong></span> <span class='ocrx_word' id='word_1_181' title='bbox 2080 1096 2177 1150; x_wconf 91' lang='lat' dir='ltr'><strong>sed</strong></span> <span class='ocrx_word' id='word_1_182' title='bbox 2242 1111 2487 1167; x_wconf 71' lang='lat' dir='ltr'><strong>quaerere</strong></span> <span class='ocrx_word' id='word_1_183' title='bbox 2534 1108 2591 1153; x_wconf 90' lang='lat' dir='ltr'><strong>et</strong></span> <span class='ocrx_word' id='word_1_184' title='bbox 2634 1099 2910 1170; x_wconf 85' lang='lat' dir='ltr'><strong>inspicere</strong></span> <span class='ocrx_word' id='word_1_185' title='bbox 2969 1110 3156 1155; x_wconf 85' lang='lat' dir='ltr'><strong>utrum</strong></span> <span class='ocrx_word' id='word_1_186' title='bbox 3212 1099 3435 1155; x_wconf 86' lang='lat' dir='ltr'><strong>utilitati</strong></span> 
     </span>
    </p>
   </div>
   <div class='ocr_carea' id='block_1_26' title="bbox 1856 1185 3433 1258">
    <p class='ocr_par' dir='ltr' id='par_1_26' title="bbox 1856 1185 3433 1258">
     <span class='ocr_line' id='line_1_26' title="bbox 1856 1185 3433 1258; baseline 0.003 -19"><span class='ocrx_word' id='word_1_187' title='bbox 1856 1185 2138 1240; x_wconf 91' lang='lat' dir='ltr'><strong>communi</strong></span> <span class='ocrx_word' id='word_1_188' title='bbox 2172 1187 2359 1258; x_wconf 85' lang='lat' dir='ltr'><strong>aliquo</strong></span> <span class='ocrx_word' id='word_1_189' title='bbox 2406 1188 2571 1245; x_wconf 90' lang='lat' dir='ltr'><strong>modo</strong></span> <span class='ocrx_word' id='word_1_190' title='bbox 2617 1189 2942 1246; x_wconf 82' lang='lat' dir='ltr'><strong>inserviant.</strong></span> <span class='ocrx_word' id='word_1_191' title='bbox 2973 1189 3125 1247; x_wconf 64' lang='lat' dir='ltr'><strong>Ferat</strong></span> <span class='ocrx_word' id='word_1_192' title='bbox 3152 1191 3433 1246; x_wconf 78' lang='lat' dir='ltr'><strong>hominem</strong></span> 
     </span>
    </p>
   </div>
   <div class='ocr_carea' id='block_1_27' title="bbox 1855 1274 3435 1351">
    <p class='ocr_par' dir='ltr' id='par_1_27' title="bbox 1855 1274 3435 1351">
     <span class='ocr_line' id='line_1_27' title="bbox 1855 1274 3435 1351; baseline 0.004 -23"><span class='ocrx_word' id='word_1_193' title='bbox 1855 1274 2272 1344; x_wconf 87' lang='lat' dir='ltr'><strong>pertimescunt,</strong></span> <span class='ocrx_word' id='word_1_194' title='bbox 2313 1286 2535 1348; x_wconf 80' lang='lat' dir='ltr'><strong>propter</strong></span> <span class='ocrx_word' id='word_1_195' title='bbox 2572 1288 2897 1349; x_wconf 85' lang='lat' dir='ltr'><strong>potestatem</strong></span> <span class='ocrx_word' id='word_1_196' title='bbox 2941 1279 3019 1335; x_wconf 90' lang='lat' dir='ltr'><strong>illi</strong></span> <span class='ocrx_word' id='word_1_197' title='bbox 3050 1294 3217 1351; x_wconf 86' lang='lat' dir='ltr'><strong>super</strong></span> <span class='ocrx_word' id='word_1_198' title='bbox 3245 1278 3368 1334; x_wconf 89' lang='lat' dir='ltr'><strong>illas</strong></span> <span class='ocrx_word' id='word_1_199' title='bbox 3400 1293 3435 1334; x_wconf 85' lang='lat' dir='ltr'><strong>a</strong></span> 
     </span>
    </p>
   </div>
   <div class='ocr_carea' id='block_1_28' title="bbox 1859 1368 3433 1441">
    <p class='ocr_par' dir='ltr' id='par_1_28' title="bbox 1859 1368 3433 1441">
     <span class='ocr_line' id='line_1_28' title="bbox 1859 1368 3433 1441; baseline 0.003 -20"><span class='ocrx_word' id='word_1_200' title='bbox 1859 1368 2133 1439; x_wconf 90' lang='lat' dir='ltr'><strong>principio</strong></span> <span class='ocrx_word' id='word_1_201' title='bbox 2167 1372 2373 1426; x_wconf 88' lang='lat' dir='ltr'><strong>datam.</strong></span> <span class='ocrx_word' id='word_1_202' title='bbox 2405 1370 2543 1437; x_wconf 85' lang='lat' dir='ltr'><strong>Quia</strong></span> <span class='ocrx_word' id='word_1_203' title='bbox 2576 1381 2759 1427; x_wconf 87' lang='lat' dir='ltr'><strong>autem</strong></span> <span class='ocrx_word' id='word_1_204' title='bbox 2780 1371 2953 1441; x_wconf 82' lang='lat' dir='ltr'><strong>legem</strong></span> <span class='ocrx_word' id='word_1_205' title='bbox 2979 1371 3219 1426; x_wconf 84' lang='lat' dir='ltr'><strong>divinam</strong></span> <span class='ocrx_word' id='word_1_206' title='bbox 3251 1378 3433 1426; x_wconf 86' lang='lat' dir='ltr'><strong>trans-</strong></span> 
     </span>
    </p>
   </div>
   <div class='ocr_carea' id='block_1_29' title="bbox 1876 1462 3078 1534">
    <p class='ocr_par' dir='ltr' id='par_1_29' title="bbox 1876 1462 3078 1534">
     <span class='ocr_line' id='line_1_29' title="bbox 1876 1462 3078 1534; baseline 0.003 -21"><span class='ocrx_word' id='word_1_207' title='bbox 1876 1475 2099 1529; x_wconf 76' lang='lat' dir='ltr'><strong>gressus</strong></span> <span class='ocrx_word' id='word_1_208' title='bbox 2134 1463 2255 1527; x_wconf 73' lang='lat' dir='ltr'><strong>iuit,</strong></span> <span class='ocrx_word' id='word_1_209' title='bbox 2288 1462 2583 1532; x_wconf 87' lang='lat' dir='ltr'><strong>aliquando</strong></span> <span class='ocrx_word' id='word_1_210' title='bbox 2608 1463 2757 1518; x_wconf 89' lang='lat' dir='ltr'><strong>illum</strong></span> <span class='ocrx_word' id='word_1_211' title='bbox 2792 1471 3078 1534; x_wconf 86' lang='lat' dir='ltr'><strong>spernunt.</strong></span> 
     </span>
    </p>
   </div>
   <div class='ocr_carea' id='block_1_30' title="bbox 174 1551 3431 1627">
    <p class='ocr_par' dir='ltr' id='par_1_30' title="bbox 174 1551 3431 1627">
     <span class='ocr_line' id='line_1_30' title="bbox 174 1551 3431 1627; baseline -0.001 -19"><span class='ocrx_word' id='word_1_212' title='bbox 174 1556 259 1609; x_wconf 78' lang='grc' dir='ltr'>τὸν</span> <span class='ocrx_word' id='word_1_213' title='bbox 283 1555 571 1627; x_wconf 73' lang='grc' dir='ltr'>ἄνθρωπον</span> <span class='ocrx_word' id='word_1_214' title='bbox 598 1555 688 1611; x_wconf 82' lang='grc' dir='ltr'><strong>διὰ</strong></span> <span class='ocrx_word' id='word_1_215' title='bbox 709 1554 807 1626; x_wconf 82' lang='grc' dir='ltr'>τὴν</span> <span class='ocrx_word' id='word_1_216' title='bbox 829 1554 890 1623; x_wconf 80' lang='grc' dir='ltr'>ἐξ</span> <span class='ocrx_word' id='word_1_217' title='bbox 923 1555 1098 1627; x_wconf 81' lang='grc' dir='ltr'>ἀρχῆς</span> <span class='ocrx_word' id='word_1_218' title='bbox 1132 1555 1280 1627; x_wconf 82' lang='grc' dir='ltr'><strong>αὐτῷ</strong></span> <span class='ocrx_word' id='word_1_219' title='bbox 1306 1556 1555 1611; x_wconf 86' lang='grc' dir='ltr'>δοθεῖσαν</span> <span class='ocrx_word' id='word_1_220' title='bbox 1590 1551 1840 1620; x_wconf 78' lang='grc' dir='ltr'>ἐξουσίαν</span> <span class='ocrx_word' id='word_1_221' title='bbox 1872 1555 1994 1608; x_wconf 85' lang='grc' dir='ltr'>κατ’</span> <span class='ocrx_word' id='word_1_222' title='bbox 2065 1554 2246 1609; x_wconf 82' lang='grc' dir='ltr'>αὐτῶν</span> <span class='ocrx_word' id='word_1_223' title='bbox 2270 1572 2284 1585; x_wconf 89' lang='grc'><strong>·</strong></span> <span class='ocrx_word' id='word_1_224' title='bbox 2318 1554 2765 1626; x_wconf 77' lang='grc' dir='ltr'>παραϐεϐηκόῑος</span> <span class='ocrx_word' id='word_1_225' title='bbox 2821 1555 2879 1609; x_wconf 87' lang='grc' dir='ltr'><strong>δὲ</strong></span> <span class='ocrx_word' id='word_1_226' title='bbox 2939 1553 3030 1609; x_wconf 81' lang='grc' dir='ltr'>τὸν</span> <span class='ocrx_word' id='word_1_227' title='bbox 3068 1554 3209 1607; x_wconf 86' lang='grc' dir='ltr'>θεῖον</span> <span class='ocrx_word' id='word_1_228' title='bbox 3267 1552 3431 1623; x_wconf 88' lang='grc' dir='ltr'>νόμον</span> 
     </span>
    </p>
   </div>
   <div class='ocr_carea' id='block_1_31' title="bbox 175 1647 815 1721">
    <p class='ocr_par' dir='ltr' id='par_1_31' title="bbox 175 1647 815 1721">
     <span class='ocr_line' id='line_1_31' title="bbox 175 1647 815 1721; baseline -0.003 -19"><span class='ocrx_word' id='word_1_229' title='bbox 175 1647 316 1702; x_wconf 80' lang='grc' dir='ltr'>ἐστιν</span> <span class='ocrx_word' id='word_1_230' title='bbox 349 1649 441 1703; x_wconf 84' lang='grc' dir='ltr'>ὅτε</span> <span class='ocrx_word' id='word_1_231' title='bbox 470 1650 815 1721; x_wconf 81' lang='grc' dir='ltr'>καταφρονεῖ.</span> 
     </span>
    </p>
   </div>
   <div class='ocr_carea' id='block_1_32' title="bbox 688 1763 1229 1818">
    <p class='ocr_par' dir='ltr' id='par_1_32' title="bbox 688 1763 1229 1818">
     <span class='ocr_line' id='line_1_32' title="bbox 688 1763 1229 1818; baseline 0.002 -1"><span class='ocrx_word' id='word_1_232' title='bbox 688 1763 1026 1818; x_wconf 84' lang='grc' dir='ltr'><strong>ΕΡΩἸῊΣΙΣ</strong></span> <span class='ocrx_word' id='word_1_233' title='bbox 1058 1764 1229 1818; x_wconf 86' lang='grc' dir='ltr'><strong>ΣΝΒ¹.</strong></span> 
     </span>
    </p>
   </div>
   <div class='ocr_carea' id='block_1_33' title="bbox 179 1824 1747 1922">
    <p class='ocr_par' dir='ltr' id='par_1_33' title="bbox 179 1824 1747 1922">
     <span class='ocr_line' id='line_1_33' title="bbox 179 1824 1747 1922; baseline -0.002 -17"><span class='ocrx_word' id='word_1_234' title='bbox 179 1852 293 1907; x_wconf 81' lang='grc' dir='ltr'>Τίνι</span> <span class='ocrx_word' id='word_1_235' title='bbox 316 1854 350 1908; x_wconf 82' lang='grc' dir='ltr'><strong>ό</strong></span> <span class='ocrx_word' id='word_1_236' title='bbox 375 1853 526 1920; x_wconf 82' lang='grc' dir='ltr'><strong>Θεὸς</strong></span> <span class='ocrx_word' id='word_1_237' title='bbox 558 1854 790 1922; x_wconf 79' lang='grc' dir='ltr'>ειρηκε’</span> <span class='ocrx_word' id='word_1_238' title='bbox 828 1871 849 1905; x_wconf 80' lang='grc' dir='ltr'><strong>ι</strong></span> <span class='ocrx_word' id='word_1_239' title='bbox 882 1854 1237 1921; x_wconf 74' lang='grc' dir='ltr'><strong>Ποιήσωμεν</strong></span> <span class='ocrx_word' id='word_1_240' title='bbox 1263 1824 1581 1919; x_wconf 75' lang='grc' dir='ltr'>ἄνθρωπον</span> <span class='ocrx_word' id='word_1_241' title='bbox 1620 1848 1747 1903; x_wconf 77' lang='grc' dir='ltr'>κατ’</span> 
     </span>
    </p>
   </div>
   <div class='ocr_carea' id='block_1_34' title="bbox 336 1922 1574 1994">
    <p class='ocr_par' dir='ltr' id='par_1_34' title="bbox 336 1922 1574 1994">
     <span class='ocr_line' id='line_1_34' title="bbox 336 1922 1574 1994; baseline -0.006 -15"><span class='ocrx_word' id='word_1_242' title='bbox 336 1925 546 1979; x_wconf 68' lang='grc' dir='ltr'>εἰκόνα</span> <span class='ocrx_word' id='word_1_243' title='bbox 572 1926 866 1994; x_wconf 70' lang='grc' dir='ltr'>ἡμετέραν</span> <span class='ocrx_word' id='word_1_244' title='bbox 893 1924 993 1977; x_wconf 76' lang='grc' dir='ltr'><strong>καὶ</strong></span> <span class='ocrx_word' id='word_1_245' title='bbox 1022 1924 1153 1979; x_wconf 83' lang='grc' dir='ltr'>καθ’</span> <span class='ocrx_word' id='word_1_246' title='bbox 1180 1922 1506 1992; x_wconf 84' lang='grc' dir='ltr'>ὀμοίωσιν;</span> <span class='ocrx_word' id='word_1_247' title='bbox 1555 1937 1574 1971; x_wconf 75' lang='grc' dir='ltr'><strong>ι</strong></span> 
     </span>
    </p>
   </div>
   <div class='ocr_carea' id='block_1_35' title="bbox 2347 1755 2934 1823">
    <p class='ocr_par' dir='ltr' id='par_1_35' title="bbox 2347 1755 2934 1823">
     <span class='ocr_line' id='line_1_35' title="bbox 2347 1755 2934 1823; baseline -0.005 -10"><span class='ocrx_word' id='word_1_248' title='bbox 2347 1755 2684 1823; x_wconf 74' lang='grc' dir='ltr'><strong>ΩυιΕδΤΙΟ</strong></span> <span class='ocrx_word' id='word_1_249' title='bbox 2734 1756 2934 1812; x_wconf 86' lang='lat' dir='ltr'><strong>CCLII.</strong></span> 
     </span>
    </p>
   </div>
   <div class='ocr_carea' id='block_1_36' title="bbox 1855 1847 3431 1920">
    <p class='ocr_par' dir='ltr' id='par_1_36' title="bbox 1855 1847 3431 1920">
     <span class='ocr_line' id='line_1_36' title="bbox 1855 1847 3431 1920; baseline 0.001 -17"><span class='ocrx_word' id='word_1_250' title='bbox 1855 1847 2087 1903; x_wconf 87' lang='lat' dir='ltr'><strong>Cuinam</strong></span> <span class='ocrx_word' id='word_1_251' title='bbox 2124 1847 2266 1903; x_wconf 82' lang='lat' dir='ltr'><strong>Deus</strong></span> <span class='ocrx_word' id='word_1_252' title='bbox 2290 1848 2489 1903; x_wconf 73' lang='lat' dir='ltr'><strong>dixerit</strong></span> <span class='ocrx_word' id='word_1_253' title='bbox 2515 1865 2535 1902; x_wconf 91' lang='lat'><strong><em>:</em></strong></span> <span class='ocrx_word' id='word_1_254' title='bbox 2558 1847 2851 1902; x_wconf 75' lang='lat' dir='ltr'><strong>Faciamus</strong></span> <span class='ocrx_word' id='word_1_255' title='bbox 2877 1849 3139 1920; x_wconf 71' lang='lat' dir='ltr'><strong>hominem</strong></span> <span class='ocrx_word' id='word_1_256' title='bbox 3153 1848 3224 1920; x_wconf 86' lang='lat' dir='ltr'><strong>ad</strong></span> <span class='ocrx_word' id='word_1_257' title='bbox 3242 1849 3431 1920; x_wconf 81' lang='lat' dir='ltr'><strong>imagi-</strong></span> 
     </span>
    </p>
   </div>
   <div class='ocr_carea' id='block_1_37' title="bbox 2072 1918 3214 1989">
    <p class='ocr_par' dir='ltr' id='par_1_37' title="bbox 2072 1918 3214 1989">
     <span class='ocr_line' id='line_1_37' title="bbox 2072 1918 3214 1989; baseline 0.003 -18"><span class='ocrx_word' id='word_1_258' title='bbox 2072 1934 2188 1972; x_wconf 88' lang='lat' dir='ltr'><strong>nem</strong></span> <span class='ocrx_word' id='word_1_259' title='bbox 2237 1930 2285 1972; x_wconf 87' lang='lat' dir='ltr'><strong>et</strong></span> <span class='ocrx_word' id='word_1_260' title='bbox 2331 1920 2741 1973; x_wconf 71' lang='lat' dir='ltr'><strong>similitudinem</strong></span> <span class='ocrx_word' id='word_1_261' title='bbox 2790 1928 3028 1973; x_wconf 82' lang='lat' dir='ltr'><strong>nostram</strong></span> <span class='ocrx_word' id='word_1_262' title='bbox 3058 1918 3214 1989; x_wconf 67' lang='lat'><strong>(49)?</strong></span> 
     </span>
    </p>
   </div>
   <div class='ocr_carea' id='block_1_38' title="bbox 821 2032 2763 2100">
    <p class='ocr_par' dir='ltr' id='par_1_38' title="bbox 821 2032 2763 2100">
     <span class='ocr_line' id='line_1_38' title="bbox 821 2032 2763 2100; baseline -0.003 -11"><span class='ocrx_word' id='word_1_263' title='bbox 821 2038 965 2089; x_wconf 85' lang='lat' dir='ltr'><strong>Edita</strong></span> <span class='ocrx_word' id='word_1_264' title='bbox 998 2052 1025 2088; x_wconf 85' lang='lat' dir='ltr'><strong>a</strong></span> <span class='ocrx_word' id='word_1_265' title='bbox 1055 2038 1183 2089; x_wconf 74' lang='lat' dir='ltr'><strong>Maio</strong></span> <span class='ocrx_word' id='word_1_266' title='bbox 1213 2036 1273 2098; x_wconf 89' lang='lat'><strong>(1.</strong></span> <span class='ocrx_word' id='word_1_267' title='bbox 1296 2050 1342 2087; x_wconf 89' lang='lat' dir='ltr'><strong>c.</strong></span> <span class='ocrx_word' id='word_1_268' title='bbox 1366 2050 1417 2100; x_wconf 92' lang='lat' dir='ltr'><strong>p.</strong></span> <span class='ocrx_word' id='word_1_269' title='bbox 1445 2034 1557 2096; x_wconf 79' lang='grc'>118,</span> <span class='ocrx_word' id='word_1_270' title='bbox 1589 2033 1703 2093; x_wconf 82' lang='grc'>119,</span> <span class='ocrx_word' id='word_1_271' title='bbox 1725 2032 1933 2096; x_wconf 65' lang='lat'><strong>(1.251).</strong></span> <span class='ocrx_word' id='word_1_272' title='bbox 1970 2060 2033 2070; x_wconf 87' lang='lat'><em>-</em></span> <span class='ocrx_word' id='word_1_273' title='bbox 2068 2034 2366 2097; x_wconf 81' lang='lat' dir='ltr'><strong>Explanatio</strong></span> <span class='ocrx_word' id='word_1_274' title='bbox 2396 2036 2448 2085; x_wconf 90' lang='lat' dir='ltr'><strong>in</strong></span> <span class='ocrx_word' id='word_1_275' title='bbox 2472 2035 2595 2086; x_wconf 89' lang='lat' dir='ltr'><strong>Gen.</strong></span> <span class='ocrx_word' id='word_1_276' title='bbox 2621 2050 2658 2093; x_wconf 81' lang='grc' dir='ltr'><strong>ι,</strong></span> <span class='ocrx_word' id='word_1_277' title='bbox 2686 2034 2763 2084; x_wconf 76' lang='lat'><strong>26.</strong></span> 
     </span>
    </p>
   </div>
   <div class='ocr_carea' id='block_1_39' title="bbox 238 2118 1750 2195">
    <p class='ocr_par' dir='ltr' id='par_1_39' title="bbox 238 2119 1744 2195">
     <span class='ocr_line' id='line_1_39' title="bbox 238 2119 1744 2195; baseline -0.002 -20"><span class='ocrx_word' id='word_1_278' title='bbox 238 2121 493 2194; x_wconf 87' lang='grc' dir='ltr'>Δηλονότι</span> <span class='ocrx_word' id='word_1_279' title='bbox 538 2122 619 2193; x_wconf 79' lang='grc' dir='ltr'>τῷ</span> <span class='ocrx_word' id='word_1_280' title='bbox 643 2124 917 2195; x_wconf 81' lang='grc' dir='ltr'>δμοουσίῳ</span> <span class='ocrx_word' id='word_1_281' title='bbox 965 2125 1062 2179; x_wconf 78' lang='grc' dir='ltr'><strong>καὶ</strong></span> <span class='ocrx_word' id='word_1_282' title='bbox 1091 2125 1388 2192; x_wconf 83' lang='grc' dir='ltr'>ταυτοφυεῖ</span> <span class='ocrx_word' id='word_1_283' title='bbox 1412 2120 1536 2176; x_wconf 85' lang='grc' dir='ltr'>Υίεῖ</span> <span class='ocrx_word' id='word_1_284' title='bbox 1565 2136 1579 2150; x_wconf 92' lang='grc'><strong>·</strong></span> <span class='ocrx_word' id='word_1_285' title='bbox 1618 2119 1744 2173; x_wconf 82' lang='grc' dir='ltr'><strong>τού-</strong></span> 
     </span>
    </p>
   </div>
   <div class='ocr_carea' id='block_1_40' title="bbox 1851 2118 3433 2195">
    <p class='ocr_par' dir='ltr' id='par_1_40' title="bbox 1917 2118 3433 2190">
     <span class='ocr_line' id='line_1_40' title="bbox 1917 2118 3433 2190; baseline 0.003 -18"><span class='ocrx_word' id='word_1_286' title='bbox 1917 2118 2211 2177; x_wconf 84' lang='lat' dir='ltr'><strong>Evidenter</strong></span> <span class='ocrx_word' id='word_1_287' title='bbox 2257 2136 2360 2177; x_wconf 92' lang='lat' dir='ltr'><strong>suo</strong></span> <span class='ocrx_word' id='word_1_288' title='bbox 2427 2120 2886 2178; x_wconf 85' lang='lat' dir='ltr'><strong>consubstantiali</strong></span> <span class='ocrx_word' id='word_1_289' title='bbox 2935 2127 2991 2176; x_wconf 91' lang='lat' dir='ltr'><strong>et</strong></span> <span class='ocrx_word' id='word_1_290' title='bbox 3049 2120 3297 2190; x_wconf 86' lang='lat' dir='ltr'><strong>ejusdem</strong></span> <span class='ocrx_word' id='word_1_291' title='bbox 3339 2136 3433 2176; x_wconf 87' lang='lat' dir='ltr'><strong>na-</strong></span> 
     </span>
    </p>
   </div>
   <div class='ocr_carea' id='block_1_41' title="bbox 171 2211 1749 2288">
    <p class='ocr_par' dir='ltr' id='par_1_41' title="bbox 171 2211 1749 2288">
     <span class='ocr_line' id='line_1_41' title="bbox 171 2211 1749 2288; baseline -0.002 -20"><span class='ocrx_word' id='word_1_292' title='bbox 171 2232 271 2268; x_wconf 86' lang='grc' dir='ltr'><strong>των</strong></span> <span class='ocrx_word' id='word_1_293' title='bbox 296 2217 408 2288; x_wconf 85' lang='grc' dir='ltr'>γὰρ</span> <span class='ocrx_word' id='word_1_294' title='bbox 440 2217 537 2271; x_wconf 76' lang='grc' dir='ltr'>καὶ</span> <span class='ocrx_word' id='word_1_295' title='bbox 564 2217 663 2287; x_wconf 87' lang='grc' dir='ltr'><strong>μία</strong></span> <span class='ocrx_word' id='word_1_296' title='bbox 688 2215 911 2271; x_wconf 85' lang='grc' dir='ltr'>δύναται</span> <span class='ocrx_word' id='word_1_297' title='bbox 933 2214 1190 2285; x_wconf 82' lang='grc' dir='ltr'>γενέσθαι</span> <span class='ocrx_word' id='word_1_298' title='bbox 1222 2211 1408 2269; x_wconf 80' lang='grc' dir='ltr'>εἰκών.</span> <span class='ocrx_word' id='word_1_299' title='bbox 1427 2214 1491 2268; x_wconf 86' lang='grc' dir='ltr'><strong>Οί</strong></span> <span class='ocrx_word' id='word_1_300' title='bbox 1526 2211 1586 2266; x_wconf 77' lang='grc' dir='ltr'><strong>δὲ</strong></span> <span class='ocrx_word' id='word_1_301' title='bbox 1612 2211 1749 2283; x_wconf 84' lang='grc' dir='ltr'>πρὸς</span> 
     </span>
    </p>
   </div>
   <div class='ocr_carea' id='block_1_42' title="bbox 170 2305 1751 2381">
    <p class='ocr_par' dir='ltr' id='par_1_42' title="bbox 170 2305 1751 2381">
     <span class='ocr_line' id='line_1_42' title="bbox 170 2305 1751 2381; baseline -0.001 -21"><span class='ocrx_word' id='word_1_302' title='bbox 170 2308 287 2371; x_wconf 78' lang='grc' dir='ltr'>τοὺς</span> <span class='ocrx_word' id='word_1_303' title='bbox 304 2307 576 2378; x_wconf 74' lang='grc' dir='ltr'><strong>ἀγγέλους</strong></span> <span class='ocrx_word' id='word_1_304' title='bbox 599 2308 850 2381; x_wconf 76' lang='grc' dir='ltr'>εἰρῆσθαι</span> <span class='ocrx_word' id='word_1_305' title='bbox 871 2307 1032 2363; x_wconf 72' lang='grc' dir='ltr'>τοῦτο</span> <span class='ocrx_word' id='word_1_306' title='bbox 1063 2307 1559 2381; x_wconf 82' lang='grc' dir='ltr'>παραληρήσαντες</span> <span class='ocrx_word' id='word_1_307' title='bbox 1595 2305 1751 2376; x_wconf 85' lang='grc' dir='ltr'>αἱρε-</span> 
     </span>
    </p>
   </div>
   <div class='ocr_carea' id='block_1_43' title="bbox 171 2396 1753 2473">
    <p class='ocr_par' dir='ltr' id='par_1_43' title="bbox 171 2396 1753 2473">
     <span class='ocr_line' id='line_1_43' title="bbox 171 2396 1753 2473; baseline 0.001 -22"><span class='ocrx_word' id='word_1_308' title='bbox 171 2400 326 2467; x_wconf 71' lang='grc' dir='ltr'>τικοὶ,</span> <span class='ocrx_word' id='word_1_309' title='bbox 358 2401 459 2455; x_wconf 82' lang='grc' dir='ltr'>καὶ</span> <span class='ocrx_word' id='word_1_310' title='bbox 481 2401 619 2473; x_wconf 87' lang='grc' dir='ltr'>πρός</span> <span class='ocrx_word' id='word_1_311' title='bbox 644 2417 708 2469; x_wconf 90' lang='grc' dir='ltr'>γε</span> <span class='ocrx_word' id='word_1_312' title='bbox 737 2401 864 2465; x_wconf 84' lang='grc' dir='ltr'>τοὺς</span> <span class='ocrx_word' id='word_1_313' title='bbox 892 2400 1155 2472; x_wconf 86' lang='grc' dir='ltr'>δαίμονας</span> <span class='ocrx_word' id='word_1_314' title='bbox 1190 2400 1253 2453; x_wconf 86' lang='grc' dir='ltr'><strong>τὺ</strong></span> <span class='ocrx_word' id='word_1_315' title='bbox 1282 2397 1608 2468; x_wconf 80' lang='grc' dir='ltr'>ἀθεώτερον,</span> <span class='ocrx_word' id='word_1_316' title='bbox 1630 2396 1753 2453; x_wconf 90' lang='grc' dir='ltr'>λίαν</span> 
     </span>
    </p>
   </div>
   <div class='ocr_carea' id='block_1_44' title="bbox 175 2489 1753 2567">
    <p class='ocr_par' dir='ltr' id='par_1_44' title="bbox 175 2489 1753 2567">
     <span class='ocr_line' id='line_1_44' title="bbox 175 2489 1753 2567; baseline 0 -23"><span class='ocrx_word' id='word_1_317' title='bbox 175 2493 304 2547; x_wconf 83' lang='grc' dir='ltr'>είσὶν</span> <span class='ocrx_word' id='word_1_318' title='bbox 330 2496 555 2567; x_wconf 76' lang='grc' dir='ltr'>ἀνόητοι</span> <span class='ocrx_word' id='word_1_319' title='bbox 588 2511 603 2526; x_wconf 77' lang='grc' dir='ltr'><strong>ο</strong></span> <span class='ocrx_word' id='word_1_320' title='bbox 642 2494 765 2549; x_wconf 89' lang='grc' dir='ltr'>τίνα</span> <span class='ocrx_word' id='word_1_321' title='bbox 792 2494 903 2565; x_wconf 88' lang='lat'><strong>7&amp;9</strong></span> <span class='ocrx_word' id='word_1_322' title='bbox 946 2494 1233 2549; x_wconf 82' lang='grc' dir='ltr'>κοινωνίαν</span> <span class='ocrx_word' id='word_1_323' title='bbox 1276 2492 1391 2563; x_wconf 77' lang='grc' dir='ltr'><strong>ἔχει</strong></span> <span class='ocrx_word' id='word_1_324' title='bbox 1422 2490 1586 2546; x_wconf 86' lang='grc' dir='ltr'>είκὼν</span> <span class='ocrx_word' id='word_1_325' title='bbox 1616 2489 1753 2544; x_wconf 84' lang='grc' dir='ltr'><strong>Θεοῦ</strong></span> 
     </span>
    </p>
   </div>
   <div class='ocr_carea' id='block_1_45' title="bbox 168 2581 1754 2660">
    <p class='ocr_par' dir='ltr' id='par_1_45' title="bbox 168 2581 1754 2660">
     <span class='ocr_line' id='line_1_45' title="bbox 168 2581 1754 2660; baseline -0.002 -21"><span class='ocrx_word' id='word_1_326' title='bbox 168 2587 258 2641; x_wconf 76' lang='grc' dir='ltr'><strong>καὶ</strong></span> <span class='ocrx_word' id='word_1_327' title='bbox 284 2588 537 2658; x_wconf 73' lang='grc' dir='ltr'>ἀγγέλων</span> <span class='ocrx_word' id='word_1_328' title='bbox 574 2587 898 2660; x_wconf 83' lang='grc' dir='ltr'>ἢδαιμόνων</span> <span class='ocrx_word' id='word_1_329' title='bbox 921 2602 938 2654; x_wconf 90' lang='lat'><strong>;</strong></span> <span class='ocrx_word' id='word_1_330' title='bbox 980 2581 1083 2642; x_wconf 77' lang='grc' dir='ltr'>Ὧν</span> <span class='ocrx_word' id='word_1_331' title='bbox 1111 2585 1222 2655; x_wconf 89' lang='lat'><strong>7&amp;9</strong></span> <span class='ocrx_word' id='word_1_332' title='bbox 1248 2584 1410 2640; x_wconf 82' lang='grc' dir='ltr'>οὐσία</span> <span class='ocrx_word' id='word_1_333' title='bbox 1436 2583 1754 2656; x_wconf 82' lang='grc' dir='ltr'>άσυγκρίτῳ</span> 
     </span>
    </p>
   </div>
   <div class='ocr_carea' id='block_1_46' title="bbox 169 2672 1752 2750">
    <p class='ocr_par' dir='ltr' id='par_1_46' title="bbox 169 2672 1752 2750">
     <span class='ocr_line' id='line_1_46' title="bbox 169 2672 1752 2750; baseline -0.002 -21"><span class='ocrx_word' id='word_1_334' title='bbox 169 2675 304 2747; x_wconf 86' lang='grc' dir='ltr'>λόγῳ</span> <span class='ocrx_word' id='word_1_335' title='bbox 327 2678 631 2750; x_wconf 82' lang='grc' dir='ltr'>διενήνοχε,</span> <span class='ocrx_word' id='word_1_336' title='bbox 653 2676 735 2740; x_wconf 88' lang='grc' dir='ltr'><strong>τίς</strong></span> <span class='ocrx_word' id='word_1_337' title='bbox 758 2676 975 2749; x_wconf 84' lang='grc' dir='ltr'>μηχανὴ</span> <span class='ocrx_word' id='word_1_338' title='bbox 1003 2675 1212 2730; x_wconf 88' lang='grc' dir='ltr'>τούτων</span> <span class='ocrx_word' id='word_1_339' title='bbox 1239 2674 1338 2747; x_wconf 82' lang='grc' dir='ltr'>τὴν</span> <span class='ocrx_word' id='word_1_340' title='bbox 1366 2673 1536 2744; x_wconf 72' lang='grc' dir='ltr'>αὐτὴν</span> <span class='ocrx_word' id='word_1_341' title='bbox 1566 2672 1752 2727; x_wconf 77' lang='grc' dir='ltr'>εἰκόνα</span> 
     </span>
    </p>
   </div>
   <div class='ocr_carea' id='block_1_47' title="bbox 170 2764 1753 2841">
    <p class='ocr_par' dir='ltr' id='par_1_47' title="bbox 170 2764 1753 2841">
     <span class='ocr_line' id='line_1_47' title="bbox 170 2764 1753 2841; baseline -0.002 -19"><span class='ocrx_word' id='word_1_342' title='bbox 170 2768 457 2841; x_wconf 72' lang='grc' dir='ltr'>ἐννοῆσαι;</span> <span class='ocrx_word' id='word_1_343' title='bbox 531 2769 804 2825; x_wconf 82' lang='grc' dir='ltr'>Ἰουδαίων</span> <span class='ocrx_word' id='word_1_344' title='bbox 856 2769 965 2840; x_wconf 87' lang='lat'><strong>7&amp;9</strong></span> <span class='ocrx_word' id='word_1_345' title='bbox 1000 2769 1068 2824; x_wconf 81' lang='grc' dir='ltr'>ἄν</span> <span class='ocrx_word' id='word_1_346' title='bbox 1110 2785 1196 2833; x_wconf 88' lang='grc' dir='ltr'><strong>τις</strong></span> <span class='ocrx_word' id='word_1_347' title='bbox 1235 2768 1333 2821; x_wconf 74' lang='grc' dir='ltr'>καὶ</span> <span class='ocrx_word' id='word_1_348' title='bbox 1372 2767 1621 2837; x_wconf 86' lang='grc' dir='ltr'>γελάσειε</span> <span class='ocrx_word' id='word_1_349' title='bbox 1650 2764 1753 2836; x_wconf 75' lang='grc' dir='ltr'>τὴν</span> 
     </span>
    </p>
   </div>
   <div class='ocr_carea' id='block_1_48' title="bbox 171 2859 1752 2934">
    <p class='ocr_par' dir='ltr' id='par_1_48' title="bbox 171 2859 1752 2934">
     <span class='ocr_line' id='line_1_48' title="bbox 171 2859 1752 2934; baseline -0.003 -19"><span class='ocrx_word' id='word_1_350' title='bbox 171 2860 348 2916; x_wconf 76' lang='grc' dir='ltr'>ἄνοιαν</span> <span class='ocrx_word' id='word_1_351' title='bbox 372 2877 389 2893; x_wconf 74' lang='grc' dir='ltr'><strong>ο</strong></span> <span class='ocrx_word' id='word_1_352' title='bbox 426 2862 564 2934; x_wconf 76' lang='grc' dir='ltr'>πρὸς</span> <span class='ocrx_word' id='word_1_353' title='bbox 594 2861 788 2917; x_wconf 78' lang='grc' dir='ltr'>ἐαυτὸν</span> <span class='ocrx_word' id='word_1_354' title='bbox 814 2861 925 2933; x_wconf 85' lang='grc' dir='ltr'><strong>γὰρ</strong></span> <span class='ocrx_word' id='word_1_355' title='bbox 944 2859 1108 2914; x_wconf 80' lang='grc' dir='ltr'>τοῦτο</span> <span class='ocrx_word' id='word_1_356' title='bbox 1130 2860 1221 2914; x_wconf 81' lang='grc' dir='ltr'>τὸν</span> <span class='ocrx_word' id='word_1_357' title='bbox 1247 2859 1386 2914; x_wconf 84' lang='grc' dir='ltr'>Θεόν</span> <span class='ocrx_word' id='word_1_358' title='bbox 1411 2874 1578 2928; x_wconf 80' lang='grc' dir='ltr'>φασιν</span> <span class='ocrx_word' id='word_1_359' title='bbox 1614 2859 1752 2912; x_wconf 83' lang='grc' dir='ltr'><strong>ἀπο-</strong></span> 
     </span>
    </p>
   </div>
   <div class='ocr_carea' id='block_1_49' title="bbox 171 2949 1752 3025">
    <p class='ocr_par' dir='ltr' id='par_1_49' title="bbox 171 2949 1752 3025">
     <span class='ocr_line' id='line_1_49' title="bbox 171 2949 1752 3025; baseline -0.004 -16"><span class='ocrx_word' id='word_1_360' title='bbox 171 2955 463 3025; x_wconf 79' lang='grc' dir='ltr'>φήνασθαι,</span> <span class='ocrx_word' id='word_1_361' title='bbox 495 2953 664 3022; x_wconf 59' lang='grc' dir='ltr'>,κατά</span> <span class='ocrx_word' id='word_1_362' title='bbox 710 2970 835 3007; x_wconf 88' lang='grc' dir='ltr'>τινα</span> <span class='ocrx_word' id='word_1_363' title='bbox 889 2953 1123 3024; x_wconf 83' lang='grc' dir='ltr'>μίμησιν</span> <span class='ocrx_word' id='word_1_364' title='bbox 1167 2954 1277 3005; x_wconf 84' lang='grc' dir='ltr'><strong>τῶν</strong></span> <span class='ocrx_word' id='word_1_365' title='bbox 1318 2951 1498 3005; x_wconf 84' lang='grc' dir='ltr'>καίτοι</span> <span class='ocrx_word' id='word_1_366' title='bbox 1546 2949 1595 3003; x_wconf 85' lang='grc' dir='ltr'><strong>εί</strong></span> <span class='ocrx_word' id='word_1_367' title='bbox 1655 2950 1752 3005; x_wconf 72' lang='grc' dir='ltr'>καὶ</span> 
     </span>
    </p>
   </div>
   <div class='ocr_carea' id='block_1_50' title="bbox 168 3036 1753 3115">
    <p class='ocr_par' dir='ltr' id='par_1_50' title="bbox 168 3036 1753 3115">
     <span class='ocr_line' id='line_1_50' title="bbox 168 3036 1753 3115; baseline -0.003 -19"><span class='ocrx_word' id='word_1_368' title='bbox 168 3043 549 3115; x_wconf 80' lang='grc' dir='ltr'>πληθυντικῶς</span> <span class='ocrx_word' id='word_1_369' title='bbox 582 3043 678 3098; x_wconf 79' lang='grc' dir='ltr'><strong>καὶ</strong></span> <span class='ocrx_word' id='word_1_370' title='bbox 715 3042 776 3095; x_wconf 83' lang='grc' dir='ltr'>τὸ</span> <span class='ocrx_word' id='word_1_371' title='bbox 820 3043 1153 3111; x_wconf 75' lang='grc' dir='ltr'>κελεύομεν</span> <span class='ocrx_word' id='word_1_372' title='bbox 1183 3041 1279 3096; x_wconf 78' lang='grc' dir='ltr'><strong>καὶ</strong></span> <span class='ocrx_word' id='word_1_373' title='bbox 1323 3042 1385 3093; x_wconf 77' lang='grc' dir='ltr'>τὸ</span> <span class='ocrx_word' id='word_1_374' title='bbox 1405 3036 1753 3109; x_wconf 73' lang='grc' dir='ltr'>ποιήσωμεν</span> 
     </span>
    </p>
   </div>
   <div class='ocr_carea' id='block_1_51' title="bbox 167 3128 1751 3206">
    <p class='ocr_par' dir='ltr' id='par_1_51' title="bbox 167 3128 1751 3206">
     <span class='ocr_line' id='line_1_51' title="bbox 167 3128 1751 3206; baseline -0.001 -20"><span class='ocrx_word' id='word_1_375' title='bbox 167 3134 524 3206; x_wconf 71' lang='grc' dir='ltr'>προφέρεται,</span> <span class='ocrx_word' id='word_1_376' title='bbox 569 3134 687 3188; x_wconf 78' lang='grc' dir='ltr'>ἀλλ’</span> <span class='ocrx_word' id='word_1_377' title='bbox 716 3128 810 3188; x_wconf 82' lang='grc' dir='ltr'>οὖν</span> <span class='ocrx_word' id='word_1_378' title='bbox 851 3132 1052 3203; x_wconf 82' lang='grc' dir='ltr'>πολλὴν</span> <span class='ocrx_word' id='word_1_379' title='bbox 1088 3132 1204 3203; x_wconf 77' lang='grc' dir='ltr'><strong>ἔχει</strong></span> <span class='ocrx_word' id='word_1_380' title='bbox 1251 3131 1385 3203; x_wconf 84' lang='grc' dir='ltr'>πρὸς</span> <span class='ocrx_word' id='word_1_381' title='bbox 1416 3130 1623 3201; x_wconf 79' lang='grc' dir='ltr'>ἄλληλα</span> <span class='ocrx_word' id='word_1_382' title='bbox 1651 3132 1751 3202; x_wconf 84' lang='grc' dir='ltr'>τὴν</span> 
     </span>
    </p>
   </div>
   <div class='ocr_carea' id='block_1_52' title="bbox 166 3222 1750 3300">
    <p class='ocr_par' dir='ltr' id='par_1_52' title="bbox 166 3222 1750 3300">
     <span class='ocr_line' id='line_1_52' title="bbox 166 3222 1750 3300; baseline -0.003 -21"><span class='ocrx_word' id='word_1_383' title='bbox 166 3226 431 3300; x_wconf 77' lang='grc' dir='ltr'>διαφοράν</span> <span class='ocrx_word' id='word_1_384' title='bbox 462 3243 479 3260; x_wconf 90' lang='grc'><strong>·</strong></span> <span class='ocrx_word' id='word_1_385' title='bbox 505 3226 566 3281; x_wconf 84' lang='grc' dir='ltr'><strong>τὺ</strong></span> <span class='ocrx_word' id='word_1_386' title='bbox 601 3226 701 3298; x_wconf 80' lang='grc' dir='ltr'>μὲν</span> <span class='ocrx_word' id='word_1_387' title='bbox 738 3226 846 3298; x_wconf 82' lang='grc' dir='ltr'>γὰρ</span> <span class='ocrx_word' id='word_1_388' title='bbox 884 3223 1265 3296; x_wconf 78' lang='grc' dir='ltr'>ποιήσωμεν,</span> <span class='ocrx_word' id='word_1_389' title='bbox 1293 3222 1481 3297; x_wconf 82' lang='grc' dir='ltr'>ὥσπερ</span> <span class='ocrx_word' id='word_1_390' title='bbox 1507 3223 1601 3277; x_wconf 70' lang='grc' dir='ltr'>ἐπὶ</span> <span class='ocrx_word' id='word_1_391' title='bbox 1633 3240 1750 3276; x_wconf 88' lang='grc' dir='ltr'>κοι-</span> 
     </span>
    </p>
   </div>
   <div class='ocr_carea' id='block_1_53' title="bbox 166 3309 1751 3389">
    <p class='ocr_par' dir='ltr' id='par_1_53' title="bbox 166 3309 1751 3389">
     <span class='ocr_line' id='line_1_53' title="bbox 166 3309 1751 3389; baseline -0.004 -18"><span class='ocrx_word' id='word_1_392' title='bbox 166 3319 328 3389; x_wconf 65' lang='grc' dir='ltr'>νωνίᾳ.</span> <span class='ocrx_word' id='word_1_393' title='bbox 382 3317 494 3388; x_wconf 79' lang='grc' dir='ltr'>τῆς</span> <span class='ocrx_word' id='word_1_394' title='bbox 562 3316 816 3386; x_wconf 79' lang='grc' dir='ltr'>πράξεως</span> <span class='ocrx_word' id='word_1_395' title='bbox 879 3317 970 3369; x_wconf 85' lang='grc' dir='ltr'>τὸν</span> <span class='ocrx_word' id='word_1_396' title='bbox 1022 3316 1261 3385; x_wconf 73' lang='grc' dir='ltr'>ἰσότιμον</span> <span class='ocrx_word' id='word_1_397' title='bbox 1320 3313 1520 3367; x_wconf 86' lang='grc' dir='ltr'>καλεῖ·</span> <span class='ocrx_word' id='word_1_398' title='bbox 1581 3310 1642 3366; x_wconf 81' lang='grc' dir='ltr'>τὸ</span> <span class='ocrx_word' id='word_1_399' title='bbox 1691 3309 1751 3367; x_wconf 78' lang='grc' dir='ltr'><strong>δὲ</strong></span> 
     </span>
    </p>
   </div>
   <div class='ocr_carea' id='block_1_54' title="bbox 165 3403 1747 3480">
    <p class='ocr_par' dir='ltr' id='par_1_54' title="bbox 165 3403 1747 3480">
     <span class='ocr_line' id='line_1_54' title="bbox 165 3403 1747 3480; baseline -0.009 -13"><span class='ocrx_word' id='word_1_400' title='bbox 165 3411 497 3480; x_wconf 67' lang='grc' dir='ltr'>κελεύομεν</span> <span class='ocrx_word' id='word_1_401' title='bbox 524 3407 557 3478; x_wconf 85' lang='grc' dir='ltr'>ἢ</span> <span class='ocrx_word' id='word_1_402' title='bbox 590 3405 915 3477; x_wconf 59' lang='grc' dir='ltr'>πράξωμεν,</span> <span class='ocrx_word' id='word_1_403' title='bbox 953 3407 1003 3459; x_wconf 85' lang='grc' dir='ltr'><strong>εί</strong></span> <span class='ocrx_word' id='word_1_404' title='bbox 1048 3406 1145 3460; x_wconf 86' lang='grc' dir='ltr'><strong>καὶ</strong></span> <span class='ocrx_word' id='word_1_405' title='bbox 1181 3403 1557 3475; x_wconf 85' lang='grc' dir='ltr'>πληθυντικῶς</span> <span class='ocrx_word' id='word_1_406' title='bbox 1581 3404 1747 3472; x_wconf 84' lang='grc' dir='ltr'>ἐσχη-</span> 
     </span>
    </p>
   </div>
   <div class='ocr_carea' id='block_1_55' title="bbox 1857 2208 3429 2285">
    <p class='ocr_par' dir='ltr' id='par_1_55' title="bbox 1857 2208 3429 2285">
     <span class='ocr_line' id='line_1_55' title="bbox 1857 2208 3429 2285; baseline 0.004 -22"><span class='ocrx_word' id='word_1_407' title='bbox 1857 2216 1997 2265; x_wconf 74' lang='lat' dir='ltr'><strong>turae</strong></span> <span class='ocrx_word' id='word_1_408' title='bbox 2024 2208 2203 2279; x_wconf 88' lang='lat' dir='ltr'><strong>Filio;</strong></span> <span class='ocrx_word' id='word_1_409' title='bbox 2253 2211 2470 2268; x_wconf 89' lang='lat' dir='ltr'><strong>illorum</strong></span> <span class='ocrx_word' id='word_1_410' title='bbox 2517 2214 2663 2269; x_wconf 89' lang='lat' dir='ltr'><strong>enim</strong></span> <span class='ocrx_word' id='word_1_411' title='bbox 2716 2229 2826 2269; x_wconf 89' lang='lat' dir='ltr'><strong>una</strong></span> <span class='ocrx_word' id='word_1_412' title='bbox 2856 2221 3038 2285; x_wconf 88' lang='lat' dir='ltr'><strong>potest</strong></span> <span class='ocrx_word' id='word_1_413' title='bbox 3066 2213 3181 2270; x_wconf 87' lang='lat' dir='ltr'><strong>ﬁeri</strong></span> <span class='ocrx_word' id='word_1_414' title='bbox 3225 2214 3429 2285; x_wconf 88' lang='lat' dir='ltr'><strong>imago.</strong></span> 
     </span>
    </p>
   </div>
   <div class='ocr_carea' id='block_1_56' title="bbox 1848 2299 3431 2376">
    <p class='ocr_par' dir='ltr' id='par_1_56' title="bbox 1848 2299 3431 2376">
     <span class='ocr_line' id='line_1_56' title="bbox 1848 2299 3431 2376; baseline 0.004 -19"><span class='ocrx_word' id='word_1_415' title='bbox 1848 2299 2111 2359; x_wconf 67' lang='lat' dir='ltr'><strong>Haeretici</strong></span> <span class='ocrx_word' id='word_1_416' title='bbox 2145 2312 2329 2359; x_wconf 89' lang='lat' dir='ltr'><strong>autem</strong></span> <span class='ocrx_word' id='word_1_417' title='bbox 2363 2304 2458 2375; x_wconf 92' lang='lat' dir='ltr'><strong>qui</strong></span> <span class='ocrx_word' id='word_1_418' title='bbox 2498 2304 2631 2360; x_wconf 89' lang='lat' dir='ltr'><strong>illud</strong></span> <span class='ocrx_word' id='word_1_419' title='bbox 2667 2305 2737 2360; x_wconf 89' lang='lat' dir='ltr'><strong>ad</strong></span> <span class='ocrx_word' id='word_1_420' title='bbox 2764 2306 2989 2376; x_wconf 83' lang='lat' dir='ltr'><strong>angelos</strong></span> <span class='ocrx_word' id='word_1_421' title='bbox 3015 2307 3224 2362; x_wconf 90' lang='lat' dir='ltr'><strong>dictum</strong></span> <span class='ocrx_word' id='word_1_422' title='bbox 3257 2305 3431 2363; x_wconf 76' lang='lat' dir='ltr'><strong>fuisse</strong></span> 
     </span>
    </p>
   </div>
   <div class='ocr_carea' id='block_1_57' title="bbox 1855 2395 3429 2469">
    <p class='ocr_par' dir='ltr' id='par_1_57' title="bbox 1855 2395 3429 2469">
     <span class='ocr_line' id='line_1_57' title="bbox 1855 2395 3429 2469; baseline 0.003 -19"><span class='ocrx_word' id='word_1_423' title='bbox 1855 2395 2023 2466; x_wconf 90' lang='lat' dir='ltr'><strong>inepti</strong></span> <span class='ocrx_word' id='word_1_424' title='bbox 2062 2404 2414 2466; x_wconf 86' lang='lat' dir='ltr'><strong>putaverunt,</strong></span> <span class='ocrx_word' id='word_1_425' title='bbox 2443 2404 2498 2452; x_wconf 88' lang='lat' dir='ltr'><strong>et</strong></span> <span class='ocrx_word' id='word_1_426' title='bbox 2535 2396 2606 2452; x_wconf 89' lang='lat' dir='ltr'><strong>ad</strong></span> <span class='ocrx_word' id='word_1_427' title='bbox 2640 2397 2951 2465; x_wconf 80' lang='lat' dir='ltr'><strong>daemones,</strong></span> <span class='ocrx_word' id='word_1_428' title='bbox 2982 2398 3131 2469; x_wconf 88' lang='lat' dir='ltr'><strong>quod</strong></span> <span class='ocrx_word' id='word_1_429' title='bbox 3168 2398 3429 2468; x_wconf 85' lang='lat' dir='ltr'><strong>majorem</strong></span> 
     </span>
    </p>
   </div>
   <div class='ocr_carea' id='block_1_58' title="bbox 1856 2485 3427 2558">
    <p class='ocr_par' dir='ltr' id='par_1_58' title="bbox 1856 2485 3427 2558">
     <span class='ocr_line' id='line_1_58' title="bbox 1856 2485 3427 2558; baseline 0.003 -16"><span class='ocrx_word' id='word_1_430' title='bbox 1856 2485 2066 2542; x_wconf 89' lang='lat' dir='ltr'><strong>redolet</strong></span> <span class='ocrx_word' id='word_1_431' title='bbox 2130 2486 2469 2557; x_wconf 84' lang='lat' dir='ltr'><strong>impietatem</strong></span> <span class='ocrx_word' id='word_1_432' title='bbox 2498 2525 2516 2553; x_wconf 90' lang='lat'><strong>,</strong></span> <span class='ocrx_word' id='word_1_433' title='bbox 2587 2489 2817 2543; x_wconf 87' lang='lat' dir='ltr'><strong>omnino</strong></span> <span class='ocrx_word' id='word_1_434' title='bbox 2882 2496 3014 2544; x_wconf 87' lang='lat' dir='ltr'><strong>sunt</strong></span> <span class='ocrx_word' id='word_1_435' title='bbox 3086 2488 3427 2558; x_wconf 84' lang='lat' dir='ltr'><strong>insipientes.</strong></span> 
     </span>
    </p>
   </div>
   <div class='ocr_carea' id='block_1_59' title="bbox 1854 2577 3431 2651">
    <p class='ocr_par' dir='ltr' id='par_1_59' title="bbox 1854 2577 3431 2651">
     <span class='ocr_line' id='line_1_59' title="bbox 1854 2577 3431 2651; baseline 0.001 -16"><span class='ocrx_word' id='word_1_436' title='bbox 1854 2577 2160 2646; x_wconf 87' lang='lat' dir='ltr'><strong>Quamnam</strong></span> <span class='ocrx_word' id='word_1_437' title='bbox 2193 2581 2341 2636; x_wconf 89' lang='lat' dir='ltr'><strong>enim</strong></span> <span class='ocrx_word' id='word_1_438' title='bbox 2388 2580 2590 2636; x_wconf 84' lang='lat' dir='ltr'><strong>habeat</strong></span> <span class='ocrx_word' id='word_1_439' title='bbox 2632 2581 3083 2636; x_wconf 85' lang='lat' dir='ltr'><strong>communitatem</strong></span> <span class='ocrx_word' id='word_1_440' title='bbox 3128 2581 3308 2651; x_wconf 89' lang='lat' dir='ltr'><strong>imago</strong></span> <span class='ocrx_word' id='word_1_441' title='bbox 3339 2581 3431 2636; x_wconf 88' lang='lat' dir='ltr'><strong>Dei</strong></span> 
     </span>
    </p>
   </div>
   <div class='ocr_carea' id='block_1_60' title="bbox 1854 2672 3431 2744">
    <p class='ocr_par' dir='ltr' id='par_1_60' title="bbox 1854 2672 3431 2744">
     <span class='ocr_line' id='line_1_60' title="bbox 1854 2672 3431 2744; baseline 0.001 -17"><span class='ocrx_word' id='word_1_442' title='bbox 1854 2682 1909 2728; x_wconf 91' lang='lat' dir='ltr'><strong>et</strong></span> <span class='ocrx_word' id='word_1_443' title='bbox 1957 2672 2276 2744; x_wconf 76' lang='lat' dir='ltr'><strong>angelorum</strong></span> <span class='ocrx_word' id='word_1_444' title='bbox 2320 2680 2376 2729; x_wconf 90' lang='lat' dir='ltr'><strong>et</strong></span> <span class='ocrx_word' id='word_1_445' title='bbox 2425 2674 2778 2729; x_wconf 66' lang='lat' dir='ltr'><strong>daemonum?</strong></span> <span class='ocrx_word' id='word_1_446' title='bbox 2826 2674 3073 2742; x_wconf 84' lang='lat' dir='ltr'><strong>Quorum</strong></span> <span class='ocrx_word' id='word_1_447' title='bbox 3123 2673 3431 2730; x_wconf 84' lang='lat' dir='ltr'><strong>substantia</strong></span> 
     </span>
    </p>
   </div>
   <div class='ocr_carea' id='block_1_61' title="bbox 1852 2761 3431 2835">
    <p class='ocr_par' dir='ltr' id='par_1_61' title="bbox 1852 2761 3431 2835">
     <span class='ocr_line' id='line_1_61' title="bbox 1852 2761 3431 2835; baseline 0.001 -19"><span class='ocrx_word' id='word_1_448' title='bbox 1852 2761 1927 2817; x_wconf 88' lang='lat' dir='ltr'><strong>ita</strong></span> <span class='ocrx_word' id='word_1_449' title='bbox 1987 2761 2214 2827; x_wconf 77' lang='lat' dir='ltr'><strong>dill‘ert,</strong></span> <span class='ocrx_word' id='word_1_450' title='bbox 2268 2771 2330 2819; x_wconf 90' lang='lat' dir='ltr'><strong>ut</strong></span> <span class='ocrx_word' id='word_1_451' title='bbox 2382 2764 2535 2820; x_wconf 88' lang='lat' dir='ltr'><strong>nullo</strong></span> <span class='ocrx_word' id='word_1_452' title='bbox 2570 2765 2733 2819; x_wconf 91' lang='lat' dir='ltr'><strong>modo</strong></span> <span class='ocrx_word' id='word_1_453' title='bbox 2801 2764 2944 2820; x_wconf 88' lang='lat' dir='ltr'><strong>inter</strong></span> <span class='ocrx_word' id='word_1_454' title='bbox 3006 2780 3068 2821; x_wconf 90' lang='lat' dir='ltr'><strong>se</strong></span> <span class='ocrx_word' id='word_1_455' title='bbox 3119 2764 3431 2835; x_wconf 87' lang='lat' dir='ltr'><strong>comparari</strong></span> 
     </span>
    </p>
   </div>
   <div class='ocr_carea' id='block_1_62' title="bbox 1852 2855 3432 2930">
    <p class='ocr_par' dir='ltr' id='par_1_62' title="bbox 1852 2855 3432 2930">
     <span class='ocr_line' id='line_1_62' title="bbox 1852 2855 3432 2930; baseline 0.002 -20"><span class='ocrx_word' id='word_1_456' title='bbox 1852 2855 2104 2927; x_wconf 85' lang='lat' dir='ltr'><strong>possint,</strong></span> <span class='ocrx_word' id='word_1_457' title='bbox 2145 2856 2428 2927; x_wconf 90' lang='lat' dir='ltr'><strong>quomodo</strong></span> <span class='ocrx_word' id='word_1_458' title='bbox 2469 2856 2691 2913; x_wconf 89' lang='lat' dir='ltr'><strong>illorum</strong></span> <span class='ocrx_word' id='word_1_459' title='bbox 2734 2859 2923 2914; x_wconf 89' lang='lat' dir='ltr'><strong>eadem</strong></span> <span class='ocrx_word' id='word_1_460' title='bbox 2975 2858 3157 2930; x_wconf 87' lang='lat' dir='ltr'><strong>imago</strong></span> <span class='ocrx_word' id='word_1_461' title='bbox 3202 2858 3432 2930; x_wconf 79' lang='lat' dir='ltr'><strong>cogitari</strong></span> 
     </span>
    </p>
   </div>
   <div class='ocr_carea' id='block_1_63' title="bbox 1851 2946 3428 3020">
    <p class='ocr_par' dir='ltr' id='par_1_63' title="bbox 1851 2946 3428 3020">
     <span class='ocr_line' id='line_1_63' title="bbox 1851 2946 3428 3020; baseline 0.001 -17"><span class='ocrx_word' id='word_1_462' title='bbox 1851 2948 2065 3018; x_wconf 83' lang='lat' dir='ltr'><strong>possit?</strong></span> <span class='ocrx_word' id='word_1_463' title='bbox 2110 2946 2427 3004; x_wconf 72' lang='lat' dir='ltr'><strong>Judaeorum</strong></span> <span class='ocrx_word' id='word_1_464' title='bbox 2479 2949 2750 3005; x_wconf 87' lang='lat' dir='ltr'><strong>insaniam</strong></span> <span class='ocrx_word' id='word_1_465' title='bbox 2809 2965 2971 3005; x_wconf 89' lang='lat' dir='ltr'><strong>nemo</strong></span> <span class='ocrx_word' id='word_1_466' title='bbox 3018 2959 3105 3007; x_wconf 89' lang='lat' dir='ltr'><strong>est</strong></span> <span class='ocrx_word' id='word_1_467' title='bbox 3160 2953 3254 3020; x_wconf 89' lang='lat' dir='ltr'><strong>qui</strong></span> <span class='ocrx_word' id='word_1_468' title='bbox 3318 2966 3428 3005; x_wconf 89' lang='lat' dir='ltr'><strong>non</strong></span> 
     </span>
    </p>
   </div>
   <div class='ocr_carea' id='block_1_64' title="bbox 1851 3037 3431 3110">
    <p class='ocr_par' dir='ltr' id='par_1_64' title="bbox 1851 3037 3431 3110">
     <span class='ocr_line' id='line_1_64' title="bbox 1851 3037 3431 3110; baseline 0.002 -17"><span class='ocrx_word' id='word_1_469' title='bbox 1851 3037 2121 3105; x_wconf 87' lang='lat' dir='ltr'><strong>derideat,</strong></span> <span class='ocrx_word' id='word_1_470' title='bbox 2162 3039 2231 3094; x_wconf 88' lang='lat' dir='ltr'><strong>ad</strong></span> <span class='ocrx_word' id='word_1_471' title='bbox 2271 3038 2628 3110; x_wconf 86' lang='lat' dir='ltr'><strong>semetipsum</strong></span> <span class='ocrx_word' id='word_1_472' title='bbox 2665 3041 2811 3096; x_wconf 88' lang='lat' dir='ltr'><strong>enim</strong></span> <span class='ocrx_word' id='word_1_473' title='bbox 2855 3040 3048 3097; x_wconf 85' lang='lat' dir='ltr'><strong>dicunt</strong></span> <span class='ocrx_word' id='word_1_474' title='bbox 3076 3041 3246 3096; x_wconf 91' lang='lat' dir='ltr'><strong>Deum</strong></span> <span class='ocrx_word' id='word_1_475' title='bbox 3294 3042 3431 3098; x_wconf 90' lang='lat' dir='ltr'><strong>illud</strong></span> 
     </span>
    </p>
   </div>
   <div class='ocr_carea' id='block_1_65' title="bbox 1851 3129 3428 3204">
    <p class='ocr_par' dir='ltr' id='par_1_65' title="bbox 1851 3129 3428 3204">
     <span class='ocr_line' id='line_1_65' title="bbox 1851 3129 3428 3204; baseline 0.004 -20"><span class='ocrx_word' id='word_1_476' title='bbox 1851 3129 2096 3186; x_wconf 87' lang='lat' dir='ltr'><strong>locutum</strong></span> <span class='ocrx_word' id='word_1_477' title='bbox 2128 3130 2321 3197; x_wconf 81' lang='lat' dir='ltr'><strong>fuisse,</strong></span> <span class='ocrx_word' id='word_1_478' title='bbox 2360 3130 2647 3204; x_wconf 84' lang='lat' dir='ltr'><strong>proferens</strong></span> <span class='ocrx_word' id='word_1_479' title='bbox 2676 3133 2941 3199; x_wconf 76' lang='lat' dir='ltr'><strong>faciamus</strong></span> <span class='ocrx_word' id='word_1_480' title='bbox 2970 3134 3038 3190; x_wconf 90' lang='lat' dir='ltr'><strong>ad</strong></span> <span class='ocrx_word' id='word_1_481' title='bbox 3065 3134 3428 3190; x_wconf 88' lang='lat' dir='ltr'><strong>imitationem</strong></span> 
     </span>
    </p>
   </div>
   <div class='ocr_carea' id='block_1_66' title="bbox 1851 3218 3432 3291">
    <p class='ocr_par' dir='ltr' id='par_1_66' title="bbox 1851 3218 3432 3291">
     <span class='ocr_line' id='line_1_66' title="bbox 1851 3218 3432 3291; baseline 0.005 -19"><span class='ocrx_word' id='word_1_482' title='bbox 1851 3218 2072 3273; x_wconf 89' lang='lat' dir='ltr'><strong>illorum</strong></span> <span class='ocrx_word' id='word_1_483' title='bbox 2105 3235 2229 3290; x_wconf 68' lang='lat' dir='ltr'><strong>quae</strong></span> <span class='ocrx_word' id='word_1_484' title='bbox 2264 3220 2399 3276; x_wconf 89' lang='lat' dir='ltr'><strong>dicit</strong></span> <span class='ocrx_word' id='word_1_485' title='bbox 2433 3223 2599 3277; x_wconf 89' lang='lat' dir='ltr'><strong>etiam</strong></span> <span class='ocrx_word' id='word_1_486' title='bbox 2645 3222 2702 3278; x_wconf 89' lang='lat' dir='ltr'><strong>in</strong></span> <span class='ocrx_word' id='word_1_487' title='bbox 2746 3223 2946 3291; x_wconf 86' lang='lat' dir='ltr'><strong>plurali</strong></span> <span class='ocrx_word' id='word_1_488' title='bbox 2990 3240 3245 3291; x_wconf 87' lang='lat' dir='ltr'><strong>numero,</strong></span> <span class='ocrx_word' id='word_1_489' title='bbox 3280 3242 3432 3280; x_wconf 79' lang='lat' dir='ltr'><strong>man—</strong></span> 
     </span>
    </p>
   </div>
   <div class='ocr_carea' id='block_1_67' title="bbox 1850 3309 3429 3385">
    <p class='ocr_par' dir='ltr' id='par_1_67' title="bbox 1850 3309 3429 3385">
     <span class='ocr_line' id='line_1_67' title="bbox 1850 3309 3429 3385; baseline 0.008 -23"><span class='ocrx_word' id='word_1_490' title='bbox 1850 3309 2082 3375; x_wconf 81' lang='lat' dir='ltr'><strong>damus;</strong></span> <span class='ocrx_word' id='word_1_491' title='bbox 2140 3310 2235 3366; x_wconf 82' lang='lat' dir='ltr'><strong>sed</strong></span> <span class='ocrx_word' id='word_1_492' title='bbox 2294 3313 2453 3368; x_wconf 89' lang='lat' dir='ltr'><strong>adest</strong></span> <span class='ocrx_word' id='word_1_493' title='bbox 2501 3312 2645 3369; x_wconf 90' lang='lat' dir='ltr'><strong>inter</strong></span> <span class='ocrx_word' id='word_1_494' title='bbox 2696 3313 2787 3369; x_wconf 89' lang='lat' dir='ltr'><strong>illa</strong></span> <span class='ocrx_word' id='word_1_495' title='bbox 2843 3330 3043 3385; x_wconf 84' lang='lat' dir='ltr'><strong>magna</strong></span> <span class='ocrx_word' id='word_1_496' title='bbox 3098 3315 3429 3374; x_wconf 74' lang='lat' dir='ltr'><strong>diﬂ‘erentia.</strong></span> 
     </span>
    </p>
   </div>
   <div class='ocr_carea' id='block_1_68' title="bbox 1853 3388 3434 3479">
    <p class='ocr_par' dir='ltr' id='par_1_68' title="bbox 1853 3388 3434 3479">
     <span class='ocr_line' id='line_1_68' title="bbox 1853 3388 3434 3479; baseline 0.008 -25"><span class='ocrx_word' id='word_1_497' title='bbox 1853 3400 2090 3459; x_wconf 83' lang='lat' dir='ltr'><strong>Verbum</strong></span> <span class='ocrx_word' id='word_1_498' title='bbox 2118 3402 2266 3459; x_wconf 90' lang='lat' dir='ltr'><strong>enim</strong></span> <span class='ocrx_word' id='word_1_499' title='bbox 2292 3388 2556 3476; x_wconf 73' lang='lat' dir='ltr'><strong>faciamus</strong></span> <span class='ocrx_word' id='word_1_500' title='bbox 2588 3406 2746 3479; x_wconf 86' lang='lat' dir='ltr'><strong>quasi</strong></span> <span class='ocrx_word' id='word_1_501' title='bbox 2778 3407 2846 3464; x_wconf 89' lang='lat' dir='ltr'><strong>ad</strong></span> <span class='ocrx_word' id='word_1_502' title='bbox 2876 3408 3146 3466; x_wconf 85' lang='lat' dir='ltr'><strong>actionem</strong></span> <span class='ocrx_word' id='word_1_503' title='bbox 3177 3424 3434 3467; x_wconf 84' lang='lat' dir='ltr'><strong>commu-</strong></span> 
     </span>
    </p>
   </div>
   <div class='ocr_carea' id='block_1_69' title="bbox 169 3494 1750 3571">
    <p class='ocr_par' dir='ltr' id='par_1_69' title="bbox 169 3495 1747 3571">
     <span class='ocr_line' id='line_1_69' title="bbox 169 3495 1747 3571; baseline -0.003 -16"><span class='ocrx_word' id='word_1_504' title='bbox 169 3503 451 3571; x_wconf 84' lang='grc' dir='ltr'>μάτισται,</span> <span class='ocrx_word' id='word_1_505' title='bbox 480 3498 595 3553; x_wconf 83' lang='grc' dir='ltr'>ἀλλ’</span> <span class='ocrx_word' id='word_1_506' title='bbox 625 3498 877 3567; x_wconf 79' lang='grc' dir='ltr'>οὐδαμῶς</span> <span class='ocrx_word' id='word_1_507' title='bbox 906 3498 1093 3569; x_wconf 84' lang='grc' dir='ltr'>ἐτέρου</span> <span class='ocrx_word' id='word_1_508' title='bbox 1120 3497 1311 3568; x_wconf 81' lang='grc' dir='ltr'>κλῆσιν</span> <span class='ocrx_word' id='word_1_509' title='bbox 1340 3497 1422 3560; x_wconf 86' lang='grc' dir='ltr'><strong>εἰς</strong></span> <span class='ocrx_word' id='word_1_510' title='bbox 1458 3495 1747 3567; x_wconf 82' lang='grc' dir='ltr'>συνεργίαν</span> 
     </span>
    </p>
   </div>
   <div class='ocr_carea' id='block_1_70' title="bbox 1851 3494 3431 3571">
    <p class='ocr_par' dir='ltr' id='par_1_70' title="bbox 1856 3499 3431 3568">
     <span class='ocr_line' id='line_1_70' title="bbox 1856 3499 3431 3568; baseline 0.006 -17"><span class='ocrx_word' id='word_1_511' title='bbox 1856 3511 1979 3553; x_wconf 90' lang='lat' dir='ltr'><strong>nem</strong></span> <span class='ocrx_word' id='word_1_512' title='bbox 2011 3499 2279 3568; x_wconf 73' lang='lat' dir='ltr'><strong>aequalem</strong></span> <span class='ocrx_word' id='word_1_513' title='bbox 2310 3508 2492 3567; x_wconf 85' lang='lat' dir='ltr'><strong>vocat,</strong></span> <span class='ocrx_word' id='word_1_514' title='bbox 2546 3517 2871 3556; x_wconf 75' lang='lat' dir='ltr'><strong>maneamus</strong></span> <span class='ocrx_word' id='word_1_515' title='bbox 2913 3511 3097 3559; x_wconf 87' lang='lat' dir='ltr'><strong>autem</strong></span> <span class='ocrx_word' id='word_1_516' title='bbox 3127 3504 3213 3559; x_wconf 90' lang='lat' dir='ltr'><strong>vel</strong></span> <span class='ocrx_word' id='word_1_517' title='bbox 3247 3506 3431 3560; x_wconf 86' lang='lat' dir='ltr'><strong>decer-</strong></span> 
     </span>
    </p>
   </div>
   <div class='ocr_carea' id='block_1_71' title="bbox 163 3586 1747 3659">
    <p class='ocr_par' dir='ltr' id='par_1_71' title="bbox 163 3586 1747 3659">
     <span class='ocr_line' id='line_1_71' title="bbox 163 3586 1747 3659; baseline -0.001 -16"><span class='ocrx_word' id='word_1_518' title='bbox 163 3591 378 3647; x_wconf 80' lang='grc' dir='ltr'>δίδωσιν</span> <span class='ocrx_word' id='word_1_519' title='bbox 407 3593 618 3646; x_wconf 84' lang='grc' dir='ltr'>ἐννοεῖν</span> <span class='ocrx_word' id='word_1_520' title='bbox 643 3609 656 3623; x_wconf 92' lang='grc'><strong>·</strong></span> <span class='ocrx_word' id='word_1_521' title='bbox 686 3590 869 3653; x_wconf 78' lang='grc' dir='ltr'>ἄλλως</span> <span class='ocrx_word' id='word_1_522' title='bbox 898 3606 961 3643; x_wconf 80' lang='grc' dir='ltr'><strong>τε</strong></span> <span class='ocrx_word' id='word_1_523' title='bbox 980 3588 1042 3642; x_wconf 82' lang='grc' dir='ltr'>τὸ</span> <span class='ocrx_word' id='word_1_524' title='bbox 1077 3589 1177 3659; x_wconf 84' lang='grc' dir='ltr'>μὲν</span> <span class='ocrx_word' id='word_1_525' title='bbox 1202 3586 1508 3657; x_wconf 69' lang='grc' dir='ltr'>γράφομεν</span> <span class='ocrx_word' id='word_1_526' title='bbox 1529 3588 1624 3641; x_wconf 78' lang='grc' dir='ltr'><strong>καὶ</strong></span> <span class='ocrx_word' id='word_1_527' title='bbox 1650 3603 1747 3641; x_wconf 81' lang='grc' dir='ltr'>κε-</span> 
     </span>
    </p>
   </div>
   <div class='ocr_carea' id='block_1_72' title="bbox 163 3675 1747 3755">
    <p class='ocr_par' dir='ltr' id='par_1_72' title="bbox 163 3675 1747 3755">
     <span class='ocr_line' id='line_1_72' title="bbox 163 3675 1747 3755; baseline -0.006 -16"><span class='ocrx_word' id='word_1_528' title='bbox 163 3685 450 3755; x_wconf 69' lang='grc' dir='ltr'>λεύομεν,</span> <span class='ocrx_word' id='word_1_529' title='bbox 484 3683 597 3753; x_wconf 80' lang='grc' dir='ltr'>ἔχει</span> <span class='ocrx_word' id='word_1_530' title='bbox 645 3684 935 3753; x_wconf 88' lang='grc' dir='ltr'>πρόσωπον</span> <span class='ocrx_word' id='word_1_531' title='bbox 970 3678 1203 3748; x_wconf 82' lang='grc' dir='ltr'>φανερὸν</span> <span class='ocrx_word' id='word_1_532' title='bbox 1234 3678 1372 3748; x_wconf 83' lang='grc' dir='ltr'>πρὸς</span> <span class='ocrx_word' id='word_1_533' title='bbox 1409 3676 1439 3729; x_wconf 86' lang='grc' dir='ltr'><strong>δ</strong></span> <span class='ocrx_word' id='word_1_534' title='bbox 1477 3675 1698 3744; x_wconf 84' lang='grc' dir='ltr'>λέγεται</span> <span class='ocrx_word' id='word_1_535' title='bbox 1732 3690 1747 3705; x_wconf 88' lang='grc'>⁶</span> 
     </span>
    </p>
   </div>
   <div class='ocr_carea' id='block_1_73' title="bbox 161 3763 1750 3848">
    <p class='ocr_par' dir='ltr' id='par_1_73' title="bbox 161 3763 1750 3848">
     <span class='ocr_line' id='line_1_73' title="bbox 161 3763 1750 3848; baseline -0.008 -18"><span class='ocrx_word' id='word_1_536' title='bbox 161 3775 318 3846; x_wconf 82' lang='grc' dir='ltr'>δῆλον</span> <span class='ocrx_word' id='word_1_537' title='bbox 371 3777 489 3848; x_wconf 78' lang='grc' dir='ltr'><strong>γάρ</strong></span> <span class='ocrx_word' id='word_1_538' title='bbox 522 3775 597 3838; x_wconf 87' lang='grc' dir='ltr'>ὼς</span> <span class='ocrx_word' id='word_1_539' title='bbox 637 3774 775 3844; x_wconf 76' lang='grc' dir='ltr'>πρὸς</span> <span class='ocrx_word' id='word_1_540' title='bbox 814 3771 905 3824; x_wconf 78' lang='grc' dir='ltr'>τὸν</span> <span class='ocrx_word' id='word_1_541' title='bbox 940 3768 1279 3835; x_wconf 72' lang='grc' dir='ltr'>ὑπεξούσιονο</span> <span class='ocrx_word' id='word_1_542' title='bbox 1336 3765 1572 3821; x_wconf 81' lang='grc' dir='ltr'>ἐνταῦθα</span> <span class='ocrx_word' id='word_1_543' title='bbox 1601 3766 1655 3819; x_wconf 84' lang='grc' dir='ltr'><strong>δὲ</strong></span> <span class='ocrx_word' id='word_1_544' title='bbox 1685 3763 1750 3818; x_wconf 81' lang='grc' dir='ltr'>τὸ</span> 
     </span>
    </p>
   </div>
   <div class='ocr_carea' id='block_1_74' title="bbox 163 3855 1747 3940">
    <p class='ocr_par' dir='ltr' id='par_1_74' title="bbox 163 3855 1747 3940">
     <span class='ocr_line' id='line_1_74' title="bbox 163 3855 1747 3940; baseline -0.006 -20"><span class='ocrx_word' id='word_1_545' title='bbox 163 3869 539 3940; x_wconf 81' lang='grc' dir='ltr'>ποιήσωμεν,</span> <span class='ocrx_word' id='word_1_546' title='bbox 568 3865 805 3939; x_wconf 84' lang='grc' dir='ltr'>μάλιστά</span> <span class='ocrx_word' id='word_1_547' title='bbox 863 3881 929 3934; x_wconf 89' lang='grc' dir='ltr'>γε</span> <span class='ocrx_word' id='word_1_548' title='bbox 987 3863 1076 3917; x_wconf 86' lang='grc' dir='ltr'>διὰ</span> <span class='ocrx_word' id='word_1_549' title='bbox 1139 3862 1239 3931; x_wconf 76' lang='grc' dir='ltr'>τὴν</span> <span class='ocrx_word' id='word_1_550' title='bbox 1292 3860 1591 3930; x_wconf 73' lang='grc' dir='ltr'>ἐπαγωγὴν</span> <span class='ocrx_word' id='word_1_551' title='bbox 1650 3855 1747 3912; x_wconf 80' lang='grc' dir='ltr'>τοῦ</span> 
     </span>
    </p>
   </div>
   <div class='ocr_carea' id='block_1_75' title="bbox 163 3948 1749 4028">
    <p class='ocr_par' dir='ltr' id='par_1_75' title="bbox 163 3948 1749 4028">
     <span class='ocr_line' id='line_1_75' title="bbox 163 3948 1749 4028; baseline -0.009 -13"><span class='ocrx_word' id='word_1_552' title='bbox 163 3960 289 4014; x_wconf 82' lang='grc' dir='ltr'>κατ’</span> <span class='ocrx_word' id='word_1_553' title='bbox 320 3962 559 4026; x_wconf 77' lang='grc' dir='ltr'>είκόνα,</span> <span class='ocrx_word' id='word_1_554' title='bbox 589 3954 842 4028; x_wconf 82' lang='grc' dir='ltr'>οὐδαμῶς</span> <span class='ocrx_word' id='word_1_555' title='bbox 881 3955 1067 4010; x_wconf 87' lang='grc' dir='ltr'>δίδωσι</span> <span class='ocrx_word' id='word_1_556' title='bbox 1110 3952 1405 4025; x_wconf 86' lang='grc' dir='ltr'>πρόσωπον</span> <span class='ocrx_word' id='word_1_557' title='bbox 1437 3949 1565 4005; x_wconf 78' lang='grc' dir='ltr'><strong>ἄλλο</strong></span> <span class='ocrx_word' id='word_1_558' title='bbox 1594 3948 1749 4019; x_wconf 70' lang='grc' dir='ltr'>παρὰ</span> 
     </span>
    </p>
   </div>
   <div class='ocr_carea' id='block_1_76' title="bbox 158 4041 1749 4118">
    <p class='ocr_par' dir='ltr' id='par_1_76' title="bbox 158 4041 1749 4118">
     <span class='ocr_line' id='line_1_76' title="bbox 158 4041 1749 4118; baseline -0.007 -12"><span class='ocrx_word' id='word_1_559' title='bbox 158 4053 249 4108; x_wconf 82' lang='grc' dir='ltr'>τὸν</span> <span class='ocrx_word' id='word_1_560' title='bbox 270 4055 404 4110; x_wconf 82' lang='grc' dir='ltr'>Υἱδν</span> <span class='ocrx_word' id='word_1_561' title='bbox 436 4053 531 4107; x_wconf 74' lang='grc' dir='ltr'><strong>καὶ</strong></span> <span class='ocrx_word' id='word_1_562' title='bbox 554 4051 613 4105; x_wconf 82' lang='grc' dir='ltr'>τὸ</span> <span class='ocrx_word' id='word_1_563' title='bbox 645 4050 911 4117; x_wconf 81' lang='grc' dir='ltr'>πανάγιον</span> <span class='ocrx_word' id='word_1_564' title='bbox 935 4046 1163 4118; x_wconf 80' lang='grc' dir='ltr'>Πνεῦμα</span> <span class='ocrx_word' id='word_1_565' title='bbox 1191 4047 1412 4111; x_wconf 84' lang='grc' dir='ltr'>ἐννοεῖν,</span> <span class='ocrx_word' id='word_1_566' title='bbox 1447 4043 1546 4105; x_wconf 82' lang='grc' dir='ltr'><strong>τὰς</strong></span> <span class='ocrx_word' id='word_1_567' title='bbox 1579 4041 1749 4113; x_wconf 88' lang='grc' dir='ltr'>μεγά-</span> 
     </span>
    </p>
   </div>
   <div class='ocr_carea' id='block_1_77' title="bbox 158 4134 1748 4214">
    <p class='ocr_par' dir='ltr' id='par_1_77' title="bbox 158 4134 1748 4214">
     <span class='ocr_line' id='line_1_77' title="bbox 158 4134 1748 4214; baseline -0.008 -18"><span class='ocrx_word' id='word_1_568' title='bbox 158 4143 253 4209; x_wconf 89' lang='grc' dir='ltr'><strong>λας</strong></span> <span class='ocrx_word' id='word_1_569' title='bbox 332 4144 732 4214; x_wconf 81' lang='grc' dir='ltr'>πιστευόμενον</span> <span class='ocrx_word' id='word_1_570' title='bbox 824 4139 1023 4210; x_wconf 81' lang='grc' dir='ltr'>ἀρχὰς,</span> <span class='ocrx_word' id='word_1_571' title='bbox 1108 4137 1159 4192; x_wconf 81' lang='grc' dir='ltr'><strong>οἳ</strong></span> <span class='ocrx_word' id='word_1_572' title='bbox 1239 4136 1422 4205; x_wconf 84' lang='grc' dir='ltr'>λέγειν</span> <span class='ocrx_word' id='word_1_573' title='bbox 1486 4134 1748 4188; x_wconf 87' lang='grc' dir='ltr'>εἰώθεσαν</span> 
     </span>
    </p>
   </div>
   <div class='ocr_carea' id='block_1_78' title="bbox 156 4224 1750 4313">
    <p class='ocr_par' dir='ltr' id='par_1_78' title="bbox 156 4224 1750 4313">
     <span class='ocr_line' id='line_1_78' title="bbox 156 4224 1750 4313; baseline -0.008 -23"><span class='ocrx_word' id='word_1_574' title='bbox 156 4239 516 4306; x_wconf 66' lang='grc' dir='ltr'>κελεύομεν,</span> <span class='ocrx_word' id='word_1_575' title='bbox 550 4234 644 4287; x_wconf 78' lang='grc' dir='ltr'>καὶ</span> <span class='ocrx_word' id='word_1_576' title='bbox 673 4232 995 4304; x_wconf 69' lang='grc' dir='ltr'>γράφομεν,</span> <span class='ocrx_word' id='word_1_577' title='bbox 1024 4230 1119 4283; x_wconf 74' lang='grc' dir='ltr'><strong>καὶ</strong></span> <span class='ocrx_word' id='word_1_578' title='bbox 1151 4227 1621 4313; x_wconf 55' lang='grc' dir='ltr'>πθοστάττομεν,</span> <span class='ocrx_word' id='word_1_579' title='bbox 1654 4224 1750 4278; x_wconf 75' lang='grc' dir='ltr'><strong>καὶ</strong></span> 
     </span>
    </p>
   </div>
   <div class='ocr_carea' id='block_1_79' title="bbox 157 4316 1748 4400">
    <p class='ocr_par' dir='ltr' id='par_1_79' title="bbox 157 4316 1748 4400">
     <span class='ocr_line' id='line_1_79' title="bbox 157 4316 1748 4400; baseline -0.008 -18"><span class='ocrx_word' id='word_1_580' title='bbox 157 4329 222 4382; x_wconf 77' lang='grc' dir='ltr'><strong>τά</strong></span> <span class='ocrx_word' id='word_1_581' title='bbox 271 4324 446 4400; x_wconf 82' lang='grc' dir='ltr'>ὃμοια</span> <span class='ocrx_word' id='word_1_582' title='bbox 470 4345 484 4359; x_wconf 87' lang='grc'><strong>·</strong></span> <span class='ocrx_word' id='word_1_583' title='bbox 516 4327 696 4381; x_wconf 85' lang='grc' dir='ltr'>καίτοι</span> <span class='ocrx_word' id='word_1_584' title='bbox 715 4326 787 4378; x_wconf 81' lang='grc' dir='ltr'><strong>τά</strong></span> <span class='ocrx_word' id='word_1_585' title='bbox 816 4324 1043 4377; x_wconf 81' lang='grc' dir='ltr'>πλεῖστα</span> <span class='ocrx_word' id='word_1_586' title='bbox 1091 4320 1287 4383; x_wconf 78' lang='grc' dir='ltr'>ἑνικῶς</span> <span class='ocrx_word' id='word_1_587' title='bbox 1320 4322 1355 4391; x_wconf 78' lang='grc' dir='ltr'>ἡ</span> <span class='ocrx_word' id='word_1_588' title='bbox 1392 4318 1514 4373; x_wconf 83' lang='grc' dir='ltr'>θεία</span> <span class='ocrx_word' id='word_1_589' title='bbox 1552 4316 1748 4389; x_wconf 80' lang='grc' dir='ltr'><strong>Γραφὴ</strong></span> 
     </span>
    </p>
   </div>
   <div class='ocr_carea' id='block_1_80' title="bbox 156 4411 1747 4494">
    <p class='ocr_par' dir='ltr' id='par_1_80' title="bbox 156 4411 1747 4494">
     <span class='ocr_line' id='line_1_80' title="bbox 156 4411 1747 4494; baseline -0.011 -15"><span class='ocrx_word' id='word_1_590' title='bbox 156 4424 433 4494; x_wconf 77' lang='grc' dir='ltr'>προφέρει</span> <span class='ocrx_word' id='word_1_591' title='bbox 468 4421 695 4491; x_wconf 79' lang='grc' dir='ltr'>λέγοντα</span> <span class='ocrx_word' id='word_1_592' title='bbox 734 4418 827 4472; x_wconf 78' lang='grc' dir='ltr'>τὸν</span> <span class='ocrx_word' id='word_1_593' title='bbox 852 4416 961 4469; x_wconf 88' lang='grc' dir='ltr'><strong>τῶν</strong></span> <span class='ocrx_word' id='word_1_594' title='bbox 1006 4416 1142 4469; x_wconf 86' lang='grc' dir='ltr'>ὅλων</span> <span class='ocrx_word' id='word_1_595' title='bbox 1166 4413 1318 4467; x_wconf 76' lang='grc' dir='ltr'>Θεόνο</span> <span class='ocrx_word' id='word_1_596' title='bbox 1353 4432 1372 4464; x_wconf 75' lang='grc' dir='ltr'><strong>ι</strong></span> <span class='ocrx_word' id='word_1_597' title='bbox 1401 4411 1608 4482; x_wconf 76' lang='grc' dir='ltr'>Καιρδς</span> <span class='ocrx_word' id='word_1_598' title='bbox 1638 4411 1747 4480; x_wconf 89' lang='lat'><strong>7&amp;9</strong></span> 
     </span>
    </p>
   </div>
   <div class='ocr_carea' id='block_1_81' title="bbox 156 4501 1747 4583">
    <p class='ocr_par' dir='ltr' id='par_1_81' title="bbox 156 4501 1747 4583">
     <span class='ocr_line' id='line_1_81' title="bbox 156 4501 1747 4583; baseline -0.007 -20"><span class='ocrx_word' id='word_1_599' title='bbox 156 4514 357 4578; x_wconf 83' lang='grc' dir='ltr'>παντὸς</span> <span class='ocrx_word' id='word_1_600' title='bbox 397 4513 528 4583; x_wconf 80' lang='grc' dir='ltr'>ἥκει</span> <span class='ocrx_word' id='word_1_601' title='bbox 557 4511 797 4566; x_wconf 82' lang='grc' dir='ltr'>ἐναντίον</span> <span class='ocrx_word' id='word_1_602' title='bbox 825 4506 1016 4578; x_wconf 55' lang='lat' dir='ltr'><strong>ego?”</strong></span> <span class='ocrx_word' id='word_1_603' title='bbox 1046 4506 1163 4567; x_wconf 76' lang='grc' dir='ltr'>καὶ,</span> <span class='ocrx_word' id='word_1_604' title='bbox 1203 4523 1221 4556; x_wconf 84' lang='grc' dir='ltr'><strong>ι</strong></span> <span class='ocrx_word' id='word_1_605' title='bbox 1248 4501 1616 4573; x_wconf 86' lang='grc' dir='ltr'>Ἐνεθυμήθην</span> <span class='ocrx_word' id='word_1_606' title='bbox 1664 4501 1747 4553; x_wconf 73' lang='grc' dir='ltr'>ὅτι</span> 
     </span>
    </p>
   </div>
   <div class='ocr_carea' id='block_1_82' title="bbox 153 4588 1750 4676">
    <p class='ocr_par' dir='ltr' id='par_1_82' title="bbox 153 4588 1750 4676">
     <span class='ocr_line' id='line_1_82' title="bbox 153 4588 1750 4676; baseline -0.006 -21"><span class='ocrx_word' id='word_1_607' title='bbox 153 4604 393 4676; x_wconf 86' lang='grc' dir='ltr'>ἐποίησα</span> <span class='ocrx_word' id='word_1_608' title='bbox 416 4604 511 4657; x_wconf 80' lang='grc' dir='ltr'>τὸν</span> <span class='ocrx_word' id='word_1_609' title='bbox 527 4605 864 4675; x_wconf 80' lang='grc' dir='ltr'>ἄνθρωπονί</span> <span class='ocrx_word' id='word_1_610' title='bbox 900 4597 1018 4660; x_wconf 76' lang='grc' dir='ltr'>καὶ,</span> <span class='ocrx_word' id='word_1_611' title='bbox 1058 4594 1401 4664; x_wconf 77' lang='grc' dir='ltr'>«Ἀπαλείψω</span> <span class='ocrx_word' id='word_1_612' title='bbox 1428 4591 1521 4646; x_wconf 82' lang='grc' dir='ltr'>τὸν</span> <span class='ocrx_word' id='word_1_613' title='bbox 1540 4588 1750 4662; x_wconf 81' lang='grc' dir='ltr'>ἄνθρω-</span> 
     </span>
    </p>
   </div>
   <div class='ocr_carea' id='block_1_83' title="bbox 157 4681 1748 4758">
    <p class='ocr_par' dir='ltr' id='par_1_83' title="bbox 157 4681 1748 4758">
     <span class='ocr_line' id='line_1_83' title="bbox 157 4681 1748 4758; baseline -0.006 -12"><span class='ocrx_word' id='word_1_614' title='bbox 157 4709 309 4748; x_wconf 67' lang='lat' dir='ltr'><strong>mw</strong></span> <span class='ocrx_word' id='word_1_615' title='bbox 337 4699 461 4757; x_wconf 73' lang='grc' dir='ltr'>καὶ,</span> <span class='ocrx_word' id='word_1_616' title='bbox 489 4715 506 4745; x_wconf 81' lang='grc' dir='ltr'><strong>ι</strong></span> <span class='ocrx_word' id='word_1_617' title='bbox 535 4692 873 4747; x_wconf 80' lang='grc' dir='ltr'>Οὑκέσονται</span> <span class='ocrx_word' id='word_1_618' title='bbox 896 4689 1008 4742; x_wconf 69' lang='grc' dir='ltr'><strong>θεολ⁵</strong></span> <span class='ocrx_word' id='word_1_619' title='bbox 1044 4688 1223 4758; x_wconf 71' lang='grc' dir='ltr'>ἕτεροι</span> <span class='ocrx_word' id='word_1_620' title='bbox 1254 4685 1395 4756; x_wconf 82' lang='grc' dir='ltr'>πλὴν</span> <span class='ocrx_word' id='word_1_621' title='bbox 1426 4684 1619 4756; x_wconf 62' lang='grc' dir='ltr'>ἐμοῦη</span> <span class='ocrx_word' id='word_1_622' title='bbox 1652 4681 1748 4737; x_wconf 81' lang='grc' dir='ltr'><strong>καὶ</strong></span> 
     </span>
    </p>
   </div>
   <div class='ocr_carea' id='block_1_84' title="bbox 160 4775 1747 4854">
    <p class='ocr_par' dir='ltr' id='par_1_84' title="bbox 160 4775 1747 4854">
     <span class='ocr_line' id='line_1_84' title="bbox 160 4775 1747 4854; baseline -0.009 -13"><span class='ocrx_word' id='word_1_623' title='bbox 160 4790 350 4851; x_wconf 71' lang='grc' dir='ltr'>μυρία·</span> <span class='ocrx_word' id='word_1_624' title='bbox 371 4786 624 4854; x_wconf 85' lang='grc' dir='ltr'>ὀλιγάκις</span> <span class='ocrx_word' id='word_1_625' title='bbox 650 4783 705 4837; x_wconf 87' lang='grc' dir='ltr'><strong>δὲ</strong></span> <span class='ocrx_word' id='word_1_626' title='bbox 728 4779 1112 4854; x_wconf 86' lang='grc' dir='ltr'>πληθυντικῶς</span> <span class='ocrx_word' id='word_1_627' title='bbox 1147 4777 1474 4849; x_wconf 81' lang='grc' dir='ltr'>σχηματίζει</span> <span class='ocrx_word' id='word_1_628' title='bbox 1504 4775 1614 4830; x_wconf 86' lang='grc' dir='ltr'><strong>τῶν</strong></span> <span class='ocrx_word' id='word_1_629' title='bbox 1646 4777 1747 4845; x_wconf 81' lang='grc' dir='ltr'>τῆς</span> 
     </span>
    </p>
   </div>
   <div class='ocr_carea' id='block_1_85' title="bbox 1851 3588 3433 3664">
    <p class='ocr_par' dir='ltr' id='par_1_85' title="bbox 1851 3588 3433 3664">
     <span class='ocr_line' id='line_1_85' title="bbox 1851 3588 3433 3664; baseline 0.006 -23"><span class='ocrx_word' id='word_1_630' title='bbox 1851 3588 2046 3654; x_wconf 80' lang='lat' dir='ltr'><strong>nimus,</strong></span> <span class='ocrx_word' id='word_1_631' title='bbox 2071 3593 2327 3660; x_wconf 82' lang='lat' dir='ltr'><strong>quamvis</strong></span> <span class='ocrx_word' id='word_1_632' title='bbox 2354 3590 2548 3660; x_wconf 87' lang='lat' dir='ltr'><strong>plurali</strong></span> <span class='ocrx_word' id='word_1_633' title='bbox 2573 3608 2805 3647; x_wconf 88' lang='lat' dir='ltr'><strong>numero</strong></span> <span class='ocrx_word' id='word_1_634' title='bbox 2838 3595 3072 3664; x_wconf 89' lang='lat' dir='ltr'><strong>prolata,</strong></span> <span class='ocrx_word' id='word_1_635' title='bbox 3092 3595 3245 3650; x_wconf 90' lang='lat' dir='ltr'><strong>nullo</strong></span> <span class='ocrx_word' id='word_1_636' title='bbox 3266 3596 3433 3651; x_wconf 88' lang='lat' dir='ltr'><strong>modo</strong></span> 
     </span>
    </p>
   </div>
   <div class='ocr_carea' id='block_1_86' title="bbox 1850 3680 3428 3756">
    <p class='ocr_par' dir='ltr' id='par_1_86' title="bbox 1850 3680 3428 3756">
     <span class='ocr_line' id='line_1_86' title="bbox 1850 3680 3428 3756; baseline 0.005 -21"><span class='ocrx_word' id='word_1_637' title='bbox 1850 3680 2024 3736; x_wconf 86' lang='lat' dir='ltr'><strong>alium</strong></span> <span class='ocrx_word' id='word_1_638' title='bbox 2060 3681 2131 3736; x_wconf 89' lang='lat' dir='ltr'><strong>ad</strong></span> <span class='ocrx_word' id='word_1_639' title='bbox 2167 3682 2439 3738; x_wconf 88' lang='lat' dir='ltr'><strong>actionem</strong></span> <span class='ocrx_word' id='word_1_640' title='bbox 2486 3698 2839 3740; x_wconf 87' lang='lat' dir='ltr'><strong>communem</strong></span> <span class='ocrx_word' id='word_1_641' title='bbox 2872 3687 3061 3741; x_wconf 87' lang='lat' dir='ltr'><strong>vocari</strong></span> <span class='ocrx_word' id='word_1_642' title='bbox 3091 3699 3428 3756; x_wconf 88' lang='lat' dir='ltr'><strong>supponunt.</strong></span> 
     </span>
    </p>
   </div>
   <div class='ocr_carea' id='block_1_87' title="bbox 1849 3771 3429 3833">
    <p class='ocr_par' dir='ltr' id='par_1_87' title="bbox 1849 3771 3429 3833">
     <span class='ocr_line' id='line_1_87' title="bbox 1849 3771 3429 3833; baseline 0.003 -8"><span class='ocrx_word' id='word_1_643' title='bbox 1849 3771 2024 3829; x_wconf 70' lang='lat' dir='ltr'><strong>Aliter</strong></span> <span class='ocrx_word' id='word_1_644' title='bbox 2085 3782 2268 3829; x_wconf 87' lang='lat' dir='ltr'><strong>autem</strong></span> <span class='ocrx_word' id='word_1_645' title='bbox 2330 3775 2558 3829; x_wconf 84' lang='lat' dir='ltr'><strong>verbum</strong></span> <span class='ocrx_word' id='word_1_646' title='bbox 2613 3778 2945 3831; x_wconf 72' lang='lat' dir='ltr'><strong>decernimus</strong></span> <span class='ocrx_word' id='word_1_647' title='bbox 2995 3790 3049 3833; x_wconf 85' lang='lat' dir='ltr'><strong>et</strong></span> <span class='ocrx_word' id='word_1_648' title='bbox 3110 3780 3429 3832; x_wconf 80' lang='lat' dir='ltr'><strong>mandamus</strong></span> 
     </span>
    </p>
   </div>
   <div class='ocr_carea' id='block_1_88' title="bbox 1848 3865 3429 3936">
    <p class='ocr_par' dir='ltr' id='par_1_88' title="bbox 1848 3865 3429 3936">
     <span class='ocr_line' id='line_1_88' title="bbox 1848 3865 3429 3936; baseline 0.003 -17"><span class='ocrx_word' id='word_1_649' title='bbox 1848 3865 1997 3919; x_wconf 88' lang='lat' dir='ltr'><strong>clare</strong></span> <span class='ocrx_word' id='word_1_650' title='bbox 2030 3875 2258 3934; x_wconf 88' lang='lat' dir='ltr'><strong>apparet</strong></span> <span class='ocrx_word' id='word_1_651' title='bbox 2279 3865 2347 3920; x_wconf 89' lang='lat' dir='ltr'><strong>ad</strong></span> <span class='ocrx_word' id='word_1_652' title='bbox 2377 3866 2511 3936; x_wconf 88' lang='lat' dir='ltr'><strong>quid</strong></span> <span class='ocrx_word' id='word_1_653' title='bbox 2541 3866 2819 3929; x_wconf 84' lang='lat' dir='ltr'><strong>dicantur.</strong></span> <span class='ocrx_word' id='word_1_654' title='bbox 2851 3869 3134 3924; x_wconf 88' lang='lat' dir='ltr'><strong>evidenter</strong></span> <span class='ocrx_word' id='word_1_655' title='bbox 3168 3869 3316 3928; x_wconf 91' lang='lat' dir='ltr'><strong>enim</strong></span> <span class='ocrx_word' id='word_1_656' title='bbox 3362 3870 3429 3923; x_wconf 88' lang='lat' dir='ltr'><strong>ad</strong></span> 
     </span>
    </p>
   </div>
   <div class='ocr_carea' id='block_1_89' title="bbox 1850 3953 3428 4031">
    <p class='ocr_par' dir='ltr' id='par_1_89' title="bbox 1850 3953 3428 4031">
     <span class='ocr_line' id='line_1_89' title="bbox 1850 3953 3428 4031; baseline 0.004 -21"><span class='ocrx_word' id='word_1_657' title='bbox 1850 3954 2179 4023; x_wconf 83' lang='lat' dir='ltr'><strong>subjectum.</strong></span> <span class='ocrx_word' id='word_1_658' title='bbox 2215 3953 2318 4012; x_wconf 82' lang='lat' dir='ltr'><strong>Hic</strong></span> <span class='ocrx_word' id='word_1_659' title='bbox 2335 3966 2518 4013; x_wconf 88' lang='lat' dir='ltr'><strong>autem</strong></span> <span class='ocrx_word' id='word_1_660' title='bbox 2551 3958 2777 4013; x_wconf 85' lang='lat' dir='ltr'><strong>verbum</strong></span> <span class='ocrx_word' id='word_1_661' title='bbox 2809 3960 3095 4029; x_wconf 76' lang='lat' dir='ltr'><strong>faciamus,</strong></span> <span class='ocrx_word' id='word_1_662' title='bbox 3124 3963 3428 4031; x_wconf 65' lang='lat' dir='ltr'><strong>praesertim</strong></span> 
     </span>
    </p>
   </div>
   <div class='ocr_carea' id='block_1_90' title="bbox 1850 4045 3431 4120">
    <p class='ocr_par' dir='ltr' id='par_1_90' title="bbox 1850 4045 3431 4120">
     <span class='ocr_line' id='line_1_90' title="bbox 1850 4045 3431 4120; baseline 0.004 -22"><span class='ocrx_word' id='word_1_663' title='bbox 1850 4052 2074 4116; x_wconf 86' lang='lat' dir='ltr'><strong>prepter</strong></span> <span class='ocrx_word' id='word_1_664' title='bbox 2097 4045 2229 4101; x_wconf 90' lang='lat' dir='ltr'><strong>illud</strong></span> <span class='ocrx_word' id='word_1_665' title='bbox 2255 4045 2405 4117; x_wconf 89' lang='lat' dir='ltr'><strong>quod</strong></span> <span class='ocrx_word' id='word_1_666' title='bbox 2430 4046 2690 4119; x_wconf 86' lang='lat' dir='ltr'><strong>adjicitur</strong></span> <span class='ocrx_word' id='word_1_667' title='bbox 2726 4048 2797 4103; x_wconf 87' lang='lat' dir='ltr'><strong>ad</strong></span> <span class='ocrx_word' id='word_1_668' title='bbox 2826 4051 3131 4120; x_wconf 84' lang='lat' dir='ltr'><strong>imaginem,</strong></span> <span class='ocrx_word' id='word_1_669' title='bbox 3165 4050 3300 4104; x_wconf 91' lang='lat' dir='ltr'><strong>nihil</strong></span> <span class='ocrx_word' id='word_1_670' title='bbox 3329 4051 3431 4105; x_wconf 89' lang='lat' dir='ltr'><strong>ab-</strong></span> 
     </span>
    </p>
   </div>
   <div class='ocr_carea' id='block_1_91' title="bbox 1849 4138 3423 4212">
    <p class='ocr_par' dir='ltr' id='par_1_91' title="bbox 1849 4138 3423 4212">
     <span class='ocr_line' id='line_1_91' title="bbox 1849 4138 3423 4212; baseline 0.003 -20"><span class='ocrx_word' id='word_1_671' title='bbox 1849 4140 2029 4195; x_wconf 89' lang='lat' dir='ltr'><strong>solute</strong></span> <span class='ocrx_word' id='word_1_672' title='bbox 2072 4139 2170 4196; x_wconf 88' lang='lat' dir='ltr'><strong>dat</strong></span> <span class='ocrx_word' id='word_1_673' title='bbox 2207 4138 2633 4212; x_wconf 80' lang='lat' dir='ltr'><strong>excogitandum</strong></span> <span class='ocrx_word' id='word_1_674' title='bbox 2679 4142 2788 4199; x_wconf 88' lang='lat' dir='ltr'><strong>nisi</strong></span> <span class='ocrx_word' id='word_1_675' title='bbox 2822 4141 3022 4198; x_wconf 88' lang='lat' dir='ltr'><strong>Filium</strong></span> <span class='ocrx_word' id='word_1_676' title='bbox 3058 4151 3114 4197; x_wconf 88' lang='lat' dir='ltr'><strong>et</strong></span> <span class='ocrx_word' id='word_1_677' title='bbox 3158 4140 3423 4211; x_wconf 89' lang='lat' dir='ltr'><strong>Spiritum</strong></span> 
     </span>
    </p>
   </div>
   <div class='ocr_carea' id='block_1_92' title="bbox 1849 4229 3427 4304">
    <p class='ocr_par' dir='ltr' id='par_1_92' title="bbox 1849 4229 3427 4304">
     <span class='ocr_line' id='line_1_92' title="bbox 1849 4229 3427 4304; baseline 0.002 -18"><span class='ocrx_word' id='word_1_678' title='bbox 1849 4237 2101 4286; x_wconf 87' lang='lat' dir='ltr'><strong>sanctum</strong></span> <span class='ocrx_word' id='word_1_679' title='bbox 2126 4229 2328 4300; x_wconf 88' lang='lat' dir='ltr'><strong>quibus</strong></span> <span class='ocrx_word' id='word_1_680' title='bbox 2365 4231 2791 4288; x_wconf 86' lang='lat' dir='ltr'><strong>committuntur</strong></span> <span class='ocrx_word' id='word_1_681' title='bbox 2816 4234 3072 4288; x_wconf 66' lang='lat' dir='ltr'><strong>maximas</strong></span> <span class='ocrx_word' id='word_1_682' title='bbox 3098 4242 3427 4304; x_wconf 85' lang='lat' dir='ltr'><strong>potestates,</strong></span> 
     </span>
    </p>
   </div>
   <div class='ocr_carea' id='block_1_93' title="bbox 1849 4321 3427 4392">
    <p class='ocr_par' dir='ltr' id='par_1_93' title="bbox 1849 4321 3427 4392">
     <span class='ocr_line' id='line_1_93' title="bbox 1849 4321 3427 4392; baseline 0.001 -17"><span class='ocrx_word' id='word_1_683' title='bbox 1849 4321 1942 4392; x_wconf 86' lang='lat' dir='ltr'><strong>qui</strong></span> <span class='ocrx_word' id='word_1_684' title='bbox 1971 4322 2157 4377; x_wconf 88' lang='lat' dir='ltr'><strong>dicere</strong></span> <span class='ocrx_word' id='word_1_685' title='bbox 2177 4332 2602 4389; x_wconf 88' lang='lat' dir='ltr'><strong>consueverant,</strong></span> <span class='ocrx_word' id='word_1_686' title='bbox 2635 4324 2958 4381; x_wconf 76' lang='lat' dir='ltr'><strong>mandamus</strong></span> <span class='ocrx_word' id='word_1_687' title='bbox 2990 4332 3047 4379; x_wconf 87' lang='lat' dir='ltr'><strong>et</strong></span> <span class='ocrx_word' id='word_1_688' title='bbox 3073 4322 3427 4390; x_wconf 83' lang='lat' dir='ltr'><strong>decernimus,</strong></span> 
     </span>
    </p>
   </div>
   <div class='ocr_carea' id='block_1_94' title="bbox 1846 4411 3431 4485">
    <p class='ocr_par' dir='ltr' id='par_1_94' title="bbox 1846 4411 3431 4485">
     <span class='ocr_line' id='line_1_94' title="bbox 1846 4411 3431 4485; baseline 0 -17"><span class='ocrx_word' id='word_1_689' title='bbox 1846 4421 1904 4468; x_wconf 92' lang='lat' dir='ltr'><strong>et</strong></span> <span class='ocrx_word' id='word_1_690' title='bbox 1934 4411 2195 4480; x_wconf 77' lang='lat' dir='ltr'><strong>iubemus,</strong></span> <span class='ocrx_word' id='word_1_691' title='bbox 2247 4422 2303 4467; x_wconf 87' lang='lat' dir='ltr'><strong>et</strong></span> <span class='ocrx_word' id='word_1_692' title='bbox 2348 4413 2457 4470; x_wconf 87' lang='lat' dir='ltr'><strong>alia</strong></span> <span class='ocrx_word' id='word_1_693' title='bbox 2500 4413 2553 4470; x_wconf 91' lang='lat' dir='ltr'><strong>id</strong></span> <span class='ocrx_word' id='word_1_694' title='bbox 2585 4430 2778 4485; x_wconf 87' lang='lat' dir='ltr'><strong>genus.</strong></span> <span class='ocrx_word' id='word_1_695' title='bbox 2811 4414 3067 4471; x_wconf 86' lang='lat' dir='ltr'><strong>Attamen</strong></span> <span class='ocrx_word' id='word_1_696' title='bbox 3108 4415 3431 4484; x_wconf 88' lang='lat' dir='ltr'><strong>plerumque</strong></span> 
     </span>
    </p>
   </div>
   <div class='ocr_carea' id='block_1_95' title="bbox 1848 4500 3429 4577">
    <p class='ocr_par' dir='ltr' id='par_1_95' title="bbox 1848 4500 3429 4577">
     <span class='ocr_line' id='line_1_95' title="bbox 1848 4500 3429 4577; baseline -0.001 -17"><span class='ocrx_word' id='word_1_697' title='bbox 1848 4513 2039 4561; x_wconf 81' lang='lat' dir='ltr'><strong>sancta</strong></span> <span class='ocrx_word' id='word_1_698' title='bbox 2082 4505 2372 4577; x_wconf 88' lang='lat' dir='ltr'><strong>Scriptura</strong></span> <span class='ocrx_word' id='word_1_699' title='bbox 2420 4506 2645 4565; x_wconf 73' lang='lat' dir='ltr'><strong>exhibet</strong></span> <span class='ocrx_word' id='word_1_700' title='bbox 2693 4500 2867 4563; x_wconf 86' lang='lat' dir='ltr'><strong>Deum</strong></span> <span class='ocrx_word' id='word_1_701' title='bbox 2911 4507 2966 4561; x_wconf 92' lang='lat' dir='ltr'><strong>in</strong></span> <span class='ocrx_word' id='word_1_702' title='bbox 3013 4504 3279 4575; x_wconf 85' lang='lat' dir='ltr'><strong>singulari</strong></span> <span class='ocrx_word' id='word_1_703' title='bbox 3322 4522 3429 4559; x_wconf 76' lang='lat' dir='ltr'><strong>nu~</strong></span> 
     </span>
    </p>
   </div>
   <div class='ocr_carea' id='block_1_96' title="bbox 1848 4598 3429 4673">
    <p class='ocr_par' dir='ltr' id='par_1_96' title="bbox 1848 4598 3429 4673">
     <span class='ocr_line' id='line_1_96' title="bbox 1848 4598 3429 4673; baseline -0.002 -19"><span class='ocrx_word' id='word_1_704' title='bbox 1848 4614 2005 4655; x_wconf 85' lang='lat' dir='ltr'><strong>mero</strong></span> <span class='ocrx_word' id='word_1_705' title='bbox 2053 4601 2366 4673; x_wconf 89' lang='lat' dir='ltr'><strong>loquentem</strong></span> <span class='ocrx_word' id='word_1_706' title='bbox 2416 4619 2432 4653; x_wconf 87' lang='lat'><strong>:</strong></span> <span class='ocrx_word' id='word_1_707' title='bbox 2481 4617 2504 4655; x_wconf 77' lang='grc' dir='ltr'>ι</span> <span class='ocrx_word' id='word_1_708' title='bbox 2550 4599 2792 4669; x_wconf 89' lang='lat' dir='ltr'><strong>Tempus</strong></span> <span class='ocrx_word' id='word_1_709' title='bbox 2838 4600 2983 4655; x_wconf 90' lang='lat' dir='ltr'><strong>enim</strong></span> <span class='ocrx_word' id='word_1_710' title='bbox 3049 4598 3230 4653; x_wconf 89' lang='lat' dir='ltr'><strong>omnis</strong></span> <span class='ocrx_word' id='word_1_711' title='bbox 3278 4605 3429 4652; x_wconf 80' lang='lat' dir='ltr'><strong>venit</strong></span> 
     </span>
    </p>
   </div>
   <div class='ocr_carea' id='block_1_97' title="bbox 1851 4690 3421 4765">
    <p class='ocr_par' dir='ltr' id='par_1_97' title="bbox 1851 4690 3421 4765">
     <span class='ocr_line' id='line_1_97' title="bbox 1851 4690 3421 4765; baseline -0.001 -20"><span class='ocrx_word' id='word_1_712' title='bbox 1851 4701 1980 4747; x_wconf 81' lang='lat' dir='ltr'><strong>ante</strong></span> <span class='ocrx_word' id='word_1_713' title='bbox 2010 4708 2118 4748; x_wconf 91' lang='lat' dir='ltr'><strong>me.</strong></span> <span class='ocrx_word' id='word_1_714' title='bbox 2156 4712 2176 4747; x_wconf 77' lang='grc' dir='ltr'><strong>ι</strong></span> <span class='ocrx_word' id='word_1_715' title='bbox 2207 4722 2279 4734; x_wconf 90' lang='grc'><strong><em>-</em></strong></span> <span class='ocrx_word' id='word_1_716' title='bbox 2305 4711 2327 4749; x_wconf 81' lang='grc' dir='ltr'><strong>ι</strong></span> <span class='ocrx_word' id='word_1_717' title='bbox 2364 4693 2450 4751; x_wconf 79' lang='lat' dir='ltr'><strong>Me</strong></span> <span class='ocrx_word' id='word_1_718' title='bbox 2476 4694 2709 4765; x_wconf 74' lang='lat' dir='ltr'><strong>poenitet</strong></span> <span class='ocrx_word' id='word_1_719' title='bbox 2742 4692 2871 4763; x_wconf 90' lang='lat' dir='ltr'><strong>quia</strong></span> <span class='ocrx_word' id='word_1_720' title='bbox 2911 4690 3012 4747; x_wconf 83' lang='lat' dir='ltr'><strong>feci</strong></span> <span class='ocrx_word' id='word_1_721' title='bbox 3046 4693 3361 4757; x_wconf 84' lang='lat' dir='ltr'><strong>hominem;</strong></span> <span class='ocrx_word' id='word_1_722' title='bbox 3401 4708 3421 4744; x_wconf 80' lang='grc'>›</span> 
     </span>
    </p>
   </div>
   <div class='ocr_carea' id='block_1_98' title="bbox 1852 4780 3431 4850">
    <p class='ocr_par' dir='ltr' id='par_1_98' title="bbox 1852 4780 3431 4850">
     <span class='ocr_line' id='line_1_98' title="bbox 1852 4780 3431 4850; baseline -0.003 -11"><span class='ocrx_word' id='word_1_723' title='bbox 1852 4791 1904 4839; x_wconf 87' lang='lat' dir='ltr'><strong>et</strong></span> <span class='ocrx_word' id='word_1_724' title='bbox 1936 4799 1952 4837; x_wconf 91' lang='lat'><strong>:</strong></span> <span class='ocrx_word' id='word_1_725' title='bbox 1990 4802 2009 4835; x_wconf 81' lang='grc' dir='ltr'><strong>ι</strong></span> <span class='ocrx_word' id='word_1_726' title='bbox 2045 4782 2250 4839; x_wconf 92' lang='lat' dir='ltr'><strong>Delebo</strong></span> <span class='ocrx_word' id='word_1_727' title='bbox 2286 4784 2597 4850; x_wconf 88' lang='lat' dir='ltr'><strong>hominem;</strong></span> <span class='ocrx_word' id='word_1_728' title='bbox 2633 4800 2652 4837; x_wconf 74' lang='grc' dir='ltr'><strong>ι</strong></span> <span class='ocrx_word' id='word_1_729' title='bbox 2687 4793 2787 4838; x_wconf 91' lang='lat' dir='ltr'><strong>et:</strong></span> <span class='ocrx_word' id='word_1_730' title='bbox 2826 4801 2845 4835; x_wconf 86' lang='grc' dir='ltr'><strong>ι</strong></span> <span class='ocrx_word' id='word_1_731' title='bbox 2877 4780 2992 4836; x_wconf 83' lang='lat' dir='ltr'><strong>Non</strong></span> <span class='ocrx_word' id='word_1_732' title='bbox 3026 4789 3191 4836; x_wconf 87' lang='lat' dir='ltr'><strong>erunt</strong></span> <span class='ocrx_word' id='word_1_733' title='bbox 3226 4781 3300 4835; x_wconf 89' lang='lat' dir='ltr'><strong>dii</strong></span> <span class='ocrx_word' id='word_1_734' title='bbox 3334 4780 3431 4835; x_wconf 87' lang='lat' dir='ltr'><strong>alii</strong></span> 
     </span>
    </p>
   </div>
   <div class='ocr_carea' id='block_1_99' title="bbox 157 4863 1750 4945">
    <p class='ocr_par' dir='ltr' id='par_1_99' title="bbox 157 4866 1744 4945">
     <span class='ocr_line' id='line_1_99' title="bbox 157 4866 1744 4945; baseline -0.002 -22"><span class='ocrx_word' id='word_1_735' title='bbox 157 4871 398 4943; x_wconf 85' lang='grc' dir='ltr'>Τριάδος</span> <span class='ocrx_word' id='word_1_736' title='bbox 424 4878 729 4939; x_wconf 62' lang='grc' dir='ltr'>προσώπων</span> <span class='ocrx_word' id='word_1_737' title='bbox 746 4873 1026 4945; x_wconf 87' lang='grc' dir='ltr'>ἐμφαίνων</span> <span class='ocrx_word' id='word_1_738' title='bbox 1053 4871 1143 4924; x_wconf 82' lang='grc' dir='ltr'>τὸν</span> <span class='ocrx_word' id='word_1_739' title='bbox 1161 4869 1412 4942; x_wconf 87' lang='grc' dir='ltr'>ἀριθμόν.</span> <span class='ocrx_word' id='word_1_740' title='bbox 1433 4867 1645 4938; x_wconf 84' lang='grc' dir='ltr'>Ὥσπερ</span> <span class='ocrx_word' id='word_1_741' title='bbox 1661 4866 1744 4933; x_wconf 78' lang='grc' dir='ltr'>τὸ,</span> 
     </span>
    </p>
   </div>
   <div class='ocr_carea' id='block_1_100' title="bbox 1851 4863 3429 4945">
    <p class='ocr_par' dir='ltr' id='par_1_100' title="bbox 1851 4873 3429 4945">
     <span class='ocr_line' id='line_1_100' title="bbox 1851 4873 3429 4945; baseline -0.001 -16"><span class='ocrx_word' id='word_1_742' title='bbox 1851 4885 2046 4945; x_wconf 85' lang='lat' dir='ltr'><strong>praeter</strong></span> <span class='ocrx_word' id='word_1_743' title='bbox 2100 4890 2211 4942; x_wconf 90' lang='lat' dir='ltr'><strong>me,</strong></span> <span class='ocrx_word' id='word_1_744' title='bbox 2246 4894 2267 4928; x_wconf 79' lang='grc' dir='ltr'><strong>ι</strong></span> <span class='ocrx_word' id='word_1_745' title='bbox 2312 4886 2367 4931; x_wconf 88' lang='lat' dir='ltr'><strong>et</strong></span> <span class='ocrx_word' id='word_1_746' title='bbox 2412 4875 2519 4930; x_wconf 91' lang='lat' dir='ltr'><strong>alia</strong></span> <span class='ocrx_word' id='word_1_747' title='bbox 2566 4876 2760 4929; x_wconf 88' lang='lat' dir='ltr'><strong>multa.</strong></span> <span class='ocrx_word' id='word_1_748' title='bbox 2793 4873 3103 4943; x_wconf 83' lang='lat' dir='ltr'><strong>Aliquando</strong></span> <span class='ocrx_word' id='word_1_749' title='bbox 3142 4882 3322 4929; x_wconf 89' lang='lat' dir='ltr'><strong>autem</strong></span> <span class='ocrx_word' id='word_1_750' title='bbox 3372 4873 3429 4929; x_wconf 91' lang='lat' dir='ltr'><strong>in</strong></span> 
     </span>
    </p>
   </div>
   <div class='ocr_carea' id='block_1_101' title="bbox 162 4959 1750 5046">
    <p class='ocr_par' dir='ltr' id='par_1_101' title="bbox 162 4959 1745 5046">
     <span class='ocr_line' id='line_1_101' title="bbox 162 4959 1745 5046; baseline -0.003 -30"><span class='ocrx_word' id='word_1_751' title='bbox 162 4982 182 5016; x_wconf 82' lang='grc' dir='ltr'><strong>ι</strong></span> <span class='ocrx_word' id='word_1_752' title='bbox 208 4963 411 5030; x_wconf 81' lang='grc' dir='ltr'>Δεῦτε,</span> <span class='ocrx_word' id='word_1_753' title='bbox 439 4961 538 5046; x_wconf 72' lang='grc' dir='ltr'>καὶ</span> <span class='ocrx_word' id='word_1_754' title='bbox 561 4967 891 5031; x_wconf 74' lang='grc' dir='ltr'>καταὸάντες</span> <span class='ocrx_word' id='word_1_755' title='bbox 920 4964 1242 5036; x_wconf 79' lang='grc' dir='ltr'>συγχὲωμεν</span> <span class='ocrx_word' id='word_1_756' title='bbox 1287 4960 1386 5025; x_wconf 81' lang='grc' dir='ltr'>τὰς</span> <span class='ocrx_word' id='word_1_757' title='bbox 1421 4959 1692 5030; x_wconf 87' lang='grc' dir='ltr'>γλώσσας·</span> <span class='ocrx_word' id='word_1_758' title='bbox 1725 4978 1745 5011; x_wconf 67' lang='grc' dir='ltr'><strong>ι</strong></span> 
     </span>
    </p>
   </div>
   <div class='ocr_carea' id='block_1_102' title="bbox 1851 4959 3429 5046">
    <p class='ocr_par' dir='ltr' id='par_1_102' title="bbox 1851 4962 3429 5046">
     <span class='ocr_line' id='line_1_102' title="bbox 1851 4962 3429 5046; baseline 0 -29"><span class='ocrx_word' id='word_1_759' title='bbox 1851 4964 2047 5036; x_wconf 88' lang='lat' dir='ltr'><strong>plurali</strong></span> <span class='ocrx_word' id='word_1_760' title='bbox 2099 4980 2335 5021; x_wconf 88' lang='lat' dir='ltr'><strong>numero</strong></span> <span class='ocrx_word' id='word_1_761' title='bbox 2366 4965 2598 5036; x_wconf 86' lang='lat' dir='ltr'><strong>loquens</strong></span> <span class='ocrx_word' id='word_1_762' title='bbox 2650 4979 2940 5046; x_wconf 76' lang='lat' dir='ltr'><strong>numerum</strong></span> <span class='ocrx_word' id='word_1_763' title='bbox 2974 4962 3260 5019; x_wconf 85' lang='lat' dir='ltr'><strong>Trinitatis</strong></span> <span class='ocrx_word' id='word_1_764' title='bbox 3301 4979 3429 5034; x_wconf 89' lang='lat' dir='ltr'><strong>per-</strong></span> 
     </span>
    </p>
   </div>
   <div class='ocr_carea' id='block_1_103' title="bbox 157 5045 1750 5140">
    <p class='ocr_par' dir='ltr' id='par_1_103' title="bbox 157 5045 1750 5125">
     <span class='ocr_line' id='line_1_103' title="bbox 157 5045 1750 5125; baseline -0.001 -18"><span class='ocrx_word' id='word_1_765' title='bbox 157 5054 254 5107; x_wconf 80' lang='grc' dir='ltr'><strong>καὶ</strong></span> <span class='ocrx_word' id='word_1_766' title='bbox 272 5052 413 5124; x_wconf 78' lang='grc' dir='ltr'>περὶ</span> <span class='ocrx_word' id='word_1_767' title='bbox 450 5045 512 5106; x_wconf 72' lang='grc' dir='ltr'>οὗ</span> <span class='ocrx_word' id='word_1_768' title='bbox 533 5051 629 5105; x_wconf 79' lang='grc' dir='ltr'>νῦν</span> <span class='ocrx_word' id='word_1_769' title='bbox 660 5052 689 5104; x_wconf 87' lang='grc' dir='ltr'>ὁ</span> <span class='ocrx_word' id='word_1_770' title='bbox 719 5051 875 5121; x_wconf 90' lang='grc' dir='ltr'>λόγος</span> <span class='ocrx_word' id='word_1_771' title='bbox 906 5072 919 5087; x_wconf 91' lang='grc'><strong>·</strong></span> <span class='ocrx_word' id='word_1_772' title='bbox 947 5057 1041 5109; x_wconf 74' lang='grc' dir='ltr'>καὶ</span> <span class='ocrx_word' id='word_1_773' title='bbox 1070 5055 1179 5125; x_wconf 90' lang='lat'><strong>7&amp;9</strong></span> <span class='ocrx_word' id='word_1_774' title='bbox 1205 5052 1441 5108; x_wconf 76' lang='grc' dir='ltr'>ἐνταῦθα</span> <span class='ocrx_word' id='word_1_775' title='bbox 1472 5054 1664 5125; x_wconf 81' lang='grc' dir='ltr'>ἐπειδὴ</span> <span class='ocrx_word' id='word_1_776' title='bbox 1689 5052 1750 5105; x_wconf 83' lang='grc' dir='ltr'>τὸ</span> 
     </span>
    </p>
   </div>
   <div class='ocr_carea' id='block_1_104' title="bbox 1851 5045 3428 5140">
    <p class='ocr_par' dir='ltr' id='par_1_104' title="bbox 1851 5058 3428 5140">
     <span class='ocr_line' id='line_1_104' title="bbox 1851 5058 3428 5140; baseline 0 -27"><span class='ocrx_word' id='word_1_777' title='bbox 1851 5073 2109 5113; x_wconf 88' lang='lat' dir='ltr'><strong>sonarum</strong></span> <span class='ocrx_word' id='word_1_778' title='bbox 2141 5059 2379 5130; x_wconf 84' lang='lat' dir='ltr'><strong>ﬁgurare</strong></span> <span class='ocrx_word' id='word_1_779' title='bbox 2416 5059 2653 5125; x_wconf 89' lang='lat' dir='ltr'><strong>videtur,</strong></span> <span class='ocrx_word' id='word_1_780' title='bbox 2700 5068 2760 5140; x_wconf 84' lang='lat' dir='ltr'><strong>ut</strong></span> <span class='ocrx_word' id='word_1_781' title='bbox 2798 5074 2921 5113; x_wconf 92' lang='lat' dir='ltr'><strong>cum</strong></span> <span class='ocrx_word' id='word_1_782' title='bbox 2946 5059 3077 5114; x_wconf 90' lang='lat' dir='ltr'><strong>dicit</strong></span> <span class='ocrx_word' id='word_1_783' title='bbox 3107 5075 3123 5114; x_wconf 90' lang='lat'><strong>:</strong></span> <span class='ocrx_word' id='word_1_784' title='bbox 3154 5076 3173 5111; x_wconf 79' lang='grc' dir='ltr'><strong>ι</strong></span> <span class='ocrx_word' id='word_1_785' title='bbox 3210 5058 3428 5125; x_wconf 78' lang='lat' dir='ltr'><strong>Venite,</strong></span> 
     </span>
    </p>
   </div>
   <div class='ocr_carea' id='block_1_105' title="bbox 156 5141 1750 5219">
    <p class='ocr_par' dir='ltr' id='par_1_105' title="bbox 156 5141 1750 5213">
     <span class='ocr_line' id='line_1_105' title="bbox 156 5141 1750 5213; baseline 0.001 -16"><span class='ocrx_word' id='word_1_786' title='bbox 156 5142 387 5213; x_wconf 79' lang='grc' dir='ltr'>λογικὸν</span> <span class='ocrx_word' id='word_1_787' title='bbox 412 5142 557 5209; x_wconf 72' lang='grc' dir='ltr'>ζῶον</span> <span class='ocrx_word' id='word_1_788' title='bbox 583 5141 895 5199; x_wconf 84' lang='grc' dir='ltr'>διέπλαττεν</span> <span class='ocrx_word' id='word_1_789' title='bbox 918 5149 947 5201; x_wconf 85' lang='grc' dir='ltr'><strong>ό</strong></span> <span class='ocrx_word' id='word_1_790' title='bbox 986 5147 1117 5211; x_wconf 85' lang='grc' dir='ltr'>Θεός</span> <span class='ocrx_word' id='word_1_791' title='bbox 1138 5164 1152 5177; x_wconf 88' lang='grc'><strong>·</strong></span> <span class='ocrx_word' id='word_1_792' title='bbox 1181 5145 1210 5200; x_wconf 82' lang='grc' dir='ltr'><strong>δ</strong></span> <span class='ocrx_word' id='word_1_793' title='bbox 1238 5148 1335 5199; x_wconf 70' lang='grc' dir='ltr'><strong>καὶ</strong></span> <span class='ocrx_word' id='word_1_794' title='bbox 1380 5146 1750 5210; x_wconf 74' lang='grc' dir='ltr'>ἀνακαινίζειν</span> 
     </span>
    </p>
   </div>
   <div class='ocr_carea' id='block_1_106' title="bbox 1851 5141 3428 5219">
    <p class='ocr_par' dir='ltr' id='par_1_106' title="bbox 1851 5146 3428 5219">
     <span class='ocr_line' id='line_1_106' title="bbox 1851 5146 3428 5219; baseline -0.001 -17"><span class='ocrx_word' id='word_1_795' title='bbox 1851 5148 2249 5203; x_wconf 87' lang='lat' dir='ltr'><strong>descendamus</strong></span> <span class='ocrx_word' id='word_1_796' title='bbox 2294 5154 2350 5203; x_wconf 90' lang='lat' dir='ltr'><strong>et</strong></span> <span class='ocrx_word' id='word_1_797' title='bbox 2379 5146 2786 5204; x_wconf 84' lang='lat' dir='ltr'><strong>conlundamus</strong></span> <span class='ocrx_word' id='word_1_798' title='bbox 2815 5147 3032 5219; x_wconf 85' lang='lat' dir='ltr'><strong>linguas</strong></span> <span class='ocrx_word' id='word_1_799' title='bbox 3058 5162 3273 5215; x_wconf 82' lang='lat' dir='ltr'><strong>eorum,</strong></span> <span class='ocrx_word' id='word_1_800' title='bbox 3307 5167 3326 5199; x_wconf 74' lang='grc' dir='ltr'><strong>ι</strong></span> <span class='ocrx_word' id='word_1_801' title='bbox 3371 5157 3428 5200; x_wconf 91' lang='lat' dir='ltr'><strong>et</strong></span> 
     </span>
    </p>
   </div>
   <div class='ocr_carea' id='block_1_107' title="bbox 159 5234 1750 5310">
    <p class='ocr_par' dir='ltr' id='par_1_107' title="bbox 159 5234 1747 5309">
     <span class='ocr_line' id='line_1_107' title="bbox 159 5234 1747 5309; baseline 0.001 -20"><span class='ocrx_word' id='word_1_802' title='bbox 159 5240 306 5306; x_wconf 84' lang='grc' dir='ltr'>μετὰ</span> <span class='ocrx_word' id='word_1_803' title='bbox 332 5234 541 5298; x_wconf 80' lang='grc' dir='ltr'>πολλὰς</span> <span class='ocrx_word' id='word_1_804' title='bbox 565 5234 720 5305; x_wconf 74' lang='grc' dir='ltr'>ἔμελ)</span> <span class='ocrx_word' id='word_1_805' title='bbox 731 5252 788 5288; x_wconf 89' lang='grc' dir='ltr'><strong>εν</strong></span> <span class='ocrx_word' id='word_1_806' title='bbox 828 5238 1023 5304; x_wconf 83' lang='grc' dir='ltr'>γενεὰς</span> <span class='ocrx_word' id='word_1_807' title='bbox 1059 5240 1179 5303; x_wconf 89' lang='grc' dir='ltr'>ταῖς</span> <span class='ocrx_word' id='word_1_808' title='bbox 1205 5239 1306 5308; x_wconf 82' lang='grc' dir='ltr'>τῆς</span> <span class='ocrx_word' id='word_1_809' title='bbox 1332 5238 1495 5306; x_wconf 82' lang='grc' dir='ltr'>ἁγίας</span> <span class='ocrx_word' id='word_1_810' title='bbox 1521 5238 1747 5309; x_wconf 85' lang='grc' dir='ltr'>Τριάδος</span> 
     </span>
    </p>
   </div>
   <div class='ocr_carea' id='block_1_108' title="bbox 1851 5234 3429 5310">
    <p class='ocr_par' dir='ltr' id='par_1_108' title="bbox 1851 5237 3429 5310">
     <span class='ocr_line' id='line_1_108' title="bbox 1851 5237 3429 5310; baseline 0.001 -18"><span class='ocrx_word' id='word_1_811' title='bbox 1851 5240 2076 5295; x_wconf 89' lang='lat' dir='ltr'><strong>verbum</strong></span> <span class='ocrx_word' id='word_1_812' title='bbox 2110 5240 2176 5295; x_wconf 91' lang='lat' dir='ltr'><strong>de</strong></span> <span class='ocrx_word' id='word_1_813' title='bbox 2213 5256 2326 5309; x_wconf 89' lang='lat' dir='ltr'><strong>quo</strong></span> <span class='ocrx_word' id='word_1_814' title='bbox 2373 5240 2579 5310; x_wconf 85' lang='lat' dir='ltr'><strong>agitur.</strong></span> <span class='ocrx_word' id='word_1_815' title='bbox 2611 5240 2712 5295; x_wconf 87' lang='lat' dir='ltr'><strong>Hic</strong></span> <span class='ocrx_word' id='word_1_816' title='bbox 2740 5240 2887 5296; x_wconf 91' lang='lat' dir='ltr'><strong>enim</strong></span> <span class='ocrx_word' id='word_1_817' title='bbox 2929 5255 3055 5294; x_wconf 90' lang='lat' dir='ltr'><strong>cum</strong></span> <span class='ocrx_word' id='word_1_818' title='bbox 3104 5237 3429 5293; x_wconf 82' lang='lat' dir='ltr'><strong>rationabile</strong></span> 
     </span>
    </p>
   </div>
   <div class='ocr_carea' id='block_1_109' title="bbox 156 5327 1750 5401">
    <p class='ocr_par' dir='ltr' id='par_1_109' title="bbox 156 5327 1741 5401">
     <span class='ocr_line' id='line_1_109' title="bbox 156 5327 1741 5401; baseline 0.001 -20"><span class='ocrx_word' id='word_1_819' title='bbox 156 5329 494 5400; x_wconf 79' lang='grc' dir='ltr'>ἐπικλήσεσι</span> <span class='ocrx_word' id='word_1_820' title='bbox 548 5327 946 5398; x_wconf 87' lang='grc' dir='ltr'>τελεσιουργῶν</span> <span class='ocrx_word' id='word_1_821' title='bbox 992 5331 1055 5383; x_wconf 83' lang='grc' dir='ltr'>τὸ</span> <span class='ocrx_word' id='word_1_822' title='bbox 1111 5331 1376 5400; x_wconf 87' lang='grc' dir='ltr'>πανάγιον</span> <span class='ocrx_word' id='word_1_823' title='bbox 1438 5329 1741 5401; x_wconf 84' lang='grc' dir='ltr'>βάπτισμα,</span> 
     </span>
    </p>
   </div>
   <div class='ocr_carea' id='block_1_110' title="bbox 1851 5327 3431 5401">
    <p class='ocr_par' dir='ltr' id='par_1_110' title="bbox 1852 5330 3431 5400">
     <span class='ocr_line' id='line_1_110' title="bbox 1852 5330 3431 5400; baseline -0.004 -17"><span class='ocrx_word' id='word_1_824' title='bbox 1852 5330 2054 5397; x_wconf 68' lang='lat' dir='ltr'><strong>animal</strong></span> <span class='ocrx_word' id='word_1_825' title='bbox 2080 5340 2325 5386; x_wconf 87' lang='lat' dir='ltr'><strong>creasset</strong></span> <span class='ocrx_word' id='word_1_826' title='bbox 2344 5330 2509 5399; x_wconf 89' lang='lat' dir='ltr'><strong>Deus,</strong></span> <span class='ocrx_word' id='word_1_827' title='bbox 2534 5332 2676 5400; x_wconf 91' lang='lat' dir='ltr'><strong>quod</strong></span> <span class='ocrx_word' id='word_1_828' title='bbox 2699 5339 2754 5386; x_wconf 86' lang='lat' dir='ltr'><strong>et</strong></span> <span class='ocrx_word' id='word_1_829' title='bbox 2776 5341 3142 5386; x_wconf 82' lang='lat' dir='ltr'><strong>renovaturus</strong></span> <span class='ocrx_word' id='word_1_830' title='bbox 3170 5336 3287 5382; x_wconf 87' lang='lat' dir='ltr'><strong>erat</strong></span> <span class='ocrx_word' id='word_1_831' title='bbox 3308 5335 3431 5396; x_wconf 89' lang='lat' dir='ltr'><strong>post</strong></span> 
     </span>
    </p>
   </div>
   <div class='ocr_carea' id='block_1_111' title="bbox 159 5418 1750 5495">
    <p class='ocr_par' dir='ltr' id='par_1_111' title="bbox 159 5418 1745 5492">
     <span class='ocr_line' id='line_1_111' title="bbox 159 5418 1745 5492; baseline -0.001 -19"><span class='ocrx_word' id='word_1_832' title='bbox 159 5421 387 5492; x_wconf 85' lang='grc' dir='ltr'>μέλλων</span> <span class='ocrx_word' id='word_1_833' title='bbox 412 5418 762 5490; x_wconf 84' lang='grc' dir='ltr'>δημιουργεῖν</span> <span class='ocrx_word' id='word_1_834' title='bbox 778 5419 877 5490; x_wconf 82' lang='grc' dir='ltr'>τὴν</span> <span class='ocrx_word' id='word_1_835' title='bbox 900 5419 1085 5473; x_wconf 87' lang='grc' dir='ltr'>ἐκεῖνα</span> <span class='ocrx_word' id='word_1_836' title='bbox 1106 5420 1174 5473; x_wconf 82' lang='grc' dir='ltr'>τὰ</span> <span class='ocrx_word' id='word_1_837' title='bbox 1194 5422 1471 5492; x_wconf 87' lang='grc' dir='ltr'>μυστήρια</span> <span class='ocrx_word' id='word_1_838' title='bbox 1497 5420 1745 5491; x_wconf 88' lang='grc' dir='ltr'>παραλη-</span> 
     </span>
    </p>
   </div>
   <div class='ocr_carea' id='block_1_112' title="bbox 1851 5418 3429 5495">
    <p class='ocr_par' dir='ltr' id='par_1_112' title="bbox 1852 5418 3429 5495">
     <span class='ocr_line' id='line_1_112' title="bbox 1852 5418 3429 5495; baseline -0.002 -20"><span class='ocrx_word' id='word_1_839' title='bbox 1852 5424 2053 5480; x_wconf 87' lang='lat' dir='ltr'><strong>multas</strong></span> <span class='ocrx_word' id='word_1_840' title='bbox 2103 5424 2506 5495; x_wconf 86' lang='lat' dir='ltr'><strong>generationes,</strong></span> <span class='ocrx_word' id='word_1_841' title='bbox 2549 5426 2603 5480; x_wconf 90' lang='lat' dir='ltr'><strong>in</strong></span> <span class='ocrx_word' id='word_1_842' title='bbox 2657 5426 2878 5480; x_wconf 89' lang='lat' dir='ltr'><strong>nomine</strong></span> <span class='ocrx_word' id='word_1_843' title='bbox 2912 5434 3117 5479; x_wconf 73' lang='lat' dir='ltr'><strong>sanctae</strong></span> <span class='ocrx_word' id='word_1_844' title='bbox 3143 5418 3429 5475; x_wconf 76' lang='lat' dir='ltr'><strong>Trinitatis</strong></span> 
     </span>
    </p>
   </div>
   <div class='ocr_carea' id='block_1_113' title="bbox 1682 5532 1919 5589">
    <p class='ocr_par' dir='ltr' id='par_1_113' title="bbox 1682 5532 1919 5589">
     <span class='ocr_line' id='line_1_113' title="bbox 1682 5532 1919 5589; baseline 0.008 -2"><span class='ocrx_word' id='word_1_845' title='bbox 1682 5532 1919 5589; x_wconf 55' lang='lat' dir='ltr'><strong>NOTAE.</strong></span> 
     </span>
    </p>
   </div>
   <div class='ocr_carea' id='block_1_114' title="bbox 230 5622 3424 5702">
    <p class='ocr_par' dir='ltr' id='par_1_114' title="bbox 230 5622 3424 5702">
     <span class='ocr_line' id='line_1_114' title="bbox 230 5622 3424 5702; baseline -0.002 -21"><span class='ocrx_word' id='word_1_846' title='bbox 230 5626 349 5702; x_wconf 68' lang='lat'><strong>(49)</strong></span> <span class='ocrx_word' id='word_1_847' title='bbox 383 5624 510 5702; x_wconf 67' lang='lat' dir='ltr'><strong>Haec</strong></span> <span class='ocrx_word' id='word_1_848' title='bbox 546 5625 809 5702; x_wconf 73' lang='lat' dir='ltr'><strong>quaestio,</strong></span> <span class='ocrx_word' id='word_1_849' title='bbox 852 5640 974 5694; x_wconf 85' lang='lat' dir='ltr'><strong>quae</strong></span> <span class='ocrx_word' id='word_1_850' title='bbox 1003 5642 1071 5702; x_wconf 75' lang='lat' dir='ltr'><strong>ex</strong></span> <span class='ocrx_word' id='word_1_851' title='bbox 1105 5625 1451 5702; x_wconf 83' lang='lat' dir='ltr'><strong>Theodorcto</strong></span> <span class='ocrx_word' id='word_1_852' title='bbox 1476 5643 1529 5699; x_wconf 90' lang='lat' dir='ltr'><strong>q.</strong></span> <span class='ocrx_word' id='word_1_853' title='bbox 1578 5628 1645 5682; x_wconf 81' lang='grc'><strong>19</strong></span> <span class='ocrx_word' id='word_1_854' title='bbox 1690 5627 1743 5681; x_wconf 85' lang='lat' dir='ltr'><strong>in</strong></span> <span class='ocrx_word' id='word_1_855' title='bbox 1783 5628 1982 5684; x_wconf 87' lang='lat' dir='ltr'><strong>Genes.</strong></span> <span class='ocrx_word' id='word_1_856' title='bbox 2021 5642 2074 5699; x_wconf 92' lang='lat' dir='ltr'><strong>p.</strong></span> <span class='ocrx_word' id='word_1_857' title='bbox 2136 5629 2240 5685; x_wconf 66' lang='lat'><strong>£02</strong></span> <span class='ocrx_word' id='word_1_858' title='bbox 2279 5629 2562 5702; x_wconf 88' lang='lat' dir='ltr'><strong>desumpta</strong></span> <span class='ocrx_word' id='word_1_859' title='bbox 2595 5640 2703 5698; x_wconf 90' lang='lat' dir='ltr'><strong>est,</strong></span> <span class='ocrx_word' id='word_1_860' title='bbox 2737 5629 2887 5686; x_wconf 89' lang='lat' dir='ltr'><strong>deest</strong></span> <span class='ocrx_word' id='word_1_861' title='bbox 2910 5628 2964 5682; x_wconf 91' lang='lat' dir='ltr'><strong>in</strong></span> <span class='ocrx_word' id='word_1_862' title='bbox 2988 5625 3156 5681; x_wconf 89' lang='lat' dir='ltr'><strong>Coisl.</strong></span> <span class='ocrx_word' id='word_1_863' title='bbox 3178 5630 3231 5679; x_wconf 88' lang='lat' dir='ltr'><strong>et</strong></span> <span class='ocrx_word' id='word_1_864' title='bbox 3257 5622 3424 5677; x_wconf 84' lang='lat' dir='ltr'><strong>Taur.</strong></span> 
     </span>
    </p>
   </div>
   <div class='ocr_carea' id='block_1_115' title="bbox 153 5696 1316 5765">
    <p class='ocr_par' dir='ltr' id='par_1_115' title="bbox 153 5696 1316 5765">
     <span class='ocr_line' id='line_1_115' title="bbox 153 5696 1316 5765; baseline 0.002 -14"><span class='ocrx_word' id='word_1_865' title='bbox 153 5697 318 5764; x_wconf 84' lang='lat' dir='ltr'><strong>Quod</strong></span> <span class='ocrx_word' id='word_1_866' title='bbox 346 5706 407 5753; x_wconf 82' lang='lat' dir='ltr'><strong>et</strong></span> <span class='ocrx_word' id='word_1_867' title='bbox 428 5696 495 5751; x_wconf 87' lang='lat' dir='ltr'><strong>de</strong></span> <span class='ocrx_word' id='word_1_868' title='bbox 529 5697 740 5751; x_wconf 86' lang='lat' dir='ltr'><strong>duabus</strong></span> <span class='ocrx_word' id='word_1_869' title='bbox 766 5698 1124 5765; x_wconf 86' lang='lat' dir='ltr'><strong>sequentibus</strong></span> <span class='ocrx_word' id='word_1_870' title='bbox 1153 5697 1316 5754; x_wconf 83' lang='lat' dir='ltr'><strong>valet.</strong></span> 
     </span>
    </p>
   </div>
   <div class='ocr_carea' id='block_1_116' title="bbox 518 5782 3110 5855">
    <p class='ocr_par' dir='ltr' id='par_1_116' title="bbox 518 5782 3110 5855">
     <span class='ocr_line' id='line_1_116' title="bbox 518 5782 3110 5855; baseline -0.003 -1"><span class='ocrx_word' id='word_1_871' title='bbox 518 5793 789 5854; x_wconf 76' lang='lat' dir='ltr'><strong>PATROL.</strong></span> <span class='ocrx_word' id='word_1_872' title='bbox 841 5794 955 5855; x_wconf 79' lang='lat' dir='ltr'><strong>Gn.</strong></span> <span class='ocrx_word' id='word_1_873' title='bbox 997 5792 1098 5854; x_wconf 85' lang='lat' dir='ltr'><strong>Cl.</strong></span> <span class='ocrx_word' id='word_1_874' title='bbox 3039 5782 3110 5845; x_wconf 63' lang='lat'><strong>3&#39;4</strong></span> 
     </span>
    </p>
   </div>
  </div>
