3854 6216
452 331 589 395 1059

1541 314 1806 378 PHOTII
1839 307 2114 372 PATRIA
2122 304 2345 369 RCH/E
2376 306 2487 367 (ΞΡ.

3530 293 3660 364 1060

445 446 745 504 conﬁciens
798 439 1211 498 sanctissimum
1263 435 1571 506 baptisma,
1617 431 2025 503 generationem

2138 424 2372 497 ἰιομένην
2415 421 2597 493 φύσιν,
2649 414 3066 488 αἰνιγματωδῶς
3130 412 3227 468 καὶ
3268 413 3329 467 τδ
3368 415 3552 469 ταυτὸν
3585 419 3678 488 τῆς

447 550 737 598 creaturus
766 551 890 609 qua:
918 535 1025 591 ista
1046 529 1310 605 mysteria
1335 528 1626 599 acciperet,
1656 527 1710 580 in
1739 526 2029 596 mnigmate

449 646 503 690 ct
537 634 802 688 unitatem
848 626 1169 685 substantiae
1217 634 1274 680 et
1329 634 1619 679 numerum
1666 632 2028 689 personarum

451 728 813 781 demonstrat.
861 720 997 776 Cum
1047 720 1192 773 enim
1233 714 1384 781 dicit,
1420 712 1571 767 Dixit
1623 710 1785 772 Deus,
1831 710 2031 765 divina).

445 830 661 877 natura!
712 814 1168 871 communitatem
1213 808 1562 871 manifestat;
1596 802 1906 875 adiiciendo
1939 818 2030 858 au-

449 922 562 964 tem
587 908 869 978 faciamus,
898 916 1258 974 personarum
1289 898 1749 968 multiplicitatem
1768 896 2028 952 declarat.

455 1003 661 1057 Iterum
686 998 920 1055 dicendo
964 1009 1197 1051 numero
1225 990 1486 1063 singulari
1517 990 1802 1060 imaginem
1832 988 2032 1043 identi-

454 1104 622 1149 tatem
668 1101 881 1147 natura:
906 1088 1188 1150 exhibuit;
1222 1096 1463 1139 nostram
1511 1092 1694 1139 autem
1725 1081 2032 1153 adjiciendo

450 1183 837 1257 hypostasium
878 1176 1363 1247 multiplicitatem.
1396 1174 1594 1228 Omnia
1633 1172 1780 1227 enim
1832 1170 2033 1241 praevi-

452 1281 589 1334 dens
623 1276 768 1331 Deus
798 1281 853 1327 et
884 1268 1163 1338 Unigeniti
1201 1267 1287 1321 sui
1328 1265 1789 1331 incarnationem,
1824 1262 2036 1318 scilicet

451 1371 602 1441 quod
634 1370 794 1423 istam
820 1374 1076 1419 naturam
1102 1376 1169 1416 ex
1198 1357 1547 1415 sanctissima
1581 1356 1793 1426 virgine
1817 1370 2036 1411 assum-

454 1476 646 1536 pturus
667 1468 806 1523 erat,
833 1458 1029 1513 merito
1051 1457 1198 1510 illam
1222 1453 1594 1526 generationis
1616 1451 2035 1507 fundamentum

456 1556 668 1611 honore
698 1564 901 1621 magno
926 1549 1186 1619 dignatus
1209 1556 1312 1601 est.
1335 1544 1579 1600 Primum
1610 1543 1830 1615 quidem
1853 1541 2037 1599 consi-

454 1648 591 1703 lium
637 1642 938 1700 creationis
980 1638 1282 1711 praeposuit
1324 1646 1386 1693 ut
1440 1637 1807 1692 creandarum
1852 1651 2035 1690 rerum

2129 518 2319 581 οὐσίας
2355 517 2452 569 καὶ
2469 514 2560 569 τὸν
2584 513 2694 568 τῶν
2719 508 3026 583 προσώπων
3046 505 3424 578 παρεδήλωσεν
3444 506 3678 578 ἀριθμόνο

2129 613 2221 669 διὰ
2271 614 2372 684 μὲν
2408 612 2517 683 γὰρ
2545 608 2642 665 τοῦ
2685 610 2881 670 εἰπεῖν,
2923 600 3113 658 Εἶπεν
3151 605 3183 656 ὁ
3214 602 3350 667 Θεὸς
3372 639 3387 663 ,
3418 600 3476 653 τὸ
3520 601 3682 654 κοινὸν

2129 708 2233 779 τῆς
2263 705 2415 768 θείας
2446 702 2717 773 δεδήλωκε
2740 698 2977 769 φύσεως·
3014 692 3308 763 ἐπαγαγὼν
3332 692 3389 745 δὲ
3414 691 3496 755 τὸ,
3521 691 3687 759 Ποιή-

2132 814 2336 869 σωμεν
2355 838 2372 862 ,
2410 796 2641 866 ἐνέφηνε
2680 792 2790 847 τῶν
2824 788 3135 863 προσώπων
3166 787 3258 839 τὸν
3289 784 3512 854 ἀριθμόν
3543 798 3559 817 ⁸
3593 785 3689 839 πά-

2133 892 2217 945 λιν
2272 887 2444 943 εἰπὼν
2493 884 2687 950 ἑνικῶς
2738 883 2945 938 εἰκόνα
2994 881 3057 934 τὸ
3096 878 3292 933 ταυτὸν
3345 877 3441 946 τῆς
3490 876 3689 944 φύσεως

2133 980 2335 1047 ἔδειξεν
2362 997 2378 1012 ⁸
2418 977 2715 1050 ἡμετέραν
2754 976 2812 1029 δὲ
2860 972 3141 1046 προσθεὶς,
3185 970 3279 1024 τὸν
3318 968 3426 1022 τῶν
3468 968 3690 1023 ύποστὰ·

2136 1094 2278 1131 σεων
2320 1074 2554 1147 ἀριθμόν
2588 1088 2606 1105 ’
2667 1071 2883 1125 ἅπαντα
2922 1069 3031 1138 γὰρ
3062 1062 3311 1137 προορῶν
3336 1066 3364 1117 ὁ
3390 1063 3496 1116 τῶν
3533 1063 3695 1117 ἀπάν-

2134 1191 2244 1227 των
2270 1172 2403 1236 Θεὸς
2429 1171 2523 1224 καὶ
2553 1167 2652 1241 τὴν
2677 1165 2771 1220 τοῦ
2802 1159 3143 1230 Μονογενοῦς
3168 1155 3591 1226 ὲνανθρώπησιν,
3626 1155 3696 1219 ὡς

2136 1266 2344 1337 ταύτην
2373 1264 2472 1336 τὴν
2512 1262 2674 1335 φύσιν
2706 1261 2772 1314 ὲκ
2801 1256 3077 1324 πανάγνου
3106 1252 3205 1321 τῆς
3240 1248 3519 1321 Παρθένου
3546 1247 3700 1318 λήψε-

2137 1376 2253 1423 ται,
2310 1357 2455 1429 μάλα
2505 1355 2733 1417 εἰκότως
2781 1351 2877 1406 καὶ
2901 1347 3071 1418 αὐτὴν
3099 1343 3192 1398 τοῦ
3236 1342 3427 1412 γένους
3463 1340 3558 1411 τὴν
3586 1356 3702 1411 κρη-

2138 1451 2268 1505 πῖδα
2296 1447 2461 1521 τιμῆς
2508 1446 2773 1520 μεγίστης
2798 1442 3021 1513 ἠξίωσε.
3067 1436 3294 1509 Πρῶτον
3319 1435 3417 1505 μὲν
3447 1432 3554 1504 γὰρ
3591 1431 3704 1502 βου*

2135 1542 2237 1613 λὴν
2266 1542 2369 1613 τῆς
2413 1537 2773 1611 δημιουργίας
2817 1531 3138 1606 προέταξεν,
3190 1529 3281 1582 ἵνα
3333 1525 3426 1579 τοῦ
3458 1525 3704 1595 δημιουρο

2138 1632 2409 1705 γουμένου
2445 1630 2507 1684 τὸ
2552 1627 2771 1698 λογικὸν
2811 1622 3142 1697 προσημάνῃ
3180 1637 3199 1653 ’
3223 1615 3346 1673 εἶτα
3392 1616 3502 1670 τῶν
3542 1631 3702 1685 προσ-

457 1742 729 1797 rationem
767 1734 1238 1808 prasignilicaret.
1268 1731 1466 1787 Postea
1502 1746 1865 1802 personarum
1892 1729 2037 1785 divi-

2138 1726 2305 1779 ώπων
2331 1723 2432 1795 τῆς
2464 1722 2730 1794 Θεότητος
2760 1717 3114 1791 παρεδήλωσε
3142 1713 3237 1768 τὸν
3272 1710 3527 1783 ἀριθμὸν,
3550 1710 3632 1763 ἶνα
3649 1709 3710 1762 τὰ

456 1834 647 1889 nitatis
690 1844 982 1886 numerum
1032 1824 1426 1889 manifestavit,
1472 1793 1535 1879 ut
1568 1822 1838 1878 formatus
1871 1822 2038 1878 homo

2138 1817 2236 1887 τῆς
2268 1793 2549 1885 θεολογίας
2597 1793 2629 1867 ό
2660 1812 3034 1881 πλαττόμενος
3065 1806 3361 1877 ἄνθρωπος
3398 1802 3541 1874 λάϐῃ
3583 1800 3710 1855 αἰνί-

456 1925 744 1995 theologia:
786 1931 999 1976 secreta
1042 1925 1287 1973 sumeret
1323 1926 1377 1970 et
1405 1914 1501 1985 qui
1548 1922 1741 1970 sancto
1767 1914 2040 1983 baptismo

457 2017 711 2086 dignatus
744 2020 848 2075 est,
877 2009 1024 2065 clare
1067 2015 1364 2076 cognoscat
1387 2004 1533 2075 quod
1566 2005 1664 2074 qui
1698 2003 1956 2059 formavit
1987 2012 2041 2058 et

463 2107 581 2176 ipse
630 2102 881 2167 salvavit,
938 2108 994 2155 et
1044 2099 1141 2169 qui
1204 2096 1436 2152 salvavit
1490 2107 1544 2150 et
1598 2097 1715 2165 ipse
1758 2094 2037 2149 formavit.

459 2197 728 2252 Praeterea
792 2202 853 2248 ut
896 2201 1095 2247 auctor
1138 2186 1487 2244 formationis
1544 2185 1747 2254 factus,
1802 2186 2043 2241 ostendit

461 2294 791 2347 immensum
842 2300 967 2356 erga
1020 2284 1126 2337 hoc
1183 2282 1398 2352 plasma
1451 2292 1737 2345 amorem;
1794 2279 1888 2334 sed
1942 2293 2043 2333 nec

459 2398 661 2439 manus
709 2380 912 2435 habere
959 2374 1307 2431 Divinitatem
1337 2370 1614 2436 dicimus,
1658 2384 1761 2425 nec
1809 2368 2041 2425 consilio

461 2477 723 2547 quodam,
748 2472 831 2526 vel
857 2468 1183 2542 pravisione
1205 2466 1472 2538 indigere,
1492 2474 1574 2529 ut,
1594 2452 1895 2519 secundum
1917 2462 2041 2517 Pla-

466 2568 609 2622 tonis
640 2565 826 2630 verba,
869 2564 937 2618 ad
976 2561 1267 2631 cogitatam
1306 2558 1538 2612 formam
1563 2554 1835 2610 facturam
1884 2568 2039 2609 suam

464 2664 797 2729 praepararet
830 2671 843 2708 :
877 2650 972 2708 sed
1000 2652 1232 2706 istorum
1252 2647 1687 2718 unumquodque
1709 2646 2037 2700 immensam

463 2750 558 2804 Dei
595 2763 725 2817 erga
752 2754 1040 2801 creaturas
1072 2739 1501 2797 sollicitudinem
1531 2739 1897 2793 demonstrat.

951 2833 1282 2901 QUESTIO
1320 2831 1552 2888 CGLlll.

641 2932 781 2998 Quid
821 2928 1080 3000 signiﬁcet
1114 2940 1135 2979 :
1171 2944 1189 2977 ι
1219 2924 1302 2979 Ad
1328 2923 1615 2994 imaginem
1641 2940 1661 2973 ι
1696 2920 1811 2993 (50)
1841 2920 1865 2975 ?

2137 1922 2347 1977 γματα,
2388 1906 2480 1961 καὶ
2511 1906 2541 1959 ό
2582 1904 2678 1959 τοῦ
2705 1901 2975 1972 παναγίου
3005 1898 3387 1971 βαπτίσματος
3410 1893 3713 1965 ἀξιούμενος

2137 1998 2388 2071 γινώσκῃ
2415 1997 2604 2068 σαφῶς
2638 1997 2719 2051 ὅτι
2745 1997 2774 2050 ό
2797 1995 3011 2057 πλάσας
3036 1991 3135 2046 καὶ
3165 1990 3424 2055 διέσωσε,
3446 1986 3543 2041 καὶ⁵
3568 1988 3595 2040 ὀ
3621 1983 3716 2037 σώ-

2138 2110 2239 2157 σας
2267 2092 2429 2156 αύτὸς
2456 2092 2552 2147 καὶ
2575 2090 2832 2146 διέπλασε
2858 2102 2879 2120 ο
2904 2086 3042 2159 πρὸς
3058 2085 3115 2139 δὲ
3136 2082 3352 2145 τούτοις
3379 2081 3477 2135 καὶ
3503 2072 3611 2133 οἷον
3630 2076 3718 2131 αὐ-

2138 2205 2232 2241 του
2241 2187 2368 2260 ργδς
2390 2185 2492 2256 τῆς
2505 2183 2850 2246 διαπλάσεως
2864 2180 3181 2251 γενόμενος,
3201 2172 3375 2239 ἔδειξε
3398 2173 3497 2243 τὴν
3513 2169 3718 2225 πλείονα

2142 2281 2276 2353 περὶ
2298 2279 2420 2333 τόδε
2443 2279 2507 2332 τὸ
2537 2277 2766 2348 πλάσμα
2794 2271 3185 2345 φιλοστοργίαν
3204 2286 3221 2303 σ
3253 2268 3372 2323 ἀλλ’
3396 2265 3524 2321 οὔτε
3543 2266 3720 2336 χεῖρας

2142 2375 2290 2445 ἔχειν
2312 2372 2375 2427 τὸ
2407 2371 2563 2425 Θεῖόν
2606 2385 2791 2441 φαμεν
2824 2366 2948 2421 οὔτε
2981 2364 3193 2420 δεῖσθαι
3224 2362 3428 2436 βουλῆς
3469 2374 3611 2422 τινος
3636 2357 3722 2411 καὶ

2140 2463 2509 2536 προθεωρίας,
2541 2462 2629 2516 ἵνα
2682 2460 2825 2515 κατὰ
2854 2457 2982 2521 τοὺς
3013 2455 3311 2517 Πλάτωνος
3347 2451 3550 2524 μύθους
3599 2446 3725 2519 πρὸς

2137 2558 2241 2629 τὴν
2265 2556 2367 2628 τῆς
2392 2556 2744 2626 ἐνθυμήσεως
2793 2551 2938 2605 ἰδέαν
2969 2547 3370 2618 κατασκευάσῃ
3402 2545 3466 2598 τὸ
3489 2542 3721 2613 ποίημα’

2146 2649 2284 2704 ἀλλά
2313 2649 2411 2703 καὶ
2436 2647 2642 2703 τούτων
2681 2645 2909 2700 ἕκαστον
2933 2642 3035 2713 τὴν
3061 2639 3302 2694 πλείονα
3332 2637 3430 2693 τοῦ
3450 2634 3584 2690 Θεοῦ
3608 2629 3732 2701 περὶ

2145 2741 2208 2794 τὸ
2243 2738 2382 2806 ζῶον
2406 2737 2734 2811 κηδεμονίαν
2755 2734 2925 2805 δηλοῖ.

2667 2829 3006 2886 ΕΡΩΤΗΣΙΣ
3037 2826 3215 2881 ΣΝΡ.

2507 2924 2571 2978 Τί
2598 2922 2733 2977 ἐστι
2766 2919 2835 2975 τὸ
2867 2937 2887 2971 ι
2924 2919 3065 2974 Κατ’
3097 2916 3316 2971 εἰκόνα
3338 2930 3391 2980 ;ι

1540 3015 1685 3067 Edita
1707 3030 1736 3065 a
1761 3015 1886 3066 Maio
1921 3015 1980 3075 (Ι.
2012 3027 2040 3066 ο

2160 3017 2269 3080 tta,
2300 3017 2403 3079 121,
2434 3017 2643 3080 (1.251).
3452 3044 3455 3045 ν

535 3116 767 3185 Quidam
793 3125 863 3169 ad
894 3109 1329 3167 invisibilitatem
1368 3106 1565 3161 anima:
1588 3102 1781 3159 referri
1807 3102 1940 3158 illud
1970 3103 2040 3156 ad

2214 3105 2374 3169 Τινὲς
2408 3106 2472 3159 τὸ
2496 3105 2727 3177 ἀόρατον
2752 3102 2856 3173 τῆς
2880 3101 3062 3171 ψυχῆς
3088 3098 3155 3152 τδ
3184 3100 3323 3154 κατ’
3357 3097 3567 3151 εικόνα
3599 3088 3739 3159 εἰρή-

464 3211 749 3279 imaginem
790 3204 1088 3261 dixerunt:
1114 3199 1210 3255 sed
1233 3198 1282 3254 si
1309 3198 1386 3251 ita
1421 3196 1515 3260 sit,
1550 3194 1726 3248 multo
1773 3191 1946 3261 magis
1972 3189 2041 3244 ad

467 3300 756 3371 imaginem
807 3303 997 3351 essent
1043 3286 1518 3362 angelizquidam
1579 3294 1760 3339 autem
1815 3282 2042 3337 omnino

466 3393 634 3446 stulte
696 3388 891 3442 dicunt
941 3383 1347 3438 humanitatem
1415 3378 1484 3432 ad
1530 3377 1827 3447 imaginem
1903 3374 2045 3428 divi-

464 3499 591 3539 nam
652 3481 850 3537 factam
914 3477 1107 3533 fuisse.
1196 3471 1409 3541 decepti
1474 3484 1544 3524 ex
1586 3482 1652 3523 eo
1705 3466 1851 3537 quod
1901 3479 2045 3534 saepe

466 3579 683 3632 dicatur
732 3573 788 3627 in
828 3570 1111 3640 Scriptura
1162 3580 1321 3622 sacra
1379 3564 1448 3619 de
1483 3561 1642 3617 Deo:
1681 3558 1862 3625 Oculi,
1920 3573 2045 3613 ma-

465 3687 594 3734 nus,
646 3676 698 3722 et
738 3665 962 3728 similia,
993 3650 1102 3716 non
1159 3658 1526 3727 intelligentes
1568 3655 1716 3726 quod
1754 3653 1897 3709 Deus
1942 3654 2043 3707 ho-

465 3765 644 3821 mines
700 3776 797 3831 per
834 3757 975 3813 alios
1013 3756 1267 3811 homines
1327 3752 1635 3821 alloquens,
1698 3746 2041 3803 audientium

467 3853 831 3913 imbecillitati
875 3862 1160 3906 sermones
1183 3846 1432 3910 metitur,
1473 3855 1529 3898 et
1553 3842 1683 3914 quia
1721 3855 1819 3911 per
1850 3839 2044 3896 oculos

466 3967 568 4007 nos
586 3949 861 4011 videmus,
897 3942 1131 3999 visionis
1154 3939 1467 3995 facultatem
1490 3939 1549 3993 in
1585 3936 1679 3990 illo
1708 3934 1902 3990 oculos
1940 3947 2045 3987 no-

467 4045 714 4106 minavit.
775 4044 920 4098 sicut
970 4047 1026 4094 et
1053 4052 1238 4103 aures,
1308 4033 1565 4090 audiendi
1592 4030 1936 4095 facultatem,
1992 4038 2048 4083 et

467 4136 726 4209 loquendi
750 4150 834 4191 os.
862 4136 1119 4188 Attamen
1168 4128 1594 4184 immensitatem
1619 4123 1713 4178 Dei
1759 4138 1827 4178 ex
1859 4121 2045 4176 multis

469 4231 768 4299 Scriptura:
786 4225 920 4280 locis
950 4224 1165 4279 discere
1191 4220 1353 4274 facile
1377 4227 1479 4273 est.
1503 4217 1737 4284 Quidam
1772 4229 1904 4284 ergo
1931 4228 2051 4268 ma-

469 4320 623 4390 gistri
642 4321 716 4374 ita
744 4316 1113 4381 intelligebant
1140 4311 1296 4379 illud,
1328 4329 1345 4362 ι
1371 4311 1438 4365 ad
1458 4308 1750 4380 imaginem
1780 4317 1834 4363 et
1852 4306 2049 4363 simili-

471 4414 713 4468 tudinem
743 4422 1009 4473 nostram,
1030 4407 1258 4469 scilicet,
1276 4425 1292 4457 ι
1317 4403 1461 4475 quod
1483 4417 1607 4458 cum
1628 4408 1907 4456 creaturas
1928 4414 2047 4455 sen-

2147 3214 2309 3251 κασιν
2346 3212 2363 3230 ο
2411 3196 2526 3253 ἀλλ’
2553 3197 2603 3249 εἰ
2654 3193 2833 3258 τοῦτο,
2872 3192 3054 3262 πολλῷ
3105 3190 3324 3261 μᾶλλον
3376 3184 3507 3243 κατ’
3548 3183 3741 3239 εἰκόνα

2146 3292 2395 3364 ὑπῆρχον
2440 3292 2509 3348 ἂν
2543 3292 2594 3345 οἱ
2628 3289 2852 3360 ἄγγελοι
2878 3305 2895 3320 υ
2933 3288 3080 3351 τινὲς
3118 3287 3183 3342 δὲ
3236 3286 3367 3340 λίαν
3413 3284 3656 3354 ἀνοήτως
3687 3276 3743 3329 τδ

2147 3389 2486 3461 ἀνθρώπινον
2564 3389 2688 3442 κατ’
2740 3386 2927 3440 εἰκόνα
2986 3384 3142 3439 θείαν
3185 3379 3537 3454 γεγενῆσθαί
3568 3391 3744 3446 φασιν,

2147 3482 2527 3553 ἀπατηθέντες
2576 3484 2640 3534 ὲκ
2683 3479 2779 3533 τοῦ
2823 3480 3004 3547 λέγειν
3034 3476 3312 3539 πολλάκις
3344 3475 3442 3528 ἐπὶ
3475 3470 3613 3526 Θεοῦ
3655 3466 3745 3536 τήν

2149 3574 2300 3627 θείαν
2325 3574 2549 3645 Γραφήν
2570 3570 2881 3643 ὀφθαλμοὺς
2905 3570 3003 3624 καὶ
3024 3571 3223 3639 χεῖρας
3251 3569 3351 3622 καὶ
3375 3567 3448 3621 τὰ
3477 3565 3659 3634 ὅμοια,
3681 3557 3749 3629 μὴ

2150 3666 2454 3730 συνιδόντες
2477 3666 2552 3729 ὼς
2571 3663 2883 3736 ἀνθρώποις
2923 3660 2992 3715 δι’
3016 3660 3342 3733 ἀνθρώπων
3373 3654 3748 3724 διαλεγόμενος

2148 3752 2331 3832 όιθεδς
2363 3762 2433 3831 τῇ
2464 3759 2574 3812 τῶν
2616 3757 2925 3809 ἀκουόντων
2962 3751 3228 3824 ἀσθενείᾳ
3261 3750 3396 3813 τοὺς
3435 3749 3631 3816 λόγους
3666 3754 3749 3811 με·

2148 3831 2310 3925 τρεϊο
2343 3850 2437 3905 καὶ
2478 3849 2666 3921 ἐπειδὴ
2695 3848 2762 3901 δι’
2811 3844 3106 3915 ὀφθαλμῶν
3151 3843 3386 3915 ὁρῶμεν
3431 3839 3622 3910 ἡμεῖς,
3660 3831 3750 3901 τὴν

2150 3945 2382 4015 ὀπτικὴν
2404 3942 2569 3998 αὑτοῦ
2606 3940 2834 4013 δύναμιν
2854 3937 3171 4009 ὀφθαλμοὺς
3203 3935 3479 4007 ὀνομάζει
3512 3947 3528 3961 ⁸
3576 3929 3752 3995 ὥσπερ

2150 4041 2244 4093 καὶ
2288 4034 2405 4093 ὧτα
2431 4038 2493 4091 τὸ
2523 4034 2849 4091 ἀκουστικόν
2872 4049 2889 4064 ’
2934 4031 3032 4086 καὶ
3056 4030 3120 4084 τὸ
3161 4029 3519 4100 πρόσταγμα
3550 4019 3751 4091 στόμα’

2150 4133 2329 4187 καίτοι
2352 4130 2419 4184 τὸ
2445 4128 2826 4201 ἀπερίγραφον
2850 4123 2946 4179 τοῦ
2982 4122 3122 4176 Θεοῦ
3155 4119 3449 4191 πολλαχοῦ
3483 4116 3589 4187 τῆς
3618 4112 3756 4184 Γρα-

2151 4226 2260 4297 φῆς
2301 4223 2451 4277 ἔστιν
2494 4221 2790 4292 ἐκμαθεῖν*
2827 4218 2974 4281 τινὲς
3020 4214 3211 4269 τοίνυν
3255 4213 3376 4267 τῶν
3426 4204 3756 4297 διδασκάλων

2151 4290 2324 4384 οὕτως
2357 4290 2589 4389 ἐνόησαν
2625 4314 2709 4377 τὸ,
2747 4313 2908 4367 «κατ’
2936 4308 3125 4363 εἰκόνα
3168 4306 3471 4378 ἡμετέραν
3516 4299 3613 4355 καὶ
3645 4290 3759 4389 καθ’

2152 4410 2433 4480 ὁμοίωσιν,
2508 4409 2590 4461 ὅτι
2610 4406 2709 4477 τὴν
2740 4405 2917 4459 κτίσιν
2938 4400 3036 4473 τὴν
3054 4399 3340 4470 αἰσθητήν
3358 4414 3422 4450 τε
3447 4394 3548 4449 καὶ
3574 4385 3759 4457 νοητὴν

468 4507 665 4564 tientes
699 4510 754 4557 et
778 4500 1074 4555 rationales
1106 4497 1326 4552 fecisset
1355 4494 1448 4566 qui
1481 4504 1565 4549 est
1596 4493 1844 4548 omnium
1873 4490 2041 4557 Deus,

2150 4501 2468 4574 πεποιηκὼς
2502 4501 2531 4555 ό
2564 4486 2673 4553 τῶν
2710 4499 2846 4553 ὅλων
2876 4495 3009 4558 Θεὸς
3039 4494 3133 4548 τδν
3187 4492 3505 4565 ἀνθρωπον
3543 4484 3759 4543 διέπλα-

468 4600 744 4655 hominem
790 4594 984 4649 ultimo
1050 4592 1170 4647 loco
1220 4590 1371 4654 fecit,
1422 4590 1566 4645 sicut
1629 4586 1925 4659 quamdam
1964 4585 2051 4640 sui

468 4692 645 4763 ipsius
671 4688 966 4760 imaginem
992 4700 1198 4757 ponens
1229 4685 1282 4738 in
1302 4681 1486 4737 medio
1517 4690 1899 4736 creaturarum
1930 4678 2052 4731 ina-

469 4790 802 4841 nimatarum
830 4791 884 4836 et
906 4778 1244 4836 sensibilium
1276 4785 1330 4832 et
1357 4772 1764 4829 rationabilium
1800 4779 1860 4825 ut
1896 4784 2053 4826 erea-

467 4889 606 4934 turae
626 4876 881 4932 animata:
911 4881 965 4928 et
989 4871 1302 4927 inanimatae
1337 4868 1410 4922 illi
1451 4868 1593 4922 sicut
1632 4864 1907 4936 quoddam
1950 4864 2049 4918 tri-

468 4972 661 5027 butum
701 4968 988 5024 utilitatem
1015 4963 1323 5021 conferant.
1362 4961 1644 5015 Creaturae
1666 4969 1849 5013 autem
1874 4957 2048 5011 ratio-

468 5064 620 5120 nales
650 5062 728 5117 illi
758 5058 1092 5131 providendo
1120 5071 1277 5112 suam
1319 5068 1446 5124 erga
1491 5051 1756 5107 factorem
1805 5050 2050 5104 benevo-

467 5157 688 5214 lentiam
729 5154 1045 5210 ostendunt.
1098 5148 1335 5215 Quidam
1363 5156 1546 5200 autem
1579 5144 1746 5198 verba
1790 5141 1857 5196 ad
1906 5142 2048 5195 ima-

468 5252 640 5323 ginem
678 5247 768 5303 Dei
803 5245 869 5300 ad
926 5242 1215 5313 imperium
1286 5240 1491 5295 factum
1545 5238 1721 5293 fuisse
1764 5235 2045 5292 hominem

470 5340 782 5414 significare
813 5336 1109 5392 dicebant:
1139 5332 1341 5399 adjecit
1374 5332 1544 5394 enim,
1582 5330 1837 5400 inquiunt
1866 5345 1880 5382 :
1928 5347 1947 5381 ‹
1978 5327 2049 5383 Et

468 5436 652 5508 praesit
685 5432 927 5505 piscibus
958 5428 1149 5487 maris.
1193 5444 1211 5478 ι
1244 5437 1299 5483 et
1331 5426 1563 5497 reliqua.
1602 5425 1756 5480 Sicut
1787 5424 1933 5479 enim
1958 5422 2051 5477 ille

468 5532 632 5588 habet
656 5530 899 5586 omnium
964 5525 1289 5596 potentiam,
1322 5524 1397 5578 ita
1443 5531 1499 5577 et
1544 5522 1692 5577 dedit
1731 5517 2050 5576 hominibus

467 5625 524 5679 in
547 5632 829 5681 creaturas
858 5617 1202 5675 irrationales
1227 5614 1546 5687 potentiam.

2150 4596 2242 4651 σεν
2272 4595 2499 4666 ἔσχατον
2534 4611 2550 4625 ·
2578 4588 2687 4647 οἶόν
2727 4607 2853 4645 τινα
2881 4588 3066 4642 εἰκόνα
3093 4586 3276 4642 αὑτοῦ
3315 4588 3381 4639 ὲν
3414 4585 3575 4655 μέσῳ
3599 4580 3764 4636 τεθει-

2149 4680 2262 4753 κῶς
2292 4688 2403 4742 τῶν
2433 4685 2658 4757 ἀψύχων
2696 4685 2790 4738 καὶ
2818 4680 3099 4754 αἰσθητῶν
3139 4680 3247 4734 καὶ
3277 4678 3503 4748 νοητῶν
3541 4693 3559 4711 ο
3584 4675 3671 4728 ἶνα
3700 4667 3764 4723 τὰ

2152 4782 2252 4854 μὲν
2298 4778 2484 4852 ἀψυχά
2520 4795 2582 4831 τε
2610 4776 2705 4831 καί
2744 4775 2964 4846 ἔμψυχα
3005 4771 3187 4842 τούτῳ
3240 4771 3554 4844 προσφέρῃ
3583 4766 3760 4854 ὥσπερ

2147 4849 2273 4928 τινὰ
2317 4849 2483 4943 φόρον
2534 4870 2634 4943 τὴν
2685 4869 2871 4941 χρείαν
2894 4884 2910 4900 ο
2937 4866 3081 4920 αἰδὲ
3104 4868 3314 4934 νοηταὶ
3367 4863 3576 4932 φύσειε
3614 4849 3762 4943 “ﬁl

2157 4968 2285 5040 περὶ
2331 4942 2519 5019 τοῦτον
2571 4942 2892 5033 κηδεμονίᾳ,
2938 4963 3038 5030 τήν
3078 4957 3221 5027 περὶ
3271 4956 3376 5009 τὸν
3422 4942 3764 5040 πεποιηκότα

2156 5030 2493 5116 δεικνύουσιν
2524 5030 2759 5112 εὖνοιαν.
2796 5053 2953 5116 Τινὲς
2986 5052 3047 5129 δὲ
3094 5049 3159 5103 τὸ
3191 5042 3337 5097 κατ’
3375 5040 3597 5095 εἰκόνα
3632 5030 3761 5088 Θεοῦ

2156 5154 2297 5208 κατά
2318 5156 2379 5207 τὸ
2422 5151 2649 5223 ἀρχικὸν
2685 5148 3015 5220 γεγενῆσθαι
3044 5144 3136 5197 τὸν
3170 5140 3487 5212 ἄνθρωπον
3510 5139 3718 5223 ἔφησαν
3744 5141 3763 5158 ⁹

2156 5250 2406 5319 ἐπήγαγε
2418 5221 2562 5318 κγᾶῥ,
2574 5244 2734 5315 φασίν
2752 5259 2764 5299 τ
2780 5244 2815 5311 μ
2829 5243 2938 5297 Καὶ
2957 5236 3293 5311 ἀρχέτωσαν
3309 5232 3429 5287 τῶν
3452 5228 3659 5302 ἰχθύων
3668 5221 3765 5319 τῆς

2158 5317 2455 5411 θαλάσσης,
2604 5356 2655 5392 τ.
2687 5338 2740 5392 λ.
2770 5336 2983 5405 Ὠσπερ
3013 5329 3119 5398 γὰρ
3150 5325 3335 5390 αὐτὸς
3362 5321 3616 5394 ἔχειτῶν
3637 5317 3770 5411 ὅλων

2156 5432 2255 5505 τὴν
2283 5406 2618 5497 δεσποτείαν,
2654 5428 2798 5483 οὓτω
2837 5427 2935 5480 καὶ
2962 5422 3167 5477 δέδωκε
3202 5416 3290 5490 τῷ
3338 5413 3635 5486 ἀνθρώπῳ
3664 5406 3768 5463 τῶν

2157 5526 2368 5594 ἀλόγων
2391 5520 2490 5593 τὴν
2522 5517 2791 5584 ἐξουσίαν.

540 5812 655 5885 (50)
678 5809 817 5867 Cum
842 5812 945 5868 hac
970 5808 1294 5881 quaestione,
1320 5822 1485 5879 quam
1504 5820 1534 5862 e
1557 5805 1901 5863 Thcodoreto
1935 5704 2391 5873 qyglvliféencs.
2427 5792 2702 5867 decerpsit
2722 5799 2938 5857 auctor,
2970 5781 3165 5843 confer
3194 5788 3411 5851 quaest.
3448 5773 3706 5833 XXXVI.
