3854 6216
141 340 274 404 tom

937 343 1036 403 AD
1071 343 1664 405 AMPHILOCHIUM
1697 344 2041 416 QUIESTIO
2083 345 2336 419 CCLIII,
2382 347 2614 410 CCLIV.

3257 351 3392 412 10(Ζὲ

211 461 374 512 Ἐστι
409 456 594 528 μέντοι
641 457 736 510 καὶ
785 455 922 512 ἄλλα
959 459 1142 529 εὑρεῖν
1168 459 1245 522 ὡς
1282 458 1592 528 ἀρχετύπου
1635 476 1722 528 μι-

1895 457 2127 513 Possent
2141 459 2306 514 etiam
2337 458 2568 514 inveniri
2597 460 2700 515 alia
2724 461 2880 532 quasi
2906 461 3182 533 archetypi
3207 479 3394 517 exenio

133 552 216 622 μή
229 569 377 620 ματα
407 567 422 581 ”
448 551 772 621 δημιουργεῖ
808 551 918 621 γάρ
939 551 1032 604 καὶ
1054 550 1339 620 ἄνθρωπος
1366 552 1508 605 κατὰ
1545 551 1718 622 μίμησ-

135 661 225 696 σιν
251 642 350 696 τοῦ
383 644 750 712 πεποιηκότος
787 641 924 695 Θεοῦ
965 643 1058 695 καὶ
1096 643 1274 706 οἰκίας
1302 645 1399 696 καὶ
1431 644 1585 714 τείχη
1621 645 1719 698 καὶ

135 737 328 800 πόλεις
357 737 452 790 καὶ
480 736 727 806 λιμένας,
758 733 990 808 οὐρανοῦ
1021 735 1410 806 ἐκτυπὼματα,
1447 739 1540 790 καὶ
1568 737 1718 807 ἡλίου

133 830 235 882 καὶ
270 828 504 898 σελήνης
534 829 628 882 καὶ
660 828 906 898 ἀστέρων
936 828 1032 881 καὶ
1058 828 1362 901 ἀνθρώπων
1386 829 1481 883 καὶ
1509 828 1721 898 ἀλόγων

133 922 300 986 ζώων
330 922 546 985 εἰκόνας
583 937 597 950 ·
624 923 672 974 εἰ
711 922 804 974 καὶ
833 923 894 974 τὸ
923 922 1022 991 τῆς
1052 921 1414 990 δημιουργίας
1465 922 1722 993 διάφορον

132 1017 389 1084 ἄφατον,
441 1014 556 1069 ἀλλ’
586 1016 736 1084 ὅμως
786 1014 1137 1085 δημιουργῶν
1184 1017 1212 1068 6
1243 1015 1531 1086 ἄνθρωπος
1577 1017 1722 1087 ἀμη-

133 1108 311 1176 γέπη,
365 1108 459 1160 τὸν
502 1109 701 1161 οἰκεῖον
752 1110 1000 1177 μιμεῖται
1061 1107 1294 1177 ποιητὴν
1341 1107 1416 1170 ὡς
1456 1107 1620 1162 εἰκὼν
1661 1110 1722 1164 τὸ

130 1201 456 1271 ἀρχέτυπον
484 1216 496 1229 ·
526 1199 621 1252 καὶ
647 1199 755 1269 γὰρ
780 1201 812 1270 ἡ
845 1199 1012 1252 εἰκὼν
1049 1199 1162 1269 ἔχει
1199 1200 1270 1252 τὰ
1291 1200 1385 1253 τοῦ
1412 1200 1720 1272 ἀρχετύπου

138 1297 450 1363 ἰνδάλματα
491 1311 506 1328 ο
549 1296 684 1348 ἀλλὰ
726 1295 790 1347 τὸ
849 1296 947 1365 μὲν
979 1297 1089 1349 τῶν
1137 1296 1343 1367 μορίων
1380 1293 1522 1361 εἶδος
1565 1299 1677 1370 ἔχει
1703 1341 1719 1363 ,

133 1390 240 1451 τὰς
277 1389 341 1442 δὲ
379 1387 662 1460 ἐνεργείας
692 1388 790 1440 οὐκ
836 1387 968 1458 ἔχει·
995 1388 1280 1460 ἐπέρηται
1307 1389 1416 1461 γάρ
1447 1390 1624 1461 ψυχῆς
1653 1391 1723 1445 δι’

135 1475 207 1550 ἧς
231 1483 471 1535 κινεῖται
513 1481 576 1534 τὸ
631 1481 826 1550 σῶμα’
871 1480 1015 1535 οὕτω
1053 1481 1214 1536 πάλιν
1255 1483 1349 1536 καὶ
1394 1481 1666 1552 βασιλεύει
1694 1484 1725 1537 6

138 1575 439 1644 άνθρωπος
479 1575 577 1630 καὶ
607 1575 786 1645 κρίνει
828 1575 970 1629 κατὰ
1024 1577 1258 1648 μίμησιν
1303 1577 1398 1632 τοῦ
1444 1579 1554 1632 τῶν
1586 1579 1724 1632 ὅλων

138 1667 280 1722 Θεοῦ
306 1685 325 1699 ⁸
355 1667 474 1720 ἀλλ’
502 1667 530 1720 6
563 1666 662 1736 μὲν
692 1669 787 1722 καὶ
827 1666 1122 1738 μαρτύρων
1145 1671 1240 1724 καὶ
1267 1671 1590 1742 κατηγόρων
1617 1671 1726 1725 δεῖ-

138 1776 232 1811 ται
262 1758 366 1812 καὶ
395 1758 610 1829 μυρίων
638 1757 812 1811 ἄλλων
839 1759 898 1810 έν
934 1761 999 1830 τῇ
1038 1760 1320 1830 συγκρίσει
1354 1777 1370 1793 ·
1409 1764 1438 1816 6
1467 1762 1546 1826 δὲ,
1577 1763 1726 1818 οὐδε-

1826 547 2035 618 plaria:
2069 547 2200 604 fecit
2239 548 2386 603 enim
2421 549 2608 614 homo,
2659 552 2909 620 exemplo
2965 553 3060 608 Dei
3093 555 3390 619 creatoris,

1825 648 1880 695 et
1903 640 2094 695 domos
2119 648 2175 696 et
2211 655 2406 696 muros
2449 652 2504 696 et
2530 641 2695 697 urbes
2727 652 2781 697 et
2835 654 3048 713 portus,
3079 645 3202 700 ειειὶ
3235 646 3392 699 simi—

1825 731 2103 795 litudines,
2131 741 2188 786 et
2208 732 2344 787 solis
2369 740 2426 788 et
2458 732 2602 788 luna
2629 741 2684 788 et
2719 742 2993 789 astrorum
3026 745 3080 791 et
3108 737 3394 790 hominum

1825 833 1880 879 et
1939 824 2341 879 irrationalium
2395 825 2716 880 animalium
2789 825 3077 898 imagines.
3131 827 3396 893 Quamvis

1827 915 2112 970 inell‘abilis
2145 915 2216 969 sit
2238 915 2291 969 in
2314 915 2592 987 operando
2619 915 2942 982 differentia,
2970 924 3205 970 attamen
3231 917 3397 970 homo

1830 1009 2016 1081 aliquo
2050 1008 2215 1065 modo
2247 1025 2443 1065 creans
2476 1025 2635 1065 suum
2668 1010 2928 1064 factorem
2972 1008 3217 1064 imitatur
3255 1010 3398 1063 sicut

1831 1104 2013 1173 imago
2041 1118 2202 1158 suum
2249 1102 2624 1174 archetypum.
2657 1101 2870 1158 Etenim
2903 1103 3084 1173 imago
3113 1103 3278 1157 habet
3305 1117 3398 1155 ar-

1829 1196 2043 1266 chetypi
2067 1196 2449 1265 apparentias;
2480 1197 2719 1266 partium
2741 1196 2961 1266 quidem
2984 1197 3189 1250 formas
3213 1195 3397 1260 habet,

1826 1289 2088 1344 virtutem
2121 1297 2301 1343 autem
2344 1303 2450 1343 non
2477 1289 2680 1344 habet:
2717 1289 2901 1343 anima
2925 1290 3071 1343 enim
3115 1303 3223 1358 qua
3276 1301 3400 1342 sese

1829 1388 2012 1436 movet
2029 1395 2229 1448 corpus
2252 1379 2518 1449 privatur.
2551 1378 2643 1434 Sic
2668 1380 2866 1434 iterum
2907 1388 3100 1449 regnat
3153 1379 3317 1432 homo
3347 1387 3402 1431 ct

1825 1472 2036 1544 iudicat
2063 1472 2130 1527 ad
2150 1471 2510 1526 imitationem
2537 1471 2682 1526 illius
2707 1472 2802 1542 qui
2832 1481 2916 1527 est
2948 1472 3192 1528 omnium
3230 1470 3397 1526 Deus.

1829 1566 1923 1622 Ille
1952 1565 2172 1636 quidem
2229 1565 2461 1621 testibus
2515 1574 2571 1620 et
2619 1567 3037 1621 accusatoribus
3087 1565 3289 1634 indiget
3343 1574 3400 1618 et

1831 1659 2022 1715 multis
2069 1659 2194 1716 aliis
2239 1659 2305 1714 ad
2360 1658 2756 1728 iudicandum:
2817 1658 2907 1713 hic
2952 1667 3158 1721 autem,
3219 1657 3396 1712 nullo.

1834 1752 2030 1809 Omnia
2060 1754 2205 1809 enim
2240 1761 2535 1821 antequam
2570 1750 2712 1807 facta
2732 1751 2846 1806 sint
2874 1752 3182 1822 cognoscit.
3225 1751 3317 1806 Sic
3344 1761 3399 1804 et

139 1849 234 1911 νός
260 1864 277 1880 ⁸
312 1851 494 1903 πάντα
525 1849 624 1918 γάρ
661 1850 756 1902 καὶ
786 1849 916 1919 πρὶν
960 1850 1212 1919 γενέσθαι
1237 1847 1378 1905 οἶδεν
1399 1867 1416 1882 ’
1464 1852 1607 1907 οῦτω
1629 1854 1723 1908 καὶ

1840 1847 1998 1903 homo
2020 1847 2166 1902 Deus
2202 1847 2506 1917 appellatus
2530 1854 2636 1912 est,
2665 1847 2793 1917 quia
2843 1856 2900 1902 et
2945 1848 3123 1915 imago
3170 1855 3398 1901 vocatus

142 1943 268 2005 θεὸς
291 1943 336 1994 '6
362 1942 652 2014 ἅνθρωπος
681 1942 972 2014 ὠνομάσθη
998 1958 1012 1972 '
1044 1944 1179 1998 διότι
1216 1945 1308 1999 καί⁵
1331 1945 1492 1999 εἰκὼν
1519 1947 1722 2018 ἐκλήθη

141 2031 286 2087 Θεοῦ
303 2047 323 2064 ⁶
353 2033 449 2087 καὶ
484 2034 594 2104 γάρ
615 2035 642 2087 6
665 2031 878 2096 Παῦλός
902 2050 1067 2104 φησιν
1090 2049 1108 2066 ·
1151 2053 1171 2087 ι
1206 2035 1372 2106 Ἀνὴρ
1393 2036 1494 2090 οὐκ
1519 2037 1724 2105 ὀφείλει

145 2124 678 2180 κατακαλύπτεσθαι
708 2127 808 2196 τὴν
835 2125 1097 2197 κεφαλὴν,
1123 2125 1290 2181 εἰκὼν
1321 2130 1416 2182 καὶ
1435 2128 1560 2194 δόξα
1589 2129 1724 2183 Θεοῦ

143 2219 421 2288 ὑπάρχων
450 2233 465 2250 ⁸
501 2237 520 2270 ι
562 2218 696 2271 ἀλλά
738 2219 902 2273 πάλιν
932 2219 962 2272 6
991 2219 1089 2288 μὲν
1119 2219 1252 2282 Θεὸς
1281 2220 1377 2273 καὶ
1423 2220 1523 2290 τὴν
1563 2221 1728 2290 φύσιν

144 2313 301 2367 ἐστὶν
323 2313 463 2382 ὅπερ
482 2311 726 2364 καλεῖται
749 2328 763 2342 ·
782 2313 810 2364 6
829 2311 887 2364 δὲ
907 2311 1002 2366 ἄνθ
1013 2329 1190 2380 ρωπος
1212 2311 1288 2375 ὡς
1310 2312 1473 2366 εἰκὼν
1489 2312 1726 2382 τοῦνομα

148 2405 319 2473 μόνον
365 2403 517 2472 ἔχει’
579 2401 741 2455 πάλιν
799 2402 1176 2473 άπερίγραφον
1219 2402 1424 2473 κυρίως
1477 2402 1578 2472 μὲν
1635 2405 1729 2457 καὶ

143 2499 374 2572 ἀληθῶς
401 2501 430 2552 6
464 2497 625 2560 Θεόςο
663 2499 911 2568 μιμεῖται
943 2497 1001 2551 δὲ
1033 2497 1167 2552 αὐτό
1196 2515 1315 2561 πως
1344 2499 1438 2551 καὶ
1461 2499 1489 2551 6
1516 2497 1727 2568 ἀνθρὼ-

147 2610 312 2656 πινος
338 2592 596 2661 λογισμός
623 2606 637 2622 ·
667 2591 724 2644 ὲν
753 2590 954 2660 ἀκαρεῖ
979 2590 1089 2660 γὰρ
1114 2592 1426 2662 περινοστεῖ
1443 2591 1513 2645 τά
1528 2607 1587 2643 τε
1618 2590 1730 2661 ἑῷα

145 2687 243 2740 καὶ
284 2685 360 2740 τὰ
397 2685 627 2754 ἑσπέρια
670 2684 767 2738 καὶ
803 2684 871 2738 τά
900 2685 1050 2739 νότια
1089 2684 1181 2737 καὶ
1207 2685 1278 2738 τὰ
1314 2684 1502 2754 βόρεια
1538 2685 1635 2738 καὶ
1666 2684 1731 2757 δὴ

147 2781 245 2834 καὶ
289 2779 364 2831 τὰ
396 2778 622 2847 οὐράνια
663 2778 757 2832 καὶ
798 2777 869 2831 τὰ
903 2776 1199 2846 ύποχθόνια
1242 2793 1257 2808 ·
1289 2777 1403 2830 ἀλλ’
1437 2779 1466 2830 6
1512 2777 1612 2848 μὲν
1662 2779 1731 2848 τῇ

145 2872 244 2926 τοῦ
295 2869 560 2940 λογισμοῦ
601 2869 739 2941 μόνῃ
775 2869 1080 2939 φαντασίᾳ·
1107 2869 1240 2931 Θεὸς
1274 2869 1330 2922 δὲ
1357 2870 1451 2923 καὶ
1478 2871 1544 2940 τῇ
1575 2869 1734 2940 οὐσίᾳ

148 2964 248 3017 καὶ
280 2964 355 3031 τῇ
395 2961 557 3033 σοφίᾳ
588 2962 684 3014 καὶ
715 2963 782 3031 τῇ
822 2961 1047 3031 δυνάμει
1078 2961 1139 3013 τὸ
1165 2960 1542 3031 άπερίγραφον
1580 2960 1693 3030 ἔχει
1713 2975 1730 2990 ·

149 3053 313 3123 εῦροι
341 3051 386 3104 δ’
427 3053 492 3107 ἄν
517 3070 600 3115 τις
630 3052 723 3105 καὶ
758 3053 951 3123 ἑτέραν
986 3051 1218 3124 μίμησιν
1246 3052 1644 3124 ἀκριϐεστέραν
1675 3054 1734 3106 ὲν

1831 1951 1915 1994 est
1936 1938 2048 1993 Dei.
2075 1940 2280 1995 Paulus
2311 1941 2457 1996 enim
2490 1941 2691 1996 dicitzt
2713 1940 2888 1996 Homo
2914 1955 3021 1995 non
3055 1940 3214 1995 debet
3238 1953 3403 2011 caput

1833 2040 2136 2109 cooperire.
2167 2054 2293 2096 cum
2344 2041 2419 2095 sit
2471 2040 2654 2113 imago
2681 2049 2735 2096 et
2773 2041 2948 2112 gloria
3003 2041 3095 2096 Dei
3127 2042 3192 2094 “.
3237 2059 3255 2093 ›
3294 2040 3398 2095 Sed

1834 2133 1982 2189 Deus
2018 2134 2320 2192 secundum
2365 2143 2617 2191 naturam
2649 2151 2806 2191 suam
2834 2135 2914 2192 sic
2942 2146 3201 2201 vocatur;
3236 2136 3405 2190 homo

1833 2236 2014 2282 autem
2049 2226 2194 2284 sicut
2215 2227 2396 2298 imago
2427 2242 2627 2283 nomen
2661 2237 2869 2284 tantum
2901 2230 3084 2285 habet.
3121 2231 3254 2286 ltcm
3279 2246 3406 2287 vere

1834 2329 1890 2374 et
1921 2319 2140 2375 realiter
2181 2319 2690 2391 incircumscriptus
2737 2330 2823 2378 est
2850 2322 2999 2381 Deus
3028 2343 3042 2381 :
3075 2325 3181 2381 hoc
3219 2337 3402 2383 autem

1836 2410 2022 2480 aliquo
2043 2410 2206 2466 modo
2236 2411 2481 2468 imitatur
2506 2413 2860 2484 intelligentia
2889 2417 3165 2486 humana;
3195 2420 3246 2474 in
3283 2438 3404 2475 mo-

1837 2513 2022 2558 mento
2046 2503 2191 2558 enim
2231 2513 2286 2559 et
2315 2503 2582 2559 orientem
2617 2514 2672 2561 et
2700 2507 3036 2564 occidentem
3065 2517 3119 2565 et
3153 2520 3402 2567 austrum

1836 2604 1890 2652 et
1921 2597 2343 2665 septentrionem
2395 2605 2452 2652 et
2481 2598 2723 2654 coelestia
2758 2610 2816 2655 et
2870 2601 3222 2658 subterranea
3276 2620 3405 2673 per-

1839 2697 2012 2752 currit
2041 2717 2054 2752 :
2093 2694 2186 2752 sed
2214 2693 2302 2747 hic
2329 2691 2550 2762 quidem
2596 2694 2710 2749 sola
2745 2696 2940 2749 mentis
2977 2695 3402 2765 imaginatione;

1843 2788 1986 2842 Deus
2019 2795 2202 2842 autem
2235 2784 2539 2841 substantia
2571 2795 2626 2840 et
2648 2785 2914 2855 sapientia
2941 2797 2998 2840 et
3041 2789 3279 2855 potentia
3313 2787 3404 2841 in-

1840 2879 2293 2948 circumscriptus
2345 2886 2448 2934 est.
2512 2877 2746 2933 lnveniri
2792 2878 2957 2932 etiam
3015 2887 3194 2948 potest
3258 2879 3407 2934 aliud

1841 2971 2155 3041 exemplum
2184 2971 2318 3026 satis
2334 2969 2634 3041 perfectum
2666 2971 2717 3025 in
2737 2971 2918 3025 anima
2939 2970 3181 3026 hominis
3209 2987 3223 3023 :
3245 2969 3412 3025 habet

1842 3067 1988 3122 enim
2022 3067 2114 3122 illa
2149 3066 2204 3120 in
2244 3066 2421 3138 scipsa
2463 3075 2518 3121 et
2546 3065 2711 3120 vitam
2746 3065 3069 3120 rationalem
3094 3073 3149 3120 et
3192 3065 3410 3120 anima-

148 3149 216 3217 τῇ
259 3146 412 3214 ψυχῇ
455 3143 548 3198 τοῦ
581 3142 872 3212 ἀνθρώπου
908 3159 924 3176 ⁶
977 3144 1092 3213 ἔχει
1141 3144 1253 3214 γάρ
1286 3145 1425 3212 αὐτὴ
1477 3145 1536 3196 ὲν
1566 3147 1728 3215 ἑαυτῇ

1843 3161 1949 3214 lem
1981 3177 1996 3226 ;
2025 3172 2077 3215 et
2127 3176 2284 3216 mens
2311 3159 2455 3229 parit
2479 3160 2705 3214 verbum
2741 3177 2756 3213 :
2791 3161 2958 3214 verbo
2997 3170 3178 3214 autem
3216 3169 3412 3230 praeest

150 3237 248 3291 καὶ
275 3234 344 3288 τὸ
368 3235 584 3302 λογικὸν
605 3237 698 3289 καὶ⁸
729 3236 789 3289 τὸ
811 3236 1042 3301 ζωτικόν
1069 3250 1084 3266 ο
1115 3237 1207 3290 καὶ
1235 3238 1403 3307 γεννᾷ
1435 3237 1532 3305 μὲν
1555 3238 1584 3288 6
1612 3235 1728 3298 νοῦς

1842 3253 2089 3323 spiritus,
2116 3266 2223 3306 non
2263 3259 2554 3322 generatus
2591 3252 2734 3307 sicut
2763 3252 3012 3316 verbum,
3058 3252 3152 3306 sed
3194 3266 3412 3322 semper

151 3329 243 3383 τὸν
279 3327 443 3395 λόγον
475 3345 490 3360 ο
517 3328 846 3397 συμπρόεισι
879 3328 936 3381 δὲ
976 3325 1054 3397 τῷ
1079 3326 1222 3398 λόγῳ
1257 3327 1496 3397 πνεῦμα,
1526 3327 1588 3380 οὐ
1615 3343 1740 3395 γεν-

154 3420 404 3490 νώμενον
448 3419 699 3488 καθάπερ
726 3417 754 3470 6
783 3417 970 3484 λόγος,
1020 3416 1520 3488 συμπαρομαρτοῦν
1545 3417 1590 3468 δ’
1626 3416 1736 3471 ἀεί.

168 3511 337 3565 Ἀλλά
373 3511 552 3564 ταῦτα
585 3510 660 3574 ὡς
689 3512 746 3562 ὲν
787 3511 955 3564 εἰκόνι
997 3510 1260 3581 πρόσεστι
1303 3509 1383 3580 τῷ
1420 3508 1693 3580 ἀνθρώπῳ
1721 3523 1737 3540 ο

157 3603 236 3656 διὸ
271 3602 648 3664 ἀνυπόστατός
683 3605 798 3656 ἐστι
845 3603 938 3656 καὶ
976 3602 1005 3655 6
1039 3601 1194 3668 λόγος
1234 3603 1329 3654 καὶ
1373 3600 1436 3654 τὺ
1481 3599 1739 3670 πνεῦμαο

159 3694 254 3748 ἐπὶ
305 3693 364 3748 δὲ
395 3695 497 3762 τῆς
538 3694 700 3762 ἁγίας
727 3695 960 3764 Τριάδος
999 3697 1153 3765 τρεῖς
1187 3693 1420 3764 νοοῦμεν
1465 3693 1564 3755 τὰς
1603 3693 1738 3746 ὐπο-

164 3787 386 3849 στάσεις
426 3788 519 3839 καὶ
549 3786 872 3857 ἀσυγχύτως
906 3787 1192 3858 ήνωμένας
1236 3786 1331 3841 καὶ
1369 3784 1493 3838 καθ’
1535 3785 1738 3849 ἑαυτὰς

163 3877 508 3947 ὑφεστώσας.

673 3991 1007 4046 ΕΡΩΤΗΣῘΣ
1055 3989 1223 4046 ΣΝΔθ.

173 4085 426 4152 Ἀτοαθὸν
447 4083 556 4138 τὸν
586 4085 736 4138 Θεὸν
762 4083 1168 4152 ὀνομάζοντες,
1215 4085 1342 4150 πῶς
1380 4083 1541 4149 αὐτῷ
1575 4101 1734 4151 περι-

224 4155 446 4208 άπτετε
465 4155 772 4225 τοσαύτην
791 4155 1163 4225 ﬁrmantur;
1191 4157 1478 4225 Ὦμότητα
1496 4154 1604 4222 γὰρ
1635 4155 1734 4206 καὶ

227 4225 531 4290 ἀπήνειαν
546 4225 610 4277 τὸ
641 4223 737 4276 διὰ
761 4223 997 4291 ,ϐρῶσιν
1045 4223 1261 4291 ὀλίγην
1293 4226 1599 4291 τοσαύτην
1627 4225 1736 4276 ἐπ-

228 4294 503 4361 ενεγκεῖν
547 4293 847 4361 τιμωρίαν,
884 4298 955 4348 οὐ
971 4295 1097 4361 τοῖς
1131 4297 1503 4362 ἡμαρτηκόσι
1523 4295 1737 4361 μόνον,

228 4365 389 4418 ἀλλὰ
420 4362 519 4416 καὶ
555 4363 682 4429 τοῖς
705 4364 774 4429 ἐξ
800 4364 1048 4418 ἐκείνων
1060 4366 1576 4433 βεϐλαστηκόσιν.

1835 3345 2128 3400 comitans.
2167 3343 2294 3400 llaec
2317 3354 2498 3399 autem
2529 3344 2729 3400 suntin
2757 3344 2999 3410 homine,
3031 3345 3175 3400 sicut
3203 3344 3255 3398 in
3275 3345 3412 3398 ima-

1838 3439 1984 3509 gine,
2055 3440 2241 3507 itaque
2299 3438 2670 3493 inconsistens
2729 3447 2813 3492 est
2859 3438 3088 3493 verbum
3154 3438 3298 3493 sicut
3352 3445 3410 3491 et

1838 3545 2016 3584 mens.
2057 3528 2115 3583 In
2145 3538 2336 3584 sancta
2366 3537 2550 3584 autem
2585 3527 2851 3584 Trinitate
2879 3537 2990 3586 tres
3015 3530 3288 3586 credimus
3315 3532 3414 3602 hy-

1840 3633 2090 3692 postases
2121 3629 2177 3677 et
2233 3621 2642 3678 indivisibiliter
2673 3622 2856 3677 unitas
2887 3630 2942 3677 et
2971 3621 3025 3676 in
3056 3635 3116 3677 se
3162 3620 3408 3692 singula-

1837 3716 1970 3770 riter
1999 3714 2386 3772 subsistentes.

2321 3990 2650 4059 QUESTIO
2699 3989 2920 4046 CCLIV.

1843 4087 2049 4141 Bonum
2078 4102 2186 4139 esse
2209 4085 2376 4139 Deum
2399 4085 2784 4148 existimantes,
2822 4085 3081 4154 quomodo
3102 4085 3187 4138 illi
3206 4095 3410 4139 tantam

1914 4157 2222 4210 attribuatis
2273 4157 2600 4210 severitatem
2625 4155 2650 4208 ?
2677 4155 2980 4210 Crudelitas
3017 4166 3096 4208 est
3164 4157 3303 4210 enim
3362 4167 3412 4208 et

1916 4228 2118 4281 duritia
2149 4235 2352 4279 tantam
2399 4236 2612 4294 propter
2672 4241 2889 4292 parvam
2943 4227 3412 4279 manducatiomm

1917 4299 2111 4366 inferre
2135 4312 2363 4357 poenam,
2417 4313 2520 4348 non
2569 4295 2738 4348 solum
2774 4295 2904 4366 illis
2933 4297 3023 4365 qui
3049 4307 3411 4364 peccaverunt,

1921 4365 2012 4420 sed
2043 4377 2090 4421 et
2115 4367 2328 4420 illorum
2355 4366 2655 4434 posteritati
2683 4365 2813 4434 (ει).

251 4482 398 4532 Edita
423 4498 448 4533 a
475 4483 600 4533 Malo
634 4481 691 4544 (1.
718 4495 762 4532 c.
824 4515 838 4530 .
862 4481 972 4542 121,
998 4482 1104 4542 122,
1137 4497 1188 4546 q.
1211 4481 1344 4540 255).
1365 4509 1428 4520 —
1448 4481 1523 4531 De
1543 4495 1683 4593 pérénna
1709 4482 1992 4593 ξηανῖἓςίιῖιιῖ
2023 4496 2048 4531 a
2075 4481 2181 4532 Deo
2210 4483 2261 4531 in
2291 4479 2526 4530 Adamum
2560 4486 2615 4530 et
2644 4481 2754 4540 ejus
2781 4485 3006 4544 posteros
3035 4483 3317 4532 constituta.

1680 4578 1691 4590 .
1743 4559 1755 4592 ι
1780 4582 1791 4593 .
1883 4581 1896 4593 .
1990 4581 2001 4592 .

1680 4578 1691 4590 .
1724 4559 1791 4598 Ill,
1817 4559 1896 4606 ιο,
1929 4559 2001 4592 ιι.

235 4629 461 4700 Πρῶτον
491 4630 762 4699 προσήκει
792 4628 1082 4682 πεπεῖσθαι
1118 4631 1244 4691 τοὺς
1269 4629 1514 4682 εὐσεϐεῖν
1540 4645 1728 4700 προαι-

1915 4627 2101 4681 Primo
2129 4626 2727 4696 convenitpersuasum
2753 4640 2875 4681 esse
2923 4626 3030 4682 illis
3073 4625 3167 4695 qui
3221 4625 3404 4694 pietati

173 4719 461 4788 ρουμένους
492 4718 566 4781 ὼ,
623 4720 732 4771 πᾶν
754 4717 934 4771 ὁτιοῦν
991 4716 1096 4770 ὐπὸ
1133 4716 1227 4770 τοῦ
1288 4716 1424 4770 Θεοῦ
1455 4718 1564 4770 τῶν
1609 4717 1728 4772 ὃλωπ

1847 4719 2090 4776 colendae
2143 4719 2388 4784 student,
2445 4715 2591 4787 quod
2636 4717 3001 4786 quodcunque
3032 4717 3104 4771 ab
3156 4715 3410 4785 omnipo-

173 4810 449 4880 γινόμενον
490 4809 525 4875 ἢ
553 4809 907 4880 κελευόμενον
956 4809 1053 4864 καὶ
1089 4809 1236 4863 ὅσιον
1285 4810 1382 4862 καὶ
1405 4809 1615 4863 δίκαιον
1653 4811 1728 4864 κα⁴

1849 4822 1996 4867 tente
2018 4810 2131 4866 Deo
2155 4809 2357 4866 factum
2391 4811 2474 4865 vel
2500 4809 2815 4864 mandatum
2844 4809 2936 4872 sit,
2986 4815 3040 4862 et
3070 4817 3320 4862 sanctum
3355 4817 3414 4862 et

177 4897 365 4964 ἀγαθὸν
393 4904 492 4954 καὶ
509 4900 894 4970 φιλάνθρωπον
922 4916 939 4932 °
969 4899 1163 4953 ἔπειτα
1191 4900 1389 4953 εἰδέναι
1410 4899 1516 4972 χρὴ
1541 4900 1618 4964 ὠς
1639 4904 1728 4956 πᾶε

1841 4905 2048 4973 justum
2078 4911 2132 4958 et
2173 4902 2376 4956 bonum
2423 4908 2479 4956 et
2519 4900 3025 4971 pbilantbropicum
3051 4907 3153 4953 est.
3206 4899 3412 4954 Deinde

177 4988 325 5055 νόμος
383 4990 434 5041 εἰ
489 4991 586 5043 καὶ
649 4993 779 5061 περὶ
828 4991 1040 5062 μικρῶν
1077 5009 1239 5044 τινων
1281 4991 1612 5062 διαγορεύει,
1646 4992 1728 5063 rip

1845 4995 1986 5050 scito
2019 5008 2157 5063 opus
2195 5001 2278 5048 est
2309 5007 2525 5047 omnem
2559 4992 2752 5062 legem,
2787 4991 3039 5059 quamvis
3069 4992 3136 5044 de
3164 4991 3411 5046 minimis

180 5074 284 5148 ἴσην
327 5078 449 5148 ἔχει
478 5078 710 5150 δύναμιν
724 5080 801 5150 τῷ
830 5081 899 5134 τὰ
933 5082 1161 5151 μέγιστα
1181 5082 1452 5136 κελεύοντι
1479 5082 1728 5154 δρᾷν,καῖ

1849 5087 2016 5140 rebus
2032 5093 2253 5147 statuat,
2285 5085 2546 5154 aequalem
2569 5085 2769 5139 habere
2803 5084 3057 5138 virtutem
3084 5098 3150 5138 ac
3173 5084 3262 5138 illa
3289 5100 3412 5154 quae

177 5165 532 5236 διαφερόντως
567 5172 698 5224 ὃταν
743 5171 885 5237 θεῖος
923 5171 1014 5245 ᾖό
1060 5174 1223 5244 νόμος
1265 5191 1279 5205 ο
1313 5175 1511 5228 αὐτίκα
1550 5173 1683 5242 γοῦν
1714 5175 1728 5227 ί

1849 5179 2088 5233 maxima
2119 5177 2298 5234 facere
2318 5179 2493 5247 jubet,
2545 5184 2601 5232 et
2626 5177 2930 5232 eminenter
2962 5178 3185 5247 quando
3230 5178 3411 5246 agitur

180 5259 592 5327 περιτέμνεσθαι
635 5261 874 5315 κελεύων
905 5303 920 5326 ,
973 5263 1230 5334 οὐδεμίαν
1272 5265 1728 5334 παραϐαινόμενο(Ι

1841 5269 1910 5324 de
1935 5269 2050 5338 lege
2073 5269 2277 5323 divina.
2335 5269 2417 5323 Sit
2446 5269 2500 5322 in
2539 5268 2844 5337 exemplum
2894 5268 2977 5323 lex
3009 5284 3132 5338 quae
3175 5269 3413 5321 circum-

185 5345 246 5414 τῷ
275 5348 452 5410 πέλας
483 5346 838 5418 ἐξεργάζεται
867 5351 1070 5422 βλάσην
1099 5367 1114 5384 ·
1155 5352 1271 5406 ἁλλ’
1330 5354 1480 5422 ὅμως
1516 5356 1543 5406 ὁ
1577 5370 1728 5422 νομο·

1841 5358 1949 5413 cidi
1983 5373 2172 5412 omnes
2206 5357 2379 5426 jubet,
2415 5371 2580 5425 quam
2610 5357 2654 5411 si
2675 5356 3191 5426 quistransgressus
3220 5353 3406 5418 fuerit,

183 5432 324 5506 (θέτης
350 5439 542 5507 φησιν,
565 5439 722 5494 «⁸οτι
751 5443 860 5505 πᾶς
881 5443 1056 5514 ἄρσην
1083 5444 1454 5514 ἀπερίτμητος
1474 5443 1532 5506 ὃς
1561 5443 1622 5495 οὐ
1647 5459 1728 5495 πε·

1845 5450 2051 5504 nullam
2079 5449 2328 5517 proximo
2356 5447 2711 5502 oll‘ensionem
2738 5457 2948 5510 causat,
2975 5456 3210 5501 attamen
3243 5445 3408 5514 legis--

186 5531 572 5600 ριτμηθήσεται
590 5534 654 5602 τῇ
680 5533 869 5605 ἡμέρᾳ
893 5538 960 5605 τῇ
976 5535 1159 5608 ὀγδόῃ,
1182 5535 1694 5608 ὲξολοθρευθήσεται
1727 5556 1728 5563 η

1847 5538 1983 5594 lator
2010 5540 2143 5594 dixit
2175 5557 2188 5592 :
2260 5556 2278 5589 ι
2308 5537 2459 5604 Quod
2488 5551 2652 5594 omne
2694 5539 3058 5594 masculinum
3113 5535 3410 5591 incircum-

241 5640 282 5672 ”
306 5642 325 5696 Ι
353 5643 483 5697 Cor.
520 5657 602 5709 ιι,
634 5643 695 5698 ’1.’

1667 5715 1898 5773 INOTIE.

248 5803 351 5873 (5|)
387 5805 715 5862 Theodoreti
745 5817 872 5863 sunt
901 5807 1011 5867 fere
1041 5812 1220 5867 omnia
1255 5812 1330 5883 (q.
1358 5813 1424 5868 57
1446 5813 1500 5868 in
1532 5813 1728 5869 Genes.

1851 5812 1995 5882 tat).
