3854 6216
474 289 614 353 1063
1589 282 1853 350 PHOTII
1901 290 1996 349 PA‘

2182 288 2406 350 ΒΟΗΕ
2434 289 2546 352 CP.
2689 350 2697 359 .
3216 292 3227 303 ”
3580 295 3704 361 1066

472 411 650 465 cisum
680 404 824 479 quod
854 422 963 462 non
990 405 1380 463 circumcisum
1422 405 1588 462 fuerit
1611 407 1697 461 die
1723 414 1937 471 octava,
1972 421 1994 460 ε

2200 406 2269 459 ταὶ
2293 406 2361 477 ἢν
2399 405 2569 477 ὥρισε
2597 407 2713 470 τοῖς
2741 403 3089 477 ἀνδροφόνοις
3111 404 3207 462 καὶ
3235 408 3436 478 μοιχοῖς
3448 414 3722 485 τιμωρίαν.

474 500 876 565 terminabitnr,
903 511 956 555 et
984 516 1149 571 quam
1174 500 1365 555 statuit
1399 501 1688 556 bomicidis
1716 510 1770 555 et
1801 501 1996 555 adultet

2202 484 2469 569 αύτηνδὴ
2490 497 2701 562 τούτοις
2733 498 3075 569 ἐπλήρωσεν.
3104 517 3123 552 ι
3165 500 3229 553 Et
3261 499 3321 553 δὲ
3363 484 3610 572 Μαρκίων
3638 508 3724 561 καὶ

473 610 717 666 poenam,
748 594 992 649 eamdem
1022 592 1130 648 illis
1163 594 1315 659 ponit
1346 592 1413 647 “.
1445 612 1464 645 ι
1522 591 1580 647 Si
1610 602 1791 648 autem
1823 592 1995 648 Marci

2202 592 2218 644 ί
2277 590 2381 659 τῆς
2433 591 2605 661 αὐτῆς
2652 590 2975 656 δυσσεϐείας
3030 591 3121 645 διὰ
3178 592 3348 646 ταῦτα
3386 596 3608 666 μάλιστα
3638 602 3721 653 τον

479 695 535 740 et
552 684 795 766 ejusdem
818 685 1110 755 impietatis
1133 682 1358 739 asseclae
1370 693 1652 753 propterea
1674 684 1979 754 praesertim

2203 683 2331 753 όμον
2392 684 2488 737 καὶ
2524 682 2687 737 αὐτὸν
2726 681 3014 748 κακίζουσι
3064 684 3157 740 τὸν
3205 685 3513 759 νομοθέτην,
3540 690 3600 743 ὲκ
3635 693 3725 747 τοῦ

481 776 647 845 legem
684 784 738 831 et
759 775 1142 846 Legislatorem
1172 775 1351 845 ipsum
1381 775 1735 845 redarguunt,
1769 773 2003 842 Evangel

2199 771 2503 840 Ξύαγγελίου
2531 774 3092 844 ὲπιστομιζέσθωσανο
3118 793 3137 827 ι
3157 776 3217 829 '0
3235 777 3343 846 γὰρ
3368 777 3572 845 λάγνως
3594 782 3721 851 ὁρῶν

472 869 663 938 lingua
687 885 874 925 eorum
906 869 1314 939 comprimenda
1363 878 1466 924 est.
1524 886 1543 921 ι
1576 868 1678 935 Qui
1710 869 1853 924 enim
1883 885 1994 924 mer

2206 866 2401 917 υναῖκα
2431 865 2507 928 ὡς
2537 866 2723 936 μοιχὸς
2740 865 2933 936 ἐκείνῳ
2960 866 3207 938 κρίνεται
3226 885 3239 898 ·
3270 884 3289 917 ι
3326 868 3441 933 καὶ,
3477 888 3495 921 ι
3517 869 3573 922 '0
3597 874 3726 942 ρακὰ

478 963 681 1017 lasciVa
710 963 996 1017 mulierem
1028 961 1225 1017 viderit
1266 962 1409 1017 sicut
1439 961 1651 1016 adulter
1681 961 1750 1015 ab
1792 961 1888 1015 illo
1911 960 2000 1030 jud

2203 958 2341 1028 έγων
2366 957 2457 1011 τὸν
2499 957 2749 1027 ἀδελφὸν,
2781 959 3003 1030 γραφῆς
3060 958 3363 1023 ὑπεύθυνος
3382 976 3396 991 ο
3426 963 3520 1013 καὶ
3561 964 3587 1015 ὁ
3614 965 3725 1034 εἰκῆ

474 1064 630 1107 catur
655 1053 696 1083 ¹⁵
717 1071 763 1120 ;ι
783 1063 857 1116 et,
881 1052 1158 1118 «Quidicit
1189 1051 1341 1105 fratri
1357 1068 1476 1118 suo,
1504 1050 1815 1125 Raca,reus
1829 1061 1913 1107 est
1937 1066 1996 1107 co

2203 1050 2543 1120 ργιζόμενος,
2576 1050 2758 1120 ἔνοχος
2778 1053 2846 1121 τῇ
2878 1051 3059 1121 κρίσει
3082 1065 3097 1081 °
3124 1052 3219 1105 καὶ
3244 1052 3274 1104 ό
3306 1051 3488 1123 μωρὸν
3541 1053 3725 1120 καλῶν,

476 1143 637 1209 «ilio;
673 1152 727 1197 et
753 1144 849 1213 qui
893 1151 1098 1196 temere
1130 1142 1412 1207 irascitur,
1441 1157 1569 1197 rens
1595 1142 1700 1197 erit
1723 1142 1963 1211 judicio;

2207 1142 2317 1207 ξιος
2343 1142 2440 1207 τῆς
2470 1141 2695 1211 γεέννης
2719 1158 2734 1174 ο
2771 1142 2849 1194 »τί
2874 1142 2984 1211 γὰρ
3003 1141 3094 1195 τὸν
3112 1142 3213 1213 μὲν
3235 1142 3438 1209 ἀγαθὸν
3453 1142 3729 1213 ὀνομάζου-

475 1237 575 1303 qui
634 1235 784 1289 illum
842 1233 1051 1288 fatuum
1109 1235 1410 1299 vocaverit,
1458 1250 1586 1289 reus
1633 1235 1739 1289 erit
1797 1235 1997 1305 gehent

2211 1251 2269 1293 ιν.
2298 1233 2483 1305 ἀπηνῆ
2511 1233 2567 1286 δὲ
2578 1234 2671 1287 τὸν
2688 1236 2783 1303 τῆς
2808 1235 3047 1298 Παλαιᾶς
3071 1234 3370 1306 νομοθέτην
3391 1251 3406 1300 ;
3439 1235 3614 1290 ταῦτα
3635 1237 3733 1308 γὰρ

478 1328 620 1396 ignis
644 1328 706 1379 ⁸⁸.
739 1345 758 1378 ι
801 1325 1034 1391 Quidam
1064 1325 1208 1380 hunc
1243 1326 1466 1396 quidem
1504 1327 1709 1381 bonum
1752 1327 2000 1397 appellati

2208 1326 2389 1380 ιείνων
2410 1324 2554 1380 κατά
2585 1326 2677 1379 τὸν
2707 1326 2913 1380 τούτων
2966 1328 3090 1397 ὅρον
3138 1327 3399 1399 ὠμότερα
3427 1344 3441 1357 ·
3474 1329 3632 1398 ἡμεῖς
3681 1330 3730 1382 δὲ

475 1419 747 1475 crudelem
810 1428 991 1473 autem
1040 1417 1252 1473 Veteris
1291 1417 1626 1474 Testamenti
1667 1418 1997 1485 legislatoret

2212 1419 2259 1471 πὶ
2288 1418 2513 1481 τούτους
2537 1416 2824 1478 κάκείνους
2852 1418 3010 1488 ίσμεν
3037 1420 3165 1482 τοὺς
3186 1419 3391 1487 νόμους
3420 1420 3537 1483 ὲνός
3556 1436 3569 1449 '
3602 1422 3660 1473 τδ
3686 1422 3734 1473 δὲ

477 1510 603 1567 Ηωε
637 1521 817 1566 autem
851 1511 970 1566 istis
1017 1512 1316 1567 secundum
1349 1511 1565 1565 illorum
1608 1526 1923 1566 mensuram
1954 1510 1999 1565 ὼ

2218 1509 2421 1580 ἀφορον
2450 1510 2484 1579 ή
2512 1510 2622 1562 τῶν
2652 1509 3132 1580 νομοθετουμένων
3165 1510 3394 1577 ποιότης
3421 1511 3732 1581 εἰργάσατο·

474 1602 619 1656 riora
650 1610 778 1656 sunt
805 1619 820 1667 ;
845 1616 948 1657 nos
975 1612 1157 1655 autem
1187 1614 1241 1655 et
1294 1603 1396 1656 bas
1440 1612 1496 1657 et
1549 1602 1668 1657 illas
1702 1601 1869 1657 unius
1911 1601 1996 1672 leg

2213 1596 2249 1653 ξι
2279 1601 2388 1671 γὰρ
2418 1600 2577 1670 σοφὸς
2601 1601 2921 1665 διδάσκαλος
2947 1604 3059 1666 τοῖς
3094 1602 3194 1673 μὲν
3224 1602 3452 1658 ἀτελέσι
3475 1604 3545 1658 τὰ
3560 1604 3735 1675 dum

473 1695 716 1761 scimus,
748 1694 1105 1750 differentiam
1129 1704 1310 1748 autem
1346 1695 1460 1750 sola
1503 1695 1681 1751 effecit
1707 1694 1995 1751 subditoru

1838 1694 2054 1749 litorum
2162 1695 2273 1757 τοῖς
2306 1693 2366 1746 δὲ
2401 1693 2629 1758 τελείοις
2658 1694 2726 1749 τὰ
2759 1694 2942 1749 τέλεια
2964 1697 3360 1767 προσενήνοχε.

470 1787 731 1858 qualitas.
808 1788 963 1844 Sicut
1020 1789 1167 1844 enim
1245 1788 1426 1843 bonus
1476 1792 1737 1862 magister
1784 1787 2124 1861 imperfectis
2161 1788 2382 1859 quidem
2462 1788 2807 1861 imperfecta,
2895 1790 3155 1861 perfectis
3236 1796 3467 1846 autem'
3517 1792 3743 1863 perlecta

480 1884 679 1936 attulit.

537 1973 619 2025 Ad
650 1973 754 2026 hoc
794 1980 973 2027 autem
996 1982 1050 2027 et
1095 1973 1233 2027 illud
1260 1974 1724 2031 considerandum
1770 1983 1875 2039 est,
1911 1969 2056 2041 quod

2233 1965 2375 2037 Πρὸς
2422 1966 2481 2020 δὲ
2519 1966 2732 2031 τούτοις
2780 1968 3092 2039 σκοπητέον
3140 1968 3234 2023 καὶ
3297 1970 3483 2038 τοῦτο,
3506 1970 3589 2026 ὅτι
3641 1974 3749 2037 τοῖς

469 2061 579 2117 illis
623 2064 714 2131 qui
773 2063 935 2133 primi
986 2064 1135 2135 leges
1180 2066 1684 2133 transgrediuntur,
1719 2065 1840 2121 sine
1888 2080 1989 2119 ven

2224 2056 2388 2120 ιώτοις
2415 2058 2815 2128 παραϐαίνουσι
2843 2060 2970 2123 τοὺς
2999 2060 3198 2129 νόμους
3225 2061 3367 2132 δίχα
3424 2063 3746 2135 συγγνώμης

470 2154 790 2226 infliguntur
821 2172 1034 2225 plenae:
1072 2158 1145 2212 ita
1173 2169 1232 2212 ut
1275 2158 1365 2212 alii
1410 2159 1689 2227 punitione
1719 2160 1838 2213 visa
1865 2169 1992 2213 tran:

2224 2146 2497 2218 ιφέρονται
2529 2150 2586 2202 αί
2607 2149 2893 2221 τιμωρίαι,
2920 2151 3064 2205 ὥστε
3105 2153 3246 2216 τοὺς
3276 2154 3480 2220 ἄλλους
3518 2158 3746 2228 ὁρῶντας

469 2248 619 2317 gredi
649 2263 758 2302 non
789 2248 1045 2303 audeant.
1081 2249 1172 2305 Sic
1200 2250 1294 2319 qui
1324 2252 1473 2319 prius
1494 2249 1547 2304 in
1572 2249 1813 2306 Sabbato
1836 2250 1986 2320 lignu

2226 2256 2246 2290 ν
2296 2239 2518 2294 κόλασιν
2549 2240 2624 2314 μὴ
2656 2242 3019 2314 παραϐαίνειν
3054 2261 3069 2276 ι
3120 2244 3315 2309 οὕτως
3344 2250 3375 2302 ὁ
3432 2249 3651 2319 πρῶτος
3694 2252 3748 2303 ὲν

469 2338 707 2410 collegit,
738 2339 806 2394 ab
837 2340 1198 2410 omnipopulo
1220 2340 1490 2411 lapidatus
1514 2350 1619 2398 est.
1649 2343 1844 2398 Postea
1862 2351 1988 2397 aute

2229 2329 2423 2402 ϐϐἀτῳί
2449 2331 2584 2397 ξύλα
2628 2332 2891 2400 συλλέξας
2925 2336 3030 2389 ὑπὸ
3059 2337 3282 2403 παντὸς
3315 2340 3415 2394 τοῦ
3470 2341 3602 2397 λαοῦ
3630 2358 3751 2395 κατ-

470 2432 656 2488 multis
693 2430 917 2487 Sabbati
975 2433 1147 2502 legem
1215 2435 1748 2506 transgredientibus
1799 2436 1992 2508 Iongan

2225 2423 2398 2494 εύσθη·
2424 2426 2602 2497 χρόνῳ
2624 2426 2679 2480 δὲ
2700 2426 2930 2499 ὕστερον
2951 2429 3164 2484 πολλῶν
3187 2433 3303 2486 τὸν
3322 2452 3394 2487 πε
3404 2436 3458 2504 pl
3477 2435 3747 2489 Σαϐϐἀτου

471 2525 630 2579 initer
653 2523 774 2578 tulit
796 2522 1096 2594 legislator.
1125 2524 1215 2579 Sic
1238 2525 1374 2580 Cain
1405 2527 1500 2598 qui
1526 2528 1738 2597 primus
1768 2528 1993 2584 homicic

2233 2530 2311 2568 ιον
2364 2515 2860 2588 παραϐεϐηκότων,
2922 2520 3319 2591 μακροθύμως
3383 2526 3414 2577 ὁ
3468 2525 3755 2598 νομοθέτης

470 2617 596 2681 fult,
641 2617 1072 2672 inexorabilibus
1099 2619 1278 2687 pmnis
1331 2618 1738 2686 circumfertur,
1791 2636 1991 2690 quamv

2234 2623 2396 2675 ιγκενο
2420 2607 2563 2662 οὔτω
2591 2609 2731 2666 Κάῖν
2759 2611 2980 2683 πρῶτος
3008 2613 3302 2682 φονεύσας
3328 2618 3661 2688 ἀνηκέστοις
3684 2635 3756 2671 τις

467 2719 655 2780 postea
689 2711 846 2765 multi
879 2710 1164 2766 homicidae
1191 2726 1383 2781 poenas
1405 2727 1515 2766 non
1546 2715 1731 2768 statim
1766 2713 1989 2768 dederin

2220 2698 2383 2768 ›ρίαις
2419 2699 2834 2769 περιϐάλλεται,
2886 2703 3096 2759 πολλῶν
3127 2708 3358 2775 φονέων
3411 2709 3642 2782 ὕστερον
3685 2710 3742 2762 ού

465 2800 766 2873 Oportebat
807 2816 936 2872 ergo
964 2801 1262 2869 Adamum,
1304 2811 1528 2873 accepta
1553 2803 1671 2874 lege
1713 2814 1769 2859 et
1804 2804 1908 2860 hac
1934 2819 1987 2858 nt

2232 2792 2463 2862 ραυτίκα
2504 2794 2705 2848 δόντων
2764 2796 2865 2861 τὰς
2887 2799 3167 2871 τιμωρίας
3203 2815 3221 2831 ⁸
3266 2802 3383 2856 ἔδει
3424 2805 3618 2857 τοίνυν
3662 2803 3754 2857 καὶ

466 2909 722 2960 onerosa,
763 2894 1033 2964 siquidem
1080 2908 1149 2948 ex
1174 2894 1326 2949 omni
1381 2909 1578 2965 genere
1623 2894 1905 2951 fructuum
1947 2896 1988 2951 dt

2226 2900 2236 2932 ν
2285 2883 2459 2957 ’Δδάμ
2489 2884 2783 2958 δεξάμενον
2802 2889 2895 2943 τὸν
2929 2891 3116 2960 νόμον,
3148 2893 3255 2945 καὶ
3286 2894 3462 2965 νόμον
3483 2896 3748 2964 κουφότα-

466 2986 618 3041 derat
648 2985 1065 3050 abundantiam,
1097 2999 1206 3039 uno
1241 2985 1593 3041 solummodo
1629 2986 1912 3057 impedito,
1941 3002 1988 3058 pi

2234 2974 2398 3048 »(τῶν
2449 2979 2807 3034 παντοδαπῶν
2858 2980 2966 3052 γάρ
3005 2984 3248 3053 καρπῶν
3290 2987 3452 3058 αύτῷ
3505 2987 3756 3042 ἐδεδώκει

465 3079 668 3133 delicto
718 3078 785 3132 ad
821 3078 1112 3133 utilitatem
1145 3078 1365 3147 generis
1388 3078 1476 3133 sui
1518 3093 1709 3148 poenas
1765 3080 1921 3136 dare.
1981 3083 1987 3133 ὲ

2233 3084 2244 3118 ν
2282 3067 2567 3137 ἀφθονίαν,
2597 3069 2716 3133 ἑνὸς
2738 3070 2795 3124 δὲ
2844 3071 3008 3143 μόνου
3063 3076 3547 3149 ἀπηγορεύκει),
3582 3079 3755 3132 δοῦναι

466 3177 647 3224 autem
675 3169 846 3223 nimia
873 3168 952 3223 ira
988 3176 1321 3235 commotus,
1359 3178 1420 3223 ut
1451 3169 1590 3224 dixit
1622 3168 1865 3226 Marcion
1910 3172 1988 3226 abl

2233 3176 2300 3222 ας
2320 3158 2416 3212 τοῦ
2445 3162 2919 3233 πλημμελήματος
2943 3166 3024 3227 είς
3065 3164 3361 3237 ὠφέλειαν
3385 3170 3489 3223 τοῦ
3518 3172 3712 3239 γένους
3742 3187 3755 3201 ⁸

463 3260 764 3325 minabilis,
804 3268 1027 3329 propter
1045 3274 1263 3329 parvam
1292 3261 1684 3317 eomestionetn
1714 3265 1907 3320 mortis
1934 3280 1985 3335 ρ(

2240 3250 2267 3304 ὲ
2285 3250 2616 3324 δυσόργητος
2634 3252 2732 3322 ὢν,
2754 3256 2831 3320 ὡς
2846 3258 2874 3310 ὁ
2889 3256 3221 3329 δυσώνυμος
3237 3261 3353 3335 ἔφη
3370 3264 3668 3336 Μαρκίων,
3681 3263 3761 3315 διὰ

465 3368 591 3408 nam
635 3352 842 3418 intulit,
869 3350 1148 3422 quomodo
1171 3354 1431 3409 omnibus
1487 3356 1809 3412 hominibus
1847 3357 1913 3410 ad
1938 3359 1987 3411 in

2238 3343 2351 3398 ὒσιν
2379 3316 2566 3415 ὀλίγην
2591 3348 2691 3418 τὴν
2709 3316 3064 3404 τοῦ-θανάτου
3111 3316 3432 3427 ’τιμωρίαν
3467 3316 3760 3429 ἐπήνεγκε,

463 3444 717 3518 pietatem
748 3451 804 3497 et
851 3442 1176 3513 iniustitiam
1229 3444 1591 3511 irruentibus,
1644 3462 1755 3502 non
1815 3447 1983 3503 totale

2241 3454 2265 3501 ς
2279 3437 2535 3491 ἁπάντων
2546 3439 2643 3494 ἀνθ
2653 3438 2850 3511 ρώπων
2864 3444 2944 3506 είς
2963 3444 3236 3500 ἀσέϐειαν
3250 3449 3665 3515 ὲξοκειλάντων
3682 3451 3763 3503 καὶ

464 3539 828 3610 perditionem
860 3535 1133 3601 intulerit,
1160 3536 1253 3595 sed
1279 3552 1311 3593 e
1332 3545 1526 3594 contra
1549 3554 1708 3595 suum
1726 3539 1924 3596 Filiam
1947 3542 1986 3596 dt

2243 3528 2518 3598 aavoptav,
2555 3530 2617 3583 ού
2669 3532 3048 3604 πανωλεθρὶαν
3078 3536 3463 3607 ἐπήνεγκενς
3505 3542 3647 3597 ἀλλά
3679 3542 3765 3595 καὶ

464 3629 624 3695 derit,
654 3638 709 3684 et
739 3644 835 3699 per
863 3629 1173 3699 passionem
1232 3627 1299 3682 ad
1347 3643 1566 3685 crucem
1602 3629 1831 3686 salutem
1870 3632 1986 3687 don:

2256 3620 2383 3674 Υἱὺν
2415 3622 2585 3676 ἔδωκε
2618 3624 2714 3678 καὶ
2742 3626 2842 3697 τὴν
2878 3627 2967 3681 διὰ
2996 3628 3090 3682 τοῦ
3129 3631 3368 3698 πάθους
3399 3635 3501 3689 καὶ
3536 3634 3763 3706 σταυροῦ

460 3721 619 3775 verit.
673 3720 909 3775 Evidens
954 3728 1039 3775 est
1076 3727 1261 3773 autem
1310 3718 1418 3774 illis
1456 3719 1552 3790 qui
1610 3720 1667 3775 in
1721 3722 1977 3777 divinoru

2252 3712 2457 3783 ρήσατο
2483 3715 2757 3785 σωτηρίαν
2777 3733 2791 3748 ο
2838 3717 3015 3772 καίτοι
3045 3720 3226 3791 δῆλον
3262 3727 3387 3790 τοῖς
3420 3726 3498 3781 τὰ
3533 3728 3657 3782 θεῖα
3684 3742 3770 3778 πε-

458 3814 653 3869 notitia
680 3825 971 3868 versantur
994 3813 1130 3867 nihil
1170 3827 1240 3869 ex
1261 3814 1431 3868 animi
1461 3814 1829 3870 inconstantia
1858 3816 1977 3872 face

2244 3804 2528 3875 δευμένοις
2556 3807 2631 3872 ὡς
2646 3809 2799 3863 οὐδὲν
2828 3810 2894 3864 ὲκ
2926 3815 3333 3883 μεταμελείας
3365 3822 3530 3873 ποιεῖ
3548 3823 3578 3873 ό
3600 3820 3731 3882 Θεός
3752 3833 3766 3849 ⁸

460 3903 674 3963 Deum:
712 3905 829 3961 haec
860 3914 945 3961 est
989 3906 1134 3960 enim
1171 3906 1394 3976 proprie
1436 3906 1622 3975 passio
1674 3906 1893 3963 illorum
1942 3924 1979 3979 q

2246 3912 2301 3949 το
2338 3896 2447 3967 γὰρ
2479 3897 2611 3951 ῐδιον
2641 3898 2705 3952 τὸ
2743 3901 2913 3966 πάθος
2942 3901 3052 3956 τῶν
3081 3907 3361 3980 τρεπτὴν
3403 3910 3654 3980 ἑχόντων
3677 3908 3768 3980 τὴν

458 4007 713 4063 naturam
761 3998 1078 4054 variabilem
1120 3998 1345 4065 habent,
1394 4013 1495 4052 nec
1539 3998 1789 4055 futurum
1830 4016 1980 4072 cognt

2249 4003 2325 4051 λιν,
2354 3985 2435 4040 ἔτι
2474 3987 2532 4042 δὲ
2559 3989 2734 4043 καὶτὸ
2794 3991 2990 4062 μέλλον
3022 3995 3404 4063 ἀγνοούντων
3437 4005 3504 4055 ’ὁ
3538 4001 3599 4054 δὲ
3648 4001 3771 4061 Θεὸς

457 4098 634 4143 scunt.
684 4087 825 4148 Deus
859 4100 1041 4143 autem
1080 4098 1135 4145 et
1167 4106 1290 4161 quae
1340 4102 1452 4146 non
1496 4099 1626 4145 sunt
1653 4092 1801 4147 sicut
1828 4103 1884 4147 et
1915 4110 1979 4164 qu

2262 4078 2331 4133 τὰ
2362 4081 2527 4150 μήπω
2569 4084 2911 4153 γεγενημένα
2945 4085 3021 4149 ὡς
3060 4087 3175 4160 ἤδη
3212 4093 3597 4165 γεγενημένα
3634 4095 3734 4166 ὁρᾷ
3759 4109 3770 4122 ·

458 4180 599 4233 facta
628 4190 755 4234 sunt
780 4180 948 4234 videt.
975 4180 1165 4251 Itaque
1194 4181 1500 4251 praevidens
1526 4178 1671 4235 Deus
1686 4183 1832 4252 quod
1860 4182 1975 4239 Ada

2251 4172 2341 4226 καὶ
2365 4172 2460 4228 τὸν
2519 4174 2691 4246 Ἀδὰμ
2746 4177 3012 4248 προειδὼς
3056 4181 3150 4235 ὅτι
3210 4185 3433 4257 θνητὸς
3484 4190 3773 4259 γενήσεται

456 4271 703 4325 mortalis
732 4271 889 4326 fieret
944 4282 1164 4342 pr0pter
1209 4272 1704 4345 transgressionem
1768 4277 1978 4332 mandat

2254 4264 2474 4337 ἐντολὴν
2497 4267 2774 4337 παραϐὰς,
2801 4275 3060 4342 τοιαύτην
3109 4275 3307 4330 αὐτοῦ
3338 4279 3450 4335 καὶ
3474 4280 3582 4353 τὴν
3617 4280 3773 4350 φύσιν

455 4362 549 4417 tali
589 4364 754 4418 modo
792 4363 940 4419 illius
982 4373 1237 4419 naturam
1268 4366 1321 4419 in
1343 4364 1651 4423 masculum
1684 4375 1738 4421 et
1771 4366 1973 4424 femina

2250 4359 2414 4430 ᾶρῤεν
2439 4358 2536 4413 καὶ
2565 4358 2697 4430 θῆλυ
2726 4364 3234 4432 προκατεσκεύασε
3272 4386 3287 4400 ·
3318 4372 3442 4425 τῶν
3478 4374 3595 4445 γάρ
3648 4374 3772 4440 θνη-

451 4454 798 4524 praeparavit.
874 4453 1195 4510 Mortalibus
1250 4456 1401 4511 enim
1453 4467 1509 4513 et
1568 4459 1921 4530 generatione
1964 4478 1973 4514 :

2278 4449 2377 4503 καὶ
2398 4450 2741 4515 παιδοποιίας
2765 4452 3034 4524 δεομένων
3061 4458 3155 4522 είς
3177 4459 3291 4533 τὴν
3305 4462 3413 4517 τοῦ
3435 4465 3643 4534 γένους
3667 4465 3774 4518 δια-

452 4546 669 4616 generis
693 4546 779 4601 sui
809 4547 1155 4601 durationem
1196 4549 1592 4619 indigentibus,
1626 4551 1755 4609 talis
1788 4560 1873 4606 est
1903 4566 1970 4607 co

2251 4541 2308 4613 ὴν
2362 4543 2400 4609 ἠ
2454 4546 2678 4616 τοιαύτη
2738 4545 2847 4599 τῶν
2925 4547 3217 4617 σωμάτων
3313 4555 3633 4622 διάπλασις
3676 4573 3689 4587 ’
3745 4559 3773 4621 ἡ

451 4649 645 4702 porum
670 4634 979 4704 dispositio.
1013 4634 1346 4709 immortalis
1373 4639 1519 4693 enim
1556 4651 1749 4696 natura
1794 4656 1907 4696 non
1949 4642 1973 4696 i1

2268 4633 2536 4697 ἀθάνατος
2577 4635 2742 4704 φύσις
2784 4636 2846 4691 οὐ
2890 4637 3060 4692 δεῖται
3112 4642 3224 4697 τοῦ
3277 4646 3493 4718 θήλεος
3518 4668 3533 4681 ο
3592 4648 3778 4704 τούτου

449 4726 597 4796 diget
642 4726 880 4783 femina:
926 4727 1092 4798 huius
1129 4744 1298 4785 causa
1323 4728 1551 4786 Creator
1576 4748 1873 4805 corporum
1910 4750 1971 4804 qu

2254 4740 2299 4776 ιν
2339 4725 2368 4778 ὁ
2412 4726 2668 4796 Ποιητὴς,
2718 4726 2811 4779 τὸν
2857 4728 2957 4797 μὲν
3006 4730 3128 4784 τῶν
3182 4739 3494 4805 σωμάτων
3546 4740 3776 4812 ἀριθμὸν

450 4815 570 4869 dem
608 4834 897 4874 numerum
939 4821 1105 4876 simul
1166 4822 1458 4890 produxit,
1521 4825 1778 4881 mortalia
1842 4836 1972 4882 aute

2253 4817 2603 4890 ἱπαρήγαγε,
2633 4818 2743 4872 τῶν
2767 4819 2825 4872 δὲ
2870 4820 3086 4891 θνητῶν
3119 4823 3302 4888 ζώων
3328 4831 3447 4886 ἀνὰ
3471 4834 3573 4887 δύο
3605 4848 3619 4860 ⁴
3660 4828 3775 4883 καθ’

452 4907 706 4964 animalia
741 4912 910 4979 bina;
946 4920 1003 4967 et
1050 4924 1341 4984 postquam
1367 4916 1584 4988 singula
1612 4917 1849 4974 formata
1888 4921 1974 4977 sin

2255 4925 2366 4962 ττον
2423 4909 2996 4982 δημιουργησάμενος,
3019 4913 3133 4983 τῆς
3182 4920 3384 4992 αὔξης
3441 4925 3643 4988 αὐτοῖς
3686 4922 3777 4991 τὴν

448 4996 559 5053 illis
585 5000 1103 5061 benedictionemad
1139 5006 1610 5076 multiplicandum
1644 5010 1849 5067 intulit.

1298 5007 1610 5076 plicandum
1644 5010 1849 5067 ίηιυιίι,
2135 4997 2389 5067 εὐλογίαν
2421 5000 2820 5071 προσήνεγκεν.

524 5090 649 5147 Haec
677 5108 809 5164 ergo
835 5098 1137 5165 praevidens
1164 5098 1329 5163 Deus,
1364 5114 1472 5158 nou
1509 5102 1676 5158 modo
1709 5102 1765 5157 in
1803 5119 2023 5160 mascu-

2261 5093 2389 5147 ιῦτα
2403 5096 2584 5148 τοίνυν
2610 5096 2864 5169 προορῶν
2904 5098 2934 5150 ὁ
2962 5097 3109 5165 Θεὸς
3136 5105 3210 5158 οὐ
3255 5107 3441 5176 μόνον
3479 5109 3570 5170 είς
3621 5109 3783 5178 ἄρσεν

450 5183 562 5238 lum
595 5194 650 5239 et
683 5183 942 5241 feminam
993 5189 1270 5246 hominem
1294 5190 1446 5258 feeit,
1474 5191 1571 5247 sed
1594 5202 1649 5248 et
1687 5193 1755 5249 de
1785 5196 1972 5250 mandi

2263 5184 2387 5256 θῆλυ
2410 5187 2502 5240 τὸν
2532 5187 2821 5260 ἄνθρωπον
2840 5190 3179 5262 διέπλασεν,
3217 5198 3377 5253 ἀλλὰ
3400 5200 3510 5254 καὶ
3534 5199 3633 5254 τὸν
3661 5200 3785 5270 περὶ

448 5277 663 5332 satione
690 5277 860 5348 legem
892 5278 1003 5333 illis
1028 5281 1196 5335 dedit.
1232 5301 1252 5335 ι
1286 5282 1425 5340 Ecce
1446 5286 1617 5351 enim,
1659 5286 1857 5356 inquit,
1898 5288 1970 5342 de]

2260 5276 2497 5349 ιρώσεως
2514 5281 2700 5340 αὐτοῖς
2714 5282 2878 5353 νόμον
2894 5282 3137 5342 ἐδωκεν.
3199 5307 3223 5342 s
3263 5290 3413 5346 Ἰδοὺ
3432 5295 3577 5364 γὰρ,
3600 5296 3782 5364 φησὶν.

448 5369 604 5423 vobis
639 5384 859 5425 omnem
893 5370 1119 5426 herbam
1155 5372 1469 5431 all‘erentem
1499 5392 1707 5443 semen,
1731 5386 1785 5433 et
1800 5388 1970 5434 caeter:

2264 5389 2308 5425 La.
2339 5373 2468 5442 ὑμῖν
2499 5374 2679 5428 πάντα
2736 5375 2931 5446 χόρτον
2962 5378 3271 5451 σπόριμον
3327 5387 3433 5438 καὶ
3464 5386 3603 5459 ἑξῆς
3658 5388 3786 5458 ὑμῖν

449 5468 510 5513 ut
537 5459 648 5514 sint
674 5460 828 5515 vobis
847 5460 900 5514 in
925 5477 1109 5516 escam
1140 5464 1183 5495 ιτ
1207 5502 1221 5517 .
1253 5483 1273 5515 ι
1302 5465 1365 5519 Ει
1388 5468 1501 5522 haec
1520 5478 1648 5523 ante
1674 5469 1971 5524 mandatun

2260 5479 2334 5516 κα
2363 5464 2443 5528 είς
2466 5463 2704 5536 βρῶσιν·
2742 5483 2761 5519 t
2796 5469 2890 5521 καὶ
2935 5466 3131 5523 ταῦτα
3165 5475 3290 5544 πρὸ
3344 5478 3459 5549 τῆς
3506 5480 3738 5548 ἐντολῆς
3767 5493 3780 5508 ’

448 5546 567 5602 Non
602 5564 730 5619 ergo
750 5549 824 5604 ita
855 5550 1016 5621 plena
1048 5561 1131 5608 est
1159 5552 1255 5609 ira:
1276 5554 1535 5625 punitio,
1582 5560 1675 5613 sed
1700 5570 1785 5614 est
1829 5564 1970 5615 modi

2264 5556 2389 5611 »ίνυν
2432 5557 2602 5629 ὀργῆς
2649 5560 2687 5630 ἡ
2734 5560 2974 5632 τιμωρία
3017 5562 3155 5616 ἀλλ’
3204 5546 3530 5643 οἰκονομία
3592 5546 3786 5645 σοφίας

520 5724 563 5755 ⁵⁸
595 5725 766 5783 Levit.
804 5741 903 5795 xu,
937 5729 992 5784 3.
1069 5730 1117 5762 ⁸⁵
1154 5729 1342 5786 Matth.
1372 5747 1423 5797 v,
1446 5731 1533 5787 28.
1580 5731 1624 5765 ’⁸
1654 5732 1786 5789 ibid.
1810 5733 1901 5790 22.
1981 5735 2026 5767 ¹⁷

940 5729 992 5784 3.
1069 5730 1117 5762 ⁸⁸
1154 5729 1342 5786 Matth.
1372 5747 1423 5797 ν,
1446 5731 1533 5787 28.
1580 5731 1624 5765 ¹⁶
1654 5732 1786 5789 ibid.
1810 5733 1901 5790 ἓξ,
1981 5735 2026 5767 ⁸⁷
2055 5736 2256 5794 Genes.
2295 5752 2340 5800 ι,
2372 5736 2462 5793 29.
