3876 6216
211 301 355 366 1065

1164 307 1265 365 ΑΙ)
1304 305 1889 366 AMPHILOCHIUM
1913 304 2263 375 .QlL'ES’l‘IO
2298 305 2501 365 CCLV.

3350 294 3484 363 1066

207 421 390 490 μεστή
467 420 553 475 ῖνα
584 421 692 491 γὰρ
714 425 922 495 μισήσῃ
949 420 1046 493 τὴν
1068 422 1346 493 ἁμαρτίαν
1373 422 1435 474 τὸ
1460 422 1570 475 τῶν
1592 421 1793 493 ἀνθρώ-

1907 422 2120 498 agendi
2162 421 2430 491 sapientia
2478 419 2696 490 plenus.
2765 420 2835 475 Ut
2879 420 3025 476 enim
3075 426 3358 490 peccatum
3388 433 3484 472 ex-

204 528 334 563 πων
380 523 536 580 γένος
572 513 647 576 ὼς
696 514 876 568 αἰτίαν
933 514 1163 568 Θανάτου
1207 513 1601 584 γεγενημένην,
1658 512 1797 584 μετὰ

203 602 318 669 τὴν
363 602 677 672 παράϐασιν
717 603 817 674 τῆς
858 604 1079 674 ἐντολῆς
1121 605 1373 675 ἐπιφέρει
1420 603 1516 657 τοῦ
1568 606 1797 660 Θανάτου

114 696 121 701 ’
202 690 316 760 τὴν
335 691 521 763 ψῆφον
549 693 578 745 6
615 694 908 766 πάνσοφος,
944 696 1102 750 τοῦτο
1123 696 1223 766 μὲν
1248 697 1309 749 τὸ
1340 698 1470 768 περὶ
1494 697 1593 767 τὴν
1614 699 1797 769 ἁμαρ-

205 781 339 833 τίαν
365 783 755 854 μηχανώμενος
784 790 961 858 μῖσος,
996 786 1444 859 προευτρεπίζων
1464 790 1521 842 δέ
1547 790 1628 860 τῷ
1652 790 1797 859 γένει

208 874 319 943 τῆς
379 877 655 946 σωτηρίας
699 878 760 930 τὸ
808 880 1121 951 φάρμακον,
1165 880 1265 953 τὴν
1322 880 1419 936 τοῦ
1460 882 1798 950 Μονογενοῦς

210 963 632 1035 ἐνανθρὼπησιν
660 982 673 998 ο
707 969 774 1022 δι’
796 964 864 1042 ἦς
887 972 1018 1041 ἡμῖν
1052 973 1085 1041 ἠ
1133 974 1199 1025 ἐκ
1236 973 1451 1045 νεκρῶν
1501 973 1799 1036 ἀνάστασις

211 1059 315 1111 καὶ
339 1061 659 1128 ὴὰθανασία
684 1062 1269 1135 διαπεπραγμάτευται
1297 1084 1313 1099 ο
1352 1067 1407 1120 τί
1454 1065 1511 1119 δὲ
1546 1065 1640 1119 καὶ
1679 1067 1791 1120 ἀπ-

200 1150 345 1220 ηνὲς
373 1154 405 1221 ἠ
434 1153 707 1221 ἀπόφασις
723 1154 870 1225 ἐχει;
900 1155 1008 1225 (Γῆ
1031 1154 1101 1223 εἴ,
1119 1158 1214 1210 καὶ
1233 1158 1313 1221 είς
1338 1158 1442 1228 γῆν
1458 1157 1757 1231 ἀπελεύσῃ.
1773 1175 1791 1210 ι

224 1242 367 1295 Ἀπὸ
399 1243 506 1311 γῆς
564 1262 644 1309 σε,
678 1248 864 1314 φησὶν,
901 1249 980 1310 εἱς
1032 1247 1242 1315 ἀμείνω
1263 1248 1448 1319 -πολλῷ
1475 1247 1635 1316 φύσιν
1663 1265 1797 1317 μετ-

205 1335 489 1389 εσκεύασα
525 1353 539 1367 ο
594 1338 718 1390 ἐπεὶ
754 1338 813 1391 δὲ
867 1338 1097 1408 φυλαξαι
1147 1357 1249 1410 μου
1308 1339 1409 1411 τὴν
1446 1339 1666 1411 ἐντολὴν
1695 1340 1797 1394 οὐκ

202 1427 504 1498 ἠθέλησας,
560 1430 698 1499 πρὸς
735 1428 835 1501 τὴν
889 1430 1167 1502 προτέραν
1200 1429 1541 1501 ἐπανελεύσῃ
1583 1429 1745 1498 φύσιν
1777 1445 1792 1461 ο

205 1520 436 1573 ἁνθότου
458 1520 517 1573 δὲ
552 1521 645 1573 καὶ
672 1521 903 1592 σμικρὸν
920 1517 1063 1575 εἶναι
1086 1522 1237 1575 δοκεῖ
1266 1521 1327 1574 τὸ
1352 1521 1693 1593 ἁμάρτημα;
1736 1520 1795 1574 Ὁ

210 1612 594 1682 μὲνδπάντων
663 1613 835 1668 ἔδωκε
886 1614 985 1686 τὴν
1032 1614 1308 1679 ἐξουσίαν,
1349 1614 1469 1677 ἐνὸς
1521 1613 1577 1667 δὲ
1629 1614 1793 1683 μόνου

204 1703 475 1775 ἀπεῖρξεν
512 1719 525 1732 ·
546 1706 577 1757 6
603 1703 660 1757 δέ
688 1702 1009 1758 καταλιπὼν
1030 1704 1268 1770 ἅπαντα,
1291 1703 1480 1757 τοῦτον
1505 1703 1600 1757 καὶ
1629 1702 1792 1772 μόνον

1906 514 2250 570 horresceret
2309 512 2590 568 hominum
2666 528 2838 582 genus
2891 524 2951 568 ut
3009 527 3233 569 causam
3289 511 3483 565 mortis

1907 608 2132 673 factum,
2164 615 2287 677 post
2319 604 2814 677 transgressionem
2863 605 3104 661 mandati
3150 604 3345 660 mortis
3390 603 3485 657 de-

1906 708 2115 754 cretum
2153 699 2247 769 qui
2278 708 2362 753 est
2389 698 2619 754 omnino
2645 697 2887 768 sapiens,
2917 698 3117 763 intulit,
3158 706 3214 751 et
3236 695 3345 750 hoc
3365 696 3485 765 qui-

1906 790 2033 846 dem
2079 790 2265 845 odium
2298 791 2511 859 peccati
2550 789 2808 854 moliens,
2846 789 3159 843 hominibus
3182 796 3364 842 autem
3391 803 3481 847 sa—

1904 882 2136 938 lutarem
2183 882 2513 937 medicinam
2561 897 2897 952 praeparans,
2945 881 3174 949 scilicet,
3206 879 3482 951 Unigeniti

1906 975 1990 1031 sui
2049 975 2503 1041 incarnationem,
2568 990 2662 1045 per
2693 990 2859 1045 quam
2923 972 3083 1029 nobis
3144 988 3211 1027 ex
3253 973 3483 1028 mortuis

1904 1069 2238 1125 resurrectio
2284 1076 2340 1123 et
2366 1068 2754 1123 immortalitas
2810 1075 3091 1137 oneratur.
3125 1064 3269 1132 Quid
3302 1075 3482 1120 autem

1903 1161 2123 1218 crudele
2147 1160 2311 1214 habet
2336 1159 2441 1214 hoc
2456 1158 2802 1214 decretum‘h
2832 1156 2999 1212 Terra
3026 1172 3105 1223 es,
3132 1166 3187 1211 et
3205 1157 3259 1210 in
3287 1152 3484 1210 terram

1905 1253 2196 1309 reverteris
2227 1251 2270 1283 “'
2301 1270 2322 1304 ι
2357 1259 2556 1307 eterra
2583 1260 2653 1314 te,
2675 1250 2877 1318 inquit,
2906 1249 2973 1304 ad
3003 1248 3178 1303 multo
3200 1248 3484 1302 meliorem

1904 1352 2157 1399 naturam
2186 1342 2512 1413 praeparavi,
2546 1342 2674 1411 quia
2714 1349 2898 1396 autem
2925 1356 3037 1395 non
3080 1339 3305 1395 voluisti
3328 1356 3487 1394 man-

1902 1438 2087 1491 datum
2115 1450 2297 1489 meum
2334 1449 2574 1500 servare,
2631 1435 2699 1487 ad
2731 1433 2962 1503 primam
3006 1441 3261 1487 naturam
3298 1447 3487 1487 rever-

1904 1526 2056 1592 teris,
2090 1539 2260 1594 quare
2285 1532 2467 1578 autem
2510 1537 2739 1592 parvum
2789 1536 2911 1577 esse
2966 1520 3224 1574 videatur
3282 1533 3479 1588 pecca-

1902 1620 2058 1679 tum?
2097 1617 2192 1673 [ile
2244 1618 2466 1687 quidem
2512 1616 2760 1670 nautium
2786 1614 2939 1669 dedit
2984 1612 3321 1683 potentiam,
3373 1625 3485 1666 uno

1903 1709 2249 1765 solummodo
2287 1707 2612 1773 interdixit;
2644 1707 2735 1760 hic
2766 1714 2948 1760 autem
2970 1705 3231 1760 omnibus
3253 1704 3483 1769 relictis,

206 1793 307 1844 καὶ
329 1791 549 1863 πρῶτον
583 1795 853 1865 ἐτρύγησε
884 1795 975 1849 τδν
1008 1797 1220 1866 καρπόν
1250 1811 1264 1826 ⁶
1296 1795 1457 1850 τοῦτο
1484 1794 1593 1866 γὰρ
1652 1793 1793 1864 αὐτῷ

1904 1804 2059 1858 illum
2095 1812 2151 1857 et
2184 1801 2360 1856 solum
2401 1809 2457 1856 et
2484 1800 2731 1870 primum
2757 1798 2964 1867 carpsit
3017 1796 3279 1851 fructum.
3320 1815 3339 1847 ι
3370 1794 3485 1850 Hoc

211 1884 308 1937 καὶ
336 1887 365 1937 6
391 1886 670 1956 Δεσπότης
697 1888 1006 1958 ἐμέμψατο.
1025 1890 1119 1953 Τίς
1140 1891 1270 1960 γὰρ,
1296 1888 1483 1958 φησὶν,
1505 1886 1799 1957 ἀνήγγειλέ

212 1992 299 2028 σοι
316 1976 398 2029 ὅτι
420 1977 626 2046 γυμνὸς
649 1974 717 2042 εἴ,
733 1980 800 2030 “si
823 1978 897 2050 μὴ
922 1980 1031 2033 ἀπὸ
1054 1980 1148 2032 τοῦ
1183 1980 1339 2045 ξύλου
1358 1970 1418 2033 οὗ
1437 1978 1798 2055 ἐνετειλάμην

205 2083 293 2120 σοι
318 2067 508 2121 τούτου
532 2070 695 2137 μόνον
730 2070 806 2142 μὴ
839 2074 1065 2141 φαγεῖν,
1094 2073 1189 2126 ἀπ’
1212 2071 1380 2126 αὐτοῦ
1416 2070 1659 2141 ἕφαγες;
1693 2072 1783 2125 δε-

205 2159 423 2228 δήλωκε
447 2160 508 2213 δέ
542 2162 636 2214 καὶ
686 2163 714 2216 6
746 2163 997 2228 διάϐολος
1059 2166 1134 2235 μὴ
1190 2166 1387 2233 φαγεῖν
1438 2163 1640 2226 αὐτοὺς
1688 2162 1796 2216 ἀπό

200 2267 351 2313 τινος
377 2250 539 2304 ἄλλου
567 2250 748 2316 ξύλου.
778 2253 856 2306 Δι’
893 2248 968 2309 ὧν
997 2254 1101 2326 ἔφη
1139 2258 1207 2326 τῇ
1242 2255 1357 2326 Εὐᾳ
1381 2270 1394 2284 ⁸
1426 2256 1491 2307 Τί
1527 2256 1610 2309 ὅτι
1640 2248 1796 2309 εἶπεν

200 2346 231 2397 6
262 2343 420 2408 Θεὸς,
445 2344 519 2397 Οὐ
557 2344 633 2415 μὴ
672 2345 886 2416 φάγητε
914 2346 1023 2401 ἀπὸ
1052 2348 1259 2411 παντὸς
1285 2348 1448 2413 ξύλου
1475 2348 1572 2401 τοῦ
1608 2350 1668 2401 ἐν
1685 2363 1795 2400 πα-

203 2432 474 2505 ραδιίσῳς
510 2437 560 2488 εἰ
586 2436 696 2505 γὰρ
719 2431 863 2489 οἶδεν
887 2436 1233 2508 ἐδηδοκότας,
1253 2438 1355 2491 οὐκ
1382 2438 1449 2492 ἂν
1475 2437 1631 2508 ᾠήθη
1659 2437 1790 2508 περὶ

197 2524 424 2580 πάντων
451 2528 649 2590 αὐτοὺς
672 2526 780 2582 τῶν
801 2528 1034 2599 δένδρων
1068 2529 1349 2599 εἰληφέναι
1377 2530 1477 2600 τὴν
1506 2528 1729 2599 ἐντολήν
1773 2545 1788 2562 ο

197 2619 264 2671 οὐ
296 2619 472 2691 μικρὰ
500 2620 679 2674 τοίνυν
729 2623 761 2692 ἡ
798 2621 1112 2692 παράϐασις
1145 2636 1161 2651 ⁸
1211 2621 1430 2693 πρώτου
1492 2620 1603 2690 γὰρ
1658 2638 1791 2691 μετ·

198 2708 420 2775 έλαϐον,
450 2704 513 2765 οὗ
544 2711 708 2781 μόνου
748 2712 823 2782 μὴ
846 2716 1139 2784 μετασχεῖν
1171 2713 1595 2785 ἐκελεύσθησαν.

730 2928 1065 2984 ΕΡΩΤΗΣΙΣ
1099 2931 1265 2985 ΣΝΕ⁷.

401 3022 574 3088 Τίνας
616 3022 788 3089 υἱοὺς
832 3024 982 3077 Θεοῦ
1015 3025 1275 3092 κέκληκε
1302 3024 1567 3095 Μωῦσῆς
1586 3044 1607 3092 ;

1903 1894 2049 1948 enim
2082 1893 2156 1947 illi
2205 1890 2465 1947 Dominus
2492 1890 2863 1959 exprobravit.
2918 1887 3054 1954 Quis
3078 1888 3248 1951 enim,
3283 1887 3482 1955 inquit,

1901 1984 2164 2040 iudicavit
2190 1983 2287 2038 tibi
2326 1982 2471 2051 quod
2503 1981 2681 2035 nudus
2707 1994 2883 2045 esses,
2932 1979 3038 2033 nisi
3068 1978 3299 2047 quodex
3336 1977 3485 2046 ligno

1899 2077 1968 2132 de
1987 2091 2097 2146 quo
2115 2089 2480 2146 praeceperam
2509 2071 2605 2128 tibi
2624 2087 2692 2126 ne
2712 2070 3029 2127 comederes
3055 2067 3344 2125 comedisti
3371 2068 3412 2099 "
3428 2066 3479 2120 τι

1898 2168 2298 2224 demonstravit
2351 2174 2536 2220 autem
2575 2172 2631 2219 et
2680 2162 2935 2218 diabolus
2976 2162 3100 2216 illos
3146 2176 3256 2215 non
3304 2173 3486 2213 come-

1896 2263 2045 2318 disse
2070 2263 2140 2316 ab
2168 2261 2275 2314 alio
2311 2259 2552 2329 quodam
2581 2256 2750 2327 ligno.
2806 2256 2997 2324 Itaque
3023 2254 3156 2308 dicit
3188 2252 3313 2307 Erat
3335 2250 3487 2316 ταμι-

1896 2354 2150 2426 praecepit
2171 2352 2328 2407 vobis
2378 2350 2524 2406 Deus
2575 2359 2640 2405 ut
2660 2364 2769 2405 non
2817 2346 3184 2405 comederetis
3236 2346 3305 2400 de
3335 2345 3486 2399 omni

1896 2449 2044 2519 ligno
2097 2445 2382 2517 paradisi?
2417 2442 2475 2498 Si
2513 2443 2673 2498 enim
2700 2442 2824 2497 illos
2850 2440 3167 2496 comedisse
3209 2439 3483 2504 scivissct,

1895 2557 2005 2595 non
2034 2547 2278 2609 putasset
2301 2537 2371 2593 de
2401 2536 2664 2592 omnibus
2683 2534 2978 2590 arboribus
3007 2533 3133 2587 illos
3164 2531 3484 2585 mandatum

1893 2633 2193 2703 accepisse.
2220 2629 2339 2685 Non
2366 2639 2633 2699 estparva
2652 2641 2782 2697 ergo
2805 2626 3210 2695 transgressio:
3244 2624 3485 2694 primmn

1891 2727 2038 2782 enim
2075 2723 2445 2795 apprehendit
2469 2737 2634 2791 quem
2665 2721 2841 2776 solum
2872 2734 2981 2774 non
3007 2720 3275 2788 attingere
3295 2718 3487 2785 jussus

1892 2817 2092 2873 fuerat.

1888 2929 2218 3001 QUIESTIO
2272 2928 2452 2985 CCLV
2500 2927 2686 2999 [CoisL
2735 2925 2932 2989 CCCV,
2974 2926 3135 2979 Taur.
3185 2921 3482 2996 CCXCIV].

2030 3024 2305 3091 Quasnam
2353 3022 2494 3092 ﬁlios
2540 3021 2635 3075 Dei
2675 3019 2937 3074 vocaverit
2968 3017 3174 3087 Moyses
3206 3016 3343 3087 (ὃῖ).

845 3157 989 3207 Edita
1018 3173 1046 3207 a
1074 3158 1199 3208 Maio
1225 3159 1282 3224 (1.
1308 3172 1351 3209 c.
1378 3174 1425 3222 p.
1464 3161 1573 3222 125,
1593 3177 1644 3225 q.
1678 3163 1810 3225 εει).
1833 3188 1897 3199 -—
1916 3163 1993 3213 De
2016 3162 2131 3211 ﬁliis
2164 3161 2259 3211 Dei
2288 3162 2341 3209 ln
2372 3163 2515 3210 textu
2542 3158 2670 3208 Gen.
2694 3170 2759 3215 vr,
2786 3154 2834 3203 2.

271 3240 334 3293 0i
372 3239 472 3309 μὲν
524 3242 649 3304 τοὺς
694 3242 959 3311 ἀγγέλους
994 3245 1414 3315 ὑπονοήσαντες,
1473 3249 1778 3319 μαίνονται”

1954 3247 2061 3315 Qui
2084 3248 2305 3318 quidem
2336 3246 2557 3315 angelos
2585 3258 2708 3300 esse
2753 3239 2996 3295 sentiunt
3018 3237 3251 3307 turpiter
3275 3246 3484 3300 errant,

192 3333 348 3395 υἱοὺς
370 3331 425 3383 δὲ
456 3333 699 3405 κέκληκε
720 3334 808 3387 νῦν
832 3335 927 3389 τοῦ
957 3336 1092 3389 Θεοῦ
1114 3338 1240 3403 τοὺς
1267 3340 1331 3394 ἐκ
1354 3338 1448 3394 τοῦ
1492 3341 1600 3413 Σὴθ
1654 3361 1796 3397 κατ-

194 3423 535 3493 αγομένους·
562 3425 795 3481 εἰποῦσα
829 3428 937 3500 γὰρ
970 3432 1005 3500 ή
1032 3430 1223 3503 Γραφὴ
1244 3432 1393 3498 ὅπως
1421 3436 1485 3488 ἐκ
1508 3434 1599 3488 τοῦ
1626 3436 1734 3506 Σὴθ
1763 3439 1794 3490 6

207 3516 383 3581 Ἐνὼς
409 3520 693 3591 ἐγεννήθη,
723 3523 1084 3592 προσέθηκεν·
1117 3520 1313 3589 «Οὗτος
1342 3526 1572 3596 ἤλπισεν
1597 3530 1794 3583 ἐπικα-

196 3609 415 3663 λεῖσθαι
432 3610 492 3663 τὸ
514 3611 684 3681 ὄνομα
708 3614 915 3682 Κυρίου
933 3614 1027 3668 τοῦ
1053 3616 1208 3669 Θεοῦ·
1225 3637 1243 3669 ι
1272 3620 1299 3671 ὁ
1314 3618 1370 3670 δὲ
1388 3618 1617 3682 Ἀκύλας
1636 3622 1789 3692 φησί’

201 3697 352 3753 Τότε
392 3698 622 3768 ἤρξατο
677 3701 892 3768 καλεῖν
938 3703 1008 3756 ἐν
1046 3704 1294 3775 ὀνόματι
1320 3708 1595 3775 Κυρίου»
1624 3711 1793 3763 αίνίτ-

193 3791 435 3845 τεταιδέ
494 3793 569 3857 ὼς
616 3793 705 3847 διὰ
752 3794 855 3863 τὴν
911 3795 1196 3850 εὐσέϐειαν
1242 3791 1399 3861 οὗτος
1440 3798 1658 3869 πρῶτος
1691 3800 1793 3869 τῆς

195 3883 353 3948 θείας
390 3886 760 3957 προσηγορίας
792 3886 1058 3957 τετύχηκε
1094 3890 1188 3943 καὶ
1237 3891 1343 3944 ὑπὸ
1373 3890 1484 3945 τῶν
1515 3890 1792 3960 συγγενῶν

193 3973 493 4044 ὠνομάσθη
547 3974 702 4037 Θεός³
756 3976 880 4029 ὅθεν
928 3977 979 4029 οἱ
1032 3977 1097 4030 ἐκ
1157 3979 1348 4033 τούτου
1409 3980 1627 4048 φύντες,
1687 3983 1793 4035 υίοὶ

193 4064 338 4162 Θεοῦ
362 4066 769 4162 ἐχρημάτιζον·
798 4067 878 4121 διὸ
910 4070 1005 4121 καὶ
1041 4072 1071 4124 6
1102 4069 1305 4142 Κύριος
1336 4071 1426 4125 διὰ
1450 4073 1545 4125 τοῦ
1578 4076 1794 4145 προφή-

192 4154 297 4207 του
346 4154 529 4208 Δαϐίδο
573 4174 592 4207 ι
638 4156 781 4225 Ἐγὼ
810 4154 941 4212 εἶπα
972 4177 986 4192 ο
1016 4161 1140 4215 Θεοί
1169 4164 1296 4216 ἐστε
1335 4165 1432 4218 καὶ
1491 4166 1596 4223 υἱοὶ
1636 4165 1793 4237 Ὑψί-

195 4260 328 4297 στου
347 4246 567 4310 ποὶντες⁶
589 4267 607 4299 ι
631 4250 776 4313 καὶ,‹
799 4249 857 4303 '0
874 4251 1007 4315 Θεὸς
1022 4251 1150 4323 ἔστη
1164 4253 1222 4306 ἐν
1246 4258 1536 4327 συναγωγῇ
1557 4256 1714 4309 θεῶν·
1735 4257 1795 4309 ἐν

197 4336 354 4405 μέσῳ
395 4337 451 4391 δὲ
476 4339 631 4403 θεοὺς
668 4340 954 4410 διακρινεῖ·
996 4364 1015 4397 ι
1061 4344 1204 4401 οὕτω
1251 4346 1310 4400 δὲ
1362 4347 1622 4419 ὀνομάζει
1665 4349 1795 4414 τοὺς

1898 3341 2041 3397 ﬁlios
2065 3348 2249 3395 autem
2282 3338 2498 3393 vocavit
2528 3336 2623 3392 Dei
2656 3335 2779 3391 illos
2816 3335 2910 3404 qui
2942 3348 3007 3387 ex
3040 3331 3173 3385 Seth
3206 3332 3309 3385 orti
3335 3339 3485 3386 sunt.

1896 3432 2093 3487 Dicens
2123 3432 2270 3486 enim
2320 3430 2606 3499 Scriptura
2653 3441 2812 3483 sacra
2842 3424 2987 3495 quod
3039 3438 3106 3478 ex
3138 3422 3267 3477 Seth
3299 3421 3484 3478 Ειιοοιι

1896 3534 2057 3580 natus
2090 3533 2197 3586 est,
2237 3523 2436 3594 adjecit
2466 3537 2481 3574 :
2533 3539 2553 3572 ‹
2592 3518 2702 3575 Iste
2735 3519 2961 3574 conﬁdit
2995 3518 3251 3573 invocare
3290 3532 3486 3570 nomen

1897 3614 2115 3669 Domini
2148 3613 2243 3668 Dei
2265 3615 2333 3666 ³ο.
2372 3633 2391 3664 ι
2442 3612 2639 3681 Aquila
2693 3618 2877 3664 autem
2922 3608 3053 3663 dicit
3086 3625 3099 3661 :
3135 3604 3282 3660 Tunc
3336 3605 3488 3674 coepit

1894 3708 2138 3761 invocare
2166 3722 2351 3760 nomen
2397 3704 2651 3767 Domini;
2685 3701 2927 3758 ostendit
2971 3709 3152 3754 autem
3203 3698 3349 3767 quod
3393 3713 3487 3766 per

1893 3799 2151 3871 pietatem
2173 3800 2277 3854 iste
2303 3798 2511 3867 primus
2532 3797 2774 3849 divinam
2801 3794 3221 3863 appellationem
3248 3792 3489 3845 obtinuit

1892 3899 1948 3943 ct
1992 3905 2023 3943 a
2056 3890 2373 3958 parentibus
2420 3886 2564 3941 Deus
2596 3886 3017 3955 cognominatus
3049 3895 3153 3936 est.
3199 3879 3355 3937 Unde
3391 3880 3487 3950 qui

1893 3997 1961 4035 ex
1991 3982 2096 4045 ,illo
2143 3980 2255 4034 nati
2306 3987 2473 4041 sunt,
2526 3977 2622 4031 lilii
2665 3976 2757 4030 Dei
2809 3974 3256 4028 nominabantur.
3301 3971 3489 4041 Itaque

1897 4073 2160 4127 Dominus
2215 4086 2307 4140 per
2339 4068 2660 4138 prophetam
2704 4064 2873 4121 David
2897 4064 3028 4119 dicit
3060 4082 3074 4118 :
3112 4082 3129 4113 ι
3167 4061 3278 4131 Ego
3322 4060 3436 4115 dixi
3469 4079 3483 4114 :

1895 4165 1979 4220 Dii
2012 4164 2145 4221 estis
2191 4169 2247 4218 et
2303 4161 2400 4216 ﬁlii
2445 4159 2658 4214 Excelsi
2709 4172 2902 4213 omnes
2948 4157 3017 4209 9'.
3045 4173 3065 4208 ι
3118 4153 3184 4209 Ει
3217 4173 3230 4208 :
3263 4173 3283 4206 ι
3339 4153 3485 4208 Deus

1894 4257 2046 4313 stetit
2077 4256 2133 4310 in
2162 4254 2396 4311 concilio
2429 4252 2659 4308 deorum
2690 4252 2758 4303 “.
2809 4249 2869 4304 In
2903 4248 3082 4303 medio
3127 4255 3308 4300 autem
3350 4246 3483 4300 deos

1892 4349 2119 4420 judicat.
2164 4365 2183 4399 ι
2219 4346 2313 4401 Sic
2360 4345 2608 4401 nominat
2639 4343 2763 4398 illos
2805 4340 2895 4410 qui
2945 4340 3232 4408 imperant.
3269 4336 3482 4391 Etenim

192 4428 489 4497 ἄρχοντας’
516 4431 613 4485 κα)⁵
633 4434 742 4503 γὰρ
761 4435 978 4503 ἐπᾶιγει⁹
1003 4459 1021 4489 ι
1035 4438 1181 4500 Ἕως
1199 4438 1331 4492 πότε
1348 4440 1562 4511 κρίνετε
1581 4440 1793 4494 ἀδικίαν

1898 4440 2127 4508 adjicit:
2163 4456 2183 4491 ι
2224 4437 2520 4506 Usquequo
2572 4433 2830 4505 judicalis
2877 4432 3201 4501 injustitiam
3260 4442 3315 4482 et
3358 4444 3485 4498 per-

194 4522 296 4573 καὶ
382 4523 654 4592 πρόσωπα
691 4528 1035 4595 ἁμαρτωλῶν
1072 4530 1380 4600 λαμϐάνετε
1402 4548 1416 4598 ;
1441 4550 1460 4582 ι
1495 4534 1591 4587 καὶ
1641 4532 1791 4602 ἑξῆς

1898 4549 2063 4588 sonas
2102 4542 2452 4604 peccatorum
2484 4528 2703 4584 sumitis
2719 4526 2802 4580 "?
2837 4545 2856 4578 ι
2892 4536 2945 4581 et
2968 4536 3188 4580 caetera.
3219 4522 3284 4578 Et
3310 4523 3392 4578 sic
3428 4521 3483 4575 in

194 4614 294 4718 καὶ
324 4614 592 4718 πολλαχοῦ
638 4619 738 4689 τῆς
780 4620 1003 4691 Γραφῆς
1031 4624 1286 4693 εὑρήσεις
1335 4622 1491 4686 θεοὺς
1516 4626 1645 4689 τούς
1671 4626 1787 4681 δια-

1898 4626 2080 4681 multis
2125 4626 2425 4693 Scriptura:
2468 4622 2600 4677 locis
2647 4621 2893 4675 invenies
2938 4619 3071 4674 deos
3126 4616 3311 4671 vocari
3362 4615 3483 4669 illos

191 4703 466 4772 φέροντας
495 4706 604 4760 τῶν
646 4708 858 4762 πολλῶν
893 4710 1196 4785 ἀνθρώπων
1246 4714 1705 4785 ὀνομαζομένους⁹
1735 4717 1785 4771 oi

1898 4732 2077 4773 )mnes
2114 4715 2209 4784 qui
2251 4714 2319 4769 ab
2349 4712 2473 4768 aliis
2518 4710 2841 4766 hominibus
2898 4707 3329 4776 distinguuntur.
3377 4698 3483 4770 Qui

192 4793 379 4847 τοίνυν
424 4796 517 4849 τοῦ
546 4799 652 4869 Σὴθ
681 4800 939 4869 ἀπόγονοι
962 4803 1073 4856 εἴτε
1110 4804 1177 4857 ἐκ
1221 4802 1315 4857 τοῦ
1333 4804 1538 4871 δΕνὼς,
1568 4806 1626 4870 6;
1653 4808 1787 4871 Θεὸς

1898 4824 2013 4879 ergo
2033 4823 2100 4863 ex
2118 4807 2248 4862 Seth
2269 4805 2376 4861 orti
2403 4811 2533 4860 sunt
2550 4802 2670 4857 sive
2685 4818 2749 4856 ex
2766 4800 2976 4867 Eiioch,
3000 4799 3094 4869 qui
3115 4797 3261 4852 Deus
3274 4795 3483 4866 primus

193 4886 477 4957 ἐπεκλήθη
508 4891 743 4961 πρῶτος,
761 4894 1050 4963 ἐκφύντες,
1077 4895 1190 4948 εἴτε
1211 4896 1399 4960 ἁπλῶς
1420 4897 1496 4962 ὡς
1526 4899 1785 4971 εὐσεϐείᾳ

1898 4907 2141 4959 vocatur,
2176 4894 2289 4950 nati
2325 4895 2456 4961 sint,
2487 4893 2605 4949 sive
2650 4889 3002 4947 solummodo
3030 4888 3234 4957 pietate
3280 4901 3311 4939 a
3356 4884 3482 4938 liliis

191 4976 307 5027 τῶν
338 4977 402 5029 ἐκ
431 4979 523 5032 τοῦ
579 4982 720 5035 Κάϊν
764 4985 1068 5055 τεχθέντων
1096 4986 1469 5059 διαφέροντες,
1515 4990 1620 5043 υἱοὶ
1648 4991 1785 5045 Θεοῦ

1898 4990 2023 5044 Llain
2050 4986 2388 5051 differentes,
2446 4983 2544 5038 ﬁlii
2589 4981 2685 5037 Dei
2730 4980 3105 5042 vocabantur,
3144 4988 3198 5031 et
3241 4992 3352 5032 non
3380 4976 3483 5030 mi-

190 5065 508 5135 ἐκαλοῦντο,
533 5072 628 5124 καὶ
650 5072 752 5125 οὐκ
780 5074 1075 5145 ἐμίγνυντο
1091 5079 1204 5140 τοῖς
1227 5078 1291 5131 ἐκ
1305 5077 1402 5131 τοῦ
1424 5079 1564 5133 Κάῖν
1584 5080 1672 5133 διὰ
1694 5081 1793 5152 τὴν

1898 5081 2188 5137 scebantur
2233 5094 2358 5134 cum
2424 5077 2531 5133 illis
2583 5076 2677 5146 qui
2744 5091 2813 5129 ex
2857 5072 2992 5127 Cain
3058 5070 3480 5132 descendebant,

190 5158 579 5229 ἐπενεχθεῖσαν
605 5165 757 5236 αὐτῷ
806 5169 960 5239 παρὰ
999 5169 1093 5222 τοῦ
1128 5169 1265 5223 Θεοῦ
1288 5170 1402 5225 τῶν
1430 5171 1567 5225 ὅλων
1620 5173 1786 5243 ἀράν

1898 5180 2112 5242 propter
2144 5169 2580 5226 maledictionem
2632 5174 2824 5222 contra
2856 5166 3012 5219 illum
3045 5179 3078 5218 a
3110 5163 3217 5217 Deo
3251 5163 3475 5216 illatam.

163 5251 373 5339 ’χρόνῳ
397 5253 455 5305 δέ
487 5253 713 5326 ὕστερον
768 5260 995 5323 εὐειδεῖς
1060 5261 1390 5333 θεασάμενοι
1443 5265 1542 5327 τὰς
1587 5264 1653 5317 ἐκ
1682 5265 1786 5335 τῆς

1898 5258 2177 5329 Temporis
2208 5268 2392 5313 autem
2436 5257 2707 5321 decursu,
2763 5255 3017 5325 pulchras
3060 5254 3303 5308 videntes
3342 5250 3481 5304 tilias

188 5340 291 5395 τοῦ
316 5344 457 5396 Κὰῖν
482 5348 801 5415 συγγενείας
829 5349 1157 5421 θυγατέρας,
1182 5354 1274 5407 καὶ
1296 5352 1779 5423 καταθελχθέντες,

1898 5352 2020 5407 Cain
2044 5363 2100 5407 et
2125 5350 2314 5405 multis
2340 5349 2570 5405 musicis
2597 5348 2981 5405 instrumentis
3006 5346 3076 5401 ab
3103 5346 3213 5399 illis
3245 5342 3477 5397 inventis

188 5433 273 5497 ὡς
323 5435 492 5503 είκδς,
533 5441 646 5503 τοῖς
704 5441 845 5511 παρ’
894 5442 1075 5497 αὐτῶν
1127 5446 1458 5515 ἐπινοηθεῖσι
1501 5448 1782 5515 μουσικοῖς

1898 5444 2112 5513 ieliniti,
2145 5444 2303 5499 Jobal
2340 5444 2485 5499 enim
2533 5458 2596 5496 ex
2635 5443 2741 5497 illis
2772 5450 2928 5497 ortus
2974 5438 3287 5508 psalterium
3315 5442 3371 5488 et
3398 5433 3477 5487 ci-

266 5551 289 5583 ⁸
324 5552 463 5607 Gen.
488 5569 573 5621 ut,
619 5555 705 5609 19.
795 5558 837 5588 ¹⁹
866 5558 1001 5613 ibid.
1038 5560 1127 5615 il.
1219 5562 1264 5594 ³⁸
1303 5561 1504 5616 Cenes.
1535 5578 1610 5624 tv,
1640 5562 1730 5617 24.

1898 5561 2028 5617 Psal.
2062 5577 2223 5616 Lux]
2244 5602 2260 5628 ,
2312 5560 2367 5617 6.
2444 5561 2489 5593 ²²
2526 5558 2673 5615 Psal.
2701 5573 2792 5624 cx,
2822 5557 2875 5610 1.
2952 5555 2997 5587 ²³
3022 5552 3171 5607 Psal.
3199 5562 3388 5614 um,
3413 5548 3468 5603 2-

270 5760 389 5833 (52)
423 5762 502 5816 Ex
529 5760 875 5821 Tltcodorcto
908 5775 1102 5836 quaest.
1151 5768 1220 5823 47
1258 5769 1313 5824 in
1338 5766 1545 5825 'Gencs.
1590 5786 1646 5841 p.
