3854 6216
475 271 606 336 1067

1565 278 1827 341 ΡΗΟΤΙΙ
1857 280 2361 342 PATRIARCHIE
2390 280 2498 340 CP.

3546 264 3671 338 1068

467 388 680 444 tliaram
712 388 938 458 invenit,
959 398 1015 447 et
1056 398 1385 463 acceperunt
1430 390 1552 449 illas
1594 392 1700 451 sibi
1736 408 1961 459 uxores,
1990 404 2045 450 et

2152 393 2396 465 όργάνοις
2420 394 2471 464 (ό
2505 391 2615 463 γάρ
2657 388 2847 447 mea;
2890 388 2951 453 ἐξ
3005 384 3187 441 αὑτῶν
3234 384 3459 457 ἀνθήσας
3485 386 3674 461 ψαλτή-

469 483 542 536 ita
572 481 792 538 illorum
824 483 1086 540 honestas
1122 494 1381 554 corrupta
1416 485 1541 552 fuit,
1575 496 1632 541 et
1655 501 1685 540 a
1717 485 1825 543 Deo
1855 503 2044 558 poenas

467 574 924 643 transgressionis
952 590 1115 631 causa
1166 574 1469 643 dederunt,
1516 578 1872 647 perditionem
1905 589 2046 635 tota-

470 660 576 713 lem
605 660 970 719 invenientes.
1002 664 1137 719 Illud
1167 674 1349 720 autem
1387 665 1616 721 omnino
1650 667 2042 725 advertendum

466 758 550 803 est
576 750 809 813 scilicet.
831 767 939 807 non
958 752 1279 823 simpliciter
1305 755 1409 811 illis
1436 756 1684 812 divinum
1712 760 1936 813 verbum
1957 775 2047 815 ex-

468 842 731 909 probrare
760 854 1066 912 peccatum,
1099 846 1192 901 sed
1226 845 1401 902 zelum
1428 856 1485 903 et
1510 848 1760 904 ardorem
1788 849 1840 905 in
1863 859 2046 906 trans-

472 932 799 1002 grediendo:
847 936 951 992 hoc
985 936 1130 992 enim
1179 938 1383 994 iudicat
1427 938 1605 996 illud:
1646 938 1837 997 Omnis
1863 943 1955 1011 qui
1991 942 2047 998 in

476 1026 643 1081 corde
669 1041 771 1082 suo
798 1029 1041 1084 studiose
1076 1029 1281 1100 cogitat
1310 1031 1515 1087 malum
1553 1033 1809 1091 omnibus
1832 1035 2045 1091 diebus;

470 1118 577 1185 Qui
621 1120 767 1175 enim
806 1123 1021 1192 peccati
1058 1124 1346 1179 victoriam
1387 1139 1532 1195 aegre
1564 1124 1785 1190 ferunt,
1828 1136 2049 1197 propter

470 1212 673 1267 mentis
705 1212 1153 1280 imbecillitatem,
1186 1230 1295 1270 non
1328 1226 1512 1271 autem
1550 1231 1617 1272 ex
1644 1217 1850 1271 malitia
1885 1233 2049 1288 supe-

472 1304 601 1370 rati,
631 1314 814 1375 postea
835 1316 1013 1362 autem
1044 1308 1232 1363 dolore
1261 1308 1439 1365 affecti
1467 1316 1521 1365 et
1547 1320 1824 1380 gementes
1849 1309 2050 1365 habent

472 1395 856 1452 rationabilem
905 1396 1091 1468 aliquo
1134 1398 1298 1453 modo
1338 1398 1767 1455 excusationem.
1802 1398 1907 1463 Qui
1950 1414 2049 1453 au-

474 1494 583 1541 tem
602 1487 670 1542 ad
694 1488 969 1543 licentiam
988 1498 1044 1544 et
1065 1490 1333 1545 malitiam
1358 1491 1672 1547 omnimodo
1694 1490 2048 1553 inclinantur,

471 1577 547 1632 ita
578 1588 637 1633 ut
661 1594 876 1651 semper
901 1596 1074 1639 novas
1101 1581 1322 1640 malitia
1342 1582 1495 1640 ideas
1524 1584 1852 1653 excogitent,
1872 1581 2050 1653 qualis

470 1669 649 1725 veniae
669 1670 781 1727 sint
807 1672 991 1743 digni?

615 1873 944 1943 QUESTIO
983 1868 1220 1932 'CCLVI
1272 1876 1465 1951 [σοίεί.
1532 1874 1909 1941 CCLXXVI'I,‘

1018 1964 1183 2021 Taur.
1208 1965 1529 2040 CCLXVII].

473 2051 611 2125 Lege
646 2055 877 2111 nondum
912 2056 1250 2127 promulgata
1301 2074 1419 2129 quin
1452 2058 1606 2129 jubet
1654 2058 1925 2129 honorare,
1954 2069 2053 2129 pa-

541 2137 679 2199 trem
728 2136 777 2180 et
828 2140 1087 2199 matrem,
1147 2129 1408 2199 quomodo
1451 2128 1621 2184 Cham
1672 2138 1731 2182 ut
1782 2128 2054 2197 parricida

535 2196 816 2266 judicatur
841 2197 952 2267 (53)
976 2196 999 2250 ?

2149 501 2263 556 ριον
2306 484 2401 539 καὶ
2445 483 2680 555 κιθάραν
2733 480 3088 548 κατέδειξεν),
3119 478 3454 549 ἐπεμίγησαν
3504 480 3679 547 αὑταῖς

2144 580 2238 632 καὶ
2281 577 2590 648 διέφθειραν
2622 576 2723 647 τὴν
2749 574 2957 629 οίκείαν
2987 572 3284 643 εὐγένειαν,
3327 574 3417 626 καὶ
3442 572 3679 644 θεήλατον

2142 668 2410 740 τιμωρίαν
2441 667 2706 732 ἐδέξαντο,
2724 666 2937 738 καρπὸν
2958 665 3057 735 τῆς
3085 665 3420 734 παρανομίας
3440 664 3535 735 τήν
3562 683 3683 719 παν-

2142 760 2409 833 ωλεθρίαν
2475 759 2765 829 εὑράμενοι
2787 773 2803 788 ο
2861 759 3041 812 ἐκεῖνο
3114 755 3296 825 μέντοι
3366 756 3682 826 ἐπισημήνα-

2144 852 2271 907 σθαι
2323 851 2454 924 χρὴ,
2488 852 2564 917 ὡς
2609 853 2706 922 οὐχ
2766 850 2950 913 ἁπλῶς
2993 848 3176 904 αὐτῶν
3204 848 3473 919 ἁμαρτίαν
3497 848 3525 899 ό
3557 849 3687 913 θεῖος

2143 943 2302 1013 λόγος
2317 945 2639 1016 κατηγορεῖ,
2660 943 2797 997 ἀλλὰ
2819 941 2918 1014 τὴν
2951 939 3069 1013 μετ’
3090 939 3404 1013 ἐπιμελείας
3426 939 3517 992 καὶ
3533 956 3685 992 omo.

2143 1034 2242 1105 δῆς
2279 1035 2646 1107 παρανομίανο
2676 1034 2835 1089 τοῦτο
2857 1032 2968 1105 γὰρ
2997 1032 3148 1103 δηλοῖ
3183 1031 3264 1095 τὺ,
3323 1033 3435 1095 Πᾶς
3478 1048 3558 1094 τις
3584 1032 3692 1086 δια-

2143 1128 2347 1182 νοεῖται
2370 1129 2428 1182 ἐν
2455 1130 2522 1200 τῇ
2554 1127 2753 1198 καρδίᾳ
2778 1125 2943 1181 αὑτοῦ
2988 1123 3263 1194 ἐπιμελῶς
3287 1124 3379 1178 ἐπὶ
3406 1124 3472 1177 τά
3498 1124 3692 1195 πονηρά

2146 1218 2328 1283 πάσας
2356 1219 2456 1284 τὰς
2486 1220 2721 1291 ἡμέρας·
2752 1220 2802 1272 oi
2853 1219 2951 1290 μὲν
3000 1218 3110 1290 γάρ
3138 1216 3574 1287 δυσχεραίνοντες
3606 1217 3696 1285 τῆς

2146 1308 2421 1380 ἁμαρτίας
2448 1308 2546 1381 τὴν
2575 1308 2899 1381 ὑπερϐολὴν,
2930 1308 3234 1380 ἡττώμενοι
3264 1308 3323 1362 δέ
3350 1308 3439 1361 διὰ
3494 1308 3589 1377 τὴν
3611 1308 3695 1361 τοῦ

2147 1399 2239 1454 νοῦ
2284 1399 2577 1471 ρᾳθυμίαν,
2608 1400 2669 1453 οὑ
2713 1399 2994 1470 πονηρίαν,
3030 1395 3150 1452 εἷτα
3172 1397 3401 1468 ὕστερον
3430 1396 3702 1466 ἀλγοῦντες

2147 1494 2245 1547 καὶ
2272 1491 2548 1555 στένοντες
2577 1490 2759 1562 ἔχουσί
2801 1507 2923 1544 τινα
2949 1490 3175 1562 μετρίαν
3220 1489 3483 1561 ἀμηγέπη
3519 1490 3703 1560 παραί-

2146 1598 2326 1653 τησιψ
2350 1582 2400 1635 οί
2429 1581 2486 1635 δέ
2512 1582 2594 1645 είς
2619 1580 2915 1635 ἀκολασίαν
2938 1581 3032 1636 καὶ
3066 1580 3339 1652 πονηρίαν
3379 1581 3708 1635 παντάπασιν

2149 1675 2561 1738 ἀποκλίναντας,
2597 1671 2740 1727 ὥστε
2769 1674 2865 1727 καὶ
2886 1675 3271 1746 προσεπινοείν
3313 1673 3581 1745 νεωτέρας
3620 1692 3708 1727 κα-

2079 1774 2125 1831 B
2151 1767 2277 1832 κίας
2308 1767 2473 1836 ιδίας,
2511 1766 2675 1832 ποίας
2704 1767 2844 1832 ἄξιοι
2875 1764 3208 1837 συγγνώμης
3237 1783 3255 1835 ;

2641 1877 2976 1933 sparum
3008 1875 3194 1947 zuq'.

2155 2056 2268 2111 Τοῦ
2306 2055 2499 2124 νόμου
2529 2123 2533 2124 ν
2548 2046 3035 2124 μήπωτεθέντος
3093 2052 3163 2124 ὃς
3196 2051 3533 2124 διαγορεύει
3555 2052 3719 2123 τιμᾷν

2218 2125 2331 2180 τὸν
2379 2122 2629 2196 ’πατέρα
2660 2124 2762 2196 καὶ
2816 2122 2933 2191 τὴν
2980 2123 3235 2193 μητέρα,
3280 2122 3415 2192 πῶς
3447 2127 3481 2179 ό
3502 2122 3625 2196 χάμ
3649 2126 3720 2190 ὡς

2219 2195 2585 2263 πατραλοίας
2608 2195 2898 2263 κρίνει-αις

840 2309 987 2363 Edita
1009 2326 1037 2362 a
1071 2311 1199 2363 Maio
1229 2312 1289 2377 (l.
1314 2324 1359 2363 ο.
1385 2325 1438 2377 p.
1462 2311 1575 2374 125,
1602 2311 1712 2372 124,
1734 2325 1783 2376 q.
1807 2311 1942 2375 355).
1966 2337 2029 2349 -

2169 2308 2318 2361 Citam
2338 2306 2587 2371 parricidii
2608 2306 3001 2371 reusjudicatus.
3034 2308 3158 2358 Gen.
3188 2323 3267 2371 .x,
3288 2308 3370 2359 28.

543 2389 877 2448 Naturaliter
912 2393 967 2448 in
1012 2393 1179 2449 corde
1218 2393 1559 2451 necessarias
1599 2394 1745 2461 leges
1775 2392 2053 2463 inscripsit

478 2483 641 2539 Deus.
680 2483 772 2539 Sic
822 2483 957 2539 Cain
1002 2485 1405 2543 condemnavit.
1462 2487 1593 2557 quia
1649 2485 1804 2542 illum
1858 2494 2052 2540 natura

474 2577 713 2633 erudivit
766 2578 912 2647 quod
965 2576 1322 2633 homicidium
1368 2589 1452 2634 est
1495 2578 1759 2645 vetitum,
1812 2585 2053 2633 attamen

473 2669 601 2724 dolo
632 2678 791 2724 utens
819 2678 878 2724 ut
920 2669 1239 2738 adjumeuto
1268 2670 1429 2742 longe
1459 2686 1491 2726 a
1532 2672 1849 2742 parentibus
1883 2672 2057 2727 abdu-

471 2773 607 2815 cens
634 2757 857 2813 fratrem
891 2758 1184 2823 interfecit,
1217 2767 1274 2815 et
1316 2759 1426 2815 Deo
1468 2760 1857 2831 interrogante,
1894 2779 1914 2813 ι
1944 2758 2047 2817 Ubi

473 2857 560 2905 est
577 2848 709 2913 Abel
739 2847 907 2903 frater
931 2858 1057 2904 tuus
1074 2848 1141 2914 ",
1179 2868 1199 2903 ι
1239 2850 1381 2907 scire
1408 2858 1588 2923 negat,
1614 2850 1893 2907 evidenter
1921 2850 2051 2921 quia

475 2938 681 2995 sciebat
713 2940 918 2994 malum
948 2955 1070 2995 esse
1100 2942 1246 3011 quod
1278 2949 1608 3012 patraverat,
1638 2941 1924 2998 convictus
1953 2958 2054 2996 au-

477 3042 585 3087 tem
614 3046 644 3085 a
670 3030 820 3102 justo
843 3029 1035 3087 Judice
1057 3031 1348 3090 confeSsus
1379 3041 1463 3089 est
1507 3034 1687 3104 majus
1717 3050 1878 3090 suum
1923 3049 2049 3091 esse

2217 2392 2297 2462 Τῇ
2350 2389 2511 2459 φύσει
2557 2390 2684 2453 τοὺς
2734 2390 3063 2458 ἀναγκαίως
3113 2390 3324 2462 νόμους
3380 2390 3730 2445 ἐντὲθεικενό

2147 2481 2300 2546 Θεός’
2331 2481 2475 2536 οὕτω
2527 2482 2619 2536 τὸν
2645 2481 2785 2535 Κάῖν
2823 2480 3165 2552 κατέκρινεν,
3220 2481 3529 2552 ἐπειδήπερ
3578 2479 3727 2533 αὑτὸν

2145 2575 2181 2646 ή
2211 2572 2373 2644 φύσις
2418 2572 2696 2627 ἐδίδασκεν
2736 2572 2815 2637 ὡς
2859 2573 2890 2627 ό
2935 2573 3096 2643 φόνος
3146 2574 3503 2644 παράνομον⁸
3548 2570 3733 2627 αὐτίκα

2149 2670 2281 2737 γοῦν
2311 2668 2448 2739 δόλῳ
2478 2669 2825 2740 χρησάμενος
2863 2667 3132 2739 συνεργῷ,
3165 2668 3371 2740 πόρρω
3401 2667 3515 2721 τῶν
3561 2680 3733 2735 γεγεν-

2149 2761 2395 2833 νηκότων
2444 2760 2677 2829 ἀπάγων
2711 2760 2888 2815 ἀνεῖλε
2919 2760 3010 2813 τὸν
3041 2759 3306 2828 ἀδελφὺν,
3349 2760 3451 2813 καὶ
3482 2758 3579 2812 τοῦ
3608 2756 3737 2810 Θεοῦ

2151 2851 2577 2923 πυνθανομένου,
2616 2870 2635 2903 ι
2662 2850 2773 2905 Ποῦ
2800 2849 2966 2904 ’Δϐελ
2985 2852 3013 2905 ὁ
3041 2851 3283 2922 ἀδελφός
3316 2869 3438 2915 σου,
3465 2869 3485 2901 ι
3514 2848 3737 2920 ἠρνήθη,

2148 2943 2392 3016 δηλονότι
2427 2942 2505 3007 ώς
2548 2942 2912 3013 ἐπιστάμενος
2937 2942 3106 2997 κακὸν
3142 2942 3299 2997 εἶναι
3332 2943 3397 2996 τὸ
3440 2940 3705 3011 τολμηθὲν
3726 2954 3741 2968 ·

2151 3034 2428 3107 ἐλεγχθεὶς
2477 3034 2535 3089 δὲ
2593 3034 2699 3089 ὑπὸ
2726 3032 2821 3088 τοῦ
2859 3034 3068 3089 δικαίου
3120 3035 3369 3106 Κριτοῦ,
3400 3033 3745 3105 ὡμολόγησεν

474 3133 757 3192 peccatum
782 3136 946 3193 quam
993 3132 1053 3179 ut
1080 3124 1294 3180 veniam
1335 3135 1658 3182 mereretur.
1696 3144 1718 3178 ι
1752 3125 1926 3196 Major
1968 3135 2051 3182 est

2152 3129 2294 3199 ὑπὲρ
2316 3128 2648 3200 συγγνώμην
2669 3130 3069 3200 ἡμαρτηκέναι⁸
3097 3126 3369 3191 «Μείζων
3385 3126 3501 3197 γὰρ
3519 3127 3555 3196 ἡ
3580 3125 3751 3194 ἁμαρ-

473 3212 619 3267 enim
647 3212 907 3281 iniquitas
948 3228 1065 3269 mea
1112 3229 1277 3284 quam
1325 3224 1382 3270 ut
1413 3216 1628 3271 veniam
1657 3231 1872 3271 merear
1908 3216 1976 3271 ".
2024 3234 2045 3268 ι

2152 3219 2242 3274 τία
2261 3189 2506 3289 ’μουντοῦ
2836 3189 2925 3290 με’
2948 3238 2968 3271 ι
3008 3220 3103 3273 καὶ
3141 3189 3345 3291 μέντοι
3591 3189 3753 3285 ’Ᾰδάμ

475 3302 645 3358 Porro
701 3304 818 3374 ipse
874 3305 1046 3360 Adam
1103 3306 1345 3361 divinam
1395 3306 1742 3378 praesentiam
1808 3308 2052 3363 sentiens

474 3408 596 3447 sese
624 3393 959 3450 abscondere
990 3396 1242 3460 tentavit,
1269 3396 1452 3452 sciens
1481 3405 1629 3452 certe
1658 3396 1807 3467 quod
1842 3395 2050 3451 furtum

475 3486 679 3540 malum
718 3496 824 3541 est.
860 3485 954 3543 Sic
996 3488 1167 3543 Cbam
1201 3488 1480 3561 parricidii
1513 3489 1920 3545 accusationem
1965 3488 2052 3543 in-

473 3578 685 3643 currit,
737 3586 961 3649 propter
1010 3579 1147 3649 legis
1210 3580 1481 3636 naturalis
1531 3581 2047 3651 transgressionem.

475 3666 633 3734 Quod
662 3682 790 3722 vero
815 3669 1088 3725 honorare
1111 3679 1363 3740 parentes
1389 3679 1585 3725 natura
1606 3670 1818 3738 edocet,
1843 3678 2055 3726 testan-

474 3768 566 3814 tur
606 3760 777 3816 Cbam
820 3759 1019 3818 fratres
1061 3761 1155 3832 qui
1204 3777 1330 3818 cum
1389 3762 1561 3817 multo
1605 3763 1813 3833 pudore
1843 3772 2052 3833 patrem

473 3864 825 3923 operuerunt.

594 3966 922 4036 QUESTIO
987 3968 1211 4025 CCLVII
1288 3967 1480 4036 lCoisl.
1540 3967 1885 4027 CCLXXVIII
1910 4010 1927 4036 ,

991 4040 1156 4095 Taur.
1205 4039 1549 4113 CCLXVIII].

478 4128 678 4197 Quare,
711 4129 880 4187 Citam
928 4132 984 4186 in
1013 4142 1287 4203 peccatum
1312 4132 1490 4199 lapso,
1530 4132 1678 4201 ﬁlius
1703 4131 1854 4188 illius
1882 4132 2053 4190 malc—

1065 4204 1281 4257 dicatur
1308 4203 1466 4274 (ὅθί

2146 3312 2248 3383 τῆς
2278 3310 2429 3375 θείας
2458 3311 2783 3381 ἐπιφανείας
2831 3310 3159 3382 αἰσθόμενος
3221 3310 3509 3383 ἐπειράθη
3555 3308 3753 3370 λαθεῖν,

2149 3404 2244 3457 καὶ
2273 3402 2429 3467 εἰδὼς
2450 3402 2618 3476 ὁτιδὴ
2644 3402 2704 3457 τὺ
2744 3403 2999 3458 κλέπτειν
3039 3403 3243 3456 κακόν·
3284 3402 3439 3457 οὕτω
3486 3401 3555 3470 δὴ
3589 3401 3617 3453 ό
3638 3398 3758 3465 Χὰμ

2147 3495 2251 3567 τὴν
2278 3494 2374 3550 τοῦ
2406 3495 2737 3569 πατραλοίου
2784 3494 3126 3569 κατηγορίαν
3180 3494 3422 3562 ἐδέξατο
3460 3493 3541 3557 ὡς
3582 3506 3757 3560 παρα·

2150 3585 2253 3650 ϐὰς
2275 3585 2369 3639 τὸν
2412 3587 2515 3657 τῆς
2558 3585 2774 3657 φύσεως
2805 3585 3002 3657 νόμον
3032 3585 3116 3639 ὅτι
3143 3584 3208 3638 δέ
3244 3586 3351 3639 καὶ
3391 3584 3459 3639 τὸ
3488 3582 3761 3653 γεραίρειν

2150 3678 2281 3741 τοὺς
2308 3678 2757 3749 γεγεννηκόταςή
2789 3678 2952 3749 φύσις
2979 3676 3266 3741 ἐδίδασκε,
3305 3674 3692 3748 μαρτυροῦσιν
3718 3669 3766 3722 οἱ

2148 3768 2248 3822 τοῦ
2274 3769 2405 3840 Χὰμ
2434 3768 2654 3839 ἀδελφοὶ
2684 3769 2736 3823 oi
2770 3768 2911 3840 μετὰ
2943 3766 3148 3837 πολλῆς
3189 3768 3394 3833 αἰδοῦς
3424 3769 3524 3821 τὸν
3557 3765 3767 3833 πατέρα

2151 3861 2624 3933 συγκαλύψαντες.

2670 3978 3007 4037 ΕΡΩΤΗΣῘΣ
3052 3977 3144 4031 ΣΝ
3148 3979 3228 4033 Z'.

2166 4140 2230 4195 Τί
2260 4138 2486 4207 δήποτε
2538 4138 2647 4193 τοῦ
2692 4139 2823 4208 Χὰμ
2844 4137 3244 4274 ’ἐαῖὦαῖικότοα
3298 4135 3337 4189 ὀ
3367 4133 3623 4189 ἐκείνου
3646 4104 3782 4192 πάἷς

2824 4226 2900 4274 ἸιΡ
3029 4223 3051 4272 ἰ

2824 4223 3015 4277 ἰιοιιυη
3029 4223 3051 4272 ἰ

1031 4316 1173 4368 Edita
1209 4331 1235 4367 a
1270 4316 1398 4368 Maio
1426 4319 1483 4380 (l.
1503 4331 1549 4369 ε.
1576 4332 1628 4381 p.
1662 4318 1771 4383 124,
1804 4333 1856 4384 q.
1882 4321 2014 4385 256).
2043 4348 2106 4359 --
2126 4324 2203 4376 De
2233 4326 2336 4375 mio
2356 4324 2551 4377 Chaami
2584 4321 2862 4387 peccatoris
2898 4317 3174 4371 maledicto

546 4401 750 4459 Omnes
787 4418 917 4470 una,
961 4404 1115 4459 linito
1147 4404 1379 4472 diluvio,
1411 4405 1611 4462 divinae
1656 4406 2051 4465 benedictionis

2228 4414 2397 4483 Κοινῇ
2427 4415 2628 4477 πάντες
2659 4410 2800 4481 μετὰ
2828 4407 2927 4479 τὴν
2951 4407 3047 4462 τοῦ
3071 4402 3511 4477 κατακλυσμοῦ
3554 4401 3785 4462 παῦλαν,

478 4492 701 4550 fuerunt
724 4495 1037 4566 participes.
1074 4494 1285 4551 Timuit
1319 4512 1450 4568 ergo
1480 4496 1593 4553 Noe
1619 4499 2055 4556 maledictionem

478 4586 738 4643 inducere
762 4588 817 4642 in
844 4588 1080 4659 aliquem
1105 4592 1199 4659 qui
1227 4590 1426 4645 divinae
1452 4590 1845 4648 benedictionis
1876 4592 2060 4649 fuerat

476 4680 750 4751 particeps
800 4696 815 4734 :
856 4682 1015 4752 cujus
1051 4695 1219 4739 causa
1262 4684 1403 4739 hanc
1434 4683 1546 4740 filio
1592 4683 1741 4741 illius
1784 4684 2055 4757 deposuit,

478 4780 532 4825 et
564 4772 679 4827 haec
700 4773 911 4843 punitio
935 4774 1085 4843 justa
1111 4786 1217 4832 est.
1250 4774 1390 4843 Quia
1416 4778 1561 4833 enim
1584 4793 1709 4833 cum
1737 4789 1881 4834 esset
1911 4779 2056 4836 ﬁlius

482 4874 690 4933 patrem
717 4865 965 4933 offendit,
997 4882 1096 4937 per
1114 4868 1551 4925 maledictionem
1582 4868 1676 4923 lilii
1709 4870 2048 4940 punitionem

480 4956 706 5023 accepit.
756 4957 836 5011 Ad
865 4958 970 5013 hoc
995 4968 1174 5012 autem
1205 4968 1258 5014 et
1306 4958 1439 5014 illud
1489 4960 1945 5017 considerandum
1975 4970 2060 5017 est

477 5046 645 5115 quod,
665 5047 709 5102 si
728 5048 844 5119 ipse
861 5048 1033 5105 Cham
1057 5066 1144 5107 ma
1158 5051 1501 5107 ledietionem
1523 5054 1839 5124 accepisset,
1854 5055 1907 5109 in
1924 5068 2059 5109 om-

478 5153 602 5193 nem
632 5154 787 5195 suam
821 5144 1132 5213 progeniem
1162 5159 1323 5215 paena
1355 5144 1762 5201 extenderetur.
1800 5144 1971 5200 Porro
1991 5162 2057 5201 ex

477 5231 573 5286 illo
601 5234 707 5287 orti
744 5243 874 5290 sunt
898 5234 1181 5308 Ethiopes
1206 5249 1261 5293 et
1293 5236 1531 5308 Egyptii
1561 5247 1616 5293 et
1648 5237 1815 5309 Libya
1847 5246 1955 5293 tota
2003 5249 2059 5293 et

478 5321 759 5380 Pbtruicia
770 5324 1140 5384 etPaltestina.
1158 5327 1236 5384 Ne
1248 5338 1428 5384 autem
1442 5344 1605 5384 omne
1618 5343 1789 5398 genus
1803 5342 1960 5397 paena
1973 5337 2055 5384 at-

551 5456 596 5487 ’⁸
621 5456 819 5515 Geues.
851 5474 925 5527 Iv,
947 5460 1003 5517 9.
1081 5461 1127 5493 “
1154 5460 1267 5516 ibid
1328 5460 1415 5515 i5.

2154 4504 2254 4575 τῆς
2286 4504 2438 4568 θείας
2473 4502 2767 4575 μετέλαχον
2790 4499 3060 4569 εὐλογίας·
3096 4499 3411 4571 τολμηρὸν
3455 4498 3649 4552 τοίνυν
3689 4496 3764 4547 ὑπ

2153 4594 2346 4650 ἐλαόεν
2373 4598 2403 4650 ὁ
2442 4596 2566 4650 Νῶε
2612 4596 2841 4664 ἐπάγειν
2866 4592 3006 4665 ἀρὰν
3058 4591 3141 4664 τῷ
3188 4593 3303 4663 τῆς
3336 4592 3507 4653 θείας
3539 4588 3790 4655 εὐλογίας

2156 4689 2518 4760 μετειληχότι’
2569 4687 2762 4741 τούτου
2816 4686 2977 4757 χάριν
3004 4683 3083 4755 τῷ
3115 4684 3363 4738 ἐκείνου
3397 4684 3568 4737 παιδὶ
3593 4681 3795 4747 ταύτην

2153 4780 2500 4852 περιέθηκεν·
2529 4778 2643 4851 ἔχει
2693 4780 2750 4834 δὲ
2788 4780 2822 4851 ή
2870 4776 3111 4849 τιμωρία
3166 4776 3240 4829 τὸ
3310 4776 3569 4830 δίκαιον·
3610 4770 3792 4835 ἐπειδὴ

2157 4877 2269 4945 γάρ
2303 4873 2419 4938 υίὸς
2447 4872 2525 4927 ὣν
2567 4872 2873 4943 ἐξήμαρτεν
2925 4872 3005 4932 είς
3044 4868 3311 4939 πατέρα.
3380 4869 3481 4923 διὰ
3540 4867 3651 4936 τῆς
3707 4859 3795 4914 τοῦ

2156 4966 2345 5029 παιδὸς
2374 4966 2514 5037 ἀρᾶς
2547 4965 2761 5034 δέχεται
2787 4962 3075 5032 τιμωρίαν·
3124 4960 3288 5031 πρὸς
3322 4960 3389 5013 δὲ
3422 4959 3641 5029 τούτῳ,
3675 4969 3800 5007 σκο-

2156 5058 2356 5128 πητέον
2375 5058 2612 5110 κάκεῖνο·
2642 5058 2717 5120 ὠς
2748 5058 2797 5108 εἰ
2828 5054 2986 5116 αὐτὸς
3004 5054 3031 5106 ὁ
3055 5052 3200 5122 Χὰμ
3231 5053 3484 5119 ἐδέξατο
3510 5052 3619 5124 τὴν
3642 5046 3800 5118 ἀρὰν,

2155 5149 2235 5210 εἰς
2263 5147 2383 5201 ὅλον
2412 5147 2480 5201 ἂν
2505 5147 2656 5217 διέϐη
2679 5146 2741 5200 τὸ
2778 5146 2930 5215 γένος
2957 5146 2990 5216 ή
3036 5144 3334 5214 τιμωρίαο
3392 5147 3466 5199 ἐκ
3499 5144 3562 5197 δέ
3610 5140 3802 5193 τούτου

2152 5238 2495 5310 ἐσλάστησαν
2523 5240 2777 5302 Δίθίοπες
2815 5240 2911 5293 καὶ
2968 5235 3291 5306 Αἰγύπτιοι
3336 5239 3447 5292 καὶ
3482 5234 3673 5303 Λιϐύη
3706 5229 3808 5283 πᾶν

2163 5344 2233 5382 σα
2258 5331 2354 5385 καὶ
2381 5330 2600 5401 Φοινίκη
2631 5330 2724 5383 καὶ
2751 5328 3107 5397 Παλαιστίνηο
3158 5327 3263 5387 ἴνα
3299 5329 3507 5383 τοίνυν
3544 5325 3628 5397 μὴ
3661 5324 3807 5378 ἅπαν

2001 5574 2233 5636 NOTAE.

554 5690 664 5760 (53)
703 5690 775 5744 Et
800 5689 1148 5748 'l‘beodoreto
1173 5708 1228 5763 q.
1257 5692 1322 5747 57
1352 5692 1403 5747 iu
1433 5693 1631 5749 Geucs.
1661 5708 1712 5762 p.
1748 5691 1865 5749 159.

2226 5693 2336 5763 (ει)
2379 5692 2452 5747 Ex
2490 5690 2837 5749 Theouoreto
2864 5703 2920 5761 q.
2954 5688 3021 5744 58
3061 5686 3120 5740 iu
3152 5685 3385 5746 Genes.
3410 5705 3472 5761 p.
3507 5690 3649 5745 162.
