3876 6216
214 227 337 294 1869

948 228 1046 287 ΑΙ)
1084 224 1676 287 AMPHILOCHIUM
1721 219 2067 294 QUIESTIO
2112 212 2648 278 CCLVI-CCLVIII.

3312 199 3451 267 1070

204 344 261 398 τὸ
310 342 460 412 γένος
494 338 762 413 περιϐάλῃ
800 340 865 410 τῇ
898 338 1163 410 τιμωρίᾳ,
1208 340 1291 403 είς
1347 338 1441 390 τὸν
1490 335 1760 391 νεώτατον

1894 335 2183 403 ingeretur,
2202 329 2256 382 in
2273 326 2545 397 juniorem
2565 323 2733 377 lilium
2755 331 2974 389 pugnam
2992 314 3237 371 immisit.
3263 315 3324 368 Et
3347 315 3395 365 hc
3416 326 3453 367 c

206 435 311 489 υίδν
338 435 434 504 τήν
465 432 736 502 τιμωρίαν
786 430 1118 501 παρέπεμψε
1138 448 1153 462 ·
1208 430 1303 484 καὶ¹
1334 428 1493 483 τοῦτο
1533 428 1591 481 δὲ
1627 426 1765 480 εἰδέ-

190 544 284 605 ναι
313 523 574 595 προσήκει
617 523 695 586 ὼς
749 522 1056 594 πρόρρησίς
1092 523 1243 575 ἔστιν
1270 520 1371 575 οὐν
1414 520 1525 591 ἀρὰ
1553 518 1660 572 ττοῦ
1689 519 1771 573 δι-

205 617 351 670 καίου
377 617 446 669 τὰ
476 617 717 687 ῥήματα·
758 614 946 686 ἐπειδὴ
979 616 1087 684 γὰρ
1127 614 1360 685 ἧμελλεν
1394 615 1425 667 ὁ
1466 610 1681 683 Ἰσραὴλ
1706 614 1771 666 ὲκ

203 709 289 761 τοῦ
321 707 438 778 Σήμ
470 706 724 774 κατάγων
753 706 815 759 τὸ
840 706 999 775 γένος
1043 705 1144 776 τῆς
1173 703 1541 771 Παλαιστίνης
1569 701 1761 771 κύριος

204 800 428 871 ἔσεσθαι,
485 798 685 869 ταύτην
702 798 759 852 δὲ
787 798 954 853 πάλαι
985 797 1163 868 ᾤκουν
1188 798 1237 850 οί
1283 799 1348 851 ὲκ
1375 793 1477 849 τοῦ
1511 796 1768 865 Χαναάμ,

205 893 281 953 είς
325 890 463 960 ἀρὰν
498 891 825 961 σχηματίζει
871 891 972 961 τὴν
1007 891 1334 962 πρόρρησιν,
1375 887 1769 960 προαγορεύων

209 981 300 1051 μὲν
333 981 401 1034 τὰ
430 981 685 1052 ἐσόμενα,
722 981 1096 1052 δεδιττόμενος
1123 982 1182 1035 δὲ
1208 981 1336 1044 τοὺς
1375 979 1606 1051 ὕστερον
1646 982 1769 1033 ὲσοο

207 1074 393 1145 μένους
428 1074 506 1145 μὴ
536 1074 881 1147 πλημμελεῖν
901 1073 981 1136 είς
1013 1071 1228 1143 γονέας·
1258 1072 1354 1126 καὶ
1391 1071 1551 1126 τοῦτο
1584 1070 1772 1141 σαφῶς

202 1165 342 1233 ἡμᾶς
370 1167 402 1236 ἡ
432 1167 525 1219 τοῦ
550 1165 673 1236 Σήμ
707 1164 928 1234 εὐλογία
961 1164 1226 1218 διδάσκει·
1267 1183 1285 1216 ι
1317 1162 1621 1233 Εὐλογητὸς
1662 1162 1772 1232 γὰρ

201 1254 393 1323 Κύριος
413 1256 441 1309 ὁ
460 1256 595 1319 Θεὸς
616 1255 693 1325 τῷ
723 1255 864 1326 Σήμ·
880 1254 1031 1309 ἔσται
1055 1253 1290 1325 Χαναάμ
1321 1256 1473 1318 παῖς·
1496 1252 1767 1311 πλατῦναι

200 1345 366 1409 sese;
385 1345 464 1417 τῷ
493 1348 693 1415 Ἰάφεθ·
718 1348 814 1400 καὶ
832 1346 1212 1419 κατοικησάτω
1233 1346 1290 1399 ὲν
1311 1348 1423 1410 τοῖς
1447 1345 1772 1416 σκηνώμασι

203 1438 290 1489 τοῦ
311 1439 452 1507 Σήμ·
469 1459 489 1491 ι
526 1438 732 1497 καὶτοῦ
763 1438 942 1507 Ίάφεθ
967 1439 1066 1508 τὴν
1093 1439 1417 1508 πολυγονίαν
1448 1441 1771 1510 προείρηκε,

197 1528 283 1580 τοῦ
302 1527 359 1580 δὲ
380 1527 501 1598 Σήμ
531 1529 631 1597 τὴν
656 1526 956 1580 εὐσέϐειαν·
976 1534 1067 1581 τὸν
1097 1528 1206 1598 γὰρ
1233 1526 1366 1581 Θεὸν
1412 1529 1469 1581 ὲν
1492 1530 1605 1592 τοῖς
1643 1545 1773 1598 σκη-

199 1618 403 1688 νώμασι
432 1619 529 1672 τοῦ
562 1619 685 1689 Σὴμ
717 1622 1069 1690 κατοικήσειν
1122 1619 1445 1691 προείρηκε·
1479 1636 1772 1689 κατῳκησε

1874 426 2016 480 scire
2033 421 2290 478 convenit
2310 434 2417 475 non
2441 430 2563 472 esse
2584 412 3016 469 maledictionem
3035 407 3128 463 sed
3148 403 3454 477 praedictio-

1876 531 2001 572 nem
2045 514 2208 568 verba
2227 510 2385 581 justi.
2408 506 2544 562 Cum
2569 506 2717 561 enim
2741 502 2905 559 Israel
2927 518 2994 557 ex
3013 500 3139 554 Sem
3182 497 3454 551 oriundus

1875 606 2164 662 Palaestina
2184 602 2460 672 petiturus
2480 606 2620 660 erat,
2644 596 2783 650 hanc
2804 603 2985 647 autem
3009 606 3039 646 a
3065 591 3224 659 longe
3248 587 3456 641 habita-

1875 699 2008 755 bant
2033 696 2410 751 liliiChanaau
2443 691 2548 746 sub
2586 688 2765 744 forma
2803 683 3214 754 imprecationis
3256 679 3457 750 praedi-

1878 791 2114 848 ctionem
2158 787 2423 849 declarat,
2452 781 2791 838 annuntians
2817 777 3085 839 futurum,
3124 783 3172 828 et
3200 772 3460 827 timorem

1880 879 2153 935 incutiens
2172 875 2280 929 illis
2303 872 2395 943 qui
2424 881 2611 942 postea
2642 868 2813 925 futuri
2835 875 3016 928 erant,
3041 880 3107 919 ne
3130 865 3183 917 in
3206 872 3466 932 parentes

1877 977 2195 1042 peccarent.
2246 975 2301 1021 et
2356 964 2506 1021 clare
2554 963 2660 1019 hoc
2714 961 2875 1017 docet
2935 957 3062 1013 Sem
3110 954 3460 1011 benedictio:

1884 1084 1903 1145 ι
1938 1062 2266 1119 Benedictus
2299 1058 2567 1114 Dominus
2598 1058 2741 1111 Deus
2776 1053 2905 1109 Sem
2939 1070 2953 1107 :
2987 1050 3095 1107 erit
3134 1050 3308 1105 Gham
3344 1063 3463 1104 ser-

1879 1141 1979 1213 vus
2026 1156 2148 1225 ejus
2165 1156 2231 1208 ⁸⁸.
2280 1151 2475 1207 Dilatet
2515 1149 2659 1206 Deus
2701 1147 2897 1218 Japhet
2932 1153 2988 1201 et
3049 1142 3259 1198 habitet
3288 1141 3341 1195 in
3386 1149 3471 1194 ta-

1879 1248 2193 1306 bernaculis
2233 1247 2416 1302 Scin.»
2478 1241 2675 1319 Japhet
2746 1253 3101 1295 numerosam
3149 1233 3468 1307 progeniem

1879 1341 2251 1413 prophetarit,
2287 1338 2414 1394 Sem
2448 1346 2629 1390 autem
2665 1334 2945 1403 pietatem.
2982 1329 3154 1385 Deum
3201 1334 3383 1381 autem
3413 1323 3468 1377 in

1880 1430 2249 1486 tabernaculis
2283 1428 2409 1483 Sem
2450 1426 2826 1480 habitaturum
2872 1418 3123 1491 pradixit
3156 1435 3169 1471 :
3202 1414 3471 1470 habitavit

1880 1531 2064 1578 autem
2098 1522 2157 1576 in
2194 1518 2518 1591 patriarchis
2549 1532 2614 1573 ex
2664 1515 2790 1571 Sem
2827 1514 2965 1568 ortis
3005 1519 3060 1564 et
3101 1511 3157 1564 in
3192 1505 3474 1579 prophetis

1881 1615 1950 1669 ab
1982 1613 2101 1669 istis
2132 1610 2633 1675 descendentibus;
2661 1617 2716 1663 et
2750 1607 2986 1676 primum
3009 1602 3112 1659 sub
3138 1598 3387 1656 tentoriis
3420 1605 3476 1650 et

196 1710 249 1763 δὲ
271 1712 327 1762 ἐν
355 1711 466 1774 τοῖς
487 1709 581 1763 τοῦ
604 1710 726 1782 Σὴμ
743 1709 1112 1782 πατριάρχαις
1133 1690 1228 1763 καὶ
1256 1710 1315 1764 ἐν
1339 1712 1452 1773 τοῖς
1481 1710 1546 1762 ἐκ
1574 1707 1778 1762 τούτων

1894 1717 2073 1777 postea
2101 1706 2155 1760 in
2183 1704 2512 1761 Jerusalem.
2558 1700 2862 1756 Perfectam
2909 1705 3092 1751 autem
3127 1690 3475 1761 adimpletio-

199 1800 590 1870 βεϐλαστηκόσι
629 1801 961 1873 προφήταις,
981 1801 1077 1855 καὶ
1099 1803 1156 1854 ὲν
1189 1804 1254 1873 τῇ
1286 1804 1459 1872 σκηνῇ
1505 1800 1772 1872 πρότερον

197 1893 285 1945 καὶ
308 1894 365 1945 ἐν
408 1896 522 1957 τοῖς
579 1893 968 1965 Ἱεροσολύμοις
1031 1892 1278 1967 ὕστερον·
1335 1892 1563 1963 ἀκριϐὲς
1597 1892 1655 1944 δὲ
1692 1892 1778 1944 τέ-

195 1983 278 2046 λος
296 1984 533 2055 ἔσχηκεν
564 1987 597 2056 ἡ
633 1985 941 2059 προφητεία
973 1986 1035 2038 τὸ
1065 1986 1166 2055 τῆς
1215 1983 1527 2067 οἱκονρμίας
1573 1986 1780 2054 μυστή-

198 2089 330 2144 ριον·
366 2076 459 2128 ὅτε
508 2075 671 2140 αὐτὸς
704 2076 834 2141 Θεὸς
885 2075 1057 2144 Λόγος
1101 2072 1489 2146 ὲνηνθρώπησε
1538 2073 1632 2126 καὶ
1658 2072 1785 2126 ναὸν

198 2167 385 2220 ἑαυτοῦ
415 2169 863 2240 προσηγόρευσεν
914 2169 981 2238 ἦν
1012 2170 1076 2221 ὲκ
1125 2168 1440 2239 σπέρματος
1493 2164 1659 2220 Δαϐὶδ
1691 2165 1787 2217 καὶ

209 2258 455 2332 Ἀϐραὰμ
496 2261 656 2315 ἔλαϐε
701 2262 880 2334 σάρκα
909 2277 922 2290 ·
957 2260 1023 2314 ὲκ
1054 2259 1148 2313 τοῦ
1176 2261 1297 2331 Σὴμ
1329 2260 1437 2331 γὰρ
1494 2258 1589 2312 καὶ
1641 2248 1789 2311 οὗτοι

1880 1814 2005 1854 nem
2038 1798 2233 1859 habuit
2263 1796 2544 1866 prophetia
2570 1795 2625 1848 in
2657 1791 2897 1864 mystcrii
2926 1786 3284 1857 dispositione
3309 1783 3477 1837 mira-

1883 1890 2004 1954 bili,
2033 1905 2159 1945 cum
2192 1890 2309 1959 ipse
2336 1887 2479 1943 Deus
2503 1885 2740 1942 Verbum
2774 1884 3119 1938 incarnatum
3145 1887 3229 1934 est
3253 1885 3308 1931 et
3337 1886 3476 1931 tem-

1888 1983 2040 2055 plum
2100 1998 2261 2037 suum
2318 1981 2533 2036 vocavit
2586 1994 2754 2050 quam
2811 1992 2879 2031 ex
2939 1973 3151 2030 semine
3204 1969 3373 2025 David
3425 1976 3480 2022 et

1892 2074 2168 2129 Abraham
2220 2078 2596 2141 assumpserat
2638 2081 2881 2123 carnem.
2928 2062 3006 2117 Ex
3056 2060 3183 2115 Sent
3233 2058 3379 2113 enim
3428 2063 3482 2109 et

1896 2167 2000 2238 ipsi
2039 2166 2309 2237 originem
2347 2166 2642 2220 ducebant.
2691 2161 2952 2217 Chanaan
3014 2164 3200 2211 autem
3246 2150 3483 2208 servitus

1900 2258 1956 2313 iu
1985 2258 2306 2314 Gabaonitis
2352 2254 2795 2326 adimpletionem
2835 2246 3095 2307 obtinuit.

200 2355 432 2426 κατῆγον
470 2356 535 2408 τὸ
564 2355 719 2449 γένος
739 2371 756 2388 ·
792 2356 826 2424 ἡ
846 2353 902 2406 δὲ
933 2353 1171 2423 Χαναὰμ
1193 2352 1406 2407 δουλεία
1434 2350 1494 2404 ἐν
1527 2352 1641 2415 τοῖς
1681 2347 2055 2415 Γαϐαωνίταις
2082 2350 2142 2405 τὸ
2182 2350 2336 2413 τέλος
2369 2348 2608 2414 ἐδέξατο.

746 2512 1081 2569 ΕΡΩΤΗΣΙΣ
1111 2514 1288 2568 ΣΝΗ¹.

189 2691 318 2758 Πῶς
411 2693 618 2781 ὅραὰμ
638 2694 855 2781 morde
888 2692 1233 2781 ὀνομρζεταέ
1258 2692 1512 2781 είρηκὼς
1532 2686 1611 2759 τῷ
1639 2689 1784 2775 θεῷ,

258 2783 294 2887 ξι
312 2765 508 2852 ,κατὰ
534 2761 591 2818 τί
617 2765 927 2835 γνώσομαι
980 2763 1161 2818 τοῦτο
1191 2763 1285 2817 ὅτι
1340 2761 1786 2831 κληρονομήσω

302 2853 453 2903 υτιιν
498 2851 518 2900 ;
556 2854 577 2887 ι

2031 2488 2360 2561 QUIESTIO
2414 2484 2667 2541 CCLVIII
2736 2480 2929 2554 [CoisL
2988 2471 3338 2536 CCLXXIX,

2449 2580 2617 2636 Taur.
2648 2571 2950 2644 CCLXIX].

1895 2679 2172 2749 Quomodo
2231 2678 2504 2731 Abranam
2557 2671 2708 2749 ﬁdus.
2760 2665 3051 2736 appelletur
3106 2659 3195 2740 qui
3244 2653 3485 2749 dixerit:

1971 2773 1990 2804 ε
2018 2750 2167 2806 Unde
2180 2749 2316 2804 scire
2336 2726 2708 2817 possum'quod
2731 2726 3066 2805 postessurus
3092 2726 3190 2786 sim
3208 2742 3326 2782 eam
3342 2726 3365 2764 9
3389 2744 3407 2775 ι

698 2971 840 3021 Edita
864 2987 891 3021 a
919 2971 1043 3022 Maio
1078 2973 1135 3036 (I.
1160 2986 1202 3021 c-
1229 2985 1278 3034 p.
1314 2970 1423 3030 125,
1447 2985 1496 3033 q.
1525 2969 1661 3031 257).
1697 2994 1747 3004 —
1792 2967 1869 3018 De
1893 2959 2153 3017 Abrahami
2195 2955 2613 3013 interrogatione.
2639 2944 2766 2995 Gen.
2797 2953 2879 2999 xv,
2904 2937 2981 2985 H.

698 3012 840 3021 -..π
864 3012 891 3021 ..
920 3012 1040 3022 ...ην
1079 3012 1135 3036 ν.
1162 3012 1187 3021 ν
1230 3012 1278 3034 ι..
1317 3012 1423 3030 -_-,
1450 3012 1496 3033 Ἰ.
1527 3012 1661 3031 _-.,-

258 3059 351 3124 Τὸ,
387 3077 408 3110 ι
440 3056 617 3112 Κατά
654 3057 708 3111 τί
731 3056 1049 3128 γνώσομαι;
1085 3077 1103 3108 ι
1131 3058 1231 3111 οὐκ
1268 3055 1625 3118 ἀπιστοῦντος
1652 3055 1778 3107 ὲστιε

1976 3046 2091 3102 Hoc
2116 3041 2345 3097 verbum
2365 3012 2507 3090 unde
2532 3031 2675 3087 scire
2693 3038 2917 3097 possum
2949 3036 3057 3074 non
3086 3012 3356 3072 increduli
3380 3020 3488 3075 est,

2397 3126 2425 3128 κ-
2652 3119 2666 3128 .
2917 3115 2952 3128 ,.
3037 3108 3254 3128 MDL“
3327 3105 3456 3128 πη,

189 3154 323 3206 ἀλλὰ
355 3153 565 3224 μαθεῖν
596 3150 885 3214 ποθοῦντος
923 3151 1025 3220 τῆς
1052 3148 1420 3222 κληρονομίας
1442 3149 1535 3202 τὸν
1562 3148 1787 3220 τρόπον·

187 3244 377 3316 ἐπειδὴ
433 3243 561 3315 γὰρ
622 3243 770 3314 ἐώρα
821 3241 1002 3315 πλήθη
1051 3242 1221 3315 μυρία
1276 3243 1378 3314 τὴν
1427 3240 1795 3309 Παλαιστίνην

188 3336 487 3402 οἰκοῦντα,
522 3335 714 3406 μαθεῖν
742 3334 1002 3405 ἠϐούλετο
1039 3334 1148 3387 τίνι
1180 3333 1372 3406 τρόπῳ
1407 3331 1794 3404 παραλήψεται

186 3428 288 3500 τῆς
313 3429 423 3501 γῆς
453 3427 684 3498 ἑκείνης
703 3426 802 3498 τὴν
831 3426 1177 3480 δεσποτείαν·
1206 3427 1360 3497 νόμῳ
1381 3424 1643 3495 πολέμους
1672 3423 1799 3494 δίχα

184 3524 433 3595 πολέμου
475 3536 491 3587 ;
522 3520 744 3584 ζώντων
774 3519 1037 3585 ἐκείνωνς
1080 3519 1530 3589 ἀναιρουμένων;
1566 3518 1794 3583 ἐξελαυ-

188 3617 443 3688 νομένων
480 3631 495 3681 ;
527 3612 719 3667 τούτου
743 3614 906 3683 χάριν
940 3612 1077 3683 μετά
1100 3611 1202 3681 τὴν
1235 3611 1429 3665 θυσίαν
1459 3612 1487 3665 ὁ
1523 3611 1634 3665 τῶν
1658 3612 1798 3665 ὅλων

185 3709 380 3780 ὀφθεὶς
414 3707 587 3772 Θεὸς,
628 3725 647 3758 ι
676 3704 990 3769 Γινώσκων,
1014 3701 1170 3775 φησὶ,
1205 3701 1393 3773 γνώσῃ
1420 3702 1503 3755 ὅτι
1534 3703 1802 3771 πάροικον

188 3801 346 3855 ἔσται
366 3801 433 3855 τὸ
472 3799 694 3869 σπέρμα
715 3814 829 3861 σου,
858 3795 955 3849 καὶ
976 3795 1159 3864 ἑξῆς»
1194 3794 1299 3859 ἕως
1321 3794 1439 3856 τοῦ,
1469 3792 1666 3847 εΟὖπω
1692 3794 1802 3866 γὰρ

192 3892 713 3962 ἀναπεπληρωνται
766 3890 823 3943 αί
878 3887 1145 3958 ἁμαρτίαι
1212 3885 1322 3941 τῶν
1373 3885 1745 3957 Ἀμορραίων.
1776 3905 1796 3938 ι

208 3988 311 4041 Ἐκ
358 3986 472 4056 τῆς
497 3983 651 4045 θείας
682 3980 860 4035 τοίνυν
903 3980 1251 4050 ἀποκρίσεως
1296 3978 1411 4032 ἔστι
1462 3977 1664 4045 γνῶναι
1710 3978 1805 4032 τὸν

187 4078 409 4150 τρόπον
461 4074 566 4145 τῆς
619 4074 963 4144 ἐρωτήσεως·
1002 4070 1191 4140 ἐπειδὴ
1251 4071 1359 4139 γὰρ
1408 4066 1564 4131 εἶπε,
1606 4068 1808 4122 (Κατά

192 4169 250 4222 τί
278 4167 582 4239 γνώσομαι
604 4166 687 4218 ὅτι
722 4163 1121 4235 κληρονομήσω
1149 4162 1320 4232 αὐτήν
1342 4178 1388 4229 ;›
1424 4159 1679 4230 ἐδιδάχθη
1709 4159 1809 4229 μὲν

187 4264 330 4316 ὅσον
390 4259 800 4329 παροικήσουσι
854 4257 1067 4326 χρόνον,
1113 4254 1207 4309 καὶ¹
1252 4255 1403 4317 ὅπως
1457 4252 1811 4323 ταλαιπωρή-

190 4373 426 4419 σουσιν,
491 4354 626 4421 ὅσης
685 4351 742 4403 δὲ
807 4347 1205 4419 ἀξιωθήσονται
1268 4343 1635 4416 προμηθείας·
1702 4342 1811 4396 τῶν

196 4447 307 4517 μὲν
376 4440 824 4511 πολεμησάντων
861 4439 1060 4502 αὐτοὺς
1120 4435 1640 4509 κολασθησομένων,
1696 4434 1807 4487 τῶν

1897 3139 1995 3196 sed
2032 3130 2339 3205 expetentis
2377 3126 2594 3181 discere
2650 3114 2987 3174 haereditatis
3036 3108 3281 3164 modum.
3327 3105 3490 3160 Post-

1898 3245 2066 3304 quam
2103 3196 2269 3282 .enim
2321 3220 2549 3276 vidisset
2607 3210 2828 3286 populis
2879 3207 2949 3262 ab
2994 3196 3493 3260 innumerabilibus

1899 3293 2248 3381 Dalmstinam
2276 3312 2540 3374 habitari,
2571 3308 2788 3363 discere
2815 3299 2991 3356 voluit
3018 3293 3297 3367 quomodo
3331 3298 3496 3344 terra:

1899 3378 2067 3485 hujus
2095 3408 2443 3467 dominatum
2482 3405 2799 3468 occuparet.
2828 3391 2960 3447 Belli
2981 3387 3141 3459 jure?
3172 3385 3292 3441 sine
3317 3378 3496 3435 bello?

1900 3477 2211 3562 viventibus
2233 3496 2377 3553 illis?
2399 3489 2777 3560 interemptis?
2819 3480 3096 3553 expulsis?
3131 3477 3493 3545 Quapropter,

1900 3605 2026 3670 post
2064 3591 2420 3654 sacriﬁcium,
2471 3584 2564 3656 qui
2616 3579 2867 3636 omnium
2926 3588 3109 3629 rerum
3148 3570 3293 3625 Deus
3341 3567 3497 3625 visus

1901 3699 2040 3754 erat,
2086 3686 2490 3743 «Prtenoscens,
2524 3674 2718 3742 inquit,
2750 3680 3049 3737 cognosces
3078 3660 3228 3731 quod
3260 3658 3501 3730 peregri-

1903 3794 2034 3833 num
2065 3775 2311 3829 futurum
2346 3770 2418 3824 sit.
2453 3781 2639 3821 semen
2664 3772 2819 3817 tuum
2845 3759 2910 3823 ’⁷,
2956 3775 2973 3808 ι
3007 3764 3062 3809 et
3100 3761 3296 3806 caetera
3324 3764 3500 3817 usque

1904 3867 2017 3922 ad:
2092 3882 2115 3917 ι
2152 3861 2409 3916 Nondum
2465 3855 2610 3909 enim
2670 3848 2955 3918 completa:
2998 3852 3126 3900 sunt
3181 3840 3501 3909 iniquitates

1907 3957 2374 4015 Amorrhaaorum.
2404 3969 2424 4003 ι
2448 3946 2708 4010 Proinde,
2734 3958 2800 3997 ex
2816 3940 3003 3995 divina
3026 3936 3121 3991 illa
3139 3931 3501 4003 responsione

1906 4047 2164 4119 cognosci
2202 4050 2383 4114 potest
2411 4038 2609 4095 modus
2652 4029 2994 4106 quastionis.
3023 4028 3323 4093 Postquam
3355 4021 3503 4075 enim

1908 4143 2189 4199 dixisset:
2227 4156 2247 4190 ι
2288 4134 2446 4191 Unde
2496 4131 2640 4188 scire
2684 4139 2905 4198 possum
2948 4120 3095 4191 quod
3141 4128 3503 4188 possessurus

1909 4236 2016 4294 sim
2045 4248 2201 4298 eam,
2241 4250 2261 4284 ι
2321 4226 2514 4285 didicit
2569 4230 2705 4295 quot
2760 4219 2985 4290 quidem
3048 4226 3225 4268 annos
3278 4221 3505 4279 peregre

1910 4334 2422 4387 commorarentur,
2474 4319 2883 4389 afﬂigerentur,
2958 4315 3290 4379 quantaeque
3354 4297 3505 4368 digni

1843 4412 1888 4467 Ῑ)
1916 4430 2273 4480 censerentur
2295 4411 2677 4487 providentiae,
2713 4402 2985 4476 quosdam
3014 4398 3235 4469 quidem
3264 4408 3387 4449 cum
3417 4389 3506 4445 bis

196 4486 302 4517 ια’-θ’
385 4486 705 4511 κεν-Ἶ--ι--ν
728 4486 816 4493 -πν
863 4486 924 4491 -ν-
945 4486 1058 4502 "vv
1123 4486 1249 4491 -νν---τ
1268 4486 1280 4489 ν
1302 4486 1316 4490 ν
1336 4486 1499 4509 ἰ-νι--ν
1520 4486 1527 4489 ν
1546 4486 1575 4489 -ν
1597 4486 1605 4489 -
1624 4486 1640 4500 1
1742 4486 1765 4487 η

186 4539 254 4592 δὲ
313 4538 394 4591 τὰ
457 4534 681 4587 ἐκείνων
736 4530 1212 4601 καρπωσομένων·
1294 4530 1388 4582 καὶ
1459 4529 1543 4581 ὅτι
1609 4526 1778 4580 τούτω

1916 4516 2249 4578 bellaturos,
2299 4504 2651 4577 castigandos
2716 4514 2870 4564 esse;
2924 4494 3063 4550 alios
3112 4504 3243 4545 vero
3286 4486 3505 4539 illorum

190 4580 254 4592 ν..
326 4580 394 4591 -..
458 4580 673 4587 -.-νιν
740 4580 1075 4601 --πτηπηιη

188 4630 376 4693 αὐτὸς
436 4626 694 4696 οὐδεμίαν
733 4626 930 4693 πεῖραν
978 4618 1157 4675 λαϐὼν
1199 4622 1257 4672 ὲν
1286 4620 1478 4691 εἰρήνῃ
1519 4619 1778 4673 καταλύσε

1919 4606 2157 4664 fortunis
2189 4603 2484 4658 fruiturus.
2509 4596 2689 4665 Atque
2716 4591 2897 4660 ipsum
2931 4584 3064 4639 nihil
3093 4598 3161 4637 ex
3188 4580 3255 4634 iis
3287 4588 3509 4648 perpes-

2498 4690 2509 4696 -
2748 4683 2794 4696 η-
2839 4691 2849 4696 -
2983 4694 3011 4696 η
3081 4671 3279 4696 ηιλιιει
3339 4668 3504 4696 “unm

189 4725 295 4776 τὸν
332 4722 486 4793 βίον·
524 4714 731 4781 ἐδίδαξε
779 4715 837 4768 δὲ
880 4715 978 4766 καὶ
1031 4716 1130 4782 τῆς
1166 4712 1434 4779 ἀναϐολῆς
1473 4710 1573 4778 τὴν
1614 4710 1818 4763 αἰτίαν·

194 4818 291 4871 ἵνα
322 4815 451 4885 γὰρ
487 4814 562 4883 μή
591 4829 675 4875 τις
704 4808 919 4879 τοπάση
953 4806 1049 4860 καὶ
1081 4804 1167 4858 διὰ
1208 4806 1271 4856 τὸ
1301 4802 1506 4872 πλῆθος
1538 4802 1648 4855 τῶν
1677 4804 1820 4854 ενοι-

194 4906 474 4960 κούντων
506 4904 581 4973 μὴ
614 4900 914 4972 δυνηθῆναι
946 4898 1038 4950 τὸν
1084 4895 1364 4965 Δεσπὸτην
1395 4893 1529 4947 Θεὸν
1582 4894 1683 4963 τῆς
1714 4892 1820 4961 γῆς

188 4996 449 5063 ἐκείνης
465 4990 801 5063 παραδοῦναι
816 4991 916 5060 τὴν
932 4985 1273 5051 δεσποτείαν,
1287 4985 1474 5055 φησὶν,
1488 5004 1505 5036 ι
1520 4984 1643 5037 Ὅτι
1660 4981 1813 5035 οὔπω

189 5090 342 5154 ἀξια
379 5083 769 5152 πανωλεθρίας
788 5082 1115 5153 δεδράκασιν
1143 5078 1583 5148 οἱἈμορῤαῖοι·ι
1616 5076 1677 5128 οὐ
1706 5074 1813 5146 χρὴ

1917 4717 2065 4765 sum,
2125 4699 2178 4751 in
2234 4709 2368 4765 pace
2424 4690 2662 4746 animam
2712 4683 3043 4739 eﬂlaturum.
3081 4671 3282 4729 Didicit
3336 4668 3506 4723 etiam

1917 4794 2082 4863 hujus
2107 4785 2392 4845 dilationis
2414 4795 2660 4841 causam,
2684 4792 2753 4830 ne
2770 4774 2893 4844 quis
2917 4767 3262 4837 conspiceret
3285 4768 3509 4830 propter

1921 4850 2330 4938 multitudinem
2380 4870 2688 4927 incolarum
2739 4878 2852 4918 non
2902 4857 3151 4930 potuisse
3216 4850 3509 4907 Dominum

1924 4979 2094 5031 Deum
2172 4970 2340 5039 hujus
2395 4976 2556 5021 terra:
2623 4957 2839 5013 tradere
2890 4950 3270 5007 dominatum,
3322 4940 3508 4996 dixit:

1925 5090 1944 5121 ι
1982 5068 2123 5135 Quia
2156 5032 2401 5120 nondum
2433 5055 2590 5113 exitii
2625 5052 2788 5121 digna
2819 5045 3082 5101 fecissent
3114 5032 3445 5094 Amorrhazi.
3487 5050 3505 5081 ι

188 5125 321 5250 ἷάρ
377 5174 499 5246 πρὸ
531 5125 960 5245 τῆςγὰμαρτίας
1009 5173 1074 5225 ὲκ
1132 5125 1497 5242 προγνώσεως

1918 5161 2038 5216 Νοη
2065 5158 2209 5213 enim
2231 5160 2448 5224 oportet
2472 5144 2689 5202 venturi
2721 5138 2948 5197 sceleris
2994 5150 3060 5190 ex
3083 5125 3515 5202 praesumptione

2647 5238 2660 5250 ‘
2840 5245 2850 5250 -
3028 5242 3082 5250 ..Α
3148 5221 3221 5250 ηιξ
3288 5222 3468 5250 οραρηι

190 5270 310 5341 τὴν
350 5266 660 5335 τιμωρίαν·
691 5267 773 5318 ὅτι
813 5264 872 5316 δὲ
906 5260 1053 5335 εἶχον
1091 5264 1213 5317 κατ’
1240 5264 1419 5316 ὲκεῖνο
1440 5258 1633 5331 καιροῦ
1662 5261 1818 5312 εὐσε-

193 5362 358 5425 ϐεῖς,
416 5356 579 5427 δῆλον
614 5356 678 5409 ἐκ
725 5373 785 5408 τε
837 5354 932 5408 τοῦ
980 5355 1270 5425 Ἀϐιμέλεχ
1314 5353 1407 5405 καὶ
1448 5353 1513 5404 ἐκ
1547 5351 1657 5405 τῶν
1715 5351 1821 5424 τὴν
1923 5351 2141 5400 constat
2165 5357 2231 5397 ex

290 5501 345 5531 ³⁸
403 5496 609 5550 Cenes.
664 5510 740 5557 Ix.
781 5492 871 5547 26.
948 5494 993 5523 ³⁷
1050 5492 1247 5547 Cenes.
1289 5505 1377 5553 xv,
1416 5489 1537 5542 15.‘

287 5734 434 5807 (55)
466 5731 560 5788 Est
594 5726 923 5786 Theodoreti
949 5743 1002 5797 q.
1035 5726 1104 5780 65
1133 5725 1189 5780 iu
1218 5723 1418 5779 Geues.
1448 5721 1569 5777 1'71.

1923 5251 2059 5310 solvi
2110 5221 2341 5320 poenas;
2409 5252 2463 5298 et
2516 5238 2664 5312 quod
2715 5250 2782 5290 eo
2839 5242 3086 5305 tempore
3148 5221 3226 5293 pii
3287 5222 3510 5274 essent,

2279 5309 2594 5395 Abimeleeh
2625 5340 2790 5402 atque
2820 5343 2851 5383 c
2878 5323 3105 5381 Chebree
3151 5309 3344 5370 incolis
3372 5315 3514 5373 quos
