3854 6216
376 226 506 290 1071

1504 224 1767 285 PlIOTlI
1809 223 2315 284 PATRIARCH/E
2339 225 2429 285 ΟΡ

3488 224 3613 288 1072

369 347 563 402 audire
608 346 881 415 potuisses
915 342 1243 407 patriarchae
1279 341 1565 398 dicentes:
1608 360 1627 393 ι
1658 340 1772 395 Rex
1801 354 1860 395 es
1900 349 1960 395 tu

2072 340 2293 413 Κεδρὼν
2338 341 2652 395 οἰκούντων·
2690 334 2767 395 ὧν
2818 339 2934 393 ἐστι
2981 341 3117 410 πρὸς
3168 339 3267 394 τὸν
3293 342 3617 414 πατριάρχην

372 455 402 493 a
434 439 545 494 Deo
576 439 781 493 missus
831 436 1027 501 nobis;
1095 435 1150 490 iu
1192 434 1385 490 electis
1438 434 1706 505 sepulcris
1754 431 1961 487 nostris

371 532 536 602 sepeli
564 545 768 599 corpus
806 536 981 583 tuum.
1007 547 1027 578 ι

576 730 909 799 υωΕεΤιο
943 730 1147 787 CCLIX
1181 729 1369 803 [CoisL
1408 726 1739 798 CGLXXX].

371 825 543 891 Quam
619 827 683 879 ab
742 841 962 879 causam
1032 823 1284 878 eluctata:
1360 821 1614 876 adversus
1694 822 1957 881 Jacobum

969 894 1187 962 angelus
1218 893 1352 963 (56).
1446 909 1459 927 θ

2052 435 2286 489 ἀκοῦσαι
2331 435 2621 503 λεγόντων·
2650 452 2669 485 ι
2704 433 2971 495 Βασιλεὺς
2999 426 3051 485 εἷ
3101 432 3166 484 σὺ
3224 433 3368 504 παρὰ
3397 432 3527 487 Θεοῦ
3566 438 3621 488 ὲν

2054 531 2207 600 ἡμῖν,
2259 530 2319 582 ὲν
2356 531 2471 592 τοῖς
2504 527 2787 591 ἐκλεκτοῖς
2820 524 3113 599 μνημείοις
3157 525 3322 595 ἡμῶν
3349 525 3513 597 θάψον
3533 526 3619 582 τὸν

2054 622 2247 693 νεκρόν
2278 638 2397 676 σου.
2434 639 2455 671 ι

2584 736 2922 791 ΕΡΩἹἮΣΙΣ
2944 733 3113 788 ΣΝΘ’.

2094 830 2275 897 Τίνος.
2288 830 2500 889 ἕνεκεν
2526 829 2841 884 exat/adulat
2873 825 2953 893 τῷ
2985 824 3202 880 Ἰακὼϐ
3240 827 3272 879 ό
3303 823 3545 895 ἄγγελος
3569 838 3589 889 ;

706 1005 848 1055 Edita
870 1016 898 1053 a
930 1001 1055 1053 Maio
1079 999 1136 1065 (l.
1170 1012 1215 1050 c.
1241 1013 1290 1062 p.
1320 999 1429 1061 125,
1461 998 1571 1061 126,
1592 1014 1641 1063 q.
1664 1001 1798 1064 258).
1830 1004 1965 1053 -Βε

2074 1007 2177 1070 geli
2203 1020 2316 1057 cum
2339 1006 2524 1058 Iacobo
2553 1007 2845 1058 certamine.
2878 1004 3007 1056 Gen.
3037 1016 3199 1065 xnn,
3217 1002 3299 1053 24.

441 1113 580 1171 Cum
606 1112 845 1185 fratrem
888 1113 1106 1166 timeret
1135 1110 1366 1181 angelus
1398 1110 1448 1165 ei
1490 1110 1747 1165 virtutem
1788 1114 1961 1168 addit.

373 1208 574 1265 Eadem
620 1208 786 1262 etiam
828 1205 908 1269 de
938 1219 1107 1260 causa
1150 1203 1281 1258 huic
1325 1203 1616 1259 victoriam
1670 1206 1963 1272 concessit,

2132 1119 2337 1173 Δεδιότι
2368 1119 2460 1174 τὸν
2480 1118 2711 1187 ἀδελφὸν
2741 1116 2942 1186 θάρσος
2973 1113 3239 1183 ἐντίθησιο
3264 1110 3353 1165 διά
3370 1127 3449 1163 τοι
3474 1107 3625 1163 τοῦτο

2062 1210 2159 1262 καὶ
2195 1210 2296 1280 τῆς
2325 1211 2483 1282 νίκης
2538 1207 2689 1280 αὐτῷ
2732 1202 3196 1279 παρακεχώρηκε’
3245 1202 3521 1273 μονονουχὶ
3548 1199 3626 1251 λέ-

375 1302 491 1357 lia-c
540 1298 930 1371 propemodum
977 1297 1165 1352 dicens
1204 1312 1218 1349 :
1263 1296 1367 1362 Qui
1415 1310 1504 1350 me
1533 1296 1748 1361 vicisti,
1784 1298 1965 1351 homi-

2072 1318 2198 1369 γων·
2226 1302 2358 1373 Ἐμὲ
2380 1303 2694 1372 νενίκηκας,
2718 1302 2813 1354 καὶ
2845 1299 3131 1371 ἄνθρωπον
3159 1297 3438 1357 δέδοικας;
3473 1293 3555 1345 ἵνα
3573 1291 3627 1344 δέ

375 1409 498 1448 nem
531 1391 732 1446 times?
773 1390 853 1445 Ne
906 1404 1041 1444 vero
1098 1390 1188 1444 ille
1233 1387 1543 1458 superbiret
1591 1388 1760 1445 Deum
1818 1406 1847 1444 a
1905 1406 1965 1446 se

375 1484 579 1538 victum
614 1482 785 1538 fuisse
814 1491 1015 1551 putans
1043 1489 1193 1536 tactu
1242 1480 1467 1535 femoris
1494 1482 1721 1552 angelus
1760 1483 1959 1537 volun-

375 1575 568 1629 tariam
612 1573 784 1629 fuisse
827 1572 1039 1627 cladem
1091 1587 1248 1627 suam
1284 1573 1549 1627 ostendit.
1589 1570 1763 1628 Tactu
1811 1573 1957 1628 enim

377 1664 601 1721 femoris
647 1666 725 1719 illi
785 1673 1061 1734 torporem
1120 1665 1363 1719 obducit.
1420 1662 1719 1735 Postquam
1773 1674 1955 1720 autem

2066 1396 2142 1468 μὴ
2185 1396 2326 1468 μέγα
2360 1399 2530 1467 φρονῇ
2563 1394 2721 1462 δόξας
2750 1392 3098 1463 νενικηκέναι
3119 1388 3273 1455 Θεὸν,
3304 1390 3372 1458 τῇ
3404 1387 3513 1457 ἁφῇ
3541 1384 3629 1438 τοῦ

2068 1488 2244 1559 μηροῦ
2270 1489 2332 1542 τὸ
2356 1488 2662 1542 ἐθελούσιον
2692 1487 2790 1558 τῆς
2814 1486 2987 1556 ἥττης
3006 1483 3268 1555 ἐδήλωσε·
3298 1482 3365 1552 τῇ
3396 1479 3503 1549 γὰρ
3525 1479 3629 1547 ἀφῇ

2063 1576 2160 1630 τοῦ
2189 1578 2364 1649 μηροῦ
2395 1579 2496 1649 τὴν
2529 1576 2739 1647 νάρκην
2767 1575 3083 1646 εἰργάσατο.
3120 1570 3291 1634 Γνοὺς
3318 1570 3375 1623 δὲ
3398 1569 3491 1622 τοῦ
3516 1568 3632 1621 ἐπι-

2065 1671 2326 1741 φανέντος
2348 1671 2447 1743 τὴν
2474 1670 2724 1743 δύναμιν,
2757 1668 2856 1741 τὴν
2886 1667 3137 1737 εὐλογίαν
3190 1666 3356 1720 αίτεϊ⁶
3404 1664 3432 1716 ὁ
3461 1662 3515 1715 δέ
3548 1661 3635 1714 καὶ

376 1760 555 1828 augeli
583 1759 676 1829 qui
707 1758 809 1814 sibi
841 1766 1167 1829 apparuerat
1196 1758 1495 1826 potentiam
1524 1758 1696 1823 novit,
1719 1757 1960 1815 Jacobus

2072 1764 2164 1835 τὴν
2202 1764 2422 1835 αἴτησιν
2466 1763 2650 1817 δίδωσι
2692 1762 2787 1817 καὶ
2840 1762 2938 1834 τὴν
2978 1756 3360 1832 προσηγορίαν
3404 1752 3631 1825 ἀμείϐει⁸

377 1850 815 1906 benedictionem
865 1849 934 1905 ab
987 1865 1053 1905 eo
1109 1850 1323 1918 poscit,
1380 1865 1543 1919 quam
1605 1850 1695 1906 ille
1754 1852 1958 1921 petenti

2072 1831 2297 1927 διέμεινε
2320 1831 2380 1909 δὲ
2418 1857 2513 1910 καὶ
2554 1854 2694 1927 μετὰ
2727 1854 2826 1925 τὴν
2865 1831 3199 1925 ἐγρήγορσιν
3239 1852 3267 1903 ὁ
3315 1847 3487 1920 μηρὸς
3518 1863 3639 1916 ναρ-

376 1943 607 2006 annuit;
650 1943 882 2012 ejusque
923 1957 1120 1997 nomen
1156 1949 1354 1996 mutat.
1395 1941 1679 1999 Remansit
1719 1943 1804 1998 vel
1838 1951 1963 2013 post

375 2035 620 2105 vigiliam
676 2036 854 2089 femur
906 2035 1029 2105 ejus
1088 2043 1308 2103 torpore
1356 2034 1611 2090 affectum
1668 2050 1734 2090 ac
1771 2035 1965 2090 leviter

377 2128 662 2191 claudum,
695 2142 765 2181 ne
792 2143 987 2182 vanam
1022 2126 1317 2197 imaginem
1358 2128 1584 2184 duceret
1616 2129 1721 2184 hoc
1763 2129 1962 2185 visum.

377 2220 496 2285 Qua
567 2219 636 2273 de
692 2234 862 2274 causa
926 2235 1051 2275 cum
1114 2219 1515 2290 interrogasset
1561 2236 1672 2291 quo
1735 2220 1965 2290 angelus

377 2311 743 2382 appellaretur
789 2314 1049 2380 nomine,
1099 2327 1209 2367 non
1262 2313 1442 2368 solum
1492 2313 1687 2382 petitio
1718 2327 1827 2367 non
1873 2328 1966 2367 ex-

378 2405 620 2469 auditur,
651 2403 743 2459 sed
776 2404 940 2459 etiam
966 2404 1082 2473 ipse
1103 2406 1419 2475 increpatur
1442 2444 1457 2471 ,
1490 2413 1551 2459 ut
1580 2414 1794 2460 naturae
1812 2421 1965 2460 men-

378 2511 563 2551 suram
602 2504 1005 2566 transgressus.
1058 2515 1077 2548 ι
1105 2496 1238 2563 Cur,
1270 2497 1483 2567 inquit,
1532 2498 1736 2569 quaeris
1767 2514 1965 2553 nomen

380 2605 560 2644 meum
578 2588 643 2643 ’⁸.
660 2610 679 2641 ι
708 2588 1015 2660 Mirumque
1034 2598 1118 2645 est
1139 2598 1303 2659 atque
1328 2590 1418 2645 hic
1442 2592 1720 2646 notatione
1741 2590 1966 2661 dignum

378 2683 527 2751 quod
581 2682 836 2737 eumdem
883 2682 1176 2750 appellavit
1222 2690 1277 2736 et
1330 2682 1611 2737 hominem
1658 2690 1715 2737 et
1762 2680 1965 2747 Deum,

376 2777 515 2832 dixit
564 2776 711 2832 enim
748 2796 763 2831 :
816 2794 836 2828 ι
876 2774 959 2830 Tu
999 2776 1092 2846 qui
1131 2785 1326 2831 contra
1377 2774 1549 2831 Deum
1592 2775 1751 2830 fortis
1794 2776 1966 2841 fuisti,

379 2881 570 2923 contra
594 2868 848 2923 homines
896 2868 1244 2939 praevalebis,
1282 2886 1302 2919 ι
1354 2867 1683 2937 vocavitque
1727 2865 1969 2923 Iacobus

2065 1949 2179 2002 κῶν
2215 1967 2276 2002 τε
2306 1950 2400 2003 καὶ
2425 1948 2775 2013 ὑποσκάζων,
2816 1948 2904 2001 ἵνα
2936 1947 3012 2019 μὴ
3057 1943 3364 2015 φαντασίαν
3401 1938 3639 2011 ὐπολάὸῃ

2064 2038 2163 2110 τὴν
2195 2038 2340 2109 ὄψιν*
2372 2038 2459 2092 διὰ
2495 2038 2655 2092 τοῦτο
2683 2040 2779 2092 καὶ
2808 2039 3091 2110 ἐρωτήσας
3116 2034 3247 2088 τίνα
3281 2029 3638 2105 προσηγορίαν

2066 2129 2204 2202 ἔχει,
2237 2132 2297 2184 οὐ
2340 2131 2502 2201 μόνον
2536 2131 2899 2202 διαμαρτάνει
2941 2127 3045 2197 τῆς
3071 2127 3370 2197 αἰτήσεως,
3396 2121 3526 2176 ἀλλὰ
3553 2120 3640 2173 καὶ

2066 2225 2463 2296 ἐπιπλήττεται
2506 2224 2583 2287 ὡς
2634 2222 2884 2295 ὑπερϐὰς
2926 2220 2997 2274 τὰ
3038 2221 3222 2291 μέτρα
3265 2218 3367 2288 τῆς
3412 2213 3638 2286 φύσεως·

2074 2339 2090 2370 ι
2105 2318 2223 2371 Ἵνα
2246 2317 2299 2369 τί
2317 2317 2446 2388 γὰρ,
2471 2317 2659 2388 φησὶν,
2680 2316 2891 2388 ἐρωτᾷς
2911 2314 2972 2368 τὸ
2986 2313 3159 2384 ὄνομά
3182 2328 3287 2383 μου
3315 2327 3362 2375 ς»
3387 2308 3481 2362 καὶ
3496 2304 3643 2360 τοῦτό

2069 2414 2184 2465 ἐστι
2201 2410 2538 2481 θαυμαστόν·
2558 2412 2722 2480 ἐπιση
2731 2408 2964 2480 μαντέον
2979 2407 3037 2461 δὲ
3053 2404 3344 2460 κάνταῦθα
3356 2403 3438 2457 ὅτι
3454 2400 3543 2454 τὸν
3553 2399 3643 2453 αὐ-

2068 2504 2163 2558 τὸν
2184 2504 2410 2557 ἐκάλεσε
2430 2503 2526 2556 καὶ
2541 2501 2829 2574 ἄνθρωπον
2841 2501 2938 2556 καὶ
2950 2500 3105 2553 Θεόνο
3128 2518 3145 2550 ι
3162 2494 3494 2567 Ἐνισχύσας
3519 2492 3642 2561 γὰρ,

2070 2596 2197 2666 ἔφη,
2223 2595 2363 2666 μετὰ
2378 2594 2513 2648 Θεοῦ
2537 2596 2632 2648 καὶ
2650 2595 2790 2664 μετὰ
2806 2590 3111 2664 ἀνθρώπων
3129 2590 3237 2661 ἔσῃ
3260 2586 3502 2650 δυνατός·
3519 2605 3538 2637 ι
3556 2581 3645 2636 καὶ

2020 2734 2039 2748 ,
2070 2686 2296 2741 ἐκάλεσε
2319 2691 2382 2739 τὸ
2406 2686 2579 2757 ὄνομα
2601 2684 2698 2739 τοῦ
2719 2685 2886 2738 τόπου
2904 2682 3134 2736 ἐκείνου*
3163 2677 3323 2743 Εἶδος
3340 2676 3495 2732 Θεοῦ.
3523 2694 3541 2727 ι
3564 2669 3647 2728 EI-

2069 2780 2160 2833 δον
2185 2779 2317 2850 γὰρ,
2337 2762 2525 2849 φησὶν,
2547 2779 2682 2833 Θεὸν
2710 2778 3004 2848 πρόσωπον
3030 2774 3178 2845 πρὸς
3205 2774 3520 2843 πρόσωπον·
3561 2768 3649 2821 καὶ

2072 2870 2251 2942 ἐσώθη
2263 2874 2296 2937 ἡ
2310 2872 2480 2942 ψυχή⁹
2512 2889 2531 2922 ι
2547 2870 2642 2924 καὶ
2656 2870 2838 2924 πάλιν·
2869 2888 2887 2921 ι
2911 2865 3183 2921 Ἀνέτειλε
3197 2866 3245 2919 δ’
3260 2862 3411 2932 αὐτῷ
3435 2865 3462 2917 ὁ
3482 2859 3645 2931 ἥλιος,

380 2975 577 3014 nomen
609 2959 711 3015 loci
742 2958 887 3015 illius
911 2958 1177 3025 Phanuel,
1203 2958 1391 3015 dicens
1417 2978 1431 3014 :
1458 2979 1476 3011 ι
1494 2955 1616 3014 Vidi
1642 2957 1813 3014 Deum
1832 2958 1965 3014 facie

2072 2962 2236 3032 ἡνίκα
2266 2962 2513 3031 παρῆλθε
2565 2961 2625 3015 τὸ
2664 2955 2805 3024 εἶδος
2832 2958 2928 3013 τοῦ
2957 2956 3093 3012 Θεοῦ
3112 2971 3126 2986 ⁸
3176 2975 3198 3009 ›
3225 2957 3317 3011 διὰ
3346 2953 3549 3009 τούτων
3598 2949 3653 3002 δὲ

378 3053 448 3108 ad
500 3054 717 3117 faciem,
747 3065 803 3109 et
859 3053 1011 3109 salva
1058 3054 1201 3109 facta
1230 3061 1317 3108 est
1343 3052 1528 3107 anima
1574 3067 1692 3107 mea
1732 3052 1798 3105 ³⁹.
1846 3071 1864 3104 ι
1900 3083 1965 3092 -

2074 3055 2293 3109 πάντων
2325 3055 2672 3125 μανθάνομεν
2698 3053 2776 3117 ὡς
2806 3053 2836 3106 ὁ
2854 3049 3153 3123 μονογενὴς
3184 3049 3318 3113 Υἱὸς
3336 3047 3511 3118 ἐφάνη
3528 3043 3652 3096 κάν·

385 3159 407 3193 ι
445 3141 722 3212 Urtusque
749 3151 832 3196 est
860 3141 912 3196 ei
934 3142 1119 3196 statim
1150 3140 1231 3197 sol
1251 3148 1541 3211 postquam
1590 3148 1965 3209 transgressus

2073 3146 2250 3201 ταῦθα
2280 3146 2357 3218 τῷ
2417 3144 2632 3200 Ἰακώϐ.

377 3246 465 3292 est
494 3236 821 3292 Phanuel”.
854 3255 875 3289 ι
924 3235 1072 3303 Quas
1115 3236 1187 3291 ob
1215 3251 1413 3291 causas
1458 3234 1813 3304 intelligimus
1844 3235 1970 3290 uni-

381 3324 624 3393 genitum
663 3322 862 3379 Filium
908 3325 995 3387 hic
1030 3322 1199 3379 Iacob
1228 3325 1570 3393 apparuisse.

382 3438 714 3507 QUIESTIO
765 3437 947 3495 CCLX
991 3436 1184 3510 [CoisL
1228 3435 1438 3500 CLXX.
1482 3435 1527 3490 T
1529 3453 1650 3491 aur.
1702 3435 1962 3510 CLXIX].

382 3533 495 3588 Cur
536 3534 712 3589 liberis
750 3534 862 3588 suis
904 3532 1229 3586 benedizisse
1277 3529 1514 3583 Iacobus
1564 3530 1799 3593 dicatur,
1841 3546 1962 3584 cum

700 3604 969 3657 nonnullis
1004 3612 1144 3656 certe
1174 3601 1513 3655 maledixeril
1536 3601 1582 3631 '°
1607 3600 1699 3669 (5⁸1
1712 3601 1789 3671 ⁸).

2630 3437 2964 3491 ΕΡΩΤΗΣΙΣ
3013 3436 3129 3491 ΣΞ¹.

2062 3529 2195 3597 Πῶς
2232 3529 2565 3600 εὐλογῆσαι
2617 3530 2761 3597 τοὺς
2808 3531 3025 3598 παῖδας
3076 3534 3110 3586 ό
3162 3529 3385 3587 Ἰακὼϐ
3432 3529 3659 3598 λέγεται

2498 3601 2685 3666 ἐνίοις
2703 3601 3170 3672 ἐπαρασάμενος
3187 3621 3210 3670 ἕ

593 3716 733 3769 Edita
753 3730 781 3765 a
803 3716 929 3766 Maio
959 3714 1107 3779 (Nov.
1133 3714 1258 3766 Coll.
1283 3720 1325 3764 t.
1348 3714 1389 3777 Ι,
1417 3727 1470 3777 p.
1491 3713 1588 3763 208
1607 3714 1760 3776 seq.).
1785 3741 1845 3753 —-
1871 3714 1947 3765 De
1969 3713 2140 3766 Jacobi
2163 3716 2337 3766 ultima
2358 3713 2586 3766 oratione
2610 3730 2666 3766 ac
2684 3716 3143 3768 benedictionibus.
3172 3720 3305 3770 Gen.
3328 3733 3463 3769 xux.

462 3802 505 3854 l.
551 3798 737 3868 Neque
776 3798 911 3851 dira:
962 3811 1141 3866 neque
1184 3796 1616 3860 benedictioues,
1673 3796 1786 3850 imo
1839 3809 1971 3850 vero

385 3891 644 3947 vaticinia
668 3902 795 3945 sunt
815 3888 1144 3959 patriarchae
1165 3903 1449 3944 sermones
1473 3889 1724 3943 extremi.
1746 3888 1968 3952 Adeste,

388 3986 591 4057 inquit,
642 3992 705 4039 ut
748 3983 1015 4039 certiores
1053 3996 1149 4037 vos
1193 3980 1391 4036 iaciam
1438 3981 1570 4052 quid
1624 3980 1829 4051 cuique
1872 3995 1970 4051 po-

2141 3804 2211 3852 a'.
2243 3797 2381 3851 υύτε
2411 3799 2547 3869 ἀραί
2576 3800 2716 3852 εἰσιν
2734 3798 2859 3853 οὐτε
2882 3800 3125 3871 εὐλογίαι
3158 3803 3303 3857 ἀλλὰ
3330 3800 3660 3874 προρρήσεις

2067 3890 2118 3944 οἱ
2139 3890 2436 3945 τελευταῖοι
2453 3891 2546 3945 τοῦ
2578 3892 2927 3965 Πατριάρχου
2944 3895 3113 3963 λόγον
3144 3914 3164 3947 ι
3187 3895 3508 3967 Συνάχθητε
3536 3894 3658 3965 γὰρ,

2068 3985 2257 4054 φησὶν,
2303 3985 2390 4038 ἵνα
2419 3986 2732 4055 ἀναγγείλω
2762 3987 2891 4058 ὑμῖν
2924 3987 2978 4041 τί
2999 3987 3391 4058 ἀπαντήσεται
3426 3989 3556 4057 ὑμῖν
3578 3986 3658 4039 ἐπ’

387 4078 612 4135 strcmis
638 4076 979 4148 temporibus
1008 4084 1334 4130 eventurum
1377 4074 1470 4129 sit.
1494 4073 1636 4129 Tum
1659 4072 1965 4130 facinorum

2072 4076 2297 4147 ἐσχάτου
2315 4076 2979 4151 τῶνήμερῶν·›ἐμνήσθη
3006 4079 3063 4133 δὲ
3089 4080 3318 4134 καὶτῶν
3347 4080 3483 4151 παρ’
3510 4078 3663 4132 ἐνίων

387 4188 607 4243 quoque
650 4169 921 4231 meminit,
972 4183 1096 4238 quae
1144 4167 1395 4223 nonnulli
1427 4176 1812 4237 patraverant;
1853 4182 1965 4221 non

2072 4170 2466 4243 γεγενημένων,
2502 4171 2605 4225 οὐκ
2636 4170 2825 4243 ἐπειδὴ
2877 4172 3031 4236 δίκας
3062 4171 3113 4225 οί
3138 4174 3340 4237 παῖδες
3370 4171 3658 4241 εἰσεπράτ-

387 4253 532 4334 quod
563 4274 779 4332 patrum
814 4259 1023 4315 scelera
1055 4258 1403 4314 vindicentur
1435 4257 1491 4312 in
1521 4258 1671 4322 ﬁliis,
1706 4257 1801 4313 sed
1837 4257 1965 4328 quia

2072 4280 2219 4317 τοντο
2236 4263 2346 4317 τῶν
2369 4264 2655 4335 πατρικῶν
2675 4266 2896 4336 ἀμαρτη
2906 4264 3114 4334 μάτων,
3138 4266 3283 4321 ἀλλὰ
3311 4264 3664 4337 σχηματίζων

384 4355 523 4411 diris
554 4370 619 4409 ac
659 4351 1136 4409 benedictionibus
1184 4351 1491 4406 orationem
1525 4366 1682 4407 suam
1712 4350 1784 4407 ob
1814 4366 1965 4405 com-

2072 4356 2149 4418 είς
2173 4355 2314 4427 ἀρὰν
2346 4356 2463 4411 καὶτ
2493 4356 2745 4426 εὐλογίαν
2796 4358 2922 4421 τούς
2966 4357 3163 4426 λόγους
3213 4360 3300 4421 εἰς
3338 4359 3530 4430 κοινὴν
3559 4356 3663 4410 τῶν

386 4463 609 4503 munem
638 4446 931 4518 legentium
966 4443 1257 4499 utilitatem
1288 4444 1503 4515 ilgurat.
1531 4442 1652 4498 lam
1688 4460 1820 4497 vero
1852 4442 1969 4497 Ru~

388 4543 555 4599 benio
590 4539 965 4611 arrogantiam
989 4536 1286 4607 exprobrat
1314 4545 1369 4591 et
1394 4536 1652 4592 ferociam
1683 4536 1967 4606 patrisque

385 4636 691 4690 thalamum
724 4631 990 4687 violatum
1020 4648 1033 4683 :
1063 4640 1423 4699 posterosque
1453 4629 1576 4699 ejus
1611 4644 1817 4700 paucos
1843 4645 1976 4700 prae-

387 4728 648 4782 dicitzid
704 4724 850 4780 enim
902 4723 1140 4778 innuuut
1190 4723 1380 4787 verba,
1432 4724 1603 4777 instar
1651 4736 1809 4792 aqua:
1862 4738 1972 4778 non

386 4819 624 4884 ferveas,
676 4819 730 4873 id
781 4827 866 4873 est
918 4819 985 4872 ad
1037 4816 1427 4871 fecunditatem
1473 4832 1585 4870 non
1643 4815 1968 4872 incalescas.

386 4910 643 4968 Irascitur
665 4924 887 4981 quoque
920 4910 1165 4965 Simeoni
1197 4920 1363 4979 atque
1394 4909 1642 4975 Levinio,
1690 4908 1968 4965 Sicimita-

2072 4448 2470 4517 ἐντευξομένων
2498 4449 2787 4518 ὠφέλειαν.
2843 4450 2952 4503 Καὶ
2978 4449 3060 4519 τῷ
3106 4449 3212 4519 μὲν
3258 4448 3494 4520 Ῥουσὶμ
3536 4446 3660 4502 αὐθ-

2075 4540 2264 4594 άδειαν
2292 4540 2669 4612 ἐπιμέμφεται
2702 4542 2796 4594 καὶ
2834 4540 3150 4611 θρασύτητα
3192 4542 3294 4595 καὶ
3322 4540 3427 4612 τὴν
3455 4541 3536 4602 είς
3561 4555 3665 4590 πα-

2071 4633 2253 4703 τρῴαν
2286 4633 2448 4703 εὐνὴν
2493 4633 2863 4705 παρανομίανυ
2907 4628 2968 4687 οὗ
3000 4633 3064 4705 δὴ
3102 4632 3331 4702 ὀλίγους
3376 4630 3546 4685 αὐτοῦ
3587 4644 3666 4696 γε·

2080 4723 2332 4793 γενῆσθαι
2347 4725 2472 4789 τοὺς
2492 4724 2791 4793 ἀπογόνους
2809 4724 3088 4793 προλέγει·
3112 4723 3278 4778 τοῦτο
3305 4724 3418 4794 γὰρ
3437 4722 3590 4793 δηλοί
3607 4718 3665 4771 τὸ

2072 4835 2091 4868 ι
2118 4816 2205 4878 Ὠς
2226 4814 2371 4883 ὕδωρ
2386 4817 2461 4885 μὴ
2490 4815 2795 4881 ἐκζέσαις,›
2818 4815 2939 4868 ἀντὶ
2963 4812 3077 4880 τοῦ,
3104 4813 3197 4881 Μὴ
3226 4807 3666 4883 ἐκθερμανθείης

2067 4908 2147 4970 εἰς
2187 4906 2535 4976 πολυγονίαν.
2580 4908 2805 4979 Νεμεσᾷ
2842 4907 2900 4962 δὲ
2942 4908 3035 4961 καὶ
3076 4905 3154 4977 τῷ
3184 4904 3417 4976 Σιμεὼν
3472 4897 3666 4967 καὶτῷ

385 5018 510 5058 rum
543 5002 804 5071 injustam
840 5017 1030 5057 necem
1070 5002 1392 5072 deplorans;
1426 5001 1754 5072 deprecatur
1781 5011 1964 5056 autem

2075 4999 2227 5064 Λευῒ,
2261 5000 2371 5055 τῶν
2394 5001 2689 5071 Σικιμιτῶν
2717 5001 2810 5055 τὸν
2850 5001 3034 5055 ἄδικον
3064 4998 3185 5053 ὅλεθ
3194 5015 3294 5070 ρον
3316 4996 3663 5066 ὀδυρόμενος,

386 5096 684 5166 quominus
721 5096 953 5165 ipsemet
997 5096 1163 5150 ullam
1218 5094 1442 5151 sceleris
1473 5092 1592 5160 ejus
1646 5093 1965 5149 societatem

2075 5092 2170 5146 καὶ
2196 5090 2414 5163 εὔχεται
2447 5092 2715 5164 μηδεμίαν
2747 5093 3032 5147 κοινωνίαν
3071 5093 3152 5155 εἰς
3182 5089 3291 5162 τὴν
3318 5083 3667 5161 παρανομίαν

387 5192 658 5260 attingat:
691 5199 806 5244 tum
848 5189 1124 5244 maledicit
1154 5188 1441 5245 affectibus
1470 5201 1660 5243 eorum
1701 5185 1965 5255 improbis

2074 5184 2220 5255 ἐχειν
2240 5186 2476 5259 ἐκείνην·
2503 5188 2775 5258 ἐπαρᾶται
2814 5186 3000 5256 μέντοι
3037 5185 3137 5238 οὐκ
3161 5184 3383 5248 αὐτοῖς,
3400 5178 3538 5234 ἀλλὰ
3557 5177 3667 5238 τοῖς

458 5300 505 5333 ’⁸
532 5300 730 5359 Genes.
757 5317 926 5366 xxxii,
966 5301 1057 5357 29.
1133 5304 1178 5336 ’⁸
1212 5303 1343 5358 ibid.
1370 5301 1463 5355 28.
1540 5301 1587 5333 ⁸⁸
1619 5298 1751 5354 ibid.
1803 5296 1874 5351 50
1906 5307 1961 5352 et
1994 5312 2113 5368 seq.

1879 5387 2111 5445 ΝΟΤίΕ.

463 5484 577 5557 (56)
604 5483 733 5557 Haec
757 5484 1008 5552 quaestio,
1037 5502 1160 5555 qua:
1204 5486 1258 5541 in
1289 5486 1417 5557 cod.
1463 5482 1695 5538 Taurin.
1730 5482 1965 5557 desidc-
2074 5503 2128 5556 p.
2161 5487 2339 5557 250.7;
2582 5556 2587 5557 ί
2992 5549 3055 5557 ___
3162 5549 3174 5557 ,
3490 5550 3503 5557 ,
3613 5546 3623 5556 .

390 5547 567 5620 ratur,
602 5571 665 5626 es
698 5547 1134 5626 Tlieodoreto'q.
1184 5558 1253 5615 9‘2
1301 5560 1354 5613 in
1386 5556 1588 5613 Genes.
1627 5569 1682 5624 p.
1722 5551 1827 5608 199
1873 5554 1970 5608 de-
2076 5547 2090 5556 ’
2150 5558 2261 5626 (57)
2302 5555 2449 5626 Fere
2479 5556 2645 5609 verbo
2687 5562 2850 5609 tenus
2891 5568 2955 5607 ex
2992 5549 3344 5607 Tlteodorcto
3376 5566 3434 5619 q.
3487 5547 3664 5601 ilUiu

392 5624 792 5696 ειιιιιιιιιει-ίυὶιζ
1096 5624 1111 5626 “
1571 5695 1576 5696 ί
1751 5693 1766 5696 _
2077 5624 2253 5681 ct-m-s
2303 5644 2354 5696 p.
2394 5625 2520 5679 215.

466 5696 577 5764 (57)
616 5694 712 5751 Est
751 5694 1077 5753 Theodoreti
1118 5714 1171 5768 q.
1215 5698 1248 5753 6
1308 5699 1363 5752 in
1432 5695 1603 5750 Exod.
1658 5703 1696 5749 t.
1748 5693 1967 5761 LXXX,

2205 5299 2273 5330 ³⁰“
2299 5299 2498 5355 Genes.
2538 5314 2686 5356 :th.
2716 5296 2739 5350 i
2780 5313 2934 5367 seqq.
