3876 6216
243 262 370 326 1073

1033 263 1133 324 AD
1162 261 1758 324 AMPHILOCHIUM
1782 260 2129 334 QUESTIO
2171 261 2412 337 CCLIX,
2448 263 2656 324 CCLX.

3350 258 3489 323 1074

242 372 486 443 πονηροῖς
516 371 697 427 αὐτῶν
728 371 925 427 πάθεσι
955 374 1051 428 καὶ
1076 377 1143 445 τῇ
1173 374 1312 446 ὀργῇ
1346 377 1415 445 τῇ
1447 373 1646 445 μήνιδι·
1680 376 1803 428 ἐπι-

1914 374 2110 443 iraeque
2126 374 2349 428 vindici.
2372 373 2437 427 Et
2453 375 2672 444 quidem
2694 373 3011 444 cupiditatis
3037 373 3261 429 nomine
3283 388 3489 430 excau-

241 461 430 534 θυμίαν
450 460 507 513 δέ
534 461 632 532 τὴν
658 461 828 533 ὀργὴν
854 462 1134 517 ἐκάλεσεν·
1161 465 1226 517 ἐκ
1246 463 1455 535 ταύτης
1475 464 1584 535 γὰρ
1610 465 1644 534 ἠ
1668 462 1809 535 ὀργὴ

239 556 331 628 τὴν
361 553 719 623 ἐτυμολογίαν
768 555 880 626 ἔχει
903 572 917 586 ·
952 554 1208 627 ὀρέγεται
1239 556 1351 628 γὰρ
1381 556 1411 609 6
1454 554 1809 627 ὀργιζόμενος

240 648 538 720 ἀμύνασθαι
603 648 697 702 τὸν
755 648 969 719 ἐχθρόν·
1027 649 1126 702 καὶ
1180 648 1320 717 αὐτὴ
1370 647 1427 701 δὲ
1482 648 1517 719 ἠ
1569 647 1811 717 τιμωρία

240 740 538 812 πρόρρησις
556 735 645 811 ἦν·
677 759 695 792 ι
722 738 1001 810 Διαμεριῶ
1022 740 1131 810 γὰρ
1158 739 1356 803 αὐτοὺς
1387 740 1446 793 ἐν
1475 738 1696 801 Ἰακὼ6,
1714 737 1811 791 καὶ

237 831 506 903 διασπερῶ
531 832 729 894 αὐτοὺς
755 833 814 885 ἐν
846 832 1081 903 Ἰσραήλ·
1120 851 1139 883 ι
1175 832 1346 903 ἀλλ’ἢ
1374 832 1469 885 τοῦ
1497 830 1635 885 Aen?
1666 830 1810 900 φυλὴ

236 923 317 977 διὰ
331 924 429 994 τὴν
450 923 626 994 ἄκραν
647 923 911 995 διεσπάρη
928 927 1119 996 τιμήν·
1141 925 1282 979 ὥστε
1302 924 1411 996 γὰρ
1430 924 1638 998 ἑκάστῃ
1668 923 1809 994 φυλῇ

238 1016 463 1067 συνεῖναι
484 1014 718 1079 Λευϊτας
734 1016 828 1069 καὶ⁵
854 1017 1035 1087 ἱερέας
1058 1018 1153 1071 καὶ
1169 1017 1269 1089 τὴν
1297 1017 1431 1088 παρ’
1455 1016 1637 1070 αὐτῶν
1662 1016 1810 1086 ώφέ-

235 1104 379 1158 λειαν
424 1106 789 1178 καρποῦσθαι,
812 1109 914 1162 οὐκ
961 1109 1153 1165 ἔλαϐον
1185 1109 1316 1163 ἴδιον
1346 1110 1569 1181 κλῆρον,
1604 1108 1720 1163 ἀλλ’
1752 1110 1812 1162 ἐν

236 1200 434 1271 ἑκάστῃ
484 1200 623 1272 φυλῇ
673 1219 819 1267 τινες
886 1203 1072 1268 αὐτοῖς
1125 1204 1554 1274 ἀπενεμήθησαν
1603 1202 1810 1267 πόλεις,

233 1293 322 1344 καὶ
348 1291 447 1361 τῆς
479 1294 807 1362 προαστείου
839 1295 943 1364 γῆς
968 1296 1271 1367 ὡρισμένος
1300 1297 1523 1367 πήχεων
1553 1294 1808 1366 ἀριθμός·

234 1388 323 1440 καὶ
349 1388 383 1458 ἡ
412 1388 505 1441 τοῦ
531 1389 742 1459 Σιμεὼν
765 1389 908 1460 φυλὴ
940 1390 1041 1443 οὐκ
1092 1383 1204 1458 εἶχε
1233 1389 1435 1459 κλῆρον
1461 1385 1813 1458 κεχωρισμέ-

233 1495 336 1542 νον,
371 1480 507 1533 ἀλλὰ
533 1485 675 1535 κατα
702 1481 801 1552 τὴν
833 1480 927 1533 τοῦ
980 1482 1321 1551 πατριάρχου
1373 1480 1681 1552 πρόρρησιν
1717 1495 1815 1549 με·

220 1569 356 1643 δαξὺ
382 1572 493 1625 τῶν
522 1573 699 1628 ἄλλων
724 1573 909 1643 φυλῶν
935 1574 1363 1644 διεσπαρμένον.

297 1749 362 1821 β’.
425 1749 532 1803 Τοῦ
583 1751 641 1804 δὲ
703 1751 874 1805 Ἶουδα
921 1752 1149 1815 πολλοὺς
1215 1752 1471 1815 ἐπαίνους
1525 1751 1799 1816 διέξεισιν.
1836 1721 1884 1782 Β

232 1860 251 1894 ι
290 1842 482 1906 Ἰούδα,
539 1843 599 1895 σὲ
628 1844 946 1897 αίνέσαισαν
971 1846 1018 1897 οί
1074 1844 1295 1913 ἀδελφοί
1352 1862 1469 1899 σου·
1512 1846 1570 1899 αἱ
1622 1846 1802 1916 χεῖρές

227 1951 317 1988 σου
358 1934 456 1987 ἐπὶ
498 1935 669 1988 νώτου
713 1936 824 1990 τῶν
852 1934 1064 2006 ἐχθρῶν
1099 1951 1214 1988 σου·
1247 1935 1690 2008 προσκυνήσουσί
1722 1952 1806 1989 σοι

222 2026 271 2078 oi
302 2025 411 2079 υἱοὶ
444 2024 538 2077 τοῦ
585 2025 791 2097 πατρός
835 2042 951 2078 σου·
984 2023 1225 2096 σκύμνος
1252 2024 1467 2090 λέοντος
1519 2026 1710 2091 Ἰούδα,
1740 2026 1805 2079 ἐκ

226 2115 477 2187 βλαστοῦ,
515 2118 600 2170 υίέ
637 2136 763 2189 μου,
790 2116 1011 2190 ἀνέδης.
1050 2134 1070 2170 ι
1111 2117 1274 2171 Ἀλλὰ
1298 2117 1508 2173 τούτων
1535 2119 1690 2172 οὐδὲν
1724 2118 1805 2189 τῷ

232 2207 407 2263 Ἰούδα
462 2209 744 2281 ἁρμόττει,
788 2209 927 2264 ἀλλὰ
962 2212 1031 2281 τῇ
1097 2210 1164 2264 ἐκ
1205 2208 1400 2264 τούτου
1452 2209 1808 2286 βλαστησάσῃ

222 2301 383 2371 φυλῇ·
441 2300 695 2372 βασιλικὴ
745 2303 857 2372 γὰρ
914 2297 986 2374 ἦν
1047 2301 1212 2373 αὕτη,
1274 2302 1494 2373 πρώτου
1558 2302 1659 2372 μὲν
1709 2302 1807 2358 τοῦ

221 2394 383 2448 Δαόὶδ
406 2394 849 2465 βασιλεύσαντος,
868 2390 991 2450 εἶτα
1015 2394 1124 2449 τῶν
1147 2396 1207 2463 ἐξ
1237 2395 1469 2460 ἐκείνου,
1497 2395 1592 2450 καὶ⁸
1613 2397 1809 2453 πασῶν

219 2488 275 2542 δὲ
310 2489 425 2543 τῶν
453 2488 632 2544 ἄλλων
662 2490 847 2559 φυλῶν
875 2486 946 2563 ἦν
982 2490 1355 2560 δυνατωτάτη·
1378 2491 1473 2545 καὶ
1503 2493 1612 2562 γὰρ
1642 2493 1809 2563 ἡνίκα

219 2580 387 2634 Δαδὶδ
413 2581 442 2633 6
482 2580 734 2652 βασιλεὺς
762 2582 1138 2654 ἀριθμηθῆναι
1186 2582 1492 2652 προσέταξε
1536 2571 1627 2639 τὸν
1654 2584 1806 2651 λαὸν,

218 2674 582 2744 τετρακοσίας
604 2674 850 2745 χιλιάδας
878 2674 973 2729 τοῦ
1012 2672 1191 2729 ’ἰούδα
1212 2668 1364 2747 εὗρε,
1396 2674 1508 2730 τῶν
1548 2676 1607 2729 δὲ
1632 2676 1809 2730 ἄλλων

220 2765 409 2834 φυλῶν
454 2766 824 2831 ἐννεακοσίας·
858 2768 952 2820 καὶ
980 2765 1165 2838 μέντοι
1198 2768 1303 2821 κάν
1338 2769 1407 2839 τῇ
1440 2768 1633 2839 ἐρήμῳ
1685 2769 1809 2838 ἀρι-

218 2855 551 2929 δμηθέντες,
571 2858 794 2923 πλείους
816 2857 1079 2931 ὤφθησαν
1106 2859 1215 2913 τῶν
1248 2858 1426 2914 ἄλλων
1442 2858 1645 2928 φυλῶν·
1674 2859 1809 2913 ἀλλὰ

215 2948 279 3007 τὸ
308 2946 540 3023 ἀκριϐὲς
565 2950 665 3021 τῆς
698 2952 1059 3021 προρρήσεως
1096 2947 1197 3019 τὴν
1235 2946 1459 3000 ἔκϐασιν
1492 2946 1686 3000 ἐλαϐεν
1716 2948 1811 3000 ἐπὶ

216 3044 311 3101 τοῦ
336 3044 614 3099 Δεσπότου
639 3042 899 3115 Χριστοῦ,
928 3041 987 3104 ὃς
1010 3042 1076 3095 ἐκ
1100 3038 1336 3111 βλαστοῦ
1378 3038 1548 3093 Ἰούδα
1567 3039 1809 3094 ἀνέτειλε

216 3138 359 3192 κατὰ
387 3138 481 3191 τὸν
516 3137 863 3208 πατριάρχην
907 3134 1125 3199 Ἰακὼϐ,
1168 3133 1265 3188 καὶ
1294 3133 1438 3188 κατὰ
1473 3133 1565 3186 τὸν
1599 3133 1807 3204 προφή-

215 3247 315 3303 την
343 3230 600 3285 Ἡσαΐαν·
633 3248 650 3281 ι
674 3225 896 3298 Ἐξῆλθε
918 3226 1115 3300 ράὁδος
1132 3227 1198 3281 ἐκ
1212 3227 1314 3296 τῆς
1333 3226 1488 3298 ῥίζης
1504 3225 1695 3289 Ἰεσαὶ,
1713 3226 1806 3280 καὶ

216 3323 381 3387 ἄνθος
406 3324 470 3376 ἐκ
499 3322 600 3392 τῆς
631 3321 788 3393 ῥίζης
816 3320 1041 3392 ἀνέθεν»
1070 3319 1218 3391 αὑτῷ
1237 3318 1301 3372 δέ
1325 3320 1419 3373 καὶ
1444 3318 1505 3372 τὸ
1534 3337 1554 3371 ι
1579 3319 1809 3373 Ἀναπε-

219 3415 331 3466 σὼν
378 3414 456 3476 ώς
486 3412 625 3466 λέων
667 3412 962 3483 ἐκοιμήθη,
1011 3411 1297 3483 ἁρμόττει,
1326 3410 1423 3464 καὶ
1454 3410 1529 3473 ὡς
1569 3407 1808 3478 σκύμνος

212 3505 459 3568 λέοντος·
494 3525 512 3557 ι
535 3503 724 3575 ὥσπερ
746 3504 853 3575 γὰρ
880 3505 909 3557 6
938 3503 1074 3557 λέων
1095 3503 1378 3557 καθεύδων
1408 3502 1529 3556 ἐστὶ
1552 3501 1808 3574 φοϐερὸς,

214 3598 400 3663 οὕτως
446 3600 476 3651 6
496 3598 823 3661 Δεσποτικὸς
852 3597 1083 3660 θάνατος
1131 3597 1228 3651 καὶ
1256 3595 1337 3665 τῷ
1367 3594 1584 3666 θανάτῳ
1613 3597 1708 3649 καὶ
1728 3594 1810 3667 τῷ

213 3691 459 3761 διαϐόλῳ
496 3691 811 3760 γεγένηται·
855 3689 1046 3741 λέοντα
1090 3688 1200 3759 γὰρ
1232 3687 1396 3740 αὐτὸν
1443 3688 1538 3741 καὶ
1569 3686 1811 3756 σκύμνον

212 3784 439 3849 λέοντος
459 3784 731 3855 κέκληκεν
750 3782 825 3845 ώς
850 3782 1087 3836 Βασιλέα
1106 3781 1203 3835 καὶ
1223 3779 1500 3844 Βασιλέως
1533 3781 1686 3844 Υίὸν,
1715 3780 1811 3834 καὶ⁸

215 3880 354 3934 Θεὸν
397 3879 491 3932 καὶ
513 3876 651 3931 Θεοῦ
671 3877 801 3930 Υίόν
834 3892 848 3907 ·
872 3875 969 3930 καλ⁹
992 3875 1133 3929 κατὰ
1150 3874 1212 3928 τὸ
1232 3873 1600 3947 ἀνθρώπινον·
1628 3877 1693 3928 ἐκ
1714 3873 1810 3927 τοῦ

217 3972 396 4026 Δαδὶδ
434 3972 542 4043 γὰρ
567 3970 893 4041 ἐϐλάστησε·
926 3969 1018 4031 καὶ
1049 3967 1125 4031 ώς
1162 3966 1296 4031 Θεὸς
1327 3966 1432 4038 πρὸ
1456 3965 1567 4020 τῶν
1596 3965 1813 4021 αἰώνων

216 4066 282 4119 ἐκ
300 4064 408 4119 τοῦ
424 4064 639 4134 Πατρὸς
668 4061 957 4133 ἐγεννήθη·
988 4060 1083 4113 καὶ
1105 4060 1187 4123 τὸ,
1210 4077 1229 4111 t
1253 4059 1350 4122 Τίς
1371 4060 1556 4131 ἐγερεῖ
1580 4058 1808 4125 αὐτόν;›

215 4158 320 4230 τὴν
379 4157 588 4225 ἄφατον
644 4152 813 4207 αὑτοῦ
867 4152 1110 4205 δείκνυσι
1174 4150 1425 4221 δύναμιν·
1495 4150 1660 4214 αὐτὸς
1703 4150 1815 4221 γὰρ

217 4249 424 4303 ἑαυτὸν
439 4245 705 4317 ἀνέστησε
730 4243 870 4297 κατὰ
884 4243 985 4313 τὴν
1010 4240 1178 4296 αὑτοῦ
1196 4242 1506 4314 πρόρρησιν
1524 4258 1571 4292 οι
1596 4241 1815 4297 Λύσατε

214 4343 311 4397 τὸν
340 4341 473 4396 ναὸν
499 4338 709 4402 τοῦτον,
742 4357 762 4389 ι
790 4336 885 4391 καὶ
908 4335 1054 4407 ἑξῆς.

1910 468 2245 523 descentiatn
2306 467 2585 536 appellat:
2618 466 2767 523 illinc
2812 468 3017 538 quippe
3062 466 3286 523 ducitur
3323 483 3491 527 voca-

1912 559 2027 614 buli
2060 558 2505 614 excandescentia
2530 560 2706 626 ratio;
2736 560 2889 614 ardet
2908 559 3056 615 euim
3083 560 3492 615 excandescens

1912 650 2198 705 inimicum
2248 650 2553 706 ulciscendi
2602 650 2925 721 cupiditate.
2974 653 3155 721 Atque
3202 652 3318 707 haec
3371 651 3491 719 ipsa

1912 744 2051 800 ultio
2088 743 2412 799 vaticinium
2445 753 2589 800 erat.
2627 762 2646 795 ι
2680 743 2925 797 Dividam
2956 744 3155 813 quippe
3178 757 3274 798 eos
3301 743 3357 797 in
3394 739 3492 796 Ja-

1912 838 2038 903 cob,
2086 837 2394 909 dispergam
2442 837 2498 892 in
2531 836 2719 893 Israel.
2758 854 2776 886 ι
2828 835 3039 904 Reapse
3072 844 3250 890 tamen
3282 834 3494 889 Levinii

1914 931 2095 986 tribus
2144 930 2347 986 summi
2383 930 2613 985 honoris
2648 930 2825 999 gratia
2860 928 3108 997 dispersa
3148 926 3254 985 fuit
3289 942 3492 981 :nam-

1915 1038 2023 1093 que
2047 1033 2107 1078 ut
2139 1023 2194 1077 in
2228 1022 2464 1094 singulis
2494 1021 2744 1077 tribubus
2769 1019 2972 1075 Levitae
3000 1029 3186 1075 essent
3220 1034 3285 1074 ac
3313 1034 3496 1075 sacer-

1913 1116 2089 1183 dotes,
2139 1115 2493 1184 indidemque
2545 1114 2837 1170 utilitatem
2886 1111 3324 1183 perciperent”,
3386 1125 3495 1165 non
3560 1170 3565 1175 ,

1913 1218 1997 1265 est
2026 1208 2136 1265 illis
2164 1208 2446 1278 assignata
2475 1205 2773 1276 peculiaris
2806 1204 3110 1275 possessio,
3139 1203 3235 1259 sed
3266 1202 3321 1257 in
3357 1217 3497 1257 una-

1914 1315 2137 1372 quaque
2166 1299 2311 1355 tribu
2339 1297 2591 1369 quaedam
2625 1298 2789 1353 urbes
2814 1297 3095 1352 attributae
3125 1310 3253 1350 cum
3295 1294 3498 1350 subur-

1915 1390 2044 1447 bani
2074 1389 2178 1444 soli
2206 1388 2434 1443 deﬁnito
2477 1387 2791 1443 cubitorum
2833 1400 3089 1439 numero.
3126 1382 3266 1438 Tum
3299 1398 3367 1439 ne
3408 1381 3498 1436 Si-

1914 1482 2130 1540 meonis
2154 1482 2376 1552 quidem
2417 1480 2596 1535 tribus
2627 1479 3132 1549 propriumagrum
3162 1475 3356 1531 sortita
3391 1484 3497 1536 est.

1914 1577 2011 1633 sed
2062 1587 2123 1632 ut
2178 1575 2490 1646 patriarcha
2548 1572 2894 1643 praedixerat,
2944 1571 3087 1626 inter
3126 1568 3263 1625 alias
3322 1567 3499 1623 tribus

1912 1670 2162 1740 dispersa
2187 1670 2251 1721 ".

1979 1762 2035 1817 2.
2075 1762 2186 1833 Age
2221 1774 2348 1815 vero
2369 1756 2522 1813 Judae
2548 1755 2812 1826 plurimas
2835 1755 3022 1811 laudes
3043 1753 3254 1808 recitat.
3292 1767 3312 1801 ι
3336 1748 3498 1813 Juda,

1907 1852 2133 1909 laudent
2178 1859 2230 1904 te
2276 1848 2480 1903 fratres
2525 1846 2643 1912 tui;
2690 1857 2888 1897 manus
2942 1852 3049 1897 tua:
3099 1841 3153 1896 in
3192 1838 3497 1896 cervicibus

1906 1946 2148 2003 hostium
2181 1952 2441 2006 tuorum;
2470 1939 2567 1994 lilii
2598 1938 2779 2008 patris
2805 1936 2884 1991 tui
2912 1936 3142 1990 adorent
3166 1942 3238 1987 te.
3270 1931 3499 1987 Catulus

1905 2038 2081 2094 leonis
2111 2035 2281 2092 ludas
2309 2051 2326 2103 ;
2360 2049 2427 2088 ex
2455 2032 2718 2104 germine,
2751 2028 2827 2083 ﬁli
2850 2026 2946 2092 mi,
2978 2025 3297 2081 ascendas.»
3332 2021 3494 2093 Atqui

1905 2130 2045 2187 nihil
2073 2131 2270 2185 horum
2298 2126 2454 2182 Judze
2485 2123 2758 2194 congruit,
2789 2120 2885 2178 sed
2924 2127 3060 2175 orta:
3086 2133 3155 2172 ex
3197 2130 3265 2171 eo
3300 2113 3489 2174 tribui,

1905 2239 2029 2297 qua:
2074 2221 2275 2293 regalis
2325 2217 2520 2281 evasit,
2587 2215 2792 2270 Davide
2845 2228 2974 2283 rege
3031 2211 3245 2282 primo,
3293 2207 3489 2263 deinde

1906 2315 2147 2390 posteris
2180 2313 2323 2384 ejus.
2358 2308 2486 2365 Haec
2522 2306 2772 2363 omnium
2818 2304 3060 2359 tribuum
3114 2298 3496 2371 potentissima

1908 2408 2056 2464 fuit:
2097 2421 2226 2461 nam
2280 2412 2490 2457 etcum
2544 2415 2641 2454 rex
2692 2396 2860 2451 David
2918 2394 3197 2449 numerari
3234 2390 3498 2462 populum

1904 2500 2099 2573 jussit,
2136 2496 2537 2569 quadringenta
2574 2490 2745 2545 millia
2788 2486 3105 2542 Iudaeorum
3141 2486 3385 2556 reperit;
3432 2498 3501 2537 ex

1909 2594 2033 2651 aliis
2091 2606 2223 2648 vero
2278 2587 2522 2646 cunctim
2578 2583 2830 2659 tribubus
2896 2587 3168 2650 nongenta
3245 2575 3498 2631 millia”.

1908 2689 2022 2743 Imo
2054 2693 2109 2741 et
2166 2683 2221 2738 in
2281 2681 2501 2737 deserto
2560 2692 2686 2732 cum
2745 2689 2946 2731 census
2996 2680 3269 2742 ageretur,
3318 2668 3502 2738 plures

1907 2779 2082 2836 Judaei
2113 2777 2325 2833 caeteris
2360 2772 2619 2828 tribubus
2649 2766 2916 2838 comperti
2950 2773 3101 2821 sunt.
3134 2760 3394 2817 Vaticiuii
3416 2770 3501 2814 ta-

1911 2887 2036 2928 men
2074 2874 2333 2925 accurata
2391 2864 2535 2919 ratio
2581 2869 2741 2916 nacta
2796 2865 2882 2914 est
2925 2856 3132 2911 exitum
3183 2854 3236 2907 in
3279 2850 3504 2905 Christo

1911 2964 2169 3027 Domino,
2196 2962 2291 3032 qui
2318 2958 2386 3015 de
2409 2956 2563 3013 luds:
2596 2952 2846 3025 germine
2867 2949 3115 3011 emersit,
3144 2956 3311 3017 prout
3336 2942 3500 2999 Jaco-

1912 3057 2015 3112 bus
2047 3053 2361 3126 patriarcha
2413 3057 2469 3105 et
2513 3045 2684 3125 Isaia;
2731 3041 2997 3114 prOpheta
3052 3038 3499 3095 affirmaverunt:

1910 3147 2059 3201 Exiit
2086 3144 2234 3213 virga
2258 3142 2327 3198 de
2352 3141 2535 3196 radice
2559 3136 2771 3201 Jessaei,
2802 3144 2856 3190 et
2878 3133 2979 3190 flos
3003 3133 3071 3188 de
3102 3131 3284 3185 radice
3312 3143 3505 3184 ascen-

1909 3241 2008 3297 dit.
2043 3239 2266 3296 Christo
2315 3244 2577 3306 praatcrea
2622 3231 2791 3287 verba
2832 3234 3168 3297 congruunt,
3236 3240 3256 3273 ι
3308 3219 3378 3277 Ut
3420 3221 3505 3275 leo

1909 3333 2278 3408 procumbens
2340 3327 2568 3399 quievit,
2625 3338 2684 3379 ut
2740 3322 2916 3378 leonis
2951 3317 3246 3376 catulus“.
3291 3332 3312 3368 ι
3367 3314 3502 3369 Nam

1911 3406 2077 3485 sicuti
2113 3426 2199 3480 leo
2230 3422 2440 3479 cubans
2481 3416 2743 3475 terribilis
2783 3421 2887 3481 est,
2932 3412 3007 3467 ita
3038 3425 3191 3465 mors
3220 3406 3505 3463 Dominica

1912 3518 2076 3577 morti
2109 3533 2174 3574 ac
2210 3515 2423 3571 diabolo
2461 3509 2657 3567 terrori
2691 3507 2815 3563 fuit.
2855 3506 3095 3561 Leonem
3136 3502 3315 3572 ipsum
3347 3505 3508 3554 catu-

1912 3615 2139 3685 lumque
2172 3610 2346 3665 leonis
2380 3605 2637 3677 appellat,
2680 3615 2877 3670 nempe
2921 3606 2982 3653 ut
3023 3609 3206 3668 regem
3251 3592 3511 3685 regisque

1916 3682 2410 3771 ﬁlium,Deumque
2456 3697 2548 3751 Dei
2587 3694 2807 3749 Filium.
2844 3689 3061 3746 Etenim
3093 3696 3152 3740 ut
3181 3687 3367 3747 homo,
3400 3682 3509 3736 Da-

1914 3799 2039 3854 vide
2067 3804 2223 3851 ortus
2249 3801 2369 3858 est;
2404 3801 2466 3845 ut
2497 3790 2662 3853 Deus,
2716 3793 2843 3839 ante
2874 3781 3074 3837 saecula
3106 3793 3135 3830 a
3168 3775 3332 3831 Patre
3355 3773 3511 3844 geni-

1915 3900 2028 3947 tus.
2047 3886 2167 3943 Jam
2186 3886 2351 3940 verba
2375 3902 2393 3935 ι
2419 3881 2557 3948 Quis
2574 3876 2865 3934 suscitabit
2884 3889 3034 3938 eum,
3057 3890 3075 3922 ι
3099 3868 3368 3923 maximas
3388 3865 3509 3934 ejus

1914 3984 2060 4037 vires
2088 3980 2471 4034 demonstrant
2504 3988 2517 4026 :
2547 3972 2665 4041 ipse
2688 3969 2835 4023 enim
2863 3972 3038 4021 semet
3061 3969 3224 4032 prout
3249 3955 3512 4030 praedixe-

1915 4083 2004 4130 rat
2047 4067 2407 4128 exsuscitavit
2456 4084 2470 4121 :
2530 4084 2548 4117 ι
2594 4062 2803 4118 Solvite
2867 4058 3129 4128 templum
3180 4053 3323 4119 hoc;
3380 4068 3400 4101 ο
3453 4058 3509 4103 et

1917 4169 2151 4238 reliqua.

294 4442 369 4504 γ’.
814 4389 873 4482 δὲ
900 4389 1141 4497 καὶμτῆς
1165 4426 1489 4496 ἐπιφανείας
1518 4426 1684 4480 αὐτοῦ
1713 4427 1806 4481 τὸν

1990 4412 2046 4468 3.
2079 4409 2263 4481 Pergit
2294 4415 2514 4475 tempus
2544 4401 2708 4458 etiam
2744 4396 3062 4470 praedicere,
3103 4405 3214 4463 quo
3243 4389 3334 4445 ille
3377 4403 3509 4443 ven-

219 4527 441 4600 καιρόν·
464 4544 482 4576 ι
502 4526 618 4579 Οὐκ
633 4522 874 4593 ἐκλείψει
891 4522 999 4593 γὰρ
1015 4521 1199 4592 ἄρχων
1216 4518 1277 4585 ἐξ
1305 4520 1495 4586 Ἰούδα,
1520 4541 1540 4575 ι
1560 4522 1654 4575 καὶ
1666 4520 1813 4593 ἐξῆς·

218 4622 460 4691 σημεῖον
492 4618 601 4689 γὰρ
636 4617 795 4670 τοῦτο
831 4618 933 4687 τῆς
977 4613 1075 4667 τοῦ
1106 4613 1315 4684 Κυρίου
1356 4613 1662 4684 παρουσίας
1717 4630 1816 4667 σα-

218 4712 519 4780 φέστατον·
572 4707 819 4771 ἐξέλιπον
866 4704 978 4774 γὰρ
1016 4703 1125 4757 τῶν
1163 4702 1437 4758 Ἰουδαίων
1456 4704 1559 4774 οὐχ
1587 4705 1638 4756 οί
1662 4700 1818 4774 βασι-

218 4803 343 4866 λεῖς
405 4802 565 4872 μόνον
595 4799 732 4853 ἀλλὰ
769 4798 863 4851 καὶ
910 4797 961 4850 oi
1007 4797 1289 4869 ἀρχιερεῖς
1314 4796 1411 4851 καὶ
1437 4796 1489 4849 οἱ
1517 4798 1815 4868 προφῆται·

215 4892 321 4947 τοῦ
364 4893 473 4962 γὰρ
504 4890 755 4962 Σωτῆρος
796 4886 955 4959 ἡμῶν
987 4886 1271 4958 μέλλοντος
1298 4885 1604 4951 τίκτεσθαι,
1649 4887 1811 4940 ἁλλό-

220 4985 390 5054 φυλοι
419 4982 599 5036 αὐτῶν
627 4982 940 5053 ἐκράτησαν
975 4977 1239 5049 βασιλεῖς,
1274 4978 1363 5032 ἵνα
1391 4979 1421 5032 6
1463 4977 1680 5042 αἰώνιος
1707 4978 1818 5032 δει-

218 5078 331 5147 χθῇ
368 5074 629 5138 Βασιλεὺς
655 5075 689 5145 ή
719 5072 829 5126 τῶν
857 5070 1030 5126 ἐθνῶν
1076 5069 1397 5141 προσδοκία·
1434 5070 1530 5123 καὶ
1557 5069 1667 5139 γὰρ
1720 5069 1815 5124 καὶ

217 5168 307 5239 τῷ
362 5166 614 5238 Ἀϐραὰμ
643 5165 739 5218 καὶ
765 5164 843 5235 τῷ
886 5164 1074 5217 Ἰσαὰκ
1094 5162 1189 5215 καὶ
1217 5160 1295 5233 τῷ
1327 5150 1529 5215 Ἰακὼϐ
1549 5161 1817 5231 ὑπέσχετο

218 5264 250 5315 6
287 5261 426 5323 Θεὸς
455 5261 515 5311 ἐν
564 5258 643 5330 τῷ
694 5260 970 5328 σπέρματι
1029 5254 1210 5309 αὐτῶν
1260 5253 1578 5325 εὐλογήσειν
1640 5254 1822 5306 πάντα

220 5353 298 5407 τὰ
330 5352 458 5422 ἔθνη
480 5352 580 5420 τῆς
614 5350 737 5420 γῆς·
770 5348 1004 5403 τοῦτοδὲ
1024 5348 1120 5401 καὶ
1148 5345 1382 5400 ἐνταῦθα
1427 5344 1751 5414 παραδηλῶν
1793 5345 1822 5397 6

235 5444 465 5510 Ἰακὼϐ,
498 5444 651 5516 φησί·
679 5462 696 5494 ε
724 5443 838 5495 Οὐκ
853 5440 1091 5510 ἐκλείψει
1123 5441 1361 5511 ἄρχων,›
1390 5440 1484 5491 καὶ
1506 5435 1656 5506 ἑξῆς·
1689 5436 1820 5503 ἓως,

232 5557 253 5589 ε
280 5537 397 5590 Καὶ
410 5538 568 5600 αὐτὸς
585 5535 880 5607 προσδοκία
897 5533 1086 5587 ἐθνῶν·
1110 5551 1129 5585 ι
1147 5533 1244 5585 καὶ
1258 5529 1530 5584 Ἰουδαίων
1549 5528 1822 5584 συστάντα

309 5650 358 5683 ³¹
385 5650 541 5705 Num.
598 5664 763 5709 xxxv.
792 5650 847 5704 4.

232 5722 282 5753 ³⁸
309 5720 511 5778 ches.
543 5737 690 5786 ιιιχ,
726 5719 810 5776 10.

1914 4517 2077 4564 turus
2111 4511 2273 4559 erat:
2308 4519 2329 4554 ι
2374 4498 2497 4554 Non
2523 4494 2741 4551 deﬁciet
2786 4492 3040 4562 princeps
3072 4501 3141 4541 ex
3167 4482 3343 4549 Juda;
3387 4500 3408 4535 ι
3455 4490 3513 4536 et

1917 4601 2152 4670 reliqua.
2180 4596 2294 4652 Hoc
2339 4592 2486 4649 enim
2525 4588 2790 4645 iudicium
2839 4583 2942 4638 fuit
2973 4578 3177 4637 Christi
3226 4574 3518 4646 prmseutis

1917 4666 2419 4764 exploratissimum
2455 4702 2471 4739 :
2506 4694 2747 4750 namque
2773 4675 2917 4747 apud
2942 4672 3160 4728 Judaeos
3193 4666 3513 4723 defecerant

1917 4762 2029 4843 non
2064 4800 2219 4857 reges
2256 4774 2661 4840 tantummodo,
2692 4771 2790 4827 sed
2822 4769 2987 4825 etiam
3028 4762 3319 4836 pontiﬁces
3348 4767 3516 4829 atque

1922 4852 2221 4951 prophetae.
2253 4872 2466 4928 Etenim
2496 4865 2803 4923 Servatoris
2834 4859 3009 4916 nostri
3038 4859 3280 4914 instante
3315 4852 3525 4908 nativi-

1923 4983 2056 5039 tate,
2086 4970 2404 5041 alienigena:
2434 4979 2590 5037 reges
2618 4960 3065 5022 dominabantur,
3101 4964 3165 5011 ut
3209 4968 3308 5009 rex
3352 4960 3521 5006 reter-

1925 5084 2032 5125 uus
2082 5062 2549 5123 manifestaretur,
2596 5055 2837 5126 gentium
2867 5047 3226 5119 exspectatio.
3270 5042 3409 5098 Nam
3458 5048 3515 5096 ct

1924 5158 2243 5216 Abrahamo
2267 5164 2321 5209 et
2354 5152 2541 5208 lsaaco
2566 5157 2621 5204 et
2655 5145 2859 5202 Jacobo
2901 5141 3234 5214 promiserat
3256 5135 3425 5198 Deus,
3457 5132 3518 5187 in

1920 5250 2131 5309 semine
2179 5260 2374 5302 eorum
2433 5240 2848 5298 benedicturum
2898 5252 2959 5293 se
2995 5242 3186 5305 gentes
3242 5240 3421 5284 terrae.
3455 5224 3519 5277 ιιι

1920 5343 2101 5413 ipsum
2144 5339 2250 5393 hoc
2276 5338 2398 5391 loco
2426 5332 2713 5389 declarans
2740 5328 2979 5385 Iacobus
3011 5325 3129 5380 ait:
3168 5339 3188 5373 ι
3226 5317 3347 5413 Non
3375 5314 3513 5413 dell-

1921 5405 2030 5490 ciet
2056 5431 2310 5504 princeps
2333 5443 2351 5495 ;
2380 5446 2399 5479 ›
2426 5435 2482 5484 ct
2499 5425 2730 5493 reliqua,
2754 5435 2928 5490 usque
2945 5417 3013 5472 ad
3035 5413 3235 5469 verba:
3268 5425 3287 5460 ι
3312 5405 3378 5460 Et
3394 5405 3520 5475 ipse

1922 5528 2026 5584 erit
2056 5500 2401 5596 exspectatio
2432 5519 2679 5594 gentium
2706 5533 2721 5572 :
2747 5534 2767 5568 ι
2803 5511 3174 5586 populumque
3222 5500 3519 5558 Iudaicum

950 5648 995 5681 ³³
1022 5645 1143 5704 Jos.
1172 5660 1285 5713 nx,
1315 5642 1368 5700 9.
1469 5642 1515 5675 ³³
1539 5642 1561 5699 ι
1588 5643 1768 5700 Paral.
1797 5660 1812 5699 ι

1946 5643 2017 5712 5;
2046 5639 2208 5697 Nutu.
2250 5655 2289 5708 ι,
2340 5636 2432 5695 27.
2535 5634 2581 5667 ³⁵
2612 5631 2721 5691 lsa.
2770 5643 2844 5693 χι,
2880 5628 2932 5681 7.
3028 5622 3072 5654 ³⁸
3101 5616 3260 5675 Joan.
3326 5629 3385 5682 ιι,
3422 5612 3517 5668 l9.
