3854 6216
369 183 509 250 1075

1438 181 1703 244 ΡΗΟΤΙΙ
1742 175 2250 240 ΡΛΤΗΙΑΒΟΗΕ
2287 175 2400 236 CP.

3472 173 3601 238 1cm

358 295 675 353 constituet.
709 292 970 360 Alligans,
1002 290 1203 362 inquit,
1236 290 1332 346 viti
1361 291 1573 347 asinam
1610 306 1789 355 suam,
1820 286 1947 343 vitis

2051 279 2531 353 λαόν.ιΔεσμεύων
2551 280 2687 352 πρὸς
2714 279 2960 351 ἄμπελον
2985 278 3084 351 τὴν
3105 278 3231 334 δνον
3259 280 3437 349 αὐτοῦ,
3455 286 3603 357 φησὶν

359 403 517 443 ramo
541 387 746 456 pullum
776 386 945 441 asina:
971 399 1104 440 suat.
1137 383 1291 451 Quod
1321 384 1542 454 quidem
1569 386 1697 440 vitis
1725 383 1949 439 nomine

359 481 648 535 denotetur
681 479 867 544 Israel,
916 479 1120 548 passim
1172 479 1452 549 prophetae
1492 477 1712 533 docent.
1751 475 1950 548 Utique

361 572 529 628 David
579 573 685 627 ait:
740 591 761 625 ι
806 571 1027 627 Vineam
1072 588 1139 627 ex
1178 570 1416 644 Egypto
1470 570 1793 627 transtulisti
1813 572 1882 626 ³⁷.
1920 589 1941 625 ι

361 664 500 721 Tum
575 666 840 722 Dominus
901 668 953 720 in
992 665 1348 735 Evangeliis:
1406 683 1427 717 ι
1480 660 1660 719 Homo
1720 664 1945 734 quidam

362 760 578 812 vineam
648 759 995 829 plantavit”.
1039 778 1060 812 ι
1123 756 1338 812 Pullum
1404 757 1540 812 dicit
1590 755 1943 813 ethnicorum

362 851 625 920 populum
646 892 663 914 ,
713 860 895 921 utpote
924 852 1105 907 adhuc
1134 850 1421 905 indocilem
1456 859 1512 906 et
1549 852 1819 906 domitore
1850 866 1946 906 ca-

363 953 593 999 rentem.
631 942 747 1000 Hoc
774 945 892 1014 ipse
916 943 1182 999 Dominus
1235 944 1436 1008 innuit,
1496 960 1620 1001 cum
1668 945 1948 1000 mandavit

363 1040 651 1112 discipulis
683 1052 741 1097 ut
766 1042 820 1097 in
854 1042 1142 1097 adversum
1171 1042 1452 1098 castellum
1487 1044 1649 1110 irent,
1680 1044 1950 1099 vinctam-

362 1149 470 1203 que
512 1137 723 1190 asinam
756 1136 1028 1191 solverent
1055 1150 1182 1191 cum
1223 1136 1371 1205 pullo
1417 1137 1558 1207 ejus,
1589 1154 1753 1209 quem
1784 1154 1947 1193 nemo

363 1227 563 1293 adhuc,
600 1228 797 1298 inquit,
840 1229 1112 1284 insederat
1130 1229 1197 1285 ".
1229 1230 1361 1286 Nam
1394 1248 1571 1304 neque
1609 1238 1943 1305 patriarcha,

364 1336 540 1389 neque
570 1321 867 1388 legislator,
890 1338 1066 1391 neque
1099 1324 1361 1394 propheta
1388 1326 1579 1384 salutis
1598 1330 1943 1387 ethnicorum

364 1428 551 1466 curam
577 1425 879 1482 gesserant.
912 1414 1029 1470 Divi
1053 1427 1237 1472 autem
1267 1421 1498 1489 apostoli
1526 1424 1744 1479 erudire
1765 1426 1948 1480 ethni-

364 1517 457 1555 cos
486 1503 627 1570 jussi
668 1505 947 1561 solverunt
1003 1508 1235 1574 asinam,
1270 1508 1321 1564 id
1356 1520 1440 1565 est
1470 1512 1753 1569 hominum
1785 1525 1947 1570 natu-

364 1612 481 1649 ram
522 1607 869 1665 peccatorum
900 1599 1029 1653 loris
1077 1608 1236 1655 antea
1263 1601 1569 1657 devinctam
1604 1620 1619 1657 :
1662 1606 1946 1663 solverunt
1975 1632 2020 1690 Β

363 1696 417 1739 ct
450 1687 677 1755 pullum.
714 1691 1109 1759 germinantem
1149 1693 1356 1749 scilicet
1398 1711 1466 1749 ex
1508 1712 1571 1751 ea
1629 1700 1888 1769 populum
1926 1718 1941 1755 :

365 1779 743 1851 impositisqne
767 1783 814 1837 ei
841 1784 1181 1840 vestimentis
1210 1788 1345 1850 suis,
1376 1788 1426 1842 id
1456 1799 1559 1852 est,
1593 1807 1757 1861 quam
1789 1810 1949 1849 acce-

365 1882 576 1939 perant,
614 1874 786 1940 gratia
842 1877 991 1946 (nam
1033 1886 1300 1948 quotquot
1336 1880 1387 1934 in
1425 1880 1646 1937 Christo
1686 1885 1945 1956 baptizati

366 1975 526 2026 sunt,
588 1964 863 2019 Christum
922 1967 1295 2041 induerunt”)
1359 1972 1591 2027 docilem
1648 1977 1948 2034 ellecerunt

365 2068 525 2119 eum,
573 2054 668 2126 qui
723 2065 843 2111 erat
905 2068 1062 2114 antea
1103 2060 1283 2130 pullus
1334 2064 1673 2133 indomitus,
1733 2070 1948 2143 ipsique

368 2145 657 2203 Dominum
692 2151 1091 2221 imposuerunt.
1142 2153 1280 2211 Tum
1319 2163 1570 2215 eumdem
1611 2162 1705 2218 viti
1756 2167 1949 2234 alliga-

368 2251 585 2307 verunt,
626 2243 679 2297 id
710 2255 794 2299 est
821 2245 1042 2302 sibimet
1072 2249 1206 2319 ipsis
1243 2268 1257 2305 :
1305 2269 1432 2308 nam
1472 2252 1677 2313 ludatis
1727 2261 1947 2318 oriundi

367 2336 622 2406 apostoli.
674 2335 858 2408 Neque
927 2343 1190 2410 apostolis
1245 2352 1490 2411 tantum,
1538 2365 1729 2407 verum
1782 2359 1946 2411 etiam

368 2426 567 2482 horum
617 2430 902 2501 discipulis
947 2434 1184 2490 devincti
1233 2436 1419 2495 ﬁdeles
1466 2454 1644 2499 sunt:
1697 2445 1749 2501 id
1800 2449 1949 2519 quod

366 2523 678 2591 patriarcha
732 2528 1035 2595 praevidens
1082 2530 1157 2584 ait
1200 2546 1217 2584 :
1270 2533 1513 2605 Alligans
1564 2539 1661 2594 viti
1731 2542 1948 2598 asinam

367 2631 545 2681 suam,
578 2633 839 2689 ramoque
870 2621 995 2677 vitis
1026 2622 1232 2692 pullum
1262 2626 1429 2683 asina:
1458 2644 1591 2686 sum.

2048 372 2144 427 καὶ
2158 376 2224 443 τῇ
2255 371 2396 425 ’ἐλικι
2421 371 2520 442 τῆς
2537 371 2782 442 ἀμπέλου
2805 370 2895 424 τὸν
2918 370 3100 425 πῶλον
3119 369 3222 441 τῆς
3247 371 3364 426 ὄνου
3389 375 3597 428 αὐτοῦ’»

2044 466 2128 520 ὅτι
2156 464 2212 519 δὲ
2242 464 2485 537 ἄμπελος
2523 466 2553 518 6
2610 463 2830 536 Ἰσραὴλ
2876 462 3233 534 ὠνομάζετο,
3272 465 3465 528 πάντες
3513 468 3605 536 μὲν

2044 558 2095 610 οί
2132 559 2408 629 προφῆται
2429 557 2765 613 διδάσκουσι·
2790 556 2885 609 καὶ
2912 555 3077 610 Δασίδ
3108 571 3267 626 φησι·
3292 576 3310 608 ‹
3338 559 3605 627 Ἄμπελον

2045 651 2104 719 ἐξ
2127 651 2403 721 Αἰγύπτου
2437 652 2701 722 μετῆρας·
2729 669 2748 701 ι
2772 650 2867 704 καὶ
2888 650 2918 703 6
2946 648 3151 719 Κύριος
3170 649 3235 703 δὲ
3248 651 3305 701 ἐν
3319 652 3428 713 τοῖς
3450 651 3611 719 Εὐαγο

2044 744 2265 813 γελίοις·
2291 762 2311 795 ι
2335 742 2650 815 Ἄνθρωπός
2662 759 2744 805 τις
2761 740 3056 811 ἐφύτευσεν
3067 740 3387 811 ἀμπελῶνα·
3401 759 3418 791 ι
3440 740 3609 794 πῶλον

2043 835 2101 889 δὲ
2134 836 2224 890 τὸν
2260 835 2320 900 ἐξ
2346 834 2516 888 ἐθνῶν
2543 831 2801 903 ὀνομάζει
2835 832 2989 898 λαὸν,
3036 832 3113 896 ὡς
3155 830 3463 903 ἀδάμαστον
3490 830 3613 885 δντα

2046 928 2141 981 καὶ
2189 927 2547 999 πωλοδάμνην
2595 926 2699 980 οὐκ
2759 924 3053 997 ἐσχηκότα·
3091 924 3253 978 τοῦτο
3308 924 3416 995 γάρ
3468 923 3559 977 καὶ
3584 924 3612 976 6

2046 1016 2249 1091 Κύριος
2300 1018 2523 1089 ᾐνίξατο
2573 1018 2688 1081 τοῖς
2736 1015 3059 1079 ἀποστόλοις
3106 1010 3491 1087 προστεταχὼς
3540 1014 3617 1075 είς

2044 1111 2143 1181 τὴν
2170 1111 2433 1165 ἀπέναντι
2475 1108 2669 1180 κώμην
2700 1108 2955 1163 ἀπελθεῖν
3008 1108 3105 1162 καὶ
3153 1106 3317 1160 λῦσαι
3353 1106 3453 1176 τὴν
3500 1103 3617 1158 δνον

2044 1205 2144 1275 τὴν
2185 1203 2477 1274 δεδεμένην
2503 1202 2713 1256 καὶτὸν
2740 1203 2945 1274 ταύτης
2976 1201 3176 1266 πῶλον,
3210 1200 3299 1270 ἐφ’
3337 1198 3418 1265 ὃν,
3466 1199 3615 1267 φησὶ,

2044 1295 2221 1359 οὐδεὶς
2264 1295 2569 1367 ἀνθρώπων
2627 1293 2878 1349 ἐκάθισε·
2920 1294 3043 1348 οὕτε
3090 1294 3201 1365 γάρ
3258 1292 3623 1364 πατριάρχης,

2044 1385 2169 1441 οὔτε
2196 1387 2519 1458 νομοθέτης,
2550 1385 2675 1441 οὔτε
2700 1388 2988 1458 προφήτης
3009 1386 3148 1456 (58),
3179 1386 3282 1456 τῆς
3312 1385 3424 1438 τῶν
3459 1384 3624 1437 ἐθνῶν

2047 1479 2330 1552 ἐφρόντισε
2380 1479 2684 1552 σωτηρίας·
2717 1480 2768 1533 οἱ
2809 1480 2867 1534 δέ
2905 1480 3041 1533 θεῖοι
3094 1478 3391 1533 ἀπόστολοι
3452 1492 3619 1548 προσ-

2046 1572 2343 1643 ταχθέντες
2410 1573 2747 1644 μαθητεῦσαι
2799 1574 2869 1627 τά
2929 1572 3080 1641 ἔθνη,
3138 1570 3342 1623 ἔλυσαν
3393 1567 3493 1639 μὲν
3532 1566 3629 1637 τὴν

2047 1665 2189 1730 δνον,
2232 1666 2480 1719 τουτέστι
2522 1665 2630 1720 τῶν
2665 1664 2971 1737 ἀνθρώπων
3000 1664 3100 1735 τὴν
3129 1663 3300 1732 φύσιν
3347 1662 3448 1731 τὴν
3486 1659 3627 1713 δεδε-

2050 1757 2220 1829 μένην
2258 1760 2382 1822 ταῖς
2430 1759 2524 1829 τῆς
2569 1758 2846 1829 ἁμαρτίας
2905 1759 3134 1829 σειραῖς·
3189 1755 3393 1808 ἔλυσαν
3449 1753 3507 1806 δέ
3542 1754 3632 1807 καὶ

2046 1846 2138 1900 τὸν
2183 1847 2364 1902 πῶλον
2391 1849 2484 1902 τὸν
2534 1850 2601 1903 ἐκ
2636 1849 2841 1919 ταύτης
2895 1848 3316 1919 βεδλαστηκότα
3341 1845 3491 1899 λαόν·
3543 1844 3633 1898 καὶ⁸

2048 1940 2327 2006 ἐπιθέντες
2356 1941 2508 2011 αύτῷ
2531 1941 2601 1996 τά
2657 1942 2845 2013 ἱμάτια
2878 1943 2948 1995 τά
2980 1940 3221 2007 ἑαυτῶν,
3257 1939 3511 1994 τουτέστι
3539 1938 3633 2007 τὴν

2048 2034 2209 2108 χάριν
2228 2028 2297 2107 ἧς
2317 2033 2507 2105 ἔτυχον
2533 2034 2671 2105 (ὅσοι
2700 2034 2809 2105 γὰρ
2827 2037 2908 2099 είς
2927 2032 3167 2105 Χριστὸν
3197 2030 3633 2100 ἐϐαπτίσθησαν,

2049 2126 2282 2198 Χριστὸν
2296 2124 2635 2195 ἐνεδύσαντο)
2648 2127 2886 2196 ,εὐήνιον
2904 2126 3198 2197 ἀπέφηναν
3215 2124 3307 2178 τὸν
3329 2124 3636 2193 ἁδάμαστον

2049 2219 2345 2285 πῶλον,καὶ
2371 2219 2707 2273 ἐπεκάθισαν
2729 2219 2879 2291 αὑτῷ
2911 2220 3003 2274 τὸν
3024 2219 3335 2288 Δεσπότην,
3357 2216 3453 2271 καὶ
3478 2231 3617 2287 προσ

2050 2310 2249 2383 έδησαν
2311 2310 2473 2366 αὑτὸν
2520 2314 2589 2383 τῇ
2649 2312 2903 2383 ἀμπέλῳ,
2957 2312 3252 2365 τουτέστιν
3307 2311 3543 2372 ἑαυτοῖς·
3581 2306 3640 2373 ἐξ

2063 2404 2335 2459 Ἰουδαίων
2372 2405 2482 2476 γάρ
2510 2406 2567 2459 οἱ
2601 2404 2919 2470 ἀπόστολοι,
2964 2404 3025 2457 οὐ
3054 2403 3225 2475 μόνον
3258 2404 3318 2457 δὲ
3358 2403 3473 2466 τοῖς
3508 2401 3640 2454 ἀπο-

2052 2497 2260 2562 στόλοις
2293 2498 2648 2569 συνήφθησαν
2672 2499 2723 2550 oi.
2749 2496 3209 2560 πεπιστευκότες,
3238 2495 3380 2551 ἀλλά
3413 2494 3510 2548 καὶ
3531 2495 3640 2556 τοῖς

2048 2589 2161 2642 τῶν
2204 2590 2519 2644 ἀποστόλων
2584 2591 2853 2662 μαθηταῖς
2878 2606 2894 2621 ·
2954 2589 3051 2643 καὶ
3093 2588 3265 2641 τοῦτο
3319 2584 3571 2659 προορῶν
3616 2584 3643 2636 6

2052 2680 2401 2752 πατριάρχης
2429 2679 2533 2751 ἐφη
2557 2697 2571 2712 ·
2592 2697 2611 2732 ι
2635 2680 2926 2751 Δεσμεύων
2946 2677 3084 2751 πρὸς
3106 2676 3368 2749 ἄμπελον
3399 2676 3499 2743 τὴν
3526 2673 3642 2726 δνον

2051 2773 2241 2840 αὐτοῦ,
2267 2775 2362 2827 καὶ
2390 2776 2459 2846 τῇ
2486 2772 2627 2826 ἕλικι
2648 2772 2749 2843 τῆς
2775 2770 3024 2843 ἀμπέλου
3054 2770 3149 2823 τὸν
3172 2770 3362 2822 πῶλον
3399 2768 3498 2839 τῆς
3524 2765 3644 2820 δνου

2050 2862 2238 2917 αὑτοῦ.
2273 2881 2295 2915 ι

436 2932 492 2987 4.
550 2933 685 2989 Exin
727 2936 1038 3007 passionem
1086 2958 1307 3015 quoque
1333 2948 1619 3017 praedicit:
1663 2970 1682 3005 ι
1717 2952 1947 3015 Lavabit

2120 2956 2183 3011 δ’.
2217 2953 2352 3010 Εἶτα
2380 2957 2475 3010 καὶ
2514 2956 2576 3010 τὸ
2598 2956 2769 3020 πάθος
2809 2955 3096 3027 προλέγει·
3136 2973 3159 3007 ι
3195 2954 3400 3008 [llusz
3436 2955 3493 3007 ἐν
3526 2951 3649 3024 οἴνῳ

360 3028 494 3082 vino
530 3028 727 3083 stolam
767 3046 949 3096 suam,
999 3036 1267 3106 sanguine
1303 3055 1423 3096 uvae
1464 3042 1695 3113 pallium
1730 3062 1892 3106 suum
1928 3070 1948 3108 :

366 3122 569 3215 hilares
606 3123 749 3178 oculi
787 3126 908 3193 ejus
949 3142 989 3182 ac
1017 3129 1176 3195 vino,
1227 3137 1448 3192 candidi
1486 3140 1697 3198 dentes.
1738 3141 1951 3215 Corpus

363 3215 583 3285 quidem
617 3216 739 3288 ejus
770 3220 927 3275 stola:
960 3223 1185 3278 nomine
1215 3226 1466 3298 indigitat
1488 3269 1505 3295 ,
1561 3234 1672 3289 vini
1727 3237 1953 3294 nomine

362 3308 725 3379 sanguinem:
758 3327 882 3366 nam
905 3326 1291 3371 consecratum
1324 3318 1506 3375 vinum
1529 3326 1752 3396 sanguis
1779 3330 1949 3396 est“,

366 3406 505 3454 teste
535 3399 844 3457 Servatoris
865 3417 1140 3463 sermone.
1168 3402 1305 3460 Tum
1329 3409 1717 3478 evangelistam
1734 3414 1955 3471 docen-

366 3499 474 3545 tem
504 3492 794 3559 audimus,
827 3494 977 3563 quod
1028 3510 1153 3551 cum
1188 3497 1387 3560 militis,
1419 3499 1610 3557 lancea
1659 3504 1800 3562 latus
1828 3508 1950 3577 ejus

362 3580 625 3639 ell‘ossum
650 3594 755 3649 est,
783 3586 1008 3656 sanguis
1040 3596 1095 3642 et
1122 3603 1262 3659 aqua
1301 3591 1610 3660 eruperit“
1641 3612 1655 3650 :
1684 3611 1806 3666 quae
1825 3615 1949 3655 sca-

368 3674 534 3728 tebra’.
549 3690 676 3729 cum
703 3678 757 3730 in
786 3690 989 3745 corpus
1015 3678 1342 3745 diilluereut,
1386 3679 1594 3738 idcirco
1638 3685 1756 3740 ait:
1797 3706 1815 3739 ι
1839 3687 1947 3746 La-

366 3765 512 3820 vabit
570 3767 698 3821 vino
752 3769 950 3821 stolam
996 3784 1176 3835 suam,
1231 3786 1347 3826 uvae
1401 3777 1668 3846 sanguine
1724 3780 1947 3850 pallium

362 3857 607 3915 suum“.
639 3878 658 3910 ι
695 3858 899 3914 Deinde
934 3862 1232 3917 ostendens
1266 3875 1586 3923 exorturum
1626 3887 1657 3925 e
1691 3875 1951 3941 passione

361 3951 654 4021 gaudium,
680 3952 945 4017 illilares,
964 3952 1166 4023 inquit,
1196 3958 1338 4012 oculi
1358 3959 1477 4030 ejus
1499 3976 1530 4016 a
1553 3962 1679 4019 vino
1717 3982 1732 4019 :
1760 3984 1781 4017 ι
1820 3983 1947 4023 nam

365 4042 550 4096 laetitia
584 4042 735 4095 orbis
766 4039 1074 4099 Servatoris
1104 4050 1289 4114 passio
1316 4058 1421 4105 est.
1450 4051 1601 4117 Quod
1629 4064 1811 4111 autem
1845 4060 1949 4115 hac

367 4136 540 4204 llgura
567 4135 881 4202 passionem
902 4138 1216 4205 patriarcha
1239 4140 1625 4213 designaverit,
1653 4151 1806 4205 testis
1831 4152 1947 4221 ipse

370 4229 633 4282 Dominus
661 4229 849 4284 dicens
881 4246 896 4283 :
934 4229 1156 4296 «Pater,
1204 4234 1251 4288 si
1295 4235 1413 4290 ﬁeri
1442 4248 1643 4307 potest,
1698 4250 1942 4299 transeat

2053 3048 2152 3117 τὴν
2178 3047 2369 3120 στολὴν
2391 3048 2581 3115 αὑτοῦ,
2607 3050 2702 3104 καὶ
2732 3052 2790 3103 ἐν
2812 3048 3005 3120 αἵματι
3040 3047 3335 3118 σταφυλῆς
3360 3047 3461 3118 τὴν
3496 3061 3648 3115 περιο

2053 3142 2217 3216 δολὴν
2279 3142 2486 3197 αὐτοῦ·
2553 3142 2841 3214 χαροποιοὶ
2896 3142 2946 3195 οί
2993 3140 3281 3212 ὀφθαλμοὶ
3327 3138 3501 3195 αὐτοῦ
3549 3137 3653 3194 ἀπὺ

2050 3234 2240 3289 οἴνου·
2313 3234 2408 3288 καὶ
2482 3232 2669 3287 λευκοὶ⁵
2749 3234 2798 3286 οί
2844 3232 3058 3296 ὀδόντες
3114 3232 3343 3287 αὐτοῦ·
3394 3252 3414 3285 ι
3457 3233 3550 3287 καὶ
3597 3232 3655 3285 :6

2054 3328 2155 3401 μὶν
2219 3326 2380 3397 σῶμα
2437 3325 2603 3380 αὐτοῦ
2656 3326 2850 3395 στολὴν
2915 3323 3184 3396 ὀνομάζει
3214 3344 3231 3358 ·
3288 3327 3354 3381 τὸ
3415 3327 3474 3381 δὲ
3517 3324 3654 3396 αίμα

2051 3417 2195 3475 οἶνον
2229 3436 2245 3454 ·
2279 3419 2465 3492 ἐπειδὴ
2489 3419 2585 3474 καὶ
2614 3421 2707 3472 τὸν
2736 3419 3000 3491 μυστικὸν
3025 3416 3178 3473 οῐνον
3207 3417 3355 3491 αἷμα
3386 3420 3655 3485 κέκληκεν

2049 3514 2081 3567 6
2104 3513 2380 3584 Δεσπότης
2414 3511 2551 3585 (59)·
2580 3513 2855 3584 ἀκούομεν
2876 3512 2935 3566 δὲ
2970 3513 3068 3566 καὶ
3111 3513 3217 3567 τοῦ
3258 3509 3656 3582 εὐαγγελιστοῦ

2050 3606 2392 3670 διδάσκοντος
2450 3605 2526 3669 ὡς
2571 3604 2666 3659 τοῦ
2689 3603 3022 3677 στρατιώτου
3076 3608 3151 3677 τῇ
3185 3606 3366 3678 λόγχῃ
3401 3606 3657 3673 νύξαντος

2051 3698 2220 3753 αὑτοῦ
2243 3699 2344 3770 τὴν
2371 3698 2638 3770 πλευράν,
2680 3698 2906 3770 ἐξῆλθεν
2939 3692 3081 3770 αἷμα
3112 3700 3221 3754 καὶ
3256 3700 3410 3772 ὕδωρ
3442 3716 3454 3731 ·
3513 3690 3659 3753 οὗτοι

2049 3791 2108 3845 δὲ
2144 3793 2195 3845 οί
2220 3791 2441 3863 κρουνοὶ
2482 3790 2571 3845 διά
2620 3791 2714 3846 τοῦ
2764 3792 3021 3863 σώματος
3070 3793 3526 3866 κατερρύησαν·
3571 3790 3657 3844 διά

2051 3883 2212 3939 τοῦτο
2249 3884 2343 3938 καί
2373 3900 2531 3956 φησι·
2576 3904 2595 3937 ι
2625 3885 2827 3939 Πλυνεῖ
2862 3888 2921 3940 ἐν
2948 3886 3078 3954 οἴνῳ
3094 3884 3205 3958 τὴν
3230 3886 3437 3957 στολὴν
3468 3883 3657 3946 αὐτοῦ,

2050 3978 2144 4030 καὶ
2208 3977 2267 4030 ἐν
2327 3976 2521 4047 αἵματι
2575 3976 2856 4047 σταφυλῆς
2910 3976 3010 4048 τὴν
3038 3977 3353 4050 περιϐολὴν
3405 3975 3600 4032 αὑτοῦ.
3636 3992 3655 4026 i

2051 4063 2185 4121 Εἶτα
2238 4067 2452 4130 δεικνὺς
2506 4066 2606 4137 τὴν
2658 4067 2768 4121 ἀπὸ
2816 4065 2912 4120 τοῦ
2977 4067 3195 4132 πάθους
3274 4068 3663 4140 γενησομένην

2050 4160 2411 4231 εὐφροσύνην·
2449 4178 2469 4210 ι
2504 4159 2825 4232 Χαροποιοὶ,
2854 4163 3041 4231 φησὶν,
3073 4162 3125 4214 oi
3170 4161 3465 4234 ὀφθαλμοὶ
3497 4160 3661 4215 αὑτοῦ

2051 4251 2161 4305 ἀπὸ
2182 4250 2392 4305 οῖνου·›
2424 4251 2734 4322 εὐφροσύνη
2780 4251 2891 4322 γάρ
2942 4252 3044 4322 τῆς
3081 4254 3437 4327 οἰκουμένης
3466 4254 3530 4308 τὸ
3562 4271 3666 4307 σω·

365 4334 397 4371 a
443 4333 531 4373 me
580 4319 725 4374 calix
786 4321 892 4376 iste
920 4322 987 4377 “.
1035 4342 1057 4374 ι
1112 4322 1252 4379 Tum
1304 4327 1472 4383 etiam
1529 4330 1775 4389 Zebedaei
1813 4336 1944 4392 ﬁliis

2051 4348 2241 4419 τήριον
2269 4346 2464 4411 πάθος.
2494 4315 2616 4400 λὸτι
2653 4315 2890 4402 δὲόύτω
2921 4315 3196 4413 τὺυπάθος
3221 4315 3491 4413 ἐκάλεσε,
3524 4351 3666 4421 μάρ-

364 4411 592 4466 aiehat:
650 4432 670 4465 ‹
706 4413 1017 4472 Potestisne
1066 4417 1252 4473 bibere
1318 4421 1548 4477 calicem
1582 4441 1783 4496 quem
1846 4444 1946 4500 ego

2047 4411 2144 4506 τυξ
2176 4441 2339 4504 αὐτὸς
2383 4443 2413 4495 ὁ
2463 4440 2670 4511 Κύριος
2710 4441 2923 4509 λέγων·
2980 4460 2998 4493 ι
3031 4411 3251 4516 Πάτερ,
3310 4446 3365 4499 εί
3412 4411 3663 4508 δυνᾷτέν,

366 4506 640 4561 bibiturus
670 4508 892 4563 sum“?
928 4529 949 4562 ι
984 4508 1129 4582 Ergo
1164 4513 1452 4571 oculorum
1480 4518 1730 4576 hilaritas
1758 4538 1947 4579 conse-

2047 4533 2365 4603 παρελθέτω
2392 4534 2455 4586 τὸ
2488 4506 2748 4604 ποτήριον
2784 4506 2941 4588 τοῦτο
2968 4535 3064 4587 ἀπ’
3098 4506 3247 4606 ἐμού
3278 4555 3294 4568 ·
3330 4556 3352 4589 ι
3388 4536 3540 4590 οὕτω
3571 4506 3666 4588 καί,

365 4608 547 4654 cntain
591 4614 623 4655 e
671 4603 927 4671 passione
977 4605 1218 4661 laetitiam
1273 4609 1517 4665 denotat.
1552 4611 1798 4685 Namque
1824 4628 1947 4686 post

2047 4631 2156 4691 τοῖς
2189 4629 2324 4690 υἱοῖς
2354 4626 2461 4697 ἔφη
2492 4603 2779 4681 Ζεϐεδαίου
2801 4644 2815 4658 ·
2868 4645 2888 4678 ι
2917 4603 3161 4682 Δύνασθε
3202 4632 3367 4685 πιεῖν
3405 4631 3470 4684 τὸ
3502 4628 3668 4698 ποτή·

366 4696 677 4760 passionem
697 4696 852 4751 missi
882 4709 1011 4754 sunt
1042 4702 1096 4754 in
1131 4703 1445 4759 universum
1473 4708 1662 4763 orbem
1691 4712 1945 4782 discipuli

2048 4737 2162 4789 ριον
2185 4720 2213 4774 ὃ
2241 4719 2353 4790 ἐγὼ
2388 4696 2566 4791 μέλλω
2600 4722 2743 4773 πιεῖν
2766 4738 2780 4785 ;
2805 4739 2825 4772 ι
2884 4721 2944 4773 τὸ
2968 4721 3155 4775 τοίνυν
3187 4724 3511 4793 χαροποιὺν
3559 4696 3665 4774 τῶν

340 4785 591 4840 'salutem
640 4790 893 4846 ﬁdelibus
937 4793 1173 4849 allatnri.
1207 4794 1328 4852 Jam
1357 4799 1623 4859 doctrina:
1656 4806 1946 4875 puritatem

2050 4785 2499 4883 6(p0alpibv,‘:'hv
2550 4813 2687 4882 μετά
2740 4814 2801 4865 τὸ
2852 4812 3031 4875 πάθος
3067 4785 3441 4886 εὐφροσύνην
3471 4814 3624 4885 δηλοῖ
3650 4827 3664 4841 ⁸

364 4877 776 4951 claritatemque
822 4886 1229 4944 candidissimis
1279 4892 1533 4951 dentibus
1586 4903 1943 4967 comparavit.

2059 4877 2200 4974 μετά
2227 4877 2336 4974 γάρ
2368 4903 2433 4957 τὸ
2456 4877 2632 4967 πάθος
2658 4904 2753 4957 καλ⁵
2809 4904 2910 4975 τὴν
2955 4877 3293 4972 ἀνάστασιν,
3352 4877 3437 4970 είς
3485 4877 3667 4961 πᾶσαν

368 4988 388 5021 ι
421 4970 672 5039 Candidi,
705 4976 901 5046 inquit,
933 4981 1121 5038 dentes
1150 4984 1271 5054 ejus
1308 5002 1417 5056 prae
1444 4990 1583 5046 lacte
1600 4992 1668 5047 ⁸⁸.
1710 5010 1732 5045 ι
1774 4993 1947 5066 Atque

2055 4995 2444 5067 ἀπεστάλησαν
2467 4997 2569 5067 τὴν
2590 4997 2921 5067 οἰκουμένην
2969 5000 3017 5050 oi
3051 4997 3312 5069 μαθηταὶ
3347 5000 3455 5071 τὴν
3488 5017 3669 5070 σωτη-

364 5064 631 5120 hactenus
654 5071 968 5139 patriarcha
1006 5074 1203 5132 Judam
1230 5085 1655 5141 commendavit.
1860 5064 1876 5066 ἡ

2060 5089 2181 5161 ρίαν
2208 5064 2616 5161 προσφέροντες
2672 5064 2787 5152 τοῖς
2831 5064 3155 5143 πιστεύουσι
3184 5064 3204 5123 ί
3258 5094 3368 5163 τῆς
3401 5064 3463 5146 δέ
3499 5110 3565 5161 γε
3590 5064 3672 5145 δὲ-

436 5210 873 5302 ’ξιξεσιῂιῇκω
907 5221 960 5276 9.
1039 5222 1373 5302 ”_l.uc._xx_._
1405 5230 1469 5302 9.,
1536 5232 1579 5263 ”
1610 5233 1743 5290 Luc.
1799 5256 1912 5302 χιχ,
1945 5248 1947 5291 1

2113 5243 2159 5277 ⁸ο
2184 5242 2363 5300 Galat.
2397 5254 2480 5302 In,
2530 5235 2620 5289 27.
2698 5232 2740 5263 δ’
2779 5228 2967 5285 Matth.
3003 5243 3159 5302 xvvl,
3224 5228 3321 5284 28.
3406 5232 3453 5263 δ’
3492 5228 3663 5285 Marc.

362 5296 417 5347 κ,
461 5280 551 5337 58.
612 5283 674 5380 ἰδ’
705 5280 1036 5356 ϐειι.’κι.ιι,
1072 5294 1161 5349 ll.
1236 5295 1285 5328 “
1322 5280 1517 5356 Matth.
1574 5280 1947 5372 ιῖἶιῖδιῖξὛ

2047 5280 2480 5378 lauti.u
2534 5280 3012 5365 “concilii,
3049 5300 3135 5353 12.

1852 5448 2088 5509 NOTAS.

577 5571 780 5655 Excipe
806 5586 988 5655 tamen
1023 5587 1169 5634 certe
1197 5579 1387 5655 Jonam
1413 5585 1479 5637 ad
1508 5589 1759 5647 ethnicos
1782 5590 2053 5651 Ninivitas
2079 5598 2333 5655 missum.

435 5639 551 5710 (59)
582 5639 782 5703 Recole
804 5646 985 5705 Photii
1020 5652 1381 5721 quaestionem
1419 5655 1509 5713 75.
