3854 6216
338 273 483 342 1077

1322 285 1423 346 ΑΙ)
1454 287 2044 353 AMPHILOCHIUM
2101 295 2449 366 QU/ESTIO
2485 301 2692 362 CCLX.

3452 296 3588 361 1078

326 389 637 455 δασκαλίας
682 389 744 445 τὸ
784 388 977 455 διειδξς
1031 390 1122 445 καὶ
1165 391 1227 448 τδ
1271 392 1530 463 διαφανὲς
1577 396 1926 465 λευκοτάτοις
1974 402 2190 458 ὀδοῦσιν
2219 406 2491 461 ἀπείκασε
2518 426 2532 440 ο
2565 429 2584 461 ι
2617 408 2818 463 Λευκοὶη
2844 409 2985 481 7&9,
3036 408 3222 481 φησιν,
3269 406 3318 462 οἱ
3378 406 3589 471 ὀδόντες

326 483 506 537 αὑτοῦ
536 483 572 554 ἢ
632 483 796 555 γάλα.
839 503 857 537 ι
911 484 1163 540 Τοσαῦτα
1188 485 1289 556 μὲν
1338 488 1668 558 προείρηκεν
1719 492 1747 544 ό
1806 492 2153 565 πατριάρχης
2182 497 2422 567 εύλογῶν
2448 499 2543 553 τὸν
2612 500 2832 557 Ἰούδαν.

402 577 470 632 ε’.
516 576 623 630 Τοῦ
676 577 734 631 δὲ
788 576 1077 632 Ζαϐουλὼν
1134 579 1436 651 προείρηκε
1485 580 1583 652 τὴν
1652 583 1918 653 παράλιον

2090 588 2145 645 5.
2199 590 2313 660 Age
2368 605 2497 646 vero
2547 589 2840 647 Zabnlonis
2899 593 3231 649 maritimum
3292 593 3586 650 incolatum

323 669 550 740 οῐκησιν
575 685 592 701 ο
628 669 723 723 τοῦ
749 670 807 724 δὲ
851 670 1071 743 Ἰσάχαρ
1118 671 1221 741 τὴν
1247 671 1539 744 γηπονίανο
1566 671 1661 727 τοῦ
1691 674 1749 727 δὲ
1781 674 1912 742 Δάν,

325 762 478 814 κατὰ
514 761 617 829 μέν
650 778 823 824 τινας,
864 762 933 816 τά
954 762 1062 845 ύπξ)
1086 762 1182 817 τοῦ
1236 762 1478 833 Σαμψὼν
1533 767 1910 837 γεγενημένα·

324 847 395 900 ὲκ
420 848 629 918 ταύτης
658 847 769 920 7&9
793 845 863 920 ῆν
893 852 992 920 τῆς
1027 850 1201 921 φυλῆς
1227 868 1246 885 ο
1300 852 1700 926 συνηρίθμηται
1732 854 1790 909 δὲ
1817 855 1914 911 καὶ⁸

323 941 446 1003 τοῖς
471 942 702 1011 Κριταῖς
720 956 736 970 ⁶
767 942 861 995 καὶ
887 942 976 997 διὰ
1005 942 1186 1008 τοῦτο,
1208 946 1393 1014 φησὶν,
1412 946 1537 1016 ἔφη’
1563 964 1582 999 ι
1608 947 1717 1000 Δάν
1739 950 1917 1021 κρινεῖ

321 1030 425 1084 τὸν
450 1032 648 1086 ἑαυτοῦ
680 1033 808 1087 λαὸν
834 1033 966 1088 ὡσεὶ
993 1034 1088 1090 καὶ
1124 1035 1224 1106 μία
1246 1036 1355 1107 (60)
1384 1037 1523 1109 φυλὴ
1545 1040 1602 1091 ὲν
1626 1039 1867 1111 Ἰσραήλ’
1883 1057 1904 1093 ι

326 1121 464 1177 ἔνιοι
493 1124 551 1177 δέ
578 1141 710 1193 φασι
737 1125 806 1179 τά
831 1126 973 1179 κατά
1013 1125 1114 1198 τὴν
1141 1128 1385 1183 Λάῖσσαν
1412 1131 1513 1201 τὴν
1542 1128 1639 1186 νῦν
1666 1132 1914 1187 Πανεάδα

324 1216 678 1288 καλουμένην
741 1217 1229 1290 προσαγορεῦσαι·
1298 1220 1558 1293 ἐξαπίνης
1608 1221 1717 1293 γάρ
1768 1239 1914 1289 τινες

326 1310 443 1363 ἀπὸ
475 1309 682 1381 ταύτης
715 1310 1032 1382 ὁρμώμενοι
1072 1313 1175 1384 τῆς
1207 1312 1401 1383 φυλῆς,
1443 1315 1618 1387 ταύτῃ
1665 1317 1912 1387 προσϐα-

325 1402 519 1466 λόντες
540 1405 608 1476 τῇ
642 1404 820 1468 πόλει,
849 1400 993 1459 είλόν
1025 1422 1084 1459 τε
1117 1407 1260 1460 κατὰ
1287 1406 1491 1477 κράτος
1538 1409 1635 1462 καὶ
1681 1407 1913 1479 ᾤκισαν,

328 1494 431 1548 καὶ
466 1495 566 1565 τὴν
615 1495 826 1550 οἰκείαν
864 1496 1001 1568 αὐτῇ
1051 1499 1430 1569 προσηγορίαν
1476 1501 1762 1557 ἐπέθεσαν.
1809 1501 1917 1557 Δὰν

328 1583 445 1654 7&9
472 1583 643 1655 αὐτὴν
666 1587 933 1640 ἐκάλεσαν
954 1602 970 1619 ’
1024 1588 1135 1655 ἐγὼ
1160 1588 1216 1641 δὲ
1241 1582 1401 1659 οἶμαι
1426 1589 1487 1643 τὸ
1518 1590 1659 1644 θεῖον
1688 1592 1916 1664 Πνεῦμα

330 1676 528 1748 ὥσπερ
562 1679 632 1733 τά
656 1679 787 1750 περὶ
812 1679 906 1733 τοῦ
931 1679 1185 1755 Σωτῆρος
1230 1682 1413 1753 ἡμῶν.
1455 1682 1602 1738 οὕτω
1644 1685 1745 1739 καὶ
1786 1687 1918 1758 περὶ

329 1766 431 1819 τοῦ
503 1767 880 1839 Ἀντιχρίστου
935 1769 1023 1823 διὰ
1064 1771 1160 1823 τοῦ
1202 1772 1543 1844 πατριάρχου
1596 1776 1662 1827 έκ
1713 1775 1917 1847 ταύτης

330 1856 529 1928 δηλοῦν
552 1855 671 1929 [cod
683 1898 698 1912 .
718 1857 916 1932 δῃλῶν]
936 1860 1033 1930 τῆς
1053 1862 1430 1933 προρρήσεως.
1443 1881 1463 1915 ι
1481 1863 1588 1917 Δάν
1614 1864 1744 1936 7&9,
1758 1883 1831 1936 φη
1840 1868 1914 1933 σἰ,

2013 679 2301 749 praedixit;
2338 678 2576 736 lsachari
2611 681 2943 751 agricolandi
2985 684 3258 751 studium;
3295 683 3463 740 Danis
3492 685 3589 738 de-

2014 771 2203 843 nique,
2234 781 2295 828 ut
2331 774 2554 844 quidam
2585 783 2892 838 autumant,
2926 791 3048 845 qua:
3090 774 3342 831 Samsoni
3377 776 3591 830 accide-

2013 873 2163 919 runt.
2184 864 2260 919 Ex
2284 865 2386 920 hac
2409 866 2554 920 enim
2574 866 2620 921 is
2650 866 2794 921 trihtt
2824 865 2948 929 fuit,
2964 866 3213 935 idemque
3234 867 3286 921 in
3306 866 3590 922 Iudicibus

2012 966 2455 1013 connumeratur.
2492 958 2838 1029 Quapropter
2865 959 3105 1014 dicitur:
3156 977 3176 1011 ι
3214 958 3326 1012 Dan
3382 959 3593 1028 judica-

2013 1049 2094 1104 bit
2112 1050 2371 1119 populum
2394 1066 2581 1113 suum,
2602 1050 2778 1104 instar
2805 1049 2967 1105 unius
2985 1050 3157 1105 tribus
3178 1050 3229 1104 in
3249 1051 3449 1105 israele
3467 1050 3532 1103 ⁸⁷.
3565 1068 3585 1102 ι

2013 1138 2120 1195 Alii
2172 1140 2372 1196 dicunt
2439 1140 2853 1196 commemorari
2913 1155 2978 1195 ea
3053 1156 3173 1210 quae
3249 1142 3593 1210 contigerunt

2015 1230 2219 1287 Laissae
2257 1247 2405 1288 nunc
2455 1231 2695 1287 Paneadi
2750 1233 2924 1289 dictae.
2985 1231 3227 1303 Repente
3271 1233 3415 1287 enim
3452 1249 3590 1288 non-

2016 1322 2149 1377 nulli
2174 1338 2237 1377 ea
2268 1323 2413 1377 tribu
2442 1322 2657 1377 oriundi
2685 1322 2870 1377 urbem
2902 1322 3042 1377 hanc
3066 1324 3264 1389 adorti,
3298 1322 3348 1378 vi
3378 1333 3591 1393 captam

2014 1413 2120 1483 ipsi
2152 1415 2531 1479 incoluerunt,
2588 1430 2857 1485 suumque
2908 1415 2959 1471 ei
3009 1431 3207 1470 nomen
3258 1416 3589 1481 indiderunt,

2019 1505 2132 1559 Dan
2164 1504 2372 1561 scilicet
2400 1506 2726 1562 vocitantes.
2762 1505 2875 1576 Ego
2900 1523 3030 1562 vero
3065 1507 3320 1562 existimo
3344 1507 3591 1561 divinum

2019 1592 2282 1665 Spiritum
2314 1596 2472 1650 sicuti
2503 1612 2591 1650 res
2625 1596 2934 1651 Servatoris
2962 1597 3157 1664 nostri,
3200 1596 3272 1650 ita
3310 1611 3398 1650 res
3452 1611 3592 1664 quo-

2018 1702 2124 1757 que
2144 1685 2459 1741 Antichristi
2482 1686 2583 1740 hoc
2620 1687 2877 1741 vaticinio
2906 1687 3236 1757 patefacere;
3265 1706 3283 1738 ι
3308 1685 3421 1739 Dan
3443 1687 3594 1741 scili-

2019 1789 2125 1841 cet,
2153 1778 2351 1848 inquit,
2380 1778 2646 1848 judicabit
2683 1780 2939 1847 populum
2983 1795 3178 1844 suum,
3225 1779 3399 1831 instar
3428 1778 3593 1832 unius

2018 1868 2197 1921 tribus
2238 1867 2292 1921 in
2345 1866 2560 1922 lsraele.
2595 1884 2615 1918 ι
2649 1867 2822 1921 Sicuti
2853 1868 2921 1922 de
2949 1866 3101 1922 Juda:
3147 1868 3291 1921 tribu
3333 1867 3594 1921 Servator

332 1950 516 2018 κρινεῖ
526 1928 618 2003 {ev
637 1928 832 2004 ἑαυτοῦ
857 1928 1139 2005 λαὸν-ὡσεὶ
1162 1928 1265 2007 καὶ.
1282 1954 1421 2024 φυλὴ
1441 1955 1538 2026 μία
1556 1957 1614 2009 ὲν
1628 1928 1911 2028 ’Ἱᾷράήᾶά

2022 1959 2296 2030 pullulans
2329 1959 2592 2013 mundum
2647 1959 2916 2023 servabit,
2973 1959 3046 2012 ita
3100 1959 3167 2013 de
3227 1958 3389 2012 Danis
3444 1958 3591 2012 tribu

337 2040 554 2112 Ὠσπερ
573 2041 705 2111 7&9,
737 2043 892 2112 φησὶ,
921 2043 987 2098 ἐκ
1006 2045 1107 2115 τῆς
1135 2043 1230 2099 τοῦ
1263 2045 1434 2101 Ἰούδα
1464 2046 1638 2116 φυλῆς
1672 2050 1701 2102 ό
1728 2050 1919 2120 Σωτὴρ

336 2130 649 2201 βλαστήσας
675 2133 931 2197 διασώζει
967 2134 1068 2205 τὴν
1093 2135 1447 2206 οίκουμένην,
1490 2136 1668 2202 οὕτως
1703 2139 1769 2192 ἐκ
1817 2139 1919 2210 τῆς

332 2220 435 2275 τοῦ
466 2223 571 2276 Δάν
594 2223 769 2295 φυλῆς
798 2223 923 2293 ὄφις
946 2223 1192 2296 ὀλέθριος
1215 2224 1558 2290 ἐξελεύσεται
1583 2245 1599 2259 ·
1628 2228 1789 2283 τοῦτο
1809 2232 1919 2301 γὰρ

333 2315 510 2383 λέγει’
551 2334 571 2367 ι
601 2316 712 2369 Καὶ
741 2317 1030 2387 γενηθήτω
1055 2318 1165 2371 Δάν
1192 2318 1315 2387 ὄφις
1342 2320 1428 2388 ἐφ’
1456 2318 1580 2373 ὀδοῦ
1604 2303 1919 2391 καθήμενος

334 2407 435 2460 ἐπὶ
462 2407 649 2477 τρίϐου
686 2408 900 2463 δάκνων
950 2412 1190 2481 πτέρναν
1220 2411 1391 2464 ῑππου
1416 2426 1433 2444 ο
1462 2413 1556 2466 καὶ
1582 2416 1835 2468 πεσεῖται
1888 2416 1920 2469 ό

337 2497 539 2560 ἱππεὺς
561 2497 662 2570 τὴν
682 2498 956 2568 σωτηρίαν
970 2499 1259 2569 ἀναμένων
1278 2500 1505 2571 Κυρίου·
1536 2520 1556 2555 ι
1584 2504 1777 2575 έπειδὴ
1809 2503 1919 2575 7&9

337 2586 581 2651 ἀπάταις
637 2589 1009 2653 παντοδαπαῖς
1073 2590 1413 2661 κεχρημένος
1482 2596 1744 2664 πειρᾶται
1792 2596 1920 2660 τοὺς

343 2682 802 2752 φενακιζομένους
830 2682 1087 2755 ἀγρεύειν
1117 2684 1202 2746 είς
1227 2683 1471 2755 ϐλεθρον,
1520 2686 1644 2756 ὕφει
1668 2686 1781 2741 τινὶ
1808 2688 1922 2741 αύ-

320 2771 433 2825 Δτὸν
458 2773 751 2838 ἀπεικάζει
775 2775 929 2846 παρά
964 2791 1071 2828 τινι
1115 2774 1289 2847 τρίϐῳ
1331 2775 1628 2843 φωλεύοντι
1683 2779 1921 2841 καὶτοῖς

344 2864 603 2936 παριοῦσι
633 2865 1016 2939 λυμαινομένῳ
1032 2883 1047 2897 ·
1081 2867 1249 2920 ῖππον
1275 2866 1335 2920 δὲ
1359 2863 1515 2939 οἶμαι
1540 2868 1728 2923 καλεῖν
1752 2869 1919 2924 αὐτὸν

343 2956 407 3010 τὸ
430 2956 612 3027 σῶμα,
645 2957 912 3029 ἐπιϐάτην
929 2958 986 3012 δὲ
1007 2960 1110 3029 τὴν
1137 2960 1317 3031 ψυχήν
1340 2972 1359 2991 ⁸
1393 2960 1457 3014 τὸ
1489 2960 1545 3013 δὲ
1573 2962 1654 3024 είς
1675 2961 1921 3017 τούπίσω

344 3051 552 3115 πεσεῖν,
589 3048 868 3103 τουτέστιν
893 3048 1085 3105 ὕπτιον
1111 3051 1326 3105 κεῖσθαι
1350 3051 1442 3105 τὸν
1475 3050 1707 3105 θάνατον
1738 3069 1921 3125 παρα-

343 3139 528 3210 δηλοῖ’
561 3140 771 3194 τοιοῦτο
799 3140 911 3212 7&9
934 3140 1047 3196 τῶν
1072 3139 1388 3198 τεθνεώτων
1440 3140 1505 3195 τὸ
1561 3140 1750 3212 σχῆμα
1769 3158 1786 3175 ⁶
1834 3141 1922 3197 διὰ

2017 2054 2284 2108 exitiosus
2312 2053 2502 2122 anguis
2525 2052 2759 2108 exsiliet.
2782 2051 2839 2106 id
2869 2052 3013 2107 enim
3041 2052 3203 2106 verba
3223 2051 3475 2116 imiuunt,
3498 2051 3594 2104 ﬁat

2018 2143 2132 2200 Dan
2164 2160 2387 2216 serpens
2417 2145 2470 2199 in
2501 2145 2585 2198 via
2605 2186 2621 2211 ,
2672 2144 2946 2215 projectus
2979 2144 3032 2197 in
3064 2144 3254 2199 semita
3275 2182 3290 2206 ,
3337 2143 3594 2196 mordens

2017 2238 2145 2306 equi
2176 2236 2496 2292 calcaneum
2538 2255 2552 2290 :
2586 2245 2699 2290 tum
2727 2245 2945 2290 corruet
2965 2251 3150 2305 eques,
3176 2235 3269 2305 qui
3300 2249 3330 2288 a
3364 2232 3593 2289 Domino

2019 2324 2360 2395 exspectabit
2393 2324 2647 2379 salutem.
2704 2322 2974 2389 Quoniam
3021 2322 3390 2377 Antichristus
3418 2321 3597 2376 omni-

2019 2415 2197 2471 modis
2237 2412 2377 2471 dolis
2435 2423 2594 2468 utens
2650 2413 2857 2469 illectos
2913 2414 3231 2482 pertrahere
3283 2412 3487 2466 nitetur
3539 2411 3592 2465 in

2020 2504 2337 2571 interitum,
2379 2505 2525 2560 hunc
2551 2504 2780 2559 colubro
2828 2511 3109 2573 comparat
3150 2502 3307 2572 juxta
3342 2502 3591 2557 semitam

2019 2596 2287 2661 latitanti,
2340 2596 2755 2666 viatoribusque
2796 2596 3025 2649 exitium
3067 2594 3345 2649 inferenti.
3382 2593 3593 2662 Equum

2020 2686 2127 2741 dici
2156 2701 2185 2741 a
2213 2686 2522 2756 patriarcha
2554 2702 2755 2756 corpus
2785 2700 3010 2753 censeo;
3042 2686 3304 2755 equitem,
3329 2685 3589 2739 animam.

2021 2777 2178 2845 Quod
2200 2784 2383 2833 autem
2419 2788 2565 2833 retro
2593 2778 2815 2844 decidit,
2838 2776 2891 2830 id
2919 2785 3002 2831 est
3023 2777 3253 2845 supinus
3284 2773 3593 2843 projicitur,

2020 2883 2174 2925 mors
2211 2869 2471 2924 nimirum
2504 2867 2789 2924 innuitur:
2843 2867 2932 2924 hic
2961 2877 3044 2922 est
3074 2866 3220 2921 enim
3251 2863 3595 2919 exanimato-

2022 2975 2147 3016 rum
2174 2961 2413 3018 habitus.
2448 2960 2720 3017 Caleaneo
2746 2960 2977 3027 denique
3003 2957 3251 3013 fraudem
3284 2955 3552 3025 signiﬁcat
3577 2971 3592 3020 ;

2022 3054 2150 3124 quia
2204 3053 2459 3108 videlicet
2511 3051 2883 3107 Antichristus
2944 3051 3082 3106 alios
3132 3048 3397 3118 decipiet,
3455 3047 3596 3101 alios

2023 3141 2397 3198 acerbissimis
2443 3140 2723 3211 suppliciis
2767 3139 3060 3194 cruciabit.
3113 3138 3303 3208 Equo,
3350 3147 3411 3191 ut
3455 3136 3594 3203 dixi,

340 3232 401 3285 δὲ
431 3234 531 3302 τῆς
561 3232 802 3304 πτέρνης
849 3232 949 3303 τὴν
995 3233 1212 3305 ἀπάτην
1256 3235 1479 3307 ᾐνίξατο
1506 3249 1521 3265 ο
1566 3233 1755 3305 ιπειδὴ
1782 3235 1919 3300 ’τοὺς

2023 3247 2225 3302 corpus
2257 3232 2535 3297 innuitur;
2578 3247 2689 3302 quo
2724 3232 2851 3287 lteso
2888 3241 2946 3285 et
2972 3239 3250 3300 corrupto,
3279 3244 3427 3284 mors
3460 3243 3596 3283 con-

346 3323 443 3391 μὲν
477 3321 745 3393 ἐξαπατᾷ,
780 3323 894 3386 τοῖς
945 3321 1007 3376 δὲ
1041 3323 1420 3394 παγχαλέποις
1463 3323 1715 3392 ἱπιφέρει
1761 3321 1922 3377 κολά-

346 3430 459 3479 σεις
487 3431 505 3447 ο
532 3414 623 3470 διὰ
650 3414 708 3468 δὲ
738 3414 833 3469 τοῦ
874 3415 1045 3469 ῖππου
1068 3417 1130 3469 τὸ
1158 3415 1317 3487 σῶμα
1342 3416 1585 3488 ᾐνίξατο,
1629 3405 1691 3468 οῦ
1726 3413 1923 3470 δακνο-

2028 3323 2312 3394 sequitur:
2347 3339 2470 3394 qua:
2499 3332 2682 3379 tamen
2714 3322 2947 3378 fortibus
2975 3322 3089 3393 spei
3124 3321 3360 3376 fructum
3395 3319 3551 3375 atl‘ert
3578 3335 3594 3374 :

2025 3415 2190 3487 hujus
2214 3431 2342 3472 vero
2368 3417 2484 3487 spei
2504 3415 2736 3482 (ructus,
2772 3417 2943 3472 salus.

348 3508 514 3577 μένου
572 3508 667 3562 καὶ
689 3508 1161 3581 διαφθειρομένου,
1191 3509 1425 3575 θάνατος
1446 3509 1679 3580 γίνεται,
1709 3511 1837 3577 τοὺς
1872 3510 1975 3582 τῆς
2028 3510 2245 3576 ὲλπίδος
2286 3513 2399 3576 τοῖς
2428 3512 2759 3583 ὑπομένουσι
2798 3509 3040 3582 κομίζων
3076 3508 3321 3580 καρπούς
3341 3525 3357 3540 ο
3387 3508 3598 3579 καρπὸς

344 3601 401 3655 δὲ
430 3602 531 3671 τῆς
555 3600 814 3671 τοιαύτης
839 3600 1109 3673 ιλπίδοςή
1142 3602 1407 3674 σωτηρία.

419 3692 493 3758 ς’.
530 3692 789 3763 Προλέγει
815 3691 894 3763 τῷ
914 3692 1022 3748 Γάδ
1064 3693 1163 3757 τάς
1186 3692 1451 3763 ἐσομένας
1465 3691 1614 3763 αὐτῷ
1636 3692 1789 3764 παρὰ
1811 3692 1922 3747 τῶν

346 3783 652 3854 λῃστρικῶν
705 3780 911 3851 ἐφόδων
974 3781 1267 3844 ἐπιϐουλάς
1303 3797 1319 3815 ο
1374 3782 1533 3836 τοῦτο
1582 3783 1692 3853 7&9
1746 3781 1921 3849 λέγει,

2092 3688 2146 3744 6.
2171 3687 2324 3743 Gado
2350 3685 2565 3739 futuras
2588 3698 2619 3738 a
2643 3682 2919 3736 latronum
2943 3680 3351 3737 incursionibus
3373 3678 3601 3733 insidias

2016 3779 2317 3836 ominatur.
2354 3775 2410 3829 id
2438 3774 2583 3828 enim
2612 3772 2769 3827 aiunt
2797 3771 2987 3835 verba,
3017 3770 3288 3840 «direptio
3308 3784 3431 3823 eum
3469 3768 3603 3822 diri-

355 3889 377 3925 4
420 3872 786 3943 Πειρατήριον
815 3871 1136 3942 πειρατεύει
1163 3871 1358 3926 αὐτόν·
1401 3889 1421 3924 ο
1464 3869 1830 3942 προαγορεύει
1864 3870 1919 3924 δὲ

2021 3870 2153 3939 piet.
2177 3887 2197 3920 ι
2226 3865 2365 3919 Τιιιη
2400 3864 2566 3918 etiam
2596 3860 2880 3916 victoriam
2902 3861 3135 3929 spondet
3166 3875 3181 3912 :
3220 3860 3366 3928 ipse,
3400 3859 3597 3927 inquit,

346 3967 440 4021 καὶ
475 3968 577 4039 τὴν
605 3966 869 4036 ἐσομένην
916 3964 1084 4021 αὐτοῦ
1125 3966 1321 4035 νίκην·
1362 3984 1382 4018 ι
1416 3966 1527 4019 Καὶ
1567 3965 1731 4027 αὐτὸς
1788 3966 1918 4034 7&9,

2018 3974 2149 4014 mox
2204 3954 2427 4023 diripiet
2484 3952 2662 4007 illum.
2717 3950 2893 4004 Asero
2959 3948 3210 4004 similiter
3276 3946 3598 4017 frugiferum

348 4060 502 4130 φησὶ,
534 4038 889 4127 θπειρατιύσει
917 4055 1081 4109 αὑτὸν
1109 4056 1251 4111 κατὰ
1280 4056 1446 4120 πόδας
1465 4073 1481 4087 ·
1525 4075 1544 4109 ο
1572 4054 1835 4119 ὡσαύτως
1863 4056 1919 4109 δὲ

2021 4062 2213 4119 agrum
2239 4045 2520 4116 praedicit;
2554 4041 2901 4111 Nephtalimo
2921 4039 3126 4094 sobolis
3155 4038 3554 4094 incrementum
3584 4059 3598 4095 :

348 4151 441 4203 καὶ
464 4148 559 4203 τοῦ
577 4147 743 4219 Ἀσὴρ
763 4147 862 4217 τὴν
887 4146 1174 4219 σιτοφόρον
1208 4145 1421 4218 χώραν’
1451 4146 1547 4200 καὶ
1577 4145 1672 4200 τοῦ
1696 4146 1919 4216 Νεφθα-

349 4239 471 4312 λεὶμ
496 4240 596 4311 τὴν
629 4240 710 4302 είς
739 4237 941 4309 πλῆθος
969 4237 1238 4292 ἐπίδοσινο
1268 4237 1426 4292 τοῦτο
1446 4237 1555 4308 7&9
1582 4236 1709 4308 ἔφη·
1750 4256 1770 4290 ι
1789 4237 1920 4291 Στέ-

2020 4142 2100 4197 sic
2133 4139 2279 4196 enim
2315 4134 2694 4204 intelliguntur
2725 4132 2888 4187 verba
2911 4170 2928 4197 ,
2961 4131 3172 4186 caudex
3207 4131 3447 4186 emissus
3473 4168 3490 4194 ,
3535 4146 3601 4184 ex

2023 4247 2083 4287 se
2110 4231 2337 4301 gignens
2363 4221 2790 4297 pulchritudinis
2818 4236 3060 4292 germen.
3105 4220 3312 4276 Deinde
3332 4218 3597 4275 infensam

349 4310 499 4404 λεχος
526 4310 808 4402 ἀνειμένον
834 4330 1100 4394 ἐπιδιδοὺς
1126 4332 1186 4384 έν
1198 4330 1277 4401 τῷ
1301 4330 1613 4400 γεννήματι
1648 4330 1845 4393 κάλλος
1867 4347 1914 4381 ο»

2021 4322 2258 4392 Josepho
2288 4317 2549 4374 invidiam
2588 4315 2879 4384 variasque
2908 4312 3151 4383 pandens
3186 4311 3438 4375 insidias,
3461 4310 3601 4365 divi-

349 4402 465 4481 είτα
492 4425 590 4481 τοῦ
629 4424 825 4497 Ἰωσὴφ
866 4425 959 4479 τὸν
998 4424 1213 4495 φθόνον,
1269 4424 1365 4478 καὶ
1416 4422 1516 4486 τὰς
1570 4423 1919 4487 παντοδαπάς

2027 4430 2151 4471 nam
2183 4411 2424 4469 celebrat
2452 4406 2881 4471 Providentiam,
2917 4419 3027 4475 qua
3058 4412 3233 4459 tectus
3259 4402 3601 4457 adversarios

349 4519 616 4584 ἐπιδείξας
673 4488 981 4580 ἐπιϐουλὰς,
1010 4488 1125 4587 τὴν
1170 4488 1325 4569 θείαν
1370 4514 1532 4585 ὑμνεῖ
1573 4513 1919 4583 κηδεμονίαν,

2031 4523 2162 4565 suos
2214 4503 2514 4575 superavit.
2576 4519 2598 4554 ι
2647 4498 2882 4557 Contriti
2940 4506 3105 4560 sunt,
3162 4495 3380 4564 inquit,
3442 4507 3607 4547 arcus

350 4609 413 4663 δι’
463 4606 533 4681 ῆς
582 4610 708 4671 τοὺς
758 4605 1213 4678 πεπολεμηκότας
1267 4604 1508 4675 ἐνίκησε.
1568 4620 1587 4654 ι
1630 4603 1927 4675 Συνετρίϐη

351 4702 477 4771 7&9,
508 4701 661 4771 φησὶ,
697 4698 833 4769 μετὰ
869 4682 1107 4770 κράτους
1135 4696 1206 4750 τὰ
1243 4695 1378 4760 τόξα
1418 4693 1634 4760 αὐτῶν,
1691 4694 1785 4747 καὶ
1838 4694 1929 4759 ἐξ-

352 4793 511 4864 ελύθη
540 4791 709 4862 νεῦρα
734 4790 1037 4861 βραχιόνων
1068 4786 1270 4858 χειρῶν
1303 4784 1505 4850 αὐτῶν,
1538 4784 1627 4839 διὰ
1655 4786 1812 4854 χεῖρα
1840 4785 1933 4836 δυ-

350 4886 541 4939 νάστου
605 4883 819 4937 Ἰακώϐ·
868 4880 1080 4936 ἐκεῖθεν
1133 4881 1165 4933 ό
1210 4876 1548 4947 κατισχύσας
1608 4892 1669 4929 σε
1713 4875 1931 4946 Ἰσραὴλ

351 4980 497 5051 παρὰ
527 4977 662 5032 Θεοῦ
694 4976 791 5030 τοῦ
819 4974 1036 5046 Πατρός
1064 4990 1182 5027 σου·
1212 4972 1305 5026 καὶ
1326 4968 1591 5040 έϐοήθησέ
1624 4986 1706 5022 σοι
1739 4971 1765 5022 ό
1789 4970 1924 5034 Θεὸς

349 5072 376 5123 ό
400 5071 549 5140 ὲμ6ς⁹
582 5070 679 5124 καὶ
702 5067 967 5139 εύλόγησέ
996 5083 1057 5120 σε
1090 5062 1348 5133 εὐλογίαν
1406 5059 1641 5132 οὐρανοῦ
1688 5061 1916 5123 ἄνωθεν,

2026 4614 2253 4666 eorum;
2281 4596 2474 4665 dilapsi
2501 4602 2630 4649 sunt
2657 4591 2810 4647 nervi
2842 4589 3186 4645 brachiorum
3231 4600 3606 4653 manuumque

2025 4707 2242 4757 eorum,
2274 4705 2370 4760 per
2400 4702 2622 4743 manum
2662 4683 2904 4755 potentis
2959 4680 3149 4736 Jacob.
3185 4680 3341 4733 illinc
3392 4677 3485 4747 qui
3548 4685 3605 4729 te

2027 4788 2255 4841 roborat
2283 4783 2449 4839 Israel
2489 4796 2521 4835 a
2552 4779 2663 4834 Deo
2706 4775 2884 4833 Patris
2910 4775 3009 4828 tui.
3038 4771 3347 4841 Opitulatus
3377 4778 3461 4823 est
3503 4767 3602 4821 tibi

2028 4876 2174 4931 Deus
2201 4888 2357 4929 meus
2389 4890 2403 4927 :
2439 4867 2718 4926 benedixit
2752 4865 2845 4920 tibi
2872 4861 3249 4939 benedictione
3277 4858 3402 4913 cmli
3443 4857 3606 4910 desu-

2029 4984 2148 5039 per.
2196 4976 2463 5035 terraeque
2495 4960 2870 5020 benedictione
2898 4955 3083 5012 omnia
3114 4949 3538 5014 continentis“;
3579 4965 3603 5001 ι

2024 5069 2081 5116 et
2108 5060 2340 5130 reliqua.
2375 5056 2586 5124 Quibus
2612 5052 2869 5108 omnibus
2906 5047 3088 5103 verbis
3124 5044 3293 5100 Deum
3329 5056 3488 5097 suum
3517 5054 3608 5093 ce-

351 5131 443 5217 καί
462 5131 712 5231 εύλογίαν
738 5131 854 5231 γῆς.
876 5131 1105 5230 ἐχούσης
1132 5131 1333 5217 πάντα,
1372 5172 1391 5205 ›
1422 5131 1518 5207 καὶ
1545 5152 1672 5225 ἑξῆς
1698 5169 1712 5182 ·
1747 5153 1815 5205 δι’
1841 5145 1919 5206 ὧν

2024 5154 2279 5219 lebravit,
2301 5152 2395 5223 qui
2424 5166 2485 5208 se
2509 5148 2665 5204 fratri
2706 5142 3022 5201 adversario
3059 5140 3397 5211 superiorem
3424 5131 3609 5188 reddi-

417 5305 459 5337 "
489 5304 605 5361 Jos.
633 5320 748 5371 xix,
778 5302 868 5358 47.
941 5300 986 5334 ⁸⁸
1024 5298 1222 5356 Geues.
1254 5312 1401 5365 xux,
1430 5296 1524 5360 24,
1549 5293 1640 5349 25.

1839 5428 2069 5486 NOTIE.

424 5583 535 5651 (60)
582 5581 661 5635 lta
696 5582 899 5634 habent
938 5575 1077 5652 LXX
1110 5577 1454 5652 interpretes,
1484 5588 1628 5644 quos
1662 5570 1919 5652 sequitur

354 5648 613 5718 Photius;
662 5665 841 5720 neque
903 5648 1435 5720 ullam_varietatem
1483 5659 1587 5713 ego
1630 5648 1823 5720 _reperi_
1866 5648 1920 5695 in

359 5711 705 5781 llolunesiana
726 5711 1063 5777 diversarum
1090 5717 1384 5774 lectionum
1412 5711 1603 5786 magna
1626 5711 1922 5782 farragine.

2029 5566 2234 5637 Textus
2265 5572 2446 5637 tamen
2467 5562 2597 5637 Lat.
2650 5562 2900 5637 vulgatus
2933 5557 3106 5637 habet.
3130 5556 3262 5617 alia,
3293 5553 3421 5623 quia
3463 5552 3606 5637 lecta

2028 5638 2135 5764 iuit
2191 5635 2249 5689 in
2279 5632 2550 5691 llebraico
2598 5635 2895 5702 archetypo
2942 5632 3201 5682 vicesima
3269 5640 3367 5695 pro
3412 5633 3608 5695 quarta

2051 5716 2224 5763 ittera.
2806 5760 2813 5764 .
