3876 6216
351 242 495 307 1079

1480 240 1743 301 ΡΗΟΤΙΙ
1780 238 2286 301 PATRIARCH/E
2323 243 2431 303 CP.

3467 245 3581 309 1080

356 360 474 413 dit:
519 355 803 427 filiumque
834 357 1039 425 pariter
1078 371 1278 420 suum,
1328 364 1520 411 contra
1574 368 1737 424 quem
1789 361 1940 406 tanta

2053 353 2313 408 ἁπάντων
2367 354 2579 435 ὕμνησε
2628 356 2723 409 τὸν
2778 358 2978 411 οἰκεῖον
3013 356 3148 410 Θεὸν
3173 397 3189 422 ,
3245 354 3301 419 ὃς
3334 356 3435 410 ’καὶ
3456 358 3591 412 αὑτὸν

353 448 585 502 fratrum
630 448 786 502 turba
824 447 1229 513 conjuraverat.
1264 444 1437 511 Hanc,
1475 446 1676 516 inquit,
1715 443 1939 498 tutelam

353 553 548 598 nactus
570 557 630 597 es
658 550 880 612 propter
912 550 1069 594 tuum
1108 556 1238 611 erga
1267 549 1522 611 parentes
1554 539 1816 594 studium.
1851 537 1942 591 Sic

350 636 498 690 enim
530 636 800 703 intelligas
833 633 1000 691 verba
1033 652 1045 686 :
1080 644 1303 703 propter
1343 633 1778 689 benedictionem
1812 631 1943 685 ube-

353 744 473 781 rum
504 738 558 782 et
590 729 784 793 vulvas,
819 726 1257 783 benedictionem
1283 725 1452 795 patris
1483 725 1784 794 matrisque
1813 733 1938 778 tuae.

354 819 404 874 Is
429 821 574 874 enim
604 821 753 875 senis
781 818 954 889 patris
991 819 1283 873 sollicitam
1318 832 1506 873 curam
1537 817 1706 887 gessit
1733 832 1747 868 :
1783 816 1943 885 quid-

353 913 481 981 quid
508 922 688 967 autem
720 913 860 981 patri
887 910 1037 974 fecit,
1070 911 1121 965 id
1156 910 1374 979 utrique
1405 908 1618 981 parenti
1650 923 1942 963 commune

354 1003 596 1057 dicitur:
634 1019 869 1073 namque
897 1012 950 1058 et
989 1012 1160 1058 mater
1215 1004 1462 1058 eamdem
1508 1018 1695 1057 curam
1746 1002 1943 1057 fuisset

353 1105 598 1164 experta,
628 1095 733 1149 nisi
762 1097 923 1151 citius
947 1096 1054 1150 vita
1081 1096 1427 1151 excessisset.
1463 1094 1665 1150 Deinde
1690 1102 1943 1162 precatur

352 1189 401 1240 ci
446 1188 761 1256 praeclaram
797 1186 1018 1252 famam,
1058 1195 1222 1256 atque
1256 1196 1316 1240 ut
1347 1187 1489 1256 apud
1543 1202 1736 1243 omnes
1765 1187 1940 1241 incla-

358 1291 533 1335 rescat
560 1298 572 1333 :
600 1299 617 1331 ι
648 1280 971 1350 Exsuperes,
1000 1281 1199 1350 inquit,
1228 1281 1637 1335 benedictiones
1667 1281 1938 1335 montium

358 1371 744 1436 immobilium,
780 1373 1225 1443 desideriumque
1249 1373 1518 1428 clivorum
1548 1380 1935 1428 aeternorum.»

353 1464 479 1518 Ilaec
502 1466 629 1518 tient
663 1466 716 1518 in
746 1467 924 1535 capite
953 1463 1199 1535 Iosephi,
1236 1466 1289 1519 in
1327 1467 1530 1522 vertice
1558 1480 1793 1536 quorum
1824 1465 1942 1536 ipse

352 1559 463 1611 dux
488 1567 572 1611 est
599 1556 853 1613 fratrum.
883 1555 1039 1612 Haud
1069 1559 1395 1614 vocabulum
1426 1558 1576 1621 θίνας
1601 1557 1819 1628 Aquila,
1846 1557 1939 1612 sed

351 1650 572 1717 βουνοὺς
617 1650 823 1719 posuit.
870 1649 1043 1705 Sicuti
1099 1666 1231 1721 ergo
1280 1650 1467 1720 procul
1525 1649 1942 1719 conspiciuntur

2049 448 2335 513 κρείττονα
2364 446 2463 499 τοῦ
2517 446 2969 516 πεπολεμηκότος
3033 446 3322 515 ἀπέφηνεν
3371 448 3590 517 ἀδελφοῦ,

2047 537 2146 589 καὶ
2172 536 2264 589 τὸν
2299 538 2418 589 υίὸν
2447 531 2660 608 ἄμαχον
2691 538 2861 604 ἔδειξε
2887 538 3043 610 παρὰ
3066 538 3342 592 τοσούτων
3385 540 3594 609 ἀδελφῶν

2047 630 2522 685 ἐπιϐουλευθέντα.
2548 632 2765 702 Ταύτης
2790 633 2869 695 δὲ,
2893 632 3053 702 φησὶ,
3077 633 3183 702 τῆς
3206 633 3508 703 κηδεμονίας
3525 652 3596 687 τε-

2046 723 2313 795 τύχηκας,
2337 725 2435 796 τῆς
2453 725 2534 787 εἰς
2554 724 2682 786 τοὺς
2707 726 3108 795 γεγεννηκότας
3133 725 3421 796 θεραπείας
3441 726 3597 794 μισθὸν

2049 817 2437 885 κομισάμενος’
2461 816 2620 869 τοῦτο
2642 816 2753 887 γὰρ
2772 816 3225 884 λέγει,ιἝνεκεν
3250 816 3485 884 εὐλογίας
3513 834 3597 885 μα·

2050 907 2193 962 σθῶν
2219 909 2315 962 καὶ
2350 910 2584 979 μήτρας,
2624 908 2879 977 εὐλογίας
2911 896 3119 981 πατρός
3159 926 3257 961 σου
3307 908 3400 961 καὶ
3425 909 3600 979 μητρός

2049 1017 2146 1053 σου
2162 1018 2176 1033 ο
2191 1019 2209 1052 ι
2234 1001 2564 1071 γηρωκόμος
2594 1001 2702 1072 γὰρ
2723 1001 2819 1054 τοῦ
2838 1001 3047 1072 πατρὸς
3068 1000 3359 1064 σπουδαῖος
3374 1000 3600 1069 ἐγεγόνει·

2048 1096 2115 1145 τὰ
2131 1093 2280 1157 δὲείς
2295 1094 2458 1148 αὑτὸν
2474 1094 2842 1165 γεγενημένα,
2865 1096 3020 1148 κοινά
3039 1094 3210 1147 αὑτοῦ
3226 1112 3287 1147 τε
3307 1097 3398 1147 καὶ
3412 1094 3503 1164 τῆς
3522 1112 3604 1165 μη-

2047 1185 2175 1255 τρὸς
2194 1180 2333 1240 εἷναί
2351 1202 2508 1256 φησι·
2528 1186 2853 1257 ταύτηςγὰρ
2872 1186 2938 1239 ἂν
2950 1190 3050 1257 τῆς
3067 1186 3398 1257 κηδεμονίας
3412 1189 3605 1255 κάκείνη

2048 1278 2388 1348 ὰπήλαυσεν,
2415 1281 2464 1332 εί
2491 1279 2567 1350 μὴ
2586 1279 2782 1333 θᾶττον
2809 1279 3002 1350 ἐξῆλθε
3027 1277 3123 1332 τοῦ
3158 1279 3309 1348 βίου·
3330 1274 3446 1332 εἶτα
3467 1278 3605 1331 ἐπεύ-

2048 1390 2204 1442 χεται
2234 1372 2384 1443 αὑτῷ
2412 1371 2798 1443 περιφάνειαν,
2830 1371 2977 1425 ὥστε
3004 1370 3266 1441 γενέσθαι
3301 1370 3460 1424 αὑτὸν
3483 1372 3605 1441 παρὰ

2049 1467 2218 1518 πᾶσιν
2237 1465 2560 1535 ὲπίσημον.«
2583 1464 3015 1536 ’Υπερισχύσαις
3028 1464 3163 1535 γὰρ,
3186 1464 3372 1533 φησιν,
3392 1463 3520 1533 ὑπὲρ
3534 1464 3605 1515 εύ-

2047 1556 2231 1625 λογίας
2249 1556 2421 1627 ὀρέων
2439 1557 2685 1627 μονίμων
2714 1559 2809 1610 καὶ
2836 1556 2998 1611 ὲπιθυ
3006 1557 3135 1627 μίας
3156 1557 3325 1611 θινῶν
3340 1556 3602 1611 αἰωνίωνοι

2048 1648 2262 1703 ἔσονται
2290 1651 2384 1703 ἐπὶ
2408 1650 2651 1719 κεφαλῆς
2667 1650 2887 1721 Ἰωσὴφ,
2919 1651 3015 1704 καὶ
3030 1650 3127 1704 ἐπὶ
3144 1649 3392 1719 κορυφῆς
3411 1642 3481 1703 ὧν

349 1755 446 1795 Seu
484 1740 651 1796 colles
699 1757 796 1795 seu
850 1750 1105 1806 montes,
1154 1742 1352 1796 horum
1413 1741 1588 1795 instar
1626 1739 1936 1809 patriarcha

2048 1760 2173 1797 σατο
2187 1743 2451 1812 ἀδελφῶν·
2486 1745 2548 1797 τὸ
2581 1744 2638 1796 δὲ
2669 1744 2840 1807 θῖνας
2859 1746 2887 1798 6
2915 1743 3150 1806 ’Δκύλας
3175 1742 3445 1808 ,ϐουνοὺς
3458 1741 3607 1813 ἡρμή-

348 1842 501 1900 nptat
534 1836 893 1901 conspicuum
949 1832 1069 1889 ﬁeri
1141 1832 1439 1905 Josephum
1487 1839 1653 1904 atque
1686 1831 1935 1889 omnium

351 1920 813 1977 illustrissimum.

424 2094 473 2153 7.
520 2096 763 2166 Denique
818 2094 1200 2166 Benjaminum
1245 2097 1384 2153 dixit
1434 2098 1626 2170 lupum
1678 2114 1934 2169 rapacem

348 2199 569 2260 propter
624 2205 748 2244 eam
795 2205 918 2261 quae
945 2192 1175 2264 contigit
1203 2191 1332 2246 huic
1383 2191 1549 2247 tribui
1578 2191 1813 2248 cladem.
1848 2192 1938 2248 Id-

350 2284 497 2337 circo
555 2281 803 2352 adjecit:
865 2300 885 2334 ι
920 2283 1075 2339 Mane
1131 2284 1401 2349 comedet,
1450 2298 1682 2354 vespere
1751 2285 1933 2341 cibum

350 2375 643 2430 distribuat
661 2376 726 2430 ⁸⁸.
767 2395 786 2427 ι
821 2374 955 2431 Nam
992 2377 1170 2447 primo
1199 2378 1481 2447 alteroque
1513 2391 1812 2446 congressu
1842 2394 1938 2433 su-

349 2467 593 2537 periores
641 2466 980 2539 Benjamitze,
1035 2468 1103 2523 ad
1133 2478 1440 2524 extremum
1471 2467 1723 2526 funditus
1770 2470 1936 2525 deleti

347 2555 590 2623 fuerunt,
625 2560 815 2628 paucis
853 2559 1144 2615 admodum
1168 2560 1433 2631 exceptis.
1467 2561 1670 2632 quibus
1697 2561 1937 2618 victores

348 2650 726 2707 misericordia
765 2652 1027 2707 commoti
1060 2652 1294 2708 feminas
1310 2652 1532 2723 quidem
1561 2655 1619 2709 in
1646 2656 1936 2709 matrimoo

348 2744 502 2801 nium
530 2747 602 2802 ob
635 2750 966 2804 sacramenti
1017 2748 1339 2820 religionem
1398 2765 1510 2805 non
1571 2751 1937 2815 tradiderunt,

347 2838 506 2894 aliter
534 2850 715 2896 tamen
747 2841 827 2897 eis
859 2842 1079 2911 nuptias
1104 2842 1560 2899 conciliaverunt.
1611 2842 1799 2914 Neque
1853 2855 1938 2900 ta-

347 2947 471 2989 men
502 2932 854 2988 nesciendum
895 2944 978 2990 est
1024 2936 1321 2992 nonnullos
1364 2937 1466 2993 hoc
1496 2938 1818 2993 vaticinium
1869 2938 1938 2993 ad

2036 1852 2249 1891 νευσενο
2273 1836 2460 1906 ἐπειδὴ
2482 1836 2663 1891 τοίνυν
2686 1835 2973 1907 πόρρωθεν
3000 1836 3240 1908 ὁρῶνται
3265 1836 3359 1889 καὶ
3386 1836 3433 1888 oi
3460 1836 3608 1905 βουνοί

2036 1932 2133 1987 καὶ
2160 1932 2230 1987 τὰ
2262 1932 2363 2003 ὅρη
2392 1975 2406 1997 ,
2446 1932 2659 1996 τούτοις
2684 1932 3087 2003 παραπλησίως
3114 1931 3338 2000 εὖχεται
3368 1928 3607 1998 γνώριμον

2037 2023 2201 2079 αὑτὸν
2242 2023 2499 2092 γενέσθαι
2526 2024 2621 2076 καὶ
2649 2024 2871 2078 πάντων
2898 2023 3393 2093 περιφανέστατον.

2110 2113 2178 2178 ζ’.
2210 2114 2313 2167 Τὸν
2345 2113 2403 2191 δὲ
2438 2114 2700 2184 Βενιαμὶν
2727 2114 2893 2167 λύκον
2926 2114 3161 2185 ἅρπαγα
3196 2111 3429 2180 κέκληκε
3458 2108 3533 2162 διὰ
3554 2108 3605 2160 τὸ

2037 2205 2384 2279 συμϐεϐηκὸς
2426 2207 2600 2271 πάθος
2643 2209 2708 2277 τῇ
2756 2205 2951 2259 τούτου
2994 2204 3165 2276 φυλῇ.
3220 2202 3317 2255 Διὸ
3370 2202 3601 2269 ἐπήγαγε·

2043 2323 2062 2356 ι
2098 2302 2173 2355 Τὸ
2201 2299 2442 2367 πρωῖνὸν
2486 2299 2689 2363 ἔδεται,
2745 2302 2841 2353 καὶ
2870 2299 2951 2362 είς
2981 2297 3044 2351 τὸ
3089 2296 3341 2368 ἑσπέρας
3387 2290 3603 2346 διαδώσιι

2035 2394 2271 2465 τροφήν·
2313 2410 2333 2444 ι
2362 2392 2422 2444 ὲν
2466 2389 2579 2461 γὰρ
2611 2393 2679 2463 τῇ
2726 2389 2925 2462 πρώτῃ
2954 2389 3051 2443 καὶ
3076 2387 3319 2458 δευτέρᾳ
3350 2383 3600 2456 συμπλοκῇ

2038 2481 2405 2551 νενικηκότες,
2449 2480 2680 2552 ὕστερον
2707 2479 2878 2550 ἄρδην
2904 2478 3194 2533 ἀπώλοντο
3215 2516 3231 2543 ,
3273 2477 3410 2546 πλὴν
3449 2476 3597 2545 εὐαρι-

2039 2574 2262 2645 θμήτων
2283 2574 2446 2628 τινῶν
2463 2573 2682 2642 ὀλίγων,
2697 2570 2852 2636 οὒςοί
2872 2570 3229 2640 νενικηκότες
3246 2567 3601 2638 οἰκτείραντες,

2036 2664 2220 2719 δοῦναι
2252 2664 2351 2735 μὲν
2380 2664 2567 2726 αὐτοῖς
2598 2665 2866 2733 γυναῖκας
2891 2660 2985 2715 διὰ
3007 2661 3105 2715 τὸν
3151 2661 3319 2731 ὅρκον
3340 2657 3599 2718 ὑπείδοντο,

2040 2757 2246 2827 ἑτέρως
2279 2756 2324 2810 δ’
2379 2757 2564 2821 αὐτοῖς
2587 2757 2680 2833 τὸν
2719 2758 2897 2825 γάμον
2950 2755 3404 2825 ἐμηχανήσαντοο
3438 2751 3601 2804 εἰδέναι

2038 2852 2097 2905 δὲ
2128 2850 2235 2923 χρὴ
2258 2850 2334 2915 ὦς
2361 2868 2507 2915 τινες
2528 2851 2687 2923 τήνδε
2716 2850 2815 2921 τὴν
2844 2849 3152 2921 πρόρρησιν
3218 2850 3302 2911 εἰς
3328 2846 3417 2899 τὸν
3438 2844 3601 2898 θεσπέ-

2040 2961 2158 2999 σιον
2206 2943 2421 2997 Παῦλον
2464 2945 2726 2998 εἵλκυσαν
2757 2944 2891 3013 (61)·
2947 2941 3116 2995 λύκου
3161 2940 3280 3012 γὰρ
3313 2939 3461 3009 δίκην
3502 2936 3601 2988 ἐλυ-

348 3024 534 3079 divum
576 3024 801 3080 Paulum
838 3027 1072 3083 traxisse
1105 3046 1118 3084 :
1152 3028 1243 3083 bic
1261 3029 1409 3088 enim
1441 3028 1552 3100 lupi
1595 3030 1700 3085 ritu
1735 3032 1936 3085 noxius

2048 3035 2266 3107 μαίνετο
2298 3038 2399 3107 τὴν
2468 3037 2801 3107 Ἐκκλησίαν
2851 3035 2993 3088 κατὰ
3046 3033 3178 3096 τοὺς
3218 3033 3401 3095 οἴκους
3443 3031 3599 3083 sino-

347 3115 605 3171 Ecclesiae
627 3117 730 3171 fuit
754 3117 809 3173 in
841 3119 1037 3173 domos
1072 3119 1427 3189 irrumpens;
1455 3129 1643 3190 postea
1672 3136 1805 3177 vero
1826 3121 1940 3192 spi-

2048 3128 2360 3200 ρευόμενος,
2405 3129 2634 3201 ὕστερον
2666 3128 2723 3182 δὲ
2762 3129 2861 3199 τὴν
2895 3127 3287 3197 πνευματικὴν
3340 3123 3528 3193 τροφὴν
3549 3122 3602 3189 τῇ

348 3208 560 3262 ritalem
601 3225 783 3264 escam
814 3210 935 3265 orbi
973 3211 1274 3266 distribuit.
1304 3211 1604 3282 Postquam
1638 3213 1753 3268 haec
1782 3211 1941 3270 Jaco-

347 3298 452 3353 bus
488 3299 739 3364 dixisset,
791 3315 1065 3369 suumque
1086 3301 1298 3356 obitum
1338 3303 1725 3369 nuntiavisset,
1759 3305 1939 3376 pergit

349 3389 529 3444 dicere
555 3389 851 3446 historicus
883 3408 896 3446 :
929 3392 1190 3447 Collectis
1222 3393 1276 3447 in
1301 3393 1504 3448 lectulo
1541 3394 1796 3463 pedibus,
1828 3397 1943 3450 ani-

349 3494 495 3533 mam
533 3480 662 3549 egit,
689 3492 744 3536 et
769 3482 851 3536 ad.
888 3484 1151 3553 populum
1186 3499 1351 3539 suum
1407 3486 1693 3555 appositus
1741 3495 1847 3541 est.
1884 3486 1939 3542 Id

350 3570 526 3639 ipsum
560 3571 870 3627 Abrahamo
898 3589 1119 3643 quoque
1137 3574 1353 3628 dixerat
1387 3576 1700 3631 communis
1747 3574 1892 3637 Deus
1926 3596 1940 3632 :

354 3680 375 3711 ι
415 3660 492 3715 Tu
540 3678 671 3717 vero
725 3664 904 3720 abibis
955 3665 1024 3720 ad
1080 3674 1266 3735 patres
1320 3674 1465 3731 tuos,
1499 3669 1640 3721 bona
1663 3678 1943 3725 senectute

350 3754 671 3809 nutritus".
717 3774 735 3807 ι
771 3754 907 3812 Hinc
958 3756 1124 3813 etiam
1183 3757 1460 3813 Dominus
1513 3757 1941 3815 Sadducaeorum

350 3843 790 3899 incredulitatem
839 3848 1175 3916 coarguebat
1210 3848 1403 3903 dicens
1440 3865 1455 3903 :
1490 3865 1510 3899 ι
1549 3847 1707 3915 Quod
1756 3858 1940 3906 autem

349 3939 551 3992 mortui
613 3940 912 3993 surrecturi
946 3940 1078 4005 sint,
1129 3955 1314 3996 nonne
1362 3940 1614 4012 legistis?
1644 3942 1761 4013 Ego
1797 3942 1943 4001 Deus

349 4030 647 4085 Abrabami
698 4041 754 4087 ct
786 4031 953 4088 Isaaci
994 4040 1049 4088 et
1084 4031 1275 4089 Jacobi
1301 4034 1370 4088 κ.
1431 4052 1449 4085 ι
1492 4032 1614 4088 Νοη
1655 4046 1741 4091 est
1773 4036 1939 4106 Deus,

350 4131 692 4176 mortuorum
717 4121 882 4188 Deus,
902 4125 998 4178 sed
1032 4124 1392 4179 viventium.»
1421 4124 1528 4193 Ipsi
1562 4125 1736 4194 gloria
1759 4128 1813 4182 in
1840 4146 1942 4185 sae-

351 4218 499 4268 cula.
531 4215 727 4270 Amen.

421 4326 751 4417 QUESTIQ
787 4328 989 4385 CCLXI
1008 4330 1237 4455 ([8
1247 4401 1263 4474 1
1288 4330 1595 4386 CCLXXXI
1619 4374 1633 4397 ,
1701 4332 1866 4389 Taur.

455 4494 599 4560 Quid
627 4495 725 4548 hoc
755 4494 1001 4548 ostendat
1030 4494 1218 4547 rubum
1242 4494 1429 4549 ardere
1460 4511 1553 4549 nec
1573 4496 1829 4553 comburi.

1968 4417 2023 4477 D

2039 3223 2338 3295 οἰκουμένῃ
2359 3223 2606 3279 διέδωκε.
2637 3222 2827 3277 Ταῦτα
2856 3222 2949 3276 τοῦ
2966 3220 3162 3276 Ἰακὼϐ
3201 3220 3494 3292 εἰρηκότος,
3524 3214 3599 3268 καὶ

2041 3315 2142 3387 τὴν
2187 3316 2397 3370 οἰκείαν
2449 3315 2706 3385 τελευτὴν
2740 3314 3144 3385 μεμηνυκότος,
3200 3315 3229 3366 6
3283 3308 3598 3379 συγγραφεὺς

2043 3404 2171 3473 ἔφη’
2206 3423 2226 3456 ‹
2263 3405 2374 3457 Καὶ
2401 3404 2604 3475 ἐξάρας
2636 3404 2765 3466 τοὺς
2797 3403 2964 3465 πόδας
2998 3400 3168 3455 αὑτοῦ
3204 3401 3300 3453 ἐπὶ
3326 3399 3421 3470 τὴν
3449 3396 3604 3465 κλίνην

2043 3493 2281 3560 ἐξέλιπε,
2303 3492 2401 3547 καὶ
2427 3492 2734 3563 προσετέθη
2770 3492 2909 3563 πρὸς
2937 3491 3028 3544 τὸν
3051 3491 3182 3545 λαὸν
3216 3489 3401 3544 αὐτοῦ’
3428 3507 3445 3539 ι
3475 3485 3603 3538 τοῦτο

2043 3585 2103 3639 δὲ
2155 3587 2251 3639 καὶ
2300 3584 2438 3656 πρὸς
2487 3584 2579 3638 τὸν
2622 3583 2876 3655 Ἀϐραὰμ
2917 3584 2947 3636 6
2978 3583 3087 3636 τῶν
3138 3582 3286 3636 ὅλων
3334 3581 3434 3650 εφη
3474 3575 3597 3637 Θεός·

2050 3696 2069 3729 ‹
2106 3679 2177 3732 Σὺ
2211 3677 2269 3731 δὲ
2299 3678 2581 3751 ἀπελεύσῃ
2607 3679 2747 3749 πρὸς
2769 3678 2900 3740 τοὺς
2937 3677 3181 3745 πατέρας
3211 3693 3307 3729 σου
3339 3677 3394 3727 ὲν
3420 3671 3598 3740 εἰρήνῃ,

2043 3772 2275 3841 τραφεὶς
2307 3771 2366 3824 ὲν
2394 3771 2557 3841 γήρει
2581 3769 2755 3840 καλῷο
2793 3788 2815 3821 ι
2847 3767 3100 3823 ἐντεῦθεν
3122 3767 3220 3821 καὶ
3250 3769 3278 3820 6
3315 3763 3503 3834 Κύριος
3522 3759 3600 3826 τὴν

2050 3865 2161 3918 τῶν
2191 3864 2568 3918 Σαδδουκαίων
2586 3863 2848 3916 ἀπιστίαν
2867 3859 3147 3932 διήλεγξεν
3166 3857 3424 3929 εἰρηκώς
3453 3871 3471 3905 ι
3500 3852 3597 3903 Ὀτι

2042 3957 2099 4010 δὲ
2142 3957 2450 4027 ἐγείρονται
2480 3956 2530 4007 οἱ
2557 3955 2745 4025 νεκροὶ
2771 3954 2872 4007 ούκ
2891 3954 3165 4021 ἀνέγνωτε
3192 3968 3208 4017 ;
3264 3948 3399 4018 Ἐγὼ
3432 3947 3457 3999 6
3493 3942 3599 4002 Θεὸς

2057 4048 2309 4119 ’Λϐραὰμ
2343 4049 2438 4101 καὶ
2474 4047 2662 4101 Ἰσαὰκ
2684 4048 2781 4099 καὶ
2818 4044 3034 4099 Ἰακώϐ.
3081 4063 3101 4097 ι
3130 4046 3249 4096 Οὐκ
3278 4043 3419 4095 ἔστιν
3442 4039 3469 4090 6
3489 4034 3597 4093 Θεὸς

2043 4142 2175 4204 Θεὸς
2227 4140 2461 4210 νεκρῶν,
2493 4139 2633 4193 ἀλλὰ
2676 4138 2918 4203 ζώντων.
2969 4135 3135 4207 Αύτῷ
3181 4138 3219 4206 ἡ
3248 4135 3371 4199 δόξα
3402 4133 3475 4193 εἰς
3495 4126 3596 4185 τοὺς

2041 4235 2265 4294 αἰῶνας.
2310 4235 2508 4304 Ἀμήν.

2581 4348 2919 4404 ΕΡΩἸῊΣΙΣ
2942 4348 3104 4402 ΣΞΑἌ

2055 4510 2119 4565 Τί
2147 4507 2327 4576 δηλοῖ
2361 4511 2449 4575 τὸ,
2482 4512 2599 4580 τὴν
2627 4510 2826 4577 βάτον
2873 4510 3148 4566 καίεσθαι
3197 4508 3298 4564 καὶ
3320 4506 3404 4577 μὴ
3446 4517 3591 4559 κατα-

2689 4581 2967 4636 καίεσθαι
2992 4598 3010 4646 ;
3172 4618 3175 4619 ν

1193 4688 1335 4738 Edita
1365 4702 1391 4737 a
1420 4685 1543 4737 Maio
1577 4688 1722 4753 (Nov.
1751 4691 1878 4742 Coll.
1907 4698 1944 4741 t.
1979 4695 2060 4759 IX,
2092 4713 2143 4763 p.
2183 4701 2318 4761 126).
2354 4726 2413 4735 —
2446 4696 2601 4746 Exod.
2642 4709 2712 4755 Ill,
2746 4694 2794 4742 2.

420 4770 535 4826 Hoc
570 4772 660 4826 Dei
713 4774 1015 4844 potentiam
1071 4780 1239 4843 atque
1286 4789 1530 4827 amorem
1581 4776 1637 4828 in
1692 4776 1946 4835 homines

348 4866 651 4937 proclamat
677 4869 823 4936 quod
852 4870 1049 4924 rubum
1082 4870 1175 4939 qui
1206 4868 1458 4939 lignosus
1489 4879 1609 4924 erat
1640 4886 1750 4925 non
1787 4888 1944 4927 com-

2118 4784 2231 4857 Τὴν
2246 4784 2341 4838 τοῦ
2356 4782 2492 4837 Θεοῦ
2516 4781 2748 4851 δύναμιν
2767 4780 2865 4834 καὶ
2891 4778 3313 4849 φιλανθρωπίαν
3341 4769 3579 4865 κηρύττειν

2045 4874 2130 4928 δτι
2155 4872 2485 4946 φρυγανὼδη
2511 4867 2681 4925 οὖσαν
2708 4870 2811 4923 ούκ
2838 4869 3104 4939 ἀνήλισκε
3132 4867 3193 4921 τὸ
3214 4865 3463 4921 ἄσϐεστον

348 4957 525 5011 bussit
566 4956 1027 5026 iuexstinguibilis
1080 4961 1239 5032 ignis.
1293 4959 1565 5016 Praeterea
1622 4976 1825 5019 censeo
1880 4965 1949 5020 ab

2048 4943 2211 5038 omni
2236 4966 2294 5019 δὲ
2326 4965 2395 5018 δι’
2434 4963 2602 5018 αὐτοῦ
2641 4961 3088 5032 παραδηλοῦσθαι
3112 4959 3207 5013 καὶ
3250 4955 3378 5012 ὅτιό
3413 4943 3589 5038 dapsili

347 5050 455 5104 hoc
487 5049 655 5104 Israel
718 5054 1097 5119 repraesentari
1150 5056 1243 5123 qui
1299 5056 1369 5110 ab
1415 5053 1690 5125 [Egyptiis
1724 5068 1950 5113 vexatus

2048 5035 2156 5112 ὑπὸ
2190 5056 2300 5111 τῶν
2328 5055 2648 5121 Αἰγυπτίων
2684 5052 3004 5107 ὲπιϐουλευό
3015 5067 3178 5122 μενος
3217 5050 3315 5104 οὐκ
3347 5035 3585 5102 ἀναλωθὴ⁶

348 5158 463 5198 non
495 5154 675 5197 tamen
706 5141 988 5212 periturus
1011 5154 1153 5212 erat,
1183 5147 1267 5200 vel
1308 5146 1477 5201 etiam
1517 5145 1716 5203 Filium
1748 5149 1948 5220 Unigc-

2055 5165 2233 5205 σεταιο
2266 5148 2348 5202 ἑτι
2368 5148 2425 5202 δὲ
2454 5147 2553 5201 καὶ
2585 5147 2661 5209 ὡς
2687 5148 2716 5198 6
2736 5145 3052 5214 Μονογενὴς
3080 5137 3488 5213 ὲνανθρωπήσας
3512 5128 3585 5181 καὶ

348 5238 526 5293 nitum
557 5237 674 5307 qui,
703 5244 994 5309 postquam
1024 5248 1275 5291 naturam
1296 5254 1594 5297 numanatn
1623 5219 1949 5309 sumpsisset

2058 5240 2395 5310 παρθενικὴν
2424 5237 2719 5307 ἐνοικήσας
2743 5235 2925 5305 νηδὺν,
2948 5233 3183 5304 φυλάξει
3204 5232 3299 5301 τὴν
3328 5219 3583 5296 παρθενίαν

348 5340 520 5400 atque
548 5329 600 5384 in
620 5330 740 5385 sinu
771 5328 997 5397 virginis
1024 5329 1405 5394 habitavisset,
1439 5333 1488 5387 ei
1525 5332 1796 5404 integram
1830 5334 1944 5389 vir-

1690 5448 1734 5479 ⁵³
1768 5446 1937 5502 Marc.
1978 5462 2078 5511 χιι,
2105 5446 2197 5501 26.

427 5446 472 5480 “
504 5446 683 5503 Judic.
724 5462 825 5513 xx;
859 5462 973 5501 ιιι.
1074 5444 1123 5476 ⁵ο
1148 5440 1346 5499 Genes.
1377 5461 1467 5511 xv,
1502 5446 1590 5501 I5.

2052 5335 2349 5403 ἀκήρατον·
2394 5332 2531 5402 φασὶ
2560 5330 2617 5383 δέ
2641 5346 2784 5393 τινες
2812 5332 2871 5382 ἐν
2902 5328 3051 5399 βάτῳ
3081 5326 3316 5398 φανῆναι
3350 5321 3431 5376 τὸν
3458 5312 3579 5368 Θεὸν.

432 5630 545 5701 (61)
571 5631 630 5683 In
674 5631 761 5685 bis
792 5628 1160 5701 Hieronymus
1186 5642 1273 5698 ep.
1313 5627 1405 5694 38,
1462 5627 1517 5694 I,
1546 5636 1602 5682 et
1624 5638 1823 5699 quast.
2163 5644 2269 5687 nec
2314 5644 2421 5686 non
2445 5628 2501 5684 in
2534 5626 2801 5697 opuscqu
2827 5624 2973 5695 quod
3020 5622 3143 5695 ejus
3183 5634 3369 5677 nomen
3418 5612 3567 5681 incliti

365 5698 452 5756 De
476 5702 921 5755 benedictionibus
943 5698 1136 5754 Iacob.
