3876 6216
280 306 415 373 1081

1074 301 1175 361 AD
1207 295 1805 358 AMPHILOCHIUM
1831 294 2180 369 QUIESTIO
2217 296 2782 361 CCLXI-CCLXIII.

3414 294 3560 361 [082

275 422 373 473 καὶ
410 418 512 471 οὐκ
547 415 607 470 ἐν
636 412 782 486 ἄλλῳ
810 412 986 485 φυτῷ,
1019 412 1111 468 διὰ
1137 412 1200 466 τὸ
1228 411 1306 483 μὴ
1341 409 1604 465 δύνασθαί
1634 426 1756 462 τινα
1793 409 1858 460 ἐκ
1887 424 1905 476 Α

1988 408 2245 474 :initatem
2308 411 2567 466 servavit.
2629 409 2830 466 Dicunt
2887 410 3125 481 quidam
3193 409 3375 465 Deum
3424 410 3552 466 rubi

278 509 446 580 βάτου
494 507 698 576 γλύψαι
746 503 901 556 Θεόνο
956 501 1105 565 sub;
1160 501 1271 570 γὰρ
1328 493 1398 568 ἦν
1443 495 1734 558 Ἰουδαίους
1767 493 1864 547 καὶ

276 601 437 655 τοῦτο
463 600 758 671 τολμῆσαι,
783 597 944 669 εἴπερ
974 595 1033 649 ἐν
1062 593 1206 664 ἄλλῳ
1227 590 1386 661 ὤφθη
1406 587 1581 660 φυτῷ.

814 918 1148 974 ΕΡΩΤΗΣΙΣ
1171 915 1334 973 ΣΞΒ.

551 1082 611 1134 Ἠ
637 1082 942 1150 ⁸2ἐπρωσίς
964 1079 1076 1148 τῆς
1113 1080 1310 1149 χειρὸς
1338 1078 1396 1132 τί
1420 1074 1634 1146 δηλοῖς

1964 500 2183 571 quidem
2229 515 2337 555 non
2384 510 2567 557 autem
2614 501 2757 557 alius
2781 502 2983 572 plantae
3007 502 3240 557 formam
3289 502 3556 569 induisse,

1964 594 2092 664 quia
2146 610 2254 648 non
2293 601 2474 663 potest
2525 608 2590 649 ex
2635 594 2775 649 rubo
2826 594 3005 649 caelari
3041 595 3205 651 Deus.
3249 593 3560 651 Verisimile

1964 695 2052 742 est
2066 686 2284 742 Iudaeos
2300 686 2405 742 hoc
2429 695 2638 741 tentare
2666 702 2902 743 ausuros
2928 684 3106 745 fuisse
3124 690 3170 743 si
3199 688 3349 743 Deus
3365 690 3420 742 in
3451 688 3558 742 alia

1972 780 2159 851 planta
2189 780 2343 834 visus
2369 789 2536 834 esset.

2047 891 2378 962 QUESTIO
2402 892 2888 1018 οειχιὲϐιξῧέἣ
2926 894 3272 962 CCLXXXII,
3320 896 3484 949 Taur.

2609 964 2913 1037 CCLXXI].

2256 1054 2565 1125 Leprositas
2621 1072 2805 1109 mamts
2832 1056 2958 1127 quid
2996 1057 3277 1128 signiﬁcet.

1210 1192 1351 1242 Edita
1381 1205 1410 1241 a
1442 1189 1569 1241 Maio
1595 1189 1648 1253 (1.
1682 1200 1728 1237 c.
1753 1198 1804 1248 p.
1840 1178 1951 1239 126,
1974 1189 2024 1239 q.
2049 1168 2184 1234 271).
2216 1194 2279 1205 -
2308 1168 2465 1219 Exod.
2494 1181 2561 1229 IV,
2581 1166 2628 1217 6.

365 1301 452 1353 Ἐν
485 1298 740 1369 εὐσεϐείᾳ
771 1298 981 1368 τραφέν
1014 1296 1076 1350 τὸ
1112 1298 1269 1366 γένος
1297 1296 1390 1351 τοῦ
1435 1293 1629 1349 Ἰακὼό
1657 1295 1737 1357 εἰς
1763 1292 1867 1363 τὴν

279 1393 558 1458 Αἴγυπτον
615 1390 980 1462 εἰσελήλυθεν*
1044 1389 1159 1444 ἀλλ’
1220 1391 1343 1443 ἐκεῖ
1392 1389 1502 1442 τῶν
1551 1384 1868 1454 Αἰγυπτίων

283 1482 561 1556 μετέμαθε
604 1484 706 1554 τὴν
748 1482 1028 1537 ἀσέϐειαν
1087 1482 1190 1553 τῆς
1242 1481 1466 1535 ἐκείνων
1520 1480 1578 1535 δὲ
1625 1477 1871 1541 δουλείας

280 1573 598 1643 ἀπαλλαγὲν
635 1573 913 1644 μετέμαθε
949 1572 1046 1625 τὸν
1079 1572 1190 1625 τῶν
1240 1572 1379 1626 ὅλων
1407 1571 1563 1624 Θεόνο
1598 1568 1869 1639 δεδήλωκε

278 1666 465 1720 τοίνυν
490 1666 580 1720 διὰ
600 1666 699 1737 τῆς
730 1663 1075 1727 ἀλλοιώσεως
1104 1664 1203 1735 τῆς
1232 1666 1435 1735 χειρὸς,
1459 1664 1561 1735 τὴν
1590 1661 1866 1731 λέπρωσιν

279 1760 465 1814 αὐτῶν
482 1756 579 1813 καὶ
608 1757 705 1831 τὴν
737 1757 1028 1830 κάθαρσινο
1065 1757 1204 1830 πρὸς
1232 1757 1290 1811 δὲ
1314 1757 1527 1820 τούτοις
1561 1754 1657 1809 καὶ
1679 1754 1868 1825 ἐτερον

278 1852 552 1924 ᾠκονόμει
586 1854 615 1906 ὁ
664 1853 820 1919 Θεόςο
868 1852 1059 1924 ἐπειδὴ
1108 1852 1218 1922 γὰρ
1256 1850 1450 1920 ἔμελλε
1480 1850 1572 1902 τὸν
1600 1848 1731 1918 περὶ
1759 1845 1869 1899 τῶν

279 1945 503 2017 λεπρῶν
532 1944 740 2001 τιθέναι
776 1946 940 2018 νόμον
960 1947 1055 2001 καὶ
1073 1943 1421 2016 ἀκαθάρτους
1455 1942 1681 2004 τούτους
1707 1954 1875 2013 προσ-

283 2039 597 2109 αγορεύειν,
651 2040 814 2111 ἕτερα
880 2041 970 2095 διά
1015 2039 1221 2094 τούτων
1271 2036 1574 2108 οἰκονομῶν
1595 2035 1874 2105 ἐλέπρωσε

279 2133 379 2187 τοῦ
418 2132 712 2204 νομοθέτου
748 2135 850 2204 τὴν
904 2136 1067 2205 χεῖρα
1096 2132 1194 2203 τὴν
1245 2131 1318 2184 τά
1358 2130 1541 2184 τέλεια
1572 2127 1877 2182 πεπαιδευο

284 2226 481 2298 μένην,
536 2227 807 2280 διδάσκων
863 2226 941 2290 ὡς
996 2226 1152 2280 οὐδὲν
1186 2223 1296 2279 τῶν
1346 2223 1606 2279 τοιούτων
1648 2221 1876 2292 τάληθεί

280 2319 432 2390 λόγῳ
461 2319 798 2391 ἀκάθαρτον
827 2319 948 2383 πῶς
983 2318 1095 2389 γὰρ
1140 2316 1455 2388 ἀκάθαρτον
1482 2314 1545 2369 τὸ
1573 2313 1872 2380 ἀκούσιον;

283 2412 367 2467 διδ
404 2414 438 2485 ή
472 2412 540 2466 τὰ
579 2412 841 2483 θαύματα
869 2414 1055 2466 ἐκεῖνα
1102 2411 1455 2483 ἐργασαμένη
1491 2408 1664 2476 δεξιὰ,
1698 2405 1877 2476 λεπρά

281 2506 561 2577 πρότερον
623 2506 891 2578 γενομένη
940 2508 1064 2568 ταῖς
1124 2504 1480 2575 θεοσημείαις
1537 2500 1872 2572 ὁπούργησε·

281 2597 448 2652 τοῦτο
474 2598 534 2651 δέ
562 2600 657 2653 καὶ
681 2598 774 2652 τὸν
808 2597 1109 2669 νομοθέτην
1136 2596 1429 2650 ἐπαίδευσε
1462 2595 1540 2666 μὴ
1566 2593 1712 2664 μέγα
1740 2608 1875 2663 φρο-

282 2692 427 2753 νεῖν,
457 2689 576 2745 ἀλλ’
605 2692 808 2745 εἰδέναι
857 2691 957 2761 τὴν
994 2688 1160 2759 φύσιν
1190 2689 1291 2759 τῆς
1340 2686 1719 2759 λεπρωθείσης
1750 2688 1882 2741 ἀνα-

287 2784 743 2856 μιμνησκόμενον
770 2783 977 2848 δεξιᾶς.

807 2872 1145 2928 ΕΡΩΤΗΣΙΣ
1179 2868 1348 2925 ΣΞΡ.

286 3033 456 3086 Διατι
482 3030 796 3101 ἠϐουλήθη
825 3034 858 3085 ό
890 3029 1138 3101 ἄγγελος
1172 3027 1555 3084 ἀνελεῖντόν
1580 3026 1880 3096 Μωῦσῆν;

2040 1277 2349 1333 Educatum
2394 1274 2447 1328 in
2478 1275 2679 1343 pietate
2726 1272 2913 1329 Jacobi
2950 1290 3123 1345 genus
3151 1272 3443 1346 [Egyptum
3479 1278 3564 1334 in-

1966 1384 2215 1443 gressum
2247 1376 2386 1422 erat.
2428 1364 2526 1421 Hic
2558 1380 2689 1420 vero
2713 1364 3094 1436 Egyptiorum
3130 1368 3327 1422 didicit
3357 1370 3557 1440 impie-

1966 1472 2168 1528 tatem;
2225 1474 2461 1529 quorum
2512 1458 2740 1513 servitio
2789 1458 3079 1512 liberatum
3135 1476 3333 1516 rursus
3360 1462 3556 1517 didicit

1966 1552 2210 1607 omnium
2265 1564 2450 1604 rerum
2494 1548 2688 1603 Deum.
2743 1546 2997 1603 Ostendit
3052 1548 3240 1620 igitur,
3285 1566 3381 1621 per
3421 1552 3564 1607 hanc

1973 1660 2171 1699 manus
2226 1642 2683 1707 immutationem,
2750 1642 2945 1697 horum
2993 1652 3047 1696 et
3103 1644 3472 1711 leprositalem
3505 1655 3563 1698 et

1968 1737 2368 1805 purgationem.
2426 1730 2805 1803 Prartereaque
2873 1734 3018 1787 aliud
3064 1734 3229 1787 etiam
3274 1737 3564 1791 constituit

1971 1828 2114 1880 Deus
2158 1843 2172 1880 :
2215 1840 2338 1879 cum
2375 1824 2519 1881 enim
2549 1839 2717 1894 prope
2745 1833 2892 1878 esset
2916 1833 2974 1877 ut
3006 1823 3214 1879 Hebraei
3241 1826 3293 1879 in
3321 1827 3573 1896 leprosos

1972 1918 2146 1988 legem
2176 1916 2385 1973 ferrent
2420 1931 2627 1985 eosque
2685 1916 3001 1970 immundos
3043 1916 3409 1985 declararent,
3456 1920 3571 1974 alia

1977 2005 2124 2062 Deus
2153 2006 2449 2076 providens
2485 2006 2757 2075 leprosam
2776 2004 2956 2060 elIecit
2981 2005 3311 2076 legislatoris
3337 2024 3561 2062 manum

1909 2122 1952 2178 Β
1980 2114 2102 2170 quae
2138 2099 2207 2154 ad
2235 2107 2419 2153 tantas
2442 2113 2530 2152 res
2549 2110 2677 2167 apta
2700 2106 2844 2161 erat,
2869 2098 3074 2152 docens
3097 2099 3233 2152 nihil
3254 2100 3362 2154 tale
3376 2115 3566 2155 revera

1973 2194 2319 2249 immundum
2350 2208 2493 2249 esse.
2523 2191 2643 2258 Quo
2675 2200 2841 2263 pacto
2860 2195 3006 2248 enim
3051 2195 3341 2263 quodnon
3375 2206 3580 2265 sponte

1973 2286 2034 2340 ﬁt
2060 2286 2405 2340 immundum
2443 2285 2553 2341 sit?
2583 2284 2761 2349 Quam
2791 2286 2861 2340 ob
2895 2301 3116 2341 causam
3148 2302 3269 2357 quae
3295 2294 3375 2341 tot
3404 2288 3574 2343 mira-

1974 2380 2106 2435 bilia
2137 2388 2442 2449 peregerat,
2473 2379 2589 2434 haec
2616 2379 2807 2434 dextra
2827 2380 3037 2449 leprosa
3080 2380 3229 2448 prius
3246 2379 3389 2435 facta
3438 2395 3572 2450 ope-

1973 2485 2090 2525 ram
2116 2480 2305 2542 postea
2333 2469 2552 2525 navavit
2577 2469 2842 2540 prodigiis
2865 2470 3089 2524 divinis.
3117 2469 3229 2525 Hoc
3245 2486 3462 2542 quoque
3492 2470 3572 2524 le-

1978 2562 2296 2632 gislatorem
2350 2562 2531 2633 ipsum
2585 2560 2732 2617 Deus
2798 2561 3038 2625 edocuit,
3104 2578 3214 2617 non
3260 2563 3575 2633 superbire,

1978 2653 2214 2725 propriae.
2245 2662 2459 2708 natura:
2486 2653 2772 2723 scientem,
2799 2652 3115 2725 dextraeque
3144 2663 3305 2711 antea
3339 2656 3571 2725 leprosat

1981 2747 2125 2803 haud
2159 2746 2564 2801 immemorem.

2042 2860 2374 2928 QUESTIO
2401 2860 2922 2988 CCLXllé.C
2941 2860 3323 2929 CCLXXXIII,
3349 2862 3516 2917 Taur.

2621 2932 2896 2988 CCLXXII
2927 2973 2945 2994 ,.

1988 3022 2109 3091 Qua
2139 3025 2203 3080 de
2226 3043 2389 3080 causa
2416 3026 2636 3080 uoluerit
2669 2932 3172 3097 angeluslocoidere
3192 3024 3412 3096 Moysen
3441 3026 3585 3098 (65).

1196 3141 1341 3192 Edita
1373 3156 1401 3191 ε
1427 3141 1553 3192 Maio
1587 3142 1644 3206 (l.
1680 3155 1725 3193 c.
1751 3157 1800 3207 p.
1822 3142 1935 3204 126,
1967 3159 2017 3208 q.
2047 3146 2187 3207 τη).
2217 3169 2278 3181 -—
2301 3144 2455 3195 Exod.
2489 3157 2557 3205 ιν,
2590 3142 2671 3194 ει.

378 3252 446 3304 Ἦ
475 3251 612 3322 γυνὴ
663 3251 760 3321 μὶν
785 3250 1022 3304 ἐτόπασε
1076 3249 1167 3303 διὰ
1191 3250 1251 3303 τὺ
1280 3249 1512 3322 θάτερον
1538 3249 1650 3302 τῶν
1676 3249 1884 3304 παίδοιν

2064 3249 2229 3318 Quia,
2263 3259 2323 3304 ut
2373 3249 2609 3318 coniecit
2645 3245 2846 3318 Moysis
2897 3262 3055 3314 uxor,
3115 3264 3264 3304 unus
3291 3264 3322 3305 e
3360 3248 3595 3306 duobus'

294 3345 676 3416 ἀπερίτμητον
708 3338 873 3406 εἶναι,
910 3342 991 3395 διὸ
1028 3342 1125 3399 καὶ
1156 3342 1357 3396 αὐτίκα
1387 3341 1707 3414 περιέτεμε·
1737 3342 1885 3407 τινες

1992 3342 2179 3412 pueris
2200 3341 2622 3396 incircumcisus
2650 3350 2803 3403 erat;
2834 3338 2956 3396 ideo
2996 3355 3216 3412 quoque
3262 3343 3444 3397 statim
3474 3342 3583 3398 clr-

295 3438 358 3492 δέ
390 3453 545 3506 φασι,
580 3435 717 3489 διότι
745 3436 833 3489 ἐπ’
872 3434 1162 3506 ἐλευθερίᾳ
1208 3434 1480 3505 πεμφθεὶς
1521 3433 1631 3488 τῶν
1674 3432 1883 3504 ὁμοφύο

1992 3435 2432 3501 cumciditeum;
2467 3433 2549 3489 vel
2580 3435 2708 3504 quia
2730 3444 2787 3489 ut
2817 3435 2941 3490 aliis
2970 3435 3167 3505 placet,
3195 3437 3395 3492 missus
3426 3436 3583 3508 Moy-

295 3531 431 3592 λων,
464 3527 723 3581 κοινωνὸν
751 3527 876 3597 τῆς
900 3525 1023 3581 ὀδοῦ
1070 3526 1311 3597 ἐπήγετο
1360 3526 1461 3594 τὴν
1484 3525 1757 3597 ὁμόζυγα,
1789 3525 1884 3590 οὓς

1993 3540 2082 3581 ses
2135 3523 2204 3578 ad
2252 3524 2681 3595 emancipando‘s‘
2722 3523 3037 3594 populares,
3100 3524 3304 3580 sociam
3363 3525 3589 3581 itineris

300 3622 473 3695 ἐχρῆν
505 3621 735 3674 συνιδεῖν
764 3620 847 3674 ὅτι
883 3620 1073 3673 πεῖσαι
1119 3619 1212 3672 τὸν
1252 3618 1523 3690 κηδεστὴν
1560 3617 1890 3689 βουλόμενος

1992 3617 2286 3688 coniugem
2332 3632 2519 3672 secum
2562 3616 2743 3671 duxit.
2775 3618 2846 3672 At
2890 3617 2965 3672 illi
3016 3617 3317 3688 intelligere
3354 3617 3583 3673 debuis-

301 3715 380 3778 ὡς
404 3715 507 3769 οὐκ
559 3712 824 3784 ἀμελήσει
874 3711 978 3781 τῆς
1012 3711 1293 3780 γυναικὸς.
1348 3709 1456 3764 οὐδ’
1504 3710 1677 3780 αὐτῆς
1724 3710 1892 3782 ἀλλην

1993 3718 2116 3763 sent
2177 3707 2395 3778 Moysen
2435 3707 2511 3761 ita
2541 3706 2740 3763 fecisse
2777 3714 2836 3761 ut
2883 3723 3078 3763 socero
3105 3720 3210 3764 suo
3252 3723 3585 3779 persuasum

302 3805 660 3878 προτιμήσει,
690 3803 899 3874 ταύτην
942 3800 1267 3873 ἠναγκάσθη
1314 3799 1737 3868 συνεπάγεσθαι,
1774 3800 1890 3854 ἀλλ’

302 3898 365 3951 ού
398 3890 887 3967 καταφρονητικῶς
906 3893 1174 3947 διακονῶν
1203 3891 1282 3963 τῷ
1314 3891 1446 3963 θείῳ
1466 3893 1855 3962 προστάγματι
1873 3907 1891 3924 ο

306 3987 511 4042 αὐτίκα
533 3985 667 4056 γοῦν
691 3983 873 4039 λαϐὼν
905 3984 1004 4056 τὴν
1033 3984 1294 4055 ἀφορμὴν
1337 3982 1434 4036 τοῦ
1472 3981 1733 4050 ἀγγέλου,
1760 3980 1892 4035 ταύ-

304 4099 407 4152 την
438 4080 782 4149 ἀναστρέψαι
815 4076 954 4149 πρὸς
989 4076 1117 4139 τοὺς
1160 4076 1394 4138 οἰκείους
1428 4072 1729 4146 προσέταξε
1749 4087 1764 4102 ’
1799 4072 1895 4126 καὶ

304 4175 390 4229 ὅτι
417 4171 573 4227 τοῦτό
622 4173 772 4226 ἐστιν
818 4169 1039 4241 ἀληθὲς,
1073 4169 1108 4241 ἡ
1162 4168 1375 4240 ἱστορία
1426 4166 1709 4221 διδάσκει·
1754 4164 1896 4234 μετά

306 4267 419 4337 γάρ
449 4263 550 4335 τὴν
598 4261 775 4328 ἔξοδον
805 4261 904 4332 τὴν
950 4260 1011 4326 ἐξ
1053 4260 1336 4328 Αἰγύπτου
1383 4257 1685 4313 διαϐάντων
1714 4256 1894 4311 αὐτῶν

306 4357 409 4427 τὴν
454 4355 725 4428 Ἐρυθρὰν
755 4354 1031 4408 θάλασσαν
1054 4353 1151 4407 καὶ
1181 4354 1262 4416 είς
1291 4351 1352 4405 τὺ
1386 4350 1602 4405 Σίναιον
1630 4349 1758 4421 ὅρος
1786 4366 1895 4402 πα·-

310 4448 690 4521 ραγεγονότων
731 4446 960 4517 ἀφίκετο
1008 4446 1107 4498 σὺν
1137 4446 1207 4515 τῇ
1251 4442 1478 4512 γυναικὶ
1504 4442 1599 4496 καὶ
1644 4442 1758 4505 τοῖς
1802 4441 1897 4494 δύο

312 4541 505 4595 παισὶν
532 4542 562 4593 ὁ
587 4539 858 4611 κηδεστὴς
903 4538 1041 4608 πρὸς
1072 4537 1271 4591 αὐτόν’
1301 4536 1584 4606 τοιγάρτοι
1627 4533 1756 4588 ἀλλο
1791 4552 1896 4588 κα-

308 4631 669 4696 τασκευάζων
694 4633 723 4685 ὁ
759 4631 1013 4700 ἄγγελος,
1032 4628 1204 4693 ἔδειξε
1237 4627 1338 4699 τὴν
1358 4627 1637 4699 ῥομφαίαν
1656 4628 1893 4698 γυμνήν*

311 4724 503 4794 ἐπειδὴ
532 4723 642 4795 γὰρ
677 4723 705 4776 ὁ
740 4723 917 4792 μέγας
956 4721 1197 4792 Μωῢσῆς
1229 4719 1421 4774 ἐδεδίει
1453 4718 1545 4772 τὸν
1569 4719 1792 4791 Φαραὼ,
1820 4718 1897 4782 ὡς

311 4815 586 4885 πολλαχοῦ
629 4815 693 4868 τὸ
738 4814 857 4877 δέος
903 4813 1164 4884 ἐδήλωσε,
1215 4811 1315 4867 νῦν
1366 4811 1467 4883 μὲν
1487 4810 1663 4881 λέγων
1688 4828 1704 4842 ο
1742 4831 1759 4863 ι
1800 4812 1898 4875 Τίς

1990 3806 2137 3854 esset
2161 3797 2279 3854 fore
2310 3809 2371 3853 ut
2399 3799 2515 3868 ipse
2572 3801 2803 3855 minime
2857 3815 3086 3855 uxorem
3143 3800 3442 3871 negligeret
3482 3815 3591 3856 nec

1991 3890 2156 3944 aliam
2187 3889 2503 3960 praeferret;
2536 3906 2711 3960 quare
2737 3891 2896 3946 illam
2915 3907 3099 3947 secum
3130 3892 3333 3947 ducere
3355 3903 3591 3947 coaetus

1991 3991 2116 4046 est,
2173 3983 2268 4038 sed
2318 3998 2667 4053 nequaquam
2724 3993 3039 4052 contemptu
3095 3983 3266 4038 divini
3314 3984 3583 4041 mandati.

1995 4072 2192 4127 Statim
2259 4072 2449 4143 igitur,
2513 4083 2737 4143 accepto
2787 4076 2964 4144 angeli
3038 4074 3270 4143 impetu,
3325 4076 3585 4145 praecepit

1993 4165 2155 4219 uxori
2186 4173 2245 4219 ut
2269 4166 2335 4219 ad
2373 4174 2583 4235 patrem
2632 4182 2795 4222 suum
2846 4167 3066 4222 rediret.
3108 4166 3263 4234 Quod
3288 4168 3463 4224 fuisse
3490 4185 3595 4223 ve-

1996 4273 2114 4312 rum
2169 4258 2403 4314 historia
2456 4267 2710 4314 testatur.
2777 4259 3033 4327 Etenim,
3082 4270 3203 4331 post
3255 4261 3462 4316 exitum
3518 4277 3595 4316 ex.

1995 4351 2253 4422 Egypto.
2285 4366 2411 4406 cum
2437 4349 2608 4406 Judzei
2641 4350 2886 4407 Rubrum
2912 4367 3062 4406 mare
3096 4353 3439 4422 trajecissent
3464 4368 3601 4422 per--

1994 4446 2379 4515 venissentque
2422 4445 2488 4499 ad
2543 4444 2697 4500 Sinai
2747 4453 3012 4510 montem,
3050 4459 3208 4501 socer
3232 4446 3432 4517 Moysis
3458 4462 3597 4500 cum

1994 4534 2117 4604 ejus
2158 4535 2385 4590 muliere
2408 4529 2956 4606 duobusque'pueris
2984 4552 3110 4591 eum
3145 4536 3297 4591 adiit.
3350 4536 3600 4593 Proinde.

1997 4629 2062 4682 ad
2097 4627 2243 4681 aliud
2282 4638 2540 4697 spectans
2567 4629 2793 4697 angelus
2812 4629 3054 4684 ostendit
3080 4629 3285 4684 nudum
3320 4631 3595 4700 gladium.

1995 4717 2133 4773 Cum
2162 4718 2308 4773 enim
2336 4719 2678 4774 Pharaonem
2707 4719 2926 4774 timeret
2970 4734 3204 4790 magnus
3254 4719 3492 4792 Moyses,
3521 4736 3601 4776 ae

1999 4820 2207 4867 metum
2246 4826 2491 4882 persaepe
2526 4812 2637 4881 jam
2685 4813 3079 4868 declaravisset
3127 4814 3289 4868 modo
3347 4815 3535 4870 dicens
3568 4832 3588 4870 :

312 4907 433 4976 εἰμι
466 4902 576 4973 ἐγὼ
603 4904 685 4959 ὅτι
735 4903 1081 4975 πορεύσομαι
1128 4902 1262 4974 πρὸς
1292 4900 1494 4974 Φαραὼ
1534 4901 1765 4972 βασιλέα
1794 4902 1893 4955 Δί-

2012 4922 2030 4955 ‹
2055 4903 2332 4970 Quissum
2352 4920 2451 4974 ego
2473 4904 2742 4959 utvadam
2762 4905 2828 4959 ad
2843 4905 3181 4960 Pharaonem
3204 4905 3597 4977 Egyptiorum

312 4997 571 5068 γύπτου;
615 5015 635 5049 ι
670 4997 767 5052 νῦν
820 4998 915 5053 δέ’
956 5014 977 5048 t
1013 4994 1369 5067 Προχείρισαι
1411 4993 1571 5049 ἄλλον
1603 4993 1904 5065 δυνάμενον

313 5087 376 5140 ὃν
424 5086 839 5152 ἐξαποιεῑτελεῖς⁹
877 5106 896 5140 ι
942 5087 1041 5142 καὶ
1090 5085 1287 5139 πάλιν
1328 5102 1349 5137 ι
1407 5083 1762 5154 Ἰσχνόφωνος
1808 5084 1904 5137 καὶ

319 5180 739 5253 βραδύγλωσσός
786 5182 902 5253 εἰμι
937 5180 1048 5250 ἐγώ
1071 5196 1086 5212 ·
1124 5198 1144 5232 ι
1178 5178 1396 5233 ἀπειλεῖ
1438 5178 1590 5249 αὐτῷ
1628 5177 1905 5250 τιμωρίαν

315 5276 346 5327 ὁ
386 5272 641 5341 ἄγγελος,
673 5273 825 5343 φόϐῳ
870 5272 1040 5341 φόδον
1072 5270 1402 5337 ἐξελαύνων,
1441 5268 1522 5340 τῷ
1575 5268 1784 5340 μείζονι
1808 5267 1903 5324 τὸν

316 5363 601 5430 ἐλάττονα,
630 5364 915 5434 μονονουχὶ
957 5363 1135 5432 λέγων
1177 5362 1264 5416 διὰ
1313 5361 1413 5430 τῆς
1465 5359 1901 5430 γεγυμνωμένης

392 5545 440 5578 ⁸³
469 5542 643 5599 Exod.
682 5555 767 5607 ιιι,
796 5540 857 5595 Il
886 5548 945 5596 et
971 5555 1124 5612 seqq.
1199 5540 1251 5572 ⁸³
1267 5538 1439 5593 Exod.
1471 5552 1548 5603 tv,
1576 5536 1667 5592 l0.

2001 5012 2180 5067 regem
2199 4997 2280 5050 σπι
2313 5015 2330 5047 ι
2382 4997 2590 5051 ιηοιΙουε
2650 5014 2669 5049 ι
2729 4995 2882 5067 Elige
2925 4997 3092 5051 alium
3164 4997 3359 5052 fortem
3405 4999 3595 5053 virum

2000 5102 2163 5157 quem
2190 5088 2428 5154 mittes,»
2457 5104 2760 5160 rursusque
2786 5108 2799 5144 :
2835 5089 3232 5161 «Impeditioris
3250 5100 3304 5146 et
3329 5091 3599 5146 tardioris-

1999 5180 2201 5250 linguae
2227 5196 2329 5251 ego
2361 5196 2482 5236 sum
2506 5181 2584 5249 δ’,
2608 5200 2627 5231 ι
2681 5182 2753 5237 ab
2784 5181 2880 5238 illo
2915 5198 3115 5253 pcenas-
3137 5183 3375 5254 sumpsit
3420 5197 3599 5252 ange-

1999 5271 2111 5338 lus,
2163 5286 2312 5327 metu
2376 5284 2579 5331 metum
2639 5275 2954 5344 expellens,
3008 5277 3217 5348 majore
3273 5275 3597 5337 minorem,

1999 5379 2172 5435 prope
2228 5364 2454 5420 modum
2516 5368 2664 5424 nudo
2693 5369 2875 5439 gladio
2899 5369 3125 5426 dicens:
3184 5366 3591 5421 «Pharaonem

1852 5630 2089 5691 NOTAE.

393 5736 514 5866 (3g:
572 5736 652 5794 Ex
720 5734 1064 5792 Theodoreto
1123 5750 1181 5804 q.
1242 5731 1313 5788 10
1371 5732 1426 5788 in
1493 5729 1671 5786 Exod.
1731 5730 1770 5784 l.
1842 5745 1896 5785 c.

318 5827 378 5885 ρ.
414 5827 540 5866 xor.

2082 5733 2201 5807 (65)
2228 5733 2318 5792 Est
2348 5734 2682 5795 Theodoreti
2711 5752 2769 5807 (τ,
2817 5733 2888 5788 14
2916 5733 2976 5785 in:
3005 5726 3177 5783 Exod.
3211 5725 3249 5781 Ι.
3280 5742 3333 5782 c.
3374 5741 3430 5798 p.
3453 5725 3594 5787 942.
