3876 6216
296 271 432 335 1083

1470 260 1736 326 ΡΗΟΤΙΙ
1752 257 2256 322 ΡΑΤΒΙΑΗΟΗίΕ
2293 256 2402 316 CP.

3398 248 3537 313 108’s

292 383 474 443 times,
526 379 709 449 potius
760 392 847 432 me
899 376 1095 433 timeas
1122 374 1217 442 qui
1256 374 1350 430 tibi
1391 377 1477 429 vel
1519 371 1865 428 invisibiliter

1977 369 2275 438 ῥομφαίας·
2310 386 2329 419 ‹
2368 367 2432 419 Ei
2454 364 2548 419 τὸν
2591 362 2792 435 Φαραὼ
2830 362 3098 428 δέδοικας,
3135 362 3337 434 μᾶλλον
3363 363 3545 416 δεῖσον

296 470 518 531 vulnera
550 468 794 539 inﬂigere
824 482 1069 537 possum.
1100 485 1120 518 ι

405 598 727 668 ρυΑῑδΤιο
765 598 1013 654 ccmv
1046 597 1236 671 [CoisL
1275 594 1522 657 cccvu,
1563 594 1732 649 Taur.

931 691 1233 762 ccxcvq.

403 786 522 851 Qua
567 784 633 838 de
668 799 833 837 causa
862 783 1181 851 fugientibus
1213 780 1518 850 prw‘ceperit
1553 778 1761 847 exsequi

845 854 1065 907 Pascha:
1104 853 1291 921 ferias.

1966 460 2067 530 ἐμὲ
2106 461 2198 512 τὸν
2223 459 2319 514 καὶ
2345 459 2594 530 ἀοράτως
2624 475 2706 511 σοι
2737 456 2835 527 τὴν
2877 456 3096 528 πληγὴν
3126 457 3358 525 ἐπάγειν
3382 455 3543 509 δυνά-

1968 567 2150 620 μενον.
2187 568 2207 601 ι

2491 640 2826 695 ΕΡΩΤΗΣΙΣ
2861 639 3019 696 ΣΞΔ’.

1964 821 2126 874 Διατί
2146 821 2478 890 φεύγουσιν
2487 820 2827 873 ἐπιτελέσαι
2849 820 3184 887 προσέταξε
3201 820 3308 874 τοῦ
3326 820 3547 888 Πάσχα

2560 890 2676 957 τὴν
2706 890 2963 959 sor/tria“;

920 985 1061 1034 Edita
1084 998 1111 1032 a
1141 983 1266 1034 Maio
1297 983 1355 1049 (1.
1379 997 1427 1035 c.
1449 997 1499 1047 p.
1534 982 1757 1041 127-129,
1789 995 1840 1045 q.
1863 983 2001 1048 275).
2034 1010 2097 1022 -—
2124 985 2201 1035 De
2229 991 2475 1048 przecepto
2504 984 2662 1035 Exodi
2695 998 2783 1044 xu,
2815 982 2893 1032 11.

368 1096 428 1150 1η
495 1103 817 1166 perpetuum
888 1093 1062 1149 voluit
1134 1093 1311 1149 abiis
1345 1093 1577 1148 obtineri
1641 1107 1870 1147 conser-

308 1186 547 1242 vationis
615 1185 979 1249 memoriam,
1039 1185 1269 1254 ideoque
1333 1184 1473 1239 dixit
1536 1184 1864 1252 legislator:

306 1289 323 1329 ι
364 1276 421 1331 Si
472 1274 828 1344 interrogabit
884 1275 1032 1329 ﬁlius
1101 1281 1232 1329 tuus
1277 1274 1469 1330 dicens
1512 1289 1527 1327 :
1591 1272 1733 1339 Quid
1782 1281 1869 1328 est

298 1369 562 1424 Pascha?
629 1366 930 1436 respondes
980 1382 997 1420 :
1063 1364 1123 1420 in
1191 1366 1451 1420 hodierna
1529 1364 1618 1420 die
1679 1364 1871 1419 eduxit

300 1470 486 1530 patres
532 1467 750 1514 nostros
793 1457 1060 1513 Dominus
1108 1457 1252 1514 Deus
1293 1457 1361 1513 de
1394 1457 1633 1527 Egypto
1658 1457 1726 1520 “,
1758 1475 1779 1509 ι
1814 1463 1870 1511 et

302 1561 522 1606 caetera.
564 1549 928 1616 Quamobrem
964 1547 1227 1617 iubentur
1252 1548 1346 1618 qui
1374 1549 1472 1602 has
1511 1548 1676 1602 ferias
1707 1561 1869 1601 exse-

299 1651 566 1713 quuntur,
601 1643 815 1696 itineris
848 1649 999 1695 veste
1021 1640 1371 1695 circumdari.
1405 1658 1424 1692 ‹
1459 1637 1638 1693 Renes
1658 1649 1871 1693 vestros

300 1736 685 1806 accingetis".
716 1753 732 1785 ι
765 1734 876 1789 Hoc
920 1742 1101 1788 autem
1129 1733 1451 1788 vocabulum
1484 1732 1693 1785 Pascha
1716 1731 1872 1785 Philo

298 1828 688 1897 interpretatur
708 1827 975 1880 sacriﬁcia
996 1840 1094 1894 pro
1115 1824 1380 1891 transitu;
1401 1823 1673 1894 Josephus
1692 1832 1871 1877 trans-

299 1919 671 1991 gressionem;
701 1917 1064 1991 Symmachus
1090 1918 1594 1988 transgressiones;
1620 1914 1869 1970 Theodo-

302 2008 414 2061 tius
438 2004 663 2071 Phasek,
716 2007 836 2076 ipso
867 2004 1137 2060 Hebraico
1167 2021 1300 2061 usus
1337 2004 1524 2072 verbo,
1565 2019 1674 2074 quo
1704 2004 1872 2075 signi-

300 2097 496 2151 ficatur
543 2097 1022 2152 exterminatorem
1045 2112 1074 2151 a
1100 2097 1477 2168 primogenitis
1516 2094 1868 2150 Hebraeorum

300 2188 653 2244 abstinuisse.
682 2186 830 2243 Jussi
883 2188 1099 2244 fuerant
1123 2189 1267 2243 enim
1294 2187 1616 2243 fasciculum
1648 2187 1869 2258 hyssopi

302 2294 560 2345 sumere,
629 2288 991 2350 mactataeque
1074 2281 1195 2335 ovis
1279 2294 1477 2335 cruore
1546 2279 1869 2344 immersis,

303 2377 491 2438 postes
518 2378 571 2424 et
600 2369 763 2424 limen
791 2370 1024 2435 illinere,
1047 2378 1250 2424 utcum
1284 2369 1597 2424 immineret
1615 2369 1873 2425 extermi-

305 2470 465 2514 nator
490 2462 865 2531 percutiendis
896 2462 1274 2535 Egyptiorum
1294 2462 1690 2532 primogenitis,
1709 2476 1873 2516 cruo-

303 2565 419 2606 rem
443 2552 735 2622 aspiciens,
761 2552 1108 2609 Hebraaorum
1136 2552 1332 2608 domos
1375 2553 1868 2622 transgrederetur.

304 2642 379 2698 lis
404 2642 625 2713 quidem
659 2644 832 2713 signis
879 2658 989 2699 non
1029 2658 1166 2714 Opus
1205 2651 1324 2698 erat
1374 2644 1583 2714 experti
1625 2643 1872 2713 corporis

302 2736 518 2804 angelo,
549 2734 645 2791 sed
683 2734 891 2791 Judaeis
932 2746 990 2789 ut
1020 2734 1269 2806 symbolo
1308 2732 1405 2788 Dei
1448 2734 1870 2789 sollicitudinem

304 2830 600 2891 discerent,
632 2844 843 2899 nosque
863 2831 955 2899 qui
986 2828 1201 2898 Agnum
1221 2827 1344 2883 labe
1365 2838 1642 2883 carentem
1674 2828 1872 2884 immo-

304 2922 505 2987 lamus,
568 2922 714 2977 hunc
755 2922 945 2992 figuris
998 2923 1446 2992 praedescriptum
1497 2922 1869 2977 novissemus.

299 3042 375 3057 α·-
398 3010 507 3068 Nec
533 3027 600 3068 ex
644 3012 844 3069 ovibus
871 3026 1042 3083 agnos
1081 3012 1257 3067 solum
1301 3026 1519 3068 sumere
1555 3012 1739 3082 jubet,
1777 3012 1873 3068 sed

302 3106 469 3159 etiam
490 3120 558 3159 ex
582 3105 765 3175 capris
791 3104 997 3170 haedos,
1024 3120 1130 3157 non
1156 3112 1215 3158 ut
1238 3112 1547 3159 mactarent
1572 3113 1870 3174 utrumque

2049 1086 2401 1166 Ἀείμνηστον
2426 1092 2700 1163 ⁴ἡϐουλὴθη
2731 1091 3072 1162 φυλαχθῆναι
3115 1090 3217 1161 τῆς
3264 1090 3547 1161 σωτηρίας

1964 1189 2063 1258 τὴν
2097 1188 2338 1258 μνὴμηνο
2379 1186 2458 1238 διὸ
2482 1185 2577 1238 καὶ
2604 1183 2909 1254 νομοθετῶν
2935 1183 3123 1251 ἔλεγεν
3144 1198 3158 1212 ·
3191 1199 3211 1232 r
3256 1180 3386 1234 Ἐὰν
3406 1183 3548 1251 ὲρω-

1963 1280 2104 1349 τὴσῃ
2132 1294 2192 1330 σε
2219 1280 2247 1332 6
2272 1278 2385 1341 υίός
2413 1295 2507 1331 σου
2532 1278 2737 1347 λέγων’
2768 1274 2835 1329 Τί
2862 1278 2979 1328 ἐστι
3020 1273 3079 1326 τὸ
3107 1272 3298 1342 Πάσχα
3324 1287 3340 1337 ;
3373 1274 3543 1342 ἐρεῖς,

1967 1372 2088 1425 Ὀτι
2139 1373 2196 1424 ὲν
2242 1373 2309 1444 τῇ
2358 1373 2596 1442 σήμερον
2638 1370 2822 1441 ἡμέρᾳ
2854 1367 3093 1439 ἐξήγαγε
3122 1367 3250 1429 τοὺς
3298 1364 3548 1435 πατέρας

1969 1464 2129 1535 ἡμῶν
2155 1462 2360 1533 Κύριος
2387 1464 2416 1516 6
2457 1462 2592 1525 Θεὸς
2622 1462 2685 1514 ὲκ
2726 1459 2828 1530 τῆς
2851 1459 3151 1527 Αἰγύπτου,
3190 1474 3209 1507 ι
3243 1456 3342 1509 καὶ
3390 1454 3543 1522 ἑξῆς.

1973 1555 2184 1609 Τούτου
2235 1555 2398 1627 χάριν
2428 1552 2861 1624 παρακελεύεται
2912 1551 3117 1621 ταύτην
3163 1547 3545 1611 ἐπιτελοῦντας

1969 1649 2069 1720 τὴν
2106 1648 2301 1719 ἑορτὴν
2344 1646 2689 1719 περικεῖσθαι
2727 1645 2790 1698 τὸ
2830 1645 2929 1714 τῆς
2956 1642 3263 1712 ὁδοιπορίας
3311 1642 3503 1710 σχῆμα
3528 1654 3544 1670 ·

1977 1760 1997 1793 ι
2039 1741 2322 1793 Ἔστωσαν
2351 1738 2460 1809 γὰρ
2506 1740 2563 1792 αι
2592 1736 2793 1807 ὀσφύες
2825 1734 2982 1806 ὑμῶν
3015 1731 3480 1805 περιεζωσμέναι,
3522 1746 3545 1780 ι

1970 1834 2065 1887 καὶ
2091 1832 2217 1901 ἑξῆς
2234 1846 2250 1862 ⁸
2279 1831 2341 1886 τδ
2368 1832 2426 1885 δὲ
2454 1831 2671 1900 Πάσχα
2694 1831 2724 1884 6
2755 1828 2855 1900 μὲν
2889 1826 3063 1881 Φίλων
3081 1827 3395 1897 ἡρμήνευσε
3417 1822 3552 1874 δια.

1971 1924 2238 1995 ϐατήρια’
2270 1927 2299 1980 6
2322 1923 2380 1979 δὲ
2412 1923 2743 1995 ’ῐώσηππος,
2776 1919 3112 1989 ὑπερϐάσια
3132 1933 3148 1949 ’
3178 1917 3276 1971 ὁδε
3307 1915 3550 1986 Σύμμα-

1970 2035 2083 2089 χος,
2106 2015 2497 2086 ὑπερϐἁσεις·
2532 2017 2560 2069 6
2588 2015 2644 2068 δὲ
2664 2013 2977 2077 Θεοδοτίων,
3006 2010 3225 2080 φασὲκ,
3255 2007 3425 2079 αὐτὴν
3448 2006 3551 2078 τὴν

1984 2110 2244 2183 Ἐϐραίαν
2298 2107 2564 2174 τεθεικὼς
2590 2107 2814 2179 φωνὴνο
2852 2103 3107 2176 σημαίνει
3157 2102 3217 2156 δὲ
3254 2100 3317 2155 τὸ
3346 2101 3549 2170 δνομι,

1969 2201 2080 2255 τῶν
2120 2200 2392 2273 Ἐϐραίων
2415 2200 2776 2270 πρωτοτόκων
2814 2197 2915 2267 τὴν
2951 2193 3228 2265 σωτηρίαν
3253 2207 3270 2225 ο
3301 2207 3553 2263 παρεκεο

1970 2294 2204 2349 λεύσατο
2228 2292 2337 2364 γὰρ
2362 2291 2570 2361 δέσμην
2602 2287 2855 2343 ὑσσώπου
2883 2287 3069 2342 λαϐεῖν
3101 2286 3198 2339 καὶ
3227 2284 3307 2354 τῷ
3349 2283 3552 2353 αἵματι

1970 2387 2065 2442 τοῦ
2111 2385 2373 2456 θυομένου
2415 2384 2690 2453 προϐάτου
2722 2379 3077 2452 ιμϐάψαντας
3106 2378 3234 2441 τοὺς
3268 2376 3554 2445 σταθμοὺς

1972 2479 2256 2550 ἑπιχρίσαι
2269 2476 2410 2551 [καὶ]
2428 2476 2527 2548 τὴν
2543 2476 2725 2546 φλιὰν,
2740 2475 2827 2528 ἵνα
2842 2473 2969 2527 ὅταν
2986 2473 3181 2541 ἐπιστῇ
3203 2472 3232 2522 6
3244 2467 3552 2539 ὀλοθρεύων

1972 2571 2213 2636 πατάξαι
2233 2571 2303 2624 τὰ
2324 2569 2643 2642 πρωτότοκα
2659 2565 2766 2620 τῶν
2788 2563 3121 2633 Αἰγυπτίων,
3154 2558 3279 2614 ίδὼν
3298 2558 3362 2611 τὸ
3382 2553 3547 2627 αἷμα,

1973 2664 2187 2735 ὑπερϐῇ
2218 2662 2330 2716 τῶν
2368 2659 2632 2732 Ἐϐραίων
2652 2659 2752 2723 τὰς
2781 2657 2979 2721 οίκίας,
3005 2655 3107 2708 οὐκ
3145 2648 3335 2721 ἐπειδὴ
3363 2648 3549 2702 τοιού-

1971 2774 2080 2811 των
2113 2756 2283 2810 ὲδεῖτο
2325 2753 2567 2825 σημείων
2602 2754 2636 2821 ἡ
2672 2749 2961 2821 ἀσώματος
2991 2745 3175 2815 φύσις,
3207 2744 3324 2798 ἀλλ’
3353 2743 3435 2795 ὅτι
3458 2741 3549 2794 διὰ

1972 2848 2068 2903 τοῦ
2122 2847 2392 2919 συμϐόλου
2436 2846 2546 2901 ἔδει
2573 2843 2859 2906 κάκείνους
2913 2838 3106 2911 μαθεῖν
3145 2837 3247 2907 τὴν
3274 2834 3371 2889 τοῦ
3410 2831 3545 2887 Θεοῦ

1973 2941 2319 3011 κηδεμονίαν,
2345 2941 2440 2994 καὶ
2459 2940 2609 3010 ἡμᾶς
2633 2939 2760 3002 τοὺς
2782 2937 2875 2991 τὸν
2896 2937 3126 3007 ἄμωμον
3161 2932 3219 2984 Ἀ
3230 2929 3359 2999 μνον
3385 2927 3546 2980 θύον-

1972 3048 2075 3093 τας
2104 3032 2309 3098 γνῶναι
2344 3031 2822 3102 προδιαγράφοντα
2853 3027 2946 3081 τὸν
2976 3026 3148 3080 τύπον
3169 3037 3186 3052 ’
3219 3024 3320 3077 οὑκ
3349 3022 3417 3073 ἐκ
3437 3018 3547 3071 τῶν

1976 3122 2267 3193 προϐάτων
2302 3123 2359 3176 δὲ
2404 3122 2565 3193 μόνον
2603 3122 2773 3193 ἄρνας
2807 3119 2993 3173 λαϐεῖν
3014 3116 3249 3178 κελεύει,
3276 3112 3415 3168 ἀλλὰ
3450 3111 3547 3164 καὶ

302 3196 491 3262 simul,
527 3195 622 3251 sed
652 3204 714 3250 ut
741 3196 835 3266 qui
862 3211 1017 3250 ovem
1045 3195 1296 3263 haberet,
1336 3211 1538 3267 agnum
1583 3205 1869 3262 mactaret,

1977 3216 2041 3269 sx
2062 3214 2173 3267 τῶν
2197 3215 2370 3283 αἰγῶν
2414 3213 2636 3284 ἐρίφους
2660 3228 2675 3244 ·
2701 3212 2800 3283 οὐχ
2825 3212 2913 3265 ἵνα
2941 3210 3082 3265 κατὰ
3105 3206 3303 3262 ταυτὸν
3338 3206 3547 3260 ἐκεῖνον

307 3290 402 3358 qui
430 3304 560 3343 vero
596 3304 706 3343 non
752 3288 998 3354 haberet,
1034 3288 1270 3343 haedum.
1316 3287 1414 3343 Die
1459 3288 1674 3343 decimo
1708 3288 1873 3358 primi

306 3380 513 3434 mensis
562 3379 721 3448 jubet
768 3381 976 3434 hostias
1021 3379 1310 3434 desumere
1358 3397 1481 3450 quae
1541 3388 1873 3451 pararentur

304 3476 434 3524 ante
465 3468 687 3536 festum,
736 3478 789 3524 et
823 3480 1019 3540 quarto
1053 3471 1268 3527 decimo
1310 3472 1400 3527 die
1439 3472 1543 3527 sub
1584 3486 1874 3541 vesperum

306 3569 703 3627 mactarentur,
743 3561 871 3631 quia
925 3562 1181 3619 Christus
1230 3579 1456 3634 vespere
1500 3563 1709 3618 Judaeis
1758 3571 1877 3618 tra-

306 3653 455 3708 ditus
480 3660 598 3718 est;
624 3667 746 3707 cum
780 3654 1132 3710 silvestribus
1163 3655 1386 3725 intybus
1419 3654 1656 3710 hostiam
1692 3669 1879 3709 come-

308 3745 439 3799 dere
480 3744 783 3809 debebant,
834 3760 1105 3802 memores
1145 3747 1507 3802 amarissima:
1552 3749 1605 3801 in
1638 3746 1875 3818 Egypto

310 3840 460 3892 vitae.
492 3838 697 3911 Azyma
735 3839 1050 3908 significant
1077 3854 1187 3894 non
1214 3840 1394 3895 solum
1424 3840 1641 3896 itineris
1684 3839 1878 3895 celeri-

307 3938 497 3997 tatem,
526 3946 850 4002 ctenamque
884 3934 1268 4005 improvisam,
1306 3936 1401 3992 sed
1436 3937 1602 3992 etiam
1626 3935 1873 4001 Judaeos,

310 4034 369 4076 ut
391 4036 489 4091 par
514 4030 654 4089 erat,
680 4024 816 4079 nihil
837 4027 1053 4097 vestigii
1073 4042 1105 4083 ο
1127 4029 1375 4087 moribus
1396 4027 1667 4099 Egyptiis
1687 4043 1875 4084 secum

308 4114 593 4169 allaturos.
614 4116 706 4169 Sic
732 4117 877 4170 enim
901 4118 1171 4175 Dominus
1208 4120 1603 4190 interpretatur
1644 4119 1833 4175 dicens
1858 4137 1875 4176 :

313 4222 333 4257 ι
360 4204 557 4260 Cavete
579 4222 611 4261 a
636 4204 902 4264 fermento
929 4211 1234 4265 scribarum
1260 4219 1315 4266 et
1354 4212 1749 4282 pbariszeorum
1770 4214 1871 4267 ⁵⁸η

306 4296 591 4369 Jussitque
622 4314 717 4355 eos
747 4301 838 4371 qui
886 4302 954 4356 ad
999 4302 1124 4373 agni
1159 4303 1494 4359 sacrificium
1551 4319 1714 4373 pares
1764 4319 1876 4358 non

308 4401 511 4460 essent,
551 4393 758 4449 vicinos
806 4394 907 4450 sibi
955 4394 1139 4450 socios
1180 4396 1485 4461 asciscere,
1526 4404 1583 4450 et
1617 4411 1724 4451 una
1752 4411 1878 4450 cum

309 4484 389 4539 eis
414 4483 682 4541 Pascham
724 4486 1027 4542 immolare.
1067 4486 1160 4541 Sic
1190 4487 1313 4545 illos
1359 4486 1658 4543 fraternam
1690 4487 1876 4543 chari-

310 4585 477 4631 tatem
531 4576 714 4644 docet,
771 4587 825 4633 et
881 4578 938 4633 in
988 4594 1254 4650 pauperes
1310 4580 1868 4635 commiserationem.

309 4666 515 4724 Idcirco
550 4669 695 4741 jussi
721 4669 946 4726 fuerunt
970 4671 1224 4726 carnium
1260 4670 1679 4726 redundantiam
1721 4686 1875 4725 com-

308 4759 528 4826 burere,
575 4768 638 4815 ut
681 4771 1007 4831 cogerentur
1057 4762 1254 4832 inopes
1304 4762 1373 4817 ad
1424 4762 1873 4817 communionem

310 4852 589 4909 feriarum.

381 5053 509 5108 Haec
550 5058 735 5108 omnia
768 5068 1083 5111 nostrorum
1134 5064 1264 5112 sunt
1302 5056 1695 5127 mysteriorum
1746 5055 1880 5110 aeni-

310 5154 511 5215 gmata.
545 5144 952 5202 Linimusenim
979 5157 1034 5202 et
1061 5163 1160 5202 nos
1179 5163 1377 5204 cruore
1403 5149 1576 5203 nostri
1597 5149 1735 5219 Agni
1770 5163 1880 5203 non

312 5238 488 5309 solum
528 5239 714 5305 limen,
742 5238 838 5295 sed
864 5240 1031 5294 etiam
1062 5239 1203 5295 duos
1230 5256 1453 5311 quoque
1479 5250 1702 5310 postes;
1734 5240 1878 5310 figu~

311 5339 429 5387 rate
454 5330 950 5402 quidemalinguam
976 5339 1032 5385 et
1066 5331 1216 5386 labra
1247 5332 1573 5387 mundantes
1600 5338 1660 5386 et
1681 5331 1878 5386 sancti-

381 5507 430 5540 “
463 5506 637 5564 Exod.
691 5525 788 5575 xtl,
832 5512 920 5566 51.
998 5512 1045 5544 ⁸⁸
1086 5510 1217 5566 ibid.
1258 5511 1345 5565 Η.
1422 5509 1468 5540 ⁵⁸
1494 5512 1685 5566 Matth.
1727 5527 1840 5574 xw,
1869 5512 1955 5566 Η.

1975 3307 2231 3372 θύσωσιν,
2268 3306 2383 3361 ἀλλ’
2416 3307 2504 3360 ἵνα
2546 3308 2577 3359 6
2617 3306 2717 3377 μὲν
2745 3305 3037 3378 πρόϐατον,
3077 3302 3172 3357 τὸν
3198 3301 3361 3374 ἀρνόν
3381 3315 3397 3331 ⁸
3428 3302 3457 3353 6
3486 3299 3546 3352 δὲ

1975 3400 2053 3473 μὴ
2086 3400 2247 3471 ἔχων,
2276 3401 2369 3454 τὸν
2397 3400 2584 3471 ἔριφον
2606 3399 2743 3470 θύσῃ
2768 3416 2782 3430 ο
2810 3401 2877 3471 τῇ
2904 3398 3106 3471 δεκάτῃ
3125 3396 3181 3449 δὲ
3200 3394 3295 3449 τοῦ
3322 3392 3546 3464 πρώτου

1978 3491 2145 3562 μηνὸς
2174 3492 2464 3562 παρεγγυᾷ
2489 3491 2645 3544 τοῦτο
2668 3490 2853 3543 λαϐεῖν
2887 3490 2953 3543 ἵν’
2986 3488 3281 3560 εὐτρεπίσῃ
3308 3487 3419 3557 πρὸ
3444 3484 3548 3553 τῆς

1976 3584 2173 3656 ἑορτῆς
2189 3602 2203 3616 ·
2234 3588 2300 3656 τῇ
2320 3584 2377 3637 δὲ
2394 3584 2957 3655 τεσσαρεσκαιδεκάτῃ
2978 3582 3206 3653 τυθῆναι
3227 3579 3363 3649 πρὸς
3386 3578 3551 3631 ἑσπέ-

1980 3695 2079 3749 ραν
2097 3694 2110 3709 ο
2141 3679 2223 3731 ὅτι
2250 3678 2345 3730 καὶ
2369 3678 2400 3730 6
2424 3678 2703 3745 Δεσπότης
2725 3676 2823 3742 τὴν
2850 3674 3090 3746 ἑσπέραν
3116 3676 3229 3737 τοῖς
3269 3671 3549 3733 Ἰουδαίοις

1977 3768 2291 3840 παρεδόθη’
2334 3768 2471 3839 μετὰ
2521 3768 2788 3836 πικρίδων
2832 3768 2877 3821 δ’
2929 3765 3064 3822 αὐτὸ
3116 3763 3413 3835 βρωθῆναι,
3464 3762 3547 3824 είς

1976 3861 2284 3931 ἀνάμνησιν
2331 3862 2430 3932 τῆς
2463 3864 2522 3915 ὲν
2557 3861 2819 3930 Αἰγύπτῳ
2871 3859 3203 3929 πικροτάτης
3242 3857 3390 3925 ζωῆς
3415 3873 3430 3888 ο
3456 3856 3549 3907 διὰ

1974 3948 2035 4003 δὲ
2057 3949 2164 4003 τῶν
2186 3948 2414 4020 ἀζύμων
2436 3950 2498 4004 οὐ
2532 3951 2692 4022 μόνον
2715 3950 2813 4019 τῆς
2846 3946 3155 4017 ὁδοιπορίας
3184 3943 3247 3997 τὸ
3280 3943 3546 4011 σύντομον

1976 4044 2074 4097 καὶ
2102 4043 2166 4096 τὸ
2202 4043 2305 4114 τῆς
2325 4043 2531 4114 τροφῆς
2569 4041 2938 4112 αὐτοσχέδιον,
2980 4039 3115 4093 ἀλλὰ
3135 4037 3230 4091 καί
3261 4036 3344 4089 ὅτι
3375 4050 3549 4105 προσ-

1976 4137 2101 4209 ἡκει
2153 4136 2317 4207 μηδὲν
2362 4136 2506 4205 ἴχνος
2545 4135 2643 4203 τῆς
2687 4131 3067 4202 Αἰγυπτιακῆς
3102 4130 3381 4193 πολιτείας
3428 4132 3554 4181 επι-

1978 4228 2273 4299 φέρεσθαι⁸
2301 4226 2446 4281 οὕτω
2467 4227 2579 4299 γὰρ
2614 4227 2645 4279 6
2685 4224 2890 4297 Κύριος
2919 4224 3231 4295 ἡρμήνευσε
3252 4237 3268 4254 ’
3314 4240 3331 4272 ι
3369 4221 3552 4293 Προσ-

1980 4320 2161 4390 έχετε,
2186 4319 2387 4388 λέγων,
2421 4318 2529 4373 ἀπὸ
2565 4318 2665 4389 τῆς
2702 4316 2881 4387 ζύμης
2913 4315 3022 4368 τῶν
3050 4313 3431 4384 Γραμματέων
3456 4314 3554 4367 καὶ

1978 4411 2289 4483 Φαρισαίων
2309 4426 2326 4442 ο
2365 4429 2385 4463 ι
2418 4410 2673 4465 ἐκέλευσε
2704 4409 2763 4463 δὲ
2789 4409 2885 4462 καὶ
2914 4407 3043 4471 τοὺς
3075 4409 3151 4478 μὴ
3191 4406 3551 4477 διαρκούντας

1901 4538 1955 4598 D
1981 4505 2062 4560 είς
2086 4497 2279 4555 θυσίαν
2309 4500 2583 4573 προϐάτου
2626 4498 2975 4569 παραλαϐεῖν
3010 4498 3139 4560 τοὺς
3182 4498 3432 4565 γείτονας
3458 4497 3553 4548 καὶ

1981 4595 2123 4648 κατά
2159 4594 2365 4659 (ταυτὸν
2411 4594 2574 4648 θῦσαι
2615 4592 2677 4646 τὸ
2704 4592 2919 4662 Πάσχα,
2956 4588 3308 4660 φιλαδελφίαν
3353 4590 3553 4650 αὑτοὺς

1981 4688 2318 4745 ὲκπαιδεύων
2375 4687 2472 4740 καὶ
2513 4686 2606 4738 τὸν
2663 4686 2744 4749 είς
2786 4684 2917 4747 τοὺς
2958 4682 3197 4752 πένητας
3238 4680 3389 4733 ἔλεον
3410 4696 3429 4714 ο
3462 4680 3551 4732 διά

1978 4782 2139 4837 τοῦτο
2161 4779 2595 4853 παρακελεύεται
2619 4777 2804 4831 καὶτὰ
2827 4775 3215 4847 περιττεύοντα
3237 4773 3346 4826 τῶν
3369 4774 3549 4841 κρεῶν

1980 4871 2395 4937 κατακαίεσθαι,
2442 4870 2613 4940 ταύτῃ
2656 4866 3088 4936 καταναγκάζων
3117 4865 3318 4927 αὐτοὺς
3363 4866 3548 4919 καλεῖν

1976 4968 2104 5029 τοὺς
2142 4963 2429 5034 δεομένους
2452 4964 2532 5027 είς
2560 4962 2845 5016 κοινωνίαν
2864 4963 2964 5031 τῆς
2998 4959 3211 5031 ἑορτῆς.

2047 5056 2236 5111 Ταῦτα
2279 5054 2337 5109 δὲ
2388 5054 2566 5108 πάντα
2608 5052 2716 5105 τῶν
2760 5051 3040 5123 ἡμετέρων
3078 5052 3195 5103 ἐστὶ
3230 5066 3547 5121 μυστηριων

1977 5148 2278 5217 αίνίγματα
2302 5162 2319 5178 ο
2354 5145 2581 5217 χρίομεν
2608 5143 2719 5215 γὰρ
2768 5144 2863 5197 καὶ
2889 5143 3051 5212 ἡμεῖς
3086 5141 3165 5211 τῷ
3203 5142 3398 5211 αἵματι
3450 5139 3546 5193 τοῦ

1977 5240 2248 5310 ἡμετέρου
2302 5236 2510 5308 Ἀμνοῦ
2538 5237 2600 5291 οὐ
2623 5236 2783 5305 μόνον
2809 5235 2909 5305 τὴν
2943 5234 3105 5303 φλιάν
3138 5233 3272 5288 ἀλλὰ
3295 5233 3389 5287 καὶ
3417 5233 3545 5293 τοὺς

1976 5331 2070 5386 δύο
2109 5330 2402 5403 σταθμοὺς,
2447 5329 2593 5386 κατὰ
2629 5328 2729 5401 μὲν
2752 5328 2816 5383 τὸ
2843 5325 3118 5400 ὁρώμενον
3161 5326 3259 5397 τὴν
3298 5324 3546 5396 γλῶτταν

1829 5603 2055 5662 NO’l'IE.

392 5691 498 5763 (84)
526 5693 618 5748 Est
639 5693 965 5753 Theodoreti
995 5713 1051 5769 q.
1079 5697 1149 5755 24
1182 5699 1233 5753 in
1262 5696 1459 5763 Exod.,
1488 5713 1540 5768 p.
1570 5698 1686 5755 τεο
