3876 6216
280 281 420 344 1085

1219 275 1320 335 AD
1356 275 1952 336 AMPIIILOCHIUM
1983 274 2329 346 QUIESTIO
2361 278 2650 343 CCLXIV.

3395 278 3534 343 1086

281 389 472 446 καὶτὰ
501 388 658 460 χείλη
698 385 1053 459 καθαίροντες
1083 403 1143 440 τε
1196 385 1286 439 καὶ
1342 385 1688 453 ἁγιάζοντες·
1721 386 1862 439 κατά

1979 385 2218 454 licantes,
2245 404 2436 446 revera
2475 401 2660 447 autem
2693 408 2796 464 pro
2833 393 3022 448 limine
3048 393 3406 458 intellectum,
3439 410 3537 462 pro

285 488 342 541 δὲ
363 486 424 539 τὸ
457 485 746 554 νοούμενον
776 482 898 535 ἀντὶ
930 481 1090 549 φλιᾶς
1122 481 1183 533 τὸ
1219 479 1471 547 λογικόν·
1504 480 1625 533 ἀντὶ
1674 479 1732 532 δὲ
1753 479 1865 532 τῶν

287 578 380 631 δύο
398 575 677 646 σταθμῶν,
699 573 762 627 τὸ
789 572 1072 643 θυμοειδὲς
1094 571 1184 625 καῖ
1212 569 1635 641 ἐπιθυμητικόν·
1663 569 1868 639 ἁρμότ-

279 686 363 721 τει
392 668 447 721 δὲ
471 670 504 737 ἠ
515 670 604 737 μίν
635 664 733 717 καὶ
762 663 820 716 τὸ
847 664 986 733 μήτε
1007 662 1157 732 ὠμὰ,
1179 662 1316 731 μήτε
1345 658 1616 730 ἐφημένα,
1641 659 1862 722 ἐσθίειν,

280 761 398 814 ἀλλ’
433 761 573 813 ὀπτὰ
597 757 766 828 πυρί·
797 754 921 808 οῦτε
951 755 1057 826 γὰρ
1093 754 1239 824 μόνῳ
1267 751 1342 822 τῷ
1370 752 1578 822 ὄμματι
1599 748 1867 821 προσϐλέ-

282 868 484 921 πομεν,
520 847 655 902 ἀλλὰ
692 846 791 917 τὴν
819 846 1061 900 διάνοιαν
1094 843 1429 913 ἐρευνῶμεν,
1459 841 1584 895 οὔτε
1621 841 1727 912 μὴν
1767 840 1865 892 dv-

283 942 594 1014 θρωπίνους
616 940 912 1009 Λογισμοὺς
941 939 1055 999 τοῖς
1081 935 1245 997 θείοις
1273 934 1637 1004 ἐπεισάγομεν
1659 933 1863 1000 λόγοις·

281 1035 442 1088 τοῦτο
469 1034 577 1105 γάρ
609 1033 704 1086 καὶ
742 1029 972 1092 Ἡσαΐας
1001 1027 1165 1080 τινῶν
1191 1026 1595 1097 κατηγόρησεν,
1630 1025 1705 1088 ὡς
1734 1026 1867 1077 ἁνα-

287 1125 594 1197 μιγνύντων
634 1123 788 1176 ὕδατι
817 1121 909 1175 τὸν
949 1115 1091 1173 οἶνον
1111 1132 1124 1147 ⁸
1154 1117 1292 1172 ἀλλὰ
1320 1118 1466 1189 μόνῳ
1498 1117 1760 1189 χρώμεθα
1788 1113 1866 1186 τῷ

284 1219 417 1287 θείῳ
455 1216 611 1285 πυρὶ,
639 1217 705 1286 τῇ
743 1214 836 1267 τοῦ
878 1211 1145 1280 παναιτίου
1193 1209 1512 1279 Πνεύματος
1542 1210 1765 1280 χάριτι·
1806 1207 1866 1260 τὸ

282 1308 343 1362 δὲ
371 1309 446 1379 μὴ
472 1307 795 1362 καταλιπεῖν
820 1305 930 1357 τῶν
959 1303 1138 1375 κρεῶν
1166 1302 1246 1365 είς
1269 1300 1367 1371 τὴν
1390 1299 1704 1371 ὑστεραίαν,
1723 1297 1867 1352 οὕτω

284 1400 517 1469 νοοῦμεν
537 1415 554 1431 ·
587 1399 669 1451 ὅτι
695 1400 722 1450 6
747 1395 954 1468 μέλλων
987 1395 1100 1465 βίος
1121 1392 1229 1446 τῶν
1260 1391 1546 1462 συμϐόλων
1576 1391 1638 1445 οῦ
1661 1391 1865 1444 δεῖται·

286 1490 430 1546 αὐτὰ
468 1491 575 1563 γὰρ
627 1488 845 1560 ὁρῶμεν
892 1490 951 1542 ἐν
986 1485 1180 1554 ἐκείνῳ
1215 1484 1293 1558 τῷ
1333 1483 1660 1556 πράγματι·
1709 1482 1777 1535 τὰ
1809 1481 1867 1535 δὲ

286 1584 428 1637 όστά
460 1581 553 1634 τοῦ
593 1580 868 1652 προϐάτου
917 1576 1294 1647 συντρίϐουσιν
1338 1578 1386 1627 οἱ
1420 1573 1608 1638 κακῶς
1637 1573 1707 1627 τὰ
1749 1575 1870 1626 θεῖα

284 1670 542 1732 νοοῦντες
577 1672 750 1738 Λόγια
783 1668 878 1722 καὶ
901 1668 980 1730 εἰς
1007 1665 1105 1737 τὴν
1130 1664 1336 1718 οἰκείαν
1364 1663 1505 1718 αὐτὰ
1535 1661 1867 1735 πειρώμενοι

290 1763 624 1835 μεταφέρειν
654 1761 945 1815 ἀσέϐειαν·
980 1758 1044 1812 τὸ
1078 1758 1135 1811 δέ
1179 1759 1254 1828 μὴ
1285 1757 1446 1828 μόνον
1485 1759 1550 1810 ἐκ
1576 1755 1868 1827 προϐάτων

285 1855 433 1908 ἀλλὰ
457 1855 552 1907 καὶ
585 1853 642 1919 ἐξ
669 1852 874 1924 ἐρίφων
901 1852 1222 1923 λαμϐάνειν,
1250 1853 1349 1924 τὴν
1381 1853 1532 1906 θείαν
1565 1853 1730 1906 πάλιν
1761 1868 1865 1923 κη·-

289 1945 480 2016 ρύττει
506 1944 952 2015 φιλανθρωπίαν·
987 1946 1050 1999 οὐ
1085 1950 1192 2016 γὰρ
1227 1945 1386 2015 μόνον
1417 1946 1555 2015 ὑπὲρ
1581 1943 1805 1998 δικαίων
1840 1945 1870 1996 6

287 2036 527 2108 Χριστὸς
574 2035 713 2090 ἀλλὰ
757 2038 852 2090 καὶ
908 2038 1048 2109 ὑπὲρ
1095 2038 1435 2110 ἁμαρτωλῶν
1484 2037 1547 2090 τὸ
1602 2037 1870 2106 σωτήριον

289 2129 688 2200 ὑπομεμένηκε
729 2130 932 2194 πάθος·
979 2130 1168 2201 ἔριφον
1200 2129 1308 2200 γὰρ
1355 2129 1494 2201 ὑπὲρ
1538 2123 1870 2198 ἁμαρτωλοῦ

285 2224 320 2276 ὁ
349 2221 512 2292 νόμος
550 2224 883 2294 προσφέρειν
919 2222 1170 2276 ἐκέλευσε
1195 2239 1209 2255 ·
1239 2220 1468 2275 καὶτῶν
1496 2220 1657 2274 θείων
1676 2219 1734 2273 δὲ
1769 2236 1872 2290 μυ-

291 2315 538 2386 στηρίων
570 2317 617 2368 οἱ
673 2315 1201 2386 μεταλαμϐάνοντες,
1233 2315 1282 2367 οἱ
1324 2316 1422 2385 μὲν
1470 2313 1544 2376 ὡς
1593 2311 1870 2382 προϐάτου

293 2407 831 2479 μεταλαμϐάνουσιν,
864 2409 958 2462 άτε
987 2407 1050 2478 δὴ
1072 2407 1286 2461 τελείαν
1319 2405 1418 2477 τὴν
1444 2405 1645 2477 ἀρετὴν
1673 2422 1872 2472 κεκτη-

293 2499 489 2570 μένοι·
526 2500 576 2551 οἱ
609 2498 665 2552 δὲ
694 2498 769 2562 ὡς
795 2499 1012 2568 ἐρίφου,
1052 2499 1140 2553 διὰ
1183 2497 1470 2569 μετανοίας
1500 2495 1874 2567 ἐξαλείφοντες

290 2592 398 2655 τὰς
425 2590 533 2646 τῶν
569 2591 984 2663 ἁμαρτημάτων
1017 2592 1269 2661 κηλῖδας·
1301 2590 1444 2645 οὕτω
1475 2591 1569 2644 καὶ
1599 2592 1628 2644 6
1669 2589 1873 2661 Κύριος

291 2685 458 2756 ἡμῶν
499 2685 599 2738 οὐκ
651 2686 715 2738 ἐκ
747 2683 966 2738 σιτίνων
1011 2683 1170 2754 μόνον
1201 2683 1338 2737 ἀλλὰ
1373 2684 1468 2738 καὶ
1510 2684 1578 2737 ἐκ
1616 2683 1875 2754 κριθίνων

293 2778 427 2839 τοὺς
479 2773 909 2845 συνεληλυθότας
959 2774 1140 2846 ἄρτων
1195 2773 1474 2844 διέθρεψε·
1522 2775 1617 2828 καὶ
1655 2774 1788 2844 ἡμῖν
1819 2773 1876 2827 δὲ

293 2867 642 2921 διεκέλευσεν
689 2867 835 2936 ἔχειν
881 2865 979 2930 τὰς
1039 2865 1246 2934 ὀσφύας
1299 2865 1743 2937 περιεζωσμένας
1781 2865 1879 2919 καὶ

292 2964 430 3024 τοὺς
459 2960 626 3024 πόδας
664 2959 1086 3030 ὑποδεδεμένους
1119 2959 1214 3012 καὶ
1244 2959 1368 3022 τοὺς
1399 2957 1626 3029 λύχνους
1656 2960 1880 3029 καιομέ-

1897 1725 1944 1785 Β

1967 478 2188 535 duobus
2218 482 2469 550 postibus
2493 483 2738 539 animum
2766 493 2821 540 et
2849 485 3198 555 cupiditates.
3227 483 3352 538 Ilazc
3395 500 3536 554 quo-

1965 588 2113 642 que:
2152 591 2171 625 ι
2204 572 2323 627 Νοιι
2373 575 2679 631 comedet-is
2722 591 2790 631 ex
2838 591 2905 630 eo
2950 577 3181 630 crudum
3227 575 3380 638 quid,
3436 587 3538 626 nec

1965 672 2185 718 coctum
2255 679 2418 734 aqua,
2485 666 2578 720 sed
2637 675 2850 720 tantum
2888 683 3072 721 assum
3122 666 3232 738 igni
3283 668 3350 731 ⁵⁷,
3396 683 3416 716 ι
3467 664 3538 717 ad

1969 771 2070 810 nos
2105 758 2384 826 pertinent
2419 760 2512 828 qui
2543 774 2654 813 non
2707 759 2774 812 ad
2807 761 3044 828 speciem
3103 767 3312 811 tantum
3360 757 3538 826 respi-

1965 851 2168 913 cimus,
2198 853 2292 906 sed
2317 863 2552 906 mentem
2579 854 2744 906 etiam
2772 852 3112 921 indagamus,
3139 867 3239 906 nec
3270 853 3540 905 humanas

1967 940 2213 994 rationes
2256 939 2460 994 divinis
2518 942 2860 995 asciscimus.
2929 940 3086 1006 Quod
3148 941 3313 993 etiam
3369 940 3537 994 Isaias

1967 1027 2300 1098 quibusdam
2369 1028 2743 1097 exprobravit,
2781 1029 2938 1096 quasi
2993 1029 3179 1080 vinum
3225 1042 3348 1080 cum
3397 1041 3539 1095 aqua

1967 1122 2357 1186 miscuissent;
2393 1123 2485 1175 sed
2523 1121 2642 1175 solo
2669 1121 2857 1175 divino
2897 1119 3022 1190 igne
3073 1120 3302 1183 utimur,
3333 1119 3542 1172 scilicet

1966 1213 2142 1267 'sancti
2198 1211 2440 1282 Spiritus
2476 1215 2672 1283 gratia.
2698 1241 2772 1252 ——-
2809 1211 2966 1276 Quod
3016 1227 3126 1266 non
3185 1218 3431 1280 oporteat
3472 1210 3539 1262 ad

1966 1313 2248 1374 posterum
2282 1304 2425 1360 diem
2478 1305 2723 1373 linquere
2765 1319 2962 1358 carnes
3012 1305 3093 1358 sie
3138 1304 3539 1370 intelligimus:

1970 1399 2170 1454 futurae
2199 1399 2324 1454 vitae
2351 1413 2468 1451 non
2498 1413 2634 1467 opus
2669 1413 2789 1452 esse
2820 1397 3103 1467 symbolis.
3137 1396 3280 1449 Idem
3313 1410 3545 1465 sequen-

1970 1492 2042 1545 tia
2075 1491 2377 1546 declarant.
2403 1490 2540 1545 Ossa
2598 1491 2742 1543 enim
2771 1489 2897 1559 agni
2921 1497 3216 1542 conterunt
3260 1488 3351 1556 qui
3400 1486 3543 1540 male

1969 1582 2192 1636 oracula
2231 1581 2412 1636 divina
2453 1580 2785 1649 intelligunt,
2817 1589 2874 1633 et
2905 1580 2972 1633 ad
3005 1579 3340 1648 impietatem
3383 1591 3540 1631 suam

1969 1688 2032 1728 ea
2067 1675 2274 1728 referre
2303 1681 2595 1727 conantur.
2629 1673 2783 1736 Quod
2828 1687 2936 1726 non
2973 1678 3228 1740 Oportcat
3270 1671 3444 1724 solum
3477 1683 3543 1722 ex

1972 1766 2186 1832 ovibus,
2223 1767 2318 1820 sed
2351 1766 2516 1819 etiam
2549 1780 2613 1819 ex
2643 1764 2813 1818 haedis
2858 1763 3066 1817 hostias
3095 1764 3402 1823 desumere,
3437 1761 3544 1813 hoc

1970 1873 2163 1913 rursus
2193 1858 2438 1911 divinum
2463 1856 2516 1909 in
2541 1856 2787 1910 homines
2811 1856 3111 1925 proclamat
3138 1868 3404 1915 amorem,
3433 1867 3540 1906 non

1969 1953 2117 2007 enim
2172 1951 2351 2006 solum
2389 1963 2490 2019 pro
2535 1949 2703 2019 justis
2746 1948 3025 2012 Christus,
3081 1947 3174 2000 sed
3227 1946 3391 2000 etiam
3442 1959 3542 2012 pro

1970 2043 2357 2114 peccatoribus
2407 2041 2704 2097 salutarem
2751 2039 2974 2110 pertulit
3024 2036 3359 2107 passionem.
3403 2033 3540 2088 Nam

1972 2133 2188 2188 haedum
2223 2146 2324 2201 pro
2359 2130 2743 2201 peccatoribus
2789 2131 2870 2182 lex
2901 2126 3097 2182 offerre
3122 2125 3317 2195 jussit;
3362 2139 3428 2178 ex
3477 2125 3545 2178 iis

1971 2234 2154 2280 autem
2191 2224 2463 2294 quisacra
2509 2221 2771 2292 mysteria
2805 2218 3153 2289 participant,
3185 2215 3276 2269 alii
3322 2213 3542 2284 quidem

1971 2320 2125 2391 quasi
2155 2319 2208 2373 in
2236 2328 2444 2388 partem
2477 2316 2602 2386 agni
2639 2316 2886 2378 veniunt,
2913 2322 3101 2383 utpote
3132 2312 3388 2366 virtutem
3426 2307 3545 2362 exi-

1974 2415 2138 2466 miam
2175 2411 2378 2480 adepti,
2405 2409 2497 2464 alii
2523 2423 2654 2462 vero
2689 2407 2851 2475 quasi
2887 2406 2940 2458 in
2972 2413 3182 2475 partem
3225 2401 3388 2462 haedi.
3439 2401 3547 2454 sci-

1975 2504 2104 2558 licet
2119 2503 2210 2571 qui
2230 2500 2552 2572 ptenitentia
2577 2499 2822 2554 maculas
2839 2505 3187 2568 peccatorum
3206 2495 3544 2550 oblitterant.

1977 2597 2068 2652 Sic
2094 2597 2239 2651 enim
2273 2595 2534 2649 Dominus
2558 2601 2745 2646 noster
2775 2605 2883 2644 non
2912 2607 2943 2644 e
2965 2586 3323 2643 frumentario
3346 2586 3545 2646 solum,

1977 2685 2071 2741 sed
2100 2684 2263 2738 etiam
2298 2698 2367 2736 ex
2409 2682 2713 2736 hordeaceo
2743 2695 2880 2749 pane
2908 2679 3124 2733 turbam
3165 2675 3449 2739 enutrivit,
3493 2681 3549 2727 et

1979 2775 2141 2830 nobis
2170 2774 2504 2844 praescripsit
2540 2771 2758 2827 lumbos
2791 2772 3000 2825 cinctos
3030 2769 3254 2829 habere,
3295 2777 3348 2820 et
3386 2766 3548 2834 pedes

1979 2866 2273 2930 calceatus,
2320 2874 2375 2919 et
2422 2863 2704 2919 lucernam
2749 2877 3036 2917 accensam
3079 2869 3139 2915 ut
3179 2859 3399 2914 famulis
3452 2859 3550 2912 do-

1979 2959 2190 3012 minum
2219 2958 2684 3028 exspectantibus.
2707 2954 2780 3010 Ut
2803 2955 2969 3024 igitur
2996 2953 3207 3008 Hebrmi
3231 2953 3298 3006 de
3316 2952 3551 3022 Egypto

297 3070 450 3116 νους,
501 3052 576 3115 ὡς
637 3051 854 3114 οἰκέτας
919 3050 1186 3120 δεσπότην
1250 3050 1656 3120 προσμένοντας
1681 3067 1696 3082 ·
1763 3051 1874 3105 ἀλλ’

1982 3050 2133 3104 exire
2202 3049 2378 3120 jussi,
2457 3050 2866 3120 migrantesque
2941 3047 2993 3102 in
3068 3046 3329 3100 Chanaan
3407 3046 3552 3098 hunc

312 3145 561 3214 Ἑϐραῖοι
601 3145 702 3214 μὲν
721 3142 797 3207 ὼς
822 3141 1139 3210 Αἰγυπτίων
1172 3140 1638 3212 ἀπαλλαττόμενοι
1672 3141 1768 3195 καὶ
1792 3144 1871 3205 είς

294 3233 403 3304 τὴν
459 3234 782 3286 Χαναναίων
843 3230 949 3302 γῆν
1009 3232 1357 3300 είσαγόμενοι
1404 3233 1560 3284 τοῦτο
1609 3225 1756 3301 είχον
1813 3231 1875 3285 τὸ

298 3325 528 3394 σχῆμα·
565 3327 728 3396 ἡμεῖς
755 3323 812 3378 δὲ
833 3323 908 3389 ὡς
937 3321 1188 3378 ἐντεῦθεν
1219 3322 1299 3386 είς
1321 3321 1506 3394 ἕτερον
1538 3321 1876 3395 μεθιστάμε-

297 3429 384 3466 νοι
419 3411 557 3482 βίον.

373 3503 475 3556 Διὰ
505 3502 664 3556 τοῦτο
690 3502 785 3555 καὶ¹
818 3504 950 3574 ἡμῖν
984 3503 1012 3555 ὁ
1038 3502 1181 3568 θεῖος
1199 3503 1636 3575 παρακελεύεται
1663 3504 1877 3566 Παῦλος

302 3594 482 3664 βοῶν’
535 3612 560 3647 ε
604 3593 979 3664 Ἐκκαθάρατε
1026 3594 1124 3665 τὴν
1175 3594 1414 3648 παλαιὰν
1463 3594 1678 3667 ζύμην·
1723 3613 1742 3646 ι
1781 3595 1876 3648 καὶ

300 3685 434 3755 ἑξῆς
479 3683 648 3737 εἰπών
670 3700 684 3714 ·
732 3703 752 3736 ε
785 3685 948 3736 Ὥστε
991 3685 1340 3755 ἑορτάζωμεν
1375 3684 1453 3755 μὴ
1482 3687 1538 3738 ἐν
1593 3685 1738 3756 ζύμῃ
1767 3702 1876 3738 πα-

298 3775 452 3846 λαιᾷ,
486 3775 620 3846 μηδὲ
659 3777 715 3828 ἐν
769 3775 917 3846 ζύμῃ
961 3776 1161 3838 κακίας
1199 3779 1294 3829 καὶ
1334 3777 1622 3848 πονηρίας,
1661 3777 1774 3830 ἀλλ’
1817 3780 1875 3830 ἐν

300 3867 534 3937 ἀζύμοις
589 3867 938 3937 είλικρινείας
989 3868 1086 3921 καὶ
1137 3867 1414 3937 ἀληθείας.
1468 3887 1490 3920 ι
1525 3867 1763 3921 Ἀνωθεν
1819 3869 1877 3922 δὲ

300 3959 702 4029 προμεμήνυκε
732 3958 832 4029 τὴν
865 3957 971 4010 τῶν
1009 3959 1177 4012 ἐθνῶν
1211 3959 1484 4029 σωτηρίαν
1527 3961 1558 4012 6
1594 3959 1754 4023 Θεός·
1783 3961 1876 4012 καὶ

300 4054 415 4121 γάρ
443 4050 814 4121 προσηλύτους
857 4049 1286 4120 μεταλαγχάνειν
1330 4050 1424 4103 τοῦ
1471 4052 1663 4120 Πάσχα
1708 4068 1878 4122 προσ-

303 4141 488 4207 έταξε.
521 4143 716 4212 Γιόραν
746 4142 853 4212 γὰρ
878 4142 969 4194 τὸν
989 4142 1324 4214 προσήλυτον
1348 4143 1630 4208 ἐκάλεσεν,
1650 4144 1745 4196 καὶ
1769 4145 1879 4196 lao-

303 4238 502 4307 νομίας
541 4236 690 4308 αὐτῷ
740 4235 1041 4306 μετέδωκεν
1063 4253 1077 4266 ·
1111 4254 1130 4288 ι
1168 4237 1361 4289 Ἔσται
1409 4235 1539 4306 γὰρ,
1589 4238 1772 4307 φησὶν,
1803 4238 1879 4301 ὼς

303 4323 586 4392 αὐτόχθων
605 4323 704 4393 τῆς
724 4324 827 4393 γῆς
849 4339 863 4354 ·
897 4344 917 4376 ι
939 4323 1033 4376 καὶ
1058 4324 1118 4377 τὸ
1147 4343 1166 4376 ι
1191 4326 1277 4377 Ἐν
1305 4325 1449 4394 οίκίᾳ
1471 4328 1572 4398 μιᾷ
1597 4327 1879 4399 βρωθήσεο

1985 3142 2191 3196 cultum
2228 3142 2520 3205 habebant,
2557 3141 2854 3196 habeamus
2883 3147 2938 3194 et
2966 3154 3067 3194 nos
3093 3139 3186 3207 qui
3215 3153 3280 3192 ex
3309 3138 3411 3192 hac
3443 3137 3551 3191 vita

1983 3234 2040 3290 in
2072 3236 2298 3290 alteram
2330 3234 2650 3304 migramus.

2050 3503 2167 3570 Qua
2211 3501 2278 3557 de
2305 3517 2472 3557 causa
2519 3510 2574 3556 et
2613 3516 2714 3556 nos
2758 3501 2917 3556 divus
2970 3499 3289 3554 adhortatur
3329 3495 3553 3558 Paulus,

1983 3598 2256 3652 clamans:
2282 3595 2618 3665 «Expurgate
2637 3603 2790 3647 vetns
2808 3593 3132 3647 fermentum
3149 3592 3212 3655 ³⁸,
3229 3591 3554 3659 ιριι-ειὶιιιιθ,

1983 3690 2171 3744 dicens
2205 3705 2219 3742 :
2263 3707 2281 3739 ι
2306 3688 2492 3757 Itaque
2521 3688 2808 3756 cpulemur
2845 3701 2950 3739 non
2978 3687 3030 3739 in
3062 3686 3228 3739 veteri
3262 3683 3554 3744 fermento,

1984 3795 2086 3834 nec
2139 3781 2192 3834 in
2254 3779 2475 3832 malitiae
2528 3792 2581 3831 et
2645 3779 2756 3831 vitii
2804 3776 3090 3841 fermento,
3139 3777 3230 3830 sed
3265 3775 3318 3827 in
3351 3775 3557 3844 azymis

1984 3871 2312 3926 sinceritatis
2369 3869 2724 3937 veritatisque
2754 3869 2822 3921 ⁵⁸.
2855 3887 2875 3919 ι
2914 3871 2959 3920 Α
2991 3869 3144 3934 longe
3175 3868 3557 3936 praenuntiavit

1984 3964 2267 4034 gentilium
2320 3964 2549 4017 salutem
2611 3960 2758 4017 Deus
2819 3961 2912 4030 qui
2978 3961 3284 4030 proselytos
3332 3957 3557 4012 Pascha:

1985 4055 2101 4110 fieri
2130 4055 2424 4125 participes
2445 4054 2634 4120 jussit.
2662 4054 2874 4109 Etenim
2895 4052 3225 4123 proselytnm
3242 4050 3552 4119 appellavit,

1985 4147 2146 4216 eique
2187 4147 2330 4216 juris
2385 4145 2806 4216 aequabilitatem
2837 4145 3010 4199 dedit.
3081 4162 3098 4194 ι
3133 4141 3245 4196 Erit
3268 4142 3437 4204 enim,
3468 4143 3552 4195 in-

1984 4239 2122 4309 quit,
2159 4246 2218 4293 ut
2253 4248 2411 4291 terra:
2451 4237 2726 4309 indigena.
2773 4235 2886 4292 lioc
2916 4244 3094 4289 autem
3119 4231 3329 4288 Pascha
3359 4234 3412 4287 in
3449 4249 3554 4287 una

1985 4333 2149 4386 domo
2175 4330 2491 4386 comedetur
2514 4330 2580 4392 ‘°,
2609 4348 2629 4382 ι
2692 4330 2985 4384 observant
3023 4327 3207 4382 fideles
3237 4326 3328 4395 qui
3360 4341 3466 4379 una
3499 4329 3554 4377 in

301 4432 419 4481 ται,
449 4435 468 4466 ι
510 4416 869 4485 φυλάττουσιν
897 4419 946 4470 οί
993 4418 1197 4486 πιστοὶ,
1235 4419 1291 4472 ἐν
1318 4419 1454 4492 μόνῃ
1481 4422 1547 4490 τῇ
1591 4419 1874 4494 Ἐκκλησία

1991 4422 2218 4477 ecclesia
2250 4436 2533 4478 sacrorum
2561 4422 2855 4490 participes
2881 4419 3263 4490 mysteriorum
3295 4425 3446 4478 sunt,
3502 4424 3558 4468 ct

303 4506 414 4560 τῶν
441 4507 600 4562 θείων
631 4508 1144 4580 μεταλαμϐάνοντες
1188 4511 1532 4581 μυστηρίων,
1561 4511 1660 4576 τὰς
1685 4512 1740 4566 δέ
1771 4515 1881 4566 τῶν

306 4598 604 4669 αἱρετικῶν
671 4601 994 4668 συναγωγὰς
1063 4600 1513 4673 βδελυττόμενοι·
1565 4605 1634 4658 τὰ
1698 4606 1883 4676 μέντοι

305 4691 631 4760 πρωτότοκα
659 4691 754 4744 καὶ
781 4691 889 4744 τῶν
919 4692 1210 4762 προϐάτων
1235 4694 1456 4747 καὶτῶν
1483 4695 1622 4765 βοῶν
1644 4699 1884 4768 προσφέ-

307 4781 501 4852 ρεσθαι
552 4781 1098 4852 νενομοθέτηκε,’τῆς
1129 4783 1240 4838 τῶν
1289 4786 1650 4854 πρωτοτόκων
1683 4787 1882 4851 αὐτοὺς

310 4870 582 4942 σωτηρίας
608 4873 1042 4943 ἀναμιμνήσκων
1065 4888 1080 4903 ·
1110 4874 1230 4928 οὐδὲ
1253 4874 1361 4944 γὰρ
1383 4875 1544 4940 αὐτὸς
1569 4876 1678 4929 τῶν
1705 4877 1885 4948 θυμά-

304 4980 418 5018 των
451 4963 640 5029 ἐδεῖτο,
681 4965 816 5019 ἀλλὰ
858 4965 958 5036 τὴν
1000 4965 1227 5019 ἐκείνων
1273 4967 1540 5036 ὠφέλειαν
1592 4971 1883 5038 ἐπραγμα-

305 5055 528 5110 τεύετο·
561 5056 720 5111 τοῦτο
760 5059 820 5111 δέ
857 5061 951 5114 καὶ
1001 5059 1162 5123 αὐτὸς
1199 5062 1228 5115 6
1261 5062 1426 5131 νόμος
1469 5063 1617 5132 δηλοι
1639 5078 1655 5094 ·
1687 5081 1706 5114 ι
1756 5063 1884 5115 Ἐὰν

306 5146 420 5216 γὰρ
448 5149 698 5219 ἐρωτήσῃ
721 5166 780 5202 σε
802 5152 829 5203 6
851 5151 965 5215 υίός
991 5169 1108 5216 σου,
1128 5153 1193 5205 Τί
1218 5154 1334 5205 ἐστι
1364 5153 1520 5207 τοῦτο
1540 5173 1586 5219 ;›
1615 5155 1709 5207 καὶ
1732 5154 1880 5222 ἐξῆς,

306 5238 415 5300 ἕως
446 5239 564 5306 τοῦ,
597 5259 613 5290 ι
647 5242 746 5294 Διὰ
768 5242 924 5296 τοῦτο
950 5243 1060 5312 ἐγὼ
1086 5243 1199 5297 θύω
1224 5244 1300 5314 τῷ
1331 5247 1521 5315 Κυρίῳ
1551 5246 1658 5297 πᾶν
1685 5243 1884 5297 διανοῖ-

307 5347 406 5400 γον
441 5333 679 5404 μήτραν,
709 5335 778 5387 τὰ
810 5335 1075 5404 ἀρσενικὰ
1106 5338 1202 5390 καὶ
1247 5339 1358 5390 πᾶν
1402 5336 1744 5407 πρωτότοκον
1775 5335 1884 5389 τῶν

312 5423 448 5474 υίῶν
475 5439 568 5475 σου
600 5423 974 5495 λυτρώσομαι·
1009 5427 1103 5480 καὶ
1128 5427 1277 5480 ἔσται
1307 5430 1385 5489 είς
1416 5430 1640 5497 σημεῖον
1669 5427 1760 5479 ἐπὶ
1786 5428 1884 5496 τῆς

311 5513 495 5585 χειρός
555 5531 650 5567 σου
698 5516 793 5568 καὶ
833 5517 1127 5572 ἀσάλευτον
1174 5518 1280 5590 πρὸ
1329 5517 1743 5588 όφθαλμῶνοέν
1783 5518 1886 5587 γάρ

1989 4516 2058 4568 ab
2136 4514 2408 4569 hzrreticis
2484 4514 2845 4568 conventibus
2905 4511 3222 4564 abhorrent.
3301 4509 3553 4561 Attamen

1989 4606 2349 4678 primogenita
2410 4606 2594 4660 ovium
2628 4616 2683 4661 et
2733 4606 2894 4659 boum
2926 4604 3108 4658 otl'erri
3145 4603 3386 4657 Hebraeis
3417 4617 3558 4672 prae-

1987 4699 2133 4768 cepit
2192 4697 2478 4762 Dominus,
2539 4706 2598 4751 ut
2668 4696 3033 4767 primOgenita
3094 4710 3280 4749 eorum
3339 4703 3557 4747 servata

1989 4789 2160 4845 fuisse
2189 4788 2254 4844 iis
2281 4791 2334 4843 in
2363 4793 2682 4843 memoriam
2705 4795 3009 4843 revocaret.
3039 4785 3200 4839 Nullo
3221 4785 3367 4839 enim
3395 4784 3558 4838 modo

1989 4882 2038 4935 ei
2090 4881 2328 4935 victimis
2382 4896 2519 4949 opus
2549 4889 2688 4948 erat,
2740 4880 2844 4934 hoc
2891 4889 3072 4933 autem
3105 4877 3170 4932 ad
3206 4876 3557 4930 Hebraeorum

1992 4971 2277 5026 utilitatem
2351 4971 2652 5039 spectabat.
2742 4969 2895 5036 Quod
2950 4969 3091 5024 idem
3150 4968 3392 5023 ostendit
3447 4968 3556 5022 lex.

1999 5080 2017 5112 α
2054 5061 2300 5130 Cumque
2340 5062 2756 5130 interrogaverit
2809 5071 2861 5115 te
2897 5061 3042 5115 ﬁlius
3067 5070 3194 5114 tuus
3229 5078 3242 5114 :
3281 5060 3422 5124 Quid
3476 5068 3562 5113 est

1993 5154 2173 5219 hoc“,
2210 5173 2228 5204 ›
2257 5163 2312 5207 et
2336 5155 2539 5223 reliqua
2569 5169 2741 5223 usque
2771 5156 2836 5208 ad
2870 5154 3010 5208 hoc:
3052 5174 3070 5206 ι
3098 5155 3303 5209 Idcirco
3337 5154 3559 5207 immolo

1991 5247 2221 5300 Domino
2247 5262 2409 5299 omne
2438 5247 2581 5315 quod
2618 5246 2789 5315 aperit
2823 5249 3035 5301 vulvam
3079 5246 3364 5301 masculini
3398 5260 3561 5300 sexus

1992 5347 2047 5392 et
2083 5339 2268 5392 omnia
2324 5338 2684 5409 primogenita
2748 5339 2983 5394 ﬁliorum
3035 5355 3278 5394 meorum
3330 5336 3556 5396 redimo,

1991 5441 2046 5483 et
2098 5431 2202 5483 erit
2256 5430 2419 5499 igitur
2471 5431 2622 5500 quasi
2678 5432 2896 5502 signum
2948 5433 3000 5486 in
3035 5447 3197 5484 manu
3231 5440 3343 5488 tua,
3400 5425 3559 5494 quasi

1994 5535 2294 5591 appensum
2326 5521 2453 5591 quid
2501 5522 2572 5575 ob
2603 5523 3029 5578 recordationem
3062 5521 3199 5574 inter
3223 5517 3410 5571 oculos
3434 5524 3560 5572 tuos

387 5690 432 5725 ⁵⁷
472 5689 643 5747 Exod.
673 5706 770 5758 aut,
803 5691 856 5746 9.
932 5691 976 5724 ⁵⁸
1003 5689 1022 5744 1
1050 5692 1170 5748 Cor.
1204 5708 1256 5759 v,
1285 5691 1338 5746 7.
1374 5691 1419 5724 ⁸⁹
1453 5690 1584 5747 ibid.
1613 5691 1666 5746 8.
1700 5693 1874 5750 “Exo

1979 5709 2057 5762 nt,
2082 5693 2170 5749 46.
2209 5693 2248 5726 ⁸³
2285 5693 2456 5750 Exod.
2491 5711 2610 5765 xm,
2647 5695 2736 5751 14.
