3854 6216
370 290 504 355 108⁸1

1574 275 1837 339 PHOTII
1876 271 2382 337 PATRIABCH/E
2405 271 2514 332 CP.

3486 277 3616 346 1088

365 417 434 456 eo
488 400 634 471 quod
683 398 738 453 in
799 411 962 452 manu
1015 395 1145 450 forti
1190 392 1379 450 eduxit
1438 406 1537 446 nos
1586 391 1852 445 Dominus
1883 388 1949 443 de

2072 386 2192 457 [ειρὶ
2242 384 2480 456 κραταιᾷ
2530 382 2769 453 ἐξήγαγέ
2804 399 2865 436 σε
2911 382 3119 453 Κύριος
3168 380 3229 447 ἐξ
3270 384 3558 452 Αἰγύπτου,
3594 412 3613 445 ι

367 482 626 561 Ἀζεγριο.
700 486 940 541 Proinde
988 484 1106 539 haec
1131 483 1314 537 omnia
1353 497 1464 537 non
1495 492 1598 550 pro
1627 492 1685 532 re
1718 474 1957 539 Domini,

370 586 465 641 Sed
500 600 597 652 pro
636 581 821 644 nonuli
852 578 1155 635 commodis
1182 584 1501 631 evenerunt.

444 671 776 742 QUESTIO
815 666 1042 726 CCLXV
1074 660 1649 740 [Coisl.CCLXXXlV,
1686 664 1849 717 Taur.

985 757 1336 830 CCLXXIII].

375 857 652 924 Quomodo
688 854 985 924 anteoligere
1044 851 1429 924 aporleatha’c
1475 845 1719 916 Apostoli
1750 844 1905 924 verba
1936 858 1956 901 ε

451 948 469 979 ι
499 928 692 982 Omnes
723 929 780 980 in
811 918 993 995 Moyse
1045 918 1303 989 baptismi
1345 935 1547 995 sumus,
1595 936 1613 968 ι
1649 918 1958 995 etreliqua,

445 999 693 1070 usquead
728 1017 745 1047 ι
766 995 866 1049 Hic
901 987 1019 1048 uero
1052 987 1189 1061 lapis
1228 1001 1341 1045 erat
1370 990 1611 1044 Christus
1640 987 1806 1056 (65).»

2055 479 2349 549 Τοιγάρτοι
2376 477 2583 531 τούτων
2627 476 2859 530 ἕκαστον
2905 477 2967 530 οὐ
2998 479 3099 549 τῆς
3135 475 3230 530 τοῦ
3281 477 3413 533 Θεοῦ
3441 485 3621 552 χρείας

2052 573 2238 639 ἕνεκα,
2262 570 2400 627 ἀλλὰ
2427 571 2530 642 τῆς
2550 569 2643 625 τοῦ
2673 570 2807 624 λαοῦ
2838 570 3058 639 ἐγένετο
3085 568 3374 637 ὠφελείας.

2573 663 2910 719 ΕΡΩἸῊΣΙΣ
2946 662 3114 719 ΣΞΕ’.

2055 843 2190 910 Πῶς
2216 844 2470 911 νοητέον
2495 841 2565 896 τὸ
2590 842 2713 898 ὑπὸ
2742 841 2849 896 τοῦ
2887 842 3262 913 ῘΑποστόλου
3300 845 3620 913 εἰρημένον,

2066 935 2071 939 ·
2138 933 2157 965 ι
2195 913 2423 979 Πάντες
2446 915 2536 979 εὶς
2553 915 2661 966 τὸν
2688 911 2956 979 Μωϋσῆν
2974 911 3444 982 ἐϐαπτίσθημεν,
3481 936 3500 967 ι
3535 920 3627 972 καί

2133 984 2301 1052 ἑξῆς,
2327 984 2438 1048 ἕως
2459 998 2472 1011 ’
2513 1004 2533 1035 ι
2569 982 2632 1039 Ἠ
2652 982 2721 1035 δὲ
2744 983 2930 1051 πέτρα
2959 979 3038 1052 ἦν
3063 985 3095 1036 ό
3126 979 3408 1051 Χριστὸς;
3448 1006 3467 1037 ι

777 1106 922 1158 Edita
951 1121 979 1155 a
1010 1107 1133 1154 Maio
1169 1103 1228 1168 (1.
1258 1116 1303 1153 c.
1338 1102 1656 1167 “129,150,
1688 1115 1739 1164 q.
1770 1100 1906 1163 274).
1938 1126 1968 1136 -

2106 1100 2122 1148 1
2155 1098 2266 1150 Cor.
2298 1112 2351 1157 x,
2384 1096 2431 1158 1,
2461 1097 2512 1159 4,
2534 1101 2590 1147 et
2611 1096 2770 1147 Exod.
2806 1111 2913 1158 xm,
2942 1096 3022 1156 21,
3048 1108 3146 1156 xiv,
3166 1095 3243 1144 22.

449 1192 651 1263 Figura
710 1202 868 1246 erant
926 1206 1193 1245 novarum
1250 1191 1493 1257 antiqua;
1538 1202 1628 1242 res
1675 1196 1729 1241 et
1763 1187 1958 1240 umbra

385 1289 606 1358 quidem
664 1285 775 1350 lex,
804 1299 1005 1353 corpus
1058 1296 1186 1336 vero
1220 1282 1494 1351 quoddam
1531 1280 1731 1352 gratia.
1816 1278 1956 1335 Cum

380 1380 549 1450 igitur
576 1372 1583 1449 persequerenturHebraeoszEgyptii,
1616 1374 1760 1442 iique
1778 1380 1959 1426 trans-

377 1473 551 1544 gressi
611 1480 741 1527 sunt
772 1484 921 1524 mare
950 1470 1221 1533 Rubrum,
1261 1478 1315 1523 et
1364 1483 1548 1522 amara
1578 1466 1958 1537 JEgyptiorum

378 1565 642 1620 servitute
672 1563 887 1617 liberati
913 1570 1061 1627 sunt,
1124 1560 1297 1629 figura
1324 1558 1423 1615 fuit
1450 1559 1751 1629 baptisterii
1784 1571 1957 1621 mare,

378 1657 621 1729 Spiritus
675 1656 852 1711 sancti
912 1655 1109 1721 nubes,
1143 1654 1349 1710 Christi
1383 1651 1685 1707 Salvatoris
1728 1649 1963 1719 Moyses,

380 1750 566 1805 crucis
611 1748 797 1818 virga,
853 1747 1057 1803 diaboli
1080 1745 1317 1809 Pharao,
1367 1746 1678 1800 dazmonum
1705 1740 1964 1813 Aigyptii,

380 1842 552 1897 divini
606 1841 716 1896 cibi
756 1855 980 1907 manna,
1035 1838 1399 1909 redemptoris
1446 1837 1729 1907 sanguinis
1770 1848 1966 1902 aquae

383 1951 542 1991 saxo.
601 1932 674 1988 Ut
720 1933 866 1988 enim
902 1931 979 1986 illi
1036 1940 1329 2002 postquam
1383 1928 1715 1998 transgressi
1744 1926 1967 1981 fuerunt

383 2027 632 2081 Rubrum
658 2038 808 2078 mare
842 2024 1109 2077 inusitato
1133 2022 1257 2077 cibo
1287 2030 1342 2076 et
1364 2020 1603 2075 mirabili
1630 2019 1779 2074 fonte
1808 2017 1963 2072 fruiti

383 2128 537 2181 sunt,
570 2119 650 2173 sic
672 2132 771 2172 nos
795 2124 1083 2186 postquam
1116 2129 1211 2184 per
1242 2113 1510 2183 baptisma
1532 2111 1727 2166 salvati
1755 2109 1961 2164 fuimus

386 2214 694 2269 divinorum
720 2212 1104 2281 mysteriorum
1139 2207 1436 2279 participes
1470 2204 1602 2260 facti
1642 2218 1859 2259 sumus.

458 2487 785 2559 QUESTIO
811 2487 1065 2543 CCLXVI
1120 2485 1309 2559 [CoisL
1340 2485 1695 2551 CCLXXXV,
1724 2485 1891 2540 Taur.

1003 2575 1359 2649 CCLXXIV].

340 2734 343 2737 _
389 2669 667 2736 Quomodo
709 2668 968 2723 incolume
1022 2676 1092 2721 ut
1155 2682 1365 2737 (equum
1416 2666 1547 2736 ﬁliis
1590 2681 1696 2736 pro
1726 2667 1968 2736 patribus

987 2738 1187 2808 punitis
1242 2737 1375 2809 (66).

2129 1184 2312 1247 Τύπος
2341 1178 2411 1254 ἦν
2433 1181 2544 1235 τῶν
2574 1182 2712 1234 νέων
2740 1179 2811 1233 τὰ
2832 1178 3061 1245 παλαιά,
3088 1180 3182 1233 καὶ
3212 1177 3343 1232 σκιά
3375 1179 3469 1249 μὲν
3493 1181 3521 1235 ό
3545 1181 3626 1235 νό-

2060 1292 2183 1346 μος,
2221 1274 2384 1345 σῶμά
2418 1291 2473 1327 τι
2515 1274 2574 1327 δὲ
2620 1274 2654 1343 ἡ
2704 1273 2902 1343 χάρις’
2950 1270 3143 1341 ἐπειδὴ
3194 1270 3372 1323 τοίνυν
3418 1271 3631 1328 ἐδίωκον

2054 1369 2183 1432 τοὺς
2218 1367 2508 1438 Ἐϐραίους
2538 1367 2588 1419 oi
2621 1364 2933 1432 Αἰγύπτιοι,
2957 1363 3246 1427 διαϐάντες
3267 1363 3325 1415 δὲ
3352 1363 3448 1434 τὴν
3477 1366 3629 1436 Ἐρυ-

2063 1459 2201 1529 θράν
2245 1458 2525 1514 θάλασσαν
2562 1459 2611 1511 οἱ
2651 1456 2895 1526 Ἑϐραῖοι
2939 1456 3037 1525 τῆς
3082 1457 3289 1525 πικρᾶς
3325 1455 3431 1509 τῶν
3474 1456 3632 1525 Δίγυ-

2061 1554 2196 1606 τίων
2222 1553 2620 1622 ἀπηλλάγησαν
2640 1550 2978 1614 δεσποτείας,
2996 1549 3167 1603 τύπον
3193 1550 3307 1620 ἔχει
3324 1548 3421 1620 τῆς
3441 1550 3630 1621 κολυμ-

2070 1645 2279 1717 ϐήθρας
2308 1646 2342 1716 ἡ
2374 1644 2615 1700 θάλαττα
2636 1661 2651 1676 ·
2683 1644 2717 1713 ἡ
2760 1642 2818 1696 δὲ
2855 1642 3079 1712 νεφέλη,
3111 1640 3206 1695 τοῦ
3253 1641 3578 1710 Πνεύματος·
3607 1643 3635 1694 ό

2065 1736 2123 1789 δὲ
2149 1737 2427 1807 Μωῡσῆς,
2456 1732 2553 1787 τοῦ
2584 1734 2837 1804 Σωτῆρος
2865 1732 3125 1803 Χριστοῦ·
3162 1731 3261 1784 τοῦ
3296 1731 3526 1802 σταυροῦ
3559 1732 3630 1797 δὲ,

2064 1829 2097 1899 ἡ
2132 1828 2327 1900 ῥάϐδος
2352 1844 2367 1858 ·
2398 1827 2492 1881 τοῦ
2517 1826 2764 1881 διαϐόλου
2789 1826 2867 1892 δὲ,
2896 1827 2925 1879 ό
2955 1823 3153 1897 Φαραὼ
3172 1840 3185 1854 ³
3217 1826 3328 1877 τῶν
3356 1825 3631 1895 δαιμόνων,

2064 1916 2116 1969 οἱ
2145 1915 2437 1984 Αἰγύπτιοι
2456 1931 2471 1945 ⁸
2506 1915 2567 1969 τό
2595 1916 2651 1969 δὲ
2684 1916 2884 1986 μάννα,
2925 1915 3026 1985 τῆς
3056 1915 3209 1978 θείας
3249 1917 3473 1986 τροφῆ;’
3499 1916 3557 1969 τὸ
3580 1916 3633 1969 δὲ

2062 2008 2161 2078 τῆς
2190 2008 2397 2078 πέτρας
2420 2006 2589 2077 ὕδωρ,
2614 2007 2708 2061 τοῦ
2737 2006 3007 2077 σωτηρίου
3044 2007 3305 2077 αἵματος·
3332 2006 3516 2077 ὥσπερ
3536 2009 3635 2075 γὰρ

2060 2101 2269 2153 ἐκεῖνοι
2304 2099 2445 2170 μετά
2473 2098 2537 2152 τὸ
2556 2098 2808 2169 διαϐῆναι
2837 2099 2933 2169 τὴν
2950 2098 3221 2170 Ἐρυθρὰν
3250 2098 3519 2153 Θάλασσαν
3550 2098 3636 2151 καὶ

2063 2193 2168 2262 τῆς
2221 2191 2382 2263 ξένης
2431 2191 2640 2263 τροφῆς
2685 2191 2781 2247 καὶ
2828 2190 2925 2244 τοῦ
2972 2190 3285 2261 παραδόξου
3330 2189 3637 2257 ἀπήλαυσαν

2062 2284 2328 2355 νάματος,
2357 2282 2532 2347 οὕτως
2559 2285 2722 2353 ἡμεῖς
2758 2283 2897 2353 μετά
2931 2282 2993 2336 τὸ
3025 2282 3297 2353 σωτήριον
3324 2281 3598 2352 βάπτισμα
3618 2320 3634 2346 ,

2058 2376 2169 2431 τῶν
2203 2374 2364 2432 θείων
2403 2375 2886 2447 μεταλαγχάνομεν
2923 2374 3248 2446 μυστηρίων

2578 2488 2915 2543 urorum}:
2948 2487 3129 2555 Σεςν.

2064 2669 2197 2735 Πῶς
2223 2666 2293 2721 τὸ
2328 2666 2565 2722 δίκαιον
2609 2667 2851 2728 σώζεται
2870 2707 2885 2731 ,
2927 2666 3047 2721 τῶν
3088 2668 3330 2722 παίδων
3365 2667 3511 2735 ὑπὲρ
3529 2665 3638 2721 τῶν

2491 2739 2763 2808 πατέρων
2792 2737 3247 2807 κολαζομένων;

1209 2846 1350 2897 Edita
1378 2861 1408 2897 a
1440 2847 1565 2897 Maio
1598 2848 1657 2911 (1.
1692 2861 1740 2899 c.
1771 2860 1822 2911 p.
1856 2848 1965 2910 129,
1998 2848 2106 2911 150,
2124 2864 2174 2912 q.
2208 2850 2341 2912 275).
2373 2877 2435 2888 —
2464 2850 2623 2917 Exod.
2660 2863 2746 2909 xx,
2776 2849 2823 2899 5.

460 2932 699 3004 Maiores
756 2931 899 3003 apud
952 2931 1120 2987 Deum
1177 2942 1307 2989 sunt
1362 2936 1524 2990 minae
1562 2936 1773 3004 pinnis;
1829 2936 1963 2992 dicit

2135 2938 2370 3003 Μείξους
2410 2936 2520 2990 τῶν
2549 2935 2830 2990 κολάσεων
2874 2934 3029 3007 παρὰ
3052 2934 3132 3005 τῷ
3160 2934 3289 3006 Θεῷ
3316 2936 3372 2988 αί
3406 2925 3633 2988 ἀπειλαί

387 3024 539 3079 enim
574 3042 588 3079 :
638 3040 658 3075 ι
693 3021 1018 3092 Quicunque
1060 3023 1479 3081 incircumcisus
1529 3027 1634 3082 erit
1674 3027 1975 3093 masculus,

392 3101 496 3170 nec
520 3113 940 3170 circumcidetur
966 3114 1055 3169 die
1083 3124 1299 3181 octavo,
1327 3116 1799 3172 exterminabitur.
1825 3134 1847 3170 ι
1870 3115 1976 3173 Sed

392 3202 576 3256 videre
591 3216 880 3271 possumus
898 3202 1165 3271 quosdam
1189 3204 1548 3259 circumcisos
1562 3205 1777 3262 diverse
1792 3217 1975 3263 tamen

393 3295 452 3350 in
493 3295 708 3351 deserto
730 3294 1122 3365 interemptos;
1154 3297 1291 3351 alios
1328 3310 1480 3362 vero,
1523 3296 1974 3363 incircumcisos,

396 3400 499 3456 pro
541 3385 739 3455 pugnis,
766 3400 832 3440 ea
865 3395 1195 3441 consecutos
1224 3402 1348 3456 quae
1380 3388 1684 3457 majoribus
1705 3389 1977 3459 promissa

396 3479 635 3533 fuerant.
674 3474 785 3532 Hos
804 3476 950 3531 enim
984 3477 1333 3532 circumcidit
1353 3477 1524 3535 Josue
1544 3478 1801 3550 Galgalis.
1831 3477 1976 3532 Rur-

395 3584 495 3623 sus
510 3566 765 3621 domibus
782 3565 1115 3619 fermentum
1142 3566 1474 3622 habentibus
1496 3566 1712 3622 ruinam
1743 3566 1979 3621 minatus

397 3671 504 3723 eSt,
527 3659 622 3713 sed
646 3674 758 3713 non
780 3658 1030 3714 immisit.
1054 3657 1260 3713 Deinde
1274 3659 1440 3714 etiam
1459 3660 1552 3730 qui
1574 3675 1775 3730 pueros
1788 3659 1979 3729 dilige-

401 3749 555 3814 bant,
590 3750 688 3802 hos
713 3758 882 3803 terret
913 3750 1097 3814 minis,
1134 3749 1401 3821 dicitque,
1437 3769 1457 3803 ι
1500 3750 1740 3807 Visitans
1772 3752 1978 3822 iniqui-

400 3850 569 3898 tatem
636 3852 849 3912 patrum
917 3842 973 3897 in
1014 3842 1157 3900 ﬁlios
1224 3843 1282 3899 in
1331 3845 1549 3900 tertiam
1611 3858 1978 3916 quartumque

394 3937 811 4007 generationem
857 3952 1052 3994 eorum
1104 3939 1200 4009 qui
1254 3938 1691 3994 oderuntme“.
1727 3957 1747 3992 ι
1807 3940 1979 3996 Porro

400 4030 662 4084 adhibere
714 4030 874 4085 fidem
910 4032 1039 4085 huic
1087 4031 1235 4087 nudo
1261 4032 1428 4087 verbo
1455 4033 1679 4102 impium
1710 4047 1836 4088 esse
1864 4033 1979 4101 ipse

406 4121 547 4173 Deus
564 4120 748 4182 docet,
760 4122 1032 4175 contraria
1050 4124 1346 4178 ostendens
1368 4123 1530 4191 ;dicit
1547 4124 1747 4179 etenim
1769 4142 1783 4179 :
1810 4142 1830 4176 ι
1856 4123 1977 4179 Non

402 4211 723 4265 occidentur
749 4213 847 4266 lilii
883 4229 984 4283 pro
1034 4215 1303 4284 patribus,
1364 4230 1465 4271 nec
1494 4227 1675 4284 patres
1694 4232 1792 4284 pro
1825 4216 1973 4283 filiis,

2079 3032 2215 3101 φησὶ
2235 3032 2367 3101 γάρ’
2394 3030 2538 3092 «Πᾶς
2562 3028 2937 3099 ἀπερίτμητος
2959 3027 3132 3096 ἀρσην
3147 3025 3212 3090 ὃς
3233 3028 3292 3080 οὑ
3312 3024 3636 3097 περιτμηθή-

2079 3139 2232 3177 σεται
2271 3124 2336 3193 τῇ
2366 3121 2553 3192 ἡμέρᾳ
2579 3123 2645 3191 τῇ
2675 3119 2869 3190 ὀγδόη,
2901 3116 3446 3189 ὲξολοθρευθήσεταιο
3476 3134 3495 3170 ι
3529 3113 3634 3169 ἀλλ’

2076 3220 2222 3274 ἐστιν
2252 3220 2379 3274 ίδείν
2415 3219 2542 3283 τοὺς
2573 3219 2672 3289 μὲν
2717 3218 3231 3291 περιτετμημένους
3271 3218 3330 3271 ἐν
3356 3216 3422 3285 τῇ
3465 3213 3642 3283 ἐρήμῳ

2076 3312 2350 3383 διαφόρως
2371 3312 2761 3382 ἀναιρεθέντας
2781 3326 2796 3341 ο
2836 3311 2960 3373 τοὺς
2991 3310 3048 3364 δὲ
3086 3308 3525 3382 άπεριτμήτους,
3553 3299 3642 3356 καὶ

2075 3404 2178 3473 τῆς
2223 3403 2331 3457 τῶν
2374 3403 2661 3475 προγόνων
2718 3403 3051 3472 ἐπαγγελίας
3078 3404 3206 3456 ἀντί
3254 3401 3351 3472 τῆς
3387 3397 3642 3468 τιμωρίας

2077 3491 2446 3560 τετυχηκότας
2495 3491 2755 3562 (τούτους
2784 3492 2893 3563 γάρ
2937 3493 2997 3546 ἐν
3038 3492 3341 3561 Γαλγάλοις
3382 3490 3412 3542 ό
3450 3484 3641 3558 ἰησοῦς

2077 3579 2429 3650 περιέτεμε),
2490 3581 2652 3633 πάλιν
2712 3583 2833 3645 ταῖς
2901 3581 3157 3652 ἐχούσαις
3217 3580 3397 3651 ζύμην
3457 3576 3642 3637 οἰκίαις

2079 3671 2456 3744 πανωλεθρίαν
2485 3673 2804 3743 ἠπείλησεν,
2834 3673 2950 3727 ἀλλ’
2977 3675 3078 3727 οὐκ
3107 3676 3409 3745 ἐπήγαγεν·
3446 3670 3535 3724 καὶ
3560 3669 3640 3720 ὲν-

2076 3763 2254 3818 ταῦθα
2280 3764 2459 3818 τοίνυν
2486 3764 2562 3827 ὡς
2593 3765 2914 3834 φιλόπαιδας
2934 3766 3236 3820 δεδίττεται
3260 3768 3382 3827 ταῖς
3403 3759 3640 3821 ἀπειλαῖς

2078 3858 2172 3910 καί
2195 3870 2382 3926 φησιν’
2411 3874 2432 3909 ι
2471 3858 2779 3921 ’Δποδιδοὺς
2801 3860 3077 3930 ἁμαρτίας
3101 3859 3359 3929 πατέρων
3378 3858 3469 3910 ἐπὶ
3488 3853 3640 3905 τέκνα

2078 3948 2172 3999 ἐπὶ
2205 3948 2393 4018 τρίτην
2430 3947 2528 4002 καὶ
2554 3948 2823 4020 τετάρτην
2849 3947 3045 4017 γενεάν
3085 3951 3207 4013 τοῖς
3254 3944 3471 4019 μισοῦσί
3501 3955 3584 4013 με·
3616 3957 3633 3990 ι

2077 4039 2159 4093 ὅτι
2183 4040 2471 4110 προσέχειν
2497 4040 2689 4111 γυμνῷ
2716 4040 2795 4111 τῷ
2818 4040 3105 4111 γράμματι
3135 4041 3367 4104 ἀσεϐὲς,
3397 4035 3553 4096 αὐτὸς
3576 4032 3637 4084 δι’

2077 4124 2152 4185 ὧν
2176 4132 2439 4186 τάναντία
2474 4132 2717 4185 διδάσκει
2743 4133 2773 4185 ό
2804 4132 2957 4199 Θεὸς,
3000 4131 3162 4202 δῆλον
3184 4149 3201 4165 ·
3240 4151 3259 4184 ι
3293 4132 3407 4185 Οὐκ
3444 4124 3637 4181 ἀποθα-

2078 4221 2296 4275 νοῦνται
2324 4224 2429 4295 γὰρ
2462 4225 2652 4288 παῖδες
2683 4225 2819 4295 ὑπὲρ
2853 4225 3108 4294 πατέρων
3129 4264 3145 4290 ,
3184 4226 3373 4295 φησὶν,
3401 4220 3517 4275 οὐδὲ
3542 4234 3637 4269 πα-

402 4309 500 4365 sed
538 4310 915 4381 unusquisque
963 4328 1063 4382 pro
1109 4323 1330 4381 peccato
1367 4328 1471 4368 suo
1524 4314 1786 4369 morietur
1808 4313 1884 4369 ⁸³.
1956 4333 1968 4365 ι

2079 4314 2237 4383 τέρες
2275 4313 2415 4383 ὑπὲρ
2454 4314 2661 4367 παίδων
2684 4329 2700 4344 ·
2732 4314 2849 4368 ἀλλ’
2883 4314 3114 4378 ἕκαστος
3145 4318 3203 4368 ἐν
3228 4316 3293 4384 τῇ
3338 4311 3445 4381 ἰδίᾳ
3483 4302 3635 4363 αύτοῦ

404 4403 471 4455 Ει
516 4402 571 4457 in
606 4400 858 4456 Ezechiel
904 4419 920 4457 :
993 4421 1012 4454 ι
1047 4402 1187 4468 Quid
1219 4412 1304 4457 est
1334 4403 1483 4473 quod
1523 4404 1666 4460 inter
1696 4421 1792 4460 vos
1821 4420 1981 4474 para-

405 4495 582 4548 bolam
617 4494 828 4549 vertitis
854 4494 909 4548 in
948 4496 1290 4564 proverbium
1310 4496 1453 4551 istud
1476 4496 1758 4552 dicentes:
1789 4496 1981 4553 Patres

405 4586 762 4640 comederunt
809 4601 971 4641 uvam
1032 4588 1286 4642 acerbam
1314 4627 1329 4653 ,
1393 4600 1449 4643 et
1497 4589 1690 4646 dentes
1739 4590 1977 4645 filiorum

400 4677 822 4745 obstupescunt.
853 4675 991 4731 Vivo
1019 4692 1141 4748 ego,
1162 4678 1293 4733 dicit
1322 4678 1604 4745 Dominus,
1627 4682 1672 4735 si
1703 4683 1807 4736 erit
1838 4683 1979 4737 ultra

406 4770 561 4825 vobis
588 4771 869 4840 parabola.
931 4769 1057 4825 Haec
1095 4770 1149 4824 in
1180 4773 1529 4840 proverbium
1576 4775 1629 4828 in
1665 4772 1862 4839 lsrael;
1884 4776 1977 4828 scd

406 4862 809 4916 oomedentium
852 4863 1103 4917 acerbam
1134 4878 1294 4917 uvam
1347 4865 1745 4934 obstupescunt
1766 4867 1977 4921 dentes.

407 4952 548 5006 Ecce
593 4954 735 5006 enim
772 4968 963 5009 omnes
1014 4955 1209 5008 animae
1244 4970 1376 5010 meae
1402 4964 1530 5011 sunt
1561 4957 1627 5012 ⁸⁸.
1654 4976 1675 5010 ι
1744 4958 1982 5028 Quaeque

405 5050 709 5113 sequuntur
756 5045 901 5099 hunc
961 5046 1162 5099 habent
1200 5060 1444 5101 sensum.
1499 5044 1613 5116 Ego
1637 5055 1819 5100 autem
1852 5055 1982 5116 puto

409 5136 594 5206 potius
656 5136 898 5190 divinum
950 5137 1005 5192 in
1038 5138 1289 5193 homines
1326 5152 1568 5193 amorem
1599 5139 1983 5209 repraesentari

2080 4403 2329 4476 ἁμαρτίᾳ
2378 4405 2763 4459 ἀποθανεῖται·
2814 4424 2835 4458 ι
2878 4406 2975 4459 καὶ
3019 4406 3107 4458 διά
3163 4403 3433 4473 Ἐζεκιήλο
3483 4419 3501 4452 ι
3549 4397 3634 4454 Τίς

2080 4492 2208 4562 ὑμῖν
2248 4494 2532 4565 παραϐολὴ
2576 4494 2717 4566 αὕτη
2746 4496 3033 4565 λεγόντωνο
3074 4497 3138 4550 Οἱ
3168 4496 3406 4565 πατέρες
3451 4492 3637 4559 ἔφαγον

2079 4584 2355 4654 ὂμφακας,
2390 4586 2486 4639 καὶ
2514 4589 2562 4640 οἱ
2606 4588 2817 4652 ὀδόντες
2856 4589 2965 4642 τῶν
2998 4590 3128 4642 υίῶν
3171 4589 3524 4658 αίμοδίασανς
3560 4580 3637 4635 Ζῶ

2078 4678 2212 4745 ἐγὼ,
2242 4680 2388 4747 λέγει
2406 4683 2608 4753 Κύριος
2639 4686 2668 4736 ό
2688 4684 2838 4748 Θεὸς,
2868 4688 2917 4738 εί
2938 4685 3092 4738 ἔσται
3120 4687 3151 4756 ή
3180 4683 3461 4755 παραϐολὴ
3484 4677 3632 4745 αὕτη.

2079 4771 2218 4824 ἀλλά
2264 4773 2375 4828 τῶν
2417 4777 2699 4844 φαγόντων
2744 4779 2837 4831 τὸν
2875 4779 3100 4847 ὄμφακα
3144 4778 3549 4848 αἱμοδιάσουσιν
3592 4769 3637 4821 oi.

2076 4860 2325 4927 ὀδόντες·
2376 4866 2457 4919 ὅτι
2510 4869 2681 4922 πᾶσαι
2716 4870 2772 4921 αἱ
2819 4869 2988 4939 ψυχαὶ
3034 4870 3164 4940 ἐμαί
3210 4871 3339 4923 εἰσι·
3386 4886 3405 4920 ι
3442 4865 3533 4919 καὶ
3574 4860 3636 4912 τὰ

2078 4955 2204 5028 ἑξῆς
2241 4957 2298 5010 δὲ
2326 4959 2529 5029 ταύτην
2560 4960 2661 5030 τὴν
2696 4960 2906 5015 ἔννοιαν
2935 4963 3067 5031 ἔχει’
3102 4960 3215 5030 ἐγὼ
3244 4961 3302 5013 δὲ
3329 4955 3478 5028 οἶμαι
3510 4952 3635 5024 μᾶλ-

2078 5050 2169 5102 λον
2200 5052 2299 5121 τὴν
2329 5050 2477 5104 θείαν
2514 5052 2924 5125 φιλανθρωπίαν
2952 5055 3235 5125 ἐμφαίνειν
3262 5054 3362 5123 τὴν
3395 5046 3633 5115 ἀπειλήν

2084 5144 2367 5213 πρόκειται
2404 5144 2546 5217 γάρ’
2583 5165 2603 5198 ι
2641 5147 2756 5211 τοῖς
2794 5146 3014 5219 μισοῦσί
3056 5163 3145 5220 με’
3188 5166 3211 5201 ι
3256 5145 3496 5200 τουτέστι
3534 5155 3635 5209 μα·

509 5337 556 5369 ”
581 5334 754 5391 Exod.
787 5351 875 5403 xx,
901 5338 956 5393 5.
1016 5339 1063 5370 ⁸³
1091 5338 1246 5393 Deut.
1282 5355 1431 5407 xxiv,
1474 5342 1559 5397 l6.
1618 5344 1663 5377 ⁸⁸
1694 5343 1895 5400 Ezech.
1929 5359 2040 5399 xvn
2119 5346 2176 5401 2.

1922 5522 2153 5580 NOTAE.

477 5636 592 5708 (65)
621 5636 699 5711 Ex
729 5636 1070 5711 'l‘_heodorcto
1098 5656 1153 5711 q.
1182 5639 1251 5693 27
1280 5642 1332 5695 in
1364 5640 1559 5707 Exod.,
1589 5656 1644 5710 p.
1667 5640 1795 5697 258.

479 5706 593 5779 (uti)
640 5708 717 5763 Ex
760 5706 1204 5781 Theodoreto'q.
1250 5711 1322 5767 Ml
1366 5711 1422 5766 in
1455 5706 1627 5766 Exod.
1666 5722 1705 5766 t.
1754 5711 1965 5779 LXXX,
2010 5728 2057 5784 p.
2091 5712 2215 5768 266.
