3854 6216
187 262 324 329 1089

1046 266 1144 325 AD
1180 262 1769 326 AMPHILOCHIUM
1807 262 2152 334 QU/ESTIO
2185 263 2805 327 CCLXV-CCLXVIII.

3301 264 3437 328 1000

185 375 452 448 κροθυμῶ
498 376 613 437 τοῖς
665 374 937 446 πατράσιν
991 378 1373 447 ἡμαρτηκόσιο
1429 377 1768 448 μακροθυμῶ

1873 375 2054 430 minis.
2088 373 2285 429 Ultima
2319 375 2463 430 enim
2488 376 2651 431 verba
2672 384 2803 433 sunt
2846 392 2866 427 ι
2892 374 2985 447 qui
3017 374 3252 432 oderunt
3273 380 3379 442 ine,
3412 397 3431 428 ι

182 472 279 525 καὶ
308 469 521 525 παισίν.
554 472 617 523 Ei
644 470 703 523 δὲ
731 471 779 523 οί
810 470 1022 538 ἔκγονοι
1050 473 1143 524 καὶ
1171 474 1219 524 οἱ
1246 473 1504 540 ἀπόγονοι
1526 473 1623 543 τὴν
1651 473 1760 526 τῶν

181 564 472 635 προγόνων
518 562 821 631 ζηλώσαιεν
851 561 1140 632 πονηρίαν,
1175 562 1294 615 τότε
1334 562 1521 627 ἐπάξω
1556 563 1655 633 τὴν
1682 579 1762 616 τι-

184 654 422 725 μωρίαν.
494 672 511 705 ι
558 654 735 708 Ποιῶν
779 654 928 725 γὰρ,
981 654 1171 724 φησιν,
1210 654 1359 717 ἔλεος
1402 656 1483 718 εἰς
1520 654 1763 724 χιλιάδας

181 746 279 796 καὶ
334 744 603 814 μυριάδας
652 746 763 809 τοῖς
796 744 1049 814 ἁγαπῶσί
1107 762 1195 815 με.
1247 766 1266 797 ο
1301 743 1466 815 Εὖροι
1504 744 1548 796 δ’
1587 744 1651 799 ἄν
1679 761 1763 807 τις

182 838 279 887 καὶ
308 834 410 905 τὴν
450 835 692 905 ἱστορίαν
720 834 1032 906 σύμφωνονο
1065 836 1293 910 πέμπτῃ
1320 837 1428 907 γὰρ
1455 838 1620 909 γενεᾷ
1643 836 1766 891 ἀνέ-

182 925 364 994 ϐησαν
403 928 454 979 oi
506 927 612 981 υἱοὶ
654 926 869 998 Ἰσραὴλ
910 929 969 995 ἐξ
998 928 1304 997 Αἰγύπτουο
1344 929 1479 983 ἀλλὰ
1509 932 1621 992 τοῖς
1656 927 1764 981 τῶν

181 1016 503 1082 Αίγυπτίων
537 1019 597 1070 ὲν
625 1018 884 1088 Αἰγύπτῳ
916 1018 1321 1083 δεδουλευκότες
1355 1017 1495 1082 Θεοῖς
1523 1020 1622 1072 οὐκ
1655 1018 1761 1070 ἔτι-

182 1122 285 1158 σαν
311 1105 490 1170 δίκας,
521 1106 644 1159 οὔτε
668 1109 717 1161 οἱ
737 1108 973 1178 πατέρες
988 1107 1167 1162 αὐτῶν
1185 1108 1309 1161 οὕτε
1328 1111 1375 1162 ot
1399 1110 1762 1181 προπάτορες,

181 1194 342 1247 αὐτοὶ
358 1194 418 1248 δὶ
447 1194 793 1265 ζηλώσαντες
814 1195 911 1265 τὴν
946 1197 1169 1250 ἐκείνων
1199 1196 1453 1251 ἀσέϐειαν
1470 1196 1765 1267 ἐκολάσθη-

184 1298 321 1337 σαν’
357 1284 438 1347 ὡς
489 1284 627 1355 μετά
664 1286 932 1354 τοσαύτην
977 1288 1301 1357 εὐεργεσίαν
1344 1290 1438 1341 καὶ
1476 1289 1545 1343 τὰ
1597 1289 1764 1361 μυρία

182 1371 447 1442 θαύματα
473 1375 574 1445 τὴν
602 1374 857 1429 ἀσέϐειαν
893 1379 995 1430 οὐκ
1037 1376 1408 1442 ἐκπτύσαντες
1428 1396 1441 1410 ⁸
1471 1382 1521 1432 οξ
1552 1379 1609 1432 δὲ
1643 1380 1766 1433 τού·

181 1481 296 1517 των
324 1464 517 1529 παῖδες
546 1465 637 1518 τὸν
673 1462 903 1539 Σωτῆρα
934 1467 1068 1521 Θεὸν
1106 1469 1459 1539 ἠγαπηκότες
1493 1471 1592 1539 τῆς
1634 1487 1767 1540 προ-

182 1554 414 1624 γονικῆς
463 1556 786 1627 ἀπήλαυσαν
848 1559 1234 1631 ὑποσχέσεωςο
1288 1562 1383 1614 καὶ
1439 1562 1654 1632 ὁρῶμεν
1704 1561 1765 1614 τὺ

183 1647 420 1716 ἀψευδὲς
450 1649 551 1720 τῆς
584 1651 721 1721 πρὸς
758 1653 883 1715 τοὺς
914 1654 1156 1724 πατέρας
1190 1654 1565 1725 γεγενημένης
1594 1655 1765 1721 ἑπαγ-

1864 468 2050 530 idest,
2118 466 2331 536 patiens
2364 482 2465 539 ego
2518 467 2572 521 in
2602 476 2783 537 patres
2829 477 3167 537 peccatores,
3222 469 3437 535 patiens

1863 559 1992 611 etin
2017 557 2177 612 lilios.
2234 556 2294 611 Si
2333 566 2515 612 autem
2544 559 2717 627 prima
2744 559 3093 632 secundaque
3146 560 3437 630 progenies

1865 652 2021 706 avita:
2053 651 2273 706 malitiae
2296 651 2490 706 azmula
2520 650 2704 717 fuerit,
2734 660 2865 708 tunc
2905 653 2991 709 his
3012 668 3203 723 poenas
3231 652 3438 708 immit-

1866 751 2011 809 tam;
2039 741 2451 811 namque,-dicit
2477 740 2763 809 Dominus,
2806 742 3259 799 «Misericordiam
3296 742 3439 798 facio

1865 833 1922 886 in
1956 833 2121 886 millia
2174 833 2260 887 his
2299 835 2392 902 qui
2441 834 2677 904 diligunt
2704 850 2789 889 me
2812 835 2913 888 ⁸⁸.»
2978 833 3128 901 Quod
3184 837 3439 906 praesenti

1866 937 1931 976 ex
1974 923 2198 979 historia
2223 925 2383 980 facile
2413 935 2653 981 constat.
2696 926 2896 992 Quinta
2920 929 3065 981 enim
3092 930 3439 997 generatione

1866 1014 1963 1069 lilii
2001 1014 2168 1071 Israel
2222 1017 2289 1072 de
2334 1016 2569 1089 :Egypto
2642 1022 3047 1086 ascenderunt;
3108 1020 3203 1090 qui
3259 1031 3437 1076 autem

1866 1106 2249 1179 Egyptiorum
2306 1110 2410 1165 diis
2460 1110 2515 1164 in
2566 1109 2810 1183 Egypto
2864 1112 3266 1177 inservierant,
3331 1128 3441 1168 non

1867 1201 2080 1256 multati
2139 1210 2300 1267 sunt,
2351 1217 2529 1274 neque
2581 1213 2765 1274 patres
2824 1220 3040 1270 eorum,
3092 1220 3199 1260 nec
3260 1214 3444 1276 patres

1868 1297 2105 1358 patrum,
2164 1290 2260 1347 sed
2305 1292 2408 1361 ipsi
2467 1307 2656 1362 poenas
2699 1293 2967 1347 dederunt
2988 1294 3171 1349 aemuli
3204 1303 3445 1363 paternae

1869 1380 2186 1450 impietatis,
2232 1382 2327 1451 qui
2365 1389 2484 1451 post
2542 1389 2690 1436 tanta
2723 1382 3014 1450 benelicia,
3071 1391 3304 1453 postque
3334 1393 3444 1438 tam

1867 1472 2040 1527 multa
2096 1471 2340 1543 prodigia
2412 1474 2745 1544 impietatem
2806 1488 2914 1529 non
2976 1484 3317 1545 respuerant.
3375 1476 3445 1529 At

1870 1564 2065 1620 horum
2110 1564 2204 1619 ﬁlii
2254 1572 2542 1635 postquam
2582 1565 2924 1620 Salvatorem
2952 1565 3123 1621 Deum
3163 1576 3440 1632 amarunt,

1869 1654 1936 1710 iis
1965 1653 2117 1709 fruiti
2141 1664 2271 1711 sunt
2305 1670 2429 1726 quae
2455 1656 2701 1725 patribus
2731 1657 2999 1726 promissa
3016 1665 3192 1721 erant,
3210 1671 3444 1727 qumque

184 1713 399 1809 γελίιις⁶
424 1713 776 1816 τάγάρέθνη
801 1713 889 1798 διά
915 1745 1009 1800 τοῦ
1042 1713 1354 1818 σπέρματος
1376 1713 1641 1816 τΑϐραάμ
1663 1713 1764 1816 της

1873 1746 1972 1815 ipsi
2029 1747 2396 1816 comperimus
2477 1762 2605 1803 vere
2671 1749 2972 1819 majoribus
3062 1751 3442 1820 praenuntiata.

182 1832 441 1903 εὐλογίας
472 1834 790 1907 τετύχηκεν·
826 1838 1012 1909 ἐπειδὴ
1047 1839 1225 1893 τοίνυν
1256 1839 1351 1893 τὸν
1380 1840 1580 1909 μόσχον
1608 1840 1769 1911 ἔμελε

184 1923 279 1977 λον
309 1928 659 1996 προσκυνεῖν,
687 1926 1010 1998 προαπειλεῑ
1037 1929 1135 1999 τὴν
1173 1932 1468 2001 τιμωρίαν.

716 2129 1049 2184 ΕΡΩΤΙΙΣΙΣ
1087 2128 1243 2184 ΣΞΖ’.

479 2286 539 2339 Tt
562 2286 691 2340 ἐστι
720 2286 1202 2357 ἐξεικονισμένον
1222 2290 1483 2361 ,βρέφοςῖ

1869 1838 2060 1906 Pupuli
2099 1840 2245 1894 enim
2302 1856 2401 1911 per
2443 1855 2631 1896 semen
2682 1842 2959 1896 Abraham
3007 1842 3442 1897 benedictionem

1866 1929 2243 1994 obtinuerunt,
2264 1937 2545 1999 propterea
2568 1928 2736 1999 igitur
2759 1930 2905 1998 quod
2922 1929 3146 1984 vitulum
3169 1928 3445 1984 adoraturi

1866 2032 2073 2087 essent,
2108 2023 2245 2078 tales
2275 2022 2420 2077 Deus
2440 2036 2635 2092 ptenas
2654 2022 2918 2077 minatur.

1937 2111 2267 2178 QUESTIO
2298 2112 2572 2170 CCLXVII
2604 2111 2796 2185 [CoisL
2842 2111 3173 2180 CCXXXIII,
3208 2113 3375 2170 Taur.

2504 2204 2831 2277 CCLXXV‘].

2154 2300 2294 2365 Quid
2326 2301 2396 2354 sit
2429 2300 2781 2369 informatum
2814 2300 2949 2368 fetus
2991 2301 3106 2369 (67)
3140 2301 3163 2351 ?

1062 2402 1201 2454 Edita
1230 2418 1257 2453 a
1289 2404 1411 2455 Maio
1444 2409 1501 2471 (1.
1534 2422 1578 2457 c.
1613 2423 1662 2471 p.
1698 2413 1803 2478 130,
1835 2427 1885 2477 q.
1923 2410 2055 2474 2'16).
2080 2437 2142 2446 —
2174 2410 2331 2461 Exod.
2367 2424 2470 2471 χχι,
2494 2410 2573 2459 22.

261 2486 401 2539 Φασὶ
451 2485 547 2541 τοῦ
593 2486 843 2559 σώματος
885 2489 943 2542 ὲν
990 2492 1055 2562 τῇ
1095 2492 1279 2565 μήτρᾳ
1321 2495 1762 2562 διαπλασθέντος,

189 2580 316 2633 τότε
352 2580 727 2651 ἔμψυχοῦσθαι
760 2584 821 2638 τὸ
860 2584 1129 2657 ἔμϐρυον·
1166 2588 1263 2642 καὶ
1303 2590 1412 2662 γὰρ
1447 2594 1539 2645 καὶ
1571 2594 1631 2647 τὸ
1672 2594 1764 2649 τοῦ

205 2670 381 2740 Ἀδὰμ
412 2671 571 2742 σῶμα
613 2674 879 2746 πρότερον
932 2677 1222 2733 διέπλασεν
1257 2680 1285 2734 ό
1324 2680 1491 2746 Θεὸς,
1520 2679 1641 2738 εἶτα
1680 2687 1765 2738 ὲν-

194 2763 437 2836 εφύσησε
505 2765 603 2833 τὴν
661 2767 865 2839 ψυχήνο
897 2770 1109 2823 κελεύει
1157 2771 1338 2825 τοίνυν
1389 2776 1417 2827 ὁ
1468 2776 1766 2847 νομοθέτης

195 2854 451 2923 γυναικὸς
498 2856 798 2927 ἐγκύμονος
834 2861 892 2911 ὲν
932 2860 1080 2933 μάχῃ
1123 2863 1494 2935 ἀμϐλωσάσης
1518 2904 1533 2930 ,
1568 2868 1616 2920 εί
1669 2868 1768 2938 μὲν

194 2949 650 3024 ἑξεικονισμένον,
692 2958 937 3011 τουτέστι
995 2962 1428 3032 μεμορφωμένον
1454 2963 1661 3028 ἐξέλθοι
1709 2966 1769 3019 τὸ

198 3042 432 3113 βρέφος,
478 3046 636 3116 φόνον
668 3048 951 3104 καλεῖσθαι
989 3051 1087 3106 καὶ
1129 3054 1290 3121 φόνου
1338 3054 1496 3125 δίκην
1545 3056 1769 3127 ὑπέχειν

196 3135 292 3186 τὸν
318 3135 613 3206 δεδρακότα
634 3154 647 3169 ⁸
678 3138 745 3193 ἂν
779 3140 838 3193 δὲ
872 3142 976 3212 μὴ,
1006 3142 1168 3211 φόνου
1224 3144 1324 3214 μὲν
1369 3146 1630 3216 ἀφίεσθαι
1652 3164 1665 3177 '
1709 3151 1768 3203 οὐ

198 3225 305 3294 γὰρ
333 3226 577 3297 ἔμψυχον
604 3228 925 3301 έξημϐλώθη
943 3246 957 3260 ·
998 3229 1203 3301 ζημίαν
1233 3232 1291 3289 δέ
1322 3251 1444 3289 τινα
1472 3236 1660 3290 τίνειν.

728 3522 1057 3577 ΕΡΩἸἮΣιΣ
1078 3523 1242 3580 ΣΞΗθ.

277 3691 398 3761 Τὴν
416 3693 664 3763 σκηνὴν
686 3697 745 3750 τί
765 3697 988 3763 δήποτε
1016 3699 1291 3769 γενέσθαι
1316 3700 1689 3768 ποοσέταξεν
1702 3721 1721 3768 ;

1939 2499 2110 2552 Aiunt
2134 2497 2355 2567 quidam
2386 2495 2623 2565 corpori,
2659 2495 2843 2549 statim
2871 2504 3034 2565 atque
3058 2495 3114 2550 in
3146 2504 3302 2551 utero
3328 2493 3444 2550 for-

1868 2598 2068 2654 matur,
2116 2590 2353 2642 animam
2378 2583 2571 2641 afﬂari.
2636 2584 2849 2641 Etenim
2884 2600 3086 2655 corpus
3115 2584 3287 2641 Adam
3328 2586 3442 2656 pri-

1868 2697 2018 2737 mmn
2071 2680 2329 2736 formavit
2372 2678 2564 2743 Deus,
2646 2677 2843 2734 deinde
2887 2678 3120 2733 immisit
3181 2678 3443 2734 animam.

1869 2773 2119 2844 Praecipit
2147 2771 2606 2844 igiturlegislator
2647 2789 2659 2823 :
2701 2768 2757 2824 Si
2792 2769 2991 2825 mulier
3025 2770 3272 2839 quasdam
3303 2786 3439 2841 pra:-

1870 2882 2063 2938 gnans,
2094 2867 2235 2922 inter
2259 2865 2545 2920 rixandum
2576 2877 2853 2934 percussa,
2886 2862 3194 2917 abortivum
3224 2862 3442 2932 quidem

1866 2959 2093 3024 fecerit,
2150 2959 2312 3026 idque
2372 2957 2485 3027 jam
2540 2955 2914 3020 informatum,
2965 2953 3019 3009 id
3068 2962 3152 3009 est
3207 2956 3443 3025 quadam

1867 3061 2120 3121 suscepta
2138 3049 2374 3105 hominis
2397 3048 2569 3101 forma
2597 3046 2812 3113 exierit,
2847 3045 3136 3101 habebitur
3169 3045 3443 3102 homicida

1870 3158 2039 3219 utque
2089 3146 2356 3202 homicida
2402 3145 2655 3216 punietur
2698 3142 2963 3199 facinoris
3040 3142 3280 3198 molitor.
3349 3140 3442 3197 Sin

1869 3243 2046 3307 aliter,
2082 3254 2208 3296 reus
2236 3240 2304 3294 de
2332 3239 2480 3293 caede
2501 3236 2721 3307 quidem
2766 3235 3111 3300 absolvetur,
3148 3250 3257 3289 non
3296 3234 3440 3289 enim

1795 3314 1841 3377 (ἶ
1873 3335 2031 3389 vivus
2064 3331 2247 3387 infans
2273 3341 2461 3392 partus
2510 3330 2635 3391 erit,
2672 3326 2768 3383 sed
2792 3327 3028 3398 quadam
3074 3335 3255 3383 tamen
3286 3342 3445 3397 pmna

1876 3422 2218 3478 multabitur.
2838 3488 2860 3508 Ι

1942 3510 2269 3580 QUESTIO
2310 3508 2610 3566 CCLXVIII
2661 3506 2853 3581 [Coisll
2903 3506 3141 3576 CLXXI,
3180 3506 3348 3565 Taur.

2540 3602 2776 3676 CLXXL

1871 3698 1993 3762 Qua
2050 3698 2112 3749 de
2164 3712 2329 3751 causa
2397 3695 2800 3749 tabernaculum

2864 3695 2983 3763 ﬁeri
3029 3694 3166 3747 Deus
3203 3697 3447 3763 praescri-

2493 3767 2652 3834 pserit
2687 3763 2822 3834 (68).

718 3870 859 3921 Edita
879 3886 907 3922 a
940 3873 1064 3924 Maio
1095 3875 1148 3938 (l.
1184 3889 1227 3927 c.
1259 3891 1307 3940 p.
1337 3878 1560 3940 151-155,
1589 3893 1641 3942 q.
1672 3881 1804 3935 277).
1838 3908 1897 3919 —
1932 3884 2004 3932 De
2031 3881 2367 3931 tabernaculo.
2400 3881 2557 3930 Exod.
2579 3892 2712 3941 τινι,
2738 3880 2763 3930 1
2797 3893 2904 3941 seq.

268 3951 438 4015 Αὐτὸς
459 3953 488 4003 ὁ
510 3951 645 4017 Θεὸς
676 3956 855 4013 αἰτίαν
874 3957 1161 4028 δεδήλωκε.
1200 3980 1218 4013 ι
1254 3964 1363 4017 Καὶ
1386 3967 1635 4037 ποιήσεις
1662 3967 1767 4037 γάρ

204 4060 311 4112 μοι,
333 4043 532 4113 φησὶν,
570 4044 838 4113 ἀγίασμα,
885 4052 979 4112 καὶ
1007 4050 1318 4123 ὀφθήσομαι
1364 4057 1423 4110 ἐν
1459 4058 1591 4128 ύμῖν
1614 4074 1629 4089 ·
1677 4060 1773 4113 καὶ

201 4134 449 4203 ποιήσεις
494 4135 641 4189 κατὰ·
674 4137 853 4191 πάντα
891 4140 992 4192 ὅσα
1040 4140 1151 4209 ἐγὼ
1179 4142 1429 4215 δείκνυμι
1464 4164 1548 4199 σοι
1595 4149 1654 4199 ἐν
1694 4146 1774 4216 τῷ

199 4222 334 4292 ﬁgat,
366 4225 430 4277 τὸ
463 4226 814 4298 παράδειγμα
842 4229 948 4300 τῆς
971 4233 1177 4303 σκηνῆς
1206 4235 1300 4287 καὶ
1327 4236 1388 4288 τὸ
1424 4237 1771 4309 παράδειγμα

200 4316 306 4367 τῶν
340 4318 553 4371 σκευῶν
593 4319 783 4390 αὐτῆς.
833 4339 853 4374 ι
906 4313 1121 4394 Ἐπειδὴ
1160 4327 1269 4396 γάρ
1296 4328 1355 4381 ὲν
1382 4327 1461 4398 τῷ
1489 4329 1605 4400 ὄρει
1640 4332 1771 4402 Σινᾷ

202 4406 361 4477 νόμον
387 4408 668 4475 ἐδεδώκει,
704 4411 852 4476 εἰκὸς
877 4414 934 4468 δὲ
958 4410 1025 4485 ἦν
1059 4432 1209 4481 τινας
1245 4419 1586 4475 ὑποτοπάσαι
1615 4439 1772 4494 περι-

202 4499 511 4569 γεγράφθαι
563 4502 626 4555 τὸ
672 4501 862 4569 θεῖον,
919 4507 1172 4561 ἐκέλευσε
1221 4510 1474 4579 γενέσθαι
1530 4516 1771 4584 σκηνήν

203 4589 409 4643 ἐκεῖθεν
450 4592 551 4662 τὴν
595 4593 803 4647 οἰκείαν
836 4597 1159 4666 ποιούμενος
1195 4601 1544 4671 ἐπιφάνειαν,
1579 4605 1774 4658 ἐκπαι-

1947 3967 2087 4023 Deus
2120 3969 2239 4036 ipse
2272 3981 2496 4022 causam
2537 3966 2721 4021 attulit
2749 3966 2937 4041 dicens
2967 3982 2981 4019 :
3011 3964 3109 4020 «Et
3135 3964 3306 4021 facies
3339 3966 3445 4021 mei

1870 4059 2339 4124 sanctuarium,et
2356 4059 2616 4114 habitabo
2641 4059 2695 4113 in
2733 4058 2913 4113 medio
2938 4066 3203 4124 vestrum,
3238 4072 3444 4114 secun-

1869 4153 1998 4207 dum
2026 4152 2304 4223 exemplar
2336 4152 2480 4223 quod
2513 4153 2610 4207 tibi
2643 4152 2698 4206 in
2732 4160 2917 4207 monte
2947 4160 3313 4208 monstratum
3339 4160 3445 4217 est,

1870 4245 2285 4302 similitudinem
2312 4246 2648 4301 tabernaculi
2670 4255 2727 4300 et
2748 4245 3161 4301 similitudinem
3184 4260 3443 4301 vasorum

1870 4339 1923 4393 in
1983 4340 2186 4394 cultum
2234 4340 2354 4409 ejus
2388 4340 2454 4393 “.
2495 4359 2514 4391 ν
2560 4337 2698 4394 Cum
2766 4339 2911 4395 enim
2964 4339 3016 4393 in
3067 4348 3252 4394 monte
3297 4339 3447 4395 Sinai

1873 4432 2043 4500 legem
2080 4432 2350 4498 dedisset,
2384 4432 2786 4503 verisimileque
2832 4441 2977 4488 esset
3025 4432 3289 4502 quosdam
3332 4448 3449 4487 cre-

1873 4523 2082 4579 ditnros
2115 4524 2583 4595 circumscriptam
2614 4538 2739 4580 esse
2787 4525 2999 4580 numini
3029 4524 3446 4589 habitationem,

1869 4616 2033 4685 jussit
2098 4616 2216 4672 ﬁeri
2276 4618 2711 4684 tabernaculum,
2761 4618 2908 4674 unde
2960 4618 3175 4689 propria
3238 4633 3305 4672 ac
3355 4632 3450 4687 pe-

201 4681 342 4736 δεύει
374 4684 467 4739 τδν
494 4686 620 4739 λαὸν
650 4687 747 4755 τὴν
773 4687 1077 4744 εὐσέϐειαν.
1108 4690 1318 4763 ’Ὥσπερ
1346 4693 1453 4764 γὰρ
1472 4694 1567 4764 τὴν
1600 4697 1775 4767 ἐπηγ-

1873 4681 2070 4762 culiari
2117 4708 2554 4765 manifestatione
2610 4712 2871 4780 populum
2930 4681 3182 4780 pietatem
3231 4709 3444 4766 doceat.

202 4776 467 4848 γελμένην
516 4780 898 4851 ἀπειληφότων
918 4820 931 4846 ,
963 4782 1098 4835 νεὼν
1135 4785 1386 4851 γενέσθαι
1430 4787 1734 4857 προσέταξε
1755 4829 1770 4854 ,

204 4872 293 4923 καὶ
320 4873 417 4935 τὰς
447 4873 600 4938 θείας
629 4874 971 4947 λειτουργίας
1003 4878 1062 4932 ἐν
1125 4879 1298 4949 τούτῳ
1326 4881 1571 4949 γίνεσθαι
1604 4901 1774 4954 προσ-

204 4959 412 5026 έταξεν,
438 4963 527 5016 ἵνα
554 4967 629 5035 μὴ
652 4965 823 5029 ἀδεῶς
834 4966 992 5021 τοῦτο
1006 4967 1242 5038 δρῶντες
1264 4973 1332 5042 τῇ
1356 4972 1463 5025 τῶν
1485 4973 1775 5045 δαιμονίων

205 5054 541 5123 περιπέσωσι
597 5056 816 5131 πλάνη,
862 5058 1007 5113 οὕτω
1052 5061 1153 5132 τὴν
1184 5061 1393 5133 ἔρημον
1440 5065 1774 5122 διαϐαίνουσι

209 5147 407 5219 σκηνὴν
454 5150 706 5218 γενέσθαι
759 5156 1094 5222 προσέταξε,
1127 5158 1431 5225 μεταϐῆναι
1479 5164 1571 5215 καὶ
1604 5165 1773 5234 αὐτὴν

206 5235 531 5306 δυναμένους
552 5257 568 5271 ο
601 5244 695 5296 καὶ
729 5243 1102 5315 ἀπαιρόντων,
1132 5248 1383 5317 ἡγεῖσθαι
1418 5253 1767 5323 προσέταξεν·

209 5326 289 5379 ἵνα
317 5330 393 5398 μὴ
419 5329 656 5400 ζητῶσιν
684 5334 848 5388 πάλιν
880 5334 1056 5403 θεοὺς,
1087 5339 1138 5391 οἳ
1169 5340 1632 5411 προπορεύσονται
1672 5347 1772 5399 αύ-

344 5438 388 5468 “
412 5438 589 5495 Exod.
627 5458 718 5510 xx,
751 5443 805 5498 6.
840 5444 1074 5502 “Exod.
1111 5463 1239 5517 xxv,
1270 5448 1325 5506 8.

1877 4798 2053 4871 thue
2088 4814 2222 4866 nos,
2252 4802 2452 4873 quibus
2488 4803 2757 4873 promissa
2798 4803 3078 4872 persoluta
3128 4809 3277 4868 sunt,
3310 4811 3451 4858 tem-

1872 4893 2021 4961 plum
2069 4892 2269 4949 habere
2318 4893 2484 4963 jussit
2533 4893 2675 4949 Deus
2712 4893 2768 4947 in
2799 4908 2911 4963 quo
2942 4893 3157 4964 liturgia
3198 4894 3447 4964 quaedam

1874 4992 2205 5048 servaretur,
2273 4998 2341 5038 ne
2409 4999 2564 5040 sacra
2608 4986 2817 5054 absque
2860 4984 3163 5039 reverentia
3189 4983 3450 5040 facientes

1876 5074 2034 5129 facile
2061 5076 2115 5129 in
2142 5075 2451 5131 daemonum
2472 5077 2692 5133 insidiis
2711 5077 3034 5133 caderemus
3058 5118 3073 5145 ,
3102 5078 3184 5132 sic
3210 5076 3449 5132 Hebr-teis

1874 5166 2148 5221 desertum
2181 5169 2593 5224 transeuntibus
2635 5169 2776 5225 Deus
2825 5171 3160 5240 praescripsit
3203 5181 3261 5224 ut
3301 5178 3450 5224 esset

1876 5258 2323 5326 tabernaculum;
2370 5260 2531 5330 idque
2564 5261 2656 5332 qni
2681 5261 2924 5317 valerent
2956 5271 3323 5331 asportarent,
3361 5270 3445 5314 ut-

1876 5364 1979 5418 que
2007 5359 2347 5420 asportantes
2368 5355 2656 5421 anteirent,
2692 5369 2761 5409 ne
2789 5370 2981 5410 rursus
2999 5354 3094 5425 qui
3116 5369 3182 5409 ex
3205 5352 3448 5409 Hebraeis

1724 5543 1956 5603 ΝΟΤιΕ.

215 5629 387 5766 Ριξξξ
400 5631 500 5756 Ἐκ
530 5630 876 5692 Tlteodoreto
898 5651 953 5707 q.
980 5637 1049 5695 ts
1069 5640 1122 5695 in
1145 5639 1315 5697 Exod.
1339 5640 1527 5696 Videt.
1551 5638 1764 5705 Lxxx,

477 5798 750 5860 Ριτιιοι.
787 5800 902 5862 Gn.
938 5801 1033 5866 Cl.

1875 5643 2079 5788 Ρ.
2108 5644 2184 5701 Ex
2224 5644 2571 5709 'I‘lleodoreto
2597 5667 2652 5723 q.
2687 5652 2756 5708 60
2800 5652 2855 5708 in
2898 5650 3071 5707 Exod.
3115 5648 3179 5705 'I‘.
3218 5645 3435 5717 LXXX,

3014 5814 3093 5876 35
