3854 6216
423 202 556 268 1091

1589 203 1848 265 ΡΠΟΤΙΙ
1888 205 2391 268 PATRIARCH/E
2420 209 2531 270 ΟΡ.

3523 213 3649 278 1092

419 320 823 393 praecedebant,
871 319 974 375 sibi
1004 320 1135 376 deos
1193 330 1522 389 qumrerent,
1570 330 1761 387 utque,
1795 321 1994 390 popqu

2113 321 2226 374 τῶν·
2273 323 2369 376 καὶ
2407 320 2779 392 αὑλιζομένων
2821 319 3111 374 ἵστασθαι·
3151 313 3266 390 εἶχε
3313 321 3368 374 δὲ
3399 322 3528 394 αὕτη
3562 329 3650 396 τῆς

422 415 718 477 assidente,
743 414 1065 470 assiderent.
1108 414 1375 470 Praeterea
1400 414 1563 469 habet
1582 415 1995 469 tabernaculum

421 509 583 579 quasi
643 509 940 563 creationis
982 508 1297 577 imaginem.
1352 506 1424 562 Ut
1480 508 1648 572 enim,
1709 518 1996 578 postquam

423 600 622 656 cmlum
650 610 703 654 et
738 610 937 655 terram
967 601 1183 655 fecisset
1215 600 1378 663 Deus,
1411 601 1464 655 in
1504 601 1685 655 medio
1714 599 2003 656 collocavit

429 693 862 757 ﬁrmamentum,
912 708 1022 762 quo
1075 704 1492 748 secernerentur
1533 693 1778 748 caelestia
1829 701 2003 749 terre-

425 785 664 850 stribus,
697 785 843 839 haud
901 785 1081 850 aliter,
1122 795 1404 855 postquam
1447 787 1818 841 sanctuarium
1881 801 2005 841 esse

427 892 598 931 unum
645 877 1109 946 praescripsisset,
1155 877 1209 930 in
1261 876 1442 931 medio
1498 875 1618 946 ejus
1664 876 1792 947 poni
1839 877 2006 947 jussit

426 971 607 1025 velum
647 970 789 1040 quod
813 979 960 1024 esset
981 983 1079 1037 pro
1111 968 1470 1022 ﬁrmamento.
1506 968 1596 1024 Sic
1625 984 1751 1024 arca
1785 970 1839 1024 in
1867 970 2005 1026 duas

428 1064 603 1119 divisa
637 1071 721 1118 est
753 1070 968 1132 partes;
1008 1070 1217 1128 partem
1255 1070 1436 1114 autem
1469 1077 1590 1129 qum
1613 1063 1769 1130 juxta
1791 1073 2003 1131 portam

429 1164 549 1210 erat
581 1155 948 1209 sanctuarium
976 1152 1285 1222 appellavit,
1312 1153 1622 1207 interiorem
1649 1169 1780 1209 vero
1802 1153 2002 1210 Sancta

430 1255 787 1310 sanctorum;
841 1257 1010 1312 utque
1053 1244 1186 1297 dicit
1242 1244 1406 1297 David
1479 1263 1493 1299 :
1567 1263 1586 1296 ‹
1618 1245 1829 1301 (Icelum
1881 1249 2004 1302 (τωΙί

430 1339 685 1400 Domino,
737 1346 938 1391 terram
981 1346 1161 1390 autem
1208 1337 1357 1390 dedit
1389 1338 1515 1394 [iliis
1567 1339 1849 1394 hominum
1878 1342 1944 1405 ‘7,
1983 1361 2002 1392 ι

430 1432 513 1488 sic
571 1430 810 1486 exterior
853 1429 1154 1485 sanctuarii
1184 1444 1313 1500 pars
1328 1429 1454 1484 data
1486 1440 1570 1486 est
1605 1433 2006 1494 sacerdotibus,

433 1524 659 1580 interior
699 1536 830 1577 vero
877 1523 1079 1578 intacta
1133 1523 1416 1590 remansit,
1467 1524 1712 1594 nullique
1766 1542 2006 1596 unquam

427 1619 645 1686 .patuit,
720 1616 827 1672 nisi
901 1631 1118 1673 summo
1169 1616 1457 1687 pontiﬁci,
1508 1625 1575 1695 ,ει
1620 1618 1790 1675 semel
1845 1619 2008 1674 modo

432 1710 747 1780 quotannis.

505 1803 606 1858 Hic
637 1812 796 1858 erant
843 1803 1137 1858 simulacra
1185 1802 1478 1858 Cherubim
1532 1804 1626 1872 qui
1663 1804 2011 1873 incorporeas

435 1902 732 1964 potestates
763 1894 1088 1964 ﬁgurabant.
1148 1893 1206 1948 In
1237 1893 1416 1948 medio
1445 1909 1586 1948 arca:
1633 1894 1845 1948 tabulas
1878 1894 2012 1962 legis

437 1989 722 2042 includens
745 1997 798 2041 et
829 2003 1020 2040 urnam
1051 2003 1176 2042 cum
1213 2003 1437 2051 manna,
1470 1995 1522 2040 et
1544 1989 1751 2056 virgam
1779 1987 2013 2043 Aaronis

438 2081 822 2148 germinatam.
853 2076 954 2138 llic
983 2094 1203 2148 quoque
1235 2089 1356 2132 erat
1394 2078 1836 2148 propitiatorium
1868 2079 2012 2148 quod

436 2169 694 2239 expansis
725 2169 850 2232 alis,
880 2168 1472 2239 tegebantCheruhim.
1513 2167 1637 2224 llzcc
1669 2168 1808 2221 inter
1829 2168 2012 2222 omnia

437 2277 497 2317 se
543 2262 688 2316 Deus
725 2259 1131 2316 manifestatum
1171 2261 1356 2315 dabat.
1423 2259 1563 2314 Cum
1614 2260 1758 2313 enim
1820 2270 2013 2314 natura

438 2352 620 2406 divina
672 2367 850 2420 neque
891 2365 1155 2419 corporea
1194 2351 1286 2414 sit,
1328 2365 1506 2418 neque
1543 2350 1794 2419 ﬁgurata,
1818 2366 1922 2403 nec
1951 2366 2015 2404 ea

426 2459 666 2514 prorsus
696 2444 782 2498 cui
814 2442 1011 2498 similis
1049 2444 1229 2513 imago
1258 2450 1526 2503 struatur,
1581 2439 1727 2496 Deus
1763 2444 2018 2511 prmcepit

439 2538 676 2593 maxima
737 2538 818 2593 sui
861 2539 1032 2607 ipsius
1059 2537 1293 2606 insignia
1337 2537 1722 2606 repraesentari
1755 2537 2016 2608 symbolis

439 2648 563 2702 qua:
599 2631 934 2686 tabernaculi
967 2631 1113 2684 intus
1137 2639 1342 2685 essent.
1402 2631 1612 2687 Indices
1639 2630 1783 2686 enim
1807 2630 2019 2700 legisla-

441 2725 606 2780 tionis
650 2733 805 2779 erant
839 2723 1070 2790 tabulae;
1129 2723 1419 2777 sacerdotii
1478 2724 1671 2793 virga,
1729 2724 1907 2778 victus
1961 2722 2018 2777 in

427 2823 661 2874 deserto
719 2832 945 2880 manna,
986 2817 1512 2886 prophetiarumque
1542 2817 2016 2886 propitiatorium.

427 2912 571 2967 .lnde
587 2911 731 2967 enim
757 2909 1068 2980 prophetias
1089 2909 1284 2965 edebat
1318 2911 1483 2966 Deus.
1535 2909 1668 2976 Quae
1701 2910 1870 2992 igitur
1899 2909 2019 2963 velo

444 3006 592 3060 intus
621 3002 840 3059 fuerant
863 3003 1153 3071 collocata,
1188 3004 1434 3059 coelestia
1465 3003 1795 3068 referebant,
1825 3012 1878 3057 et
1899 3002 2019 3058 ideo

444 3112 572 3165 pars
602 3096 693 3151 illa
726 3095 927 3150 Sancta
946 3103 1260 3151 sanctorum
1285 3094 1681 3164 appellabatur.
1703 3092 1819 3148 Hoc
1833 3093 2023 3148 beatus

446 3189 648 3244 Paulus
678 3198 909 3244 testatur
939 3190 1127 3244 dicens
1182 3205 1198 3242 :
1265 3207 1284 3240 ‹
1313 3186 1430 3242 Non
1457 3187 1601 3241 enim
1627 3187 1682 3240 in
1710 3183 2024 3240 manufacta

431 3288 638 3334 sancta
665 3277 825 3333 Jesus
863 3277 1111 3332 introivit
1155 3276 1488 3346 exemplaria
1523 3290 1803 3338 verorum,
1840 3275 1936 3330 sed
1970 3274 2025 3328 in

445 3372 625 3439 ipsum
666 3367 951 3423 coelum“.
1011 3386 1030 3419 ι
1072 3367 1204 3431 Qua:
1257 3378 1438 3421 autem
1477 3366 1617 3421 citra
1644 3365 1824 3419 velum
1848 3374 2026 3424 erant,

445 3460 722 3516 terrestria
779 3459 1258 3529 reprzesentabant.
1297 3458 1396 3512 llic
1414 3466 1551 3520 erat,
1591 3456 1815 3512 australi
1854 3466 2030 3525 parte,

444 3550 838 3607 candelabrum
892 3559 1096 3619 septem
1155 3565 1220 3602 ex
1267 3547 1572 3602 hastilibus
1625 3558 1922 3610 constans,
1969 3554 2025 3600 et

448 3659 622 3712 super
670 3641 1055 3697 candelabrum
1115 3642 1353 3695 lucernae
1389 3650 1619 3710 septem,
1652 3649 1859 3709 septem
1892 3639 2023 3693 heb-

448 3735 834 3790 domadisdics
876 3733 1202 3804 ﬁgurabant.
1264 3733 1342 3786 Ex
1386 3732 1592 3787 boreali
1630 3742 1807 3802 parte,
1860 3747 2024 3786 aurea

449 3843 635 3881 mensa
670 3843 835 3896 supra
859 3843 1048 3897 quam,
1076 3826 1169 3879 Dei
1203 3827 1385 3894 jussu,
1411 3841 1580 3896 panes
1609 3825 2026 3895 imponebantur

447 3923 761 3985 duodecim,
798 3935 1086 3990 auremque
1118 3919 1316 3988 phiala:
1347 3918 1524 3972 thuris
1572 3929 1626 3972 et
1655 3918 1787 3972 salis
1831 3918 2024 3986 plenm.

447 4016 593 4071 Inter
625 4013 1012 4069 candelabrum
1042 4021 1096 4066 et
1128 4027 1373 4066 mensam
1389 4011 1562 4065 altare
1579 4026 1646 4063 ex
1664 4025 1801 4064 auro
1828 4010 2025 4064 stabat.

447 4106 577 4165 “me
616 4106 891 4162 ordinatio
947 4117 1068 4161 erat
1115 4104 1396 4159 fructuum
1448 4118 1588 4174 quos
1638 4102 1850 4158 homini
1884 4115 2028 4157 terra

445 4196 672 4266 przebet.

2100 413 2330 478 κτίσεως
2353 414 2450 486 τὴν
2475 415 2660 468 εἰκόνα
2678 429 2691 443 ·
2719 413 2910 484 ὥσπερ
2940 413 3049 484 γὰρ
3073 413 3168 466 τὸν
3200 413 3425 482 οὐρανὸν
3447 419 3536 470 καὶ
3565 418 3656 488 τὴν

2101 508 2206 577 γῆν
2229 507 2642 578 δημιουργήσας
2666 506 2695 558 ό
2719 504 2852 568 Θεὸς
2881 505 3044 574 μέσον
3077 503 3274 574 ἔστησε
3302 504 3360 557 τὸ
3389 507 3654 578 στερέωμα

2101 599 2168 654 δι’
2195 597 2363 653 αὐτοῦ
2396 599 2639 669 διορίσας
2663 596 2733 650 τὰ
2765 597 2877 652 ἄνω
2902 596 3012 649 τῶν
3044 596 3214 658 κάτω,
3246 594 3387 655 οὕτω
3414 597 3510 668 τὴν
3533 615 3651 668 σκηι

2103 690 2200 761 νὴν
2234 690 2365 759 μίαν
2395 687 2705 761 προστάξας
2734 687 3016 756 γενέσθαι,
3049 689 3107 741 ἔν
3144 688 3294 756 μέσῳ
3323 686 3658 758 διαταχθῆναι

2103 783 2318 837 κελεύει
2347 781 2410 836 τὸ
2439 782 2854 852 παραπέτασμα
2884 782 2942 834 ὲν
2969 779 3124 850 τύπῳ
3149 777 3245 831 τοῦ
3275 777 3658 850 στερεώματος·

2105 875 2201 928 καὶ
2233 875 2300 928 δι’
2345 874 2507 928 αὐτοῦ
2547 874 2775 946 διῄρητο
2813 873 2846 943 ἡ
2877 871 3139 935 κιϐωτός⁶
3169 870 3266 924 καὶ
3297 871 3359 922 τὸ
3389 871 3538 942 παρὰ
3572 873 3663 942 τὴν

2111 966 2284 1038 θύραν
2334 966 2498 1038 μέρος
2529 965 2787 1018 ἐκάλεσεν
2835 965 2987 1032 ἆγια·
3021 967 3081 1016 τδ
3140 961 3198 1014 δὲ
3229 961 3321 1014 τοῦ
3358 964 3665 1032 παραπετὼ

2110 1078 2318 1133 σματος
2343 1059 2512 1121 ἔνδον,
2533 1059 2702 1127 ’Ἀγια
2719 1057 2909 1127 ἁγίων·
2931 1057 3026 1111 καὶ¹
3044 1056 3194 1109 ὥσπε
3203 1073 3234 1126 ρ
3262 1054 3409 1123 λέγει
3436 1056 3464 1108 ό
3492 1056 3665 1109 Δαϐίδ·

2118 1172 2137 1205 ι
2186 1152 2246 1206 Ὁ
2291 1151 2518 1224 οὐρανὸς
2565 1150 2660 1204 τοῦ
2698 1148 2934 1221 οὐρανοῦ
2981 1148 3060 1219 τῷ
3109 1147 3321 1218 Κυρίῳ,
3355 1147 3455 1218 τὴν
3478 1148 3534 1201 δὲ
3575 1151 3669 1218 γῆν

2112 1246 2282 1299 ἔδωκε
2309 1247 2420 1308 τοῖς
2453 1245 2590 1307 υἱοῖς
2618 1244 2727 1297 τῶν
2753 1241 3056 1312 ἀνθρώπων
3074 1278 3088 1303 ,
3131 1259 3151 1291 ›
3186 1237 3330 1292 οὕτω
3361 1239 3459 1292 καὶ
3487 1238 3547 1292 τὸ
3579 1240 3674 1304 ἔξω

2113 1338 2211 1408 μὲν
2241 1336 2336 1390 τοῦ
2370 1334 2868 1402 καταπετάσματος
2905 1332 3178 1403 εἰσητιτὸν
3215 1325 3285 1402 ἦν
3311 1333 3426 1394 τοῖς
3457 1331 3672 1401 ἱερεῦσι,

2107 1432 2176 1486 τὰ
2199 1431 2255 1483 δὲ
2287 1429 2434 1483 ἔνδον
2461 1427 2713 1497 ἀψαυστα
2736 1422 2805 1497 ῆν
2833 1426 2929 1479 καὶ
2957 1426 3144 1481 ἄδυτα·
3172 1424 3263 1476 τὸν
3291 1423 3553 1496 ἀρχιερέα
3578 1427 3680 1496 γὰρ

2113 1525 2272 1594 μόνον
2304 1520 2450 1586 ἆπαξ
2479 1521 2574 1574 τοῦ
2609 1520 2762 1583 ἔτους
2789 1519 2955 1590 νόμος
2983 1512 3052 1589 ἦν
3083 1519 3338 1573 εἰσιέναι.

2182 1807 2292 1862 ἿΙν
2319 1808 2376 1862 δὲ
2404 1809 2522 1861 ἐκεῖ
2549 1807 2616 1861 τὰ
2651 1806 2761 1860 τῶν
2793 1805 3076 1877 Χερουϐὶμ
3107 1804 3498 1876 εἰκονίσματα,
3534 1803 3693 1857 τύπον

2113 1901 2221 1954 τῶν
2243 1902 2550 1971 ἀσωμάτων
2575 1900 2860 1970 δυνάμεων
2892 1897 3179 1968 ἐπέχοντα·
3214 1898 3283 1951 ὲν
3315 1897 3472 1966 μέσῳ
3498 1896 3554 1949 δὲ
3576 1896 3693 1948 τού-

2113 2007 2221 2045 των
2261 1992 2294 2060 ή
2330 1988 2560 2052 κιϐωτὸς
2606 1988 2705 2052 τὰς
2753 1987 2968 2050 πλάκας
2999 1987 3199 2057 ἔχουσα
3254 1986 3353 2038 τοῦ
3391 1986 3582 2056 νόμου,
3615 1990 3700 2038 καὶ

2113 2080 2212 2151 τὴν
2243 2079 2478 2149 στάμνον
2509 2077 2602 2131 τοῦ
2638 2078 2834 2147 μάννα,
2864 2077 2962 2130 καὶ
2991 2077 3090 2147 τὴν
3126 2075 3228 2146 ράϐ
3243 2076 3338 2128 δον
3372 2073 3586 2145 Ἀαρὼν
3610 2075 3701 2141 τὴν

2116 2172 2527 2242 βλαστήσασαν·
2575 2170 2827 2222 ἐπέκειτο
2857 2169 2914 2221 δὲ
2952 2169 3088 2237 αὐτῇ
3136 2166 3195 2220 τὸ
3250 2166 3570 2236 ἱλαστήριον
3598 2168 3708 2228 ταῖς

2117 2264 2343 2336 πτέρυξι
2382 2264 2491 2317 τῶν
2533 2262 2815 2334 Χερουϐὶμ
2847 2260 3209 2330 σκιαζόμενον
3247 2277 3260 2290 ·
3307 2260 3367 2314 ὲν
3399 2258 3575 2329 τούτῳ
3600 2259 3654 2310 δὲ
3684 2259 3712 2310 ό

2114 2359 2222 2411 τῶν
2270 2358 2406 2412 ὅλων
2449 2357 2582 2420 Θεὸς
2629 2357 2728 2428 τὴν
2774 2357 2984 2409 οἰκείαν
3035 2353 3388 2423 ἐπιφάνειαν
3450 2354 3712 2406 ἐποιεῖτο·

2116 2449 2304 2522 ἐπειδὴ
2343 2449 2451 2520 γὰρ
2482 2450 2515 2518 ἡ
2548 2449 2667 2502 θεία
2704 2448 2866 2518 φύσις
2897 2447 3137 2511 ἁνείδεός
3164 2465 3244 2500 τε
3292 2449 3391 2501 καὶ
3420 2447 3719 2518 ἀσχημάτι-

2120 2558 2277 2606 στος,
2304 2541 2399 2594 καὶ
2427 2541 2528 2611 τῆς
2567 2540 2823 2611 τοιαύτης
2863 2540 3048 2601 ούσίας
3078 2538 3318 2602 εἰκόνας
3363 2535 3722 2608 τεκτῄνασθαι

2120 2635 2470 2689 παντάπασιν
2496 2633 2780 2700 ἀδύνατον,
2804 2633 2874 2686 τὰ
2897 2631 3139 2702 σύμϐολα
3167 2632 3293 2684 τῶν
3317 2631 3600 2701 μεγίστων
3628 2630 3718 2680 αὑ-

2119 2727 2228 2780 τῶν
2273 2727 2493 2797 δωρεῶν
2541 2725 2690 2780 ἔνδον
2722 2725 2937 2780 κεῖσθαι
2967 2725 3338 2796 προσέταξεν·
3389 2727 3449 2779 αί
3482 2724 3581 2794 μὲν
3617 2723 3722 2792 γὰρ

2122 2820 2328 2882 πλάκες
2359 2820 2460 2890 τὴν
2500 2819 2825 2889 νομοθεσίαν
2857 2820 3082 2890 ἐδήλουν
3107 2833 3121 2847 ⁸
3171 2819 3280 2891 τὴν
3319 2817 3630 2888 ἱερωσύνην
3669 2815 3724 2865 δὲ

2120 2914 2154 2984 ή
2187 2913 2401 2984 ῥάϐδος·
2435 2913 2497 2966 τὸ
2541 2913 2598 2967 δὲ
2634 2913 2809 2984 μάννα
2833 2911 2933 2982 τὴν
2963 2913 3024 2964 ἐν
3054 2911 3257 2982 ἐρήμῳ
3289 2911 3542 2980 τροφήν.
3587 2906 3648 2959 τὸ
3673 2905 3728 2956 δὲ

2047 3042 2094 3102 C
2122 3024 2188 3076 γε
2220 3006 2528 3078 ἱλαστήριον
2555 3005 2658 3076 τῆς
2681 3005 3021 3077 προφητείας
3052 2999 3491 3102 σύμϐολοείῆν“·
3517 3001 3728 3096 ἐκεῖθεν

2123 3099 2232 3169 γὰρ
2262 3099 2320 3152 αί
2354 3098 2688 3170 προρρήσεις
2719 3095 2994 3164 ἐγίνοντο·
3033 3094 3104 3148 τὰ
3150 3096 3260 3164 μὲν
3302 3088 3404 3148 οὖν
3445 3091 3599 3146 ἔνδον
3640 3087 3732 3142 τοῦ

2123 3190 2641 3260 καταπετάσματος,
2671 3188 2782 3241 τῶν
2820 3186 3090 3258 οὐρανίων
3122 3183 3247 3258 εἶχε
3288 3187 3497 3240 τύπον·
3528 3184 3613 3238 διὸ
3645 3183 3738 3234 καὶ

2127 3282 2294 3349 ’Ἅγια
2319 3283 2429 3335 τῶν
2456 3283 2628 3349 ἁγίων
2644 3281 2961 3352 ὡνόμαστο·
2998 3282 3283 3351 μαρτυρεῖ
3311 3280 3374 3334 δὲ
3407 3277 3574 3332 τοῦτο
3599 3275 3693 3330 καί
3712 3275 3740 3326 ὁ

2132 3374 2401 3445 μακάριος
2437 3374 2652 3439 Παῦλος
2685 3373 2859 3442 λέγων
2887 3389 2903 3404 ·
2933 3392 2953 3426 ι
2985 3373 3060 3426 Οὐ
3093 3373 3213 3443 γὰρ
3260 3374 3347 3436 εἰς
3381 3369 3743 3443 χειροποίητα

2131 3463 2263 3530 am
2293 3463 2540 3534 εἰσῆλθεν
2582 3467 2611 3518 ό
2647 3463 2883 3534 Χριστὸς
2926 3463 3204 3516 ἀντίτυπα
3254 3463 3376 3516 τῶν
3429 3459 3744 3532 ἀληθινῶν,

2121 3555 2235 3608 ἀλλ’
2260 3557 2340 3620 είς
2368 3557 2531 3610 αὑτὸν
2559 3556 2650 3610 τὸν
2682 3556 2932 3626 οὐρανόν·
2982 3573 3002 3608 ι
3032 3555 3104 3608 τὰ
3137 3555 3202 3608 δὲ
3237 3557 3453 3608 τούτου
3493 3554 3648 3615 ἐντὸς
3675 3553 3751 3603 εἱ-

2123 3647 2253 3701 κόνα
2283 3647 2448 3718 ἔφερε
2479 3648 2588 3702 τῶν
2612 3648 2874 3716 ἐπιγείων
2894 3662 2911 3679 ·
2936 3643 3048 3718 εἶχε
3071 3647 3130 3700 δὲ
3157 3647 3351 3702 ταῦτα
3383 3646 3623 3717 λυχνίαν
3658 3643 3751 3712 μὲν

2123 3740 2183 3794 ὲν
2219 3739 2297 3811 τῷ
2327 3739 2487 3810 νοτίῳ
2519 3741 2676 3810 μέρει
2704 3740 3081 3806 έπτάκαυλον,
3131 3739 3491 3811 ἰσαρίθμους
3524 3739 3757 3808 ἔχουσαν

2125 3829 2351 3902 λύχνους
2389 3831 2806 3902 ἐπικειμένους·
2837 3829 3060 3902 ἐδήλουν
3089 3830 3150 3883 δὲ
3179 3825 3346 3885 οὗτοι
3381 3830 3501 3885 τῶν
3533 3827 3757 3900 ἡμερῶν

2124 3921 2225 3991 τῆς
2255 3923 2549 3993 ἑϐδομάδος
2577 3923 2668 3976 τὸν
2707 3922 2960 3993 ἀριθμόν·
2994 3920 3302 3992 τράπεζαν
3344 3923 3409 3976 δὲ
3461 3924 3526 3976 έν
3561 3920 3645 3990 τῷ
3679 3919 3764 3988 βο·-

2130 4014 2259 4082 ρείῳ
2295 4014 2535 4085 χρυσῆν,
2566 4015 2657 4083 ἐφ’
2689 4009 2758 4086 ἦς
2789 4016 2990 4084 ἄρτους
3019 4013 3352 4082 προσέταξε
3383 4011 3762 4087 προσκεῖσθαι

2127 4105 2485 4170 δυοκαίδεκα,
2517 4107 2614 4159 καὶ
2653 4105 2850 4175 φιάλας
2888 4106 3098 4175 χρυσᾶς
3137 4107 3400 4177 πλήρεις
3451 4102 3765 4161 λιϐανωτοῦ

2129 4197 2226 4249 καὶ
2267 4195 2434 4251 ἁλῶν·
2480 4199 2538 4252 ὲν
2587 4198 2644 4250 δὲ
2679 4195 2759 4267 τῷ
2796 4197 2948 4268 μέσῳ
2987 4195 3089 4265 τῆς
3127 4213 3197 4248 τε
3245 4197 3499 4268 λυχνίας
3531 4198 3632 4250 καὶ
3670 4195 3767 4265 τῆς

448 4293 752 4364 τραπέζης,
785 4291 1019 4363 χρυσοῦν
1049 4290 1229 4344 ἔκειτο
1259 4289 1668 4362 θυσιαστήριον·
1696 4287 1873 4342 ταῦτα
1896 4289 1941 4342 δ’
1971 4285 2038 4362 ἦν
2079 4292 2434 4364 συντάγματα
2479 4292 2588 4347 τῶν
2617 4293 2735 4362 ,ἀπὸ
2767 4295 2870 4364 γῆς
2939 4294 3054 4356 τοῖς
3124 4293 3480 4367 ἀνθρώποις
3527 4294 3773 4366 δεδωρη-

453 4385 630 4455 μένων
655 4383 904 4452 καρπῶν.

521 4471 756 4532 ὶΕιιοιιηι
790 4485 978 4530 autem
1016 4475 1187 4530 altare
1215 4476 1280 4531 ad
1341 4476 1485 4545 quod
1514 4477 1748 4532 victima:
1798 4477 2018 4533 adduce-

2212 4476 2324 4549 Πρὸ
2355 4475 2411 4530 δὲ
2439 4475 2537 4546 τῆς
2572 4478 2777 4548 σκηνῆς
2807 4474 2912 4540 ἔξω
2939 4474 3001 4529 τὸ
3033 4474 3295 4546 χαλκοῦν
3323 4477 3742 4550 θυσιαστήριον
3760 4515 3776 4538 .

448 4573 673 4632 bantur,
725 4584 909 4624 coram
953 4567 1331 4634 tabernaculo,
1369 4567 1506 4624 foris
1550 4570 1844 4634 exstabat;
1886 4569 2032 4624 unde

450 4662 804 4734 perspicuum
857 4670 942 4715 est
973 4661 1088 4714 haec
1129 4675 1538 4729 supervacanea
1586 4661 1777 4726 fuisse,
1814 4659 2036 4731 Deoque

451 4756 768 4826 injucunda.
798 4753 923 4808 llaec
946 4754 1166 4824 operari
1199 4768 1356 4808 sacra
1382 4752 1523 4808 Deus
1540 4755 1814 4810 concessit
1833 4753 2036 4810 Iudaeis

452 4846 524 4900 ob
550 4861 742 4900 eorum
773 4845 1169 4911 inﬁrmitatem,
1227 4846 1319 4899 sed
1363 4845 1539 4898 solum
1576 4854 1732 4900 extra
1786 4847 2040 4900 taberna-

454 4939 662 5002 culum,
692 4939 836 4992 velut
868 4938 1220 4992 interioribus
1247 4953 1354 4992 nou
1377 4938 1710 5003 necessaria,
1731 4952 1832 4993 nos
1856 4948 2037 4993 autem

455 5030 722 5085 solemnia
747 5037 936 5084 nostra
964 5029 1322 5085 interioribus
1341 5029 1722 5099 exsequimur,
1754 5028 1866 5085 Deo
1891 5030 2037 5094 thus,

452 5123 918 5192 lucet-uarumque
997 5121 1298 5184 ﬂammam,
1365 5130 1418 5176 et
1481 5122 1774 5192 mysticum
1838 5137 2040 5178 mensa:

453 5215 746 5272 oﬁ‘erentes
780 5214 1133 5270 sacriﬁcium.
1191 5213 1499 5282 Longitudo
1531 5212 1867 5268 tabernaculi
1921 5221 2040 5268 erat

453 5309 674 5378 triginta
705 5307 1041 5371 cubitorum,
1075 5305 1316 5359 latitudo
1348 5305 1560 5370 decem,
1603 5304 1750 5376 quod
1799 5305 2030 5361 edocere

450 5401 613 5456 facile
644 5411 747 5466 est,
775 5414 902 5454 nam
937 5398 1132 5469 viginti
1160 5398 1372 5454 tabulas
1405 5414 1530 5468 pars
1563 5397 1824 5454 australis
1860 5399 2028 5454 habe-

447 5491 562 5557 bat,
599 5501 653 5544 et
679 5489 902 5544 totidem
935 5488 1194 5544 borealis.
1228 5489 1467 5545 Tabulas
1485 5489 1666 5545 caeteri
1704 5489 2030 5560 interpretes

447 5583 735 5639 columnas
755 5581 1115 5652 appellarunt.
1149 5578 1285 5634 Cum
1335 5595 1462 5635 vero
1481 5597 1827 5653 unaquaeque
1847 5581 2029 5636 tabula

534 5696 580 5727 "
603 5695 744 5750 Psal.
780 5710 934 5761 exui,
967 5693 1053 5749 l6.
1103 5693 1146 5726 ⁸⁸
1174 5692 1339 5748 Hebr.
1377 5692 1564 5758 tx,24.

2129 4569 2192 4622 τὺ
2239 4569 2308 4622 τὰ
2362 4569 2781 4640 προσφερόμενα
2829 4568 3118 4638 δεχόμενον
3176 4568 3470 4639 Θύματα·
3519 4571 3680 4638 δηλοῖ
3723 4569 3778 4621 δὲ

2133 4660 2290 4715 τοῦτο
2328 4661 2560 4732 περιττὰ
2589 4656 2728 4714 εἶναι
2758 4661 2932 4714 ταῦτα
2970 4661 3062 4714 καὶ
3104 4660 3190 4731 μὴ
3229 4664 3470 4734 ἀρεστὰ
3500 4665 3587 4734 τῷ
3638 4662 3780 4733 Θεῷ·

2135 4753 2258 4807 ὅθεν
2309 4755 2676 4807 ἐπιτελεῖσθαι
2720 4755 2819 4824 μὲν
2865 4754 3004 4808 αὐτὰ
3052 4756 3482 4827 συνεχώρησεν
3543 4758 3641 4811 διὰ
3690 4757 3784 4824 τὴν

2151 4846 2420 4900 Ἰουδαίων
2446 4847 2754 4911 ἀσθένειαν,
2784 4846 2888 4912 ἔξω
2911 4847 2965 4900 δὲ
2997 4847 3220 4916 σκηνῆς
3248 4850 3335 4913 ὼς
3363 4852 3478 4904 οὐκ
3504 4853 3789 4918 ἀναγκαία

2141 4939 2255 5000 τοῖς
2283 4937 2464 4990 ἔνδον·
2510 4939 2674 5007 ἡμεῖς
2699 4937 2757 4990 δὲ
2795 4938 2896 5007 τήν
2935 4939 3049 4999 τοῖς
3082 4936 3254 4992 ἔνδον
3309 4942 3790 5012 ἀπονεμηθεῖσαν

2139 5029 2482 5102 λειτουργίαν
2509 5029 2868 5101 ἐπιτελοῦμεν
2885 5045 2900 5062 ·
2928 5029 3199 5101 θυμίαμα
3221 5033 3350 5105 γὰρ
3377 5037 3484 5088 καὶ
3507 5035 3795 5107 λυχνιαῖον

2139 5124 2257 5192 φῶς
2307 5123 2696 5195 προσφέρομεν
2728 5122 2808 5194 τῷ
2849 5121 2972 5193 Θεῷ
3017 5122 3116 5175 καὶ¹
3173 5125 3290 5195 τὴν
3353 5128 3657 5197 μυστικὴν
3697 5128 3797 5198 τῆς
3831 5113 3838 5117 ’

2135 5213 2417 5286 τραπέζης
2458 5215 2790 5285 ἱερουργίαν·
2825 5214 3127 5285 τριάκοντα
3183 5216 3250 5268 δὲ
3313 5221 3566 5290 πήχεων
3613 5217 3688 5293 ἦν
3737 5222 3799 5274 τὸ

2141 5305 2315 5376 μῆκος
2345 5307 2445 5376 τῆς
2487 5307 2714 5378 σκηνῆς,
2757 5307 2853 5361 καὶ
2895 5306 3030 5362 δέκα
3071 5307 3147 5360 τὸ
3211 5305 3418 5382 εὖρος·
3483 5315 3586 5367 καὶ
3638 5313 3802 5367 τοῦτο

2139 5398 2479 5469 καταμαθεῖν
2509 5399 2757 5462 εὐπετές·
2795 5397 2971 5453 εῐκοσι
3004 5397 3129 5469 γὰρ
3171 5403 3427 5469 σανίδας
3464 5401 3589 5477 εἶχε
3627 5407 3690 5461 τὸ
3719 5408 3805 5460 νό-

2138 5508 2252 5546 τιον
2278 5493 2466 5565 μέρος,
2498 5495 2592 5548 καὶ
2616 5492 2887 5556 τοσαύτας
2910 5493 2971 5547 τὸ
3001 5492 3263 5565 βόρειον·
3304 5501 3552 5564 σανίδας
3588 5501 3650 5554 δὲ
3676 5500 3808 5559 τοὺς

2142 5583 2366 5652 στύλους
2397 5586 2692 5656 ὠνόμασαν
2737 5587 2783 5640 οί
2821 5585 2972 5642 ἄλλοι
3001 5587 3414 5658 έρμηνευταί·
3446 5593 3715 5666 ἑκάστης
3751 5591 3812 5648 δὲ
