3876 6216
221 197 355 263 1093

1106 190 1206 258 AD
1243 190 1838 259 AMPHILOCHIUM
1895 195 2242 270 ΟυιΕΘΤΙΟ
2285 195 2635 258 CCLXVIII.

3321 194 3463 260 1094

216 306 420 369 σανίδος
450 306 627 377 πῆχυν
650 305 882 376 ἐχούσης
913 302 1010 360 καὶ
1036 304 1232 376 ἥμισυ,
1260 304 1558 377 τριάκοντα
1584 306 1780 375 πήχεις
1809 332 1820 366 Α

1907 320 1938 358 n
1973 303 2410 374 sesquicubitum
2469 301 2908 374 protenderetur,
2946 302 3141 377 viginti
3175 301 3342 374 igitur
3378 314 3463 361 ta-

212 399 269 452 αἱ
312 397 486 451 εἴκοσι
541 398 752 461 σανίδες
803 397 1104 468 ὲπλήρουν·
1142 395 1288 450 οὕτω
1335 398 1499 451 πάλιν
1539 396 1601 450 τὸ
1642 397 1782 467 πρὸς

212 489 419 560 δυσμὰς
469 486 778 543 ἀποϐλέπον
807 488 868 554 ἓξ
905 483 1019 560 εἶχε
1057 488 1273 552 σανίδας
1305 488 1366 541 τὸ
1404 487 1538 542 αὑτὸ
1586 487 1785 559 μέτρον

211 581 436 652 ἐχούσας
467 581 559 634 καὶ
583 581 678 634 δύο
698 582 922 650 γωνίας·
948 581 1154 634 δώδεκα
1184 581 1240 634 δὲ
1269 581 1468 652 πήχεις
1497 582 1561 634 ὲκ
1582 579 1785 634 τούτων

213 674 567 744 συναγόμενοι
595 675 644 726 οἱ
673 673 772 744 μὲν
795 673 926 726 δέκα
953 673 1012 725 τὸ
1038 672 1188 726 ἔνδον
1223 673 1388 744 μέρος
1415 672 1709 744 ἐπλήρουν,
1734 672 1786 725 οἱ

211 768 265 820 δὲ
291 767 440 820 ἄλλοι
475 766 568 818 δύο
595 766 705 819 τῶν
751 765 1031 836 ἑκατέρων
1076 764 1328 836 πλευρῶν
1376 765 1474 828 τάς
1517 765 1788 836 ἁρμονίας

211 855 475 926 ἐδέχοντο·
509 857 574 910 ὲκ
604 856 788 926 μέντοι
813 855 908 908 τοῦ
943 856 1078 927 ἑῴου
1122 857 1322 926 μέρους
1359 854 1458 926 τὴν
1491 855 1661 926 θύραν
1691 872 1786 922 γε-

211 952 395 1004 νέσθαι
422 949 778 1022 προσέταξεν,
804 949 890 1003 ἵνα
907 952 1002 1004 καὶ
1021 950 1184 1015 αὐτὸς
1203 949 1436 1019 ἀνίσχων
1457 951 1486 1003 ὁ
1505 949 1656 1021 ἣλιος
1677 942 1788 1002 οἷόν

211 1062 331 1098 τινα
370 1043 743 1115 προσκύνησιν
772 1043 1058 1114 προσφέρῃ
1087 1045 1206 1107 τοῖς
1238 1041 1596 1114 προπυλαίοις
1628 1041 1790 1100 εὐθὺς

211 1139 390 1191 ἐκεῖσε
419 1139 517 1200 τὰς
549 1136 774 1200 ἀκτῖνας
803 1135 1138 1204 ἐκπέμπων·
1169 1135 1264 1188 καὶ
1294 1135 1346 1188 οί
1375 1134 1454 1204 τῷ
1487 1133 1608 1204 Θεῷ
1642 1133 1791 1203 μόνῳ

209 1228 566 1299 λατρεύοντες
595 1227 819 1282 δπισθεν
851 1227 943 1282 τὸν
977 1228 1128 1298 ἥλιον
1161 1226 1328 1298 ἔχωσι
1361 1227 1498 1298 πρὸς
1527 1226 1626 1298 τὴν
1652 1242 1789 1297 σκη-

209 1320 304 1390 νήν
358 1319 726 1389 τετραμμένοι
750 1359 767 1384 ,
810 1318 906 1370 καὶ
941 1317 1016 1389 μὴ
1059 1316 1269 1383 τοῦτον,
1297 1318 1435 1372 ἀλλά
1478 1317 1570 1372 τὸν
1601 1317 1791 1371 τούτου

211 1409 449 1483 Ποιητὴν
466 1410 834 1480 προσκυνῶσι·
851 1409 1146 1480 δρυφακτῷ
1167 1410 1346 1465 τοίνυν
1369 1412 1403 1482 ἡ
1431 1410 1604 1482 σκηνὴ
1627 1427 1795 1481 προσο

210 1503 412 1573 εῴκει,
466 1502 684 1567 σανίδας
752 1501 1020 1557 πάντοθεν
1075 1501 1274 1572 ἔχουσα
1340 1502 1794 1574 συνηρμοσμένας

209 1597 493 1666 ἀλλήλαις·
525 1591 670 1666 εἶχον
693 1595 750 1650 δὲ
783 1594 880 1649 καὶ
907 1595 1006 1658 τάς
1032 1595 1220 1666 βάσεις
1240 1596 1486 1668 ἀργυρᾶς
1508 1596 1604 1650 καὶ
1631 1612 1796 1666 κεφα-

1890 396 2033 451 bulae
2062 395 2116 451 in
2158 396 2380 467 triginta
2426 397 2646 451 cubitos
2700 403 2860 450 erant
2907 406 3204 467 protensze.
3248 397 3465 454 Rursus

1887 504 2010 559 quae
2049 503 2179 560 pars
2215 488 2439 559 respicit
2479 489 2549 544 ad
2578 487 2938 556 occidentem,
2967 503 3063 544 sex
3107 487 3346 544 habebat
3380 500 3464 543 ta-

1887 581 2047 638 bulas
2108 580 2302 637 eadem
2349 595 2632 645 mensura,
2679 581 2928 650 duosque
2966 581 3219 653 angulos.
3249 581 3326 636 Ex
3377 581 3464 635 his

1889 673 2182 731 duodecim
2208 673 2409 730 cubitis
2461 673 2536 730 ita
2567 673 2898 739 distributis,
2944 673 3134 730 decem
3162 672 3468 744 implebant

1890 765 2202 821 interiorem
2257 774 2472 836 partem
2551 764 2735 820 caeteri
2829 765 3068 820 laterum
3143 765 3460 835 juncturam

1888 857 2286 928 suscipiebant.
2348 856 2429 913 Ex
2485 873 2549 914 ea
2579 871 2710 913 vero
2744 866 2900 927 parte
2946 871 3071 927 qua:
3119 857 3344 926 respicit
3395 855 3462 910 ad

1890 952 2180 1017 orientem,
2242 959 2459 1022 portam
2491 965 2615 1006 esse
2649 949 2841 1020 jussit,
2879 960 2941 1004 ut
2975 949 3093 1019 ipse
3149 948 3334 1005 oriens
3361 947 3467 1012 sol,

1891 1042 2252 1109 osculatione,
2288 1051 2351 1097 ut
2398 1041 2474 1097 ita
2531 1042 2735 1108 dicam,
2778 1041 3110 1097 vestibulum
3141 1040 3472 1110 complecte-

1892 1146 2065 1202 retur,
2103 1135 2288 1192 statim
2341 1135 2528 1192 radios
2569 1135 2890 1202 immittens,
2920 1142 3091 1204 utque
3121 1131 3216 1203 qui
3250 1131 3470 1186 unicum

1894 1227 2068 1283 Deum
2103 1226 2385 1281 adoraturi
2431 1235 2635 1292 essent,
2668 1225 2736 1280 ad
2760 1225 3177 1280 tabernaculum
3200 1223 3473 1286 conversi,

1894 1321 2164 1376 orientem
2205 1339 2238 1375 ιι
2270 1329 2430 1391 tergo
2463 1320 2638 1376 solem
2669 1319 3011 1390 exciperent,
3057 1333 3159 1374 nec
3190 1333 3342 1382 eum,
3377 1317 3472 1372 sed

1895 1413 2018 1484 ejus
2051 1415 2369 1469 Creatorem
2391 1413 2706 1468 adorarent.
2735 1411 3000 1467 Tabulato
3037 1410 3259 1482 quidem
3295 1410 3478 1466 tabera

1898 1506 2156 1561 naculum
2185 1506 2364 1562 simile
2389 1512 2525 1572 erat,
2550 1504 2836 1560 columnas
2863 1503 3232 1574 undequaque
3264 1502 3475 1557 habens

1898 1598 2036 1654 alias
2066 1599 2189 1655 aliis
2213 1613 2392 1669 aptas.
2424 1597 2498 1652 lis
2529 1606 2691 1653 erant
2713 1603 2986 1666 argenteae
3031 1593 3213 1658 bases,
3247 1592 3476 1662 capitis-

209 1689 360 1753 λίδας
383 1689 667 1752 ὡσαύτως·
692 1688 789 1742 καὶ
816 1681 975 1742 αὗται
996 1687 1053 1741 δὲ
1080 1687 1278 1752 ἔξωθεν
1303 1689 1398 1742 καὶ
1418 1687 1628 1740 ἔνδοθεν
1652 1682 1795 1757 ἦσαν

1903 1707 2009 1762 que
2046 1663 2359 1762 tegumenta
2389 1706 2456 1747 ex
2501 1691 2696 1745 eodem
2732 1663 2979 1755 metallo,
3010 1687 3216 1757 illaque
3268 1685 3477 1740 extrin-

209 1782 544 1852 εἰλημμέναι
581 1780 791 1852 χρυσῷ·
826 1780 918 1834 τὸν
949 1779 1009 1833 δὲ
1035 1780 1232 1850 ὄροφον
1272 1777 1418 1852 εἶχεν
1450 1780 1507 1848 ἐξ
1540 1779 1796 1851 ὑφασμά-

210 1891 322 1927 των
371 1873 657 1937 ποικίλων,
695 1873 762 1926 ὲκ
797 1873 1070 1946 διαφόρων
1108 1874 1620 1944 κατεσκευασμένον
1651 1890 1798 1945 χρω-

213 1969 404 2040 μάτων
430 1983 444 1997 ·
479 1967 542 2022 τὸ
576 1967 678 2039 μὲν
705 1965 813 2039 γάρ
847 1961 916 2036 ἦν
951 1965 1237 2036 ἁλουργόν·
1278 1965 1340 2020 τὸ
1379 1965 1436 2020 δὲ
1469 1965 1732 2037 ροδοειδὲς
1761 1965 1796 2036 ἢ

212 2060 580 2129 κοκκοὸαφές·
613 2060 674 2114 τὸ
699 2060 756 2114 δὲ
788 2061 1030 2132 ὑακίνθῳ
1057 2059 1378 2131 προσεοικός
1397 2073 1410 2086 ·
1441 2060 1476 2129 ἠ
1511 2057 1567 2111 δὲ
1601 2057 1798 2129 βύσσος

207 2155 313 2224 τὴν
348 2153 549 2224 λευκὴν
582 2150 697 2224 εἶχε
727 2154 920 2226 χρόαν·
951 2154 1047 2208 καὶ
1075 2152 1251 2207 ταῦτα
1283 2153 1340 2206 δὲ
1372 2150 1482 2204 τῶν
1514 2152 1799 2223 τεσσάρων

209 2247 500 2318 στοιχείων
529 2241 599 2316 ἦν
649 2246 987 2317 αίνίγματα·
1032 2247 1060 2299 ὁ
1106 2245 1207 2315 μὲν
1258 2243 1510 2306 ὑάκινθος
1555 2241 1634 2313 τῷ
1675 2242 1801 2313 ἀέρι

209 2341 528 2413 προσέοικε·
553 2340 616 2394 τὸ
644 2339 702 2393 δὲ
738 2338 998 2412 ροδοειδὲς
1027 2337 1061 2407 ἢ
1083 2333 1426 2404 κοκκοὸαφὲς
1447 2333 1526 2405 τῷ
1554 2328 1710 2404 πυρί·
1739 2334 1800 2386 τὸ

207 2434 266 2488 δὲ
284 2431 554 2504 ἁλουργὸν
577 2433 773 2503 μηνύει
800 2431 900 2501 τὴν
931 2430 1239 2484 θάλασσαν·
1269 2427 1452 2498 ἐκείνη
1475 2426 1586 2498 γὰρ
1609 2426 1801 2497 τρέφει

207 2526 305 2580 τὸν
334 2524 549 2596 κόχλον,
577 2523 638 2590 ἐξ
669 2519 736 2597 ἦς
764 2523 825 2578 τὸ
868 2520 1124 2576 τοσοῦτον
1155 2519 1365 2592 γίνεται
1409 2518 1611 2590 χρῶμα
1634 2534 1650 2549 ·
1678 2519 1712 2590 ἡ
1745 2519 1801 2572 δὲ

211 2620 418 2691 βύσσος
447 2621 548 2692 τὴν
581 2620 706 2691 γῆν,
738 2621 802 2673 ὲκ
831 2615 1036 2689 ταύτης
1066 2617 1175 2687 γὰρ
1214 2615 1430 2685 φύεται·
1461 2614 1557 2667 καὶ
1585 2605 1800 2684 δέρῤεις

208 2711 268 2768 δὲ
291 2709 411 2784 εἶχε
437 2711 682 2783 τριχίνας
703 2709 1078 2782 ἐπικειμένας,
1099 2709 1193 2763 καὶ
1217 2707 1401 2779 μέντοι
1423 2706 1519 2760 καὶ
1539 2704 1800 2778 διφθέρας

210 2805 493 2872 ποικίλας,
525 2803 668 2858 ῶστε
709 2803 804 2858 καὶ
831 2801 923 2856 τὸν
957 2801 1114 2856 ὑετὸν
1141 2799 1452 2870 ἀπείργειν.

285 2899 401 2953 Καὶ
422 2899 534 2962 τοῖς
561 2897 764 2968 ἱερεῦσι
793 2896 851 2950 δὲ
879 2893 1223 2949 παντοδαπὸν
1250 2891 1548 2963 περιέθηκε
1570 2889 1798 2960 κόσμον,

208 2989 308 3041 τὸν
347 2988 446 3058 μὲν
478 2986 606 3040 λαὸν
656 2985 1106 3056 καταπλήττοντα
1149 2981 1228 3053 τῷ
1261 2981 1502 3052 διαφόρῳ
1532 2980 1627 3034 τοῦ
1671 2979 1805 3050 σχή-

214 3097 393 3151 ματος
412 3122 427 3144 ,
455 3080 656 3142 αὑτοὺς
686 3077 745 3132 δὲ
777 3078 905 3142 τοὺς
941 3076 1126 3150 ἱερέας
1165 3074 1489 3129 διδάσκοντα
1521 3074 1668 3136 ὅπως
1700 3071 1806 3143 χρὴ

208 3169 322 3240 τὴν
373 3167 554 3239 ψυχὴν
591 3165 918 3238 ἑξωραῒζειν
965 3165 1063 3220 καὶ
1115 3165 1380 3235 κοσμεῖν·
1435 3161 1707 3232 ὑποδύτην
1751 3160 1810 3214 δὲ

213 3260 381 3315 καλεί
416 3260 508 3312 τὸν
555 3260 837 3330 ἐνδότερον
882 3256 1244 3330 χιτωνίσκον·
1282 3254 1583 3325 ἐπενδύτην
1622 3254 1680 3307 δὲ
1719 3251 1811 3306 τδν

211 3353 434 3424 χιτῶνα
458 3352 550 3406 τὸν
573 3351 858 3424 ἐξώτερον·
889 3349 1201 3405 ὑακίνθινον
1221 3347 1278 3401 δὲ
1307 3347 1494 3428 τοῦτον
1509 3344 1811 3418 προσέταξε

213 3443 520 3516 γενέσθαι·
556 3443 768 3515 ποδήρη
807 3442 867 3497 δὲ
898 3443 1314 3515 προσηγόρευσε
1335 3440 1411 3504 ὡς
1449 3439 1611 3510 μέχρι
1628 3437 1813 3509 ἄκρων

210 3537 340 3594 τῶν
371 3536 550 3591 ποδῶν
582 3537 842 3607 διήκοντα
868 3551 884 3567 ·
916 3536 1209 3607 ἀπήρτησε
1236 3534 1294 3588 δὲ
1323 3532 1516 3588 τούτου
1554 3531 1814 3594 κώδωνας

213 3629 468 3704 χρυσοῦς
506 3629 601 3683 καὶ
643 3629 894 3702 ῥοΐσκους
926 3627 1014 3680 ἵνα
1044 3629 1124 3690 είς
1153 3627 1220 3680 τὸ
1244 3626 1435 3681 ἄδυτον
1464 3625 1557 3677 καὶ
1581 3625 1812 3678 ἀνάκτο-

216 3741 329 3797 ρον
360 3723 460 3792 τῆς
493 3721 700 3793 σκηνῆς
726 3718 910 3774 εἰσιὼν
933 3759 950 3786 ,
986 3718 1081 3773 καὶ
1107 3717 1208 3788 τὴν
1243 3716 1351 3770 ἀπὸ
1383 3714 1588 3769 τούτων
1633 3714 1815 3766 ἐπιτε-

213 3818 502 3887 λουμένην
531 3815 671 3886 ὴχὴν
699 3810 1076 3882 εἰσδεχόμενος
1111 3807 1252 3881 μετά
1275 3807 1430 3870 δέους
1449 3805 1549 3876 τὴν
1575 3805 1817 3874 λειτουρ-

211 3913 360 3982 γίαν
386 3909 606 3979 ἐπιτελῇ
631 3909 708 3970 είς
731 3906 952 3977 μνήμην
977 3901 1072 3956 τοῦ
1096 3898 1530 3973 προστεταχότος
1555 3894 1819 3966 ἀφικνού-

219 4017 418 4076 μενος·
458 4000 548 4055 διά
588 4015 674 4052 τοι
713 3995 872 4050 τοῦτο
901 3995 996 4049 καὶ
1019 3997 1047 4049 ὁ
1079 3994 1345 4065 ποδήρης,
1377 3989 1472 4046 τοῦ
1515 3991 1677 4062 ἀέρος
1704 3986 1817 4059 εἶχε

211 4099 288 4154 τὸ
329 4091 550 4168 χρῶμα·
593 4091 850 4154 ὑάκινθος
890 4088 948 4142 δὲ
977 4084 1046 4159 ἦν
1076 4087 1151 4152 ὡς
1181 4087 1246 4141 ἂν
1275 4087 1353 4149 εἰς
1381 4083 1568 4138 τοῦτον
1600 4083 1818 4152 ἀφορῶν

1897 1801 2058 1842 secus
2086 1795 2142 1841 et
2175 1800 2249 1842 ex
2285 1783 2532 1839 interiori
2571 1791 2724 1852 parte
2767 1797 2905 1836 auro
2935 1779 3214 1836 distincta.
3248 1777 3475 1834 Tectum

1895 1894 1958 1935 ex
1991 1879 2143 1935 varia
2170 1887 2391 1935 textura
2443 1877 2754 1941 constabat,
2788 1874 3022 1930 diversis
3065 1872 3354 1930 coloribus
3381 1870 3478 1926 de-

1897 1970 2130 2042 pictum,
2165 1978 2404 2042 parteex
2422 1969 2530 2024 alia
2567 1982 2930 2038 purpureum,
2963 1965 3069 2022 alia
3099 1974 3356 2034 roseum.r
3369 1965 3560 2045 aliaﬂ
3605 2043 3608 2046 ἢ
3637 1982 3672 1997 τ’

1898 2077 2064 2120 cocco
2080 2063 2338 2127 tinctum,
2381 2061 2486 2117 alia
2527 2059 3085 2131 hyacinthinum,alia
3108 2057 3380 2115 referente
3402 2060 3483 2116 al-

1897 2154 2030 2210 bum
2048 2154 2197 2226 byssi
2215 2153 2482 2209 colorem.
2499 2150 2625 2208 Haec
2643 2161 2878 2223 quatuor
2907 2151 3303 2208 elementorum
3325 2161 3485 2208 erant

1900 2245 2510 2318 symbola.Hyacinthus
2523 2243 2636 2299 aeri
2651 2244 2849 2300 similis
2859 2254 3162 2308 est,rose’us
3175 2244 3488 2300 coccineus-

1899 2353 1967 2393 ve
1996 2337 2146 2394 color
2166 2336 2304 2407 igni,
2330 2349 2640 2406 purpureus
2659 2348 2791 2390 vero
2823 2349 2976 2390 mare
3004 2335 3320 2406 significat;
3349 2335 3482 2390 illud

1908 2431 2055 2487 enim
2087 2431 2260 2486 nutrit
2289 2429 2555 2484 concham
2584 2442 2649 2484 ex
2693 2443 2803 2498 qua
2828 2436 2936 2482 tam
2959 2428 3196 2500 pulcher
3232 2429 3486 2493 nascitur

1902 2522 2092 2589 color;
2146 2529 2504 2590 repraesentat
2547 2519 2746 2591 byssus
2794 2525 3001 2574 terram
3045 2534 3076 2574 e
3112 2534 3216 2589 qua
3271 2518 3482 2584 oritur;

1905 2619 2074 2690 pelles
2123 2618 2287 2674 etiam
2326 2615 2578 2672 crinibus
2630 2613 2901 2672 confectae
2938 2615 3046 2670 illis
3088 2613 3487 2686 superinducta:

1903 2719 2080 2776 erant,
2111 2710 2429 2780 exuviasque
2454 2707 2729 2764 distinctae
2773 2721 2896 2778 quae
2937 2706 3166 2762 imbrem
3215 2715 3485 2762 arcerent.

1975 2883 2238 2938 Pneterea
2273 2880 2650 2958 sacerdotibus
2689 2880 3095 2937 diversissimas
3137 2890 3316 2938 vestes
3344 2880 3488 2938 Deus

1908 2974 2226 3047 assignavit,
2258 2988 2379 3045 quae
2431 2973 2661 3044 populo,
2707 2972 2894 3028 cultus
2950 2971 3214 3028 varietate
3242 3013 3258 3038 ,
3319 2972 3490 3027 mira-

1909 3067 2111 3122 tionem
2167 3073 2452 3120 moverent
2486 3102 2503 3130 ,
2554 3063 2811 3134 ipsosque
2864 3062 3127 3118 docerent
3177 3061 3490 3118 sacerdotes

1910 3159 2189 3230 quomodo
2228 3158 2469 3212 animam
2522 3169 2800 3211 exornare
2834 3164 3233 3226 venustatnque
3276 3154 3490 3212 edicere

1911 3258 2210 3320 oporteret.
2239 3247 2464 3304 Vestem
2495 3246 2812 3302 interiorem
2889 3246 3129 3316 appellat
3163 3247 3486 3312 tuniculam,

1913 3339 2210 3393 amiculum
2263 3337 2621 3402 exteriorem,
2677 3345 2732 3391 et
2768 3335 2910 3392 hanc
2973 3336 3214 3394 tunicam
3265 3337 3492 3409 hyacin-

1915 3432 2127 3486 thinam
2166 3445 2290 3486 esse
2318 3430 2678 3500 praescripsit.
2710 3425 2814 3484 Cui
2847 3427 2914 3483 ad
2961 3428 3100 3484 imos
3157 3429 3322 3500 pedes
3360 3445 3492 3500 pro-

1914 3521 2101 3577 missae
2129 3521 2319 3577 talaris
2347 3520 2790 3593 fuitcognomen,
2815 3519 2884 3576 de
2903 3535 3011 3591 qua
3035 3534 3203 3576 aurea
3231 3521 3496 3577 tintinna-

1914 3611 2044 3667 bula
2068 3611 2305 3682 speciem
2335 3611 2464 3666 mali
2514 3611 2704 3682 punici
2730 3610 3026 3667 referentia
3066 3611 3396 3682 pendebant,
3433 3622 3495 3667 ut

1915 3703 1971 3759 in
2018 3703 2239 3776 adytum
2287 3712 2342 3758 et
2410 3703 2620 3774 regiam
2691 3703 3027 3758 tabernaculi
3083 3718 3208 3758 cum
3264 3704 3498 3760 intraret

1917 3796 2197 3860 sacerdos,
2229 3804 2486 3866 percepto
2520 3810 2713 3850 eorum
2756 3795 2964 3855 sonitu,
3006 3809 3135 3850 cum
3187 3796 3496 3852 reverentia

1918 3887 2189 3944 solemnia
2213 3894 2520 3957 perageret,
2539 3886 2838 3941 recordans
2866 3886 3016 3941 illius
3045 3886 3138 3956 qui
3160 3886 3275 3942 hate
3307 3887 3494 3941 omnia

1916 3989 2270 4050 praeceperat.
2321 3977 2688 4045 Quamobrem
2721 3977 2912 4033 talaris
2987 3978 3196 4032 aeriam
3253 3977 3494 4034 colorem

1918 4070 2212 4136 referebat,
2241 4071 2678 4142 hyacintheaque
2721 4080 2841 4124 erat
2874 4078 2938 4124 ut-
2991 4067 3056 4123 ad
3103 4082 3222 4124 eam
3280 4069 3498 4125 intuens

218 4159 527 4263 μετάρσξος
548 4184 788 4255 γίνηται·
816 4180 1072 4236 ἐπέκειτο
1092 4178 1149 4232 δὲ
1171 4181 1238 4250 τῇ
1263 4176 1472 4248 κεφαλῇ
1497 4174 1709 4245 κίδαρις
1727 4172 1820 4226 τὸν

1921 4173 2161 4221 mentem
2190 4163 2453 4220 sacerdos
2499 4177 2723 4218 sursum
2781 4168 3013 4217 teneret.
3065 4159 3499 4231 lmminebatque

211 4252 287 4336 of»
299 4252 464 4352 ρανὸν
485 4252 818 4349 μιμουμένη·
845 4271 1192 4326 ὲπεκάλυπτε
1208 4269 1266 4323 δὲ
1289 4270 1383 4322 καὶ
1402 4265 1580 4320 ταινία
1601 4265 1665 4319 τὺ
1687 4263 1818 4334 μέτ-

1921 4257 2125 4316 summi
2152 4256 2456 4314 sacerdotis
2506 4255 2674 4311 fronti
2709 4255 2868 4320 tiara,
2910 4253 3111 4310 caslum
3145 4253 3376 4319 imitata,
3415 4252 3500 4308 fa-

213 4343 385 4428 ωττον
407 4410 423 4437 ,
468 4343 961 4440 ήννμίττρανεῐπον
993 4363 1050 4416 οἱ
1084 4361 1510 4432 Ἑϐδομήκοντα·
1545 4353 1658 4428 εἶχε
1683 4355 1732 4411 δ’
1759 4357 1816 4410 ὲν

1921 4351 2062 4408 ciem
2113 4349 2436 4421 contegebat
2483 4348 2616 4402 vitta
2656 4361 2821 4417 quam
2875 4343 3230 4415 Septuaginta
3278 4345 3498 4399 mitram

219 4466 394 4537 μέσῳ
439 4436 590 4534 αύτη-
631 4436 866 4514 πέταλον
914 4455 1154 4527 χρυσοῦν
1203 4450 1662 4522 ἐγγεγραμμένον
1706 4447 1820 4520 ἔχοι

1909 4443 2256 4514 appellarunt
2288 4457 2305 4510 ;
2344 4440 2525 4497 stabat
2545 4440 2599 4494 in
2635 4438 2813 4494 medio
2863 4437 3065 4492 lamina
3089 4450 3255 4491 aurea
3310 4436 3366 4490 in
3391 4449 3500 4505 qua

215 4528 333 4612 τοῦ
364 4528 504 4608 ξῦεοῦ
551 4528 831 4623 ἀφραστον
873 4548 1044 4618 ὄνομα
1081 4547 1111 4599 ὃ
1151 4544 1408 4599 καλοῦσιν
1451 4541 1693 4612 Ἑϐραῖοι
1734 4557 1820 4593 τε·

1924 4533 2294 4591 inenarrabile
2360 4533 2455 4588 Dei
2515 4547 2737 4595 nomen,
2783 4545 2814 4585 a
2851 4528 3056 4585 Judzeis
3112 4537 3501 4598 tetragramma

217 4617 682 4722 τραγράμματον
707 4659 722 4675 ·
775 4617 1064 4697 εὐλάϐειαν
1097 4638 1154 4692 δὲ
1198 4635 1292 4690 τὸν
1336 4632 1464 4688 λαὸν
1495 4630 1820 4685 ὲκπαιδεύωι

1928 4627 2284 4699 appellatum,
2334 4623 2660 4695 inscriptum
2714 4629 2856 4678 erat.
2917 4620 3011 4677 Sic
3071 4621 3303 4690 figurate
3354 4617 3502 4674 Deus

217 4709 305 4798 δί·
333 4709 655 4810 αἰνίγματος
682 4734 840 4790 τοῦτο
872 4730 1201 4804 δεδήλωκεν·
1245 4723 1635 4797 Ἐπιγιοάψεις
1693 4722 1820 4794 γὰρ,

1926 4718 2187 4789 populum
2223 4715 2582 4772 reverentiam
2639 4712 2890 4778 docebat,
2917 4721 2978 4766 nt
3023 4725 3088 4766 ex
3117 4709 3202 4764 his
3239 4715 3502 4778 apparet:

221 4834 427 4907 φησιν,
444 4800 591 4887 αὑτὸ
611 4800 877 4899 ἀγίασμα
908 4800 1148 4892 κυρίου.

1929 4810 2172 4879 Sculpes,
2217 4809 2416 4880 inquit,
2473 4809 2642 4877 ipsum
2707 4813 2948 4859 sanctum
3003 4801 3230 4856 Domino
3259 4800 3330 4856 ”.

323 4893 611 4981 Ἐκέλευσε
643 4893 700 4976 δὲ
734 4893 885 4990 αὑτῷ
914 4917 1010 4972 καὶ
1040 4912 1333 4984 ἐφεστρίδα
1361 4909 1641 4980 γενέσθαι,
1687 4908 1757 4980 ἢν
1780 4909 1820 4962 oi

1999 4906 2493 4976 Praecepitquoque
2507 4903 2646 4956 Deus
2671 4912 2948 4954 summum
2981 4895 3316 4951 sacerdotem
3353 4893 3504 4947 indui

241 5018 683 5088 λεοδομήκοντα,
716 4985 968 5084 ἐπωμίδα
989 5007 1288 5062 ἐκάλεσαν·
1327 5005 1384 5057 ὲν
1427 5003 1485 5056 δὲ
1517 5003 1637 5066 ταῖς
1664 5001 1820 5054 Βασι-

1924 5008 2074 5056 veste
2084 5013 2249 5070 quam
2265 4990 2767 5068 superhuméralem
2789 4997 3120 5043 vocaverunt
3131 4985 3511 5056 Septuaginta,

224 5077 430 5174 )είαις’
473 5077 852 5180 έὺρίσκομεν,
895 5102 1095 5173 ὲφοὺδ,
1147 5097 1318 5171 αὐτὴν
1383 5097 1526 5151 κατά
1573 5095 1675 5166 τὴν
1720 5091 1820 5146 τῶν

1925 5105 2092 5165 quam
2128 5099 2312 5146 autem
2361 5089 2416 5143 in
2445 5087 2651 5157 Regum
2671 5083 2830 5138 libris
2859 5080 3133 5152 appellant
3169 5079 3381 5150 Ephod,
3409 5077 3514 5132 Hc-

241 5173 552 5273 ⁹Ε6ραίων’
578 5173 826 5266 γλῶτταν
877 5192 1302 5264 ὠνομασμένην·
1363 5187 1503 5260 α’ὑτη
1551 5181 1696 5256 εἶχεν
1742 5184 1820 5254 ἐφ’

1923 5187 2070 5242 braca
2122 5197 2257 5239 voce
2280 5180 2637 5250 designatam.
2666 5173 2807 5230 Huic
2855 5182 3011 5230 erant
3035 5185 3200 5244 super
3219 5179 3516 5238 utrumque

233 5259 512 5362 ἑκατέρου
557 5259 658 5360 μέν
689 5286 842 5359 ὤμου
885 5259 1004 5340 δύο-
1034 5259 1574 5348 λίθουςίπολυτεὶεῖς
1611 5279 1820 5349 ἔχοντας

1933 5278 2226 5332 humerum
2275 5273 2386 5329 duo
2413 5269 2637 5343 pretiosi
2667 5266 2878 5339 lapides
2900 5265 3148 5335 inscripti
3189 5259 3512 5317 nominibus

234 5348 357 5442 τῶν
409 5348 592 5456 eum}
638 5348 753 5446 τὰς.
780 5376 1154 5450 προσηγορίας
1214 5371 1708 5444 ἐγγεγραμμένας·
1753 5369 1820 5440 τᾷ

1933 5369 2174 5424 tribuum
2199 5364 2386 5421 Israel.
2420 5362 2478 5419 In
2497 5372 2735 5434 pectore,
2753 5357 2952 5414 mentis
2970 5364 3184 5426 tegmen
3215 5348 3511 5422 pectoralc.

239 5440 440 5552 στήθεί
468 5476 524 5531 δὲ
552 5474 614 5530 τὸ
650 5440 990 5543 καλούμενον
1017 5440 1226 5539 λογεῖον
1361 5440 1594 5534 λογικὴν
1626 5477 1820 5530 συγκα‹

1943 5459 2088 5518 Huic
2127 5473 2347 5532 quoque
2375 5454 2663 5535 duodecim
2695 5451 2902 5524 lapides
2932 5447 3100 5520 aptati
3137 5453 3313 5509 erant,
3347 5440 3517 5498 variis

327 5665 370 5695 ⁶⁹
397 5659 570 5717 Exod.
595 5669 785 5721 xxvm,
813 5651 902 5710 i7.

2375 5751 2465 5767 υέ-ι
