3854 6216
455 190 594 256 1095

1569 191 1832 252 PHOTII
1870 187 2374 250 PATRIARCHIE
2414 190 2520 250 ΟΡ.

3558 199 3689 270 10%

457 303 744 360 coloribus
808 303 1098 358 micantes.
1174 302 1384 370 Quibus
1454 301 1655 358 indicto
1716 303 1881 364 bello,
1951 301 2032 356 vel

2135 302 2336 355 λύπτον
2388 300 2616 373 καρδίαν
2642 317 2655 330 °
2686 297 2801 373 εἶχε
2839 301 2896 356 δὲ
2926 301 3020 357 καὶ
3066 303 3225 358 τοῦτο
3281 305 3475 363 δώδεκα
3521 312 3688 379 λίθους

446 397 702 462 victoria,
732 395 819 450 vel
843 396 1024 450 clades
1050 395 1484 465 signiﬁcabatur.
1534 394 1691 461 Quod
1728 393 1932 463 [legum
1960 408 2028 446 ex

2135 393 2666 466 προσηρμοσμὲνους
2699 393 2956 466 διάφορον
3001 395 3223 465 ἔχοντας
3277 400 3472 470 χρόαν·
3508 404 3593 458 διὰ
3638 406 3689 459 δὲ

449 490 679 546 historia
706 487 940 545 Constat.
1010 490 1144 545 Cum
1166 489 1314 545 enim
1346 489 1608 544 adversus
1641 488 1806 543 Israel
1827 489 2026 542 bellum

447 581 818 651 suscepissent
845 578 1051 646 hostes,
1082 594 1194 634 non
1220 580 1372 649 prius
1393 591 1560 634 ausus
1588 583 1672 633 est
1705 576 1831 631 Saul
1851 577 2025 632 aciem

446 670 721 725 instruere
751 685 913 740 quam
955 670 1110 740 signa
1137 669 1381 725 victoriae
1412 667 1665 723 vidisset.
1703 666 1886 733 Quare
1910 667 2026 722 uni-

446 761 587 817 versi
613 764 804 817 mundi
837 761 980 818 Deus
1020 763 1186 818 dicit:
1225 780 1242 814 ι
1274 760 1562 830 l’onesqne
1614 759 1888 814 rationale
1931 758 2025 827 ju-

559 853 568 878 ‘
599 851 652 907 in
682 862 902 922 pectore
925 853 1132 916 Aaron,
1164 859 1218 906 et
1247 852 1300 906 in
1357 857 1591 919 utroque
1630 847 1799 905 latere
1827 865 2024 921 snper-

584 945 763 999 aralis.
797 962 814 996 ι
865 943 1231 1014 Adiecitque:
1290 961 1309 994 ι
1345 941 1635 1013 Poriesqtie
1696 942 1750 996 in
1807 956 1874 995 eo
1922 941 2024 996 do-

620 1053 672 1090 m
727 1026 787 1090 et
820 1037 1100 1091 veritatem
1137 1036 1206 1089 7°.
1242 1054 1262 1088 ι
1326 1033 1750 1104 Doctrinamque‘
1800 1033 2021 1104 quidem

640 1129 843 1200 ‘signa
897 1143 964 1183 ex
1025 1127 1134 1183 illis
1176 1127 1472 1197 lapidibus,
1537 1126 1823 1182 Veritatem
1890 1139 2023 1182 vero

653 1229 721 1271 .m
773 1217 1146 1272 veracitatem.
1214 1215 1330 1272 Hoc
1385 1217 1532 1271 enim
1580 1216 2023 1272 animadverten-

676 1321 796 1362 ιδεο
833 1307 981 1376 quod
1019 1307 1389 1362 crassioribus
1418 1307 1583 1377 hujus
1623 1307 1801 1362 aetatis
1835 1307 2020 1362 hemi-

705 1413 792 1452 am
824 1407 883 1453 ut
919 1398 1228 1468 spiritualia
1255 1399 1623 1469 intelligerent
1673 1397 2020 1466 sapientissi-

725 1492 732 1499 '
778 1503 844 1546 us
873 1500 1059 1546 noster
1083 1502 1179 1560 per
1196 1504 1455 1560 corporea
1481 1489 1725 1562 symbola
1755 1490 2018 1544 auxilium

445 1656 457 1683 .
529 1656 565 1689 ε
634 1652 646 1679 ⁸
715 1593 824 1682 ωτι,
882 1582 1040 1639 nobis
1094 1592 1275 1638 autem
1305 1583 1700 1653 interpretatur
1741 1585 2019 1654 pectorale

2132 485 2292 537 τοῦτο
2333 484 2586 555 ἐδηλοῦτο
2612 485 2851 556 πολέμου
2888 487 3383 558 συγκροτηθέντος,
3412 493 3443 562 ἢ
3483 493 3593 565 νίκη
3614 535 3628 561 ,
3655 499 3684 569 ﬂ

2129 573 2269 648 ἧττα
2293 593 2308 607 ·
2344 577 2439 630 καὶ
2476 575 2638 632 τοῦτο
2664 577 2723 631 δὲ
2758 579 2872 632 τῶν
2899 578 3195 633 Βασιλειῶν
3227 581 3263 652 ἡ
3315 583 3520 653 ἱστορία
3559 585 3688 640 διδάο

2133 685 2252 722 σκει
2280 685 2294 698 ·
2354 669 2903 741 ἐπιστρατευσάντων
2974 671 3085 742 γὰρ
3133 671 3246 724 τῶν
3311 673 3573 745 πολεμίων
3619 678 3690 748 τῷ

2143 759 2359 830 Ἰσραὴλ
2385 760 2447 814 οὐ
2473 760 2742 833 πρότερον
2782 761 3086 832 ἐτόλμησεν
3115 763 3144 816 ό
3178 764 3350 818 Σαοὺλ
3388 769 3688 837 παρατάξα-

2130 851 2278 917 σθαι,
2308 853 2413 918 ἐως
2438 851 2545 908 εἶδε
2569 853 2637 908 τὰ
2652 855 2754 925 τῆς
2784 854 2941 926 νίκης
2968 855 3262 926 μηνύματα
3285 873 3300 888 ·
3327 857 3412 911 διὰ
3444 859 3594 912 τοῦτο
3619 862 3689 914 εί-

2129 941 2313 1012 ρηκὼς
2339 944 2366 995 ὁ
2389 942 2497 996 τῶν
2517 943 2654 998 ὅλων
2680 944 2814 1007 Θεός
2838 960 2852 975 ο
2883 963 2902 996 ι
2951 945 3061 997 Καὶ
3090 944 3373 1016 ἐπιθήσεις
3399 947 3458 1000 τὸ
3497 948 3687 1016 λογεῖον

2125 1033 2223 1102 τῆς
2264 1033 2502 1103 κρίσεως
2549 1033 2643 1087 ἐπὶ
2692 1035 2756 1088 τὸ
2789 1034 2986 1106 στῆθος
3038 1033 3284 1106 ’Δαρὼν,
3332 1037 3426 1090 καὶ
3452 1037 3690 1107 συνάψεις

2125 1123 2257 1176 αὐτὸ
2281 1122 2417 1193 πρὸς
2439 1122 2538 1194 τὴν
2564 1125 2815 1196 ἐπωμίδα
2839 1144 2852 1159 ο
2883 1144 2900 1176 ›
2929 1125 3179 1194 ἐπήγαγε
3199 1142 3212 1156 ο
3248 1145 3266 1177 ι
3297 1127 3406 1180 Καὶ
3426 1127 3689 1198 ἐπιθήσεις

2126 1214 2281 1285 αὐτῷ
2309 1215 2406 1286 τὴν
2443 1216 2677 1287 δήλωσιν
2707 1217 2805 1271 καὶ
2828 1215 2926 1286 τὴν
2968 1216 3229 1287 ἀλήθειαν
3255 1233 3272 1249 ·
3306 1237 3323 1270 ι
3353 1219 3447 1272 καὶ
3476 1219 3692 1289 δήλωσιν

2126 1307 2227 1376 μὲν
2256 1307 2516 1362 ἐκάλεσεν
2543 1309 2612 1362 τὰ
2633 1309 2843 1362 ἐκεῖθεν
2867 1308 3163 1382 μηνύματα
3182 1325 3198 1340 ·
3234 1310 3493 1380 ἀλήθειαν
3519 1311 3572 1363 δὲ
3590 1313 3690 1364 τῶν

2128 1398 2460 1469 μηνυμάτων
2490 1400 2550 1452 τὸ
2596 1400 2826 1470 ἀψευδές
2853 1417 2866 1430 ·
2900 1401 3076 1456 ίστέον
3121 1402 3222 1472 μέν
3249 1418 3333 1454 τοι
3365 1402 3441 1467 ὡς
3475 1403 3691 1474 παχυτέ-

2125 1505 2241 1559 ροις
2259 1489 2378 1543 οὖσι
2407 1493 2520 1555 τοῖς
2551 1492 2855 1562 τηνικαῦτα
2896 1494 2991 1548 καὶ
3023 1493 3132 1548 τῶν
3162 1494 3374 1565 νοητῶν
3418 1495 3688 1564 ἐφικέσθαι

2126 1578 2201 1650 μὴ
2232 1580 2585 1652 δυναμένοις,
2616 1581 2704 1636 διὰ
2749 1582 2858 1637 τῶν
2892 1585 3224 1654 σωματικῶν
3267 1585 3550 1656 συμϐόλων
3599 1589 3690 1656 τὴν

607 1652 662 1748 ὲ
701 1651 1160 1757 ἐδβίτίίυίὶηυῐη,
1193 1651 1756 1747 chlamys—perfectio—
1776 1676 2022 1741 virtutis,

2127 1673 2397 1742 ὠφέλειαν
2459 1675 2788 1744 ὁπάνσοφος
2847 1651 3006 1749 ἡμῶν
3071 1651 3356 1749 Δεσπότης
3416 1651 3688 1751 ἐπραγμα-

756 1757 764 1768 α

623 1776 666 1861 ἒ
720 1771 906 1861 saltem
929 1768 1198 1824 concinna
1218 1767 1509 1837 pectoralis
1525 1775 1580 1822 et
1591 1767 1892 1839 chlamydis
1923 1783 2024 1823 no~

459 1845 781 1941 peresa)."t'e
805 1860 965 1915 docet
996 1860 1120 1914 tidei
1149 1869 1206 1914 et
1233 1858 1494 1915 elfectiva:
1525 1859 1742 1916 virtutis
1779 1875 2016 1916 concen-

447 1941 667 2014 ίμςθιτίῖ
703 1949 947 2005 Primum
979 1949 1194 2020 imponi
1215 1949 1586 2020 chlamydem,
1637 1950 1835 2006 deinde
1886 1951 2015 2006 huic

430 2039 710 2113 pectorale
737 2041 914 2112 aptari
947 2041 1223 2112 signiﬁcat
1261 2051 1465 2096 rectam
1501 2039 1699 2110 agendi
1746 2041 2010 2098 rationem

431 2133 668 2205 supponi
689 2133 986 2188 virtutibus
1015 2133 1454 2187 fundamentum.

2121 1766 2309 1820 τεύετο
2331 1784 2346 1799 ο
2379 1769 2473 1822 καὶ
2491 1769 2787 1840 γὰρὴμεῖς
2834 1769 3066 1842 νοοῦμεν
3093 1772 3183 1826 διὰ
3217 1772 3316 1825 τοῦ
3359 1772 3567 1842 λογείου
3601 1774 3690 1845 τὴν

2121 1858 2354 1932 θεωρίαν
2383 1862 2492 1916 τῶν
2510 1863 2717 1934 νοητῶν
2737 1879 2750 1891 ⁸
2791 1863 2880 1917 διὰ
2903 1863 2958 1917 δέ
2989 1865 3088 1934 τῆς
3114 1865 3393 1935 ἐπωμίδος
3418 1866 3513 1937 τὴν
3537 1868 3690 1936 ἐργα-

2118 1952 2239 2005 σίαν
2269 1953 2370 2023 τῆς
2423 1955 2647 2027 ἀρετῆς,
2679 1957 2774 2008 καὶ
2797 1955 2897 2027 τὴν
2924 1955 3020 2010 τοῦ
3050 1957 3267 2026 λογείου
3301 1951 3398 2012 καὶ
3427 1959 3523 2028 τῆς
3555 1959 3690 2011 ἐπω-

2115 2044 2267 2114 μίδος
2296 2047 2563 2118 ἁρμονίαν
2585 2064 2645 2100 τε
2681 2049 2776 2102 καὶ
2805 2049 3100 2116 συνάφειαν
3121 2049 3206 2113 είς
3227 2047 3324 2121 τὴν
3347 2050 3444 2120 τῆς
3474 2048 3691 2112 πίστεως

2118 2140 2213 2191 καὶ
2255 2139 2353 2208 τῆς
2375 2139 2589 2209 ἀγαθῆς
2616 2141 2868 2212 πράξεως
2892 2141 3250 2214 λαμϐάνομεν
3278 2141 3607 2212 συμφωνίαν·
3637 2141 3692 2192 τὸ

439 2230 497 2282 δέ
540 2229 778 2301 πρώτοις
815 2226 1154 2282 ἐπιτίθεσθαι
1215 2228 1316 2298 τὴν
1368 2225 1648 2298 ἐπωμίδα,
1713 2221 1814 2279 εἶθ’
1859 2226 2031 2292 οὕτως
2057 2231 2230 2303 ταύτῃ
2251 2236 2312 2286 τὸ
2347 2235 2553 2304 λογεῖον
2582 2236 2946 2291 συνάπτεσθαι
2993 2236 3056 2290 τό
3083 2235 3182 2308 τὴν
3237 2237 3448 2308 ἀγαθὴν
3507 2237 3690 2308 πρᾶξιν

436 2320 749 2393 ὑποϐάθραν
780 2317 920 2376 εἶναι
949 2320 1058 2374 τῶν
1079 2320 1311 2393 ἀρετῶν.

465 2431 801 2502 ΟΗΑΞΒΤΙΟ
830 2419 1349 2559 ΟΟΙλΧῐὲἐὲἐρξθΙ
1368 2429 1770 2573 ῗΕΙιΧΧΧἮΙ,
1810 2431 1973 2488 Taur.

469 2641 646 2708 Quam
679 2639 742 2695 ob
772 2656 991 2695 causam
1027 2637 1232 2709 Moyses
1261 2637 1473 2693 tabulas
1507 2637 1813 2691 contriverit
1844 2636 1982 2710 (69).

2613 2442 2962 2497 ΕΡΩΤΗΚΙΣ
3019 2443 3183 2498 ΣΞΘ’.

2417 2639 2579 2692 Atat!
2628 2639 2734 2705 τὰς
2790 2637 3031 2706 πλάκας
3079 2641 3491 2712 συνέτριψεν,

1295 2755 1436 2806 Edita
1465 2769 1494 2804 a
1526 2753 1653 2804 Maio
1686 2754 1743 2819 (l.
1769 2767 1812 2804 c.
1847 2769 1896 2818 p.
1926 2753 2036 2816 154,
2059 2767 2108 2818 q.
2141 2753 2274 2816 278).
2299 2752 2537 2803 ——Exod.
2571 2767 2730 2813 nm,
2758 2755 2834 2804 19.

501 2847 642 2913 Quia
675 2844 906 2901 credidit
924 2843 1184 2916 populum
1210 2843 1344 2914 legis
1362 2857 1484 2898 esse
1517 2841 1824 2912 indignum.
1877 2841 2017 2897 Cum

431 2939 577 2994 enim
628 2937 822 3005 tabula:
883 2950 983 3005 pro
1032 2934 1308 2989 dotalibus
1360 2933 1555 2989 libellis
1586 2945 1790 3000 essent,
1848 2948 2020 3004 spon-

433 3043 606 3099 saque
630 3026 875 3082 nondum
932 3025 1235 3079 thalamum
1296 3023 1564 3094 ingressa,
1615 3038 1737 3079 sese
1791 3023 1997 3094 prosu-

434 3118 649 3182 tuisset,
695 3116 852 3172 valde
894 3115 1091 3180 iratus,
1141 3122 1202 3169 ut
1253 3128 1351 3184 par
1391 3122 1493 3177 est,
1535 3115 1716 3168 dotale
1761 3114 2009 3169 libellum

431 3209 652 3279 dirupit.
689 3204 1246 3260 Animadvertendum
1269 3205 1516 3274 estquod
1551 3213 1680 3260 tunc
1727 3206 1793 3260 ad
1821 3219 2009 3275 preces

427 3301 724 3372 placabilis
756 3299 937 3355 lactus
988 3297 1157 3364 Deus,
1185 3298 1237 3351 in
1281 3297 1430 3352 aliud
1491 3306 1706 3366 tempus
1735 3297 2012 3352 distulerit

433 3409 643 3464 poenas,
666 3392 854 3447 dicens
882 3409 895 3445 ι
939 3409 958 3442 ‹
989 3387 1100 3460 Ego
1129 3396 1308 3443 autem
1335 3388 1387 3441 in
1409 3386 1498 3442 die
1528 3387 1750 3442 ultionis
1780 3386 2011 3442 visitabo

429 3495 485 3542 et
511 3487 614 3540 hoc
651 3489 935 3553 peccatum
962 3495 1153 3536 eorum
1197 3479 1264 3531 ⁷¹.
1298 3497 1318 3530 ι
1374 3477 1530 3544 Quod
1561 3479 1806 3548 Apostoli
1826 3479 2008 3534 verbis

431 3573 612 3629 simile
641 3579 765 3627 est:
831 3569 1102 3640 «Ignoras
1129 3568 1390 3638 quoniam
1444 3568 1753 3639 benignitas
1803 3568 1894 3623 Dei
1939 3569 2007 3623 ad

436 3663 816 3735 pmnitentiam
859 3672 912 3718 te
942 3660 1216 3716 adducit?
1282 3659 1592 3715 Secundum
1633 3668 1814 3714 autem
1860 3661 2007 3714 duri-

432 3760 560 3812 tiam
595 3766 746 3813 tuam
771 3757 857 3822 τ’,
889 3775 909 3807 ι
979 3765 1033 3810 et
1087 3754 1320 3823 reliqua.
1395 3755 1648 3808 Attamen
1729 3753 2007 3823 legislator

430 3850 655 3920 cognito
681 3854 828 3920 quod
863 3849 1151 3903 universus
1179 3845 1320 3902 Deus
1359 3846 1474 3917 jam
1515 3845 1683 3900 nollet
1729 3861 1851 3900 esse
1877 3861 2004 3900 cum

427 3943 656 4008 ludatis,
696 3943 950 4013 angelum
1004 3955 1136 3996 vero
1169 3941 1237 3995 iis
1287 3937 1642 4009 praelecturus
1669 3948 1834 4004 esset,
1866 3941 2005 3994 seire

427 4034 678 4105 quaesivit
715 4047 878 4102 quem
922 4039 1069 4086 esset
1130 4029 1422 4093 missurus,
1473 4027 1886 4098 obsecravitque
1936 4043 2005 4082 ne

430 4130 498 4181 iis
525 4126 684 4181 daret
712 4139 1042 4180 conservum
1075 4123 1294 4188 ducem,
1332 4121 1426 4176 sed
1463 4120 1582 4192 ipse
1608 4133 1705 4175 eos
1725 4119 2001 4190 dirigeret.

431 4216 588 4287 Quod
623 4218 712 4272 ubi
767 4215 1099 4286 impetravit,
1157 4213 1376 4270 sublato
1403 4211 1590 4268 ebrius
1643 4225 1834 4266 amore
1881 4226 2003 4280 qua:

431 4311 711 4366 hominem
762 4307 1032 4363 excedunt
1079 4304 1372 4369 aﬂ‘ectavit,
1423 4302 1865 4372 invisibilcmque
1901 4318 2000 4356 na-

431 4413 612 4457 turam
675 4414 905 4458 cernere
963 4396 1301 4466 concupivit.
1345 4394 1830 4449 Vcrumenimvero
1897 4392 2003 4446 hoc

427 4509 548 4550 esse
577 4491 730 4550 nefas
748 4493 957 4558 didicit;
983 4505 1103 4561 quae
1136 4497 1313 4544 autem
1351 4488 1416 4541 ad
1450 4487 1691 4541 divinam
1728 4485 2002 4556 pertinent

2185 2839 2413 2905 Ανάξιον
2473 2840 2662 2910 κρίνας
2684 2839 2773 2893 τὸν
2819 2840 2946 2894 λαὸν
2995 2842 3096 2913 τῆς
3119 2841 3452 2913 νομοθεσίας
3471 2857 3486 2872 ·
3516 2841 3689 2911 ἐπειδὴ

2113 2932 2220 3004 γὰρ
2245 2932 2534 3005 προικῴων
2561 2934 2958 3003 γραμματείων
2985 2934 3162 2988 τύπον
3207 2929 3356 3005 εἶχον
3393 2934 3449 2987 αἱ
3479 2932 3689 2994 πλάκες,

2111 3025 2143 3094 ἡ
2168 3023 2224 3076 δὲ
2255 3023 2440 3094 νύμφη
2476 3024 2582 3094 πρὸ
2613 3023 2714 3095 τῆς
2742 3024 3012 3106 παστάδος
3037 3026 3118 3087 είς
3147 3025 3401 3096 μοιχείαν
3428 3023 3688 3082 ἀπέκλινε,

2113 3116 2259 3188 μάλα
2293 3116 2518 3179 εἰκότως
2552 3115 2613 3168 τὸ
2638 3115 2910 3186 προικῴον
2955 3118 3348 3186 γραμματεῖον
3383 3114 3687 3186 διέρρηξεν*

2115 3209 2478 3262 ἐπισκεπτέον
2512 3208 2611 3277 μὲν
2636 3207 2712 3271 ὡς
2743 3208 2864 3260 τότε
2896 3206 3196 3277 δεξάμενος
3217 3209 3247 3259 ὁ
3291 3207 3427 3270 Θεὸς
3457 3204 3554 3276 τὴν
3585 3207 3688 3256 ἱκε-

2115 3300 2260 3364 σίαν,
2295 3299 2600 3352 ὰπεὸάλετο
2626 3301 2725 3370 τὴν
2753 3298 3022 3369 τιμωρίαν
3046 3315 3059 3328 ·
3092 3297 3460 3369 προστέθεικε
3486 3297 3561 3362 δέ,
3583 3314 3600 3346 ι
3620 3289 3690 3365 ᾞ

2110 3392 2155 3445 δ’
2180 3392 2246 3446 ἂν
2276 3392 2461 3463 ἡμέρᾳ
2492 3394 2934 3462 ὲπισκέπτωμαι,
2956 3389 3144 3454 ἐπάξω
3165 3392 3259 3444 ἐπ’
3289 3391 3491 3451 αὐτοὺς
3523 3390 3688 3442 πᾶσαν

2109 3484 2210 3556 τὴν
2261 3484 2539 3556 ἁμαρτίαν
2597 3481 2818 3538 αὐτῶν·
2882 3504 2900 3534 ι
2958 3484 3106 3536 ἔοικε
3137 3483 3198 3536 δὲ
3228 3483 3392 3536 τοῦτο
3440 3484 3550 3546 τοῖς
3594 3479 3691 3533 ὑπὸ

2111 3579 2209 3632 τοῦ
2279 3579 2605 3631 Ἀποστὸλου
2670 3577 3017 3648 είρημένοις·
3092 3594 3112 3628 ι
3186 3577 3431 3643 Ἀγνοῶν
3497 3576 3576 3627 ὅτι
3633 3572 3690 3624 τὸ

2110 3668 2345 3738 χρηστὸν
2377 3668 2471 3721 τοῦ
2521 3667 2658 3721 Θεοῦ
2709 3669 2788 3730 είς
2822 3666 3114 3738 μετάνοιάν
3151 3684 3214 3719 σε
3257 3667 3386 3736 ἄγει
3410 3680 3424 3694 ·
3453 3664 3590 3720 κατὰ
3639 3660 3689 3714 δὲ

2107 3759 2208 3828 τὴν
2236 3759 2576 3829 σκλήροτητά
2599 3773 2715 3818 σου,
2755 3775 2773 3807 ι
2801 3757 2894 3808 καὶ
2917 3754 3046 3823 ἑξῆς
3072 3771 3086 3785 °
3116 3756 3146 3808 ὁ
3189 3754 3380 3825 μέντοι
3407 3750 3688 3823 νομοθέτης

2108 3844 2347 3908 ἀκούσας
2376 3845 2451 3907 ὼς
2483 3845 2582 3897 οὐκ
2608 3843 2855 3908 ἀνέξεται
2888 3845 3127 3897 συνεῖναι
3152 3843 3343 3907 αὐτοῖς
3371 3844 3400 3896 ὁ
3430 3842 3538 3894 τῶν
3564 3838 3690 3892 ὅλων

2107 3937 2239 4000 Θεὸς
2263 3935 2342 3989 ἐτι
2366 3977 2381 4001 ,
2419 3935 2537 3989 ἀλλ’
2574 3936 2803 4003 ἄγγελον
2837 3936 3145 4002 ἐπιστήσει,
3214 3927 3388 4005 ᾔτησε
3421 3931 3520 4002 μὲν
3555 3927 3686 3998 γνῶν

2108 4044 2195 4080 ναι
2226 4026 2316 4079 τὸν
2348 4027 2796 4096 ἐπιστησόμενον,
2828 4024 3150 4096 ἡντιόόλησε
3181 4024 3241 4078 δὲ
3272 4025 3352 4095 μὴ
3381 4023 3561 4076 δοῦναι
3593 4019 3684 4073 αύ-

2108 4121 2216 4182 τοῖς
2257 4119 2545 4188 ὁμόδουλον
2587 4119 2848 4190 ἡγεμόνα,
2891 4117 3006 4172 ἀλλ’
3031 4117 3197 4172 αὑτὸν
3231 4117 3419 4170 αὐτῶν
3449 4113 3687 4184 καθηγήο

2107 4210 2331 4263 σασθαι·
2367 4210 2442 4273 ὼς
2469 4209 2526 4262 δὲ
2557 4209 2652 4261 καὶ
2685 4209 2889 4279 ταύτην
2915 4207 3040 4280 ἔσχε
3063 4208 3165 4279 τὴν
3202 4207 3386 4280 ἀρχὴν
3403 4208 3564 4278 ἔρωτι
3595 4219 3684 4275 με·

2105 4303 2248 4357 θύων
2282 4301 2661 4371 ἐπαινουμένῳ
2694 4301 2801 4356 τῶν
2837 4300 2978 4370 ὑπὲρ
3008 4299 3302 4372 ἄνθρωπον
3343 4298 3559 4370 ἠράσθη
3603 4295 3684 4348 καὶ

2101 4393 2202 4463 τὴν
2231 4389 2457 4446 ἀθέατον
2498 4389 2658 4460 φύσιν
2690 4390 2816 4443 ἰδεῖν
2854 4389 3230 4460 ἐπεθύμησεν,
3264 4388 3406 4442 ἀλλὰ
3441 4383 3681 4456 μεμάθη-

2103 4503 2198 4538 κεν
2226 4486 2300 4547 ob;
2326 4483 2481 4537 τοῦτο
2507 4484 2764 4538 ἀδύνατον
2785 4499 2798 4511 ·
2833 4481 2901 4534 τὰ
2928 4481 2985 4534 δὲ
3032 4485 3133 4552 τῆς
3160 4480 3485 4551 οἰκονομίας
3510 4495 3566 4530 τε
3597 4476 3683 4528 καὶ

429 4586 829 4657 providentiam
847 4594 902 4639 et
926 4583 1197 4638 actionem
1233 4581 1336 4650 (sic
1363 4580 1509 4634 enim
1533 4577 1886 4648 intelligenda
1918 4585 2003 4631 est

2117 4577 2407 4647 ἐνεργείας,
2443 4574 2588 4629 οὕτω
2619 4577 2728 4644 γὰρ
2758 4574 2838 4627 δεῖ
2871 4575 3009 4626 νοεῖν
3047 4571 3141 4626 τοῦ
3187 4572 3329 4625 Θεοῦ
3359 4565 3426 4624 τὰ
3451 4568 3679 4626 ὀπίσθια,

429 4679 704 4752 posterior
720 4677 816 4733 Dei
846 4677 992 4748 pars)
1023 4673 1382 4743 contemplari
1410 4686 1726 4742 possumus,
1750 4686 1858 4724 non
1881 4671 2003 4740 qui-

2101 4670 2374 4742 θεωρῆσαι
2416 4669 2641 4722 δυνατὸν
2678 4670 2790 4730 τοῖς
2831 4666 2980 4720 κατὰ
3013 4663 3291 4730 Μωῦσέα,
3325 4665 3449 4718 οὐδὲ
3483 4661 3681 4719 τούτοις

427 4747 549 4829 dem
579 4772 780 4843 palam,
825 4769 918 4826 sed
970 4776 1029 4822 ut
1067 4766 1283 4838 Moyses
1314 4773 1370 4820 et
1409 4765 1468 4819 in
1498 4774 1656 4835 petra
1713 4763 1874 4834 quasi
1933 4762 2002 4818 ab

2117 4764 2152 4816 ἰὲ
2183 4761 2369 4825 ἁπλῶς
2390 4805 2404 4827 ,
2431 4761 2547 4814 ἀλλ’
2572 4762 2653 4823 εἰς
2683 4759 2782 4831 τὴν
2821 4758 3028 4830 πέτραν
3079 4757 3170 4809 ὑπ’
3203 4755 3378 4810 αὐτοῦ
3431 4753 3524 4808 τοῦ
3553 4747 3679 4803 Θεοῦ

430 4868 549 4935 ipso
585 4865 694 4920 Deo
722 4862 1001 4927 collocati,
1038 4861 1120 4915 sic
1154 4857 1468 4914 ostenditur
1518 4857 1676 4911 ﬁrma
1725 4854 1849 4910 ﬁdei
1888 4867 2002 4910 sta-

2097 4851 2404 4922 τιθεμένοις
2425 4868 2439 4881 ·
2473 4848 2728 4922 σημαίνει
2744 4847 2800 4900 δὲ
2830 4847 2968 4917 αῦτη
2984 4846 3082 4915 τῆς
3107 4845 3354 4908 πίστεως
3374 4843 3435 4896 τὸ
3465 4838 3683 4911 στερρὸν

431 4930 632 5020 bilitas,
665 4964 722 5010 et
749 4955 804 5008 in
837 4951 1106 5006 foramine
1145 4948 1305 5016 hujus
1343 4947 1540 5016 lapidis
1571 4945 1694 5002 lidei
1751 4944 1998 5000 foramen

2117 4941 2193 4998 ιαὶ
2219 4943 2553 5015 ἁκράδαντον
2577 4957 2589 4970 ·
2621 4943 2715 4994 καὶ
2735 4938 2827 4993 διὰ
2845 4937 2945 5006 τῆς
2981 4937 3120 5005 ὀπῆς
3147 4935 3254 5004 τῆς
3287 4935 3516 5006 πέτρας,
3544 4930 3683 5001 δηλοῖ

430 5054 674 5114 apparet,
704 5043 1123 5115 quaeinaccessa
1152 5037 1326 5094 oculis
1363 5037 1644 5106 corporeis
1671 5043 1726 5091 et
1752 5035 2000 5091 invisibi-

432 5139 500 5198 lia
535 5137 811 5206 perspicit.

2093 5037 2150 5090 δὲ
2177 5035 2313 5106 αῦτη
2342 5035 2439 5108 τῆς
2457 5035 2691 5095 πίστεως
2716 5027 2990 5100 ὀφθαλμὸν
3016 5029 3335 5099 θεωροῦντα
3365 5030 3481 5090 τοῖς
3503 5023 3683 5092 αἰσθη-

2093 5127 2204 5190 τοῖς
2237 5125 2532 5196 ὀφθαλιιοίς
2571 5125 2832 5193 ἀνέφικτα
2886 5121 2979 5173 κιὶ
3025 5121 3255 5174 ἀθέατα.

502 5317 549 5348 ⁷ο
583 5313 756 5369 Exod.
793 5327 982 5379 xxvin,
1007 5308 1098 5365 58.
1174 5307 1216 5338 '"
1253 5305 1426 5362 Exod.
1456 5323 1632 5376 xxx",
1667 5309 1757 5366 54.
1834 5304 1878 5334 ⁷²
1905 5301 2061 5362 Rom.
2088 5323 2146 5370 II.
2178 5305 2234 5360 4ο

1949 5463 2178 5520 NOTAE.

501 5626 615 5692 (69)
651 5627 728 5681 Ex
754 5623 1098 5683 Theodoreto
1136 5637 1189 5692 q.
1219 5619 1287 5675 68
1328 5619 1381 5673 in
1427 5619 1598 5674 Exod.
1647 5617 1710 5672 Τ.
1741 5616 1952 5686 LXXX,
1995 5633 2046 5688 p.
2073 5617 2198 5672 294.
