3854 6216
929 278 1027 336 ΑΙ)
1066 276 1655 351 AMPHILOCHIUM
1694 274 2040 353 QUESTIO
2077 274 2673 335 CCLXIX-CCLXXI.
2896 332 2903 339 .
3313 265 3453 333 1098

747 388 1079 442 εΡιιΤιιΣιΣ
1127 389 1246 447 20'.
1798 412 1823 464 Α

1901 384 2230 453 ΩΠᾸΞΞΤΙΟ
2267 383 2514 440 CCLXX.
2556 384 2743 455 {CoisL
2783 378 3205 446 CCLXXXVIII,
3248 377 3411 434 Taur.

2481 474 2852 546 CCLXXVHJ

1932 569 2209 636 Quomodo
2264 570 2671 642 intelligendum
2717 572 2799 642 inL
2830 570 3153 642 uestimentis
3193 568 3391 638 lepram

2496 642 2663 695 inesse
2699 638 2849 711 (70)?

1063 746 1208 798 Edita
1236 760 1263 796 a
1296 747 1422 799 Maio
1455 749 1512 812 (l.
1547 761 1593 799 c.
1626 764 1676 812 p.
1705 751 1812 817 134,
1836 766 1886 817 q.
1914 754 2049 817 279).
2084 781 2143 792 —
2171 754 2338 805 Levit.
2369 767 2475 816 xm,
2502 753 2579 805 47.

158 866 163 871 ‘
254 850 467 915 Πολλὰς
497 853 680 918 αὐτοῖς
704 854 948 920 παιδείας
969 857 999 911 ὁ
1029 857 1161 923 Θεὸς
1179 860 1436 924 τοιαύτας
1451 862 1731 933 ἐπήγαγεν
1753 880 1767 895 ο

1939 864 2139 922 Judaeis
2159 867 2345 921 multae
2399 866 2646 936 talesque
2696 864 3072 923 institutiones
3100 878 3131 917 a
3163 863 3272 917 Deo
3311 862 3451 916 data:

184 944 387 997 αὐτίκα
416 944 546 1012 γοῦν
585 947 681 1000 καὶ
734 948 864 1019 περὶ¹
914 947 1135 1019 λεπρῶν
1172 952 1359 1005 οίκιῶν
1404 953 1579 1018 οὕτως
1630 954 1769 1025 ἔφη’

1874 967 2021 1015 sunt.
2059 958 2258 1014 Statim
2302 960 2468 1030 igitur
2504 959 2573 1013 de
2606 958 2840 1027 leprosis
2867 956 3122 1011 domibus
3164 954 3243 1009 sic
3271 955 3451 1024 loqui-

188 1055 206 1086 ι
249 1035 341 1101 Ὠς
405 1035 472 1089 ἂν
501 1038 777 1110 εἰσέλθητε
816 1040 898 1103 εἰς
947 1039 1046 1111 τὴν
1074 1044 1179 1110 γῆν
1206 1044 1315 1096 τῶν
1347 1046 1673 1100 Χαναναίων
1703 1048 1773 1118 ἢν

1874 1056 2004 1104 tur:
2034 1067 2052 1099 ι
2081 1046 2219 1103 Cum
2250 1047 2481 1118 ingressi
2510 1048 2723 1103 fueritis
2753 1057 2957 1103 terram
2986 1046 3248 1102 Chanaan
3285 1061 3450 1115 quam

184 1126 298 1193 ἐγὼ
349 1128 547 1199 δίδωμι
603 1131 772 1201 ὑμῖν·
806 1132 903 1186 καὶ
944 1133 1099 1186 δώσω
1130 1135 1275 1207 άφὴν
1295 1138 1502 1208 λέπρας
1546 1141 1605 1192 ἐν
1655 1141 1776 1203 ταῖς

1876 1154 1978 1210 ego
2024 1140 2168 1195 dabo
2216 1139 2373 1195 vobis
2419 1141 2473 1195 in
2525 1139 2959 1209 possessionem,
3005 1139 3048 1193 si
3102 1136 3268 1195 fuerit
3295 1136 3452 1207 plaga

183 1216 385 1282 οἰκίαις
404 1219 504 1287 τῆς
524 1223 627 1291 γῆς
645 1221 745 1292 τῆς
768 1223 1036 1293 ὲγκτήτου
1054 1224 1228 1294 ὑμῶν,
1267 1246 1287 1278 ι
1323 1228 1417 1282 καὶ
1440 1228 1566 1299 ἑξῆς
1587 1246 1601 1258 ’
1632 1229 1775 1283 διδά-

1875 1230 2042 1300 lepra:
2086 1233 2141 1286 in
2178 1232 2387 1288 aedibus
2407 1233 2472 1296 ⁷³,
2499 1251 2517 1283 ι
2556 1241 2610 1287 et
2653 1232 2885 1301 reliqua.
2921 1231 3013 1287 Sic
3039 1231 3201 1286 docet
3225 1230 3453 1284 vulnera

184 1324 309 1360 σκει
338 1309 397 1362 δὲ
417 1310 505 1365 διὰ
526 1311 730 1366 τούτων
756 1314 838 1366 ὃτι
870 1315 1119 1386 θεήλατοι
1139 1312 1280 1387 ἦσαν
1306 1320 1362 1373 αἱ
1394 1320 1620 1390 πληγαὶ,
1646 1323 1776 1375 ποτὲ

1872 1337 1993 1379 esse
2044 1339 2075 1379 a
2126 1322 2240 1379 Deo
2294 1324 2565 1390 immissa,
2624 1324 2784 1380 modo
2828 1326 2880 1378 in
2926 1337 3142 1388 vestes,
3193 1322 3357 1376 modo
3397 1322 3451 1375 in

185 1401 289 1470 μὲν
315 1402 461 1455 κατά
496 1404 747 1473 ἱματίων,
778 1406 910 1459 ποτὲ
935 1407 994 1460 δὲ
1028 1410 1170 1462 κατά
1210 1411 1398 1464 οἰκιῶν
1434 1413 1731 1483 φερόμεναι
1757 1430 1771 1443 '

1871 1415 2086 1472 domos.
2121 1415 2247 1471 Haec
2288 1424 2471 1471 autem
2504 1418 2620 1487 ipsa
2655 1416 2981 1471 ineﬂabilem
3030 1415 3124 1469 Dei
3173 1428 3303 1483 erga
3353 1413 3452 1468 ho-

182 1490 359 1543 ταῦτα
392 1492 450 1544 δὲ
480 1492 579 1563 τὴν
605 1495 818 1564 ἄφατον
847 1496 942 1550 τοῦ
976 1496 1115 1552 Θεοῦ
1146 1500 1558 1571 φιλανθρωπίαν
1581 1503 1772 1574 ἀνεδή-

1871 1509 2047 1565 mines
2077 1524 2323 1565 amorem
2353 1507 2733 1564 demonstrant
2768 1526 2781 1561 :
2822 1507 3105 1560 hominum
3141 1505 3289 1559 enim
3326 1518 3452 1573 pec-

181 1582 279 1634 λου
298 1597 315 1612 ο
342 1583 577 1656 τῶνγὰρ
606 1585 907 1658 ἀνθρώπιον
935 1590 1386 1662 ἁμαρτανόντων,
1416 1596 1656 1664 ἱματίοις
1678 1599 1771 1651 καὶ

1870 1609 2112 1655 catorum
2162 1600 2217 1655 in
2264 1601 2596 1656 vestimenta
2664 1610 2719 1654 et
2772 1599 2967 1654 domos
3031 1597 3256 1650 vulnera
3323 1610 3448 1650 cum

181 1674 390 1738 οἰκίαις
422 1677 656 1748 ἐπέφερε
701 1679 799 1744 τάς
831 1681 1066 1752 πληγὰς,
1097 1683 1188 1737 διὰ
1212 1685 1420 1740 τούτων
1448 1689 1560 1751 τοῖς
1596 1688 1768 1743 ταῦτα
1795 1668 1823 1727 Ῑ

1874 1691 2213 1754 immitteret,
2247 1692 2322 1747 ita
2368 1692 2714 1749 sanationem
2746 1706 2809 1746 ea
2860 1688 3267 1760 possidentibus
3316 1688 3448 1742 atie-

178 1770 548 1838 κεκτημένοις
586 1771 687 1840 τὴν
716 1772 1012 1843 θεραπείαν
1040 1778 1365 1849 προσφέρων
1386 1794 1400 1810 °
1433 1778 1575 1833 ἔοικε
1604 1781 1660 1837 δὲ
1689 1781 1767 1853 τῷ

1874 1784 2045 1837 rebat.
2069 1783 2256 1838 Simile
2276 1793 2361 1839 est
2387 1784 2574 1838 domui
2609 1784 2835 1853 leprosa:
2868 1781 3066 1837 domus
3093 1780 3261 1835 Israel
3286 1794 3317 1832 e
3340 1793 3449 1848 qua

177 1860 458 1931 λεπρῶντι
496 1862 633 1934 οἴκῳ
664 1866 693 1916 ό
714 1860 858 1929 οἶκος
876 1866 969 1919 τοῦ
1014 1868 1246 1941 Ἰσραὴλ,
1272 1865 1334 1927 οὗ
1364 1872 1626 1938 πολλάκις
1667 1875 1768 1944 μὲν

1873 1876 2200 1944 saepissime,
2226 1877 2385 1944 quasi
2434 1884 2604 1945 petrae
2655 1874 2902 1943 quaedam
2929 1914 2943 1937 ,
2983 1872 3160 1927 Judaei
3211 1871 3448 1939 leprosi,

176 1950 524 2021 ἐξῃρέθησαν
561 1954 811 2026 καθάπερ
828 1957 966 2011 λίθοι
992 1961 1138 2025 τινὲς
1168 1962 1477 2034 λεπρῶντες
1503 1968 1552 2019 oI
1582 1966 1765 2038 πλημ-

1874 1964 1928 2019 id
1955 1973 2058 2031 est,
2090 1974 2407 2034 peccatores
2457 1964 2634 2020 avulsi
2688 1971 2840 2030 sunt,
2884 1978 3031 2017 nunc
3076 1961 3144 2015 ab
3181 1959 3447 2031 Assyriis,

180 2043 559 2113 μελήσαντες,
610 2048 743 2101 ποτὲ
770 2049 867 2119 μὲν
911 2050 1001 2103 διὰ
1052 2054 1350 2125 Ἀσσυρίων
1373 2095 1387 2121 ,
1428 2058 1558 2111 ποτὲ
1587 2057 1645 2111 δὲ
1682 2058 1771 2114 διά

1872 2072 2019 2113 nunc
2051 2072 2082 2111 a
2115 2055 2453 2128 Babyloniis,
2497 2058 2635 2112 alias
2669 2055 2889 2110 tandem
2938 2070 2970 2109 a
3011 2052 3445 2113 Macedonibus;

178 2134 576 2203 Βαϐυλωνίων,
616 2138 803 2194 ἄλλοτε
847 2142 905 2195 δὲ
950 2143 1040 2197 διὰ
1077 2146 1404 2204 Μακεδόνων
1433 2165 1448 2180 ⁶
1480 2149 1667 2220 ἐπειδὴ
1713 2150 1770 2203 δὲ

1870 2163 1995 2203 cum
2033 2156 2216 2203 autem
2275 2150 2574 2204 inveterata
2630 2148 2820 2203 domui
2864 2146 3080 2200 cuidam
3136 2145 3285 2214 lepra
3336 2144 3448 2197 ha:-

180 2223 397 2290 παγίαν
426 2225 586 2297 ἔσχον
631 2230 733 2301 τὴν
756 2232 997 2303 λέπραν,
1031 2234 1202 2307 ἄρδην
1248 2238 1619 2310 καταλυθῆναι
1671 2241 1769 2304 τὴν

1870 2249 2034 2301 reret,
2069 2240 2208 2293 hanc
2232 2240 2388 2295 evelli
2418 2240 2663 2296 funditus
2693 2239 2972 2310 legislator
2999 2237 3333 2307 imperabat.

175 2316 363 2369 οἰκίαν
390 2319 417 2370 ὁ
454 2319 753 2393 νομοθέτης
782 2324 1050 2379 ἐκέλευεν.

705 2437 1040 2491 ΕΡΩἸἩΣΙΣ
1074 2440 1234 2493 ΣοΑ⁹.

466 563 599 632 Πῶς
620 563 691 620 ἐν
719 566 973 637 ιματίοις
1008 566 1202 634 λέπρα
1226 565 1493 636 ἐγίνετο;

1871 2415 2201 2489 QUESTIO
2254 2419 2529 2475 CCLXXI.
2590 2418 2781 2491 [CoisL
2849 2416 3231 2481 CCLXXXIX,
3274 2415 3445 2470 Taur.

2443 2512 2819 2569 CCLXXVIII.

182 2581 258 2639 Τι’
284 2588 563 2656 σημαίνει
592 2591 664 2648 τὰ
678 2590 788 2647 δύο
819 2594 1048 2661 ὀρνίθια
1071 2596 1225 2677 deep
1249 2596 1354 2651 τοῦ
1387 2596 1762 2670 καθαριζομέο

2443 2512 2846 2583 CCLXXVHLI

1874 2605 2015 2670 Quid
2050 2605 2343 2675 signiﬁcent
2375 2611 2495 2659 dum
2538 2624 2655 2660 aves
2684 2623 2800 2677 quae
2832 2623 2928 2675 pro
2953 2605 3213 2675 expianda
3238 2604 3449 2660 homine

662 2678 773 2716 νου
803 2668 1261 2735 προσφερόμενα
1284 2684 1304 2731 ;
1660 2668 1671 2670 θ
1894 2668 1911 2670 “
2100 2668 2121 2675 ⁷
2189 2668 2199 2674 ’
2402 2668 2757 2745 o/ferebantttr
2781 2668 2917 2747 (7'1).

1069 2779 1210 2831 Edita
1241 2796 1268 2832 a
1295 2782 1419 2832 Maio
1452 2783 1505 2847 (l.
1543 2796 1586 2833 c.
1621 2795 1669 2845 p.
1708 2785 1812 2846 155,
1844 2802 1891 2849 q.
1926 2787 2059 2852 280).
2092 2814 2154 2825 —
2183 2787 2346 2839 Levit.
2380 2803 2479 2849 xiv,
2514 2790 2561 2839 4.

258 2877 366 2930 Τοῦ
396 2880 666 2951 σωτηρίου
696 2882 903 2947 πάθους
933 2888 1179 2958 περιέχει
1216 2890 1307 2944 τὸν
1338 2890 1508 2944 τύπον
1528 2908 1541 2921 ·
1574 2891 1768 2964 ὥσπερ
1794 2901 1823 2955 ί

1941 2895 2142 2967 Figura
2170 2909 2300 2953 sunt
2331 2898 2591 2952 salutaris
2624 2899 2918 2968 passionis.
2956 2896 3027 2952 Ut
3064 2898 3207 2953 enim
3245 2899 3443 2953 horum

180 2966 295 3038 γάρ
322 2968 526 3024 τούτων
554 2970 617 3023 τὺ
644 2971 742 3042 μὲν
767 2969 977 3040 θύεται,
1002 2977 1062 3029 τὸ
1098 2977 1155 3029 δὲ
1183 2979 1264 3042 είς
1294 2978 1356 3032 τὸ
1387 2979 1482 3033 τοῦ
1510 2981 1765 3046 τυθέντος

176 3054 326 3130 αἷμα
358 3060 700 3133 βαπτόμενον
724 3067 1009 3133 ἀπελύετο,
1044 3069 1216 3133 οὕτως
1251 3071 1392 3141 ὑπὲρ
1418 3073 1521 3142 τῆς
1549 3073 1762 3145 λεπρῶ-

180 3171 288 3224 σης
316 3154 739 3227 ἁνθρωπότητος
772 3160 800 3211 ὁ
839 3162 1113 3232 Δεσπότης
1144 3164 1464 3238 ἐσταυρώθη
1506 3169 1761 3238 Χριστὸς,

179 3246 284 3314 τῆς
303 3246 405 3316 μὲν
434 3248 637 3318 σαρκὸς
658 3249 959 3320 δεξαμένης
981 3255 1070 3305 τὸν
1092 3255 1341 3324 θάνατον,
1368 3260 1467 3329 τῆς
1493 3259 1550 3312 δὲ
1573 3260 1766 3331 Θεότηο

181 3354 274 3399 τος
302 3339 737 3410 οἰκειωσαμένης
767 3341 827 3394 τὸ
863 3344 963 3413 τῆς
994 3345 1410 3418 ἀνθρωπότητος
1444 3350 1635 3415 πάθος
1669 3354 1765 3407 καὶ

184 3430 440 3501 καθάπερ
472 3431 627 3485 ὕδατι
670 3433 896 3505 καθαρῷ
935 3436 1029 3489 τοῦ
1080 3440 1379 3508 σφαγέντος
1415 3444 1655 3514 ὀρνιθίου
1703 3447 1765 3499 τὸ

183 3516 323 3591 αἷμα
369 3521 735 3593 μιγνύμενον,
767 3525 859 3580 καὶ
896 3528 1143 3599 κεδρίνου
1181 3530 1339 3596 ξύλου
1373 3536 1469 3588 καὶ
1508 3537 1760 3594 ὑσσώπου

186 3614 279 3666 καὶ
311 3614 568 3667 κοκκίνου
596 3615 978 3688 κεκλωσμένου
1012 3624 1496 3694 περιρραινόμενος
1522 3631 1549 3681 ὁ
1586 3630 1759 3684 καθα-

185 3703 473 3771 ριζόμενος
530 3704 730 3776 λεπρὸς
778 3706 1032 3779 λαμπρός
1081 3729 1141 3765 τε
1193 3716 1286 3767 καὶ
1335 3716 1574 3787 καθαρὸς
1625 3722 1759 3774 ἀπο-

182 3792 482 3858 δείκνυται,
512 3792 685 3859 οῢτως
713 3798 741 3849 ὀ
764 3798 841 3866 τῷ
877 3799 1091 3871 Σωτῆρι
1122 3802 1395 3858 πιστεύων
1422 3808 1641 3880 Χριστῷ
1668 3814 1761 3865 καὶ

182 3885 257 3955 τῷ
302 3887 398 3939 τοῦ
447 3890 714 3958 παναγίου
766 3893 1081 3963 Πνεύματος
1121 3895 1275 3950 ὕδατι
1319 3898 1716 3971 καθαιρόμενος
1742 3945 1756 3969 ,

182 3977 277 4040 τάς
303 3980 416 4031 τῶν
444 3979 857 4051 ἁμαρτημάτων
884 3984 1181 4041 ἀποϐάλλει
1209 3990 1454 4059 κηλῖδας“
1488 3991 1759 4063 σύμϐολον

182 4067 236 4121 δὲ
278 4071 343 4122 τὸ
390 4072 491 4141 μὲν
530 4072 776 4143 κέδρινον
823 4074 999 4142 ξύλον,
1047 4078 1147 4148 τῆς
1187 4080 1433 4146 ἀπαθοῦς
1472 4083 1759 4155 Θεότητοςο

183 4160 430 4231 ἄσηπτον
469 4163 525 4215 δὲ
559 4163 623 4216 τὸ
657 4165 847 4230 ξύλον·
895 4168 957 4221 τὸ
989 4168 1045 4222 δὲ
1085 4171 1338 4228 κόκκινον
1385 4175 1446 4228 τὸ
1492 4176 1754 4245 κλωστὺν,

1868 2985 1973 3039 alia
2020 2986 2358 3051 immolatur,
2405 2986 2621 3056 aliaque
2668 2988 2720 3041 in
2788 2989 3110 3058 sanguinem
3153 2988 3447 3043 immolata:

1869 3077 2125 3131 immersa
2149 3078 2544 3145 dimittebatur,
2563 3079 2701 3133 haud
2727 3080 2883 3133 aliter
2908 3094 3008 3149 pro
3027 3081 3267 3134 humana
3291 3080 3444 3150 lepra

1870 3166 2135 3224 Dominus
2162 3168 2422 3226 Christus
2459 3172 2758 3227 cruciﬁxus
2790 3187 3021 3241 corpore
3048 3172 3269 3241 quidem
3293 3187 3442 3229 mor-

1868 3267 1977 3314 tem
2016 3260 2276 3329 suscepit,
2330 3261 2636 3332 divinaeque
2682 3271 2894 3317 natura:
2930 3264 3287 3320 humanitatis
3321 3281 3445 3335 pas-

1868 3351 2101 3406 sionem.
2135 3356 2214 3407 Ac
2241 3354 2405 3408 veluti
2439 3370 2604 3409 cruor
2651 3355 2944 3409 immolatae
3000 3357 3116 3410 avis
3154 3362 3442 3426 postquam

1869 3443 2072 3499 viventi
2114 3459 2273 3514 aqum
2308 3446 2629 3501 commistus
2664 3446 2865 3509 fuerat,
2892 3447 3167 3517 homoque
3193 3447 3445 3516 leprosus

1867 3536 2017 3607 ligno
2057 3537 2302 3601 cedrino,
2331 3538 2594 3609 hyssopo,
2637 3553 2915 3609 coccoque
2943 3554 3277 3608 conspersus
3301 3547 3441 3605 erat,

1868 3638 1997 3682 tunc
2017 3629 2253 3684 mundus
2283 3644 2561 3699 purusque
2581 3630 2893 3696 videbatur;
2917 3631 2997 3685 sic
3033 3633 3127 3701 qui
3163 3632 3219 3686 in
3255 3632 3447 3686 Salva-

1864 3728 2038 3774 tor-em
2066 3720 2345 3776 Christum
2364 3722 2556 3786 credit,
2580 3732 2632 3776 et
2653 3724 2827 3778 sancti
2853 3722 3091 3792 Spiritus
3110 3740 3252 3794 aqua
3274 3741 3444 3795 purus

1863 3812 2042 3869 factus
2102 3823 2208 3881 est,
2248 3830 2442 3875 omnes
2492 3825 2841 3885 peccatorum
2900 3817 3145 3871 maculas
3201 3818 3441 3886 projicit.

1862 3903 2132 3974 Exprimit
2153 3906 2359 3974 lignum
2385 3907 2670 3961 cedrinmn
2708 3917 2985 3975 expertem
3009 3909 3214 3962 doloris
3233 3910 3442 3964 divini-

1864 4004 2059 4063 tatem;
2109 3997 2488 4067 iucorruptum
2520 3999 2666 4052 enim
2697 4006 2781 4054 est
2821 3999 2925 4052 hoc
2955 3998 3200 4068 lignum;
3235 4012 3441 4056 coccus

1864 4103 1992 4141 vero
2019 4089 2203 4143 uendo
2252 4088 2541 4154 deductus,
2601 4089 3005 4145 humanitatem
3049 4104 3115 4144 ex
3162 4090 3344 4145 anima
3387 4100 3445 4148 et

1863 4193 2094 4248 corpore
2140 4180 2465 4248 conﬂatam;
2518 4180 2792 4252 hyssopus
2841 4181 3081 4251 Spiritus
3128 4185 3303 4237 sancti
3344 4196 3441 4237 ca-

181 4253 278 4321 τῆς
308 4255 375 4305 ὲκ
397 4254 575 4325 ψυχῆς
610 4257 704 4309 καὶ
736 4257 988 4328 σώματος
1017 4262 1456 4334 ἀνθρωπότητος’
1488 4271 1549 4320 τὸ
1576 4270 1633 4322 δὲ
1662 4270 1758 4323 ὓσ-
1789 4253 1823 4307 Π

1870 4274 2035 4329 lorem
2085 4283 2140 4331 et
2188 4278 2536 4332 suavitatem.
2575 4275 2668 4331 Sic
2720 4276 2790 4334 iis
2837 4278 2932 4347 qui
2978 4278 3328 4349 baptizantur
3372 4295 3441 4333 ex

184 4355 385 4406 σωπον,
416 4343 517 4412 τῆς
557 4344 651 4397 τοῦ
683 4349 951 4415 παναγίου
982 4351 1300 4422 Πνεύματος
1331 4356 1662 4428 θερμότητός
1696 4379 1755 4413 τε

184 4435 272 4485 καὶ
298 4435 566 4504 εύοσμίας
588 4452 602 4466 ·
636 4437 725 4491 διά
753 4439 960 4493 τούτων
1008 4444 1058 4495 οἱ
1102 4442 1487 4515 βαπτιζόμενοι
1529 4452 1627 4518 τῆς
1656 4450 1756 4520 ψυ-

182 4524 342 4593 χικῆς
391 4526 825 4584 ἀπαλλάττονται
860 4532 1065 4605 λέπρας
1086 4551 1100 4565 ·
1134 4537 1227 4589 καὶ
1272 4539 1305 4607 ἡ
1346 4539 1545 4611 κοτύλη
1576 4542 1632 4595 δὲ
1662 4545 1755 4598 τοῦ

183 4615 389 4680 ἐλαίου,
436 4616 533 4669 τοῦ
569 4618 946 4689 Πνευματικοῦ
998 4625 1114 4677 ἐστι
1162 4626 1335 4697 μύρου
1389 4635 1703 4704 σημαντικὴ
1741 4650 1756 4665 ο

184 4706 330 4776 δηλοῖ
368 4708 426 4762 δὲ
474 4710 535 4763 τὸ
575 4713 959 4785 ὲπιχριόμενον
990 4717 1169 4772 ἔλαιον
1212 4721 1290 4791 τῷ
1321 4721 1469 4793 ὼτίῳ
1496 4726 1571 4794 τῷ
1601 4726 1760 4797 δεξιῷ

185 4800 277 4851 καὶ
313 4803 381 4869 τῇ
426 4800 581 4873 δεξιᾷ
615 4804 763 4873 χειρὶ
811 4808 906 4858 καὶ
945 4806 1024 4877 τῷ
1051 4808 1211 4879 δεξιῷ
1240 4811 1365 4863 ποδὶ
1386 4850 1401 4875 ,
1427 4812 1489 4865 τὸ
1520 4814 1619 4883 μὲν
1663 4816 1762 4886 τὴν

184 4891 352 4962 ἀκοὴν
377 4896 491 4957 τοῖς
523 4894 719 4959 δεξιοῖς
755 4897 1101 4968 ἀφοριεῖσθαι
1136 4901 1335 4969 λογίοις
1355 4921 1369 4934 ·
1394 4904 1493 4975 τὴν
1518 4905 1575 4959 δὲ
1603 4909 1759 4979 χεῖρα

190 4984 282 5037 καὶ
319 4986 413 5038 τὸν
448 4987 609 5054 πόδα,
656 4992 775 5053 ταῖς
802 4991 1002 5057 δεξιαῖς
1031 4994 1295 5065 πράξεσιν
1331 4998 1758 5070 ἐπιϐαλλόμενον

1859 4368 2043 4423 anima
2077 4368 2227 4438 lepra
2254 4369 2551 4436 adimitur;
2587 4371 2769 4426 cotula
2800 4371 2923 4428 oleo
2957 4371 3117 4441 plena
3169 4370 3443 4443 signiﬁcat

1860 4459 2037 4513 sancti
2063 4458 2303 4529 Spiritus
2350 4460 2606 4531 gratiam,
2660 4462 2861 4517 illitum
2919 4477 3086 4533 super
3126 4468 3442 4516 extremum

1861 4551 2119 4605 auriculae
2146 4551 2371 4617 dextrae,
2410 4560 2466 4606 et
2511 4568 2676 4623 super
2705 4569 2929 4609 manum
2971 4553 3218 4608 dextram
3246 4559 3301 4606 et
3343 4566 3439 4621 pe-

1859 4642 2021 4708 dem,
2082 4643 2261 4697 oleum
2328 4644 2587 4703 ostendit.
2646 4646 2905 4701 Auditum
2965 4645 3184 4716 quidem
3240 4643 3441 4715 aperiri

1863 4733 2070 4790 dextris
2098 4735 2363 4805 eloquiis,
2396 4752 2620 4792 manum
2654 4752 2785 4793 vero
2808 4746 2861 4793 et
2890 4738 3084 4808 pedem
3111 4744 3259 4790 recte
3292 4734 3437 4789 facta

1862 4825 2260 4883 elaboraturos.
2310 4827 2511 4883 lllitum
2562 4839 2742 4885 autem
2781 4831 2948 4900 capiti
3000 4828 3200 4884 mentis
3242 4840 3442 4882 conse-

1861 4919 2164 4974 crationem
2205 4923 2498 4991 signiﬁcat.
2542 4924 2642 4990 Qui
2678 4936 2858 4977 autem
2897 4924 3147 4994 leprosus
3178 4937 3441 4993 perman-

1864 5010 2019 5077 serit,
2051 5028 2117 5067 ex
2146 5011 2389 5069 Ecclesia
2423 5015 2692 5079 ejiciatur.

186 5074 353 5180 ait“).
376 5080 443 5148 τῇ
473 5080 707 5152 κεφαλῇ’
746 5084 847 5155 τὴν
885 5087 1180 5159 ἀφιέρωσιν
1205 5089 1302 5144 τοῦ
1324 5090 1542 5158 λογικοῦ
1570 5091 1741 5163 δηλοῖ·
1770 5097 1799 5151 ὁ
1829 5100 1929 5168 μέν
1953 5074 2036 5158 τοι
2092 5104 2375 5175 διαμείνας
2421 5074 2623 5173 λεπρὸς
2658 5106 2765 5172 ἔξω
2819 5106 2921 5177 τῆς
2964 5107 3285 5180 Ἐκκλησίας
3328 5108 3436 5161 ἐκ-

190 5170 460 5230 ϐάλλεται.

258 5393 305 5425 ⁷³
327 5391 489 5449 Num.
520 5412 708 5462 xxxw,
740 5399 795 5453 2.

1689 5517 1924 5575 NOTAE.

196 5711 227 5767 Ρ
260 5626 482 5753 (3,2213:
517 5627 863 5686 Theodoreto
894 5648 949 5703 q.
995 5633 1062 5688 l8
1102 5633 1157 5689 in
1194 5634 1362 5692 Levit.
1412 5635 1474 5689 Τ.
1532 5634 1747 5701 LXXX,

2076 5637 2151 5694 Ex
2202 5636 2541 5696 Theodoreto
2590 5659 2642 5710 ιι.
2698 5639 2758 5693 l9
2807 5642 2858 5693 in
2894 5638 3060 5693 chit.
3109 5635 3170 5693 Τ.
3218 5637 3434 5704 LXXX,

1948 5725 1978 5761 ο
2058 5749 2069 5761 .

1863 5725 1913 5776 p.
1948 5725 2069 5763 οπο.
