3854 6216
366 289 506 358 1099

470 402 799 470 QUAESTIO
833 403 1112 463 CCLXXII
1151 406 1340 480 [CoisL
1377 407 1579 472 CCXC,
1636 409 1805 465 Taur.

968 500 1323 574 CCLXXIXJ

365 593 474 650 Cur
502 610 604 648 non
634 593 846 648 licuerit
866 594 1076 653 Judwis
1109 597 1289 650 edulia
1348 598 1624 652 immolare
1683 597 1940 652 animalia

728 665 834 720 nisi
864 682 1041 720 coram
1077 667 1422 720 tabernaculo
1454 669 1592 737 (περ

1565 301 1834 364 ΡΗΟἸΙΙ
1875 302 2382 365 ΡΑΤΒΙΑΒΕΗΕ
2408 302 2519 365 CP.

1964 419 2016 475 Δ

3479 298 3620 366 1100

2570 409 2903 467 ΕΡΩΤΗΣΙΣ
2926 411 3086 468 ΣοΒ¹.

2046 593 2212 648 Διατί
2238 593 2593 663 ἀπαγορεύει
2619 595 2819 663 πόρῤω
2856 591 2966 660 τῆς
2994 592 3232 660 σκηνῆς
3270 591 3516 646 θύεσθαι
3547 589 3621 646 τὰ

2499 665 2823 734 ἐσθιόμενα
2851 663 3152 735 θρέμματα
3179 681 3200 730 ;

935 777 1077 828 Edita
1098 793 1125 827 a
1151 779 1278 830 Maio
1313 781 1370 843 (ι.
1406 793 1452 829 e.
1487 794 1533 842 p.
1570 779 1680 843 155,
1711 780 1821 844 136,
1850 795 1900 844 q.
1929 779 2061 839 282).
2095 805 2156 816 —-
2185 779 2261 830 De
2291 785 2543 842 praecepto
2594 779 2756 829 Levit.
2785 792 2902 840 xvu,
2925 779 2974 840 5,
2999 778 3045 828 4.

436 867 555 923 Non
597 867 766 924 Deum
806 869 1050 938 fugiebat
1093 871 1315 927 Iudaeos
1361 886 1485 927 esse
1530 872 1766 943 impios,
1810 886 1942 943 pro-

366 973 673 1029 pensosque
731 960 822 1017 .ad
878 960 1136 1017 victimas
1202 963 1546 1019 daemonibus
1611 962 1942 1021 offerendas.

367 1051 662 1123 Imperavit
693 1053 860 1125 igitur
880 1065 941 1110 ut
962 1056 1059 1126 qui
1093 1056 1256 1112 vellet
1280 1057 1486 1128 aliquid
1519 1057 1826 1122 immolare,
1855 1057 1944 1113 vel

367 1143 623 1209 vitulum,
668 1145 752 1200 vel
786 1160 966 1208 ovem,
1008 1147 1095 1202 vel
1130 1163 1377 1219 capram,
1417 1149 1463 1205 is
1501 1150 1569 1204 ad
1597 1149 1824 1220 januam
1857 1157 1946 1204 ta-

368 1233 649 1290 bernaculi
693 1236 1012 1300 adduceret,
1056 1249 1188 1294 tunc
1235 1241 1463 1309 profuso
1507 1242 1627 1311 ejus
1677 1241 1947 1313 sanguine

369 1338 556 1379 secum
591 1340 786 1382 carnes
818 1327 1045 1382 domum
1095 1337 1430 1400 asportaret.
1477 1328 1615 1386 Eum
1664 1331 1758 1401 qui
1789 1330 1948 1387 aliter

273 1442 290 1493 ξ
369 1426 574 1485 ageret,
623 1425 684 1472 ut
737 1417 1024 1474 homicidii
1073 1435 1228 1476 reum
1291 1421 1408 1477 ﬂeri
1453 1422 1642 1493 jussit,
1704 1421 1947 1478 dicens:

379 1523 398 1554 ι
437 1503 738 1576 Sanguinis
768 1523 898 1564 reus
941 1511 1064 1574 erit,
1116 1511 1274 1581 quasi
1324 1512 1371 1567 si
1427 1513 1751 1583 sanguinem
1795 1512 1951 1568 fudev

279 1653 296 1677 >
372 1595 445 1648 rit
475 1595 550 1660 ⁷⁵,
590 1615 609 1648 ι
639 1607 694 1653 et
727 1599 959 1670 reliqua.
993 1601 1151 1668 Quod
1202 1611 1386 1658 autem
1416 1604 1502 1658 lex
1531 1605 1597 1658 ad
1623 1604 1676 1659 id
1723 1613 1952 1674 spectet,

2115 869 2270 941 ’ῌδει
2297 868 2397 938 τὴν
2422 867 2581 922 ἐνίων
2604 866 2879 930 ἀσέϐειαν,
2905 869 3000 921 καὶ
3024 867 3108 920 ὅτι
3135 868 3248 930 τοῖς
3268 866 3489 938 δαίμοσι
3519 870 3623 925 θυ-

2044 963 2164 1028 σίας
2214 962 2586 1035 προσοίσουσι·
2648 960 2949 1032 προσέταξε
3007 959 3188 1014 τοίνυν
3225 961 3405 1017 πάντα
3459 963 3628 1019 θύσαι

2044 1056 2370 1127 βουλόμενον
2418 1053 2619 1126 μόσχον
2663 1053 2698 1124 ἢ
2745 1053 3016 1122 πρόϐατον
3047 1053 3081 1126 ἢ
3115 1049 3282 1122 αἶγα,
3337 1055 3493 1126 παρά
3524 1056 3630 1128 τὴν

2045 1149 2217 1218 θύραν
2245 1151 2348 1218 τῆς
2389 1148 2596 1217 σκηνῆς
2626 1146 2876 1214 ἀγαγεῖψ
2916 1146 3013 1198 καὶ
3043 1146 3105 1198 τὸ
3142 1141 3285 1215 αἷμα
3317 1146 3507 1216 ἐκχέαι
3532 1147 3632 1200 καὶ

2047 1240 2373 1311 μεταϐαλεῖν
2403 1239 2589 1293 οῖκαδε
2615 1237 2724 1291 τῶν
2753 1236 2962 1307 κρεῶν*
2996 1236 3088 1292 τὸν
3139 1237 3196 1290 δὲ
3223 1237 3385 1292 τοῦτο
3429 1239 3504 1309 μὴ
3541 1239 3635 1293 δε-

2044 1333 2305 1407 δρακότα,
2334 1332 2411 1397 ὡς
2440 1332 2618 1402 φόνων
2644 1329 2831 1401 ἔνοχον
2859 1328 3286 1400 κατηγορεῖσθαι
3323 1329 3633 1385 ἐκέλευσενο

2057 1444 2077 1480 ι
2095 1421 2246 1497 Αἷμα
2267 1424 2400 1496 γάρ,
2428 1423 2587 1494 φησὶ,
2607 1423 2996 1496 λογισθήσεται
3016 1422 3095 1492 τῷ
3119 1421 3394 1494 ἀνθρώπῳ
3413 1424 3632 1495 ἐκείνῳο

2048 1518 2188 1590 αἷμα
2221 1518 2437 1588 ἐξέχεε,
2481 1535 2502 1569 ι
2554 1516 2652 1569 καὶ
2696 1515 2845 1586 ἑξῆς.
2882 1515 3010 1568 Ὀτι
3055 1513 3115 1567 δέ
3163 1512 3354 1567 τοῦτον
3387 1513 3501 1586 ἔχει
3539 1516 3639 1568 τὸν

2052 1611 2257 1665 σκοπὸν
2279 1609 2309 1663 ὁ
2339 1609 2525 1680 νόμος,
2557 1607 2626 1661 τὰ
2655 1607 2853 1678 ἐφεξῆς
2876 1607 3143 1663 διδάσκει.
3175 1624 3194 1658 ι
3244 1607 3470 1663 Ἀνοίσει
3500 1606 3637 1677 γὰρ,

372 1704 406 1745 e
437 1694 802 1762 sequentibus
847 1706 1067 1752 constat
1102 1717 1116 1752 :
1158 1715 1178 1749 ι
1209 1696 1346 1752 Nam
1399 1699 1639 1755 adolebit
1671 1698 1952 1765 sacerdos,

2059 1703 2244 1773 φησὶν,
2274 1703 2302 1756 ὁ
2332 1701 2512 1773 ἱερεὺς
2539 1701 2600 1754 τὸ
2639 1699 2808 1770 στέαρ
2841 1699 2920 1763 είς
2949 1700 3125 1770 ὀσμὴν
3149 1697 3377 1762 εὐωδίας
3407 1697 3482 1769 τῷ
3514 1699 3600 1752 Κυ
3623 1729 3638 1741 -

375 1783 576 1854 inquit,
610 1787 844 1856 ‘adipem
881 1789 934 1843 iu
987 1789 1210 1845 odorem
1263 1793 1554 1849 suavitatis
1597 1792 1851 1857 Domino,
1901 1801 1958 1848 et

376 1890 835 1948 noquaquaquam
911 1881 1058 1936 ultra
1125 1883 1488 1939 immolabant
1552 1885 1761 1941 hostias
1825 1899 1958 1941 suas

376 1968 719 2026 daemonibus
772 1987 896 2026 cum
949 1975 1154 2042 quibus
1206 1974 1463 2031 fornicati
1513 1987 1642 2032 sunt
1689 1979 1757 2033 ⁷⁸.
1794 1995 1814 2030 ι
1852 1978 1960 2033 Ista

2062 1795 2184 1867 ρίῳ,
2225 1795 2322 1850 καὶ
2365 1794 2428 1847 οὐ
2483 1792 2736 1847 θύσουσιν
2788 1792 2868 1845 ἔτι
2921 1791 3020 1855 τὰς
3051 1790 3244 1855 θυσίας
3293 1790 3474 1844 αὐτῶν
3520 1791 3642 1855 τοῖς

2061 1887 2337 1958 ματαίοις,
2370 1879 2448 1941 ὧν
2479 1887 2636 1941 αὐτοὶ
2675 1885 3134 1957 ἐκπορνεύσουσιν
3157 1885 3334 1939 ὀπίσω
3361 1885 3570 1939 αύτῶνι
3615 1903 3638 1937 ι

2058 1971 2219 2043 οὗτος
2253 1981 2283 2033 ὁ
2311 1979 2476 2048 νόμος
2518 1977 2671 2050 παρὰ
2714 1977 2987 2041 Ἰουδαίοις
3022 1977 3326 2046 ἐπικρατεῖ·
3357 1976 3387 2028 ὁ
3416 1974 3524 2046 γὰρ
3558 1975 3642 2028 ἱε-

301 3421 308 3431 ,
395 3374 620 3430 corpus.

375 2070 460 2118 est
493 2062 575 2116 lex
607 2078 732 2132 qua:
763 2064 906 2133 apud
936 2063 1157 2122 Iudaeos
1199 2066 1373 2137 viget;
1408 2083 1534 2122 nam
1568 2067 1822 2124 sacerdos
1857 2068 1962 2122 im-

378 2153 550 2208 molat
591 2153 775 2210 edulia
826 2155 1105 2224 animalia,
1138 2158 1420 2229 prohibuit
1455 2174 1581 2214 vero
1621 2175 1690 2215 ne
1736 2159 1961 2231 sanguis

378 2263 506 2304 esca
543 2250 694 2304 tieret
742 2248 830 2306 his
869 2250 938 2306 de
971 2251 1160 2307 causis
1195 2269 1210 2307 :
1247 2269 1268 2304 ι
1301 2252 1500 2307 Anima
1525 2252 1712 2308 carnis
1741 2252 1796 2307 in
1830 2267 1963 2308 san-

380 2343 545 2414 guine
585 2353 693 2412 est,
722 2354 777 2400 et
813 2361 914 2417 ego
947 2346 1070 2402 dedi
1102 2347 1258 2402 illum
1288 2347 1444 2404 vobis
1480 2357 1540 2404 ut
1573 2362 1739 2420 super
1787 2348 1964 2406 altare

381 2435 440 2489 in
467 2450 536 2491 eo
559 2437 794 2507 expietis
824 2453 924 2508 pro
958 2439 1253 2496 animabus
1279 2441 1499 2508 vestris,
1528 2450 1585 2497 et
1612 2442 1838 2513 sanguis
1861 2457 1964 2514 pro

383 2526 580 2582 animae
611 2529 828 2598 piaculo
859 2533 948 2585 sit.
977 2529 1192 2585 Idcirco
1219 2531 1331 2586 dixi
1367 2530 1496 2588 (iliis
1524 2530 1692 2587 Israel
1725 2551 1740 2589 :
1772 2531 1965 2590 Omnis

382 2617 568 2673 anima
597 2632 666 2674 ex
699 2619 855 2676 vobis
881 2636 989 2675 non
1017 2621 1267 2677 comedet
1296 2623 1621 2693 sanguinem
1647 2623 1718 2678 τ’.
1750 2642 1768 2674 ι
1805 2621 1966 2677 Velut

384 2710 523 2778 ipse,
557 2708 759 2780 inquit,
803 2710 1046 2766 animam
1083 2712 1447 2768 immortalem
1489 2713 1678 2778 habes,
1723 2714 1803 2770 sic
1840 2714 1965 2769 ani-

2065 2073 2193 2142 ρεὺς
2223 2070 2343 2126 θύει
2383 2070 2773 2139 τάἐσθιόμενα
2807 2070 2922 2135 ζῶα
2941 2086 2957 2101 ο
2991 2070 3338 2142 ἀπηγόρευσε
3369 2068 3427 2122 δέ
3459 2069 3552 2122 καὶ
3579 2067 3647 2121 τὸ

2061 2164 2264 2218 ἐσθίειν
2314 2158 2455 2235 αἷμα
2504 2164 2601 2218 καὶ
2635 2165 2737 2234 τὴν
2788 2163 2967 2218 αἰτίαν
3021 2162 3278 2228 ἐδίδαξεν.
3332 2179 3352 2215 ι
3412 2161 3479 2215 Ἦ
3531 2161 3646 2232 γὰρ

2060 2257 2228 2330 ψυχὴ,
2282 2257 2438 2328 φησὶ,
2483 2259 2666 2329 πάσης
2706 2257 2909 2328 σαρκὸς
2953 2251 3094 2326 αἷμα
3131 2255 3296 2309 αὑτοῦ
3345 2255 3497 2307 ἐστι’
3547 2253 3651 2308 καὶ⁵

2066 2350 2180 2422 ἐγὼ
2212 2351 2348 2406 αὐτὸ
2374 2351 2584 2405 δέδωκα
2638 2351 2768 2421 ύμῖν
2797 2349 2892 2404 ἐπὶ
2918 2349 3014 2404 τοῦ
3043 2347 3430 2418 θυσιαστηρίου
3460 2346 3647 2412 ἐξιλά-

2067 2444 2300 2498 σκεσθαι
2331 2444 2462 2515 περὶ
2504 2443 2614 2496 τῶν
2641 2441 2832 2514 ψυχῶν
2870 2443 3046 2513 ὑμῶν·
3079 2442 3141 2495 τὺ
3178 2441 3289 2512 γὰρ
3317 2433 3456 2510 αἷμα
3481 2438 3650 2493 αὐτοῦ

2068 2538 2191 2592 ἀντὶ
2219 2540 2320 2615 τῆς
2351 2536 2528 2613 ψυχῆς
2565 2536 2732 2591 αὑτοῦ
2767 2535 3071 2600 ἐξιλάσεται
3091 2548 3108 2564 ·
3138 2532 3228 2588 διὰ
3264 2533 3422 2587 τοῦτο
3451 2533 3654 2604 εῐρηκα

2068 2632 2183 2694 τοῖς
2211 2632 2349 2694 υἱοῖς
2381 2629 2599 2703 Ἰσραὴλ
2618 2647 2632 2660 ο
2667 2631 2824 2685 Πᾶσα
2855 2629 3002 2707 ψυχὴ
3031 2629 3089 2695 ἐξ
3119 2627 3275 2700 ὑμῶν
3306 2627 3366 2680 ού
3415 2627 3655 2696 φάγεται

2067 2717 2226 2793 αἷμαο
2265 2741 2284 2775 ι
2308 2721 2500 2795 ὥσπερ
2521 2723 2608 2787 σὺ,
2634 2724 2788 2793 φησὶ,
2811 2721 2992 2793 ψυχὴν
3020 2721 3288 2775 ἀθάνατον
3319 2719 3482 2790 ἔχεις,
3508 2717 3660 2775 οὕτω

387 2801 497 2857 mal
525 2817 690 2858 sensu
723 2819 938 2871 carens,
971 2821 1070 2876 pro
1102 2807 1285 2861 anima
1311 2821 1511 2876 corpus
1544 2807 1726 2861 habet.
1761 2805 1955 2874 Quam-

2066 2816 2129 2871 τὸ
2154 2815 2348 2885 ἄλογον
2377 2815 2515 2881 ζῶον
2545 2817 2666 2869 ἀντὶ
2697 2816 2797 2885 τῆς
2826 2815 3006 2886 ψυχῆς
3039 2815 3150 2885 ἔχει
3177 2814 3238 2867 τὸ
3269 2814 3448 2882 σῶμαο
3485 2804 3547 2865 οῦ
3588 2811 3660 2884 δὴ

387 2894 577 2950 ohrem
644 2911 744 2965 pro
817 2898 1007 2954 anima
1055 2907 1144 2954 tua
1211 2898 1354 2954 hanc
1407 2899 1551 2954 Deus
1608 2898 1737 2969 poni
1786 2899 1955 2970 jubet.

2069 2907 2233 2980 χάριν
2273 2906 2486 2961 κελεύει
2523 2907 2647 2962 ἀντὶ
2672 2907 2774 2976 τῆς
2814 2907 2917 2977 σῆς
2953 2906 3161 2976 ταύτην
3193 2903 3657 2976 προσενεχθῆναι·

389 2985 722 3058 Sanguinem
760 2990 924 3060 igitur
958 2991 1006 3045 si
1039 2992 1314 3057 comedes,
1347 2992 1531 3048 anima
1562 2993 1819 3059 vesceris;
1843 3008 1955 3047 nam

2071 3000 2170 3056 ἐὰν
2194 3001 2254 3054 δέ
2280 2998 2441 3053 τοῦτο
2467 2999 2671 3071 φάγῃς,
2698 2999 2878 3070 ψυχὴν
2907 2999 3128 3062 ἐσθίειςο
3159 2999 3386 3070 λογικῆς
3415 2995 3524 3068 γὰρ
3551 2996 3667 3067 ψυ-

389 3081 682 3138 rationalis
704 3083 888 3138 anima
917 3083 1066 3140 vices
1093 3084 1298 3155 implet.
1323 3084 1498 3153 Quam
1531 3085 1782 3142 edentem
1807 3095 1955 3142 vocat

2079 3093 2184 3166 χῆς
2211 3092 2369 3158 τάξιν
2401 3092 2562 3146 τοῦτο
2610 3091 2828 3163 πληροῖ·
2861 3091 2944 3145 διὸ
2985 3091 3082 3144 καὶ
3120 3091 3280 3160 φόνον
3317 3089 3417 3160 τὴν
3457 3088 3671 3161 βρῶσιν

393 3175 751 3232 homicidam.
781 3177 1153 3242 Quamobrem
1179 3178 1472 3235 morticina
1501 3179 1756 3234 animalia
1786 3194 1955 3235 come-

2079 3186 2354 3256 ὠνόμασε·
2393 3183 2586 3237 τούτου
2613 3183 2781 3238 ἕνεκα
2821 3185 2916 3236 καὶ
2941 3183 3008 3237 τά
3036 3182 3338 3254 τεθνηκότα
3363 3181 3473 3235 τῶν
3505 3179 3674 3246 ζώων

391 3268 520 3324 dere
568 3279 735 3338 vetat,
756 3270 1018 3341 quoniam
1045 3286 1078 3326 a
1117 3274 1387 3343 sanguine
1416 3281 1727 3343 separatum
1755 3286 1864 3327 non
1893 3287 1954 3328 es

2083 3275 2284 3330 ἐσθίειν
2313 3273 2669 3346 ἀπαγορεύει,
2702 3274 2778 3339 ὡς
2802 3273 2897 3328 τοῦ
2932 3274 3163 3345 αἵματος
3199 3273 3274 3345 μὴ
3303 3271 3677 3344 χωρισθέντος

2083 3365 2178 3420 τοῦ
2208 3364 2371 3431 ζὼου.

843 3448 1176 3517 ρυΑΞδΤιο
1201 3451 1525 3507 CCLXXI".
2596 3456 2932 3512 ΕΡΩΤΗΣΙΣ
2967 3453 3129 3511 ΣΟΓ.

403 3540 591 3616 Sancti
616 3542 1111 3616 Joa:nnis__Clionaci
1143 3547 1286 3601 locus
1327 3561 1394 3598 ea:
1432 3546 1602 3611 capite
1627 3544 1692 3600 de
1717 3546 1890 3616 quiete
1924 3563 1952 3600 ε

2087 3545 2207 3615 Τῆς
2239 3545 2542 3613 Κλίμακος
2567 3545 2638 3600 ἐκ
2679 3547 2790 3601 τοῦ
2831 3547 2966 3615 περὶ
2996 3545 3262 3615 ἡσυχίας
3299 3543 3398 3616 καί
3439 3546 3562 3612 imo

473 3615 749 3687 patientia,
773 3634 790 3664 ι
820 3613 1053 3687 Medium
1077 3616 1382 3687 prajterieus
1403 3615 1459 3676 in
1486 3617 1671 3669 mediis
1695 3613 1922 3687 perveni,

2155 3613 2270 3686 λνῆς
2294 3635 2307 3649 ⁸
2350 3636 2368 3670 ί
2405 3618 2850 3687 Μετερχόμενος
2889 3613 2957 3687 ἐς)
2972 3613 3251 3687 μέσόκέν
3265 3615 3479 3685 μέσοις

473 3694 520 3737 et
540 3699 560 3736 :
585 3701 602 3734 ι
633 3683 827 3746 Pomm
848 3686 1047 3747 sitienti
1079 3683 1271 3753 dabat,
1301 3705 1320 3736 ι
1349 3702 1510 3759 usque
1528 3688 1597 3739 ad
1615 3683 1790 3746 verba:
1823 3707 1841 3740 ι
1877 3687 1945 3742 Di

2159 3683 2259 3751 να,
2283 3705 2307 3759 ξΔ
2333 3688 2452 3752 καί,
2486 3706 2505 3738 ι
2535 3683 2762 3759 tacita-2
2794 3683 3064 3756 διψῶιῖυτα
3088 3707 3105 3740 ι
3131 3687 3245 3754 ἕως
3266 3683 3397 3752 τοῦ,
3425 3704 3444 3737 ι
3469 3688 3688 3756 λέγειν

475 3768 589 3808 cere
602 3770 818 3822 prorsus
845 3772 1060 3825 nequeo.
1102 3774 1121 3808 ι
1429 3756 1437 3759 ⁷

2161 3761 2250 3825 εις
2271 3756 2436 3812 ἅπαν
2462 3760 2575 3812 οὐκ
2604 3758 2723 3828 ἔχω
2755 3759 2886 3829 (75).
2923 3777 2943 3812 ι

405 3863 544 3924 [Nunc
565 3868 775 3936 primum
800 3865 935 3917 edita
959 3881 986 3914 a
1008 3867 1070 3917 D.
1101 3867 1511 3931 Hergenroether
1539 3882 1567 3919 e
1588 3869 1697 3918 cod.
1719 3869 1968 3931 Vaticano,
1988 3868 2024 3919 ί.
2047 3867 2158 3918 186.
2179 3894 2242 3904 -
2274 3867 2553 3931 Explicatio
2573 3869 2894 3947 quorumdam
2916 3867 3181 3920 verborum
3221 3869 3424 3921 Joannis
3453 3866 3692 3916 CIimaci‘

480 3984 531 4038 I.
565 3982 724 4042 Senis
748 3983 890 4042 sacri
919 3993 1084 4054 atque
1106 3984 1376 4041 laboriosi
1401 3985 1612 4056 petitio,
1643 3987 1794 4043 senis
1826 4001 1955 4041 vene

2161 3991 2232 4046 α’.
2264 3985 2527 4058 Γέροντος
2551 3985 2698 4055 ίεροῦ
2721 3987 2817 4040 καὶ
2843 3986 3132 4055 φιλοπόνου
3161 3987 3400 4056 αἰτησις,
3422 3985 3698 4055 γέροντος

413 4075 598 4136 rabilis
627 4085 680 4130 et
702 4077 1111 4148 contemplativi
1165 4078 1523 4148 quaestionem
1552 4080 1810 4150 proponit
1839 4079 1955 4150 ejus

2093 4075 2383 4136 θεσπεσίου
2410 4078 2506 4130 καὶ¹
2533 4075 2872 4148 θεωρητικοῦ
2908 4075 3143 4149 θεωρίαν
3186 4074 3552 4146 προϐάλλεται
3580 4075 3699 4148 τὴν

411 4169 532 4232 dem
559 4171 840 4241 postulans
891 4170 1334 4241 explicationem,
1383 4187 1508 4232 cum
1548 4181 1730 4231 tamen
1790 4172 1878 4238 iis,
1901 4188 1955 4242 ιιι

2091 4167 2299 4240 ταύτης
2349 4166 2687 4239 ἐπιζητοῦσα
2739 4169 3070 4240 σαφήνειανο
3109 4167 3288 4222 καίτοι
3329 4184 3395 4236 γε
3450 4168 3564 4230 τοῖς
3617 4168 3701 4224 τὰ

413 4271 543 4318 sunt
593 4262 648 4316 iu
694 4263 800 4318 vita
855 4261 1033 4322 activa
1065 4262 1366 4332 sapientes,
1399 4278 1510 4324 non
1553 4263 1694 4317 solet
1733 4271 1792 4318 ut
1820 4262 1955 4334 pluri

2098 4260 2384 4333 πρακτικὰ
2415 4263 2601 4329 σοφοῖς
2628 4261 2691 4315 οὑ
2725 4261 2882 4330 λόγος
2912 4260 2989 4326 ὡς
3012 4260 3218 4314 ἐπίπαν
3252 4259 3398 4330 φιλεῖ
3420 4257 3704 4313 καθίστα-

415 4367 565 4407 mum
595 4353 856 4424 magister
877 4368 1002 4410 esse
1030 4369 1234 4420 sermo,
1261 4353 1358 4411 sed
1395 4354 1539 4411 actio
1568 4362 1736 4424 atque
1765 4354 1955 4414 imitati

2106 4353 2231 4411 σθαι
2251 4353 2577 4416 διδάσκαλος
2601 4370 2614 4384 ·
2645 4355 2680 4424 ἡ
2721 4353 2780 4407 δέ
2812 4352 3011 4424 πρᾶξις
3060 4353 3155 4406 καὶ
3187 4352 3420 4424 μίμησις
3457 4350 3705 4405 αὐτόθεν

416 4462 512 4518 per
557 4461 618 4502 se
656 4447 962 4510 doctrinam
1008 4449 1232 4510 revelat.
1276 4447 1462 4504 Nostri
1504 4449 1671 4521 igitur
1715 4451 1865 4507 senis
1891 4464 1952 4505 es

2059 4458 2080 4516 )
2109 4443 2482 4499 ἀνακαλύπτει
2504 4444 2568 4498 τὸ
2591 4444 2847 4515 μάθημα.
2893 4443 3001 4497 Τοῦ
3028 4443 3300 4516 ἡμετέρου
3344 4441 3526 4496 τοίνυν
3573 4441 3706 4494 ἐστὶ

420 4540 621 4600 vetusti
669 4539 821 4599 senis
851 4555 917 4596 ex
955 4541 1232 4600 actionum
1282 4541 1532 4601 instituto
1581 4540 1869 4612 aenigmata
1896 4556 1955 4599 ei

2099 4536 2380 4608 γέροντος,
2410 4537 2506 4591 τοῦ
2537 4537 2774 4592 παλαιοῦ
2803 4537 3060 4610 γέροντος
3083 4538 3153 4592 τὰ
3180 4536 3291 4593 ἀπὸ
3304 4536 3405 4606 τῆς
3434 4535 3705 4605 πράξεως

416 4637 660 4709 plicare;
696 4635 842 4694 facto
870 4637 1016 4693 enim
1044 4654 1170 4697 cum
1203 4638 1408 4694 habeas
1437 4652 1526 4693 res
1558 4639 1728 4708 ipsas.
1755 4652 1955 4707 quasqu

2099 4627 2340 4682 διαλύειν
2389 4628 2726 4699 αἰνίγματα⁹
2771 4629 2918 4701 ἔργῳ
2941 4630 3052 4701 γὰρ
3092 4628 3232 4699 ἔχων
3275 4628 3342 4680 τὰ
3384 4629 3708 4698 πράγματα

420 4727 608 4798 nequit
645 4742 828 4784 sermo
857 4727 1192 4798 quzcstioues
1233 4727 1464 4789 diluere,
1505 4725 1651 4780 actio
1678 4725 1744 4779 ad
1782 4723 1955 4782 illarul

2103 4722 2199 4778 καὶ
2223 4721 2325 4775 ὅσα
2355 4721 2514 4790 λόγος
2536 4722 2791 4776 ἀδυνατεῖ
2816 4722 2924 4774 τῶν
2953 4720 3332 4791 ἀπορημόιτων
3367 4717 3636 4782 διαλύειν,
3668 4720 3706 4788 ἡ

419 4820 791 4890 cognitionem
823 4821 976 4890 przeit
1002 4836 1067 4876 ac
1120 4821 1293 4876 ducit.
1325 4820 1595 4887 Quoniam
1629 4827 1808 4873 tamen
1842 4826 1955 4872 casti

2106 4811 2308 4883 πρᾶξις
2329 4812 2626 4883 καθοδηγεῖ
2655 4811 3084 4866 συνεπίστασθαι
3102 4831 3116 4845 ·
3143 4811 3285 4879 πλὴν
3307 4811 3430 4862 ἐπεὶ
3450 4809 3709 4878 προσλα-

423 4917 498 4966 ris
541 4913 657 4967 vult
696 4914 993 4969 virtutibus
1025 4913 1191 4971 etiam
1225 4913 1315 4968 hic
1341 4910 1667 4967 humilitatis
1713 4908 1955 4980 perlectit

2115 4906 2231 4962 6e'iv
2257 4908 2380 4970 ταῖς
2409 4905 2600 4970 ἄλλαις
2640 4908 2865 4978 ἀρεταῖς
2903 4904 3181 4960 κάνταῦθα
3216 4904 3277 4956 τὸ
3307 4903 3404 4973 τῆς
3436 4918 3712 4957 ταπεινοο

423 5014 546 5055 aem
573 5000 873 5071 adjungere
897 5012 950 5058 et
979 5003 1050 5056 ab
1085 5001 1177 5069 iis,
1214 5001 1267 5055 in
1306 5001 1509 5070 quibus
1552 5015 1663 5054 non
1691 5006 1871 5054 exstat
1898 4998 1949 5053 vi

2117 4997 2395 5069 φροσύνης
2446 4997 2649 5052 τέλειον
2687 4999 2782 5052 καὶ
2812 4999 2944 5068 παρ’
2988 4991 3070 5060 οἷς
3102 4997 3205 5049 οὐκ
3253 4995 3371 5048 ἐστι
3418 4994 3648 5065 πρᾶξις,
3680 4998 3711 5048 ό

389 5100 601 5155 ctutum
662 5094 883 5165 praxis,
951 5095 1228 5166 practicus
1301 5095 1405 5153 iste
1480 5093 1564 5146 vir
1645 5090 1948 5161 practicaru

2117 5091 2424 5162 πρακτικὸς
2439 5092 2548 5145 τῶν
2561 5091 2882 5162 πρακτικῶν
2911 5091 3289 5162 θεωρημάτων
3315 5086 3382 5141 τὰ
3409 5087 3713 5157 ἀπόρρητα

422 5183 798 5240 doctrinarum
826 5200 1025 5242 arcana
1045 5187 1222 5257 poscit
1242 5185 1346 5240 sibi
1369 5183 1631 5256 explicari
1654 5198 1718 5238 ac
1743 5183 1955 5253 pateliet

2119 5181 2275 5254 ζητεῖ
2303 5182 2561 5252 γενέσθαι
2588 5183 2749 5254 ῥητὰ,
2781 5183 2881 5254 οὐχ
2908 5183 3064 5252 ἡμῖν,
3102 5179 3241 5234 ἀλλὰ
3263 5181 3330 5250 τῇ
3360 5177 3578 5231 ἐκείνου
3610 5188 3714 5241 καὶ

495 5302 544 5339 ⁷⁸
568 5301 742 5363 L6vil,
766 5317 902 5370 xvu,
938 5309 994 5362 4.
1067 5302 1114 5334 ⁷⁵
1139 5300 1274 5360 ibid.
1306 5300 1360 5360 6.
1436 5300 1483 5333 ⁷⁵
1521 5297 1654 5361 ibid.
1687 5297 1778 5356 11.

1941 5387 2177 5446 NOTAE.

501 5489 628 5616 (ἔξὶ
668 5489 747 5544 Ex
783 5486 1135 5543 Theodoreto
1171 5503 1226 5557 q.
1261 5486 1333 5540 25
1376 5485 1430 5539 in
1460 5483 1636 5538 Levit.
1674 5479 1738 5535 T.
1779 5479 1955 5545 LXXI!

2120 5493 2488 5557 nuncupatus,
2551 5483 2754 5540 saeculo
2797 5493 2950 5538 sexto
2995 5479 3329 5549 conscripsit
3373 5477 3471 5546 (cl‘.
3526 5477 3715 5562 de.co

2118 5561 2334 5616 chsler
2348 5555 2625 5616 Pati-alca.
2647 5564 2782 5609 tom.
2820 5553 2884 5616 II,
2911 5553 2939 5616 §
2962 5552 3087 5615 410,
3113 5568 3167 5616 p.
3197 5550 3300 5606 890
3326 5550 3495 5616 seq.).
3529 5548 3712 5616 llnjus

432 5548 734 5638 νοὲἒβο-.-
1131 5548 1203 5638 .’
1703 5623 1716 5638 .
1770 5637 1775 5638 ,
2118 5548 3712 5638 Esses?Pat"9!99:.‘°m.z.”x§4‘0:P-39933‘t21'l393‘!“

503 5631 618 5711 (13)
641 5629 864 5711 Clima:
900 5645 995 5685 seu
1031 5625 1443 5711 scalaparadisi
1480 5631 1567 5711 est
1589 5622 2007 5711 ‘tiltlltI§_lopcti§
2123 5632 2248 5711 libri
2280 5631 2460 5686 locum
2489 5622 2720 5711 Ifhotius
2755 5622 2996 5711 illustrat
3040 5634 3096 5685 et
3127 5622 3712 5711 9129_l_|_i_l:h§ﬁ:qyff'

433 5691 677 5768 ascetici,
715 5717 876 5773 quem
914 5708 1140 5773 rogante
1183 5691 1396 5773 Joanne
1420 5696 1659 5773 _nhba_te_
1683 5691 2007 5773 llziithueusi
2115 5691 2316 5764 stionc,
2357 5714 2480 5769 quae
2513 5699 2569 5756 in
2605 5697 2727 5758 cod.
2759 5694 3098 5754 Coisliniano
3116 5704 3170 5751 et
3207 5691 3550 5752 Tauriucusi
3587 5705 3712 5750 0m-

435 5763 676 5834 .loannes
723 5763 895 5828 abbas
943 5763 1008 5826 ἱιῖ
1044 5781 1231 5826 monte
1279 5768 1456 5834 Sinai,
1500 5765 1697 5823 exinde
1731 5763 2009 5820 Climacus
2117 5777 2248 5834 ηίηο
2276 5763 2454 5834 deost.
