3876 6216
191 241 329 308 1101

890 243 992 302 AD
1021 242 1613 303 AMPHILOCHIUM
1655 242 1795 314 QUA

1902 240 2002 302 .‘IO
2035 238 2734 301 CCLXXII‘CCLXXUI.

3328 231 3471 297 1102

187 356 357 427 ἀρετῇ
392 357 485 406 καὶ
510 354 726 423 αίτήσει
761 352 1089 426 θαρροῦντες
1122 355 1214 407 ἐπὶ
1252 355 1352 425 τὴν
1384 354 1492 407 τῶν
1521 356 1763 425 ἀπορουι-

1907 368 1975 408 on
2026 352 2207 418 nobis,
2241 353 2338 409 sed
2365 352 2512 406 illius
2539 360 2595 405 et
2623 352 2827 405 virtute
2852 358 2908 404 et
2938 346 3313 417 postulatione
3338 346 3464 402 freti

192 448 374 516 μένων
400 445 554 500 λύσιν
589 445 939 515 βαδιούμεθα.

265 537 333 607 β’.
367 538 528 607 Τρεῖς
561 540 589 591 6
619 538 843 602 παλαιὸς
879 538 977 593 καὶ
1004 538 1169 603 καλὸς
1193 540 1400 602 ἐκεῖνος
1426 555 1606 610 γερων
1631 555 1739 609 προ

192 630 369 693 κοπὰς
399 631 511 683 εἴτε
556 629 741 695 τάξεις
771 631 881 684 εἴτε
924 630 1190 701 βαθμοὺς,
1216 633 1326 686 εῐτε
1372 650 1427 685 τι
1459 632 1589 687 ἀλλο
1619 632 1772 702 φίλον

191 725 307 786 τοῖς
330 722 680 794 βουλομένοις
709 724 918 790 καλεῖν,
941 725 998 777 ἐν
1026 726 1139 788 τοῖς
1174 722 1440 796 παροῦσιν
1468 725 1773 779 ἐκδιδάσκει

194 816 476 886 ῥήμασιν·
531 815 870 886 ἀμεριμνίαν
909 815 1022 868 τῶν
1072 817 1130 868 ἐν
1174 814 1275 886 βίῳ
1323 817 1419 868 καὶ
1466 811 1547 879 οἷς
1579 818 1608 869 6
1660 814 1775 886 βίος

196 904 637 973 συγκαταλύεται
672 907 1039 978 πραγμάτων,
1093 906 1404 976 προσευχὴν
1434 905 1649 971 ἄοκνον,
1682 908 1777 960 καὶ

193 997 382 1067 τρίτον
429 999 697 1068 ἐργασίαν
745 998 941 1052 ἄσυλον
997 997 1260 1066 καρδίας⁹
1293 997 1433 1050 ὥστε
1487 997 1647 1067 δῆλον
1697 1000 1777 1052 ὅτι

199 1090 371 1159 μέσον
396 1090 659 1161 ἐκατέρου
690 1090 796 1143 τῶν
849 1090 1033 1162 ἄκρων
1069 1092 1101 1160 ἡ
1152 1091 1428 1163 προσευχὴ
1472 1092 1672 1144 κεῖται.
1722 1090 1780 1144 Ὀ

194 1180 384 1234 τοίνυν
410 1181 509 1253 τὴν
538 1182 873 1253 ἀμεριμνίαν
905 1182 981 1254 μὴ
1028 1182 1370 1252 κτησάμενος
1399 1182 1523 1236 οὐδὲ
1554 1182 1625 1235 τὰ
1654 1185 1784 1252 ἐφε-

198 1274 301 1345 ξῆς
328 1274 424 1329 δύο
459 1275 684 1339 δυνατός
727 1277 845 1329 ἐστι
878 1276 1177 1347 μετελθεῖν.
1224 1276 1384 1329 Ἀλλά
1419 1276 1473 1329 τί
1505 1275 1567 1328 τὸ
1599 1274 1783 1329 ἐντεῦ-

199 1367 327 1432 θεν;
359 1368 434 1421 Τὸ
466 1368 631 1439 μέσον
670 1370 851 1423 τοίνυν
881 1370 1001 1441 ἢτοι
1029 1368 1129 1441 τὴν
1180 1370 1490 1442 προσευχὴν
1528 1368 1785 1440 μετερχό-

202 1476 372 1529 μενος
400 1460 457 1513 ὲν
494 1459 681 1530 μέσοις
705 1461 898 1530 γέγονε
929 1464 1040 1526 τοῖς
1066 1461 1272 1528 καλοῖς,
1306 1462 1406 1516 κᾶν
1441 1463 1610 1532 μήπω
1645 1461 1786 1530 πρὸς

196 1548 263 1603 τδ
295 1550 463 1621 ἄκρον
500 1550 819 1625 ἀναϐεϐήκῃ
849 1553 957 1608 τῶν
984 1553 1224 1623 ἀγαθῶν.

1873 447 1940 499 ad
1969 446 2263 502 dubiorum
2296 444 2631 499 solutionem
2680 442 3051 512 procedimus.

1955 538 2011 594 2.
2047 537 2182 593 Tres
2227 536 2491 607 antiquus
2541 535 2631 588 ille
2668 534 2955 603 bonusque
2993 548 3158 587 senex
3213 545 3468 601 progres—

1878 638 2061 696 siones
2104 632 2174 688 ad
2218 630 2475 684 virtutem
2519 627 2634 682 sive
2678 626 2912 681 ordines.
2947 626 3064 679 sive
3114 624 3320 694 gradus
3351 625 3468 677 sive

1878 728 2008 799 quid
2040 725 2188 780 aliud
2223 722 2498 793 appellare
2545 720 2737 785 libeat,
2771 719 2826 772 in
2876 719 2963 773 his
2995 719 3176 771 verbis
3206 716 3414 772 indicat
3448 735 3463 770 :

1879 819 2094 889 plenam
2123 827 2308 869 rerum
2356 811 2521 880 hujus
2554 809 2698 872 vitae,
2743 822 2867 862 cum
2897 807 3097 877 quibus
3123 815 3175 860 et
3204 807 3326 875 ipsa
3356 806 3465 859 vita

1882 909 2045 965 simul
2068 906 2278 969 interit,
2329 904 2620 969 incuriam,
2659 901 2903 957 sedulam
2937 910 3100 969 atque
3130 899 3462 954 indel‘essam

1882 1001 2206 1063 orationem,
2238 1006 2293 1052 et
2319 998 2476 1051 tertio
2508 994 2822 1051 inviolatam
2848 994 3029 1051 cordis
3057 993 3424 1063 operationem
3450 1010 3465 1053 ;

1884 1092 2027 1148 unde
2068 1098 2287 1146 constat
2341 1087 2575 1142 mediam
2614 1086 2755 1141 inter
2794 1095 3025 1155 utraque
3065 1094 3311 1139 extrema
3342 1099 3469 1135 ora-

1884 1186 2087 1237 tionem
2131 1195 2272 1236 esse.
2304 1178 2408 1245 Qui
2456 1178 2621 1246 igitur
2658 1177 2965 1247 neglectum
3020 1192 3204 1230 rerum
3239 1172 3471 1227 munda-

1887 1289 2082 1330 narum
2133 1287 2243 1327 non
2281 1271 2605 1341 possederit,
2657 1284 2757 1324 nec
2806 1268 3019 1340 reliqua
3071 1268 3179 1321 dno
3217 1264 3471 1336 persequi

1887 1366 2109 1439 peterit.
2139 1363 2344 1419 Verum
2374 1361 2505 1432 quid
2536 1360 2703 1414 inde?
2726 1358 2962 1414 Medium
3001 1359 3186 1427 igitur,
3216 1355 3468 1409 videlicet

1888 1461 2236 1523 orationem,
2301 1472 2564 1513 exercens
2619 1455 2675 1507 in
2730 1453 2924 1506 mediis
2990 1450 3213 1505 exsistit
3266 1448 3469 1511 bonis,

1890 1553 2143 1625 quamvis
2182 1550 2424 1606 nondum
2480 1549 2548 1603 ad
2604 1546 2907 1601 extremum
2974 1543 3247 1598 bonorum
3281 1555 3475 1596 asccr

1891 1646 2047 1700 derit.

275 1737 347 1798 γ’.
389 1730 650 1793 Ἐπότιζε
698 1732 752 1786 δ’
805 1731 964 1802 ὅμως
1013 1729 1283 1801 διψῶντα
1344 1732 1439 1785 καὶ
1501 1730 1785 1803 πόρρωθεν

1961 1737 2016 1792 5.
2068 1734 2262 1788 Ροιιιηι
2282 1747 2401 1785 vero
2430 1728 2631 1785 sitienti
2664 1723 2826 1781 dabat
2858 1724 3176 1803 veleminus
3205 1721 3475 1777 exsistens

194 1824 343 1880 οὖσα
396 1827 430 1896 ἡ
476 1825 573 1879 τοῦ
627 1826 963 1897 σελασφόρου
1019 1825 1295 1896 θεάματος
1356 1825 1641 1895 πλήρωσις
1693 1825 1788 1877 καὶ

195 1919 386 1992 τρυφὴ
418 1921 512 1974 καὶ
540 1919 669 1973 θέα·
706 1915 825 1973 εἶτα
858 1920 920 1973 ού
954 1919 1115 1991 μέχρι
1151 1919 1352 1982 παντὸς
1381 1919 1475 1972 τοῦ
1514 1919 1788 1989 θεάματος

196 2013 481 2083 ἐτρύφων,
508 2012 645 2065 ἀλλά
674 2012 812 2083 μετὰ
855 2011 1027 2065 ταῦτα
1056 2011 1219 2064 πάλιν
1248 2011 1305 2063 ἐν
1332 2010 1584 2076 ἐκείνοις,
1625 2013 1683 2064 ἐν
1706 2006 1789 2075 οἷς

197 2108 303 2158 καὶ
332 2105 547 2177 πρώηνέ
585 2105 651 2157 Τί
701 2105 800 2175 μὲν
826 2104 917 2158 οῦν
944 2101 1013 2177 ἦν
1052 2105 1158 2177 πρὸ
1197 2105 1297 2174 τῆς
1335 2106 1538 2175 ὁρατῆς
1574 2104 1790 2174 μορφῆς

196 2203 263 2253 ἐν
296 2202 409 2263 τοῖς
449 2198 774 2270 ὁρωμένοις,
805 2199 915 2253 οὐδ’
944 2200 1084 2252 αὐτὰ
1122 2200 1190 2253 τὰ
1228 2197 1480 2267 ὁρώμενα
1518 2197 1792 2250 διδάσκειν

199 2293 496 2362 ἠδύναντο,
514 2292 704 2364 ὥσπερ
732 2290 923 2346 εἴωθεν
941 2293 975 2362 ἡ
1005 2292 1125 2361 ὄψις
1148 2291 1219 2345 τὰ
1249 2291 1419 2345 πολλὰ
1448 2292 1555 2345 τῶν
1579 2292 1792 2363 ὁρωμέ-

199 2404 319 2440 νων
346 2385 668 2449 διδάσκαλος
717 2385 1000 2455 γίνεσθαι·
1053 2386 1175 2438 ούδέ
1230 2384 1339 2455 γάρ
1372 2379 1441 2455 ἦν
1489 2385 1599 2439 τῶν
1649 2384 1793 2437 κατά

197 2478 371 2549 φύσιν
397 2478 493 2535 καὶ
521 2478 768 2550 συνήθων
819 2478 1130 2549 θεαμάτων,
1166 2479 1304 2532 ἀλλά
1348 2480 1511 2548 χάρις
1543 2474 1612 2549 ἦν
1643 2481 1675 2547 ἡ
1711 2478 1791 2531 δι-

195 2573 378 2628 δοῦσα
408 2571 489 2629 τὰ
524 2574 624 2644 μὲν
652 2573 808 2644 ὁρᾷν,
840 2573 909 2626 τὰ
936 2572 994 2627 δὲ
1038 2572 1275 2642 κρείττω
1306 2570 1538 2625 ποιοῦσα
1567 2570 1678 2625 τῶν
1700 2572 1791 2625 διὰ

194 2665 311 2734 τῆς
336 2664 513 2735 ὅψεως
534 2663 891 2736 καταλήψεων
909 2680 924 2695 ·
950 2663 1177 2735 καὶγὰρ
1202 2662 1325 2717 οὐδὲ
1376 2664 1405 2716 6
1429 2662 1635 2734 ταύτης
1660 2664 1794 2735 ἡμῖν

196 2759 312 2828 τῆς
364 2758 680 2830 ἀπορρήτου
732 2756 949 2828 τρυφῆς
1006 2755 1099 2809 καὶ
1166 2754 1400 2825 θεωρίας
1453 2755 1794 2826 ἀρχιτέκτων

200 2853 395 2920 ἐφεῖτο
422 2852 515 2904 καὶ
537 2848 834 2921 συνεχώρει
863 2849 1141 2918 ἀκραιφνῆ
1166 2849 1467 2919 λαμϐάνειν
1491 2850 1592 2921 τὴν
1620 2849 1797 2920 μάθη-

204 2962 323 2999 σιν.
363 2944 503 2997 Ἀλλ’
557 2943 734 3012 ἔγωγε
774 2944 926 3013 πόθῳ
956 2942 1053 2996 καὶ
1095 2941 1260 3013 ἔρωτι
1313 2943 1508 3013 μαθεῖν
1566 2942 1796 3014 ἠρώτων

200 3038 387 3105 ὅμως,
437 3034 555 3097 πῶς
587 3033 652 3105 δὴ
694 3032 789 3086 νῦν
822 3034 851 3085 6
898 3034 997 3103 τῆς
1047 3030 1321 3102 σωτηρίας
1356 3032 1514 3101 ἡμῶν
1563 3031 1796 3085 καὶτῶν
1824 3058 1868 3117 C

203 3128 400 3184 καλῶν
421 3127 707 3198 θεαμάτων
738 3125 1037 3196 αὐτουργὸς
1062 3124 1296 3195 ὑπάρχει
1318 3141 1332 3155 ·
1368 3125 1463 3178 καὶ
1492 3126 1524 3195 ἡ
1567 3123 1800 3194 ἀπόκρι-

212 3240 313 3285 σις
348 3221 533 3288 ἔλεγεν
572 3221 631 3273 ἐν
681 3222 793 3282 τοῖς
826 3218 978 3281 ἰδίοις
1016 3218 1139 3287 μὲν,
1170 3217 1283 3269 ἀλλ’
1315 3218 1416 3269 οὐκ
1456 3218 1513 3269 ἐν
1552 3210 1802 3286 οῗςῴκο-

204 3317 375 3385 νόμει
406 3315 501 3385 τὴν
524 3314 717 3384 ὅρασιν
742 3311 902 3365 εἶναι·
926 3312 995 3366 τά
1036 3312 1133 3380 μὲν
1157 3309 1267 3379 γὰρ
1290 3304 1359 3380 ἦν
1386 3307 1804 3378 φιλανθρωπίας

209 3406 319 3462 καὶ
353 3404 839 3473 συγκαταὸάσεως,
884 3402 954 3456 τά
1008 3402 1067 3455 δέ
1096 3401 1174 3472 τῷ
1206 3401 1283 3473 μὴ
1324 3400 1425 3470 τῆς
1463 3400 1674 3462 οἰκείας
1714 3398 1804 3465 ἐξ·

211 3498 477 3554 ίστασθαι
516 3496 733 3565 φύσεως
771 3497 833 3549 τὸ
853 3496 1023 3549 ἀΐδιον
1056 3494 1444 3564 ὑπογράφοντα
1470 3494 1562 3545 καὶ
1599 3490 1805 3562 ἀμετά-

210 3589 443 3658 ϐλητον.
475 3582 611 3641 Εἶτα
649 3586 836 3656 ἐπειδή
893 3603 962 3655 με
1023 3585 1161 3654 πρὸς
1204 3582 1363 3651 φύσιν
1413 3583 1583 3652 ἀνῆγε
1624 3583 1806 3651 πάσης

208 3681 399 3751 ὅψεως
432 3681 525 3734 καὶ
548 3678 909 3750 καταλήψεως
950 3674 1522 3746 ὑπεραναϐεϐηκυῖαν,
1568 3673 1804 3726 ἐπυνθα-

210 3774 395 3844 νόμην
427 3769 960 3844 ἕτιξπροσδιαπορῶν,
986 3770 1061 3832 ὡς
1086 3769 1149 3821 Εἰ
1170 3766 1327 3821 ταῦθ’
1355 3765 1526 3829 οὕτως
1557 3766 1689 3835 ἔχει,
1723 3767 1807 3829 τίς

211 3867 253 3936 ἡ
291 3864 441 3931 δεξιά
468 3864 660 3927 στάσις
684 3863 781 3917 καὶ
828 3860 1068 3931 καθέδρα
1091 3859 1187 3913 καὶ
1215 3858 1285 3911 τά
1311 3859 1419 3911 τῶν
1450 3856 1653 3910 ὑλικῶν
1685 3857 1807 3926 σχέ-

214 3973 367 4011 σεων
394 3958 485 4009 καὶ
533 3954 826 4010 διαθέσεων
870 3953 1146 4023 ὀνόματας
1192 3949 1298 4004 ποῦ
1345 3950 1456 4021 γὰρ
1492 3950 1605 4019 ἔχει
1632 3949 1809 4001 ταῦτα

209 4046 409 4122 χώραν
431 4048 687 4116 λέγεσθαι
718 4048 776 4099 ἐν
805 4039 889 4108 οἷς
932 4044 1027 4099 καὶ
1058 4044 1168 4096 τῶν
1197 4042 1493 4113 ὁρωμένων
1541 4042 1609 4094 τὰ
1638 4039 1808 4093 πολλὰ

207 4143 321 4213 οὐχ
349 4142 538 4214 ὅρασίς
580 4142 751 4205 ἐστιν,
783 4138 922 4193 ἀλλά
953 4139 1054 4208 τῆς
1093 4137 1394 4206 φαντασίας
1429 4134 1767 4198 διατύπωσις
1791 4150 1807 4163 ·

209 4241 248 4292 ὁ
284 4236 341 4289 δὲ
363 4235 471 4288 τῶν
496 4231 739 4304 ἀποριῶν
755 4231 1031 4302 ἀκροατὴς
1047 4228 1339 4298 ἐπιτιμῶν,
1364 4228 1440 4291 ὡς
1456 4227 1623 4293 έοικε,
1650 4226 1808 4294 φιλο-

208 4329 519 4400 πράγμονα
557 4328 806 4382 ἔνστασιν
841 4326 936 4380 καὶ
975 4325 1077 4378 οὐκ
1113 4322 1220 4375 ἐῶν
1245 4320 1544 4375 ἀπολαύειν
1572 4318 1666 4372 τοῦ
1706 4317 1806 4389 ζη-

1891 1827 2165 1900 Splendidi
2228 1823 2524 1896 spectaculi
2587 1821 2833 1890 impletio
2867 1802 2921 1872 et
2973 1815 3273 1870 oblectatio
3303 1824 3471 1882 atque

1892 1922 2075 1987 visio;
2110 1918 2305 1973 deinde
2350 1931 2463 1971 non
2514 1928 2687 1984 usque
2734 1913 2801 1966 ad
2837 1910 3153 1965 universum
3182 1915 3477 1973 spectacu-

1893 2014 2005 2069 lum
2043 2010 2376 2073 deliciabar;
2411 2006 2505 2062 sed
2540 2014 2727 2075 postea
2760 2016 2954 2057 rursus
2984 2015 3136 2055 eram
3174 1998 3226 2052 in
3265 1996 3397 2059 illis,
3422 1996 3477 2049 in

1893 2106 2095 2177 quibus
2138 2110 2192 2157 et
2241 2110 2422 2156 antea.
2469 2096 2610 2165 Quid
2659 2096 2824 2166 igitur
2872 2103 3018 2147 esset
3050 2099 3176 2145 ante
3203 2086 3477 2143 visibilem

1894 2194 2128 2249 formam
2177 2191 2230 2245 in
2282 2189 2472 2254 rebus,
2523 2202 2659 2257 quas
2689 2186 2958 2248 videmus,
3003 2197 3071 2237 ne
3098 2180 3229 2252 ipsa:
3259 2177 3479 2250 quidem

1893 2303 2006 2353 res,
2039 2301 2175 2355 quas
2213 2283 2482 2347 videmus,
2512 2282 2707 2335 docere
2728 2293 2830 2333 nos
2862 2282 3137 2347 poterant,
3169 2274 3314 2329 sicut
3344 2271 3484 2327 solet

1893 2380 2033 2433 visio
2048 2377 2362 2445 frequenter
2377 2389 2567 2429 eorum
2587 2386 2707 2440 qua?
2722 2370 2969 2424 videntur
2984 2369 3309 2436 interpretes
3326 2379 3446 2418 esse
3463 2379 3479 2429 ;

1897 2486 2073 2540 neque
2104 2470 2246 2523 enim
2296 2474 2414 2521 erat
2464 2480 2531 2520 ex
2562 2465 2628 2519 iis
2653 2463 3006 2533 spectaculis,
3038 2475 3162 2531 quae
3209 2458 3480 2513 naturalia

1899 2564 2165 2634 nobisque
2223 2559 2515 2614 familiaria
2582 2557 2887 2620 exsistunt,
2938 2553 3035 2610 sed
3082 2552 3257 2622 gratia
3318 2557 3481 2609 erat.

1897 2673 2018 2729 quae
2059 2655 2227 2711 dabat
2263 2653 2367 2707 alia
2398 2651 2619 2722 quidem
2658 2649 2940 2708 intuenda,
2967 2646 3074 2700 alia
3105 2659 3237 2699 vero
3272 2643 3483 2713 potiora

1897 2749 2185 2805 oculorum
2235 2742 2587 2816 perceptione
2635 2738 2932 2803 alliciebat;
2981 2734 3185 2790 etenim
3234 2748 3336 2787 nec
3370 2733 3484 2799 ipse

1898 2862 2113 2902 arcanae
2153 2844 2315 2915 hujus
2346 2838 2731 2897 oblectationis
2769 2847 2824 2890 et
2863 2828 3342 2902 contemplationis
3388 2840 3486 2879 no-

1900 2952 2027 2997 strae
2080 2948 2271 2993 auctor
2338 2931 2688 3005 permittebat
2740 2929 2829 2984 vel
2881 2925 3220 2983 concedebat
3274 2922 3483 2975 claram

1899 3028 2045 3082 illius
2090 3025 2310 3081 haurire
2357 3020 2749 3091 cognitionem.
2805 3012 2910 3069 Sed
2960 3026 3062 3081 ego
3098 3007 3282 3063 studio
3315 3014 3482 3075 atque

1905 3133 2094 3173 amore
2122 3114 2367 3172 discendi
2408 3110 2732 3169 sciscitabar
2779 3104 3163 3167 nihilominus,
3205 3101 3297 3155 ubi
3339 3112 3487 3153 nunc

1903 3210 2095 3268 salutis
2115 3216 2316 3263 nostra;
2341 3206 2842 3276 prreclarorumque
2864 3196 3301 3269 spectaculorum
3326 3191 3487 3247 nobis

1904 3311 2098 3359 auctor
2142 3309 2341 3357 exstet.
2374 3300 2441 3353 Et
2499 3297 2787 3366 responsio
2830 3292 3046 3349 dicebat
3083 3309 3096 3344 :
3150 3289 3204 3343 in
3250 3284 3490 3357 propriis

1904 3395 2146 3467 quidem,
2180 3408 2291 3447 non
2318 3403 2498 3445 tatnen
2535 3390 2590 3443 in
2618 3390 2819 3458 quibus
2851 3383 3182 3455 disponebat
3213 3380 3508 3433 visionem,

1905 3503 2069 3551 esse;
2102 3486 2217 3540 haec
2239 3484 2387 3537 enim
2428 3489 2585 3535 erant
2614 3477 2969 3546 benignitatis
3014 3485 3062 3528 et
3098 3468 3489 3541 indulgentiae;

1908 3577 1999 3631 illa
2024 3590 2155 3629 vero
2197 3572 2556 3627 aeternitatem
2606 3577 2771 3638 atque
2812 3562 3314 3621 immutabilitnlem
3345 3551 3491 3612 desi-

1907 3670 2167 3740 gnabaut,
2208 3666 2354 3737 quod
2403 3680 2468 3718 ex
2529 3662 2747 3732 propria
2787 3674 2895 3713 non
2944 3658 3223 3712 recederet
3270 3659 3489 3705 natura.

1909 3761 2111 3815 Deinde
2129 3759 2221 3814 ubi
2240 3773 2325 3811 tne
2341 3756 2406 3810 ad
2426 3767 2680 3830 naturam
2699 3751 2878 3807 evexit
2900 3748 3047 3803 omni
3067 3746 3279 3800 visione
3297 3752 3351 3796 et
3366 3754 3492 3795 con-

1908 3850 2263 3919 templatione
2288 3846 2650 3917 superiorem,
2675 3840 3083 3909 interrogabam
3105 3836 3285 3889 adhuc
3321 3831 3493 3886 addu-

1909 3946 2088 4001 bitans
2126 3958 2140 3995 :
2177 3939 2233 3995 Si
2258 3941 2375 3994 haec
2399 3939 2473 3993 ita
2504 3952 2564 3993 se
2593 3936 2816 4000 habent,
2873 3944 3120 3998 quaenam
3155 3935 3238 3981 est
3268 3924 3493 3978 dextera

1908 4032 2072 4089 statio
2106 4038 2161 4085 et
2193 4029 2370 4085 sessio
2409 4036 2462 4083 et
2485 4024 2848 4081 materialium
2888 4018 3269 4075 habitudinum
3305 4015 3493 4082 dispo-

1909 4126 2281 4193 sitionumqne
2302 4118 2553 4176 nomina?
2573 4116 2677 4173 Ubi
2692 4116 2838 4172 enim
2861 4115 2977 4169 htec
2998 4114 3178 4168 locum
3205 4110 3405 4164 habent
3433 4118 3495 4161 ttt

1909 4217 2184 4280 dicantur,
2222 4215 2277 4269 in
2316 4213 2517 4284 quibus
2550 4220 2604 4265 et
2642 4209 2812 4264 multa
2845 4221 3061 4267 eorum.
3108 4218 3234 4273 quae
3264 4201 3486 4270 conspi-

1910 4310 2152 4376 ciuntur,
2188 4322 2296 4362 non
2330 4305 2472 4360 visio
2494 4311 2644 4369 sunt,
2670 4303 2765 4358 sed
2804 4298 3217 4370 imaginationis
3247 4296 3493 4351 delinea-

207 4391 484 4493 τῆματος,
542 4423 789 4492 κρεῖττον
842 4418 1013 4488 ἀκοῆς
1064 4416 1167 4488 ἔφη
1223 4416 1322 4486 τὴν
1377 4413 1648 4485 ἐρώτησιν
1703 4413 1795 4466 καὶ

1905 4400 2004 4455 tio.
2053 4398 2148 4453 llle
2191 4396 2596 4453 dubitationum
2650 4392 2868 4448 auditor
2914 4391 3247 4458 int-repens,
3291 4396 3352 4440 ut
3398 4400 3494 4454 par

210 4518 419 4589 καιρὸν
441 4520 640 4573 οἰκεῖον
669 4516 814 4588 ἔχειν
833 4515 932 4586 τῆς
957 4510 1370 4582 ἀποκαλύψεως.
1409 4510 1551 4578 Ἐγὼ
1579 4507 1636 4562 δέ
1660 4507 1805 4576 φιλο-

208 4610 421 4664 νεικῶν
456 4609 539 4663 ἔτι
586 4608 681 4662 καὶ
734 4606 848 4677 cev}
876 4604 1069 4677 καιρόν
1109 4619 1178 4675 με
1219 4602 1547 4671 συναγαγεῖν
1597 4615 1805 4670 παρεκ-

210 4702 386 4760 άλουν
405 4704 497 4757 καὶ
519 4702 595 4774 μὴ
618 4702 719 4772 τῆς
734 4700 909 4770 καλῆς
937 4698 1261 4768 ἀποστερεῖν
1294 4695 1536 4764 ἐφέσεως
1553 4709 1567 4724 ο
1597 4694 1807 4756 ἐκεῖνος

210 4797 281 4851 δὲ
310 4794 404 4847 τοῦ
430 4794 727 4855 λυποῦντος
767 4792 841 4856 ὡς
869 4786 980 4845 οἷόν
1009 4807 1070 4843 τε
1112 4790 1208 4844 καὶ
1234 4785 1633 4857 ἀδημονοῦντος
1663 4783 1808 4837 ἀπά-

210 4903 337 4945 γων
365 4884 517 4938 οὔπω
536 4884 626 4937 τὸν
651 4882 842 4954 καιρὸν
868 4880 1020 4949 ἔλεγε
1052 4880 1334 4950 παρεῖναιο
1371 4875 1525 4930 οὔπω
1556 4874 1664 4944 γὰρ
1687 4874 1807 4926 οὐδὲ

211 4977 285 5032 τὸ
324 4977 437 5048 πῦρ
459 4976 521 5029 τὸ
548 4977 648 5047 τὴν
673 4974 985 5047 ἀφθαρσίαν
1012 4973 1252 5027 ἀνάπτων
1282 4974 1338 5025 ἐν
1366 4972 1478 5033 τοῖς
1510 4967 1630 5022 καθ’
1651 4969 1803 5037 ἡμᾶς

212 5069 614 5137 ἀναφλέγεται.

293 5335 359 5387 δ’.
398 5332 617 5401 Ταύτην
641 5329 735 5385 οὖν
761 5332 860 5403 τὴν
886 5332 1152 5384 ὀπτασίαν
1174 5333 1202 5384 ὁ
1242 5330 1403 5392 καλὸς
1432 5329 1524 5382 καὶ
1561 5326 1807 5396 φιλόθεος

221 5428 322 5481 καὶ
351 5424 578 5487 παλαιὸς
606 5426 815 5483 ἐκεῖνος
842 5422 1184 5489 ἀπαγγείλας
1222 5421 1401 5490 γέρων
1433 5419 1495 5471 οῦ
1531 5417 1808 5488 μεγαλαυ-

219 5517 331 5587 χεῖ,
369 5514 492 5567 οὐδὲ
545 5513 770 5565 τοιαῦτα
799 5512 1126 5581 τεθεαμένος
1174 5510 1497 5581 ἐπαίρεται·
1552 5509 1688 5562 ἀλλά
1718 5509 1810 5562 καὶ

223 5611 453 5676 ἄγνοιαν
488 5605 666 5676 ἐαυτῷ
725 5607 1029 5673 προσάπτει
1057 5603 1233 5671 λέγων
1258 5617 1271 5630 ’
1315 5601 1429 5654 Οὐκ
1467 5597 1583 5656 οἶδα
1632 5602 1680 5655 εἰ
1713 5603 1809 5655 σὺν

226 5698 306 5769 τῷ
339 5697 423 5768 χοῖ
453 5697 624 5752 ταῦτα
670 5695 928 5767 ἐθεάμην,
962 5695 1070 5749 εἴτε
1117 5692 1239 5749 καθ’
1280 5693 1478 5764 ἑαυτὴν
1508 5693 1604 5765 τῆς
1632 5694 1808 5765 ψυχῆς

1907 4500 2048 4557 erat,
2079 4487 2355 4544 cnriosam
2390 4485 2705 4540 instantiam
2744 4499 2842 4537 nec
2871 4480 2977 4536 frui
3014 4496 3101 4535 me
3134 4479 3319 4535 sinens
3343 4493 3493 4545 qun:-

1908 4582 2103 4638 stionis
2134 4582 2424 4646 solutione,
2464 4596 2571 4634 non
2614 4571 2774 4647 posse
2801 4575 2990 4630 auditu
3018 4572 3222 4643 percipi
3254 4574 3492 4624 interro-

1908 4675 2180 4744 gationem
2218 4672 2418 4741 inquit,
2443 4685 2673 4741 eamque
2720 4667 3000 4738 proprium
3037 4664 3237 4719 habere
3282 4662 3491 4715 revela-

1910 4767 2073 4822 tionis
2112 4774 2353 4835 tempus.
2381 4762 2495 4833 Ego
2541 4778 2669 4818 vero
2712 4760 2893 4815 adhuc
2916 4756 3257 4813 contendens
3282 4765 3329 4809 et
3357 4769 3493 4809 eon-

1909 4861 2052 4917 trahi
2101 4859 2236 4914 mibi
2326 4868 2539 4929 tempus
2616 4855 2881 4926 precabar
2932 4868 3033 4908 nec
3091 4866 3177 4906 me
3259 4850 3493 4905 honesta

1908 4953 2209 5024 cupiditate
2242 4950 2504 5005 fraudari.
2550 4949 2641 5004 Ille
2668 4955 2850 5003 autem
2881 4946 3148 5008 dolorem,
3193 4958 3300 5015 qua
3337 4950 3491 5013 pote-

1910 5054 2013 5111 rat,
2045 5044 2475 5114 mcestitiamque
2517 5043 2705 5097 levans
2738 5039 2981 5094 nondum
3033 5039 3227 5094 adesse
3276 5037 3493 5091 dicebat

1910 5150 2161 5207 tempus;
2213 5136 2455 5191 nondum
2499 5137 2645 5191 enim
2702 5135 2862 5204 ignis,
2913 5133 3006 5202 qtti
3062 5130 3492 5201 incorruptibili-

1912 5241 2075 5286 tatent
2132 5230 2391 5300 impertit,
2420 5230 2564 5283 inter
2625 5244 2725 5284 nos
2784 5228 2957 5282 ardet.

1982 5321 2036 5376 4.
2064 5318 2216 5375 llanc
2249 5320 2412 5390 igitur
2441 5321 2709 5376 visionem
2756 5319 2934 5375 bonus
2990 5318 3103 5381 ille.
3159 5317 3282 5387 pius
3328 5321 3491 5381 atque

1912 5420 2173 5487 antiquus
2209 5432 2374 5472 senex
2418 5416 2712 5471 enuntians
2746 5430 2853 5472 nOn
2885 5431 2944 5469 se
2981 5413 3267 5480 magniﬁce
3293 5409 3487 5475 jactat,

1913 5526 2016 5566 nec
2060 5525 2120 5566 se
2152 5510 2300 5579 quod
2342 5511 2455 5564 hate
2508 5508 2705 5563 viderit
2742 5507 2973 5571 extollit,
3016 5504 3107 5560 sed
3143 5512 3197 5556 et
3234 5502 3490 5569 ignoran—

1913 5601 2041 5655 tiam
2068 5600 2172 5655 sibi
2209 5599 2400 5655 tribuit
2428 5600 2682 5669 inquiens
2710 5615 2722 5652 :
2764 5596 2983 5661 Nescio,
3014 5610 3081 5647 an
3116 5606 3240 5647 cum
3262 5603 3493 5657 corpore

1915 5701 2130 5748 terreno
2153 5690 2270 5747 haec
2295 5691 2561 5756 intuerer,
2581 5703 2650 5745 an
2671 5703 2801 5745 vero
2827 5686 3005 5741 anima
3033 5697 3125 5753 per
3154 5698 3213 5737 sc
3233 5679 3301 5735 ad
3320 5676 3489 5733 Deum
