3854 6216
339 260 477 330 1103

1519 263 1784 325 ΡΗΟΤΠ
1819 266 2324 326 ΡΑΤΒῘΛΒΕΗᾹΞ
2348 265 2457 326 CP.

3459 259 3601 326 1104

336 375 634 435 cvolaverit
671 387 982 446 corpusque
1025 373 1092 428 ad
1151 373 1424 429 modicum
1478 375 1741 444 temporis
1795 375 1919 428 reli-

2048 378 2400 448 ινιπταμὲνης
2439 375 2575 446 πρὸς
2600 374 2661 428 τὸ
2691 377 2940 447 κρεῖττον
2965 375 3060 430 καὶ
3087 377 3148 429 τὸ
3193 376 3353 448 σῶμα
3378 375 3600 430 λειπού-

337 469 520 540 qucrit
562 481 628 523 ac
678 465 1074 536 conjunctione
1119 480 1185 520 ac
1230 465 1490 522 mislione
1511 480 1638 521 cum
1674 467 1794 536 ipsa
1824 480 1914 520 se-

340 563 610 632 iunctum.

339 674 671 744 QUESTIO
704 672 1025 731 CCLXXIV.
1064 673 1254 742 [σοῖσι.
1287 669 1512 737 CCXCI,
1549 668 1699 724 Maio
1732 671 1922 726 exinde

623 767 856 824 CCLXX
870 767 1007 833 XIV,
1055 767 1221 822 Taur.
1263 763 1592 836 CCLXXXJ

483 855 593 911 Cur
616 856 867 926 populum
903 855 1170 909 numerari
1197 852 1336 907 Deus
1360 852 1583 922 jusserit
1615 852 1770 923 (75').

2020 484 2120 539 σης
2145 467 2240 520 ἐπὶ
2278 465 2476 538 βραχὺ,
2507 464 2602 519 τοῦ
2629 465 2766 536 πρὸς
2819 465 2990 538 αὐτὴν
3020 466 3322 538 συνδέσμου
3364 484 3603 541 κεχωρι-

2022 558 2219 631 σμένον
2248 559 2345 614 καὶ
2373 559 2473 630 τῆς
2497 559 2876 630 ἀνακράσεως.

2541 671 2878 726 ΕΡΩἹἮΣΙΣ
2917 671 3076 726 ΣΟΔ’.

2023 850 2185 905 Διατί
2220 847 2594 919 προσέταξεν
2619 847 3017 918 ἀριθμηθῆναι
3050 848 3159 903 τὸν
3184 847 3341 902 λαὸν
3362 849 3396 903 ό
3419 847 3608 915 Θεός;

716 969 854 1019 lidiza
882 982 906 1017 a
937 969 1058 1018 Maio
1094 966 1236 1030 (Nov.
1269 966 1391 1017 Coll.
1423 973 1457 1016 t.
1485 965 1566 1026 IX,
1596 982 1646 1030 p.
1679 967 1812 1030 156).
1837 994 1897 1004 -
1931 965 2004 1017 De
2035 971 2296 1016 numerato
2325 964 2419 1017 Dei
2444 967 2589 1029 jussu
2634 965 2834 1028 pepulo.
2868 963 3013 1015 Num.
3047 977 3081 1023 ι,
3137 963 3234 1013 1-5.

417 1055 494 1112 Ut
534 1069 649 1110 suae
691 1052 1070 1122 promissionis
1103 1052 1422 1106 ostenderet
1467 1051 1781 1106 veritatem.
1833 1050 1925 1105 Et-

343 1148 490 1202 enim
525 1148 794 1218 promissa
819 1133 1095 1199 Abraham
1120 1142 1354 1209 faciens,
1388 1143 1607 1200 dixerat
1637 1162 1651 1198 :
1689 1164 1708 1196 ι
1744 1143 1926 1200 Multi-

349 1241 561 1312 plicans
589 1238 965 1308 multiplicabo
987 1252 1176 1294 semen
1209 1246 1364 1293 tuum
1396 1237 1542 1294 sicut
1571 1237 1755 1294 stellas
1779 1238 1924 1304 coeli,

349 1338 403 1384 ct
450 1328 600 1385 velut
649 1341 868 1383 arenam
919 1342 1042 1398 quae
1086 1336 1171 1384 est
1219 1327 1273 1381 in
1323 1327 1510 1382 littore
1567 1329 1738 1381 maris
1779 1327 1844 1379 ⁷⁷.
1900 1345 1919 1378 ι

349 1423 622 1477 Craterum
685 1421 1077 1491 promissionis
1124 1420 1415 1475 veritatem
1469 1422 1744 1486 ostendit;
1794 1436 1922 1475 nam

284 1550 290 1558 -
349 1531 472 1586 qua:
500 1531 625 1572 cum
682 1517 747 1570 de
795 1512 1032 1586 Atigypto
1080 1515 1290 1582 egressi
1323 1512 1926 1582 iuissentseptuaginta

348 1615 404 1662 et
435 1606 680 1677 quinque
713 1604 968 1670 millium,
1002 1613 1116 1659 tum
1151 1613 1410 1659 sexcenta
1433 1603 1538 1658 tria
1569 1601 1736 1656 millia
1767 1601 1930 1673 quin-

347 1699 495 1770 genti
559 1698 959 1769 quinquaginta
1023 1699 1266 1754 virorum
1300 1697 1574 1753 numerati
1608 1705 1756 1760 sunt,
1825 1696 1923 1766 qui

348 1798 598 1860 poterant
630 1790 696 1845 ad
745 1789 884 1845 bella
912 1789 1236 1861 procedere,
1267 1799 1493 1859 excepta
1542 1785 1929 1857 intempestiva

2097 1054 2219 1106 Ἵνα
2238 1054 2338 1123 τῆς
2365 1051 2573 1114 οἰκείας
2597 1048 2934 1118 ἐπαγγελίας
2967 1047 3118 1120 δείξῃ
3153 1049 3215 1103 τὸ
3239 1046 3440 1119 ἀληθές
3458 1062 3475 1078 ο
3503 1046 3616 1100 ὕπ-

2027 1146 2379 1218 ισχνούμενος
2431 1143 2541 1216 γὰρ
2586 1143 2666 1215 τῷ
2725 1141 2980 1214 Ἀϐρααμ
3034 1141 3138 1212 ἐφη
3165 1156 3178 1170 ·
3240 1157 3260 1193 ι
3315 1138 3616 1210 Πληθύνων

2024 1237 2282 1308 πληθυνῶ
2311 1237 2371 1291 τὺ
2405 1237 2631 1308 σπέρμα
2662 1253 2756 1290 σου
2783 1233 2860 1298 ὡς
2890 1234 3016 1298 τοὺς
3047 1233 3286 1305 ἀστέρας
3317 1231 3411 1286 τοῦ
3445 1232 3617 1304 οὐρα-

2025 1330 2115 1384 νοῦ
2146 1329 2241 1384 καὶ
2263 1329 2338 1394 ὡς
2363 1330 2464 1395 τὴν
2484 1330 2668 1398 ἄμμον
2690 1327 2788 1398 τὴν
2816 1327 2967 1399 παρὰ
2992 1325 3052 1380 τὸ
3077 1325 3258 1396 χεῖλος
3281 1325 3381 1394 τῆς
3410 1324 3619 1379 θαλάσο

2029 1439 2128 1492 σης
2153 1440 2167 1455 ο
2203 1440 2222 1472 ι
2261 1421 2428 1488 ἔδειξε
2455 1421 2565 1489 γὰρ
2592 1419 2692 1490 τὴν
2716 1420 2815 1489 τῆς,
2859 1417 3196 1488 ἐπαγγελίας
3223 1417 3484 1488 ἀλήθειαν
3504 1433 3518 1446 ο
3548 1418 3620 1470 ἐκ

2028 1515 2191 1567 πέντε
2220 1513 2328 1584 γὰρ
2367 1513 2459 1566 καὶ
2489 1512 2864 1583 ἐϐδομήκοντα
2880 1509 2990 1564 τῶν
3036 1511 3114 1575 είς
3150 1509 3430 1578 Αἴγυπτον
3477 1525 3621 1561 κατ-

2029 1605 2311 1671 ελθόντων,
2367 1603 2645 1669 ἑξακόσιαι
2671 1601 2908 1672 χιλιάδες
2933 1602 3030 1655 καὶ
3048 1600 3340 1670 τρισχίλιοι
3367 1599 3462 1653 καὶ
3484 1598 3624 1664 ἐξα-

2030 1697 2203 1751 κόσιοι
2225 1697 2318 1750 καὶ
2340 1696 2680 1766 πεντήκοντα
2697 1693 3086 1766 ἠριθμήθησαν
3108 1693 3300 1764 ἄνδρες
3325 1692 3625 1761 δυνάμενοι

2034 1788 2306 1856 πολεμεῖν,
2338 1787 2430 1840 καὶ
2463 1784 2672 1856 ἐξώρου
2717 1783 2935 1856 ἡλικίας
2961 1784 3058 1838 καὶ
3082 1783 3184 1854 τῆς
3213 1782 3393 1854 ἀώρου
3439 1798 3623 1852 κεχωο

346 1890 402 1935 et
452 1880 744 1935 immatura
801 1889 966 1935 aetate
1015 1887 1066 1935 et
1128 1878 1371 1934 femineo
1405 1892 1627 1950 genere,
1681 1885 1735 1932 ct
1783 1875 1926 1931 tribu

2048 1879 2317 1950 ιισμένης,
2351 1879 2446 1932 καὶ
2475 1878 2659 1949 μέντοι
2713 1875 2925 1930 καὶτοῦ
2948 1875 3139 1946 θήλεος
3171 1875 3364 1950 γένους
3392 1874 3487 1927 καὶ
3514 1875 3622 1942 τῆς

351 1972 500 2028 Levi.
557 1970 712 2026 Hanc
764 1987 924 2026 suam
982 1971 1143 2027 docet
1207 1971 1511 2042 potentiam
1561 1968 1736 2036 Deus,
1797 1983 1923 2025 cum

347 2065 528 2121 dicit:
567 2083 586 2116 ι
625 2063 907 2119 Attendite
965 2064 1034 2118 ad
1077 2063 1354 2118 Abraham
1425 2071 1634 2133 patrem
1680 2071 1926 2116 vestrum

347 2167 403 2210 et
444 2153 516 2210 ad
561 2151 754 2210 Saram
799 2168 924 2224 quae
969 2155 1178 2225 peperit
1227 2154 1506 2225 vos,quia
1540 2169 1709 2208 unum
1737 2151 1928 2209 vocavi

348 2261 500 2313 cum,
527 2254 584 2302 et
612 2245 970 2317 multiplicavi
1001 2262 1127 2301 eum
1155 2246 1221 2300 ⁷⁸.
1261 2266 1278 2297 ι

349 2444 682 2514 QUASSTIO
696 2446 973 2504 CCLXXV
1003 2446 1193 2518 [CoisL
1233 2447 1458 2513 CCCVI,
1492 2447 1656 2503 Taur.
1681 2447 1930 2511 CCXCV,

846 2539 990 2595 Maio
1031 2539 1410 2612 CCLxxxv.]

353 2630 474 2698 Qua
499 2631 566 2689 de
587 2647 752 2690 causa
803 2632 981 2702 farina
1005 2631 1282 2702 exi/tardet)
1307 2646 1404 2698 pro
1435 2631 1657 2686 muliere
1678 2645 1930 2687 accusata

810 2702 984 2773 stupri
1015 2701 1302 2771 a/ferretur
1332 2702 1468 2772 (74).

2033 1969 2310 2042 λευῖτικῆς
2349 1970 2524 2041 φυλῆς
2545 1987 2559 2001 ι
2592 1967 2796 2040 ταύτην
2822 1969 2988 2021 αὑτοῦ
3025 1968 3292 2022 διδάσκων
3322 1966 3420 2036 τὴν
3456 1964 3623 2019 δύνα-

2038 2081 2131 2134 μιν
2150 2063 2177 2114 ὁ
2199 2062 2331 2126 Θεὸς
2361 2063 2456 2115 καὶ
2480 2061 2570 2116 διὰ
2596 2061 2692 2114 τοῦ
2709 2061 2929 2114 Ἡσαΐου
2957 2062 3060 2131 ἐφη
3085 2077 3100 2092 ·
3126 2078 3145 2111 ι
3167 2058 3506 2130 Ἐμσλέψατε
3534 2060 3624 2121 εἰς

2052 2155 2305 2226 Ἀϐραὰμ
2350 2155 2444 2208 τὸν
2494 2154 2708 2225 πατέρα
2759 2152 2916 2222 ὑμῶν
2950 2152 3048 2206 καὶ
3109 2154 3190 2217 είς
3238 2151 3457 2223 Σάρραν
3520 2150 3626 2221 τὴν

2038 2246 2304 2300 ὠδίνασαν
2343 2245 2519 2314 ὑμᾶς,
2553 2244 2634 2298 ὅτι
2665 2237 2746 2308 εἷς
2781 2238 2872 2315 ἦν,
2906 2242 3002 2296 καί
3031 2242 3268 2296 ἐκάλεσα
3308 2241 3490 2310 αὐτὸν,
3525 2243 3627 2296 καὶ

2039 2337 2314 2408 ἐπλήθυνα
2343 2335 2527 2389 αὐτόν.
2568 2353 2586 2385 ι

2554 2448 2890 2506 ΕΡΩΤΗΣΙΣ
2925 2447 3056 2505 ΣΟΕ
3075 2489 3092 2506 .

2032 2637 2194 2691 Atat!
2222 2634 2485 2706 ἄλευρον
2506 2634 2778 2706 κρίθινον
2797 2632 2952 2700 ὑπὲρ
2989 2631 3102 2700 τῆς
3126 2626 3628 2706 ᾕποπτευομένης

2379 2699 2775 2775 μοιχέυθῆναι
2804 2699 3306 2776 προσεκομίζετος

1181 2814 1326 2868 Edita
1347 2831 1375 2867 a
1399 2817 1524 2866 Maio
1555 2817 1612 2878 (I.
1635 2830 1678 2867 c.
1703 2831 1754 2880 p.
1791 2817 1897 2879 156,
1931 2819 2064 2883 157).
2092 2848 2148 2858 --
2172 2821 2248 2872 De
2279 2827 2420 2872 textu
2451 2819 2596 2870 Num.
2633 2831 2679 2881 v,
2713 2818 2792 2869 15.

423 2901 546 2973 Ipse
572 2901 838 2958 Dominus
882 2902 1176 2972 explicavit
1209 2905 1441 2962 dicens:
1477 2924 1497 2958 ι
1535 2905 1675 2972 Quia
1721 2907 1935 2962 sacriﬁ-

2107 2909 2278 2972 Αὐτὸς
2311 2911 2338 2965 ὁ
2376 2908 2655 2976 Δεσπότης
2684 2908 3032 2980 ἡρμήνευσεν
3053 2922 3069 2938 ο
3101 2921 3120 2955 ι
3149 2903 3304 2956 Ἐστι
3326 2901 3457 2971 γὰρ,
3496 2899 3627 2970 ἔφη,

353 2996 502 3052 cium
553 2997 836 3068 zelotypia:
894 3005 996 3063 est,
1039 2996 1375 3052 sacriﬁcium
1416 2997 1839 3064 recordationis,
1885 3007 1937 3054 et

2048 3000 2201 3056 θυσία
2245 3000 2603 3070 ζηλοτυπίας,
2654 2997 2815 3053 θυσία
2869 2994 3240 3068 μνημοσύνου,
3287 2992 3446 3046 θυσία
3490 2992 3630 3045 ἀνα-

355 3089 561 3145 ohlatio
587 3089 888 3160 zelotypite.
910 3109 928 3143 ι
956 3089 1086 3146 Inde
1122 3105 1303 3162 neque
1330 3090 1534 3152 oleum.
1589 3107 1768 3164 neque
1814 3095 1937 3150 thus

2048 3093 2433 3162 μιμνήσκουσα
2481 3089 2789 3161 ἁμαρτίανο
2832 3106 2850 3140 ι
2891 3087 3014 3142 ὅθεν
3057 3085 3178 3140 οὐδὲ
3223 3084 3402 3138 ἐλαιον
3456 3081 3632 3152 αὐτὴν

357 3181 413 3234 in
463 3179 571 3236 hoc
614 3181 885 3236 sacriﬁcio
936 3195 1059 3237 esse
1098 3180 1303 3253 jussit;
1359 3183 1613 3240 orbatum
1659 3195 1744 3240 est
1792 3186 1937 3242 enim

2048 3185 2165 3237 οὐδὲ
2199 3184 2415 3238 λίϐανον
2449 3185 2591 3255 ἔχειν
2640 3182 3008 3253 προσέταξεν·
3055 3181 3351 3251 ἐστέρηται
3391 3177 3501 3248 γὰρ
3531 3177 3632 3230 καὶ

357 3274 644 3330 suavitatis
675 3284 728 3328 et
749 3271 978 3340 iustitiae
1010 3274 1152 3331 luce.
1202 3273 1319 3332 Hoc
1347 3275 1624 3348 {praecepit
1664 3278 1937 3349 legislator

2048 3277 2144 3343 τῆς
2173 3277 2402 3339 εὐωδίας
2431 3277 2526 3330 καὶ
2569 3274 2666 3328 τοῦ
2696 3275 2793 3345 τῆς
2825 3271 3176 3342 δικαιοσύνης
3210 3271 3388 3340 φωτός
3407 3287 3421 3300 ο
3469 3266 3636 3321 τοῦτο

358 3382 522 3436 quem
555 3383 662 3422 non
707 3365 988 3437 fugiebant
1030 3368 1322 3425 homicida;
1366 3368 1682 3424 Iudaeorum
1730 3372 1940 3443 cogita-

358 3459 575 3523 tiones;
604 3475 671 3542 ne
700 3459 846 3514 enim
877 3459 1025 3514 tenui
1061 3460 1130 3514 de
1154 3461 1472 3531 suspicione
1500 3462 1767 3532 coniuges
1793 3463 1945 3519 occi-

361 3550 577 3614 derent,
613 3558 923 3620 suspectam
949 3551 1148 3606 adduci
1184 3552 1357 3606 voluit
1386 3554 1452 3608 ad
1482 3569 1606 3608 cum
1639 3555 1730 3624 qui
1755 3557 1942 3610 omnia

363 3643 551 3700 abdita
581 3643 749 3698 etiam
775 3644 1063 3714 perspicue
1087 3647 1261 3700 novit.
1302 3665 1321 3697 ι
1352 3646 1558 3702 ()ﬂerct
1602 3648 1768 3718 igitur
1799 3664 1945 3713 eam,

361 3731 561 3804 inquit,
619 3732 878 3790 sacerdos
931 3742 988 3788 et
1034 3741 1240 3790 statuet
1275 3750 1461 3790 coram
1500 3735 1755 3803 Domino,
1789 3753 1948 3794 assu-

362 3833 586 3896 metque
627 3839 827 3895 aquam
855 3838 1127 3893 sanctam,
1150 3828 1342 3883 vivens
1361 3843 1547 3883 coram
1570 3829 1805 3886 Domino
1823 3830 1890 3897 ",
1917 3849 1939 3884 ι

364 3926 421 3973 et
449 3917 680 3989 reliqua.
716 3917 844 3974 Haec
885 3927 1071 3974 autem
1100 3920 1284 3975 omnia
1328 3919 1447 3975 ﬁeri
1479 3936 1508 3974 a
1570 3922 1804 3978 muliere
1849 3938 1945 3978 su-

365 4021 551 4084 specta
594 4012 860 4084 praecipit,
897 4023 956 4067 ut
981 4014 1234 4083 perculsa
1257 4014 1476 4080 timore,
1509 4014 1556 4070 si
1581 4016 1946 4086 peccavisset,

367 4104 720 4162 conﬁteretur
735 4116 789 4160 et
805 4119 903 4176 per
919 4107 1300 4175 paenitentiam
1321 4107 1532 4178 peccati
1558 4107 1948 4166 remissionem

369 4194 667 4264 acciperet.
714 4193 1086 4260 Quamobrem
1142 4197 1304 4264 hanc,
1365 4197 1581 4253 detecto
1621 4199 1824 4270 capite,
1879 4198 1948 4256 ad

368 4285 664 4341 Dominum
718 4285 845 4342 duci
875 4286 1062 4356 jubet,
1105 4287 1192 4343 his
1217 4288 1384 4344 dictis
1417 4305 1435 4344 :
1473 4308 1494 4342 ι
1534 4287 1734 4345 Omnia
1763 4300 1946 4346 autem

368 4377 518 4432 nuda
551 4386 606 4431 et
633 4386 821 4447 aperta
843 4379 1167 4434 suntoculis
1195 4378 1315 4449 ejus
1339 4380 1410 4436 °°.
1447 4397 1469 4432 ι
1509 4379 1551 4434 Ε
1582 4381 1949 4450 sequentibus

368 4470 514 4526 haud
536 4470 766 4526 dubium
791 4479 876 4527 est
893 4472 1029 4542 quin
1051 4471 1124 4526 ita
1144 4471 1433 4527 mulierem
1460 4480 1667 4529 terrere
1692 4473 1947 4529 voluerit.

375 4582 394 4614 ι
432 4563 835 4634 Adjurabitque
879 4578 1027 4628 eam,
1085 4572 1140 4618 et
1183 4564 1328 4619 dicet
1363 4564 1584 4622 mulieri
1636 4565 1945 4622 sacerdos:

2051 3369 2150 3439 μέν
2170 3385 2254 3420 τοι
2283 3367 2529 3436 γίνεσθαι
2563 3365 2956 3437 νενομοθέτηκε
2986 3365 3086 3435 τὴν
3122 3363 3405 3434 μιαιφόνον
3447 3360 3634 3414 αὐτῶν

2047 3460 2410 3530 ἐπιστάμενος
2434 3458 2660 3529 γνώμην
2683 3474 2698 3490 ο
2725 3458 2814 3511 ἵνα
2842 3457 2952 3526 γὰρ
2995 3455 3071 3526 μὴ
3112 3453 3172 3521 ἐξ
3200 3452 3432 3522 ὑποψίας
3461 3469 3636 3504 κατα-

2049 3551 2302 3605 κτείνωσι
2338 3549 2440 3613 τὰς
2469 3549 2792 3620 ὁμοζύγους,
2833 3547 3091 3601 ἐκέλευσε
3117 3545 3217 3619 τὴν
3249 3543 3631 3612 ὑποπευομέο

2051 3660 2146 3715 νην
2175 3642 2327 3714 αὐτῷ
2369 3641 2821 3714 προσενεχθῆναι,
2859 3640 2955 3696 ἆτε
2989 3640 3056 3711 δὴ
3095 3640 3275 3694 πάντα
3305 3639 3398 3693 καὶ
3437 3637 3506 3690 τὰ
3533 3637 3639 3692 λα-

2050 3737 2214 3809 Θραῖα
2253 3737 2442 3806 σαφῶς
2487 3735 2870 3808 ἐπισταμένῳ·
2909 3753 2928 3786 ι
2970 3734 3240 3805 Προσάξει
3261 3734 3390 3804 γὰρ,
3439 3733 3639 3803 φησὶν,

2049 3832 2078 3883 ὸ
2103 3830 2282 3901 ἱερεὺς
2305 3832 2398 3884 καὶ
2427 3832 2612 3900 στήσει
2642 3828 2740 3901 τὴν
2780 3832 3015 3898 γυναῖκα
3045 3827 3228 3882 ἐναντι
3259 3824 3355 3880 τοῦ
3397 3824 3641 3896 Κυρίου,

2051 3926 2145 3978 καὶ
2175 3925 2404 3996 λήψεται
2434 3925 2464 3976 ὁ
2499 3924 2675 3994 ἱερεὺς
2709 3922 2852 3993 ὕδωρ
2889 3920 3129 3992 καθαρὸν
3158 3921 3268 3986 ζῶν
3302 3919 3482 3972 ἔναντι
3523 3920 3644 3972 Ku-

2054 4020 2203 4090 ρίου·
2241 4038 2260 4072 ι
2302 4017 2398 4072 καὶ
2444 4016 2600 4087 ἑξῆς·
2630 4016 2804 4070 ταῦτα
2842 4015 2900 4068 δὲ
2929 4015 3109 4070 πάντα
3147 4013 3402 4083 γενέσθαι
3466 4028 3645 4081 προσ-

2051 4110 2230 4179 έταξε,
2253 4111 2352 4181 τὴν
2375 4111 2608 4180 γυναῖκα
2641 4107 2742 4177 τὴν
2779 4105 3228 4176 ὑποπτευομένην
3271 4103 3642 4174 ἐκδειματῶν,

2053 4206 2140 4261 ἵνα
2167 4207 2216 4260 εί
2238 4205 2567 4276 ἐξήμαρτεν,
2596 4202 2909 4273 ὁμολογήσῃ
2942 4203 3037 4254 καὶ
3059 4200 3149 4254 διὰ
3179 4197 3471 4269 μετανοίας
3493 4196 3645 4267 λάϐῃ

2051 4297 2150 4370 τὴν
2173 4299 2367 4367 ἄφεσιν
2390 4313 2405 4327 ⁶
2453 4293 2644 4349 τούτου
2675 4294 2834 4365 χάριν
2885 4295 2975 4346 καὶ
3017 4292 3331 4346 ἀκάλυπτον
3356 4289 3529 4358 αὐτὴν
3560 4287 3646 4358 τῷ

2051 4390 2170 4460 Θεῷ
2223 4387 2654 4460 προσενεχθῆναι
2702 4385 2951 4449 κελεύει,
3003 4384 3272 4439 διδάσκων
3320 4385 3402 4436 ὅτι
3450 4381 3647 4451 γυμνὰ

2052 4484 2231 4538 πάντα
2279 4482 2372 4535 καὶ
2405 4478 2879 4551 τετραχηλισμένα
2923 4475 3154 4531 ἐνώπιον
3194 4474 3398 4531 αὐτοῦ’
3445 4474 3529 4527 ὅτι
3579 4473 3645 4526 δὲ

2054 4575 2248 4641 ταῦτα,
2287 4572 2654 4643 δεδιττόμενος
2699 4570 2890 4641 αὐτὴν,
2921 4569 3175 4639 γενέσθαι
3219 4567 3540 4630 κεκέλευκε,
3567 4565 3643 4619 τὰ

372 4657 430 4711 Si
456 4672 568 4712 non
605 4655 867 4712 dormivit
886 4656 970 4711 vir
992 4655 1206 4712 alienus
1235 4665 1440 4726 tecum,
1471 4665 1526 4714 et
1551 4659 1596 4715 si
1620 4675 1729 4715 non
1743 4660 1937 4731 polluta

2057 4669 2183 4738 έξῆς
2233 4639 2531 4737 μαρτυρεέ’
2575 4685 2592 4718 ι
2633 4663 2744 4718 Καὶ
2799 4639 2980 4736 ὁνρκιεῖ
3027 4661 3198 4731 αὐτὴν
3243 4662 3272 4715 ὁ
3312 4660 3492 4731 ἱερεὺς
3542 4659 3645 4712 καὶ

371 4763 456 4814 es,
497 4747 716 4804 deserto
741 4749 922 4804 mariti
980 4758 1125 4816 toro,
1177 4765 1285 4806 non
1335 4751 1438 4806 tibi
1475 4753 1756 4808 nocebunt
1795 4769 1937 4824 aqua

2054 4759 2171 4828 ἐρεῖ
2197 4758 2263 4826 τῇ
2299 4753 2552 4823 γυναικί·
2584 4751 2649 4808 Εἰ
2682 4753 2757 4824 μὴ
2786 4752 3115 4823 κεκοίμηταί
3150 4768 3232 4813 τις
3263 4751 3403 4820 μετὰ
3435 4749 3552 4811 σοῦ,
3587 4750 3646 4800 εἰ

372 4841 492 4896 ista:
515 4842 895 4898 amarissima}.
922 4841 1016 4897 Sin
1050 4853 1233 4898 autem
1266 4843 1554 4902 declinasti
1581 4861 1614 4901 a
1641 4847 1761 4902 viro
1781 4857 1900 4913 tuo,
1927 4867 1951 4901 ›

377 4943 435 4989 et
462 4935 674 5006 reliqua
706 4953 723 4990 :
763 4955 782 4987 ι
808 4935 876 4990 ad
899 4946 1116 5006 tempus
1155 4936 1246 4993 det
1275 4946 1330 4992 te
1366 4936 1631 4993 Dominus
1679 4941 1737 4994 in
1780 4942 1953 4995 male-

2057 4848 2133 4919 μὴ
2155 4847 2551 4919 παραδέδηκας
2582 4845 2876 4917 μιανθῆναι
2908 4845 3013 4897 ὑπὸ
3043 4845 3136 4895 τὸν
3177 4842 3347 4914 ἄνδρα
3377 4842 3644 4910 σεαυτῆς,

2054 4941 2231 5005 ἁθῶος
2274 4940 2383 4994 ἴσθι
2432 4939 2543 4994 ἀπὸ
2584 4939 2680 4992 τοῦ
2723 4936 2958 5008 ὲλεγμοῦ
3004 4935 3101 4988 τοῦ
3144 4933 3645 5005 ἐπικαταρωμένου

376 5028 696 5095 dictionem,
747 5030 1178 5100 exemplumque
1241 5042 1569 5087 cunctorum
1633 5033 1688 5088 in
1751 5036 1937 5106 populi

2053 5032 2246 5085 τούτου
2269 5047 2283 5062 ·
2317 5032 2364 5083 ei
2414 5030 2473 5083 δὲ
2523 5028 2938 5099 παραὸέὸηκας,
2982 5025 3253 5096 ὕπανδρος
3294 5023 3452 5087 οὖσα,
3491 5041 3511 5074 ι
3546 5023 3646 5074 καὶ

375 5129 508 5187 tuo;
544 5129 861 5190 putrescere
903 5119 1068 5176 iaciat
1097 5119 1275 5176 femur
1305 5130 1484 5187 tuum,
1518 5132 1574 5177 et
1614 5130 1806 5179 uterus
1841 5124 1956 5180 dis-

370 5222 660 5282 rumpatur
683 5213 751 5266 δι.
791 5232 808 5265 ι
844 5211 1005 5269 Jussa
1032 5223 1153 5269 erat
1182 5214 1382 5270 mulier
1415 5214 1502 5270 his
1548 5214 1809 5285 precibus
1857 5231 1948 5273 as-

371 5307 586 5372 sentiri,
618 5323 686 5365 ac
716 5307 1050 5378 respondere
1085 5326 1102 5363 :
1149 5309 1348 5364 Amen.
1392 5323 1575 5363 amen.
1609 5309 1948 5382 Praeceptum

2056 5123 2207 5193 ἑξῆς,
2236 5123 2393 5187 ἐως,‹
2431 5121 2504 5174 Οὐ
2550 5120 2663 5191 δῴη
2701 5137 2783 5173 σοι
2807 5118 3010 5187 Κύριος
3038 5118 3096 5168 ἐν
3128 5116 3238 5186 ἀρᾷ
3272 5115 3367 5168 καὶ
3394 5113 3647 5184 ἐνόρκιον

2056 5221 2116 5272 ἐν
2151 5217 2304 5287 μέσῳ
2329 5214 2425 5268 τοῦ
2461 5213 2593 5267 λαοῦ
2630 5231 2745 5278 σου,
2773 5214 2831 5265 ἐν
2874 5210 3168 5281 τῷοδοῦναι
3210 5209 3300 5263 τὸν
3340 5208 3517 5279 μηρόν
3546 5223 3647 5260 σου

2063 5307 2542 5380 περιπεπτωκέναι
2559 5305 2654 5359 καὶ
2678 5305 2780 5376 τὴν
2810 5303 3022 5359 κοιλίαν
3046 5319 3141 5357 σου
3172 5300 3556 5374 πεπρωμένην
3577 5315 3593 5331 ·
3616 5316 3640 5352 ι

451 5475 495 5510 ⁷⁷
520 5472 720 5532 Cenes.
751 5491 866 5545 ινι,
900 5476 986 5531 10.
1063 5473 1110 5506 ⁷⁸
1147 5471 1277 5532 lsai.
1311 5489 1388 5544 LI,
1423 5473 1479 5530 2.
1555 5475 1603 5507 7°
1633 5472 1797 5530 Num.
1862 5487 1922 5535 ν.

2121 5475 2165 5505 ⁸ο
2196 5472 2328 5529 ibid.
2364 5472 2450 5526 18.
2493 5470 2540 5502 ³⁸
2570 5469 2702 5526 ibid.
2756 5468 2846 5537 i9,
2873 5467 2965 5524 21.

1892 5564 2102 5620 NOTJE
2116 5608 2127 5620 .

447 5657 584 5740 (‘13:)
615 5659 1066 5740 ὒιξρτοιηριρυιῖει
1095 5656 1482 5740 ιιεερνςυιτεειῑυ
1516 5673 1578 5714 ex
1615 5654 1948 5715 Theodoreti

375 5746 431 5800 q.
457 5727 510 5785 in
535 5727 758 5786 Numer.
791 5740 827 5785 ι.
853 5728 1067 5795 LXXX,
1105 5743 1159 5799 p.
1187 5727 1311 5784 550.

2130 5655 2240 5723 (75)
2269 5653 2392 5709 Ιίωο
2421 5667 2643 5723 quoqu
2666 5667 2735 5723 ex
2767 5648 3224 5723 _'l:l_reodorelp__q.
3270 5647 3333 5705 ιο
3373 5645 3428 5703 in
3467 5645 3642 5702 Num.

2063 5719 2350 5796 deScripsit
2381 5719 2632 5781 i’hotius.
2665 5720 2728 5776 T.
2766 5719 2977 5785 LXXX,
3007 5734 3059 5790 ι).
3089 5719 3214 5774 358.
