  <div class='ocr_page' id='page_1' title='image "/cluster/home/n/w/nwhite01/storage/ocr_20150623/101 pt.1/mdp.39015061955830/576.png"; bbox 0 0 3876 6216; ppageno 0'>
   <div class='ocr_carea' id='block_1_1' title="bbox 239 244 377 310">
    <p class='ocr_par' dir='ltr' id='par_1_1' title="bbox 239 244 377 310">
     <span class='ocr_line' id='line_1_1' title="bbox 239 244 377 310; baseline 0.007 -1"><span class='ocrx_word' id='word_1_1' title='bbox 239 244 377 310; x_wconf 82' lang='grc'><strong>1105</strong></span> 
     </span>
    </p>
   </div>
   <div class='ocr_carea' id='block_1_2' title="bbox 906 249 2763 327">
    <p class='ocr_par' dir='ltr' id='par_1_2' title="bbox 906 249 2763 327">
     <span class='ocr_line' id='line_1_2' title="bbox 906 249 2763 327; baseline -0.001 -15"><span class='ocrx_word' id='word_1_2' title='bbox 906 253 1008 313; x_wconf 83' lang='lat' dir='ltr'><strong>AD</strong></span> <span class='ocrx_word' id='word_1_3' title='bbox 1038 251 1635 316; x_wconf 86' lang='lat' dir='ltr'><strong>AMPHILOCHIUM</strong></span> <span class='ocrx_word' id='word_1_4' title='bbox 1671 251 2020 327; x_wconf 78' lang='lat' dir='ltr'><strong>QU/ESTIO</strong></span> <span class='ocrx_word' id='word_1_5' title='bbox 2058 249 2763 313; x_wconf 79' lang='lat' dir='ltr'><strong>CCLXXIV-CCLXXVI.</strong></span> 
     </span>
    </p>
   </div>
   <div class='ocr_carea' id='block_1_3' title="bbox 3380 243 3517 310">
    <p class='ocr_par' dir='ltr' id='par_1_3' title="bbox 3380 243 3517 310">
     <span class='ocr_line' id='line_1_3' title="bbox 3380 243 3517 310; baseline -0.007 -1"><span class='ocrx_word' id='word_1_6' title='bbox 3380 243 3517 310; x_wconf 75' lang='lat'><strong>1106</strong></span> 
     </span>
    </p>
   </div>
   <div class='ocr_carea' id='block_1_4' title="bbox 236 353 1865 433">
    <p class='ocr_par' dir='ltr' id='par_1_4' title="bbox 236 355 1865 433">
     <span class='ocr_line' id='line_1_4' title="bbox 236 355 1865 433; baseline 0.006 -21"><span class='ocrx_word' id='word_1_7' title='bbox 236 357 493 412; x_wconf 77' lang='grc' dir='ltr'>ἐκέλευσε</span> <span class='ocrx_word' id='word_1_8' title='bbox 541 355 601 410; x_wconf 84' lang='grc' dir='ltr'><strong>δὲ</strong></span> <span class='ocrx_word' id='word_1_9' title='bbox 632 356 727 410; x_wconf 74' lang='grc' dir='ltr'><strong>καὶ</strong></span> <span class='ocrx_word' id='word_1_10' title='bbox 760 357 860 427; x_wconf 83' lang='grc' dir='ltr'><strong>τήν</strong></span> <span class='ocrx_word' id='word_1_11' title='bbox 907 362 1147 427; x_wconf 74' lang='grc' dir='ltr'>γυναῖκα</span> <span class='ocrx_word' id='word_1_12' title='bbox 1197 360 1543 415; x_wconf 89' lang='grc' dir='ltr'>συντίθεσθαι</span> <span class='ocrx_word' id='word_1_13' title='bbox 1582 364 1649 433; x_wconf 79' lang='grc' dir='ltr'>τῇ</span> <span class='ocrx_word' id='word_1_14' title='bbox 1680 362 1826 432; x_wconf 80' lang='grc' dir='ltr'>ἀρᾷ,</span> <span class='ocrx_word' id='word_1_15' title='bbox 1856 411 1865 422; x_wconf 85' lang='grc'><strong>.</strong></span> 
     </span>
    </p>
   </div>
   <div class='ocr_carea' id='block_1_5' title="bbox 1970 353 3519 433">
    <p class='ocr_par' dir='ltr' id='par_1_5' title="bbox 1973 353 3519 429">
     <span class='ocr_line' id='line_1_5' title="bbox 1973 353 3519 429; baseline -0.003 -15"><span class='ocrx_word' id='word_1_16' title='bbox 1973 374 2156 429; x_wconf 84' lang='lat' dir='ltr'><strong>noque</strong></span> <span class='ocrx_word' id='word_1_17' title='bbox 2210 367 2331 413; x_wconf 90' lang='lat' dir='ltr'><strong>erat</strong></span> <span class='ocrx_word' id='word_1_18' title='bbox 2377 357 2483 413; x_wconf 88' lang='lat' dir='ltr'><strong>ista</strong></span> <span class='ocrx_word' id='word_1_19' title='bbox 2556 354 2847 411; x_wconf 88' lang='lat' dir='ltr'><strong>maledicta</strong></span> <span class='ocrx_word' id='word_1_20' title='bbox 2909 353 3199 410; x_wconf 80' lang='lat' dir='ltr'><strong>scribenda</strong></span> <span class='ocrx_word' id='word_1_21' title='bbox 3249 368 3394 423; x_wconf 85' lang='lat' dir='ltr'><strong>esse,</strong></span> <span class='ocrx_word' id='word_1_22' title='bbox 3462 364 3519 410; x_wconf 84' lang='lat' dir='ltr'><strong>ct</strong></span> 
     </span>
    </p>
   </div>
   <div class='ocr_carea' id='block_1_6' title="bbox 238 450 1830 527">
    <p class='ocr_par' dir='ltr' id='par_1_6' title="bbox 238 450 1830 527">
     <span class='ocr_line' id='line_1_6' title="bbox 238 450 1830 527; baseline 0.003 -22"><span class='ocrx_word' id='word_1_23' title='bbox 238 450 335 506; x_wconf 72' lang='lat' dir='ltr'><strong>xui.</strong></span> <span class='ocrx_word' id='word_1_24' title='bbox 356 451 573 520; x_wconf 77' lang='grc' dir='ltr'>λέγειν’</span> <span class='ocrx_word' id='word_1_25' title='bbox 602 451 856 508; x_wconf 74' lang='grc' dir='ltr'>Γένοιτό</span> <span class='ocrx_word' id='word_1_26' title='bbox 881 471 983 521; x_wconf 86' lang='grc' dir='ltr'><strong>μοι</strong></span> <span class='ocrx_word' id='word_1_27' title='bbox 1003 470 1016 485; x_wconf 89' lang='grc'><strong>·</strong></span> <span class='ocrx_word' id='word_1_28' title='bbox 1046 452 1280 523; x_wconf 74' lang='grc' dir='ltr'>γένοιτό</span> <span class='ocrx_word' id='word_1_29' title='bbox 1300 474 1403 525; x_wconf 78' lang='grc' dir='ltr'><strong>μοι</strong></span> <span class='ocrx_word' id='word_1_30' title='bbox 1427 472 1441 487; x_wconf 81' lang='grc'><em>’</em></span> <span class='ocrx_word' id='word_1_31' title='bbox 1478 455 1574 509; x_wconf 70' lang='grc' dir='ltr'>καὶ</span> <span class='ocrx_word' id='word_1_32' title='bbox 1610 456 1830 527; x_wconf 83' lang='grc' dir='ltr'>γραφῆ-</span> 
     </span>
    </p>
   </div>
   <div class='ocr_carea' id='block_1_7' title="bbox 238 542 1829 618">
    <p class='ocr_par' dir='ltr' id='par_1_7' title="bbox 238 542 1829 618">
     <span class='ocr_line' id='line_1_7' title="bbox 238 542 1829 618; baseline 0.002 -20"><span class='ocrx_word' id='word_1_33' title='bbox 238 562 329 599; x_wconf 78' lang='grc' dir='ltr'><strong>ναι</strong></span> <span class='ocrx_word' id='word_1_34' title='bbox 354 543 411 597; x_wconf 80' lang='grc' dir='ltr'><strong>δὲ</strong></span> <span class='ocrx_word' id='word_1_35' title='bbox 439 544 541 615; x_wconf 77' lang='grc' dir='ltr'><strong>τήν</strong></span> <span class='ocrx_word' id='word_1_36' title='bbox 570 542 711 614; x_wconf 83' lang='grc' dir='ltr'>ἀρὰν</span> <span class='ocrx_word' id='word_1_37' title='bbox 742 544 1049 615; x_wconf 82' lang='grc' dir='ltr'>προσέταξε</span> <span class='ocrx_word' id='word_1_38' title='bbox 1092 547 1187 600; x_wconf 74' lang='grc' dir='ltr'><strong>καὶ</strong></span> <span class='ocrx_word' id='word_1_39' title='bbox 1218 546 1605 618; x_wconf 67' lang='grc' dir='ltr'><strong>ἐξαλειφθῆναι</strong></span> <span class='ocrx_word' id='word_1_40' title='bbox 1640 546 1793 601; x_wconf 79' lang='grc' dir='ltr'>ὕδατι</span> <span class='ocrx_word' id='word_1_41' title='bbox 1812 565 1829 581; x_wconf 79' lang='grc' dir='ltr'><strong>ο</strong></span> 
     </span>
    </p>
   </div>
   <div class='ocr_carea' id='block_1_8' title="bbox 238 636 1834 710">
    <p class='ocr_par' dir='ltr' id='par_1_8' title="bbox 238 636 1834 710">
     <span class='ocr_line' id='line_1_8' title="bbox 238 636 1834 710; baseline 0.001 -21"><span class='ocrx_word' id='word_1_42' title='bbox 238 637 338 689; x_wconf 71' lang='grc' dir='ltr'>καὶ</span> <span class='ocrx_word' id='word_1_43' title='bbox 374 637 521 691; x_wconf 74' lang='grc' dir='ltr'>πιεῖν</span> <span class='ocrx_word' id='word_1_44' title='bbox 558 636 658 708; x_wconf 81' lang='grc' dir='ltr'>τὴν</span> <span class='ocrx_word' id='word_1_45' title='bbox 704 640 946 706; x_wconf 83' lang='grc' dir='ltr'>γυναῖκα</span> <span class='ocrx_word' id='word_1_46' title='bbox 970 638 1032 691; x_wconf 84' lang='grc' dir='ltr'><strong>τὸ</strong></span> <span class='ocrx_word' id='word_1_47' title='bbox 1080 636 1225 709; x_wconf 77' lang='grc' dir='ltr'>ὕδωρ</span> <span class='ocrx_word' id='word_1_48' title='bbox 1252 655 1265 669; x_wconf 90' lang='grc'><strong>·</strong></span> <span class='ocrx_word' id='word_1_49' title='bbox 1316 639 1582 709; x_wconf 88' lang='grc' dir='ltr'>πρότερον</span> <span class='ocrx_word' id='word_1_50' title='bbox 1632 639 1689 693; x_wconf 83' lang='grc' dir='ltr'><strong>δὲ</strong></span> <span class='ocrx_word' id='word_1_51' title='bbox 1735 638 1834 710; x_wconf 84' lang='grc' dir='ltr'>τὴν</span> 
     </span>
    </p>
   </div>
   <div class='ocr_carea' id='block_1_9' title="bbox 240 727 1837 803">
    <p class='ocr_par' dir='ltr' id='par_1_9' title="bbox 240 727 1837 803">
     <span class='ocr_line' id='line_1_9' title="bbox 240 727 1837 803; baseline 0.003 -23"><span class='ocrx_word' id='word_1_52' title='bbox 240 727 438 781; x_wconf 80' lang='grc' dir='ltr'><strong>θυσίαν</strong></span> <span class='ocrx_word' id='word_1_53' title='bbox 472 730 926 800; x_wconf 81' lang='grc' dir='ltr'><strong>προσενεχθῆναι,</strong></span> <span class='ocrx_word' id='word_1_54' title='bbox 974 730 1254 785; x_wconf 80' lang='grc' dir='ltr'>τουτέστιν</span> <span class='ocrx_word' id='word_1_55' title='bbox 1303 731 1364 784; x_wconf 80' lang='grc' dir='ltr'><strong>τὸ</strong></span> <span class='ocrx_word' id='word_1_56' title='bbox 1405 730 1645 803; x_wconf 78' lang='grc' dir='ltr'>κρίθινον</span> <span class='ocrx_word' id='word_1_57' title='bbox 1674 732 1837 787; x_wconf 83' lang='grc' dir='ltr'>ἄλευ-</span> 
     </span>
    </p>
   </div>
   <div class='ocr_carea' id='block_1_10' title="bbox 244 812 1839 892">
    <p class='ocr_par' dir='ltr' id='par_1_10' title="bbox 244 812 1839 892">
     <span class='ocr_line' id='line_1_10' title="bbox 244 812 1839 892; baseline 0.012 -24"><span class='ocrx_word' id='word_1_58' title='bbox 244 833 376 887; x_wconf 77' lang='grc' dir='ltr'>ρονο</span> <span class='ocrx_word' id='word_1_59' title='bbox 411 812 533 871; x_wconf 74' lang='grc' dir='ltr'>εἷτα</span> <span class='ocrx_word' id='word_1_60' title='bbox 582 818 826 873; x_wconf 81' lang='grc' dir='ltr'>διδάσκει</span> <span class='ocrx_word' id='word_1_61' title='bbox 853 820 929 883; x_wconf 87' lang='grc' dir='ltr'>ὼς</span> <span class='ocrx_word' id='word_1_62' title='bbox 960 820 1139 885; x_wconf 84' lang='grc' dir='ltr'>ἀθῶος</span> <span class='ocrx_word' id='word_1_63' title='bbox 1192 822 1291 891; x_wconf 81' lang='grc' dir='ltr'><strong>μὲν</strong></span> <span class='ocrx_word' id='word_1_64' title='bbox 1319 816 1475 886; x_wconf 79' lang='grc' dir='ltr'>οὖσα,</span> <span class='ocrx_word' id='word_1_65' title='bbox 1530 819 1689 892; x_wconf 77' lang='grc' dir='ltr'>ὑγιὴς</span> <span class='ocrx_word' id='word_1_66' title='bbox 1738 837 1839 890; x_wconf 79' lang='grc' dir='ltr'><strong>φυ·</strong></span> 
     </span>
    </p>
   </div>
   <div class='ocr_carea' id='block_1_11' title="bbox 213 910 1836 993">
    <p class='ocr_par' dir='ltr' id='par_1_11' title="bbox 213 910 1836 993">
     <span class='ocr_line' id='line_1_11' title="bbox 213 910 1836 993; baseline 0.001 -28"><span class='ocrx_word' id='word_1_67' title='bbox 213 910 617 993; x_wconf 28' lang='grc' dir='ltr'>’λαχθήσεταισ</span> <span class='ocrx_word' id='word_1_68' title='bbox 672 910 853 981; x_wconf 79' lang='grc' dir='ltr'>ἔνοχος</span> <span class='ocrx_word' id='word_1_69' title='bbox 905 912 962 967; x_wconf 82' lang='grc' dir='ltr'><strong>δὲ</strong></span> <span class='ocrx_word' id='word_1_70' title='bbox 1018 913 1152 967; x_wconf 74' lang='grc' dir='ltr'>οὖσα</span> <span class='ocrx_word' id='word_1_71' title='bbox 1207 913 1301 969; x_wconf 75' lang='grc' dir='ltr'><strong>καὶ</strong></span> <span class='ocrx_word' id='word_1_72' title='bbox 1358 914 1709 986; x_wconf 85' lang='grc' dir='ltr'><strong>κρύπτουσα,</strong></span> <span class='ocrx_word' id='word_1_73' title='bbox 1768 916 1836 985; x_wconf 82' lang='grc' dir='ltr'>τῇ</span> 
     </span>
    </p>
   </div>
   <div class='ocr_carea' id='block_1_12' title="bbox 203 999 1839 1081">
    <p class='ocr_par' dir='ltr' id='par_1_12' title="bbox 203 999 1839 1081">
     <span class='ocr_line' id='line_1_12' title="bbox 203 999 1839 1081; baseline 0.003 -29"><span class='ocrx_word' id='word_1_74' title='bbox 203 1062 221 1081; x_wconf 52' lang='lat'><em>_</em></span> <span class='ocrx_word' id='word_1_75' title='bbox 245 999 420 1073; x_wconf 76' lang='grc' dir='ltr'>πείρᾳ</span> <span class='ocrx_word' id='word_1_76' title='bbox 455 999 761 1072; x_wconf 82' lang='grc' dir='ltr'>μαθήσεται</span> <span class='ocrx_word' id='word_1_77' title='bbox 800 1002 899 1072; x_wconf 88' lang='grc' dir='ltr'><strong>τῆς</strong></span> <span class='ocrx_word' id='word_1_78' title='bbox 931 1004 1075 1074; x_wconf 82' lang='grc' dir='ltr'>ἀρᾶς</span> <span class='ocrx_word' id='word_1_79' title='bbox 1117 1004 1219 1076; x_wconf 79' lang='grc' dir='ltr'><strong>τήν</strong></span> <span class='ocrx_word' id='word_1_80' title='bbox 1250 1006 1423 1077; x_wconf 76' lang='grc' dir='ltr'>ἰσχὺν,</span> <span class='ocrx_word' id='word_1_81' title='bbox 1468 1005 1685 1076; x_wconf 72' lang='grc' dir='ltr'>καὶτῆς</span> <span class='ocrx_word' id='word_1_82' title='bbox 1720 1023 1839 1059; x_wconf 86' lang='grc' dir='ltr'>κοι-</span> 
     </span>
    </p>
   </div>
   <div class='ocr_carea' id='block_1_13' title="bbox 245 1092 1837 1171">
    <p class='ocr_par' dir='ltr' id='par_1_13' title="bbox 245 1092 1837 1171">
     <span class='ocr_line' id='line_1_13' title="bbox 245 1092 1837 1171; baseline 0.012 -27"><span class='ocrx_word' id='word_1_83' title='bbox 245 1092 374 1155; x_wconf 86' lang='grc' dir='ltr'>λίας</span> <span class='ocrx_word' id='word_1_84' title='bbox 414 1092 893 1165; x_wconf 75' lang='grc' dir='ltr'>διαρρηγνυμένης</span> <span class='ocrx_word' id='word_1_85' title='bbox 924 1096 1021 1149; x_wconf 78' lang='grc' dir='ltr'>καὶ</span> <span class='ocrx_word' id='word_1_86' title='bbox 1066 1096 1161 1150; x_wconf 82' lang='grc' dir='ltr'>τοῦ</span> <span class='ocrx_word' id='word_1_87' title='bbox 1210 1098 1387 1171; x_wconf 81' lang='grc' dir='ltr'>μηροῦ</span> <span class='ocrx_word' id='word_1_88' title='bbox 1419 1099 1837 1162; x_wconf 75' lang='grc' dir='ltr'>διαπίπτοντος·</span> 
     </span>
    </p>
   </div>
   <div class='ocr_carea' id='block_1_14' title="bbox 243 1176 1842 1262">
    <p class='ocr_par' dir='ltr' id='par_1_14' title="bbox 243 1176 1842 1262">
     <span class='ocr_line' id='line_1_14' title="bbox 243 1176 1842 1262; baseline 0.006 -27"><span class='ocrx_word' id='word_1_89' title='bbox 243 1182 318 1235; x_wconf 84' lang='grc' dir='ltr'>δι’</span> <span class='ocrx_word' id='word_1_90' title='bbox 353 1176 430 1237; x_wconf 82' lang='grc' dir='ltr'>ὧν</span> <span class='ocrx_word' id='word_1_91' title='bbox 462 1184 573 1254; x_wconf 85' lang='grc' dir='ltr'><strong>γὰρ</strong></span> <span class='ocrx_word' id='word_1_92' title='bbox 607 1186 640 1256; x_wconf 82' lang='grc' dir='ltr'><strong>ὴ</strong></span> <span class='ocrx_word' id='word_1_93' title='bbox 670 1186 939 1256; x_wconf 84' lang='grc' dir='ltr'>ἁμαρτία,</span> <span class='ocrx_word' id='word_1_94' title='bbox 970 1187 1058 1243; x_wconf 84' lang='grc' dir='ltr'><strong>διὰ</strong></span> <span class='ocrx_word' id='word_1_95' title='bbox 1089 1188 1297 1243; x_wconf 88' lang='grc' dir='ltr'>τούτων</span> <span class='ocrx_word' id='word_1_96' title='bbox 1324 1192 1358 1261; x_wconf 90' lang='grc' dir='ltr'><strong>ή</strong></span> <span class='ocrx_word' id='word_1_97' title='bbox 1378 1191 1652 1262; x_wconf 66' lang='grc' dir='ltr'>τιμωρίαν</span> <span class='ocrx_word' id='word_1_98' title='bbox 1692 1190 1754 1243; x_wconf 78' lang='grc' dir='ltr'>τὸ</span> <span class='ocrx_word' id='word_1_99' title='bbox 1784 1190 1842 1244; x_wconf 78' lang='grc' dir='ltr'><strong>δὲ</strong></span> 
     </span>
    </p>
   </div>
   <div class='ocr_carea' id='block_1_15' title="bbox 248 1275 1843 1353">
    <p class='ocr_par' dir='ltr' id='par_1_15' title="bbox 248 1275 1843 1353">
     <span class='ocr_line' id='line_1_15' title="bbox 248 1275 1843 1353; baseline 0.006 -27"><span class='ocrx_word' id='word_1_100' title='bbox 248 1275 503 1345; x_wconf 73' lang='grc' dir='ltr'>ἐνόρκιον</span> <span class='ocrx_word' id='word_1_101' title='bbox 535 1277 678 1330; x_wconf 76' lang='grc' dir='ltr'>οὕτω</span> <span class='ocrx_word' id='word_1_102' title='bbox 715 1281 937 1349; x_wconf 79' lang='grc' dir='ltr'>νοητὲον</span> <span class='ocrx_word' id='word_1_103' title='bbox 959 1297 975 1315; x_wconf 77' lang='grc' dir='ltr'><strong>ο</strong></span> <span class='ocrx_word' id='word_1_104' title='bbox 999 1281 1127 1335; x_wconf 87' lang='grc' dir='ltr'>ὅταν</span> <span class='ocrx_word' id='word_1_105' title='bbox 1152 1299 1237 1346; x_wconf 91' lang='grc' dir='ltr'><strong>τις</strong></span> <span class='ocrx_word' id='word_1_106' title='bbox 1264 1282 1415 1336; x_wconf 88' lang='grc' dir='ltr'>δεινά</span> <span class='ocrx_word' id='word_1_107' title='bbox 1446 1283 1542 1338; x_wconf 75' lang='grc' dir='ltr'><strong>καὶ</strong></span> <span class='ocrx_word' id='word_1_108' title='bbox 1565 1284 1843 1353; x_wconf 81' lang='grc' dir='ltr'>ἀνήκεστα</span> 
     </span>
    </p>
   </div>
   <div class='ocr_carea' id='block_1_16' title="bbox 248 1365 1845 1446">
    <p class='ocr_par' dir='ltr' id='par_1_16' title="bbox 248 1365 1845 1446">
     <span class='ocr_line' id='line_1_16' title="bbox 248 1365 1845 1446; baseline 0.008 -30"><span class='ocrx_word' id='word_1_109' title='bbox 248 1365 429 1436; x_wconf 77' lang='grc' dir='ltr'>πάθῃ,</span> <span class='ocrx_word' id='word_1_110' title='bbox 456 1366 684 1421; x_wconf 72' lang='grc' dir='ltr'>εἰώθασί</span> <span class='ocrx_word' id='word_1_111' title='bbox 708 1386 853 1433; x_wconf 86' lang='grc' dir='ltr'>τινες</span> <span class='ocrx_word' id='word_1_112' title='bbox 883 1369 1146 1442; x_wconf 85' lang='grc' dir='ltr'>ὀμνύντες</span> <span class='ocrx_word' id='word_1_113' title='bbox 1178 1372 1380 1444; x_wconf 60' lang='grc' dir='ltr'>λέγειν,</span> <span class='ocrx_word' id='word_1_114' title='bbox 1410 1374 1504 1446; x_wconf 83' lang='grc' dir='ltr'><strong>Μὴ</strong></span> <span class='ocrx_word' id='word_1_115' title='bbox 1547 1373 1779 1445; x_wconf 82' lang='grc' dir='ltr'>πάθοιμι</span> <span class='ocrx_word' id='word_1_116' title='bbox 1808 1374 1845 1428; x_wconf 76' lang='grc' dir='ltr'><strong>ἀ</strong></span> 
     </span>
    </p>
   </div>
   <div class='ocr_carea' id='block_1_17' title="bbox 250 1458 785 1515">
    <p class='ocr_par' dir='ltr' id='par_1_17' title="bbox 250 1458 785 1515">
     <span class='ocr_line' id='line_1_17' title="bbox 250 1458 785 1515; baseline 0.011 -6"><span class='ocrx_word' id='word_1_117' title='bbox 250 1460 282 1510; x_wconf 82' lang='grc' dir='ltr'>ὁ</span> <span class='ocrx_word' id='word_1_118' title='bbox 316 1458 465 1511; x_wconf 82' lang='grc' dir='ltr'>δεῖνα</span> <span class='ocrx_word' id='word_1_119' title='bbox 497 1459 785 1515; x_wconf 81' lang='grc' dir='ltr'>πέπονθεν.</span> 
     </span>
    </p>
   </div>
   <div class='ocr_carea' id='block_1_18' title="bbox 771 1576 1333 1646">
    <p class='ocr_par' dir='ltr' id='par_1_18' title="bbox 771 1576 1333 1646">
     <span class='ocr_line' id='line_1_18' title="bbox 771 1576 1333 1646; baseline 0.007 -18"><span class='ocrx_word' id='word_1_120' title='bbox 771 1576 1107 1630; x_wconf 73' lang='lat' dir='ltr'><strong>urorum</strong></span> <span class='ocrx_word' id='word_1_121' title='bbox 1156 1578 1333 1646; x_wconf 71' lang='lat' dir='ltr'><strong>zoq&#39;.</strong></span> 
     </span>
    </p>
   </div>
   <div class='ocr_carea' id='block_1_19' title="bbox 1936 447 3514 522">
    <p class='ocr_par' dir='ltr' id='par_1_19' title="bbox 1936 447 3514 522">
     <span class='ocr_line' id='line_1_19' title="bbox 1936 447 3514 522; baseline -0.004 -15"><span class='ocrx_word' id='word_1_122' title='bbox 1936 454 2092 522; x_wconf 88' lang='lat' dir='ltr'><strong>aquis</strong></span> <span class='ocrx_word' id='word_1_123' title='bbox 2114 451 2403 516; x_wconf 79' lang='lat' dir='ltr'><strong>deluenda,</strong></span> <span class='ocrx_word' id='word_1_124' title='bbox 2434 464 2607 520; x_wconf 82' lang='lat' dir='ltr'><strong>aquas</strong></span> <span class='ocrx_word' id='word_1_125' title='bbox 2629 456 2810 502; x_wconf 89' lang='lat' dir='ltr'><strong>autem</strong></span> <span class='ocrx_word' id='word_1_126' title='bbox 2837 448 3053 504; x_wconf 86' lang='lat' dir='ltr'><strong>mulieri</strong></span> <span class='ocrx_word' id='word_1_127' title='bbox 3084 447 3514 514; x_wconf 71' lang='lat' dir='ltr'><strong>exhauriendas,</strong></span> 
     </span>
    </p>
   </div>
   <div class='ocr_carea' id='block_1_20' title="bbox 1937 539 3519 615">
    <p class='ocr_par' dir='ltr' id='par_1_20' title="bbox 1937 539 3519 615">
     <span class='ocr_line' id='line_1_20' title="bbox 1937 539 3519 615; baseline -0.004 -16"><span class='ocrx_word' id='word_1_128' title='bbox 1937 547 2206 615; x_wconf 86' lang='lat' dir='ltr'><strong>priusque</strong></span> <span class='ocrx_word' id='word_1_129' title='bbox 2258 544 2594 599; x_wconf 77' lang='lat' dir='ltr'><strong>oblationem</strong></span> <span class='ocrx_word' id='word_1_130' title='bbox 2642 540 2863 601; x_wconf 79' lang='lat' dir='ltr'><strong>afferri.</strong></span> <span class='ocrx_word' id='word_1_131' title='bbox 2916 541 2969 596; x_wconf 88' lang='lat' dir='ltr'><strong>id</strong></span> <span class='ocrx_word' id='word_1_132' title='bbox 3024 549 3110 596; x_wconf 90' lang='lat' dir='ltr'><strong>est</strong></span> <span class='ocrx_word' id='word_1_133' title='bbox 3154 539 3519 597; x_wconf 86' lang='lat' dir='ltr'><strong>hordeaceam</strong></span> 
     </span>
    </p>
   </div>
   <div class='ocr_carea' id='block_1_21' title="bbox 1936 632 3519 699">
    <p class='ocr_par' dir='ltr' id='par_1_21' title="bbox 1936 632 3519 699">
     <span class='ocr_line' id='line_1_21' title="bbox 1936 632 3519 699; baseline -0.004 -7"><span class='ocrx_word' id='word_1_134' title='bbox 1936 636 2191 692; x_wconf 85' lang='lat' dir='ltr'><strong>farinam.</strong></span> <span class='ocrx_word' id='word_1_135' title='bbox 2232 634 2437 690; x_wconf 85' lang='lat' dir='ltr'><strong>Deinde</strong></span> <span class='ocrx_word' id='word_1_136' title='bbox 2466 635 2730 689; x_wconf 87' lang='lat' dir='ltr'><strong>admonet</strong></span> <span class='ocrx_word' id='word_1_137' title='bbox 2756 632 3062 699; x_wconf 88' lang='lat' dir='ltr'><strong>mulierem,</strong></span> <span class='ocrx_word' id='word_1_138' title='bbox 3092 632 3138 688; x_wconf 90' lang='lat' dir='ltr'><strong>si</strong></span> <span class='ocrx_word' id='word_1_139' title='bbox 3169 632 3243 687; x_wconf 85' lang='lat' dir='ltr'><strong>sil.</strong></span> <span class='ocrx_word' id='word_1_140' title='bbox 3272 632 3519 699; x_wconf 78' lang='lat' dir='ltr'><strong>innoxia,</strong></span> 
     </span>
    </p>
   </div>
   <div class='ocr_carea' id='block_1_22' title="bbox 1937 724 3519 794">
    <p class='ocr_par' dir='ltr' id='par_1_22' title="bbox 1937 724 3519 794">
     <span class='ocr_line' id='line_1_22' title="bbox 1937 724 3519 794; baseline -0.004 -10"><span class='ocrx_word' id='word_1_141' title='bbox 1937 727 2269 784; x_wconf 86' lang='lat' dir='ltr'><strong>incolumem</strong></span> <span class='ocrx_word' id='word_1_142' title='bbox 2319 725 2611 793; x_wconf 89' lang='lat' dir='ltr'><strong>futuram;</strong></span> <span class='ocrx_word' id='word_1_143' title='bbox 2663 724 2745 779; x_wconf 89' lang='lat' dir='ltr'><strong>sin</strong></span> <span class='ocrx_word' id='word_1_144' title='bbox 2799 735 2980 779; x_wconf 85' lang='lat' dir='ltr'><strong>autem</strong></span> <span class='ocrx_word' id='word_1_145' title='bbox 3029 725 3266 780; x_wconf 82' lang='lat' dir='ltr'><strong>obnoxia</strong></span> <span class='ocrx_word' id='word_1_146' title='bbox 3306 725 3519 794; x_wconf 86' lang='lat' dir='ltr'><strong>culpam</strong></span> 
     </span>
    </p>
   </div>
   <div class='ocr_carea' id='block_1_23' title="bbox 1938 816 3524 890">
    <p class='ocr_par' dir='ltr' id='par_1_23' title="bbox 1938 816 3524 890">
     <span class='ocr_line' id='line_1_23' title="bbox 1938 816 3524 890; baseline -0.005 -14"><span class='ocrx_word' id='word_1_147' title='bbox 1938 821 2096 886; x_wconf 89' lang='lat' dir='ltr'><strong>celet,</strong></span> <span class='ocrx_word' id='word_1_148' title='bbox 2126 820 2459 890; x_wconf 77' lang='lat' dir='ltr'><strong>experiendo</strong></span> <span class='ocrx_word' id='word_1_149' title='bbox 2492 817 2820 874; x_wconf 89' lang='lat' dir='ltr'><strong>discituram</strong></span> <span class='ocrx_word' id='word_1_150' title='bbox 2868 832 2991 888; x_wconf 80' lang='lat' dir='ltr'><strong>quae</strong></span> <span class='ocrx_word' id='word_1_151' title='bbox 3023 816 3099 871; x_wconf 91' lang='lat' dir='ltr'><strong>sit</strong></span> <span class='ocrx_word' id='word_1_152' title='bbox 3121 816 3524 872; x_wconf 81' lang='lat' dir='ltr'><strong>exsecrationis</strong></span> 
     </span>
    </p>
   </div>
   <div class='ocr_carea' id='block_1_24' title="bbox 1941 904 3525 981">
    <p class='ocr_par' dir='ltr' id='par_1_24' title="bbox 1941 904 3525 981">
     <span class='ocr_line' id='line_1_24' title="bbox 1941 904 3525 981; baseline -0.003 -15"><span class='ocrx_word' id='word_1_153' title='bbox 1941 913 2044 978; x_wconf 90' lang='lat' dir='ltr'><strong>vls,</strong></span> <span class='ocrx_word' id='word_1_154' title='bbox 2076 922 2131 967; x_wconf 86' lang='lat' dir='ltr'><strong>et</strong></span> <span class='ocrx_word' id='word_1_155' title='bbox 2167 910 2379 981; x_wconf 89' lang='lat' dir='ltr'><strong>dilapso</strong></span> <span class='ocrx_word' id='word_1_156' title='bbox 2415 919 2606 967; x_wconf 90' lang='lat' dir='ltr'><strong>ventre</strong></span> <span class='ocrx_word' id='word_1_157' title='bbox 2631 908 2808 965; x_wconf 90' lang='lat' dir='ltr'><strong>femur</strong></span> <span class='ocrx_word' id='word_1_158' title='bbox 2837 905 3334 979; x_wconf 89' lang='lat' dir='ltr'><strong>putrefaciendum.</strong></span> <span class='ocrx_word' id='word_1_159' title='bbox 3365 904 3525 961; x_wconf 87' lang='lat' dir='ltr'><strong>Unde</strong></span> 
     </span>
    </p>
   </div>
   <div class='ocr_carea' id='block_1_25' title="bbox 1941 999 3526 1074">
    <p class='ocr_par' dir='ltr' id='par_1_25' title="bbox 1941 999 3526 1074">
     <span class='ocr_line' id='line_1_25' title="bbox 1941 999 3526 1074; baseline -0.005 -15"><span class='ocrx_word' id='word_1_160' title='bbox 1941 1005 2087 1059; x_wconf 89' lang='lat' dir='ltr'><strong>enim</strong></span> <span class='ocrx_word' id='word_1_161' title='bbox 2128 1016 2435 1074; x_wconf 87' lang='lat' dir='ltr'><strong>peccatum,</strong></span> <span class='ocrx_word' id='word_1_162' title='bbox 2487 1003 2685 1058; x_wconf 84' lang='lat' dir='ltr'><strong>exinde</strong></span> <span class='ocrx_word' id='word_1_163' title='bbox 2730 1016 2915 1072; x_wconf 70' lang='lat' dir='ltr'><strong>pmna.</strong></span> <span class='ocrx_word' id='word_1_164' title='bbox 2965 999 3365 1071; x_wconf 77' lang='lat' dir='ltr'><strong>Jusjurandum</strong></span> <span class='ocrx_word' id='word_1_165' title='bbox 3397 1013 3526 1053; x_wconf 86' lang='lat' dir='ltr'><strong>vero</strong></span> 
     </span>
    </p>
   </div>
   <div class='ocr_carea' id='block_1_26' title="bbox 1944 1092 3529 1167">
    <p class='ocr_par' dir='ltr' id='par_1_26' title="bbox 1944 1092 3529 1167">
     <span class='ocr_line' id='line_1_26' title="bbox 1944 1092 3529 1167; baseline -0.004 -15"><span class='ocrx_word' id='word_1_166' title='bbox 1944 1098 2017 1152; x_wconf 91' lang='lat' dir='ltr'><strong>ita</strong></span> <span class='ocrx_word' id='word_1_167' title='bbox 2054 1095 2466 1167; x_wconf 85' lang='lat' dir='ltr'><strong>intelligendum</strong></span> <span class='ocrx_word' id='word_1_168' title='bbox 2496 1105 2623 1151; x_wconf 89' lang='lat' dir='ltr'><strong>est:</strong></span> <span class='ocrx_word' id='word_1_169' title='bbox 2665 1111 2793 1151; x_wconf 89' lang='lat' dir='ltr'><strong>cum</strong></span> <span class='ocrx_word' id='word_1_170' title='bbox 2831 1095 3031 1165; x_wconf 86' lang='lat' dir='ltr'><strong>aliquis</strong></span> <span class='ocrx_word' id='word_1_171' title='bbox 3093 1094 3241 1150; x_wconf 88' lang='lat' dir='ltr'><strong>mala</strong></span> <span class='ocrx_word' id='word_1_172' title='bbox 3271 1100 3327 1149; x_wconf 88' lang='lat' dir='ltr'><strong>et</strong></span> <span class='ocrx_word' id='word_1_173' title='bbox 3380 1092 3529 1147; x_wconf 90' lang='lat' dir='ltr'><strong>insa-</strong></span> 
     </span>
    </p>
   </div>
   <div class='ocr_carea' id='block_1_27' title="bbox 1945 1185 3528 1258">
    <p class='ocr_par' dir='ltr' id='par_1_27' title="bbox 1945 1185 3528 1258">
     <span class='ocr_line' id='line_1_27' title="bbox 1945 1185 3528 1258; baseline -0.001 -16"><span class='ocrx_word' id='word_1_174' title='bbox 1945 1190 2145 1244; x_wconf 88' lang='lat' dir='ltr'><strong>nabilia</strong></span> <span class='ocrx_word' id='word_1_175' title='bbox 2169 1190 2311 1255; x_wconf 86' lang='lat' dir='ltr'><strong>tulit,</strong></span> <span class='ocrx_word' id='word_1_176' title='bbox 2337 1189 2753 1258; x_wconf 88' lang='lat' dir='ltr'><strong>solentquidam</strong></span> <span class='ocrx_word' id='word_1_177' title='bbox 2779 1185 3286 1258; x_wconf 84' lang='lat' dir='ltr'><strong>cumjurejurando</strong></span> <span class='ocrx_word' id='word_1_178' title='bbox 3306 1185 3528 1243; x_wconf 86' lang='lat' dir='ltr'><strong>dicere:</strong></span> 
     </span>
    </p>
   </div>
   <div class='ocr_carea' id='block_1_28' title="bbox 1948 1281 3272 1354">
    <p class='ocr_par' dir='ltr' id='par_1_28' title="bbox 1948 1281 3272 1354">
     <span class='ocr_line' id='line_1_28' title="bbox 1948 1281 3272 1354; baseline -0.002 -17"><span class='ocrx_word' id='word_1_179' title='bbox 1948 1281 2168 1339; x_wconf 86' lang='lat' dir='ltr'><strong>Utinam</strong></span> <span class='ocrx_word' id='word_1_180' title='bbox 2202 1297 2311 1338; x_wconf 90' lang='lat' dir='ltr'><strong>non</strong></span> <span class='ocrx_word' id='word_1_181' title='bbox 2342 1282 2513 1339; x_wconf 85' lang='lat' dir='ltr'><strong>feram</strong></span> <span class='ocrx_word' id='word_1_182' title='bbox 2552 1298 2675 1353; x_wconf 74' lang='lat' dir='ltr'><strong>quae</strong></span> <span class='ocrx_word' id='word_1_183' title='bbox 2703 1283 2806 1339; x_wconf 86' lang='lat' dir='ltr'><strong>iste</strong></span> <span class='ocrx_word' id='word_1_184' title='bbox 2836 1296 3135 1354; x_wconf 89' lang='lat' dir='ltr'><strong>perpessus</strong></span> <span class='ocrx_word' id='word_1_185' title='bbox 3165 1288 3272 1337; x_wconf 90' lang='lat' dir='ltr'><strong>est.</strong></span> 
     </span>
    </p>
   </div>
   <div class='ocr_carea' id='block_1_29' title="bbox 2098 1585 3395 1664">
    <p class='ocr_par' dir='ltr' id='par_1_29' title="bbox 2098 1585 3395 1664">
     <span class='ocr_line' id='line_1_29' title="bbox 2098 1585 3395 1664; baseline -0.006 -16"><span class='ocrx_word' id='word_1_186' title='bbox 2098 1589 2434 1659; x_wconf 72' lang='lat' dir='ltr'><strong>&#39;QUAESTIO</strong></span> <span class='ocrx_word' id='word_1_187' title='bbox 2471 1589 2796 1648; x_wconf 80' lang='lat' dir='ltr'><strong>CCLXXVI.</strong></span> <span class='ocrx_word' id='word_1_188' title='bbox 2842 1590 3015 1664; x_wconf 81' lang='lat' dir='ltr'><strong>[Maio</strong></span> <span class='ocrx_word' id='word_1_189' title='bbox 3040 1585 3395 1661; x_wconf 83' lang='lat' dir='ltr'><strong>CCLXXVI.]</strong></span> 
     </span>
    </p>
   </div>
   <div class='ocr_carea' id='block_1_30' title="bbox 256 1658 1865 1778">
    <p class='ocr_par' dir='ltr' id='par_1_30' title="bbox 256 1658 1848 1778">
     <span class='ocr_line' id='line_1_30' title="bbox 256 1658 1848 1778; baseline 0.006 -63"><span class='ocrx_word' id='word_1_190' title='bbox 256 1658 439 1730; x_wconf 81' lang='grc' dir='ltr'>Τίνος</span> <span class='ocrx_word' id='word_1_191' title='bbox 481 1661 692 1719; x_wconf 78' lang='grc' dir='ltr'>ἕνεκεν</span> <span class='ocrx_word' id='word_1_192' title='bbox 740 1664 1190 1778; x_wconf 51' lang='grc' dir='ltr'>ἁμαρτάνουσιν</span> <span class='ocrx_word' id='word_1_193' title='bbox 1255 1668 1438 1736; x_wconf 74' lang='grc' dir='ltr'>εὐθὺς</span> <span class='ocrx_word' id='word_1_194' title='bbox 1501 1670 1711 1740; x_wconf 75' lang='grc' dir='ltr'>ἐπάγει</span> <span class='ocrx_word' id='word_1_195' title='bbox 1740 1668 1848 1737; x_wconf 81' lang='grc' dir='ltr'>τὰς</span> 
     </span>
    </p>
   </div>
   <div class='ocr_carea' id='block_1_31' title="bbox 1970 1658 3493 1778">
    <p class='ocr_par' dir='ltr' id='par_1_31' title="bbox 1987 1658 3493 1756">
     <span class='ocr_line' id='line_1_31' title="bbox 1987 1658 3493 1756; baseline -0.003 -17"><span class='ocrx_word' id='word_1_196' title='bbox 1987 1684 2097 1739; x_wconf 87' lang='lat' dir='ltr'><strong>Cur</strong></span> <span class='ocrx_word' id='word_1_197' title='bbox 2121 1703 2152 1740; x_wconf 89' lang='lat' dir='ltr'><strong>a</strong></span> <span class='ocrx_word' id='word_1_198' title='bbox 2179 1686 2545 1756; x_wconf 79' lang='lat' dir='ltr'><strong>peccatoribus</strong></span> <span class='ocrx_word' id='word_1_199' title='bbox 2589 1702 2754 1756; x_wconf 68' lang='lat' dir='ltr'><strong>paena:</strong></span> <span class='ocrx_word' id='word_1_200' title='bbox 2795 1658 2977 1741; x_wconf 58' lang='lat' dir='ltr'><strong>statim</strong></span> <span class='ocrx_word' id='word_1_201' title='bbox 3004 1692 3321 1755; x_wconf 74' lang='lat' dir='ltr'><strong>expetantur</strong></span> <span class='ocrx_word' id='word_1_202' title='bbox 3355 1658 3493 1752; x_wconf 57' lang='grc'><strong>(³15).</strong></span> 
     </span>
    </p>
   </div>
   <div class='ocr_carea' id='block_1_32' title="bbox 894 1738 1206 1807">
    <p class='ocr_par' dir='ltr' id='par_1_32' title="bbox 894 1738 1206 1807">
     <span class='ocr_line' id='line_1_32' title="bbox 894 1738 1206 1807; baseline 0.003 -17"><span class='ocrx_word' id='word_1_203' title='bbox 894 1738 1206 1807; x_wconf 82' lang='grc' dir='ltr'>τιμωρίας;</span> 
     </span>
    </p>
   </div>
   <div class='ocr_carea' id='block_1_33' title="bbox 1037 1829 2768 1899">
    <p class='ocr_par' dir='ltr' id='par_1_33' title="bbox 1037 1829 2768 1899">
     <span class='ocr_line' id='line_1_33' title="bbox 1037 1829 2768 1899; baseline 0.003 -18"><span class='ocrx_word' id='word_1_204' title='bbox 1037 1830 1180 1881; x_wconf 83' lang='lat' dir='ltr'><strong>Edita</strong></span> <span class='ocrx_word' id='word_1_205' title='bbox 1210 1844 1239 1879; x_wconf 84' lang='lat' dir='ltr'><strong>a</strong></span> <span class='ocrx_word' id='word_1_206' title='bbox 1265 1829 1392 1881; x_wconf 78' lang='lat' dir='ltr'><strong>Maio</strong></span> <span class='ocrx_word' id='word_1_207' title='bbox 1424 1830 1482 1895; x_wconf 87' lang='grc' dir='ltr'><strong>(Ι.</strong></span> <span class='ocrx_word' id='word_1_208' title='bbox 1510 1844 1551 1882; x_wconf 87' lang='lat' dir='ltr'><strong>c.</strong></span> <span class='ocrx_word' id='word_1_209' title='bbox 1577 1846 1626 1895; x_wconf 91' lang='lat' dir='ltr'><strong>p.</strong></span> <span class='ocrx_word' id='word_1_210' title='bbox 1660 1832 1771 1892; x_wconf 78' lang='lat'><strong>137,</strong></span> <span class='ocrx_word' id='word_1_211' title='bbox 1802 1831 1939 1896; x_wconf 80' lang='grc'><strong>158).</strong></span> <span class='ocrx_word' id='word_1_212' title='bbox 1958 1860 2021 1871; x_wconf 91' lang='grc'><strong>-</strong></span> <span class='ocrx_word' id='word_1_213' title='bbox 2040 1836 2115 1886; x_wconf 91' lang='lat' dir='ltr'><strong>De</strong></span> <span class='ocrx_word' id='word_1_214' title='bbox 2139 1840 2282 1887; x_wconf 78' lang='lat' dir='ltr'><strong>textu</strong></span> <span class='ocrx_word' id='word_1_215' title='bbox 2312 1836 2458 1888; x_wconf 88' lang='lat' dir='ltr'><strong>Num.</strong></span> <span class='ocrx_word' id='word_1_216' title='bbox 2493 1851 2563 1898; x_wconf 79' lang='grc' dir='ltr'>χι,</span> <span class='ocrx_word' id='word_1_217' title='bbox 2600 1835 2621 1885; x_wconf 82' lang='grc'><strong>1</strong></span> <span class='ocrx_word' id='word_1_218' title='bbox 2658 1850 2768 1899; x_wconf 87' lang='lat' dir='ltr'><strong>seq.</strong></span> 
     </span>
    </p>
   </div>
   <div class='ocr_carea' id='block_1_34' title="bbox 344 1909 1854 1991">
    <p class='ocr_par' dir='ltr' id='par_1_34' title="bbox 344 1909 1854 1991">
     <span class='ocr_line' id='line_1_34' title="bbox 344 1909 1854 1991; baseline 0.003 -22"><span class='ocrx_word' id='word_1_219' title='bbox 344 1914 547 1988; x_wconf 78' lang='grc' dir='ltr'>’Δρχὴν</span> <span class='ocrx_word' id='word_1_220' title='bbox 581 1909 731 1988; x_wconf 73' lang='grc' dir='ltr'>εῖχεν</span> <span class='ocrx_word' id='word_1_221' title='bbox 761 1917 791 1970; x_wconf 78' lang='grc' dir='ltr'>ὁ</span> <span class='ocrx_word' id='word_1_222' title='bbox 829 1916 993 1987; x_wconf 86' lang='grc' dir='ltr'>νόμος</span> <span class='ocrx_word' id='word_1_223' title='bbox 1015 1932 1031 1951; x_wconf 77' lang='grc' dir='ltr'><strong><em>ο</em></strong></span> <span class='ocrx_word' id='word_1_224' title='bbox 1073 1917 1182 1970; x_wconf 79' lang='grc' dir='ltr'>ἔδει</span> <span class='ocrx_word' id='word_1_225' title='bbox 1224 1917 1402 1972; x_wconf 83' lang='grc' dir='ltr'>τοίνυν</span> <span class='ocrx_word' id='word_1_226' title='bbox 1429 1921 1495 1990; x_wconf 74' lang='grc' dir='ltr'>τῇ</span> <span class='ocrx_word' id='word_1_227' title='bbox 1527 1920 1637 1973; x_wconf 84' lang='grc' dir='ltr'><strong>τῶν</strong></span> <span class='ocrx_word' id='word_1_228' title='bbox 1675 1937 1854 1991; x_wconf 87' lang='grc' dir='ltr'>παρα-</span> 
     </span>
    </p>
   </div>
   <div class='ocr_carea' id='block_1_35' title="bbox 256 2006 1852 2081">
    <p class='ocr_par' dir='ltr' id='par_1_35' title="bbox 256 2006 1852 2081">
     <span class='ocr_line' id='line_1_35' title="bbox 256 2006 1852 2081; baseline 0.004 -23"><span class='ocrx_word' id='word_1_229' title='bbox 256 2006 563 2065; x_wconf 75' lang='grc' dir='ltr'>ϐαινόντων</span> <span class='ocrx_word' id='word_1_230' title='bbox 617 2009 861 2081; x_wconf 62' lang='grc' dir='ltr'>τιμωρία</span> <span class='ocrx_word' id='word_1_231' title='bbox 919 2008 1357 2080; x_wconf 77' lang='grc' dir='ltr'>σωφρονίζεσθαι</span> <span class='ocrx_word' id='word_1_232' title='bbox 1406 2010 1537 2074; x_wconf 74' lang='grc' dir='ltr'>τοὺς</span> <span class='ocrx_word' id='word_1_233' title='bbox 1591 2010 1852 2074; x_wconf 82' lang='grc' dir='ltr'>λοιπούς·</span> 
     </span>
    </p>
   </div>
   <div class='ocr_carea' id='block_1_36' title="bbox 262 2101 1859 2174">
    <p class='ocr_par' dir='ltr' id='par_1_36' title="bbox 262 2101 1859 2174">
     <span class='ocr_line' id='line_1_36' title="bbox 262 2101 1859 2174; baseline 0.001 -19"><span class='ocrx_word' id='word_1_234' title='bbox 262 2102 525 2172; x_wconf 80' lang='grc' dir='ltr'>ἁρμόδιος</span> <span class='ocrx_word' id='word_1_235' title='bbox 563 2101 675 2173; x_wconf 78' lang='grc' dir='ltr'><strong>γὰρ</strong></span> <span class='ocrx_word' id='word_1_236' title='bbox 709 2105 825 2166; x_wconf 76' lang='grc' dir='ltr'>τοῖς</span> <span class='ocrx_word' id='word_1_237' title='bbox 857 2102 1183 2174; x_wconf 79' lang='grc' dir='ltr'>ἀρχομένοις</span> <span class='ocrx_word' id='word_1_238' title='bbox 1215 2104 1244 2155; x_wconf 84' lang='grc' dir='ltr'><strong>ό</strong></span> <span class='ocrx_word' id='word_1_239' title='bbox 1277 2102 1444 2171; x_wconf 84' lang='grc' dir='ltr'>φόϐος</span> <span class='ocrx_word' id='word_1_240' title='bbox 1471 2119 1485 2133; x_wconf 79' lang='lat'><strong><em>°</em></strong></span> <span class='ocrx_word' id='word_1_241' title='bbox 1532 2103 1859 2168; x_wconf 75' lang='grc' dir='ltr'>συνέζευκτο</span> 
     </span>
    </p>
   </div>
   <div class='ocr_carea' id='block_1_37' title="bbox 265 2194 1860 2268">
    <p class='ocr_par' dir='ltr' id='par_1_37' title="bbox 265 2194 1860 2268">
     <span class='ocr_line' id='line_1_37' title="bbox 265 2194 1860 2268; baseline 0.001 -21"><span class='ocrx_word' id='word_1_242' title='bbox 265 2194 458 2262; x_wconf 77' lang='grc' dir='ltr'>μέντοι</span> <span class='ocrx_word' id='word_1_243' title='bbox 519 2197 587 2265; x_wconf 76' lang='grc' dir='ltr'>τῇ</span> <span class='ocrx_word' id='word_1_244' title='bbox 633 2196 878 2266; x_wconf 81' lang='grc' dir='ltr'>τιμωρίᾳ</span> <span class='ocrx_word' id='word_1_245' title='bbox 931 2195 1354 2267; x_wconf 78' lang='grc' dir='ltr'>φιλανθρωπίαο</span> <span class='ocrx_word' id='word_1_246' title='bbox 1428 2196 1860 2268; x_wconf 80' lang='grc' dir='ltr'>μεταμελόμενοι</span> 
     </span>
    </p>
   </div>
   <div class='ocr_carea' id='block_1_38' title="bbox 265 2285 1860 2359">
    <p class='ocr_par' dir='ltr' id='par_1_38' title="bbox 265 2285 1860 2359">
     <span class='ocr_line' id='line_1_38' title="bbox 265 2285 1860 2359; baseline 0 -19"><span class='ocrx_word' id='word_1_247' title='bbox 265 2287 382 2357; x_wconf 74' lang='grc' dir='ltr'><strong>γάρ</strong></span> <span class='ocrx_word' id='word_1_248' title='bbox 437 2285 854 2359; x_wconf 83' lang='grc' dir='ltr'>φιλανθρωπίας</span> <span class='ocrx_word' id='word_1_249' title='bbox 926 2288 1241 2359; x_wconf 82' lang='grc' dir='ltr'>ἁπήλαυον·</span> <span class='ocrx_word' id='word_1_250' title='bbox 1310 2289 1514 2343; x_wconf 75' lang='grc' dir='ltr'>αὐτίκα</span> <span class='ocrx_word' id='word_1_251' title='bbox 1581 2289 1716 2358; x_wconf 78' lang='grc' dir='ltr'>γοῦν</span> <span class='ocrx_word' id='word_1_252' title='bbox 1765 2287 1860 2341; x_wconf 80' lang='grc' dir='ltr'>τοῦ</span> 
     </span>
    </p>
   </div>
   <div class='ocr_carea' id='block_1_39' title="bbox 266 2378 1863 2452">
    <p class='ocr_par' dir='ltr' id='par_1_39' title="bbox 266 2378 1863 2452">
     <span class='ocr_line' id='line_1_39' title="bbox 266 2378 1863 2452; baseline -0.001 -20"><span class='ocrx_word' id='word_1_253' title='bbox 266 2379 537 2448; x_wconf 80' lang='grc' dir='ltr'>θεηλάτου</span> <span class='ocrx_word' id='word_1_254' title='bbox 592 2378 765 2451; x_wconf 83' lang='grc' dir='ltr'>πυρὸς</span> <span class='ocrx_word' id='word_1_255' title='bbox 801 2381 967 2451; x_wconf 74' lang='grc' dir='ltr'>μέρος</span> <span class='ocrx_word' id='word_1_256' title='bbox 1005 2396 1059 2434; x_wconf 85' lang='grc' dir='ltr'><strong>τι</strong></span> <span class='ocrx_word' id='word_1_257' title='bbox 1097 2383 1199 2451; x_wconf 79' lang='grc' dir='ltr'><strong>τῆς</strong></span> <span class='ocrx_word' id='word_1_258' title='bbox 1248 2380 1607 2452; x_wconf 83' lang='grc' dir='ltr'>παρεμϐολῆς</span> <span class='ocrx_word' id='word_1_259' title='bbox 1654 2378 1863 2434; x_wconf 84' lang='grc' dir='ltr'>ἀναλώ-</span> 
     </span>
    </p>
   </div>
   <div class='ocr_carea' id='block_1_40' title="bbox 273 2466 1860 2546">
    <p class='ocr_par' dir='ltr' id='par_1_40' title="bbox 273 2466 1860 2546">
     <span class='ocr_line' id='line_1_40' title="bbox 273 2466 1860 2546; baseline 0.003 -23"><span class='ocrx_word' id='word_1_260' title='bbox 273 2487 492 2538; x_wconf 84' lang='grc' dir='ltr'>σαντος,</span> <span class='ocrx_word' id='word_1_261' title='bbox 524 2466 644 2524; x_wconf 79' lang='grc' dir='ltr'>εἶτα</span> <span class='ocrx_word' id='word_1_262' title='bbox 688 2473 910 2525; x_wconf 72' lang='grc' dir='ltr'>πάντων</span> <span class='ocrx_word' id='word_1_263' title='bbox 956 2472 1479 2546; x_wconf 79' lang='grc' dir='ltr'>συνδεδραμηκότων</span> <span class='ocrx_word' id='word_1_264' title='bbox 1523 2477 1602 2538; x_wconf 72' lang='grc' dir='ltr'><strong>εἰς</strong></span> <span class='ocrx_word' id='word_1_265' title='bbox 1651 2473 1860 2545; x_wconf 82' lang='grc' dir='ltr'>δέησιν,</span> 
     </span>
    </p>
   </div>
   <div class='ocr_carea' id='block_1_41' title="bbox 272 2562 1863 2639">
    <p class='ocr_par' dir='ltr' id='par_1_41' title="bbox 272 2562 1863 2639">
     <span class='ocr_line' id='line_1_41' title="bbox 272 2562 1863 2639; baseline 0.005 -26"><span class='ocrx_word' id='word_1_266' title='bbox 272 2562 482 2634; x_wconf 73' lang='grc' dir='ltr'>ᾔτησεν</span> <span class='ocrx_word' id='word_1_267' title='bbox 515 2564 546 2615; x_wconf 83' lang='grc' dir='ltr'><strong>ό</strong></span> <span class='ocrx_word' id='word_1_268' title='bbox 581 2563 879 2635; x_wconf 79' lang='grc' dir='ltr'>νομοθέτης</span> <span class='ocrx_word' id='word_1_269' title='bbox 910 2565 1011 2634; x_wconf 82' lang='grc' dir='ltr'><strong>τὴν</strong></span> <span class='ocrx_word' id='word_1_270' title='bbox 1048 2564 1276 2635; x_wconf 76' lang='grc' dir='ltr'>ἄφεσινο</span> <span class='ocrx_word' id='word_1_271' title='bbox 1313 2567 1555 2637; x_wconf 77' lang='grc' dir='ltr'>παρέσχε</span> <span class='ocrx_word' id='word_1_272' title='bbox 1587 2565 1644 2620; x_wconf 81' lang='grc' dir='ltr'><strong>δὲ</strong></span> <span class='ocrx_word' id='word_1_273' title='bbox 1691 2567 1863 2639; x_wconf 82' lang='grc' dir='ltr'>αὐτὴν</span> 
     </span>
    </p>
   </div>
   <div class='ocr_carea' id='block_1_42' title="bbox 272 2653 1864 2725">
    <p class='ocr_par' dir='ltr' id='par_1_42' title="bbox 272 2653 1864 2725">
     <span class='ocr_line' id='line_1_42' title="bbox 272 2653 1864 2725; baseline 0.001 -15"><span class='ocrx_word' id='word_1_274' title='bbox 272 2657 302 2710; x_wconf 85' lang='grc'>6</span> <span class='ocrx_word' id='word_1_275' title='bbox 343 2653 734 2724; x_wconf 82' lang='grc' dir='ltr'>φιλάνθρωπος</span> <span class='ocrx_word' id='word_1_276' title='bbox 786 2655 920 2717; x_wconf 82' lang='grc' dir='ltr'>Θεός</span> <span class='ocrx_word' id='word_1_277' title='bbox 945 2671 958 2684; x_wconf 84' lang='grc'><strong>·</strong></span> <span class='ocrx_word' id='word_1_278' title='bbox 1005 2656 1087 2708; x_wconf 84' lang='grc' dir='ltr'><strong>ὄτι</strong></span> <span class='ocrx_word' id='word_1_279' title='bbox 1123 2654 1180 2709; x_wconf 68' lang='grc' dir='ltr'><strong>δὲ</strong></span> <span class='ocrx_word' id='word_1_280' title='bbox 1222 2656 1408 2720; x_wconf 78' lang='grc' dir='ltr'>αὐτοῖς</span> <span class='ocrx_word' id='word_1_281' title='bbox 1456 2658 1775 2725; x_wconf 79' lang='grc' dir='ltr'>ἀναγκαίως</span> <span class='ocrx_word' id='word_1_282' title='bbox 1807 2660 1864 2713; x_wconf 74' lang='grc' dir='ltr'>αἱ</span> 
     </span>
    </p>
   </div>
   <div class='ocr_carea' id='block_1_43' title="bbox 274 2746 1866 2821">
    <p class='ocr_par' dir='ltr' id='par_1_43' title="bbox 274 2746 1866 2821">
     <span class='ocr_line' id='line_1_43' title="bbox 274 2746 1866 2821; baseline 0.002 -20"><span class='ocrx_word' id='word_1_283' title='bbox 274 2747 544 2818; x_wconf 86' lang='grc' dir='ltr'>τιμωρίαι</span> <span class='ocrx_word' id='word_1_284' title='bbox 590 2746 883 2817; x_wconf 78' lang='grc' dir='ltr'>ἐπήγοντο,</span> <span class='ocrx_word' id='word_1_285' title='bbox 912 2746 983 2800; x_wconf 83' lang='grc' dir='ltr'>τὰ</span> <span class='ocrx_word' id='word_1_286' title='bbox 1025 2747 1157 2818; x_wconf 73' lang='grc' dir='ltr'>ἑξῆς</span> <span class='ocrx_word' id='word_1_287' title='bbox 1204 2752 1506 2821; x_wconf 78' lang='grc' dir='ltr'>μαρτυρεί’</span> <span class='ocrx_word' id='word_1_288' title='bbox 1561 2750 1725 2813; x_wconf 81' lang='grc' dir='ltr'>εὐθὺς</span> <span class='ocrx_word' id='word_1_289' title='bbox 1756 2749 1866 2821; x_wconf 83' lang='grc' dir='ltr'><strong>γὰρ</strong></span> 
     </span>
    </p>
   </div>
   <div class='ocr_carea' id='block_1_44' title="bbox 275 2839 1869 2913">
    <p class='ocr_par' dir='ltr' id='par_1_44' title="bbox 275 2839 1869 2913">
     <span class='ocr_line' id='line_1_44' title="bbox 275 2839 1869 2913; baseline 0.002 -19"><span class='ocrx_word' id='word_1_290' title='bbox 275 2842 422 2911; x_wconf 84' lang='grc' dir='ltr'><strong>μετά</strong></span> <span class='ocrx_word' id='word_1_291' title='bbox 451 2841 555 2911; x_wconf 84' lang='grc' dir='ltr'><strong>τὴν</strong></span> <span class='ocrx_word' id='word_1_292' title='bbox 585 2839 797 2895; x_wconf 83' lang='grc' dir='ltr'>παῦλαν</span> <span class='ocrx_word' id='word_1_293' title='bbox 832 2841 937 2911; x_wconf 80' lang='grc' dir='ltr'><strong>τῆς</strong></span> <span class='ocrx_word' id='word_1_294' title='bbox 966 2840 1258 2912; x_wconf 78' lang='grc' dir='ltr'>τιμωρίας,</span> <span class='ocrx_word' id='word_1_295' title='bbox 1297 2844 1400 2913; x_wconf 85' lang='grc' dir='ltr'><strong>τῆς</strong></span> <span class='ocrx_word' id='word_1_296' title='bbox 1443 2842 1725 2912; x_wconf 77' lang='grc' dir='ltr'>Δίγύπτου</span> <span class='ocrx_word' id='word_1_297' title='bbox 1772 2846 1869 2897; x_wconf 76' lang='grc' dir='ltr'>καὶ</span> 
     </span>
    </p>
   </div>
   <div class='ocr_carea' id='block_1_45' title="bbox 272 2933 1869 3006">
    <p class='ocr_par' dir='ltr' id='par_1_45' title="bbox 272 2933 1869 3006">
     <span class='ocr_line' id='line_1_45' title="bbox 272 2933 1869 3006; baseline 0.001 -18"><span class='ocrx_word' id='word_1_298' title='bbox 272 2934 389 2988; x_wconf 79' lang='grc' dir='ltr'>τῶν</span> <span class='ocrx_word' id='word_1_299' title='bbox 429 2935 489 2987; x_wconf 78' lang='grc' dir='ltr'>ὲν</span> <span class='ocrx_word' id='word_1_300' title='bbox 533 2933 799 3004; x_wconf 81' lang='grc' dir='ltr'>Αἰγύπτῳ</span> <span class='ocrx_word' id='word_1_301' title='bbox 852 2935 955 3005; x_wconf 81' lang='grc' dir='ltr'>τὴν</span> <span class='ocrx_word' id='word_1_302' title='bbox 1003 2937 1225 3005; x_wconf 80' lang='grc' dir='ltr'>μνήμην</span> <span class='ocrx_word' id='word_1_303' title='bbox 1272 2934 1684 2989; x_wconf 77' lang='grc' dir='ltr'><strong>ἀνενεώσαντο⁹</strong></span> <span class='ocrx_word' id='word_1_304' title='bbox 1722 2935 1869 3006; x_wconf 82' lang='grc' dir='ltr'>μάλα</span> 
     </span>
    </p>
   </div>
   <div class='ocr_carea' id='block_1_46' title="bbox 271 3027 1870 3099">
    <p class='ocr_par' dir='ltr' id='par_1_46' title="bbox 271 3027 1870 3099">
     <span class='ocr_line' id='line_1_46' title="bbox 271 3027 1870 3099; baseline 0 -18"><span class='ocrx_word' id='word_1_305' title='bbox 271 3027 459 3081; x_wconf 85' lang='grc' dir='ltr'>τοίνυν</span> <span class='ocrx_word' id='word_1_306' title='bbox 492 3027 720 3090; x_wconf 71' lang='grc' dir='ltr'>εἰκότως</span> <span class='ocrx_word' id='word_1_307' title='bbox 743 3029 807 3097; x_wconf 79' lang='grc' dir='ltr'>τῇ</span> <span class='ocrx_word' id='word_1_308' title='bbox 828 3027 1053 3080; x_wconf 78' lang='grc' dir='ltr'>ἐκείνων</span> <span class='ocrx_word' id='word_1_309' title='bbox 1095 3027 1393 3099; x_wconf 74' lang='grc' dir='ltr'>ἀχαριστίᾳ</span> <span class='ocrx_word' id='word_1_310' title='bbox 1421 3027 1522 3099; x_wconf 79' lang='grc' dir='ltr'>τὴν</span> <span class='ocrx_word' id='word_1_311' title='bbox 1557 3027 1709 3081; x_wconf 90' lang='grc' dir='ltr'>θείαν</span> <span class='ocrx_word' id='word_1_312' title='bbox 1740 3045 1870 3081; x_wconf 81' lang='grc' dir='ltr'>συν·-</span> 
     </span>
    </p>
   </div>
   <div class='ocr_carea' id='block_1_47' title="bbox 272 3121 1869 3193">
    <p class='ocr_par' dir='ltr' id='par_1_47' title="bbox 272 3121 1869 3193">
     <span class='ocr_line' id='line_1_47' title="bbox 272 3121 1869 3193; baseline 0.001 -20"><span class='ocrx_word' id='word_1_313' title='bbox 272 3121 386 3193; x_wconf 73' lang='grc' dir='ltr'><strong>ῆψε</strong></span> <span class='ocrx_word' id='word_1_314' title='bbox 454 3122 770 3192; x_wconf 75' lang='grc' dir='ltr'>φιλοτιμίαν</span> <span class='ocrx_word' id='word_1_315' title='bbox 809 3123 836 3173; x_wconf 88' lang='grc' dir='ltr'>ὁ</span> <span class='ocrx_word' id='word_1_316' title='bbox 872 3122 1226 3192; x_wconf 75' lang='grc' dir='ltr'>συγγραφεὺς</span> <span class='ocrx_word' id='word_1_317' title='bbox 1273 3122 1343 3176; x_wconf 79' lang='grc' dir='ltr'>τὰ</span> <span class='ocrx_word' id='word_1_318' title='bbox 1384 3122 1514 3193; x_wconf 87' lang='grc' dir='ltr'><strong>περί</strong></span> <span class='ocrx_word' id='word_1_319' title='bbox 1559 3123 1655 3175; x_wconf 80' lang='grc' dir='ltr'>τοῦ</span> <span class='ocrx_word' id='word_1_320' title='bbox 1693 3123 1869 3193; x_wconf 82' lang='grc' dir='ltr'>μάννα</span> 
     </span>
    </p>
   </div>
   <div class='ocr_carea' id='block_1_48' title="bbox 2025 1917 3542 1998">
    <p class='ocr_par' dir='ltr' id='par_1_48' title="bbox 2025 1917 3542 1998">
     <span class='ocr_line' id='line_1_48' title="bbox 2025 1917 3542 1998; baseline -0.007 -18"><span class='ocrx_word' id='word_1_321' title='bbox 2025 1928 2157 1981; x_wconf 88' lang='lat' dir='ltr'><strong>Erat</strong></span> <span class='ocrx_word' id='word_1_322' title='bbox 2212 1926 2317 1998; x_wconf 86' lang='lat' dir='ltr'><strong>legi</strong></span> <span class='ocrx_word' id='word_1_323' title='bbox 2394 1942 2651 1998; x_wconf 89' lang='lat' dir='ltr'><strong>suprema</strong></span> <span class='ocrx_word' id='word_1_324' title='bbox 2702 1932 3002 1996; x_wconf 87' lang='lat' dir='ltr'><strong>potestas:</strong></span> <span class='ocrx_word' id='word_1_325' title='bbox 3067 1934 3297 1977; x_wconf 87' lang='lat' dir='ltr'><strong>necesse</strong></span> <span class='ocrx_word' id='word_1_326' title='bbox 3352 1917 3542 1988; x_wconf 85' lang='lat' dir='ltr'><strong>igitur,</strong></span> 
     </span>
    </p>
   </div>
   <div class='ocr_carea' id='block_1_49' title="bbox 1958 2011 3541 2092">
    <p class='ocr_par' dir='ltr' id='par_1_49' title="bbox 1958 2011 3541 2092">
     <span class='ocr_line' id='line_1_49' title="bbox 1958 2011 3541 2092; baseline -0.008 -17"><span class='ocrx_word' id='word_1_327' title='bbox 1958 2021 2191 2076; x_wconf 87' lang='lat' dir='ltr'><strong>multata</strong></span> <span class='ocrx_word' id='word_1_328' title='bbox 2247 2022 2384 2092; x_wconf 82' lang='lat' dir='ltr'><strong>legis</strong></span> <span class='ocrx_word' id='word_1_329' title='bbox 2414 2020 2738 2085; x_wconf 83' lang='lat' dir='ltr'><strong>violatione,</strong></span> <span class='ocrx_word' id='word_1_330' title='bbox 2791 2018 2990 2073; x_wconf 89' lang='lat' dir='ltr'><strong>docere</strong></span> <span class='ocrx_word' id='word_1_331' title='bbox 3039 2023 3292 2088; x_wconf 31' lang='lat' dir='ltr'><strong>cmteros.</strong></span> <span class='ocrx_word' id='word_1_332' title='bbox 3322 2011 3541 2080; x_wconf 84' lang='lat' dir='ltr'><strong>sapien-</strong></span> 
     </span>
    </p>
   </div>
   <div class='ocr_carea' id='block_1_50' title="bbox 1962 2108 3547 2179">
    <p class='ocr_par' dir='ltr' id='par_1_50' title="bbox 1962 2108 3547 2179">
     <span class='ocr_line' id='line_1_50' title="bbox 1962 2108 3547 2179; baseline -0.007 -10"><span class='ocrx_word' id='word_1_333' title='bbox 1962 2116 2111 2169; x_wconf 86' lang='lat' dir='ltr'><strong>tiam.</strong></span> <span class='ocrx_word' id='word_1_334' title='bbox 2146 2114 2305 2170; x_wconf 87' lang='lat' dir='ltr'><strong>Decet</strong></span> <span class='ocrx_word' id='word_1_335' title='bbox 2325 2114 2469 2169; x_wconf 87' lang='lat' dir='ltr'><strong>enim</strong></span> <span class='ocrx_word' id='word_1_336' title='bbox 2490 2113 2740 2169; x_wconf 89' lang='lat' dir='ltr'><strong>subditos</strong></span> <span class='ocrx_word' id='word_1_337' title='bbox 2769 2114 2955 2166; x_wconf 90' lang='lat' dir='ltr'><strong>timor.</strong></span> <span class='ocrx_word' id='word_1_338' title='bbox 2976 2109 3084 2164; x_wconf 86' lang='lat' dir='ltr'><strong>Sed</strong></span> <span class='ocrx_word' id='word_1_339' title='bbox 3112 2108 3407 2179; x_wconf 84' lang='lat' dir='ltr'><strong>conjuncta</strong></span> <span class='ocrx_word' id='word_1_340' title='bbox 3429 2115 3547 2161; x_wconf 89' lang='lat' dir='ltr'><strong>erat</strong></span> 
     </span>
    </p>
   </div>
   <div class='ocr_carea' id='block_1_51' title="bbox 1960 2197 3547 2273">
    <p class='ocr_par' dir='ltr' id='par_1_51' title="bbox 1960 2197 3547 2273">
     <span class='ocr_line' id='line_1_51' title="bbox 1960 2197 3547 2273; baseline -0.008 -14"><span class='ocrx_word' id='word_1_341' title='bbox 1960 2219 2087 2259; x_wconf 86' lang='lat' dir='ltr'><strong>cum</strong></span> <span class='ocrx_word' id='word_1_342' title='bbox 2127 2220 2314 2259; x_wconf 89' lang='lat' dir='ltr'><strong>amore</strong></span> <span class='ocrx_word' id='word_1_343' title='bbox 2369 2220 2550 2273; x_wconf 69' lang='lat' dir='ltr'><strong>paena.</strong></span> <span class='ocrx_word' id='word_1_344' title='bbox 2596 2202 2749 2269; x_wconf 85' lang='lat' dir='ltr'><strong>Quos</strong></span> <span class='ocrx_word' id='word_1_345' title='bbox 2798 2201 2947 2255; x_wconf 86' lang='lat' dir='ltr'><strong>cnim</strong></span> <span class='ocrx_word' id='word_1_346' title='bbox 2993 2197 3321 2269; x_wconf 68' lang='lat' dir='ltr'><strong>pmnitebat,</strong></span> <span class='ocrx_word' id='word_1_347' title='bbox 3360 2211 3547 2250; x_wconf 89' lang='lat' dir='ltr'><strong>amore</strong></span> 
     </span>
    </p>
   </div>
   <div class='ocr_carea' id='block_1_52' title="bbox 1963 2292 3549 2365">
    <p class='ocr_par' dir='ltr' id='par_1_52' title="bbox 1963 2292 3549 2365">
     <span class='ocr_line' id='line_1_52' title="bbox 1963 2292 3549 2365; baseline -0.007 -14"><span class='ocrx_word' id='word_1_348' title='bbox 1963 2297 2305 2351; x_wconf 82' lang='lat' dir='ltr'><strong>fruebantur.</strong></span> <span class='ocrx_word' id='word_1_349' title='bbox 2349 2296 2547 2351; x_wconf 78' lang='lat' dir='ltr'><strong>Statim</strong></span> <span class='ocrx_word' id='word_1_350' title='bbox 2593 2296 2760 2365; x_wconf 82' lang='lat' dir='ltr'><strong>igitur</strong></span> <span class='ocrx_word' id='word_1_351' title='bbox 2783 2293 3031 2348; x_wconf 89' lang='lat' dir='ltr'><strong>immisso</strong></span> <span class='ocrx_word' id='word_1_352' title='bbox 3061 2292 3207 2361; x_wconf 89' lang='lat' dir='ltr'><strong>igne,</strong></span> <span class='ocrx_word' id='word_1_353' title='bbox 3236 2302 3549 2359; x_wconf 87' lang='lat' dir='ltr'><strong>magnaque</strong></span> 
     </span>
    </p>
   </div>
   <div class='ocr_carea' id='block_1_53' title="bbox 1962 2380 3549 2460">
    <p class='ocr_par' dir='ltr' id='par_1_53' title="bbox 1962 2380 3549 2460">
     <span class='ocr_line' id='line_1_53' title="bbox 1962 2380 3549 2460; baseline -0.006 -15"><span class='ocrx_word' id='word_1_354' title='bbox 1962 2390 2241 2445; x_wconf 73' lang='lat' dir='ltr'><strong>exercitus</strong></span> <span class='ocrx_word' id='word_1_355' title='bbox 2288 2397 2443 2460; x_wconf 91' lang='lat' dir='ltr'><strong>parte</strong></span> <span class='ocrx_word' id='word_1_356' title='bbox 2495 2396 2851 2457; x_wconf 88' lang='lat' dir='ltr'><strong>consumpta,</strong></span> <span class='ocrx_word' id='word_1_357' title='bbox 2907 2385 3107 2440; x_wconf 91' lang='lat' dir='ltr'><strong>deinde</strong></span> <span class='ocrx_word' id='word_1_358' title='bbox 3165 2382 3425 2438; x_wconf 90' lang='lat' dir='ltr'><strong>omnibus</strong></span> <span class='ocrx_word' id='word_1_359' title='bbox 3481 2380 3549 2435; x_wconf 89' lang='lat' dir='ltr'><strong>ad</strong></span> 
     </span>
    </p>
   </div>
   <div class='ocr_carea' id='block_1_54' title="bbox 1964 2471 3547 2549">
    <p class='ocr_par' dir='ltr' id='par_1_54' title="bbox 1964 2471 3547 2549">
     <span class='ocr_line' id='line_1_54' title="bbox 1964 2471 3547 2549; baseline -0.008 -15"><span class='ocrx_word' id='word_1_360' title='bbox 1964 2478 2378 2549; x_wconf 88' lang='lat' dir='ltr'><strong>deprecationes</strong></span> <span class='ocrx_word' id='word_1_361' title='bbox 2407 2475 2891 2540; x_wconf 88' lang='lat' dir='ltr'><strong>concurrentibus,</strong></span> <span class='ocrx_word' id='word_1_362' title='bbox 2924 2471 3137 2546; x_wconf 86' lang='lat' dir='ltr'><strong>peccati</strong></span> <span class='ocrx_word' id='word_1_363' title='bbox 3163 2471 3547 2527; x_wconf 85' lang='lat' dir='ltr'><strong>remissionem</strong></span> 
     </span>
    </p>
   </div>
   <div class='ocr_carea' id='block_1_55' title="bbox 1964 2558 3551 2638">
    <p class='ocr_par' dir='ltr' id='par_1_55' title="bbox 1964 2558 3551 2638">
     <span class='ocr_line' id='line_1_55' title="bbox 1964 2558 3551 2638; baseline -0.008 -16"><span class='ocrx_word' id='word_1_364' title='bbox 1964 2565 2268 2638; x_wconf 84' lang='lat' dir='ltr'><strong>postulavit</strong></span> <span class='ocrx_word' id='word_1_365' title='bbox 2302 2564 2614 2634; x_wconf 83' lang='lat' dir='ltr'><strong>legislator;</strong></span> <span class='ocrx_word' id='word_1_366' title='bbox 2671 2569 2724 2615; x_wconf 85' lang='lat' dir='ltr'><strong>et</strong></span> <span class='ocrx_word' id='word_1_367' title='bbox 2755 2561 2988 2630; x_wconf 75' lang='lat' dir='ltr'><strong>benigne</strong></span> <span class='ocrx_word' id='word_1_368' title='bbox 3019 2576 3046 2612; x_wconf 68' lang='grc' dir='ltr'>τι</span> <span class='ocrx_word' id='word_1_369' title='bbox 3098 2559 3211 2614; x_wconf 89' lang='lat' dir='ltr'><strong>Deo</strong></span> <span class='ocrx_word' id='word_1_370' title='bbox 3257 2558 3551 2614; x_wconf 78' lang='lat' dir='ltr'><strong>exauditus</strong></span> 
     </span>
    </p>
   </div>
   <div class='ocr_carea' id='block_1_56' title="bbox 1966 2652 3554 2729">
    <p class='ocr_par' dir='ltr' id='par_1_56' title="bbox 1966 2652 3554 2729">
     <span class='ocr_line' id='line_1_56' title="bbox 1966 2652 3554 2729; baseline -0.008 -12"><span class='ocrx_word' id='word_1_371' title='bbox 1966 2669 2071 2717; x_wconf 86' lang='lat' dir='ltr'><strong>est.</strong></span> <span class='ocrx_word' id='word_1_372' title='bbox 2111 2658 2317 2715; x_wconf 77' lang='lat' dir='ltr'><strong>Judaeis</strong></span> <span class='ocrx_word' id='word_1_373' title='bbox 2362 2672 2558 2729; x_wconf 87' lang='lat' dir='ltr'><strong>poenas</strong></span> <span class='ocrx_word' id='word_1_374' title='bbox 2608 2671 2674 2710; x_wconf 82' lang='lat' dir='ltr'><strong>ex</strong></span> <span class='ocrx_word' id='word_1_375' title='bbox 2728 2654 3057 2710; x_wconf 86' lang='lat' dir='ltr'><strong>necessitate</strong></span> <span class='ocrx_word' id='word_1_376' title='bbox 3101 2652 3383 2707; x_wconf 85' lang='lat' dir='ltr'><strong>immissas</strong></span> <span class='ocrx_word' id='word_1_377' title='bbox 3431 2664 3554 2720; x_wconf 71' lang='lat' dir='ltr'><strong>quae</strong></span> 
     </span>
    </p>
   </div>
   <div class='ocr_carea' id='block_1_57' title="bbox 1969 2744 3557 2823">
    <p class='ocr_par' dir='ltr' id='par_1_57' title="bbox 1969 2744 3557 2823">
     <span class='ocr_line' id='line_1_57' title="bbox 1969 2744 3557 2823; baseline -0.009 -14"><span class='ocrx_word' id='word_1_378' title='bbox 1969 2761 2283 2823; x_wconf 86' lang='lat' dir='ltr'><strong>sequuntur</strong></span> <span class='ocrx_word' id='word_1_379' title='bbox 2334 2751 2738 2806; x_wconf 89' lang='lat' dir='ltr'><strong>demonstrant.</strong></span> <span class='ocrx_word' id='word_1_380' title='bbox 2780 2745 2883 2801; x_wconf 78' lang='lat' dir='ltr'><strong>Vix</strong></span> <span class='ocrx_word' id='word_1_381' title='bbox 2940 2746 3089 2801; x_wconf 89' lang='lat' dir='ltr'><strong>enim</strong></span> <span class='ocrx_word' id='word_1_382' title='bbox 3143 2744 3317 2814; x_wconf 86' lang='lat' dir='ltr'><strong>priori</strong></span> <span class='ocrx_word' id='word_1_383' title='bbox 3379 2756 3557 2812; x_wconf 60' lang='lat' dir='ltr'><strong>poenae</strong></span> 
     </span>
    </p>
   </div>
   <div class='ocr_carea' id='block_1_58' title="bbox 1971 2832 3555 2915">
    <p class='ocr_par' dir='ltr' id='par_1_58' title="bbox 1971 2832 3555 2915">
     <span class='ocr_line' id='line_1_58' title="bbox 1971 2832 3555 2915; baseline -0.009 -14"><span class='ocrx_word' id='word_1_384' title='bbox 1971 2846 2097 2902; x_wconf 83' lang='lat' dir='ltr'><strong>linis</strong></span> <span class='ocrx_word' id='word_1_385' title='bbox 2132 2853 2275 2913; x_wconf 88' lang='lat' dir='ltr'><strong>erat,</strong></span> <span class='ocrx_word' id='word_1_386' title='bbox 2311 2857 2475 2915; x_wconf 89' lang='lat' dir='ltr'><strong>quam</strong></span> <span class='ocrx_word' id='word_1_387' title='bbox 2530 2840 2832 2913; x_wconf 65' lang='lat' dir='ltr'><strong>Egyptum</strong></span> <span class='ocrx_word' id='word_1_388' title='bbox 2888 2837 3334 2894; x_wconf 88' lang='lat' dir='ltr'><strong>recordarentur.</strong></span> <span class='ocrx_word' id='word_1_389' title='bbox 3398 2832 3555 2887; x_wconf 85' lang='lat' dir='ltr'><strong>Haud</strong></span> 
     </span>
    </p>
   </div>
   <div class='ocr_carea' id='block_1_59' title="bbox 1971 2925 3556 3007">
    <p class='ocr_par' dir='ltr' id='par_1_59' title="bbox 1971 2925 3556 3007">
     <span class='ocr_line' id='line_1_59' title="bbox 1971 2925 3556 3007; baseline -0.01 -14"><span class='ocrx_word' id='word_1_390' title='bbox 1971 2938 2249 2993; x_wconf 86' lang='lat' dir='ltr'><strong>immerito</strong></span> <span class='ocrx_word' id='word_1_391' title='bbox 2282 2936 2450 3007; x_wconf 80' lang='lat' dir='ltr'><strong>igitur</strong></span> <span class='ocrx_word' id='word_1_392' title='bbox 2471 2933 2776 2989; x_wconf 89' lang='lat' dir='ltr'><strong>historicus</strong></span> <span class='ocrx_word' id='word_1_393' title='bbox 2819 2946 2943 2986; x_wconf 91' lang='lat' dir='ltr'><strong>eum</strong></span> <span class='ocrx_word' id='word_1_394' title='bbox 2989 2930 3207 2999; x_wconf 86' lang='lat' dir='ltr'><strong>ingrato</strong></span> <span class='ocrx_word' id='word_1_395' title='bbox 3239 2925 3556 2980; x_wconf 63' lang='lat' dir='ltr'><strong>.Iudazorum</strong></span> 
     </span>
    </p>
   </div>
   <div class='ocr_carea' id='block_1_60' title="bbox 1972 3017 3561 3085">
    <p class='ocr_par' dir='ltr' id='par_1_60' title="bbox 1972 3017 3561 3085">
     <span class='ocr_line' id='line_1_60' title="bbox 1972 3017 3561 3085; baseline -0.011 -1"><span class='ocrx_word' id='word_1_396' title='bbox 1972 3030 2159 3084; x_wconf 85' lang='lat' dir='ltr'><strong>animo</strong></span> <span class='ocrx_word' id='word_1_397' title='bbox 2192 3027 2433 3083; x_wconf 84' lang='lat' dir='ltr'><strong>divinam</strong></span> <span class='ocrx_word' id='word_1_398' title='bbox 2465 3023 2682 3080; x_wconf 84' lang='lat' dir='ltr'><strong>confert</strong></span> <span class='ocrx_word' id='word_1_399' title='bbox 2711 3020 3186 3085; x_wconf 86' lang='lat' dir='ltr'><strong>munificentiam;</strong></span> <span class='ocrx_word' id='word_1_400' title='bbox 3217 3018 3272 3071; x_wconf 88' lang='lat' dir='ltr'><strong>in</strong></span> <span class='ocrx_word' id='word_1_401' title='bbox 3307 3017 3394 3069; x_wconf 88' lang='lat' dir='ltr'><strong>his</strong></span> <span class='ocrx_word' id='word_1_402' title='bbox 3436 3028 3561 3084; x_wconf 82' lang='lat' dir='ltr'><strong>qua:</strong></span> 
     </span>
    </p>
   </div>
   <div class='ocr_carea' id='block_1_61' title="bbox 1974 3105 3559 3181">
    <p class='ocr_par' dir='ltr' id='par_1_61' title="bbox 1974 3105 3559 3181">
     <span class='ocr_line' id='line_1_61' title="bbox 1974 3105 3559 3181; baseline -0.012 -6"><span class='ocrx_word' id='word_1_403' title='bbox 1974 3120 2042 3175; x_wconf 82' lang='lat' dir='ltr'><strong>de</strong></span> <span class='ocrx_word' id='word_1_404' title='bbox 2066 3133 2272 3174; x_wconf 86' lang='lat' dir='ltr'><strong>manna</strong></span> <span class='ocrx_word' id='word_1_405' title='bbox 2304 3115 2569 3181; x_wconf 86' lang='lat' dir='ltr'><strong>narravit,</strong></span> <span class='ocrx_word' id='word_1_406' title='bbox 2623 3114 2815 3170; x_wconf 91' lang='lat' dir='ltr'><strong>dicens</strong></span> <span class='ocrx_word' id='word_1_407' title='bbox 2861 3112 3012 3167; x_wconf 90' lang='lat' dir='ltr'><strong>illam</strong></span> <span class='ocrx_word' id='word_1_408' title='bbox 3036 3126 3146 3165; x_wconf 93' lang='lat' dir='ltr'><strong>non</strong></span> <span class='ocrx_word' id='word_1_409' title='bbox 3172 3108 3350 3164; x_wconf 88' lang='lat' dir='ltr'><strong>solum</strong></span> <span class='ocrx_word' id='word_1_410' title='bbox 3381 3105 3559 3175; x_wconf 84' lang='lat' dir='ltr'><strong>panis,</strong></span> 
     </span>
    </p>
   </div>
   <div class='ocr_carea' id='block_1_62' title="bbox 272 3192 1865 3287">
    <p class='ocr_par' dir='ltr' id='par_1_62' title="bbox 272 3192 1865 3287">
     <span class='ocr_line' id='line_1_62' title="bbox 272 3192 1865 3287; baseline 0.001 -19"><span class='ocrx_word' id='word_1_411' title='bbox 272 3192 714 3286; x_wconf 74' lang='grc' dir='ltr'>διηγησάμενος,</span> <span class='ocrx_word' id='word_1_412' title='bbox 754 3217 848 3269; x_wconf 80' lang='grc' dir='ltr'><strong>καὶ</strong></span> <span class='ocrx_word' id='word_1_413' title='bbox 891 3216 972 3268; x_wconf 81' lang='grc' dir='ltr'><strong>ὅτι</strong></span> <span class='ocrx_word' id='word_1_414' title='bbox 1005 3216 1065 3267; x_wconf 79' lang='grc' dir='ltr'><strong>οὐ</strong></span> <span class='ocrx_word' id='word_1_415' title='bbox 1115 3216 1273 3285; x_wconf 90' lang='grc' dir='ltr'>μόνον</span> <span class='ocrx_word' id='word_1_416' title='bbox 1305 3192 1471 3286; x_wconf 81' lang='grc' dir='ltr'>ἄρτου</span> <span class='ocrx_word' id='word_1_417' title='bbox 1494 3192 1705 3287; x_wconf 80' lang='grc' dir='ltr'>χρείαν,</span> <span class='ocrx_word' id='word_1_418' title='bbox 1733 3215 1865 3270; x_wconf 87' lang='grc' dir='ltr'><strong>ἀλλά</strong></span> 
     </span>
    </p>
   </div>
   <div class='ocr_carea' id='block_1_63' title="bbox 1970 3192 3562 3287">
    <p class='ocr_par' dir='ltr' id='par_1_63' title="bbox 1979 3195 3562 3268">
     <span class='ocr_line' id='line_1_63' title="bbox 1979 3195 3562 3268; baseline -0.011 -1"><span class='ocrx_word' id='word_1_419' title='bbox 1979 3212 2073 3268; x_wconf 90' lang='lat' dir='ltr'><strong>sed</strong></span> <span class='ocrx_word' id='word_1_420' title='bbox 2122 3212 2288 3266; x_wconf 89' lang='lat' dir='ltr'><strong>etiam</strong></span> <span class='ocrx_word' id='word_1_421' title='bbox 2333 3210 2519 3264; x_wconf 85' lang='lat' dir='ltr'><strong>carnis</strong></span> <span class='ocrx_word' id='word_1_422' title='bbox 2569 3208 2693 3261; x_wconf 92' lang='lat' dir='ltr'><strong>loco</strong></span> <span class='ocrx_word' id='word_1_423' title='bbox 2762 3205 2953 3260; x_wconf 80' lang='lat' dir='ltr'><strong>fuisse.</strong></span> <span class='ocrx_word' id='word_1_424' title='bbox 3020 3201 3174 3257; x_wconf 85' lang='lat' dir='ltr'><strong>Hanc</strong></span> <span class='ocrx_word' id='word_1_425' title='bbox 3221 3198 3368 3253; x_wconf 85' lang='lat' dir='ltr'><strong>enim</strong></span> <span class='ocrx_word' id='word_1_426' title='bbox 3415 3195 3562 3251; x_wconf 86' lang='lat' dir='ltr'><strong>mola</strong></span> 
     </span>
    </p>
   </div>
   <div class='ocr_carea' id='block_1_64' title="bbox 276 3287 1865 3381">
    <p class='ocr_par' dir='ltr' id='par_1_64' title="bbox 276 3308 1865 3381">
     <span class='ocr_line' id='line_1_64' title="bbox 276 3308 1865 3381; baseline -0.001 -19"><span class='ocrx_word' id='word_1_427' title='bbox 276 3309 382 3362; x_wconf 75' lang='grc' dir='ltr'>καὶ</span> <span class='ocrx_word' id='word_1_428' title='bbox 414 3308 594 3378; x_wconf 84' lang='grc' dir='ltr'>κρεῶν</span> <span class='ocrx_word' id='word_1_429' title='bbox 635 3308 878 3381; x_wconf 77' lang='grc' dir='ltr'>ἐπλήρου</span> <span class='ocrx_word' id='word_1_430' title='bbox 902 3324 916 3339; x_wconf 74' lang='grc' dir='ltr'><strong><em>ο</em></strong></span> <span class='ocrx_word' id='word_1_431' title='bbox 952 3308 1155 3379; x_wconf 71' lang='grc' dir='ltr'>ἠληθον</span> <span class='ocrx_word' id='word_1_432' title='bbox 1197 3308 1306 3379; x_wconf 82' lang='grc' dir='ltr'>γάρ</span> <span class='ocrx_word' id='word_1_433' title='bbox 1342 3311 1398 3363; x_wconf 72' lang='grc' dir='ltr'>ἐν</span> <span class='ocrx_word' id='word_1_434' title='bbox 1443 3310 1522 3380; x_wconf 82' lang='grc' dir='ltr'>τῷ</span> <span class='ocrx_word' id='word_1_435' title='bbox 1573 3310 1726 3380; x_wconf 82' lang='grc' dir='ltr'>μύλῳ</span> <span class='ocrx_word' id='word_1_436' title='bbox 1775 3310 1865 3363; x_wconf 69' lang='grc' dir='ltr'>καὶ</span> 
     </span>
    </p>
   </div>
   <div class='ocr_carea' id='block_1_65' title="bbox 1970 3287 3566 3381">
    <p class='ocr_par' dir='ltr' id='par_1_65' title="bbox 1976 3287 3566 3374">
     <span class='ocr_line' id='line_1_65' title="bbox 1976 3287 3566 3374; baseline -0.012 -15"><span class='ocrx_word' id='word_1_437' title='bbox 1976 3304 2303 3374; x_wconf 80' lang='lat' dir='ltr'><strong>frangebant</strong></span> <span class='ocrx_word' id='word_1_438' title='bbox 2333 3310 2390 3357; x_wconf 88' lang='lat' dir='ltr'><strong>et</strong></span> <span class='ocrx_word' id='word_1_439' title='bbox 2416 3300 2668 3355; x_wconf 88' lang='lat' dir='ltr'><strong>terebant</strong></span> <span class='ocrx_word' id='word_1_440' title='bbox 2717 3298 2771 3351; x_wconf 88' lang='lat' dir='ltr'><strong>in</strong></span> <span class='ocrx_word' id='word_1_441' title='bbox 2807 3293 3095 3359; x_wconf 86' lang='lat' dir='ltr'><strong>mortario,</strong></span> <span class='ocrx_word' id='word_1_442' title='bbox 3149 3298 3206 3347; x_wconf 84' lang='lat' dir='ltr'><strong>et</strong></span> <span class='ocrx_word' id='word_1_443' title='bbox 3252 3287 3566 3360; x_wconf 79' lang='lat' dir='ltr'><strong>coquebant</strong></span> 
     </span>
    </p>
   </div>
   <div class='ocr_carea' id='block_1_66' title="bbox 274 3378 1865 3476">
    <p class='ocr_par' dir='ltr' id='par_1_66' title="bbox 274 3378 1865 3476">
     <span class='ocr_line' id='line_1_66' title="bbox 274 3378 1865 3476; baseline 0.002 -21"><span class='ocrx_word' id='word_1_444' title='bbox 274 3402 500 3475; x_wconf 80' lang='grc' dir='ltr'>ἔτριϐον</span> <span class='ocrx_word' id='word_1_445' title='bbox 526 3405 584 3457; x_wconf 82' lang='grc' dir='ltr'>ὲν</span> <span class='ocrx_word' id='word_1_446' title='bbox 613 3406 680 3475; x_wconf 80' lang='grc' dir='ltr'>τῇ</span> <span class='ocrx_word' id='word_1_447' title='bbox 703 3378 806 3475; x_wconf 66' lang='grc' dir='ltr'><strong>θύα</strong></span> <span class='ocrx_word' id='word_1_448' title='bbox 826 3405 922 3457; x_wconf 74' lang='grc' dir='ltr'><strong>καὶ</strong></span> <span class='ocrx_word' id='word_1_449' title='bbox 944 3404 1120 3475; x_wconf 75' lang='grc' dir='ltr'>ἥψουν</span> <span class='ocrx_word' id='word_1_450' title='bbox 1152 3408 1209 3459; x_wconf 81' lang='grc' dir='ltr'>ὲν</span> <span class='ocrx_word' id='word_1_451' title='bbox 1230 3406 1297 3476; x_wconf 81' lang='grc' dir='ltr'>τῇ</span> <span class='ocrx_word' id='word_1_452' title='bbox 1329 3378 1506 3476; x_wconf 65' lang='grc' dir='ltr'>χύτρα</span> <span class='ocrx_word' id='word_1_453' title='bbox 1528 3378 1623 3458; x_wconf 73' lang='grc' dir='ltr'><strong>καὶ</strong></span> <span class='ocrx_word' id='word_1_454' title='bbox 1650 3378 1865 3459; x_wconf 77' lang='grc' dir='ltr'>ἐποίουν</span> 
     </span>
    </p>
   </div>
   <div class='ocr_carea' id='block_1_67' title="bbox 1970 3378 3565 3476">
    <p class='ocr_par' dir='ltr' id='par_1_67' title="bbox 1974 3378 3565 3459">
     <span class='ocr_line' id='line_1_67' title="bbox 1974 3378 3565 3459; baseline -0.012 -8"><span class='ocrx_word' id='word_1_455' title='bbox 1974 3397 2032 3451; x_wconf 84' lang='lat' dir='ltr'><strong>in</strong></span> <span class='ocrx_word' id='word_1_456' title='bbox 2064 3396 2196 3459; x_wconf 89' lang='lat' dir='ltr'><strong>olla,</strong></span> <span class='ocrx_word' id='word_1_457' title='bbox 2244 3402 2299 3448; x_wconf 85' lang='lat' dir='ltr'><strong>et</strong></span> <span class='ocrx_word' id='word_1_458' title='bbox 2330 3409 2397 3447; x_wconf 86' lang='lat' dir='ltr'><strong>ex</strong></span> <span class='ocrx_word' id='word_1_459' title='bbox 2431 3407 2497 3447; x_wconf 90' lang='lat' dir='ltr'><strong>eo</strong></span> <span class='ocrx_word' id='word_1_460' title='bbox 2528 3390 2764 3446; x_wconf 84' lang='lat' dir='ltr'><strong>tortulas</strong></span> <span class='ocrx_word' id='word_1_461' title='bbox 2816 3386 3145 3443; x_wconf 83' lang='lat' dir='ltr'><strong>etiieiebant.</strong></span> <span class='ocrx_word' id='word_1_462' title='bbox 3181 3381 3436 3438; x_wconf 82' lang='lat' dir='ltr'><strong>Graviter</strong></span> <span class='ocrx_word' id='word_1_463' title='bbox 3479 3378 3565 3433; x_wconf 88' lang='lat' dir='ltr'><strong>la-</strong></span> 
     </span>
    </p>
   </div>
   <div class='ocr_carea' id='block_1_68' title="bbox 273 3469 1865 3567">
    <p class='ocr_par' dir='ltr' id='par_1_68' title="bbox 273 3469 1865 3567">
     <span class='ocr_line' id='line_1_68' title="bbox 273 3469 1865 3567; baseline 0 -18"><span class='ocrx_word' id='word_1_464' title='bbox 273 3469 627 3567; x_wconf 70' lang='grc' dir='ltr'>ὲγκρυιρίαςο</span> <span class='ocrx_word' id='word_1_465' title='bbox 657 3469 906 3548; x_wconf 37' lang='grc' dir='ltr'>’.ἐκείνων</span> <span class='ocrx_word' id='word_1_466' title='bbox 1083 3469 1502 3567; x_wconf 63' lang='grc' dir='ltr'>ὀλοφυρομένων</span> <span class='ocrx_word' id='word_1_467' title='bbox 1556 3497 1865 3567; x_wconf 81' lang='grc' dir='ltr'>χαλεπαίνει</span> 
     </span>
    </p>
   </div>
   <div class='ocr_carea' id='block_1_69' title="bbox 1970 3469 3568 3567">
    <p class='ocr_par' dir='ltr' id='par_1_69' title="bbox 1980 3469 3568 3555">
     <span class='ocr_line' id='line_1_69' title="bbox 1980 3469 3568 3555; baseline -0.014 -11"><span class='ocrx_word' id='word_1_468' title='bbox 1980 3497 2286 3544; x_wconf 85' lang='lat' dir='ltr'><strong>mentantes</strong></span> <span class='ocrx_word' id='word_1_469' title='bbox 2314 3484 2571 3555; x_wconf 85' lang='lat' dir='ltr'><strong>objurgat</strong></span> <span class='ocrx_word' id='word_1_470' title='bbox 2605 3482 2875 3537; x_wconf 89' lang='lat' dir='ltr'><strong>Dominus</strong></span> <span class='ocrx_word' id='word_1_471' title='bbox 2905 3478 3067 3541; x_wconf 85' lang='lat' dir='ltr'><strong>Deus,</strong></span> <span class='ocrx_word' id='word_1_472' title='bbox 3102 3490 3170 3531; x_wconf 90' lang='lat' dir='ltr'><strong>ac</strong></span> <span class='ocrx_word' id='word_1_473' title='bbox 3199 3474 3428 3529; x_wconf 79' lang='lat' dir='ltr'><strong>molesto</strong></span> <span class='ocrx_word' id='word_1_474' title='bbox 3460 3469 3568 3525; x_wconf 82' lang='lat' dir='ltr'><strong>fert</strong></span> 
     </span>
    </p>
   </div>
   <div class='ocr_carea' id='block_1_70' title="bbox 281 3566 1865 3659">
    <p class='ocr_par' dir='ltr' id='par_1_70' title="bbox 281 3566 1865 3659">
     <span class='ocr_line' id='line_1_70' title="bbox 281 3566 1865 3659; baseline 0.001 -21"><span class='ocrx_word' id='word_1_475' title='bbox 281 3586 391 3657; x_wconf 82' lang='grc' dir='ltr'>μὲν</span> <span class='ocrx_word' id='word_1_476' title='bbox 423 3588 452 3640; x_wconf 86' lang='grc' dir='ltr'>ὀ</span> <span class='ocrx_word' id='word_1_477' title='bbox 492 3586 774 3657; x_wconf 86' lang='grc' dir='ltr'>Δεσπότης</span> <span class='ocrx_word' id='word_1_478' title='bbox 814 3585 969 3651; x_wconf 86' lang='grc' dir='ltr'>Θεὸς,</span> <span class='ocrx_word' id='word_1_479' title='bbox 1015 3566 1355 3656; x_wconf 77' lang='grc' dir='ltr'>δυσχεραίνει</span> <span class='ocrx_word' id='word_1_480' title='bbox 1405 3587 1463 3640; x_wconf 72' lang='grc' dir='ltr'><strong>δὲ</strong></span> <span class='ocrx_word' id='word_1_481' title='bbox 1509 3566 1865 3659; x_wconf 72' lang='grc' dir='ltr'>ὁπροφήτης</span> 
     </span>
    </p>
   </div>
   <div class='ocr_carea' id='block_1_71' title="bbox 1970 3566 3568 3659">
    <p class='ocr_par' dir='ltr' id='par_1_71' title="bbox 1980 3566 3568 3651">
     <span class='ocr_line' id='line_1_71' title="bbox 1980 3566 3568 3651; baseline -0.014 -15"><span class='ocrx_word' id='word_1_482' title='bbox 1980 3582 2097 3651; x_wconf 90' lang='lat' dir='ltr'><strong>ipse</strong></span> <span class='ocrx_word' id='word_1_483' title='bbox 2125 3579 2391 3650; x_wconf 83' lang='lat' dir='ltr'><strong>propheta</strong></span> <span class='ocrx_word' id='word_1_484' title='bbox 2421 3616 2437 3642; x_wconf 91' lang='lat'><strong>,</strong></span> <span class='ocrx_word' id='word_1_485' title='bbox 2464 3576 2780 3631; x_wconf 82' lang='lat' dir='ltr'><strong>exclamans</strong></span> <span class='ocrx_word' id='word_1_486' title='bbox 2808 3590 2821 3625; x_wconf 92' lang='lat'>:</span> <span class='ocrx_word' id='word_1_487' title='bbox 2864 3591 2880 3624; x_wconf 81' lang='grc' dir='ltr'><strong>ι</strong></span> <span class='ocrx_word' id='word_1_488' title='bbox 2917 3570 3031 3626; x_wconf 86' lang='lat' dir='ltr'><strong>Cur</strong></span> <span class='ocrx_word' id='word_1_489' title='bbox 3066 3566 3308 3623; x_wconf 82' lang='lat' dir='ltr'><strong>afflixisti</strong></span> <span class='ocrx_word' id='word_1_490' title='bbox 3349 3577 3568 3619; x_wconf 86' lang='lat' dir='ltr'><strong>servum</strong></span> 
     </span>
    </p>
   </div>
   <div class='ocr_carea' id='block_1_72' title="bbox 279 3678 1876 3752">
    <p class='ocr_par' dir='ltr' id='par_1_72' title="bbox 279 3678 1876 3752">
     <span class='ocr_line' id='line_1_72' title="bbox 279 3678 1876 3752; baseline 0.002 -19"><span class='ocrx_word' id='word_1_491' title='bbox 279 3680 385 3733; x_wconf 78' lang='grc' dir='ltr'>καὶ</span> <span class='ocrx_word' id='word_1_492' title='bbox 420 3679 519 3750; x_wconf 79' lang='grc' dir='ltr'><strong>βοᾷ</strong></span> <span class='ocrx_word' id='word_1_493' title='bbox 549 3678 759 3748; x_wconf 84' lang='grc' dir='ltr'>λέγων·</span> <span class='ocrx_word' id='word_1_494' title='bbox 803 3697 821 3729; x_wconf 73' lang='grc' dir='ltr'><strong>ι</strong></span> <span class='ocrx_word' id='word_1_495' title='bbox 853 3680 970 3731; x_wconf 82' lang='grc' dir='ltr'>Ἵνα</span> <span class='ocrx_word' id='word_1_496' title='bbox 1009 3679 1062 3730; x_wconf 85' lang='grc' dir='ltr'><strong>τί</strong></span> <span class='ocrx_word' id='word_1_497' title='bbox 1112 3679 1403 3741; x_wconf 85' lang='grc' dir='ltr'>ὲκὰκωσας</span> <span class='ocrx_word' id='word_1_498' title='bbox 1439 3680 1532 3733; x_wconf 84' lang='grc' dir='ltr'><strong>τὸν</strong></span> <span class='ocrx_word' id='word_1_499' title='bbox 1566 3679 1876 3752; x_wconf 84' lang='grc' dir='ltr'>θεράποντά</span> 
     </span>
    </p>
   </div>
   <div class='ocr_carea' id='block_1_73' title="bbox 277 3771 1879 3841">
    <p class='ocr_par' dir='ltr' id='par_1_73' title="bbox 277 3771 1879 3841">
     <span class='ocr_line' id='line_1_73' title="bbox 277 3771 1879 3841; baseline 0.001 -16"><span class='ocrx_word' id='word_1_500' title='bbox 277 3788 413 3835; x_wconf 85' lang='grc' dir='ltr'>σου,</span> <span class='ocrx_word' id='word_1_501' title='bbox 445 3773 541 3825; x_wconf 78' lang='grc' dir='ltr'><strong>καὶ</strong></span> <span class='ocrx_word' id='word_1_502' title='bbox 582 3772 726 3825; x_wconf 90' lang='grc' dir='ltr'>διατί</span> <span class='ocrx_word' id='word_1_503' title='bbox 757 3772 857 3841; x_wconf 84' lang='grc' dir='ltr'><strong>οὐχ</strong></span> <span class='ocrx_word' id='word_1_504' title='bbox 904 3771 1116 3841; x_wconf 74' lang='grc' dir='ltr'>εὕρηκα</span> <span class='ocrx_word' id='word_1_505' title='bbox 1159 3771 1320 3841; x_wconf 84' lang='grc' dir='ltr'>χάριν</span> <span class='ocrx_word' id='word_1_506' title='bbox 1354 3772 1587 3826; x_wconf 79' lang='grc' dir='ltr'>ἐνώπιόν</span> <span class='ocrx_word' id='word_1_507' title='bbox 1630 3790 1723 3826; x_wconf 91' lang='grc' dir='ltr'><strong>σου</strong></span> <span class='ocrx_word' id='word_1_508' title='bbox 1755 3776 1879 3827; x_wconf 75' lang='grc' dir='ltr'>ἐπι-</span> 
     </span>
    </p>
   </div>
   <div class='ocr_carea' id='block_1_74' title="bbox 278 3861 1879 3936">
    <p class='ocr_par' dir='ltr' id='par_1_74' title="bbox 278 3861 1879 3936">
     <span class='ocr_line' id='line_1_74' title="bbox 278 3861 1879 3936; baseline 0.001 -21"><span class='ocrx_word' id='word_1_509' title='bbox 278 3863 466 3917; x_wconf 81' lang='grc' dir='ltr'>θεῖναι</span> <span class='ocrx_word' id='word_1_510' title='bbox 501 3880 590 3934; x_wconf 85' lang='grc' dir='ltr'><strong>μοι</strong></span> <span class='ocrx_word' id='word_1_511' title='bbox 639 3864 739 3934; x_wconf 81' lang='grc' dir='ltr'>τὴν</span> <span class='ocrx_word' id='word_1_512' title='bbox 768 3862 948 3935; x_wconf 85' lang='grc' dir='ltr'>ὁρμὴν</span> <span class='ocrx_word' id='word_1_513' title='bbox 992 3862 1088 3915; x_wconf 81' lang='grc' dir='ltr'>τοῦ</span> <span class='ocrx_word' id='word_1_514' title='bbox 1112 3861 1244 3914; x_wconf 81' lang='grc' dir='ltr'>λαοῦ</span> <span class='ocrx_word' id='word_1_515' title='bbox 1284 3862 1479 3916; x_wconf 88' lang='grc' dir='ltr'>τούτου</span> <span class='ocrx_word' id='word_1_516' title='bbox 1514 3864 1601 3916; x_wconf 82' lang='grc' dir='ltr'>ἐπ’</span> <span class='ocrx_word' id='word_1_517' title='bbox 1634 3864 1768 3935; x_wconf 81' lang='grc' dir='ltr'><strong>ὲμέ;</strong></span> <span class='ocrx_word' id='word_1_518' title='bbox 1804 3865 1879 3936; x_wconf 85' lang='grc' dir='ltr'><strong>μὴ</strong></span> 
     </span>
    </p>
   </div>
   <div class='ocr_carea' id='block_1_75' title="bbox 282 3954 1876 4027">
    <p class='ocr_par' dir='ltr' id='par_1_75' title="bbox 282 3954 1876 4027">
     <span class='ocr_line' id='line_1_75' title="bbox 282 3954 1876 4027; baseline 0.002 -20"><span class='ocrx_word' id='word_1_519' title='bbox 282 3956 406 4022; x_wconf 79' lang='grc' dir='ltr'><strong>ἐγὼ</strong></span> <span class='ocrx_word' id='word_1_520' title='bbox 438 3955 493 4007; x_wconf 84' lang='grc' dir='ltr'>ἐν</span> <span class='ocrx_word' id='word_1_521' title='bbox 518 3957 719 4026; x_wconf 74' lang='grc' dir='ltr'>γαστρὶ</span> <span class='ocrx_word' id='word_1_522' title='bbox 748 3954 943 4009; x_wconf 77' lang='grc' dir='ltr'>ἔλαϐον</span> <span class='ocrx_word' id='word_1_523' title='bbox 989 3955 1080 4008; x_wconf 82' lang='grc' dir='ltr'><strong>τὸν</strong></span> <span class='ocrx_word' id='word_1_524' title='bbox 1116 3954 1246 4008; x_wconf 77' lang='grc' dir='ltr'>λαὸν</span> <span class='ocrx_word' id='word_1_525' title='bbox 1278 3954 1499 4023; x_wconf 84' lang='grc' dir='ltr'>τοῦτον;</span> <span class='ocrx_word' id='word_1_526' title='bbox 1533 3974 1551 4007; x_wconf 74' lang='grc' dir='ltr'><strong>ι</strong></span> <span class='ocrx_word' id='word_1_527' title='bbox 1588 3957 1685 4010; x_wconf 80' lang='grc' dir='ltr'>καὶ</span> <span class='ocrx_word' id='word_1_528' title='bbox 1711 3956 1839 4027; x_wconf 70' lang='grc' dir='ltr'>ἑξῆς</span> <span class='ocrx_word' id='word_1_529' title='bbox 1860 3970 1876 3988; x_wconf 82' lang='grc'>⁶</span> 
     </span>
    </p>
   </div>
   <div class='ocr_carea' id='block_1_76' title="bbox 281 4047 1879 4120">
    <p class='ocr_par' dir='ltr' id='par_1_76' title="bbox 281 4047 1879 4120">
     <span class='ocr_line' id='line_1_76' title="bbox 281 4047 1879 4120; baseline 0.001 -19"><span class='ocrx_word' id='word_1_530' title='bbox 281 4047 567 4116; x_wconf 83' lang='grc' dir='ltr'>δεδήλωκε</span> <span class='ocrx_word' id='word_1_531' title='bbox 594 4047 681 4103; x_wconf 86' lang='grc' dir='ltr'>διὰ</span> <span class='ocrx_word' id='word_1_532' title='bbox 715 4047 923 4101; x_wconf 88' lang='grc' dir='ltr'>τούτων</span> <span class='ocrx_word' id='word_1_533' title='bbox 948 4048 1010 4101; x_wconf 82' lang='grc' dir='ltr'><strong>τὸ</strong></span> <span class='ocrx_word' id='word_1_534' title='bbox 1035 4048 1225 4111; x_wconf 78' lang='grc' dir='ltr'>ἀτελὲς</span> <span class='ocrx_word' id='word_1_535' title='bbox 1248 4047 1425 4101; x_wconf 79' lang='grc' dir='ltr'>αὐτῶν</span> <span class='ocrx_word' id='word_1_536' title='bbox 1453 4050 1549 4102; x_wconf 79' lang='grc' dir='ltr'><strong>καὶ</strong></span> <span class='ocrx_word' id='word_1_537' title='bbox 1574 4049 1844 4120; x_wconf 83' lang='grc' dir='ltr'>νηπιῶδες</span> <span class='ocrx_word' id='word_1_538' title='bbox 1865 4068 1879 4082; x_wconf 80' lang='grc' dir='ltr'><strong>ο</strong></span> 
     </span>
    </p>
   </div>
   <div class='ocr_carea' id='block_1_77' title="bbox 1974 3656 3571 3740">
    <p class='ocr_par' dir='ltr' id='par_1_77' title="bbox 1974 3656 3571 3740">
     <span class='ocr_line' id='line_1_77' title="bbox 1974 3656 3571 3740; baseline -0.014 -10"><span class='ocrx_word' id='word_1_539' title='bbox 1974 3673 2178 3730; x_wconf 81' lang='lat' dir='ltr'><strong>tuum?</strong></span> <span class='ocrx_word' id='word_1_540' title='bbox 2215 3673 2394 3740; x_wconf 86' lang='lat' dir='ltr'><strong>Quare</strong></span> <span class='ocrx_word' id='word_1_541' title='bbox 2439 3685 2549 3724; x_wconf 90' lang='lat' dir='ltr'><strong>non</strong></span> <span class='ocrx_word' id='word_1_542' title='bbox 2601 3666 2823 3722; x_wconf 89' lang='lat' dir='ltr'><strong>invenio</strong></span> <span class='ocrx_word' id='word_1_543' title='bbox 2855 3663 3091 3734; x_wconf 79' lang='lat' dir='ltr'><strong>gratiam</strong></span> <span class='ocrx_word' id='word_1_544' title='bbox 3144 3675 3329 3716; x_wconf 85' lang='lat' dir='ltr'><strong>coram</strong></span> <span class='ocrx_word' id='word_1_545' title='bbox 3380 3656 3471 3711; x_wconf 80' lang='lat' dir='ltr'><strong>te?</strong></span> <span class='ocrx_word' id='word_1_546' title='bbox 3504 3657 3571 3709; x_wconf 84' lang='lat' dir='ltr'><strong>Et</strong></span> 
     </span>
    </p>
   </div>
   <div class='ocr_carea' id='block_1_78' title="bbox 1982 3751 3571 3834">
    <p class='ocr_par' dir='ltr' id='par_1_78' title="bbox 1982 3751 3571 3834">
     <span class='ocr_line' id='line_1_78' title="bbox 1982 3751 3571 3834; baseline -0.014 -11"><span class='ocrx_word' id='word_1_547' title='bbox 1982 3784 2081 3823; x_wconf 89' lang='lat' dir='ltr'><strong>cur</strong></span> <span class='ocrx_word' id='word_1_548' title='bbox 2111 3764 2425 3834; x_wconf 81' lang='lat' dir='ltr'><strong>imposuisti</strong></span> <span class='ocrx_word' id='word_1_549' title='bbox 2454 3762 2670 3831; x_wconf 87' lang='lat' dir='ltr'><strong>pondus</strong></span> <span class='ocrx_word' id='word_1_550' title='bbox 2698 3757 2947 3814; x_wconf 88' lang='lat' dir='ltr'><strong>universi</strong></span> <span class='ocrx_word' id='word_1_551' title='bbox 2982 3753 3173 3825; x_wconf 87' lang='lat' dir='ltr'><strong>populi</strong></span> <span class='ocrx_word' id='word_1_552' title='bbox 3204 3751 3372 3821; x_wconf 84' lang='lat' dir='ltr'><strong>hujus</strong></span> <span class='ocrx_word' id='word_1_553' title='bbox 3402 3762 3571 3818; x_wconf 82' lang='lat' dir='ltr'><strong>super</strong></span> 
     </span>
    </p>
   </div>
   <div class='ocr_carea' id='block_1_79' title="bbox 1984 3840 3571 3925">
    <p class='ocr_par' dir='ltr' id='par_1_79' title="bbox 1984 3840 3571 3925">
     <span class='ocr_line' id='line_1_79' title="bbox 1984 3840 3571 3925; baseline -0.015 -12"><span class='ocrx_word' id='word_1_554' title='bbox 1984 3860 2109 3913; x_wconf 85' lang='lat' dir='ltr'><strong>me?</strong></span> <span class='ocrx_word' id='word_1_555' title='bbox 2159 3856 2417 3925; x_wconf 80' lang='lat' dir='ltr'><strong>Nunquid</strong></span> <span class='ocrx_word' id='word_1_556' title='bbox 2453 3868 2555 3922; x_wconf 88' lang='lat' dir='ltr'><strong>ego</strong></span> <span class='ocrx_word' id='word_1_557' title='bbox 2607 3850 2836 3920; x_wconf 90' lang='lat' dir='ltr'><strong>concepi</strong></span> <span class='ocrx_word' id='word_1_558' title='bbox 2863 3862 3085 3902; x_wconf 89' lang='lat' dir='ltr'><strong>omnem</strong></span> <span class='ocrx_word' id='word_1_559' title='bbox 3138 3845 3281 3898; x_wconf 88' lang='lat' dir='ltr'><strong>hanc</strong></span> <span class='ocrx_word' id='word_1_560' title='bbox 3324 3840 3571 3895; x_wconf 78' lang='lat' dir='ltr'><strong>multitu-</strong></span> 
     </span>
    </p>
   </div>
   <div class='ocr_carea' id='block_1_80' title="bbox 1984 3931 3572 4017">
    <p class='ocr_par' dir='ltr' id='par_1_80' title="bbox 1984 3931 3572 4017">
     <span class='ocr_line' id='line_1_80' title="bbox 1984 3931 3572 4017; baseline -0.013 -12"><span class='ocrx_word' id='word_1_561' title='bbox 1984 3952 2211 4007; x_wconf 77' lang='lat' dir='ltr'><strong>dinem?</strong></span> <span class='ocrx_word' id='word_1_562' title='bbox 2255 3951 2340 4003; x_wconf 88' lang='lat' dir='ltr'><strong>vel</strong></span> <span class='ocrx_word' id='word_1_563' title='bbox 2376 3948 2538 4017; x_wconf 86' lang='lat' dir='ltr'><strong>genui</strong></span> <span class='ocrx_word' id='word_1_564' title='bbox 2570 3959 2690 3998; x_wconf 82' lang='lat' dir='ltr'><strong>eam</strong></span> <span class='ocrx_word' id='word_1_565' title='bbox 2718 3943 2807 3997; x_wconf 68' lang='lat'><strong>&quot;‘3</strong></span> <span class='ocrx_word' id='word_1_566' title='bbox 2839 3960 2858 3992; x_wconf 75' lang='grc' dir='ltr'><strong>ι</strong></span> <span class='ocrx_word' id='word_1_567' title='bbox 2889 3949 2945 3994; x_wconf 91' lang='lat' dir='ltr'><strong>et</strong></span> <span class='ocrx_word' id='word_1_568' title='bbox 2987 3938 3223 4007; x_wconf 87' lang='lat' dir='ltr'><strong>reliqua.</strong></span> <span class='ocrx_word' id='word_1_569' title='bbox 3277 3933 3373 3988; x_wconf 76' lang='lat' dir='ltr'><strong>liis</strong></span> <span class='ocrx_word' id='word_1_570' title='bbox 3406 3931 3572 3987; x_wconf 88' lang='lat' dir='ltr'><strong>dictis</strong></span> 
     </span>
    </p>
   </div>
   <div class='ocr_carea' id='block_1_81' title="bbox 1986 4018 3570 4109">
    <p class='ocr_par' dir='ltr' id='par_1_81' title="bbox 1986 4018 3570 4109">
     <span class='ocr_line' id='line_1_81' title="bbox 1986 4018 3570 4109; baseline -0.016 -12"><span class='ocrx_word' id='word_1_571' title='bbox 1986 4042 2193 4097; x_wconf 86' lang='lat' dir='ltr'><strong>indicat</strong></span> <span class='ocrx_word' id='word_1_572' title='bbox 2213 4053 2377 4109; x_wconf 88' lang='lat' dir='ltr'><strong>quam</strong></span> <span class='ocrx_word' id='word_1_573' title='bbox 2402 4035 2681 4105; x_wconf 88' lang='lat' dir='ltr'><strong>simplices</strong></span> <span class='ocrx_word' id='word_1_574' title='bbox 2700 4031 3055 4103; x_wconf 83' lang='lat' dir='ltr'><strong>puerilesque</strong></span> <span class='ocrx_word' id='word_1_575' title='bbox 3074 4026 3329 4089; x_wconf 80' lang='lat' dir='ltr'><strong>fuerunt;</strong></span> <span class='ocrx_word' id='word_1_576' title='bbox 3354 4018 3570 4089; x_wconf 78' lang='lat' dir='ltr'><strong>sugenti</strong></span> 
     </span>
    </p>
   </div>
   <div class='ocr_carea' id='block_1_82' title="bbox 284 4118 1865 4210">
    <p class='ocr_par' dir='ltr' id='par_1_82' title="bbox 284 4118 1865 4210">
     <span class='ocr_line' id='line_1_82' title="bbox 284 4118 1865 4210; baseline 0.001 -17"><span class='ocrx_word' id='word_1_577' title='bbox 284 4138 584 4208; x_wconf 77' lang='grc' dir='ltr'>θηλάζοντι</span> <span class='ocrx_word' id='word_1_578' title='bbox 622 4138 731 4209; x_wconf 83' lang='grc' dir='ltr'><strong>γὰρ</strong></span> <span class='ocrx_word' id='word_1_579' title='bbox 779 4139 979 4203; x_wconf 79' lang='grc' dir='ltr'>αὐτοὺς</span> <span class='ocrx_word' id='word_1_580' title='bbox 1027 4139 1351 4205; x_wconf 84' lang='grc' dir='ltr'>ἀπείκασεν,</span> <span class='ocrx_word' id='word_1_581' title='bbox 1393 4139 1524 4195; x_wconf 80' lang='grc' dir='ltr'>ἄλλο</span> <span class='ocrx_word' id='word_1_582' title='bbox 1577 4118 1674 4210; x_wconf 60' lang='grc' dir='ltr'>μέν</span> <span class='ocrx_word' id='word_1_583' title='bbox 1726 4141 1865 4195; x_wconf 69' lang='grc' dir='ltr'>οὐδὲι</span> 
     </span>
    </p>
   </div>
   <div class='ocr_carea' id='block_1_83' title="bbox 1970 4118 3574 4210">
    <p class='ocr_par' dir='ltr' id='par_1_83' title="bbox 1989 4118 3574 4205">
     <span class='ocr_line' id='line_1_83' title="bbox 1989 4118 3574 4205; baseline -0.017 -15"><span class='ocrx_word' id='word_1_584' title='bbox 1989 4149 2157 4205; x_wconf 89' lang='lat' dir='ltr'><strong>puero</strong></span> <span class='ocrx_word' id='word_1_585' title='bbox 2182 4134 2305 4189; x_wconf 91' lang='lat' dir='ltr'><strong>illos</strong></span> <span class='ocrx_word' id='word_1_586' title='bbox 2336 4129 2677 4199; x_wconf 86' lang='lat' dir='ltr'><strong>comparavit</strong></span> <span class='ocrx_word' id='word_1_587' title='bbox 2702 4125 2796 4195; x_wconf 86' lang='lat' dir='ltr'><strong>qui</strong></span> <span class='ocrx_word' id='word_1_588' title='bbox 2826 4121 2962 4178; x_wconf 87' lang='lat' dir='ltr'><strong>nihil</strong></span> <span class='ocrx_word' id='word_1_589' title='bbox 2993 4120 3138 4175; x_wconf 88' lang='lat' dir='ltr'><strong>aliud</strong></span> <span class='ocrx_word' id='word_1_590' title='bbox 3177 4118 3360 4172; x_wconf 81' lang='lat' dir='ltr'><strong>facere</strong></span> <span class='ocrx_word' id='word_1_591' title='bbox 3388 4118 3574 4184; x_wconf 84' lang='lat' dir='ltr'><strong>potest</strong></span> 
     </span>
    </p>
   </div>
   <div class='ocr_carea' id='block_1_84' title="bbox 286 4211 1865 4307">
    <p class='ocr_par' dir='ltr' id='par_1_84' title="bbox 286 4232 1865 4307">
     <span class='ocr_line' id='line_1_84' title="bbox 286 4232 1865 4307; baseline 0.001 -22"><span class='ocrx_word' id='word_1_592' title='bbox 286 4232 641 4301; x_wconf 76' lang='grc' dir='ltr'>ἐργάσασθαι</span> <span class='ocrx_word' id='word_1_593' title='bbox 669 4232 973 4304; x_wconf 85' lang='grc' dir='ltr'>δυναμένῳ,</span> <span class='ocrx_word' id='word_1_594' title='bbox 1002 4232 1239 4306; x_wconf 81' lang='grc' dir='ltr'>ὲκϐυζᾷν</span> <span class='ocrx_word' id='word_1_595' title='bbox 1280 4234 1337 4288; x_wconf 82' lang='grc' dir='ltr'><strong>δὲ</strong></span> <span class='ocrx_word' id='word_1_596' title='bbox 1374 4234 1535 4304; x_wconf 85' lang='grc' dir='ltr'>μόνον</span> <span class='ocrx_word' id='word_1_597' title='bbox 1573 4233 1865 4307; x_wconf 56' lang='grc' dir='ltr'>βουλομένη</span> 
     </span>
    </p>
   </div>
   <div class='ocr_carea' id='block_1_85' title="bbox 1970 4211 3574 4307">
    <p class='ocr_par' dir='ltr' id='par_1_85' title="bbox 1990 4211 3574 4286">
     <span class='ocr_line' id='line_1_85' title="bbox 1990 4211 3574 4286; baseline -0.015 -3"><span class='ocrx_word' id='word_1_598' title='bbox 1990 4228 2094 4284; x_wconf 90' lang='lat' dir='ltr'><strong>nisi</strong></span> <span class='ocrx_word' id='word_1_599' title='bbox 2127 4227 2213 4282; x_wconf 83' lang='lat' dir='ltr'><strong>lac</strong></span> <span class='ocrx_word' id='word_1_600' title='bbox 2241 4240 2363 4282; x_wconf 88' lang='lat' dir='ltr'><strong>cum</strong></span> <span class='ocrx_word' id='word_1_601' title='bbox 2414 4219 2755 4279; x_wconf 85' lang='lat' dir='ltr'><strong>clamoribus</strong></span> <span class='ocrx_word' id='word_1_602' title='bbox 2835 4228 3155 4286; x_wconf 73' lang='lat' dir='ltr'><strong>exposcere.</strong></span> <span class='ocrx_word' id='word_1_603' title='bbox 3202 4211 3342 4266; x_wconf 86' lang='lat' dir='ltr'><strong>Cum</strong></span> <span class='ocrx_word' id='word_1_604' title='bbox 3388 4218 3574 4262; x_wconf 83' lang='lat' dir='ltr'><strong>autem</strong></span> 
     </span>
    </p>
   </div>
   <div class='ocr_carea' id='block_1_86' title="bbox 288 4303 1865 4399">
    <p class='ocr_par' dir='ltr' id='par_1_86' title="bbox 288 4303 1865 4399">
     <span class='ocr_line' id='line_1_86' title="bbox 288 4303 1865 4399; baseline 0.001 -20"><span class='ocrx_word' id='word_1_605' title='bbox 288 4324 365 4379; x_wconf 81' lang='grc' dir='ltr'><strong>τὸ</strong></span> <span class='ocrx_word' id='word_1_606' title='bbox 389 4324 562 4393; x_wconf 85' lang='grc' dir='ltr'>γάλα·</span> <span class='ocrx_word' id='word_1_607' title='bbox 594 4325 785 4396; x_wconf 78' lang='grc' dir='ltr'>ἐπειδὴ</span> <span class='ocrx_word' id='word_1_608' title='bbox 809 4326 867 4379; x_wconf 82' lang='grc' dir='ltr'><strong>δὲ</strong></span> <span class='ocrx_word' id='word_1_609' title='bbox 909 4303 1114 4397; x_wconf 78' lang='grc' dir='ltr'>σφόδρα</span> <span class='ocrx_word' id='word_1_610' title='bbox 1132 4303 1201 4399; x_wconf 60' lang='grc' dir='ltr'>ἦν</span> <span class='ocrx_word' id='word_1_611' title='bbox 1227 4327 1295 4380; x_wconf 84' lang='grc' dir='ltr'>τὰ</span> <span class='ocrx_word' id='word_1_612' title='bbox 1332 4328 1554 4399; x_wconf 80' lang='grc' dir='ltr'>ῥήματα</span> <span class='ocrx_word' id='word_1_613' title='bbox 1577 4303 1664 4381; x_wconf 29' lang='grc' dir='ltr'><strong>ίτά</strong></span> <span class='ocrx_word' id='word_1_614' title='bbox 1686 4303 1865 4399; x_wconf 59' lang='lat' dir='ltr'><strong>ama?</strong></span> 
     </span>
    </p>
   </div>
   <div class='ocr_carea' id='block_1_87' title="bbox 1970 4303 3575 4399">
    <p class='ocr_par' dir='ltr' id='par_1_87' title="bbox 1992 4303 3575 4385">
     <span class='ocr_line' id='line_1_87' title="bbox 1992 4303 3575 4385; baseline -0.016 -7"><span class='ocrx_word' id='word_1_615' title='bbox 1992 4321 2337 4379; x_wconf 86' lang='lat' dir='ltr'><strong>vehementia</strong></span> <span class='ocrx_word' id='word_1_616' title='bbox 2361 4326 2549 4374; x_wconf 87' lang='lat' dir='ltr'><strong>essent</strong></span> <span class='ocrx_word' id='word_1_617' title='bbox 2572 4313 2778 4385; x_wconf 77' lang='lat' dir='ltr'><strong>Moysis</strong></span> <span class='ocrx_word' id='word_1_618' title='bbox 2805 4309 3150 4381; x_wconf 85' lang='lat' dir='ltr'><strong>indignantis</strong></span> <span class='ocrx_word' id='word_1_619' title='bbox 3204 4303 3393 4370; x_wconf 87' lang='lat' dir='ltr'><strong>verba,</strong></span> <span class='ocrx_word' id='word_1_620' title='bbox 3446 4315 3575 4354; x_wconf 88' lang='lat' dir='ltr'><strong>nam</strong></span> 
     </span>
    </p>
   </div>
   <div class='ocr_carea' id='block_1_88' title="bbox 290 4397 1865 4495">
    <p class='ocr_par' dir='ltr' id='par_1_88' title="bbox 290 4397 1865 4495">
     <span class='ocr_line' id='line_1_88' title="bbox 290 4397 1865 4495; baseline 0.001 -23"><span class='ocrx_word' id='word_1_621' title='bbox 290 4419 598 4490; x_wconf 83' lang='grc' dir='ltr'>ραίνοντος,</span> <span class='ocrx_word' id='word_1_622' title='bbox 627 4419 726 4473; x_wconf 75' lang='grc' dir='ltr'>καὶ</span> <span class='ocrx_word' id='word_1_623' title='bbox 751 4421 818 4473; x_wconf 81' lang='grc' dir='ltr'><strong>τὰ</strong></span> <span class='ocrx_word' id='word_1_624' title='bbox 844 4421 972 4492; x_wconf 79' lang='grc' dir='ltr'>ἑξῆς</span> <span class='ocrx_word' id='word_1_625' title='bbox 1004 4420 1112 4495; x_wconf 76' lang='grc' dir='ltr'><strong>γᾲρ</strong></span> <span class='ocrx_word' id='word_1_626' title='bbox 1142 4397 1471 4492; x_wconf 14' lang='grc' dir='ltr'>τοῦτονήεχει</span> <span class='ocrx_word' id='word_1_627' title='bbox 1504 4420 1599 4474; x_wconf 81' lang='grc' dir='ltr'><strong>τὸν</strong></span> <span class='ocrx_word' id='word_1_628' title='bbox 1626 4418 1772 4486; x_wconf 75' lang='grc' dir='ltr'>νοῦν,</span> <span class='ocrx_word' id='word_1_629' title='bbox 1793 4397 1865 4473; x_wconf 19' lang='grc' dir='ltr'><strong>νδι·</strong></span> 
     </span>
    </p>
   </div>
   <div class='ocr_carea' id='block_1_89' title="bbox 1970 4397 3579 4495">
    <p class='ocr_par' dir='ltr' id='par_1_89' title="bbox 1992 4397 3579 4487">
     <span class='ocr_line' id='line_1_89' title="bbox 1992 4397 3579 4487; baseline -0.016 -15"><span class='ocrx_word' id='word_1_630' title='bbox 1992 4414 2279 4487; x_wconf 89' lang='lat' dir='ltr'><strong>sequentia</strong></span> <span class='ocrx_word' id='word_1_631' title='bbox 2328 4412 2476 4466; x_wconf 89' lang='lat' dir='ltr'><strong>hunc</strong></span> <span class='ocrx_word' id='word_1_632' title='bbox 2507 4424 2731 4465; x_wconf 89' lang='lat' dir='ltr'><strong>sensum</strong></span> <span class='ocrx_word' id='word_1_633' title='bbox 2779 4405 3008 4469; x_wconf 88' lang='lat' dir='ltr'><strong>habent,</strong></span> <span class='ocrx_word' id='word_1_634' title='bbox 3045 4397 3364 4455; x_wconf 83' lang='lat' dir='ltr'><strong>admonitus</strong></span> <span class='ocrx_word' id='word_1_635' title='bbox 3409 4401 3496 4448; x_wconf 90' lang='lat' dir='ltr'><strong>est</strong></span> <span class='ocrx_word' id='word_1_636' title='bbox 3546 4404 3579 4445; x_wconf 85' lang='lat' dir='ltr'><strong>a</strong></span> 
     </span>
    </p>
   </div>
   <div class='ocr_carea' id='block_1_90' title="bbox 287 4490 1865 4588">
    <p class='ocr_par' dir='ltr' id='par_1_90' title="bbox 287 4490 1865 4585">
     <span class='ocr_line' id='line_1_90' title="bbox 287 4490 1865 4585; baseline 0.003 -21"><span class='ocrx_word' id='word_1_637' title='bbox 287 4510 561 4565; x_wconf 85' lang='grc' dir='ltr'>δάσκεται</span> <span class='ocrx_word' id='word_1_638' title='bbox 610 4512 761 4584; x_wconf 84' lang='grc' dir='ltr'><strong>παρά</strong></span> <span class='ocrx_word' id='word_1_639' title='bbox 794 4513 890 4567; x_wconf 78' lang='grc' dir='ltr'><strong>τοῦ</strong></span> <span class='ocrx_word' id='word_1_640' title='bbox 927 4490 1209 4568; x_wconf 60' lang='grc' dir='ltr'><strong>⁷Δεσπότου</strong></span> <span class='ocrx_word' id='word_1_641' title='bbox 1249 4490 1510 4578; x_wconf 64' lang='grc' dir='ltr'>Θεοῦ,ὼς</span> <span class='ocrx_word' id='word_1_642' title='bbox 1554 4516 1655 4569; x_wconf 88' lang='grc' dir='ltr'><strong>οὐκ</strong></span> <span class='ocrx_word' id='word_1_643' title='bbox 1677 4515 1865 4585; x_wconf 59' lang='grc' dir='ltr'>ἀνθρωη</span> 
     </span>
    </p>
   </div>
   <div class='ocr_carea' id='block_1_91' title="bbox 1970 4490 3575 4588">
    <p class='ocr_par' dir='ltr' id='par_1_91' title="bbox 1997 4490 3575 4573">
     <span class='ocr_line' id='line_1_91' title="bbox 1997 4490 3575 4573; baseline -0.018 -11"><span class='ocrx_word' id='word_1_644' title='bbox 1997 4507 2232 4561; x_wconf 91' lang='lat' dir='ltr'><strong>Domino</strong></span> <span class='ocrx_word' id='word_1_645' title='bbox 2255 4508 2361 4559; x_wconf 83' lang='lat' dir='ltr'><strong>Deo</strong></span> <span class='ocrx_word' id='word_1_646' title='bbox 2389 4503 2536 4557; x_wconf 88' lang='lat' dir='ltr'><strong>hunc</strong></span> <span class='ocrx_word' id='word_1_647' title='bbox 2564 4498 2827 4573; x_wconf 86' lang='lat' dir='ltr'><strong>populum</strong></span> <span class='ocrx_word' id='word_1_648' title='bbox 2850 4509 2960 4551; x_wconf 90' lang='lat' dir='ltr'><strong>non</strong></span> <span class='ocrx_word' id='word_1_649' title='bbox 2991 4493 3233 4548; x_wconf 89' lang='lat' dir='ltr'><strong>humana</strong></span> <span class='ocrx_word' id='word_1_650' title='bbox 3282 4490 3575 4554; x_wconf 79' lang='lat' dir='ltr'><strong>potestate,</strong></span> 
     </span>
    </p>
   </div>
   <div class='ocr_carea' id='block_1_92' title="bbox 294 4601 1886 4678">
    <p class='ocr_par' dir='ltr' id='par_1_92' title="bbox 294 4601 1886 4678">
     <span class='ocr_line' id='line_1_92' title="bbox 294 4601 1886 4678; baseline 0.005 -25"><span class='ocrx_word' id='word_1_651' title='bbox 294 4601 439 4676; x_wconf 83' lang='grc' dir='ltr'>πίνῃ</span> <span class='ocrx_word' id='word_1_652' title='bbox 462 4603 717 4675; x_wconf 81' lang='grc' dir='ltr'>δυνάμει,</span> <span class='ocrx_word' id='word_1_653' title='bbox 750 4605 873 4676; x_wconf 70' lang='grc' dir='ltr'>θεία</span> <span class='ocrx_word' id='word_1_654' title='bbox 899 4606 956 4659; x_wconf 80' lang='grc' dir='ltr'>δὲ</span> <span class='ocrx_word' id='word_1_655' title='bbox 997 4607 1181 4677; x_wconf 82' lang='grc' dir='ltr'>χάριτι</span> <span class='ocrx_word' id='word_1_656' title='bbox 1208 4607 1300 4660; x_wconf 89' lang='grc' dir='ltr'><strong>τὸν</strong></span> <span class='ocrx_word' id='word_1_657' title='bbox 1317 4607 1445 4660; x_wconf 85' lang='grc' dir='ltr'>λαὸν</span> <span class='ocrx_word' id='word_1_658' title='bbox 1475 4607 1717 4678; x_wconf 76' lang='grc' dir='ltr'>κυϐερνᾷ</span> <span class='ocrx_word' id='word_1_659' title='bbox 1738 4623 1752 4637; x_wconf 75' lang='grc' dir='ltr'><strong><em>ο</em></strong></span> <span class='ocrx_word' id='word_1_660' title='bbox 1781 4606 1886 4678; x_wconf 69' lang='grc' dir='ltr'><strong>εφη</strong></span> 
     </span>
    </p>
   </div>
   <div class='ocr_carea' id='block_1_93' title="bbox 291 4693 1887 4769">
    <p class='ocr_par' dir='ltr' id='par_1_93' title="bbox 291 4693 1887 4769">
     <span class='ocr_line' id='line_1_93' title="bbox 291 4693 1887 4769; baseline 0.004 -23"><span class='ocrx_word' id='word_1_661' title='bbox 291 4694 441 4765; x_wconf 82' lang='grc' dir='ltr'>γάρ·</span> <span class='ocrx_word' id='word_1_662' title='bbox 460 4696 775 4765; x_wconf 68' lang='grc' dir='ltr'>«Συνά-ταγὲ</span> <span class='ocrx_word' id='word_1_663' title='bbox 792 4714 883 4767; x_wconf 88' lang='grc' dir='ltr'><strong>μοι</strong></span> <span class='ocrx_word' id='word_1_664' title='bbox 905 4696 1288 4768; x_wconf 80' lang='grc' dir='ltr'>ἑϐδομήκοντα</span> <span class='ocrx_word' id='word_1_665' title='bbox 1316 4697 1519 4769; x_wconf 78' lang='grc' dir='ltr'>ἄνδρας</span> <span class='ocrx_word' id='word_1_666' title='bbox 1541 4714 1553 4726; x_wconf 93' lang='grc'><strong>·</strong></span> <span class='ocrx_word' id='word_1_667' title='bbox 1569 4718 1587 4749; x_wconf 74' lang='grc' dir='ltr'><strong>ι</strong></span> <span class='ocrx_word' id='word_1_668' title='bbox 1622 4693 1742 4752; x_wconf 73' lang='grc' dir='ltr'>εἶτα</span> <span class='ocrx_word' id='word_1_669' title='bbox 1768 4698 1887 4769; x_wconf 86' lang='grc' dir='ltr'>μετ’</span> 
     </span>
    </p>
   </div>
   <div class='ocr_carea' id='block_1_94' title="bbox 291 4786 1887 4861">
    <p class='ocr_par' dir='ltr' id='par_1_94' title="bbox 291 4786 1887 4861">
     <span class='ocr_line' id='line_1_94' title="bbox 291 4786 1887 4861; baseline 0.003 -22"><span class='ocrx_word' id='word_1_670' title='bbox 291 4786 461 4856; x_wconf 85' lang='grc' dir='ltr'>ὀλίγα</span> <span class='ocrx_word' id='word_1_671' title='bbox 483 4802 499 4818; x_wconf 75' lang='grc'><strong><em>⁸</em></strong></span> <span class='ocrx_word' id='word_1_672' title='bbox 536 4807 553 4840; x_wconf 80' lang='grc' dir='ltr'><strong>ι</strong></span> <span class='ocrx_word' id='word_1_673' title='bbox 587 4789 698 4841; x_wconf 78' lang='grc' dir='ltr'><strong>Καὶ</strong></span> <span class='ocrx_word' id='word_1_674' title='bbox 727 4788 912 4857; x_wconf 72' lang='grc' dir='ltr'>ἀφελῶ</span> <span class='ocrx_word' id='word_1_675' title='bbox 950 4788 1166 4843; x_wconf 80' lang='grc' dir='ltr'>ἀπὸτοῦ</span> <span class='ocrx_word' id='word_1_676' title='bbox 1188 4788 1507 4861; x_wconf 88' lang='grc' dir='ltr'>πνεύματος</span> <span class='ocrx_word' id='word_1_677' title='bbox 1527 4790 1622 4843; x_wconf 80' lang='grc' dir='ltr'>τοῦ</span> <span class='ocrx_word' id='word_1_678' title='bbox 1651 4791 1747 4843; x_wconf 74' lang='grc' dir='ltr'>ἐπὶ</span> <span class='ocrx_word' id='word_1_679' title='bbox 1782 4792 1887 4859; x_wconf 70' lang='grc' dir='ltr'>σοὶ,</span> 
     </span>
    </p>
   </div>
   <div class='ocr_carea' id='block_1_95' title="bbox 296 4876 1890 4953">
    <p class='ocr_par' dir='ltr' id='par_1_95' title="bbox 296 4876 1890 4953">
     <span class='ocr_line' id='line_1_95' title="bbox 296 4876 1890 4953; baseline 0.003 -22"><span class='ocrx_word' id='word_1_680' title='bbox 296 4876 399 4931; x_wconf 71' lang='grc' dir='ltr'>καὶ</span> <span class='ocrx_word' id='word_1_681' title='bbox 423 4877 670 4948; x_wconf 76' lang='grc' dir='ltr'>ἐπιθήσω</span> <span class='ocrx_word' id='word_1_682' title='bbox 700 4880 788 4931; x_wconf 76' lang='grc' dir='ltr'><strong>ἐπ’</strong></span> <span class='ocrx_word' id='word_1_683' title='bbox 819 4877 1018 4942; x_wconf 71' lang='grc' dir='ltr'>αὐτούς</span> <span class='ocrx_word' id='word_1_684' title='bbox 1043 4895 1058 4911; x_wconf 79' lang='grc' dir='ltr'><strong><em>ο</em></strong></span> <span class='ocrx_word' id='word_1_685' title='bbox 1102 4877 1199 4932; x_wconf 72' lang='grc' dir='ltr'><strong>καὶ</strong></span> <span class='ocrx_word' id='word_1_686' title='bbox 1239 4879 1715 4952; x_wconf 80' lang='grc' dir='ltr'>συναντιλήψομαι</span> <span class='ocrx_word' id='word_1_687' title='bbox 1749 4882 1890 4953; x_wconf 86' lang='grc' dir='ltr'><strong>μετά</strong></span> 
     </span>
    </p>
   </div>
   <div class='ocr_carea' id='block_1_96' title="bbox 297 4968 1889 5043">
    <p class='ocr_par' dir='ltr' id='par_1_96' title="bbox 297 4968 1889 5043">
     <span class='ocr_line' id='line_1_96' title="bbox 297 4968 1889 5043; baseline 0.002 -19"><span class='ocrx_word' id='word_1_688' title='bbox 297 4968 403 5025; x_wconf 80' lang='grc' dir='ltr'>σοῦ</span> <span class='ocrx_word' id='word_1_689' title='bbox 434 4970 531 5042; x_wconf 80' lang='grc' dir='ltr'>τὴν</span> <span class='ocrx_word' id='word_1_690' title='bbox 555 4971 734 5043; x_wconf 82' lang='grc' dir='ltr'>ὁρμὴν</span> <span class='ocrx_word' id='word_1_691' title='bbox 760 4970 855 5025; x_wconf 79' lang='grc' dir='ltr'>τοῦ</span> <span class='ocrx_word' id='word_1_692' title='bbox 887 4971 1022 5026; x_wconf 81' lang='grc' dir='ltr'>λαοῦ</span> <span class='ocrx_word' id='word_1_693' title='bbox 1059 4972 1279 5038; x_wconf 88' lang='grc' dir='ltr'>τούτου,</span> <span class='ocrx_word' id='word_1_694' title='bbox 1311 4972 1407 5027; x_wconf 77' lang='grc' dir='ltr'>καὶ</span> <span class='ocrx_word' id='word_1_695' title='bbox 1445 4974 1546 5028; x_wconf 82' lang='grc' dir='ltr'><strong>οὐκ</strong></span> <span class='ocrx_word' id='word_1_696' title='bbox 1590 4974 1759 5039; x_wconf 76' lang='grc' dir='ltr'>οἴσεις</span> <span class='ocrx_word' id='word_1_697' title='bbox 1790 4976 1889 5029; x_wconf 80' lang='grc' dir='ltr'>αὑ-</span> 
     </span>
    </p>
   </div>
   <div class='ocr_carea' id='block_1_97' title="bbox 295 5063 1896 5137">
    <p class='ocr_par' dir='ltr' id='par_1_97' title="bbox 295 5063 1896 5137">
     <span class='ocr_line' id='line_1_97' title="bbox 295 5063 1896 5137; baseline 0.002 -22"><span class='ocrx_word' id='word_1_698' title='bbox 295 5064 434 5126; x_wconf 81' lang='grc' dir='ltr'>τοὺς</span> <span class='ocrx_word' id='word_1_699' title='bbox 484 5064 550 5117; x_wconf 82' lang='grc' dir='ltr'><strong>σὺ</strong></span> <span class='ocrx_word' id='word_1_700' title='bbox 586 5063 777 5135; x_wconf 76' lang='grc' dir='ltr'>μόνοςο</span> <span class='ocrx_word' id='word_1_701' title='bbox 820 5084 839 5118; x_wconf 75' lang='grc' dir='ltr'><strong>ι</strong></span> <span class='ocrx_word' id='word_1_702' title='bbox 891 5063 1181 5137; x_wconf 82' lang='grc' dir='ltr'>μεμάθηκε</span> <span class='ocrx_word' id='word_1_703' title='bbox 1209 5064 1267 5119; x_wconf 81' lang='grc' dir='ltr'><strong>δὲ</strong></span> <span class='ocrx_word' id='word_1_704' title='bbox 1310 5064 1401 5119; x_wconf 84' lang='grc' dir='ltr'><strong>διὰ</strong></span> <span class='ocrx_word' id='word_1_705' title='bbox 1437 5065 1643 5121; x_wconf 90' lang='grc' dir='ltr'>τούτων</span> <span class='ocrx_word' id='word_1_706' title='bbox 1669 5066 1776 5120; x_wconf 85' lang='grc' dir='ltr'><strong>τῶν</strong></span> <span class='ocrx_word' id='word_1_707' title='bbox 1804 5066 1896 5119; x_wconf 87' lang='grc' dir='ltr'>λό-</span> 
     </span>
    </p>
   </div>
   <div class='ocr_carea' id='block_1_98' title="bbox 300 5156 1896 5230">
    <p class='ocr_par' dir='ltr' id='par_1_98' title="bbox 300 5156 1896 5230">
     <span class='ocr_line' id='line_1_98' title="bbox 300 5156 1896 5230; baseline 0.001 -21"><span class='ocrx_word' id='word_1_708' title='bbox 300 5173 423 5225; x_wconf 87' lang='grc' dir='ltr'>γων</span> <span class='ocrx_word' id='word_1_709' title='bbox 451 5158 480 5209; x_wconf 80' lang='grc' dir='ltr'><strong>ὁ</strong></span> <span class='ocrx_word' id='word_1_710' title='bbox 500 5156 799 5228; x_wconf 80' lang='grc' dir='ltr'>νομοθέτης</span> <span class='ocrx_word' id='word_1_711' title='bbox 840 5157 915 5221; x_wconf 85' lang='grc' dir='ltr'>ὡς</span> <span class='ocrx_word' id='word_1_712' title='bbox 947 5157 1278 5229; x_wconf 84' lang='grc' dir='ltr'>ἀποχρῶσαν</span> <span class='ocrx_word' id='word_1_713' title='bbox 1318 5157 1480 5211; x_wconf 73' lang='grc' dir='ltr'>ἔλαϐε</span> <span class='ocrx_word' id='word_1_714' title='bbox 1508 5159 1575 5229; x_wconf 78' lang='grc' dir='ltr'>τῇ</span> <span class='ocrx_word' id='word_1_715' title='bbox 1610 5158 1896 5230; x_wconf 76' lang='grc' dir='ltr'>οἰκονομίᾳ</span> 
     </span>
    </p>
   </div>
   <div class='ocr_carea' id='block_1_99' title="bbox 300 5245 1899 5320">
    <p class='ocr_par' dir='ltr' id='par_1_99' title="bbox 300 5245 1899 5320">
     <span class='ocr_line' id='line_1_99' title="bbox 300 5245 1899 5320; baseline -0.001 -17"><span class='ocrx_word' id='word_1_716' title='bbox 300 5252 407 5320; x_wconf 84' lang='grc' dir='ltr'>τὴν</span> <span class='ocrx_word' id='word_1_717' title='bbox 444 5248 636 5319; x_wconf 86' lang='grc' dir='ltr'>χάριν·</span> <span class='ocrx_word' id='word_1_718' title='bbox 666 5248 756 5301; x_wconf 83' lang='grc' dir='ltr'><strong>διὰ</strong></span> <span class='ocrx_word' id='word_1_719' title='bbox 808 5247 967 5302; x_wconf 77' lang='grc' dir='ltr'>τοῦτο</span> <span class='ocrx_word' id='word_1_720' title='bbox 994 5245 1148 5302; x_wconf 72' lang='grc' dir='ltr'>εἶπεν</span> <span class='ocrx_word' id='word_1_721' title='bbox 1166 5264 1179 5278; x_wconf 80' lang='grc'><strong><em>⁸</em></strong></span> <span class='ocrx_word' id='word_1_722' title='bbox 1222 5247 1436 5319; x_wconf 78' lang='grc' dir='ltr'>Ἀφελῶ</span> <span class='ocrx_word' id='word_1_723' title='bbox 1464 5249 1573 5302; x_wconf 86' lang='grc' dir='ltr'><strong>ἀπὸ</strong></span> <span class='ocrx_word' id='word_1_724' title='bbox 1600 5247 1715 5316; x_wconf 50' lang='grc' dir='ltr'>τοῦ,</span> <span class='ocrx_word' id='word_1_725' title='bbox 1734 5250 1899 5302; x_wconf 83' lang='grc' dir='ltr'>πνεύ-</span> 
     </span>
    </p>
   </div>
   <div class='ocr_carea' id='block_1_100' title="bbox 309 5338 1889 5412">
    <p class='ocr_par' dir='ltr' id='par_1_100' title="bbox 309 5338 1889 5412">
     <span class='ocr_line' id='line_1_100' title="bbox 309 5338 1889 5412; baseline -0.013 -5"><span class='ocrx_word' id='word_1_726' title='bbox 309 5339 482 5411; x_wconf 83' lang='grc' dir='ltr'>ματός</span> <span class='ocrx_word' id='word_1_727' title='bbox 510 5356 603 5393; x_wconf 86' lang='grc' dir='ltr'>σου</span> <span class='ocrx_word' id='word_1_728' title='bbox 628 5340 685 5392; x_wconf 79' lang='grc' dir='ltr'>ὲν</span> <span class='ocrx_word' id='word_1_729' title='bbox 711 5338 796 5392; x_wconf 78' lang='grc' dir='ltr'>σοι</span> <span class='ocrx_word' id='word_1_730' title='bbox 817 5354 829 5368; x_wconf 87' lang='grc'><em>’</em></span> <span class='ocrx_word' id='word_1_731' title='bbox 853 5339 914 5392; x_wconf 85' lang='grc' dir='ltr'><strong>οὐ</strong></span> <span class='ocrx_word' id='word_1_732' title='bbox 936 5338 1045 5411; x_wconf 85' lang='grc' dir='ltr'>γὰρ</span> <span class='ocrx_word' id='word_1_733' title='bbox 1070 5340 1344 5405; x_wconf 78' lang='grc' dir='ltr'>σπανίζων</span> <span class='ocrx_word' id='word_1_734' title='bbox 1365 5338 1561 5409; x_wconf 79' lang='grc' dir='ltr'>ἐτέρας</span> <span class='ocrx_word' id='word_1_735' title='bbox 1584 5338 1889 5412; x_wconf 72' lang='grc' dir='ltr'>δυνάμεως,</span> 
     </span>
    </p>
   </div>
   <div class='ocr_carea' id='block_1_101' title="bbox 383 5449 1637 5520">
    <p class='ocr_par' dir='ltr' id='par_1_101' title="bbox 383 5449 1637 5520">
     <span class='ocr_line' id='line_1_101' title="bbox 383 5449 1637 5520; baseline 0.002 -15"><span class='ocrx_word' id='word_1_736' title='bbox 383 5452 431 5483; x_wconf 84' lang='grc'>⁸³</span> <span class='ocrx_word' id='word_1_737' title='bbox 462 5449 627 5508; x_wconf 84' lang='grc' dir='ltr'>Νυιη.</span> <span class='ocrx_word' id='word_1_738' title='bbox 657 5468 736 5519; x_wconf 77' lang='lat' dir='ltr'><strong>x1,</strong></span> <span class='ocrx_word' id='word_1_739' title='bbox 768 5453 858 5519; x_wconf 86' lang='grc'><strong>11,</strong></span> <span class='ocrx_word' id='word_1_740' title='bbox 900 5452 987 5506; x_wconf 69' lang='grc'><strong>19..</strong></span> <span class='ocrx_word' id='word_1_741' title='bbox 1063 5452 1110 5485; x_wconf 80' lang='grc'><strong>⁸³</strong></span> <span class='ocrx_word' id='word_1_742' title='bbox 1135 5451 1300 5507; x_wconf 88' lang='lat' dir='ltr'><strong>Num.</strong></span> <span class='ocrx_word' id='word_1_743' title='bbox 1335 5468 1409 5520; x_wconf 71' lang='lat' dir='ltr'><strong>tu,</strong></span> <span class='ocrx_word' id='word_1_744' title='bbox 1437 5451 1637 5508; x_wconf 66' lang='grc' dir='ltr'>ιιι-εδ.</span> 
     </span>
    </p>
   </div>
   <div class='ocr_carea' id='block_1_102' title="bbox 1993 4580 3580 4672">
    <p class='ocr_par' dir='ltr' id='par_1_102' title="bbox 1993 4580 3580 4672">
     <span class='ocr_line' id='line_1_102' title="bbox 1993 4580 3580 4672; baseline -0.018 -15"><span class='ocrx_word' id='word_1_745' title='bbox 1993 4600 2089 4656; x_wconf 87' lang='lat' dir='ltr'><strong>sed</strong></span> <span class='ocrx_word' id='word_1_746' title='bbox 2131 4600 2307 4672; x_wconf 87' lang='lat' dir='ltr'><strong>gratia</strong></span> <span class='ocrx_word' id='word_1_747' title='bbox 2340 4596 2436 4651; x_wconf 89' lang='lat' dir='ltr'><strong>Dei</strong></span> <span class='ocrx_word' id='word_1_748' title='bbox 2469 4592 2802 4663; x_wconf 80' lang='lat' dir='ltr'><strong>gubernari;</strong></span> <span class='ocrx_word' id='word_1_749' title='bbox 2836 4589 2969 4644; x_wconf 86' lang='lat' dir='ltr'><strong>dicit</strong></span> <span class='ocrx_word' id='word_1_750' title='bbox 3015 4585 3165 4641; x_wconf 89' lang='lat' dir='ltr'><strong>enim</strong></span> <span class='ocrx_word' id='word_1_751' title='bbox 3197 4601 3210 4638; x_wconf 92' lang='lat'>:</span> <span class='ocrx_word' id='word_1_752' title='bbox 3252 4600 3269 4633; x_wconf 82' lang='grc' dir='ltr'><strong>ι</strong></span> <span class='ocrx_word' id='word_1_753' title='bbox 3298 4580 3580 4649; x_wconf 81' lang='lat' dir='ltr'><strong>Congrega</strong></span> 
     </span>
    </p>
   </div>
   <div class='ocr_carea' id='block_1_103' title="bbox 1994 4670 3583 4764">
    <p class='ocr_par' dir='ltr' id='par_1_103' title="bbox 1994 4670 3583 4764">
     <span class='ocr_line' id='line_1_103' title="bbox 1994 4670 3583 4764; baseline -0.02 -14"><span class='ocrx_word' id='word_1_754' title='bbox 1994 4670 2511 4764; x_wconf 41' lang='lat' dir='ltr'><strong>mihi—septuaginta</strong></span> <span class='ocrx_word' id='word_1_755' title='bbox 2532 4689 2703 4743; x_wconf 86' lang='lat' dir='ltr'><strong>viros.</strong></span> <span class='ocrx_word' id='word_1_756' title='bbox 2742 4705 2761 4738; x_wconf 72' lang='grc' dir='ltr'><strong>ι</strong></span> <span class='ocrx_word' id='word_1_757' title='bbox 2796 4680 3007 4738; x_wconf 90' lang='lat' dir='ltr'><strong>Deinde</strong></span> <span class='ocrx_word' id='word_1_758' title='bbox 3041 4679 3208 4749; x_wconf 90' lang='lat' dir='ltr'><strong>paulo</strong></span> <span class='ocrx_word' id='word_1_759' title='bbox 3238 4681 3402 4745; x_wconf 86' lang='lat' dir='ltr'><strong>post:</strong></span> <span class='ocrx_word' id='word_1_760' title='bbox 3441 4670 3583 4724; x_wconf 71' lang='lat' dir='ltr'><strong>«Au-</strong></span> 
     </span>
    </p>
   </div>
   <div class='ocr_carea' id='block_1_104' title="bbox 1994 4765 3586 4855">
    <p class='ocr_par' dir='ltr' id='par_1_104' title="bbox 1994 4765 3586 4855">
     <span class='ocr_line' id='line_1_104' title="bbox 1994 4765 3586 4855; baseline -0.018 -11"><span class='ocrx_word' id='word_1_761' title='bbox 1994 4788 2167 4845; x_wconf 87' lang='lat' dir='ltr'><strong>feram</strong></span> <span class='ocrx_word' id='word_1_762' title='bbox 2202 4787 2270 4841; x_wconf 89' lang='lat' dir='ltr'><strong>de</strong></span> <span class='ocrx_word' id='word_1_763' title='bbox 2299 4784 2499 4855; x_wconf 86' lang='lat' dir='ltr'><strong>spiritu</strong></span> <span class='ocrx_word' id='word_1_764' title='bbox 2553 4778 2649 4852; x_wconf 89' lang='lat' dir='ltr'><strong>qui</strong></span> <span class='ocrx_word' id='word_1_765' title='bbox 2689 4786 2776 4833; x_wconf 89' lang='lat' dir='ltr'><strong>est</strong></span> <span class='ocrx_word' id='word_1_766' title='bbox 2818 4777 2874 4831; x_wconf 89' lang='lat' dir='ltr'><strong>in</strong></span> <span class='ocrx_word' id='word_1_767' title='bbox 2912 4783 2986 4840; x_wconf 93' lang='lat' dir='ltr'><strong>te,</strong></span> <span class='ocrx_word' id='word_1_768' title='bbox 3028 4771 3352 4838; x_wconf 84' lang='lat' dir='ltr'><strong>tradamque</strong></span> <span class='ocrx_word' id='word_1_769' title='bbox 3395 4765 3500 4828; x_wconf 87' lang='lat' dir='ltr'><strong>eis,</strong></span> <span class='ocrx_word' id='word_1_770' title='bbox 3529 4770 3586 4816; x_wconf 85' lang='lat' dir='ltr'><strong>et</strong></span> 
     </span>
    </p>
   </div>
   <div class='ocr_carea' id='block_1_105' title="bbox 1996 4856 3584 4942">
    <p class='ocr_par' dir='ltr' id='par_1_105' title="bbox 1996 4856 3584 4942">
     <span class='ocr_line' id='line_1_105' title="bbox 1996 4856 3584 4942; baseline -0.015 -9"><span class='ocrx_word' id='word_1_771' title='bbox 1996 4877 2318 4933; x_wconf 81' lang='lat' dir='ltr'><strong>sustentabo</strong></span> <span class='ocrx_word' id='word_1_772' title='bbox 2342 4882 2523 4930; x_wconf 87' lang='lat' dir='ltr'><strong>tecum</strong></span> <span class='ocrx_word' id='word_1_773' title='bbox 2550 4886 2692 4927; x_wconf 91' lang='lat' dir='ltr'><strong>onus</strong></span> <span class='ocrx_word' id='word_1_774' title='bbox 2717 4867 2901 4942; x_wconf 89' lang='lat' dir='ltr'><strong>populi</strong></span> <span class='ocrx_word' id='word_1_775' title='bbox 2928 4864 3112 4934; x_wconf 84' lang='lat' dir='ltr'><strong>hujus,</strong></span> <span class='ocrx_word' id='word_1_776' title='bbox 3135 4872 3188 4917; x_wconf 91' lang='lat' dir='ltr'><strong>et</strong></span> <span class='ocrx_word' id='word_1_777' title='bbox 3216 4876 3325 4915; x_wconf 91' lang='lat' dir='ltr'><strong>non</strong></span> <span class='ocrx_word' id='word_1_778' title='bbox 3346 4866 3404 4913; x_wconf 92' lang='lat' dir='ltr'><strong>tu</strong></span> <span class='ocrx_word' id='word_1_779' title='bbox 3431 4856 3584 4912; x_wconf 88' lang='lat' dir='ltr'><strong>solus</strong></span> 
     </span>
    </p>
   </div>
   <div class='ocr_carea' id='block_1_106' title="bbox 1997 4954 3584 5042">
    <p class='ocr_par' dir='ltr' id='par_1_106' title="bbox 1997 4954 3584 5042">
     <span class='ocr_line' id='line_1_106' title="bbox 1997 4954 3584 5042; baseline -0.014 -15"><span class='ocrx_word' id='word_1_780' title='bbox 1997 4969 2242 5042; x_wconf 86' lang='lat' dir='ltr'><strong>graveris</strong></span> <span class='ocrx_word' id='word_1_781' title='bbox 2270 4969 2338 5021; x_wconf 85' lang='grc'><strong>⁸³.</strong></span> <span class='ocrx_word' id='word_1_782' title='bbox 2398 4986 2419 5020; x_wconf 67' lang='grc' dir='ltr'><strong>ι</strong></span> <span class='ocrx_word' id='word_1_783' title='bbox 2473 4964 2571 5021; x_wconf 83' lang='lat' dir='ltr'><strong>His</strong></span> <span class='ocrx_word' id='word_1_784' title='bbox 2626 4964 2810 5020; x_wconf 89' lang='lat' dir='ltr'><strong>verbis</strong></span> <span class='ocrx_word' id='word_1_785' title='bbox 2866 4957 3130 5030; x_wconf 85' lang='lat' dir='ltr'><strong>cognovit</strong></span> <span class='ocrx_word' id='word_1_786' title='bbox 3177 4954 3465 5025; x_wconf 88' lang='lat' dir='ltr'><strong>legislator</strong></span> <span class='ocrx_word' id='word_1_787' title='bbox 3523 4965 3584 5004; x_wconf 84' lang='lat' dir='ltr'><strong>se</strong></span> 
     </span>
    </p>
   </div>
   <div class='ocr_carea' id='block_1_107' title="bbox 1997 5045 3581 5124">
    <p class='ocr_par' dir='ltr' id='par_1_107' title="bbox 1997 5045 3581 5124">
     <span class='ocr_line' id='line_1_107' title="bbox 1997 5045 3581 5124; baseline -0.014 -3"><span class='ocrx_word' id='word_1_788' title='bbox 1997 5065 2359 5121; x_wconf 81' lang='lat' dir='ltr'><strong>sufﬁcientem</strong></span> <span class='ocrx_word' id='word_1_789' title='bbox 2416 5062 2525 5115; x_wconf 85' lang='lat' dir='ltr'><strong>vim</strong></span> <span class='ocrx_word' id='word_1_790' title='bbox 2578 5053 3031 5115; x_wconf 81' lang='lat' dir='ltr'><strong>administranda:</strong></span> <span class='ocrx_word' id='word_1_791' title='bbox 3076 5049 3226 5124; x_wconf 89' lang='lat' dir='ltr'><strong>genti</strong></span> <span class='ocrx_word' id='word_1_792' title='bbox 3279 5045 3581 5116; x_wconf 84' lang='lat' dir='ltr'><strong>accepisse.</strong></span> 
     </span>
    </p>
   </div>
   <div class='ocr_carea' id='block_1_108' title="bbox 1999 5138 3586 5227">
    <p class='ocr_par' dir='ltr' id='par_1_108' title="bbox 1999 5138 3586 5227">
     <span class='ocr_line' id='line_1_108' title="bbox 1999 5138 3586 5227; baseline -0.017 -13"><span class='ocrx_word' id='word_1_793' title='bbox 1999 5158 2346 5227; x_wconf 81' lang='lat' dir='ltr'><strong>Quapmpter</strong></span> <span class='ocrx_word' id='word_1_794' title='bbox 2374 5154 2579 5209; x_wconf 91' lang='lat' dir='ltr'><strong>dictum</strong></span> <span class='ocrx_word' id='word_1_795' title='bbox 2615 5158 2737 5205; x_wconf 89' lang='lat' dir='ltr'><strong>erat</strong></span> <span class='ocrx_word' id='word_1_796' title='bbox 2767 5166 2781 5204; x_wconf 91' lang='lat'><strong>:</strong></span> <span class='ocrx_word' id='word_1_797' title='bbox 2831 5145 3094 5202; x_wconf 84' lang='lat' dir='ltr'><strong>Auferam</strong></span> <span class='ocrx_word' id='word_1_798' title='bbox 3151 5142 3220 5196; x_wconf 90' lang='lat' dir='ltr'><strong>de</strong></span> <span class='ocrx_word' id='word_1_799' title='bbox 3258 5138 3457 5210; x_wconf 91' lang='lat' dir='ltr'><strong>spiritu</strong></span> <span class='ocrx_word' id='word_1_800' title='bbox 3488 5143 3586 5189; x_wconf 91' lang='lat' dir='ltr'><strong>tuo</strong></span> 
     </span>
    </p>
   </div>
   <div class='ocr_carea' id='block_1_109' title="bbox 1999 5229 3581 5316">
    <p class='ocr_par' dir='ltr' id='par_1_109' title="bbox 1999 5229 3581 5316">
     <span class='ocr_line' id='line_1_109' title="bbox 1999 5229 3581 5316; baseline -0.018 -11"><span class='ocrx_word' id='word_1_801' title='bbox 1999 5251 2056 5305; x_wconf 91' lang='lat' dir='ltr'><strong>in</strong></span> <span class='ocrx_word' id='word_1_802' title='bbox 2096 5258 2169 5315; x_wconf 89' lang='lat' dir='ltr'><strong>te,</strong></span> <span class='ocrx_word' id='word_1_803' title='bbox 2205 5262 2314 5301; x_wconf 91' lang='lat' dir='ltr'><strong>non</strong></span> <span class='ocrx_word' id='word_1_804' title='bbox 2342 5244 2489 5316; x_wconf 88' lang='lat' dir='ltr'><strong>quod</strong></span> <span class='ocrx_word' id='word_1_805' title='bbox 2539 5243 2679 5298; x_wconf 88' lang='lat' dir='ltr'><strong>Deus</strong></span> <span class='ocrx_word' id='word_1_806' title='bbox 2727 5249 2954 5295; x_wconf 80' lang='lat' dir='ltr'><strong>externa</strong></span> <span class='ocrx_word' id='word_1_807' title='bbox 2998 5234 3241 5307; x_wconf 91' lang='lat' dir='ltr'><strong>potentia</strong></span> <span class='ocrx_word' id='word_1_808' title='bbox 3292 5229 3581 5297; x_wconf 85' lang='lat' dir='ltr'><strong>indigeret,</strong></span> 
     </span>
    </p>
   </div>
   <div class='ocr_carea' id='block_1_110' title="bbox 2002 5323 3579 5403">
    <p class='ocr_par' dir='ltr' id='par_1_110' title="bbox 2002 5323 3579 5403">
     <span class='ocr_line' id='line_1_110' title="bbox 2002 5323 3579 5403; baseline -0.019 -7"><span class='ocrx_word' id='word_1_809' title='bbox 2002 5355 2188 5396; x_wconf 88' lang='lat' dir='ltr'><strong>verum</strong></span> <span class='ocrx_word' id='word_1_810' title='bbox 2220 5338 2300 5395; x_wconf 88' lang='lat' dir='ltr'><strong>sic</strong></span> <span class='ocrx_word' id='word_1_811' title='bbox 2328 5336 2543 5393; x_wconf 90' lang='lat' dir='ltr'><strong>locutus</strong></span> <span class='ocrx_word' id='word_1_812' title='bbox 2568 5341 2653 5391; x_wconf 88' lang='lat' dir='ltr'><strong>cst</strong></span> <span class='ocrx_word' id='word_1_813' title='bbox 2673 5342 2733 5386; x_wconf 87' lang='lat' dir='ltr'><strong>ut</strong></span> <span class='ocrx_word' id='word_1_814' title='bbox 2753 5330 2974 5403; x_wconf 80' lang='lat' dir='ltr'><strong>Moysen</strong></span> <span class='ocrx_word' id='word_1_815' title='bbox 3002 5328 3237 5384; x_wconf 88' lang='lat' dir='ltr'><strong>doceret</strong></span> <span class='ocrx_word' id='word_1_816' title='bbox 3260 5323 3579 5377; x_wconf 79' lang='lat' dir='ltr'><strong>concessam</strong></span> 
     </span>
    </p>
   </div>
   <div class='ocr_carea' id='block_1_111' title="bbox 1828 5540 2063 5600">
    <p class='ocr_par' dir='ltr' id='par_1_111' title="bbox 1828 5540 2063 5600">
     <span class='ocr_line' id='line_1_111' title="bbox 1828 5540 2063 5600; baseline -0.004 -2"><span class='ocrx_word' id='word_1_817' title='bbox 1828 5540 2063 5600; x_wconf 67' lang='lat' dir='ltr'><strong>NOTAE.</strong></span> 
     </span>
    </p>
   </div>
   <div class='ocr_carea' id='block_1_112' title="bbox 387 5620 3576 5712">
    <p class='ocr_par' dir='ltr' id='par_1_112' title="bbox 387 5620 3576 5712">
     <span class='ocr_line' id='line_1_112' title="bbox 387 5620 3576 5712; baseline -0.007 -18"><span class='ocrx_word' id='word_1_818' title='bbox 387 5640 502 5712; x_wconf 78' lang='lat'><strong>(75)</strong></span> <span class='ocrx_word' id='word_1_819' title='bbox 531 5641 659 5697; x_wconf 82' lang='lat' dir='ltr'><strong>Haec</strong></span> <span class='ocrx_word' id='word_1_820' title='bbox 690 5638 1201 5712; x_wconf 70' lang='lat' dir='ltr'><strong>qo_:estio_deest__i_n</strong></span> <span class='ocrx_word' id='word_1_821' title='bbox 1245 5636 1777 5712; x_wconf 32' lang='lat' dir='ltr'><strong>codt_I._ACoisliniano</strong></span> <span class='ocrx_word' id='word_1_822' title='bbox 1816 5644 1868 5691; x_wconf 90' lang='lat' dir='ltr'><strong>et</strong></span> <span class='ocrx_word' id='word_1_823' title='bbox 1906 5632 2360 5704; x_wconf 55' lang='lat' dir='ltr'><strong>Taurinenshet</strong></span> <span class='ocrx_word' id='word_1_824' title='bbox 2386 5632 2500 5706; x_wconf 84' lang='lat' dir='ltr'><strong>ipsa</strong></span> <span class='ocrx_word' id='word_1_825' title='bbox 2526 5645 2746 5703; x_wconf 86' lang='lat' dir='ltr'><strong>quoque</strong></span> <span class='ocrx_word' id='word_1_826' title='bbox 2763 5645 2829 5687; x_wconf 83' lang='lat' dir='ltr'><strong>ex</strong></span> <span class='ocrx_word' id='word_1_827' title='bbox 2883 5625 3224 5683; x_wconf 87' lang='lat' dir='ltr'><strong>Theodorcto</strong></span> <span class='ocrx_word' id='word_1_828' title='bbox 3289 5620 3576 5688; x_wconf 83' lang='lat' dir='ltr'><strong>desumpta</strong></span> 
     </span>
    </p>
   </div>
   <div class='ocr_carea' id='block_1_113' title="bbox 327 5707 1476 5783">
    <p class='ocr_par' dir='ltr' id='par_1_113' title="bbox 327 5707 1476 5783">
     <span class='ocr_line' id='line_1_113' title="bbox 327 5707 1476 5783; baseline -0.006 -14"><span class='ocrx_word' id='word_1_829' title='bbox 327 5707 415 5769; x_wconf 76' lang='lat' dir='ltr'><strong>est</strong></span> <span class='ocrx_word' id='word_1_830' title='bbox 450 5729 505 5783; x_wconf 87' lang='lat' dir='ltr'><strong>q.</strong></span> <span class='ocrx_word' id='word_1_831' title='bbox 542 5712 609 5767; x_wconf 88' lang='grc'><strong>18</strong></span> <span class='ocrx_word' id='word_1_832' title='bbox 643 5707 889 5768; x_wconf 81' lang='lat' dir='ltr'><strong>inNum.</strong></span> <span class='ocrx_word' id='word_1_833' title='bbox 926 5707 991 5765; x_wconf 89' lang='lat' dir='ltr'><strong>T.</strong></span> <span class='ocrx_word' id='word_1_834' title='bbox 1016 5708 1230 5776; x_wconf 70' lang='lat' dir='ltr'><strong>LXXX,</strong></span> <span class='ocrx_word' id='word_1_835' title='bbox 1257 5724 1310 5781; x_wconf 87' lang='lat' dir='ltr'><strong>p.</strong></span> <span class='ocrx_word' id='word_1_836' title='bbox 1353 5707 1476 5764; x_wconf 82' lang='grc'><strong>570.</strong></span> 
     </span>
    </p>
   </div>
  </div>
