3854 6216
393 236 531 303 1107

1551 240 1817 305 ΡΗΟἸῚΙ
1841 236 2350 303 ΡΑΤΒῙΑΒΩΗᾸΕ
2379 239 2489 301 CP.

3512 237 3645 304 1108

387 353 439 409 ei
487 350 657 407 fuisse
682 349 793 407 vim
840 363 964 420 quae
991 348 1062 405 ad
1100 362 1262 405 usum
1311 346 1713 421 suppeditaret.
1745 347 1965 403 Etenim

2085 345 2186 400 m'
2219 348 2427 400 ἐκεῖνον
2455 343 2730 398 διδάσκων
2762 343 2840 407 ὡς
2870 342 3086 414 εἰλήφει
3122 341 3353 413 δύναμιν
3378 345 3640 416 ἀρκοῦσαν

389 443 735 516 septuaginta
766 438 903 496 viris
931 439 1092 508 dans,
1135 455 1245 495 non
1287 441 1490 495 minuit
1537 439 1687 494 illius
1717 441 1972 510 gratiam,

391 546 452 593 ut
481 552 549 591 ex
579 543 778 591 eventu
821 541 1058 590 constat.
1092 532 1298 589 Eadem
1337 532 1484 589 enim
1535 540 1593 589 et
1641 533 1873 603 imperio
1917 541 1973 587 et

391 622 678 680 miraculis
703 622 998 694 peragebat
1023 637 1189 693 quam
1226 632 1407 679 antea.
1438 622 1596 690 Quod
1619 635 1674 680 et
1698 637 1799 679 nos
1830 638 1969 694 quo-

392 716 527 771 tidie
557 716 706 771 idem
737 715 855 770 ﬁeri
878 715 1150 771 videmus.
1185 714 1340 770 Multi
1363 716 1509 770 enim
1538 716 1608 771 ab
1643 730 1754 770 uno
1787 730 1974 771 sacer-

388 807 516 863 dote
562 807 864 878 baptizati,
921 807 1016 861 alii
1066 823 1287 863 summo
1308 807 1593 863 sacerdote
1627 807 1971 874 consecrati,

390 915 701 971 munusque
760 899 1011 955 divinum
1066 900 1432 971 accipientes,
1491 900 1721 956 minime
1776 899 1963 957 dantis

391 993 644 1049 minuunt
666 993 925 1065 gratiam,
952 1005 1006 1049 et
1031 992 1133 1064 ipsi
1157 993 1359 1047 donum
1385 993 1647 1048 eximium
1671 992 1967 1063 accipiunt.

390 1084 506 1142 lloc
539 1094 772 1142 testatur
798 1087 914 1157 ipse
946 1086 1214 1143 Dominus
1248 1085 1394 1139 servi
1425 1086 1511 1141 sui
1540 1083 1828 1157 suﬂragio,
1880 1084 1968 1142 cui

388 1180 565 1236 dixit:
603 1199 622 1232 ι
658 1180 945 1252 Cougrega
973 1193 1115 1250 quos
1144 1186 1203 1233 tu
1231 1176 1400 1233 nosti.
1430 1195 1451 1228 ι

459 1461 788 1529 ρυιΕΒΤΙΟ
824 1462 1171 1520 CCLXXVII.
1205 1462 1396 1537 [CoisL
1432 1461 1684 1533 CCXCll,
1710 1464 1881 1522 Taur.

1006 1556 1360 1629 ccr.xxxr.1

388 1648 497 1704 Cur
544 1650 928 1720 prwscripserit
966 1648 1102 1720 Deus
1137 1649 1494 1720 factiosorum?
1538 1650 1810 1705 tlmribula
1862 1652 1968 1705 cir-

754 1718 875 1774 eum
937 1718 1108 1774 altare
1140 1718 1420 1774 distribui
1460 1719 1625 1792 (76)?

2075 440 2144 510 τῇ
2174 437 2354 509 χρείᾳ,
2379 436 2538 491 τοῦτο
2565 436 2672 507 ἔφη
2699 450 2715 466 °
2746 435 2828 489 ὃτι
2860 433 2968 505 γὰρ
2997 435 3094 488 καὶ
3136 436 3252 499 τοῖς
3281 434 3641 508 ἐϐδομήκοντα

2075 530 2221 595 δοὺς,
2268 531 2370 583 οὐκ
2419 529 2653 602 ἐμείωσε
2678 526 2868 583 τούτου
2900 527 3001 600 τὴν
3033 526 3217 599 χάριν,
3244 528 3312 582 τά
3350 529 3641 600 πράγματα

2080 624 2355 693 μαρτυρεῖ
2374 638 2390 655 ο
2420 622 2487 676 τὰ
2516 620 2656 675 αὐτὰ
2683 619 2794 693 γὰρ
2838 620 2935 674 καὶ
2962 619 3263 688 οἰκονομῶν
3302 622 3395 673 καὶ
3440 621 3641 692 θαυμα-

2072 712 2322 783 τουργῶν
2342 711 2566 766 διετέλει
2586 711 2622 766 ά
2649 712 2744 766 καὶ
2768 713 3035 784 πρότερον
3052 724 3068 741 ·
3095 710 3251 765 τοῦτο
3278 713 3371 765 καὶ
3401 713 3493 767 νῦν
3513 716 3643 786 ὁρῶ-

2076 820 2179 876 μεν
2199 805 2484 876 γινόμενον
2505 823 2518 836 ο
2544 805 2729 859 πολλοὶ
2750 806 2858 876 γὰρ
2881 804 2986 859 ὑπὸ
3008 803 3127 869 ἐνὸς
3149 804 3433 875 ἀνθρώπου
3463 807 3641 877 ἱερέως

2074 895 2483 969 βαπτιζόμενοι,
2517 896 2667 953 ἄλλοι
2701 898 2758 951 δὲ
2803 897 2954 969 παρὰ
2986 897 3289 969 ἀρχιερέως
3316 898 3641 967 χειροτονού-

2076 1006 2249 1059 μενοι,
2277 991 2372 1043 καὶ
2402 989 2501 1062 τὴν
2531 990 2683 1044 θείαν
2703 990 2987 1060 δεχόμενοι
3010 989 3241 1059 δωρεὰν,
3269 989 3392 1043 οὔτε
3423 990 3644 1062 σμικρύ-

2072 1099 2223 1136 νουσι
2244 1083 2339 1137 τοῦ
2375 1083 2696 1155 μεταδόντος
2720 1082 2820 1154 τὴν
2842 1082 3024 1154 χάριν,
3052 1083 3150 1135 καὶ
3178 1084 3333 1136 αὐτοὶ
3356 1082 3417 1136 τὸ
3448 1082 3643 1135 τέλειον

2070 1172 2349 1243 δέχονται·
2385 1174 2784 1248 μεμαρτύρηκε
2822 1174 3009 1246 μέντοι
3053 1176 3081 1228 ὁ
3115 1174 3394 1245 Δεσπότης
3458 1172 3549 1227 καὶ
3579 1176 3641 1245 τῇ

2068 1265 2165 1319 τοῦ
2188 1266 2519 1337 θεράποντος
2577 1269 2749 1341 ψήφῳ
2778 1283 2792 1298 °
2818 1268 2924 1341 ἔφη
2955 1268 3065 1338 γὰρ
3110 1265 3289 1337 αὐτῷ·
3331 1285 3351 1319 ι
3398 1264 3644 1330 Ἔκλεξαι

2070 1355 2165 1421 οὓς
2195 1354 2364 1426 οἶδας.
2402 1379 2422 1414 ι

2595 1474 2936 1530 ΕΡΩΤΗΣΙΣ
2973 1468 3140 1526 ΣΟΖ’.

2073 1654 2235 1708 Διατί
2288 1650 2668 1722 προσέταξεν
2692 1653 2726 1705 ὀ
2773 1649 2918 1722 Θεὸς
2977 1648 3072 1722 τὰ-
3101 1645 3222 1722 τῶν
3270 1645 3648 1722 στασιαστῶν

2180 1716 2395 1792 πυρεῖα
2415 1722 2496 1789 τῷ
2508 1716 2918 1790 θυσιαστηρίῳ
2938 1717 3217 1789 γενέσθαι
3238 1716 3550 1786 περίθεμα;

945 1832 1081 1882 Edita
1109 1846 1137 1882 a
1170 1832 1295 1883 Maio
1329 1832 1385 1896 (1.
1420 1847 1464 1884 c.
1496 1848 1548 1897 p.
1583 1833 1694 1895 158,
1728 1833 1839 1896 159,
1871 1849 1920 1898 q.
1943 1834 2076 1901 287).
2109 1862 2172 1872 —
2207 1837 2502 1900 Explanatio
2529 1837 2575 1885 in
2600 1835 2745 1885 Num.
2780 1848 2881 1895 xw,
2910 1833 2968 1882 57
2993 1844 3101 1894 seq.

466 1912 536 1970 Ut
560 1921 885 1985 coargueret
920 1922 1125 1970 temere
1156 1916 1426 1973 adversus
1469 1918 1836 1973 sacerdotium
1884 1920 1973 1974 in-

386 2015 577 2077 evpta,
641 2020 846 2077 eosque
910 2006 1267 2062 confirmaret
1348 2008 1442 2079 qui
1514 2010 1690 2065 sacris
1749 2026 1973 2081 operam

388 2100 613 2154 dabant.
643 2096 760 2153 Hoc
784 2099 928 2154 enim
953 2099 1129 2154 edixit
1160 2118 1173 2154 :
1204 2119 1223 2152 ι
1251 2099 1555 2157 Cemmone
1580 2102 1722 2158 ﬁlios
1745 2103 1968 2170 Israel,»

388 2202 445 2247 et
478 2190 710 2260 reliqua.
743 2190 1111 2258 Quamobrem
1144 2193 1513 2261 germinatam
1548 2193 1733 2247 Aaron
1765 2194 1974 2265 virgam

390 2282 651 2338 collocari
706 2281 761 2335 in
818 2296 945 2336 arca
991 2282 1270 2353 praecepit,
1320 2294 1376 2339 et
1422 2299 1617 2340 rursus
1663 2288 1974 2342 sacerdotes

390 2391 547 2430 sacra
576 2373 779 2438 facere,
813 2384 867 2429 et
890 2373 1110 2429 Levitas
1140 2375 1220 2430 eis
1270 2375 1717 2440 subministrare,
1761 2389 1863 2430 nec
1904 2376 1975 2431 ad

391 2470 586 2535 altare,
627 2482 732 2523 nec
762 2468 830 2522 ad
862 2482 1021 2522 sacra
1068 2467 1332 2523 accedere
1369 2483 1521 2526 vasa.
1562 2468 1770 2526 Deinde
1815 2468 1976 2526 docet

390 2576 516 2631 quae
573 2559 955 2617 sacerdotibus
996 2559 1145 2615 dono
1192 2561 1476 2616 darentur.
1537 2562 1767 2619 Oblatas
1823 2562 1975 2618 enim

393 2652 668 2724 primitias
696 2651 879 2721 panis,
915 2659 970 2708 et
1002 2651 1141 2719 vini,
1170 2660 1226 2707 et
1254 2652 1384 2719 olei,
1416 2661 1471 2708 et
1502 2653 1610 2708 cibi
1657 2668 1754 2710 eos
1791 2668 1979 2711 come-

393 2745 525 2801 dere
587 2744 968 2816 praescripsit,
1028 2753 1084 2800 et
1139 2744 1245 2800 alia
1319 2760 1662 2817 qumcunque
1722 2746 1977 2804 donaria.

395 2838 708 2908 Posteaque
757 2837 1052 2895 decrevit:
1106 2856 1125 2891 ι
1156 2836 1268 2893 Pro
1329 2839 1695 2910 primogenita
1749 2840 1983 2895 immun-

397 2932 596 2987 dorum
668 2930 995 2987 animalium
1067 2932 1309 3002 pretium
1370 2947 1493 2987 esse
1562 2932 1715 2987 siclis
1770 2933 1981 3003 argenti

395 3022 666 3092 quinque,
699 3023 946 3093 pondere
970 3022 1299 3090 sanctuarii,
1331 3022 1503 3077 siclus
1555 3022 1751 3093 viginti
1789 3024 1982 3079 obolos

2147 1922 2242 1985 Είς
2268 1921 2490 1991 ἔλεγχον
2517 1919 2625 1972 τῶν
2669 1918 2810 1973 κατὰ
2841 1920 2940 1991 τῆς
2981 1917 3291 1990 ἱερωσύνης
3325 1916 3649 1986 θρασυνομέ-

2074 2030 2202 2076 νων,
2255 2013 2351 2067 καὶ⁵
2403 2013 2697 2083 βεϐαίωσιν
2749 2010 2862 2065 τῶν
2916 2011 3226 2082 ἱερουργεῖν
3275 2008 3645 2079 τεταγμένων·

2074 2100 2235 2154 τοῦτο
2300 2100 2410 2172 γὰρ
2479 2101 2729 2172 ἐπήγαγε
2761 2114 2776 2129 '
2842 2116 2862 2152 ι
2926 2098 3297 2171 Μνημόσυνον
3363 2100 3476 2161 τοῖς
3526 2099 3649 2160 υἱοῖς

2087 2194 2304 2267 Ἰσραὴλ
2328 2237 2345 2259 ,
2383 2213 2404 2246 ι
2432 2197 2528 2248 καὶ
2556 2192 2717 2265 ἐξῆς·
2747 2191 2941 2247 τούτου
2982 2192 3146 2265 χάριν
3177 2191 3279 2246 καὶ
3296 2189 3398 2261 τὴν
3431 2189 3651 2260 βλαστή-

2077 2305 2251 2343 σασαν
2278 2286 2374 2341 τοῦ
2428 2285 2639 2358 Ἀαρὼν
2675 2285 2873 2357 ῥάϐδον
2925 2284 3214 2356 ἐντεθῆναι
3268 2282 3562 2355 προσέταξε
3590 2284 3649 2354 τῇ

2077 2378 2329 2450 κιϐωτῷο
2379 2379 2476 2434 καὶ
2520 2380 2683 2433 πάλιν
2739 2376 3103 2447 ἐνομοθέτησε
3154 2376 3291 2439 τοὺς
3333 2376 3432 2447 μέν
3482 2374 3648 2446 ἱερέας

2080 2472 2408 2543 ἱερουργεῖν,
2452 2471 2581 2535 τοὺς
2621 2469 2680 2524 δὲ
2725 2469 2959 2533 Λευῖτας
3011 2468 3354 2538 ὑπουργεῖν,
3405 2468 3538 2538 μήτε
3583 2464 3651 2537 τῷ

2079 2565 2452 2636 θυσιαστηρίῳ
2494 2565 2630 2635 μήτε
2651 2565 2764 2627 τοῖς
2801 2563 2966 2635 ἱεροῖς
2995 2562 3341 2627 πελάζοντας
3378 2559 3647 2614 σκεύεσιν·

2078 2653 2197 2712 εἶτα
2211 2658 2452 2713 διδάσκει
2474 2659 2569 2711 καὶ
2585 2657 2706 2712 τίνα
2725 2656 2833 2728 χρὴ
2851 2656 2979 2720 τοὺς
3010 2656 3196 2727 ἱερέας
3218 2656 3513 2728 λαμϐάνειν
3530 2671 3543 2684 ·
3563 2653 3652 2718 τὰς

2080 2750 2188 2820 γὰρ
2222 2750 2372 2821 αὐτῷ
2420 2748 2873 2821 προσφερομένας
2904 2751 3161 2821 ἀπαρχὰς
3208 2749 3360 2803 σίτου
3390 2748 3481 2802 καὶ
3519 2746 3651 2800 οίνον

2081 2842 2178 2896 καὶ
2224 2840 2406 2896 ἐλαίου
2438 2843 2533 2895 καὶ
2588 2841 2791 2914 ἄρτων,
2834 2841 3032 2906 αὐτοὺς
3085 2840 3296 2897 ἐσθίειν
3347 2837 3651 2913 προσέταξε,

2082 2933 2179 2988 καὶ
2226 2932 2412 3004 μέντοι
2473 2933 2569 2986 καὶ
2610 2933 2681 2985 τὰ
2713 2932 3044 3002 ἀναθήματα
3082 2932 3177 2986 καὶ
3234 2932 3307 2986 τὰ
3353 2932 3653 3001 πρωτότοκα

2082 3025 2195 3079 τῶν
2224 3024 2325 3096 μὲν
2354 3023 2682 3094 ἀκαθάρτων
2719 3022 2936 3095 κτηνῶν
2966 3023 3180 3094 ὁρίσας,
3226 3023 3295 3078 τὰ
3323 3022 3476 3094 λίτρα
3508 3021 3654 3074 πέντε

399 3116 599 3183 habet;
678 3116 1011 3172 mundorum
1077 3130 1209 3171 vero
1269 3113 1595 3171 animalium
1657 3115 1981 3186 sanguinem

2086 3116 2285 3170 σίκλων
2316 3116 2546 3170 ἕκαστον
2571 3116 2714 3170 κατὰ
2750 3115 2843 3169 τὸν
2874 3115 3056 3169 σίκλον
3096 3117 3195 3170 τὸν
3225 3117 3401 3187 ἅγιον,
3435 3116 3491 3178 ὃς
3519 3116 3654 3166 ἐστιν

399 3215 615 3264 tantum
649 3225 842 3265 eorum
887 3207 1118 3265 fundere
1152 3223 1319 3278 super
1346 3208 1524 3263 altare
1557 3216 1613 3263 ct
1636 3206 1874 3262 farinam
1900 3207 1981 3263 of-

2086 3208 2261 3263 είκοσι
2290 3208 2466 3261 ὀϐολοί
2485 3224 2499 3239 ·
2528 3208 2639 3261 τῶν
2664 3207 2723 3261 δέ
2748 3208 3004 3279 καθαρῶν
3041 3211 3413 3278 πρωτοτόκων
3437 3208 3582 3272 ζώων
3602 3204 3656 3258 τδ

402 3299 566 3365 ferre,
603 3307 659 3353 et
686 3298 756 3352 ab
794 3296 904 3352 illis
933 3310 1130 3352 carnes
1161 3294 1358 3365 accipi.
1411 3292 1568 3349 Sicut
1608 3295 1985 3365 pectusculum

401 3397 812 3455 consecratum,
843 3396 900 3445 et
926 3403 1116 3443 armus
1143 3387 1356 3453 dexter,
1407 3396 1501 3443 tua
1526 3394 1689 3442 erunt
1713 3386 1782 3442 ⁸⁵.
1820 3404 1841 3439 ι
1870 3385 1989 3443 Hoc

400 3477 582 3535 foedus
614 3485 835 3547 pactum
862 3478 993 3533 salis
1023 3477 1337 3548 appellavit,
1360 3479 1644 3550 quoniam,
1680 3478 1987 3535 secundum

402 3572 591 3627 divum
640 3571 995 3641 Apostolum,
1050 3588 1070 3622 ι
1103 3571 1209 3637 Qui
1262 3571 1423 3627 altari
1475 3572 1812 3638 deserviunt,
1860 3587 1987 3627 cum

406 3665 570 3720 altari
592 3664 925 3736 participant
940 3664 1008 3718 ⁸⁵.
1037 3682 1057 3717 ι
1080 3663 1127 3719 Α
1151 3664 1480 3737 quibusdam
1501 3679 1722 3737 quoque
1746 3665 1983 3721 dicitur:

404 3756 710 3827 Postquam
742 3756 798 3812 in
842 3756 1100 3812 victimas
1133 3756 1310 3829 spargi
1348 3756 1430 3813 sal
1459 3757 1816 3828 praescripsit,
1870 3767 1985 3812 tum

405 3849 648 3905 edixitet
672 3849 988 3905 sacerdotes
1014 3858 1068 3905 et
1087 3847 1306 3905 Levitas
1332 3864 1523 3905 omnes
1547 3849 1790 3905 decimas
1809 3849 1988 3905 Israe-

405 3943 476 3999 lis
510 3944 568 3998 in
607 3944 1019 4015 possessionem
1045 3941 1349 4007 habituros,
1380 3952 1437 3997 et
1466 3943 1710 3999 decimas
1738 3943 1879 3998 lucri
1919 3958 1989 3997 ex

406 4036 624 4101 ovibus,
667 4044 724 4092 et
748 4051 817 4091 ex
843 4036 1042 4100 bobus,
1076 4048 1129 4092 et
1179 4052 1251 4092 ex
1284 4045 1616 4101 mercatura,
1658 4046 1713 4091 et
1768 4052 1835 4091 ex
1879 4036 1989 4092 alio

406 4140 738 4199 quocunque
780 4126 959 4183 lucro.
994 4126 1259 4197 Praecepit
1305 4141 1528 4197 quoque
1578 4125 1794 4182 Levitas
1834 4140 1867 4182 e
1892 4125 1991 4182 de-

407 4219 570 4276 cimis
616 4219 858 4275 decimas
901 4217 1101 4274 oﬂ‘erre
1152 4217 1547 4274 sacerdotibus.
1596 4214 1757 4272 Jubet
1803 4230 1991 4272 sacer-

412 4309 570 4365 dotes
597 4308 857 4365 omnibus
885 4308 1024 4365 locis
1066 4308 1264 4363 barum
1298 4322 1484 4364 rerum
1515 4306 1634 4362 ﬁeri
1667 4306 1986 4378 participes,

412 4398 658 4470 ipsisque
678 4399 952 4471 sepositas
979 4399 1288 4456 hostiarum
1321 4406 1507 4469 partes
1538 4398 1687 4454 intus
1709 4398 1766 4454 in
1790 4399 1991 4471 templo

410 4491 718 4547 comedere.
778 4490 1056 4561 Vocatque
1100 4490 1345 4546 decimas
1384 4509 1404 4542 ι
1447 4487 1689 4545 Pretium
1741 4506 1844 4561 pro
1890 4492 1991 4547 mi-

414 4582 644 4637 nisterio
696 4597 807 4651 quo
864 4582 1067 4653 populo
1110 4582 1355 4637 serviunt
1380 4581 1462 4649 ⁸⁶;
1505 4602 1524 4635 ι
1555 4582 1749 4648 vobis,
1778 4583 1988 4655 inquit,

411 4672 833 4738 aediﬁcantibus,
880 4673 965 4727 vel
1022 4673 1419 4739 mercantibus,
1472 4674 1559 4728 vel
1607 4674 1756 4730 domi
1803 4675 1992 4731 viven-

415 4763 588 4827 tibus,
622 4763 698 4818 illi
729 4779 829 4833 pro
852 4762 1010 4818 vobis
1033 4763 1291 4818 omnibus
1311 4762 1505 4817 sedqu
1534 4778 1657 4819 meo
1685 4763 1993 4821 ministerio

414 4835 681 4908 serviunt.
713 4852 825 4909 Hoc
847 4867 1069 4924 quoque
1092 4852 1263 4908 dicit:
1302 4871 1322 4904 ι
1350 4851 1489 4919 Quia
1518 4853 1755 4923 pretium
1786 4865 1869 4910 est
1890 4869 1990 4926 pro

414 4944 724 5001 ministerio
750 4945 793 4977 ³⁷
830 4962 875 5016 η
901 4944 1046 5015 quod
1078 4944 1355 5016 praestatis
1407 4945 1464 5000 in
1510 4944 1863 5001 tabernaculo
1911 4956 1993 5003 te-

413 5034 676 5092 stimonii.

510 5424 560 5459 “
591 5423 750 5479 Num.
786 5440 866 5490 ιιι,
898 5424 989 5481 47.
1021 5425 1066 5459 ⁸⁸
1099 5424 1116 5479 l
1145 5426 1274 5482 Cor.
1318 5442 1394 5493 Ix,
1430 5427 1518 5483 15.
1593 5428 1639 5460 ⁸⁸
1673 5425 1836 5484 Num.
1871 5443 2025 5505 xvm,

2091 3302 2190 3373 μὲν
2216 3295 2355 3371 αἷμα
2403 3300 2696 3371 ἐκχεθῆναι
2742 3300 2893 3371 παρὰ
2915 3300 3014 3371 τὴν
3055 3301 3149 3355 τοῦ
3187 3301 3538 3371 θυσιατηρίου
3565 3299 3652 3368 βά-

2090 3409 2196 3456 σιν,
2231 3391 2292 3445 τὸ
2320 3392 2377 3445 δὲ
2427 3393 2593 3464 στέαρ
2622 3392 3075 3463 προσενεχθῆναι,
3106 3392 3181 3445 τὰ
3214 3394 3272 3448 δέ
3315 3394 3448 3464 κρέα
3478 3392 3657 3454 αὐτοὺς

2087 3486 2389 3557 λαμϐάνειν
2413 3503 2427 3518 ⁸
2458 3484 2646 3558 ὥσπερ
2679 3485 2745 3557 δὴ
2765 3486 2826 3539 τὸ
2863 3486 3146 3555 στηθύνιον
3175 3487 3275 3541 καὶ
3301 3487 3391 3539 τὸν
3417 3485 3656 3555 βραχίονα

2088 3579 2199 3633 ἀπὸ
2225 3577 2334 3632 τῶν
2379 3577 2557 3632 ἄλλων
2605 3576 2865 3648 θυμάτων
2910 3577 3274 3648 κομίζονταιο
3311 3576 3568 3647 διαθήκην
3608 3573 3657 3625 δὲ

2087 3670 2216 3733 ἁλὸς
2244 3670 2343 3741 τὴν
2369 3670 2657 3723 κοινωνίαν
2678 3670 2937 3725 ἐκάλεσεν
2957 3687 2971 3699 ο
3002 3670 3217 3742 ἐπειδὴ,
3252 3671 3390 3724 κατὰ
3416 3669 3504 3721 τὸν
3531 3666 3658 3719 θεῖον

2103 3761 2446 3825 Ἀπόστολον,
2479 3780 2497 3814 ι
2531 3763 2594 3814 Οἱ
2640 3762 2718 3832 τῷ
2765 3762 3138 3833 θυσιαστηρίῳ
3190 3760 3655 3833 προσεδρεύοντες,

2089 3853 2167 3923 τῷ
2213 3852 2585 3923 θυσιαστηρίῳ
2624 3852 3087 3922 συμμερίςονται·
3131 3871 3152 3903 ι
3194 3853 3339 3915 τινὲς
3386 3850 3441 3904 δέ
3487 3864 3653 3914 φασιν,

2090 3943 2279 4015 ἐπειδὴ
2314 3946 2436 4007 ταῖς
2464 3943 2678 4008 θυσίαις
2726 3943 3118 3998 ἐπιϐάλλεσθαι
3147 3946 3281 4007 τοὺς
3319 3944 3451 4006 ἃλας
3479 3938 3658 4009 προσὲο

2088 4035 2272 4101 ταξεν,
2301 4032 2420 4089 εἶτα
2441 4035 2683 4090 διδάσκει
2701 4037 2798 4089 καὶ
2819 4035 2946 4100 τοὺς
2972 4036 3159 4107 ἱερέας
3184 4036 3280 4089 καὶ
3301 4034 3426 4097 τοὺς
3447 4031 3659 4091 Λευΐτας

2090 4129 2186 4182 καὶ
2212 4127 2323 4181 τῶν
2351 4127 2459 4181 ἀπὸ
2497 4127 2599 4198 γῆς
2627 4127 2914 4199 φυομένων
2946 4128 3045 4192 τὰς
3076 4127 3334 4191 δεκάτας,
3366 4123 3580 4180 καὶτῶν
3601 4122 3660 4173 ἐκ

2091 4219 2363 4291 ποιμνίων
2380 4218 2477 4273 καὶ
2504 4219 2805 4290 βουκολίων
2845 4220 3304 4292 προσγενομένων
3331 4216 3552 4288 κερδῶν,
3573 4212 3657 4266 καὶ

2090 4311 2201 4365 τῶν
2231 4309 2294 4376 ἐξ
2340 4311 2614 4383 ἐμπορίας
2643 4311 2739 4365 καὶ
2788 4312 2981 4385 ἐτέρας
3007 4310 3157 4374 τινος
3200 4310 3391 4382 χρείας
3414 4326 3428 4341 ·
3461 4306 3577 4369 τοὺς
3603 4302 3656 4357 δὲ

2092 4403 2324 4468 Λευῖτας
2365 4402 2474 4457 τῶν
2502 4403 2746 4458 δεκατῶν
2778 4404 2878 4468 τὰς
2919 4403 3153 4468 δεκάτας
3200 4402 3526 4475 προσφέρειν
3556 4397 3657 4457 τοῖς

2095 4494 2335 4567 ἱερεῦσιο
2364 4496 2459 4550 καὶ⁵
2486 4495 2697 4551 τούτων
2733 4495 2834 4568 μὲν
2858 4499 2917 4551 ἐν
2948 4498 3113 4551 παντὶ
3145 4497 3299 4569 τόπῳ
3335 4493 3541 4548 κελεύει
3569 4505 3656 4560 με·

2092 4586 2452 4659 ταλαγχάνειν
2476 4604 2492 4620 ⁶
2526 4586 2597 4641 τά
2638 4588 2698 4642 δέ
2731 4606 2796 4659 γε
2837 4590 2902 4643 ἐκ
2932 4589 3043 4645 τῶν
3070 4590 3276 4644 θυσιῶν
3318 4583 3658 4657 ἀφωρισμέναι

2089 4678 2291 4746 αὐτοῖς,
2328 4677 2475 4732 ἔνδον
2521 4677 2723 4732 ἐσθίειν
2765 4679 2826 4733 ἐν
2862 4678 2941 4750 τῷ
2970 4678 3117 4751 ναῷ·
3151 4679 3311 4733 καλεῖ
3358 4678 3416 4732 δὲ
3460 4674 3552 4731 καὶ
3574 4672 3660 4732 τὰς

2086 4774 2320 4838 δεκάτας
2353 4793 2372 4826 ι
2402 4772 2609 4828 Μισθὸν
2626 4775 2706 4838 είς
2729 4775 2829 4845 τὴν
2853 4774 2949 4827 τοῦ
2974 4774 3104 4828 λαοῦ
3132 4774 3405 4845 ὠφέλειαν
3427 4788 3442 4803 ο
3478 4789 3496 4822 ι
3520 4763 3661 4837 ὑμῶν

2088 4865 2220 4937 γάρ,
2267 4865 2456 4935 φησὶν,
2485 4864 2913 4937 οἱκοδομούντων
2942 4862 3506 4938 ἢέμπορευομένωνῆ
3534 4858 3662 4913 οἶκοι

2089 4955 2409 5025 διαγόντων,
2456 4948 2602 5010 οὗτοι
2645 4957 2767 5010 ἀντὶ
2813 4957 3035 5011 πάντων
3078 4955 3232 5027 ὑμῶν
3261 4959 3327 5026 τῇ
3360 4955 3465 5024 ἐμῇ
3505 4963 3662 5019 προσ-

2101 5046 2383 5118 εδρεύουσι
2434 5047 2775 5121 λειτουργίᾳ’
2806 5049 2966 5104 τοῦτο
2990 5048 3098 5121 γὰρ
3113 5049 3221 5120 ἔφη
3244 5066 3257 5078 ’
3297 5066 3317 5100 ι
3355 5048 3437 5100 ὅτι
3487 5037 3663 5112 μισθὸς

2103 5135 2258 5208 ὑμῶν
2287 5128 2442 5201 οὗτός
2485 5139 2654 5203 ἐστιν,
2688 5140 2844 5193 »ἀντὶ
2862 5140 2970 5195 τῶν
2999 5139 3355 5213 λειτουργιῶν
3385 5134 3535 5207 ὑμῶν
3564 5129 3663 5184 τῶν

2103 5229 2164 5281 ἐν
2186 5230 2251 5301 τῇ
2287 5230 2461 5302 σκηνῇ
2492 5229 2586 5285 τοῦ
2616 5232 2936 5305 μαρτυρίου.

2057 5429 2113 5483 2.
2189 5431 2234 5463 ⁸⁷
2270 5431 2401 5489 ibid.
2435 5434 2489 5489 5.

1932 5604 2160 5665 NOTAE.

499 5722 613 5792 (76)
637 5720 733 5778 Est
757 5720 1086 5779 Theodoreti
1116 5718 1261 5778 fetus
1280 5736 1336 5791 q.
1367 5720 1436 5778 54
1460 5720 1513 5778 in
1538 5719 1701 5777 Num.
