3978 6218
370 252 508 320 illi

1559 247 1820 311 PHOTlI
1860 243 2366 310 PATRIARCHIE
2407 245 2518 304 (ΣΡ.

3493 232 3630 299 ῙΠΞ

376 368 579 423 chorus
605 361 904 421 celebravit
929 361 1176 418 divinum
1220 374 1349 430 erga
1381 357 1630 414 homines
1669 368 1938 412 amorem.

2059 351 2138 404 τοῦ
2189 349 2446 420 Σωτῆρος
2500 348 2658 418 ἡμῶν
2714 345 3094 417 γεννηθέντος,
3148 343 3308 415 χορὸς
3367 343 3623 412 ἀγγέλων

371 479 392 513 ι
425 459 612 515 Gloria
641 457 695 511 in
721 458 955 512 excelsis
991 456 1126 522 Deo,
1155 463 1213 510 et
1241 454 1294 508 in
1328 462 1471 508 terra
1489 466 1595 521 pax
1625 447 1942 504 hominibus

369 554 524 609 bonae
552 549 847 606 voluntatis
873 550 940 605 “.
981 566 1000 601 ι
1037 547 1306 602 Praeterea
1338 543 1701 600 inseminatos
1749 547 1805 594 et
1829 535 1942 592 vir—

361 644 576 715 ginales
607 642 829 699 dolores
852 641 1072 697 Gabriel
1096 639 1426 710 praedixerat
1473 632 1861 704 archangelus,
1889 639 1942 685 et

370 732 424 787 in
460 747 643 802 pugna
700 729 970 786 adversus
995 729 1278 784 diabolum
1310 734 1469 781 erant
1511 723 1830 794 angelorum
1861 721 1944 775 le-

367 823 581 894 giones,
613 822 938 892 dictumque
989 827 1077 876 est
1109 837 1125 874 :
1159 839 1177 872 ι
1214 817 1354 872 Ecce
1383 814 1560 885 angeli
1593 820 1947 868 accesserunt

369 927 426 974 ct
479 917 876 978 ministrabant
923 914 976 971 ei
1009 915 1080 970 ".
1115 929 1136 966 ι
1187 911 1255 966 Et
1305 918 1430 982 post
1480 909 1942 964 resurrectionem

370 1009 576 1080 angeli,
599 1024 712 1079 pra:
735 1009 991 1078 sepulcro
1042 1005 1313 1070 sedentes,
1349 1003 1604 1058 nuntiant
1623 999 1944 1054 mulieribus

369 1100 585 1162 Domini
616 1098 1096 1156 resurrectionem.
1115 1095 1248 1150 ltem
1277 1094 1477 1166 angeli,
1495 1093 1717 1149 Christo
1746 1092 1814 1148 ad
1836 1106 1947 1156 coe-

372 1195 489 1250 lum
526 1210 774 1259 reverso,
814 1208 940 1248 cum
971 1191 1237 1260 apostolis
1267 1190 1677 1260 colloquuntur.
1710 1187 1949 1259 Angelus

371 1287 626 1342 Cornelio
649 1301 905 1356 magnum
935 1283 1151 1339 Petrum
1179 1283 1460 1350 indicavit,
1482 1281 1708 1352 angelus
1725 1278 1947 1336 Petrum

371 1379 563 1436 eduxit
594 1393 837 1438 carcere.
869 1377 988 1447 Ipse
1026 1377 1188 1431 divus
1211 1374 1414 1430 Paulus
1460 1391 1647 1430 secum
1683 1374 1949 1444 navigan-

371 1467 521 1524 tibus
551 1467 811 1524 dicebat:
867 1484 886 1518 ι
940 1465 1298 1522 Astititenim
1357 1465 1491 1521 mihi
1542 1463 1636 1520 Dei
1685 1465 1946 1535 angelus,

371 1558 530 1628 cujus
564 1572 687 1614 sum
716 1572 818 1628 ego
846 1557 914 1625 ³⁸,
949 1578 968 1609 ι
999 1566 1054 1612 et
1085 1557 1254 1612 multa
1287 1557 1410 1612 alia.
1446 1556 1574 1620 Haec
1619 1557 1687 1612 de
1719 1555 1949 1611 creden-

371 1650 520 1711 tibus
575 1650 843 1721 propheta
892 1651 1172 1719 loquitur;
1224 1650 1311 1704 his
1346 1649 1591 1718 prmdicit
1641 1647 1849 1712 verbis,
1895 1657 1950 1704 et

369 1741 778 1807 incredulorum
811 1756 1025 1813 pinnas,
1058 1751 1113 1796 et
1141 1757 1281 1811 quas
1312 1741 1384 1804 ob
1410 1755 1607 1796 causas
1630 1740 1948 1811 punientur.

369 1830 601 1902 Propter
650 1832 978 1903 sanguinem
1022 1832 1262 1888 tiliorum
1322 1832 1461 1886 ultio
1508 1843 1725 1903 sumpta
1756 1841 1858 1898 est,
1895 1841 1950 1887 et

373 1925 552 1980 sumet
573 1918 842 1974 Dominus
862 1919 931 1974 de
950 1918 1194 1974 inimicis
1218 1919 1358 1986 suis,
1372 1919 1643 1989 justitiam
1663 1919 1948 1990 retribuet,

370 2009 565 2079 eisque
615 2007 711 2078 qui
762 2022 887 2068 eum
922 2007 1199 2072 ~oderunt,
1223 1995 1296 2063 ἐι
1330 2007 1653 2077 expurgahit
1686 2007 1952 2064 Dominus

372 2105 576 2149 terram
608 2096 792 2164 populi
825 2095 935 2159 sui.
961 2094 1134 2150 Filios
1169 2096 1260 2150 Dei
1285 2096 1519 2166 appellat
1548 2105 1789 2162 sanctos,
1813 2111 1952 2166 quos

375 2183 721 2238 trucidarunt
767 2183 1078 2238 homicidae.
1128 2181 1398 2254 Namque,
1448 2194 1507 2238 ut
1559 2184 1950 2254 prophetarum

372 2273 737 2338 mactationes
783 2273 1024 2329 omissas
1066 2273 1262 2329 faciam
1302 2284 1358 2330 et
1390 2274 1606 2330 Domini
1652 2277 1951 2334 salutarem

376 2366 725 2434 passionem,
790 2373 1173 2428 mactaverunt
1237 2375 1294 2422 et
1350 2366 1614 2422 victorem
1674 2368 1951 2437 egregium

375 2457 739 2526 Stephanum,
771 2469 824 2514 et
854 2459 1001 2530 ligno
1025 2459 1346 2518 occiderunt
1376 2475 1634 2530 magnum
1664 2458 1954 2530 Iacobum,

373 2556 431 2602 et
477 2560 765 2605 sexcentos
793 2551 952 2606 alios.
991 2550 1242 2622 Denique
1293 2554 1487 2610 domos
1534 2570 1728 2610 eorum
1774 2557 1868 2627 qui
1897 2558 1953 2611 in

375 2639 669 2696 Dominum
702 2642 1017 2710 credebant,
1051 2644 1363 2716 depopulati
1410 2656 1562 2713 sunt,
1615 2656 1675 2704 ut
1712 2663 1955 2720 persaepe

375 2732 539 2788 divus
566 2733 770 2796 Paulus
791 2733 1198 2794 Thessalonicis
1223 2739 1474 2794 scribens
1502 2748 1732 2800 testatur
1759 2757 1772 2794 :
1800 2759 1818 2792 ι
1844 2739 1956 2797 Vos

373 2822 520 2899 enim
575 2823 880 2880 imitatores
930 2824 1060 2882 lacti
1104 2827 1238 2884 estis
1297 2837 1618 2884 sanctorum
1648 2829 1743 2899 qui
1795 2828 1956 2885 Jeru-

373 2915 545 2971 salem
573 2925 724 2983 sunt,
757 2918 886 2988 quia
913 2918 1106 2976 eadem
1141 2922 1288 2991 passi
1322 2922 1456 2978 estis
1506 2934 1561 2976 et
1590 2937 1691 2976 vos
1749 2939 1780 2977 a
1820 2938 1955 2980 con-

376 3007 674 3064 tribulibus
721 3011 947 3077 vestris,
991 3011 1138 3066 sicut
1181 3022 1236 3068 et
1282 3013 1388 3083 ipsi
1435 3029 1466 3068 a
1512 3011 1720 3070 Judazis
1761 3017 1855 3084 qui
1903 3026 1958 3072 et

375 3099 671 3157 Dominum
720 3105 1042 3169 occiderunt
1070 3103 1285 3173 Iesum,
1342 3115 1398 3163 et
1443 3107 1592 3177 ipsos
1635 3110 1952 3180 prephetas,

375 3201 431 3248 et
457 3208 558 3249 nos
592 3197 868 3264 persecuti
891 3207 1042 3264 sunt,
1075 3207 1133 3254 et
1168 3197 1282 3254 Deo
1317 3215 1426 3258 non
1459 3200 1698 3270 placent,
1735 3211 1792 3259 et
1837 3217 1959 3260 om-

377 3286 541 3342 nibus
569 3288 925 3344 adversantur
953 3291 1022 3346 θ’.
1047 3309 1066 3343 ι
1118 3289 1245 3347 Haec
1271 3308 1498 3363 quoque
1531 3293 1797 3352 Dominus
1848 3294 1957 3352 illis

376 3380 732 3448 exprobravit
757 3381 810 3434 in
837 3382 1096 3451 parabola
1137 3383 1353 3439 vinem:
1397 3401 1638 3455 namque
1675 3401 1960 3442 servorum

379 3473 548 3528 alium
567 3474 945 3539 vcrberarunt,
980 3476 1150 3531 alium
1179 3478 1523 3544 occiderunt,
1559 3477 1726 3533 alium
1757 3479 1964 3549 lapida-

379 3571 599 3629 verunt,
627 3574 961 3636 quapropter
1004 3564 1179 3624 Judaei
1208 3581 1307 3637 per
1337 3568 1528 3623 orbem
1579 3575 1848 3624 terrarum
1874 3568 1963 3626 rdi-

381 3664 728 3724 sumentur.

455 3941 796 4011 .QUzES'rto
825 3945 1138 4003 CCLXX)“
1177 3943 1370 4070 g‘Coisl.
1409 3946 1671 4016 ccxcv,
1734 3948 1898 4008 Taur.

990 4015 1167 4072 CCLx
1225 4015 1394 4090 xw].

385 4108 500 4181 Cur,
545 4110 755 4164 demum
812 4111 964 4180 part-1'
1027 4110 1239 4181 peccati,
1287 4125 1454 4164 causa
1502 4110 1710 4181 Moyses
1775 4114 1964 4179 procul

453 4180 629 4235 videre
654 4181 948 4249 pollicitum
977 4190 1174 4234 terram
1212 4179 1399 4249 jussus
1430 4182 1520 4247 sit,
1548 4179 1608 4236 et
1627 4183 1962 4238 introducere

462 4253 715 4320 populum
747 4251 1046 4322 prohibitus
1078 4252 1216 4322 (80).

1980 3069 2026 3132 C

2047 442 2211 512 ὑμνεῖ
2261 440 2363 511 τὴν
2415 439 2570 493 θείαν
2617 437 3026 508 φιλανθρωπίαν
3086 434 3264 505 βοῶν’
3315 454 3334 486 ι
3374 435 3514 501 Δόξα
3565 435 3629 488 ὲν

2046 533 2293 603 ὑψίστοις
2322 529 2462 602 Θεῷ,
2492 529 2587 585 καὶ
2614 530 2707 583 ἐπὶ
2739 531 2841 599 γῆς
2863 527 3076 599 εἰρήνη,
3104 527 3164 580 ὲν
3193 524 3502 598 ἀνθρώποις
3534 525 3628 578 εὐ-

2045 625 2236 680 δοκία·
2295 643 2314 678 ι
2357 623 2452 678 καὶ
2505 621 2604 685 τὰς
2657 621 2970 690 ἀσπάρτους
3019 619 3076 672 δὲ
3138 617 3233 672 καὶ
3295 616 3629 689 ἀλοχεύτους

2047 718 2262 783 ἐκείνας
2332 717 2533 781 ὠδῖνας
2599 714 2844 785 Γαϐριὴλ
2913 711 3247 784 προείρηκεν
3325 711 3356 763 ὁ
3409 710 3626 781 ἀρχάγετ

2045 812 2235 881 γελοςο
2261 811 2366 865 κὰν
2409 809 2488 881 τῷ
2526 808 2665 880 πρὸς
2715 808 2806 860 τὸν
2852 805 3098 861 διάϐολον
3149 801 3322 872 ἀγῶνι
3365 803 3631 874 παρῆσαν

2045 904 2156 958 τῶν
2208 903 2456 972 ἀγγέλων
2507 901 2559 954 οἱ
2608 900 2800 971 δῆμοι·
2857 916 2876 950 ι
2920 895 3320 970 Προσελθόντες
3358 895 3488 966 γὰρ,
3519 912 3634 966 φη-

2050 997 2167 1064 σὶν,
2219 997 2269 1048 οἱ
2315 994 2575 1063 ἄγγελοι,
2649 991 2934 1060 διηκόνουν
2995 987 3179 1060 αὐτῷ’
3255 1005 3275 1041 ι
3334 987 3430 1041 καὶ
3481 985 3632 1056 μετὰ

2053 1088 2154 1155 τὴν
2197 1085 2500 1141 ἀνάστασιν
2557 1083 2783 1152 ἄγγελοι
2829 1081 2909 1152 τῷ
2949 1081 3108 1152 τάφῳ
3149 1077 3630 1150 προσεδρεύουσιν,

2049 1178 2532 1250 εὐαγγελιζόμενοι
2585 1178 2704 1240 ταῖς
2763 1173 2982 1244 γυναιξὶ
3029 1173 3131 1244 τὴν
3187 1173 3486 1227 ἀνάστασιν
3532 1171 3632 1223 καὶ

2060 1273 2176 1336 τοῖς
2229 1271 2550 1334 ἀποστόλοις
2597 1267 2739 1352 μετὰ
2771 1267 2869 1337 τὴν
2899 1268 2980 1332 είς
3005 1264 3266 1336 οὐρανοὺς
3315 1263 3502 1320 ἄνοδον
3533 1261 3632 1314 τοῦ

2050 1363 2324 1418 Δεσπότου
2347 1380 2362 1396 ο
2393 1365 2490 1417 καὶ
2519 1361 2598 1432 τῷ
2641 1359 2931 1432 Κορνηλίῳ
2995 1357 3228 1428 ἄγγελος
3255 1355 3324 1410 τὰ
3371 1355 3512 1408 κατὰ
3538 1354 3634 1408 τὸν

2053 1457 2225 1529 μέγαν
2256 1457 2463 1526 Πέτρον
2499 1455 2774 1527 ἐμήνυσεο
2809 1452 2904 1506 καὶ
2949 1451 3110 1505 αὐτὸν
3139 1450 3346 1520 Πέτρον
3382 1447 3483 1518 τῆς
3527 1465 3634 1515 φυ-

2049 1551 2225 1622 λακῆς
2285 1549 2520 1618 ἄγγελος
2568 1547 2842 1618 ἐξήγαγε·
2874 1545 2968 1598 καὶ
3012 1546 3040 1598 ὁ
3071 1542 3214 1606 θεῖος
3261 1539 3469 1603 Παῦλος
3519 1542 3635 1602 τοῖς

2052 1641 2421 1714 συμπλέουσιν
2474 1639 2614 1709 ἔφη’
2652 1657 2671 1690 ι
2709 1635 2888 1706 Ὠφθη
2948 1651 3039 1705 μοι
3069 1632 3176 1712 τοῦ..
3217 1632 3353 1685 Θεοῦ
3399 1630 3636 1699 ἄγγελος

2051 1726 2113 1788 οὗ
2139 1735 2285 1804 εἰμι·
2323 1751 2341 1784 ι
2375 1730 2472 1787 καὶ
2517 1728 2688 1785 πολλὰ
2714 1727 2978 1782 τοιαῦτα·
3025 1725 3197 1778 εἰπὼν
3247 1723 3304 1776 δὲ
3353 1722 3483 1794 περὶ
3519 1721 3637 1775 τῶν

2051 1825 2493 1882 πεπιστευκότων
2515 1823 2544 1876 ό
2579 1823 2874 1894 προφήτης
2902 1818 3098 1882 ταῦτα,
3123 1815 3377 1887 προλέγει
3401 1815 3495 1870 καὶ
3521 1814 3642 1868 τῶν

2051 1919 2303 1975 ἀπίστων
2333 1916 2433 1981 τὰς
2459 1913 2735 1987 τιμωρίας
2765 1913 2861 1966 καὶ
2889 1911 2986 1976 τὰς
3019 1909 3196 1973 αἰτίας
3221 1908 3290 1962 δι’
3317 1907 3384 1971 ἃς
3414 1907 3636 1959 πείσον·

2050 2028 2142 2064 ται
2164 2027 2177 2041 ⁸
2212 2010 2315 2080 ἔφη
2345 2008 2485 2080 γάρ’
2526 2025 2545 2058 ι
2584 2007 2710 2060 Ὂτι
2733 2005 2794 2058 τδ
2822 2000 2962 2076 αἷμα
2996 2003 3105 2056 τῶν
3131 2001 3264 2055 υἱῶν
3293 1998 3457 2054 αὑτοῦ
3486 1998 3637 2050 ἐκδιο

2052 2103 2247 2162 κεῖται,
2299 2102 2395 2154 καὶ
2431 2099 2733 2170 ἐκδικήσει,
2777 2098 2874 2152 καὶ
2915 2095 3289 2151 ἁνταποδὼσει
3332 2093 3488 2163 δίκην
3519 2094 3637 2154 τοῖς

2053 2188 2289 2260 ἐχθροῖς,
2321 2187 2418 2242 καὶ
2462 2189 2576 2251 τοῖς
2607 2186 2859 2258 μισοῦσιν
2907 2185 3070 2240 αὑτὸν
3111 2183 3506 2250 ἀνταποδώσει,
3539 2184 3636 2235 καὶ

2054 2283 2375 2353 ὲκκαθαιρεῖ
2407 2279 2610 2351 Κύριος
2637 2281 2736 2352 τὴν
2759 2279 2864 2349 γῆν
2893 2279 2988 2333 τοῦ
3022 2278 3154 2333 λαοῦ
3189 2275 3377 2330 αὐτοῦ.
3414 2295 3431 2328 ι
3467 2277 3636 2338 Υίοὺς

2053 2375 2110 2427 δὲ
2138 2373 2274 2426 Θεοῦ
2310 2372 2546 2444 κέκληκε
2575 2371 2702 2435 τοὺς
2730 2371 2921 2440 ἁγίους
2948 2369 3043 2434 οὒς
3083 2369 3291 2424 ἀνεῖλον
3329 2370 3376 2421 oi
3407 2366 3636 2439 μιαιφό-

2057 2486 2136 2532 νοι
2157 2487 2171 2500 ’
2207 2469 2294 2522 ἵνα
2319 2467 2429 2538 γὰρ
2458 2466 2556 2530 τὰς
2584 2464 2693 2518 τῶν
2733 2463 3031 2535 προφητῶν
3066 2463 3280 2531 σφαγὰς
3315 2459 3636 2532 παραλίπω,

2056 2563 2151 2615 καὶ
2181 2559 2276 2613 τοῦ
2304 2559 2578 2612 Δεσπότου
2615 2557 2676 2610 τὸ
2709 2558 2975 2627 σωτήριον
3010 2555 3204 2621 πάθος,
3243 2554 3334 2607 τὸν
3368 2553 3465 2625 μὲν
3498 2552 3635 2605 καλ-

2055 2655 2258 2708 λίνικον
2307 2651 2636 2706 κατέλευσαν
2688 2649 2978 2718 Στέφανον,
3031 2645 3170 2718 ξύλῳ
3218 2646 3273 2700 δὲ
3321 2644 3414 2699 τὸν
3459 2644 3639 2714 μέγαν

2056 2745 2266 2802 ἀνεῖλον
2293 2743 2566 2810 Ἰάκωϐον,
2596 2741 2692 2796 καὶ
2712 2741 2882 2812 μυρία
2903 2739 3060 2804 ἄλλα,
3092 2738 3187 2792 καὶ
3214 2737 3324 2792 τῶν
3343 2736 3421 2808 τῷ
3442 2737 3638 2806 Κυρίῳ

2057 2839 2114 2892 δὲ
2142 2836 2588 2891 πεπιστευκότων
2622 2833 2723 2898 τὰς
2753 2833 2929 2898 οἰκίας
2962 2830 3357 2903 ἐξεπόρθησαν,
3396 2831 3472 2894 ὡς
3504 2829 3641 2883 πολ-

2061 2929 2224 3002 λαχοῦ
2249 2927 2462 2993 Παῦλος
2493 2930 2521 2981 ό
2553 2927 2694 2989 θεῖος
2728 2925 2827 2980 καὶ
2845 2922 3298 2978 Θεσσαλονικεῦσι
3320 2923 3378 2983 δὲ
3409 2923 3646 2992 γράφων

2061 3021 2496 3093 ὲπιμαρτύρεται
2515 3033 2531 3052 ·
2571 3017 2868 3089 ιιΜιμηταὶ
2893 3014 3002 3088 γὰρ
3033 3013 3286 3084 ἐγένεσθε
3314 3014 3423 3078 τῶν
3448 3017 3507 3068 ὲν
3539 3015 3644 3068 Ἱεο

2059 3111 2340 3184 ρουσαλήμ
2365 3108 2537 3178 ἁγίων
2561 3123 2576 3138 ³
2605 3109 2676 3162 τὰ
2701 3107 2838 3161 αὐτὰ
2865 3107 2996 3177 γὰρ,
3016 3107 3169 3178 φησὶ,
3201 3107 3296 3159 καὶ
3322 3105 3478 3176 ὑμεῖς
3501 3105 3646 3160 ἐπά-

2060 3202 2182 3255 θετε
2227 3199 2332 3254 ὑπὸ
2363 3199 2472 3253 τῶν
2523 3199 2668 3252 ίδίων
2719 3197 3101 3268 συμφυλετῶν,
3144 3196 3400 3268 καθάπερ
3441 3197 3654 3250 ἐκεῖνοι

2059 3295 2166 3348 ὑπὸ
2207 3293 2479 3348 Ἰουδαίων
2505 3291 2614 3345 τῶν
2655 3292 2753 3345 καὶ
2799 3291 2892 3344 τὸν
2933 3290 3136 3362 Κύριον
3183 3289 3647 3355 ἀποκτεινάντων,

2061 3386 2156 3440 καὶ
2175 3384 2302 3448 τοὺς
2332 3383 2497 3446 ίδίους
2525 3383 2810 3455 προφήτας
2833 3382 2926 3435 καὶ
2947 3383 3097 3452 ἡμᾶς
3127 3380 3521 3446 ἐκδιωξάντων,
3549 3380 3650 3434 καὶ

2061 3477 2182 3548 Θεῷ
2207 3476 2282 3548 μὴ
2305 3475 2650 3547 ἀρεσκόντων
2671 3475 2766 3530 καὶ
2793 3476 2960 3528 πᾶσιν
2981 3473 3290 3545 ἀνθρώποις
3315 3472 3598 3529 ἐναντίων.
3619 3491 3648 3526 s

2062 3569 2250 3628 Ταῦτα
2288 3570 2380 3622 καὶ
2414 3570 2444 3622 ό
2489 3568 2695 3639 Κύριος
2727 3567 2908 3622 αὐτῶν
2936 3567 3318 3638 κατηγόρησεν
3347 3567 3407 3620 ἐν
3448 3568 3516 3636 τῇ
3550 3564 3650 3619 τοῦ

2058 3662 2381 3734 ἀμπελῶνος
2402 3660 2710 3732 παραϐολῇ·
2737 3659 2949 3713 ὅτιτῶν
2974 3659 3174 3712 δούλων
3202 3657 3262 3711 όν
3287 3657 3386 3728 μὲν
3408 3656 3653 3728 ἔδειραν,

2061 3755 2121 3809 ὃν
2148 3754 2207 3808 δὲ
2233 3755 2582 3818 ἀπέκτειναν,
2608 3752 2668 3806 ὃν
2696 3753 2754 3806 δὲ
2808 3750 3191 3822 ἐλιθοϐόλησαν
3215 3766 3229 3781 ο
3261 3749 3452 3804 τούτου
3486 3749 3654 3820 χάριν

2067 3848 2267 3912 αὐτοὺς
2326 3848 2405 3911 είς
2436 3848 2617 3900 πᾶσαν
2647 3847 2749 3916 τὴν
2775 3845 3102 3916 οἰκουμένην
3130 3843 3460 3916 διέσπειρεν.

2578 3955 2918 4012 ΕΡΩΤΗΣΙΣ
2955 3956 3127 4009 ΣΠΜ.

2065 4117 2128 4172 Τί
2177 4115 2404 4184 δήποτε
2448 4113 2548 4184 διὰ
2584 4112 2859 4184 σμικρὰν
2912 4109 3330 4184 πλημμέλειαῖ
3385 4105 3658 4184 Momm};-

2131 4179 2439 4255 πόρῤωθεν
2488 4179 3049 4255 ὶδεῐῆπροσετάχθη
3079 4181 3199 4249 τὴν
3236 4179 3376 4250 γῆν,
3403 4181 3657 4247 εἰσαγα-

2128 4253 2258 4327 γεῖν
2289 4255 2357 4308 δὲ
2388 4255 2494 4309 τόν
2521 4253 2675 4308 λαόν
2711 4253 3028 4320 ἐκωλύθηὶ

1096 4361 1241 4415 Edita
1263 4378 1293 4414 a
1322 4364 1448 4414 Maio
1471 4366 1528 4429 (l.
1563 4377 1609 4415 c.
1641 4365 1824 4430 p.141,
1849 4381 1898 4431 q.
1929 4367 2062 4432 291).
2086 4396 2149 4408 —-
2173 4371 2228 4420 ln
2259 4371 2531 4421 Deuteron.
2571 4381 2727 4427 xxxu,
2760 4359 2942 4429 48,32.

462 4446 555 4504 Sic
601 4461 705 4503 nos
755 4458 1072 4504 commonet
1102 4447 1249 4505 Deus
1279 4464 1340 4505 se
1384 4450 1588 4506 abillis
1620 4451 1718 4522 qui
1763 4452 1955 4509 eximia

2139 4455 2392 4510 Διδάσκει
2415 4455 2504 4508 διὰ
2529 4453 2736 4507 τούτων
2755 4453 2906 4524 ἡμᾶς
2933 4452 2963 4505 ό
2982 4450 3136 4517 Θεὸς,
3158 4449 3234 4515 ὡς
3252 4449 3376 4512 τοὺς
3395 4448 3454 4501 ὲν
3479 4447 3658 4522 ἀρετῇ

388 4539 589 4593 virtute
637 4547 768 4594 sunt
801 4539 1034 4609 praediti,
1065 4555 1343 4596 summam
1380 4541 1638 4597 virtutem
1684 4552 1967 4613 expetere,

390 4637 619 4685 caeteros
639 4643 770 4684 vero
819 4628 1075 4685 homines
1101 4629 1197 4701 qui
1218 4629 1436 4686 abunde
1480 4631 1628 4702 leges
1665 4642 1972 4704 transgre-

352 4805 360 4810 ν
392 4723 644 4788 dicatur,
670 4721 940 4792 patienter
959 4721 1246 4790 ferentem,
1271 4733 1492 4780 sanctos
1517 4724 1972 4798 homines,hujus

395 4810 748 4881 indulgentia
799 4827 914 4868 non
973 4811 1154 4870 facere
1202 4814 1532 4885 participes;
1580 4815 1729 4886 quod
1781 4825 1841 4872 et
1893 4816 1976 4873 ait

399 4903 631 4972 Sapiens
653 4904 877 4974 quidam
901 4922 947 4962 ιι
973 4905 1191 4963 Parvuli
1219 4907 1441 4978 quidem
1461 4907 1615 4978 digni
1645 4907 1968 4966 misericor-

397 4996 524 5062 diae,
540 5005 790 5067 potentes
809 5007 1059 5070 potenter
1081 5003 1477 5058 scrutabuntur
1502 5003 1596 5057 9".
1622 5001 1689 5058 Et
1703 5001 1972 5066 Dominus

399 5090 456 5144 in
477 5090 655 5147 sacris
683 5089 996 5165 Evangeliis
1025 5111 1040 5150 :
1077 5114 1097 5147 ι
1129 5094 1227 5150 Cui
1254 5094 1530 5150 modicum
1559 5094 1805 5160 dabitur,
1852 5111 1974 5152 mo-

401 5183 584 5238 dicum
615 5183 685 5240 ab
730 5185 822 5241 illo
874 5195 1149 5258 repetetur
1177 5187 1218 5241 ³.
1255 5205 1277 5240 ι
1327 5185 1856 5257 lntelligendumque
1889 5195 1978 5244 est

404 5275 512 5330 hoc
545 5293 558 5329 :
593 5277 738 5347 quod
765 5279 934 5334 alium
975 5279 1138 5335 ﬁnem
1185 5279 1291 5334 alia
1327 5279 1415 5336 via
1443 5280 1642 5352 quaerit
1685 5281 1976 5339 Dominus.

2069 4550 2332 4614 τελείους,
2357 4549 2457 4622 τὴν
2484 4549 2661 4620 ἄκραν
2683 4547 2886 4621 ἀρετὴν
2921 4547 3174 4601 ἀπαιτεῖ·
3209 4546 3304 4600 καὶ
3329 4544 3445 4608 τοῖς
3472 4542 3660 4606 ἄλλοις

2071 4642 2382 4714 ἀνθρώποις
2427 4642 2642 4713 μεγάλα
2686 4639 3062 4714 παρανομοῦσι
3106 4637 3508 4710 μακροθυμῶν,
3538 4637 3662 4700 τοῖς

2073 4737 2250 4808 ἁγίοις
2281 4735 2486 4808 ταύτης
2515 4737 2576 4790 οὺ
2610 4733 2934 4807 μεταδίδωσι
2970 4733 3074 4802 τῆς
3107 4729 3468 4802 συγγνώμης’
3495 4728 3668 4782 τοῦτο

2075 4827 2171 4882 καὶ
2228 4826 2391 4896 σοφός
2429 4844 2507 4890 τις
2537 4842 2554 4857 ο
2587 4828 2616 4879 ό
2665 4825 2765 4895 μὲν
2809 4824 2919 4896 γὰρ
2959 4823 3261 4894 ἐλάχιστος,
3310 4819 3666 4889 συγγνωστός

2074 4918 2223 4970 ἐστιν
2255 4915 2458 4981 ἐλέους,
2493 4915 2707 4969 δυνατοὶ
2737 4914 2794 4968 δὲ
2818 4913 3060 4977 δυνατῶς
3101 4911 3494 4983 ὲτασθήσονται
3515 4925 3530 4939 ⁸
3564 4910 3664 4963 καὶ

2073 5011 2103 5063 ὁ
2131 5009 2338 5082 Κύριος
2381 5009 2438 5062 ἐν
2469 5009 2762 5079 τοϊςίεροῖς
2795 5005 3178 5076 Εὑαγγελίοις·
3217 4998 3319 5075 ιᾯ
3359 5003 3458 5075 μὲν
3478 5001 3665 5070 ὀλίγον

2074 5099 2384 5171 δοθήσεται,
2413 5099 2595 5169 ὀλίγον
2623 5099 2989 5170 ἀπαιτήσουσι
3027 5097 3157 5168 παρ’
3179 5096 3347 5151 αὑτοῦ
3372 5113 3388 5127 ·
3432 5113 3450 5147 ι
3482 5094 3664 5148 ίστέον

2081 5192 2264 5262 μέντοι
2319 5193 2414 5246 καὶ
2449 5191 2628 5257 τοῦτο,
2659 5190 2736 5255 ὡς
2778 5190 2944 5260 ἕτερα
2971 5188 3039 5242 δι’
3083 5189 3291 5260 ἑτέρων
3313 5188 3342 5241 ό
3374 5184 3660 5256 Δεσπότης

2078 5291 2353 5360 οίκονομεί
2370 5305 2383 5320 ο
2417 5287 2606 5360 ὥσπερ
2629 5286 2936 5360 ἀμέλειιιαὶ
2959 5285 3174 5339 τουτονὶ
3198 5283 3291 5337 τὸν
3314 5280 3490 5352 μέγαν
3520 5296 3659 5348 προ-

471 5396 520 5429 ⁹⁶
549 5394 684 5452 Luc.
709 5413 772 5465 ιι,
802 5397 888 5453 14.
963 5399 1009 5433 ⁹⁷
1038 5397 1233 5455 Matth.
1261 5414 1334 5464 tv,
1364 5398 1452 5455 ll.
1511 5397 1556 5430 ⁸⁸
1578 5398 1700 5453 Act.
1739 5414 1908 5463 xxvu,
1940 5400 1955 5453 ε

2107 5406 2150 5437 ’θ
2183 5403 2416 5462 l'l‘hess.
2450 5419 2510 5470 ιι,
2536 5404 2622 5461 14.
2662 5403 2730 5437 ⁰⁹⁶
2765 5399 2895 5472 Sap.
2921 5417 2998 5467 vr,
3033 5399 3084 5454 7.
3143 5397 3158 5430 ¹
3193 5395 3381 5451 Matth.
3412 5408 3532 5458 xm,
3569 5396 3658 5452 l8.

1922 5517 2157 5579 NOTAE.

1922 5520 2060 5573 ΝΟΤ
2141 5561 2157 5579 .

484 5605 754 5686 “Ninum
787 5607 982 5686 υιιὶεῐιέαὶ
1013 5608 1528 5686 ςεειμξὲεειίορῇἓυεν
1564 5623 1704 5679 quas
1731 5624 1762 5666 e
1796 5520 2140 5671 Theodorei)
2173 5613 2412 5686 sumpsit
2439 5613 2682 5677 Photius,
2743 5617 2920 5667 exstat
2971 5605 3117 5680 apud
3155 5602 3563 5663 Theodorctum
3596 5613 3656 5665 q.

411 5675 481 5734 43
512 5677 566 5732 in
596 5676 887 5735 Dcutcron.
918 5679 982 5734 Τ.
1020 5675 1231 5749 LXXX,
1257 5696 1309 5752 p.
1329 5678 1456 5735 447.
