3904 6218
199 178 325 245 1113

877 184 978 244 ΑΙ)
1015 180 1610 244 AMPHILOCHIUM
1661 168 2007 256 QUIESTIO
2047 182 2830 247 CCLXXXI-CCLXXXIII.

3321 190 3459 257 1114

191 296 363 366 φήτην
386 294 489 348 οὐκ
512 294 697 349 είασεν
722 296 803 359 είς
824 296 925 367 τὴν
945 298 1050 367 γῆν
1069 297 1171 367 τῆς
1193 297 1531 367 ἐπαγγελίας
1554 299 1778 366 εἰσαγα-

1896 293 1957 351 Ut
1987 295 2137 351 enim
2171 294 2315 351 Deus
2340 309 2452 350 non
2479 304 2656 364 curat,
2692 298 2776 354 vel
2811 298 2993 369 potius
3017 313 3126 353 non
3154 298 3288 357 sinit
3314 300 3462 356 hunc

192 386 303 453 γεϊν
325 384 418 440 τὸν
446 385 599 443 λαὸν.
632 386 721 438 ἵνα
754 384 830 457 μὴ
867 386 943 450 ὡς
971 388 1104 441 Θεὸν
1138 388 1301 441 αὐτὸν
1347 386 1685 441 σεϐασθῶσιν
1716 387 1768 441 οί

204 478 555 550 Ἰσραηλϊταιο
586 478 778 532 τούτου
812 480 972 551 χάριν
1004 480 1169 535 αὐτοῦ
1191 482 1288 536 καὶ
1314 481 1407 535 τὸν
1435 482 1608 552 τάφον
1634 482 1769 552 ἄδη-

193 570 279 623 λον
326 571 583 640 ἐποίησεν
620 573 649 623 ὁ
696 571 877 640 σοφῶς
921 571 993 625 τὰ
1045 574 1169 625 καθ’
1213 574 1361 643 ἡμᾶς
1409 573 1769 645 πρυτανεύων

194 664 340 728 Θεός.
377 663 593 719 Είδέναι
634 664 691 717 δὲ
738 664 835 717 καὶ
876 664 1037 719 τοῦτο
1086 668 1376 737 προσήκει,
1410 666 1487 729 ὡς
1527 665 1773 735 Μωῡσῆς

193 755 357 810 τύπον
381 756 496 827 ἔχει
525 758 622 811 τοῦ
665 758 833 828 νόμου
856 774 871 789 ο
905 758 987 811 διὸ
1024 759 1122 811 καὶ
1166 759 1410 829 Μωῦσῆς
1438 759 1555 837 ,τὴν
1601 774 1771 829 προσ-

194 853 417 925 ηγορίαν
445 853 650 925 ὁνόμος
678 853 791 925 ἔχει
816 870 830 886 ο
860 854 1044 925 ἔχουσι
1074 855 1204 925 γάρ,
1234 854 1653 926 φησ1,Μωῡσὲα
1677 852 1773 907 καὶ

194 943 318 1007 τοὺς
368 945 656 1016 προφήτας
681 960 696 974 °
726 945 967 999 Μωῦσέα
1017 946 1111 999 τὸν
1148 946 1315 1017 νόμον
1365 946 1605 1010 καλέσας
1629 961 1642 974 ⁸
1676 944 1775 1000 καὶ

196 1036 464 1107 πολλαχοῦ
517 1036 678 1090 τοῦτο
734 1036 953 1110 εὕροις*
1008 1037 1203 1107 ῶσπερ
1245 1038 1356 1110 γὰρ
1399 1037 1632 1101 Ἡσαΐας
1682 1035 1779 1092 καὶ

207 1128 475 1201 Ἱερεμίας
506 1131 603 1184 καὶ
642 1130 904 1202 Ἰεζεκιὴλ
930 1132 991 1186 ού
1013 1133 1139 1195 τοὺς
1165 1131 1369 1202 ἄνδρας
1396 1133 1615 1201 μόνους,
1643 1130 1778 1185 ἀλλὰ

194 1222 290 1277 καὶ
313 1222 381 1276 τὰ
405 1224 632 1277 ἐκείνων
660 1225 843 1293 βιϐλία
873 1224 1154 1296 καλοῦμεν
1174 1242 1188 1257 ·
1222 1227 1320 1279 καὶ
1344 1225 1535 1295 σχεδὸν
1558 1224 1621 1278 τὸ
1646 1224 1780 1278 αύτδ

194 1316 289 1369 ἐπὶ
339 1318 560 1370 πάντων
608 1316 855 1389 καθορᾷν
918 1318 1039 1371 ἔστι
1088 1317 1199 1371 τῶν
1251 1314 1575 1389 συγγραφὰς
1631 1316 1782 1379 θείας

192 1408 634 1463 ἁπολελοιπότων
651 1427 666 1442 ο
694 1409 840 1463 οὕτω
862 1411 958 1464 καὶ
986 1411 1229 1480 Μωῦσῆν
1256 1411 1318 1463 ού
1354 1410 1446 1464 τὸν
1480 1408 1653 1479 ἄνδρα
1687 1408 1782 1478 μό-

192 1516 305 1566 νον,
335 1500 473 1554 ἀλλὰ
503 1501 598 1555 καὶ
623 1494 718 1555 τὸν
747 1502 913 1572 νόμον
944 1502 1096 1555 ἐστιν
1128 1502 1256 1555 ίδεῖν
1289 1502 1630 1572 κεκλημένον
1654 1500 1781 1553 ’τύ-

194 1608 299 1656 πος
326 1593 425 1663 μὲν
451 1588 546 1647 οὖν
590 1594 834 1666 Μωῦσῆς
863 1594 959 1647 τοῦ
1014 1594 1182 1664 νόμου
1204 1610 1219 1626 ο
1262 1592 1471 1664 Ἰησοῦς
1525 1593 1584 1646 δὲ
1628 1594 1656 1646 ὁ
1687 1590 1783 1646 τοῦ

1871 404 2129 460 magnum
2156 389 2479 459 prophetam
2508 389 2563 443 in
2586 400 2785 445 terram
2830 392 3162 462 promissam
3196 393 3455 463 populum

1872 481 2250 548 introducere,
2303 495 2372 535 ne
2417 488 2480 535 ut
2528 495 2628 551 pro
2684 480 2795 537 Deo
2852 482 3007 537 illum
3065 492 3464 540 venerarentur

1872 572 2156 639 Israelitte,
2211 573 2405 627 eadem
2435 572 2503 627 de
2552 587 2721 628 causa
2758 575 3069 644 sepulcrum
3091 575 3213 646 ejus
3253 576 3462 631 abdidit

1873 666 1970 736 qui
2004 664 2286 735 sapienter
2334 664 2609 721 humanas
2663 678 2753 722 res
2788 666 3103 723 moderatur
3148 667 3314 725 Deus.
3345 669 3463 725 Hoc

1875 771 2100 829 quoque
2126 757 2271 814 scire
2296 757 2568 815 debemus
2598 757 2824 832 Moysen
2852 759 3026 816 fuisse
3045 760 3184 832 legis
3209 761 3474 834 ﬁguram..

1875 849 2061 919 Quare
2110 865 2416 921 cognomen
2469 850 2684 923 Moyses
2720 852 2889 909 habet
2930 853 3035 908 lex.
3073 850 3288 910 Habent
3314 853 3461 909 enim

1874 941 2102 1016 Moysen
2128 953 2184 1001 et
2210 947 2530 1017 prophetas,
2559 948 2637 1002 ait
2661 948 2971 1018 Scriptura.
3009 946 3209 1017 Legem
3241 947 3461 1018 Moysen

1878 1036 2187 1106 appellant,
2231 1039 2378 1108 quod
2438 1038 2631 1094 multis
2679 1038 2819 1096 locis
2865 1040 3141 1096 invenias.
3192 1037 3267 1095 Ut
3318 1040 3464 1095 enim

1877 1126 2099 1195 Isaiam,
2132 1126 2427 1184 Jeremiam
2453 1138 2507 1186 et
2528 1130 2784 1188 Ezechiel
2812 1147 2923 1187 non
2954 1133 3103 1188 viros
3153 1132 3338 1198 modo,
3370 1131 3466 1187 sed

1879 1219 2045 1275 etiam
2073 1234 2263 1275 eorum
2295 1221 2469 1278 libros
2499 1224 2863 1294 appellamus,
2897 1233 3067 1293 utque
3095 1225 3176 1280 sic
3202 1225 3468 1279 habemus

1881 1327 2073 1369 omnes
2132 1316 2527 1385 propemodum
2552 1333 2789 1387 quorum
2841 1333 3002 1373 sacra
3034 1326 3254 1373 θιδιθιιι
3277 1332 3467 1387 opera,

1888 1402 2037 1458 haud
2084 1404 2247 1459 aliter
2290 1403 2540 1477 Moysen,
2587 1418 2699 1462 non
2726 1409 2905 1462 virum
2943 1407 3127 1473 modo,
3165 1408 3258 1463 sed
3298 1408 3468 1461 etiam

1884 1493 2064 1565 legem
2088 1494 2236 1553 illius
2264 1494 2369 1552 hoc
2398 1498 2623 1553 nomine
2652 1496 2915 1569 appellari
2947 1498 3221 1553 videmus.
3252 1495 3467 1568 Moyses

1886 1584 2051 1654 igitur
2080 1585 2217 1658 legis
2241 1596 2325 1643 est
2353 1588 2550 1659 ligura,
2584 1586 2773 1657 Iosue,
2796 1588 2918 1643 Nun
2944 1588 3113 1654 ﬁlius,
3140 1587 3467 1645 Salvatoris.

196 1681 380 1751 Ναυῆ,
409 1682 579 1747 τύπος
615 1681 712 1736 τοῦ
765 1685 1056 1755 Σωτῆροςο
1092 1683 1282 1754 ῶσπερ
1308 1683 1490 1738 τοίνυν
1538 1683 1782 1751 Μωῦσῆς

1896 1674 1955 1730 Ut
2013 1676 2181 1747 igitur
2236 1676 2455 1750 Moyses
2525 1679 2750 1749 quidem
2812 1680 3003 1735 eduxit
3067 1679 3328 1750 populum
3400 1678 3471 1733 de

157 1773 169 1827 .'
198 1774 299 1842 μὲν
328 1775 569 1846 ἐξήγαγε
607 1776 700 1830 τὸν
741 1776 871 1831 λαὸν
898 1776 960 1842 ἐξ
1001 1777 1307 1845 Αἰγύπτου,
1352 1775 1562 1847 Ἰησοῦς
1597 1775 1656 1829 δὲ
1682 1774 1782 1828 αὺ-

154 1925 167 1941 ὶ
195 1866 289 1919 τὸν
314 1867 393 1930 είς
436 1866 535 1939 τὴν
588 1870 1011 1941 ἐπηγγελμένην
1055 1871 1323 1941 είσήγαγε
1359 1869 1487 1939 γῆν,
1535 1868 1709 1933 οὕτως
1752 1871 1781 1922 ὀ

197 1959 359 2030 νόμος
395 1962 495 2032 τῆς
546 1960 646 2032 μὲν
673 1962 934 2026 ἀσεϐείας
980 1963 1320 2018 ἀπαλλάττει
1348 1964 1476 2026 τοὺς
1518 1963 1782 2034 πειθομέ-

194 2067 339 2114 νους,
366 2052 402 2120 ἡ
433 2051 491 2104 δὲ
518 2051 635 2105 τῶν
664 2053 1014 2123 Εὐαγγελίων
1048 2055 1213 2125 χάρις
1253 2056 1336 2118 είς
1367 2055 1468 2127 τὴν
1500 2054 1784 2124 βασιλείαν

195 2142 409 2210 εἰσάγει
438 2142 550 2197 τῶν
579 2144 849 2216 οὐρανῶν.

720 2254 1063 2315 ΕΡΩΤΗΣΙΣ
1101 2262 1267 2318 ΣΠΒ’.

203 2413 268 2466 Τί
294 2412 480 2469 ἐστιν·
523 2431 544 2468 ι
589 2416 691 2471 Ἐν
726 2417 909 2543 ὀλίγθῖ
934 2437 1012 2545 gs
1052 2423 1275 2489 πείθεις
1296 2423 1657 2491 Χριστιανὸν
1687 2440 1780 2493 τε-

830 2507 867 2543 ν
901 2506 944 2543 σ
981 2508 1039 2543 αι
1064 2508 1082 2545 :
1122 2511 1141 2544 ι

830 2506 1039 2545 nouat
1062 2508 1082 2556 ;
1122 2511 1141 2544 ι

1880 1766 2141 1839 Egypto,
2173 1768 2343 1825 Josue
2372 1779 2557 1826 autem
2586 1772 2641 1826 in
2675 1779 2879 1827 terram
2912 1771 3240 1842 promissam
3290 1770 3466 1826 intro-

1878 1859 2056 1926 duxit,
2106 1862 2189 1916 sic
2218 1862 2305 1917 lex
2338 1863 2560 1932 quidem
2610 1863 2890 1933 impietate
2919 1863 3207 1921 credentes
3249 1863 3468 1929 liberat,

1880 1953 2057 2021 gratia
2104 1968 2234 2010 vero
2285 1952 2571 2026 Evangelii
2618 1954 2678 2011 in
2726 1970 2955 2029 regnum
2990 1956 3258 2013 caelorum
3290 1948 3469 2013 intro-

1880 2047 2075 2106 mittit.

1935 2249 2265 2319 QU/ESTIO
2302 2250 2635 2337 CCLXXXII
2676 2250 2881 2375 kcoisl.
2932 2248 3208 2317 CCXCVI,
3245 2248 3417 2305 Taur.

2494 2320 2673 2377 LCLX
2734 2319 2873 2377 XV].

2494 2319 2873 2393 CCLXXXV].

1890 2415 2032 2484 Quid
2076 2424 2154 2469 est
2189 2415 2330 2469 hoc:
2370 2433 2389 2467 t
2426 2413 2490 2469 In
2537 2412 2980 2553 ηὲιέῗὲεᾳο³ειιαάεδ
3012 2429 3091 2467 me
3108 2410 3473 2469 Christianum

848 2604 995 2656 Edita
1018 2620 1043 2655 a
1076 2606 1202 2657 Maio
1230 2610 1286 2671 (l.
1314 2622 1359 2659 c.
1385 2623 1433 2673 p.
1462 2610 1569 2670 Hi,
1605 2612 1715 2673 N2,
1746 2624 1795 2673 q.
1828 2605 1965 2666 292).
1984 2601 2346 2666 ~Explanatio
2377 2602 2429 2651 in
2451 2599 2565 2650 Act.
2586 2598 2825 2681 xxi-1,28.

273 2688 553 2753 Τουτέστι,
585 2687 654 2743 δι’
678 2690 874 2760 ὀλίγων
917 2695 1202 2764 ῥημάτων,
1235 2697 1294 2747 ἐν
1328 2697 1561 2770 βραχέσι
1579 2699 1785 2767 λόγοις,

1968 2692 2025 2747 Id
2062 2699 2171 2753 est,
2229 2688 2421 2759 paucis
2475 2680 2676 2749 verbis,
2731 2683 2883 2739 brevi
2938 2688 3213 2749 sermone,
3258 2680 3476 2735 modico

199 2783 265 2834 ὲν
286 2781 443 2853 ὀλίγῃ
474 2782 822 2857 διδασκαλίᾳ,
852 2786 1021 2856 χωρὶς
1060 2788 1257 2841 πολλοῦ
1293 2792 1459 2843 πόνου
1492 2792 1588 2844 καὶ
1628 2808 1786 2846 συνε-

1896 2785 2248 2847 documento,
2284 2779 2492 2849 absque
2542 2776 2717 2831 multo
2770 2775 2960 2830 labore
3004 2781 3061 2828 et
3096 2772 3317 2829 assidua
3357 2773 3475 2828 dis-

198 2874 332 2945 χοῦς
374 2876 665 2943 διαλέξεως
692 2894 706 2909 ·
750 2877 834 2931 διὸ
863 2881 957 2932 καὶ
986 2881 1125 2952 πρὸς
1174 2882 1338 2935 αὑτὸν
1373 2885 1733 2957 καταλλὴλως
1759 2889 1789 2941 ὁ

1896 2877 2199 2949 putatione.
2221 2874 2404 2941 Quare
2432 2873 2497 2925 ad
2524 2870 2676 2924 illum
2705 2868 3045 2940 respondens
3073 2868 3274 2923 Paulus
3305 2868 3473 2922 dicit:

203 2970 419 3066 quam;
452 2990 619 3045 φησιν
641 2991 654 3005 ο
708 2993 727 3026 ι
771 2976 1036 3048 Ηύξάμην
1065 2977 1131 3033 ἂν
1160 2978 1239 3050 τῷ
1278 2980 1421 3051 Θεῷ,
1456 3001 1473 3033 ι
1504 2981 1601 3035 καὶ
1629 2980 1785 3051 ἑξῆς·

1902 2992 1919 3023 ι
1952 2970 2094 3040 Opto
2140 2984 2237 3038 per
2288 2966 2525 3029 Deum’,
2556 2982 2574 3015 ι
2640 2972 2696 3018 et
2767 2962 3003 3033 reliqua.
3056 2961 3285 3016 Perinde
3323 2972 3388 3015 ac
3431 2961 3477 3016 sl

196 3058 319 3116 οἷον
345 3065 426 3118 ὅτι
448 3066 574 3136 ἐμοὶ
603 3067 810 3137 σπουδὴ
850 3067 1012 3121 τοῦτο
1040 3070 1101 3123 τὸ
1130 3072 1386 3139 γενέσθαι
1413 3074 1621 3137 πάντας
1650 3074 1790 3144 Χρι-

1897 3065 2107 3119 diceret
2137 3080 2150 3115 :
2181 3060 2329 3115 Nihil
2350 3058 2484 3114 mihi
2515 3056 2699 3127 potius
2717 3065 2983 3125 estquam
3010 3069 3201 3110 omnes
3228 3053 3480 3109 homines

200 3158 484 3222 στιανούς·
515 3160 610 3212 καὶ
656 3160 814 3214 τοῦτό
860 3160 977 3214 ἐστί
1030 3180 1119 3233 μοι
1151 3164 1285 3236 εὐχὴ
1314 3166 1449 3231 πρὸς
1478 3166 1640 3219 Θεόν·
1670 3169 1790 3221 ἐπεὶ

1900 3157 2014 3211 lieri
2038 3154 2409 3211 Christianos.
2439 3150 2533 3205 Hae
2563 3156 2694 3206 sunt
2728 3165 2865 3205 meae
2894 3162 3084 3203 coram
3122 3147 3231 3202 Deo
3260 3160 3475 3218 preces,

199 3247 423 3317 ἕτοιμός
472 3250 589 3319 είμι
629 3252 726 3303 καὶ
776 3251 986 3306 πολλῶν
1016 3234 1319 3322 λόγωνκαὶ
1365 3255 1562 3324 ὀλίγων
1604 3256 1702 3327 τὴν
1734 3258 1790 3308 ὲν

1896 3264 2137 3319 namque
2164 3255 2390 3319 paratus
2418 3260 2545 3300 sum
2610 3251 2665 3299 et
2712 3242 2767 3297 in
2818 3234 3034 3297 mou‘tco
3076 3249 3130 3296 et
3182 3241 3238 3294 in
3281 3254 3482 3308 magno

208 3341 434 3412 Χριστῷ
466 3342 765 3413 κηρύσσειν
796 3346 981 3399 πίστιν
1011 3348 1107 3400 καὶ
1137 3348 1276 3418 μετὰ
1304 3351 1468 3403 πόνου
1500 3349 1595 3402 καὶ
1624 3349 1793 3402 κόπου

203 3430 306 3483 καὶ
338 3432 402 3483 ἐκ
431 3429 527 3483 τοῦ
568 3433 913 3503 παραχρῆμα
935 3452 948 3465 ·
994 3437 1163 3499 κόπος
1192 3436 1287 3490 καὶ
1336 3438 1499 3499 πόνος
1540 3440 1597 3492 ὲν
1626 3441 1690 3509 τῇ
1717 3439 1798 3492 δι-

203 3522 480 3593 δασκαλίᾳ
532 3526 626 3576 καὶ
671 3524 990 3595 κηρύγματι
1040 3527 1294 3597 οὐδαμῶς
1345 3528 1618 3596 λογίζεταί
1665 3546 1795 3599 μοι’

203 3616 330 3669 ἀλλ’
358 3611 477 3669 ἶσόν
510 3618 626 3669 ἐστι
656 3620 855 3688 κοπιᾷν
886 3619 982 3671 καὶ
1017 3618 1112 3689 μὴ,
1143 3620 1238 3673 καὶ
1267 3621 1435 3672 πολὺν
1465 3621 1655 3691 χρόνον
1681 3622 1799 3692 τρί-

202 3706 329 3761 σειν
348 3707 674 3778 κηρύττοντι
702 3710 795 3762 καὶ
824 3708 1006 3778 ὀλίγον
1029 3726 1042 3740 ·
1078 3711 1241 3780 μόνον
1269 3712 1490 3774 είτινας
1521 3712 1634 3783 ὁρῶ
1663 3714 1801 3784 πρὸς

205 3802 306 3853 τὸν
334 3799 571 3872 Χριστὸν
616 3803 1054 3872 ἐπιστρέφοντας
1078 3819 1092 3833 ·
1122 3803 1295 3857 ταῦτα
1343 3804 1400 3857 δὲ
1445 3803 1651 3873 ἔλεγεν,
1684 3804 1803 3875 ἅμα

211 3895 322 3965 μὲν
349 3895 410 3947 τὺ
429 3893 597 3947 αὐτοῦ
624 3896 911 3968 πρόθυμον
944 3895 1040 3948 καὶ
1068 3895 1331 3967 διάπυρον
1370 3896 1800 3967 ἐνδεικνύμενος,

207 3988 338 4058 ἅμα
364 3987 423 4040 δὲ
465 3988 719 4042 κάκεῖνον
767 3987 1190 4059 ἐκκαλούμενος,
1223 3989 1299 4052 ὡς
1337 3989 1386 4041 εί
1441 3988 1682 4059 βούλοιτο
1710 3988 1805 4042 καί

208 4078 390 4133 πλείω
422 4080 657 4133 ἀκοῦσαι
685 4081 779 4133 καὶ
799 4080 1141 4151 τελειοτέρας
1171 4080 1523 4142 διδασκαλίας
1566 4080 1806 4134 ἀπολαῦ-

206 4187 333 4233 σαι,
369 4169 431 4222 ού
492 4170 651 4241 μόνον
699 4171 853 4224 οὐδὲν
909 4172 1231 4241 άποκνήσει,
1285 4171 1401 4223 ἀλλ’
1442 4171 1615 4235 οὕτως
1658 4174 1806 4225 ἐστὶν

204 4264 435 4332 ἕτοιμος
465 4263 559 4315 καὶ
601 4262 661 4317 τὸ
695 4264 975 4335 πρόθυμον
1020 4266 1297 4335 παρέχων,
1335 4264 1475 4317 ὥστε
1510 4264 1604 4317 καὶ
1643 4264 1806 4335 εὐχῆς

1903 3340 2206 3412 praedicare
2236 3337 2397 3393 ﬁdem
2430 3337 2485 3391 in
2522 3334 2831 3399 Christum,
2860 3348 2955 3404 per
3002 3333 3246 3389 laborem
3277 3342 3331 3387 et
3362 3347 3483 3386 mo-

1900 3433 2118 3489 lestiam
2150 3438 2207 3487 et
2233 3447 2299 3487 ex
2324 3438 2605 3500 tempore;
2635 3427 2947 3483 molestiam
2970 3427 3117 3481 enim
3171 3425 3485 3481 etlaborem

1902 3526 2046 3579 inter
2075 3522 2385 3577 docendum
2416 3530 2470 3575 et
2497 3518 2903 3590 praedicandum
2939 3517 3152 3573 minimi
3193 3517 3353 3573 facio.
3379 3514 3488 3571 Sed

1907 3616 2043 3670 mihi
2073 3630 2173 3686 par
2206 3622 2289 3670 est
2314 3614 2568 3669 laborare
2598 3612 2682 3666 vel
2727 3627 2861 3676 non,
2890 3619 2944 3666 et
2975 3610 3069 3665 diu
3097 3617 3192 3666 aut
3218 3610 3286 3665 ad
3329 3611 3491 3665 breve

1903 3710 2223 3781 prmdicare,
2275 3707 2440 3763 modo
2482 3707 2698 3777 aliquos
2746 3706 2815 3761 ad
2865 3704 3150 3761 Christum
3189 3714 3491 3760 conversos

1905 3802 2149 3857 videam.
2186 3801 2281 3856 llis
2332 3801 2497 3857 dictis
2531 3802 2874 3855 alacritatem
2923 3799 3091 3853 animi
3144 3807 3199 3854 et
3237 3799 3489 3853 ardorem

1904 3906 2011 3947 una
2070 3892 2373 3947 indicabat.
2427 3890 2569 3946 Cum
2623 3877 2789 3961 igi'tur
2840 3891 3134 3960 Agrippam
3181 3890 3249 3945 ad
3320 3890 3492 3944 Deum

1904 3990 2147 4049 vocaret,
2173 3992 2234 4036 ut
2262 3982 2311 4038 si
2371 3980 2638 4036 voluisset
2668 3981 2824 4051 plura
2847 3980 3038 4034 audire
3060 3981 3495 4050 amplioremque

1911 4077 2221 4131 doctrinam
2248 4073 2504 4145 adipisci,
2524 4088 2630 4128 non
2663 4076 2841 4130 solum
2876 4074 3015 4128 nihil
3038 4072 3373 4137 reformidat,
3398 4071 3493 4127 sed

1909 4169 2077 4222 etiam
2111 4167 2249 4221 adeo
2275 4175 2505 4237 paratus
2544 4175 2630 4221 est
2659 4174 2713 4220 et
2760 4164 2983 4233 ardens,
3020 4173 3078 4220 ut
3108 4164 3177 4219 ad
3210 4176 3403 4235 preces
3435 4178 3495 4217 se

1912 4258 2183 4325 conferat,
2216 4259 2517 4314 dummodo
2542 4259 2888 4329 propositum
2918 4266 3268 4328 assequatur.
3290 4252 3497 4312 Precor

204 4357 381 4429 ἔργον
409 4355 541 4408 αὐτὸ
573 4358 831 4423 ποιεῖται,
865 4356 933 4411 ἂν
976 4357 1136 4428 μόνον
1166 4357 1408 4429 τυγχάνῃ
1439 4358 1531 4411 τοῦ
1561 4359 1768 4411 σκοποῦ

1914 4353 2058 4406 enim
2104 4360 2159 4406 et
2208 4352 2264 4407 in
2313 4352 2533 4407 modico
2575 4360 2630 4407 et
2662 4351 2719 4405 in
2764 4366 2963 4424 magno
2985 4363 3096 4405 non
3128 4350 3307 4407 solum
3339 4358 3412 4416 te,
3442 4356 3496 4405 et

203 4447 477 4517 Εὖξὰμην
508 4447 619 4518 γὰρ
645 4449 740 4501 καὶ
777 4450 836 4500 ὲν
886 4448 1051 4519 ὀλίγῳ
1100 4450 1194 4503 καὶ
1238 4452 1295 4502 ἐν
1325 4448 1507 4520 πολλῷ
1535 4449 1596 4502 ού
1644 4450 1804 4520 μόνον

204 4540 295 4608 σὲ,
333 4555 389 4594 κ.
420 4556 471 4593 τ.
500 4539 549 4592 λ.

741 4653 1077 4707 ΕΡΩΤΗΣΙΣ
1116 4654 1246 4706 ΣΠΓ
1267 4695 1281 4708 .

212 4812 261 4864 Τ
258 4810 285 4863 ί
311 4808 502 4861 ἐστι’(
533 4808 645 4863 Τοῦ
664 4806 1014 4877 ὁρισθέντος
1043 4808 1181 4861 Υίοῦ
1208 4808 1356 4863 Θεοῦ
1384 4808 1453 4861 ἐν
1478 4809 1749 4880 δυνάμει.
1782 4831 1800 4863 ι

1914 4454 2132 4501 caetera.

1911 4646 2240 4715 QUIESTIO
2970 4642 3272 4710 CCXCVII,
3330 4644 3493 4699 Taur.

1915 4809 2061 4876 Quid
2098 4809 2241 4865 istud
2271 4810 2533 4891 signiﬁcet
2572 4828 2585 4864 :
2623 4829 2641 4862 ι
2678 4810 3057 4879 Manifestalus
3084 4820 3161 4864 est
3197 4804 3370 4863 Filius
3402 4808 3495 4863 Dei

1940 4914 1945 4919 ι
2498 4898 2553 4935 tn
2597 4892 2872 4950 potestate.
2913 4898 2931 4931 ι

956 4991 1101 5041 Edita
1130 5004 1157 5040 a
1191 4990 1317 5040 Maio
1352 4991 1412 5056 (l.
1444 5004 1471 5039 c
1510 5005 1559 5054 p.
1590 4993 1699 5053 112,
1721 5006 1771 5055 q.
1806 4993 1938 5056 295).
1971 5017 2035 5027 —
2068 4992 2364 5055 Explanath
2396 4992 2447 5043 in
2481 4992 2618 5042 Rom.
2647 5007 2681 5052 ι,
2713 4991 2759 5042 4.

284 5076 403 5132 τοῦ
434 5078 514 5140 είς
539 5075 739 5146 γνῶσιν
768 5073 1041 5143 ἐλθόντος,
1074 5076 1168 5129 τοῦ
1210 5077 1644 5146 ὲπιγνωσθέντος
1672 5082 1803 5150 ἡμῖν

203 5172 315 5226 καὶ
355 5168 765 5240 φανερωθέντος
800 5167 932 5222 Υίοῦ
960 5168 1097 5223 Θεοῦ
1119 5186 1132 5201 ·
1159 5169 1328 5223 πόθεν
1346 5170 1404 5224 δὲ
1429 5171 1764 5240 γνωσθέντος
1786 5189 1802 5237 ;

202 5267 306 5320 διὰ
334 5266 449 5320 τῶν
490 5263 809 5337 προφητῶν,
844 5264 938 5317 διὰ
965 5264 1074 5319 τῶν
1111 5266 1533 5336 ὲπιδειχθὲντων
1564 5268 1806 5337 σημείων

205 5359 314 5413 καὶ
340 5358 649 5427 δυνάμεων,
678 5355 767 5408 διὰ
797 5354 893 5408 τοῦ
933 5356 1257 5425 ἁγιαστικοῦ
1290 5356 1458 5410 αὐτοῦ
1487 5356 1807 5428 Πνεύματος

204 5453 236 5505 ὃ
266 5449 528 5521 παρέσχε
554 5449 669 5511 τοῖς
702 5447 782 5513 είς
821 5446 986 5503 αὐτὸν
1025 5449 1395 5519 πιστεύουσιν,
1417 5448 1485 5503 δι’
1513 5448 1683 5520 αὐτῆς
1716 5450 1809 5504 αύ-

248 5641 270 5669 '
296 5641 429 5696 Act.
459 5654 607 5699 xxvi,
629 5637 725 5693 9.9.

1979 5078 2389 5145 Manifestatus,
2425 5080 2479 5135 id
2503 5086 2607 5143 est,
2635 5079 2795 5133 nobis
2824 5078 2878 5133 in
2921 5078 3175 5133 notitiam
3208 5080 3376 5145 venit,
3412 5094 3497 5133 se-

1907 5187 2013 5240 que
2049 5172 2399 5243 perspicuum
2426 5180 2483 5228 et
2510 5173 2818 5227 revelatum
2844 5158 3309 5227 ‘nohis’exhibuit.
3347 5169 3500 5224 Unde

1909 5276 2093 5320 autem
2146 5265 2213 5320 ad
2244 5264 2667 5321 notitiam?Per
2722 5267 3040 5337 prOphetas,
3093 5280 3192 5335 per
3243 5266 3397 5332 signa
3444 5270 3499 5316 ct

1910 5357 2177 5412 miracula
2214 5373 2337 5427 quae
2372 5357 2426 5413 in
2484 5357 2663 5413 lucem
2711 5359 3053 5430 prodierunt,
3104 5373 3201 5427 per
3243 5364 3497 5410 sanctum

1917 5450 2036 5522 ejus
2071 5448 2336 5520 Spiritum
2379 5464 2543 5521 quem
2575 5450 2804 5509 immisit
2837 5453 2917 5509 eis
2945 5452 3038 5522 qui
3068 5450 3122 5504 in
3144 5460 3270 5505 eum
3308 5444 3500 5500 crede-
