3978 6218
1616 96 1679 120 θ..

513 195 651 260 1115

1654 195 1919 257 PHOTII
1967 193 2471 256 PATRIARCH/E
2507 196 2617 256 (ΖΡ.

3626 197 3757 265 1115

509 312 663 377 bant,
691 316 748 365 et
776 323 873 380 per
896 307 1205 366 mirabilem
1238 307 1382 365 banc
1404 322 1435 364 e
1464 309 1698 365 mortuis
1734 307 2086 364 resurrectio-

2193 306 2281 361 τοῦ
2309 312 2410 381 τῆς
2431 310 2496 362 ἐκ
2529 307 2738 380 νεκρῶν
2766 307 3207 379 παραδοξοτάτης
3235 307 3513 383 ὲγὲρσεως
3536 329 3551 344 ·
3575 315 3752 368 τούτου

509 420 656 459 nem.
721 401 898 473 Hujus
956 402 1120 473 igitur
1177 418 1342 473 quem
1402 401 1911 473 praenuntiaverunt
1955 416 2083 470 pro-

510 498 709 566 phetae,
754 496 872 565 qui,
906 494 1181 551 declarata
1232 501 1519 565 potestate,
1570 493 1774 547 mundo
1821 492 2084 559 innotuit,

509 589 895 658 revelatusque
937 596 1025 643 est
1067 603 1099 642 a
1147 597 1341 643 sancto
1376 586 1581 657 Spiritu
1617 601 1781 656 quem
1825 586 2088 641 credenti-

507 681 612 735 bus
654 681 707 734 in
739 696 798 735 se
829 680 1080 750 praebuit,
1114 680 1207 749 qui
1242 679 1481 750 denique
1511 695 1569 734 se
1597 694 1699 749 per.
1722 679 2083 733 resurrectio-

506 787 628 825 nem
691 788 849 827 suam
912 770 1262 827 manifestum
1316 772 1485 837 dedit,
1538 786 1640 841 ego
1700 788 1823 828 sum
1870 788 2081 827 servus.

506 861 736 918 Etiamsi
785 878 1001 929 servus,
1037 864 1131 918 sed
1156 864 1320 934 hujus
1343 864 1538 920 saltem
1571 864 1663 933 qui
1706 880 1804 934 per
1835 873 1985 919 tanta
2031 873 2087 919 et

505 952 637 1007 talia
671 953 986 1008 testimonia
1030 956 1266 1008 ostendit
1294 969 1354 1009 se
1386 968 1506 1010 esse
1534 953 1733 1009 Filium
1781 954 1895 1010 Dei.
1931 975 1950 1007 ι
1987 957 2086 1010 Per

501 1060 688 1116 quem,
725 1046 926 1115 inquit,
982 1047 1298 1115 accepimus
1338 1046 1573 1118 gratiam
1619 1059 1673 1102 et
1717 1050 2083 1117 apostolalum

502 1140 570 1191 ad
604 1137 964 1192 obedientium
993 1137 1116 1192 lidei
1146 1138 1187 1192 ‘.
1222 1157 1239 1189 ι
1262 1139 1496 1194 Perinde
1523 1154 1587 1194 ac
1610 1139 1653 1194 si
1673 1140 1928 1207 dixisset,
1964 1140 2082 1195 Alia

503 1228 668 1283 etiam
703 1229 1019 1284 testimonia
1052 1239 1180 1285 sunt
1211 1230 1391 1296 nobis,
1435 1246 1501 1287 ac
1531 1232 1624 1286 illa
1658 1248 1781 1302 qua:
1818 1248 2086 1289 memora-

500 1317 702 1374 vimus.
770 1318 948 1373 Testis
1005 1327 1088 1374 est
1141 1320 1257 1389 ipsa
1316 1329 1505 1375 nostra
1567 1322 1700 1389 vita,
1760 1322 1908 1377 hunc
1958 1337 2085 1376 vere

503 1405 700 1461 Filium
725 1423 850 1463 esse
881 1407 972 1462 Dei
996 1425 1010 1475 ;
1042 1423 1151 1478 quo
1171 1409 1377 1480 pacto?
1405 1409 1521 1466 lloc
1548 1411 1758 1467 scilicet
1782 1412 1930 1482 quod
1960 1427 2085 1467 eur-

501 1500 676 1555 rimus
701 1508 756 1554 et
787 1514 1155 1569 properamus
1193 1500 1259 1555 ad
1292 1510 1482 1571 gentes
1530 1503 1767 1575 ignotas,
1818 1521 1942 1575 qua:
1984 1521 2083 1560 au-

501 1591 660 1645 diunt
734 1591 1124 1660 accipiuntque
1174 1591 1551 1647 testimonium
1610 1595 1758 1649 lidei.
1811 1594 1950 1650 Vere
2004 1605 2082 1649 te-

2187 390 2282 449 οῦν
2330 394 2426 448 τοῦ
2482 394 2942 465 προαγγελθέντος
2993 395 3083 451 διὰ
3133 397 3243 450 τῶν
3291 400 3612 470 προφητῶν,
3655 403 3743 456 τοῦ

2186 487 2582 558 γνωρισθέντος
2610 488 2669 541 ἐν
2713 491 2778 559 τῇ
2824 488 3085 556 ἐπιδείξει
3126 490 3229 559 τῆς
3258 491 3538 563 δυνάμεως
3566 494 3743 560 αὑτοῦ,

2185 579 2280 635 τοῦ
2303 580 2704 653 φανερωθέντος
2725 583 2864 635 κατὰ
2887 581 2947 634 τὸ
2981 582 3296 650 ἁγιαστικὸν
3318 584 3540 655 Πνεῦμα
3565 585 3593 638 ὃ
3609 605 3741 658 παρ-

2188 672 2317 744 έσχε
2368 676 2479 736 τοῖς
2518 673 2866 726 πιστεύουσιν
2932 674 3013 737 εἰς
3066 674 3253 740 αὑτὸν,
3285 675 3380 729 τοῦ
3427 677 3747 748 δηλωθέντος

2186 766 2252 820 ὲκ
2299 767 2396 837 τῆς
2445 766 2794 829 ἀναστάσεως
2841 765 3027 832 αὑτοῦ,
3064 766 3257 821 τούτου
3296 768 3411 839 εἰμὶ
3459 768 3673 833 δοῦλος·
3700 773 3745 824 εί

2186 861 2295 932 γὰρ
2320 861 2416 916 καὶ
2443 860 2647 925 δοῦλος,
2689 860 2825 915 ἀλλὰ
2858 860 3048 915 τούτου
3079 859 3282 926 δοῦλος,
3316 860 3411 914 τοῦ
3452 862 3541 916 διὰ
3569 864 3749 917 τοσού-

2185 973 2293 1009 των
2340 956 2435 1009 καὶ
2477 954 2810 1025 τηλικούτων
2852 953 3169 1025 μαρτυριῶν
3220 953 3578 1017 πιστωθέντος
3623 957 3748 1026 ἡμῖν

2184 1050 2265 1103 ὅτι
2295 1049 2422 1112 Υἱός
2448 1050 2564 1102 ἐστι
2604 1048 2699 1103 τοῦ
2733 1047 2897 1119 Θεοῦ·
2928 1066 2948 1100 ι
2984 1049 3061 1102 Δι’
3099 1043 3182 1112 οὑ,
3234 1048 3418 1117 φησιν,
3460 1047 3555 1101 καὶ
3598 1050 3746 1120 ἡμεῖς

2184 1141 2449 1213 ἐλάϐομεν
2472 1143 2630 1213 χάριν
2653 1143 2745 1194 καὶ
2765 1140 3071 1212 ἀποστολὴν
3091 1142 3171 1203 εἰς
3194 1140 3440 1209 ὑπακοὴν
3458 1139 3705 1203 πίστεως.
3724 1159 3741 1192 ι

2184 1229 2561 1302 οἷον,Ἐχομεν
2588 1232 2689 1296 τὰς
2725 1232 3048 1302 μαρτυρίας,
3071 1229 3259 1300 φησὶν,
3278 1231 3372 1282 καὶ⁵
3404 1228 3463 1294 ἐξ
3491 1229 3660 1285 ἄλλων
3689 1230 3748 1295 ἃς

2185 1324 2411 1394 εἴπομεν
2435 1340 2448 1354 ⁸
2492 1326 2762 1396 μαρτυρεῖ
2799 1325 2856 1377 δὲ
2884 1324 2976 1378 κα)⁵
3018 1324 3078 1377 τὸ
3106 1324 3397 1395 ἡμέτερον,
3432 1323 3558 1377 Υίδν
3594 1325 3748 1378 αὑτὸν

2186 1418 2359 1488 ἀληθῆ
2385 1415 2526 1471 εἶναι
2548 1417 2683 1471 Θεοῦ
2705 1434 2720 1448 ·
2764 1421 2916 1471 ποῖον
2945 1416 3130 1485 τοῦτο;
3160 1417 3220 1472 τδ
3250 1418 3469 1489 τρέχειν
3495 1417 3591 1488 μὲν
3613 1419 3748 1489 ἡμᾶς

2185 1510 2280 1563 καὶ
2299 1509 2723 1578 κατεπείγεσοαι
2747 1512 2825 1573 εἰς
2851 1510 2921 1563 τὰ
2936 1509 3063 1581 ἔθνη
3093 1510 3130 1565 ἃ
3149 1511 3249 1564 οὑκ
3278 1510 3528 1582 ἔγνωμεν
3544 1526 3558 1541 ·
3579 1510 3750 1566 ἐκεῖνα

2184 1602 2240 1655 δὲ
2275 1602 2570 1656 ὑπακούειν
2599 1603 2693 1658 καὶ
2738 1603 2989 1674 δέχεσθαι
3020 1604 3110 1657 τὸν
3158 1604 3319 1672 λόγον
3349 1604 3448 1673 τῆς
3489 1603 3712 1668 πίστεως
3732 1618 3746 1634 ’

502 1678 822 1735 stimonium
874 1690 957 1734 est
1012 1679 1213 1733 divinae
1259 1679 1729 1739 manifestationis
1782 1682 2082 1746 hominem,

2193 1694 2491 1766 μαρτύριον
2515 1696 2624 1766 γὰρ
2642 1695 2717 1759 ὡς
2743 1695 2959 1765 ἀληθῶς
2992 1696 3318 1766 θεοφανείας
3337 1697 3495 1750 τοῦτο
3512 1713 3525 1728 '
3556 1697 3750 1768 ἅνθρω-

502 1772 692 1827 relicta
759 1770 937 1841 patria
991 1768 1342 1841 familiaque,
1409 1771 1481 1827 ad
1535 1772 1771 1829 alienam
1829 1786 2080 1835 currere,

503 1865 669 1934 idque
714 1863 939 1918 minime
988 1861 1243 1919 utilitatis
1310 1870 1365 1917 et
1410 1863 1549 1919 lucri
1599 1864 1851 1935 corporei
1894 1879 2085 1928 causa,

502 1956 633 2026 quid
668 1955 792 2011 dico
826 1954 895 2008 de
949 1952 1103 2007 lucro
1152 1961 1208 2005 et
1246 1953 1517 2008 utilitate?
1556 1954 1667 2009 imo
1724 1955 2083 2018 laborantem,

498 2045 854 2109 esurientem,
886 2042 1255 2107 verberatum,
1293 2039 1648 2112 ﬂagellatum,
1691 2052 2085 2114 contemptum,

501 2140 598 2195 sed
630 2135 992 2191 nihilominus
1031 2132 1208 2188 ofﬁcio
1238 2148 1341 2188 suo
1374 2132 1649 2202 functum,
1678 2145 1729 2191 et
1756 2134 1920 2190 fidem
1951 2151 2087 2206 prae-

502 2228 797 2283 dicantem.
833 2224 1168 2280 Esuriebat?
1200 2223 1297 2278 sed
1325 2224 1464 2281 alios
1508 2226 1725 2294 alebat;
1765 2236 2084 2282 contemne-

503 2322 636 2377 bant
668 2319 833 2374 eum?
880 2317 975 2372 sed
1020 2316 1217 2371 deinde
1261 2317 1641 2385 mirabantur;
1692 2319 2091 2374 verberabant?
2126 2312 2127 2315 “

504 2414 601 2471 sed
626 2414 677 2469 ei
706 2413 869 2468 ﬁdem
897 2409 1260 2476 adhibebant;
1292 2411 1684 2480 expellebant?
1713 2412 1811 2468 sed
1842 2412 2091 2483 require-

504 2504 666 2572 bant;
728 2500 1122 2573 flagellabant?
1167 2502 1260 2557 sed
1317 2501 1557 2559 sudariis
1625 2510 1681 2557 et
1733 2500 2093 2557 suecenlor’iis

504 2597 755 2667 corporis
785 2596 907 2667 ejus
959 2597 1185 2653 vulnera
1232 2596 1521 2652 sanabant.
1561 2594 1705 2649 Num
1734 2593 1902 2666 igitur
1939 2595 2092 2664 parvi

506 2690 774 2745 momenti
800 2690 906 2745 hoc
936 2690 1315 2747 testimonium
1370 2698 1477 2755 est,
1506 2687 1763 2759 quodque
1805 2686 1893 2741 liis
1930 2695 2092 2741 antea

506 2781 669 2837 dictis
698 2782 940 2854 indigeat
973 2792 1033 2837 ut
1056 2798 1160 2837 nos
1189 2796 1381 2838 omnes
1408 2778 1870 2837 commonefaciat
1892 2778 2093 2835 Filium

507 2874 605 2929 Dei
639 2890 762 2930 esse
792 2874 1111 2930 Christum?

507 2984 839 3054 QUIESTIO
899 2984 1257 3071 CCLXXXIV'
1311 2982 1503 3107 [ξοὶει.
1544 2978 1868 3047 CCXCVIII,
1924 2978 2090 3036 Taur.

1086 3054 1317 3109 LLLXX
1379 3051 1527 3109 Vlll.
2122 3035 2169 3097 C

1086 3051 1467 3118 cccxxxvu
1485 3051 1527 3124 ].

512 3177 655 3244 Quid
683 3177 782 3233 hoc
813 3177 883 3231 sit
913 3191 933 3229 :
968 3193 988 3226 ι
1023 3173 1328 3228 Prohibilus
1367 3188 1482 3226 sum
1510 3187 1672 3244 usque
1699 3170 1870 3224 adhuc
1898 3180 1955 3223 ut
1990 3168 2095 3223 ali-

862 3262 1017 3316 quem
1044 3246 1279 3315 [ructum
1308 3244 1531 3296 Imbeam
1556 3243 1690 3312 (81).
1715 3260 1733 3292 ι

2189 1802 2290 1839 πον
2316 1789 2681 1842 καταλιπόντα
2712 1788 2948 1858 πατρίδα
2985 1789 3079 1842 καὶ
3108 1790 3264 1857 γένος
3305 1790 3520 1860 τρέχειν
3560 1789 3636 1852 είς
3661 1788 3748 1843 ἀλ-

2187 1882 2428 1955 λοτρίαν,
2460 1882 2713 1952 οὐδεμιᾶς
2733 1881 3052 1954 ὠφελείαςῆ
3085 1882 3317 1953 κέρδους
3344 1882 3504 1936 ἕνεκα
3530 1900 3751 1952 σωματιο

2190 1975 2319 2030 κοῦ·
2350 1974 2404 2028 τί
2430 1973 2574 2042 λέγω
2603 1972 2827 2045 κέρδους
2852 1972 2946 2027 καὶ
2973 1971 3275 2042 ὠφελεία;;
3312 1972 3447 2027 ἀλλὰ
3472 1973 3747 2038 κοπιῶντα,

2188 2067 2550 2139 λιμώττοντα,
2576 2067 2933 2137 τυπτόμενον,
2960 2066 3383 2137 μαστιζόμενον,
3414 2064 3749 2137 ὑπερορώμε-

2190 2177 2302 2223 νον,
2331 2160 2468 2214 ἀλλὰ
2516 2161 2665 2231 ὅμως
2705 2160 2766 2212 τὸ
2799 2161 2997 2213 οἰκεῖον
3045 2158 3208 2230 ἔργον
3252 2158 3493 2214 ἀνύοντα
3521 2160 3612 2214 καὶ
3660 2160 3751 2231 τὴν

2193 2254 2377 2309 πίστιν
2407 2252 2846 2321 καταγγέλλοντα
2871 2267 2887 2282 °
2921 2250 3252 2323 ὲλίμωττεν;
3292 2252 3426 2307 ἀλλὰ
3459 2254 3550 2307 καὶ
3574 2253 3751 2317 ἄλλους

2193 2346 2420 2417 ἔτρεφεν
2439 2360 2455 2375 ⁸
2479 2344 2812 2416 ὑπερεώρων
2851 2345 3039 2413 αὑτόν;
3067 2344 3183 2398 ἀλλ’
3218 2344 3452 2418 ὕστερον
3486 2348 3578 2400 καὶ
3608 2346 3751 2399 ἐθαύ-

2197 2436 2398 2508 μαζονο
2433 2437 2699 2503 ἔτυπτονς
2738 2438 2855 2493 ἀλλ’
2883 2439 3169 2491 ἐπίστευον
3189 2454 3203 2469 ·
3233 2438 3499 2503 ὲδίωκονς
3528 2438 3637 2492 ἀλλ’
3671 2440 3752 2491 ἐπ-

2195 2531 2424 2601 εζήτουν
2444 2548 2459 2562 ·
2490 2529 2818 2598 ὲμάστιζον;
2868 2530 3004 2585 ἀλλὰ
3025 2530 3115 2585 διὰ
3135 2531 3243 2585 τῶν
3288 2531 3578 2603 σουδαρίων
3603 2530 3750 2584 αὑτοῦ

2196 2627 2290 2680 καὶ
2310 2625 2675 2695 σιμικινθίων,
2705 2624 2814 2677 τῶν
2849 2624 3178 2696 σωματικῶν
3221 2624 3629 2696 ἀπηλλάσσοντο
3657 2640 3751 2695 μα-

2199 2717 2435 2785 στίγων·
2482 2714 2591 2788 ἆρα
2626 2716 2702 2787 μὴ
2746 2716 2943 2787 μικρὸν
2994 2715 3306 2788 μαρτύριον
3334 2716 3491 2770 τοῦτο
3527 2714 3560 2786 ἢ
3592 2714 3753 2769 ἐνδέον

2197 2810 2306 2863 τῶν
2333 2811 2748 2882 προειρημένων
2773 2850 2789 2876 ,
2838 2812 2919 2873 είς
2943 2810 3005 2863 τὸ
3046 2808 3357 2880 ἐπιγνῶναι
3395 2809 3598 2873 πάντας
3642 2808 3754 2861 Υίὸν

2198 2901 2335 2957 Θεοῦ
2362 2897 2501 2958 εἶναι
2526 2903 2617 2956 τὸν
2638 2901 2873 2972 Χριστόν
2893 2918 2909 2969 ;

2717 3018 3052 3073 ΕΡΩΤΗΣΙΣ
3090 3018 3265 3076 ΡΠΔ’.

2208 3175 2269 3229 Τί
2298 3174 2429 3229 ἐστι
2445 3189 2491 3224 't
2514 3173 2623 3229 Καὶ
2652 3171 2967 3241 ἐκωλύθην
2989 3174 3124 3244 ἄχρι
3149 3175 3263 3230 τοῦ
3290 3175 3485 3246 δεῦρο,
3514 3177 3609 3231 ἵνα
3630 3190 3755 3243 xap~

2725 3246 2846 3299 πόν
2870 3263 3003 3300 τινα
3034 3246 3165 3315 σχῶ
3177 3262 3197 3311 ;
3232 3266 3255 3298 ι

1158 3359 1298 3409 Edita
1319 3374 1348 3409 a
1378 3356 1504 3408 Maio
1535 3357 1592 3419 (ι.
1625 3371 1669 3406 c.
1700 3370 1752 3419 p.
1788 3353 1893 3414 142,
1925 3354 2033 3414 HS,
2064 3368 2091 3417 q

2193 3354 2346 3417 )l.)-—
2377 3354 2669 3418 Explanatio
2702 3356 2755 3406 in
2786 3359 2925 3408 Rom.
2962 3372 2998 3419 ι,
3032 3357 3107 3407 15.

583 3441 711 3498 llaec
742 3441 935 3509 verba,
966 3441 1185 3512 opinor,
1218 3440 1556 3511 transposita
1608 3448 1757 3505 sunt,
1784 3446 1838 3494 et
1872 3437 1980 3494 illis
2010 3438 2099 3493 hic

512 3550 731 3601 sensus,
768 3536 885 3589 haec
913 3543 997 3590 est
1020 3534 1357 3589 continuitas
1390 3552 1404 3588 :
1444 3552 1462 3584 ι
1494 3531 1631 3598 Quia
1667 3547 1811 3602 saepe
1837 3528 2097 3602 proposui

514 3628 701 3684 venire
741 3627 810 3683 ad
842 3641 941 3682 vos
989 3634 1052 3680 ut
1096 3626 1334 3696 aliquem
1378 3624 1617 3679 fructum
1650 3624 1902 3686 habeam,
1957 3632 2011 3678 et
2038 3622 2094 3677 in

513 3721 689 3775 vobis.
722 3737 742 3772 ι
779 3717 880 3773 llic
904 3727 1086 3773 autem
1118 3719 1186 3772 ad
1215 3732 1312 3772 eos
1345 3715 1666 3781 adveniens,
1701 3730 1867 3771 causa
1901 3713 2097 3770 fuisset

512 3826 614 3866 cur
640 3811 896 3881 copiosos
923 3809 1142 3880 pietatis
1172 3809 1381 3866 fructus
1420 3807 1646 3863 ferrent.
1688 3807 1842 3863 llaud
1882 3807 2091 3871 nescio,

513 3906 711 3975 inquit,
765 3904 925 3958 [idem
982 3918 1230 3972 sparsam
1280 3916 1402 3957 esse
1445 3901 1587 3956 inter
1610 3915 1730 3965 vos,
1787 3901 1882 3957 sed
1930 3900 2096 3956 etiam

515 3995 654 4051 hanc
677 3994 992 4066 frugiferam
1028 3993 1143 4048 ﬁeri
1173 3993 1421 4048 desidero
1439 3995 1563 4048 etin
1594 3994 1772 4061 vobis,
1796 4002 1855 4047 ut
1883 3992 2097 4048 fruetus

511 4103 736 4157 carpere
769 4088 996 4156 possim.
1037 4083 1229 4142 Vestra
1264 4086 1408 4139 enim
1437 4100 1558 4140 mea
1586 4084 1768 4151 duco;
1804 4085 1850 4140 si
1880 4084 2096 4139 videam

513 4181 728 4235 fructus
771 4179 826 4234 in
856 4179 1035 4246 vobis,
1101 4179 1177 4233 ita
1234 4178 1481 4245 laetabor,
1520 4177 1746 4247 perinde
1788 4191 1852 4231 ac
1908 4178 1953 4232 si
1997 4190 2098 4246 ego

511 4274 726 4329 fructus
764 4274 988 4339 ferrem,
1036 4272 1216 4342 iisque
1269 4280 1500 4327 ornatus
1533 4285 1735 4325 essem.
1786 4269 1879 4325 Sic
1925 4270 2093 4324 inter-

510 4367 814 4438 pretandus
864 4366 955 4421 hic
1012 4365 1188 4432 locus,
1252 4367 1494 4421 admissa
1545 4362 1878 4418 inversione.
1938 4360 2093 4416 Tunc

511 4459 659 4513 enim
700 4458 850 4528 leges
897 4472 1019 4526 quae
1073 4466 1381 4527 sequuntur
1412 4473 1425 4509 :
1459 4473 1477 4505 ι
1511 4456 1576 4509 Et
1616 4454 1925 4523 prohibitus
1966 4467 2087 4508 sum

2278 3442 2414 3495 Καθ’
2445 3440 2751 3513 ὑπερϐατὸν
2780 3441 3030 3512 εἰρῆσθαί
3063 3459 3153 3510 μοι
3196 3440 3368 3507 δοκεῖ,
3399 3440 3464 3494 ἶν’
3551 3439 3609 3493 τὸ
3631 3438 3754 3493 κατὰ

2204 3536 2486 3605 συνέχειαν
2514 3533 2719 3597 οὑτως·
2754 3551 2774 3585 ι
2812 3532 3078 3597 Πολλάκις
3105 3533 3425 3604 προεθέμην
3454 3532 3620 3587 ἐλθεῖν
3637 3531 3756 3601 πρὸς

2202 3629 2369 3699 ὑμᾶς,
2407 3627 2492 3680 ἵνα
2520 3626 2643 3680 τινὰ
2680 3624 2891 3696 καρπὸν
2921 3624 3034 3695 σχῶ
3060 3642 3075 3657 ’
3112 3626 3207 3678 καὶ
3242 3627 3353 3698 γὰρ
3391 3626 3424 3696 ἡ
3456 3624 3636 3680 τούτου
3665 3640 3754 3676 πα-

2204 3720 2395 3793 ρουσία
2421 3722 2641 3782 πάντως
2674 3718 2872 3778 αὐτοὺς
2898 3721 3276 3789 καρποφορεῖν
3303 3722 3557 3787 ἐποίησεν
3579 3716 3640 3771 ἂν
3669 3715 3755 3786 τὴν

2197 3813 2512 3866 εὐσέϐειανο
2564 3811 2625 3864 τὸ
2661 3810 2719 3864 δὲ
2749 3808 2984 3881 καρπὸν,
3015 3805 3153 3875 οἶδα,
3192 3811 3382 3882 φησὶν,
3424 3812 3501 3865 ὅτι
3533 3810 3753 3881 ήπίστις

2195 3905 2324 3975 ὑμῖν
2357 3903 2713 3971 ὲνὲσπαρται,
2758 3902 2897 3959 ἀλλὰ
2941 3901 3037 3955 καὶ
3066 3903 3283 3973 καρπὸν
3334 3906 3481 3974 σχεῖν
3524 3898 3753 3971 ἐπιθυμῶ

2194 3997 2325 4069 παρ’
2352 3997 2506 4067 ὑμῶν
2538 3998 2627 4049 ἵνα
2680 3996 2894 4066 καρπὸν
2927 3996 3040 4066 σχῶ
3064 4010 3079 4025 ⁸
3110 3996 3179 4051 τὰ
3223 3997 3336 4067 γὰρ
3366 3997 3619 4067 ὑμέτερα,
3657 3992 3754 4064 ὲμὶ

2194 4090 2478 4161 λογίζομαι
2502 4106 2516 4121 ο
2550 4089 2617 4143 ἂν
2666 4089 2758 4143 οὑν
2798 4089 2892 4143 ῐδω
2928 4087 3140 4161 καρπὸν
3182 4090 3242 4141 ὲν
3267 4091 3419 4160 ὑμῖν,
3465 4087 3631 4152 οὑτως
3674 4086 3753 4140 εὑ-

2198 4183 2583 4254 φρανθήσομαι
2614 4183 2690 4247 ὡς
2718 4182 2879 4245 αὑτὸς
2908 4181 3021 4251 ἐγὼ
3044 4180 3134 4235 τὸν
3162 4183 3379 4254 καρπὸν
3406 4182 3562 4252 ἔχων,
3592 4180 3675 4234 καὶ
3702 4180 3752 4231 ἐν

2196 4274 2377 4346 τούτῳ
2407 4275 2595 4345 κομῶν
2620 4293 2636 4306 ·
2669 4273 2814 4328 οὑτω
2845 4274 2946 4345 μὲν
2974 4274 3083 4348 γὰρ
3121 4275 3171 4327 εί
3200 4276 3327 4329 καθ’
3365 4274 3655 4346 ὑπερϐατόν
3679 4288 3750 4333 τις

2197 4367 2420 4420 ὲκλάϐοι
2475 4367 2538 4420 τὸ
2579 4367 2811 4439 χωρίον·
2865 4366 3019 4420 ἔσται
3058 4367 3168 4438 γὰρ
3219 4366 3283 4421 τὸ
3326 4366 3561 4437 ἑφεξῆς*
3602 4383 3620 4417 t
3656 4363 3750 4418 Καὶ

2194 4458 2477 4529 ἐκωλύθην
2501 4457 2630 4528 ἄχρι
2656 4456 2751 4511 τοῦ
2779 4456 2969 4527 δεῦρο’
3010 4476 3030 4511 ι
3049 4458 3098 4511 εί
3118 4458 3176 4513 δὲ
3199 4458 3277 4529 μὴ
3297 4458 3420 4512 καθ’
3447 4453 3748 4528 ὑπερϐατὸν,

513 4563 686 4619 usque
718 4549 899 4602 adhuc
921 4548 962 4601 ‘.
1003 4567 1021 4599 ι
1076 4545 1380 4616 Repudiata
1422 4555 1605 4601 autem
1647 4546 1980 4612 inversione,
2013 4545 2091 4600 sic

2196 4549 2337 4603 οὑτω
2351 4549 2568 4620 νοηθείη
2586 4550 2651 4603 ἄν
2672 4564 2685 4579 ⁶
2705 4550 3048 4617 Ἔκωλύθην
3074 4549 3213 4620 ἄχρι
3232 4549 3342 4604 τοῦ
3364 4549 3555 4616 δεῦρο,
3570 4543 3750 4613 ἀναμέ-

512 4643 628 4696 l'ere
670 4640 1085 4712 intelligendum
1139 4656 1152 4694 :
1191 4639 1500 4693 Prohibitus
1550 4655 1666 4692 sum
1693 4655 1855 4710 usque
1902 4638 2099 4705 adhuc,

511 4742 841 4803 exspectans
877 4732 1053 4787 donec
1099 4730 1225 4786 ﬁdei
1278 4731 1492 4787 fructus
1542 4731 1595 4785 in
1647 4732 1801 4788 vobis
1838 4733 2098 4789 viderem.

513 4826 804 4892 Quomodo
852 4826 1021 4897 igitur
1073 4826 1314 4882 fructum
1374 4826 1650 4882 feremus?
1702 4827 1834 4894 Quae
1893 4827 2100 4884 utilitas

514 4919 782 4971 adventus
824 4918 942 4971 tui?
976 4918 1093 4972 Imo
1122 4933 1252 4973 vero
1295 4918 1503 4984 multa;
1538 4933 1645 4973 non
1680 4919 1850 4987 enim,
1899 4920 2098 4991 inquit,

515 5023 710 5063 omnes
748 5008 987 5077 fructus,
1032 5020 1089 5065 at
1136 5010 1359 5081 quidam
1410 5012 1602 5069 saltem
1651 5014 1881 5082 neglecti
1926 5024 2091 5082 sunt;

515 5116 663 5155 nunc
704 5102 864 5157 venio
900 5112 979 5167 ut,
1005 5103 1121 5174 jam
1157 5103 1358 5168 seduli,
1408 5119 1504 5174 per
1538 5121 1625 5160 me
1655 5107 1831 5176 parati
1863 5106 1983 5163 sitis
2026 5109 2094 5163 ad

515 5192 761 5263 reliquos
813 5191 1025 5250 fructus
1070 5195 1352 5253 ferendos.
1388 5195 1602 5253 Etenim
1658 5209 1717 5253 ut
1765 5214 2096 5268 supervaca-

515 5300 679 5341 neum
736 5293 822 5341 est
872 5284 1090 5343 fructus
1130 5288 1365 5345 eximios
1414 5289 1666 5346 edentem
1698 5289 1962 5358 excitare,
2017 5289 2098 5347 sic

599 5470 800 5527 'Rom.
833 5487 872 5539 ι,
904 5472 958 5527 5.
1035 5470 1055 5501 ⁵
1082 5468 1242 5525 Rom.
1280 5486 1320 5534 t,
1347 5470 1433 5524 15.

2029 5553 2259 5623 ΝΟΤᾸΞ,

592 5680 709 5750 (81)
738 5681 881 5738 Idem
902 5678 1059 5739 Pauli
1092 5688 1273 5738 textus
1303 5696 1358 5752 q.
1391 5678 1507 5736 XCI
1532 5678 1841 5750 exponitur.

2201 4660 2309 4697 νων
2352 4640 2568 4713 καρπὸν
2617 4642 2716 4711 τῆς
2746 4642 2986 4705 πίστεως
3017 4644 3075 4694 ὲν
3118 4643 3249 4713 ὑμῖν
3286 4642 3446 4694 ἰδεῖν·
3472 4639 3525 4692 τί
3578 4636 3663 4691 οὑν
3693 4633 3748 4686 ἂν

2197 4735 2291 4789 καὶ
2314 4733 2792 4806 καρποφορῶμεν;
2828 4734 2912 4796 τίς
2954 4735 3112 4805 χρεία
3144 4734 3245 4805 τῆς
3286 4733 3390 4803 σῆς
3428 4728 3746 4802 παρουσίαςς

2198 4827 2369 4899 πολλὴ
2402 4827 2503 4897 μὲν
2527 4822 2621 4880 οῦν
2639 4843 2653 4857 ·
2679 4826 2739 4879 οὑ
2767 4827 2876 4898 γὰρ
2907 4827 3083 4880 πάντα
3110 4826 3202 4879 τὸν
3224 4826 3438 4895 καρπόν
3467 4837 3623 4896 φησιν
3649 4817 3751 4874 ἀνέ-

2200 4936 2384 4990 μενον,
2423 4918 2561 4973 ὰλλὰ
2593 4918 2717 4972 τινὰ
2748 4920 2961 4989 καρπόν
2984 4935 2999 4950 ·
3029 4919 3117 4973 ἵνα
3151 4918 3432 4990 πρόθυμον
3476 4915 3628 4978 αὐτὸς
3654 4929 3747 4964 πα-

2207 5015 2533 5087 ρασκευάσω
2557 5015 2652 5069 καὶ
2678 5013 2788 5068 τῶν
2812 5013 3070 5068 λείποντα
3099 5014 3285 5087 φέρειν
3317 5011 3525 5085 καρπόν
3548 5026 3560 5038 ·
3581 5007 3748 5073 ὥσπερ

2204 5107 2314 5177 γὰρ
2372 5106 2627 5180 περιττὸν
2671 5106 2733 5159 τὺ
2778 5106 2871 5160 τὸν
2922 5106 3142 5170 τελείως
3181 5102 3628 5177 καρποφοροῦντα
3677 5096 3747 5148 δι-

2200 5200 2446 5265 δάσκειν,
2480 5198 2624 5253 οὑτω
2653 5197 2934 5262 παντελῶς
2966 5199 3222 5253 ἐπίπονον
3262 5198 3356 5250 καὶ
3390 5191 3649 5267 μοχθηρὸν
3669 5186 3748 5240 τὸν

2209 5291 2455 5362 μηδόλως
2483 5292 2563 5357 εἰς
2595 5292 2904 5364 εὐκαρπίαν
2937 5289 3238 5365 εὔχρηστον
3265 5289 3344 5358 τῷ
3378 5288 3477 5359 τῆς
3518 5284 3749 5340 διδασκαο
