3978 6218
232 198 376 263 1117

906 193 1007 252 AD
1050 184 1644 250 AMPHILOCHIUM
1682 184 2031 257 QUESTIO
2069 179 2859 248 CCLXXXIV-‘CCLXXXVI

3386 167 3526 239 1118

232 311 364 374 λίας
390 308 617 379 ἀρότρῳ
636 303 1031 378 ἐξεργάζεσθαι
1069 300 1166 355 καὶ
1199 299 1463 370 ἀροτριᾷν
1483 314 1498 329 ⁸
1525 299 1574 350 εί
1597 297 1704 370 γὰρ
1740 298 1836 350 καὶ

1970 294 2098 350 nulti
2127 304 2183 350 et
2208 291 2446 363 improbi
2482 290 2689 345 laboris
2721 300 2805 345 est
2834 301 2964 343 arva
3005 286 3256 358 frugibus
3300 285 3530 341 minime

232 405 457 475 κλητοὶ,
487 400 604 455 ἀλλ’
633 394 728 453 οῦν
762 397 919 469 χρεία
949 395 1044 449 καὶ
1076 394 1180 462 τῆς
1224 391 1431 455 οἰκείας
1461 390 1837 462 προαιρέσεως

232 497 337 550 καὶ
376 494 616 565 σπουδῆς
637 508 655 525 ·
696 511 717 545 ι
764 490 919 545 Ἐπεὶ
956 488 1053 543 καὶ
1099 486 1287 541 πολλοὶ
1323 483 1535 556 κλητοὶ,
1583 483 1753 554 ὀλίγοι
1777 482 1838 536 δὲ

233 585 517 641 ἐκλεκτοί.
551 604 571 638 ι

769 799 1103 855 ΕΡΩΤΗΣΙΣ
1156 797 1326 852 ΣΠΕ’.

242 966 312 1021 Τί
335 966 474 1018 ἐστι
496 978 511 993 ⁸
544 931 941 1025 «Δικαιοσύνη
956 960 1067 1028 γὰρ
1092 958 1242 1013 Θεοῦ
1265 957 1337 1011 ἐν
1357 955 1516 1022 αὐτῷ
1530 955 1842 1011 ἀποκαλύ-

866 1047 1076 1085 πτεται
1095 1047 1115 1095 ;
1146 1050 1165 1082 ι

1966 398 2092 463 apta
2147 396 2334 444 aratro
2370 387 2637 443 doctrinae
2664 394 2878 441 vertere
2900 394 2957 440 et
2981 385 3254 451 subigere.
3285 382 3345 439 Si
3382 383 3529 438 enim

1941 481 2125 537 vocati
2171 478 2333 545 estis,
2369 488 2428 533 at
2453 477 2616 532 vobis
2655 490 2794 546 opus
2827 485 2911 530 est
2948 476 3167 546 propria
3205 485 3384 531 vestra
3417 475 3533 529 ele-

1940 571 2147 637 ctione,
2180 568 2423 639 propriis
2455 565 2673 632 studiis,
2715 582 2736 618 ‹
2765 563 2919 619 Multi
2968 565 3114 620 enim
3165 573 3294 620 sunt
3328 564 3532 630 vocati,

1942 661 2106 734 pauci
2129 675 2263 715 vero
2297 658 2453 714 electi
2473 659 2518 713 ⁵.
2551 676 2572 711 ι

1951 792 2284 864 QUIESTIO
2340 789 2956 864 οοιΧΧξῩ-Ερίδικ
3002 788 3295 859 ccxmx,
3364 788 3543 844 Taur.‘

2511 859 2911 918 CCLXXXVIII
2936 859 2981 933 ].

2002 959 2149 1027 Quid
2175 960 2247 1017 sit
2276 974 2297 1015 :
2332 956 2608 1012 (‘Justitia
2645 956 2786 1008 enim
2819 952 2915 1007 Dei
2947 953 3005 1007 in
3039 969 3099 1008 eo
3130 952 3421 1008 revelatur?
3460 971 3477 1003 ι

898 1144 1042 1194 Edita
1070 1157 1099 1193 a
1128 1143 1254 1193 Maio
1285 1142 1343 1206 (1.
1376 1155 1421 1192 c.
1455 1156 1505 1205 p.
1540 1141 1648 1204 145,
1678 1140 1790 1200 ill,
1821 1152 1855 1203 q

1970 1110 2037 1202 Β).
2059 1164 2121 1174 -
2151 1134 2447 1198 Explanatio
2476 1134 2529 1182 in
2559 1131 2704 1180 Rom.
2732 1140 2767 1189 ι,
2800 1126 2876 1176 17.

316 1235 649 1307 Δικαιοσύνη
680 1235 789 1306 γὰρ
813 1232 972 1300 Θεοῦ,
999 1232 1305 1299 τουτέστιν,
1344 1234 1380 1302 ή
1400 1232 1714 1302 δικαιοσύνη
1748 1228 1844 1284 τοῦ

239 1331 388 1385 Θεοῦ
412 1332 470 1383 ἐν
488 1328 565 1399 τῷ
588 1327 908 1397 Εὑαγγελίῳ
927 1325 1096 1383 αὐτοῦ
1126 1324 1579 1379 ἀποκαλύπτεται
1609 1325 1706 1379 καὶ
1740 1340 1845 1392 ερα-

242 1420 509 1493 νεροῦται
528 1436 543 1451 ·
581 1418 700 1482 πῶς
728 1417 823 1472 καὶ
850 1418 970 1473 τίνα
990 1416 1225 1489 τρόπον;
1258 1418 1324 1470 ὲκ
1359 1416 1597 1480 πίστεως
1624 1415 1725 1484 μὲν
1752 1413 1846 1468 τοῦ

2018 1226 2240 1283 Justitia
2278 1224 2427 1281 enim
2464 1221 2584 1289 Dei,
2615 1221 2669 1276 id
2693 1229 2799 1284 est,
2835 1216 3050 1291 justitia
3081 1215 3176 1271 Dei
3204 1216 3259 1270 in
3291 1213 3541 1282 Evnnge-

1949 1320 2025 1375 lio
2059 1334 2164 1374 suo
2210 1316 2458 1372 revelata
2504 1324 2560 1370 et
2608 1321 2836 1369 retecta.
2883 1308 3214 1377 Quomodo?
3251 1307 3479 1363 Proﬁuit
3509 1321 3540 1359 e

1950 1414 2057 1471 ﬁde
2096 1412 2503 1485 proselytorum
2538 1406 2770 1478 justitiae
2818 1404 3016 1460 divina:
3060 1399 3436 1456 manifestatio
3481 1410 3537 1453 et

245 1489 595 1585 προσιόντος,
622 1511 724 1582 τὴν
752 1509 928 1582 ἀρχὴν
958 1509 1313 1581 λαμϐάνουσα
1356 1509 1457 1579 τῆς
1482 1507 1845 1580 φανερώσεως

1970 1504 2235 1571 evelatio,
2281 1513 2589 1570 rursusque
2613 1496 2828 1569 justitia
2874 1494 3162 1550 credentes
3190 1489 3444 1561 propellit
3486 1496 3544 1543 et

246 1608 345 1661 καὶ
380 1604 809 1675 ἀποκαλύψεως·
851 1605 934 1668 είς
971 1603 1156 1657 πίστιν
1186 1602 1243 1657 δὲ
1276 1602 1595 1672 προάγουσα
1628 1602 1725 1655 καλ⁸
1755 1618 1847 1655 τε-

248 1699 479 1751 λειοῦσα
508 1696 600 1750 τὸν
634 1695 1078 1761 πεπιστευκότα,
1109 1694 1378 1764 εἰλικρινῆ
1424 1695 1519 1748 καὶ
1551 1692 1847 1764 ἀκέραιον

249 1790 353 1860 οὐχ
382 1791 450 1859 ἢν
466 1789 654 1859 τέχναι
681 1786 1099 1858 συγκροτοῦσιν,
1119 1786 1235 1840 ἀλλ’
1260 1786 1331 1857 ἢν
1358 1787 1392 1856 ή
1416 1784 1624 1839 ἀνωθεν
1652 1784 1852 1854 ἐλλαμ-

249 1882 345 1951 ψις
374 1878 711 1952 χαριζομένη
736 1878 812 1950 τῷ
844 1880 1030 1950 μέτρῳ
1052 1880 1289 1948 παρέχει
1312 1877 1414 1948 τῆς
1437 1877 1813 1949 προαιρέσεως
1833 1891 1848 1906 ’

212 1964 217 1972 ’
253 1973 399 2043 αῦτη
416 1973 527 2043 γάρ
553 1975 705 2025 ἐστιν
733 1974 768 2044 ή
792 1972 886 2025 τοῦ
915 1972 1053 2026 Θεοῦ
1093 1970 1597 2040 ἀποκαλυπτομένη
1638 1969 1726 2023 διὰ
1755 1967 1851 2022 τοῦ

254 2065 598 2134 Εὑαγγελίου
621 2065 958 2134 δικαιοσύνη,
980 2066 1064 2118 ὅτι
1087 2066 1308 2135 σπέρμα
1333 2063 1571 2125 πίστεως
1594 2062 1850 2131 εὑροῦσα,

256 2159 477 2230 καρπὸν
507 2157 810 2229 βλαστῆσαι
842 2157 1227 2227 παρεσκεύασε
1246 2156 1483 2216 πίστεως
1504 2154 1729 2207 ’ἔστιδὲ
1758 2155 1855 2206 καὶ

257 2255 440 2316 ἄλλως
468 2251 762 2306 ὑπολαϐεῖν
797 2252 893 2322 τὴν
914 2251 1155 2305 διάνοιαν
1174 2250 1271 2303 τοῦ
1305 2248 1471 2322 ῥητοῦ
1492 2265 1506 2279 ·
1525 2249 1605 2301 ὅτι
1628 2251 1683 2301 ἐν
1706 2246 1855 2317 αὐτῷ

258 2344 339 2415 τῷ
363 2343 678 2397 πιστεύοντι
708 2344 742 2411 ἡ
767 2342 1083 2413 δικαιοσύνη
1129 2340 1225 2394 τοῦ
1259 2339 1396 2394 Θεοῦ
1428 2338 1732 2411 καθορᾶται
1765 2340 1856 2393 καὶ

256 2436 633 2506 γινώσκεται·
666 2435 749 2487 ὅτι
792 2435 999 2505 μικρὰν
1045 2433 1231 2486 πίστιν
1258 2431 1633 2504 προαιρέσεως
1677 2430 1857 2484 λαϐὼν

259 2548 337 2583 πα
349 2528 398 2600 ρ’
422 2526 611 2589 αὑτοῦ,
628 2526 757 2595 ὅλην
779 2525 929 2596 αὐτῷ
952 2526 1052 2597 τὴν
1082 2525 1142 2590 ἐξ
1166 2526 1560 2596 ἀποκαλύψεως
1584 2526 1678 2580 καὶ
1710 2527 1859 2590 θείας

260 2620 523 2690 γνώσεως
562 2617 745 2671 πίστιν
769 2618 1075 2688 παρέσχετο
1097 2659 1112 2684 ,
1139 2620 1203 2671 ὲκ
1242 2618 1343 2688 τῆς
1368 2617 1596 2683 ἀτελοῦς
1622 2618 1859 2683 πίστεως

262 2715 346 2776 εἰς
404 2710 646 2782 μεγάλην
698 2710 862 2763 αὑτὸν
908 2712 1334 2781 χειραγωγήσας
1385 2711 1479 2765 καὶ
1526 2712 1861 2782 καταρτίσας

263 2807 507 2868 πίστεως
539 2803 852 2875 τελειότητα
880 2820 895 2835 ·
928 2799 1046 2858 εἶτα
1067 2802 1250 2866 καθὼς
1276 2803 1587 2876 γέγραπται
1612 2822 1626 2836 ·
1656 2822 1677 2856 ‹
1726 2805 1784 2859 '0
1803 2804 1860 2858 δὲ

264 2900 475 2961 δίκαιος
496 2897 562 2951 ὲκ
580 2896 819 2958 πίστεως
843 2896 1067 2967 ζήσεται
1092 2911 1106 2925 °
1132 2914 1151 2947 ι
1192 2895 1268 2966 μὴ
1319 2895 1544 2967 νομίσῃς
1600 2896 1679 2962 δὲ,
1712 2898 1868 2966 φησὶ,
1898 2900 1941 2960 c

268 2987 463 3041 καινὸν
493 2985 589 3039 καὶ
612 2984 926 3055 πρόσφατον
952 3000 966 3013 ·
1031 2982 1187 3035 τοῦτο
1239 2986 1560 3055 προφητικῇ
1590 2986 1742 3055 φωνῇ
1767 2984 1861 3039 τοῦ

282 3078 602 3148 Ἀϐϐακοῦμ
630 3077 837 3132 ἄνωθεν
864 3075 1407 3147 προανακηρύττεται
1428 3093 1442 3107 ο
1468 3077 1601 3147 ποίᾳ
1644 3077 1820 3151 ταύτῃ
1845 3096 1859 3142 ;

273 3190 296 3225 ι
318 3172 379 3226 '0
404 3173 464 3226 δὲ
487 3170 692 3233 δίκαιος
707 3172 772 3224 ὲκ
796 3168 1030 3232 πίστεως
1056 3169 1304 3238 ζήσεταιο
1339 3187 1357 3221 ι
1384 3170 1683 3236 τουτέστιν,
1714 3171 1860 3243 ήτοῦ

268 3265 484 3319 δικαίου
512 3264 610 3317 καὶ
626 3262 914 3316 σπουδαίου
943 3264 1078 3331 ζωή’
1093 3262 1301 3316 δίκαιον
1330 3262 1439 3335 γὰρ
1454 3263 1546 3316 τὸν
1568 3265 1746 3317 πᾶσαν
1765 3263 1864 3335 τὴν

271 3358 477 3429 ἀρετήν
503 3354 928 3428 κατορθώσαντα
978 3354 1073 3409 νῦν
1123 3353 1310 3424 λέγει·
1347 3356 1538 3409 τούτου
1574 3354 1714 3427 οῦνὴ
1748 3356 1864 3428 ζωὴ

272 3448 461 3501 πίστει
491 3447 611 3500 ἐστὶ
634 3446 1016 3517 περατουμένη
1047 3447 1142 3500 καὶ
1176 3464 1239 3501 συ
1249 3448 1538 3519 μπεριλαμ
1554 3448 1826 3520 ϐανομένη
1846 3466 1860 3478 ·

276 3540 506 3610 ἄρχεται
547 3539 645 3608 μὲν
664 3540 772 3609 γὰρ
797 3538 905 3594 ὰπὸ
933 3538 1033 3608 τῆς
1064 3540 1207 3593 κατά
1241 3540 1559 3611 προαίρεσιν
1582 3541 1819 3605 πίστεως
1844 3558 1861 3574 ο

275 3632 503 3702 τελευτᾷ
538 3631 595 3683 δὲ
632 3631 729 3684 καὶ⁹
772 3630 1218 3699 ἀποπερατοῦται
1270 3634 1349 3694 είς
1376 3632 1476 3702 τὴν
1523 3634 1665 3685 κατά
1715 3633 1866 3688 θείαν

276 3723 625 3791 ἀποκάλυψιν
650 3724 837 3776 πίστιν
859 3739 872 3754 ο
902 3723 981 3777 διδ
1002 3724 1091 3778 ἀεὶ
1122 3724 1150 3776 ὁ
1174 3723 1383 3785 δίκαιος
1409 3723 1473 3776 ὲκ
1502 3723 1737 3788 πίστεως
1764 3724 1864 3794 ζῆσ

276 3816 340 3870 τὺ
368 3817 429 3870 δὲ
465 3816 723 3885 ζήσεται,
758 3816 839 3868 ὃτι
873 3816 972 3870 οὐκ
1004 3814 1167 3885 έζησε
1196 3814 1314 3885 μὲν,
1334 3814 1601 3870 παύσεται
1629 3814 1706 3881 δὲ,
1734 3816 1868 3871 ἀλλὰ

276 3908 378 3962 καὶ
434 3908 603 3961 είσέτι
636 3907 888 3978 ζήσεται,
937 3907 1013 3971 ὡς
1055 3908 1149 3960 καὶ
1194 3908 1458 3979 πρότερον
1490 3907 1661 3977 ζήσας
1687 3923 1701 3939 ’
1732 3909 1869 3979 ὅπερ

280 3997 398 4053 ἴσον
419 4000 524 4069 τῷ,
554 4000 641 4053 ἀεὶ
665 3999 732 4070 ζῇ
760 4002 823 4052 ἐκ
850 4000 1084 4063 πίστεως
1115 4015 1132 4032 ο
1162 3999 1222 4052 τὸ
1253 3999 1307 4052 δὲ
1335 3998 1596 4067 (ridetur.
1616 3998 1868 4062 ἀντὶτοῦ,

279 4089 368 4144 διὰ
410 4088 614 4153 παντὸς
644 4090 702 4142 ὲν
730 4089 868 4160 αὐτῇ
894 4088 1047 4159 ἔσται
1089 4089 1185 4142 καὶ
1213 4090 1634 4159 στηριχθήσεται
1663 4103 1679 4118 ·
1731 4088 1871 4142 ὥστε

282 4181 422 4255 μηδὲ
443 4183 543 4253 ζῇν
575 4180 852 4254 αἱρεῖσθαι
881 4182 1052 4253 χωρὶς
1071 4181 1264 4249 αὐτῆς,
1290 4181 1423 4252 μηδὲ
1444 4182 1724 4236 ἀναπνεῖν.

796 4291 1133 4346 raporum
1158 4291 1341 4358 znq'.

291 4452 353 4507 Τί
378 4451 511 4505 ἐστι
545 4451 609 4505 τὸ
634 4449 795 4517 παρὰ
825 4447 907 4515 τῷ
949 4449 1284 4515 Ἄποστόλῳ
1312 4449 1625 4519 ειρημένον
1648 4464 1664 4481 ⁸
1700 4468 1720 4503 ι
1754 4452 1876 4504 Πα-

598 4521 819 4590 ράδοτε
844 4519 1032 4574 αὐτὸν
1072 4519 1152 4585 τῷ
1181 4519 1462 4589 rane/(1';
1500 4539 1521 4572 ι

1956 1595 2248 1653 conﬁrmat
2278 1594 2331 1649 in
2358 1592 2518 1648 ﬁdem
2541 1604 2735 1662 puram
2773 1595 2939 1658 atque
2970 1586 3345 1653 incorruptam
3374 1597 3538 1653 quam

1955 1703 2066 1743 non
2102 1697 2251 1743 artes
2279 1686 2545 1751 indicant,
2582 1684 2677 1739 sed
2702 1683 2878 1753 gratia
2908 1679 3098 1734 divina
3117 1676 3354 1746 desuper
3384 1674 3544 1729 nobis

1957 1788 2154 1848 sponte
2198 1791 2297 1832 sua
2334 1773 2550 1829 tribuit.
2597 1770 2727 1826 Haec
2764 1777 2850 1825 est
2873 1769 3023 1824 enim
3056 1765 3240 1820 divina
3267 1764 3361 1819 illa
3389 1779 3544 1819 reve-

1957 1864 2066 1920 lata
2134 1879 2233 1936 per
2286 1861 2640 1933 Evangelium
2691 1857 2944 1931 justitia,
2991 1872 3114 1927 qua:
3161 1856 3378 1910 inventa
3419 1853 3545 1908 ﬁdei

1958 1954 2173 2010 semina
2216 1952 2348 2009 fecit
2396 1960 2459 2007 ut
2495 1952 2873 2022 germinarent
2921 1948 3048 2004 ﬁdei
3094 1947 3327 2003 fructus.
3376 1946 3548 2000 Aliter

1964 2054 2144 2100 tamen
2174 2044 2343 2112 hujus
2372 2043 2523 2098 verbi
2554 2057 2752 2098 sensus
2788 2040 3019 2111 intelligi
3047 2047 3260 2110 potest,
3290 2040 3364 2093 ita
3399 2039 3548 2094 scili-

1961 2146 2049 2194 cet
2082 2156 2096 2191 :
2132 2138 2322 2192 Divina
2353 2136 2652 2207 percipitur
2697 2143 2753 2190 et
2779 2135 3122 2205 dignoscitur
3152 2131 3362 2203 justitia
3414 2130 3550 2200 ipsis

1963 2229 2019 2283 in
2079 2229 2431 2283 credentibus
2471 2227 2591 2298 qui.
2657 2236 2949 2298 postquam
3008 2226 3117 2280 Deo
3176 2223 3550 2295 praestiterunt

1964 2318 2235 2372 modicam
2295 2334 2361 2371 ex
2414 2319 2700 2372 voluntate
2757 2316 2944 2381 ﬁdem,
2982 2316 3254 2385 integram
3302 2314 3549 2370 vicissim

1964 2410 2241 2479 accipiant
2280 2408 2634 2463 revelationis
2671 2417 2727 2463 et
2765 2408 2963 2463 divina:
3000 2407 3246 2463 scientiae
3279 2406 3463 2471 ﬁdem,
3498 2415 3554 2459 ct

1965 2515 2033 2555 ex
2064 2500 2213 2554 inani
2246 2499 2486 2570 quadam
2522 2497 2626 2552 ﬁde
2658 2496 2726 2551 ad
2772 2512 3046 2552 summam
3078 2496 3230 2551 illam
3273 2494 3397 2549 ﬁdei
3426 2510 3553 2563 pero

1967 2590 2285 2651 lectionem,
2341 2588 2499 2659 quasi
2559 2602 2724 2642 manu
2787 2587 3055 2657 perducti,
3116 2585 3548 2641 constituuntur.

1969 2683 2126 2752 Quod
2154 2692 2338 2737 autem
2378 2680 2577 2736 deinde
2612 2681 2878 2750 scriptum
2914 2688 2999 2734 est
3032 2696 3045 2732 :
3079 2697 3098 2731 ι
3131 2676 3322 2733 Justus
3363 2676 3418 2730 in
3450 2676 3554 2730 ﬁde

1970 2792 2071 2832 sua
2132 2776 2280 2833 vivet
2309 2776 2353 2841 ⁸,
2394 2789 2463 2829 ne
2491 2774 2798 2838 existimes,
2850 2771 3051 2842 inquit,
3093 2772 3200 2826 hoc
3244 2785 3449 2825 novqu
3500 2777 3554 2823 et

1974 2886 2169 2926 recens
2197 2886 2341 2927 esse.
2372 2868 2490 2924 Hoc
2521 2868 2850 2939 jampridem
2899 2865 3043 2921 enim
3076 2863 3395 2935 prophetica
3422 2877 3555 2917 voce

1976 2961 2235 3018 Habacuc
2288 2962 2691 3032 proclamatum
2747 2967 2854 3015 est.
2910 2956 3232 3024 Quomodo?
3284 2973 3303 3008 ι
3360 2954 3552 3011 Justus

1974 3064 2156 3109 autem
2188 3054 2244 3109 in
2273 3054 2379 3108 ﬁde
2423 3068 2523 3108 sua
2556 3050 2768 3106 vivet".
2805 3068 2824 3101 ι
2867 3048 2982 3106 Hoc
3014 3049 3117 3103 viri
3144 3046 3301 3119 probi
3340 3056 3396 3103 et
3416 3046 3554 3117 justi

1964 3147 2135 3200 vitam
2173 3145 2468 3216 signiﬁcat.
2520 3141 2710 3198 Justus
2744 3141 2890 3197 enim
2922 3148 3181 3195 censetur
3224 3138 3321 3210 qui
3363 3139 3550 3193 omnia

1964 3252 2089 3291 cum
2117 3237 2317 3291 virtute
2347 3236 2507 3305 gerit.
2537 3233 2687 3289 Illius
2714 3248 2844 3300 ergo
2876 3232 2986 3287 vita
3022 3232 3078 3285 in
3105 3230 3211 3286 ﬁde
3246 3244 3347 3286 sua
3393 3229 3555 3300 quasi

1965 3327 2363 3398 comprehensa
2395 3335 2450 3380 et
2487 3326 2675 3380 clausa
2701 3330 2807 3389 εει,
2842 3331 2897 3377 ει
2934 3338 2965 3377 a
3000 3322 3107 3377 ﬁde
3137 3320 3451 3376 voluntaria
3480 3321 3557 3374 in-

1966 3417 2121 3487 cipit.
2163 3415 2509 3471 Postremum
2563 3427 2691 3467 vero
2736 3412 2803 3465 ad
2854 3410 3014 3464 ﬁdem
3057 3424 3090 3464 e
3135 3408 3319 3463 divina
3378 3416 3555 3462 ortam

1968 3509 2305 3564 revelatione
2345 3505 2614 3577 pervenit.
2656 3503 3027 3569 Quamobrem
3070 3500 3331 3556 continuo
3374 3500 3558 3568 justus

1968 3603 2024 3657 in
2059 3602 2166 3659 ﬁde
2197 3616 2296 3657 sua
2326 3599 2499 3665 vivit;
2542 3597 2808 3666 scriptum
2854 3603 2960 3660 est,
2991 3594 3159 3660 vivet,
3206 3592 3260 3648 id
3301 3600 3406 3657 est,
3446 3590 3557 3645 vita

1965 3694 2079 3765 jam
2124 3693 2326 3756 caruit,
2370 3691 2502 3745 vita:
2548 3688 2674 3743 ﬁnis
2725 3688 2856 3753 erit,
2886 3696 2942 3740 at
2970 3685 3228 3754 deinceps
3266 3682 3560 3737 reviviscet

1970 3788 2031 3837 ut
2063 3782 2217 3852 prius
2275 3778 2504 3844 vixerit;
2551 3792 2788 3848 quorum
2827 3789 3025 3830 sensus
3066 3774 3210 3828 idem
3266 3780 3354 3826 est
3395 3780 3560 3840 atque

1971 3874 2065 3930 ille
2094 3892 2109 3929 :
2134 3874 2191 3928 in
2223 3871 2329 3926 ﬁde
2355 3885 2455 3927 sua
2491 3869 2754 3924 continuo
2789 3867 2946 3931 vivit,
2982 3865 3087 3919 hoc
3118 3871 3299 3917 autem
3332 3861 3554 3915 verbum

1970 3971 2103 4024 vivet
2130 3968 2356 4039 ponitur
2378 3978 2477 4036 pro
2505 3981 2520 4020 :
2552 3963 2607 4018 in
2639 3963 2731 4018 illa
2762 3970 3026 4033 perpetuo
3052 3958 3157 4014 erit
3180 3966 3237 4013 et
3266 3956 3559 4014 conﬁrma-

1972 4061 2156 4129 bitur;
2193 4057 2271 4114 ita
2316 4064 2377 4112 ut
2428 4055 2549 4113 sine
2596 4055 2691 4111 illa
2736 4068 2840 4109 nec
2878 4052 3084 4120 vivere,
3134 4063 3237 4105 nec
3281 4046 3558 4118 respirare

1974 4153 2172 4226 possit.

2047 4282 2381 4355 QUIESTIO
2426 4279 2782 4369 CCIJ‘KXXYI
2847 4277 3057 4403 {00531.
3110 4273 3268 4343 CCC,
3318 4272 3488 4328 Taur.

2557 4350 2842 4403 (LLXXX
2871 4348 2959 4403 XL

2557 4348 2959 4421 chxxmx].

1975 4452 2094 4519 Quo
2132 4457 2329 4523 spectet
2369 4447 2466 4502 hoc
2500 4442 2998 4569 Aposs‘t‘p‘llimzirbpm
3025 4456 3045 4496 :
3079 4460 3099 4493 ι
3131 4438 3351 4493 Tradite
3407 4434 3561 4492 illum

2639 4525 2817 4568 atauo:
2833 4525 2877 4565 ⁵.
2913 4532 2932 4565 ι

874 4638 1020 4689 Edita
1052 4654 1080 4690 a
1111 4638 1236 4689 Maio
1264 4638 1322 4702 (l.
1357 4653 1402 4689 c.
1435 4653 1484 4703 p.
1513 4639 1620 4702 ιιι,
1651 4653 1701 4703 q.
1727 4639 1863 4704 296).
1886 4667 1947 4681 --
1968 4640 2095 4701 Quid
2118 4638 2184 4689 sit
2211 4636 2410 4687 tradere
2440 4633 2650 4691 Satanae,
2678 4631 2696 4680 l
2730 4629 2841 4680 Cor.
2866 4641 2915 4688 v,
2942 4628 2989 4677 5.

360 4724 489 4777 Ὅτι
502 4722 561 4775 τὸ
581 4720 913 4793 παραδοῦναι
936 4722 1099 4776 αὑτὸν
1115 4723 1194 4795 τῷ
1214 4725 1429 4794 Σατανᾷ
1444 4721 1678 4794 περὶτοῦ
1702 4725 1883 4794 ἡμαρ-

289 4815 520 4886 τηκότος
563 4810 856 4884 Κορινθίου
905 4812 983 4884 τῷ
1009 4813 1284 4885 θεσπεσίῳ
1313 4814 1509 4885 Παύλῳ
1565 4814 1879 4885 εἰρημένον,

294 4910 429 4974 ἔστι,
461 4906 618 4977 φησὶ,
646 4906 848 4972 ἐξῶσαι
877 4906 1042 4960 αὐτὸν
1062 4906 1505 4979 τῆςἘκκλησίας
1524 4922 1539 4939 ο
1567 4906 1617 4959 οἱ
1640 4904 1748 4975 γὰρ
1777 4903 1886 4957 τῶν

307 4999 648 5071 Ἐκκλησιῶν
700 4997 1101 5069 ἐξωθούμενοι,
1135 4997 1241 5065 ἔξω
1267 5003 1366 5071 τῆς
1409 4999 1558 5063 θείας
1609 4998 1886 5069 γινόμενοι

297 5090 661 5163 κηδεμονίας,
721 5090 827 5144 ὑπὸ
885 5092 982 5163 τὴν
1041 5091 1238 5163 βουλὴν
1292 5091 1388 5146 καὶ
1420 5091 1518 5163 τὴν
1568 5089 1884 5145 δυναστείαν

298 5185 558 5238 πίπτουσι
601 5185 702 5256 τὴν
763 5184 1011 5237 ὲκείνουο
1064 5184 1246 5248 καλῶς
1279 5184 1337 5237 δὲ
1388 5184 1638 5253 ἐπήγαγε
1661 5181 1755 5234 καὶ
1788 5179 1881 5232 τό*

303 5301 323 5333 ι
344 5281 435 5344 Εἰς
455 5278 677 5350 δλεθρον
691 5280 789 5350 τῆς
809 5281 1033 5351 σαρκὸς,
1048 5301 1067 5333 ι
1091 5282 1305 5345 δεικνὺς
1321 5281 1401 5333 ὅτι
1420 5279 1539 5331 οὐδὲ
1556 5276 1711 5331 τοῦτο
1730 5277 1888 5344 ἀφει-

299 5373 384 5446 δίᾳ
412 5374 561 5426 ποιεῖ
583 5372 677 5425 καὶ
710 5371 880 5441 μίσει,
904 5374 1018 5428 ἀλλ’
1044 5375 1129 5429 ἵνα
1152 5377 1220 5446 τῇ
1248 5374 1416 5445 πείρᾳ
1440 5372 1659 5441 γνόντες
1688 5368 1748 5421 τὸ
1773 5367 1888 5421 διὰ-

302 5483 486 5538 φορεν,
538 5464 677 5536 πρὸς
729 5465 1095 5539 μεταμέλειαν
1152 5466 1449 5522 νεύσωσιν’
1501 5461 1644 5517 οὕτω
1686 5476 1746 5513 τε
1786 5459 1887 5527 τῆς

2053 4719 2167 4776 Ηοε
2188 4719 2441 4784 verbum,
2476 4735 2495 4768 ‹
2526 4712 2750 4769 Tradite
2779 4711 2931 4764 illum
2951 4709 3190 4775 Satanae,
3219 4725 3238 4759 ι
3260 4705 3405 4777 quod
3433 4721 3563 4776 pro-

1983 4822 2104 4886 pter
2131 4810 2403 4868 Corinthii
2443 4814 2726 4879 peccatum
2757 4802 2919 4859 divus
2958 4801 3127 4857 edidit
3152 4798 3378 4865 Paulus,
3420 4799 3563 4855 idem

1982 4920 2069 4964 est
2108 4921 2175 4961 ac
2220 4906 2268 4961 si
2314 4902 2584 4959 dixisset:
2611 4898 2811 4970 Ejicite
2841 4895 2993 4950 illum
3051 4908 3119 4948 ex
3152 4892 3427 4955 Ecclesia;
3469 4892 3565 4963 qui

1982 5000 2133 5056 enim
2171 4996 2387 5068 expulsi
2442 5002 2573 5051 sunt
2618 5007 2685 5047 ex
2725 4987 2971 5045 Ecclesia
3017 4993 3074 5042 et
3114 4986 3273 5057 ejecti
3303 5000 3334 5041 e
3381 4985 3567 5041 divina

1987 5097 2305 5145 sanctorum
2345 5084 2631 5148 aﬁinitate,
2678 5076 2907 5134 arbitrio
2956 5084 3011 5131 et
3053 5075 3314 5147 potestati
3347 5074 3567 5131 Satanae

1982 5180 2413 5253 permittuntur;
2476 5183 2532 5230 et
2575 5172 2780 5243 optime
2841 5167 3086 5239 adjecit:
3124 5186 3142 5219 ι
3173 5165 3230 5221 In
3284 5166 3563 5222 interitum

1984 5270 2167 5326 carnis
2190 5270 2249 5334 ’;
2284 5286 2303 5319 ι
2342 5264 2637 5322 ostendens
2686 5262 2758 5317 ita
2792 5274 2852 5316 se
2882 5257 3110 5313 minime
3144 5254 3483 5312 crudelitatis
3512 5266 3569 5312 ct

1985 5362 2094 5418 odii
2124 5373 2292 5416 causa
2310 5358 2363 5412 id
2382 5356 2586 5418 facere.
2608 5351 2703 5409 sed
2721 5347 3050 5419 utexemplo
3079 5346 3250 5414 docti,
3293 5357 3562 5418 quantum

1988 5460 2275 5513 interesset
2309 5453 2479 5509 Deum
2510 5450 2651 5507 inter
2674 5463 2738 5506 ac
2770 5445 3057 5511 Satanam,
3088 5440 3154 5498 ad
3186 5441 3562 5515 paenitentiam

384 5652 620 5710 “Matth.
646 5665 741 5719 ιτ,
774 5649 860 5706 16.
937 5650 957 5683 ⁸
980 5648 1141 5705 Rom.
1183 5665 1221 5715 ι,
1254 5649 1342 5703 Π.
1417 5650 1436 5683 ⁷
1463 5649 1669 5705 llabac.
1709 5664 1770 5712 ιι,
1805 5644 1855 5698 4.

1980 5642 2000 5699 l
2040 5642 2173 5701 Cor.
2205 5654 2257 5707 v,
2297 5637 2351 5696 5.
2425 5639 2446 5671 ’
2470 5635 2603 5694 ibid.
