  <div class='ocr_page' id='page_1' title='image "/cluster/home/n/w/nwhite01/storage/ocr_20150623/101 pt.1/mdp.39015061955830/583.png"; bbox 0 0 3978 6218; ppageno 0'>
   <div class='ocr_carea' id='block_1_1' title="bbox 457 214 684 295">
    <p class='ocr_par' dir='ltr' id='par_1_1' title="bbox 457 214 684 295">
     <span class='ocr_line' id='line_1_1' title="bbox 457 214 684 295; baseline 0.009 -2"><span class='ocrx_word' id='word_1_1' title='bbox 457 228 598 295; x_wconf 85' lang='lat'><strong>1119</strong></span> <span class='ocrx_word' id='word_1_2' title='bbox 675 214 684 220; x_wconf 84' lang='grc'><strong>’</strong></span> 
     </span>
    </p>
   </div>
   <div class='ocr_carea' id='block_1_2' title="bbox 1550 231 2519 298">
    <p class='ocr_par' dir='ltr' id='par_1_2' title="bbox 1550 231 2519 298">
     <span class='ocr_line' id='line_1_2' title="bbox 1550 231 2519 298; baseline 0.005 -5"><span class='ocrx_word' id='word_1_3' title='bbox 1550 232 1816 294; x_wconf 84' lang='grc' dir='ltr'>ΡΗΟΤῙῙ</span> <span class='ocrx_word' id='word_1_4' title='bbox 1853 231 2362 296; x_wconf 63' lang='grc' dir='ltr'><strong>ΡΑΤΒΙΛΒΟΗΆΕ</strong></span> <span class='ocrx_word' id='word_1_5' title='bbox 2409 235 2519 298; x_wconf 80' lang='lat' dir='ltr'><strong>CP.</strong></span> 
     </span>
    </p>
   </div>
   <div class='ocr_carea' id='block_1_3' title="bbox 3573 239 3713 308">
    <p class='ocr_par' dir='ltr' id='par_1_3' title="bbox 3573 239 3713 308">
     <span class='ocr_line' id='line_1_3' title="bbox 3573 239 3713 308; baseline 0.029 -4"><span class='ocrx_word' id='word_1_6' title='bbox 3573 239 3713 308; x_wconf 73' lang='lat'><strong>1120</strong></span> 
     </span>
    </p>
   </div>
   <div class='ocr_carea' id='block_1_4' title="bbox 453 347 2038 430">
    <p class='ocr_par' dir='ltr' id='par_1_4' title="bbox 453 347 2038 422">
     <span class='ocr_line' id='line_1_4' title="bbox 453 347 2038 422; baseline 0.002 -18"><span class='ocrx_word' id='word_1_7' title='bbox 453 353 789 419; x_wconf 72' lang='lat' dir='ltr'><strong>spectarent,</strong></span> <span class='ocrx_word' id='word_1_8' title='bbox 819 355 983 418; x_wconf 88' lang='lat' dir='ltr'><strong>atque</strong></span> <span class='ocrx_word' id='word_1_9' title='bbox 1017 347 1090 402; x_wconf 88' lang='lat' dir='ltr'><strong>ita</strong></span> <span class='ocrx_word' id='word_1_10' title='bbox 1122 361 1187 401; x_wconf 78' lang='lat' dir='ltr'><strong>ex</strong></span> <span class='ocrx_word' id='word_1_11' title='bbox 1225 354 1492 419; x_wconf 89' lang='lat' dir='ltr'><strong>potestate</strong></span> <span class='ocrx_word' id='word_1_12' title='bbox 1520 347 1723 406; x_wconf 82' lang='lat' dir='ltr'><strong>diaboli</strong></span> <span class='ocrx_word' id='word_1_13' title='bbox 1752 351 1959 422; x_wconf 63' lang='lat' dir='ltr'><strong>egresisi</strong></span> <span class='ocrx_word' id='word_1_14' title='bbox 1983 359 2038 408; x_wconf 89' lang='lat' dir='ltr'><strong>et</strong></span> 
     </span>
    </p>
   </div>
   <div class='ocr_carea' id='block_1_5' title="bbox 2141 347 3722 430">
    <p class='ocr_par' dir='ltr' id='par_1_5' title="bbox 2141 351 3722 430">
     <span class='ocr_line' id='line_1_5' title="bbox 2141 351 3722 430; baseline 0.003 -24"><span class='ocrx_word' id='word_1_15' title='bbox 2141 353 2460 418; x_wconf 77' lang='grc' dir='ltr'><strong>δυναστείας</strong></span> <span class='ocrx_word' id='word_1_16' title='bbox 2487 353 2582 406; x_wconf 87' lang='grc' dir='ltr'><strong>τοῦ</strong></span> <span class='ocrx_word' id='word_1_17' title='bbox 2597 351 2841 408; x_wconf 77' lang='grc' dir='ltr'>διαϐόλου</span> <span class='ocrx_word' id='word_1_18' title='bbox 2875 354 2979 420; x_wconf 80' lang='grc' dir='ltr'><strong>ἔξω</strong></span> <span class='ocrx_word' id='word_1_19' title='bbox 3009 356 3283 427; x_wconf 81' lang='grc' dir='ltr'><strong>γινόμενοι</strong></span> <span class='ocrx_word' id='word_1_20' title='bbox 3311 359 3377 430; x_wconf 82' lang='grc' dir='ltr'><strong>τῇ</strong></span> <span class='ocrx_word' id='word_1_21' title='bbox 3405 356 3500 411; x_wconf 86' lang='grc' dir='ltr'><strong>τοῦ</strong></span> <span class='ocrx_word' id='word_1_22' title='bbox 3534 359 3722 430; x_wconf 72' lang='grc' dir='ltr'>κρείτ-ο</span> 
     </span>
    </p>
   </div>
   <div class='ocr_carea' id='block_1_6' title="bbox 454 437 2039 507">
    <p class='ocr_par' dir='ltr' id='par_1_6' title="bbox 454 437 2039 507">
     <span class='ocr_line' id='line_1_6' title="bbox 454 437 2039 507; baseline 0 -12"><span class='ocrx_word' id='word_1_23' title='bbox 454 440 665 496; x_wconf 79' lang='lat' dir='ltr'><strong>meliori</strong></span> <span class='ocrx_word' id='word_1_24' title='bbox 701 440 969 495; x_wconf 83' lang='lat' dir='ltr'><strong>electione</strong></span> <span class='ocrx_word' id='word_1_25' title='bbox 999 438 1165 507; x_wconf 79' lang='lat' dir='ltr'><strong>facta,</strong></span> <span class='ocrx_word' id='word_1_26' title='bbox 1197 437 1440 494; x_wconf 82' lang='lat' dir='ltr'><strong>futuram</strong></span> <span class='ocrx_word' id='word_1_27' title='bbox 1483 439 1716 495; x_wconf 86' lang='lat' dir='ltr'><strong>salutem</strong></span> <span class='ocrx_word' id='word_1_28' title='bbox 1755 455 2039 497; x_wconf 73' lang='lat' dir='ltr'><strong>mereren-</strong></span> 
     </span>
    </p>
   </div>
   <div class='ocr_carea' id='block_1_7' title="bbox 457 529 2040 602">
    <p class='ocr_par' dir='ltr' id='par_1_7' title="bbox 457 529 2040 602">
     <span class='ocr_line' id='line_1_7' title="bbox 457 529 2040 602; baseline 0.003 -18"><span class='ocrx_word' id='word_1_29' title='bbox 457 539 589 586; x_wconf 91' lang='lat' dir='ltr'><strong>tur:</strong></span> <span class='ocrx_word' id='word_1_30' title='bbox 628 530 774 586; x_wconf 91' lang='lat' dir='ltr'><strong>unde</strong></span> <span class='ocrx_word' id='word_1_31' title='bbox 807 538 861 586; x_wconf 88' lang='lat' dir='ltr'><strong>et</strong></span> <span class='ocrx_word' id='word_1_32' title='bbox 893 530 1135 602; x_wconf 84' lang='lat' dir='ltr'><strong>adjecit:</strong></span> <span class='ocrx_word' id='word_1_33' title='bbox 1171 548 1191 583; x_wconf 80' lang='grc' dir='ltr'><strong>ι</strong></span> <span class='ocrx_word' id='word_1_34' title='bbox 1223 529 1297 586; x_wconf 82' lang='lat' dir='ltr'><strong>Ut</strong></span> <span class='ocrx_word' id='word_1_35' title='bbox 1327 531 1553 602; x_wconf 88' lang='lat' dir='ltr'><strong>spiritus</strong></span> <span class='ocrx_word' id='word_1_36' title='bbox 1570 531 1755 587; x_wconf 89' lang='lat' dir='ltr'><strong>salvus</strong></span> <span class='ocrx_word' id='word_1_37' title='bbox 1770 531 1843 588; x_wconf 89' lang='lat' dir='ltr'><strong>sit</strong></span> <span class='ocrx_word' id='word_1_38' title='bbox 1866 533 1920 587; x_wconf 91' lang='lat' dir='ltr'><strong>in</strong></span> <span class='ocrx_word' id='word_1_39' title='bbox 1950 532 2040 589; x_wconf 88' lang='lat' dir='ltr'><strong>die</strong></span> 
     </span>
    </p>
   </div>
   <div class='ocr_carea' id='block_1_8' title="bbox 457 619 1360 678">
    <p class='ocr_par' dir='ltr' id='par_1_8' title="bbox 457 619 1360 678">
     <span class='ocr_line' id='line_1_8' title="bbox 457 619 1360 678; baseline -0.001 -5"><span class='ocrx_word' id='word_1_40' title='bbox 457 619 674 677; x_wconf 87' lang='lat' dir='ltr'><strong>Domini</strong></span> <span class='ocrx_word' id='word_1_41' title='bbox 706 621 883 678; x_wconf 85' lang='lat' dir='ltr'><strong>nostri</strong></span> <span class='ocrx_word' id='word_1_42' title='bbox 912 619 1044 678; x_wconf 82' lang='lat' dir='ltr'><strong>Jesu</strong></span> <span class='ocrx_word' id='word_1_43' title='bbox 1073 621 1308 678; x_wconf 87' lang='lat' dir='ltr'><strong>Christi.</strong></span> <span class='ocrx_word' id='word_1_44' title='bbox 1342 639 1360 672; x_wconf 77' lang='grc' dir='ltr'><strong>ι</strong></span> 
     </span>
    </p>
   </div>
   <div class='ocr_carea' id='block_1_9' title="bbox 783 811 1694 886">
    <p class='ocr_par' dir='ltr' id='par_1_9' title="bbox 783 811 1694 886">
     <span class='ocr_line' id='line_1_9' title="bbox 783 811 1694 886; baseline -0.001 -16"><span class='ocrx_word' id='word_1_45' title='bbox 783 811 1114 882; x_wconf 73' lang='grc' dir='ltr'>ρυΑεεΤιο</span> <span class='ocrx_word' id='word_1_46' title='bbox 1151 811 1536 870; x_wconf 73' lang='lat' dir='ltr'><strong>ccnxxxvu</strong></span> <span class='ocrx_word' id='word_1_47' title='bbox 1561 814 1694 886; x_wconf 67' lang='lat' dir='ltr'><strong>(se).</strong></span> 
     </span>
    </p>
   </div>
   <div class='ocr_carea' id='block_1_10' title="bbox 458 906 2037 977">
    <p class='ocr_par' dir='ltr' id='par_1_10' title="bbox 458 906 2037 977">
     <span class='ocr_line' id='line_1_10' title="bbox 458 906 2037 977; baseline -0.001 -15"><span class='ocrx_word' id='word_1_48' title='bbox 458 908 600 974; x_wconf 84' lang='lat' dir='ltr'><strong>Quid</strong></span> <span class='ocrx_word' id='word_1_49' title='bbox 628 908 726 963; x_wconf 84' lang='lat' dir='ltr'><strong>hoc</strong></span> <span class='ocrx_word' id='word_1_50' title='bbox 756 910 926 963; x_wconf 83' lang='lat' dir='ltr'><strong>valeat</strong></span> <span class='ocrx_word' id='word_1_51' title='bbox 959 923 977 962; x_wconf 90' lang='lat'><strong><em>:</em></strong></span> <span class='ocrx_word' id='word_1_52' title='bbox 1007 926 1027 959; x_wconf 76' lang='grc' dir='ltr'><strong>ι</strong></span> <span class='ocrx_word' id='word_1_53' title='bbox 1053 907 1116 962; x_wconf 88' lang='grc' dir='ltr'><strong>1η</strong></span> <span class='ocrx_word' id='word_1_54' title='bbox 1149 907 1307 977; x_wconf 78' lang='lat' dir='ltr'><strong>ﬁnem</strong></span> <span class='ocrx_word' id='word_1_55' title='bbox 1357 923 1453 976; x_wconf 85' lang='lat' dir='ltr'><strong>pro</strong></span> <span class='ocrx_word' id='word_1_56' title='bbox 1499 923 1561 960; x_wconf 83' lang='lat' dir='ltr'><strong>ea</strong></span> <span class='ocrx_word' id='word_1_57' title='bbox 1592 922 1710 976; x_wconf 72' lang='lat' dir='ltr'><strong>qua:</strong></span> <span class='ocrx_word' id='word_1_58' title='bbox 1751 906 2037 962; x_wconf 72' lang='lat' dir='ltr'><strong>hwredita-</strong></span> 
     </span>
    </p>
   </div>
   <div class='ocr_carea' id='block_1_11' title="bbox 935 978 1550 1046">
    <p class='ocr_par' dir='ltr' id='par_1_11' title="bbox 935 978 1550 1046">
     <span class='ocr_line' id='line_1_11' title="bbox 935 978 1550 1046; baseline -0.007 -12"><span class='ocrx_word' id='word_1_59' title='bbox 935 991 1041 1034; x_wconf 86' lang='lat' dir='ltr'><strong>tem</strong></span> <span class='ocrx_word' id='word_1_60' title='bbox 1071 978 1409 1046; x_wconf 75' lang='lat' dir='ltr'><strong>consequitur</strong></span> <span class='ocrx_word' id='word_1_61' title='bbox 1432 978 1497 1031; x_wconf 79' lang='lat'><strong>&quot;.</strong></span> <span class='ocrx_word' id='word_1_62' title='bbox 1531 999 1550 1030; x_wconf 74' lang='grc' dir='ltr'><strong>ι</strong></span> 
     </span>
    </p>
   </div>
   <div class='ocr_carea' id='block_1_12' title="bbox 2136 443 3722 520">
    <p class='ocr_par' dir='ltr' id='par_1_12' title="bbox 2136 443 3722 520">
     <span class='ocr_line' id='line_1_12' title="bbox 2136 443 3722 520; baseline 0.004 -25"><span class='ocrx_word' id='word_1_63' title='bbox 2136 459 2291 506; x_wconf 89' lang='grc' dir='ltr'>τονος</span> <span class='ocrx_word' id='word_1_64' title='bbox 2331 443 2675 515; x_wconf 82' lang='grc' dir='ltr'>αἱρέσει,τῆς</span> <span class='ocrx_word' id='word_1_65' title='bbox 2727 446 3002 516; x_wconf 77' lang='grc' dir='ltr'><strong>σωτηρίας</strong></span> <span class='ocrx_word' id='word_1_66' title='bbox 3037 447 3234 512; x_wconf 81' lang='grc' dir='ltr'>αὐτοὺς</span> <span class='ocrx_word' id='word_1_67' title='bbox 3275 447 3376 518; x_wconf 83' lang='grc' dir='ltr'>τῆς</span> <span class='ocrx_word' id='word_1_68' title='bbox 3418 447 3722 520; x_wconf 79' lang='grc' dir='ltr'><strong>μελλούσης</strong></span> 
     </span>
    </p>
   </div>
   <div class='ocr_carea' id='block_1_13' title="bbox 2137 537 3720 611">
    <p class='ocr_par' dir='ltr' id='par_1_13' title="bbox 2137 537 3720 611">
     <span class='ocr_line' id='line_1_13' title="bbox 2137 537 3720 611; baseline 0.003 -21"><span class='ocrx_word' id='word_1_69' title='bbox 2137 539 2561 607; x_wconf 82' lang='grc' dir='ltr'><strong>καταστήσωσιν</strong></span> <span class='ocrx_word' id='word_1_70' title='bbox 2590 537 2777 603; x_wconf 81' lang='grc' dir='ltr'><strong>ἀξίους</strong></span> <span class='ocrx_word' id='word_1_71' title='bbox 2805 553 2822 569; x_wconf 78' lang='grc' dir='ltr'><strong>ο</strong></span> <span class='ocrx_word' id='word_1_72' title='bbox 2851 539 2974 592; x_wconf 85' lang='grc' dir='ltr'>ὅθεν</span> <span class='ocrx_word' id='word_1_73' title='bbox 2993 539 3088 593; x_wconf 79' lang='grc' dir='ltr'>καὶ</span> <span class='ocrx_word' id='word_1_74' title='bbox 3116 541 3419 611; x_wconf 77' lang='grc' dir='ltr'>έπήγαγενο</span> <span class='ocrx_word' id='word_1_75' title='bbox 3457 555 3478 594; x_wconf 78' lang='grc' dir='ltr'><strong>ι</strong></span> <span class='ocrx_word' id='word_1_76' title='bbox 3507 540 3627 596; x_wconf 82' lang='grc' dir='ltr'>ἰνα</span> <span class='ocrx_word' id='word_1_77' title='bbox 3653 542 3720 595; x_wconf 74' lang='grc' dir='ltr'><strong>τὸ</strong></span> 
     </span>
    </p>
   </div>
   <div class='ocr_carea' id='block_1_14' title="bbox 2137 630 3717 708">
    <p class='ocr_par' dir='ltr' id='par_1_14' title="bbox 2137 630 3717 708">
     <span class='ocr_line' id='line_1_14' title="bbox 2137 630 3717 708; baseline 0.004 -25"><span class='ocrx_word' id='word_1_78' title='bbox 2137 630 2358 703; x_wconf 85' lang='grc' dir='ltr'>πνεῦμα</span> <span class='ocrx_word' id='word_1_79' title='bbox 2388 631 2538 703; x_wconf 76' lang='grc' dir='ltr'>σωθῇ</span> <span class='ocrx_word' id='word_1_80' title='bbox 2563 633 2622 686; x_wconf 83' lang='grc' dir='ltr'>ὲν</span> <span class='ocrx_word' id='word_1_81' title='bbox 2649 634 2716 704; x_wconf 79' lang='grc' dir='ltr'><strong>τῇ</strong></span> <span class='ocrx_word' id='word_1_82' title='bbox 2746 633 2932 705; x_wconf 78' lang='grc' dir='ltr'>ἡμέρᾳ</span> <span class='ocrx_word' id='word_1_83' title='bbox 2975 632 3066 687; x_wconf 82' lang='grc' dir='ltr'><strong>τοῦ</strong></span> <span class='ocrx_word' id='word_1_84' title='bbox 3099 636 3306 706; x_wconf 80' lang='grc' dir='ltr'>Κυρίου</span> <span class='ocrx_word' id='word_1_85' title='bbox 3337 633 3496 706; x_wconf 85' lang='grc' dir='ltr'>ήμῶν</span> <span class='ocrx_word' id='word_1_86' title='bbox 3535 633 3717 708; x_wconf 86' lang='grc' dir='ltr'>Ἰησοῦ</span> 
     </span>
    </p>
   </div>
   <div class='ocr_carea' id='block_1_15' title="bbox 2135 723 2455 796">
    <p class='ocr_par' dir='ltr' id='par_1_15' title="bbox 2135 723 2455 796">
     <span class='ocr_line' id='line_1_15' title="bbox 2135 723 2455 796; baseline 0 -18"><span class='ocrx_word' id='word_1_87' title='bbox 2135 723 2394 796; x_wconf 82' lang='grc' dir='ltr'>Χριστοῦ.</span> <span class='ocrx_word' id='word_1_88' title='bbox 2435 743 2455 778; x_wconf 75' lang='grc' dir='ltr'><strong>ι</strong></span> 
     </span>
    </p>
   </div>
   <div class='ocr_carea' id='block_1_16' title="bbox 2667 817 3184 872">
    <p class='ocr_par' dir='ltr' id='par_1_16' title="bbox 2667 817 3184 872">
     <span class='ocr_line' id='line_1_16' title="bbox 2667 817 3184 872; baseline 0.004 -2"><span class='ocrx_word' id='word_1_89' title='bbox 2667 817 3000 872; x_wconf 83' lang='grc' dir='ltr'><strong>ΕΡΩἸἩΣῙΣ</strong></span> <span class='ocrx_word' id='word_1_90' title='bbox 3022 818 3184 872; x_wconf 69' lang='grc' dir='ltr'><strong>ΣΠΖν.</strong></span> 
     </span>
    </p>
   </div>
   <div class='ocr_carea' id='block_1_17' title="bbox 2151 910 3717 999">
    <p class='ocr_par' dir='ltr' id='par_1_17' title="bbox 2151 910 3717 999">
     <span class='ocr_line' id='line_1_17' title="bbox 2151 910 3717 999; baseline -0.007 -32"><span class='ocrx_word' id='word_1_91' title='bbox 2151 913 2213 967; x_wconf 82' lang='grc' dir='ltr'>Τι</span> <span class='ocrx_word' id='word_1_92' title='bbox 2261 913 2462 967; x_wconf 83' lang='grc' dir='ltr'>ἐστιν·</span> <span class='ocrx_word' id='word_1_93' title='bbox 2523 932 2544 966; x_wconf 83' lang='grc' dir='ltr'><strong>ι</strong></span> <span class='ocrx_word' id='word_1_94' title='bbox 2576 913 2683 980; x_wconf 83' lang='grc' dir='ltr'><strong>Εῑς</strong></span> <span class='ocrx_word' id='word_1_95' title='bbox 2723 912 2791 966; x_wconf 80' lang='grc' dir='ltr'>τὸ</span> <span class='ocrx_word' id='word_1_96' title='bbox 2848 910 3029 999; x_wconf 7' lang='lat' dir='ltr'><strong>sane,</strong></span> <span class='ocrx_word' id='word_1_97' title='bbox 3073 912 3226 981; x_wconf 67' lang='grc' dir='ltr'>ὑπὲρ</span> <span class='ocrx_word' id='word_1_98' title='bbox 3269 911 3377 981; x_wconf 82' lang='grc' dir='ltr'>τῆς</span> <span class='ocrx_word' id='word_1_99' title='bbox 3421 916 3717 984; x_wconf 74' lang='grc' dir='ltr'>κληρονο-</span> 
     </span>
    </p>
   </div>
   <div class='ocr_carea' id='block_1_18' title="bbox 2760 997 3085 1052">
    <p class='ocr_par' dir='ltr' id='par_1_18' title="bbox 2760 997 3085 1052">
     <span class='ocr_line' id='line_1_18' title="bbox 2760 997 3085 1052; baseline -0.018 0"><span class='ocrx_word' id='word_1_100' title='bbox 2760 997 3032 1052; x_wconf 60' lang='lat' dir='ltr'><strong>ﬂavam;</strong></span> <span class='ocrx_word' id='word_1_101' title='bbox 3065 1001 3085 1033; x_wconf 77' lang='grc' dir='ltr'><strong>ι</strong></span> 
     </span>
    </p>
   </div>
   <div class='ocr_carea' id='block_1_19' title="bbox 609 1092 3559 1160">
    <p class='ocr_par' dir='ltr' id='par_1_19' title="bbox 609 1092 3559 1160">
     <span class='ocr_line' id='line_1_19' title="bbox 609 1092 3559 1160; baseline 0.002 -15"><span class='ocrx_word' id='word_1_102' title='bbox 609 1093 751 1145; x_wconf 83' lang='lat' dir='ltr'><strong>Edita</strong></span> <span class='ocrx_word' id='word_1_103' title='bbox 772 1109 800 1144; x_wconf 89' lang='lat' dir='ltr'><strong>a</strong></span> <span class='ocrx_word' id='word_1_104' title='bbox 826 1095 949 1144; x_wconf 77' lang='lat' dir='ltr'><strong>Maio</strong></span> <span class='ocrx_word' id='word_1_105' title='bbox 983 1094 1039 1156; x_wconf 95' lang='lat' dir='ltr'><strong>(l.</strong></span> <span class='ocrx_word' id='word_1_106' title='bbox 1066 1106 1111 1143; x_wconf 91' lang='lat' dir='ltr'><strong>c.</strong></span> <span class='ocrx_word' id='word_1_107' title='bbox 1133 1106 1182 1156; x_wconf 91' lang='lat' dir='ltr'><strong>p.</strong></span> <span class='ocrx_word' id='word_1_108' title='bbox 1211 1092 1318 1153; x_wconf 71' lang='lat' dir='ltr'><strong>1H,</strong></span> <span class='ocrx_word' id='word_1_109' title='bbox 1351 1093 1462 1154; x_wconf 69' lang='lat'><strong>“5,</strong></span> <span class='ocrx_word' id='word_1_110' title='bbox 1488 1106 1538 1156; x_wconf 91' lang='lat' dir='ltr'><strong>q.</strong></span> <span class='ocrx_word' id='word_1_111' title='bbox 1561 1092 1697 1154; x_wconf 80' lang='lat'><strong>297).</strong></span> <span class='ocrx_word' id='word_1_112' title='bbox 1727 1122 1792 1132; x_wconf 95' lang='lat'><strong><em>—</em></strong></span> <span class='ocrx_word' id='word_1_113' title='bbox 1813 1095 1940 1156; x_wconf 86' lang='lat' dir='ltr'><strong>Quid</strong></span> <span class='ocrx_word' id='word_1_114' title='bbox 1970 1093 2067 1147; x_wconf 88' lang='lat' dir='ltr'><strong>sibi</strong></span> <span class='ocrx_word' id='word_1_115' title='bbox 2101 1096 2207 1146; x_wconf 86' lang='lat' dir='ltr'><strong>vult</strong></span> <span class='ocrx_word' id='word_1_116' title='bbox 2238 1096 2290 1146; x_wconf 91' lang='lat' dir='ltr'><strong>in</strong></span> <span class='ocrx_word' id='word_1_117' title='bbox 2321 1094 2646 1160; x_wconf 86' lang='lat' dir='ltr'><strong>inscriptione</strong></span> <span class='ocrx_word' id='word_1_118' title='bbox 2671 1096 2973 1147; x_wconf 86' lang='lat' dir='ltr'><strong>Psalmorum</strong></span> <span class='ocrx_word' id='word_1_119' title='bbox 3000 1099 3154 1149; x_wconf 89' lang='lat' dir='ltr'><strong>illud:</strong></span> <span class='ocrx_word' id='word_1_120' title='bbox 3181 1113 3201 1147; x_wconf 81' lang='grc' dir='ltr'><strong>ι</strong></span> <span class='ocrx_word' id='word_1_121' title='bbox 3233 1101 3288 1150; x_wconf 89' lang='lat' dir='ltr'><strong>lu</strong></span> <span class='ocrx_word' id='word_1_122' title='bbox 3319 1100 3468 1151; x_wconf 81' lang='lat' dir='ltr'><strong>linem</strong></span> <span class='ocrx_word' id='word_1_123' title='bbox 3485 1099 3510 1151; x_wconf 71' lang='grc' dir='ltr'>τ</span> <span class='ocrx_word' id='word_1_124' title='bbox 3539 1116 3559 1150; x_wconf 75' lang='grc' dir='ltr'><strong>ι</strong></span> 
     </span>
    </p>
   </div>
   <div class='ocr_carea' id='block_1_20' title="bbox 526 1177 2035 1250">
    <p class='ocr_par' dir='ltr' id='par_1_20' title="bbox 526 1177 2035 1250">
     <span class='ocr_line' id='line_1_20' title="bbox 526 1177 2035 1250; baseline 0.002 -18"><span class='ocrx_word' id='word_1_125' title='bbox 526 1178 656 1233; x_wconf 91' lang='lat' dir='ltr'><strong>Tria</strong></span> <span class='ocrx_word' id='word_1_126' title='bbox 698 1179 855 1234; x_wconf 90' lang='lat' dir='ltr'><strong>nobis</strong></span> <span class='ocrx_word' id='word_1_127' title='bbox 880 1179 983 1234; x_wconf 90' lang='lat' dir='ltr'><strong>hac</strong></span> <span class='ocrx_word' id='word_1_128' title='bbox 1009 1178 1078 1232; x_wconf 91' lang='lat' dir='ltr'><strong>de</strong></span> <span class='ocrx_word' id='word_1_129' title='bbox 1101 1177 1406 1248; x_wconf 69' lang='lat' dir='ltr'><strong>quaestione</strong></span> <span class='ocrx_word' id='word_1_130' title='bbox 1447 1179 1824 1250; x_wconf 80' lang='lat' dir='ltr'><strong>investiganda</strong></span> <span class='ocrx_word' id='word_1_131' title='bbox 1857 1187 1987 1234; x_wconf 87' lang='lat' dir='ltr'><strong>sunt</strong></span> <span class='ocrx_word' id='word_1_132' title='bbox 2021 1197 2035 1234; x_wconf 90' lang='lat'><strong>:</strong></span> 
     </span>
    </p>
   </div>
   <div class='ocr_carea' id='block_1_21' title="bbox 456 1267 2038 1340">
    <p class='ocr_par' dir='ltr' id='par_1_21' title="bbox 456 1267 2038 1340">
     <span class='ocr_line' id='line_1_21' title="bbox 456 1267 2038 1340; baseline -0.001 -14"><span class='ocrx_word' id='word_1_133' title='bbox 456 1269 590 1337; x_wconf 68' lang='lat' dir='ltr'><strong>Quae</strong></span> <span class='ocrx_word' id='word_1_134' title='bbox 618 1269 830 1325; x_wconf 66' lang='lat' dir='ltr'><strong>haeres?</strong></span> <span class='ocrx_word' id='word_1_135' title='bbox 859 1269 1016 1336; x_wconf 83' lang='lat' dir='ltr'><strong>Quod</strong></span> <span class='ocrx_word' id='word_1_136' title='bbox 1045 1267 1483 1339; x_wconf 83' lang='lat' dir='ltr'><strong>patrimonium?</strong></span> <span class='ocrx_word' id='word_1_137' title='bbox 1521 1267 1588 1322; x_wconf 84' lang='lat' dir='ltr'><strong>Et</strong></span> <span class='ocrx_word' id='word_1_138' title='bbox 1616 1269 1838 1340; x_wconf 87' lang='lat' dir='ltr'><strong>quando</strong></span> <span class='ocrx_word' id='word_1_139' title='bbox 1867 1271 2038 1325; x_wconf 62' lang='lat' dir='ltr'><strong>haere-</strong></span> 
     </span>
    </p>
   </div>
   <div class='ocr_carea' id='block_1_22' title="bbox 456 1359 2039 1434">
    <p class='ocr_par' dir='ltr' id='par_1_22' title="bbox 456 1359 2039 1434">
     <span class='ocr_line' id='line_1_22' title="bbox 456 1359 2039 1434; baseline 0 -16"><span class='ocrx_word' id='word_1_140' title='bbox 456 1364 635 1419; x_wconf 83' lang='lat' dir='ltr'><strong>ditas?</strong></span> <span class='ocrx_word' id='word_1_141' title='bbox 662 1360 848 1417; x_wconf 64' lang='lat' dir='ltr'><strong>Hares</strong></span> <span class='ocrx_word' id='word_1_142' title='bbox 888 1369 972 1416; x_wconf 90' lang='lat' dir='ltr'><strong>est</strong></span> <span class='ocrx_word' id='word_1_143' title='bbox 1000 1359 1269 1425; x_wconf 88' lang='lat' dir='ltr'><strong>Ecclesia,</strong></span> <span class='ocrx_word' id='word_1_144' title='bbox 1314 1368 1369 1416; x_wconf 89' lang='lat' dir='ltr'><strong>et</strong></span> <span class='ocrx_word' id='word_1_145' title='bbox 1412 1360 1558 1416; x_wconf 86' lang='lat' dir='ltr'><strong>illius</strong></span> <span class='ocrx_word' id='word_1_146' title='bbox 1588 1363 1908 1433; x_wconf 82' lang='lat' dir='ltr'><strong>plenitudo;</strong></span> <span class='ocrx_word' id='word_1_147' title='bbox 1939 1378 2039 1434; x_wconf 87' lang='lat' dir='ltr'><strong>pa-</strong></span> 
     </span>
    </p>
   </div>
   <div class='ocr_carea' id='block_1_23' title="bbox 459 1453 2036 1526">
    <p class='ocr_par' dir='ltr' id='par_1_23' title="bbox 459 1453 2036 1526">
     <span class='ocr_line' id='line_1_23' title="bbox 459 1453 2036 1526; baseline 0 -14"><span class='ocrx_word' id='word_1_148' title='bbox 459 1455 776 1512; x_wconf 89' lang='lat' dir='ltr'><strong>trimonium</strong></span> <span class='ocrx_word' id='word_1_149' title='bbox 811 1453 958 1526; x_wconf 89' lang='lat' dir='ltr'><strong>quod</strong></span> <span class='ocrx_word' id='word_1_150' title='bbox 994 1469 1104 1510; x_wconf 92' lang='lat' dir='ltr'><strong>non</strong></span> <span class='ocrx_word' id='word_1_151' title='bbox 1139 1454 1274 1510; x_wconf 80' lang='lat' dir='ltr'><strong>vidit</strong></span> <span class='ocrx_word' id='word_1_152' title='bbox 1299 1454 1516 1522; x_wconf 85' lang='lat' dir='ltr'><strong>oculus,</strong></span> <span class='ocrx_word' id='word_1_153' title='bbox 1556 1469 1658 1511; x_wconf 89' lang='lat' dir='ltr'><strong>nec</strong></span> <span class='ocrx_word' id='word_1_154' title='bbox 1691 1457 1843 1513; x_wconf 85' lang='lat' dir='ltr'><strong>auris</strong></span> <span class='ocrx_word' id='word_1_155' title='bbox 1875 1457 2036 1512; x_wconf 57' lang='lat' dir='ltr'><strong>audio</strong></span> 
     </span>
    </p>
   </div>
   <div class='ocr_carea' id='block_1_24' title="bbox 2207 1180 3708 1256">
    <p class='ocr_par' dir='ltr' id='par_1_24' title="bbox 2207 1180 3708 1256">
     <span class='ocr_line' id='line_1_24' title="bbox 2207 1180 3708 1256; baseline 0.005 -23"><span class='ocrx_word' id='word_1_156' title='bbox 2207 1181 2348 1253; x_wconf 86' lang='grc' dir='ltr'>Τρία</span> <span class='ocrx_word' id='word_1_157' title='bbox 2379 1183 2513 1252; x_wconf 85' lang='grc' dir='ltr'>ήμῖν</span> <span class='ocrx_word' id='word_1_158' title='bbox 2541 1181 2650 1235; x_wconf 79' lang='grc' dir='ltr'><strong>ἀπὺ</strong></span> <span class='ocrx_word' id='word_1_159' title='bbox 2685 1180 2786 1252; x_wconf 81' lang='grc' dir='ltr'>τῆς</span> <span class='ocrx_word' id='word_1_160' title='bbox 2813 1183 3125 1254; x_wconf 69' lang='grc' dir='ltr'>ἐπιγραφῆς</span> <span class='ocrx_word' id='word_1_161' title='bbox 3177 1183 3468 1256; x_wconf 80' lang='grc' dir='ltr'>ζητήματα</span> <span class='ocrx_word' id='word_1_162' title='bbox 3511 1184 3708 1240; x_wconf 89' lang='grc' dir='ltr'>ἀνακύ-</span> 
     </span>
    </p>
   </div>
   <div class='ocr_carea' id='block_1_25' title="bbox 2137 1269 3718 1350">
    <p class='ocr_par' dir='ltr' id='par_1_25' title="bbox 2137 1269 3718 1350">
     <span class='ocr_line' id='line_1_25' title="bbox 2137 1269 3718 1350; baseline 0.005 -26"><span class='ocrx_word' id='word_1_163' title='bbox 2137 1289 2262 1325; x_wconf 87' lang='grc' dir='ltr'>πτει</span> <span class='ocrx_word' id='word_1_164' title='bbox 2289 1288 2306 1304; x_wconf 79' lang='grc' dir='ltr'><strong><em>ο</em></strong></span> <span class='ocrx_word' id='word_1_165' title='bbox 2336 1271 2419 1335; x_wconf 88' lang='grc' dir='ltr'><strong>τίς</strong></span> <span class='ocrx_word' id='word_1_166' title='bbox 2449 1272 2482 1341; x_wconf 89' lang='grc' dir='ltr'><strong>ή</strong></span> <span class='ocrx_word' id='word_1_167' title='bbox 2516 1269 2948 1344; x_wconf 80' lang='grc' dir='ltr'>κληρονομοῦσα,</span> <span class='ocrx_word' id='word_1_168' title='bbox 2971 1274 3055 1338; x_wconf 85' lang='grc' dir='ltr'><strong>τίς</strong></span> <span class='ocrx_word' id='word_1_169' title='bbox 3077 1276 3106 1327; x_wconf 99' lang='lat'><strong>6</strong></span> <span class='ocrx_word' id='word_1_170' title='bbox 3145 1273 3367 1347; x_wconf 83' lang='grc' dir='ltr'>κλῆρος,</span> <span class='ocrx_word' id='word_1_171' title='bbox 3401 1275 3498 1330; x_wconf 79' lang='grc' dir='ltr'>καὶ</span> <span class='ocrx_word' id='word_1_172' title='bbox 3527 1276 3718 1350; x_wconf 68' lang='grc' dir='ltr'>πότεή</span> 
     </span>
    </p>
   </div>
   <div class='ocr_carea' id='block_1_26' title="bbox 2135 1363 3719 1437">
    <p class='ocr_par' dir='ltr' id='par_1_26' title="bbox 2135 1363 3719 1437">
     <span class='ocr_line' id='line_1_26' title="bbox 2135 1363 3719 1437; baseline 0.002 -19"><span class='ocrx_word' id='word_1_173' title='bbox 2135 1365 2473 1436; x_wconf 86' lang='grc' dir='ltr'>κληρονομία</span> <span class='ocrx_word' id='word_1_174' title='bbox 2496 1379 2510 1394; x_wconf 79' lang='grc' dir='ltr'><strong>ο</strong></span> <span class='ocrx_word' id='word_1_175' title='bbox 2560 1363 2974 1436; x_wconf 82' lang='grc' dir='ltr'>κληρονομοῦσα</span> <span class='ocrx_word' id='word_1_176' title='bbox 3003 1364 3104 1435; x_wconf 90' lang='grc' dir='ltr'><strong>μέν</strong></span> <span class='ocrx_word' id='word_1_177' title='bbox 3140 1367 3288 1418; x_wconf 83' lang='grc' dir='ltr'>ἐστιν</span> <span class='ocrx_word' id='word_1_178' title='bbox 3341 1366 3375 1436; x_wconf 80' lang='grc' dir='ltr'>ἡ</span> <span class='ocrx_word' id='word_1_179' title='bbox 3416 1365 3719 1437; x_wconf 82' lang='grc' dir='ltr'>Ἐκκλησία</span> 
     </span>
    </p>
   </div>
   <div class='ocr_carea' id='block_1_27' title="bbox 2135 1451 3720 1530">
    <p class='ocr_par' dir='ltr' id='par_1_27' title="bbox 2135 1451 3720 1530">
     <span class='ocr_line' id='line_1_27' title="bbox 2135 1451 3720 1530; baseline 0.001 -18"><span class='ocrx_word' id='word_1_180' title='bbox 2135 1459 2230 1512; x_wconf 71' lang='grc' dir='ltr'><strong>καὶ</strong></span> <span class='ocrx_word' id='word_1_181' title='bbox 2265 1457 2326 1512; x_wconf 80' lang='grc' dir='ltr'>τὸ</span> <span class='ocrx_word' id='word_1_182' title='bbox 2356 1457 2630 1530; x_wconf 89' lang='grc' dir='ltr'>πλήρωμα</span> <span class='ocrx_word' id='word_1_183' title='bbox 2680 1457 2878 1529; x_wconf 77' lang='grc' dir='ltr'>αύτήςο</span> <span class='ocrx_word' id='word_1_184' title='bbox 2910 1455 3111 1528; x_wconf 79' lang='grc' dir='ltr'>κλῆρος</span> <span class='ocrx_word' id='word_1_185' title='bbox 3134 1457 3191 1510; x_wconf 86' lang='grc' dir='ltr'>δὲ</span> <span class='ocrx_word' id='word_1_186' title='bbox 3225 1457 3262 1510; x_wconf 76' lang='grc' dir='ltr'><strong>ἀ</strong></span> <span class='ocrx_word' id='word_1_187' title='bbox 3298 1457 3576 1529; x_wconf 73' lang='grc' dir='ltr'>ὀφθαλμὸς</span> <span class='ocrx_word' id='word_1_188' title='bbox 3616 1451 3720 1513; x_wconf 63' lang='lat' dir='ltr'><strong>obit</strong></span> 
     </span>
    </p>
   </div>
   <div class='ocr_carea' id='block_1_28' title="bbox 454 1545 2038 1644">
    <p class='ocr_par' dir='ltr' id='par_1_28' title="bbox 454 1545 2033 1621">
     <span class='ocr_line' id='line_1_28' title="bbox 454 1545 2033 1621; baseline 0.002 -20"><span class='ocrx_word' id='word_1_189' title='bbox 454 1548 556 1612; x_wconf 83' lang='lat' dir='ltr'><strong>vit,</strong></span> <span class='ocrx_word' id='word_1_190' title='bbox 598 1557 652 1604; x_wconf 88' lang='lat' dir='ltr'><strong>et</strong></span> <span class='ocrx_word' id='word_1_191' title='bbox 677 1561 973 1618; x_wconf 85' lang='lat' dir='ltr'><strong>quousque</strong></span> <span class='ocrx_word' id='word_1_192' title='bbox 1024 1561 1122 1602; x_wconf 89' lang='lat' dir='ltr'><strong>cor</strong></span> <span class='ocrx_word' id='word_1_193' title='bbox 1165 1545 1410 1601; x_wconf 86' lang='lat' dir='ltr'><strong>hominis</strong></span> <span class='ocrx_word' id='word_1_194' title='bbox 1462 1557 1574 1601; x_wconf 85' lang='lat' dir='ltr'><strong>non</strong></span> <span class='ocrx_word' id='word_1_195' title='bbox 1627 1548 1878 1621; x_wconf 76' lang='lat' dir='ltr'><strong>erigitur,</strong></span> <span class='ocrx_word' id='word_1_196' title='bbox 1926 1549 2033 1604; x_wconf 88' lang='lat' dir='ltr'><strong>hoc</strong></span> 
     </span>
    </p>
   </div>
   <div class='ocr_carea' id='block_1_29' title="bbox 2141 1545 3718 1644">
    <p class='ocr_par' dir='ltr' id='par_1_29' title="bbox 2141 1546 3718 1621">
     <span class='ocr_line' id='line_1_29' title="bbox 2141 1546 3718 1621; baseline 0 -17"><span class='ocrx_word' id='word_1_197' title='bbox 2141 1546 2245 1604; x_wconf 74' lang='grc' dir='ltr'>εἶδε</span> <span class='ocrx_word' id='word_1_198' title='bbox 2267 1590 2281 1616; x_wconf 90' lang='grc'><strong>,</strong></span> <span class='ocrx_word' id='word_1_199' title='bbox 2311 1551 2406 1603; x_wconf 76' lang='grc' dir='ltr'>καὶ</span> <span class='ocrx_word' id='word_1_200' title='bbox 2425 1549 2518 1612; x_wconf 81' lang='grc' dir='ltr'>οὖς</span> <span class='ocrx_word' id='word_1_201' title='bbox 2545 1549 2646 1603; x_wconf 83' lang='grc' dir='ltr'><strong>οὐκ</strong></span> <span class='ocrx_word' id='word_1_202' title='bbox 2673 1549 2899 1620; x_wconf 69' lang='grc' dir='ltr'>ἢκουσε,</span> <span class='ocrx_word' id='word_1_203' title='bbox 2921 1552 3018 1602; x_wconf 74' lang='grc' dir='ltr'>καὶ</span> <span class='ocrx_word' id='word_1_204' title='bbox 3039 1547 3132 1601; x_wconf 75' lang='grc' dir='ltr'><strong>ἐπὶ</strong></span> <span class='ocrx_word' id='word_1_205' title='bbox 3164 1548 3395 1620; x_wconf 83' lang='grc' dir='ltr'>καρδίαν</span> <span class='ocrx_word' id='word_1_206' title='bbox 3423 1548 3718 1621; x_wconf 79' lang='grc' dir='ltr'>ἀνθρώπου</span> 
     </span>
    </p>
   </div>
   <div class='ocr_carea' id='block_1_30' title="bbox 457 1637 2038 1712">
    <p class='ocr_par' dir='ltr' id='par_1_30' title="bbox 457 1637 2037 1712">
     <span class='ocr_line' id='line_1_30' title="bbox 457 1637 2037 1712; baseline 0 -16"><span class='ocrx_word' id='word_1_207' title='bbox 457 1641 575 1711; x_wconf 86' lang='lat' dir='ltr'><strong>ipse</strong></span> <span class='ocrx_word' id='word_1_208' title='bbox 627 1638 820 1696; x_wconf 79' lang='lat' dir='ltr'><strong>forsan</strong></span> <span class='ocrx_word' id='word_1_209' title='bbox 885 1639 1091 1694; x_wconf 85' lang='lat' dir='ltr'><strong>revelat</strong></span> <span class='ocrx_word' id='word_1_210' title='bbox 1135 1638 1369 1694; x_wconf 87' lang='lat' dir='ltr'><strong>dicens:</strong></span> <span class='ocrx_word' id='word_1_211' title='bbox 1405 1637 1470 1692; x_wconf 82' lang='lat' dir='ltr'><strong>In</strong></span> <span class='ocrx_word' id='word_1_212' title='bbox 1525 1640 1704 1708; x_wconf 82' lang='lat' dir='ltr'><strong>ﬁnem,</strong></span> <span class='ocrx_word' id='word_1_213' title='bbox 1747 1643 1898 1712; x_wconf 88' lang='lat' dir='ltr'><strong>quod</strong></span> <span class='ocrx_word' id='word_1_214' title='bbox 1951 1650 2037 1696; x_wconf 90' lang='lat' dir='ltr'><strong>est</strong></span> 
     </span>
    </p>
   </div>
   <div class='ocr_carea' id='block_1_31' title="bbox 2141 1637 3722 1712">
    <p class='ocr_par' dir='ltr' id='par_1_31' title="bbox 2141 1639 3722 1712">
     <span class='ocr_line' id='line_1_31' title="bbox 2141 1639 3722 1712; baseline 0 -18"><span class='ocrx_word' id='word_1_215' title='bbox 2141 1643 2237 1695; x_wconf 87' lang='grc' dir='ltr'>οὐκ</span> <span class='ocrx_word' id='word_1_216' title='bbox 2266 1641 2432 1711; x_wconf 76' lang='grc' dir='ltr'>ἀνέϐη</span> <span class='ocrx_word' id='word_1_217' title='bbox 2461 1657 2477 1674; x_wconf 70' lang='grc' dir='ltr'><strong>ο</strong></span> <span class='ocrx_word' id='word_1_218' title='bbox 2504 1640 2566 1693; x_wconf 83' lang='grc' dir='ltr'>τὸ</span> <span class='ocrx_word' id='word_1_219' title='bbox 2589 1639 2647 1694; x_wconf 77' lang='grc' dir='ltr'>δὲ</span> <span class='ocrx_word' id='word_1_220' title='bbox 2673 1639 2802 1694; x_wconf 84' lang='grc' dir='ltr'>πότε</span> <span class='ocrx_word' id='word_1_221' title='bbox 2827 1680 2843 1706; x_wconf 95' lang='grc'><strong>,</strong></span> <span class='ocrx_word' id='word_1_222' title='bbox 2867 1641 3030 1705; x_wconf 80' lang='grc' dir='ltr'>αὐτὸς</span> <span class='ocrx_word' id='word_1_223' title='bbox 3049 1639 3313 1712; x_wconf 79' lang='grc' dir='ltr'>ἐδήλωσεν</span> <span class='ocrx_word' id='word_1_224' title='bbox 3339 1639 3528 1707; x_wconf 79' lang='grc' dir='ltr'>εἰπὼν,</span> <span class='ocrx_word' id='word_1_225' title='bbox 3557 1643 3635 1706; x_wconf 85' lang='grc' dir='ltr'><strong>είς</strong></span> <span class='ocrx_word' id='word_1_226' title='bbox 3659 1643 3722 1695; x_wconf 83' lang='grc' dir='ltr'>τὸ</span> 
     </span>
    </p>
   </div>
   <div class='ocr_carea' id='block_1_32' title="bbox 456 1729 2037 1800">
    <p class='ocr_par' dir='ltr' id='par_1_32' title="bbox 456 1729 2037 1800">
     <span class='ocr_line' id='line_1_32' title="bbox 456 1729 2037 1800; baseline 0.002 -15"><span class='ocrx_word' id='word_1_227' title='bbox 456 1729 705 1786; x_wconf 69' lang='lat' dir='ltr'><strong>tutorum</strong></span> <span class='ocrx_word' id='word_1_228' title='bbox 735 1741 935 1795; x_wconf 72' lang='lat' dir='ltr'><strong>aevum,</strong></span> <span class='ocrx_word' id='word_1_229' title='bbox 968 1745 1075 1784; x_wconf 90' lang='lat' dir='ltr'><strong>non</strong></span> <span class='ocrx_word' id='word_1_230' title='bbox 1101 1737 1283 1784; x_wconf 85' lang='lat' dir='ltr'><strong>autem</strong></span> <span class='ocrx_word' id='word_1_231' title='bbox 1313 1742 1587 1800; x_wconf 68' lang='lat' dir='ltr'><strong>prazsens;</strong></span> <span class='ocrx_word' id='word_1_232' title='bbox 1614 1745 1712 1786; x_wconf 87' lang='lat' dir='ltr'><strong>cur</strong></span> <span class='ocrx_word' id='word_1_233' title='bbox 1737 1747 1839 1788; x_wconf 90' lang='lat' dir='ltr'><strong>nos</strong></span> <span class='ocrx_word' id='word_1_234' title='bbox 1866 1733 2037 1788; x_wconf 66' lang='lat' dir='ltr'><strong>haere-</strong></span> 
     </span>
    </p>
   </div>
   <div class='ocr_carea' id='block_1_33' title="bbox 455 1821 2040 1895">
    <p class='ocr_par' dir='ltr' id='par_1_33' title="bbox 455 1821 2040 1895">
     <span class='ocr_line' id='line_1_33' title="bbox 455 1821 2040 1895; baseline 0 -14"><span class='ocrx_word' id='word_1_235' title='bbox 455 1828 552 1881; x_wconf 86' lang='lat' dir='ltr'><strong>des</strong></span> <span class='ocrx_word' id='word_1_236' title='bbox 581 1822 868 1879; x_wconf 83' lang='lat' dir='ltr'><strong>inscribit?</strong></span> <span class='ocrx_word' id='word_1_237' title='bbox 893 1821 1164 1888; x_wconf 88' lang='lat' dir='ltr'><strong>Quoniam</strong></span> <span class='ocrx_word' id='word_1_238' title='bbox 1191 1823 1334 1877; x_wconf 83' lang='lat' dir='ltr'><strong>ﬁlios</strong></span> <span class='ocrx_word' id='word_1_239' title='bbox 1369 1824 1510 1878; x_wconf 85' lang='lat' dir='ltr'><strong>Deus</strong></span> <span class='ocrx_word' id='word_1_240' title='bbox 1537 1825 1834 1895; x_wconf 85' lang='lat' dir='ltr'><strong>adoptavit.</strong></span> <span class='ocrx_word' id='word_1_241' title='bbox 1860 1825 2040 1892; x_wconf 74' lang='lat' dir='ltr'><strong>Quos-</strong></span> 
     </span>
    </p>
   </div>
   <div class='ocr_carea' id='block_1_34' title="bbox 455 1915 2038 1988">
    <p class='ocr_par' dir='ltr' id='par_1_34' title="bbox 455 1915 2038 1988">
     <span class='ocr_line' id='line_1_34' title="bbox 455 1915 2038 1988; baseline 0 -14"><span class='ocrx_word' id='word_1_242' title='bbox 455 1919 624 1974; x_wconf 84' lang='lat' dir='ltr'><strong>nam?</strong></span> <span class='ocrx_word' id='word_1_243' title='bbox 656 1917 878 1988; x_wconf 77' lang='lat' dir='ltr'><strong>Dignos.</strong></span> <span class='ocrx_word' id='word_1_244' title='bbox 911 1917 1014 1984; x_wconf 85' lang='lat' dir='ltr'><strong>Qui</strong></span> <span class='ocrx_word' id='word_1_245' title='bbox 1049 1925 1232 1971; x_wconf 88' lang='lat' dir='ltr'><strong>autem</strong></span> <span class='ocrx_word' id='word_1_246' title='bbox 1260 1915 1443 1988; x_wconf 78' lang='lat' dir='ltr'><strong>digiti?</strong></span> <span class='ocrx_word' id='word_1_247' title='bbox 1471 1915 1580 1982; x_wconf 90' lang='lat' dir='ltr'><strong>Qui</strong></span> <span class='ocrx_word' id='word_1_248' title='bbox 1616 1918 1876 1975; x_wconf 86' lang='lat' dir='ltr'><strong>mandata</strong></span> <span class='ocrx_word' id='word_1_249' title='bbox 1916 1931 2038 1976; x_wconf 85' lang='lat' dir='ltr'><strong>ser-</strong></span> 
     </span>
    </p>
   </div>
   <div class='ocr_carea' id='block_1_35' title="bbox 457 2007 2039 2079">
    <p class='ocr_par' dir='ltr' id='par_1_35' title="bbox 457 2007 2039 2079">
     <span class='ocr_line' id='line_1_35' title="bbox 457 2007 2039 2079; baseline -0.001 -14"><span class='ocrx_word' id='word_1_250' title='bbox 457 2019 609 2065; x_wconf 82' lang='lat' dir='ltr'><strong>vant.</strong></span> <span class='ocrx_word' id='word_1_251' title='bbox 635 2009 712 2066; x_wconf 91' lang='lat' dir='ltr'><strong>De</strong></span> <span class='ocrx_word' id='word_1_252' title='bbox 733 2007 826 2065; x_wconf 90' lang='lat' dir='ltr'><strong>illa</strong></span> <span class='ocrx_word' id='word_1_253' title='bbox 850 2009 1064 2065; x_wconf 84' lang='lat' dir='ltr'><strong>haerede</strong></span> <span class='ocrx_word' id='word_1_254' title='bbox 1086 2007 1290 2065; x_wconf 88' lang='lat' dir='ltr'><strong>Paulus</strong></span> <span class='ocrx_word' id='word_1_255' title='bbox 1316 2009 1455 2063; x_wconf 74' lang='lat' dir='ltr'><strong>dixit</strong></span> <span class='ocrx_word' id='word_1_256' title='bbox 1485 2028 1499 2064; x_wconf 89' lang='lat'>:</span> <span class='ocrx_word' id='word_1_257' title='bbox 1533 2027 1551 2061; x_wconf 89' lang='grc' dir='ltr'><strong>ι</strong></span> <span class='ocrx_word' id='word_1_258' title='bbox 1584 2008 1860 2079; x_wconf 88' lang='lat' dir='ltr'><strong>Despondi</strong></span> <span class='ocrx_word' id='word_1_259' title='bbox 1894 2010 2039 2064; x_wconf 90' lang='lat' dir='ltr'><strong>enim</strong></span> 
     </span>
    </p>
   </div>
   <div class='ocr_carea' id='block_1_36' title="bbox 455 2100 2035 2173">
    <p class='ocr_par' dir='ltr' id='par_1_36' title="bbox 455 2100 2035 2173">
     <span class='ocr_line' id='line_1_36' title="bbox 455 2100 2035 2173; baseline -0.001 -18"><span class='ocrx_word' id='word_1_260' title='bbox 455 2117 556 2158; x_wconf 83' lang='lat' dir='ltr'><strong>vos</strong></span> <span class='ocrx_word' id='word_1_261' title='bbox 588 2102 682 2156; x_wconf 85' lang='lat' dir='ltr'><strong>uni</strong></span> <span class='ocrx_word' id='word_1_262' title='bbox 707 2103 828 2156; x_wconf 87' lang='lat' dir='ltr'><strong>viro</strong></span> <span class='ocrx_word' id='word_1_263' title='bbox 850 2101 1114 2173; x_wconf 76' lang='lat' dir='ltr'><strong>virginem</strong></span> <span class='ocrx_word' id='word_1_264' title='bbox 1147 2110 1353 2157; x_wconf 89' lang='lat' dir='ltr'><strong>castam</strong></span> <span class='ocrx_word' id='word_1_265' title='bbox 1383 2101 1644 2157; x_wconf 82' lang='lat' dir='ltr'><strong>exhibere</strong></span> <span class='ocrx_word' id='word_1_266' title='bbox 1671 2100 1893 2157; x_wconf 86' lang='lat' dir='ltr'><strong>Christo</strong></span> <span class='ocrx_word' id='word_1_267' title='bbox 1920 2101 1985 2156; x_wconf 83' lang='lat'><strong>”.</strong></span> <span class='ocrx_word' id='word_1_268' title='bbox 2015 2117 2035 2154; x_wconf 85' lang='grc'><strong>›</strong></span> 
     </span>
    </p>
   </div>
   <div class='ocr_carea' id='block_1_37' title="bbox 458 2190 2040 2264">
    <p class='ocr_par' dir='ltr' id='par_1_37' title="bbox 458 2190 2040 2264">
     <span class='ocr_line' id='line_1_37' title="bbox 458 2190 2040 2264; baseline 0.003 -19"><span class='ocrx_word' id='word_1_269' title='bbox 458 2191 526 2246; x_wconf 88' lang='lat' dir='ltr'><strong>Et</strong></span> <span class='ocrx_word' id='word_1_270' title='bbox 566 2190 808 2248; x_wconf 82' lang='lat' dir='ltr'><strong>Joannes</strong></span> <span class='ocrx_word' id='word_1_271' title='bbox 855 2192 989 2248; x_wconf 90' lang='lat' dir='ltr'><strong>dicit</strong></span> <span class='ocrx_word' id='word_1_272' title='bbox 1023 2210 1036 2246; x_wconf 90' lang='lat'><strong>:</strong></span> <span class='ocrx_word' id='word_1_273' title='bbox 1075 2211 1094 2244; x_wconf 87' lang='grc' dir='ltr'><strong>ι</strong></span> <span class='ocrx_word' id='word_1_274' title='bbox 1129 2191 1234 2258; x_wconf 88' lang='lat' dir='ltr'><strong>Qui</strong></span> <span class='ocrx_word' id='word_1_275' title='bbox 1279 2192 1444 2247; x_wconf 85' lang='lat' dir='ltr'><strong>habet</strong></span> <span class='ocrx_word' id='word_1_276' title='bbox 1487 2207 1765 2262; x_wconf 85' lang='lat' dir='ltr'><strong>sponsam,</strong></span> <span class='ocrx_word' id='word_1_277' title='bbox 1803 2207 2040 2264; x_wconf 89' lang='lat' dir='ltr'><strong>sponsus</strong></span> 
     </span>
    </p>
   </div>
   <div class='ocr_carea' id='block_1_38' title="bbox 457 2283 2041 2355">
    <p class='ocr_par' dir='ltr' id='par_1_38' title="bbox 457 2283 2041 2355">
     <span class='ocr_line' id='line_1_38' title="bbox 457 2283 2041 2355; baseline 0.002 -17"><span class='ocrx_word' id='word_1_278' title='bbox 457 2286 642 2350; x_wconf 80' lang='lat' dir='ltr'><strong>est&quot;;</strong></span> <span class='ocrx_word' id='word_1_279' title='bbox 674 2302 694 2336; x_wconf 80' lang='grc' dir='ltr'><strong>ι</strong></span> <span class='ocrx_word' id='word_1_280' title='bbox 729 2283 825 2341; x_wconf 83' lang='lat' dir='ltr'><strong>sed</strong></span> <span class='ocrx_word' id='word_1_281' title='bbox 861 2285 953 2339; x_wconf 86' lang='lat' dir='ltr'><strong>hic</strong></span> <span class='ocrx_word' id='word_1_282' title='bbox 989 2300 1249 2354; x_wconf 89' lang='lat' dir='ltr'><strong>sponsus,</strong></span> <span class='ocrx_word' id='word_1_283' title='bbox 1289 2297 1415 2355; x_wconf 64' lang='lat' dir='ltr'><strong>pou</strong></span> <span class='ocrx_word' id='word_1_284' title='bbox 1443 2300 1644 2354; x_wconf 85' lang='lat' dir='ltr'><strong>paucos</strong></span> <span class='ocrx_word' id='word_1_285' title='bbox 1667 2285 1807 2350; x_wconf 89' lang='lat' dir='ltr'><strong>dies,</strong></span> <span class='ocrx_word' id='word_1_286' title='bbox 1839 2286 2041 2341; x_wconf 88' lang='lat' dir='ltr'><strong>amoris</strong></span> 
     </span>
    </p>
   </div>
   <div class='ocr_carea' id='block_1_39' title="bbox 455 2375 2041 2448">
    <p class='ocr_par' dir='ltr' id='par_1_39' title="bbox 455 2375 2041 2448">
     <span class='ocr_line' id='line_1_39' title="bbox 455 2375 2041 2448; baseline 0.001 -18"><span class='ocrx_word' id='word_1_287' title='bbox 455 2379 566 2432; x_wconf 76' lang='lat' dir='ltr'><strong>vim</strong></span> <span class='ocrx_word' id='word_1_288' title='bbox 618 2375 879 2448; x_wconf 88' lang='lat' dir='ltr'><strong>dispellit,</strong></span> <span class='ocrx_word' id='word_1_289' title='bbox 927 2384 1113 2431; x_wconf 83' lang='lat' dir='ltr'><strong>noster</strong></span> <span class='ocrx_word' id='word_1_290' title='bbox 1156 2386 1342 2430; x_wconf 88' lang='lat' dir='ltr'><strong>autem</strong></span> <span class='ocrx_word' id='word_1_291' title='bbox 1389 2390 1628 2446; x_wconf 92' lang='lat' dir='ltr'><strong>sponsus</strong></span> <span class='ocrx_word' id='word_1_292' title='bbox 1684 2390 1901 2446; x_wconf 88' lang='lat' dir='ltr'><strong>semper</strong></span> <span class='ocrx_word' id='word_1_293' title='bbox 1939 2391 2041 2432; x_wconf 88' lang='lat' dir='ltr'><strong>nos</strong></span> 
     </span>
    </p>
   </div>
   <div class='ocr_carea' id='block_1_40' title="bbox 459 2465 2042 2540">
    <p class='ocr_par' dir='ltr' id='par_1_40' title="bbox 459 2465 2042 2540">
     <span class='ocr_line' id='line_1_40' title="bbox 459 2465 2042 2540; baseline 0 -17"><span class='ocrx_word' id='word_1_294' title='bbox 459 2478 627 2536; x_wconf 91' lang='lat' dir='ltr'><strong>amat,</strong></span> <span class='ocrx_word' id='word_1_295' title='bbox 669 2483 887 2540; x_wconf 86' lang='lat' dir='ltr'><strong>semper</strong></span> <span class='ocrx_word' id='word_1_296' title='bbox 932 2467 1210 2539; x_wconf 88' lang='lat' dir='ltr'><strong>protendit</strong></span> <span class='ocrx_word' id='word_1_297' title='bbox 1253 2482 1518 2522; x_wconf 90' lang='lat' dir='ltr'><strong>amorem.</strong></span> <span class='ocrx_word' id='word_1_298' title='bbox 1558 2465 1713 2534; x_wconf 90' lang='lat' dir='ltr'><strong>Quod</strong></span> <span class='ocrx_word' id='word_1_299' title='bbox 1751 2468 2042 2523; x_wconf 83' lang='lat' dir='ltr'><strong>conﬁrmat</strong></span> 
     </span>
    </p>
   </div>
   <div class='ocr_carea' id='block_1_41' title="bbox 459 2557 2039 2630">
    <p class='ocr_par' dir='ltr' id='par_1_41' title="bbox 459 2557 2039 2630">
     <span class='ocr_line' id='line_1_41' title="bbox 459 2557 2039 2630; baseline 0.001 -16"><span class='ocrx_word' id='word_1_300' title='bbox 459 2561 700 2615; x_wconf 81' lang='lat' dir='ltr'><strong>Joannes</strong></span> <span class='ocrx_word' id='word_1_301' title='bbox 757 2575 1019 2630; x_wconf 89' lang='lat' dir='ltr'><strong>sponsum</strong></span> <span class='ocrx_word' id='word_1_302' title='bbox 1074 2557 1228 2613; x_wconf 90' lang='lat' dir='ltr'><strong>illum</strong></span> <span class='ocrx_word' id='word_1_303' title='bbox 1288 2559 1604 2629; x_wconf 86' lang='lat' dir='ltr'><strong>appellans;</strong></span> <span class='ocrx_word' id='word_1_304' title='bbox 1663 2573 2039 2630; x_wconf 85' lang='lat' dir='ltr'><strong>sponsumtu</strong></span> 
     </span>
    </p>
   </div>
   <div class='ocr_carea' id='block_1_42' title="bbox 459 2650 2037 2722">
    <p class='ocr_par' dir='ltr' id='par_1_42' title="bbox 459 2650 2037 2722">
     <span class='ocr_line' id='line_1_42' title="bbox 459 2650 2037 2722; baseline 0.001 -17"><span class='ocrx_word' id='word_1_305' title='bbox 459 2667 567 2706; x_wconf 89' lang='lat' dir='ltr'><strong>non</strong></span> <span class='ocrx_word' id='word_1_306' title='bbox 597 2651 692 2722; x_wconf 87' lang='lat' dir='ltr'><strong>qui</strong></span> <span class='ocrx_word' id='word_1_307' title='bbox 741 2657 956 2706; x_wconf 90' lang='lat' dir='ltr'><strong>tantum</strong></span> <span class='ocrx_word' id='word_1_308' title='bbox 1002 2650 1287 2706; x_wconf 86' lang='lat' dir='ltr'><strong>desideriis</strong></span> <span class='ocrx_word' id='word_1_309' title='bbox 1320 2651 1549 2716; x_wconf 81' lang='lat' dir='ltr'><strong>ferveat,</strong></span> <span class='ocrx_word' id='word_1_310' title='bbox 1598 2652 1692 2706; x_wconf 88' lang='lat' dir='ltr'><strong>sed</strong></span> <span class='ocrx_word' id='word_1_311' title='bbox 1736 2651 1904 2706; x_wconf 88' lang='lat' dir='ltr'><strong>etiam</strong></span> <span class='ocrx_word' id='word_1_312' title='bbox 1941 2651 2037 2722; x_wconf 90' lang='lat' dir='ltr'><strong>qui</strong></span> 
     </span>
    </p>
   </div>
   <div class='ocr_carea' id='block_1_43' title="bbox 457 2744 2032 2814">
    <p class='ocr_par' dir='ltr' id='par_1_43' title="bbox 457 2744 2032 2814">
     <span class='ocr_line' id='line_1_43' title="bbox 457 2744 2032 2814; baseline -0.001 -14"><span class='ocrx_word' id='word_1_313' title='bbox 457 2745 589 2800; x_wconf 69' lang='lat' dir='ltr'><strong>velit</strong></span> <span class='ocrx_word' id='word_1_314' title='bbox 625 2757 818 2801; x_wconf 88' lang='lat' dir='ltr'><strong>omnes</strong></span> <span class='ocrx_word' id='word_1_315' title='bbox 863 2757 984 2800; x_wconf 89' lang='lat' dir='ltr'><strong>esse</strong></span> <span class='ocrx_word' id='word_1_316' title='bbox 1019 2759 1188 2798; x_wconf 89' lang='lat' dir='ltr'><strong>unum</strong></span> <span class='ocrx_word' id='word_1_317' title='bbox 1220 2758 1423 2814; x_wconf 79' lang='lat' dir='ltr'><strong>corpus</strong></span> <span class='ocrx_word' id='word_1_318' title='bbox 1474 2753 1529 2800; x_wconf 91' lang='lat' dir='ltr'><strong>et</strong></span> <span class='ocrx_word' id='word_1_319' title='bbox 1565 2758 1729 2798; x_wconf 93' lang='lat' dir='ltr'><strong>unam</strong></span> <span class='ocrx_word' id='word_1_320' title='bbox 1770 2744 2032 2812; x_wconf 88' lang='lat' dir='ltr'><strong>animam,</strong></span> 
     </span>
    </p>
   </div>
   <div class='ocr_carea' id='block_1_44' title="bbox 468 2837 2034 2909">
    <p class='ocr_par' dir='ltr' id='par_1_44' title="bbox 468 2837 2034 2909">
     <span class='ocr_line' id='line_1_44' title="bbox 468 2837 2034 2909; baseline 0.001 -18"><span class='ocrx_word' id='word_1_321' title='bbox 468 2846 529 2891; x_wconf 91' lang='lat' dir='ltr'><strong>ut</strong></span> <span class='ocrx_word' id='word_1_322' title='bbox 573 2845 766 2892; x_wconf 84' lang='lat' dir='ltr'><strong>nostra</strong></span> <span class='ocrx_word' id='word_1_323' title='bbox 809 2837 1030 2893; x_wconf 90' lang='lat' dir='ltr'><strong>virtutis</strong></span> <span class='ocrx_word' id='word_1_324' title='bbox 1072 2846 1128 2893; x_wconf 88' lang='lat' dir='ltr'><strong>et</strong></span> <span class='ocrx_word' id='word_1_325' title='bbox 1179 2839 1385 2892; x_wconf 89' lang='lat' dir='ltr'><strong>amoris</strong></span> <span class='ocrx_word' id='word_1_326' title='bbox 1417 2837 1536 2909; x_wconf 83' lang='lat' dir='ltr'><strong>lege</strong></span> <span class='ocrx_word' id='word_1_327' title='bbox 1566 2847 1892 2908; x_wconf 67' lang='lat' dir='ltr'><strong>praeceptum</strong></span> <span class='ocrx_word' id='word_1_328' title='bbox 1931 2849 2034 2893; x_wconf 90' lang='lat' dir='ltr'><strong>est.</strong></span> 
     </span>
    </p>
   </div>
   <div class='ocr_carea' id='block_1_45' title="bbox 2137 1731 3719 1802">
    <p class='ocr_par' dir='ltr' id='par_1_45' title="bbox 2137 1731 3719 1802">
     <span class='ocr_line' id='line_1_45' title="bbox 2137 1731 3719 1802; baseline -0.002 -16"><span class='ocrx_word' id='word_1_329' title='bbox 2137 1732 2289 1796; x_wconf 83' lang='grc' dir='ltr'>τέλος</span> <span class='ocrx_word' id='word_1_330' title='bbox 2307 1750 2320 1764; x_wconf 89' lang='grc'><strong>·</strong></span> <span class='ocrx_word' id='word_1_331' title='bbox 2343 1733 2482 1802; x_wconf 78' lang='grc' dir='ltr'>ὅπερ</span> <span class='ocrx_word' id='word_1_332' title='bbox 2511 1731 2664 1785; x_wconf 75' lang='grc' dir='ltr'>ἐστὶν</span> <span class='ocrx_word' id='word_1_333' title='bbox 2685 1734 2714 1784; x_wconf 91' lang='lat'><strong>6</strong></span> <span class='ocrx_word' id='word_1_334' title='bbox 2741 1731 2975 1802; x_wconf 85' lang='grc' dir='ltr'>μέλλων,</span> <span class='ocrx_word' id='word_1_335' title='bbox 3009 1731 3126 1787; x_wconf 80' lang='grc' dir='ltr'>ἀλλ’</span> <span class='ocrx_word' id='word_1_336' title='bbox 3150 1732 3248 1802; x_wconf 83' lang='grc' dir='ltr'><strong>οὐχ</strong></span> <span class='ocrx_word' id='word_1_337' title='bbox 3264 1733 3294 1785; x_wconf 93' lang='lat'><strong>6</strong></span> <span class='ocrx_word' id='word_1_338' title='bbox 3328 1731 3520 1802; x_wconf 86' lang='grc' dir='ltr'>παρὼν</span> <span class='ocrx_word' id='word_1_339' title='bbox 3545 1733 3679 1786; x_wconf 83' lang='grc' dir='ltr'>αἰών</span> <span class='ocrx_word' id='word_1_340' title='bbox 3703 1750 3719 1763; x_wconf 81' lang='grc' dir='ltr'><strong><em>ο</em></strong></span> 
     </span>
    </p>
   </div>
   <div class='ocr_carea' id='block_1_46' title="bbox 2137 1822 3724 1894">
    <p class='ocr_par' dir='ltr' id='par_1_46' title="bbox 2137 1822 3724 1894">
     <span class='ocr_line' id='line_1_46' title="bbox 2137 1822 3724 1894; baseline 0 -19"><span class='ocrx_word' id='word_1_341' title='bbox 2137 1822 2278 1876; x_wconf 82' lang='grc' dir='ltr'>διατί</span> <span class='ocrx_word' id='word_1_342' title='bbox 2322 1822 2378 1874; x_wconf 75' lang='grc' dir='ltr'>δὲ</span> <span class='ocrx_word' id='word_1_343' title='bbox 2415 1822 2789 1894; x_wconf 84' lang='grc' dir='ltr'>κληρονόμους</span> <span class='ocrx_word' id='word_1_344' title='bbox 2817 1823 2966 1893; x_wconf 78' lang='grc' dir='ltr'>ἡμᾶς</span> <span class='ocrx_word' id='word_1_345' title='bbox 3006 1823 3310 1892; x_wconf 74' lang='grc' dir='ltr'>ἐγγράφεις</span> <span class='ocrx_word' id='word_1_346' title='bbox 3347 1823 3431 1876; x_wconf 74' lang='grc' dir='ltr'>ὅτι</span> <span class='ocrx_word' id='word_1_347' title='bbox 3477 1823 3724 1894; x_wconf 74' lang='grc' dir='ltr'>υἱοποιή-</span> 
     </span>
    </p>
   </div>
   <div class='ocr_carea' id='block_1_47' title="bbox 2141 1915 3724 1985">
    <p class='ocr_par' dir='ltr' id='par_1_47' title="bbox 2141 1915 3724 1985">
     <span class='ocr_line' id='line_1_47' title="bbox 2141 1915 3724 1985; baseline 0.001 -17"><span class='ocrx_word' id='word_1_348' title='bbox 2141 1933 2273 1968; x_wconf 90' lang='grc' dir='ltr'>σατο</span> <span class='ocrx_word' id='word_1_349' title='bbox 2295 1933 2310 1946; x_wconf 91' lang='grc'><strong>·</strong></span> <span class='ocrx_word' id='word_1_350' title='bbox 2341 1915 2493 1980; x_wconf 86' lang='grc' dir='ltr'>τίνας</span> <span class='ocrx_word' id='word_1_351' title='bbox 2524 1915 2619 1984; x_wconf 73' lang='grc' dir='ltr'>διες</span> <span class='ocrx_word' id='word_1_352' title='bbox 2653 1916 2779 1980; x_wconf 79' lang='grc' dir='ltr'>τοὺς</span> <span class='ocrx_word' id='word_1_353' title='bbox 2807 1915 2989 1983; x_wconf 80' lang='grc' dir='ltr'>ἀξίους</span> <span class='ocrx_word' id='word_1_354' title='bbox 3025 1931 3039 1944; x_wconf 86' lang='grc'><strong>·</strong></span> <span class='ocrx_word' id='word_1_355' title='bbox 3067 1915 3206 1980; x_wconf 81' lang='grc' dir='ltr'>ἄξιοι</span> <span class='ocrx_word' id='word_1_356' title='bbox 3235 1916 3291 1970; x_wconf 80' lang='grc' dir='ltr'>δὲ</span> <span class='ocrx_word' id='word_1_357' title='bbox 3321 1917 3500 1985; x_wconf 80' lang='grc' dir='ltr'>τίνες;</span> <span class='ocrx_word' id='word_1_358' title='bbox 3534 1919 3582 1970; x_wconf 87' lang='grc' dir='ltr'>οἱ</span> <span class='ocrx_word' id='word_1_359' title='bbox 3611 1917 3724 1970; x_wconf 89' lang='grc' dir='ltr'><strong>τῶν</strong></span> 
     </span>
    </p>
   </div>
   <div class='ocr_carea' id='block_1_48' title="bbox 2139 2006 3724 2082">
    <p class='ocr_par' dir='ltr' id='par_1_48' title="bbox 2139 2006 3724 2082">
     <span class='ocr_line' id='line_1_48' title="bbox 2139 2006 3724 2082; baseline 0.001 -20"><span class='ocrx_word' id='word_1_360' title='bbox 2139 2006 2367 2062; x_wconf 71' lang='grc' dir='ltr'>ἐντολῶν</span> <span class='ocrx_word' id='word_1_361' title='bbox 2419 2007 2690 2078; x_wconf 77' lang='grc' dir='ltr'>φύλακες’</span> <span class='ocrx_word' id='word_1_362' title='bbox 2724 2011 2854 2082; x_wconf 72' lang='grc' dir='ltr'>περὶ</span> <span class='ocrx_word' id='word_1_363' title='bbox 2903 2007 3106 2079; x_wconf 81' lang='grc' dir='ltr'>ταύτης</span> <span class='ocrx_word' id='word_1_364' title='bbox 3131 2010 3231 2078; x_wconf 85' lang='grc' dir='ltr'>τῆς</span> <span class='ocrx_word' id='word_1_365' title='bbox 3271 2009 3724 2080; x_wconf 88' lang='grc' dir='ltr'>κληρονομούσης</span> 
     </span>
    </p>
   </div>
   <div class='ocr_carea' id='block_1_49' title="bbox 2141 2099 3725 2174">
    <p class='ocr_par' dir='ltr' id='par_1_49' title="bbox 2141 2099 3725 2174">
     <span class='ocr_line' id='line_1_49' title="bbox 2141 2099 3725 2174; baseline 0.001 -20"><span class='ocrx_word' id='word_1_366' title='bbox 2141 2101 2236 2154; x_wconf 73' lang='grc' dir='ltr'>καὶ</span> <span class='ocrx_word' id='word_1_367' title='bbox 2267 2101 2296 2153; x_wconf 91' lang='lat'><strong>6</strong></span> <span class='ocrx_word' id='word_1_368' title='bbox 2323 2099 2531 2164; x_wconf 84' lang='grc' dir='ltr'>Παῦλος</span> <span class='ocrx_word' id='word_1_369' title='bbox 2561 2100 2748 2169; x_wconf 79' lang='grc' dir='ltr'>ἔλεγεν</span> <span class='ocrx_word' id='word_1_370' title='bbox 2771 2116 2785 2130; x_wconf 78' lang='grc' dir='ltr'><strong><em>ο</em></strong></span> <span class='ocrx_word' id='word_1_371' title='bbox 2821 2117 2843 2152; x_wconf 82' lang='grc' dir='ltr'><strong>ι</strong></span> <span class='ocrx_word' id='word_1_372' title='bbox 2891 2099 3252 2171; x_wconf 78' lang='grc' dir='ltr'>Ἤρμοσάμην</span> <span class='ocrx_word' id='word_1_373' title='bbox 3279 2101 3408 2171; x_wconf 80' lang='grc' dir='ltr'>ὑμῖν</span> <span class='ocrx_word' id='word_1_374' title='bbox 3447 2100 3725 2174; x_wconf 82' lang='grc' dir='ltr'>παρθένον</span> 
     </span>
    </p>
   </div>
   <div class='ocr_carea' id='block_1_50' title="bbox 2139 2188 3718 2262">
    <p class='ocr_par' dir='ltr' id='par_1_50' title="bbox 2139 2188 3718 2262">
     <span class='ocr_line' id='line_1_50' title="bbox 2139 2188 3718 2262; baseline 0.003 -21"><span class='ocrx_word' id='word_1_375' title='bbox 2139 2188 2311 2259; x_wconf 84' lang='grc' dir='ltr'>ἁγνὴν</span> <span class='ocrx_word' id='word_1_376' title='bbox 2344 2189 2427 2241; x_wconf 76' lang='grc' dir='ltr'><strong>ἑνὶ</strong></span> <span class='ocrx_word' id='word_1_377' title='bbox 2452 2189 2606 2260; x_wconf 79' lang='grc' dir='ltr'>ἀνδρὶ</span> <span class='ocrx_word' id='word_1_378' title='bbox 2655 2188 3000 2262; x_wconf 82' lang='grc' dir='ltr'>παραστῆσαι</span> <span class='ocrx_word' id='word_1_379' title='bbox 3045 2191 3126 2261; x_wconf 86' lang='grc' dir='ltr'>τῷ</span> <span class='ocrx_word' id='word_1_380' title='bbox 3181 2190 3437 2261; x_wconf 69' lang='grc' dir='ltr'>Χριστῷ*</span> <span class='ocrx_word' id='word_1_381' title='bbox 3497 2211 3518 2244; x_wconf 72' lang='grc' dir='ltr'><strong>ι</strong></span> <span class='ocrx_word' id='word_1_382' title='bbox 3565 2193 3718 2246; x_wconf 79' lang='grc' dir='ltr'>καὶὸ</span> 
     </span>
    </p>
   </div>
   <div class='ocr_carea' id='block_1_51' title="bbox 2153 2280 3726 2354">
    <p class='ocr_par' dir='ltr' id='par_1_51' title="bbox 2153 2280 3726 2354">
     <span class='ocr_line' id='line_1_51' title="bbox 2153 2280 3726 2354; baseline 0.001 -20"><span class='ocrx_word' id='word_1_383' title='bbox 2153 2280 2406 2351; x_wconf 71' lang='grc' dir='ltr'>Ἰωάννης</span> <span class='ocrx_word' id='word_1_384' title='bbox 2447 2281 2644 2352; x_wconf 77' lang='grc' dir='ltr'>φησίνο</span> <span class='ocrx_word' id='word_1_385' title='bbox 2710 2299 2730 2333; x_wconf 76' lang='grc' dir='ltr'><strong>ι</strong></span> <span class='ocrx_word' id='word_1_386' title='bbox 2782 2282 2842 2336; x_wconf 85' lang='grc' dir='ltr'>Ὀ</span> <span class='ocrx_word' id='word_1_387' title='bbox 2881 2280 3022 2353; x_wconf 76' lang='grc' dir='ltr'>ἔχων</span> <span class='ocrx_word' id='word_1_388' title='bbox 3074 2282 3173 2354; x_wconf 82' lang='grc' dir='ltr'><strong>τήν</strong></span> <span class='ocrx_word' id='word_1_389' title='bbox 3221 2281 3440 2354; x_wconf 74' lang='grc' dir='ltr'>νύμφην</span> <span class='ocrx_word' id='word_1_390' title='bbox 3488 2284 3726 2354; x_wconf 78' lang='grc' dir='ltr'>νυμφίος</span> 
     </span>
    </p>
   </div>
   <div class='ocr_carea' id='block_1_52' title="bbox 2137 2367 3724 2446">
    <p class='ocr_par' dir='ltr' id='par_1_52' title="bbox 2137 2367 3724 2446">
     <span class='ocr_line' id='line_1_52' title="bbox 2137 2367 3724 2446; baseline 0.003 -22"><span class='ocrx_word' id='word_1_391' title='bbox 2137 2371 2306 2425; x_wconf 77' lang='grc' dir='ltr'>ἐστίν’</span> <span class='ocrx_word' id='word_1_392' title='bbox 2338 2391 2356 2424; x_wconf 86' lang='grc' dir='ltr'><strong>ι</strong></span> <span class='ocrx_word' id='word_1_393' title='bbox 2383 2373 2498 2426; x_wconf 77' lang='grc' dir='ltr'>ἀλλ’</span> <span class='ocrx_word' id='word_1_394' title='bbox 2523 2377 2552 2427; x_wconf 86' lang='lat'><strong>6</strong></span> <span class='ocrx_word' id='word_1_395' title='bbox 2575 2373 2672 2445; x_wconf 77' lang='grc' dir='ltr'>μὲν</span> <span class='ocrx_word' id='word_1_396' title='bbox 2694 2374 2926 2429; x_wconf 76' lang='grc' dir='ltr'>ἐνταῦοα</span> <span class='ocrx_word' id='word_1_397' title='bbox 2951 2367 3181 2445; x_wconf 77' lang='grc' dir='ltr'>νῦμφίος</span> <span class='ocrx_word' id='word_1_398' title='bbox 3207 2376 3345 2446; x_wconf 82' lang='grc' dir='ltr'><strong>μετά</strong></span> <span class='ocrx_word' id='word_1_399' title='bbox 3365 2376 3462 2439; x_wconf 72' lang='grc' dir='ltr'>τὰς</span> <span class='ocrx_word' id='word_1_400' title='bbox 3493 2376 3724 2446; x_wconf 84' lang='grc' dir='ltr'>πρώτας</span> 
     </span>
    </p>
   </div>
   <div class='ocr_carea' id='block_1_53' title="bbox 2138 2464 3724 2540">
    <p class='ocr_par' dir='ltr' id='par_1_53' title="bbox 2138 2464 3724 2540">
     <span class='ocr_line' id='line_1_53' title="bbox 2138 2464 3724 2540; baseline 0.004 -24"><span class='ocrx_word' id='word_1_401' title='bbox 2138 2464 2353 2534; x_wconf 78' lang='grc' dir='ltr'>ἡμέρας</span> <span class='ocrx_word' id='word_1_402' title='bbox 2407 2465 2667 2519; x_wconf 83' lang='grc' dir='ltr'>καταλύει</span> <span class='ocrx_word' id='word_1_403' title='bbox 2695 2467 2757 2519; x_wconf 71' lang='grc' dir='ltr'><strong>τὸ</strong></span> <span class='ocrx_word' id='word_1_404' title='bbox 2790 2467 3020 2538; x_wconf 79' lang='grc' dir='ltr'>σφοδρὸν</span> <span class='ocrx_word' id='word_1_405' title='bbox 3049 2467 3144 2520; x_wconf 89' lang='grc' dir='ltr'><strong>τοῦ</strong></span> <span class='ocrx_word' id='word_1_406' title='bbox 3173 2467 3374 2539; x_wconf 75' lang='grc' dir='ltr'>ἔρωτος</span> <span class='ocrx_word' id='word_1_407' title='bbox 3396 2505 3411 2531; x_wconf 88' lang='grc'><strong>,</strong></span> <span class='ocrx_word' id='word_1_408' title='bbox 3433 2470 3462 2521; x_wconf 88' lang='lat'><strong>6</strong></span> <span class='ocrx_word' id='word_1_409' title='bbox 3491 2468 3548 2521; x_wconf 77' lang='grc' dir='ltr'>δὲ</span> <span class='ocrx_word' id='word_1_410' title='bbox 3580 2471 3724 2540; x_wconf 76' lang='grc' dir='ltr'>ἠμέ-</span> 
     </span>
    </p>
   </div>
   <div class='ocr_carea' id='block_1_54' title="bbox 2136 2557 3726 2630">
    <p class='ocr_par' dir='ltr' id='par_1_54' title="bbox 2136 2557 3726 2630">
     <span class='ocr_line' id='line_1_54' title="bbox 2136 2557 3726 2630; baseline 0.003 -23"><span class='ocrx_word' id='word_1_411' title='bbox 2136 2573 2293 2627; x_wconf 87' lang='grc' dir='ltr'>τερος</span> <span class='ocrx_word' id='word_1_412' title='bbox 2336 2558 2566 2627; x_wconf 83' lang='grc' dir='ltr'>νυμφίος</span> <span class='ocrx_word' id='word_1_413' title='bbox 2619 2557 2770 2627; x_wconf 87' lang='grc' dir='ltr'>μένει</span> <span class='ocrx_word' id='word_1_414' title='bbox 2819 2558 3084 2630; x_wconf 82' lang='grc' dir='ltr'>διηνεκῶς</span> <span class='ocrx_word' id='word_1_415' title='bbox 3129 2558 3362 2626; x_wconf 80' lang='grc' dir='ltr'>ἀγαπῶν</span> <span class='ocrx_word' id='word_1_416' title='bbox 3404 2559 3586 2629; x_wconf 71' lang='grc' dir='ltr'>ἡμᾶς,</span> <span class='ocrx_word' id='word_1_417' title='bbox 3625 2561 3726 2613; x_wconf 80' lang='grc' dir='ltr'>καὶ</span> 
     </span>
    </p>
   </div>
   <div class='ocr_carea' id='block_1_55' title="bbox 2137 2649 3721 2724">
    <p class='ocr_par' dir='ltr' id='par_1_55' title="bbox 2137 2649 3721 2724">
     <span class='ocr_line' id='line_1_55' title="bbox 2137 2649 3721 2724; baseline 0.003 -22"><span class='ocrx_word' id='word_1_418' title='bbox 2137 2649 2424 2704; x_wconf 75' lang='grc' dir='ltr'>ἐπιτείνων</span> <span class='ocrx_word' id='word_1_419' title='bbox 2484 2651 2575 2704; x_wconf 78' lang='grc' dir='ltr'>τὸν</span> <span class='ocrx_word' id='word_1_420' title='bbox 2621 2649 2785 2704; x_wconf 83' lang='grc' dir='ltr'>πόθον</span> <span class='ocrx_word' id='word_1_421' title='bbox 2808 2664 2823 2680; x_wconf 87' lang='grc'>⁶</span> <span class='ocrx_word' id='word_1_422' title='bbox 2882 2652 3020 2723; x_wconf 80' lang='grc' dir='ltr'>ὅπερ</span> <span class='ocrx_word' id='word_1_423' title='bbox 3098 2651 3276 2724; x_wconf 88' lang='grc' dir='ltr'>δηλῶν</span> <span class='ocrx_word' id='word_1_424' title='bbox 3336 2652 3366 2706; x_wconf 88' lang='lat'><strong>6</strong></span> <span class='ocrx_word' id='word_1_425' title='bbox 3438 2652 3721 2722; x_wconf 83' lang='grc' dir='ltr'>Ἰωάννης,</span> 
     </span>
    </p>
   </div>
   <div class='ocr_carea' id='block_1_56' title="bbox 2137 2745 3718 2817">
    <p class='ocr_par' dir='ltr' id='par_1_56' title="bbox 2137 2745 3718 2817">
     <span class='ocr_line' id='line_1_56' title="bbox 2137 2745 3718 2817; baseline 0.001 -21"><span class='ocrx_word' id='word_1_426' title='bbox 2137 2745 2369 2814; x_wconf 76' lang='grc' dir='ltr'>νυμφίον</span> <span class='ocrx_word' id='word_1_427' title='bbox 2405 2745 2566 2798; x_wconf 81' lang='grc' dir='ltr'>αὐτὸν</span> <span class='ocrx_word' id='word_1_428' title='bbox 2594 2745 2885 2800; x_wconf 76' lang='grc' dir='ltr'>ἐπεκάλει·</span> <span class='ocrx_word' id='word_1_429' title='bbox 2913 2745 2998 2799; x_wconf 84' lang='grc' dir='ltr'>ὅτι</span> <span class='ocrx_word' id='word_1_430' title='bbox 3039 2745 3383 2817; x_wconf 78' lang='grc' dir='ltr'>ἀκμάζοντες</span> <span class='ocrx_word' id='word_1_431' title='bbox 3407 2746 3456 2799; x_wconf 77' lang='grc' dir='ltr'>οἱ</span> <span class='ocrx_word' id='word_1_432' title='bbox 3513 2745 3672 2800; x_wconf 83' lang='grc' dir='ltr'>πόθοι</span> <span class='ocrx_word' id='word_1_433' title='bbox 3701 2760 3718 2776; x_wconf 85' lang='grc'><strong>·</strong></span> 
     </span>
    </p>
   </div>
   <div class='ocr_carea' id='block_1_57' title="bbox 2136 2834 3724 2906">
    <p class='ocr_par' dir='ltr' id='par_1_57' title="bbox 2136 2834 3724 2906">
     <span class='ocr_line' id='line_1_57' title="bbox 2136 2834 3724 2906; baseline 0.002 -20"><span class='ocrx_word' id='word_1_434' title='bbox 2136 2834 2196 2886; x_wconf 76' lang='grc' dir='ltr'>οὺ</span> <span class='ocrx_word' id='word_1_435' title='bbox 2230 2835 2319 2888; x_wconf 78' lang='grc' dir='ltr'>διὰ</span> <span class='ocrx_word' id='word_1_436' title='bbox 2347 2834 2504 2889; x_wconf 88' lang='grc' dir='ltr'>τοῦτο</span> <span class='ocrx_word' id='word_1_437' title='bbox 2535 2837 2590 2887; x_wconf 74' lang='grc' dir='ltr'>δὲ</span> <span class='ocrx_word' id='word_1_438' title='bbox 2622 2837 2782 2905; x_wconf 80' lang='grc' dir='ltr'>μόνον</span> <span class='ocrx_word' id='word_1_439' title='bbox 2806 2837 3059 2906; x_wconf 81' lang='grc' dir='ltr'>νυμφίος,</span> <span class='ocrx_word' id='word_1_440' title='bbox 3091 2836 3228 2892; x_wconf 77' lang='grc' dir='ltr'>ἀλλὰ</span> <span class='ocrx_word' id='word_1_441' title='bbox 3259 2838 3357 2891; x_wconf 77' lang='grc' dir='ltr'>καὶ</span> <span class='ocrx_word' id='word_1_442' title='bbox 3399 2838 3480 2892; x_wconf 81' lang='grc' dir='ltr'>ὅτι</span> <span class='ocrx_word' id='word_1_443' title='bbox 3511 2839 3724 2902; x_wconf 75' lang='grc' dir='ltr'>πάντας</span> 
     </span>
    </p>
   </div>
   <div class='ocr_carea' id='block_1_58' title="bbox 463 2923 2038 3001">
    <p class='ocr_par' dir='ltr' id='par_1_58' title="bbox 463 2927 2038 3000">
     <span class='ocr_line' id='line_1_58' title="bbox 463 2927 2038 3000; baseline 0.002 -19"><span class='ocrx_word' id='word_1_444' title='bbox 463 2927 528 2982; x_wconf 76' lang='lat' dir='ltr'><strong>Et</strong></span> <span class='ocrx_word' id='word_1_445' title='bbox 557 2927 1020 2999; x_wconf 86' lang='lat' dir='ltr'><strong>quemadmodum</strong></span> <span class='ocrx_word' id='word_1_446' title='bbox 1050 2943 1253 3000; x_wconf 89' lang='lat' dir='ltr'><strong>sponsa</strong></span> <span class='ocrx_word' id='word_1_447' title='bbox 1291 2929 1476 2984; x_wconf 83' lang='lat' dir='ltr'><strong>omnia</strong></span> <span class='ocrx_word' id='word_1_448' title='bbox 1506 2927 1642 2984; x_wconf 81' lang='lat' dir='ltr'><strong>facit</strong></span> <span class='ocrx_word' id='word_1_449' title='bbox 1671 2939 1730 2985; x_wconf 93' lang='lat' dir='ltr'><strong>ut</strong></span> <span class='ocrx_word' id='word_1_450' title='bbox 1773 2930 1890 2985; x_wconf 90' lang='lat' dir='ltr'><strong>viro</strong></span> <span class='ocrx_word' id='word_1_451' title='bbox 1921 2929 2038 3000; x_wconf 87' lang='lat' dir='ltr'><strong>pla-</strong></span> 
     </span>
    </p>
   </div>
   <div class='ocr_carea' id='block_1_59' title="bbox 2141 2923 3727 3001">
    <p class='ocr_par' dir='ltr' id='par_1_59' title="bbox 2143 2923 3727 3001">
     <span class='ocr_line' id='line_1_59' title="bbox 2143 2923 3727 3001; baseline 0.003 -23"><span class='ocrx_word' id='word_1_452' title='bbox 2143 2925 2200 2978; x_wconf 80' lang='grc' dir='ltr'>ἓν</span> <span class='ocrx_word' id='word_1_453' title='bbox 2236 2927 2394 2998; x_wconf 79' lang='grc' dir='ltr'>σῶμα</span> <span class='ocrx_word' id='word_1_454' title='bbox 2415 2923 2551 3000; x_wconf 81' lang='grc' dir='ltr'>εἶναι</span> <span class='ocrx_word' id='word_1_455' title='bbox 2588 2927 2836 2996; x_wconf 85' lang='grc' dir='ltr'>βούλεται</span> <span class='ocrx_word' id='word_1_456' title='bbox 2866 2929 2962 2983; x_wconf 75' lang='grc' dir='ltr'>καὶ</span> <span class='ocrx_word' id='word_1_457' title='bbox 2993 2929 3123 2999; x_wconf 88' lang='grc' dir='ltr'>μίαν</span> <span class='ocrx_word' id='word_1_458' title='bbox 3147 2928 3326 3000; x_wconf 79' lang='grc' dir='ltr'>ψυχὴν</span> <span class='ocrx_word' id='word_1_459' title='bbox 3344 2930 3485 2982; x_wconf 86' lang='grc' dir='ltr'><strong>κατά</strong></span> <span class='ocrx_word' id='word_1_460' title='bbox 3506 2929 3596 2983; x_wconf 81' lang='grc' dir='ltr'>τὸν</span> <span class='ocrx_word' id='word_1_461' title='bbox 3619 2930 3727 3001; x_wconf 81' lang='grc' dir='ltr'>τῆς</span> 
     </span>
    </p>
   </div>
   <div class='ocr_carea' id='block_1_60' title="bbox 458 3020 2040 3091">
    <p class='ocr_par' dir='ltr' id='par_1_60' title="bbox 458 3020 2040 3091">
     <span class='ocr_line' id='line_1_60' title="bbox 458 3020 2040 3091; baseline 0.001 -17"><span class='ocrx_word' id='word_1_462' title='bbox 458 3028 600 3087; x_wconf 91' lang='lat' dir='ltr'><strong>ceat,</strong></span> <span class='ocrx_word' id='word_1_463' title='bbox 643 3020 724 3077; x_wconf 89' lang='lat' dir='ltr'><strong>sic</strong></span> <span class='ocrx_word' id='word_1_464' title='bbox 767 3034 868 3076; x_wconf 89' lang='lat' dir='ltr'><strong>nos</strong></span> <span class='ocrx_word' id='word_1_465' title='bbox 911 3035 1127 3091; x_wconf 90' lang='lat' dir='ltr'><strong>semper</strong></span> <span class='ocrx_word' id='word_1_466' title='bbox 1163 3020 1220 3076; x_wconf 88' lang='lat' dir='ltr'><strong>in</strong></span> <span class='ocrx_word' id='word_1_467' title='bbox 1270 3021 1374 3076; x_wconf 90' lang='lat' dir='ltr'><strong>hac</strong></span> <span class='ocrx_word' id='word_1_468' title='bbox 1403 3021 1514 3076; x_wconf 86' lang='lat' dir='ltr'><strong>vita</strong></span> <span class='ocrx_word' id='word_1_469' title='bbox 1545 3021 1680 3077; x_wconf 90' lang='lat' dir='ltr'><strong>tales</strong></span> <span class='ocrx_word' id='word_1_470' title='bbox 1729 3035 1851 3078; x_wconf 91' lang='lat' dir='ltr'><strong>esse</strong></span> <span class='ocrx_word' id='word_1_471' title='bbox 1884 3020 2040 3077; x_wconf 76' lang='lat' dir='ltr'><strong>debe-</strong></span> 
     </span>
    </p>
   </div>
   <div class='ocr_carea' id='block_1_61' title="bbox 459 3111 2038 3183">
    <p class='ocr_par' dir='ltr' id='par_1_61' title="bbox 459 3111 2038 3183">
     <span class='ocr_line' id='line_1_61' title="bbox 459 3111 2038 3183; baseline 0 -15"><span class='ocrx_word' id='word_1_472' title='bbox 459 3127 606 3180; x_wconf 87' lang='lat' dir='ltr'><strong>mus,</strong></span> <span class='ocrx_word' id='word_1_473' title='bbox 646 3111 826 3183; x_wconf 89' lang='lat' dir='ltr'><strong>qualis</strong></span> <span class='ocrx_word' id='word_1_474' title='bbox 866 3126 1067 3182; x_wconf 90' lang='lat' dir='ltr'><strong>sponsa</strong></span> <span class='ocrx_word' id='word_1_475' title='bbox 1111 3111 1172 3166; x_wconf 91' lang='lat' dir='ltr'><strong>in</strong></span> <span class='ocrx_word' id='word_1_476' title='bbox 1222 3111 1326 3167; x_wconf 88' lang='lat' dir='ltr'><strong>hac</strong></span> <span class='ocrx_word' id='word_1_477' title='bbox 1355 3113 1467 3180; x_wconf 90' lang='lat' dir='ltr'><strong>die,</strong></span> <span class='ocrx_word' id='word_1_478' title='bbox 1513 3126 1640 3167; x_wconf 91' lang='lat' dir='ltr'><strong>cum</strong></span> <span class='ocrx_word' id='word_1_479' title='bbox 1699 3111 1754 3166; x_wconf 89' lang='lat' dir='ltr'><strong>in</strong></span> <span class='ocrx_word' id='word_1_480' title='bbox 1797 3111 2038 3168; x_wconf 88' lang='lat' dir='ltr'><strong>thalamo</strong></span> 
     </span>
    </p>
   </div>
   <div class='ocr_carea' id='block_1_62' title="bbox 461 3205 2034 3276">
    <p class='ocr_par' dir='ltr' id='par_1_62' title="bbox 461 3205 2034 3276">
     <span class='ocr_line' id='line_1_62' title="bbox 461 3205 2034 3276; baseline -0.003 -14"><span class='ocrx_word' id='word_1_481' title='bbox 461 3205 637 3272; x_wconf 88' lang='lat' dir='ltr'><strong>sedet,</strong></span> <span class='ocrx_word' id='word_1_482' title='bbox 678 3205 785 3260; x_wconf 91' lang='lat' dir='ltr'><strong>hoc</strong></span> <span class='ocrx_word' id='word_1_483' title='bbox 814 3219 984 3260; x_wconf 89' lang='lat' dir='ltr'><strong>unum</strong></span> <span class='ocrx_word' id='word_1_484' title='bbox 1031 3205 1286 3272; x_wconf 91' lang='lat' dir='ltr'><strong>sollicita,</strong></span> <span class='ocrx_word' id='word_1_485' title='bbox 1335 3205 1615 3276; x_wconf 91' lang='lat' dir='ltr'><strong>quomodo</strong></span> <span class='ocrx_word' id='word_1_486' title='bbox 1642 3206 1762 3260; x_wconf 89' lang='lat' dir='ltr'><strong>viro</strong></span> <span class='ocrx_word' id='word_1_487' title='bbox 1801 3206 2034 3276; x_wconf 86' lang='lat' dir='ltr'><strong>placeat.</strong></span> 
     </span>
    </p>
   </div>
   <div class='ocr_carea' id='block_1_63' title="bbox 459 3298 2036 3369">
    <p class='ocr_par' dir='ltr' id='par_1_63' title="bbox 459 3298 2036 3369">
     <span class='ocr_line' id='line_1_63' title="bbox 459 3298 2036 3369; baseline 0.003 -18"><span class='ocrx_word' id='word_1_488' title='bbox 459 3298 633 3369; x_wconf 81' lang='lat' dir='ltr'><strong>Cujus</strong></span> <span class='ocrx_word' id='word_1_489' title='bbox 679 3311 894 3368; x_wconf 80' lang='lat' dir='ltr'><strong>sponsae</strong></span> <span class='ocrx_word' id='word_1_490' title='bbox 954 3299 1165 3354; x_wconf 88' lang='lat' dir='ltr'><strong>scilicet</strong></span> <span class='ocrx_word' id='word_1_491' title='bbox 1209 3298 1380 3354; x_wconf 85' lang='lat' dir='ltr'><strong>David</strong></span> <span class='ocrx_word' id='word_1_492' title='bbox 1426 3300 1752 3356; x_wconf 86' lang='lat' dir='ltr'><strong>recordatur</strong></span> <span class='ocrx_word' id='word_1_493' title='bbox 1798 3301 2036 3356; x_wconf 89' lang='lat' dir='ltr'><strong>dicens:</strong></span> 
     </span>
    </p>
   </div>
   <div class='ocr_carea' id='block_1_64' title="bbox 463 3382 2034 3459">
    <p class='ocr_par' dir='ltr' id='par_1_64' title="bbox 463 3382 2034 3459">
     <span class='ocr_line' id='line_1_64' title="bbox 463 3382 2034 3459; baseline 0.003 -18"><span class='ocrx_word' id='word_1_494' title='bbox 463 3407 484 3441; x_wconf 75' lang='grc' dir='ltr'><strong>ι</strong></span> <span class='ocrx_word' id='word_1_495' title='bbox 515 3388 706 3444; x_wconf 84' lang='lat' dir='ltr'><strong>Astitit</strong></span> <span class='ocrx_word' id='word_1_496' title='bbox 737 3382 1003 3459; x_wconf 70' lang='lat' dir='ltr'><strong>regina&#39;a</strong></span> <span class='ocrx_word' id='word_1_497' title='bbox 1052 3389 1259 3446; x_wconf 80' lang='lat' dir='ltr'><strong>dextris</strong></span> <span class='ocrx_word' id='word_1_498' title='bbox 1285 3389 1328 3422; x_wconf 85' lang='grc'><strong>¹³</strong></span> <span class='ocrx_word' id='word_1_499' title='bbox 1361 3407 1381 3441; x_wconf 75' lang='grc' dir='ltr'><strong>ι</strong></span> <span class='ocrx_word' id='word_1_500' title='bbox 1448 3399 1504 3445; x_wconf 94' lang='lat' dir='ltr'><strong>et</strong></span> <span class='ocrx_word' id='word_1_501' title='bbox 1551 3401 1766 3446; x_wconf 58' lang='lat' dir='ltr'><strong>castora.</strong></span> <span class='ocrx_word' id='word_1_502' title='bbox 1821 3389 2034 3446; x_wconf 85' lang='lat' dir='ltr'><strong>Vestem</strong></span> 
     </span>
    </p>
   </div>
   <div class='ocr_carea' id='block_1_65' title="bbox 461 3479 2042 3553">
    <p class='ocr_par' dir='ltr' id='par_1_65' title="bbox 461 3479 2042 3553">
     <span class='ocr_line' id='line_1_65' title="bbox 461 3479 2042 3553; baseline 0.003 -20"><span class='ocrx_word' id='word_1_503' title='bbox 461 3480 582 3550; x_wconf 89' lang='lat' dir='ltr'><strong>ejus</strong></span> <span class='ocrx_word' id='word_1_504' title='bbox 607 3479 815 3546; x_wconf 86' lang='lat' dir='ltr'><strong>vidisti,</strong></span> <span class='ocrx_word' id='word_1_505' title='bbox 837 3480 993 3534; x_wconf 89' lang='lat' dir='ltr'><strong>visne</strong></span> <span class='ocrx_word' id='word_1_506' title='bbox 1033 3494 1254 3550; x_wconf 91' lang='lat' dir='ltr'><strong>quoque</strong></span> <span class='ocrx_word' id='word_1_507' title='bbox 1273 3479 1460 3537; x_wconf 87' lang='lat' dir='ltr'><strong>videre</strong></span> <span class='ocrx_word' id='word_1_508' title='bbox 1485 3483 1604 3553; x_wconf 89' lang='lat' dir='ltr'><strong>ejus</strong></span> <span class='ocrx_word' id='word_1_509' title='bbox 1635 3483 2042 3539; x_wconf 87' lang='lat' dir='ltr'><strong>caleeamenta?</strong></span> 
     </span>
    </p>
   </div>
   <div class='ocr_carea' id='block_1_66' title="bbox 463 3571 2038 3644">
    <p class='ocr_par' dir='ltr' id='par_1_66' title="bbox 463 3571 2038 3644">
     <span class='ocr_line' id='line_1_66' title="bbox 463 3571 2038 3644; baseline 0.004 -19"><span class='ocrx_word' id='word_1_510' title='bbox 463 3571 590 3629; x_wconf 64' lang='lat' dir='ltr'><strong>llaec</strong></span> <span class='ocrx_word' id='word_1_511' title='bbox 623 3572 830 3628; x_wconf 85' lang='lat' dir='ltr'><strong>Paulus</strong></span> <span class='ocrx_word' id='word_1_512' title='bbox 865 3573 1118 3627; x_wconf 90' lang='lat' dir='ltr'><strong>ostendet</strong></span> <span class='ocrx_word' id='word_1_513' title='bbox 1146 3573 1342 3627; x_wconf 70' lang='lat' dir='ltr'><strong>divina:</strong></span> <span class='ocrx_word' id='word_1_514' title='bbox 1375 3573 1487 3627; x_wconf 83' lang='lat' dir='ltr'><strong>dux</strong></span> <span class='ocrx_word' id='word_1_515' title='bbox 1531 3588 1765 3644; x_wconf 67' lang='lat' dir='ltr'><strong>sponsae,</strong></span> <span class='ocrx_word' id='word_1_516' title='bbox 1800 3575 1990 3630; x_wconf 87' lang='lat' dir='ltr'><strong>dicens</strong></span> <span class='ocrx_word' id='word_1_517' title='bbox 2022 3593 2038 3631; x_wconf 89' lang='lat'><strong>:</strong></span> 
     </span>
    </p>
   </div>
   <div class='ocr_carea' id='block_1_67' title="bbox 469 3662 2040 3737">
    <p class='ocr_par' dir='ltr' id='par_1_67' title="bbox 469 3662 2040 3737">
     <span class='ocr_line' id='line_1_67' title="bbox 469 3662 2040 3737; baseline 0.003 -21"><span class='ocrx_word' id='word_1_518' title='bbox 469 3683 488 3716; x_wconf 82' lang='grc' dir='ltr'><strong>ι</strong></span> <span class='ocrx_word' id='word_1_519' title='bbox 521 3664 586 3719; x_wconf 81' lang='lat' dir='ltr'><strong>Et</strong></span> <span class='ocrx_word' id='word_1_520' title='bbox 623 3662 852 3720; x_wconf 90' lang='lat' dir='ltr'><strong>calceati</strong></span> <span class='ocrx_word' id='word_1_521' title='bbox 892 3663 1059 3734; x_wconf 88' lang='lat' dir='ltr'><strong>pedes</strong></span> <span class='ocrx_word' id='word_1_522' title='bbox 1099 3663 1151 3717; x_wconf 89' lang='lat' dir='ltr'><strong>in</strong></span> <span class='ocrx_word' id='word_1_523' title='bbox 1185 3664 1583 3734; x_wconf 74' lang='lat' dir='ltr'><strong>prmparatione</strong></span> <span class='ocrx_word' id='word_1_524' title='bbox 1625 3662 1904 3736; x_wconf 81' lang='lat' dir='ltr'><strong>Evangelii</strong></span> <span class='ocrx_word' id='word_1_525' title='bbox 1944 3681 2040 3737; x_wconf 86' lang='lat' dir='ltr'><strong>pa-</strong></span> 
     </span>
    </p>
   </div>
   <div class='ocr_carea' id='block_1_68' title="bbox 459 3753 2041 3826">
    <p class='ocr_par' dir='ltr' id='par_1_68' title="bbox 459 3753 2041 3826">
     <span class='ocr_line' id='line_1_68' title="bbox 459 3753 2041 3826; baseline 0.002 -14"><span class='ocrx_word' id='word_1_526' title='bbox 459 3754 624 3812; x_wconf 74' lang='lat' dir='ltr'><strong>cis“.</strong></span> <span class='ocrx_word' id='word_1_527' title='bbox 658 3773 678 3808; x_wconf 77' lang='grc' dir='ltr'><strong>ι</strong></span> <span class='ocrx_word' id='word_1_528' title='bbox 743 3753 908 3811; x_wconf 79' lang='lat' dir='ltr'><strong>Visne</strong></span> <span class='ocrx_word' id='word_1_529' title='bbox 955 3755 1154 3810; x_wconf 86' lang='lat' dir='ltr'><strong>intueri</strong></span> <span class='ocrx_word' id='word_1_530' title='bbox 1198 3764 1253 3810; x_wconf 87' lang='lat' dir='ltr'><strong>et</strong></span> <span class='ocrx_word' id='word_1_531' title='bbox 1300 3769 1493 3810; x_wconf 89' lang='lat' dir='ltr'><strong>zonam</strong></span> <span class='ocrx_word' id='word_1_532' title='bbox 1534 3771 1641 3826; x_wconf 91' lang='lat' dir='ltr'><strong>qua</strong></span> <span class='ocrx_word' id='word_1_533' title='bbox 1691 3758 1762 3812; x_wconf 91' lang='lat' dir='ltr'><strong>sit</strong></span> <span class='ocrx_word' id='word_1_534' title='bbox 1811 3769 2041 3815; x_wconf 72' lang='lat' dir='ltr'><strong>couCors</strong></span> 
     </span>
    </p>
   </div>
   <div class='ocr_carea' id='block_1_69' title="bbox 460 3841 2040 3922">
    <p class='ocr_par' dir='ltr' id='par_1_69' title="bbox 460 3841 2040 3922">
     <span class='ocr_line' id='line_1_69' title="bbox 460 3841 2040 3922; baseline 0.003 -18"><span class='ocrx_word' id='word_1_535' title='bbox 460 3865 588 3904; x_wconf 89' lang='lat' dir='ltr'><strong>cum</strong></span> <span class='ocrx_word' id='word_1_536' title='bbox 627 3848 896 3904; x_wconf 87' lang='lat' dir='ltr'><strong>veritate?</strong></span> <span class='ocrx_word' id='word_1_537' title='bbox 949 3869 968 3901; x_wconf 83' lang='grc' dir='ltr'><strong>ι</strong></span> <span class='ocrx_word' id='word_1_538' title='bbox 1001 3841 1287 3904; x_wconf 84' lang='lat' dir='ltr'><strong>Praecincti</strong></span> <span class='ocrx_word' id='word_1_539' title='bbox 1322 3845 1542 3904; x_wconf 90' lang='lat' dir='ltr'><strong>lumbos</strong></span> <span class='ocrx_word' id='word_1_540' title='bbox 1570 3851 1633 3916; x_wconf 79' lang='grc'><strong>’⁸,</strong></span> <span class='ocrx_word' id='word_1_541' title='bbox 1668 3869 1686 3901; x_wconf 77' lang='grc' dir='ltr'><strong>ι</strong></span> <span class='ocrx_word' id='word_1_542' title='bbox 1737 3851 1934 3922; x_wconf 84' lang='lat' dir='ltr'><strong>inquit,</strong></span> <span class='ocrx_word' id='word_1_543' title='bbox 1983 3853 2040 3909; x_wconf 91' lang='lat' dir='ltr'><strong>in</strong></span> 
     </span>
    </p>
   </div>
   <div class='ocr_carea' id='block_1_70' title="bbox 459 3938 2038 4012">
    <p class='ocr_par' dir='ltr' id='par_1_70' title="bbox 459 3938 2038 4012">
     <span class='ocr_line' id='line_1_70' title="bbox 459 3938 2038 4012; baseline 0.002 -16"><span class='ocrx_word' id='word_1_544' title='bbox 459 3941 715 3997; x_wconf 81' lang='lat' dir='ltr'><strong>veritate.</strong></span> <span class='ocrx_word' id='word_1_545' title='bbox 751 3959 770 3994; x_wconf 79' lang='grc' dir='ltr'><strong>ι</strong></span> <span class='ocrx_word' id='word_1_546' title='bbox 796 3938 964 3996; x_wconf 76' lang='lat' dir='ltr'><strong>Visne</strong></span> <span class='ocrx_word' id='word_1_547' title='bbox 1006 3950 1060 3996; x_wconf 91' lang='lat' dir='ltr'><strong>et</strong></span> <span class='ocrx_word' id='word_1_548' title='bbox 1092 3941 1256 4011; x_wconf 87' lang='lat' dir='ltr'><strong>pedes</strong></span> <span class='ocrx_word' id='word_1_549' title='bbox 1285 3939 1508 3997; x_wconf 86' lang='lat' dir='ltr'><strong>videre?</strong></span> <span class='ocrx_word' id='word_1_550' title='bbox 1536 3942 1676 3997; x_wconf 81' lang='lat' dir='ltr'><strong>Audi</strong></span> <span class='ocrx_word' id='word_1_551' title='bbox 1709 3941 2038 4012; x_wconf 84' lang='lat' dir='ltr'><strong>Prophetam</strong></span> 
     </span>
    </p>
   </div>
   <div class='ocr_carea' id='block_1_71' title="bbox 459 4031 2040 4108">
    <p class='ocr_par' dir='ltr' id='par_1_71' title="bbox 459 4031 2040 4108">
     <span class='ocr_line' id='line_1_71' title="bbox 459 4031 2040 4108; baseline 0.001 -19"><span class='ocrx_word' id='word_1_552' title='bbox 459 4034 772 4104; x_wconf 86' lang='lat' dir='ltr'><strong>loquentem</strong></span> <span class='ocrx_word' id='word_1_553' title='bbox 821 4050 836 4088; x_wconf 89' lang='lat'><strong>:</strong></span> <span class='ocrx_word' id='word_1_554' title='bbox 889 4031 1108 4099; x_wconf 69' lang='lat' dir='ltr'><strong>«Quam</strong></span> <span class='ocrx_word' id='word_1_555' title='bbox 1159 4034 1396 4102; x_wconf 87' lang='lat' dir='ltr'><strong>speciosi</strong></span> <span class='ocrx_word' id='word_1_556' title='bbox 1447 4035 1611 4104; x_wconf 87' lang='lat' dir='ltr'><strong>pedes</strong></span> <span class='ocrx_word' id='word_1_557' title='bbox 1655 4037 2040 4108; x_wconf 85' lang='lat' dir='ltr'><strong>evangelizan-</strong></span> 
     </span>
    </p>
   </div>
   <div class='ocr_carea' id='block_1_72' title="bbox 460 4125 2042 4195">
    <p class='ocr_par' dir='ltr' id='par_1_72' title="bbox 460 4125 2042 4195">
     <span class='ocr_line' id='line_1_72' title="bbox 460 4125 2042 4195; baseline 0.002 -15"><span class='ocrx_word' id='word_1_558' title='bbox 460 4125 596 4180; x_wconf 91' lang='lat' dir='ltr'><strong>tium</strong></span> <span class='ocrx_word' id='word_1_559' title='bbox 651 4140 841 4195; x_wconf 89' lang='lat' dir='ltr'><strong>pacem</strong></span> <span class='ocrx_word' id='word_1_560' title='bbox 867 4165 884 4191; x_wconf 95' lang='lat'><strong>,</strong></span> <span class='ocrx_word' id='word_1_561' title='bbox 925 4125 1416 4195; x_wconf 83' lang='lat' dir='ltr'><strong>evangelizantium</strong></span> <span class='ocrx_word' id='word_1_562' title='bbox 1473 4127 1620 4182; x_wconf 81' lang='lat' dir='ltr'><strong>bona</strong></span> <span class='ocrx_word' id='word_1_563' title='bbox 1645 4128 1717 4182; x_wconf 76' lang='grc'><strong>³⁸1</strong></span> <span class='ocrx_word' id='word_1_564' title='bbox 1754 4146 1772 4178; x_wconf 73' lang='grc' dir='ltr'><strong>ι</strong></span> <span class='ocrx_word' id='word_1_565' title='bbox 1827 4129 1892 4183; x_wconf 84' lang='grc' dir='ltr'><strong>Ει</strong></span> <span class='ocrx_word' id='word_1_566' title='bbox 1939 4129 2042 4184; x_wconf 91' lang='lat' dir='ltr'><strong>hoc</strong></span> 
     </span>
    </p>
   </div>
   <div class='ocr_carea' id='block_1_73' title="bbox 2141 3005 3726 3090">
    <p class='ocr_par' dir='ltr' id='par_1_73' title="bbox 2141 3005 3726 3090">
     <span class='ocr_line' id='line_1_73' title="bbox 2141 3005 3726 3090; baseline 0 -20"><span class='ocrx_word' id='word_1_567' title='bbox 2141 3018 2345 3088; x_wconf 87' lang='grc' dir='ltr'>ἀρετῆς</span> <span class='ocrx_word' id='word_1_568' title='bbox 2391 3005 2486 3071; x_wconf 79' lang='grc' dir='ltr'>καὶ</span> <span class='ocrx_word' id='word_1_569' title='bbox 2535 3017 2632 3088; x_wconf 82' lang='grc' dir='ltr'><strong>τῆς</strong></span> <span class='ocrx_word' id='word_1_570' title='bbox 2671 3019 2892 3089; x_wconf 83' lang='grc' dir='ltr'>ἀγάπης</span> <span class='ocrx_word' id='word_1_571' title='bbox 2918 3017 3104 3088; x_wconf 89' lang='grc' dir='ltr'>λόγον·</span> <span class='ocrx_word' id='word_1_572' title='bbox 3134 3018 3229 3072; x_wconf 76' lang='grc' dir='ltr'>καὶ</span> <span class='ocrx_word' id='word_1_573' title='bbox 3278 3018 3360 3072; x_wconf 82' lang='grc' dir='ltr'>ὅτι</span> <span class='ocrx_word' id='word_1_574' title='bbox 3396 3018 3646 3090; x_wconf 77' lang='grc' dir='ltr'>καθάπερ</span> <span class='ocrx_word' id='word_1_575' title='bbox 3687 3019 3726 3089; x_wconf 73' lang='grc' dir='ltr'>ἡ</span> 
     </span>
    </p>
   </div>
   <div class='ocr_carea' id='block_1_74' title="bbox 2140 3109 3730 3181">
    <p class='ocr_par' dir='ltr' id='par_1_74' title="bbox 2140 3109 3730 3181">
     <span class='ocr_line' id='line_1_74' title="bbox 2140 3109 3730 3181; baseline 0.002 -21"><span class='ocrx_word' id='word_1_576' title='bbox 2140 3110 2326 3181; x_wconf 85' lang='grc' dir='ltr'>νύμφη</span> <span class='ocrx_word' id='word_1_577' title='bbox 2350 3109 2528 3164; x_wconf 87' lang='grc' dir='ltr'>πάντα</span> <span class='ocrx_word' id='word_1_578' title='bbox 2557 3113 2701 3162; x_wconf 86' lang='grc' dir='ltr'><strong>ποιεί</strong></span> <span class='ocrx_word' id='word_1_579' title='bbox 2720 3109 2856 3181; x_wconf 82' lang='grc' dir='ltr'>πρὸς</span> <span class='ocrx_word' id='word_1_580' title='bbox 2893 3111 3188 3181; x_wconf 85' lang='grc' dir='ltr'>ἀρέσκειαν</span> <span class='ocrx_word' id='word_1_581' title='bbox 3220 3109 3312 3165; x_wconf 87' lang='grc' dir='ltr'><strong>τοῦ</strong></span> <span class='ocrx_word' id='word_1_582' title='bbox 3339 3109 3551 3180; x_wconf 79' lang='grc' dir='ltr'>ἀνδρὸς,</span> <span class='ocrx_word' id='word_1_583' title='bbox 3581 3109 3730 3165; x_wconf 81' lang='grc' dir='ltr'>οῦτω</span> 
     </span>
    </p>
   </div>
   <div class='ocr_carea' id='block_1_75' title="bbox 2143 3198 3727 3275">
    <p class='ocr_par' dir='ltr' id='par_1_75' title="bbox 2143 3198 3727 3275">
     <span class='ocr_line' id='line_1_75' title="bbox 2143 3198 3727 3275; baseline 0.001 -19"><span class='ocrx_word' id='word_1_584' title='bbox 2143 3204 2237 3256; x_wconf 77' lang='grc' dir='ltr'>καὶ</span> <span class='ocrx_word' id='word_1_585' title='bbox 2259 3205 2405 3275; x_wconf 78' lang='grc' dir='ltr'>ήμᾶς</span> <span class='ocrx_word' id='word_1_586' title='bbox 2428 3203 2518 3256; x_wconf 84' lang='grc' dir='ltr'><strong>διά</strong></span> <span class='ocrx_word' id='word_1_587' title='bbox 2555 3204 2755 3268; x_wconf 82' lang='grc' dir='ltr'>παντὸς</span> <span class='ocrx_word' id='word_1_588' title='bbox 2793 3203 2887 3256; x_wconf 87' lang='grc' dir='ltr'><strong>τοῦ</strong></span> <span class='ocrx_word' id='word_1_589' title='bbox 2924 3203 3039 3274; x_wconf 84' lang='grc' dir='ltr'>βίου</span> <span class='ocrx_word' id='word_1_590' title='bbox 3081 3203 3358 3267; x_wconf 90' lang='grc' dir='ltr'>τοιούτους</span> <span class='ocrx_word' id='word_1_591' title='bbox 3403 3198 3548 3256; x_wconf 74' lang='grc' dir='ltr'>εἷναι</span> <span class='ocrx_word' id='word_1_592' title='bbox 3591 3203 3727 3274; x_wconf 84' lang='grc' dir='ltr'>χρὴ,</span> 
     </span>
    </p>
   </div>
   <div class='ocr_carea' id='block_1_76' title="bbox 2139 3291 3727 3366">
    <p class='ocr_par' dir='ltr' id='par_1_76' title="bbox 2139 3291 3727 3366">
     <span class='ocr_line' id='line_1_76' title="bbox 2139 3291 3727 3366; baseline -0.001 -19"><span class='ocrx_word' id='word_1_593' title='bbox 2139 3295 2282 3366; x_wconf 75' lang='grc' dir='ltr'>οἰαή</span> <span class='ocrx_word' id='word_1_594' title='bbox 2313 3294 2502 3364; x_wconf 67' lang='grc' dir='ltr'>νύμφη</span> <span class='ocrx_word' id='word_1_595' title='bbox 2532 3295 2674 3348; x_wconf 84' lang='grc' dir='ltr'><strong>κατά</strong></span> <span class='ocrx_word' id='word_1_596' title='bbox 2701 3293 2801 3366; x_wconf 82' lang='grc' dir='ltr'><strong>την</strong></span> <span class='ocrx_word' id='word_1_597' title='bbox 2829 3294 3043 3366; x_wconf 73' lang='grc' dir='ltr'>ἡμέραν</span> <span class='ocrx_word' id='word_1_598' title='bbox 3075 3293 3291 3364; x_wconf 81' lang='grc' dir='ltr'>ἐκείνην</span> <span class='ocrx_word' id='word_1_599' title='bbox 3317 3331 3333 3358; x_wconf 91' lang='grc'><strong>,</strong></span> <span class='ocrx_word' id='word_1_600' title='bbox 3357 3291 3448 3346; x_wconf 76' lang='grc' dir='ltr'><strong>οἵα</strong></span> <span class='ocrx_word' id='word_1_601' title='bbox 3489 3292 3584 3346; x_wconf 68' lang='grc' dir='ltr'><strong>ἐπὶ</strong></span> <span class='ocrx_word' id='word_1_602' title='bbox 3612 3293 3727 3346; x_wconf 86' lang='grc' dir='ltr'><strong>τῶν</strong></span> 
     </span>
    </p>
   </div>
   <div class='ocr_carea' id='block_1_77' title="bbox 2143 3386 3730 3458">
    <p class='ocr_par' dir='ltr' id='par_1_77' title="bbox 2143 3386 3730 3458">
     <span class='ocr_line' id='line_1_77' title="bbox 2143 3386 3730 3458; baseline -0.001 -18"><span class='ocrx_word' id='word_1_603' title='bbox 2143 3388 2432 3441; x_wconf 83' lang='grc' dir='ltr'>παστάδων</span> <span class='ocrx_word' id='word_1_604' title='bbox 2486 3387 2806 3453; x_wconf 80' lang='grc' dir='ltr'>καθέζεται,</span> <span class='ocrx_word' id='word_1_605' title='bbox 2864 3388 2923 3442; x_wconf 83' lang='grc' dir='ltr'>ἓν</span> <span class='ocrx_word' id='word_1_606' title='bbox 2987 3388 3310 3458; x_wconf 85' lang='grc' dir='ltr'>μεριμνῶσα</span> <span class='ocrx_word' id='word_1_607' title='bbox 3364 3389 3529 3458; x_wconf 86' lang='grc' dir='ltr'>μόνον</span> <span class='ocrx_word' id='word_1_608' title='bbox 3571 3386 3730 3449; x_wconf 85' lang='grc' dir='ltr'>ὅπως</span> 
     </span>
    </p>
   </div>
   <div class='ocr_carea' id='block_1_78' title="bbox 2144 3477 3732 3550">
    <p class='ocr_par' dir='ltr' id='par_1_78' title="bbox 2144 3477 3732 3550">
     <span class='ocr_line' id='line_1_78' title="bbox 2144 3477 3732 3550; baseline 0 -18"><span class='ocrx_word' id='word_1_609' title='bbox 2144 3479 2320 3549; x_wconf 83' lang='grc' dir='ltr'>ἀρέσῃ</span> <span class='ocrx_word' id='word_1_610' title='bbox 2348 3479 2428 3550; x_wconf 82' lang='grc' dir='ltr'><strong>τῷ</strong></span> <span class='ocrx_word' id='word_1_611' title='bbox 2465 3479 2718 3550; x_wconf 76' lang='grc' dir='ltr'>νυμφίῳ·</span> <span class='ocrx_word' id='word_1_612' title='bbox 2755 3480 2959 3549; x_wconf 85' lang='grc' dir='ltr'>ταύτης</span> <span class='ocrx_word' id='word_1_613' title='bbox 2989 3480 3088 3550; x_wconf 82' lang='grc' dir='ltr'>τῆς</span> <span class='ocrx_word' id='word_1_614' title='bbox 3117 3479 3336 3550; x_wconf 81' lang='grc' dir='ltr'>νύμφης</span> <span class='ocrx_word' id='word_1_615' title='bbox 3369 3479 3466 3533; x_wconf 77' lang='grc' dir='ltr'>καὶ</span> <span class='ocrx_word' id='word_1_616' title='bbox 3499 3480 3529 3532; x_wconf 87' lang='lat'><strong>6</strong></span> <span class='ocrx_word' id='word_1_617' title='bbox 3558 3477 3732 3532; x_wconf 75' lang='grc' dir='ltr'>Δαδὶδ</span> 
     </span>
    </p>
   </div>
   <div class='ocr_carea' id='block_1_79' title="bbox 2143 3567 3726 3641">
    <p class='ocr_par' dir='ltr' id='par_1_79' title="bbox 2143 3567 3726 3641">
     <span class='ocr_line' id='line_1_79' title="bbox 2143 3567 3726 3641; baseline -0.003 -19"><span class='ocrx_word' id='word_1_618' title='bbox 2143 3570 2418 3640; x_wconf 82' lang='grc' dir='ltr'>μέμνηται</span> <span class='ocrx_word' id='word_1_619' title='bbox 2437 3569 2612 3637; x_wconf 78' lang='grc' dir='ltr'>λέγων</span> <span class='ocrx_word' id='word_1_620' title='bbox 2631 3585 2650 3603; x_wconf 69' lang='grc' dir='ltr'><strong>ο</strong></span> <span class='ocrx_word' id='word_1_621' title='bbox 2687 3589 2706 3623; x_wconf 84' lang='grc' dir='ltr'><strong>ι</strong></span> <span class='ocrx_word' id='word_1_622' title='bbox 2731 3571 3034 3641; x_wconf 86' lang='grc' dir='ltr'>Παρέστηή</span> <span class='ocrx_word' id='word_1_623' title='bbox 3061 3569 3350 3640; x_wconf 76' lang='grc' dir='ltr'>βασίλισσα</span> <span class='ocrx_word' id='word_1_624' title='bbox 3381 3571 3445 3622; x_wconf 78' lang='grc' dir='ltr'>ἐκ</span> <span class='ocrx_word' id='word_1_625' title='bbox 3465 3567 3676 3634; x_wconf 82' lang='grc' dir='ltr'>δεξιῶν,</span> <span class='ocrx_word' id='word_1_626' title='bbox 3704 3585 3726 3618; x_wconf 71' lang='grc' dir='ltr'><strong>ι</strong></span> 
     </span>
    </p>
   </div>
   <div class='ocr_carea' id='block_1_80' title="bbox 2142 3660 3732 3733">
    <p class='ocr_par' dir='ltr' id='par_1_80' title="bbox 2142 3660 3732 3733">
     <span class='ocr_line' id='line_1_80' title="bbox 2142 3660 3732 3733; baseline -0.001 -19"><span class='ocrx_word' id='word_1_627' title='bbox 2142 3663 2237 3714; x_wconf 74' lang='grc' dir='ltr'>καὶ</span> <span class='ocrx_word' id='word_1_628' title='bbox 2266 3660 2427 3732; x_wconf 77' lang='grc' dir='ltr'><strong>ἑξῆς·</strong></span> <span class='ocrx_word' id='word_1_629' title='bbox 2449 3662 2558 3726; x_wconf 77' lang='grc' dir='ltr'>ἴδες</span> <span class='ocrx_word' id='word_1_630' title='bbox 2577 3662 2666 3714; x_wconf 73' lang='grc' dir='ltr'>τὸν</span> <span class='ocrx_word' id='word_1_631' title='bbox 2692 3663 2989 3733; x_wconf 86' lang='grc' dir='ltr'>ἱματισμόν</span> <span class='ocrx_word' id='word_1_632' title='bbox 3016 3677 3030 3690; x_wconf 75' lang='grc'><strong>⁸</strong></span> <span class='ocrx_word' id='word_1_633' title='bbox 3055 3661 3229 3725; x_wconf 82' lang='grc' dir='ltr'>θέλεις</span> <span class='ocrx_word' id='word_1_634' title='bbox 3255 3660 3312 3715; x_wconf 80' lang='grc' dir='ltr'>δὲ</span> <span class='ocrx_word' id='word_1_635' title='bbox 3341 3660 3538 3714; x_wconf 75' lang='grc' dir='ltr'>εἰδέναι</span> <span class='ocrx_word' id='word_1_636' title='bbox 3559 3660 3732 3730; x_wconf 80' lang='grc' dir='ltr'>αὐτῆς</span> 
     </span>
    </p>
   </div>
   <div class='ocr_carea' id='block_1_81' title="bbox 2142 3751 3733 3826">
    <p class='ocr_par' dir='ltr' id='par_1_81' title="bbox 2142 3751 3733 3826">
     <span class='ocr_line' id='line_1_81' title="bbox 2142 3751 3733 3826; baseline -0.002 -17"><span class='ocrx_word' id='word_1_637' title='bbox 2142 3756 2332 3810; x_wconf 75' lang='grc' dir='ltr'>καὶτὰ</span> <span class='ocrx_word' id='word_1_638' title='bbox 2364 3755 2721 3826; x_wconf 76' lang='grc' dir='ltr'>ὑποδήματας</span> <span class='ocrx_word' id='word_1_639' title='bbox 2767 3751 2977 3819; x_wconf 85' lang='grc' dir='ltr'>Παῦλος</span> <span class='ocrx_word' id='word_1_640' title='bbox 3008 3755 3247 3809; x_wconf 81' lang='grc' dir='ltr'>διδάσκει</span> <span class='ocrx_word' id='word_1_641' title='bbox 3290 3756 3320 3807; x_wconf 81' lang='grc' dir='ltr'><strong>ό</strong></span> <span class='ocrx_word' id='word_1_642' title='bbox 3359 3755 3733 3825; x_wconf 80' lang='grc' dir='ltr'>νυμφαγωγὸς</span> 
     </span>
    </p>
   </div>
   <div class='ocr_carea' id='block_1_82' title="bbox 2142 3843 3732 3919">
    <p class='ocr_par' dir='ltr' id='par_1_82' title="bbox 2142 3843 3732 3919">
     <span class='ocr_line' id='line_1_82' title="bbox 2142 3843 3732 3919; baseline -0.003 -18"><span class='ocrx_word' id='word_1_643' title='bbox 2142 3848 2349 3918; x_wconf 79' lang='grc' dir='ltr'>λέγων·</span> <span class='ocrx_word' id='word_1_644' title='bbox 2405 3867 2425 3900; x_wconf 81' lang='grc' dir='ltr'><strong>ι</strong></span> <span class='ocrx_word' id='word_1_645' title='bbox 2476 3848 2904 3919; x_wconf 84' lang='grc' dir='ltr'>Ὑποδυσάμενοι</span> <span class='ocrx_word' id='word_1_646' title='bbox 2945 3847 3070 3912; x_wconf 79' lang='grc' dir='ltr'>τοὺς</span> <span class='ocrx_word' id='word_1_647' title='bbox 3101 3847 3268 3911; x_wconf 83' lang='grc' dir='ltr'>πόδας</span> <span class='ocrx_word' id='word_1_648' title='bbox 3318 3848 3377 3900; x_wconf 80' lang='grc' dir='ltr'>ὲν</span> <span class='ocrx_word' id='word_1_649' title='bbox 3436 3843 3732 3916; x_wconf 72' lang='grc' dir='ltr'>ἑτοιμασίᾳ</span> 
     </span>
    </p>
   </div>
   <div class='ocr_carea' id='block_1_83' title="bbox 2143 3937 3734 4012">
    <p class='ocr_par' dir='ltr' id='par_1_83' title="bbox 2143 3937 3734 4012">
     <span class='ocr_line' id='line_1_83' title="bbox 2143 3937 3734 4012; baseline -0.003 -17"><span class='ocrx_word' id='word_1_650' title='bbox 2143 3941 2236 3996; x_wconf 86' lang='grc' dir='ltr'><strong>τοῦ</strong></span> <span class='ocrx_word' id='word_1_651' title='bbox 2271 3941 2604 4012; x_wconf 80' lang='grc' dir='ltr'>Εὑαγγελίου</span> <span class='ocrx_word' id='word_1_652' title='bbox 2627 3941 2726 4010; x_wconf 77' lang='grc' dir='ltr'>τῆς</span> <span class='ocrx_word' id='word_1_653' title='bbox 2757 3941 2982 4012; x_wconf 80' lang='grc' dir='ltr'>εἰρήνης</span> <span class='ocrx_word' id='word_1_654' title='bbox 3007 3956 3022 3970; x_wconf 84' lang='grc'>⁶</span> <span class='ocrx_word' id='word_1_655' title='bbox 3061 3958 3080 3991; x_wconf 69' lang='grc' dir='ltr'><strong>ι</strong></span> <span class='ocrx_word' id='word_1_656' title='bbox 3121 3939 3299 4003; x_wconf 80' lang='grc' dir='ltr'>Θέλεις</span> <span class='ocrx_word' id='word_1_657' title='bbox 3338 3939 3468 3992; x_wconf 79' lang='grc' dir='ltr'>ἰδεῖν</span> <span class='ocrx_word' id='word_1_658' title='bbox 3499 3939 3596 3992; x_wconf 68' lang='grc' dir='ltr'><strong>καὶ</strong></span> <span class='ocrx_word' id='word_1_659' title='bbox 3625 3937 3734 4008; x_wconf 77' lang='grc' dir='ltr'>τὴν</span> 
     </span>
    </p>
   </div>
   <div class='ocr_carea' id='block_1_84' title="bbox 2141 4029 3732 4105">
    <p class='ocr_par' dir='ltr' id='par_1_84' title="bbox 2141 4029 3732 4105">
     <span class='ocr_line' id='line_1_84' title="bbox 2141 4029 3732 4105; baseline -0.004 -17"><span class='ocrx_word' id='word_1_660' title='bbox 2141 4034 2323 4105; x_wconf 81' lang='grc' dir='ltr'>ζώνην</span> <span class='ocrx_word' id='word_1_661' title='bbox 2339 4035 2456 4097; x_wconf 87' lang='grc' dir='ltr'><strong>πῶς</strong></span> <span class='ocrx_word' id='word_1_662' title='bbox 2472 4034 2580 4087; x_wconf 78' lang='grc' dir='ltr'>ἀπὸ</span> <span class='ocrx_word' id='word_1_663' title='bbox 2591 4033 2847 4104; x_wconf 82' lang='grc' dir='ltr'>ἀληθείας</span> <span class='ocrx_word' id='word_1_664' title='bbox 2867 4033 3150 4101; x_wconf 84' lang='grc' dir='ltr'>σύγκειται</span> <span class='ocrx_word' id='word_1_665' title='bbox 3172 4048 3186 4097; x_wconf 88' lang='grc'><strong>;</strong></span> <span class='ocrx_word' id='word_1_666' title='bbox 3211 4049 3228 4083; x_wconf 84' lang='grc' dir='ltr'><strong>ι</strong></span> <span class='ocrx_word' id='word_1_667' title='bbox 3261 4029 3732 4102; x_wconf 76' lang='grc' dir='ltr'>Περιζωσάμινοι,</span> 
     </span>
    </p>
   </div>
   <div class='ocr_carea' id='block_1_85' title="bbox 2141 4123 3736 4200">
    <p class='ocr_par' dir='ltr' id='par_1_85' title="bbox 2141 4123 3736 4200">
     <span class='ocr_line' id='line_1_85' title="bbox 2141 4123 3736 4200; baseline -0.018 -2"><span class='ocrx_word' id='word_1_668' title='bbox 2141 4129 2298 4200; x_wconf 64' lang='grc' dir='ltr'>φησι.</span> <span class='ocrx_word' id='word_1_669' title='bbox 2332 4128 2432 4200; x_wconf 81' lang='grc' dir='ltr'>τὴν</span> <span class='ocrx_word' id='word_1_670' title='bbox 2453 4127 2625 4197; x_wconf 80' lang='grc' dir='ltr'>ὀσφῦν</span> <span class='ocrx_word' id='word_1_671' title='bbox 2657 4125 2818 4197; x_wconf 80' lang='grc' dir='ltr'>ἡμῶν</span> <span class='ocrx_word' id='word_1_672' title='bbox 2845 4128 2903 4179; x_wconf 80' lang='grc' dir='ltr'>ὲν</span> <span class='ocrx_word' id='word_1_673' title='bbox 2929 4125 3160 4197; x_wconf 72' lang='grc' dir='ltr'>ἀληθείᾳ</span> <span class='ocrx_word' id='word_1_674' title='bbox 3182 4141 3196 4156; x_wconf 80' lang='grc' dir='ltr'><strong><em>ο</em></strong></span> <span class='ocrx_word' id='word_1_675' title='bbox 3220 4144 3238 4177; x_wconf 79' lang='grc' dir='ltr'><strong>ι</strong></span> <span class='ocrx_word' id='word_1_676' title='bbox 3269 4124 3448 4186; x_wconf 84' lang='grc' dir='ltr'>θέλεις</span> <span class='ocrx_word' id='word_1_677' title='bbox 3483 4123 3736 4186; x_wconf 71' lang='grc' dir='ltr'>καὶτοὺς</span> 
     </span>
    </p>
   </div>
   <div class='ocr_carea' id='block_1_86' title="bbox 460 4215 2038 4293">
    <p class='ocr_par' dir='ltr' id='par_1_86' title="bbox 460 4218 2036 4293">
     <span class='ocr_line' id='line_1_86' title="bbox 460 4218 2036 4293; baseline 0.002 -21"><span class='ocrx_word' id='word_1_678' title='bbox 460 4219 596 4272; x_wconf 90' lang='lat' dir='ltr'><strong>mihi</strong></span> <span class='ocrx_word' id='word_1_679' title='bbox 639 4218 983 4272; x_wconf 88' lang='lat' dir='ltr'><strong>mirationem</strong></span> <span class='ocrx_word' id='word_1_680' title='bbox 1013 4220 1256 4288; x_wconf 86' lang='lat' dir='ltr'><strong>stupenti</strong></span> <span class='ocrx_word' id='word_1_681' title='bbox 1303 4219 1499 4274; x_wconf 89' lang='lat' dir='ltr'><strong>incutit</strong></span> <span class='ocrx_word' id='word_1_682' title='bbox 1528 4221 1695 4289; x_wconf 91' lang='lat' dir='ltr'><strong>quod,</strong></span> <span class='ocrx_word' id='word_1_683' title='bbox 1748 4231 2036 4293; x_wconf 84' lang='lat' dir='ltr'><strong>postquam</strong></span> 
     </span>
    </p>
   </div>
   <div class='ocr_carea' id='block_1_87' title="bbox 2141 4215 3732 4293">
    <p class='ocr_par' dir='ltr' id='par_1_87' title="bbox 2144 4215 3732 4290">
     <span class='ocr_line' id='line_1_87' title="bbox 2144 4215 3732 4290; baseline -0.005 -15"><span class='ocrx_word' id='word_1_684' title='bbox 2144 4221 2310 4285; x_wconf 87' lang='grc' dir='ltr'>πόδας</span> <span class='ocrx_word' id='word_1_685' title='bbox 2345 4220 2514 4282; x_wconf 81' lang='grc' dir='ltr'>ίδεῖν;</span> <span class='ocrx_word' id='word_1_686' title='bbox 2548 4220 2748 4273; x_wconf 76' lang='grc' dir='ltr'>’Δκουε</span> <span class='ocrx_word' id='word_1_687' title='bbox 2788 4218 2884 4272; x_wconf 89' lang='grc' dir='ltr'><strong>τοῦ</strong></span> <span class='ocrx_word' id='word_1_688' title='bbox 2916 4217 3205 4290; x_wconf 80' lang='grc' dir='ltr'>Προφήτου</span> <span class='ocrx_word' id='word_1_689' title='bbox 3247 4217 3530 4285; x_wconf 84' lang='grc' dir='ltr'>λέγοντος·</span> <span class='ocrx_word' id='word_1_690' title='bbox 3570 4234 3588 4268; x_wconf 84' lang='grc' dir='ltr'><strong>ι</strong></span> <span class='ocrx_word' id='word_1_691' title='bbox 3638 4215 3732 4278; x_wconf 79' lang='grc' dir='ltr'><strong>Ὡς</strong></span> 
     </span>
    </p>
   </div>
   <div class='ocr_carea' id='block_1_88' title="bbox 461 4303 2038 4380">
    <p class='ocr_par' dir='ltr' id='par_1_88' title="bbox 461 4309 2036 4379">
     <span class='ocr_line' id='line_1_88' title="bbox 461 4309 2036 4379; baseline 0.004 -17"><span class='ocrx_word' id='word_1_692' title='bbox 461 4309 566 4364; x_wconf 87' lang='lat' dir='ltr'><strong>hoc</strong></span> <span class='ocrx_word' id='word_1_693' title='bbox 599 4309 763 4364; x_wconf 90' lang='lat' dir='ltr'><strong>modo</strong></span> <span class='ocrx_word' id='word_1_694' title='bbox 802 4317 925 4364; x_wconf 83' lang='lat' dir='ltr'><strong>sese</strong></span> <span class='ocrx_word' id='word_1_695' title='bbox 954 4319 1192 4379; x_wconf 84' lang='lat' dir='ltr'><strong>sponsus</strong></span> <span class='ocrx_word' id='word_1_696' title='bbox 1232 4320 1506 4377; x_wconf 87' lang='lat' dir='ltr'><strong>ornasset,</strong></span> <span class='ocrx_word' id='word_1_697' title='bbox 1543 4313 1693 4367; x_wconf 84' lang='lat' dir='ltr'><strong>venit</strong></span> <span class='ocrx_word' id='word_1_698' title='bbox 1727 4327 1835 4368; x_wconf 91' lang='lat' dir='ltr'><strong>non</strong></span> <span class='ocrx_word' id='word_1_699' title='bbox 1881 4329 2036 4369; x_wconf 91' lang='lat' dir='ltr'><strong>suam</strong></span> 
     </span>
    </p>
   </div>
   <div class='ocr_carea' id='block_1_89' title="bbox 2141 4303 3734 4380">
    <p class='ocr_par' dir='ltr' id='par_1_89' title="bbox 2147 4306 3734 4380">
     <span class='ocr_line' id='line_1_89' title="bbox 2147 4306 3734 4380; baseline -0.003 -16"><span class='ocrx_word' id='word_1_700' title='bbox 2147 4311 2340 4380; x_wconf 82' lang='grc' dir='ltr'>ὡραῖοι</span> <span class='ocrx_word' id='word_1_701' title='bbox 2389 4311 2440 4363; x_wconf 77' lang='lat' dir='ltr'><strong>oi</strong></span> <span class='ocrx_word' id='word_1_702' title='bbox 2470 4309 2632 4373; x_wconf 84' lang='grc' dir='ltr'>πόδες</span> <span class='ocrx_word' id='word_1_703' title='bbox 2657 4310 2767 4363; x_wconf 85' lang='grc' dir='ltr'><strong>τῶν</strong></span> <span class='ocrx_word' id='word_1_704' title='bbox 2795 4306 3306 4378; x_wconf 70' lang='grc' dir='ltr'>εὐαγγελιζομένων</span> <span class='ocrx_word' id='word_1_705' title='bbox 3345 4308 3592 4378; x_wconf 80' lang='grc' dir='ltr'>εἰρήνην,</span> <span class='ocrx_word' id='word_1_706' title='bbox 3616 4306 3734 4360; x_wconf 84' lang='grc' dir='ltr'><strong>τῶν</strong></span> 
     </span>
    </p>
   </div>
   <div class='ocr_carea' id='block_1_90' title="bbox 457 4397 2038 4478">
    <p class='ocr_par' dir='ltr' id='par_1_90' title="bbox 457 4401 2036 4478">
     <span class='ocr_line' id='line_1_90' title="bbox 457 4401 2036 4478; baseline 0.005 -23"><span class='ocrx_word' id='word_1_707' title='bbox 457 4409 746 4457; x_wconf 90' lang='lat' dir='ltr'><strong>ostentans</strong></span> <span class='ocrx_word' id='word_1_708' title='bbox 778 4401 1029 4472; x_wconf 85' lang='lat' dir='ltr'><strong>gloriam,</strong></span> <span class='ocrx_word' id='word_1_709' title='bbox 1061 4417 1128 4456; x_wconf 88' lang='lat' dir='ltr'><strong>ne</strong></span> <span class='ocrx_word' id='word_1_710' title='bbox 1160 4402 1360 4457; x_wconf 87' lang='lat' dir='ltr'><strong>eximia</strong></span> <span class='ocrx_word' id='word_1_711' title='bbox 1390 4403 1799 4475; x_wconf 88' lang='lat' dir='ltr'><strong>pulchritudine</strong></span> <span class='ocrx_word' id='word_1_712' title='bbox 1823 4409 2036 4478; x_wconf 86' lang='lat' dir='ltr'><strong>percel-</strong></span> 
     </span>
    </p>
   </div>
   <div class='ocr_carea' id='block_1_91' title="bbox 2141 4397 3732 4478">
    <p class='ocr_par' dir='ltr' id='par_1_91' title="bbox 2141 4397 3732 4470">
     <span class='ocr_line' id='line_1_91' title="bbox 2141 4397 3732 4470; baseline -0.003 -16"><span class='ocrx_word' id='word_1_713' title='bbox 2141 4399 2647 4470; x_wconf 78' lang='grc' dir='ltr'>εύαγγελιζομένων</span> <span class='ocrx_word' id='word_1_714' title='bbox 2668 4399 2737 4453; x_wconf 88' lang='grc' dir='ltr'><strong>τά</strong></span> <span class='ocrx_word' id='word_1_715' title='bbox 2769 4397 2950 4469; x_wconf 83' lang='grc' dir='ltr'>ἀγαθά</span> <span class='ocrx_word' id='word_1_716' title='bbox 2973 4415 2990 4431; x_wconf 77' lang='grc' dir='ltr'><strong><em>ο</em></strong></span> <span class='ocrx_word' id='word_1_717' title='bbox 3021 4418 3040 4451; x_wconf 80' lang='grc' dir='ltr'><strong>ι</strong></span> <span class='ocrx_word' id='word_1_718' title='bbox 3089 4400 3183 4453; x_wconf 75' lang='grc' dir='ltr'><strong>καὶ</strong></span> <span class='ocrx_word' id='word_1_719' title='bbox 3209 4398 3270 4452; x_wconf 84' lang='grc' dir='ltr'>τὸ</span> <span class='ocrx_word' id='word_1_720' title='bbox 3298 4399 3362 4468; x_wconf 81' lang='grc' dir='ltr'>δὴ</span> <span class='ocrx_word' id='word_1_721' title='bbox 3411 4397 3732 4469; x_wconf 79' lang='grc' dir='ltr'>Θαυμαστὸν</span> 
     </span>
    </p>
   </div>
   <div class='ocr_carea' id='block_1_92' title="bbox 459 4488 2038 4564">
    <p class='ocr_par' dir='ltr' id='par_1_92' title="bbox 459 4492 2038 4564">
     <span class='ocr_line' id='line_1_92' title="bbox 459 4492 2038 4564; baseline 0.004 -18"><span class='ocrx_word' id='word_1_722' title='bbox 459 4492 596 4546; x_wconf 88' lang='lat' dir='ltr'><strong>leret</strong></span> <span class='ocrx_word' id='word_1_723' title='bbox 621 4506 878 4562; x_wconf 89' lang='lat' dir='ltr'><strong>sponsam</strong></span> <span class='ocrx_word' id='word_1_724' title='bbox 907 4501 1289 4564; x_wconf 87' lang='lat' dir='ltr'><strong>amentemque</strong></span> <span class='ocrx_word' id='word_1_725' title='bbox 1319 4493 1543 4560; x_wconf 82' lang='lat' dir='ltr'><strong>faceret,</strong></span> <span class='ocrx_word' id='word_1_726' title='bbox 1571 4496 1664 4550; x_wconf 90' lang='lat' dir='ltr'><strong>sed</strong></span> <span class='ocrx_word' id='word_1_727' title='bbox 1696 4497 1843 4552; x_wconf 88' lang='lat' dir='ltr'><strong>venit</strong></span> <span class='ocrx_word' id='word_1_728' title='bbox 1872 4498 2038 4553; x_wconf 79' lang='lat' dir='ltr'><strong>vesti-</strong></span> 
     </span>
    </p>
   </div>
   <div class='ocr_carea' id='block_1_93' title="bbox 2141 4488 3731 4564">
    <p class='ocr_par' dir='ltr' id='par_1_93' title="bbox 2141 4488 3731 4564">
     <span class='ocr_line' id='line_1_93' title="bbox 2141 4488 3731 4564; baseline -0.003 -17"><span class='ocrx_word' id='word_1_729' title='bbox 2141 4494 2234 4547; x_wconf 72' lang='grc' dir='ltr'>καὶ</span> <span class='ocrx_word' id='word_1_730' title='bbox 2268 4492 2586 4564; x_wconf 76' lang='grc' dir='ltr'>ἐκπλήξεως</span> <span class='ocrx_word' id='word_1_731' title='bbox 2629 4492 2800 4562; x_wconf 89' lang='grc' dir='ltr'>γέμον</span> <span class='ocrx_word' id='word_1_732' title='bbox 2826 4491 2908 4545; x_wconf 86' lang='grc' dir='ltr'>ὅτι</span> <span class='ocrx_word' id='word_1_733' title='bbox 2937 4490 3034 4545; x_wconf 73' lang='grc' dir='ltr'>καὶ</span> <span class='ocrx_word' id='word_1_734' title='bbox 3072 4491 3361 4562; x_wconf 82' lang='grc' dir='ltr'>κοσμήσας</span> <span class='ocrx_word' id='word_1_735' title='bbox 3386 4489 3577 4542; x_wconf 84' lang='grc' dir='ltr'>τοῦτον</span> <span class='ocrx_word' id='word_1_736' title='bbox 3633 4488 3731 4542; x_wconf 82' lang='grc' dir='ltr'>τὸν</span> 
     </span>
    </p>
   </div>
   <div class='ocr_carea' id='block_1_94' title="bbox 458 4580 2038 4658">
    <p class='ocr_par' dir='ltr' id='par_1_94' title="bbox 458 4582 2038 4654">
     <span class='ocr_line' id='line_1_94' title="bbox 458 4582 2038 4654; baseline 0.003 -16"><span class='ocrx_word' id='word_1_737' title='bbox 458 4590 644 4638; x_wconf 90' lang='lat' dir='ltr'><strong>mento</strong></span> <span class='ocrx_word' id='word_1_738' title='bbox 705 4582 986 4638; x_wconf 90' lang='lat' dir='ltr'><strong>involutus</strong></span> <span class='ocrx_word' id='word_1_739' title='bbox 1048 4591 1108 4637; x_wconf 95' lang='lat' dir='ltr'><strong>ut</strong></span> <span class='ocrx_word' id='word_1_740' title='bbox 1161 4584 1276 4654; x_wconf 91' lang='lat' dir='ltr'><strong>ipsa</strong></span> <span class='ocrx_word' id='word_1_741' title='bbox 1329 4599 1547 4650; x_wconf 87' lang='lat' dir='ltr'><strong>sponsa.</strong></span> <span class='ocrx_word' id='word_1_742' title='bbox 1593 4583 1726 4652; x_wconf 64' lang='lat' dir='ltr'><strong>Quae</strong></span> <span class='ocrx_word' id='word_1_743' title='bbox 1783 4602 1905 4642; x_wconf 93' lang='lat' dir='ltr'><strong>cum</strong></span> <span class='ocrx_word' id='word_1_744' title='bbox 1967 4587 2038 4643; x_wconf 89' lang='lat' dir='ltr'><strong>sit</strong></span> 
     </span>
    </p>
   </div>
   <div class='ocr_carea' id='block_1_95' title="bbox 2141 4580 3729 4658">
    <p class='ocr_par' dir='ltr' id='par_1_95' title="bbox 2141 4580 3729 4658">
     <span class='ocr_line' id='line_1_95' title="bbox 2141 4580 3729 4658; baseline -0.004 -19"><span class='ocrx_word' id='word_1_745' title='bbox 2141 4586 2337 4656; x_wconf 87' lang='grc' dir='ltr'>τρόπον</span> <span class='ocrx_word' id='word_1_746' title='bbox 2377 4581 2565 4658; x_wconf 79' lang='grc' dir='ltr'>ἦλθεν,</span> <span class='ocrx_word' id='word_1_747' title='bbox 2614 4585 2734 4655; x_wconf 78' lang='grc' dir='ltr'>οὐχὶ</span> <span class='ocrx_word' id='word_1_748' title='bbox 2787 4585 2886 4654; x_wconf 83' lang='grc' dir='ltr'>τὴν</span> <span class='ocrx_word' id='word_1_749' title='bbox 2938 4583 3095 4650; x_wconf 77' lang='grc' dir='ltr'>δόξαν</span> <span class='ocrx_word' id='word_1_750' title='bbox 3122 4580 3566 4651; x_wconf 78' lang='grc' dir='ltr'>ἐπιδεικνύμενος</span> <span class='ocrx_word' id='word_1_751' title='bbox 3626 4580 3729 4652; x_wconf 79' lang='grc' dir='ltr'>τὴν</span> 
     </span>
    </p>
   </div>
   <div class='ocr_carea' id='block_1_96' title="bbox 456 4672 2038 4750">
    <p class='ocr_par' dir='ltr' id='par_1_96' title="bbox 456 4674 2037 4748">
     <span class='ocr_line' id='line_1_96' title="bbox 456 4674 2037 4748; baseline 0.004 -19"><span class='ocrx_word' id='word_1_752' title='bbox 456 4676 744 4747; x_wconf 85' lang='lat' dir='ltr'><strong>sanguinis</strong></span> <span class='ocrx_word' id='word_1_753' title='bbox 795 4683 850 4730; x_wconf 88' lang='lat' dir='ltr'><strong>et</strong></span> <span class='ocrx_word' id='word_1_754' title='bbox 905 4674 1088 4730; x_wconf 85' lang='lat' dir='ltr'><strong>carnis</strong></span> <span class='ocrx_word' id='word_1_755' title='bbox 1130 4675 1424 4747; x_wconf 88' lang='lat' dir='ltr'><strong>particeps,</strong></span> <span class='ocrx_word' id='word_1_756' title='bbox 1474 4690 1710 4748; x_wconf 85' lang='lat' dir='ltr'><strong>sponsus</strong></span> <span class='ocrx_word' id='word_1_757' title='bbox 1759 4693 1868 4734; x_wconf 91' lang='lat' dir='ltr'><strong>non</strong></span> <span class='ocrx_word' id='word_1_758' title='bbox 1915 4692 2037 4735; x_wconf 83' lang='lat' dir='ltr'><strong>eam</strong></span> 
     </span>
    </p>
   </div>
   <div class='ocr_carea' id='block_1_97' title="bbox 2141 4672 3725 4750">
    <p class='ocr_par' dir='ltr' id='par_1_97' title="bbox 2141 4672 3725 4750">
     <span class='ocr_line' id='line_1_97' title="bbox 2141 4672 3725 4750; baseline -0.005 -18"><span class='ocrx_word' id='word_1_759' title='bbox 2141 4679 2355 4744; x_wconf 81' lang='grc' dir='ltr'>ἑαυτοῦ,</span> <span class='ocrx_word' id='word_1_760' title='bbox 2379 4679 2466 4734; x_wconf 79' lang='grc' dir='ltr'>ἵνα</span> <span class='ocrx_word' id='word_1_761' title='bbox 2493 4679 2568 4750; x_wconf 83' lang='grc' dir='ltr'>μὴ</span> <span class='ocrx_word' id='word_1_762' title='bbox 2591 4676 2865 4750; x_wconf 75' lang='grc' dir='ltr'>ὑπερϐολὴ</span> <span class='ocrx_word' id='word_1_763' title='bbox 2895 4676 2990 4730; x_wconf 88' lang='grc' dir='ltr'><strong>τοῦ</strong></span> <span class='ocrx_word' id='word_1_764' title='bbox 3015 4675 3248 4740; x_wconf 77' lang='grc' dir='ltr'>κάλλους</span> <span class='ocrx_word' id='word_1_765' title='bbox 3271 4672 3522 4744; x_wconf 70' lang='grc' dir='ltr'>ἐκπλήξῃ</span> <span class='ocrx_word' id='word_1_766' title='bbox 3553 4673 3725 4742; x_wconf 75' lang='grc' dir='ltr'>αὐτὴν</span> 
     </span>
    </p>
   </div>
   <div class='ocr_carea' id='block_1_98' title="bbox 456 4765 2038 4845">
    <p class='ocr_par' dir='ltr' id='par_1_98' title="bbox 456 4769 2036 4845">
     <span class='ocr_line' id='line_1_98' title="bbox 456 4769 2036 4845; baseline 0.004 -22"><span class='ocrx_word' id='word_1_767' title='bbox 456 4785 678 4826; x_wconf 87' lang='lat' dir='ltr'><strong>sursum</strong></span> <span class='ocrx_word' id='word_1_768' title='bbox 709 4777 885 4832; x_wconf 87' lang='lat' dir='ltr'><strong>vocat,</strong></span> <span class='ocrx_word' id='word_1_769' title='bbox 913 4769 1006 4824; x_wconf 91' lang='lat' dir='ltr'><strong>sed</strong></span> <span class='ocrx_word' id='word_1_770' title='bbox 1041 4769 1154 4839; x_wconf 91' lang='lat' dir='ltr'><strong>ipse</strong></span> <span class='ocrx_word' id='word_1_771' title='bbox 1185 4771 1252 4825; x_wconf 91' lang='lat' dir='ltr'><strong>ad</strong></span> <span class='ocrx_word' id='word_1_772' title='bbox 1275 4785 1394 4826; x_wconf 90' lang='lat' dir='ltr'><strong>eam</strong></span> <span class='ocrx_word' id='word_1_773' title='bbox 1427 4771 1728 4838; x_wconf 87' lang='lat' dir='ltr'><strong>descendit,</strong></span> <span class='ocrx_word' id='word_1_774' title='bbox 1758 4771 1832 4828; x_wconf 88' lang='lat' dir='ltr'><strong>ita</strong></span> <span class='ocrx_word' id='word_1_775' title='bbox 1862 4773 2036 4845; x_wconf 84' lang='lat' dir='ltr'><strong>legem</strong></span> 
     </span>
    </p>
   </div>
   <div class='ocr_carea' id='block_1_99' title="bbox 2141 4765 3728 4845">
    <p class='ocr_par' dir='ltr' id='par_1_99' title="bbox 2141 4765 3728 4843">
     <span class='ocr_line' id='line_1_99' title="bbox 2141 4765 3728 4843; baseline -0.008 -16"><span class='ocrx_word' id='word_1_776' title='bbox 2141 4774 2230 4827; x_wconf 73' lang='grc' dir='ltr'>καὶ</span> <span class='ocrx_word' id='word_1_777' title='bbox 2259 4769 2588 4843; x_wconf 82' lang='grc' dir='ltr'>παράφρονα</span> <span class='ocrx_word' id='word_1_778' title='bbox 2617 4771 2941 4842; x_wconf 80' lang='grc' dir='ltr'>ἐργάσηται,</span> <span class='ocrx_word' id='word_1_779' title='bbox 2984 4767 3100 4822; x_wconf 84' lang='grc' dir='ltr'>ἀλλ’</span> <span class='ocrx_word' id='word_1_780' title='bbox 3133 4767 3351 4839; x_wconf 77' lang='grc' dir='ltr'>ἔρχεται</span> <span class='ocrx_word' id='word_1_781' title='bbox 3383 4765 3602 4836; x_wconf 75' lang='grc' dir='ltr'>ἱμάτιον</span> <span class='ocrx_word' id='word_1_782' title='bbox 3624 4781 3728 4816; x_wconf 84' lang='grc' dir='ltr'>πε-</span> 
     </span>
    </p>
   </div>
   <div class='ocr_carea' id='block_1_100' title="bbox 455 4854 2038 4939">
    <p class='ocr_par' dir='ltr' id='par_1_100' title="bbox 455 4865 2038 4939">
     <span class='ocr_line' id='line_1_100' title="bbox 455 4865 2038 4939; baseline 0.004 -22"><span class='ocrx_word' id='word_1_783' title='bbox 455 4865 756 4921; x_wconf 86' lang='lat' dir='ltr'><strong>observans</strong></span> <span class='ocrx_word' id='word_1_784' title='bbox 803 4867 1111 4936; x_wconf 91' lang='lat' dir='ltr'><strong>sponsalem</strong></span> <span class='ocrx_word' id='word_1_785' title='bbox 1141 4883 1264 4938; x_wconf 70' lang='lat' dir='ltr'><strong>qua:</strong></span> <span class='ocrx_word' id='word_1_786' title='bbox 1305 4869 1423 4922; x_wconf 80' lang='lat' dir='ltr'><strong>vult</strong></span> <span class='ocrx_word' id='word_1_787' title='bbox 1464 4881 1728 4937; x_wconf 89' lang='lat' dir='ltr'><strong>sponsum</strong></span> <span class='ocrx_word' id='word_1_788' title='bbox 1763 4869 1829 4924; x_wconf 88' lang='lat' dir='ltr'><strong>ad</strong></span> <span class='ocrx_word' id='word_1_789' title='bbox 1875 4883 2038 4939; x_wconf 86' lang='lat' dir='ltr'><strong>spon-</strong></span> 
     </span>
    </p>
   </div>
   <div class='ocr_carea' id='block_1_101' title="bbox 2141 4854 3729 4939">
    <p class='ocr_par' dir='ltr' id='par_1_101' title="bbox 2141 4854 3729 4936">
     <span class='ocr_line' id='line_1_101' title="bbox 2141 4854 3729 4936; baseline -0.006 -20"><span class='ocrx_word' id='word_1_790' title='bbox 2141 4862 2361 4936; x_wconf 77' lang='grc' dir='ltr'>ρισεδλη</span> <span class='ocrx_word' id='word_1_791' title='bbox 2371 4862 2530 4933; x_wconf 80' lang='grc' dir='ltr'>μένος</span> <span class='ocrx_word' id='word_1_792' title='bbox 2559 4857 2671 4914; x_wconf 74' lang='grc' dir='ltr'>οἷον</span> <span class='ocrx_word' id='word_1_793' title='bbox 2701 4864 2734 4932; x_wconf 91' lang='grc' dir='ltr'><strong>ή</strong></span> <span class='ocrx_word' id='word_1_794' title='bbox 2753 4863 2940 4933; x_wconf 78' lang='grc' dir='ltr'>νύμφη</span> <span class='ocrx_word' id='word_1_795' title='bbox 2967 4875 2982 4892; x_wconf 76' lang='grc'>⁸</span> <span class='ocrx_word' id='word_1_796' title='bbox 3019 4860 3328 4930; x_wconf 87' lang='grc' dir='ltr'>μετέσχηκε</span> <span class='ocrx_word' id='word_1_797' title='bbox 3347 4857 3457 4928; x_wconf 81' lang='grc' dir='ltr'><strong>γὰρ</strong></span> <span class='ocrx_word' id='word_1_798' title='bbox 3490 4854 3729 4922; x_wconf 81' lang='grc' dir='ltr'>αἵματος</span> 
     </span>
    </p>
   </div>
   <div class='ocr_carea' id='block_1_102' title="bbox 456 4943 2038 5031">
    <p class='ocr_par' dir='ltr' id='par_1_102' title="bbox 456 4955 2038 5031">
     <span class='ocr_line' id='line_1_102' title="bbox 456 4955 2038 5031; baseline 0.004 -22"><span class='ocrx_word' id='word_1_799' title='bbox 456 4971 572 5010; x_wconf 80' lang='lat' dir='ltr'><strong>sam</strong></span> <span class='ocrx_word' id='word_1_800' title='bbox 611 4957 709 5013; x_wconf 92' lang='lat' dir='ltr'><strong>ire.</strong></span> <span class='ocrx_word' id='word_1_801' title='bbox 742 4955 896 5024; x_wconf 91' lang='lat' dir='ltr'><strong>Quod</strong></span> <span class='ocrx_word' id='word_1_802' title='bbox 945 4959 1184 5015; x_wconf 88' lang='lat' dir='ltr'><strong>ostendit</strong></span> <span class='ocrx_word' id='word_1_803' title='bbox 1226 4959 1450 5026; x_wconf 88' lang='lat' dir='ltr'><strong>Paulus,</strong></span> <span class='ocrx_word' id='word_1_804' title='bbox 1491 4959 1680 5015; x_wconf 82' lang='lat' dir='ltr'><strong>dicens</strong></span> <span class='ocrx_word' id='word_1_805' title='bbox 1710 4978 1722 5014; x_wconf 94' lang='lat'>:</span> <span class='ocrx_word' id='word_1_806' title='bbox 1759 4979 1778 5012; x_wconf 85' lang='grc' dir='ltr'><strong>ι</strong></span> <span class='ocrx_word' id='word_1_807' title='bbox 1810 4958 2038 5031; x_wconf 81' lang='lat' dir='ltr'><strong>Propter</strong></span> 
     </span>
    </p>
   </div>
   <div class='ocr_carea' id='block_1_103' title="bbox 2141 4943 3732 5031">
    <p class='ocr_par' dir='ltr' id='par_1_103' title="bbox 2141 4943 3732 5027">
     <span class='ocr_line' id='line_1_103' title="bbox 2141 4943 3732 5027; baseline -0.009 -18"><span class='ocrx_word' id='word_1_808' title='bbox 2141 4955 2230 5010; x_wconf 72' lang='grc' dir='ltr'>καὶ</span> <span class='ocrx_word' id='word_1_809' title='bbox 2261 4954 2464 5027; x_wconf 86' lang='grc' dir='ltr'>σαρκδς</span> <span class='ocrx_word' id='word_1_810' title='bbox 2492 4951 2894 5024; x_wconf 81' lang='grc' dir='ltr'>παραπλησίως</span> <span class='ocrx_word' id='word_1_811' title='bbox 2911 4951 3046 5022; x_wconf 82' lang='grc' dir='ltr'>αὐτῇ</span> <span class='ocrx_word' id='word_1_812' title='bbox 3071 4964 3087 4981; x_wconf 84' lang='lat'><strong><em>°</em></strong></span> <span class='ocrx_word' id='word_1_813' title='bbox 3119 4949 3214 5001; x_wconf 65' lang='grc' dir='ltr'><strong>καὶ</strong></span> <span class='ocrx_word' id='word_1_814' title='bbox 3234 4947 3336 5000; x_wconf 84' lang='grc' dir='ltr'>οὐκ</span> <span class='ocrx_word' id='word_1_815' title='bbox 3365 4944 3528 5008; x_wconf 81' lang='grc' dir='ltr'>αὐτὸς</span> <span class='ocrx_word' id='word_1_816' title='bbox 3555 4943 3732 5013; x_wconf 76' lang='grc' dir='ltr'>αὐτὴν</span> 
     </span>
    </p>
   </div>
   <div class='ocr_carea' id='block_1_104' title="bbox 463 5036 2038 5125">
    <p class='ocr_par' dir='ltr' id='par_1_104' title="bbox 463 5044 2038 5125">
     <span class='ocr_line' id='line_1_104' title="bbox 463 5044 2038 5125; baseline 0.005 -27"><span class='ocrx_word' id='word_1_817' title='bbox 463 5044 568 5098; x_wconf 88' lang='lat' dir='ltr'><strong>hoc</strong></span> <span class='ocrx_word' id='word_1_818' title='bbox 609 5045 885 5118; x_wconf 87' lang='lat' dir='ltr'><strong>relinquet</strong></span> <span class='ocrx_word' id='word_1_819' title='bbox 927 5047 1093 5125; x_wconf 86' lang='lat' dir='ltr'><strong>homo</strong></span> <span class='ocrx_word' id='word_1_820' title='bbox 1136 5058 1343 5119; x_wconf 86' lang='lat' dir='ltr'><strong>patrem</strong></span> <span class='ocrx_word' id='word_1_821' title='bbox 1392 5057 1446 5104; x_wconf 91' lang='lat' dir='ltr'><strong>et</strong></span> <span class='ocrx_word' id='word_1_822' title='bbox 1480 5058 1708 5103; x_wconf 89' lang='lat' dir='ltr'><strong>matrem</strong></span> <span class='ocrx_word' id='word_1_823' title='bbox 1761 5065 1940 5114; x_wconf 87' lang='lat' dir='ltr'><strong>suam,</strong></span> <span class='ocrx_word' id='word_1_824' title='bbox 1985 5060 2038 5106; x_wconf 81' lang='lat' dir='ltr'><strong>et</strong></span> 
     </span>
    </p>
   </div>
   <div class='ocr_carea' id='block_1_105' title="bbox 2141 5036 3730 5125">
    <p class='ocr_par' dir='ltr' id='par_1_105' title="bbox 2141 5036 3730 5115">
     <span class='ocr_line' id='line_1_105' title="bbox 2141 5036 3730 5115; baseline -0.009 -13"><span class='ocrx_word' id='word_1_825' title='bbox 2141 5047 2246 5102; x_wconf 67' lang='grc' dir='ltr'><strong>ἅνω</strong></span> <span class='ocrx_word' id='word_1_826' title='bbox 2296 5047 2485 5112; x_wconf 85' lang='grc' dir='ltr'>καλεῖ,</span> <span class='ocrx_word' id='word_1_827' title='bbox 2533 5045 2648 5101; x_wconf 84' lang='grc' dir='ltr'>ἀλλ’</span> <span class='ocrx_word' id='word_1_828' title='bbox 2696 5046 2858 5110; x_wconf 69' lang='grc' dir='ltr'>αὐτὸς</span> <span class='ocrx_word' id='word_1_829' title='bbox 2925 5043 3061 5115; x_wconf 76' lang='grc' dir='ltr'>πρὸς</span> <span class='ocrx_word' id='word_1_830' title='bbox 3111 5040 3282 5112; x_wconf 76' lang='grc' dir='ltr'>αὐτὴν</span> <span class='ocrx_word' id='word_1_831' title='bbox 3334 5036 3730 5107; x_wconf 86' lang='grc' dir='ltr'>παραγίνεται,</span> 
     </span>
    </p>
   </div>
   <div class='ocr_carea' id='block_1_106' title="bbox 459 5129 2038 5213">
    <p class='ocr_par' dir='ltr' id='par_1_106' title="bbox 459 5139 2033 5213">
     <span class='ocr_line' id='line_1_106' title="bbox 459 5139 2033 5213; baseline 0.003 -19"><span class='ocrx_word' id='word_1_832' title='bbox 459 5139 759 5196; x_wconf 74' lang='lat' dir='ltr'><strong>adlnerebit</strong></span> <span class='ocrx_word' id='word_1_833' title='bbox 789 5142 971 5197; x_wconf 85' lang='lat' dir='ltr'><strong>uxori.</strong></span> <span class='ocrx_word' id='word_1_834' title='bbox 1020 5141 1439 5198; x_wconf 88' lang='lat' dir='ltr'><strong>Sacramentum</strong></span> <span class='ocrx_word' id='word_1_835' title='bbox 1475 5142 1578 5197; x_wconf 88' lang='lat' dir='ltr'><strong>hoc</strong></span> <span class='ocrx_word' id='word_1_836' title='bbox 1624 5157 1880 5213; x_wconf 84' lang='lat' dir='ltr'><strong>magnum</strong></span> <span class='ocrx_word' id='word_1_837' title='bbox 1928 5154 2033 5210; x_wconf 90' lang='lat' dir='ltr'><strong>est,</strong></span> 
     </span>
    </p>
   </div>
   <div class='ocr_carea' id='block_1_107' title="bbox 2141 5129 3732 5213">
    <p class='ocr_par' dir='ltr' id='par_1_107' title="bbox 2141 5129 3732 5212">
     <span class='ocr_line' id='line_1_107' title="bbox 2141 5129 3732 5212; baseline -0.008 -18"><span class='ocrx_word' id='word_1_838' title='bbox 2141 5140 2323 5212; x_wconf 90' lang='grc' dir='ltr'>τηρῶν</span> <span class='ocrx_word' id='word_1_839' title='bbox 2355 5137 2638 5194; x_wconf 80' lang='grc' dir='ltr'>κάνταῦθα</span> <span class='ocrx_word' id='word_1_840' title='bbox 2675 5139 2768 5191; x_wconf 83' lang='grc' dir='ltr'>τὸν</span> <span class='ocrx_word' id='word_1_841' title='bbox 2798 5136 2893 5190; x_wconf 85' lang='grc' dir='ltr'><strong>τοῦ</strong></span> <span class='ocrx_word' id='word_1_842' title='bbox 2927 5135 3161 5206; x_wconf 81' lang='grc' dir='ltr'>νυμφίου</span> <span class='ocrx_word' id='word_1_843' title='bbox 3207 5132 3404 5202; x_wconf 87' lang='grc' dir='ltr'>νόμον,</span> <span class='ocrx_word' id='word_1_844' title='bbox 3449 5130 3510 5194; x_wconf 81' lang='grc' dir='ltr'>ὃς</span> <span class='ocrx_word' id='word_1_845' title='bbox 3565 5129 3732 5182; x_wconf 56' lang='grc' dir='ltr'>αὐτὴν</span> 
     </span>
    </p>
   </div>
   <div class='ocr_carea' id='block_1_108' title="bbox 457 5221 2038 5304">
    <p class='ocr_par' dir='ltr' id='par_1_108' title="bbox 457 5231 2030 5304">
     <span class='ocr_line' id='line_1_108' title="bbox 457 5231 2030 5304; baseline 0.003 -17"><span class='ocrx_word' id='word_1_846' title='bbox 457 5247 557 5304; x_wconf 81' lang='lat' dir='ltr'><strong>ego</strong></span> <span class='ocrx_word' id='word_1_847' title='bbox 588 5243 770 5289; x_wconf 84' lang='lat' dir='ltr'><strong>autem</strong></span> <span class='ocrx_word' id='word_1_848' title='bbox 801 5231 928 5290; x_wconf 89' lang='lat' dir='ltr'><strong>dico</strong></span> <span class='ocrx_word' id='word_1_849' title='bbox 954 5235 1008 5290; x_wconf 90' lang='lat' dir='ltr'><strong>in</strong></span> <span class='ocrx_word' id='word_1_850' title='bbox 1039 5234 1259 5289; x_wconf 85' lang='lat' dir='ltr'><strong>Christo</strong></span> <span class='ocrx_word' id='word_1_851' title='bbox 1291 5244 1345 5289; x_wconf 92' lang='lat' dir='ltr'><strong>et</strong></span> <span class='ocrx_word' id='word_1_852' title='bbox 1371 5236 1421 5288; x_wconf 91' lang='lat' dir='ltr'><strong>in</strong></span> <span class='ocrx_word' id='word_1_853' title='bbox 1453 5233 1697 5290; x_wconf 86' lang='lat' dir='ltr'><strong>Ecclesia</strong></span> <span class='ocrx_word' id='word_1_854' title='bbox 1724 5235 1788 5289; x_wconf 87' lang='lat'><strong>&quot;.</strong></span> <span class='ocrx_word' id='word_1_855' title='bbox 1823 5256 1840 5288; x_wconf 79' lang='grc' dir='ltr'><strong>ι</strong></span> <span class='ocrx_word' id='word_1_856' title='bbox 1873 5233 2030 5292; x_wconf 75' lang='lat' dir='ltr'><strong>Post-</strong></span> 
     </span>
    </p>
   </div>
   <div class='ocr_carea' id='block_1_109' title="bbox 2141 5221 3730 5304">
    <p class='ocr_par' dir='ltr' id='par_1_109' title="bbox 2142 5221 3730 5302">
     <span class='ocr_line' id='line_1_109' title="bbox 2142 5221 3730 5302; baseline -0.008 -17"><span class='ocrx_word' id='word_1_857' title='bbox 2142 5231 2264 5300; x_wconf 83' lang='grc' dir='ltr'>ἀγει</span> <span class='ocrx_word' id='word_1_858' title='bbox 2303 5231 2439 5301; x_wconf 84' lang='grc' dir='ltr'>πρὸς</span> <span class='ocrx_word' id='word_1_859' title='bbox 2479 5230 2577 5302; x_wconf 79' lang='grc' dir='ltr'>τὴν</span> <span class='ocrx_word' id='word_1_860' title='bbox 2599 5227 2816 5299; x_wconf 81' lang='grc' dir='ltr'>νύμφην</span> <span class='ocrx_word' id='word_1_861' title='bbox 2837 5244 2852 5260; x_wconf 76' lang='grc' dir='ltr'><strong><em>ο</em></strong></span> <span class='ocrx_word' id='word_1_862' title='bbox 2885 5227 3025 5298; x_wconf 75' lang='grc' dir='ltr'>ὅπερ</span> <span class='ocrx_word' id='word_1_863' title='bbox 3067 5227 3163 5279; x_wconf 71' lang='grc' dir='ltr'>καὶ</span> <span class='ocrx_word' id='word_1_864' title='bbox 3195 5224 3224 5278; x_wconf 87' lang='grc' dir='ltr'>ὁ</span> <span class='ocrx_word' id='word_1_865' title='bbox 3259 5222 3468 5286; x_wconf 76' lang='grc' dir='ltr'>Παῦλος</span> <span class='ocrx_word' id='word_1_866' title='bbox 3499 5221 3690 5290; x_wconf 72' lang='grc' dir='ltr'>ἔλεγεν</span> <span class='ocrx_word' id='word_1_867' title='bbox 3716 5237 3730 5252; x_wconf 79' lang='grc' dir='ltr'><strong><em>ο</em></strong></span> 
     </span>
    </p>
   </div>
   <div class='ocr_carea' id='block_1_110' title="bbox 456 5312 2038 5396">
    <p class='ocr_par' dir='ltr' id='par_1_110' title="bbox 456 5325 2031 5396">
     <span class='ocr_line' id='line_1_110' title="bbox 456 5325 2031 5396; baseline 0.004 -19"><span class='ocrx_word' id='word_1_868' title='bbox 456 5337 618 5396; x_wconf 86' lang='lat' dir='ltr'><strong>quam</strong></span> <span class='ocrx_word' id='word_1_869' title='bbox 650 5326 816 5396; x_wconf 81' lang='lat' dir='ltr'><strong>igitur</strong></span> <span class='ocrx_word' id='word_1_870' title='bbox 848 5327 1172 5383; x_wconf 88' lang='lat' dir='ltr'><strong>accessisset</strong></span> <span class='ocrx_word' id='word_1_871' title='bbox 1203 5325 1271 5379; x_wconf 89' lang='lat' dir='ltr'><strong>ad</strong></span> <span class='ocrx_word' id='word_1_872' title='bbox 1289 5340 1502 5396; x_wconf 71' lang='lat' dir='ltr'><strong>sponsae</strong></span> <span class='ocrx_word' id='word_1_873' title='bbox 1534 5327 1850 5393; x_wconf 84' lang='lat' dir='ltr'><strong>stationem,</strong></span> <span class='ocrx_word' id='word_1_874' title='bbox 1879 5344 2031 5384; x_wconf 82' lang='lat' dir='ltr'><strong>eam-</strong></span> 
     </span>
    </p>
   </div>
   <div class='ocr_carea' id='block_1_111' title="bbox 2141 5312 3728 5396">
    <p class='ocr_par' dir='ltr' id='par_1_111' title="bbox 2146 5312 3728 5392">
     <span class='ocr_line' id='line_1_111' title="bbox 2146 5312 3728 5392; baseline -0.009 -14"><span class='ocrx_word' id='word_1_875' title='bbox 2146 5344 2166 5378; x_wconf 79' lang='grc' dir='ltr'><strong>ι</strong></span> <span class='ocrx_word' id='word_1_876' title='bbox 2201 5326 2347 5379; x_wconf 75' lang='grc' dir='ltr'>Ἀντὶ</span> <span class='ocrx_word' id='word_1_877' title='bbox 2371 5325 2560 5378; x_wconf 85' lang='grc' dir='ltr'>τούτου</span> <span class='ocrx_word' id='word_1_878' title='bbox 2585 5323 2899 5392; x_wconf 81' lang='grc' dir='ltr'>καταλείψει</span> <span class='ocrx_word' id='word_1_879' title='bbox 2918 5321 3206 5391; x_wconf 80' lang='grc' dir='ltr'>ἄνθρωπος</span> <span class='ocrx_word' id='word_1_880' title='bbox 3218 5317 3310 5372; x_wconf 77' lang='grc' dir='ltr'>τὸν</span> <span class='ocrx_word' id='word_1_881' title='bbox 3331 5315 3541 5387; x_wconf 86' lang='grc' dir='ltr'>πατέρα</span> <span class='ocrx_word' id='word_1_882' title='bbox 3557 5312 3728 5368; x_wconf 86' lang='grc' dir='ltr'>αὐτοῦ</span> 
     </span>
    </p>
   </div>
   <div class='ocr_carea' id='block_1_112' title="bbox 529 5435 3728 5516">
    <p class='ocr_par' dir='ltr' id='par_1_112' title="bbox 529 5435 3728 5516">
     <span class='ocr_line' id='line_1_112' title="bbox 529 5435 3728 5516; baseline 0 -17"><span class='ocrx_word' id='word_1_883' title='bbox 529 5447 573 5476; x_wconf 86' lang='grc'><strong>¹⁰</strong></span> <span class='ocrx_word' id='word_1_884' title='bbox 595 5445 907 5513; x_wconf 75' lang='lat' dir='ltr'><strong>Psal.v,l.</strong></span> <span class='ocrx_word' id='word_1_885' title='bbox 984 5443 1248 5516; x_wconf 46' lang='lat' dir='ltr'><strong>FlllCor:</strong></span> <span class='ocrx_word' id='word_1_886' title='bbox 1281 5444 1445 5506; x_wconf 62' lang='lat'><strong>“,2.</strong></span> <span class='ocrx_word' id='word_1_887' title='bbox 1527 5443 1748 5516; x_wconf 56' lang='lat' dir='ltr'><strong>{&#39;Joan.</strong></span> <span class='ocrx_word' id='word_1_888' title='bbox 1782 5448 1986 5516; x_wconf 77' lang='lat' dir='ltr'><strong>tu,29.</strong></span> <span class='ocrx_word' id='word_1_889' title='bbox 2060 5446 2273 5508; x_wconf 78' lang='lat' dir='ltr'><strong>“Psal.</strong></span> <span class='ocrx_word' id='word_1_890' title='bbox 2333 5463 2472 5511; x_wconf 64' lang='grc' dir='ltr'>χειν,</span> <span class='ocrx_word' id='word_1_891' title='bbox 2521 5447 2600 5504; x_wconf 86' lang='grc'><strong>10.</strong></span> <span class='ocrx_word' id='word_1_892' title='bbox 2686 5444 2951 5516; x_wconf 68' lang='lat' dir='ltr'><strong>“Ephes.</strong></span> <span class='ocrx_word' id='word_1_893' title='bbox 3023 5459 3098 5511; x_wconf 80' lang='lat' dir='ltr'><strong>vi,</strong></span> <span class='ocrx_word' id='word_1_894' title='bbox 3143 5440 3226 5497; x_wconf 85' lang='lat' dir='ltr'><strong>l5.</strong></span> <span class='ocrx_word' id='word_1_895' title='bbox 3306 5437 3348 5470; x_wconf 87' lang='grc'><strong>¹⁵</strong></span> <span class='ocrx_word' id='word_1_896' title='bbox 3403 5435 3506 5494; x_wconf 76' lang='lat' dir='ltr'><strong>lsa.</strong></span> <span class='ocrx_word' id='word_1_897' title='bbox 3547 5450 3728 5500; x_wconf 60' lang='lat' dir='ltr'><strong>XXIII.</strong></span> 
     </span>
    </p>
   </div>
   <div class='ocr_carea' id='block_1_113' title="bbox 461 5513 1615 5585">
    <p class='ocr_par' dir='ltr' id='par_1_113' title="bbox 461 5513 1615 5585">
     <span class='ocr_line' id='line_1_113' title="bbox 461 5513 1615 5585; baseline 0.003 -16"><span class='ocrx_word' id='word_1_898' title='bbox 461 5513 550 5572; x_wconf 70' lang='grc'><strong>11.</strong></span> <span class='ocrx_word' id='word_1_899' title='bbox 627 5519 670 5550; x_wconf 84' lang='grc'><strong>¹⁶</strong></span> <span class='ocrx_word' id='word_1_900' title='bbox 693 5517 853 5572; x_wconf 73' lang='lat' dir='ltr'><strong>llom.</strong></span> <span class='ocrx_word' id='word_1_901' title='bbox 887 5532 941 5584; x_wconf 84' lang='lat' dir='ltr'><strong>x,</strong></span> <span class='ocrx_word' id='word_1_902' title='bbox 975 5515 1063 5570; x_wconf 81' lang='grc'><strong>15.</strong></span> <span class='ocrx_word' id='word_1_903' title='bbox 1141 5517 1182 5548; x_wconf 75' lang='grc' dir='ltr'><strong>’τ</strong></span> <span class='ocrx_word' id='word_1_904' title='bbox 1209 5513 1411 5585; x_wconf 78' lang='lat' dir='ltr'><strong>Ephes.</strong></span> <span class='ocrx_word' id='word_1_905' title='bbox 1442 5531 1494 5575; x_wconf 85' lang='lat' dir='ltr'><strong>v.</strong></span> <span class='ocrx_word' id='word_1_906' title='bbox 1528 5513 1615 5572; x_wconf 78' lang='grc'><strong>51.</strong></span> 
     </span>
    </p>
   </div>
   <div class='ocr_carea' id='block_1_114' title="bbox 1023 5605 2204 5661">
    <p class='ocr_par' dir='ltr' id='par_1_114' title="bbox 1023 5605 2204 5661">
     <span class='ocr_line' id='line_1_114' title="bbox 1023 5605 2204 5661; baseline 0.002 -3"><span class='ocrx_word' id='word_1_907' title='bbox 1023 5608 1028 5612; x_wconf 83' lang='grc'><em>’</em></span> <span class='ocrx_word' id='word_1_908' title='bbox 1972 5605 2204 5661; x_wconf 64' lang='lat' dir='ltr'><strong>NOTAE.</strong></span> 
     </span>
    </p>
   </div>
   <div class='ocr_carea' id='block_1_115' title="bbox 532 5699 2230 5774">
    <p class='ocr_par' dir='ltr' id='par_1_115' title="bbox 532 5699 2230 5774">
     <span class='ocr_line' id='line_1_115' title="bbox 532 5699 2230 5774; baseline -0.001 -16"><span class='ocrx_word' id='word_1_909' title='bbox 532 5702 643 5774; x_wconf 75' lang='lat'><strong>(89.)</strong></span> <span class='ocrx_word' id='word_1_910' title='bbox 676 5703 800 5760; x_wconf 71' lang='lat' dir='ltr'><strong>llmc</strong></span> <span class='ocrx_word' id='word_1_911' title='bbox 827 5701 1060 5774; x_wconf 63' lang='lat' dir='ltr'><strong>quastio</strong></span> <span class='ocrx_word' id='word_1_912' title='bbox 1095 5701 1245 5758; x_wconf 86' lang='lat' dir='ltr'><strong>deest</strong></span> <span class='ocrx_word' id='word_1_913' title='bbox 1274 5699 1330 5755; x_wconf 94' lang='lat' dir='ltr'><strong>in</strong></span> <span class='ocrx_word' id='word_1_914' title='bbox 1363 5699 1525 5756; x_wconf 91' lang='lat' dir='ltr'><strong>codd.</strong></span> <span class='ocrx_word' id='word_1_915' title='bbox 1551 5701 1782 5758; x_wconf 80' lang='lat' dir='ltr'><strong>Coislin.</strong></span> <span class='ocrx_word' id='word_1_916' title='bbox 1803 5709 1854 5757; x_wconf 91' lang='lat' dir='ltr'><strong>et</strong></span> <span class='ocrx_word' id='word_1_917' title='bbox 1891 5699 2230 5757; x_wconf 84' lang='lat' dir='ltr'><strong>Taurinensi.</strong></span> 
     </span>
    </p>
   </div>
   <div class='ocr_carea' id='block_1_116' title="bbox 3294 5812 3424 5831">
    <p class='ocr_par' dir='ltr' id='par_1_116' title="bbox 3294 5812 3424 5831">
     <span class='ocr_line' id='line_1_116' title="bbox 3294 5812 3424 5831; baseline 0 -2"><span class='ocrx_word' id='word_1_918' title='bbox 3294 5812 3299 5817; x_wconf 81' lang='lat'>&#39;</span> <span class='ocrx_word' id='word_1_919' title='bbox 3355 5815 3424 5831; x_wconf 63' lang='grc' dir='ltr'><strong>...αρ</strong></span> 
     </span>
    </p>
   </div>
  </div>
