3904 6218
183 230 317 295 ιιει

861 233 963 294 ΑΙ)
993 229 1585 295 AMPHILOCHIUM
1626 227 1971 301 QUIESTIO
2007 224 2865 288 CCLXXXVII-CCLXXXIX.

3306 217 3439 283 H92

178 346 278 398 καὶ
301 341 404 414 τὴν
439 340 654 411 μητέρα
685 340 781 395 καὶ
812 341 1350 413 προσκολληθήσεται
1386 340 1522 411 πρὸς
1544 338 1644 411 τὴν
1666 355 1769 408 γυ-
1798 376 1807 398 λ

1893 353 1978 409 [ne
2020 337 2343 401 invenisset,
2391 336 2689 399 sordidam,
2732 333 3099 405 squalentem,
3134 330 3340 388 nudam
3381 342 3437 386 et

176 437 346 489 ναῖκα
377 432 543 485 αὑτοῦ
570 448 587 462 ⁰
615 433 676 485 τὸ
733 435 1035 504 μυστήριον
1071 433 1231 486 τοῦτο
1267 432 1408 501 μέγα
1434 432 1586 485 ἐστίν
1607 448 1622 462 °
1657 429 1767 496 ἐγὼ

177 529 241 581 δὲ
282 527 426 594 λέγω
450 528 531 590 είς
582 526 817 596 Χριστὸν
852 529 947 580 καὶ
980 527 1075 597 τὴν
1112 526 1441 597 Ἐκκλησίαν
1468 541 1483 561 η
1530 542 1549 576 ι
1598 521 1769 576 ἐλθὼν

176 621 363 675 τοίνυν
411 621 492 684 είς
542 620 604 672 τὸ
639 619 983 689 καταγώγιον
1028 618 1218 689 αὐτῆς,
1267 619 1363 672 καὶ
1394 614 1571 687 εὑρὼν
1596 613 1767 683 αὐτὴν

180 714 449 783 ρυπῶσαν
471 753 489 778 ,
544 713 865 783 αὐχμῶσαν,
892 714 1130 783 γυμνὴν,
1163 710 1521 780 πεφυρμένην
1549 706 1765 778 αἵματι,

177 806 426 867 ἔλουσεν,
499 804 743 874 ἤλειψεν,
779 803 1030 875 ἔθρεψεν,
1078 803 1325 857 ἐνέδυσεν
1377 802 1617 871 ἱμάτιον,
1652 793 1767 851 οἷον

178 897 481 966 εὑρεθῆναι
508 896 695 966 ἕτερον
723 896 824 947 οὐκ
851 896 951 959 ἔνι,
987 895 1150 957 αὐτὸς
1178 894 1316 965 αὐτῇ
1350 894 1643 962 γενόμενος
1675 907 1773 943 πε-

184 989 378 1058 ριϐολή
405 1004 418 1017 ·
448 990 544 1041 καὶ
568 988 750 1040 λαϐὼν
779 989 949 1058 αὐτὴν
970 986 1144 1050 οὕτως
1176 984 1370 1052 ἀνάγει
1399 984 1477 1048 είς
1496 983 1590 1036 τὸν
1614 983 1779 1052 οὐρα-

184 1082 281 1132 νόν
313 1098 327 1111 ·
357 1080 563 1151 ταύτης
596 1080 899 1151 συνήγορός
943 1081 1093 1131 ἐστιν
1121 1080 1148 1131 ὁ
1186 1078 1471 1147 προφήτης
1494 1091 1510 1105 ο
1542 1075 1639 1128 καὶ
1666 1074 1775 1145 γὰρ

183 1172 362 1225 πολλὰ
393 1174 487 1224 καὶ
527 1172 656 1241 περὶ
688 1170 781 1223 τοῦ
808 1168 1043 1239 νυμφίου
1067 1170 1161 1223 καὶ
1189 1168 1320 1239 περὶ
1348 1167 1447 1236 τῆς
1474 1182 1776 1235 νυμφαγω-

1870 428 2137 499 sanguine
2171 427 2533 497 inquinatam,
2577 425 2729 491 lavit,
2765 424 2942 489 unxit,
2990 424 3240 487 nutrivit,
3273 425 3441 477 vesti-

1875 531 2170 590 mentoque
2204 518 2339 573 texit
2375 518 2468 572 tali
2493 516 2656 587 quale
2685 532 2844 570 nemo
2889 517 3035 570 aliud
3069 515 3250 571 simile
3292 530 3444 584 repe-

1873 612 2120 678 rivisset;
2162 612 2279 681 ipse
2324 610 2469 666 enim
2512 610 2615 664 fuit
2651 609 2883 664 amictus
2938 608 3036 672 illi,
3068 617 3123 663 et
3150 616 3440 678 postquam

1873 721 1994 762 eam
2030 705 2382 776 sumpsisset,
2408 706 2475 760 ad
2504 706 2704 761 coelum
2739 705 2949 760 eduxit.
2979 704 3186 771 Quibus
3211 705 3445 760 assenti-

1875 808 1964 853 tur
1991 799 2277 869 propheta,
2318 799 2410 869 qui
2441 799 2612 853 multa
2644 797 2709 853 de
2738 812 2964 869 sponso,
3000 798 3174 867 deque
3213 797 3444 867 nuptiis,

1873 891 2052 961 deque
2094 891 2256 947 bonis
2302 891 2557 947 omnibus
2589 905 2712 961 qua:
2745 906 2961 961 sponsae
2990 898 3217 944 ventura
3260 898 3448 945 essent

1872 982 2125 1054 praedixit
2170 992 2227 1038 et
2270 983 2646 1053 proclamavit.
2697 980 3063 1048 Quamobrem
3108 980 3176 1035 de
3224 980 3317 1034 illa
3367 979 3449 1033 sic

1872 1074 2120 1144 loquitur
2151 1091 2168 1130 :
2196 1074 2334 1141 Quid
2367 1073 2543 1142 poscit
2576 1072 2786 1127 hmres?
2816 1072 3117 1127 Audiamus
3141 1071 3450 1141 responsio-

1875 1181 1998 1220 nem
2031 1184 2044 1220 :
2078 1184 2097 1218 ι
2135 1165 2311 1221 Verba
2345 1180 2467 1220 mea
2500 1165 2727 1219 auribus
2756 1164 2994 1233 percipe,
3025 1162 3255 1217 Domine
3278 1160 3377 1216 ι’.»

180 1269 314 1334 γίας
350 1268 444 1318 καὶ
473 1265 601 1334 περὶ
626 1264 734 1318 τῶν
753 1263 977 1332 ἀγαθῶν
1026 1261 1136 1315 τῶν
1194 1259 1588 1329 διαδεξομένων
1633 1257 1802 1328 αὐτὴν
1876 1261 2106 1327 προεῖπε
2155 1260 2251 1312 καὶ
2296 1256 2754 1330 προανεφώνησν
2809 1256 2898 1310 διὰ
2940 1257 3005 1327 δὴ
3038 1255 3198 1309 τοῦτο
3228 1253 3322 1308 καὶ
3364 1254 3452 1305 ἐν·

178 1360 365 1413 ταῦθα
398 1358 539 1429 ὑπὲρ
570 1359 738 1427 αὐτῆς
772 1358 1008 1409 ποιεῖται
1048 1354 1141 1409 τὸν
1169 1353 1360 1422 λόγον’
1409 1351 1504 1405 καὶ
1534 1350 1588 1404 τί
1634 1350 1778 1405 αἰτεῖ
1812 1352 1847 1422 ᾗ
1879 1350 2326 1423 κληρονομοῦσα;
2356 1350 2706 1419 Ἀκούσωμεν
2756 1349 2810 1402 τί
2856 1365 3027 1418 φησι·
3062 1366 3081 1399 ι
3119 1348 3200 1401 Τὰ
3232 1345 3454 1418 ῥήματά

185 1470 296 1522 μου
333 1450 606 1516 ἐνώτισαι,
632 1451 825 1519 Κύριε.
866 1466 884 1500 ι

688 1542 1024 1597 ΕΡΩΤΗΣΙΣ
1068 1541 1242 1594 ΣΠΗ’.

193 1701 427 1769 «Κύριε,
443 1698 525 1769 μὴ
549 1697 628 1764 τῷ
653 1695 814 1765 θυμῷ
834 1712 950 1769 σοι)
969 1694 1218 1769 ἐλέγξῃς
1240 1712 1336 1762 με,
1349 1694 1504 1765 μηδὲ
1524 1693 1601 1765 τῆ
1631 1692 1779 1764 ὀργῆ

653 1784 768 1821 σου
799 1766 1133 1833 παιδεύσῃς
1170 1782 1267 1831 με.
1295 1784 1315 1816 ι
1786 1810 1787 1815 η

1808 1546 1855 1603 Β
1951 1531 2281 1603 ρυΑῑετιο
2329 1529 2957 1603 cetxxxvnucm.
2997 1526 3172 1593 cca],
3210 1526 3372 1581 Ta’ur.

2554 1601 2780 1674 ccxcy

1889 1691 2145 1758 «Domine
2190 1707 2253 1746 ne
2290 1693 2347 1746 in
2384 1691 2564 1760 furore
2592 1700 2917 1772 tuo-arguas
2952 1704 3056 1755 me,
3086 1704 3247 1760 neque
3276 1688 3331 1743 in
3371 1688 3454 1742 ira

1928 1776 1934 1781 ’
2379 1773 2474 1816 tua
2514 1774 2772 1831 corripias
2802 1777 2901 1815 me.
2937 1778 2959 1813 ι

893 1882 1038 1932 Edita
1061 1896 1089 1932 a
1116 1881 1239 1933 Maio
1266 1884 1321 1947 (ι.
1344 1896 1388 1933 c.
1412 1897 1463 1946 p.
1498 1882 1604 1938 145,
1632 1881 1741 1942 146,
1765 1894 1815 1944 q.
1837 1876 1970 1941 298).
1997 1906 2058 1916 -—
2080 1878 2216 1929 Psal.
2242 1892 2311 1939 vr,
2337 1878 2383 1935 l.
2406 1879 2439 1927 2
2466 1891 2481 1939 ;
2506 1890 2709 1949 navi",
2736 1878 2781 1927 1.

270 1972 441 2027 Ὅταν
471 1969 709 2043 ἀκούσῃς
745 1969 915 2039 θυμὸν
949 1968 1041 2022 καὶ
1073 1969 1245 2039 ὀργὴν
1278 1970 1364 2021 ἐπὶ
1397 1968 1555 2035 Θεοῦ,
1610 1967 1779 2039 μηδὲν

187 2065 537 2136 ἀνθρώπινον
556 2061 900 2131 ὑποπτεύσῃς
924 2077 938 2091 ·
960 2058 1418 2127 συγκαταϐἀσεως
1436 2059 1545 2127 γάρ
1566 2060 1683 2112 ἐστι
1711 2057 1780 2112 τὰ

190 2156 267 2226 ρή
276 2170 423 2223 ματα
447 2167 462 2182 ο
493 2150 591 2204 καὶ
614 2149 722 2221 γὰρ
750 2151 811 2201 τὸ
828 2149 982 2201 Θεῖον
1021 2147 1280 2201 ἁπάντων
1301 2147 1647 2214 ἀπήλλακται
1671 2150 1782 2204 τῶν

191 2244 389 2298 παθῶν
416 2258 430 2272 ·
460 2242 766 2310 διαλέγεται
816 2241 874 2294 δὲ
908 2240 1078 2303 οὕτως
1120 2239 1261 2293 ὥστε
1294 2240 1644 2311 καθάψασθαι
1680 2241 1779 2311 τῆς

189 2337 309 2391 τῶν
364 2336 689 2406 παχυτέρων
744 2332 981 2396 διανοίας
1006 2348 1020 2361 ·
1080 2333 1208 2386 ἐπεὶ
1270 2332 1367 2386 καὶ
1407 2334 1592 2404 ἡμεῖς,
1653 2334 1783 2387 ὅταν

197 2428 501 2500 βαρϐάροις
584 2424 1003 2495 διαλεγώμεθα,
1066 2426 1134 2495 τῇ
1204 2423 1429 2476 ἐκείνων
1524 2423 1786 2498 χρώμεθα

194 2520 460 2589 γλώσσῃο
517 2517 620 2571 κᾶν
673 2516 810 2587 πρὸς
871 2515 1082 2568 παιδίον
1104 2514 1494 2585 φθεγγώμεθα,
1538 2517 1784 2587 συμψελ-

198 2612 448 2680 λίζομεν,
469 2608 570 2662 κᾶν
602 2607 867 2680 μυριάκις
889 2599 1041 2676 ὦμεν
1076 2608 1248 2675 σοφοί·
1277 2608 1453 2671 ἄλλως
1482 2626 1542 2661 τε
1589 2609 1645 2662 δὲ
1689 2610 1786 2662 καὶ

199 2702 432 2773 ὁθυμὸς
480 2702 575 2755 καὶ
635 2702 668 2770 ἡ
724 2701 862 2772 όργὴ
917 2700 1018 2753 οὐκ
1071 2698 1131 2763 ἐξ
1186 2699 1433 2770 ἀνάγκης
1469 2700 1640 2763 πάθος
1675 2700 1785 2753 τῶν

204 2794 679 2865 προϐαλλομένων.
718 2792 858 2846 αὐτὰ
892 2791 1256 2845 ἐνδείκνυταιο
1296 2794 1354 2845 ὲν
1410 2793 1533 2845 δυσὶ
1579 2792 1690 2863 γὰρ
1722 2791 1786 2845 τὸ

204 2888 279 2944 δι’
330 2887 509 2942 αὐτῶν
561 2888 912 2957 ἐγγινόμενον
943 2886 1115 2948 πάθος
1156 2885 1492 2951 συνίσταται,
1530 2885 1589 2937 έν
1620 2902 1679 2937 τε
1709 2884 1789 2955 τῷ

214 2979 543 3052 βαλλομένῳ,
593 2978 688 3033 καὶ
736 2980 793 3031 ὲν
833 2972 915 3041 οἷς
951 2976 1124 3031 ταῦτα
1177 2977 1484 3048 πλήττοντα
1530 2975 1787 3047 ἀλγεινὴν

210 3072 453 3127 διάθεσιν
529 3069 946 3143 ἀπεργάζεται’
1004 3072 1033 3124 ὅ
1086 3087 1145 3123 τε
1190 3071 1297 3140 γὰρ
1359 3069 1699 3141 θυμούμενος
1754 3072 1788 3143 ἢ

210 3164 564 3236 ὀργιζόμενος
592 3161 888 3215 διατίθεταί
923 3179 1041 3224 πως
1076 3162 1219 3214 κατά
1245 3160 1415 3214 ταῦτα
1444 3176 1459 3190 °
1493 3162 1587 3215 καὶ
1617 3164 1646 3216 ὁ
1698 3162 1790 3215 τὸν

1963 1962 2229 2027 Fu’rorem
2278 1973 2333 2019 et
2367 1964 2506 2017 iram
2534 1962 2629 2039 Dei
2676 1960 2927 2028 audiens,
2974 1959 3112 2015 nihil
3153 1961 3457 2015 humanum

1884 2055 2150 2125 suspicari
2182 2054 2368 2109 debes.
2414 2052 2542 2109 Haec
2582 2053 2729 2109 enim
2774 2062 2905 2107 sunt
2932 2068 2998 2108 ex
3028 2060 3189 2122 pacto
3234 2059 3291 2108 et
3320 2065 3457 2107 con-

1883 2157 2049 2204 ventu
2076 2147 2264 2214 verba,
2290 2160 2414 2201 cum
2450 2145 2524 2199 sit
2554 2145 2793 2203 alienum
2830 2159 2861 2198 a
2895 2144 3109 2200 cunctis
3134 2142 3304 2198 animi
3340 2158 3460 2197 mo-

1885 2242 2033 2295 tibus
2067 2238 2305 2294 Numen.
2336 2238 2429 2293 Sic
2475 2247 2656 2293 autem
2693 2237 2913 2292 locutus
2959 2244 3045 2292 est
3071 2237 3238 2302 Deus,
3285 2245 3345 2291 ut
3372 2236 3459 2290 vel

1884 2331 2059 2386 crassi
2110 2331 2361 2385 homines
2406 2329 2820 2399 intelligerent:
2867 2330 3086 2400 quando
3133 2330 3279 2385 enim
3330 2344 3460 2384 cum

1886 2421 2136 2477 barbaris
2169 2421 2535 2490 colloquimur
2580 2436 2772 2477 eorum
2812 2420 2999 2491 lingua
3044 2421 3267 2488 utimur,
3302 2436 3369 2476 ac
3412 2422 3461 2476 si

1886 2528 2073 2569 coram
2115 2512 2301 2581 pueris
2345 2514 2514 2567 verba
2544 2512 2800 2579 facimus,
2833 2513 3193 2579 balbutimnr,
3236 2514 3341 2568 etsi
3365 2512 3462 2568 de-

1887 2605 2000 2659 cies
2034 2603 2238 2658 millies
2288 2603 2450 2672 periti
2493 2618 2762 2658 essemus.
2811 2602 3082 2657 Caeterum
3125 2603 3366 2658 furorem
3407 2613 3464 2655 et

1886 2695 2025 2751 iram
2065 2696 2160 2766 qui
2189 2712 2299 2764 pra:
2340 2710 2401 2751 se
2437 2696 2621 2751 ferunt
2665 2710 2777 2750 non
2806 2695 3009 2750 idcirco
3041 2710 3109 2750 ex
3137 2694 3464 2751 necessitate

1888 2788 2173 2842 declarant
2205 2788 2523 2842 interiorem
2559 2786 2730 2841 animi
2779 2795 3011 2841 motum.
3046 2786 3231 2841 Animi
3279 2794 3464 2840 motus

1889 2894 1921 2936 e
1946 2880 2164 2935 duobus
2195 2888 2413 2935 constat
2446 2897 2459 2933 :
2491 2880 2646 2949 prius
2690 2888 2773 2934 est
2802 2878 2948 2948 quod
2980 2878 3251 2948 percellit,
3281 2886 3467 2946 postc-

1892 2972 2010 3028 rius
2039 2982 2221 3027 autem
2253 2972 2401 3041 quod
2442 2971 2532 3025 illa
2576 2970 2800 3025 molesta
2825 2969 3170 3041 perculsione
3197 2970 3468 3039 contingi-

1894 3074 2001 3120 tur.
2052 3064 2212 3118 Aliud
2242 3064 2445 3132 patitur
2474 3061 2567 3131 qui
2617 3061 2894 3125 irascitur,
2923 3060 3071 3115 aliud
3110 3059 3205 3130 qui
3251 3060 3345 3115 ira:
3370 3060 3471 3114 ob-

1894 3156 2093 3209 noxius
2114 3164 2217 3221 est,
2245 3153 2496 3224 quamvis
2518 3152 2737 3222 utrique
2763 3153 2944 3208 inesse
2964 3152 3173 3223 aliquid
3196 3151 3471 3222 passionis

214 3256 388 3325 θυμὸν
413 3254 507 3307 καὶ
522 3254 617 3324 τὴν
631 3254 799 3323 ὀργὴν
830 3254 1207 3323 ἐκδεξάμενος,
1239 3254 1488 3317 κάκεῖνος
1514 3254 1796 3318 πεπονθὼς

1904 3247 2170 3301 videatur.
2210 3246 2316 3301 Sed
2359 3256 2420 3301 ut
2461 3246 2757 3301 identidem
2808 3245 3056 3300 invenias
3092 3245 3240 3300 hunc
3289 3243 3469 3299 solum

212 3345 429 3415 διετέθη
456 3347 601 3397 κατά
625 3345 725 3414 τὴν
747 3344 983 3412 πάθησιν
1013 3360 1027 3376 ·
1053 3347 1109 3397 ὲν
1132 3344 1465 3415 ἀμφοτέροις
1491 3344 1589 3414 μὲν
1611 3344 1703 3397 οὖν
1732 3346 1793 3397 τὸ

215 3432 392 3494 πάθος
438 3433 662 3502 ὁρᾶται·
720 3432 836 3485 ἀλλ’
871 3432 1058 3504 ὥσπερ
1091 3432 1236 3487 ἔστιν
1263 3433 1392 3486 ἰδεῖν
1429 3434 1599 3487 ὲνίοτε
1635 3436 1793 3504 μόνον

213 3524 310 3577 τὸν
390 3522 824 3594 προϐαλλόμενον
880 3524 973 3577 τὸν
1039 3524 1209 3594 θυμὸν
1282 3524 1375 3577 καὶ
1450 3523 1550 3593 τὴν
1625 3524 1795 3597 ὀργὴν

214 3616 515 3684 πάσχοντα,
568 3615 705 3685 πρὸς
761 3615 820 3667 ὃν
876 3615 932 3668 δὲ
964 3615 1137 3669 ταῦτα
1197 3617 1437 3685 ἀφίεται,
1473 3617 1656 3685 ἀπαθῆ
1702 3618 1797 3670 καὶ

214 3704 574 3760 ἀναλλοίωτον
599 3745 615 3770 ,
646 3706 777 3767 ἴσως
810 3706 1099 3776 φιλοσοφίᾳ
1132 3706 1232 3777 τὴν
1264 3706 1440 3777 ψυχὴν
1462 3706 1794 3771 τονώσαντα,

214 3795 318 3851 καὶ
343 3794 577 3866 κρείττω
605 3795 705 3865 τῆς
734 3794 905 3866 ὀργῆς
929 3795 1039 3848 τῶν
1069 3794 1423 3865 θυμουμένων
1450 3796 1543 3848 καὶ
1574 3797 1793 3866 ὀργιζοέ

218 3888 402 3960 μένων
430 3888 720 3957 γενόμενον
742 3905 757 3918 ο
801 3887 917 3941 ἀλλ’
945 3888 1096 3958 ὅμως
1134 3887 1237 3941 κᾶν
1270 3890 1330 3941 έν
1358 3888 1573 3958 θατέρῳ
1599 3888 1660 3939 τὸ
1684 3888 1794 3940 πά-

216 3980 315 4042 θος
339 3980 529 4048 ὁρᾶται
552 3995 567 4009 ·
597 3978 749 4032 οὐδὲν
768 3972 928 4049 ἦττον
955 3978 1127 4049 θυμὸς
1166 3980 1195 4033 ὁ
1222 3979 1394 4048 θυμὸς
1433 3981 1526 4032 καὶ
1568 3980 1601 4049 ἠ
1659 3979 1797 4049 ὀργὴ

214 4069 442 4137 λέγεται
468 4084 485 4100 ⁶
520 4067 663 4122 οὕτω
694 4068 797 4122 κᾶν
827 4070 988 4139 μόνος
1016 4071 1044 4122 ὁ
1067 4070 1158 4123 τὸν
1191 4070 1361 4140 θυμὸν
1393 4068 1490 4122 καὶ
1511 4069 1610 4140 τὴν
1630 4067 1800 4141 ὀργὴν

214 4159 570 4229 ἐκδεχόμενος
598 4161 740 4215 κατὰ
770 4160 833 4214 τὸ
858 4161 1028 4226 πάθος
1071 4161 1365 4233 διατεθείη,
1405 4160 1499 4214 τοῦ
1557 4159 1800 4232 προσαλ-

214 4253 451 4322 λομὲνου
500 4252 675 4306 ταῦτα
707 4253 874 4325 μηδὲν
900 4253 1040 4317 ὅλως
1065 4253 1448 4317 ἀλλοιωθέντος
1487 4252 1521 4324 ἢ
1556 4253 1699 4307 κατά
1745 4270 1801 4307 τι

214 4344 394 4407 πάθος
407 4344 765 4410 διατεθέντος,
795 4346 949 4402 οὐδὲν
982 4346 1204 4401 ἔλαττον
1224 4345 1424 4411 ταῦτα,
1450 4345 1566 4400 ἀλλ’
1598 4345 1799 4416 ὁμοίως

216 4436 396 4505 θυμὸς
421 4437 515 4489 καὶ
561 4436 699 4508 ὀργὴ
738 4437 909 4501 πάθος
960 4438 1055 4492 καὶ
1108 4438 1271 4507 ἄλγος
1323 4436 1403 4507 τῷ
1453 4435 1801 4507 ὲκδεξαμένῳ

215 4528 657 4598 ἐμπεποιηκότα,
688 4526 965 4600 ἀκολούθῳ
994 4530 1138 4602 λόγῳ
1164 4530 1367 4585 καλοῖτ’
1384 4528 1469 4584 ἀν·
1500 4531 1592 4583 καὶ
1627 4528 1802 4600 ίατρο)⁸

1901 3342 2332 3392 stomachantem
2378 3338 2733 3403 commoveri,
2783 3338 2938 3391 illum
2970 3346 3152 3391 autem
3195 3342 3283 3393 cui
3322 3337 3473 3408 prinr

1899 3429 2143 3484 oll‘ensus
2183 3440 2267 3483 est
2296 3428 2445 3483 nullo
2482 3437 2634 3482 motu
2665 3426 2954 3490 concitari,
2990 3426 3137 3496 quod
3185 3425 3325 3480 forte
3354 3427 3474 3479 aui-

1900 3536 2051 3575 mum
2099 3520 2438 3591 phil050phia
2485 3519 2709 3585 fultum,
2762 3534 2875 3588 prae
2929 3517 3225 3588 impetibus
3269 3518 3365 3571 irae
3411 3533 3477 3571 ac

1902 3612 2106 3668 furoris
2151 3612 2466 3679 sustulerit;
2522 3627 2588 3667 ac
2626 3621 2809 3666 tamen
2843 3610 3062 3680 utrique
3110 3609 3317 3680 aliquid
3351 3624 3479 3679 pas-

1903 3702 2073 3757 sionis
2114 3716 2237 3757 esse
2277 3700 2547 3767 videatur,
2581 3701 2726 3771 quod
2782 3701 2932 3754 nullo
2975 3700 3292 3755 discrimine
3334 3699 3475 3753 iram

1902 3807 2185 3847 vocamus.
2226 3792 2383 3847 Haud
2429 3792 2606 3856 aliter,
2640 3790 2850 3844 etiamsi
2890 3804 3053 3858 quem
3100 3789 3195 3843 irae
3239 3789 3476 3858 impetus

1904 3884 2178 3939 lacessivit
2225 3883 2273 3938 is
2320 3898 2463 3937 unus
2495 3890 2947 3953 permoveretur;
2982 3882 3077 3951 qui
3120 3888 3304 3934 autem
3336 3880 3478 3934 iram

1905 3974 2199 4029 concitavit
2226 3989 2382 4045 aquo
2408 3974 2571 4043 plane
2604 3974 2792 4028 animo
2823 3982 2987 4036 esset,
3023 3972 3285 4040 nulloque
3323 3980 3477 4025 motu

1905 4066 2153 4129 aﬂ‘ectus,
2200 4065 2560 4120 nihilosecius
2604 4080 2728 4135 qua:
2762 4065 2971 4120 oﬂ'enso
2999 4063 3477 4120 conturbationem

1905 4162 1961 4208 et
1988 4153 2230 4207 dolorem
2264 4152 2588 4219 attulerunt,
2620 4154 2831 4224 vulgari
2863 4169 3137 4220 sermone,
3175 4153 3253 4208 ira
3286 4162 3343 4209 et
3367 4164 3481 4208 sto-

1906 4245 2136 4300 machus
2166 4244 2590 4315 appellarentur.
2636 4244 2831 4301 Medici
2866 4260 3086 4316 quoque
3114 4244 3332 4315 quoties
3377 4244 3481 4300 ali-

1906 4338 2040 4408 quid
2068 4338 2153 4393 vel
2186 4347 2459 4402 resecant,
2488 4338 2576 4393 vel
2602 4347 2863 4402 exurunt,
2902 4341 2995 4392 irae
3032 4352 3140 4393 non
3175 4336 3479 4406 indulgent,

1907 4448 2019 4488 non
2063 4433 2189 4488 irati
2224 4442 2355 4488 sunt
2384 4432 2650 4488 adversus
2676 4440 3026 4503 aegrotantes,
3059 4430 3153 4485 sed
3183 4430 3479 4484 commise-

1908 4524 2121 4579 ratione
2158 4522 2337 4578 aﬂ'ecti
2362 4531 2415 4577 et
2444 4538 2543 4578 eos
2569 4524 2766 4578 morbo
2794 4523 3031 4577 liberare
3061 4520 3327 4591 cupiunt;
3354 4535 3481 4575 cum

214 4621 279 4675 δὲ
318 4621 608 4691 τέμνοντες
647 4624 741 4676 καὶ
794 4623 1042 4687 καίοντες
1074 4624 1135 4677 οὐ
1159 4622 1315 4694 θυμῷ
1345 4620 1501 4674 τοῦτο
1533 4620 1800 4685 ποιοῦσιν,

1908 4617 2079 4686 igitur
2116 4615 2301 4670 dicis:
2340 4634 2360 4668 ι
2388 4613 2468 4670 Ne
2505 4615 2559 4669 in
2599 4613 2789 4670 furore
2832 4624 2927 4669 tuo
2971 4628 3170 4685 arguas
3215 4626 3325 4676 me,
3361 4629 3380 4663 ι
3425 4612 3480 4666 id

213 4711 357 4766 ἀλλὰ
395 4712 584 4783 σκοπῷ
616 4717 715 4786 τῆς
759 4712 1122 4785 διορθώσεως,
1155 4714 1256 4767 οὐκ
1303 4713 1646 4785 ὀργιζόμενοι
1688 4714 1801 4771 τοῖς

217 4806 545 4875 κάμνουσιν,
569 4804 684 4859 ἀλλ’
712 4805 991 4869 ἐλεοῦντες
1019 4807 1217 4870 αὐτοὺς
1234 4805 1329 4858 καὶ
1350 4805 1459 4859 τῶν
1482 4804 1804 4874 νοσημάτων

1908 4718 2026 4774 est;
2060 4709 2169 4763 noli
2197 4724 2391 4780 pcenas
2420 4725 2451 4763 a
2478 4723 2564 4763 me
2592 4710 2829 4781 exigere,
2860 4717 2913 4762 et
2943 4714 3287 4777 peccatorum
3325 4721 3479 4760 meo-

1909 4816 2034 4856 rum
2063 4800 2354 4856 vindictam
2384 4817 2648 4870 quaerere.

215 4902 652 4967 ἀπαλλάττοντες
683 4919 700 4935 ο
733 4904 861 4957 ὅταν
885 4901 977 4955 οὖν
1003 4903 1149 4973 εῐπῃ⁶
1203 4920 1222 4953 ι
1282 4901 1373 4972 Μὴ
1400 4901 1481 4971 τῷ
1536 4899 1694 4969 θυμῷ
1728 4915 1821 4951 σου
1863 4896 2088 4969 ἐλέγξῃς
2151 4914 2243 4968 με,
2280 4915 2299 4948 ι
2325 4898 2572 4950 τουτέστι
2600 4895 2693 4967 Μὴ
2739 4896 3049 4966 ἀπαιτήσῃς
3090 4911 3158 4964 με
3189 4893 3347 4966 δίκην
3372 4890 3481 4947 τῶν

217 4994 663 5065 ἡμαρτημένων,
720 4993 857 5065 μηδὲ
899 4992 1194 5065 ὲπεξέλθῃς
1238 4994 1351 5056 τοῖς
1406 4989 1990 5063 πεπλημμελημένοις.

750 5089 1081 5143 ΕΡΩΤΗΣΙΣ
1131 5088 1299 5143 ΣΠΘ.

535 5247 665 5302 Ὅτι
711 5246 1010 5319 ἐταράχθη
1063 5247 1136 5302 τὰ
1168 5245 1321 5301 ὀστᾶ
1369 5264 1511 5315 μου.

2009 5081 2338 5150 ΩυᾸΞΒΤΙΟ
2373 5079 2963 5223 ΟϐιΧὶὲἓέἑχῗοὶδι.
3007 5078 3207 5135 CCC“.
3248 5077 3290 5132 Τ
3291 5094 3411 5132 aur.

2096 5263 2115 5296 ι
2153 5244 2418 5311 Quoniam
2449 5243 2768 5297 conturbata
2807 5253 2929 5296 sunt
2957 5258 3082 5297 ossa
3110 5258 3249 5295 mea.
3280 5258 3301 5291 ι

1057 5360 1202 5410 Edita
1232 5374 1260 5409 a
1281 5357 1406 5407 Maio
1431 5357 1489 5420 (1.
1522 5372 1566 5408 c.
1605 5373 1656 5421 p.
1681 5359 1787 5422 146,
1815 5360 1921 5419 147,
1945 5379 1995 5427 q.
2019 5363 2154 5426 299).
2182 5389 2243 5401 -—
2272 5361 2328 5411 In
2360 5360 2489 5411 Psal.
2514 5373 2579 5421 v1,
2610 5360 2658 5409 2.

306 5442 475 5495 ’οστᾶ
528 5441 587 5494 δὲ
645 5440 881 5494 ἐνταῦθα
920 5441 1096 5510 ¹λέγει
1167 5441 1265 5510 τὴν
1329 5440 1482 5510 ἰσχὺν
1546 5440 1804 5496 ἃπασαν·

214 5534 470 5609 ταραχὴν
500 5534 558 5587 δὲ
589 5534 689 5604 τὴν
712 5532 946 5605 πληγὴν,
968 5533 1067 5604 τὴν
1092 5533 1338 5602 κόλασιν,
1366 5533 1467 5605 τὴν
1495 5534 1767 5607 τιμωρίαν
1787 5552 1804 5569 .

292 5676 337 5709 ιι
376 5675 522 5731 Psal.
552 5689 607 5741 ν,
633 5672 688 5727 2.
964 5714 967 5718 Α

494 5766 768 5830 Pauor"
822 5769 938 5829 Gn.
972 5765 1073 5832 Cl.

1983 5446 2123 5501 Ossa
2157 5445 2245 5500 hic
2274 5445 2384 5498 vim
2433 5459 2649 5498 omnem
2696 5442 3032 5513 signiﬁcant.
3075 5435 3342 5491 Turbatio
3386 5450 3485 5504 pro

1921 5539 2101 5610 plaga,
2134 5552 2318 5609 paena,
2360 5536 2598 5594 vindicta
2629 5536 2872 5608 ponitur.
2908 5534 3075 5589 Aiunt
3100 5528 3360 5600 quidam,
3397 5529 3486 5590 hic

3124 5751 3204 5811 36
