3978 6218
491 247 644 314 ’1123

1659 254 1921 314 ΡΗΟΤΙΙ
1954 255 2455 314 ΡΑΤΒΙΑΗΟΗᾹΞ
2493 255 2599 314 CP.

3611 264 3729 328 1121

500 379 530 419 a
564 361 874 418 turbatione
905 362 1204 433 signiﬁcari
1239 370 1441 419 metum
1472 361 1566 432 qui
1598 378 1665 417 ex
1694 372 1917 432 peccato
1951 363 2066 415 ori-

2182 364 2315 428 τινές
2335 381 2500 433 ,φασιν
2523 363 2753 417 ἐνταῦθα
2783 364 3025 435 ταραχὴν
3043 365 3222 434 λέγειν
3245 370 3436 434 αὖτὸν,
3455 373 3539 425 τὸν
3564 376 3622 428 ἐκ
3638 378 3729 446 τῆς

503 465 608 509 tur.
652 453 808 520 Quod
860 455 1163 524 praesertim
1216 454 1270 510 in
1317 452 1625 508 libidinosis
1680 453 2071 522 cupiditatibus

500 549 818 616 contingere
863 546 1024 612 solet,
1057 562 1211 616 aeque
1243 561 1308 600 ac
1342 546 1396 600 iu
1445 545 1525 600 ira
1555 553 1611 598 et
1638 545 1694 598 iu
1742 545 2072 599 calamitati.

501 642 625 692 bus.
658 640 790 705 Quae
815 649 1014 694 cuneta
1041 640 1280 693 animam
1313 647 1366 693 et
1393 653 1517 693 ossa
1547 639 1791 691 turbant.
1827 636 1926 692 Hic
1954 648 2067 691 tum

499 730 722 799 pupilla:
752 731 1190 800 distorquet-itur,
1238 739 1292 784 et
1331 730 1469 784 nihil
1512 729 1658 783 oculi
1689 738 1836 783 recte
1867 730 2068 783 vident.

505 824 612 878 Sed
639 833 697 877 ιιι
723 823 794 877 ab
824 825 1027 878 amenti
1065 824 1254 893 auriga
1290 823 1598 877 inordinate
1622 821 1902 876 ducuntur
1923 822 2070 890 equi,

497 917 585 970 sic
629 917 840 972 turbata
895 917 1128 981 ratione,
1175 915 1357 969 omnia
1407 914 1843 978 confunduntur,
1888 917 2074 970 omnia

495 1023 758 1077 perversa
794 1010 948 1062 fiunt.
988 1007 1142 1062 Unde
1169 1017 1350 1061 autem
1391 1007 1524 1062 satis
1556 1008 1765 1061 oriatur
1788 1008 2077 1076 perturba-

502 1101 615 1153 tio?
645 1115 881 1169 namque
925 1099 976 1154 id
1025 1099 1429 1168 explanandum
1478 1114 1659 1168 operae
1691 1100 1918 1168 pretium
1955 1109 2072 1164 est;

508 1207 624 1245 non
664 1192 812 1246 enim
853 1203 910 1245 ut
949 1207 1100 1245 mare
1137 1191 1313 1246 ventis
1364 1191 1702 1245 irruentibus
1743 1191 1824 1245 sic
1868 1191 2072 1252 anima,

506 1284 781 1353 inopinata
804 1284 1038 1352 quadam
1058 1283 1438 1338 vicissitudine
1460 1283 1838 1352 perturbatur;
1863 1283 1954 1336 sed
1975 1282 2080 1336 hoc

502 1391 602 1444 per
645 1383 892 1429 nostram
941 1375 1207 1429 desidiam
1256 1375 1404 1429 licet.
1435 1373 1739 1430 Possumus
1777 1374 1921 1428 enim
1969 1372 2081 1426 elli-

506 1481 630 1520 eere
664 1474 724 1518 ut
755 1465 846 1529 sit,
880 1481 988 1519 non
1033 1480 1262 1520 accensa
1299 1466 1546 1532 libidine,
1584 1465 1791 1535 peccati
1825 1463 2076 1529 occasio;

507 1571 744 1628 namque
798 1559 842 1612 si
887 1558 1164 1612 ﬂammam
1206 1575 1316 1612 non
1374 1559 1664 1625 accendes,
1713 1573 1820 1611 non
1869 1557 2081 1610 ardebit

503 1652 789 1717 caminus;
829 1653 875 1705 si
915 1651 1195 1704 materiem
1233 1650 1342 1721 igni
1391 1651 1599 1721 lignum
1645 1665 1753 1705 non
1799 1649 2077 1718 SUIljiCiCS,

2171 459 2446 530 ἁμαρτίας
2476 459 2758 526 γινόμενον
2781 455 2987 528 [φόϐον]
3015 476 3030 489 ο
3059 459 3296 513 τοῦτοδὲ
3317 462 3542 530 μάλιστα
3570 471 3656 521 καὶ
3677 472 3730 522 ἐν

2173 546 2490 617 ἐπιθυμίαις
2515 547 2808 615 ἀσελγείας
2837 547 3156 618 συμϐαίνειν
3183 551 3366 616 εἴωθε,
3401 553 3552 605 τοῦτο
3579 556 3631 607 δὲ
3666 559 3722 609 ἐν

2175 637 2332 709 θυμῷ
2358 639 2452 691 καὶ
2478 640 2537 691 ἐν
2568 641 2871 710 συμφοραῖς
2894 655 2909 670 ·
2947 640 3128 694 πάντα
3154 640 3262 710 γὰρ
3288 642 3459 696 ταῦτα
3484 651 3725 710 ταράττει
3796 666 3798 669 ·

2173 731 2350 801 ψυχὴν
2405 731 2501 785 καὶ
2549 732 2704 798 ὀστᾶ,
2736 730 2833 785 καὶ
2881 733 2936 784 αἱ
2976 732 3134 802 κόραι
3171 732 3607 805 διαστρέφονται,
3640 743 3726 794 καὶ

2174 820 2295 873 οὐδὲ
2328 823 2377 875 οῖ
2403 821 2671 891 ὀφθαλμοὶ
2717 822 2858 875 κατὰ
2883 821 3036 886 τάξιν
3069 822 3373 892 βλέπουσιν,
3411 825 3522 878 ἀλλ’
3551 827 3727 900 ὥσπερ

2175 910 2390 981 ἡνιόχου
2435 910 2827 982 θορυϐηθέντος
2865 913 3121 976 ἀτάκτως
3151 915 3199 966 οῖ
3259 914 3412 967 ἵπποι
3463 917 3722 986 φέρονται,

2173 1002 2317 1056 οὕτω
2345 1003 2438 1055 τοῦ
2458 1003 2717 1074 λογισμοῦ
2753 1004 3227 1074 διαταραχθέντος,
3245 1007 3423 1061 πάντα
3441 1014 3726 1080 συγχεῖται,

2177 1096 2354 1149 πάντα
2376 1096 2787 1164 διαστρέφεται·
2812 1099 2907 1149 καὶ
2934 1098 3050 1160 πῶς
3065 1097 3204 1168 αὕτη
3227 1099 3432 1167 γίνεται
3451 1104 3725 1174 ἡταραχή;

2177 1189 2476 1255 ἀναγκαῖον
2497 1190 2608 1259 γὰρ
2637 1191 2730 1243 καὶ
2775 1189 2934 1243 τοῦτο
2978 1192 3156 1243 εἰπεῖν
3185 1209 3201 1223 ο
3239 1193 3302 1245 οὐ
3335 1191 3444 1263 γὰρ
3477 1193 3656 1266 ὥσπερ
3677 1197 3729 1248 ὲν

2179 1278 2422 1350 θαλάσσῃ
2451 1280 2601 1351 παρά
2630 1279 2732 1351 τὴν
2757 1281 2868 1334 τῶν
2915 1284 3245 1352 πνευμάτων
3284 1284 3554 1355 ἐμϐολὴν,
3602 1286 3731 1340 οὕτω

2179 1370 2274 1425 καὶ
2299 1373 2358 1425 ὲν
2403 1372 2582 1444 ψυχῇ,
2637 1374 2698 1426 οὺ
2736 1374 2880 1428 κατά
2923 1392 3046 1429 τινα
3101 1375 3362 1445 ἀδόκητον
3408 1375 3728 1446 περίστασιν,

2179 1463 2316 1517 ἀλλὰ
2362 1467 2514 1536 παρά
2543 1465 2642 1536 τὴν
2669 1466 2946 1537 ἡμετέραν
2976 1466 3248 1538 ῥᾳθυμίαν
3281 1466 3570 1538 συμϐαίνει
3601 1483 3616 1499 ο
3646 1471 3731 1522 καὶ

2181 1558 2289 1628 γάρ
2347 1561 2442 1611 καὶ
2491 1558 2582 1611 τοῦ
2614 1559 2867 1627 γενέσθαι
2926 1561 3019 1614 καὶ
3063 1559 3157 1613 τοῦ
3217 1560 3293 1632 μὴ
3340 1561 3586 1629 γενέσθαι
3643 1563 3729 1632 τὴν

2183 1650 2504 1722 περίστασιν
2533 1651 2632 1721 τῆς
2657 1652 2932 1723 ἁμαρτίας
2967 1655 3132 1723 ἡμεῖς
3165 1653 3370 1725 κύριοι,
3418 1654 3516 1722 τῆς
3555 1654 3730 1708 ἐπιθυ-

508 1745 555 1797 si
597 1744 870 1798 formosos
901 1744 1080 1798 vultus
1106 1759 1214 1797 non
1238 1744 1500 1814 inquires,
1520 1744 1566 1799 si
1589 1744 1855 1798 theatrum
1877 1741 2075 1810 iniqui-

2182 1743 2303 1812 μίας
2323 1743 2704 1814 ἀναπτομένης
2728 1759 2744 1773 ·
2777 1744 2890 1797 ἀλλ’
2907 1743 2973 1798 ἂν
3006 1744 3080 1816 μὴ
3111 1745 3174 1797 σὺ
3197 1745 3297 1814 τὴν
3328 1744 3496 1812 φλόγα
3519 1744 3729 1814 ἀνάψεις.

507 1835 635 1890 tatis
666 1836 1080 1902 nonaceendes,
1113 1849 1213 1888 nec
1257 1834 1490 1903 dapibus
1530 1849 1749 1890 carnem
1780 1831 2077 1901 saginabis,

507 1944 612 1984 nec
637 1929 902 1982 rationem
926 1928 1052 1981 vino
1085 1928 1391 1996 demerges,
1423 1942 1531 1983 non
1559 1938 1806 1996 assurgat
1838 1925 2078 1986 ﬂatnma,

509 2033 616 2070 non
664 2016 1063 2070 intractabilior
1127 2014 1240 2069 fera
1293 2018 1421 2080 flet,
1474 2031 1584 2070 non
1640 2013 2078 2077 disturbabitur;

503 2108 665 2176 quasi
687 2107 994 2161 furentibus
1016 2107 1214 2171 ventis,
1239 2108 1406 2161 animi
1425 2108 1669 2162 castitas.
1699 2107 1886 2160 Hoenc
1925 2103 2080 2168 satis,

504 2199 748 2268 inquies,
800 2209 860 2252 ut
905 2198 1123 2253 flamma
1157 2200 1364 2268 peccati
1419 2199 1647 2253 vitetur?
1693 2198 1940 2262 minime,
1989 2193 2082 2250 sed

509 2300 726 2360 oportet
782 2300 838 2344 et
882 2291 988 2344 alia
1031 2291 1260 2360 insuper
1308 2290 1468 2359 adjici
1504 2308 1516 2344 :
1547 2289 1822 2345 continuae
1872 2300 2081 2357 preces,

507 2391 824 2438 sanctorum
874 2383 1236 2448 consuetudo,
1285 2382 1492 2452 aliquot
1534 2381 1811 2435 interdum
1851 2380 2082 2450 jejunia,

509 2474 742 2543 simplex
789 2475 1004 2528 vivendi
1059 2490 1254 2544 genus,
1300 2475 1626 2529 necessariae
1674 2473 2080 2543 occupationes,

510 2565 928 2633 praesertimque
978 2564 1072 2617 Dei
1123 2573 1323 2628 metus,
1371 2563 1540 2618 futuri
1579 2564 1770 2634 judicii
1815 2562 2078 2617 memoria

511 2662 568 2708 et
610 2656 923 2710 mercedum
979 2670 1102 2725 qure
1147 2656 1313 2726 justis
1353 2656 1639 2725 desponsa:
1686 2655 1929 2710 fuerunt.
1969 2653 2084 2710 Hoc

511 2761 610 2816 per
633 2747 814 2801 omnia
849 2762 1108 2801 vesanam
1135 2747 1301 2800 animi
1335 2747 1837 2816 concupiscentiam
1859 2760 2082 2816 compe-

511 2853 664 2892 scere
699 2846 754 2892 et
781 2837 1110 2892 [luctuosum
1147 2854 1299 2892 mare
1321 2837 1539 2892 frenare
1563 2839 1794 2907 poteris.

2176 1835 2276 1889 οὐκ
2301 1836 2514 1906 αἴρεται
2547 1839 2579 1908 ἡ
2613 1837 2864 1907 κάμινος,
2895 1837 2962 1891 ἂν
2992 1837 3065 1907 μὴ
3095 1839 3308 1907 τροφὴν
3346 1836 3626 1908 παράσχῃς
3672 1841 3730 1906 τῇ

2179 1925 2300 1998 ὕλῃ,
2331 1926 2397 1980 ἂν
2429 1927 2502 1998 μὴ
2539 1927 2637 1990 τὰς
2667 1927 2979 1998 εὐμόρφους
3001 1928 3152 1994 ὄψεις
3188 1928 3550 1998 περιεργάσῃ,
3581 1927 3641 1980 ἂν
3668 1928 3732 1997 μὴ

2179 2014 2410 2086 θέατρον
2479 2017 2832 2088 παρανομίας
2889 2016 3204 2087 ἁναϐαίνῃς,
3279 2016 3344 2069 ἂν
3404 2016 3478 2088 μὴ
3537 2016 3733 2087 πιαίνῃς

2177 2110 2357 2176 τρυφῇ
2407 2107 2506 2178 τὴν
2569 2109 2768 2180 σάρκα,
2809 2109 2874 2164 ἂν
2936 2107 3010 2180 μὴ
3057 2107 3464 2179 καταποντίζῃς
3506 2109 3624 2178 οἴνῳ
3657 2109 3734 2162 τὸν

2180 2197 2461 2268 λογισμὸν,
2522 2200 2621 2252 ούκ
2671 2203 2888 2270 αἴρεται
2937 2204 2969 2274 ἡ
3016 2200 3182 2268 φλὸξ,
3241 2202 3310 2253 ού
3349 2201 3554 2270 γίνεται
3590 2199 3735 2269 χαλεὲ

2180 2288 2426 2358 πώτερον
2481 2289 2541 2342 τὸ
2597 2291 2808 2361 θηρίον,
2872 2293 2944 2345 οὐ·
2983 2293 3338 2364 διατέμνεται
3373 2291 3612 2361 καθάπερ
3645 2290 3736 2342 ὑπὸ

2179 2379 2504 2448 πνευμάτων
2547 2380 2757 2451 ἀγρίων
2781 2382 2881 2453 τῆς
2908 2381 3144 2444 διανοίας
3169 2381 3231 2434 τὸ
3265 2380 3522 2452 καθαρόν.
3567 2381 3738 2452 Ἀρκεῖ

2177 2463 2270 2520 οὖν
2308 2468 2498 2535 ταῦτα,
2528 2473 2687 2541 φησὶ,
2722 2473 2860 2542 πρὸς
2884 2472 2946 2525 τὸ
2970 2473 3258 2542 διαφυγεῖν
3293 2474 3391 2545 τὴν
3444 2471 3609 2541 φλόγα
3651 2470 3736 2540 τῆς

2179 2562 2483 2632 άμαρτίας;
2503 2566 2602 2618 οὐκ
2628 2567 2806 2638 ἀρκεῖ⁶
2825 2568 2959 2622 ἀλλὰ
2978 2568 3056 2620 δεῖ
3072 2570 3163 2622 καὶ
3175 2568 3348 2640 ἕτερα
3376 2565 3734 2638 προστεθῆναι,

2187 2657 2499 2727 προσευχὰς
2551 2657 2852 2728 διηνεκεῖς,
2908 2661 3077 2728 ἁγίων
3129 2661 3458 2724 συνουσίαν,
3505 2659 3735 2728 νηστείαν

2189 2745 2520 2819 σύμμετρον,
2559 2750 2770 2805 δίαιταν
2797 2751 2969 2822 λιτὴν,
3003 2753 3268 2822 ἀσχολίας
3300 2751 3613 2821 ἀναγκαίας·
3642 2745 3737 2818 πρὸ

2184 2836 2294 2890 τῶν
2341 2839 2518 2893 ἄλλων
2582 2842 2867 2909 ἁπάντων,
2917 2842 3024 2896 -τοῦ
3081 2844 3217 2897 Θεοῦ
3279 2844 3368 2898 τὸν
3417 2843 3600 2912 φόϐον,
3650 2839 3736 2909 τὴν

511 2930 815 3001 μέλλουσαν
857 2931 1062 3000 κρίσιν,
1093 2930 1192 2994 τὰς
1220 2931 1554 2995 ἐπαγγελίας
1588 2931 1696 2984 τῶν
1713 2929 1970 2999 ἀγαθῶνο
2007 2928 2092 2983 διὰ
2137 2929 2342 2986 τούτων
2400 2929 2619 2990 πάντων
2668 2936 2895 2990 δύνασαι
2967 2936 3274 3006 χαλινῶσαι
3327 2936 3427 3008 τὴν
3476 2933 3738 2988 λυσσῶσαν

510 3021 806 3092 ἐπιθυμίαν
843 3023 938 3076 καὶ
984 3024 1179 3092 στῆσαι
1217 3025 1316 3090 τὴν
1353 3023 1758 3094 κυμαινομένην
1783 3022 2077 3076 θάλασσαν.

510 3133 834 3203 QU/ESTIO
869 3137 1052 3193 C(IXC
1093 3137 1282 3210 [CoisL
1336 3133 1556 3192 CCCI“.
1600 3137 1764 3191 Taur.
1807 3135 2080 3209 CCXCII].

691 3248 710 3281 ι
745 3229 984 3286 Clamavi
1030 3231 1099 3283 ad
1153 3242 1220 3296 te,
1251 3231 1490 3294 Domine,
1527 3231 1721 3283 exaudi
1753 3245 1852 3283 me.
1885 3247 1903 3281 ι

2738 3135 3074 3188 ΕΡΩΤΗΣΙΣ
3099 3136 3210 3201 Σιί.

2199 3245 2216 3280 ι
2253 3228 2446 3296 Κύριε,
2477 3225 2775 3294 ἐκέκραξα
2812 3227 2962 3294 πρὸς
3001 3226 3107 3294 σὲ,
3139 3227 3514 3281 εὶσὰλιουσόν
3552 3241 3681 3293 μου.
3716 3239 3733 3272 ι

1185 3340 1329 3391 Edita
1359 3356 1387 3390 a
1413 3341 1536 3391 Maio
1560 3342 1616 3402 (l.
1641 3355 1683 3390 c.
1711 3356 1762 3404 p.
1797 3342 1905 3403 147,
1936 3356 1984 3403 q.
2018 3341 2148 3403 500).
2170 3366 2231 3377 -——
2262 3342 2317 3390 In
2353 3339 2481 3389 Psal.
2513 3355 2623 3398 ch,
2656 3340 2680 3389 1
2708 3342 2901 3404 (Graece
2933 3341 3084 3403 exu).
3148 3396 3152 3400 ν

583 3423 711 3479 Haec
750 3423 916 3490 hujus
965 3423 1158 3494 psalmi
1203 3425 1349 3478 dicta
1390 3439 1598 3489 euntes,
1653 3437 1710 3479 ut
1761 3427 1835 3479 ita
1879 3425 2078 3486 dicam,
2109 3433 2150 3488 ο

514 3519 716 3582 sciunt,
758 3525 814 3569 et
846 3525 958 3570 tota
1000 3518 1109 3568 vita
1156 3515 1481 3580 conciuunt;
1522 3531 1718 3570 sensus
1765 3526 1944 3570 autem
1983 3515 2082 3569 ali-

514 3617 650 3678 quot
698 3605 989 3661 verborum
1031 3621 1127 3660 eus
1173 3606 1334 3659 fallit.
1387 3603 1543 3670 Quod
1601 3606 1669 3660 iis
1718 3622 1826 3660 non
1893 3605 2082 3660 leviter

513 3697 960 3768 exprobrandum
1012 3706 1118 3753 est.
1163 3696 1376 3751 Etenim
1423 3698 1555 3767 quid
1609 3706 1694 3753 est
1739 3698 1884 3752 aliud
1917 3713 2078 3768 quam

514 3791 748 3859 psallere
777 3799 889 3845 toto
912 3791 1022 3854 die,
1046 3791 1139 3846 sed
1170 3807 1238 3845 ue
1267 3791 1435 3846 semel
1464 3791 1683 3862 quidem
1721 3791 1913 3860 psalmi
1957 3806 2053 3844 seu

515 3897 639 3936 smn
675 3883 993 3951 requirere?
1031 3882 1278 3952 Namque
1323 3883 1426 3938 hoc
1467 3893 1550 3938 est
1589 3883 1835 3954 segnitiei
1890 3893 1944 3938 et
1993 3899 2056 3938 so

516 3976 720 4030 cordia:
768 3990 1043 4030 summum
1089 3975 1352 4031 continuo
1384 3978 1680 4046 psalmum,
1708 3992 1737 4029 a
1782 3976 2082 4045 puerilibus

515 4068 675 4123 anuis
723 4067 788 4121 ad
838 4067 1084 4120 ultimam
1134 4077 1464 4122 senectutem
1499 4069 1552 4121 in
1587 4084 1687 4123 usu
1730 4068 1948 4132 habere;
1984 4085 2084 4122 nec

514 4157 662 4214 aliud
705 4168 1064 4227 prmterquam
1117 4159 1281 4213 verba
1320 4174 1486 4214 sensu
1530 4161 1772 4214 carentia
1817 4161 2082 4214 memoria

515 4259 722 4316 tenere,
772 4260 972 4305 tectum
1005 4266 1170 4320 prope
1221 4255 1536 4304 thesaurum
1579 4253 1838 4317 assidere,
1869 4267 2084 4306 crume—

515 4357 753 4412 namque
784 4341 1124 4410 obsignatam
1179 4340 1560 4408 circumferre,
1609 4357 1710 4398 nec
1750 4359 2081 4412 quemquam

515 4433 602 4487 vel
651 4432 973 4486 curiositate
1024 4431 1227 4500 impelli
1264 4441 1323 4486 ut
1373 4433 1673 4505 scit-etquo
1718 4433 1936 4488 demum
1969 4434 2082 4488 haec

514 4524 679 4580 verba
724 4533 1057 4594 Spectat-ent.
1100 4524 1352 4582 Attamen
1385 4541 1453 4579 ne
1498 4525 1602 4580 hoc
1641 4527 1857 4597 quidam
1886 4526 2079 4582 dicas:

515 4617 864 4686 perspicuum
895 4617 1187 4686 quemdam
1229 4632 1322 4672 eos
1356 4618 1449 4672 tali
1495 4627 1711 4684 torpore
1749 4618 1993 4674 affecisse
2024 4626 2083 4673 ut

516 4721 762 4775 quaerere
815 4707 1130 4761 omitterent
1171 4710 1314 4779 quod
1358 4709 1412 4763 in
1455 4722 1706 4780 promptu
1761 4724 1910 4770 esset
1956 4731 2081 4770 cum

2253 3423 2456 3476 Τούτου
2485 3423 2579 3477 τοῦ
2603 3423 2821 3493 ψαλμοῦ
2863 3424 2933 3477 τὰ
2967 3425 3065 3495 μὲν
3110 3426 3338 3495 ῥήματα
3375 3424 3625 3486 ἅπαντες,
3674 3423 3738 3484 ὠς

2187 3516 2382 3579 εἰπεῖν,
2408 3515 2575 3580 ῖσασι,
2608 3516 2704 3567 καὶ
2731 3515 2819 3568 διὰ
2849 3516 3027 3584 πάσης
3057 3516 3278 3585 ἡλικίας
3306 3514 3602 3568 διατελοῦσι
3622 3513 3738 3582 ψάλ-

2185 3605 2386 3668 λοντες,
2417 3604 2514 3678 τὴν
2537 3606 2592 3660 δὲ
2624 3607 2860 3660 διάνοιαν
2887 3609 3043 3660 ἐνίων
3063 3608 3170 3660 τῶν
3193 3610 3505 3679 εἰρημένων
3537 3604 3738 3674 ἁγνοοῇ-

2189 3716 2273 3750 σιν
2300 3713 2314 3728 °
2349 3699 2486 3768 ὅπερ
2523 3699 2584 3751 οὐ
2619 3698 2814 3769 μικρὸν
2839 3702 2916 3761 εἰς
2943 3701 3280 3769 κατηγορίας
3307 3700 3464 3770 λόγον
3492 3715 3510 3732 ⁶
3537 3697 3737 3764 ψάλλειν

2191 3790 2290 3859 μὲν
2349 3790 2471 3844 καθ’
2499 3791 2734 3861 ἡμέραν,
2775 3790 2898 3861 μηδ’
2926 3790 3073 3855 ἅπαξ
3103 3793 3148 3844 δ’
3176 3793 3514 3864 ἐπιζητῆσαι
3565 3789 3737 3861 μαθεῖν

2187 3881 2280 3932 τὸν
2328 3879 2452 3934 νοῦν
2503 3881 2611 3933 τῶν
2665 3882 3016 3954 ψαλλομένων
3048 3900 3062 3915 ·
3113 3883 3208 3936 καὶ
3259 3885 3370 3953 γὰρ
3409 3882 3629 3944 νωθείας
3655 3878 3736 3931 καὶ

2189 3971 2516 4042 χαυνότητος
2575 3973 2828 4044 ἐσχάτης,
2878 3975 2967 4028 διὰ
3021 3976 3226 4040 παντὸς
3260 3977 3350 4030 τὸν
3398 3975 3606 4046 ψαλμὸν
3654 3973 3735 4025 καὶ

2188 4062 2252 4113 ἐκ
2302 4059 2524 4132 πρώτης
2558 4062 2771 4132 ἡλικίας
2813 4065 2890 4127 είς
2932 4065 3158 4134 ἔσχατον
3201 4068 3382 4136 γῆρας
3419 4062 3734 4134 μελετῶντας

2188 4153 2476 4219 διατελεῖν,
2503 4156 2572 4208 τὰ
2601 4157 2821 4226 ῥήματα
2856 4157 3013 4226 μόνον
3045 4159 3256 4222 εἰδότας
3279 4159 3462 4230 ἔρημα
3487 4155 3734 4214 διανοίας·

2190 4247 2286 4300 καὶ
2345 4247 2771 4316 παρακαθῆσθαι
2829 4247 3088 4320 θησαυρῷ
3149 4250 3613 4317 συνεσκιασμένῳ,
3655 4241 3737 4295 καὶ

2191 4334 2478 4405 βαλάντιον
2509 4338 2828 4407 περιφέρειν
2867 4340 3305 4409 ἐσφραγισμένον
3334 4357 3348 4371 ο
3383 4339 3476 4393 καὶ
3507 4337 3620 4391 οὐδὲ
3647 4331 3738 4386 ὑπὸ

2190 4430 2725 4500 πολυπραγμοσύνης
2775 4431 3102 4502 παρωξύνθη
3142 4450 3226 4496 τις
3280 4433 3492 4503 μαθεῖν,
3522 4431 3571 4482 τί
3620 4425 3735 4478 ποτέ

2189 4519 2304 4572 ἐστι
2342 4520 2717 4589 τὸλεγόμενον
2751 4539 2766 4554 ο
2799 4523 2973 4578 καίτοι
3006 4541 3069 4592 γε
3102 4525 3222 4577 οὐδὲ
3281 4526 3458 4576 ἐκεῖνο
3505 4524 3642 4574 ἐστιν
3666 4518 3734 4569 εί-

2189 4613 2333 4676 πεῖν,
2356 4613 2438 4665 ὅτι
2470 4614 2650 4683 σαφής
2665 4631 2749 4677 τις
2775 4614 2852 4667 ὢν
2882 4617 3090 4680 πάντας
3114 4618 3194 4680 είς
3219 4617 3387 4670 ὕπνον
3412 4616 3583 4686 ἤγαγε
3608 4626 3622 4642 ο
3650 4607 3733 4662 καὶ

2187 4700 2287 4753 οὐκ
2347 4702 2525 4771 ἀφῆκε
2579 4704 2813 4775 ζητῆσαι
2844 4707 2904 4761 τὸ
2958 4708 3264 4778 προχείρως
3321 4708 3608 4778 κείμενονο
3654 4701 3734 4754 καὶ

521 4798 835 4867 inexplicito
860 4799 943 4853 vir
970 4815 1226 4854 sermone
1250 4801 1320 4855 sit
1347 4801 1572 4859 idoneus
1600 4805 1787 4859 leviter
1806 4807 2078 4862 dormien-

2188 4791 2296 4861 γάρ
2318 4794 2464 4847 ἐστιν
2493 4796 2707 4867 ἀσαφὴς
2737 4799 2831 4852 καὶ
2861 4799 3042 4863 ἱκανὸς
3082 4799 3345 4870 διεγεῖραι
3373 4799 3464 4852 τὸν
3518 4796 3588 4867 μὴ
3617 4791 3732 4863 σφό-

517 4887 662 4942 tibus
706 4889 1030 4958 excitandis,
1076 4906 1177 4945 nec
1213 4890 1352 4947 alios
1405 4893 1604 4949 excitet
1631 4911 1791 4965 quam
1825 4897 1919 4966 qui
1955 4898 2080 4953 dor-

515 4979 714 5036 miunt.

518 5089 846 5156 ρυΑςεΤιο
873 5094 1074 5152 CCXCI
1102 5095 1290 5169 [CoisL
1313 5097 1535 5154 CCCIV.
1572 5097 1733 5155 Taur.
1779 5100 2072 5174 CCXCHI].

523 5202 541 5234 ι
563 5181 690 5239 Voce
713 5202 824 5240 mea
841 5189 910 5240 ad
939 5188 1220 5246 Dominum
1250 5191 1474 5244 clamavi
1483 5207 1628 5253 ,voce
1653 5207 1767 5245 mea
1789 5191 2077 5247 Dominum

1037 5262 1342 5328 deprecatus
1375 5277 1512 5314 sum.
1526 5280 1544 5313 ι

2183 4883 2285 4953 δρα
2319 4885 2671 4956 καθεύδοντα,
2707 4891 2907 4961 μᾶλλον
2939 4892 2994 4946 δὲ
3026 4893 3234 4946 καὶτὸν
3272 4891 3613 4946 καθεύδοντα.

2654 5111 2990 5167 ΕΡοΤΗΣιΣ
3031 5116 3188 5183 me.

2189 5221 2207 5252 ι
2237 5201 2410 5272 Φωνῆ
2415 5221 2536 5274 μου
2559 5204 3270 5278 πρύςλΚύριον-ἐκέκραξα,
3282 5203 3454 5278 φωνῇ
3468 5221 3584 5275 μου
3599 5199 3733 5272 πρὸς

2637 5276 2855 5342 Κύριοι·
2902 5276 3178 5345 ἐδεήθην.
3207 5295 3226 5328 ι

1187 5375 1328 5426 Edita
1347 5390 1375 5424 a
1405 5376 1528 5426 Maio
1563 5377 1617 5439 (l.
1652 5391 1694 5426 c.
1722 5391 1772 5440 p.
1806 5378 1911 5439 H7,
1943 5393 1993 5442 q.
2020 5383 2216 5444 5οη-
2245 5387 2302 5437 Ῑιι
2332 5389 2460 5440 Psal.
2483 5404 2609 5452 cm,
2634 5392 2657 5440 1
2685 5393 2878 5455 (Graece
2905 5395 3075 5457 cun).

586 5476 732 5533 Duas
768 5478 858 5534 hic
885 5480 1110 5536 virtutes
1141 5481 1419 5548 docemur,
1448 5483 1784 5539 fortitudinis
1816 5497 2079 5542 constan-

519 5570 672 5634 tiam,
698 5573 1150 5643 eogitationisque
1175 5575 1570 5630 ordinationem
1595 5593 1608 5640 ;
1637 5587 1894 5645 praeterea
1927 5579 2076 5635 l‘sal-

515 5664 692 5720 mistae
732 5666 894 5722 verba
947 5668 1165 5723 tertium
1206 5667 1351 5723 aliud
1394 5668 1698 5737 signiticant
1733 5686 1745 5723 :
1776 5685 1885 5725 non
1931 5674 2074 5731 enim

2257 5494 2362 5547 Δύο
2422 5497 2658 5550 ἐνταῦθα
2701 5499 2903 5568 ἀρετάς
2954 5501 3313 5571 μανθάνομεν,
3349 5499 3412 5552 τό
3442 5515 3500 5550 τε
3530 5495 3729 5548 εὔτονον

2185 5585 2283 5656 τῆς
2319 5587 2645 5658 προθυμίας,
2675 5591 2735 5643 τό
2764 5609 2820 5644 τε
2859 5597 3285 5666 συντεταγμένον
3331 5595 3431 5662 τῆς
3477 5590 3724 5650 διανοίας,

2185 5678 2279 5732 καὶ
2312 5678 2496 5749 ἕτερον
2525 5681 2658 5752 πρὸς
2683 5681 2890 5749 τούτοις
2918 5687 2976 5740 τὸ
3005 5688 3166 5742 αὑτοῦ
3195 5683 3334 5741 εἶναι
3378 5684 3472 5756 τὴν
3506 5684 3680 5751 φωνήν
3706 5693 3720 5709 ·
