3904 6218
255 306 394 372 119.5

1129 308 1229 365 AD
1259 300 1851 365 AMPHILOCIIIUM
1889 296 2239 369 QUIESTID
2268 296 2781 359 CCXC-CCXCIII.

3367 299 3503 363 119.6

234 423 297 474 οὐ
348 420 458 487 γὰρ
511 417 715 480 πάντες
773 416 898 469 οὕτε
934 418 1085 485 φωνῇ
1143 415 1361 486 βοῶσιν,
1398 416 1523 467 οὔτε
1566 413 1702 483 πρὸς
1728 413 1815 463 τὸν

1926 422 2120 461 omnes
2154 422 2328 474 neque
2366 423 2497 461 voce
2540 408 2796 471 clamant,
2825 423 3001 478 neque
3031 408 3273 478 propria,
3325 424 3503 477 neque

233 513 389 576 Θεὸν,
408 511 533 565 οὔτε
559 514 623 582 τῇ
651 510 847 581 οἰκείᾳ·
876 510 957 563 δεῖ
972 509 1027 563 δὲ
1052 508 1271 562 ἅπαντα
1293 507 1465 560 ταῦτα
1497 504 1775 558 συνελθεῖν
1796 519 1812 533 ·

232 605 261 657 ὁ
285 602 408 656 κατ’
438 602 650 673 ἐχθρῶν
668 601 806 671 βοῶν
826 600 926 653 οὐκ
955 598 1245 669 ἀνθρώπου
1275 596 1460 666 φωνὴν
1490 599 1814 665 προήσεται,

233 694 371 747 ἀλλὰ
396 691 587 765 θηρίου
623 695 715 746 καὶ
737 693 913 761 ὄφεως
936 707 948 722 ’
985 693 1013 744 6
1051 688 1333 761 ῥᾳθυμῶν,
1371 689 1467 740 καὶ
1501 686 1576 756 μὴ
1602 685 1817 739 ἀκούων

232 777 309 837 ὧν
335 784 505 851 λέγει,
536 782 596 835 ού
627 782 763 852 πρὸς
792 782 884 834 τὸν
913 780 1048 834 Θεὸν
1071 780 1189 851 βοᾷ,
1221 778 1338 831 ἀλλ’
1362 778 1485 847 είκῆ
1516 778 1609 830 καὶ
1635 776 1817 846 μάτην

234 876 533 945 φθέγγεται
568 890 582 903 ’
611 877 639 927 6
671 875 744 946 μὴ
778 875 1060 945 διεγείρων
1092 874 1189 943 τὴν
1220 872 1482 936 διάνοιαν,
1502 871 1606 925 κᾶν
1640 871 1815 941 μεγά-

232 969 299 1023 λα
322 970 522 1039 κράζη,
550 967 712 1022 πάλιν
740 962 895 1030 οὗτος
916 968 976 1020 οὐ
1006 968 1124 1038 βοᾷ·
1156 968 1339 1037 φωνὴν
1361 966 1490 1035 γὰρ,
1513 964 1589 1039 ὡς
1620 964 1818 1017 πολλοὶ⁴

230 1079 322 1125 κις
350 1061 521 1131 ἔφθην
563 1059 755 1124 είπὼν,
787 1061 847 1113 οὐ
881 1061 973 1113 τὸν
994 1059 1147 1112 τόνον
1174 1058 1325 1127 λέγει
1358 1057 1452 1111 τοῦ
1482 1058 1813 1127 πνεύματος,

230 1154 369 1207 ἀλλὰ
400 1153 499 1224 τὴν
544 1151 989 1223 συντεταγμένην
1023 1150 1265 1205 διάνοιαν
1288 1166 1301 1179 ·
1336 1150 1454 1206 ἀλλ’
1485 1151 1585 1221 οὐχ
1619 1150 1811 1212 οὓτως

226 1247 368 1300 ἀλλὰ
420 1248 490 1300 τὰ
540 1247 670 1318 τρία
720 1246 892 1300 ταῦτα
940 1247 1199 1314 συνάγειο
1230 1246 1310 1300 ὅτι
1363 1263 1425 1298 τε
1481 1246 1672 1315 φωνεῖ,
1721 1242 1815 1298 καὶ

228 1341 369 1411 πρὸς
399 1339 491 1392 τὸν
514 1339 667 1404 Θεὸν,
698 1341 793 1393 καὶ
830 1342 896 1411 τῇ
928 1341 1123 1393 ἑαυτοῦ
1152 1342 1304 1413 φωνῇ
1337 1356 1351 1372 ⁸
1387 1339 1479 1392 διὰ
1505 1339 1663 1393 τοῦτο
1688 1339 1812 1393 δεύ-

225 1450 387 1503 τερον
420 1434 551 1503 φησί
581 1450 593 1462 ·
638 1453 656 1485 ι
693 1435 846 1503 Φωνῇ
882 1451 1004 1503 μου,
1034 1432 1130 1487 καὶ
1162 1435 1313 1504 φωνῇ
1346 1448 1473 1502 μου.
1506 1450 1526 1483 ι

754 1524 1095 1577 ΕΡΩΤΗΣΙΣ
1128 1522 1289 1591 me.

306 1619 370 1674 Τί
394 1619 524 1672 ἐστι
554 1618 641 1684 τὸ,
672 1636 690 1669 ι
719 1620 1039 1688 Εὑλόγ-ησε
1061 1614 1310 1686 niaxan
1335 1617 1441 1671 τὸν
1468 1617 1647 1672 Δαϐίδ
1660 1635 1683 1687 ;
1716 1637 1735 1670 ι

1923 499 1989 551 ad
2034 496 2241 562 Deum;
2294 507 2512 566 oportet
2559 507 2739 550 tamen
2783 498 2898 552 haec
2940 499 3040 551 tria
3088 513 3193 552 una
3221 498 3357 551 fieri.
3396 498 3501 564 Qui

1922 587 2187 642 adversus
2217 588 2403 643 hostes
2443 590 2667 651 clamat,
2697 605 2805 643 non
2834 590 3126 644 humanam
3157 606 3344 646 vocem
3374 608 3500 661 pro-

1920 681 2040 746 mit,
2082 680 2176 735 sed
2207 678 2339 734 fera:
2386 686 2442 734 et
2472 681 2765 749 serpentis.
2798 679 2901 746 Qui
2936 682 3212 752 negligens
3254 692 3359 748 est,
3398 698 3500 737 nec

1920 772 2073 827 audit
2102 773 2233 842 quid
2276 773 2445 837 dicat,
2472 789 2580 828 non
2612 774 2677 827 ad
2713 772 2886 828 Deum
2918 775 3137 837 clamat.
3170 776 3265 830 sed
3297 786 3499 831 temere

1918 873 1972 918 et
2000 863 2278 917 incassum
2305 864 2570 933 loquitur.
2596 862 2701 930 Qui
2729 879 2841 919 non
2863 865 3241 936 expergefacta
3290 875 3494 927 mente,

1917 957 2022 1011 etsi
2061 956 2411 1011 vehementer
2458 955 2811 1023 vociferetur,
2859 974 3055 1012 rursus
3112 959 3201 1012 ille
3234 974 3344 1012 non
3383 961 3495 1013 cla-

1918 1058 2052 1103 mat.
2086 1047 2250 1103 Vocis
2280 1049 2452 1115 enim,
2498 1056 2559 1104 ut
2582 1049 2693 1118 jam
2729 1048 2996 1114 dictitavi,
3029 1065 3138 1103 non
3176 1052 3371 1105 mentis
3418 1061 3496 1103 le-

1918 1158 2108 1195 uorem
2158 1142 2381 1207 indicat,
2435 1141 2531 1197 sed
2569 1142 2800 1199 usitatas
2850 1144 2975 1198 terit
3006 1159 3186 1199 voces.
3225 1143 3345 1197 Non
3398 1160 3498 1198 au-

1918 1230 2024 1290 tem
2086 1237 2166 1291 sic
2230 1235 2506 1307 Propheta
2567 1238 2661 1307 qui
2729 1224 2846 1293 haec
2910 1238 3011 1292 tria
3073 1238 3494 1309 complectitur,

1916 1330 2229 1399 clamatque
2259 1330 2325 1383 ad
2374 1329 2566 1394 Deum,
2614 1339 2668 1384 et
2701 1332 2921 1401 propria
2950 1332 3123 1399 ipsius
3154 1348 3320 1399 voce;
3359 1349 3497 1403 qua-

1916 1426 2140 1492 propter
2172 1422 2255 1475 his
2278 1422 2552 1475 exclamat
2583 1442 2597 1476 :
2633 1442 2651 1473 ι
2686 1408 2830 1477 Voce
2856 1439 2996 1485 mea.
3030 1441 3161 1478 voce
3190 1442 3332 1509 nica.
3368 1445 3385 1476 ι

2115 1502 2448 1582 ρυᾹῐὸΤιΟ
2476 1508 2705 1571 CCXCII
2735 1515 2928 1589 [σοῖσι.
2971 1515 3135 1573 Taur.
3161 1502 3319 1592 (illi).

1954 1611 2095 1678 Quid
2124 1613 2297 1668 valeat
2323 1610 2419 1666 hoc
2457 1615 2668 1740 νει-δῖοι
2696 1633 2788 1739 {div
2807 1616 3099 1671 Gratulata
3130 1629 3205 1671 est
3244 1606 3467 1674 Male/toi

2630 1703 2711 1740 avi
2764 1727 2776 1739 .
2815 1706 2834 1739 ι

2630 1703 2787 1740 avia!
2815 1706 2834 1739 ι

999 1822 1140 1873 Edita
1170 1838 1196 1871 a
1229 1824 1351 1873 Maio
1383 1823 1442 1887 (Ι.
1483 1836 1527 1871 3.
1560 1836 1610 1885 p.
1646 1819 1779 1883 148).
1812 1848 1875 1859 --
1905 1820 2199 1883 Explanatio
2230 1824 2280 1872 in
2314 1822 2358 1873 ΙΙ
2387 1822 2515 1886 Reg.
2546 1836 2615 1882 Vl,
2644 1824 2723 1871 20.

295 1939 373 1991 Τὸ
398 1938 474 2001 δὲ,
508 1938 828 2005 Εὺλόγησε
861 1935 1108 2004 Μελχὸλ
1155 1936 1266 1988 τὸν
1296 1934 1473 1988 Δαϐὶδ
1496 1974 1512 1997 ,
1544 1932 1817 2002 λαμϐάνει
1850 1946 1892 2001 Β

224 2034 331 2105 μὲν
357 2033 449 2084 καὶ
475 2033 538 2083 ἐκ
574 2030 671 2100 τῆς
701 2029 1107 2099 προειρημένης
1136 2024 1490 2091 ἀναπτύξεως
1518 2026 1579 2079 τὸ
1615 2029 1805 2093 σαφές·

219 2127 347 2181 ἀντὶ
372 2123 481 2193 γὰρ
506 2124 600 2176 τοῦ
631 2121 1051 2187 ἐξουδένωσεν
1078 2124 1296 2192 εἴρηται
1320 2136 1335 2151 ⁸
1369 2121 1652 2191 ἀλλότριον
1702 2120 1811 2192 γὰρ

220 2218 403 2271 ἐδόκει
434 2218 494 2269 τὸ
534 2216 755 2285 γύναιον
788 2213 1070 2284 βασιλικοῦ
1101 2215 1454 2284 φρονήματος
1488 2214 1583 2267 καὶ
1619 2215 1811 2282 ὄγκου,

220 2312 411 2380 χοροῖς
449 2308 544 2360 καὶ
582 2307 956 2377 σκιρτήμασιν
986 2306 1347 2376 ἐνδιατρίϐειν
1369 2322 1382 2336 ο
1410 2305 1527 2359 ἀλλ’
1557 2305 1691 2358 αὐτὸ
1714 2307 1812 2375 μὲν

218 2401 385 2454 τοῦτο
412 2399 473 2452 τὸ
498 2399 741 2470 χορείαις
771 2398 846 2469 μὴ
880 2398 1393 2468 συγκαταφέρεσθαι
1418 2397 1511 2451 τόν
1560 2397 1810 2467 βασιλέα,

220 2495 329 2547 οὐκ
358 2491 775 2554 ἀνεπισκέπτως
806 2491 1077 2559 ἐλογίζετο
1108 2492 1141 2561 ἡ
1165 2489 1260 2543 τοῦ
1286 2490 1459 2543 Σαοὺλ
1486 2490 1809 2561 θυγάτηρ...

221 2586 288 2639 τὸ
311 2585 367 2637 δὲ
394 2584 535 2637 θεῖον
566 2583 732 2636 πόθον
761 2581 1208 2651 ἐπιδεικνύμενον
1237 2582 1333 2634 ἐπὶ
1367 2581 1621 2635 τοσοῦτον
1672 2582 1815 2635 ἁλῶ-

223 2695 320 2731 ναι
343 2676 420 2747 τῷ
450 2676 615 2746 ἔρωτι
658 2673 753 2727 τοῦ
798 2674 1138 2743 ποθουμένου
1187 2674 1341 2727 ἐνίκα
1367 2675 1465 2744 τῆς
1498 2674 1814 2742 γυναικείας

225 2770 446 2841 φύσεως
497 2768 597 2839 τὴν
661 2768 904 2836 γνῶσιν⁹
950 2767 1046 2821 καὶ
1103 2767 1403 2836 ἁγνοοῦσαν
1465 2768 1717 2839 διήλεγχε
1744 2770 1815 2821 τὰ

226 2864 434 2931 κέντρα
469 2861 564 2914 τοῦ
598 2859 887 2913 Δαυῖτικοῦ
946 2859 1139 2915 πόθου,
1173 2860 1636 2931 Ἐπισημαίνεται
1670 2861 1813 2914 δὲτὸ

227 2955 475 3024 Γράμμα
500 2954 561 3005 τὸ
591 2953 755 3024 ἱερὸν,
784 2952 861 3016 ὡς
890 2954 1074 3023 μήτηρ
1106 2954 1205 3006 οὐκ
1241 2954 1619 3023 ἐχρημάτισεν
1670 2953 1812 3025 α’ύτη

226 3047 472 3109 παιδίου,
507 3046 607 3116 τῆς
662 3046 758 3098 ἐπὶ
804 3045 882 3115 τῷ
934 3045 1099 3098 Δαϐὶδ
1152 3044 1351 3115 χλεύης
1396 3046 1815 3115 ἀπαγγέλλουσα

225 3140 329 3208 τὴν
378 3138 534 3207 δίκην
561 3154 575 3166 '
606 3138 826 3206 ἀφίεται
870 3136 927 3189 δὲ
968 3139 1001 3207 ἡ
1040 3137 1254 3206 Μελχὸλ
1312 3139 1389 3201 εὶς
1421 3137 1521 3208 τὴν
1569 3139 1814 3209 περὶτοῦ

229 3231 400 3284 Δαϐὶδ
428 3231 820 3300 κατενεχθῆναι
843 3229 1066 3300 χλεύην,
1084 3229 1248 3299 ἡνίκα
1277 3229 1433 3301 δίκην
1462 3230 1816 3299 χρεωστοῦσα

1994 1931 2121 1987 Haec
2153 1931 2385 1986 ΜείεΙιοι
2426 1932 2703 2003 gratulata
2733 1941 2812 1985 est
2846 1931 3017 1990 David
3046 1933 3205 2001 plana
3260 1944 3390 1989 sunt
3430 1951 3497 1990 ex

1915 2024 2001 2079 bis
2033 2040 2155 2095 qua:
2186 2042 2347 2096 supra
2384 2026 2709 2091 docuimus;
2738 2024 2899 2078 verba
2934 2025 3081 2079 enim
3114 2024 3350 2093 despexit
3378 2043 3499 2080 eum

1915 2118 1972 2171 in
1989 2118 2150 2171 corde
2176 2134 2271 2171 suo
2310 2119 2391 2173 sic
2415 2118 2757 2189 interpretati
2797 2133 3010 2173 sumus.
3042 2116 3234 2172 Mulier
3259 2118 3497 2173 alienum

1920 2227 1951 2265 a
1988 2213 2137 2280 regia
2174 2212 2441 2282 gravitate
2480 2221 2534 2266 et
2585 2210 2876 2280 majestate
2918 2211 3152 2265 ducebat
3212 2227 3397 2283 regem
3441 2214 3499 2268 iu

1915 2305 2101 2359 choris
2129 2316 2185 2358 et
2211 2304 2599 2359 saltationibus
2647 2304 2881 2359 versari.
2914 2302 3033 2359 Hoc
3071 2305 3249 2375 ipsum
3298 2307 3500 2362 choros

1916 2411 2027 2450 non
2059 2398 2255 2452 decere
2305 2412 2512 2468 regem,
2552 2413 2658 2452 non
2719 2398 3033 2453 inconsulto
3064 2400 3341 2468 cOgitabat
3390 2399 3498 2453 tilia

1918 2478 2052 2544 saul
2082 2529 2097 2543 .
2133 2528 2147 2542 .
2172 2529 2187 2542 .
2212 2530 2226 2544 .
2260 2507 2275 2557 ;
2311 2490 2554 2546 divinum
2574 2507 2704 2545 vero
2734 2492 3068 2547 desiderium
3102 2493 3271 2562 quod,
3305 2501 3500 2562 captus

1916 2598 2106 2637 amore
2136 2582 2329 2646 David,
2361 2595 2469 2637 tam
2501 2584 2857 2639 vehementer
2888 2586 3285 2653 declaraverat,
3330 2586 3499 2656 hujus

1917 2675 2171 2729 mulieris
2202 2685 2456 2729 naturam
2495 2685 2549 2730 et
2588 2687 2823 2731 utentem
2857 2677 3185 2746 superabat;
3238 2678 3502 2747 ignorau-

1920 2775 2027 2820 tem
2065 2767 2347 2837 redarguit
2396 2767 2643 2823 fervidus
2701 2767 2927 2823 Davidis
2960 2784 3133 2823 amor.
3178 2768 3410 2823 Docetur
3443 2769 3499 2821 in

1919 2858 2091 2913 sacris
2122 2857 2427 2927 Scripturis
2453 2858 2683 2915 Melchol
2712 2876 2994 2930 nunquam
3046 2863 3237 2916 matris
3282 2859 3503 2915 nomine

1919 2961 2169 3003 vocatam
2207 2966 2349 3017 esse,
2416 2955 2607 3022 sicque
2664 2953 3008 3007 nuntiavisse
3042 2969 3148 3022 qua
3200 2953 3503 3009 afﬁceretur

1918 3055 2082 3110 pmna
2110 3057 2210 3110 pro
2237 3042 2418 3098 allatis
2453 3044 2507 3097 in
2547 3044 2803 3099 Davitlem
2835 3044 3123 3099 conviciis.
3166 3043 3504 3114 Repudiatur

1919 3134 2153 3190 Melchol
2216 3154 2338 3207 quae
2388 3137 2652 3193 Davidem
2729 3139 2997 3203 irriserat,
3066 3149 3122 3195 et
3175 3155 3273 3210 pro
3325 3142 3505 3195 exsol-

1923 3228 2097 3283 venda
2132 3244 2315 3298 pcena,
2343 3230 2611 3301 deinceps
2648 3247 2759 3286 non
2794 3234 2972 3302 parit:
3005 3232 3293 3288 sterilitate
3320 3243 3503 3287 autem

226 3324 513 3394 ἀπαιτηθῇ
550 3324 661 3394 ⁷τὴν
716 3324 977 3376 ἀπαιδίαν
1011 3340 1025 3353 ⁶
1051 3324 1366 3377 ἁπαιτεῖται
1415 3324 1473 3377 δὲ
1498 3323 1595 3395 τὴν
1639 3326 1811 3378 ἅπαις-

1923 3321 2159 3376 aflicitur
2189 3338 2257 3377 ne
2287 3323 2581 3394 quisquam
2608 3340 2639 3378 e
2677 3326 2887 3379 semine
2919 3320 3059 3378 Saul
3088 3326 3140 3379 in
3169 3327 3377 3395 regiam
3408 3341 3507 3395 po-

223 3420 370 3484 δίαν,
406 3418 495 3471 ἵνα
536 3417 727 3486 μηδεὶς
764 3418 827 3469 ὲκ
856 3416 951 3469 τοῦ
986 3417 1305 3486 σπέρματος
1349 3418 1484 3487 ὅπερ
1532 3418 1813 3485 ἀπεφύετο

224 3511 329 3565 τοῦ
359 3508 531 3561 Σαοὺλ
561 3507 657 3560 τοῦ
694 3507 976 3578 βασιλικοῦ
1017 3508 1259 3578 διάδοχος
1302 3507 1612 3578 ἀξιώματος
1643 3528 1813 3564 κατα-

227 3605 337 3673 στῇ
357 3618 369 3630 ·
400 3601 479 3654 ἔτι
503 3600 558 3653 δὲ
584 3601 669 3653 ἵνα
702 3600 775 3671 μὴ
813 3601 999 3663 στάσις
1031 3600 1126 3653 καὶ
1157 3601 1315 3667 φόνος
1349 3601 1444 3654 τοῦ
1468 3618 1527 3654 τε
1553 3601 1612 3666 ἐξ
1641 3604 1811 3672 αὐτῆς

228 3695 664 3767 προεληλυθότος
692 3696 787 3745 καὶ
814 3694 924 3745 τῶν
975 3692 1034 3759 ἐξ
1074 3693 1276 3763 ἑτέρων
1318 3693 1590 3761 γυναικῶν
1624 3696 1812 3762 ἐπιγε-

225 3788 474 3857 γονότων
503 3784 834 3856 διαπραχθῇ.

761 3876 1099 3931 crurum:
1128 3873 1282 3943 ΣιΓ.

407 3973 623 4026 Διατίό
661 3970 840 4025 Δαϐὶδ
881 3970 948 4025 τὸ
992 3970 1182 4039 ἑροὺδ
1215 3974 1633 4040 περιεϐιί.1ετο;

1925 3420 2176 3467 testatem
2204 3415 2553 3483 succederet,
2590 3425 2684 3471 aut
2712 3415 2979 3472 factiones
3000 3427 3056 3472 et
3081 3418 3375 3473 homicidia
3411 3434 3507 3487 per

1923 3504 2046 3573 ejus
2090 3506 2267 3561 lilium
2299 3549 2314 3574 ,
2366 3510 2616 3581 aliosque
2655 3528 2721 3567 ex
2766 3512 2891 3567 aliis
2942 3512 3268 3570 mulieribus
3306 3513 3507 3568 liberos

1924 3611 2221 3656 OI'II'CIIIUI‘.

2112 3874 2447 3956 oua‘asno
2494 3868 2743 3945 CCXCIII
2775 3888 2962 3977 [CoisL
3004 3889 3170 3945 Taur.
3199 3892 3336 3964 cr].

2228 3981 2338 4035 Cur
2366 3978 2540 4034 David
2573 3983 2643 4034 sit
2673 3983 2942 4037 accinctus
2976 3982 3160 4051 Ephod
3192 3987 3218 4040 ?

786 4112 932 4164 Edita
960 4127 987 4161 a
1020 4112 1143 4161 Maio
1176 4112 1231 4174 (l.
1254 4126 1297 4161 c.
1330 4126 1379 4175 p.
1405 4114 1515 4175 148,
1538 4129 1588 4177 q.
1610 4115 1742 4176 505).
1776 4145 1815 4154 -

1923 4147 1924 4152 η
1950 4120 1992 4170 ΙΙ
2024 4120 2149 4183 Reg.
2173 4134 2238 4181 γι,
2278 4122 2356 4181 tt;
2384 4122 2404 4171 Ι
2436 4121 2729 4186 Paralipom.
2754 4135 2838 4182 xv,
2870 4120 2948 4171 27.

301 4224 535 4296 Εἴρηται
570 4224 628 4276 δὲ
673 4224 756 4277 ὅτι
807 4222 901 4276 ἐπὶ
931 4222 1027 4274 τοῦ
1057 4220 1218 4273 Δαυῒδ
1237 4261 1252 4285 ,
1284 4221 1481 4290 ὲιρούδο
1512 4223 1686 4276 καίτοι
1712 4224 1811 4277 οὐκ

220 4320 353 4387 ἐξὸν
382 4318 531 4381 αὑτῷ
562 4315 802 4377 εὐσεϐῶς
834 4313 1037 4384 βιοῦντι
1078 4314 1265 4383 ἱερέως
1294 4312 1486 4384 στολὴν
1519 4315 1813 4385 περιϐαλέ-

224 4414 396 4465 aliain
431 4408 567 4461 ἀλλὰ
602 4409 732 4477 περὶ
759 4406 949 4459 τούτου
991 4407 1106 4459 τισὶ
1144 4405 1243 4477 μὲν
1271 4405 1503 4476 ἐρρήθη,
1530 4406 1606 4468 ὡς
1662 4408 1815 4460 ἐπει-

1993 4226 2209 4283 Dictum
2266 4237 2349 4284 est
2390 4228 2646 4285 Davidem
2678 4229 2868 4299 Ephod
2913 4231 3158 4286 induisse
3188 4233 3337 4302 quod
3373 4235 3501 4289 huic

1922 4322 2108 4389 utpote
2130 4321 2340 4391 integra
2375 4322 2483 4376 vita
2514 4332 2622 4377 n0n
2677 4318 2892 4378 licebat.
2930 4308 3045 4377 [lac
3071 4324 3139 4379 de
3173 4340 3230 4378 re
3267 4326 3359 4380 alii
3396 4327 3502 4381 alia

1920 4422 2276 4467 censuerunt.
2298 4413 2554 4467 Samuele
2595 4414 2805 4468 scilicet
2832 4425 3071 4478 mortuo,
3112 4414 3343 4485 ejusque
3373 4402 3519 4471 filiis.

221 4504 295 4573 δὴ
328 4501 581 4572 Σαμουὴλ
608 4501 708 4569 μὲν
741 4498 978 4561 ἀπεϐίω,
1011 4501 1060 4552 οί
1085 4498 1143 4552 δὲ
1178 4499 1369 4552 τούτου
1399 4498 1586 4561 παῖδες
1614 4499 1810 4568 ἐξητά-

1923 4505 1975 4557 ἰιι
2003 4504 2214 4557 crimen
2239 4500 2480 4569 vocatis,
2515 4514 2576 4558 ut
2621 4514 2901 4574 oporteret
2928 4506 3267 4560 sacerdotem
3314 4494 3522 4574 arcam

222 4599 389 4662 ζοντο
417 4595 474 4645 ἐν
496 4593 718 4657 αἰτίαις,
747 4591 853 4644 ἔδει
875 4591 933 4643 δὲ
966 4592 1116 4661 ἱερέα
1147 4590 1247 4660 τῆς
1281 4590 1516 4644 κιϐωτοῦ
1546 4590 1641 4644 τοῦ
1675 4590 1811 4643 Θεοῦ

222 4684 699 4757 προ-πορεύεσθαι,
732 4685 828 4738 καὶ
858 4685 959 4736 οὐκ
978 4680 1048 4753 ἦν
1077 4685 1107 4736 6
1135 4684 1233 4752 τὴν
1265 4684 1571 4754 ὑπηρεσίαν
1607 4684 1813 4753 ταύτης

223 4778 560 4851 ἠξιωμένος,
581 4777 641 4841 ἐξ
673 4777 919 4846 ἀνάγκης
948 4777 977 4827 6
1003 4776 1251 4846 βασιλεὺς
1278 4776 1376 4845 τὴν
1404 4775 1660 4846 τοιαύτην
1683 4778 1817 4829 ἁνα-

224 4875 447 4943 δέχεται
513 4870 878 4939 λειτουργίαν,
934 4870 1031 4923 ἆτε
1075 4868 1141 4937 δὴ
1189 4868 1287 4921 καί
1346 4869 1454 4921 τῶν
1500 4868 1815 4936 ἀλλοφύλων

225 4968 332 5037 τὴν
393 4964 626 5017 κιϐωτὸν
687 4962 849 5021 αὐτὸς
904 4959 1249 5028 ἀνενεγκών·
1282 4959 1362 5013 διὸ
1415 4960 1511 5013 καὶ
1564 4960 1815 5031 χρησμὸν

229 5062 413 5114 ἀνεῖλε
440 5058 502 5111 τὸ
532 5056 695 5125 ὲφοὺδ
722 5056 881 5124 νίκην
923 5056 1396 5125 ἐπαγγελλόμενον
1424 5055 1502 5126 τῷ
1542 5056 1760 5126 Ἰσραήλ
1796 5070 1811 5084 ·

229 5154 329 5207 καὶ
372 5152 470 5222 τὴν
518 5151 676 5220 νίκην
705 5151 732 5201 ὀ
761 5148 924 5202 Δαυῒδ
961 5149 1249 5219 ἀνατίθησι
1287 5148 1365 5217 τῷ
1408 5149 1526 5218 Θεῷ
1563 5163 1577 5176 ⁸
1616 5149 1729 5216 ἅμα
1759 5148 1816 5200 δὲ

227 5242 727 5313 οὐδ’ἁτιμάζοντος
787 5239 855 5312 ἦν
902 5241 1063 5294 τοῦτο
1111 5243 1210 5311 τὴν
1264 5240 1545 5311 ἱερατικὴν
1601 5240 1816 5304 στολὴν,

230 5337 373 5392 ἀλλὰ
403 5335 775 5406 σεϐαζομένου
804 5335 896 5387 καὶ
929 5335 1026 5403 τῆς
1048 5335 1131 5387 ὅτι
1158 5333 1392 5404 μάλιστα
1416 5333 1579 5402 τιμῆς
1605 5331 1819 5395 ἀξιοῦν-

234 5446 362 5491 τος’
398 5428 614 5481 ἐδείκνυ
644 5428 753 5495 γὰρ
773 5426 840 5480 δι’
874 5419 949 5479 ὧν
974 5428 1057 5488 εἰς
1077 5426 1293 5493 ἐκείνην
1320 5425 1685 5492 κατέφευγεν,
1717 5425 1817 5492 ὅση

233 5526 498 5594 ὠφείλετο
522 5528 636 5587 τοῖς
660 5524 735 5585 ῶς
761 5522 979 5593 ἀληθῶς
1004 5521 1240 5591 ἱερεῦσιν
1267 5523 1300 5591 ή
1330 5521 1465 5591 τιμή
1487 5539 1502 5553 ·
1525 5513 1598 5573 ὧν
1629 5522 1663 5591 ἡ
1697 5537 1819 5572 στο-

235 5620 305 5691 λὴ
333 5620 411 5689 τῷ
447 5618 656 5689 βασιλεῖ
701 5617 858 5683 δόξαν
904 5632 961 5667 τε
990 5616 1081 5667 καὶ
1111 5615 1268 5682 νίκην
1300 5615 1395 5667 καὶ
1420 5613 1691 5682 τοσαύτην
1717 5615 1819 5683 χά-

238 5730 328 5782 ριν
387 5711 659 5783 προξενεῖ.
708 5709 847 5763 Ἀλλ’
885 5708 1029 5762 οὕτω
1062 5709 1161 5777 μὲν
1204 5708 1338 5760 ἔνιοί
1369 5724 1533 5777 φασιν
1565 5724 1579 5736 ο
1612 5707 1820 5775 ἑτέροις

234 5805 296 5857 δὲ
321 5805 470 5858 δοκεῖ
503 5804 575 5875 μὴ
605 5803 667 5856 ἄν
692 5821 821 5857 ποτε
854 5801 1269 5871 κατατολμῆσαι
1290 5800 1381 5855 τὸν
1408 5800 1630 5871 βασιλέα
1657 5799 1821 5854 Amici

1916 4596 2012 4650 Dei
2035 4596 2368 4666 praecedere,
2394 4612 2459 4651 ac
2477 4612 2638 4652 nemo
2658 4598 2946 4653 tantiesset
2963 4599 3251 4653 ministerii
3275 4598 3496 4669 dignus,
3520 4592 3523 4595 ’

1915 4704 1980 4743 ex
2008 4690 2340 4744 necessitate
2381 4705 2563 4761 regem
2591 4690 2695 4745 hoc
2725 4690 2908 4745 oflicio
2938 4690 3192 4745 functum
3227 4706 3372 4756 esse,
3401 4692 3496 4759 qui

1916 4781 1985 4836 ab
2018 4782 2212 4837 alienis
2275 4784 2533 4853 gentibus
2589 4798 2770 4837 arcam
2811 4784 2929 4853 ipse
2979 4783 3261 4839 retulerat.
3316 4785 3499 4851 Quare

1918 4873 2107 4943 Ephod
2164 4874 2313 4945 quod
2356 4874 2484 4931 ﬁliis
2536 4877 2703 4931 Israel
2738 4876 3031 4930 victoriam
3057 4877 3352 4932 nuntiabat
3408 4880 3498 4932 in-

1917 4968 2033 5021 duit
2064 4985 2077 5033 ;
2107 4969 2275 5023 David
2307 4970 2473 5039 igitur
2513 4969 2800 5023 victoriam
2830 4970 2897 5023 ad
2935 4968 3105 5023 Deum
3136 4972 3305 5025 refert
3332 4989 3348 5038 ;
3386 4987 3496 5025 non

1920 5069 2101 5113 autem
2130 5060 2233 5115 hoc
2262 5072 2381 5115 erat
2411 5063 2607 5116 stolam
2644 5062 3045 5117 contemnentis
3079 5062 3497 5127 sacerdotalem,

1922 5151 2014 5203 sed
2057 5152 2373 5205 venerantis
2439 5162 2493 5205 et
2547 5166 2668 5205 eam
2712 5167 2877 5220 quam
2942 5152 3165 5207 maximi
3217 5152 3495 5207 facientis.

1919 5241 2157 5311 Apparet
2185 5245 2329 5298 enim
2358 5261 2420 5298 ex
2446 5245 2514 5299 iis
2536 5246 2629 5315 qui
2662 5246 2728 5300 ad
2750 5247 2889 5301 hanc
2914 5248 3107 5301 stolam
3136 5244 3498 5312 confugerunt

1919 5346 2160 5404 quantus
2200 5337 2492 5391 deberetur
2524 5354 2649 5391 vere
2696 5339 3077 5394 sacerdotibus
3123 5340 3321 5399 honor,
3357 5347 3497 5402 quo—

1922 5444 2044 5482 rum
2086 5431 2223 5484 stola
2254 5432 2363 5499 regi
2400 5432 2629 5499 gloriam
2661 5441 2715 5486 et
2745 5434 3026 5487 victoriam
3066 5444 3119 5486 et
3141 5439 3347 5483 tantam
3370 5440 3497 5493 gra-

1922 5523 2050 5575 tiam
2081 5524 2480 5592 suppeditabat.
2508 5525 2632 5578 ιιιιῑι)
2657 5542 2687 5579 a
2709 5525 3034 5595 quihusdam
3073 5523 3345 5584 dicuntur,
3373 5517 3496 5573 aliis

1922 5623 2103 5669 autem
2128 5616 2304 5684 placet
2330 5633 2611 5687 nunquam
2646 5636 2840 5672 ausum
2893 5617 3064 5671 fuisse
3099 5628 3280 5682 regem
3324 5610 3497 5665 David

1924 5708 2316 5763 sacerdotalem
2346 5710 2541 5764 stolam
2573 5711 2821 5771 induere,
2854 5707 2947 5763 sed
2997 5705 3171 5758 fuisse
3201 5704 3499 5770 quamdam

1923 5802 2201 5873 propriam
2239 5802 2460 5872 regibus
2502 5811 2729 5869 vestem,
2771 5800 2859 5856 cui
2902 5796 3289 5859 sacerdotalis
3344 5796 3499 5851 stolae
