3978 6218
482 181 616 246 1127

1632 186 1897 250 PHOTII
1927 186 2433 252 PATRIARCH/E
2473 193 2582 253 (ΞΡ.

3587 211 3717 277 119.8

470 317 770 374 cognomen
796 312 936 369 erat,
959 316 1192 374 eamque
1250 302 1348 358 illo
1380 312 1626 375 tempore
1657 319 1690 358 a
1728 318 1856 373 rege
1887 302 2041 358 Davit

2163 306 2445 398 ίερατικὴν
2484 311 2679 382 στολὴν
2731 315 3080 386 περιϐαλεῖν,
3106 319 3222 374 ἀλλ’
3267 317 3406 377 εἷναὶ
3439 339 3515 392 τι,
3547 329 3714 398 φασὶν,

472 395 724 451 indutam
757 394 950 452 fuisse.

2157 396 2690 473 ἁποκεκληρωμένον
2722 408 2836 472 τοῖς
2871 407 3185 479 βασιλεῦσιν
3221 396 3600 485 ἀμφιασμα,νὸ
3629 396 3721 476 καλι

469 497 602 552 αὐτὸ
625 495 785 568 ἔφερε
811 495 913 568 τὴν
934 494 1240 567 ὀνομασίαν
1267 497 1367 566 τῆς
1404 492 1688 565 ἱερατικῆς
1719 490 1934 562 στολῆς,
1951 490 2049 544 καὶ
2085 491 2245 548 τοῦτο
2305 501 2432 554 κατ’
2458 503 2636 557 έκεῖνο
2695 505 2890 578 καιροῦ
2926 508 3358 580 περιϐεϐλῆσθαι
3385 511 3482 568 τὸν
3507 515 3718 587 βασιλέα

467 588 948 753 MUiiiuztasrto
980 681 1232 740 ccxcw
1301 678 1493 752 ῐεοίείο
1529 677 1692 732 Tw"
1743 675 1906 748 ϐω

769 777 911 843 Quid
936 777 1135 847 faceret
1160 775 1335 828 Adam
1363 775 1419 827 in
1455 773 1710 842 paradiso
1743 776 1767 827 1’

2692 681 3026 738 sparum
3054 686 3208 755 ΣιιΑν.

2378 768 2441 822 Τί
2473 768 2767 839 ἔπραττεν
2799 773 2981 845 Ἀδὰμ
3025 776 3097 830 ἐν
3137 780 3522 851 παραδείσοις

947 890 1094 942 Edita
1123 906 1150 940 a
1182 889 1306 940 Maio
1329 890 1386 955 (ι.
1419 904 1463 941 c.
1497 905 1547 954 p-
1580 889 1770 953 ‘149,q.
1794 888 1927 950 σοι).
1955 893 2041 931 -ε

2147 887 2164 936 1
2193 887 2345 939 Adam
2377 893 2428 942 in
2457 892 2682 955 paradiso
2709 894 2906 947 fecerit.
2930 897 3054 949 Gen.
3082 913 3136 960 ιι,
3167 900 3246 951 15.

539 1004 596 1060 ln
660 1003 920 1076 paradiso
965 1004 1268 1059 collocatus
1323 1002 1521 1070 Adam,
1585 1018 1764 1073 neque
1812 1003 2048 1057 otiosam

468 1113 649 1169 neque
675 1098 901 1152 inertem
951 1097 1117 1151 vitam
1153 1097 1368 1167 agebat,
1404 1097 1499 1153 sed
1531 1095 1723 1151 virtuti
1760 1094 2047 1150 incumbe-

467 1190 581 1254 bat,
607 1198 661 1244 et
685 1189 754 1244 ad
777 1191 997 1243 virtutis
1022 1203 1184 1259 opera
1219 1203 1342 1245 sese
1371 1189 1681 1245 exercebat.
1742 1189 2047 1256 Quoniam-

469 1299 578 1356 que
611 1282 828 1338 virtutis
869 1290 1078 1346 custos,
1105 1289 1161 1335 et
1191 1279 1438 1335 omnium
1491 1295 1676 1335 rerum
1721 1281 1887 1347 hujus
1940 1279 2047 1334 loci

470 1375 804 1431 constitutus
828 1380 966 1439 erat,
998 1387 1029 1428 e
1062 1372 1322 1443 paradiso
1351 1373 1408 1428 in
1427 1373 1684 1428 exsilium
1708 1373 1914 1444 eiectus
1940 1381 2044 1427 est.

467 1469 526 1524 In
555 1467 734 1524 medio
778 1467 1032 1536 paradiso
1062 1474 1182 1521 erat
1220 1465 1406 1520 arbor.
1441 1465 1557 1532 Qua
1593 1468 1660 1520 de
1714 1482 1880 1522 causa
1936 1475 2056 1522 erat

464 1562 592 1621 vitat
622 1559 828 1614 arbor?
860 1558 959 1613 Est
988 1557 1113 1612 huic
1138 1558 1320 1612 arbori
1355 1573 1478 1611 cum
1508 1559 1673 1613 corde
1694 1561 1943 1628 qumdam
1977 1559 2051 1613 si-

466 1650 762 1717 militudo;
812 1648 1014 1703 etenim
1049 1657 1110 1702 ut
1159 1662 1256 1703 cor
1286 1648 1529 1703 medium
1569 1645 1624 1702 in
1675 1664 1902 1719 corpore
1930 1649 2050 1704 ani-

466 1740 596 1796 mali
625 1737 1002 1805 constituitur,
1038 1738 1119 1793 sic
1151 1737 1242 1792 illa
1281 1739 1406 1792 vitae
1436 1739 1606 1794 arbor
1644 1739 1698 1794 in
1729 1740 1908 1795 medio
1953 1755 2050 1808 pa-

465 1836 635 1892 radisi
663 1835 943 1890 crescebat
970 1850 986 1900 ;
1024 1834 1132 1898 vel,
1156 1834 1199 1890 si
1228 1833 1327 1888 tibi
1351 1835 1526 1905 placet
1559 1836 1821 1906 mysticus
1843 1850 2045 1901 sermo,

465 1943 683 1984 summa
750 1929 928 1984 virtus
983 1927 1241 1982 rationali
1295 1928 1494 1984 arbore
1559 1929 1815 1999 ﬁgurata,
1887 1929 2048 1998 quasi

466 2021 670 2084 media,
694 2035 911 2075 summo
959 2034 991 2074 e
1023 2026 1208 2074 monte
1238 2020 1294 2075 in
1329 2034 1550 2075 omnem
1581 2022 1747 2076 vitam
1803 2019 2044 2090 proﬂuit.

470 2110 653 2182 thue
679 2111 788 2166 vita
847 2109 1028 2166 medio
1053 2125 1085 2165 e
1117 2124 1350 2180 corpore
1422 2110 1646 2178 diﬂ‘usa,
1688 2126 1880 2167 omnes
1927 2111 2049 2166 ani-

466 2205 631 2260 malis
663 2212 847 2275 partes
869 2206 1022 2258 vivas
1053 2211 1109 2258 et
1137 2203 1512 2260 coalescentes
1543 2213 1712 2270 tenet,
1755 2206 1837 2260 sic
1867 2204 1960 2259 illa
1979 2220 2048 2260 ex

466 2298 651 2354 medio
701 2297 866 2352 veluti
895 2295 1054 2351 l‘onte
1093 2295 1318 2363 emissa,
1349 2311 1540 2353 omnes
1585 2298 1818 2354 virtutes
1854 2298 2047 2369 irrigat

465 2402 522 2445 et
543 2389 737 2445 nutrit.
753 2388 931 2459 Prope
963 2388 1313 2459 intelligerem
1351 2391 1603 2444 arborem
1625 2391 1749 2446 vita:
1776 2392 1829 2446 in
1871 2391 2048 2446 medio

463 2483 718 2552 paradiso
739 2481 999 2553 positam,
1033 2483 1162 2551 quia
1189 2480 1464 2549 Christus,
1499 2484 1606 2538 vita
1635 2497 1846 2552 nostra,
1869 2487 2046 2543 media

466 2573 524 2627 in
559 2581 705 2628 terra
742 2571 890 2627 cruci
924 2587 1023 2642 pro
1049 2572 1210 2626 nobis
1267 2572 1461 2628 alﬁxus
1513 2585 1620 2632 est.
1645 2575 1895 2650 Namque
1919 2583 2047 2638 huic

464 2665 614 2737 ligno
640 2664 786 2735 quod
834 2664 1074 2719 medium
1109 2666 1166 2718 in
1203 2667 1362 2720 terris
1387 2677 1525 2734 erat,
1580 2671 1728 2726 haud
1773 2673 2046 2732 absimilis

464 2773 602 2813 crux
637 2757 955 2813 dicitur.De
978 2758 1172 2812 arbore
1207 2758 1450 2814 scientia:
1481 2761 1610 2816 boni
1641 2775 1695 2818 et
1716 2765 1845 2820 mali
1880 2769 2045 2824 verba

465 2851 686 2922 quidem
712 2849 855 2906 facta
905 2858 1055 2918 sunt,
1083 2851 1270 2906 nullus
1301 2861 1485 2907 autem
1537 2853 1689 2911 locus
1735 2859 2045 2930 assignatus

467 2953 572 2999 est.
601 2943 720 3010 Qua
741 2944 807 2998 de
834 2943 1045 2999 causa?
1075 2943 1213 3010 Quia
1266 2945 1472 3000 malitia
1499 2946 1682 3003 locum
1717 2966 1822 3005 non
1859 2953 2041 3020 habet,

465 3036 562 3093 sed
583 3038 772 3092 virtuti
803 3037 1196 3107 propemodum
1224 3037 1498 3106 coliteret;
1540 3040 1738 3096 melius
1782 3058 1910 3100 vero
1938 3049 2046 3104 erit

467 3130 535 3184 de
565 3129 651 3184 his
678 3138 869 3199 postea
905 3129 1206 3198 disputare.

2234 1003 2323 1056 Ἐν
2353 1004 2411 1058 δὲ
2455 1005 2533 1078 τῷ
2562 1009 2877 1081 παραδείσῳ
2907 1011 3085 1076 τεθεὶς
3123 1013 3151 1065 ὁ
3194 1013 3365 1085 Ἀδὰμ
3416 1015 3516 1071 οὐκ
3562 1019 3723 1091 ἀργὸν

2150 1096 2272 1150 οὐδὲ
2320 1097 2606 1170 ἄπρακτον
2659 1103 3004 1159 ἐπολιτεύετο
3060 1105 3199 1176 βίον,
3232 1108 3349 1162 ἀλλ’
3381 1108 3582 1180 ἀρετῆς
3632 1114 3722 1184 μὲν

2151 1188 2493 1260 ἐπεμελεῖτο,
2517 1194 2630 1255 τοῖς
2674 1194 2730 1246 δὲ
2755 1198 2878 1248 κατ’
2905 1198 3078 1268 αὐτὴν
3127 1199 3310 1270 ἔργοις
3343 1201 3681 1272 ὲνησχολεῖτο
3705 1219 3720 1235 ⁶

2151 1280 2235 1333 διὸ
2271 1284 2367 1335 καὶ
2395 1284 2563 1354 ἡνίκα
2599 1285 2692 1339 τοῦ
2738 1287 2913 1356 φύλαξ
2953 1285 3091 1344 εἷναι
3126 1294 3228 1362 τῆς
3273 1293 3477 1363 ἀρετῆς
3507 1295 3600 1347 καὶ
3622 1296 3724 1349 τῶν

2150 1372 2451 1444 δεδομένων
2502 1377 2718 1449 ἐξέστη,
2755 1383 2851 1435 τοῦ
2902 1384 3236 1455 παραδείσου
3295 1387 3725 1460 τὴνύπερορίαν

2151 1468 2515 1542 κατεδικάσθη
2538 1487 2553 1501 ⁸
2589 1473 2752 1543 μέσον
2783 1474 2841 1527 δὲ
2900 1476 2996 1530 τοῦ
3037 1477 3371 1546 παραδείσου
3413 1478 3476 1532 τὸ
3528 1480 3678 1546 ξύλον
3706 1499 3721 1515 ο

2150 1558 2287 1613 διότι
2312 1561 2457 1634 ζωῆς
2502 1559 2570 1635 ἦν
2621 1564 2778 1630 ξύλον
2816 1583 2831 1597 ·
2864 1570 2960 1622 καὶ
3013 1568 3310 1639 ἀναλογίαν
3365 1573 3491 1628 τινὰ
3545 1573 3725 1646 ἐπέχει

2153 1653 2292 1721 πρὸς
2320 1656 2417 1726 τὴν
2444 1658 2669 1728 καρδίαν
2689 1677 2704 1692 ο
2745 1660 2937 1734 ὥσπερ
2968 1663 3060 1717 οῦν
3091 1664 3230 1738 αὕτη
3259 1667 3318 1720 ὲν
3355 1668 3511 1738 μέσῳ
3541 1669 3616 1740 τῷ
3637 1670 3725 1724 τοῦ

2157 1747 2299 1811 ζώου
2361 1750 2768 1824 καταϐέϐληται
2826 1755 3073 1826 σώματι,
3101 1755 3246 1811 οὕτω
3299 1759 3530 1814 κάκεῖνο
3593 1761 3728 1833 ζωῆς

2153 1841 2422 1913 ὑπάρχον,
2466 1843 2624 1909 ξύλον
2653 1846 2820 1917 μέσον
2852 1850 3193 1916 ἐπεφύτευτο
3238 1851 3334 1905 τοῦ
3370 1855 3725 1925 παραδείσου·

2149 1936 2199 1987 εί
2231 1935 2291 1988 δέ
2342 1953 2426 1989 σοι
2483 1937 2640 2006 φίλον
2674 1939 2769 1992 καὶ
2792 1941 2820 1994 6
2849 1942 3195 2011 ἀναγωγικὸς
3225 1943 3417 2014 λόγος,
3442 1948 3477 2018 ἡ
3509 1964 3729 2016 γενικω-

2148 2028 2307 2099 τάτη,
2348 2032 2534 2098 φασὶν,
2565 2033 2736 2104 ἁρετὴ
2769 2034 2828 2088 ἐν
2850 2034 2927 2105 τῷ
2955 2035 3159 2108 λογικῷ
3199 2036 3560 2111 θεωρουμένη
3592 2040 3729 2113 ζώῳ,

2148 2125 2337 2195 ὥσπερ
2366 2125 2475 2180 ἀπὸ
2511 2126 2684 2198 μέσης
2717 2127 2866 2192 τινὸς
2909 2129 3225 2201 ἀκρωρείας
3258 2131 3367 2185 ἐπὶ
3417 2135 3599 2187 πᾶσαν
3625 2132 3733 2188 δια·

2148 2219 2324 2288 χεῖται
2371 2217 2571 2288 πρᾶξιν
2601 2236 2615 2251 ο
2652 2219 2746 2273 καὶ
2779 2220 2902 2274 καθ’
2934 2220 2994 2274 ὃν
3020 2224 3224 2293 τρόπον
3256 2226 3291 2295 ὴ
3339 2225 3454 2296 ζωὴ
3482 2229 3546 2280 ὲκ
3577 2227 3735 2298 μέσου

2147 2307 2293 2372 τινὸς
2321 2308 2521 2380 χωρίου
2552 2311 2919 2382 προχεομένη,
2951 2315 3132 2368 πάντα
3162 2315 3232 2369 τὰ
3272 2333 3304 2369 τ
3327 2317 3388 2370 οῦ
3421 2316 3558 2383 ζώου
3605 2319 3735 2392 μέρη

2149 2399 2408 2468 ζωογονεῖ
2452 2417 2514 2453 τε
2567 2401 2663 2454 καὶ
2695 2401 2930 2473 συνέχει,
2966 2403 3110 2457 οὕτω
3142 2405 3238 2459 καὶ
3267 2407 3422 2480 αὕτη
3465 2411 3530 2462 ἐκ
3573 2410 3736 2481 μέσης

2146 2491 2293 2557 τινὸς
2330 2493 2494 2546 οἱονεὶ
2525 2494 2710 2564 πηγῆς
2761 2495 3030 2564 προϊοῦσα
3083 2495 3237 2565 ἄρδει
3263 2515 3329 2552 τε
3360 2501 3454 2554 καὶ
3486 2502 3729 2572 ἐκτρέφει

2148 2585 2243 2639 καὶ
2290 2584 2392 2649 τὰς
2425 2585 2838 2656 ὑποϐεϐηκυίας
2865 2589 3004 2660 αὐτῇ
3049 2587 3246 2654 λοιπὰς
3283 2593 3510 2663 ἀρετάς.
3545 2594 3730 2663 Ἐγγὺς

2146 2678 2194 2732 δ’
2222 2677 2289 2732 ἂν
2331 2680 2418 2748 εἴη
2465 2678 2720 2744 διανοεῖν,
2758 2680 2924 2748 μέσον
2958 2681 3214 2753 εἰρῆσθαι
3258 2684 3359 2738 τοῦ
3404 2686 3725 2756 παραδείσου

2146 2771 2208 2824 τὸ
2239 2772 2340 2843 τῆς
2381 2771 2528 2841 ζωῆς
2576 2771 2948 2841 πεφυτεῦσθαι
2995 2773 3173 2840 ξύλον,
3201 2775 3292 2830 ὅτι
3322 2778 3418 2831 καὶ
3447 2779 3725 2850 Χριστὸςή

2149 2863 2263 2933 ζωὴ
2311 2861 2468 2932 ἡμῶν
2497 2863 2556 2915 ἐν
2588 2863 2740 2933 μέσῳ
2767 2863 2866 2932 τῆς
2896 2866 2999 2936 γῆς
3019 2865 3112 2918 τὸν
3141 2866 3291 2938 ὑπὲρ
3315 2868 3475 2939 ἡμῶν
3520 2869 3728 2936 ἐδέξατο

2151 2955 2386 3026 σταυρόν
2412 2970 2426 2984 ⁸
2465 2957 2559 3010 καὶ
2611 2955 2721 3027 γὰρ
2753 2956 2834 3019 είς
2871 2956 2933 3010 τὸ
2973 2958 3311 3028 μεσαίτατον
3342 2963 3480 3032 φασὶ
3508 2962 3605 3031 τῆς
3631 2963 3728 3032 γῆς

2149 3049 2212 3101 τὸ
2234 3046 2520 3119 ζωηφόρον
2550 3046 2726 3115 ξύλον,
2757 3048 2850 3101 τὸν
2884 3049 3119 3122 σταυρὸν
3143 3053 3402 3125 παγῆναι
3435 3069 3451 3085 ⁸
3477 3055 3538 3109 τὸ
3565 3053 3618 3108 δὲ
3640 3052 3728 3119 ξύ-

2068 3144 2114 3202 C
2145 3143 2236 3196 λον
2283 3139 2377 3194 τοῦ
2417 3137 2707 3208 γινώσκειν
2741 3139 2908 3194 καλὸν
2946 3145 3042 3196 καὶ
3073 3145 3323 3217 πονηρὸν
3366 3145 3585 3219 εἴρηται
3617 3147 3727 3218 μὲν,

464 3221 641 3314 οὐδεὶς
666 3222 725 3276 δὲ
772 3221 952 3314 χῶρος
999 3221 1148 3292 αὐτῷ
1189 3223 1562 3280 ἀποτέτακται
1589 3243 1605 3259 ο
1637 3229 1780 3286 διατί
1808 3234 1976 3300 ;διότι
2011 3243 2044 3314 η
2083 3240 2254 3298 κακία
2283 3237 2468 3309 χῶραν
2527 3237 2628 3290 οὐκ
2662 3235 2800 3306 ἔχει,
2862 3237 3002 3293 ἀλλὰ
3048 3242 3117 3312 τῇ
3159 3241 3338 3314 ἀρετῇ
3397 3243 3733 3314 παρυφίστα·

464 3329 580 3369 ται·
614 3313 837 3384 ἄμεινον
887 3312 947 3365 δὲ
993 3313 1134 3383 μετὰ
1181 3313 1354 3368 ταῦτα
1400 3319 1530 3388 περὶ
1567 3320 1759 3378 τούτου
1805 3312 2151 3402 διαληπτέον.

635 3423 972 3493 ΩυΛΕΞΤΙΟ
1011 3425 1245 3481 CCXCV
1269 3425 1460 3498 [CoisL
1493 3430 1660 3488 Taur.
1703 3436 1886 3512 CVII].

709 3517 820 3574 Cur
851 3519 947 3572 sub
973 3534 1179 3590 vespere
1203 3521 1576 3578 immolaretur
1595 3543 1763 3598 agnus
1781 3533 1807 3586 Ρ

2665 3446 3003 3500 ΕΡΩΤΗΣιΣ
3059 3448 3231 3516 me.

2310 3537 2474 3592 Διατί
2523 3537 2673 3607 πρὸς
2721 3538 2990 3608 ἑσπέραν
3034 3540 3251 3598 ἐθύετο
3278 3546 3314 3599 ό
3344 3546 3584 3616 άμγός;

728 3631 874 3684 Edita
902 3646 930 3681 a
960 3632 1086 3683 Maio
1120 3633 1177 3698 (l.
1210 3647 1255 3684 c.
1288 3648 1338 3698 p.
1367 3636 1478 3702 149,
1497 3653 1547 3703 q.
1582 3641 1715 3704 505).
1748 3673 1812 3683 —
1842 3648 1917 3699 De
1949 3654 2185 3706 sacriﬁcio
2217 3657 2330 3718 agni
2363 3655 2671 3718 vespertino.
2698 3653 2855 3704 Exod.
2886 3671 2937 3715 ιι,
2961 3653 3011 3716 6;
3043 3655 3266 3709 Denter.
3299 3673 3405 3722 xw,
3435 3661 3485 3711 6.

537 3727 653 3784 Sub
680 3742 907 3798 vespere
936 3727 1324 3784 immolabatur
1351 3746 1545 3803 agnus,
1572 3735 1699 3804 quia
1721 3736 1892 3809 ﬁgura
1919 3753 2042 3800 erat
2083 3753 2092 3764 ‘

461 3820 577 3875 veri
607 3819 734 3889 agni
789 3821 1138 3891 pastorisque
1167 3821 1370 3878 Christi
1421 3826 1618 3881 nostri.
1649 3828 1733 3883 Ad
1776 3847 2037 3891 occasum

462 3913 569 3969 diei
604 3912 834 3968 Creator
858 3921 1045 3968 noster
1069 3929 1169 3984 pro
1217 3916 1375 3971 nobis
1399 3916 1760 3976 voluntariam
1806 3935 2037 3982 mortem

460 4003 621 4059 obiit.
669 4002 1057 4074 Praescriptum
1111 4015 1231 4062 erat
1278 4009 1612 4066 sacriﬁcium
1648 4013 1861 4082 oﬂ‘erri,
1907 4018 2035 4075 luna

463 4097 682 4168 plenam
715 4098 915 4166 [lucem
956 4098 1214 4156 habente.
1278 4101 1416 4157 Cum
1446 4113 1630 4160 autem
1665 4105 1916 4165 Salvator
1941 4127 2037 4183 ge-

456 4189 608 4244 neris
639 4189 814 4243 nostri
842 4203 952 4244 non
983 4189 1162 4246 solum
1192 4193 1357 4248 homo
1387 4195 1710 4265 appelletur,
1740 4201 1835 4255 sed
1865 4199 2033 4270 Deus,

454 4279 670 4336 lunaris
692 4281 912 4351 quidem
943 4282 1036 4336 lux
1062 4282 1235 4354 ﬁgura
1271 4285 1598 4354 divinitatis,
1631 4289 1824 4347 lunare
1850 4305 2034 4351 autem

453 4385 657 4443 corpus
683 4373 930 4444 corporis
959 4366 1528 4446 assumpti.Przeterea
1549 4389 1608 4436 nt
1633 4381 1762 4438 luna
1786 4386 2034 4456 quoties-

452 4477 673 4534 cunque
703 4464 968 4536 integram
993 4465 1170 4520 lucem
1211 4467 1405 4538 adepta
1425 4478 1534 4535 est,
1558 4473 1815 4532 universo
1833 4477 2036 4534 mundo

450 4555 563 4610 dux
592 4565 810 4628 praeest,
841 4558 1143 4629 eodemque
1172 4563 1334 4617 modo
1353 4561 1610 4620 Salvator
1644 4577 1850 4636 noster,
1887 4571 2034 4628 obita

2219 3745 2365 3817 Πρὸς
2393 3744 2635 3816 ἑσπέραν
2656 3744 2714 3798 δὲ
2741 3744 2930 3798 ἐθύετο
2959 3747 2986 3797 6
3019 3746 3220 3817 ἀμνὸς,
3253 3750 3342 3804 ὅτι
3391 3751 3567 3806 τύπον
3611 3769 3736 3821 προ-

2144 3836 2410 3908 διέγραφε
2434 3835 2532 3891 τοῦ
2561 3835 2818 3907 ἀληθινοῦ
2851 3836 3026 3906 ἀμνοῦ
3075 3839 3176 3892 καὶ
3207 3841 3478 3912 ποιμένος
3505 3841 3732 3914 Χριστοῦ

2143 3928 2240 3982 τοῦ
2263 3927 2397 3982 Θεοῦ
2425 3927 2583 3999 ήμῶν
2619 3943 2634 3959 ο
2665 3927 2759 3981 ἐπὶ
2799 3927 3032 3997 δυσμαῖς
3063 3929 3173 4000 γὰρ
3201 3931 3317 3986 τῶν
3347 3933 3564 3988 αίώνων
3587 3934 3678 3986 καὶ
3706 3933 3734 3986 6

2146 4020 2392 4092 πλάστης
2437 4020 2530 4075 τὸν
2569 4019 2709 4090 ὑπὲρ
2735 4019 2896 4091 ἡμῶν
2922 4021 3174 4076 ἑκούσιον
3220 4023 3440 4094 ὑπέστη
3473 4024 3731 4078 θάνατον·

2145 4112 2495 4186 πλησιφαοῦς
2516 4112 2574 4167 δὲ
2608 4113 2706 4182 τῆς
2739 4113 2972 4185 σελήνης
2999 4112 3170 4187 οὔσης
3202 4119 3528 4189 προσήγετο
3555 4119 3614 4171 τὸ
3643 4117 3734 4171 θῦ-

2145 4223 2222 4278 μα
2243 4224 2258 4238 ·
2297 4205 2421 4260 ἐπεὶ
2450 4207 2544 4261 καὶ
2580 4207 2609 4260 6
2637 4205 2729 4259 τοῦ
2757 4206 2948 4274 γένους
2977 4206 3137 4278 ἡμῶν
3163 4209 3368 4281 Σωτὴρ
3395 4212 3500 4266 οὐκ
3527 4211 3733 4281 ἄνθρω-

2138 4316 2241 4364 πος
2275 4299 2438 4371 μόνον
2484 4299 2882 4372 ἐχρημάτιζεν,
2909 4300 3047 4355 ἀλλὰ
3091 4303 3190 4355 καὶ
3219 4304 3361 4369 Θεός
3387 4322 3405 4339 ο
3438 4305 3537 4360 καὶ
3571 4305 3734 4358 τύπον

2139 4393 2237 4463 μὲν
2294 4395 2398 4462 τῆς
2449 4391 2717 4462 Θεότητος
2749 4393 2906 4464 φέρει
2929 4393 2991 4447 τὸ
3047 4395 3190 4463 φῶς,
3216 4397 3283 4450 τὸ
3307 4397 3368 4452 δὲ
3418 4397 3733 4468 σεληνιακὸν

2134 4480 2297 4552 σῶμα
2315 4481 2417 4551 τῆς
2444 4482 2886 4554 προσληφθείσης
2917 4485 3118 4557 σαρκός
3145 4504 3161 4519 ·
3201 4487 3352 4560 πλὴν
3376 4491 3569 4560 ἐπειδὴ
3599 4489 3734 4543 κατὰ

2131 4578 2232 4648 τὴν
2256 4577 2656 4648 κοσμογένειαν
2689 4578 2971 4652 ὁλοκλήρῳ
3002 4582 3142 4650 φωτὶ
3177 4584 3730 4657 καταλαμπομένηή

450 4659 648 4716 morte,
676 4661 872 4706 cuncta
924 4653 1257 4710 recreaverit
1313 4671 1376 4712 ac
1409 4657 1686 4728 refecerit,
1741 4663 1885 4719 haud
1924 4665 2030 4720 imo

2147 4671 2332 4743 πελήνη
2372 4671 2645 4743 λαμϐάνει
2676 4675 2778 4744 τὴν
2809 4675 3168 4745 προαγωγὴν,
3196 4679 3228 4731 6
3257 4678 3320 4732 δὲ
3345 4653 3461 4734 -τόῦ
3485 4653 3732 4750 Σεὲιτῆρθς

449 4741 646 4814 merito
679 4741 807 4797 luna
854 4751 985 4800 tunc
1041 4745 1302 4817 temporis
1353 4747 1424 4804 ab
1478 4764 1546 4805 eo
1598 4752 1691 4822 qui
1751 4755 2027 4825 sapienter

448 4831 635 4887 omnia
656 4833 819 4905 regit,
852 4834 1119 4907 integram
1153 4836 1329 4894 lucem
1359 4839 1621 4898 exhibere
1644 4843 1802 4912 jussa
1832 4856 1935 4904 est.

626 5113 957 5182 QUESTIO
986 5118 1235 5177 CCXCVI
1258 5122 1471 5195 [Coisl.,
1504 5126 1665 5183 Taur.
1687 5130 1847 5204 CIX].

445 5203 590 5274 Quid
616 5222 684 5262 ea:
698 5207 781 5262 Itis
795 5211 964 5265 verbis
987 5211 1420 5337 int_ellige:%um’c
1433 5215 1637 5276 Ponam
1653 5203 1837 5276 arcum
1852 5241 2026 5284 meum

1055 5297 1112 5337 In
1141 5299 1212 5337 nu
1251 5303 1268 5337 ι
1307 5291 1396 5337 us.‘
1433 5306 1450 5337 ι

1055 5291 1112 5337 in
1141 5291 1409 5340 nubibus?
1433 5306 1450 5338 ι

2134 4763 2273 4834 ὑπὲρ
2301 4762 2397 4817 τοῦ
2428 4765 2620 4833 γένους
2655 4764 2885 4831 θάνατος
2916 4768 3225 4823 ἀνανέωσιν
3251 4789 3317 4826 τε
3365 4774 3466 4827 καὶ
3506 4771 3732 4827 ἀνακαί-

2133 4873 2276 4910 νισιν
2308 4857 2764 4929 ἐπραγματεύετο
2784 4860 2880 4914 τοῦ
2915 4861 3118 4926 παντὸς
3143 4901 3162 4928 ,
3198 4866 3441 4931 εἰκότως
3468 4868 3504 4938 ἡ
3534 4867 3728 4936 σελήνη

2131 4948 2193 5001 τὸ
2215 4948 2332 5018 φῶς
2351 4994 2364 5002 .
2386 4951 2658 5020 ἀμείωτον
2697 4955 2824 5007 κατ’
2855 4954 3031 5008 ἐκεῖνο
3075 4959 3291 5028 καιροῦ
3326 4960 3598 5032 παρέχειν
3629 4957 3728 5014 ὐπὸ

2130 5038 2225 5092 τοῦ
2259 5040 2438 5096 πάντα
2462 5041 2642 5110 σοφῶς
2662 5044 3076 5115 οίκονομοῦντος
3099 5047 3428 5123 ἀπετάχθη.

2643 5155 2980 5211 Epo'rnm
3005 5159 3188 5228 Σιιςν.

2129 5242 2191 5297 Τί
2224 5242 2378 5313 ἐστι,
2422 5263 2442 5298 ι
2480 5246 2657 5316 Θήσω
2696 5251 2762 5304 τὸ
2809 5250 2992 5318 τόξον
3019 5268 3146 5322 μου
3173 5255 3250 5311 ἐν
3278 5257 3357 5328 τῇ
3383 5259 3658 5330 νεφέλῃ,
3696 5276 3715 5310 ι

1149 5397 1351 5493 Editaa
1384 5399 1514 5493 maio
1531 5403 1589 5463 (ι.
1613 5417 1659 5454 c.
1691 5420 1742 5469 p.
1775 5407 1884 5471 150,
1915 5426 1967 5474 q.
1999 5417 2134 5482 506).
2157 5449 2220 5460 —
2252 5426 2544 5490 Explanatio
2575 5431 2626 5480 in
2657 5430 2780 5483 Gen.
2816 5446 2886 5493 ix,
2912 5433 2989 5486 l5.

515 5474 716 5536 Arcum
748 5478 805 5535 in
825 5481 1093 5548 nubibus,
1122 5485 1405 5554 gentilium
1422 5488 1516 5542 ﬁlii
1549 5493 1824 5560 quoddam
1853 5509 2016 5556 natu-

437 5567 554 5624 rale
587 5582 782 5642 putant
807 5589 966 5644 opus,
996 5576 1140 5644 quod
1164 5591 1346 5642 suam,
1379 5580 1520 5634 unde
1544 5584 1685 5639 solet
1707 5588 1876 5643 nubes
1892 5606 2017 5646 con-

434 5659 776 5720 stitntionem
814 5667 1012 5738 accipit
1043 5685 1060 5737 ;
1093 5668 1220 5726 divo
1253 5678 1435 5728 autem
1464 5671 1637 5746 Moysi
1682 5693 1948 5751 quantum
1983 5706 2014 5746 e

2199 5499 2357 5566 Τὸδὲ
2387 5517 2448 5568 ὲν
2470 5517 2535 5587 τῇ
2563 5517 2764 5588 νεφέλῃ
2787 5518 2944 5584 τόξον
2961 5517 3238 5591 Ἑλλήνων
3271 5523 3374 5592 μὲν
3404 5522 3591 5585 παῖδες
3611 5538 3710 5588 φυ-

2113 5600 2278 5653 σικόν
2334 5620 2388 5657 τι
2449 5605 2764 5675 νομίζουσιν
2795 5607 2980 5678 ἔργον,
3011 5609 3111 5662 καὶ
3137 5611 3238 5680 ἀφ’
3270 5606 3334 5666 οὗ
3378 5613 3595 5681 νεφέλαι
3620 5609 3709 5665 καὶ

2120 5691 2293 5762 ἥλιος,
2323 5695 2546 5753 κάκεῖνο
2577 5697 2678 5769 τὴν
2712 5697 2978 5754 σύστασιν
3005 5698 3286 5772 λαμϐάνει
3304 5720 3319 5737 ·
3352 5703 3430 5775 τῷ
3450 5704 3507 5758 δέ
3526 5721 3588 5772 γε
3617 5703 3704 5757 θε-
