3904 6218
230 207 360 276 1129

977 214 1074 276 AD
1119 213 1707 275 AMPHILOCHIUM
1745 212 2088 281 QUIESTIO
2121 212 2772 278 CCXCIV-CCXCVIII.

3324 214 3471 281 1130

226 330 428 399 σπεσίῳ
456 329 682 384 Μωῦσεῖ
708 330 832 384 ὅσον
856 330 963 384 ἀπὸ
986 334 1085 402 τῆς
1118 330 1226 383 τῶν
1250 330 1448 397 λέξεων
1471 330 1782 400 προφανοῦς

1901 330 2276 399 significatione
2311 329 2606 384 verborum
2640 331 2762 400 ejus
2791 328 3143 401 perspicuum
3186 339 3293 395 est,
3348 348 3457 387 non

228 419 499 489 σημασίας
521 419 620 473 οὐκ
658 420 831 474 ἐδόκει
857 421 1035 486 τοῦτο,
1071 421 1208 474 ἀλλά
1234 420 1531 491 σύγχρονΟν
1561 417 1701 474 εἶναι
1718 424 1786 491 τῇ

228 510 482 583 δεδομένῃ
502 510 761 583 διαθήκῃο
793 530 812 563 ι
872 511 1003 566 Ἰδοὺ
1048 510 1176 582 γὰρ,
1209 512 1367 581 φησὶ,
1393 512 1584 581 τίθημι
1607 511 1668 564 τὸ
1696 510 1789 563 τόο

175 618 179 625 ·
231 602 314 667 εον
372 620 474 673 μου
528 605 586 657 ὲν
627 607 695 674 τῇ
743 604 963 676 νεφέλῃ,
997 603 1072 665 ώς
1101 602 1197 656 νῦν
1243 601 1530 671 τιθεμένου
1566 602 1791 672 καὶτῆς

176 700 187 765 ᾖ
227 693 486 765 διαθήκης
518 694 945 765 χρηματίζοντος
972 693 1197 765 σημείου
1223 709 1238 726 ο
1273 713 1292 746 ο
1330 694 1486 747 οὐδὲν
1508 693 1565 747 δὲ
1588 693 1790 748 ἄτοπον

228 786 421 839 ἐννοεῖν
449 788 546 841 καὶ
583 788 801 856 φάσεως
824 787 922 858 μὲν
946 787 1199 857 ἀπαρχὴν
1242 784 1519 858 [ἀπαρχῆς
1541 784 1588 857 η
1618 801 1789 856 προσ-

230 876 385 948 ϐολὴν
416 872 558 931 εἶναι
583 878 645 932 τὸ
669 878 845 945 τόξον,
868 878 960 932 ἐπὶ
982 876 1273 948 βεϐαιώσει
1305 878 1363 931 δὲ
1387 878 1489 948 τῆς
1531 876 1670 947 πρὸς
1696 876 1791 930 τὸν

233 970 353 1025 Νῶε
386 970 652 1041 διαθήκης
701 971 761 1024 τὸ
815 971 967 1024 Θεῖον
998 970 1131 1024 αὐτὸ
1163 970 1610 1041 προσλαμϐάνειν
1634 986 1649 1001 ο
1680 964 1794 1024 οἷον

229 1062 303 1127 ῶς
326 1062 376 1116 εί
405 1062 677 1131 λέγοντες,
710 1063 793 1117 ὃτι
815 1063 922 1128 ἕως
955 1064 1024 1118 ἂν
1054 1063 1212 1117 τοῦτο
1238 1063 1466 1134 γένηται
1491 1065 1588 1118 καὶ
1613 1065 1649 1134 ἡ
1692 1063 1795 1133 φύ-

232 1170 313 1216 σις
351 1151 412 1205 τὸ
448 1153 646 1207 οίκεῖον
693 1154 1031 1225 προϐάληται
1081 1153 1264 1225 ἔργον,
1295 1155 1395 1209 οὐκ
1434 1154 1587 1208 ἔσται
1618 1172 1793 1209 κατα-

235 1242 493 1315 κλυσμόςο
536 1244 653 1297 καθ’
676 1243 712 1298 ἂ
741 1245 808 1299 άν
827 1263 910 1308 τις
935 1246 1100 1300 εἴποι*
1136 1246 1283 1309 Ἕως
1312 1245 1404 1301 οὖν
1427 1246 1789 1317 ἀνταναιρεθῇ

230 1337 264 1407 ἠ
290 1336 506 1407 σελήνη,
539 1337 634 1391 καὶ
662 1337 768 1400 ἕως
800 1338 869 1392 ἂν
902 1339 931 1391 6
954 1338 1109 1409 ἥλιος
1156 1339 1248 1392 τὸν
1288 1339 1537 1409 οὐράνιον
1575 1338 1793 1409 διατρέ-

232 1446 340 1498 χων
370 1428 534 1481 πόλον
577 1431 646 1482 τά
685 1428 904 1493 ἐπίγεια
944 1430 1170 1500 φωτίζει
1196 1447 1211 1461 ·
1243 1430 1380 1499 ὅπερ
1424 1430 1573 1482 ἐστίν
1596 1446 1613 1463 ο
1647 1430 1799 1489 Ἕως

231 1519 263 1587 ἡ
291 1517 452 1587 φύσις
476 1519 571 1573 τὸν
601 1521 799 1576 οἰκεῖον
826 1522 1019 1592 εἱρμὸν
1044 1520 1298 1585 διασώζει
1329 1520 1424 1576 καὶ
1466 1522 1605 1593 πρὸς
1637 1521 1793 1574 λύσιν

226 1609 287 1662 οὐ
315 1608 652 1681 διαστρέφει,
676 1611 783 1675 ἓως
808 1612 931 1665 τότε
960 1613 1022 1665 τὸ
1059 1612 1399 1684 ἀνθρώπινον
1437 1613 1596 1682 γένος
1621 1630 1792 1667 κατα-

1892 422 2032 476 idem
2081 419 2291 474 videtur
2319 419 2415 475 sed
2446 436 2685 475 coaavum
2758 420 2929 478 fuisse
2975 437 3165 478 arcum
3211 423 3468 479 concessi

1890 514 2019 569 olim
2053 512 2365 569 hominibus
2396 511 2765 569 Testamenti:
2806 533 2825 566 ι
2855 516 3017 580 Ecce,
3061 515 3243 586 inquit
3290 515 3457 580 Deus,

1893 618 2035 674 pono
2066 618 2253 658 arcum
2285 618 2465 659 meum
2496 602 2551 657 in
2604 603 2863 670 nubibus,
2897 615 2951 659 et
2978 605 3087 660 erit
3110 606 3326 676 signum
3353 603 3462 659 fa:-

1890 695 2037 751 deris
2065 694 2338 764 pactique.
2370 713 2389 746 ι
2424 692 2649 749 Minime
2693 704 2876 750 autem
2911 695 3207 750 absurdum
3237 697 3463 752 credere

1892 802 2079 842 arcum
2119 788 2277 857 quasi
2307 787 2581 859 adjectum
2608 788 2795 843 statim
2842 792 3010 844 verbo
3042 798 3321 844 auctorem
3352 804 3473 860 quo

1892 878 2007 949 ipse
2064 878 2210 952 Deus
2234 880 2584 935 conﬁrmaret
2635 896 2797 936 suum
2825 896 2949 935 cum
3000 878 3212 936 Νοεωο
3257 880 3459 937 ftedus.

1892 969 2120 1026 Perinde
2146 986 2213 1026 ac
2240 971 2285 1026 si
2319 970 2527 1027 dictum
2575 983 2721 1028 esset
2752 972 2998 1042 quandiu
3024 989 3186 1029 arcus
3217 974 3318 1029 iste
3340 989 3475 1043 per--

1894 1060 2156 1124 manebit,
2176 1071 2232 1116 et
2264 1070 2459 1116 natura
2509 1077 2671 1117 suum
2722 1077 2863 1132 opus
2905 1071 3148 1133 peraget.
3184 1061 3305 1116 Non
3360 1063 3475 1117 erit

1893 1152 2180 1221 diluvium,
2244 1153 2389 1223 quod
2416 1152 2558 1207 idem
2592 1162 2676 1209 est
2720 1162 2927 1223 atque:
2983 1152 3238 1221 Quandiu
3301 1154 3470 1208 stabit

1893 1242 2045 1310 luna,
2094 1252 2148 1299 et
2178 1244 2260 1299 sol
2298 1245 2495 1299 coelum
2558 1260 2905 1314 percurrens,
2971 1245 3472 1319 terrestriaillumi-

1894 1336 2042 1391 nabit
2065 1353 2081 1403 ;
2106 1337 2210 1403 vel,
2249 1335 2501 1402 Quandiu
2527 1346 2717 1391 natura
2761 1337 2877 1393 suis
2906 1337 3066 1393 nodis
3104 1338 3469 1408 astringetur,

1892 1435 1948 1481 et
1974 1427 2041 1481 ad
2069 1427 2479 1482 dissolutionem
2508 1444 2617 1482 non
2643 1436 2904 1492 vertetur,
2934 1427 3121 1482 tandiu
3154 1430 3338 1498 genus’
3362 1428 3471 1480 liu-

1895 1530 2116 1570 manum
2142 1515 2349 1570 diluvio
2402 1531 2511 1571 non
2564 1516 2840 1586 punietur.
2901 1515 3187 1587 Syriorum
3238 1531 3336 1571 rex
3398 1515 3472 1569 ad

1895 1606 2149 1663 Elisaaum
2171 1606 2333 1663 inisit
2356 1609 2449 1679 qui
2485 1610 2639 1665 hunc
2659 1610 2727 1665 de
2758 1608 2903 1680 regis
2928 1611 3037 1664 vita
3077 1609 3471 1677 interrogaret,

225 1699 454 1772 κλυσμῷ
474 1701 821 1773 ἀτιμώρητον
849 1702 1005 1757 ἔσται
1038 1720 1051 1734 ·
1086 1706 1115 1758 6
1143 1704 1200 1758 δὲ
1228 1703 1479 1775 βασιλεὺς
1530 1707 1630 1775 τῆς
1685 1707 1791 1758 Συ-

1901 1699 2146 1768 quamvis
2201 1696 2292 1753 ille
2327 1714 2436 1753 non
2467 1698 2598 1764 Deo,
2650 1699 2745 1754 sed
2776 1699 2939 1754 idolis
2985 1698 3295 1754 inserviret.
3329 1694 3471 1749 Pro-

228 1787 347 1861 ρίας
413 1788 605 1858 μαθεῖν
650 1791 974 1844 ἀποστέλλει
1010 1793 1137 1864 περὶ
1164 1794 1264 1863 τῆς
1293 1793 1439 1865 ζωῆς
1466 1794 1629 1848 αὐτοῦ
1657 1796 1792 1865 πρὸς

1901 1790 2066 1857 phetae
2108 1798 2291 1845 autem
2345 1790 2494 1845 fama
2554 1790 2797 1860 undique
2856 1788 3176 1860 pervulgata
3224 1796 3361 1853 erat,
3414 1796 3473 1840 et

221 1883 312 1937 τὸν
346 1883 649 1936 Ἐλισσαῖον
683 1899 699 1915 ⁸
752 1885 930 1937 καίτοι
982 1885 1057 1956 μὴ
1109 1885 1188 1957 τῷ
1233 1886 1374 1957 Θεῷ,
1410 1886 1523 1940 ἀλλ’
1554 1887 1793 1952 εἰδώλοις

1901 1883 2207 1939 istiusmodi
2267 1890 2388 1937 erat
2450 1882 2679 1938 morbus
2724 1881 2839 1951 regi
2869 1881 3085 1934 instans
3136 1888 3197 1933 ut
3248 1892 3487 1932 necesse-

220 1972 521 2043 λατρεύων,
553 1974 636 2027 ὃτι
658 1976 945 2047 προφήτην
984 1976 1147 2030 αὐτὸν
1178 1977 1455 2047 πανταχοῦ
1478 1978 1793 2049 διήγγελλεν

227 2067 262 2136 ἡ
298 2065 472 2136 φήμη,
501 2067 595 2119 καὶ
637 2068 848 2137 ἠνόσος
885 2070 1158 2122 ἐπιστᾶσα
1182 2068 1261 2139 τῷ
1291 2070 1499 2139 βασιλεῖ
1529 2072 1795 2141 συνηνάγ-

220 2158 352 2221 καζε
383 2155 647 2211 πυθέσθαι
671 2158 807 2229 πρὸς
835 2155 946 2211 οἷον
971 2159 1308 2230 ἀποϐήσεται
1336 2161 1506 2224 τέλος.

738 2269 1073 2324 sparum:
1115 2273 1269 2340 ΣιιΖν.

213 2364 451 2431 Δίκαιος
496 2362 565 2417 δέ
616 2366 651 2435 ό
702 2364 851 2435 Νῶε,
884 2364 1215 2435 τυγχάνων,
1273 2364 1429 2419 διατι
1480 2367 1792 2420 ἁλίσκεται

560 2434 732 2504 μέθῃ,
758 2434 858 2488 καί
884 2434 971 2489 οὐκ
990 2435 1199 2489 δίδωσι
1223 2436 1399 2502 δίκην
1421 2454 1440 2500 ;

1893 1972 2045 2028 fieret
2072 1972 2343 2028 sciscitari
2376 1986 2539 2042 quem
2572 1971 2641 2026 ad
2674 1970 2840 2026 ﬁnem
2868 1968 3118 2025 exiturus
3146 1978 3313 2025 esset.

2054 2276 2379 2344 QUIESTIO
2411 2275 2681 2332 CCXCVII
2712 2275 2935 2348 [Coist.,
2962 2273 3126 2330 Tanr.
3160 2272 3308 2346 cxi.

1899 2368 2030 2423 Cum
2048 2368 2230 2437 justus
2258 2379 2389 2424 esset
2422 2366 2537 2422 Noe
2563 2409 2585 2431 ,
2614 2366 3007 2490 curlebrietatis
3046 2376 3265 2435 argutus
3292 2379 3492 2433 paruas.

2530 2454 2633 2490 non
2659 2454 2715 2490 so
2746 2447 2844 2490 vat.

2530 2454 2633 2491 non
2659 2447 2844 2492 solvat.

694 2546 837 2597 Edita
860 2562 885 2597 a
912 2547 1035 2597 Maio
1062 2548 1119 2611 (l.
1156 2561 1198 2597 c.
1221 2562 1269 2611 p.
1300 2548 1408 2609 150,
1425 2564 1475 2612 q.
1499 2550 1635 2613 507).
1660 2578 1719 2588 —
1746 2553 1823 2603 De
1844 2552 1948 2603 Noe
1974 2552 2115 2602 ebrio
2139 2565 2232 2602 nec
2250 2558 2412 2603 tamen
2433 2554 2631 2616 punito.
2654 2553 2777 2603 Gen.
2805 2567 2874 2613 ιι,
2907 2554 2986 2603 21.

288 2630 507 2694 Δίκαιος
559 2630 616 2683 δὲ
645 2632 672 2684 6
704 2631 829 2684 Νῶε
856 2631 1139 2702 τυγχάνων
1187 2633 1468 2687 ἁλίσκεται
1520 2635 1662 2709 μέθῃ
1703 2638 1795 2690 καὶ

216 2724 280 2777 οὐ
313 2723 497 2776 δίδωσι
528 2722 707 2794 δίκην,
736 2724 819 2777 ὅτι
858 2726 997 2794 μήτε
1021 2726 1261 2796 ἀκρασίᾳ
1302 2727 1643 2797 κεχρημένος
1696 2726 1796 2798 τὴν

220 2813 400 2884 μέθην
450 2812 681 2881 ὑπέστη,
716 2814 810 2865 καὶ
844 2813 1008 2883 νόμον
1060 2816 1162 2867 οὐκ
1223 2811 1339 2885 εἶχε
1391 2816 1491 2886 τῆς
1526 2817 1606 2878 εἰς
1638 2817 1797 2888 κόρον

214 2905 557 2974 ἀπείργοντα
584 2903 895 2967 οἱνοποσίας
920 2919 935 2933 ο
964 2903 1140 2967 ἄλλως
1172 2921 1230 2958 τε
1264 2905 1319 2957 δὲ
1348 2906 1445 2958 καὶ
1475 2905 1671 2977 ἀγνοίᾳ
1693 2906 1794 2975 τῆς

215 2998 492 3068 χρήσεως,
527 2995 641 3048 ἀλλ’
663 2996 783 3066 οὐχὶ
813 2997 1119 3065 πολυποσία
1148 2998 1450 3051 κατέπεσεν
1472 3000 1552 3062 εἰς
1586 2999 1756 3069 μέθην
1775 3015 1789 3030 ο

214 3088 547 3159 κιρνάμενος
570 3088 679 3159 γάρ
711 3090 739 3140 6
768 3084 910 3152 οἶνος
934 3088 1034 3159 οὐχ
1066 3086 1238 3151 οὕτως
1269 3088 1377 3141 τῶν
1402 3089 1794 3142 ὲπιθολούντων

215 3181 412 3252 ἀτμῶν
432 3180 521 3234 τὸν
551 3180 856 3250 ἐγκέφαλον
880 3180 1079 3251 πληροῖ
1104 3181 1199 3234 καὶ
1232 3181 1293 3233 τὸ
1332 3181 1658 3252 ἡγεμονικὸν
1683 3182 1802 3233 ὲπι-

217 3272 465 3334 σκοτίζει
490 3287 504 3301 ·
540 3274 574 3342 ἡ
608 3271 666 3323 δὲ
694 3273 931 3342 ἄκρατος
960 3272 1151 3325 τούτου
1188 3273 1480 3343 προσφορά
1532 3274 1800 3345 θερμοτέ-

220 3381 352 3435 ρους
406 3361 630 3426 τούτους
680 3363 1029 3433 ἀναφέρουσα
1086 3364 1180 3416 καὶ
1225 3364 1585 3434 δριμυτέρους
1611 3364 1710 3417 καὶ
1740 3364 1801 3429 ἐξ

211 3456 402 3524 ὀλίγου
434 3454 677 3525 πόματος
710 3454 950 3523 μάλιστα
977 3457 1090 3516 τοῖς
1134 3455 1420 3525 ἀσυνήθως
1459 3456 1597 3525 πρὸς
1643 3455 1801 3510 τοῦτο

210 3547 585 3617 διακειμένοις
631 3546 986 3615 ἐνεργάζεται
1013 3546 1073 3598 τὸ
1100 3547 1269 3606 πάθος
1297 3564 1310 3576 ·
1348 3547 1485 3619 πλὴν
1516 3550 1545 3601 6
1596 3548 1797 3602 θεσπέ-

213 3656 338 3702 σιος
363 3637 592 3703 Παῦλος,
611 3638 716 3705 πρὸ
733 3636 889 3708 ἡμῶν
909 3637 1001 3690 τὸν
1022 3637 1162 3707 ὑπὲρ
1182 3638 1349 3691 αὐτοῦ
1368 3642 1603 3693 ποιεῖται
1619 3640 1801 3708 λόγον,

219 3749 243 3782 ‹
266 3729 562 3800 Ἀμαρτία,
582 3728 828 3799 φάσκων,
857 3728 959 3782 οὐκ
984 3727 1271 3796 ἐλλογεῖτο,
1298 3732 1371 3800 μὴ
1400 3730 1551 3792 ὄντος
1573 3730 1793 3801 νόμουί

207 3822 302 3878 διὸ
338 3820 508 3874 πολλά
534 3821 601 3874 ἂν
626 3819 811 3891 εὕροις
840 3819 981 3872 κατὰ
1004 3820 1104 3888 τὴν
1138 3820 1375 3875 παλαιὰν
1404 3821 1621 3892 ἐκείνην
1650 3824 1798 3876 πολι-

204 3916 372 3971 τείαν
391 3914 517 3979 τοὺς
546 3913 884 3983 θαυμασίους
912 3911 1154 3974 ἐκείνους
1194 3911 1392 3983 ἄνδρας
1429 3912 1798 3985 διαπεπρακό-

204 4023 321 4070 τας
364 4006 422 4072 ἐξ
482 4004 761 4076 ἀπειρίας,
788 4003 848 4067 ἐξ
891 3996 967 4056 ὧν
1027 4002 1209 4066 αὐτοῖς
1271 4003 1496 4072 οὐδεμία
1550 4020 1801 4074 παρηκο-

204 4099 455 4168 λούθησε
480 4098 602 4169 δίκη
627 4112 640 4126 ⁸
681 4096 799 4149 νυνὶ
845 4094 904 4149 δὲ
929 4095 1053 4147 ἐπεὶ
1078 4094 1210 4166 παρ’
1235 4096 1368 4167 ἡμῖν
1392 4096 1488 4149 καὶ
1518 4096 1671 4166 νόμοι
1699 4099 1796 4151 καὶ

204 4193 330 4248 τῶν
351 4191 640 4262 πρακτέων
668 4191 702 4260 ἡ
734 4187 935 4257 γνῶσις
957 4187 1385 4258 ἐπιφανεστάτη,
1410 4188 1650 4255 εὐλόγως
1668 4192 1797 4252 τοὺς

205 4281 683 4354 παραϐεϐηκότας
731 4280 765 4350 ἡ
811 4278 913 4348 τῆς
965 4280 1313 4349 παρανομίας
1360 4279 1681 4348 ὑποδέχεται
1698 4274 1794 4332 τι·

207 4374 431 4449 μωρία.

750 4512 1085 4565 ΕΡΩΤΗΣΙΣ
1109 4510 1273 4577 sur.

201 4602 416 4655 Πόθεν
442 4601 573 4657 ἐστι
603 4602 715 4671 τῆς,
735 4602 981 4671 Γραρῆς
1010 4599 1353 4671 λαϐεἷνίῠπό
1377 4598 1484 4655 τοῦ
1510 4598 1796 4653 διαϐόλου

623 4670 729 4725 τὸν
767 4670 938 4741 Ἀδὰμ
970 4670 1346 4739 ἀπατηθῆναι
1374 4688 1393 4733 ;

1987 2638 2123 2694 Cum
2151 2639 2334 2707 justus
2378 2647 2523 2693 esset
2559 2636 2692 2705 Noe,
2726 2638 3004 2693 ebrietatis
3052 2636 3321 2707 arguitur,
3374 2648 3485 2689 nec:

1896 2746 2086 2800 pinnas
2120 2732 2304 2797 solvit,
2338 2732 2467 2802 quia
2530 2746 2637 2785 non
2683 2747 2749 2786 ex
2810 2731 3236 2799 intemperantia
3288 2728 3475 2783 ebrius

1894 2823 2073 2879 factus
2103 2834 2207 2892 est,
2232 2834 2287 2880 et
2341 2825 2587 2879 nondum
2616 2824 2883 2878 adversus
2939 2806 3189 2878 ebriosos
3220 2821 3477 2877 homines

1895 2914 2001 2969 lata
2025 2924 2143 2969 erat
2170 2915 2277 2981 lex,
2310 2915 2613 2984 praesertim
2658 2929 2787 2977 cum
2850 2913 2970 2967 vini
3007 2912 3241 2980 inscius,
3284 2927 3395 2966 non
3420 2928 3478 2966 se

1904 3007 2070 3062 nimia
2107 3008 2402 3078 cupiditate
2430 3006 2653 3062 bibendi
2688 3008 2813 3061 vino
2855 3006 3089 3062 obrutus
3122 3006 3233 3074 sit;
3271 3014 3476 3074 tempe-

1903 3110 2081 3155 ratum
2112 3116 2269 3171 aqua:
2318 3101 2507 3154 vinum
2534 3115 2644 3153 non
2677 3100 2813 3154 adeo
2849 3099 3163 3154 turbulento
3208 3099 3500 3165 anhelitu,.

1901 3192 2186 3247 cerebrum
2221 3192 2428 3262 implet,
2487 3200 2763 3261 caputque
2797 3192 3135 3246 obtenebrat.
3202 3189 3499 3246 Meracum.

1900 3294 2081 3338 autem
2113 3285 2299 3338 vinum
2333 3282 2612 3339 calefactis
2657 3282 2976 3337 hominibus
3011 3281 3283 3337 feritatem
3330 3282 3481 3336 addit

1902 3374 1987 3430 vel
2045 3375 2258 3430 modice
2299 3374 2583 3441 haustum,
2634 3374 3045 3444 praesertimque
3104 3375 3338 3431 insuetis
3361 3376 3481 3429 ani-

1900 3481 2049 3521 mum
2087 3466 2348 3520 incendit.
2383 3465 2654 3523 Caeterum
2708 3466 2869 3522 divus
2924 3465 3143 3521 Paulus
3184 3477 3310 3522 ante
3379 3481 3497 3521 nos-

1899 3574 2015 3613 rem
2039 3559 2263 3628 agitavit
2286 3560 2514 3614 dicens:
2550 3577 2570 3611 ι
2606 3559 2895 3615 Peccatum
2919 3568 3103 3614 autem
3152 3577 3259 3615 non
3297 3562 3477 3629 impu-

1899 3650 2104 3705 tabitur
2146 3651 2370 3721 quando
2400 3667 2506 3705 non
2532 3661 2686 3707 esset
2712 3652 2871 3709 lex."
2903 3672 2949 3707 ι.
2995 3652 3362 3718 Quamobrem
3420 3649 3493 3704 in.

1899 3742 2124 3810 antiqua
2162 3742 2279 3811 lege
2299 3742 2579 3796 mirabiles
2598 3742 2785 3797 videas
2817 3758 3058 3813 persaepe
3080 3743 3233 3798 viros
3274 3742 3478 3811 quibus

1900 3831 1954 3886 id
1978 3832 2283 3901 inexpertis
2301 3833 2516 3897 accidit,
2549 3848 2615 3886 ex
2643 3848 2753 3902 quo
2785 3834 2943 3890 nulla
2996 3842 3176 3886 tamen
3228 3832 3307 3887 eis
3341 3848 3474 3887 con-

1899 3934 2083 3977 secuta
2108 3931 2193 3978 est
2238 3938 2422 3992 paena.
2451 3922 2609 3978 Nunc
2672 3932 2851 3977 autem
2918 3925 3061 3994 apud
3116 3940 3217 3979 nos
3250 3939 3374 3978 cum
3422 3934 3505 3981 et-

1899 4012 1985 4065 lex
2031 4022 2086 4066 et
2112 4028 2294 4068 rerum
2330 4029 2453 4083 quas
2512 4023 2642 4068 sunt
2686 4011 2948 4069 facienda:
3004 4016 3243 4085 cognitio
3296 4016 3476 4070 mani-

1898 4103 2094 4158 festata
2122 4106 2215 4170 sit,
2265 4116 2409 4160 recte
2454 4121 2550 4161 eos
2592 4106 2683 4176 qui
2745 4107 2888 4176 leges
2925 4109 3251 4178 transgressi
3311 4117 3491 4176 sunt,

1909 4198 2364 4267 transgressionis
2386 4199 2789 4267 pmnaexcipit.

2043 4502 2370 4571 QUIESTIO
2419 4505 2713 4562 CCXCVlll
2758 4506 3136 4579 [CoisLTaun
3172 4508 3336 4581 CXI].

1903 4597 1991 4654 Ea:
2018 4613 2120 4666 quo
2154 4594 2442 4665 Scriptura:
2468 4597 2580 4651 loco
2619 4609 2847 4660 constat,
2900 4600 3165 4655 Adamum
3193 4617 3226 4654 a
3268 4599 3509 4655 diabolo.

2450 4669 2723 4738 deceptum
2759 4686 2869 4723 esse
2894 4670 2920 4723 Ρ

560 4785 815 4835 Editarum
838 4799 863 4833 a
889 4784 1064 4833 Wolﬁo
1086 4784 1331 4833 tricesima
1362 4788 1529 4831 octava
1549 4782 1690 4845 (Cur.
1726 4779 1929 4843 PJtiloL,
1951 4785 1989 4839 ι.
2026 4781 2084 4843 V,
2106 4796 2155 4844 p.
2184 4781 2303 4843 69?,
2329 4782 2442 4832 693.
2467 4782 2696 4834 Galland.
2714 4782 2848 4845 XIII,
2871 4783 2985 4847 709,
3002 4785 3121 4849 710)

296 4894 370 4945 ⁸0
411 4892 481 4949 δε
507 4893 869 4963 ὲπηρώτησας
894 4932 911 4956 ,
960 4890 1035 4954 ώς
1066 4890 1227 4943 πόθεν
1278 4889 1394 4942 ἐστι
1426 4891 1527 4960 τῆς
1562 4890 1791 4961 Γραφῆς

201 4986 428 5050 λαϐεῖν,
477 4983 583 5039 ὑπὸ
624 4983 717 5036 τοῦ
766 4983 1012 5037 διαϐόλου
1077 4982 1169 5035 τὸν
1211 4982 1382 5052 Ἀδάμ
1427 4983 1792 5054 ἀπατηθῆναι,

204 5081 360 5133 πᾶσι
387 5077 483 5147 μὲν
504 5075 752 5129 εὐσεϐέσι
770 5076 1051 5145 νομίζεται
1080 5074 1259 5139 τοῦτο,
1279 5073 1395 5128 ἀλλ’
1425 5076 1459 5145 ἡ
1476 5075 1666 5147 Γραφὴ
1684 5076 1793 5145 (85)

203 5171 308 5228 διὰ
338 5167 433 5222 τοῦ
461 5168 635 5237 ὄφεως
681 5168 842 5236 μόνον
872 5165 1221 5237 ἀπατηθῆναι
1254 5165 1367 5236 (84)
1397 5169 1495 5235 τὴν
1525 5164 1693 5231 Εὐαν,
1726 5165 1794 5217 δι’

292 5327 342 5358 ’⁸
372 5325 532 5381 Rom.
564 5342 621 5391 v,
648 5326 741 5381 15.

1966 4891 2120 4957 Quod
2142 4890 2365 4960 quaeris,
2391 4891 2534 4946 unde
2555 4907 2620 4945 ex
2643 4890 2926 4961 Scriptura
2950 4900 3166 4947 constet
3201 4891 3475 4947 Adamum

1898 5002 1928 5040 a
1959 4986 2178 5041 diabolo
2216 5001 2339 5041 esse
2366 4985 2685 5051 seductum,
2740 4986 2793 5039 id
2826 4986 3044 5055 quidem
3082 4986 3190 5056 piis
3215 4987 3501 5041 omnibus-

1903 5076 2245 5145 exploratum
2280 5072 2552 5129 habetur."
2568 5074 2853 5145 Scriptura
2889 5085 3092 5144 tamen,
3128 5093 3250 5147 qua:
3302 5078 3471 5133 Evam

1901 5176 2112 5222 tantum
2145 5182 2239 5237 per
2293 5174 2622 5237 serpentem,
2676 5184 2773 5239 per
2830 5169 2983 5227 illam
3014 5186 3147 5227 vero
3198 5171 3507 5225 Adamium-

1744 5440 1976 5497 NOTAE.

292 5568 412 5635 (85)
453 5566 582 5622 Post
627 5564 812 5636 γραφὴ
858 5566 1124 5621 excidisse
1167 5564 1381 5618 videtur
1428 5562 1571 5636 facili
1605 5562 1758 5631 lapsu
1796 5562 2022 5630 librarii,
2050 5563 2106 5633 ἦ.

297 5638 416 5709 (δέ)
440 5634 681 5693 Goislim
697 5634 1067 5706 ἀπατηθῆναι,
1092 5637 1244 5691 Colb.
1280 5634 1664 5703 ἀπαιτηθῆναι.
