3978 6218
460 134 587 199 1131

1612 147 1872 207 ΡΗΟΤΙΙ
1901 151 2174 211 PATRIA
2183 154 2402 213 RCH/E
2433 157 2541 215 ΟΡ.

3561 146 3697 209 1132

455 250 740 318 deceptum
767 249 930 312 sistit,
969 250 1382 310 luculentiorem
1409 253 1621 322 quaesiti
1652 254 1812 322 hujus
1865 255 2013 310 solu-

2124 259 2297 328 αὐτῆς
2343 260 2402 313 δὲ
2442 262 2533 313 τὶν
2573 260 2744 329 Ἀδὰμ
2790 257 3038 328 εἰσάγει,
3074 254 3544 329 περιφανεστέραν
3590 256 3689 310 τοῦ

457 342 661 396 tionem
692 341 865 400 aﬂ'ert.
905 342 1021 411 lpse
1050 343 1193 396 enim
1253 342 1516 398 Dominus
1546 354 1734 400 noster
1764 347 1817 400 in
1846 346 2023 402 Evan-

453 434 612 505 geliis
641 449 740 488 nos
796 435 1003 498 docuit,
1055 435 1287 490 dicens:
1329 438 1467 492 cllle
1519 438 1588 492 ab
1634 439 1790 494 initio
1848 438 2025 492 homi-

457 526 576 580 cida
603 535 685 579 est
704 527 769 580 ³ο.
799 545 816 577 ι
861 526 1046 602 Neque
1068 528 1211 601 enim
1244 529 1342 589 ibi.
1369 529 1516 604 quod
1542 531 1818 598 nonnullis
1845 532 2022 598 visum

455 625 558 674 est.
589 618 816 670 Cainum
845 619 1023 673 innuit
1054 637 1068 684 ;
1094 621 1188 674 sed
1220 621 1273 674 in
1305 621 1482 689 ipsum
1525 620 1781 688 Satanam
1813 623 2021 691 crimen

457 708 562 761 hoc
586 706 770 765 refert.
809 707 1043 778 Serpens
1090 711 1259 774 enim,
1287 711 1379 778 qui
1430 711 1630 764 diaboli
1677 712 2021 768 instrumen-

455 809 571 852 tum
603 811 856 864 vocatur,
899 802 1028 856 nihil
1062 802 1212 856 dubii
1252 810 1453 869 movet,
1512 803 1713 873 quippe
1767 805 1861 872 qui
1911 805 2026 874 pri-

456 891 665 944 marius
695 901 748 945 et
795 893 1045 968 princeps
1097 894 1430 948 seductionis
1459 905 1648 948 auctor
1694 896 1878 966 haberi
1915 913 2022 950 non

457 980 649 1046 possit.
691 981 979 1050 Propterea
1011 997 1139 1036 vero
1191 997 1284 1048 per
1314 991 1642 1052 serpentem,
1694 1000 1800 1038 non
1837 995 2023 1039 autem

456 1085 554 1139 per
593 1072 738 1124 aliud
803 1073 1004 1126 animal
1062 1073 1240 1127 malus
1297 1075 1505 1127 daamon
1593 1076 1840 1144 fraudem
1898 1077 2026 1132 Eva:

456 1163 608 1225 facit,
661 1165 808 1231 quod
842 1163 1044 1216 animal
1076 1163 1210 1218 illud
1273 1166 1488 1218 mulieri
1543 1166 1848 1236 jucundum
1876 1179 2024 1234 esset

451 1252 598 1319 ideo,
625 1255 908 1323 quoniam,
941 1269 1039 1328 pro
1074 1254 1337 1323 singulari
1369 1256 1552 1310 indole
1586 1273 1703 1322 sua,
1737 1259 1842 1320 alia
1877 1276 2027 1330 quaa-

454 1359 672 1413 cunque
703 1345 967 1397 imitando
997 1345 1254 1400 facillime
1287 1333 1594 1416 exprimere
1625 1360 1856 1420 poterat.
1886 1355 2024 1422 Cum

451 1450 585 1489 vero
626 1444 887 1502 praaterea
932 1434 1184 1514 diabolus
1220 1439 1423 1492 animal
1480 1441 1584 1496 hoc
1619 1445 1853 1497 naturali
1885 1461 2026 1514 qua-

453 1525 577 1577 dam
607 1524 906 1594 sagacitate
934 1513 1261 1580 instructum
1298 1528 1526 1594 videret,
1568 1531 1711 1584 idem
1742 1533 1813 1585 illi
1849 1513 2026 1598 maxi-

2126 347 2438 420 ζητήματος
2465 352 2566 421 τὴν
2593 350 2746 403 λύσιν
2776 350 2907 420 ἔχει.
2941 348 3113 412 Αὐτὸς
3155 349 3264 419 γὰρ
3327 347 3356 400 6
3399 346 3601 418 Κύριος
3637 349 3700 400 ἐν

2125 442 2481 510 Εὑαγγελίοις
2525 442 2760 507 ἐδίδαξεν
2799 444 2948 512 ἡμᾶς
2995 439 3202 495 εἰπών·
3261 458 3281 490 ι
3327 439 3563 501 Ἐκεῖνος
3599 438 3700 491 ἀπ’

2125 535 2298 604 ἀρχῆς
2354 535 2798 605 ἀνθρωποκτόνος
2852 535 3018 588 ἐστίν.
3061 554 3080 587 ι
3115 534 3226 590 Καὶ
3281 532 3390 602 γὰρ
3443 532 3562 600 οὐχ,
3623 531 3704 593 ὡς

2127 626 2291 688 ἐνίοις
2321 624 2502 689 ἔδοξε,
2537 625 2629 678 τὸν
2673 626 2813 678 Κὰἲν
2850 623 3065 694 μηνύει,
3115 623 3230 676 ἀλλ’
3285 624 3364 684 εἱς
3411 621 3571 673 αὑτὸν
3608 620 3706 674 τὸν

2127 716 2370 773 Σατανᾶν
2414 716 2514 785 τὴν
2559 716 2896 785 κατηγορίαν
2942 714 3226 784 ἀναφέρει.
3286 713 3344 766 ’0
3392 712 3502 782 γὰρ
3549 712 3702 779 ἧφις,

2126 805 2356 875 ὄργανον
2419 805 2517 878 μέν
2576 805 2670 857 τοῦ
2720 805 2970 858 διαϐόλου
3023 802 3399 875 χρηματίζων,
3440 801 3704 869 οὐδεμίαν

2127 896 2426 966 παρέχεται
2458 895 2693 964 ἀπορίαν
2717 933 2732 959 ,
2767 893 3068 964 αὐτουργὸς
3113 892 3170 945 δέ
3218 893 3312 944 καὶ
3369 890 3707 960 πρωταίτιος

2125 989 2224 1057 τῆς
2251 986 2469 1056 ἀπάτης
2498 983 2750 1054 οὐδαμῶς
2787 984 2852 1038 ἀν
2881 982 2982 1052 ἔχῃ
3012 980 3197 1053 χώραν
3222 979 3568 1050 νομισθῆναι.
3597 977 3704 1030 Διά

2126 1078 2286 1138 τοῦτο
2306 1077 2384 1141 δέ,
2416 1080 2510 1130 καὶ
2533 1079 2655 1146 οὐχὶ
2682 1076 2749 1129 δι’
2775 1075 2937 1128 ἄλλου
2969 1072 3133 1138 ζώου,
3180 1072 3448 1142 προσάγει
3473 1073 3500 1125 ὁ
3526 1087 3703 1139 πονη-

2132 1169 2224 1240 ρὸς
2251 1171 2349 1240 τὴν
2377 1169 2592 1240 ἀπάτην
2619 1170 2685 1240 τῇ
2713 1166 2828 1238 Εύᾳ
2852 1207 2866 1231 ,
2897 1167 2978 1219 ὅτι
3006 1164 3398 1236 κεχαρισμένον
3439 1157 3508 1233 ἦν
3543 1159 3706 1214 τοῦτο

2127 1261 2188 1313 τὸ
2221 1260 2358 1324 ζῶον
2380 1263 2446 1331 τῇ
2481 1262 2724 1328 γυναικὶ,
2766 1257 2856 1310 διὰ
2877 1256 2972 1310 τοῦ
3001 1255 3099 1327 τὴν
3132 1255 3299 1323 ἀλλην
3334 1253 3564 1320 εὐφυΐαν
3605 1251 3707 1304 καὶ

2125 1352 2264 1422 πρὸς
2307 1352 2367 1404 τὸ
2415 1351 2758 1423 μιμήσασθαι
2805 1348 3030 1402 δυνατὸν
3076 1343 3167 1418 ἦν.
3195 1344 3403 1406 ’Ἄλλως
3430 1360 3490 1395 τε
3521 1343 3576 1395 δὲ
3607 1341 3706 1394 καί

2125 1461 2269 1507 τινος
2310 1443 2550 1512 ἐμφύτου
2587 1443 2812 1512 μετέχον
2855 1441 3014 1493 τοῦτο
3045 1439 3104 1491 τὸ
3135 1438 3270 1502 ζῶον
3302 1435 3447 1507 ὁρῶν
3495 1435 3704 1506 φρονή-

2130 1550 2269 1595 σεως
2294 1533 2323 1584 6
2350 1531 2592 1594 διάϐολος
2619 1573 2633 1596 ,
2680 1531 2984 1601 ἐπιτήδειον
3021 1529 3242 1597 ἐνόμισε
3291 1525 3426 1594 πρὸς
3456 1525 3555 1595 τὴν
3593 1523 3704 1574 ὑπ-

451 1630 544 1669 me
592 1615 772 1670 visum
831 1629 916 1682 est
965 1619 1459 1682 accommodatum,
1508 1623 1667 1692 cujus
1716 1625 2013 1691 ministeric

2130 1624 2356 1695 ηρεσίαν
2387 1623 2535 1692 αὐτῷ
2557 1622 2657 1691 τῆς
2684 1621 2900 1690 ἀπάτης
2934 1617 3269 1690 χρηματίσαι
3311 1615 3562 1686 ὄργανον,
3599 1611 3702 1687 ἆτε

452 1708 519 1760 ad
569 1707 815 1784 fraudem
878 1709 1181 1767 faciendam
1242 1721 1527 1779 uteretur;
1584 1716 1838 1784 inprimis
1897 1732 2022 1772 cum

451 1797 598 1852 idem
659 1811 787 1854 tunc
815 1802 1036 1872 quidem
1070 1803 1311 1872 linguam
1358 1803 1585 1872 haberet
1609 1806 1677 1870 ad
1703 1807 1866 1860 verba
1897 1823 2025 1877 pro-

449 1887 678 1958 ferenda
737 1892 1010 1960 idoneam.
1065 1891 1285 1950 Interim
1349 1895 1610 1950 ineffabili
1667 1899 2025 1968 providentia:

450 1980 682 2034 debetur
709 1982 872 2036 etiam
903 1983 1058 2048 illud,
1095 1985 1240 2054 quod
1258 2000 1485 2057 serpens
1509 2001 1668 2041 voces
1699 1989 2023 2045 articulatas

453 2070 695 2126 formare
726 2075 920 2142 potuit.
963 2073 1101 2130 Cum
1134 2076 1278 2130 enim
1314 2076 1580 2132 Cenditor
1612 2080 1858 2148 optimus
1894 2082 2022 2136 mali

455 2162 720 2217 themonis
782 2165 1075 2218 consilium
1132 2166 1486 2236 perspiceret,
1551 2171 1820 2240 sciretque
1871 2186 2020 2236 eum,

449 2252 554 2306 nisi
593 2263 899 2324 serpentem
931 2255 1141 2313 fraudis
1167 2274 1278 2313 suae
1316 2261 1743 2316 instrumentum
1776 2263 2021 2330 haberet,

448 2343 763 2400 hominibus
786 2346 917 2416 ipsis
940 2348 1005 2402 ad
1023 2359 1264 2404 mutuam
1290 2352 1371 2405 sui
1389 2351 1762 2422 deceptionem
1791 2370 2024 2410 usurum

446 2450 590 2502 esse,
620 2449 928 2508 serpentem
959 2441 1256 2498 humanam
1309 2459 1495 2498 vocem
1548 2447 1798 2502 emittere
1827 2465 2023 2518 passus

445 2537 550 2591 est,
607 2546 675 2585 ne
733 2535 996 2600 pernicies
1057 2535 1339 2590 hominum
1384 2555 1449 2592 ex
1518 2540 1650 2609 ipsis
1706 2542 2021 2598 hominibus

446 2635 786 2684 nasceretur,
823 2627 1060 2696 malique
1093 2629 1246 2698 origo
1281 2630 1350 2684 al)
1382 2631 1516 2699 ipsis
1567 2633 1830 2701 prodiret.
1865 2635 2021 2702 Quod

446 2712 660 2766 sienim
711 2713 812 2784 ipsi
846 2729 1099 2772 auctores
1151 2721 1528 2789 persuasionis
1578 2725 1643 2778 ad
1683 2729 2020 2795 peccandum

443 2807 804 2874 exstitissent,
842 2809 982 2864 idem
1015 2812 1121 2864 illis
1158 2830 1257 2867 usu
1291 2799 1551 2880 venisset,
1601 2820 1745 2888 quod
1781 2799 2018 2891 serpenti

444 2901 763 2966 accidit,ita
815 2904 1057 2972 quidem,
1094 2915 1150 2960 ut
1195 2908 1313 2961 sine
1358 2909 1609 2964 instituto
1663 2928 1844 2970 causae
1892 2931 2020 2969 exa-

442 2992 613 3051 mine,
657 2992 721 3044 ad
773 2994 1080 3062 exemplum
1151 2999 1444 3064 serpentis,
1507 3001 2014 3058 condemnatoriam

443 3085 768 3139 sententiam
833 3086 1193 3142 audivissent.
1231 3089 1418 3158 Itaque
1473 3095 1746 3149 sermonis
1791 3095 2015 3150 humani

441 3173 672 3230 facultas
707 3177 941 3245 serpenti
972 3178 1325 3247 permittitur,
1360 3196 1427 3235 ne
1463 3181 1629 3236 homo
1654 3185 1780 3238 mali
1815 3196 2008 3241 auctor

443 3266 612 3322 fuisse
661 3267 950 3335 videretur.
993 3266 1068 3322 Ita
1100 3269 1245 3323 enim
1294 3271 1439 3327 Deus
1493 3289 1653 3344 agere
1701 3279 2010 3344 consuevit,

440 3369 522 3412 ut.
555 3374 650 3428 per
681 3374 803 3426 quae
833 3358 1181 3415 adversarius
1230 3363 1403 3419 malas
1455 3376 1596 3420 artes
1628 3369 1871 3432 molitur,
1916 3386 2012 3438 per

439 3448 628 3502 eadem
658 3448 893 3516 pessima
921 3448 1041 3518 ejus
1075 3452 1304 3505 consilia
1335 3465 1539 3508 evertat
1560 3465 1612 3509 et
1645 3456 1938 3514 disturbet.

575 3557 898 3624 QUAESTIO
924 3558 1170 3626 CCXCIK
1203 3560 1392 3634 [Coisl.
1433 3563 1617 3630 Taur.,
1663 3566 1874 3642 CXVI].

476 3651 618 3716 Quid
645 3653 757 3707 Itazc
786 3651 1036 3723 valeant;
1077 3673 1096 3706 ι
1129 3653 1372 3722 Domine,
1417 3674 1521 3711 non
1549 3672 1626 3714 est
1675 3664 1975 3720 exaltatum

1065 3741 1156 3779 COT
1185 3743 1372 3779 meum.
1387 3747 1405 3777 1

2125 1715 2190 1786 δὴ
2243 1714 2476 1788 μάλιστα
2517 1713 2609 1765 καὶ
2661 1711 2912 1782 γλῶσσαν
2946 1710 3186 1781 ῥήμασιν
3240 1701 3701 1774 ὑπηρετήσασθαι

2124 1808 2356 1879 λαχόντα
2380 1807 2500 1859 τότε
2526 1806 2617 1858 τὸν
2641 1805 2784 1874 ὅφιν.
2827 1802 3136 1873 Ἀφράστου
3165 1800 3222 1852 δέ
3252 1795 3504 1868 προνοίας
3537 1794 3701 1862 ἔργον

2123 1895 2191 1974 ἦν
2223 1899 2318 1952 καὶ
2342 1899 2424 1960 τὸ,
2452 1898 2542 1954 τὸν
2566 1896 2691 1966 ὄφιν
2721 1894 2907 1964 φωνὰς
2957 1892 3258 1965 ἐνάρθρους
3287 1889 3525 1962 ἀφιέναι.
3573 1888 3702 1942 Ἐν-

2123 1990 2266 2063 ορῶν
2295 1990 2404 2059 γὰρ
2427 1991 2455 2041 6
2485 1989 2691 2059 πλάνης
2713 1987 2812 2058 τὰς
2843 1986 2936 2038 τοῦ
2963 1984 3200 2053 πονηροῦ
3229 1982 3438 2045 ἐννοίας
3459 2021 3474 2043 ,
3501 1980 3595 2054 καὶ
3623 1979 3701 2043 ὡς

2123 2087 2172 2138 εί
2204 2085 2280 2154 μὴ
2324 2083 2415 2136 τὸν
2463 2082 2586 2152 ὅφιν
2616 2083 2850 2150 ὄργανον
2880 2079 2980 2148 τῆς
3018 2077 3233 2145 ἀπάτης
3266 2075 3442 2138 λάϐοι,
3500 2072 3703 2136 αὐτοὺς

2125 2171 2366 2233 ἐκείνους
2401 2171 2526 2230 τοὺς
2559 2166 2882 2239 ἀνθρώπους
2935 2167 3015 2228 είς
3066 2165 3164 2234 τὴν
3191 2162 3424 2216 ,ἑαυτῶν
3475 2161 3698 2230 ἀπάτην

2126 2262 2528 2329 συλαγωγήσει,
2576 2261 2849 2330 συγχωρεί
2896 2258 2987 2314 τὸν
3014 2257 3137 2325 ὅφιν
3170 2256 3546 2325 ἀνθρωπίνους
3579 2271 3698 2321 φω-

2123 2356 2220 2416 vi;
2247 2356 2516 2424 προϊέναι,
2536 2354 2625 2406 ἵνα
2657 2351 2730 2423 μὴ
2759 2351 2819 2416 ἐξ
2851 2351 3030 2405 αὐτῶν
3059 2350 3168 2402 τῶν
3202 2346 3504 2420 ἀνθρώπων
3530 2347 3564 2417 ή
3587 2344 3700 2398 τῶν

2123 2445 2428 2514 ἀνθρώπων
2455 2443 2604 2512 λύμη
2633 2441 3004 2513 ἐκϐλαστήσῃ,
3039 2440 3134 2493 καὶ
3163 2441 3196 2509 ἡ
3227 2436 3321 2492 τοῦ
3349 2435 3524 2490 κακοῦ
3548 2434 3697 2504 ἀρχὴ

2123 2535 2330 2587 ἐκεῖθεν
2355 2533 2453 2604 τὴν
2483 2531 2708 2603 πρόοδον
2735 2531 2909 2585 λάῦοι.
2936 2532 2998 2584 Εἰ
3029 2530 3137 2600 γάρ
3171 2529 3325 2581 αὐτοὶ
3352 2528 3450 2596 τῆς
3475 2526 3674 2595 είσηγή

2127 2645 2262 2690 σεως
2287 2626 2380 2680 τοῦ
2414 2625 2812 2696 ἁμαρτήματος
2840 2621 3242 2693 καθεστηκότες
3271 2620 3529 2690 ὤφθησαν
3556 2620 3698 2688 ἁρχ-

2121 2721 2286 2792 ηγοὶ,
2337 2719 2482 2786 ὅπερ,
2520 2716 2587 2770 ἂν
2632 2717 2724 2783 ἐπὶ
2770 2715 2863 2767 τοῦ
2908 2714 3083 2783 ὄφεως
3133 2711 3406 2783 ἐπράχθη,
3456 2710 3550 2763 καὶ
3603 2707 3694 2760 ἐπ’

2125 2811 2347 2864 ἐκείνων
2374 2808 2441 2861 ἂν
2469 2807 2822 2877 διεφυλάχθη.
2857 2807 2966 2859 Καὶ
2998 2804 3106 2858 οὐδ’
3134 2804 3474 2873 ἀνακρίσεως
3501 2801 3701 2868 τυχόν-

2122 2921 2212 2966 τες
2243 2903 2332 2966 ἂν,
2369 2901 2557 2973 ὥσπερ
2587 2902 2696 2954 οὐδ’
2724 2903 2752 2954 ὁ
2785 2899 2928 2968 ὄφις,
2957 2899 3056 2966 τὴν
3087 2893 3553 2958 καταδικάζουσαν
3580 2891 3704 2944 ἐδέ-

2123 2999 2281 3064 ξαντο
2307 2997 2513 3067 ψῆφον.
2552 2994 2716 3056 Ἀλλὰ
2745 2995 3161 3064 παραχωρεῖται
3188 2991 3266 3062 τῷ
3293 2991 3414 3058 ὄφει
3455 2989 3562 3041 τῶν
3602 2988 3704 3038 άν-

2122 3091 2357 3162 θρώπων
2385 3092 2412 3144 6
2435 3089 2614 3157 λόγος,
2650 3087 2738 3140 ἵνα
2772 3087 2846 3158 μὴ
2887 3087 2916 3148 6
2959 3083 3254 3157 ἅνθρωπος
3285 3080 3524 3151 ἀρχηγὸς
3553 3078 3716 3165 ὀτρθῇ-

2119 3183 2488 3253 γεγενημένος
2509 3186 2608 3251 τῆς
2632 3181 2854 3245 κακίας,
2881 3179 3136 3234 Τοιοῦτον
3168 3178 3277 3248 γάρ
3302 3177 3362 3229 τὸ
3390 3176 3566 3227 Θεῖον.
3600 3173 3700 3240 Ἐξ

2119 3266 2194 3326 ὧν
2226 3273 2254 3324 6
2287 3272 2662 3340 ἀντικείμενος
2693 3271 2793 3340 τὴν
2834 3268 3195 3339 κακοτεχνίαν
3237 3267 3562 3326 ἐπινοεῖται,
3603 3263 3702 3315 διὰ

2114 3360 2320 3415 τούτοιν
2374 3361 2540 3426 αὐτοῦ
2589 3361 2659 3415 τὰ
2717 3362 3088 3433 μηχανήματα
3135 3357 3458 3429 περιτρέπει
3504 3371 3564 3408 τε
3598 3354 3702 3407 καὶ

2119 3452 2400 3520 καταλύει.

2620 3566 2957 3618 ΕΡΩΤΗΣΙΣ
3010 3562 3168 3630 Σιβκ

2124 3659 2167 3710 Τ
2166 3657 2200 3710 ἴ
2224 3656 2356 3711 ἐστι
2383 3697 2399 3722 ,
2447 3676 2465 3709 ι
2498 3658 2695 3726 Κύριε,
2730 3659 2844 3727 οὐχ
2881 3655 3090 3724 ὑψώθη
3135 3654 3174 3721 ἡ
3220 3652 3430 3722 καρδία
3457 3668 3576 3721 μου
3611 3665 3625 3680 ·
3667 3669 3693 3702 ι

1506 3841 1648 3908 Edita
1666 3859 1694 3894 a
1714 3845 1839 3897 Maio
1861 3851 2011 3907 (Nov.
2038 3853 2159 3905 Coll.
2189 3862 2225 3906 t.
2249 3856 2334 3918 IX,
2353 3871 2405 3920 p.
2433 3857 2562 3922 15l).

506 3918 631 3976 llaec
673 3921 860 3986 verba,
917 3941 938 3976 ‹
989 3925 1239 3990 Domine,
1282 3940 1391 3979 non
1436 3936 1521 3982 est
1556 3931 1852 3988 exaltatum
1915 3951 2012 3990 cor

435 4029 641 4080 meum,
675 4032 849 4086 neque
891 4017 1016 4071 elati
1051 4026 1180 4072 sunt
1210 4019 1353 4073 oculi
1381 4020 1508 4086 mei,
1534 4038 1708 4092 neque
1736 4027 2010 4083 ambulavi

2191 3941 2264 3995 T6
2289 3943 2364 4005 δέ,
2399 3963 2418 3994 ι
2455 3943 2648 4015 Κύριε,
2703 3944 2804 4012 οὐχ
2837 3940 3026 4012 ὑψώθη
3077 3941 3114 4011 ἡν
3151 3939 3346 4009 καρδία
3387 3957 3513 4007 μου,
3565 3939 3700 3995 οὐδὲ

2121 4033 2596 4104 ἐμετεωρίσθησαν
2630 4036 2679 4088 οἱ
2717 4033 2989 4105 ὀφθαλμοί
3048 4049 3177 4102 μου,
3222 4032 3345 4085 οὐδὲ
3384 4032 3700 4102 ἐπορεύθην

435 4105 491 4159 in
517 4107 754 4175 magnis,
786 4123 962 4177 neque
991 4109 1042 4160 in
1075 4109 1420 4188 mirabilibus
1443 4127 1608 4178 super
1633 4130 1719 4169 me
1744 4118 1809 4182 ²¹,
1833 4136 1851 4168 ι
1887 4118 2004 4186 haec

2120 4138 2162 4172 εν
2191 4121 2466 4190 μεγάλοις,
2486 4123 2606 4178 ούδέ
2631 4125 2688 4177 ἐν
2707 4121 3026 4193 θαυμασίοις
3069 4122 3210 4192 ὑπὲρ
3229 4121 3348 4190 ἐμὲ,
3380 4140 3399 4173 ι
3420 4121 3558 4190 τάχα
3590 4121 3699 4191 μὲν

437 4196 492 4249 ἱιι
531 4195 708 4264 ipsum
755 4195 941 4251 forsan
980 4197 1145 4252 David
1186 4200 1518 4256 conferenda
1558 4215 1706 4259 sunt.
1740 4206 1844 4272 Qui
1876 4225 2000 4264 eum

437 4303 661 4358 regnum
689 4289 920 4358 adeptus
947 4298 1112 4354 esset,
1145 4291 1385 4359 plurima
1415 4293 1481 4348 de
1520 4294 1771 4351 hostibus
1804 4309 2005 4370 trop:ea

435 4379 839 4444 constituisset,
897 4388 1165 4449 anteaque
1206 4396 1237 4436 e
1267 4392 1487 4452 pastore
1521 4401 1615 4439 rex
1657 4387 1856 4452 factus,
1907 4406 2005 4461 spe

433 4469 644 4538 majora
684 4480 1011 4524 consecutus
1032 4481 1196 4538 esset,
1227 4488 1350 4527 cum
1385 4475 1521 4529 iram
1550 4477 1814 4534 adversus
1838 4482 2005 4537 Nabal

433 4563 611 4632 palam
647 4563 988 4618 exercuisset
1037 4564 1335 4620 irruentem
1368 4567 1480 4620 ﬁlio
1533 4584 1718 4624 necem
1753 4584 2004 4628 contem-

430 4653 635 4722 platus,
677 4654 849 4706 multa
883 4664 1142 4722 expertus
1172 4670 1202 4708 a
1231 4653 1367 4710 Joab
1404 4666 1458 4711 et
1484 4656 1662 4712 Semei
1689 4670 2004 4732 caeteraque

433 4744 487 4797 id
523 4759 694 4813 genus
739 4745 948 4814 majore
983 4747 1180 4816 dignus
1226 4748 1520 4804 miratione
1553 4751 1790 4818 videtur,
1849 4755 1999 4824 quod

431 4849 557 4886 cum
618 4836 784 4889 tantis
809 4847 863 4890 et
906 4837 1104 4891 talibus
1135 4839 1298 4892 rebus
1331 4826 1570 4896 tentatus
1605 4853 1771 4908 esset,
1807 4843 2003 4901 fractae

432 4939 544 4976 non
595 4935 726 4980 sunt
773 4928 893 4996 ejus
948 4929 1119 4995 vires,
1177 4945 1296 4991 nec,
1320 4932 1573 5000 quamvis
1643 4951 1738 5004 spe
1793 4938 2004 5006 majora

435 5015 668 5084 adeptus
702 5017 982 5083 intumuit,
1006 5032 1100 5075 aut
1115 5023 1360 5077 animum
1378 5026 1590 5092 extulit,
1617 5036 1716 5081 aut
1738 5044 1858 5083 sese
1883 5031 2004 5097 plus

431 5109 854 5176 :cquojactavit.
887 5111 1092 5167 Cuncta
1122 5115 1264 5169 enim
1279 5117 1345 5171 ad
1373 5134 1640 5173 summam
1656 5121 2004 5190 omnipoten-

431 5200 503 5254 tis
527 5202 818 5277 omniaque
845 5207 1079 5274 regentis
1103 5206 1192 5262 Dei
1221 5211 1517 5277 potentiam
1542 5213 1829 5280 referebat,
1853 5217 2004 5270 verbi

429 5291 597 5361 hujus
654 5309 926 5364 nusquam
979 5298 1306 5356 immemor:
1376 5320 1396 5353 ι
1428 5302 1541 5373 Ego
1586 5315 1767 5361 autem
1802 5309 2004 5364 vermis

428 5399 574 5448 Sum,
606 5396 661 5441 et
687 5402 792 5442 non
825 5388 1015 5457 homo,
1044 5392 1326 5449 hominum
1356 5397 1589 5454 dedecus
1609 5409 1665 5454 ct
1700 5401 1888 5471 populi
1908 5401 2004 5457 al).-

501 5565 547 5600 η
579 5565 735 5624 Joan.
767 5586 884 5638 vttt,
924 5573 1011 5630 Η.
1091 5578 1129 5609 ¹¹
1167 5575 1312 5633 Psal.
1340 5594 1500 5647 cxxx,
1534 5580 1581 5646 l,
1609 5581 1663 5635 ‘2.
1723 5551 1726 5554 Ι

2108 4213 2202 4264 καὶ
2234 4216 2314 4275 είς
2368 4215 2530 4268 αὐτὸν
2559 4214 2856 4284 ἐκληφθείη
2909 4216 2999 4269 τὸν
3045 4213 3228 4280 Δαᾶὶδ.
3252 4214 3325 4265 T6
3372 4214 3482 4280 γὰρ
3532 4212 3700 4280 βασι-

2107 4303 2252 4356 λείαν
2279 4305 2376 4373 μὲν
2401 4305 2789 4375 περιεζῶσθαι,
2814 4306 2935 4372 κατ’
2961 4305 3170 4375 ἐχθρῶν
3188 4306 3246 4359 δὲ
3266 4304 3524 4366 πολλάκις
3551 4305 3694 4374 τρό-

2107 4411 2241 4447 παια
2270 4396 2594 4461 ἀναστῆσαι,
2627 4397 2721 4449 καὶ
2774 4397 2880 4463 πρὸ
2921 4397 3128 4449 τούτων
3169 4397 3278 4450 ἀπὸ
3323 4397 3576 4465 ποιμένος
3629 4400 3696 4450 ἐν

2109 4485 2400 4556 βασιλείοις
2431 4487 2757 4554 διαιτᾶσθαι,
2789 4488 2884 4541 καὶ
2937 4490 3198 4557 μειζόνων
3226 4489 3258 4558 ἣ
3313 4491 3434 4543 κατ’
3465 4489 3695 4552 ἐλπίδας

2106 4577 2408 4646 ἀξιοῦσθαι,
2433 4580 2526 4632 καὶ
2558 4579 2728 4650 ὀργὴν
2761 4578 2985 4651 ὕστερον
3018 4580 3162 4633 κατά
3213 4579 3304 4632 τοῦ
3347 4579 3533 4633 Νάθα).
3566 4581 3695 4630 ἐπι-

2105 4670 2393 4740 δεδεῖχθαι,
2411 4671 2643 4724 θανάτου
2673 4688 2732 4724 τε
2761 4671 3058 4740 ἀπαίτησιν
3083 4672 3384 4741 ἐπισκῆψαι
3412 4671 3489 4741 τῷ
3509 4671 3690 4732 παιδὶ,

2106 4762 2257 4831 παρά
2286 4779 2343 4815 τε
2372 4761 2466 4814 τοῦ
2515 4762 2671 4816 Ίωᾶϐ
2695 4763 2788 4815 καὶ
2822 4763 2916 4816 τοῦ
2945 4765 3144 4833 Σεμεεὶ
3191 4763 3400 4824 λαὸεῖν,
3434 4764 3528 4815 καὶ
3583 4764 3689 4815 ὅσα

2108 4849 2242 4902 ἄλλα
2280 4849 2528 4908 τοιαῦτα,
2575 4851 3026 4922 θαυμασιώτερον
3076 4853 3174 4922 μὲν
3205 4852 3495 4918 ἀποφαίνει
3549 4853 3693 4920 μᾶ).-

2105 4941 2198 4994 λον
2219 4943 2308 4993 τὸν
2340 4942 2502 4994 Δαϐὶδ
2541 4944 2589 4995 εί
2617 4944 2673 4994 ἐν
2701 4943 2974 5006 τοσούτοις
2991 4944 3084 4996 καὶ
3113 4942 3375 5005 τοιούτοις
3429 4943 3689 5006 ἐξεταζό-

2110 5050 2287 5104 μενος,
2329 5034 2388 5086 τὸ
2439 5035 2539 5103 τῆς
2593 5034 2776 5105 ψυχῆς
2812 5035 2912 5088 οὐκ
2954 5034 3220 5105 ἐκλονήθη
3283 5035 3501 5103 πάγιον,
3557 5035 3687 5087 οὐδὲ

2111 5121 2439 5194 μειζόνωνῆ
2495 5125 2636 5177 κατὰ
2683 5125 2781 5188 τὰς
2824 5124 3045 5189 ἐλπίδας
3105 5123 3424 5194 ἀξιούμενος
3474 5124 3686 5194 ἐπῆρεν

2108 5213 2300 5268 ἑαυτοῦ
2329 5218 2426 5269 καὶ
2449 5217 2778 5287 ύπερύῲωσε
2805 5217 2905 5288 τὴν
2943 5217 3192 5287 καρδίαν,
3231 5218 3413 5287 μεῖζον
3447 5216 3480 5288 ἢ
3509 5234 3683 5284 προσ-

2107 5307 2210 5374 ῇκε
2259 5305 2328 5358 τὰ
2368 5306 2492 5360 καθ’
2532 5308 2722 5361 ἑαυτὸν
2788 5309 3232 5379 φανταζόμενος·
3287 5309 3403 5360 ἀλλ’
3445 5309 3526 5370 εἰς
3581 5309 3684 5377 τὴν

2109 5398 2522 5471 παντοκράτορα
2563 5400 2658 5454 καὶ
2719 5399 3079 5472 κυριεύουσαν
3131 5401 3239 5455 τῶν
3287 5403 3425 5455 ὅλων
3461 5399 3683 5455 ἅπαντα
