3978 6218
163 256 294 320 1133

1053 260 1155 320 AD
1193 262 1784 324 AMPHILOCI-IIUM
1821 263 2164 338 QUAESTIO
2201 262 2493 326 CCXCIX.

3287 257 3431 323 ii3i

158 371 344 440 φέρων
381 368 554 422 ἐτίθει
586 368 874 441 Πρόνοιαν.
912 370 1152 442 οὐδαμοῦ
1201 373 1376 445 λήθην
1442 375 1737 446 λαμϐάνων
1774 426 1779 438 ,

1883 378 2009 433 actio
2032 378 2100 430 ".
2135 396 2152 428 ι
2193 375 2251 431 Si
2284 377 2408 446 quis
2454 375 2612 428 aliter
2646 375 2762 430 haec
2800 376 2965 430 verba
3015 374 3420 444 interpretetur,

159 461 273 526 τοῦ,
304 478 324 512 ι
363 459 508 530 Ἐγὼ
538 460 598 514 δέ
618 462 736 532 εἰμι
768 459 988 532 σκώληξ
1017 465 1112 516 καὶ
1140 465 1242 517 οὐκ
1267 464 1571 538 ἄνθρωπος,
1600 466 1744 520 ὄνει-

159 556 248 617 δος
299 555 610 626 ἀνθρώπων
669 556 765 610 καὶ
817 555 1155 627 ἐξουθένημα
1190 558 1346 614 λαοῦ.
1389 579 1407 610 ι
1445 562 1505 613 Εἰ
1555 561 1613 616 δέ
1661 579 1747 626 τις

163 647 340 701 ἐθέλοι
379 648 440 701 τὸ
483 649 776 718 εἰρημένον
828 649 1086 704 ἐκλαϐεῖν
1133 652 1226 704 καὶ
1244 653 1333 720 ἐφ’
1377 651 1564 724 ἑτέρου
1601 656 1749 718 τινὸς

163 740 262 808 τὴν
310 740 724 810 ταπεινόφρονα
766 740 970 814 ἀρετὴν
1010 743 1442 813 κατωρθωκότος,
1472 746 1567 798 καὶ
1606 742 1748 800 εἶναι

164 829 326 882 τοῦτο
349 829 543 898 ὥσπερ
577 830 781 901 στήλην
810 832 904 884 καὶ
955 829 1281 906 ὑπογραφὴν
1317 834 1507 905 ἀνδρὸς
1532 835 1598 889 ἂν
1620 838 1753 906 φρό-

168 940 318 991 νημα
353 925 820 996 τεταπεινωμένον
851 927 948 982 καὶ
981 927 1437 998 συντετριμμένον
1467 929 1750 1001 φέροντος,

168 1010 278 1064 οὐδ’
314 1005 472 1076 οὗτος
494 1013 668 1084 ἂνεῖη
699 1016 795 1069 τοῦ
826 1017 1363 1090 εἰκότωςφερόμενος
1389 1020 1494 1086 ἔξω
1526 1039 1540 1052 ·
1570 1039 1756 1076 ταπει-

170 1103 485 1176 νοφροσύνῃ
512 1106 556 1158 δ’
589 1105 704 1170 οὖν,
725 1108 802 1171 ὡς
830 1109 948 1164 ἔστι
989 1110 1325 1182 πολλαχόθεν
1358 1111 1563 1179 λαϐεῖν,
1589 1114 1684 1167 καὶ
1728 1115 1756 1168 6

174 1195 354 1264 μέγας
397 1198 740 1269 ἐκεκόσμητο
775 1201 958 1255 Δαϐίδ.
1023 1203 1219 1266 Ἐνίοις
1263 1203 1321 1257 δὲ
1352 1205 1448 1257 καὶ
1496 1207 1575 1270 εἰς
1628 1205 1757 1276 ὅλην

171 1285 269 1354 τὴν
299 1286 830 1360 ἀνθρωπίνηννρύσιν
847 1291 1026 1357 ἔδοξεν
1053 1293 1454 1365 ἐναρμόζεσθαι
1481 1297 1542 1348 τὸ
1572 1295 1754 1368 ῥητόν.

174 1377 326 1449 Δῦτη
364 1381 496 1450 γὰρ,
529 1382 682 1452 φησὶ,
725 1384 812 1438 διὰ
838 1385 936 1455 τὴν
979 1385 1266 1438 ἀσθένειαν
1309 1387 1405 1457 τῆς
1435 1389 1634 1460 σαρκὸς
1666 1388 1762 1442 καὶ

173 1467 281 1522 τῶν
310 1489 379 1523 πε
390 1472 446 1544 ρ).
475 1473 533 1525 τὸ
560 1473 722 1543 σῶμα
762 1476 1048 1547 φυομένων
1078 1495 1137 1530 τε
1161 1479 1254 1530 καὶ
1271 1477 1761 1550 ἀναστρεφομένων

175 1561 394 1624 παθῶν,
465 1563 575 1615 οὐδ’
627 1565 810 1619 ὅντινα
859 1567 1053 1638 καιρὸν
1115 1567 1493 1622 ἁνατείνεσθαί
1548 1587 1607 1624 τε
1669 1573 1764 1624 καὶ

174 1653 515 1722 ἁνυψοῦσθαι
534 1656 672 1727 ὑπὲρ
693 1657 892 1727 ἑαυτὴν
917 1657 1161 1721 δύναται,
1178 1659 1342 1712 οἱονεὶ
1357 1659 1432 1731 τῷ
1447 1661 1602 1733 βάρει
1628 1661 1763 1715 καθ-

176 1743 492 1816 ελκομένηο
529 1749 625 1800 καὶ
678 1749 809 1801 ποτὲ
864 1751 964 1820 μὲν
1010 1748 1206 1820 τούτῳ,
1259 1752 1392 1804 ποτὲ
1441 1753 1500 1806 δὲ
1571 1753 1763 1826 ἐκείνῳ
1797 1734 1836 1789 Β

178 1836 551 1910 βαρυνομένη,
583 1842 676 1894 καὶ
706 1841 972 1912 μηδέποτε
1003 1844 1218 1915 καθαρὰ
1247 1844 1340 1897 τοῦ
1369 1845 1764 1916 διενοχλοῦντός

176 1947 232 1982 τε
291 1932 392 1984 καὶ
467 1932 741 2000 βιάζοντος
791 1935 1340 2007 καθεστηκυῖα,μηδὲ
1370 1939 1468 2002 τὰς
1502 1939 1764 2010 μεγίστας

175 2038 232 2074 τε
265 2022 512 2092 καὶπερὶ
540 2025 710 2094 αὐτῆς
725 2026 1136 2093 ἀναλογίζεσθαι
1153 2027 1483 2100 δεδυνημένη
1523 2030 1728 2093 ἐννοίας
1746 2045 1760 2060 ο

177 2113 317 2166 ἀλλά
349 2114 536 2177 καλῶς
578 2133 642 2184 γε
680 2115 930 2182 ποιοῦσα,
957 2119 1062 2188 γῆν
1101 2135 1161 2172 τε
1199 2119 1371 2190 αὑτὴν
1425 2121 1518 2174 καὶ
1569 2121 1763 2175 σποδὸν

179 2207 422 2274 ἡγεῖται,
455 2207 549 2260 καὶ
564 2207 897 2281 ἁναξίαντῆς
927 2211 1068 2282 ὑπὲρ
1092 2211 1380 2283 ἄνθρωπον
1413 2213 1730 2278 ἀναϐάσεως
1751 2230 1764 2244 ·

179 2296 267 2350 ἶνα
293 2298 376 2368 μὴ
398 2299 784 2366 μεταλαόοὖσα
814 2303 909 2355 τοῦ
944 2301 1101 2368 ξύλου
1149 2305 1334 2374 ἐφέσει
1369 2305 1644 2377 Θεότητος,
1677 2307 1771 2360 καὶ

180 2389 361 2458 αὐτῆς
391 2391 493 2460 τῆς
525 2393 843 2465 πρεπούσης
880 2397 1016 2468 αὐτῇ
1050 2397 1142 2450 καὶ
1181 2399 1627 2470 ἐναρμοζομένης
1669 2400 1773 2452 πά-

181 2482 264 2536 λιν
296 2482 510 2548 τάξεως
541 2490 837 2560 κατενεχθῇ
877 2503 892 2518 °
934 2489 1182 2543 ἐντεῦθεν
1202 2490 1258 2544 δὲ
1288 2491 1414 2561 ὑψοῖ
1454 2493 1552 2564 τὴν
1595 2493 1776 2565 ψυχὴν

1850 483 2024 538 eaque
2059 465 2260 522 referat
2281 467 2348 542 ad
2388 467 2534 519 hunc
2561 464 2738 518 virum
2780 465 3077 521 humilitati
3121 467 3423 531 subditum,

1849 562 1894 616 si
1931 560 2080 613 dicat
2107 559 2309 628 scripta
2340 567 2393 612 et
2419 558 2561 612 edita
2611 572 2733 611 esse
2763 559 2831 611 ab
2866 573 2932 613 eo
2985 573 3082 612 cor
3113 559 3416 614 contritum

1850 661 1904 707 et
1941 651 2291 706 humiliatum
2345 659 2594 720 gerente,
2646 651 2736 704 hic
2781 666 3002 719 quoque
3059 666 3090 705 a
3147 662 3297 706 recta
3335 651 3423 704 via

1852 760 1962 798 non
2014 743 2354 796 abhorreret.
2386 738 2635 811 Namque
2690 742 3020 809 humilitate,
3061 751 3121 796 ut
3174 743 3362 796 multis
3392 757 3423 797 e

1853 834 1990 890 locis
2032 833 2330 904 colligitur,
2380 848 2614 903 magnus
2662 841 2894 888 ornatus
2930 841 3016 887 est
3069 833 3257 888 David.
3300 835 3440 890 Ηωση

1857 923 2128 981 sententia
2157 923 2408 994 pluribus
2439 923 2606 977 etiam
2637 923 2756 978 visa
2782 933 2867 978 est
2903 924 3202 978 humanam
3231 923 3298 978 ad
3326 941 3428 978 na-

1858 1027 2036 1072 turam
2068 1025 2336 1086 spectare.
2371 1014 2493 1070 Ihec
2523 1015 2688 1081 enim,
2711 1016 2987 1086 inquiunt,
3013 1025 3237 1086 propter
3252 1017 3436 1071 carnis

1859 1109 2230 1164 inﬁrmitatem
2319 1121 2619 1178 omnesque
2671 1107 2892 1162 dolores
2945 1107 3042 1177 qui
3095 1109 3151 1162 in
3203 1122 3458 1178 corpore-

1857 1205 2159 1275 gignuntur
2210 1212 2263 1257 et
2307 1201 2560 1256 incidunt
2615 1200 2836 1271 proprio
2901 1203 3144 1271 pondere
3210 1207 3439 1272 gravata

1861 1307 1968 1345 non
2001 1307 2066 1346 ea
2119 1299 2202 1346 est
2235 1305 2354 1360 quae
2425 1289 2510 1344 vel
2570 1289 2637 1342 ad
2671 1289 2948 1344 modicum
3003 1306 3174 1359 supra
3201 1291 3442 1357 seipsam

1861 1383 1992 1454 erigi
2032 1393 2084 1438 et
2116 1383 2287 1438 attolli
2329 1392 2510 1453 queat.
2562 1382 2772 1436 Etenim
2824 1396 2969 1436 nunc
3035 1382 3119 1436 his
3152 1397 3301 1437 nunc
3337 1382 3444 1434 illis

1863 1485 2110 1538 onerata,
2152 1491 2254 1530 nec
2311 1491 2554 1545 unquam
2595 1475 2907 1529 turbatione
2962 1484 3017 1528 et
3075 1475 3443 1544 oppressione

1867 1571 2115 1632 liberata,
2165 1568 2298 1622 nihil
2334 1582 2592 1636 magnum
2623 1567 2689 1621 de
2737 1581 2797 1620 se
2835 1567 3145 1633 excogitat;
3203 1564 3298 1617 sed
3352 1578 3444 1616 se-

1867 1665 2063 1732 ipsam,
2098 1662 2240 1715 haud
2271 1661 2546 1715 immerito
2605 1660 2850 1729 quidem,
2881 1658 3016 1710 nihil
3070 1667 3267 1726 praeter
3315 1655 3440 1724 pul-

1870 1775 2046 1814 verem
2081 1766 2136 1813 et
2184 1759 2426 1812 cinerem
2463 1772 2586 1810 esse
2611 1756 2894 1810 existimat
2927 1763 2982 1807 et
3015 1751 3297 1819 indignam
3326 1767 3456 1820 quae

1865 1868 2028 1921 supra
2054 1850 2331 1906 hominem
2368 1855 2639 1916 assurgat.
2672 1844 2790 1911 Qua
2822 1845 2876 1897 in
2903 1842 3172 1898 sententia
3204 1855 3450 1895 commo-

1863 1950 2035 2004 ratur,
2068 1955 2156 2003 ne,
2211 1937 2482 2008 particeps
2540 1936 2722 1990 crucis
2758 1933 2921 2000 facta,
2980 1932 3280 2000 sitiensque
3329 1930 3450 1984 dei-

1866 2033 2014 2096 tatis,
2048 2030 2268 2085 recedat
2293 2029 2360 2083 ab
2385 2029 2488 2084 ista
2523 2029 2650 2082 vitae
2683 2029 2895 2081 ratione
2914 2042 3036 2096 quae
3071 2026 3247 2094 ipsam
3275 2023 3452 2081 decet.

1863 2124 2102 2194 huicque
2153 2121 2624 2177 accommodatur.
2691 2120 2840 2174 Crux
2871 2127 3055 2172 autem
3111 2118 3167 2170 in
3223 2114 3458 2170 sublime

1871 2215 1976 2270 fert
1997 2215 2236 2268 animam
2275 2221 2330 2267 et
2363 2211 2651 2282 proprium
2683 2211 2867 2265 cibum
2898 2210 2948 2264 ei
2986 2209 3212 2280 praebet,
3237 2218 3291 2262 et
3332 2207 3470 2261 illas-

1875 2306 2231 2376 eogitationes
2248 2319 2369 2374 quae
2385 2303 2552 2358 simul
2569 2312 2731 2373 atque
2749 2318 2948 2374 corpus
2971 2301 3042 2355 ali
3068 2315 3176 2354 non
3201 2306 3456 2369 possunt.

1877 2399 2125 2468 Namque
2173 2398 2278 2452 hoc
2311 2399 2563 2464 verbum,
2601 2406 2660 2450 ut
2711 2396 2806 2465 qui
2857 2411 2890 2450 a
2915 2395 3054 2450 laete
3079 2392 3345 2464 depulsus
3379 2399 3462 2446 est

1881 2495 1945 2546 ad
1971 2502 2202 2544 matrem
2231 2506 2389 2544 suam
2430 2529 2445 2545 .
2476 2508 2499 2544 .'
2530 2530 2543 2544 .
2582 2530 2595 2542 .
2632 2528 2646 2542 .
2679 2528 2694 2543 .
2722 2529 2736 2544 .

183 2576 280 2626 καὶ
301 2577 496 2644 τρέφει
519 2575 618 2648 τὴν
650 2579 834 2648 ἡδεῖαν
884 2580 1112 2652 τροφὴν,
1144 2583 1360 2648 ὲκείνας
1414 2586 1512 2649 τὰς
1561 2587 1774 2650 ἑννοίας
1806 2585 1870 2648 ἃς
1903 2583 2044 2655 μετὰ
2081 2583 2175 2636 τοῦ
2206 2583 2458 2653 σώματος
2485 2581 2761 2654 τραφῆναι
2781 2581 2844 2634 οὐ
2901 2580 3123 2634 δύναται
3149 2595 3166 2612 ⁶
3231 2576 3462 2646 καὶγὰρ

182 2669 280 2732 τὸ,
313 2686 336 2720 ι
383 2668 475 2732 Ὠς
503 2667 563 2722 τὺ
612 2670 1232 2744 ἀπογεγαλακτισμένον
1267 2677 1360 2730 ἐπὶ
1414 2677 1512 2748 τὴν
1569 2679 1782 2750 μητέρα
1817 2676 2052 2731 αὑτοῦ...
2097 2695 2116 2728 ι

254 2760 357 2830 τῷ
412 2760 593 2830 μέντοι
630 2765 710 2826 είς
734 2767 825 2816 τὸν
855 2765 1060 2836 Κύριον
1085 2767 1241 2837 ἡμῶν
1283 2769 1494 2840 Ἰησοῦν
1540 2771 1777 2842 Χριστὸν

187 2854 565 2926 μεταφέροντι
625 2856 722 2927 τὴν
766 2859 1086 2930 ἑρμηνείαν,
1117 2861 1211 2916 καὶ
1253 2865 1596 2935 προφητείαν
1637 2861 1781 2920 εἶναι

184 2948 280 3000 τὸν
331 2949 546 3002 ἐκείνου
576 2949 691 3020 βίον
743 2953 836 3005 καὶ
864 2954 1126 3024 τρόπαιον
1170 2955 1593 3026 ὑπογράφουσαν
1621 2956 1782 3023 δόξαν

187 3043 532 3112 ποιουμένῳ,
559 3041 678 3096 οὑδὲ
719 3044 880 3099 τοῦτο
921 3046 987 3100 ἂν
1037 3047 1248 3116 γένοιτο
1293 3052 1407 3113 τοῖς
1453 3050 1782 3122 δευτερείοις

1947 2768 2050 2836 Qui
2083 2767 2149 2822 ad
2186 2766 2481 2821 Dominum
2520 2776 2773 2823 nostrum
2817 2765 3006 2821 .Iesum
3060 2766 3339 2821 Christum
3377 2766 3464 2821 in.-

1880 2861 2320 2931 terpretationem
2357 2859 2591 2927 confert,
2647 2861 2920 2929 habetque
2980 2860 3146 2913 vitam
3196 2861 3316 2928 ejus
3340 2877 3466 2931 pro~

1877 2951 2120 3021 phetiam
2173 2965 2280 3020 qua
2318 2958 2580 3019 tropzeum
2630 2950 2948 3004 inscribitur
2992 2949 3060 3004 iis
3083 2950 3177 3018 qui
3212 2951 3318 3004 Deo
3346 2952 3466 3005 lau-

1880 3045 2003 3098 dem
2052 3043 2381 3106 retribuunt,
2433 3056 2541 3095 non
2595 3041 2640 3094 is
2698 3056 2804 3094 non
2848 3041 3151 3096 secundum
3201 3042 3476 3096 obtinebit

187 3133 613 3203 ὲναριθμεῖσθαι
641 3135 751 3189 τῶν
777 3137 953 3205 ὀρθῶς
979 3141 1230 3210 περὶτῆς
1269 3142 1483 3210 ρήσεως
1515 3144 1779 3215 rellatum-

1903 3135 2086 3189 locum
2132 3135 2274 3187 inter
2307 3150 2402 3188 eos
2431 3134 2526 3201 qui.
2557 3133 2656 3186 hac
2682 3131 2748 3186 de
2781 3124 3057 3186 sententia
3085 3141 3230 3186 recte
3261 3133 3470 3202 cogita-

187 3226 396 3278 κότωνο
429 3224 618 3296 ὥσπερ
632 3229 738 3300 γὰρ
758 3229 868 3293 τὺ,‹
882 3231 1120 3300 Ὠρυξαν
1143 3235 1330 3304 χεῖράς
1366 3252 1467 3305 μου
1501 3238 1594 3290 καὶ
1613 3237 1781 3301 πόδας

192 3333 360 3387 pou,»
390 3317 559 3370 Δαϐὶδ
583 3319 681 3389 μὲν
731 3320 900 3388 λέγει,
928 3323 1008 3386 εἰς
1039 3323 1274 3393 Χριστὸν
1309 3325 1365 3378 δὲ
1396 3326 1578 3397 ἐξέϐη,
1611 3327 1783 3393 οὕτως

189 3411 293 3465 καὶ
314 3413 371 3464 τὸ
388 3410 732 3484 εἰρημένον,‹
750 3413 975 3467 Ἔθεντό
994 3431 1061 3485 με
1081 3419 1138 3468 ὲν
1158 3416 1343 3487 λάκκῳ
1361 3420 1675 3491 κατωτάτῳ,
1692 3422 1784 3474 καὶ

189 3503 583 3573 διεμερίσαντο
608 3503 677 3556 τὰ
714 3505 904 3575 ἱμάτιά
935 3525 1094 3576 μου,›
1133 3510 1227 3562 καὶ
1256 3510 1428 3580 μυρία
1447 3511 1604 3564 ἄλλα·
1630 3513 1788 3567 τοῦτο

191 3595 251 3648 δὲ
278 3597 378 3647 καὶ
423 3595 454 3646 6
515 3595 728 3660 Παῦλος
768 3599 1028 3670 συνορῶν,
1065 3601 1492 3670 αἰχμαλωτίξειν
1533 3607 1790 3674 παραινεῖ

195 3687 313 3740 πᾶν
349 3687 532 3756 νόημα
559 3688 639 3750 εἰς
661 3688 762 3759 τὴν
790 3689 1040 3760 ὑπακοὴν
1077 3691 1172 3745 τοῦ
1225 3693 1464 3766 Χριστοῦ
1490 3712 1504 3725 '
1556 3695 1651 3747 καὶ
1679 3695 1788 3767 γὰρ

192 3773 311 3828 οὐδ’
357 3775 549 3847 ὑψώθη
577 3777 811 3846 Χριστὸς
858 3781 886 3832 6
933 3781 1065 3844 Θεὸς
1099 3783 1258 3852 ἡμῶν
1316 3785 1344 3837 6
1396 3783 1537 3855 ὑπὲρ
1589 3787 1790 3849 παντὸς

195 3866 376 3936 ὕψους
398 3867 498 3920 καὶ
531 3867 709 3939 πάσης
737 3870 1010 3941 ὑπεροχῆς
1023 3873 1212 3938 τελῶν,
1237 3874 1358 3927 οὑδὲ
1382 3876 1786 3948 ὲμετεωρίσΟη·

199 3961 412 4030 μᾶλλον
457 3960 517 4014 δὲ
550 3961 611 4013 τὸ
663 3962 1021 4016 ἀποστολικδν
1069 3967 1278 4018 εἰπεῖν’
1317 3969 1460 4040 «Οὐχ
1496 3969 1793 4039 ἁρπαγμὸν

197 4053 458 4121 ἡγήσατο
482 4051 545 4103 τὸ
573 4046 714 4104 εἶναι
743 4053 836 4107 ἴσα
864 4054 1004 4125 Θεῷ,
1033 4055 1151 4108 ἀλλ’
1173 4057 1365 4110 ἑαυτὸν
1383 4059 1618 4112 ἐκένωσε
1664 4075 1795 4131 μορ-

199 4145 314 4216 φὴν
345 4143 540 4197 δούλου
566 4144 770 4209 λαϐὼν,
798 4148 893 4200 καὶ
925 4149 1166 4218 σχήματι
1198 4150 1446 4221 εὑρεθεὶς
1480 4150 1554 4215 ὡς
1586 4151 1796 4222 ἄνθρω-

201 4254 326 4301 πος,
363 4237 740 4291 ἐταπείνωσεν
767 4239 956 4293 ἑαυτὸν
989 4242 1421 4313 μέχριθανάτουο
1449 4265 1466 4296 ι
1504 4247 1598 4299 καὶ
1631 4247 1797 4311 αὐτὸς

201 4332 261 4382 δὲ
291 4332 505 4392 ἐκεῖνος
533 4330 678 4382 κατὰ
689 4332 880 4402 καιρὸν
902 4333 998 4385 τοῦ
1021 4334 1225 4398 πάθους
1246 4338 1429 4406 φησιν’
1444 4357 1462 4389 ι
1485 4337 1796 4410 Ἦδυνάμην

204 4420 602 4491 παρακαλέσαι
638 4421 731 4474 τὸν
771 4423 991 4495 Πατέρα
1030 4442 1153 4495 μου,
1194 4428 1286 4480 καὶ
1340 4427 1655 4498 παρέστησε
1706 4445 1798 4500 μοι

1887 3236 2104 3282 verunt.
2145 3243 2165 3276 ι
2225 3225 2294 3282 Ut
2331 3227 2475 3280 enim
2517 3224 2774 3279 foderunt
2805 3241 2999 3279 manus
3049 3241 3198 3279 meas
3221 3238 3271 3279 et
3311 3225 3472 3294 pedes

1886 3322 2123 3386 meos”,
2182 3340 2202 3372 ι
2257 3320 2390 3375 dicit
2441 3306 2632 3384 David,
2662 3319 2942 3372 Christum
2995 3328 3223 3388 spectat,
3257 3321 3337 3373 sic
3369 3320 3474 3372 hoc

1887 3417 2115 3481 dictum,
2145 3413 2551 3470 descenderunt
2585 3428 2670 3466 me
2701 3414 2752 3466 in
2803 3412 2995 3465 inﬁma
3041 3411 3209 3475 loss-at,
3242 3423 3297 3464 et
3330 3428 3348 3460 ι
3386 3409 3479 3463 υἰ-

1887 3507 2133 3562 riserunt
2162 3507 2265 3562 sibi
2302 3507 2625 3560 vestimenta
2659 3519 2777 3557 mea
2806 3503 2854 3533 "
2893 3521 2910 3554 ι
2957 3510 3011 3555 et
3040 3511 3301 3557 sexcenta
3331 3501 3474 3564 alia;

1889 3598 2032 3667 quod
2069 3609 2123 3651 et
2156 3598 2268 3668 ipse
2313 3595 2568 3665 intelligit
2609 3593 2832 3648 Paulus.
2880 3590 3108 3646 Omnem
3162 3606 3380 3645 sensum
3409 3590 3479 3644 ad

1891 3689 2167 3742 Christum
2229 3688 2491 3752 referens,
2562 3701 2798 3754 namque
2825 3701 2890 3738 ne
2924 3684 3099 3736 elatus
3133 3682 3349 3750 quidem
3380 3680 3482 3733 fuit

1892 3781 2146 3836 Christus
2181 3780 2323 3835 Deus
2353 3790 2538 3834 noster
2576 3779 2667 3848 qui
2697 3793 2859 3846 super
2888 3791 3105 3828 omnem
3131 3773 3478 3827 altitudinem

1895 3884 1949 3926 et
1977 3871 2332 3927 eminentiam
2363 3878 2755 3933 commoratur,
2794 3883 2894 3921 nec
2921 3867 2972 3919 in
2997 3865 3231 3920 sublime
3264 3875 3496 3918 erectus.

1899 3962 2018 4017 fuit.
2048 3961 2142 4016 Vel
2193 3962 2374 4032 potius
2413 3959 2774 4031 apostolicum
2829 3957 3060 4011 verbum
3104 3955 3483 4024 hujuscemodi

1897 4065 1983 4110 est
2013 4073 2028 4109 :
2070 4075 2088 4107 ι
2126 4052 2244 4108 Νοη
2281 4053 2526 4121 rapinam
2587 4051 2888 4104 arbitratus
2937 4055 3022 4102 est
3057 4062 3181 4101 esse
3210 4062 3267 4100 se
3293 4061 3480 4114 aequa-

1902 4147 2008 4202 lem
2041 4145 2177 4212 Deo,
2204 4146 2298 4200 sed
2335 4144 2688 4212 semetipsum
2720 4141 3044 4202 exinanivit,
3078 4139 3310 4194 formam
3341 4140 3485 4192 servi

1901 4239 2195 4310 accipiens,
2226 4239 2279 4292 in
2333 4237 2746 4292 similitudinem
2783 4234 3063 4288 hominum
3086 4231 3284 4297 factus,
3308 4243 3362 4286 et
3393 4232 3490 4285 hu-

1902 4332 2134 4387 miliavit
2191 4331 2544 4400 semetipsum
2599 4344 2772 4398 usque
2824 4327 2892 4380 ad
2942 4325 3250 4381 mortem”.
3295 4343 3312 4376 ι
3371 4323 3487 4392 Ipse

1904 4426 2067 4479 etiarn
2101 4426 2168 4480 ad
2197 4423 2464 4493 passionis
2491 4431 2706 4492 tempus
2734 4421 2874 4474 dixit
2911 4439 2924 4475 :
2975 4437 2994 4471 ι
3036 4418 3257 4473 Possem
3290 4431 3486 4485 rogare

206 4512 468 4573 πλείονας
502 4511 536 4582 ἢ
565 4509 774 4565 δώδεκα
805 4513 1078 4582 λεγεῶνας
1117 4517 1417 4584 ἀγγέλωνοι
1446 4517 1584 4583 ἀλλ’,
1616 4516 1676 4571 οὗ
1709 4536 1775 4589 μο

1907 4515 2120 4570 Patrem
2158 4529 2364 4577 meum,
2401 4523 2456 4568 et
2502 4512 2786 4566 exhiberet
2821 4510 2958 4564 mihi
3003 4509 3166 4564 modo
3199 4507 3486 4576 plusquam

205 4601 433 4672 γνώμη,
479 4606 544 4655 τὸ
584 4604 871 4673 ὑψοῦσθαι,
904 4606 1133 4676 μέγεθος
1171 4608 1229 4661 δὲ
1282 4611 1378 4663 καὶ
1428 4609 1801 4680 θαυμασιότης

208 4689 356 4760 ὑπὲρ
378 4689 548 4743 αὑτὸν
575 4689 700 4744 οὑτε
734 4687 803 4763 ἦν
839 4692 964 4746 οὗτε
986 4695 1288 4764 ὑπενοεῖτο,
1316 4697 1440 4751 οὔτε
1485 4699 1650 4762 αὑτὸς
1684 4699 1805 4752 οὑδὲ

209 4783 545 4852 ἐπεστράφη
566 4785 698 4837 ποτὲ
715 4785 1145 4859 ὑπερενεχθῆναι
1169 4789 1365 4860 τούτῳ.
1405 4790 1471 4844 Τί
1496 4790 1606 4862 γὰρ
1632 4790 1700 4844 ἂν
1719 4793 1806 4862 είη

210 4875 728 4948 θαυμασιιὶιτερονῆ
767 4878 952 4948 μεῖζον
981 4879 1081 4962 τῆς
1117 4882 1257 4953 ὑπὲρ
1298 4885 1406 4936 πᾶν
1441 4883 1672 4952 μέγεθος
1710 4883 1806 4936 καὶ

211 4967 440 5037 ἀξίωμα
492 4967 934 5039 ὑπεριδρυμένης
971 4971 1190 5040 φύσεως
1237 4972 1459 5042 θεῖκῆς;
1509 4973 1648 5044 πλὴν
1690 4974 1806 5028 ἀλλ’

1903 4608 2190 4664 duodecim
2229 4607 2470 4678 legiones
2501 4605 2818 4675 angelorum
2840 4605 2934 4669 π’,
2973 4621 2990 4654 ι
3026 4603 3142 4666 sed,
3173 4614 3232 4655 ut
3268 4601 3484 4668 opinor,

1905 4699 2155 4761 altitudo,
2213 4695 2532 4766 magnitudo
2589 4703 2642 4749 et
2698 4693 2986 4748 admiratio
3029 4691 3084 4745 in
3119 4689 3340 4744 Christo
3389 4703 3490 4742 nec

1904 4801 2079 4854 erant,
2114 4803 2213 4842 nec
2239 4787 2704 4857 suspiciebantur.
2746 4783 2857 4840 Nec
2886 4785 3003 4854 ipse
3041 4779 3295 4852 quasivit
3350 4795 3490 4850 quo-

1907 4882 2072 4933 modo
2127 4877 2340 4933 caneris
2395 4877 2768 4931 antecelleret.
2809 4875 2950 4942 Quid
2983 4874 3134 4928 enim
3179 4870 3488 4928 mirabilius

1907 4972 1992 5026 vel
2016 4970 2195 5040 majus
2249 4977 2396 5024 esset
2449 4985 2614 5039 quam
2678 4977 2871 5022 natura
2919 4967 3102 5020 divina
3157 4979 3284 5035 quze
3322 4979 3488 5034 super

213 5062 338 5114 οὐδὲ
353 5062 433 5124 ὡς
451 5061 550 5115 ἄνθ
557 5078 743 5131 ρωπος
756 5063 873 5122 τοῖς
889 5064 1114 5118 κατὰτὰ
1130 5064 1384 5134 περίγεια
1399 5066 1494 5120 καὶ
1517 5067 1614 5138 τὴν
1632 5067 1779 5139 σάρκα

1907 5078 2126 5118 omnem
2182 5061 2614 5130 magnitudinem
2661 5068 2718 5113 et
2764 5058 3111 5128 majestatem
3160 5056 3518 5110 collocatur?

221 5155 474 5223 μεγάλην
503 5154 664 5218 δόξαν
699 5156 792 5209 καὶ
819 5157 983 5225 ὄγκον
1019 5157 1510 5228 περιϐεϐλημένοις
1542 5161 1664 5213 οὑδὲ
1687 5161 1813 5212 τού-

218 5263 333 5310 τοις
356 5246 733 5315 συνημιλλᾶτο
750 5247 847 5300 καὶ
866 5248 1278 5318 συνεπορεύετο·
1301 5249 1502 5320 μᾶλλον
1515 5251 1571 5302 δὲ
1588 5251 1814 5304 τούναν-

221 5338 337 5390 τίον
365 5338 516 5392 am»;
537 5338 1010 5412 ταπεινοφροσύνῃ
1026 5341 1121 5393 καὶ
1144 5341 1458 5412 μετριότητι
1482 5342 1600 5394 ὅλον
1622 5343 1814 5396 ἑαυτὸν

222 5430 605 5502 ιῖιερρὑμιζεο
625 5431 707 5484 διὸ
724 5431 858 5485 καὶό
877 5435 1183 5504 προφήτηςο
1209 5451 1227 5485 ι
1248 5435 1441 5505 Χαῖρε,
1461 5427 1620 5504 φησὶ,
1648 5435 1816 5504 θύγα-

225 5541 327 5595 τερ
350 5523 493 5578 Σιών
515 5541 530 5555 ·
560 5541 580 5576 ›
610 5525 704 5579 καὶ
728 5525 828 5596 τῆς
853 5527 1032 5591 αἰτίας
1061 5529 1096 5597 ή
1125 5526 1292 5600 χαρὰ,
1319 5547 1337 5580 ‹
1375 5527 1502 5581 Ὅτι
1529 5529 1703 5599 πρᾶος
1723 5531 1818 5583 καὶ

308 5735 353 5766 ⁸⁸
388 5731 538 5790 Psal.
568 5749 686 5802 xxi,
716 5735 772 5790 7.

1912 5157 2181 5212 Praeterea
2237 5153 2494 5209 Christus
2543 5169 2630 5217 ne,
2677 5162 2736 5206 ut
2779 5152 2942 5205 homo
2987 5151 3232 5220 quidem,
3263 5149 3494 5204 cumeis

1912 5247 2025 5317 qui,
2063 5247 2109 5300 si
2151 5245 2217 5299 ad
2247 5254 2462 5300 terrena
2499 5253 2552 5298 et
2587 5259 2850 5312 corporea
2879 5253 3114 5312 spectes,
3148 5241 3320 5295 multo
3350 5239 3492 5293 fastu

1917 5339 2351 5403 circumdantur,
2439 5337 2824 5398 contendebat,
2889 5343 2984 5389 aut
3044 5331 3492 5388 conversabatur.

1917 5431 2033 5487 lmo
2066 5449 2197 5487 vero
2230 5447 2289 5486 se
2320 5439 2492 5486 totum
2527 5432 2580 5484 in
2630 5429 2939 5484 humilitate
2969 5435 3026 5482 et
3054 5425 3319 5480 modestia
3347 5440 3497 5478 com-

1921 5525 2175 5596 ponebat.
2203 5524 2384 5592 Quare
2407 5524 2707 5594 propheta:
2738 5521 3014 5589 cExsulta,
3050 5517 3160 5574 lilia
3186 5514 3343 5583 Sion;
3372 5531 3514 5570 nam.

848 5733 894 5765 ³³
922 5733 1070 5789 Psal.
1107 5748 1220 5800 xxI,
1252 5733 1340 5788 Π.
1417 5732 1460 5765 3"
1494 5733 1628 5790 ibid.
1664 5732 1748 5789 19.

1904 5731 2104 5803 Philip.
2133 5745 2194 5798 ιι,
2231 5730 2286 5798 6,
2316 5729 2367 5800 7,
2395 5730 2448 5785 8.
2525 5728 2613 5784 25‘
2647 5729 2783 5785 ibid.
