3904 6218
505 235 646 302 1135

1658 256 1918 318 ΡΗΟΤΠ
1949 259 2450 326 ΡΑΤΒΙΑΒΕΗᾸΞ
2479 268 2587 329 CP.

3627 279 3753 346 H36

498 363 664 402 causa
689 355 774 403 est
797 348 892 404 tibi
914 352 1119 422 gaudii,
1152 357 1409 431 quoniam
1434 359 1652 430 quietus
1673 373 1728 418 et
1766 377 2082 424 mansuetus

2182 372 2385 444 ἥσυχος
2409 375 2534 445 ἥκει
2564 391 2646 430 σοι
2687 375 2719 429 ὁ
2739 375 3024 447 βασιλεὺς·
3055 400 3076 434 ι
3108 384 3173 436 τὸ
3197 383 3278 450 δὲ,
3313 387 3750 458 ἀπογεγαλακτι-

499 439 648 494 venit
671 439 739 494 ad
767 448 820 496 te
853 457 945 496 rex
971 442 1037 498 “.
1069 463 1105 495 ι·
1136 445 1249 502 iloc
1285 450 1514 505 verbum
1543 467 1573 506 a
1605 452 1743 508 lacte
1779 455 2069 525 depulsum

503 544 621 552 ---μ
674 531 756 552 ._:_
787 530 919 552 .-_._
982 551 1023 552 η
1278 548 1287 552 -
1432 544 1442 552 .
1590 543 1602 552 .

2178 439 2393 534 σμένον,
2419 439 2786 538 έναρμοσθεέη
2818 468 2886 521 ἂν
2909 439 3026 534 rei;
3046 439 3384 544 εἰρημένοις,

497 544 624 584 cum
671 531 758 586 his
785 530 926 588 forte
971 548 1316 608 congrueret,
1351 544 1480 611 quia
1515 543 1754 598 animam
1789 562 1952 616 quam
1984 564 2073 605 as-

497 634 809 693 sumpserat
845 626 914 680 ad
966 629 1246 698 antiquam
1277 641 1332 686 et
1360 633 1696 702 primitivam
1745 635 2069 710 dignitatem

494 714 735 780 reduxit,
785 719 932 788 quod
964 720 1103 775 idem
1131 731 1216 776 est
1265 738 1330 779 ac
1354 725 1494 780 lacte
1524 728 1816 798 depulsum
1849 732 1917 786 ad
1953 748 2070 787 ma-

503 814 642 861 trem
689 825 868 865 suam.
919 811 977 866 Si
1012 814 1139 882 quis
1184 827 1366 872 autem
1402 819 1732 891 intelligeret
1788 823 2066 882 Christum

489 914 779 974 postquam
804 915 972 978 utque
994 909 1156 973 Deus,
1191 921 1360 983 utque
1388 915 1554 972 homo
1577 923 2069 979 commorationem

490 1010 649 1049 suam
697 997 840 1053 inter
884 999 1136 1058 homines
1175 1007 1404 1075 peregit,
1453 1023 1646 1063 rursus
1689 1011 1756 1065 ad
1782 1021 2069 1082 paternum

489 1088 756 1155 gremium
797 1106 864 1146 ex
893 1107 1005 1161 quo
1051 1110 1309 1164 egressus
1353 1108 1471 1154 erat
1509 1117 1790 1158 reversum
1831 1121 1977 1171 esse,
2022 1107 2070 1162 is

488 1193 708 1249 quoque
731 1182 1047 1239 verisimilia
1081 1188 1402 1256 conjiceret.
1435 1190 1690 1264 Namque
1724 1196 1854 1252 illuc
1887 1213 2084 1276 recur-Z

488 1284 636 1336 rens,
677 1279 733 1325 et
776 1284 1002 1344 accepto
1056 1291 1222 1347 super
1264 1282 1450 1337 omnia
1491 1285 1721 1354 judicio,
1769 1303 1962 1344 omnes
2015 1289 2072 1344 in

487 1362 839 1433 semetipsum
889 1365 1236 1436 justilicavit,
1287 1374 1431 1443 quod
1487 1391 1556 1430 ex
1585 1377 1673 1434 his
1721 1378 1906 1435 verbis
1940 1394 2075 1436 con-

486 1459 596 1507 stat
633 1469 649 1508 :
687 1473 707 1505 ι
742 1456 1020 1514 Restitues
1049 1461 1116 1515 ad
1151 1463 1391 1518 animam
1416 1481 1621 1522 meam.
1654 1487 1676 1522 ι

660 1565 992 1634 ΟυΑζὸΤΙΟ
1027 1574 1157 1629 CCC
1199 1573 1393 1648 [CoisL
1448 1578 1616 1635 Taur.
1664 1577 1874 1656 CXIII].

517 1655 629 1713 Cur
650 1660 708 1715 in
739 1663 866 1718 rubo
902 1680 995 1718 nec
1026 1668 1082 1722 in
1113 1666 1462 1794 aligeﬁgnra
1509 1671 1684 1743 Moysi
1732 1655 2038 1745 apparuerit

2100 1720 2150 1780 B

2169 555 2348 627 ψυχὴν
2376 557 2443 628 ἦν
2491 559 2858 631 προσείληφεν
2899 562 2997 615 ἐπὶ
3040 565 3103 618 τὸ
3154 567 3383 636 ἀρχαῖον
3437 573 3616 642 αὐτὴν
3669 577 3752 628 καὶ

2170 650 2494 720 προγονικὸν
2527 651 2880 724 ἐπανήγαγεν
2906 656 3126 726 ἀξίωμα
3159 673 3174 688 ο
3210 660 3372 714 τοῦτο
3407 663 3522 734 γὰρ
3561 666 3630 718 ἂν
3673 668 3751 738 εἴη

2169 740 2253 806 τὺ,
2286 758 2308 793 ι
2330 741 2418 804 Ὠς
2434 741 2497 794 τὸ
2522 742 3136 817 ἀπογεγαλακτισμένον
3159 753 3254 804 ἐπὶ
3271 754 3372 824 τὴν
3406 757 3629 828 μητέρα
3660 761 3748 812 ab-

2170 827 2264 882 τοῦ
2292 845 2307 860 ο
2330 848 2350 881 ι
2386 833 2436 883 εἰ
2463 829 2520 883 δέ
2556 848 2641 896 τις
2685 833 2860 888 ἐθέλοι
2909 839 3051 891 νοεῖν
3088 839 3172 892 ὅτι
3207 841 3304 896 καὶ
3337 843 3442 907 τὴν
3468 827 3614 914 μετά
3654 848 3751 899 τῶν

2169 921 2479 992 ἀνθρώπων
2513 925 2863 998 ἀναστροφὴν
2894 927 3216 1000 θεοπρεπῶς
3229 949 3291 984 τε
3346 936 3446 988 καὶ
3473 937 3749 1008 ἀνθρωπο-

2172 1013 2400 1082 πρεπῶς
2425 1014 2652 1080 τελέσας
2697 1019 2862 1072 πάλιν
2905 1020 3000 1073 ἐπὶ
3042 1023 3168 1084 τοὺς
3187 1028 3513 1094 πατρικοὺς,
3540 1022 3622 1082 ὧν
3662 1031 3748 1083 οὐκ

2171 1104 2388 1176 ἐξέστη,
2409 1106 2642 1172 κόλπους
2669 1110 2962 1179 ἐπανῆλθε,
3001 1114 3096 1166 καλ⁵
3138 1110 3295 1180 οὗτος
3348 1118 3419 1171 ἀν
3455 1119 3531 1172 τά
3577 1122 3748 1175 εἰκόνια

2171 1196 2289 1265 ἐρεῖ
2315 1212 2331 1227 ⁸
2383 1198 2480 1251 καὶ
2525 1198 2636 1268 γὰρ
2691 1201 2872 1254 ἐκεῖσε
2924 1203 3252 1274 ἀναδραμὼν
3317 1207 3417 1261 καὶ
3468 1209 3577 1280 τὴν
3623 1212 3748 1282 ὑπὲρ

2146 1287 2390 1340 ,πάντων
2416 1288 2596 1361 κρίσιν
2624 1290 2937 1362 δεξάμενος,
2966 1294 3253 1349 ἐδικαίωσε
3284 1299 3504 1362 πάντας
3538 1301 3600 1353 ὲν
3629 1304 3744 1356 έαυ-

2174 1377 2274 1449 τῷ,
2297 1379 2437 1450 ὅπερ
2474 1381 2815 1453 ὑποδηλώσει
2844 1384 2912 1439 ἂν
2941 1387 3038 1439 καὶ
3068 1385 3152 1452 τὸ,
3181 1405 3200 1440 ι
3223 1389 3316 1452 Ὠς
3349 1391 3748 1458 ἀνταποδὼσεις

2173 1469 2266 1521 ἐπὶ
2301 1469 2403 1542 τὴν
2419 1469 2603 1543 ψυχήν
2622 1490 2749 1544 μου.
2775 1491 2794 1527 ι

2734 1586 3065 1642 ΕΡΩΤΗΣΙΣ
3107 1591 3186 1647 T'.

2176 1673 2339 1728 Διατί
2359 1673 2429 1728 ἐν
2446 1675 2616 1741 ,ϐάτῳ
2645 1677 2744 1752 καὶ
2769 1681 2881 1752 of”:
2899 1680 2971 1734 ἐν
2996 1682 3175 1750 ἑτέρῳ
3205 1683 3376 1752 φυτῷ
3398 1685 3482 1752 τῷ
3517 1688 3752 1742 Μωῦσεῐ

2671 1748 2993 1804 όπτάνεται
3008 1755 3042 1807 ό
3069 1748 3248 1821 Θεόξς

1375 1851 1518 1902 Edita
1548 1867 1577 1903 a
1598 1853 1722 1904 Maio
1746 1855 1804 1918 (l.
1829 1869 1874 1906 c.
1898 1870 1947 1918 p.
1970 1855 2198 1920 ιδΞ-ιδι,
2215 1869 2267 1919 q.
2288 1856 2422 1920 509).
2447 1883 2509 1894 --
2528 1859 2686 1908 Exod.
2709 1873 2778 1921 ur,
2805 1860 2854 1910 2.

555 1928 752 1986 Multas
786 1931 858 1987 ob
883 1947 1116 2000 causas;
1151 1945 1208 1990 at
1240 1936 1564 2008 priusquam
1594 1943 1942 1998 excutiamus
1962 1959 2072 2012 qua

483 2020 552 2074 de
579 2036 744 2076 causa
801 2026 1138 2092 apparuerit,
1177 2027 1359 2083 dicere
1394 2029 1615 2099 expedit
1649 2033 1752 2088 tria
1801 2033 1904 2089 hoc
1927 2049 2073 2106 sym-

488 2113 674 2168 bolum
709 2114 1046 2184 significare.
1089 2116 1187 2173 Vel
1220 2129 1277 2173 ut
1306 2121 1476 2178 rubus
1504 2124 1754 2191 ardebat,
1787 2141 1887 2180 nec
1919 2141 2072 2181 com-

486 2203 809 2270 hurebatur,
857 2208 937 2263 sic
979 2207 1145 2263 Israel
1195 2211 1498 2267 obnoxium
1541 2216 1823 2284 periculis,
1875 2218 2068 2286 pomis,

487 2295 832 2368 ﬂammisque
890 2300 1128 2356 miseria:
1160 2305 1364 2373 quibus
1392 2321 1516 2360 eum
1547 2308 1771 2362 servitio
1795 2309 2070 2378 objectum

486 2387 722 2461 IEgyptii
750 2393 1042 2456 vexabant,
1075 2395 1188 2449 sola
1217 2395 1309 2451 Dei
1335 2397 1524 2452 dextra
1556 2415 1586 2454 e
1625 2412 1799 2455 morte
1822 2410 1877 2455 et
1905 2403 2072 2458 exilio

486 2493 737 2553 ereptum
788 2485 978 2541 fuisse.
1007 2486 1104 2541 Vel
1141 2488 1312 2543 Deum
1348 2489 1612 2559 Verbum,
1646 2493 1825 2548 Patris
1862 2495 2070 2560 lumen,

488 2575 899 2644 incorporeum,
932 2577 1242 2635 divinitatis
1295 2584 1471 2652 ignem
1511 2587 1754 2640 terrestri
1785 2595 1839 2640 et
1869 2603 2073 2656 corpo-

487 2681 584 2720 reo
613 2663 851 2736 Virginis
911 2668 1036 2722 sinu
1103 2669 1346 2734 fulsisse,
1412 2673 1963 2745 inconsumptamque
2020 2685 2074 2730 et

486 2757 748 2834 intactam
788 2757 1059 2828 Virginem
1111 2777 1233 2832 qua:
1275 2776 1599 2834 conceperat
1648 2768 1974 2823 servavisse.
2015 2768 2072 2822 Si

489 2830 664 2905 maiis
713 2851 828 2920 ipse
884 2851 1195 2911 Divinitatis
1247 2857 1388 2927 ignis
1425 2857 1679 2914 humanae
1723 2862 2074 2918 consociatus

488 2953 724 3007 natnrzn,
761 2943 907 2998 illam
953 2947 1172 3014 quidem
1211 2949 1519 3012 mundabit.
1555 2954 1932 3015 consecrabit,
1963 2970 2073 3008 non

489 3042 673 3089 autem
729 3038 1034 3102 comburet,
1073 3055 1172 3094 nec
1201 3041 1420 3097 delebit.
1456 3043 1938 3102 Verumcnimvero
1961 3049 2074 3102 haec

2244 1944 2344 1996 Δια
2364 1942 2562 2005 πολλὰς
2607 1944 2821 2007 αἰτίαςο
2873 1945 3148 2016 μᾶλλονδὲ
3177 1949 3285 2020 πρὸ
3312 1949 3413 2004 τοῦ
3459 1950 3751 2005 ἀποδοῦναι

2172 2033 2273 2096 τὰς
2293 2033 2434 2086 διατί
2465 2033 2621 2103 ὤφθη
2655 2036 2856 2101 αἰτίας,
2893 2037 3118 2108 ἄμεινον
3147 2043 3325 2094 εἰπεῖν
3355 2043 3441 2096 ὅτι
3485 2044 3621 2114 τρια
3644 2045 3751 2096 τινὰ

2171 2123 2234 2177 τὸ
2287 2125 2556 2196 σύμϐολον
2609 2127 2837 2196 μηνύειο
2878 2129 2910 2200 ἢ
2956 2130 3038 2184 ὅτι
3081 2131 3272 2204 ὥσπερ
3317 2134 3352 2203 ἡ
3401 2134 3573 2205 βάτος
3630 2137 3752 2205 πυρὶ

2173 2220 2645 2290 περιελαμϐάνετο
2695 2223 2818 2292 μὲν,
2858 2224 2918 2277 οὐ
2949 2227 3267 2282 κατεκαίετο
3305 2228 3387 2292 δὲ,
3418 2229 3567 2283 οὖτα
3610 2231 3704 2282 καὶ
3729 2233 3755 2283 ὁ

2186 2311 2402 2382 Ἰσραὴλ
2423 2313 2640 2376 ἔκδοτος
2667 2316 2780 2378 τοῖς
2808 2321 3136 2388 πειρασμοῖς
3159 2320 3255 2373 καὶ
3300 2323 3425 2383 ταῖς
3464 2323 3754 2392 τιμωρίαις

2175 2405 2267 2456 καὶ
2286 2407 2350 2474 τῇ
2391 2405 2550 2474 φλογὶ
2569 2409 2666 2475 τῆς
2689 2409 3064 2480 ταλαιπωρίας
3121 2413 3190 2483 ῆν
3238 2414 3428 2476 αὑτοῖς
3467 2416 3522 2466 οἱ
3561 2417 3755 2484 αἱχμα·

2174 2494 2541 2560 λωτεύσαντες
2579 2499 2844 2569 ὑφῆπτον,
2868 2503 3004 2574 μόνῃ
3025 2503 3080 2556 δὲ
3095 2507 3160 2574 τῇ
3183 2505 3279 2557 τοῦ
3307 2505 3446 2559 Θεοῦ
3484 2505 3641 2577 δεξιᾷ
3666 2507 3753 2559 τοῦ

2176 2585 2250 2658 μὴ
2301 2587 2618 2641 διολωλέναι
2664 2590 2758 2642 καὶ
2812 2593 3265 2664 ἁποτεφρωθῆναι
3312 2596 3750 2666 διετηρήθησαν·

2173 2677 2206 2746 ἦ
2245 2678 2375 2730 ὅτιὸ
2406 2677 2537 2741 Θεὸς
2565 2679 2740 2746 Λόγος
2767 2681 2828 2732 τὸ
2849 2682 2964 2749 φῶς
3002 2684 3063 2736 τὸ
3092 2687 3364 2756 πατρικὸν
3397 2689 3573 2739 καὶτὸ
3599 2689 3754 2741 ἇῡλον

2173 2771 2272 2838 τῆς
2305 2771 2571 2842 Θεότητος
2603 2772 2714 2844 πῦρ
2748 2775 2807 2826 ἐν
2853 2777 2918 2845 τῇ
2948 2779 3127 2848 γεηρᾷ
3172 2795 3231 2830 τε
3288 2779 3382 2831 καὶ
3424 2781 3626 2832 ὑλώδει
3661 2780 3754 2848 τῆς

2174 2862 2454 2933 Παρθένου
2485 2865 2672 2934 μήτρᾳ
2721 2867 3159 2937 περιαστράῲαν,
3193 2868 3614 2947 ἀκατάφλεκτρν
3669 2874 3758 2920 καὶ

2172 2955 2434 3024 ἀπήμονα
2488 2956 2745 3009 διασώσει
2801 2958 2899 3029 τὴν
2945 2958 3248 3028 δεξαμένην
3305 2961 3482 3013 αὑτόο
3527 2960 3577 3012 εἰ
3633 2959 3758 3030 βοεξ-

2173 3044 2255 3096 λει
2314 3045 2372 3097 δὲ
2449 3047 2509 3099 τὸ
2570 3047 2702 3101 αὐτὸ
2757 3049 2856 3118 τῆς
2915 3048 3168 3119 θεότητος
3249 3049 3359 3120 πῦρ
3414 3054 3484 3121 τῇ
3545 3053 3758 3124 ἀνθρω-

490 3122 611 3177 rubi
676 3126 935 3195 mysterio
986 3130 1424 3200 praetigurantur,
1471 3133 1771 3204 rubusque,
1828 3151 1929 3190 nec
1962 3137 2070 3192 alia

2178 3135 2306 3207 πίνῃ
2355 3137 2768 3208 προσομιλῆσαν
2824 3140 3032 3209 φύσει,
3081 3138 3435 3211 πυρακτώσει
3498 3143 3603 3212 μὲν
3670 3146 3762 3196 καὶ

491 3213 675 3281 planta
723 3215 1016 3286 subjicitur
1059 3217 1192 3288 igni.
1247 3218 1410 3274 Forte
1453 3224 1715 3290 quoniam
1757 3224 1812 3278 in
1853 3225 2070 3282 deserto

2178 3225 2509 3296 θεοποιήσει,
2532 3227 2608 3280 οὑ
2643 3228 2972 3296 καταφλέξει
3009 3229 3067 3283 δὲ
3098 3229 3195 3282 κα)⁸
3243 3229 3566 3298 ἐξαφανίσει
3589 3250 3604 3260 υ
3629 3233 3762 3287 ἀλλά

495 3305 643 3358 nulla
697 3305 804 3360 alia
843 3306 1026 3376 planta
1073 3309 1432 3378 gignebatur;
1467 3312 1550 3366 vel
1586 3313 1775 3375 etiam.
1811 3324 1870 3369 ut
1903 3316 2074 3372 disca-

495 3411 618 3452 mus
646 3395 822 3466 ignem
875 3399 1122 3455 divinum
1159 3415 1282 3457 cum
1309 3410 1557 3456 naturam
1595 3405 1888 3460 humanam
1923 3425 2074 3462 com-

495 3489 820 3554 plecteretur
845 3508 967 3562 qua:
986 3505 1206 3562 peccata
1235 3510 1334 3551 sua
1359 3506 1418 3551 ut
1447 3498 1638 3568 spinas
1664 3500 1898 3569 projicit,
1926 3501 2074 3569 illam

495 3579 885 3646 inﬂammasse,
928 3599 1034 3639 non
1070 3596 1252 3642 autem
1279 3591 1708 3660 consumpsisse.
1741 3591 1844 3645 Sed
1887 3592 2075 3661 spinas

497 3676 901 3733 circunnlantes
985 3683 1265 3736 exussisse
1307 3697 1372 3737 ac
1409 3682 1694 3739 delevisse.
1729 3683 1825 3740 Vel
1851 3686 2074 3742 si.aliud

498 3780 549 3823 te
575 3769 749 3837 juvat,
800 3770 856 3824 in
913 3772 1053 3826 rubo
1091 3773 1196 3827 isto
1223 3785 1482 3842 apparent
1509 3776 1784 3849 pleraeque
1809 3779 2072 3848 gentium,

497 3859 724 3932 abiectis
776 3863 845 3918 de
901 3863 1012 3919 Deo
1067 3866 1429 3936 opinionibus
1473 3879 1758 3937 correptze,
1808 3879 1864 3925 et
1915 3871 2074 3941 quasi

499 3955 774 4011 atheismo
818 3957 1079 4024 obsessae,
1111 3960 1321 4014 semina
1359 3971 1711 4029 peccatorum
1764 3977 1949 4017 secum
1989 3964 2073 4018 l'e-

499 4057 701 4112 rentes,
732 4050 1201 4127 putrel'actamque
1227 4055 1277 4105 in
1300 4053 1469 4107 Deum
1492 4055 1922 4120 venerationem,
1949 4072 2070 4127 quae

498 4139 774 4194 debebant
811 4143 985 4197 sancti
1021 4141 1258 4212 Spiritus
1289 4147 1522 4201 adventu
1551 4157 1605 4200 et
1637 4148 2079 4205 manilestatione

499 4229 1080 4302 accendi,ctspinoso
1136 4234 1227 4288 illo
1273 4236 1594 4306 ingratoque
1671 4253 1861 4294 errore
1917 4255 2079 4293 mun-

501 4321 642 4385 dari,
671 4322 921 4392 ignisque
980 4324 1150 4378 divini
1180 4325 1362 4379 radios
1389 4328 1657 4396 accipere.
1697 4348 1715 4380 ι
1754 4329 1891 4402 ipse,
1916 4337 2080 4400 prout

502 4416 710 4470 dictum
770 4426 893 4480 est,
949 4415 1250 4486 baptizabit
1303 4435 1404 4473 vos
1456 4420 1508 4479 in
1542 4419 1746 4490 Spiritu
1802 4433 1990 4478 sancto
2027 4433 2082 4479 et

505 4509 612 4577 igni
637 4508 703 4562 ".
743 4527 762 4559 ι
805 4506 874 4563 Ut
918 4518 1099 4563 autem
1147 4511 1486 4570 manifestior
1547 4513 1857 4584 clariorque
1935 4525 2081 4570 esset

505 4602 698 4670 figura,
746 4608 1054 4654 memorant
1093 4601 1289 4658 rubqu
1320 4605 1543 4665 arsisse,
1581 4621 1685 4657 non
1719 4615 1896 4659 autem
1925 4623 2076 4661 com-

505 4692 727 4747 bustum
757 4706 899 4746 esse.
932 4689 1180 4770 Namque
1211 4693 1381 4749 rubus
1417 4710 1612 4764 repens
1645 4706 1699 4748 et
1724 4698 1999 4766 spinosus,
2029 4702 2073 4757 si

508 4782 574 4839 ad
611 4794 862 4842 naturam
890 4783 1010 4853 ejus
1040 4795 1274 4854 spectes,
1319 4786 1570 4842 infirmus
1604 4800 1726 4854 est;
1760 4790 1806 4843 si
1837 4790 1906 4844 ad
1955 4808 2076 4862 spc-

506 4876 670 4938 cieni,
719 4891 884 4945 super
932 4861 1130 4934 terram
1172 4878 1422 4933 dill‘usus.
1467 4878 1598 4944 Qua:
1639 4892 1838 4935 cuncta
1881 4884 2077 4938 rubum

510 4966 653 5017 inter
691 4975 746 5019 et
798 4949 1039 5036 gentiles
1117 4968 1366 5036 quaedam
1442 4973 1760 5024 communia
1839 4985 2072 5044 ponunt.

513 5056 740 5124 insuper
794 5056 897 5110 hac
947 5058 1164 5125 quidem
1198 5059 1380 5127 planta
1438 5059 1573 5113 nihil
1628 5060 1736 5116 fere
1794 5063 2083 5132 humilius,

511 5162 655 5216 qua,
711 5148 924 5201 etiamsi
954 5158 1234 5219 augescat,
1292 5166 1574 5229 nunquam
1616 5162 1794 5213 tamen
1827 5158 2086 5227 assurgit,

513 5239 776 5308 humique
802 5254 1018 5307 semper
1047 5243 1352 5319 proserpit:
1391 5243 1533 5309 ignis
1563 5254 1766 5311 autem,
1791 5247 1904 5302 leve
1934 5251 2090 5317 quid-

513 5333 639 5385 dam
694 5345 819 5385 cum
874 5330 1092 5394 haheat,
1151 5348 1215 5386 ex
1275 5334 1533 5388 omnibus
1563 5351 1683 5402 qua:
1714 5352 1876 5392 sensu
1917 5341 2092 5407 perci-

518 5428 740 5492 piuntur
786 5423 1020 5476 maxime
1065 5423 1131 5475 ad
1182 5425 1394 5480 excelsa
1457 5436 1509 5479 et
1558 5426 1817 5480 sublimia
1899 5431 2086 5494 tendit,

517 5519 641 5584 Quo
684 5515 1020 5587 signiﬁcatur
1044 5514 1184 5571 hanc
1218 5532 1326 5586 prae
1356 5519 1568 5573 caeteris
1597 5520 1853 5579 omnibus
1883 5524 2088 5579 consti-

595 5695 640 5731 ³⁸
668 5694 836 5769 Sepb.
875 5711 958 5762 ιιι,
989 5696 1074 5761 Η,
1153 5699 1194 5729 ³⁷
1235 5695 1404 5758 Marc.
1437 5714 1476 5763 ι,
1517 5698 1572 5754 8.

2175 3322 2444 3390 προτυποῖ
2485 3321 2582 3390 μὲν
2609 3319 2668 3374 τὸ
2701 3320 2796 3372 ἐπὶ
2839 3323 2940 3390 τῆς
2968 3319 3132 3391 βάτου
3170 3323 3474 3392 μυστήριον
3509 3324 3650 3385 ἴσως
3701 3324 3762 3376 ἀν

2173 3411 2244 3464 τὰ
2280 3410 2536 3464 τοιαῦτα’
2565 3411 2662 3464 καὶ
2717 3413 2750 3483 ἡ
2782 3412 2944 3480 βάτος
2976 3413 3034 3466 δὲ
3081 3413 3446 3468 ὑποϐάλλεται
3504 3413 3585 3483 τῷ
3631 3415 3766 3483 πυρὶ

2174 3501 2271 3557 καὶ
2328 3503 2450 3574 οὐχὶ
2478 3503 2646 3572 φυτὸν
2695 3503 2882 3574 ἓτερον
2920 3519 2934 3534 ο
2970 3504 3112 3574 τάχα
3162 3504 3262 3574 μὲν
3294 3506 3494 3576 ὅτιπερ
3534 3505 3650 3559 οὐδ’
3699 3501 3764 3574 ἦν

2176 3596 2361 3666 ἐτέρου
2389 3597 2538 3660 τινὸς
2566 3597 2599 3666 ἡ
2631 3595 2839 3666 ἔρημος
2882 3597 3034 3667 παρὰ
3069 3597 3227 3651 τοῦτο
3251 3598 3421 3667 φυτοῦ
3477 3600 3763 3669 καρποφ-

2178 3706 2270 3761 ρος
2293 3705 2308 3720 ⁸
2342 3688 2508 3742 ἔτιδὲ
2558 3688 2653 3742 καὶ
2699 3690 2786 3741 ἵνα
2821 3689 3104 3760 μάθωμεν,
3136 3689 3212 3752 ὡς
3267 3690 3367 3760 τὴν
3405 3693 3764 3762 ἀνθρωπξνην

2177 3781 2340 3851 φύσιν
2371 3779 2433 3833 τὸ
2455 3779 2556 3850 τῆς
2592 3779 2846 3849 θεότητος
2889 3780 3183 3850 περιλαϐὸν
3236 3780 3371 3852 πῦρ,
3399 3782 3570 3834 οἱονεί
3617 3800 3766 3844 τινας

2176 3871 2420 3936 ἀκάνθας
2446 3872 2544 3936 τὰς
2569 3873 2846 3944 ἁμαρτίας
2888 3871 3364 3945 προϐεϐλημένην,
3394 3875 3614 3946 ταύτην
3673 3876 3770 3944 μὲν

2177 3964 2481 4033 ὲφλόγιζεν,
2512 3966 2573 4017 οὑ
2603 3966 2859 4019 κατέκαιε
2889 3964 2946 4018 δέ
2972 3980 2988 3995 ·
3019 3963 3120 4026 τάς
3138 3965 3196 4018 δὲ
3224 3967 3353 4034 περὶ
3378 3967 3563 4037 αὐτὴν
3596 3968 3771 4020 ἀκάν-

2179 4056 2278 4120 θας
2331 4057 2592 4112 κατέκαιε
2646 4057 2742 4111 καὶ⁹
2781 4056 3086 4127 διέφθειρεν
3124 4073 3141 4088 ο
3179 4059 3229 4110 εἰ
3297 4057 3482 4126 βούλει
3520 4058 3619 4119 δὲ.
3681 4059 3770 4112 καὶ

2178 4150 2409 4219 ἐπείπερ
2441 4151 2511 4203 τά
2552 4149 2732 4221 πλήθη
2751 4149 2858 4204 τῶν
2893 4149 3061 4204 ἐθνῶν
3087 4151 3210 4211 ταῖς
3235 4152 3615 4219 χαμαιπετέσι
3647 4153 3770 4220 περὶ

2180 4240 2316 4299 Θεοῦ
2352 4241 2633 4312 συρόμενα
2658 4240 2940 4304 διανοίαις,
2974 4243 3069 4294 καὶ
3098 4235 3210 4294 οἷον
3227 4245 3290 4312 τῇ
3312 4242 3579 4313 ἀθεότητι
3611 4261 3766 4315 περι-

2181 4332 2482 4402 κεχυμένα,
2518 4331 2738 4395 καὶτὰς
2765 4332 2874 4384 τῶν
2907 4333 3196 4404 ἁμαρτιῶν
3231 4334 3540 4404 ἐκφέροντα
3603 4337 3772 4406 ἐκφύ-

2183 4441 2317 4488 σεις,
2333 4424 2426 4476 καὶ
2450 4422 2549 4493 τὴν
2568 4423 2663 4475 τοῦ
2687 4423 3029 4492 σεϐάσματος
3056 4423 3316 4476 σύστασιν
3333 4425 3772 4496 “Opimi-{p.31}:

2183 4515 2240 4568 δὲ
2270 4513 2443 4566 ταῦτα
2491 4519 2557 4589 τῇ
2591 4513 2684 4567 τοῦ
2715 4514 2872 4580 ἁγίου
2926 4513 3245 4584 Πνεῦμα-ξος
3305 4517 3665 4585 ἐπιφοιτήσει
3715 4535 3771 4569 τε

2188 4607 2280 4661 καὶ
2311 4607 2596 4676 ἐλλάμψει,
2622 4608 2722 4677 τῆς
2769 4607 2867 4677 μὲν
2898 4606 3242 4669 ἀκανθώδους
3279 4609 3375 4660 καὶ
3413 4606 3774 4670 ζιζανιὼδους

2186 4699 2612 4771 περιφλέγεσθαι
2658 4699 2754 4758 καὶ
2804 4698 3276 4768 ἀποκαθαίρεσθαι
3321 4699 3561 4766 πλάνης,
3595 4699 3773 4762 causa

2184 4789 2278 4842 τοῦ
2321 4788 2502 4842 θεῐκοῦ
2537 4790 2707 4858 πυρὸς
2731 4790 2954 4849 ἀκτῖνας
2997 4787 3376 4857 ὑποδέχεσθαι.
3427 4788 3614 4850 Αὐτὸς
3645 4789 3774 4856 γάρ,

2187 4883 2344 4954 φησὶ,
2383 4880 2634 4952 βαπτίσει
2671 4881 2814 4949 ὑμᾶς
2844 4882 2901 4932 ὲν
2930 4879 3206 4946 Πνεῦματι
3255 4878 3396 4948 ἁγίῳ
3440 4879 3540 4932 καὶ
3588 4879 3730 4948 πυρί
3761 4895 3775 4908 ·

2188 4974 2253 5028 ἵν’
2282 4972 2684 5044 ἐμφανέστερον
2711 4990 2771 5031 τε
2800 4975 2894 5025 καὶ
2935 4972 3372 5042 τηλαυγέστερον
3401 4971 3468 5022 τὸ
3508 4971 3778 5033 εἰκονιξό-

2190 5081 2350 5135 μενον
2378 5064 2859 5135 προσδιατυπωθῇ,
2884 5065 2918 5133 ἡ
2939 5062 3100 5134 βάτος
3117 5063 3654 5132 παραλαμϐάνεται,
3677 5065 3776 5114 ὑπ-

2187 5157 2529 5228 ηρετουμένη
2562 5157 2682 5226 μὲν,
2707 5158 2768 5209 οὐ
2787 5156 3095 5226 φλεγομένη
3118 5155 3175 5208 δὲ
3188 5153 3268 5225 τῷ
3297 5155 3454 5224 πυρί·
3480 5156 3776 5224 χαμερπής

2187 5268 2245 5303 τε
2263 5251 2371 5319 γάρ
2389 5252 2504 5302 ἐστι
2529 5251 2623 5302 καὶ
2649 5249 2970 5319 ἀκανθώδης
2991 5249 3085 5301 καὶ
3097 5247 3194 5318 τὴν
3226 5249 3526 5301 ὑπόστασιν
3541 5249 3778 5311 {neas-it;

2191 5343 2285 5402 καὶ
2317 5341 2458 5394 κατά
2482 5341 2581 5411 τὴν
2609 5340 2732 5410 ww
2761 5339 3111 5410 διηπλωμένη
3148 5340 3244 5409 τῆς
3277 5341 3382 5407 γῆς
3411 5357 3425 5368 ·
3461 5341 3591 5392 καθ’
3621 5340 3661 5393 ἃ.
3690 5355 3780 5389 xz;

2192 5435 2290 5504 τὴν
2363 5434 2657 5501 ἀναλογίαν
2716 5435 2853 5502 πρὸς
2913 5433 3084 5501 αὑτὴν
3141 5431 3401 5494 διασώζει
3477 5431 3550 5482 τά
3632 5430 3780 5496 ἔθνη.

2200 5525 2319 5578 Ἔτι
2363 5525 2419 5587 δὲ
2455 5523 2549 5579 τοῦ
2588 5526 2830 5585 τοιούτου
2889 5525 2989 5593 μὲν
3051 5523 3220 5595 φυτοῦ
3277 5521 3473 5596 σχεδόν
3523 5539 3584 5582 τι
3632 5522 3781 5576 οὐδὲν
