3904 6218
370 235 510 300 1131)
1533 234 1800 294 ΡΗΟΤΙΙ
1839 236 1979 296 ΡΑΤ

2083 234 2347 296 ARCHIE
2377 236 2484 295 CP.
3515 233 3634 300 li-iO

365 369 463 406 cor
503 349 806 404 Pharaonis
853 349 905 403 in
957 348 1220 406 duritiam
1276 349 1350 406 sit
1411 364 1806 415 conversurus,
1850 353 1979 415 sed,

2083 354 2248 408 :axa’z'i
2291 355 2404 417 mi,
2443 349 2601 408 «Οἶδα
2629 353 2707 407 ὃτι
2737 352 2836 406 οὐκ
2864 352 3155 407 ἀκούσεταί
3187 369 3278 405 σου
3309 352 3532 419 Φαραώ·
3564 355 3640 406 διὲι

363 443 512 516 quod
545 443 615 498 ad
643 444 787 496 illam
823 443 987 497 istum
1026 443 1382 498 inclinantem
1409 451 1464 499 et
1488 459 1814 500 conversum
1843 460 1953 500 non

2083 445 2209 498 οῦτο
2265 444 2552 515 σκληρυνῶ
2602 443 2706 511 τὴν
2747 444 2974 511 καρδίαν
3029 441 3252 494 αὐτοῦ’»
3281 442 3378 494 καὶ
3418 441 3531 512 γὰρ
3567 443 3640 502 τὸ,

317 531 322 584 ζ
364 539 570 593 relevet
625 550 725 590 nec
758 534 1019 594 refrenet.
1056 549 1126 589 ne
1175 536 1430 590 humana:
1456 545 1668 591 natura:
1721 537 1953 592 liberum

2083 536 2400 605 νκληρυνῶ,
2455 537 2554 605 οὐχ
2586 536 2669 588 ὅτι
2716 536 2881 599 αὐτὸς
2910 533 3008 602 τὴν
3046 533 3140 586 τοῦ
3189 533 3390 604 Φαραὼ
3425 531 3643 602 καρδίαν

364 628 655 682 arbitrium
714 625 948 681 auferat.
986 625 1306 696 {Egyptium
1373 637 1563 682 contra
1615 630 1956 684 voluntatem

2083 632 2400 685 ιεταπλάσει
2457 631 2537 693 είς
2567 629 2936 701 σκληρότητα,
2981 627 3110 682 ἀλλ’
3162 628 3245 679 ὅτι
3277 627 3418 696 πρὸς
3452 626 3645 696 ταύτην

366 720 692 776 inclinatum
728 735 833 772 non
881 728 1057 773 mutat
1093 734 1190 773 nec
1220 719 1490 773 convertit
1513 720 1580 773 ad
1613 720 1814 774 malam
1857 737 1960 774 vo-

2083 724 2224 778 ιῦτοῦ
2257 725 2516 796 ρέποντος
2550 725 2645 776 καὶ
2703 723 3211 792 συνεστραμμένου,
3247 721 3373 773 οὐδὲ
3427 721 3646 789 ἀναχαι-

369 814 671 877 luntatem;
714 812 818 867 hoc
839 811 984 866 enim
1035 811 1306 882 signiﬁcat
1368 813 1650 865 indurabo.
1703 812 1959 867 Continet

2083 817 2224 881 τίζει,
2265 817 2352 869 ἵνα
2394 817 2469 886 μὴ
2505 814 2731 886 περιέλῃ
2783 815 2885 884 τῆς
2933 815 3283 882 ἀνθρωπίνης
3319 811 3542 879 φύσεως
3598 813 3648 864 τὸ

342 889 508 958 Ἴθι-ιο
541 905 832 973 quemdam
875 905 1042 959 alium
1067 906 1256 958 eadem
1290 905 1454 959 lectio
1485 920 1706 961 sensum
1739 923 1754 960 :
1786 905 1959 959 Indu—

2083 906 2428 990 tutego‘uatow
2459 908 2554 958 καὶ
2599 905 2740 976 παρ’
2778 904 3026 957 ἑκούσιον
3059 903 3154 956 τοῦ
3185 901 3498 970 Λίγυπτίου
3550 899 3652 970 ὼρ-

366 996 520 1061 rabo,
556 996 608 1051 id
638 1004 742 1064 est,
777 998 928 1052 durs:
951 1006 1006 1051 et
1047 995 1268 1051 indocili
1317 997 1488 1051 menti
1534 998 1668 1052 dura
1702 996 1956 1052 inducam

2083 981 2305 1070 ιηκότος
2333 1040 2349 1065 ,
2402 998 2464 1051 οὺ
2521 997 2816 1066 μεταϐαλεῖ
2873 996 2992 1049 οὐδὲ
3027 995 3360 1064 μεταστήσει
3416 993 3555 1063 πρὸς
3598 991 3654 1044 τὸ

367 1099 424 1144 et
457 1091 770 1144 istiusmodi
799 1089 1033 1144 feritatis
1059 1091 1247 1160 digna.

2083 1092 2340 1144 ικούσιονο
2375 1089 2534 1143 τοῦτο
2567 1091 2674 1160 γάρ
2705 1091 2820 1141 ἐστι
2845 1089 2926 1151 τὸ,
2960 1085 3482 1155 σκληρυνῶ.Ἕχοι
3513 1084 3568 1137 δ’
3596 1084 3654 1137 ἄν

367 1201 495 1237 τινα
519 1185 614 1238 καὶ
655 1183 848 1255 ἑτέραν
875 1185 909 1254 ἡ
943 1183 1088 1248 λέξις
1110 1181 1250 1252 αὓτη
1281 1182 1778 1254 παραδηλουμένην
1841 1183 2218 1253 περιπέτειαψ
2245 1182 2576 1252 σκληρυνῶ
2614 1181 2723 1252 γὰρ
2789 1180 2910 1234 ἀντὶ
2959 1179 3078 1244 τοῦ,
3114 1176 3340 1249 σκληρῷ
3400 1178 3504 1231 καὶ
3532 1177 3652 1230 ἀτε-

374 1279 571 1350 ράμονι
601 1278 699 1348 τὴν
749 1277 980 1348 γνώμην
1031 1278 1146 1331 ὄντι
1178 1278 1391 1350 σκληρὰ
1421 1279 1570 1349 αύτῴ
1625 1280 1812 1344 ὲπόιξω
1859 1281 1954 1333 καὶ
1988 1280 2090 1351 τῆς
2115 1279 2210 1333 τοῦ
2241 1280 2444 1351 τρόπου
2468 1277 2754 1348 ὠμότητος
2791 1277 3013 1342 ἐπάξια.

445 1369 520 1425 Ita
569 1385 721 1439 ergo,
771 1370 914 1425 sicut
951 1369 1232 1436 diximus,
1290 1371 1597 1440 praevidens
1647 1373 1789 1428 Deus
1840 1372 1964 1428 illos

2136 1373 2294 1426 υῦτω
2321 1372 2387 1442 δὴ
2413 1371 2505 1425 οὖν
2536 1369 2796 1434 ἐνταῦθα,
2836 1368 3024 1440 ὥσπερ
3053 1368 3289 1439 ἔφημεν,
3323 1367 3579 1438 προειδδς
3601 1367 3657 1421 τὸ

375 1463 596 1533 proprio
633 1471 784 1515 motu
819 1472 874 1516 et
906 1464 1126 1532 propria
1152 1463 1430 1518 voluntate
1454 1462 1698 1518 Roboam
1721 1465 1967 1518 desertu-

2083 1463 2215 1517 Deiov
2249 1463 2325 1526 ὡς
2361 1464 2419 1530 ἐξ
2453 1463 2665 1525 οἰκείας
2704 1460 2889 1532 ὁρμῆς
2938 1461 3034 1514 καὶ
3071 1460 3354 1531 θελήσεως
3411 1462 3649 1529 ἀποστήο

373 1572 464 1609 ros
491 1570 633 1619 esse,
690 1571 1023 1626 servumque
1064 1564 1122 1611 et
1183 1565 1493 1626 apostatam
1556 1555 1847 1611 Jeroboam
1877 1573 1966 1612 se-

2083 1574 2247 1611 rowat
2276 1557 2376 1626 μὲν
2406 1555 2498 1607 τοῦ
2548 1554 2812 1626 Ῥοδοὰμ,
2848 1553 3277 1623 ἀκολουθήσουσι
3303 1553 3362 1607 δὲ
3384 1552 3467 1623 τῷ
3493 1552 3658 1621 δούλῳ

375 1649 624 1717 quendos
666 1663 808 1713 esse,
842 1659 896 1704 et
946 1649 1298 1704 dividendam
1339 1665 1462 1704 esse
1493 1659 1708 1719 gentem
1741 1651 1795 1704 in
1827 1651 1970 1705 duas

2083 1650 2159 1704 ιαὶ
2187 1647 2470 1718 ἀποστάτῃ
2511 1647 2797 1718 Ἱεροὸοὰμ
2841 1647 2938 1701 καὶ
2982 1647 3380 1716 μεριαοήσεται
3415 1647 3478 1699 τὺ
3515 1646 3659 1709 ἔθνος

375 1747 582 1806 partes,
627 1738 792 1808 hujus
848 1739 1122 1810 (inquam)
1179 1741 1553 1810 cognitionem
1586 1743 1728 1796 sicut
1756 1750 1809 1796 et
1843 1757 1965 1796 om-

2083 1745 2144 1806 ;ίς
2173 1743 2440 1813 τμήματα
2467 1740 2580 1806 δύο,
2609 1740 2800 1794 τούτου
2823 1741 2922 1811 τὴν
2953 1741 3161 1807 γνῶσιν
3188 1739 3382 1809 ὥσπερ
3422 1739 3522 1792 καὶ
3561 1739 3663 1791 τῶν

378 1831 530 1884 nium
562 1831 798 1885 aliorum
836 1847 1233 1902 praeoccupans
1265 1833 1432 1898 Deus,
1460 1849 1588 1904 quae
1617 1833 1805 1890 futura
1835 1843 1966 1889 sunt

2083 1835 2242 1888 ἱλλων
2271 1834 2524 1888 ἁπάντων
2558 1831 2905 1904 προειληφὼς
2933 1833 2961 1884 ὁ
2994 1831 3151 1898 Θεὸς,
3198 1831 3576 1901 προαγορεύει
3607 1829 3663 1881 τὸ

376 1923 712 1990 praenuntiat
755 1932 810 1977 et
837 1924 969 1978 dicit
1001 1941 1016 1978 :
1061 1923 1318 1980 Scindam
1355 1942 1581 1996 regnum
1633 1935 1808 1993 tuum,
1838 1943 1968 1997 pro-

377 2024 500 2082 pter
521 2015 659 2069 duas
686 2031 884 2070 causas
909 2016 1020 2086 jam
1057 2017 1428 2086 supradictas.
1464 2019 1521 2074 Si
1562 2019 1709 2074 enim
1741 2019 1852 2073 Deo
1889 2020 1968 2073 ita

381 2120 596 2174 semper
620 2106 897 2175 loquente,
929 2116 982 2162 et
998 2109 1062 2163 ad
1087 2110 1442 2180 semetipsum
1471 2111 1656 2164 omnia
1675 2110 1964 2177 referente,

382 2203 620 2249 attamen
661 2195 738 2249 illi
796 2198 864 2251 ad
918 2199 1058 2254 alios
1109 2215 1234 2255 sese
1278 2209 1660 2256 convertentes
1717 2203 1884 2268 deos,
1914 2211 1968 2256 ct

383 2287 658 2340 Astartem
711 2304 835 2358 qua:
881 2290 1118 2346 Artemis
1181 2292 1325 2362 apud
1375 2292 1594 2348 Grazcos
1642 2302 1868 2347 vocatur
1914 2301 1970 2348 et

381 2376 626 2434 (ibamos
659 2387 712 2434 et
760 2396 982 2436 muscas
1025 2383 1290 2450 colentes,
1327 2385 1450 2440 istis
1481 2401 1594 2440 sua:
1623 2386 1749 2440 vitae
1783 2387 1969 2456 provi-

384 2471 628 2527 dentiam
647 2481 702 2528 et
740 2473 1085 2531 durationcm
1117 2478 1512 2544 attribuerunt,
1545 2479 1612 2533 ad
1643 2479 1774 2549 quid
1797 2480 1970 2534 auda-

383 2564 485 2618 cia:
519 2581 627 2620 non
673 2568 974 2635 venissent,
1010 2571 1056 2624 si
1085 2585 1153 2625 ex
1183 2582 1500 2626 sanctarum
1550 2570 1968 2642 Scripturarum

383 2655 640 2723 lectione,
695 2659 806 2715 illis
846 2661 973 2717 data
1028 2662 1224 2718 fuisset
1270 2663 1490 2719 occasio
1533 2666 1783 2733 quaedam
1823 2666 1974 2736 cogi-

383 2750 556 2817 tandi,
598 2751 764 2805 alium
788 2754 1081 2822 quemdam
1108 2771 1227 2811 esse
1249 2755 1412 2812 finem
1444 2757 1626 2827 pinnis
1655 2757 1970 2824 facientem,

383 2848 439 2894 et
466 2855 534 2895 ex
565 2841 676 2895 alio
715 2844 956 2912 quodam
1012 2846 1284 2900 malorum
1322 2862 1462 2901 onus
1493 2848 1727 2903 venire?
1774 2846 1972 2902 Videas

385 2939 564 2987 autem
619 2933 673 2987 in
724 2936 1024 2990 tentatione
1077 2937 1212 3006 justi
1263 2935 1367 2992 Job
1421 2939 1593 2994 Deum
1641 2942 1974 2994 tentationes

387 3025 800 3093 permittentem
831 3035 887 3083 et
937 3029 1075 3084 lines
1107 3031 1377 3100 quosdam
1427 3031 1714 3086 tentatioui
1767 3031 1976 3086 consti-

385 3125 584 3184 tuens;
617 3119 767 3173 verbi
795 3121 989 3186 gratia,
1018 3121 1124 3177 hoc
1161 3123 1323 3177 datur
1355 3124 1451 3177 tibi
1481 3124 1785 3190 tentare,in
1822 3123 1973 3178 illum

2073 1929 2356 2000 ἐσόμενον,
2387 1926 2480 1980 καί
2535 1943 2670 1996 φησι
2699 1941 2716 1960 ⁸
2745 1924 3035 1998 Διαῤῥήξω
3086 1925 3187 1991 τὴν
3242 1923 3555 1992 βασιλείαν,
3580 1923 3664 1976 διὰ

2069 2019 2168 2082 τὰς
2195 2018 2602 2091 προειρημένας
2628 2017 2940 2089 ἔμπροσθεν
2964 2017 3144 2080 αίτίας
3173 2015 3287 2069 δύο.
3334 2017 3400 2068 Ei
3436 2015 3548 2084 γὰρ
3579 2013 3667 2067 καὶ

2069 2111 2212 2166 οὕτω
2242 2111 2334 2164 τοῦ
2365 2110 2520 2163 Θείου
2565 2108 2841 2179 πανταχοῦ
2872 2107 3118 2177 λέγοντος
3144 2107 3242 2161 καὶ
3267 2108 3350 2171 είς
3385 2108 3587 2160 ἑαυτὸν
3613 2107 3669 2158 τὸ

2071 2207 2180 2259 πᾶν
2202 2205 2584 2274 ἀναφέροντος,
2602 2203 2660 2254 οὐ
2681 2201 2916 2255 διέλιπον
2945 2201 3097 2254 αὐτοὶ
3114 2201 3250 2270 πρὸς
3271 2200 3501 2270 ἑτέρους
3529 2202 3666 2252 ἁπο-

2070 2299 2356 2370 τρέχοντες
2374 2296 2552 2360 θεοὺς,
2570 2295 2745 2366 καὶτῇ
2782 2294 3051 2364 Ἀστὰρτῃ
3073 2295 3195 2365 ἦτις
3220 2293 3340 2346 ἐστὶ
3367 2293 3510 2363 παρρ
3542 2291 3669 2344 Ἔλ-

2071 2392 2229 2460 λησιν
2287 2389 2575 2460 Ἄρτεμις,
2613 2388 2712 2442 καὶ
2749 2387 2826 2458 τῷ
2854 2387 3062 2456 Χαμὼς
3081 2387 3176 2438 καὶ
3212 2387 3335 2448 ταῖς
3361 2385 3557 2453 μυίαις
3575 2385 3669 2434 λα-

2071 2481 2376 2556 τρεύοντες,
2396 2480 2672 2542 κάκείνοις
2689 2479 2787 2550 τῆς
2805 2478 3016 2532 ἑαυτῶν
3037 2478 3184 2546 ζωῆς
3202 2478 3305 2548 τὴν
3328 2475 3596 2547 πρόνοιάν
3616 2491 3668 2525 τε

2073 2577 2169 2631 καὶ
2201 2575 2298 2643 τὴν
2324 2571 2588 2643 διαμονὴν
2617 2571 3036 2642 περιάπτοντες,
3068 2569 3122 2622 τί
3143 2569 3243 2621 οὐκ
3261 2567 3329 2620 ἂν
3354 2567 3672 2636 ἐτόλμησαν

2074 2667 2128 2720 εί
2158 2665 2278 2720 τινά.
2310 2665 2474 2718 ποθεν
2493 2663 2675 2716 λαϐεῖν
2709 2661 2968 2733 ἀφορμὴν
3001 2660 3161 2730 ἔσχον
3207 2662 3271 2712 ἐκ
3304 2657 3410 2727 τῆς
3462 2657 3575 2710 τῶν
3602 2657 3672 2708 ἱε-

2079 2758 2186 2829 ρῶν
2214 2755 2565 2829 Γραμμάτων
2595 2753 2860 2818 διανοίας,
2879 2752 2956 2816 ὡς
2987 2752 3145 2815 ἄλλος
3174 2753 3260 2816 τίς
3299 2754 3456 2806 ἐστιν
3491 2751 3674 2813 αὐτοῖς

2075 2848 2103 2900 ό
2133 2845 2232 2910 τὰς
2263 2842 2540 2916 τιμωρίας
2599 2842 2826 2914 ὁρίζων,
2858 2842 2954 2894 καὶ⁵
2983 2841 3042 2906 ἐξ
3081 2843 3267 2913 ἐτέρου
3324 2841 3477 2904 τινὸς
3499 2843 3536 2912 η
3569 2840 3672 2893 τῶν

2076 2937 2336 3009 χειρόνων
2366 2938 2549 3000 αὐτοῖς
2593 2933 2785 2992 ἕπεται
2815 2934 2960 3005 φορά
2991 2951 3007 3000 ;
3034 2933 3193 2997 Ἰδοις
3219 2934 3275 2986 δ’
3307 2933 3374 2988 ἂν
3408 2933 3506 2987 καὶ
3535 2934 3672 2986 κατὰ

2075 3029 2138 3082 τὸ
2167 3029 2522 3100 πειρατήριον
2544 3025 2637 3079 τοῦ
2671 3025 2881 3080 δικαίου
2915 3024 3035 3079 Ἰὼϐ
3057 3027 3148 3079 τὸν
3165 3025 3296 3078 Θεὸν
3327 3024 3674 3094 συγχωροῦν-

2076 3136 2146 3171 τα
2169 3120 2300 3182 τοὺς
2350 3119 2698 3189 πειρασμοὺς
2754 3117 2852 3172 καὶ
2883 3119 3044 3189 ὄρους
3099 3117 3250 3179 τινὰς
3305 3116 3675 3186 καθορίξοντα

389 3217 571 3263 autem
615 3225 684 3264 ne
721 3226 947 3267 manum
994 3215 1275 3271 extendas.
1307 3215 1500 3271 Omnia
1533 3217 1682 3271 enim
1723 3217 1792 3270 ab
1825 3217 1976 3270 omni

2083 3211 2156 3282 τῷ
2182 3208 2516 3285 πειράζοντι’
2543 3206 2674 3277 οἷον,
2715 3211 2855 3264 Τάδε
2879 3209 3082 3264 δίδοταί
3116 3226 3198 3262 σοι
3229 3207 3521 3278 πειράσαι,
3551 3207 3675 3261 τού-

387 3302 597 3369 potenti
642 3303 858 3369 dextra,
906 3308 1070 3362 modo
1094 3309 1316 3378 quidem
1361 3309 1656 3378 adjuvante
1691 3317 1746 3364 et
1771 3324 1978 3379 coope-

393 3401 570 3459 rante,
616 3395 779 3450 modo
820 3398 1174 3466 permittente
1210 3408 1266 3454 et
1309 3413 1419 3454 non
1461 3399 1813 3469 impediente,
1845 3417 1982 3472 pen-

389 3484 540 3539 dent.

469 3663 678 3721 Similis
708 3672 890 3721 autem
912 3667 1096 3738 aliquo
1125 3671 1289 3725 modo
1321 3669 1538 3725 videtur
1556 3680 1611 3724 et
1640 3671 1757 3726 haec
1780 3671 1980 3727 lectio:

401 3780 420 3813 ι
456 3762 526 3816 Et
581 3761 791 3815 addidit
834 3757 991 3816 furor
1047 3761 1263 3818 Domini
1320 3763 1486 3820 irasci
1537 3774 1730 3820 contra
1788 3765 1981 3830 Israel,

394 3853 802 3922 commovitquc
860 3851 1029 3909 David
1079 3855 1135 3909 in
1184 3857 1267 3911 eis
1317 3856 1590 3913 dicentem
1631 3871 1647 3912 :
1685 3858 1984 3914 Dinumera

395 3944 560 4004 Israel
585 3944 648 3998 ³ο.
693 3961 712 3994 ›
754 3941 949 3997 Incitat
997 3945 1146 3999 enim
1192 3945 1365 4001 David
1401 3947 1470 4001 ad
1521 3947 1691 4002 Israel
1733 3947 1985 4002 dinume-

393 4037 631 4094 randum
683 4039 812 4109 quia
854 4055 982 4109 erga
1010 4037 1147 4108 justi
1187 4037 1392 4107 judicis
1421 4038 1560 4091 iram
1600 4045 1656 4092 et
1685 4037 1981 4094 vindictam

393 4131 656 4186 Israelita:
698 4146 798 4201 pro
829 4131 1068 4200 peccatis
1106 4132 1223 4186 suis
1252 4131 1529 4186 debitores
1560 4139 1757 4197 erant;
1791 4141 1846 4186 ct
1874 4147 1984 4186 non

396 4231 481 4276 est
535 4221 678 4276 alius
731 4222 1018 4292 impellens
1064 4221 1324 4277 Davidem
1364 4237 1429 4278 ac
1467 4221 1557 4276 ille
1605 4221 1698 4291 qui
1729 4221 1984 4277 irascitur

397 4322 588 4368 contra
646 4315 812 4369 Israel
875 4323 930 4369 et
978 4315 1072 4385 qui
1119 4329 1314 4385 poenas
1383 4314 1438 4368 in
1469 4314 1624 4370 illum
1658 4315 1988 4372 inducturus

395 4415 538 4463 erat.
566 4407 778 4463 Etenim
805 4410 1015 4477 peccati
1047 4423 1148 4465 nos
1176 4424 1304 4464 reos
1333 4408 1562 4473 scimus,
1603 4409 1980 4463 testimonium

397 4499 562 4556 etiam
597 4499 1013 4569 perhibentibus
1065 4499 1267 4554 divinis
1317 4498 1561 4566 Litteris,
1612 4500 1982 4556 accidentium

2079 3321 2172 3359 του
2204 3305 2260 3358 δὲ
2306 3306 2380 3376 μὴ
2406 3303 2539 3378 ἅψῃ.
2573 3303 2760 3357 Πάντα
2785 3303 2896 3375 γὰρ
2919 3303 3018 3372 τῆς
3041 3301 3560 3371 παντοκρατορικῆς
3587 3301 3676 3365 ἐξ·

2078 3399 2250 3470 ἧπται
2281 3397 2481 3464 δεξιᾶς,
2515 3395 2586 3450 τὰ
2647 3397 2745 3466 μὲν
2806 3393 3355 3465 ἀντιλαμϐανομένης
3403 3394 3502 3446 καὶ
3537 3410 3676 3461 cmp-

2081 3488 2450 3560 πραττούσης,
2491 3486 2562 3540 τὰ
2610 3487 2668 3540 δὲ
2701 3486 3142 3558 παραχωρούσης
3197 3484 3294 3536 καὶ
3337 3484 3444 3536 οὐκ
3471 3485 3675 3552 ἀπειρη

2081 3582 2308 3652 γούσηςο

2154 3672 2541 3743 Παοραπλήτιον
2573 3670 2631 3724 δέ
2663 3687 2784 3733 πως
2836 3666 2977 3723 εἶναι
3001 3669 3150 3722 δοκεῖ
3195 3667 3290 3721 καὶ
3339 3666 3423 3730 τὸ,
3455 3685 3473 3718 ι
3504 3667 3685 3733 Προσο

2083 3766 2234 3821 έθετο
2248 3765 2386 3838 ὀργὴ
2409 3764 2616 3835 Κυρίου
2629 3763 2722 3817 τοῦ
2745 3763 3068 3833 θυμωϐῆναι
3087 3763 3183 3816 ἐπὶ
3199 3761 3439 3831 Ἰσραήλ.
3459 3761 3576 3813 Καὶ
3589 3762 3684 3812 ἐπ-

2083 3859 2264 3912 έσεισε
2289 3857 2382 3911 τὸν
2427 3856 2591 3911 Δαὸὶδ
2626 3857 2706 3919 εἰς
2731 3855 2932 3918 αὐτοὺς
2973 3853 3168 3921 λέγων,
3205 3853 3548 3923 ’Δρίθμησον
3594 3851 3684 3904 τὸν

2096 3951 2338 4021 Ἰσραήλ.
2375 3970 2395 4002 ι
2429 3948 2692 4003 Ἐπισείει
2734 3947 2844 4020 γὰρ
2893 3948 2987 4000 τὸν
3016 3946 3186 4000 Δαὸὶδ
3238 3943 3554 4016 ἀριθμῆσαι
3594 3944 3685 3996 τὸν

2097 4043 2334 4116 Ἰσραὴλ,
2369 4043 2453 4096 ὅτι
2473 4043 2571 4096 τοῦ
2591 4041 2801 4096 δικαίου
2828 4038 3019 4112 κριτοῦ
3041 4039 3179 4110 ὀργὴ
3208 4039 3304 4092 καὶ
3333 4037 3585 4108 τιμωρία
3607 4038 3684 4106 τῷ

2097 4137 2313 4208 Ἰσραὴλ
2328 4138 2395 4205 ἐφ
2410 4131 2516 4199 ὀἷς
2542 4135 2789 4205 ἥμαρτον
2810 4132 3243 4204 ἑκεχρεὼστητο·
3263 4131 3361 4183 καὶ
3383 4132 3488 4184 οὐκ
3512 4129 3675 4191 ἄλλος

2083 4230 2170 4292 τίς
2195 4232 2345 4282 ἐστιν
2361 4227 2672 4281 ὁάνασείων
2695 4226 2786 4278 τὸν
2803 4224 2990 4288 Δαδὶδ,
3018 4223 3134 4277 ἀλλ’
3162 4225 3190 4276 ό
3207 4222 3565 4294 ὠργισμένος
3584 4223 3683 4292 μὲν

2083 4321 2162 4392 τῷ
2205 4319 2446 4393 Ἰσραὴλ,
2481 4319 2800 4386 ἐπενεγκεῖν
2841 4316 2900 4369 δὲ
2937 4313 3149 4387 μέλλων
3191 4315 3378 4376 αὐτοῖς
3407 4315 3512 4385 τὴν
3565 4330 3685 4366 ποι-

2084 4415 2203 4485 νήν.
2237 4414 2348 4466 Καὶ
2371 4413 2482 4482 γὰρ
2510 4411 2612 4480 τῆς
2639 4411 2737 4482 μὲν
2771 4409 3049 4480 ἁμαρτίας
3078 4409 3276 4471 αὐτοὺς
3311 4408 3478 4479 ἴσμεν
3508 4427 3574 4462 τε
3606 4411 3685 4462 αξ-

2084 4507 2254 4572 τίους,
2281 4505 2474 4558 καὶτὰ
2525 4503 2646 4556 θεῖα
2699 4501 3166 4573 διαμαρτύρονται
3201 4502 3400 4570 Λόγια,
3455 4504 3571 4555 τῶν
3629 4503 3686 4554 δὲ

399 4601 580 4646 autem
610 4591 769 4648 nobis
800 4608 898 4662 pro
935 4592 1178 4662 peccatis
1210 4591 1627 4646 tribulationum
1661 4591 1842 4645 divina
1879 4605 1976 4645 vo-

2083 4595 2390 4670 ὲρχομένων
2421 4596 2554 4666 ἡμῖν
2577 4595 2676 4662 ἐφ’
2723 4589 2806 4656 οἷς
2838 4593 3290 4665 ἐξαμαρτάνομεν
3343 4593 3622 4664 θλιδερὼν
3649 4595 3685 4664 ἡ

399 4683 587 4739 luntas
624 4693 710 4740 est
761 4694 973 4739 auctor.
1014 4681 1152 4739 Justi
1196 4684 1344 4737 enim
1395 4688 1481 4736 est
1520 4682 1724 4752 judicis
1764 4696 1983 4752 poenam

2084 4689 2205 4744 θεία
2251 4688 2435 4760 ψῆφος
2463 4687 2818 4760 δημιουργός⁹
2876 4685 3068 4757 κριτοῦ
3123 4685 3234 4755 γὰρ
3263 4685 3504 4748 δικαίου,
3546 4683 3687 4755 πρὸς

399 4789 502 4842 pro
565 4776 833 4843 gravitate
884 4775 1072 4830 delicti
1127 4781 1405 4841 statuere;
1437 4773 1640 4828 etenim
1693 4773 1789 4828 irae
1816 4789 1979 4829 causa

2083 4782 2182 4853 τὴν
2207 4779 2318 4834 τῶν
2345 4781 2524 4852 ἔργων
2563 4779 2848 4852 βαρύτητα
2879 4780 2974 4834 καὶ
3001 4780 3102 4850 τὴν
3133 4778 3232 4832 ἐπ’
3263 4779 3469 4841 αὐτοὺς
3503 4794 3685 4848 τιμω-

405 4874 555 4930 sunt,
587 4867 681 4937 qui
713 4876 1112 4937 peccaverunt;
1159 4869 1242 4921 ira
1265 4875 1449 4923 autem
1486 4866 1609 4922 istis
1641 4867 1979 4936 punitionem

2085 4875 2210 4949 ρίαν
2243 4873 2606 4945 ἁρμόζεσθαι.
2633 4874 2744 4927 Καὶ
2773 4874 2884 4944 γὰρ
2935 4872 3038 4942 τῆς
3072 4872 3172 4940 μὲν
3200 4871 3375 4940 ὀργῆς
3408 4872 3460 4922 oi
3500 4871 3689 4940 ἡμαρ-

403 4957 646 5022 iuduxit,
706 4961 888 5016 medio
930 4970 1152 5031 sumpto
1193 4958 1386 5024 David,
1417 4974 1584 5030 quem
1614 4959 1715 5029 ipsi
1745 4957 1979 5014 offende-

2083 4969 2313 5040 τηκότες
2345 4967 2642 5037 παραίτιον
2671 4967 2713 5037 ἡ·
2732 4966 2790 5020 δὲ
2815 4967 2956 5037 ὀργὴ
3010 4965 3224 5028 τούτοις
3275 4965 3378 5036 τὴν
3408 4963 3690 5035 τιμωρίαν

404 5058 550 5117 rant,
590 5059 813 5120 propter
842 5055 992 5122 quod
1023 5064 1080 5110 et
1109 5056 1226 5126 ipse
1248 5055 1302 5110 in
1333 5054 1502 5110 Deum
1529 5062 1870 5124 peccaverat,
1901 5061 1982 5107 et-

406 5141 558 5197 enim
579 5141 968 5209 dihumeravit,
1009 5147 1261 5214 quamvis
1295 5147 1448 5202 illum
1498 5146 1662 5202 citius
1687 5146 1811 5201 aliis
1857 5161 1992 5200 con-

409 5235 783 5303 demuaverit;
819 5236 950 5292 dicit
975 5239 1120 5293 enim
1151 5257 1166 5293 :
1209 5238 1492 5296 Percussit
1525 5256 1621 5295 cor
1667 5241 1833 5295 David
1862 5256 1994 5295 eum

414 5339 635 5402 prepter
664 5329 851 5399 pepuli
881 5331 1282 5387 recensionem.
1308 5331 1469 5398 Quali
1495 5349 1624 5389 vero
1654 5349 1752 5404 pro
1792 5333 1992 5388 delicto

412 5423 644 5493 populus
674 5438 864 5493 poenas
889 5423 1020 5478 dare
1035 5422 1291 5494 dignatus
1311 5428 1434 5481 est?
1457 5442 1638 5481 nonne
1657 5425 1880 5482 evidens
1910 5433 1996 5481 est

417 5533 520 5586 pro
542 5517 942 5576 insurrectione
970 5527 1163 5574 contra
1204 5517 1375 5573 David
1403 5536 1566 5574 suum
1597 5535 1802 5591 regem,
1863 5534 1991 5574 cum

421 5611 620 5681 i-ejccta
648 5613 886 5683 legitima
910 5623 965 5668 et
998 5613 1146 5685 justa
1171 5618 1464 5682 potestate,
1497 5613 1552 5666 in
1580 5612 1822 5670 favorem
1851 5611 1997 5669 illius

491 5727 537 5760 '9
571 5725 743 5785 Exod.
775 5743 886 5796 xiv,
924 5727 977 5784 4.
1002 5808 1017 5813 _
1087 5728 1128 5761 ³¹
1153 5725 1315 5786 Num.
1352 5740 1479 5796 xxv,
1517 5725 1571 5782 4.

2087 5060 2366 5131 ἐπήγαγε,
2408 5059 2576 5130 μέσου
2624 5055 3194 5129 παραλαμϐανομένου
3248 5054 3346 5109 τοῦ
3381 5055 3574 5119 Δαϐὶδ,
3606 5057 3688 5113 εἰς

2087 5152 2147 5206 ὃν
2179 5153 2375 5205 ἐκεῖνοι
2414 5150 2850 5224 προσέκρουσαν,
2874 5149 2962 5202 διὰ
2987 5149 3050 5201 τὺ
3090 5147 3187 5201 καὶ
3229 5147 3397 5200 αὑτὸν
3425 5149 3683 5217 ἡμαρτη-

2087 5245 2245 5298 κέναι
2293 5243 2434 5313 Θεῷο
2472 5245 2563 5295 καὶ
2601 5242 2712 5313 γὰρ
2739 5241 3068 5312 ὴρίθμησενο
3099 5241 3151 5293 εἰ
3206 5241 3304 5293 καὶ
3338 5240 3538 5293 Θᾶττον
3581 5239 3698 5291 αὑ-’

2088 5335 2179 5391 τὸν
2209 5336 2313 5406 πρὸ
2325 5336 2620 5390 τῶνᾶλλων
2647 5334 3028 5389 κατεδίκασενο
3051 5333 3186 5404 φησὶ
3210 5334 3374 5403 γαρ-ε
3402 5332 3678 5397 Ἐπάταξε

2090 5429 2289 5500 καρδία
2318 5429 2484 5482 Δαϐὶδ
2513 5428 2675 5482 αὐτὸν
2710 5427 2794 5480 ὅτι
2824 5425 3102 5497 ἠρίθμησε
3144 5425 3236 5477 τὸν
3268 5426 3419 5478 λαόν.
3462 5445 3479 5475 ι
3518 5424 3681 5484 Ποίας

2101 5521 2158 5574 δὲ
2178 5520 2524 5591 παρανομίας
2545 5519 2850 5589 τηνικαῦτα
2876 5519 2904 5571 ό
2936 5517 3062 5580 λαὸς
3093 5516 3353 5586 ὑποσχεῖν
3380 5518 3683 5570 ὲδικαιοῦτο

2103 5611 2396 5686 τιμωρίαν,
2425 5613 2460 5684 ἦ
2501 5611 2745 5684 δηλονότι
2772 5610 2874 5679 τῆς
2933 5608 3358 5674 ἐπαναστάσεως
3391 5610 3493 5680 τῆς
3544 5610 3682 5663 κατα
