3978 6218
232 179 362 244 11ί1

1101 187 1200 245 AD
1237 187 1824 247 AMPHILOCIIIUM
1863 187 2205 258 QU/ESTIO
2236 192 2417 265 CCCI,
2458 193 2673 253 CCCII.

3328 185 3463 251 1142

226 294 312 349 τοῦ
363 292 509 361 σφῶν
558 293 820 363 βασιλέως
844 295 1009 349 Δαδίδ
1039 314 1053 360 ;
1089 298 1250 367 ἡνίκα
1286 300 1674 370 διαρραγέντες
1734 301 1798 351 ἐκ
1824 299 1853 357 Α

1920 302 1993 369 lui
2024 312 2211 355 contra
2244 312 2448 371 patrem
2477 313 2529 355 et
2550 317 2726 370 regem
2755 301 3068 372 tyrannicas
3095 315 3290 354 manus
3316 302 3465 353 leva-

230 385 386 454 νόμου
434 386 531 437 καὶ
573 384 789 448 δικαίας
817 388 992 455 ἀρχῆς
1020 386 1097 457 τῷ
1132 389 1270 442 κατὰ
1316 392 1521 460 πατρὸς
1566 398 1659 446 καὶ
1699 394 1799 464 βα-

231 475 410 538 σιλέως
441 476 767 543 τυραννικὰς
794 480 986 548 χεῖρας
1029 479 1340 549 ἁντάραντι,
1374 483 1471 532 καὶ
1527 486 1661 552 μήτε
1696 485 1798 553 τὴν

232 566 382 635 φύσιν
434 566 813 636 εὐλαϐηθέντι,
846 569 981 638 μήτε
1029 569 1091 622 τὸ
1115 571 1213 639 τῆς
1270 569 1547 639 βασιλείας
1581 576 1799 646 ἀξίωμα

228 659 613 726 δυσωπηθέντι,
658 662 1129 732 συνεπανέστησάν
1164 681 1222 715 τε
1251 668 1345 716 καὶ
1388 670 1797 739 ωναπεστὰτη-

233 767 341 815 σαν.
398 751 487 815 Ἐξ
529 744 588 804 οὗ
640 752 842 822 κυρίως
882 753 981 821 μὲν
1015 755 1136 807 κατ’
1188 756 1429 826 ἀλλήλων
1472 760 1733 829 ὲῤῥυήκει
1764 763 1795 814 ὁ

232 842 401 911 φόνος,
430 842 575 903 ἅπας
602 844 656 895 δὲ
716 844 924 911 φύσεως
965 849 1317 919 κατεπατήθη
1352 851 1536 918 νόμος,
1592 853 1795 905 παίδων

233 934 489 996 πολλάκις
520 937 661 987 κατὰ
687 937 937 1005 πατέρων
963 939 1033 989 τὰ
1055 937 1182 1008 ξίφη
1210 940 1502 1008 φερόντων,
1518 941 1611 994 καὶ
1631 943 1797 1010 ὀφίλ-

231 1041 383 1087 τατος
411 1024 526 1088 υίὸς
570 1027 751 1096 χειρὸς
779 1029 1050 1098 πατρικῆς
1077 1030 1239 1099 ἔργον
1267 1032 1534 1101 κείμενος·
1573 1034 1800 1086 τοιαῦτα

232 1117 332 1185 γὰρ
356 1116 428 1170 τὰ
482 1117 629 1175 κακὰ
684 1119 783 1187 τῆς
834 1120 1097 1187 ἐμφυλίου
1154 1122 1415 1185 στάσεως.
1460 1122 1673 1193 Ταύτης
1707 1120 1799 1177 οὖν

231 1207 321 1274 τῆς
349 1206 472 1262 κατ’
514 1207 775 1278 ἀλλήλων
806 1211 1138 1278 μιαιφονίας,
1183 1212 1390 1274 δίκαιος
1441 1209 1507 1283 ἦν
1541 1214 1797 1284 ὑποσχεῖν

231 1298 321 1365 τὴν
346 1300 619 1368 τιμωρίαν
643 1300 672 1350 ὁ
715 1301 953 1371 Ἰσραήλ·
994 1304 1117 1355 ἐπεὶ
1145 1304 1199 1355 δὲ
1242 1304 1354 1356 ἔδει
1402 1306 1796 1377 ποινηλαθῆναι

1902 401 2073 456 verat,
2105 395 2252 447 nullo
2287 405 2492 447 natura:
2526 402 2795 461 respectu,
2825 394 2968 446 nulla
2995 392 3273 462 dignitatis
3305 392 3466 460 regia:

1902 487 2222 546 reverentia,
2281 494 2740 539 consurrexerunt
2779 495 2832 538 et
2877 484 3043 537 simul
3099 492 3463 537 secesserunt.

1899 571 2018 638 Quo
2062 572 2263 626 factum
2319 588 2399 629 est
2439 586 2496 628 ut
2527 575 2614 627 alii
2672 574 2807 627 alios
2839 575 3128 627 crudeliter
3157 572 3468 626 trucidave—

1897 667 2030 731 rint,
2056 676 2109 719 et
2136 682 2326 719 omnes
2357 677 2565 720 natura:
2587 670 2732 735 leges
2753 666 2979 733 pedibus
3005 664 3464 725 conculcaverint,

1897 757 2021 811 [iliis
2073 772 2212 825 saepe
2246 767 2432 810 contra
2484 769 2667 826 patres
2719 757 2961 827 gladium
3017 756 3353 815 ferentibus,
3411 762 3466 805 ct

1894 851 2220 903 charissima
2254 851 2362 903 tilio
2395 866 2555 903 manu
2599 862 2827 919 paterna
2891 850 3125 916 jacente.
3168 846 3290 900 llme
3330 858 3462 899 sunt

1894 942 2037 994 enim
2063 943 2183 995 belli
2226 943 2402 996 civilis
2431 942 2567 995 mala
2596 960 2610 1007 ;
2648 942 2804 1009 Cujus
2834 950 3030 995 autem
3072 953 3271 991 muttire
3302 939 3468 990 caedis

1897 1047 2109 1101 aequum
2143 1044 2258 1086 erat
2287 1049 2476 1101 poenas
2515 1034 2643 1085 dare
2706 1031 2894 1086 Israel.
2931 1032 3067 1083 Cum
3101 1040 3279 1081 autem
3320 1028 3469 1079 illum

1900 1140 2073 1194 paenae
2129 1141 2350 1179 causam
2403 1127 2615 1179 nescire
2669 1133 2965 1194 oporteret,
3015 1124 3156 1177 sicut
3220 1122 3472 1190 quaedam

1901 1216 2219 1285 principalis
2251 1233 2416 1271 causa
2454 1217 2705 1269 vindictre
2736 1216 2937 1269 dicitur
2987 1215 3241 1267 Davidem
3275 1214 3480 1267 excita-

1902 1320 2014 1360 tum
2057 1308 2225 1361 fuisse
2254 1309 2318 1361 ad
2355 1308 2608 1376 populum
2642 1308 3122 1360 dinumermnlum.

232 1392 409 1454 αὑτὸν,
444 1385 552 1445 οἷόν
591 1409 676 1454 τις
710 1396 1161 1465 προκαταρκτικὴ
1235 1396 1384 1449 αἰτία
1443 1397 1713 1467 τιμωρίας
1760 1398 2058 1452 διατίθεται
2122 1399 2182 1451 τὸ
2216 1398 2601 1467 ἁνασεισθῆναι
2656 1398 2744 1450 τὸν
2788 1397 2951 1450 Δαϐιδ
2983 1396 3342 1466 ἐξαριθμῆσαι
3390 1393 3481 1445 τὸν

232 1481 369 1537 λαόν.

298 1576 420 1629 Ὀτι
440 1576 547 1645 γὰρ
572 1577 689 1630 οωὲ
704 1576 811 1628 τῶν
836 1558 1023 1631 δεινῶν
1054 1579 1259 1648 σφόδρα
1280 1579 1433 1649 παρᾶ
1457 1579 1717 1649 βασιλέως
1736 1577 1803 1653 ἦν
1835 1592 1853 1645 1

1979 1579 2130 1647 Quod
2162 1578 2305 1631 enim
2341 1592 2443 1629 non
2478 1585 2585 1629 tam
2630 1573 2800 1629 fuerit
2827 1572 3121 1626 criminosa
3155 1570 3255 1623 ista
3298 1567 3478 1636 populi

232 1670 585 1739 ἡὰρίθμησις
620 1669 712 1723 τοῦ
767 1670 918 1735 λαοῦ,
955 1670 1057 1724 κᾶν
1107 1672 1203 1723 νῦν
1246 1674 1326 1735 εἰς
1384 1674 1563 1725 αἰτίαν
1591 1674 1689 1744 τῆς
1720 1691 1798 1727 τι-

235 1761 447 1830 μωρίας
483 1762 873 1832 παρείληπται,
921 1762 1071 1831 δηλοῖ
1100 1768 1196 1816 καὶ
1224 1767 1257 1833 ἡ
1302 1766 1442 1833 μετὰ
1482 1768 1652 1820 ταῦτα
1694 1770 1801 1820 ἀπ-

232 1852 526 1922 αρίθμησις
573 1853 724 1923 παρὰ
756 1854 830 1922 τῷ
857 1855 1005 1924 αὐτῷ
1052 1857 1393 1926 γεγενημένη
1432 1858 1612 1910 Δαϐίδ⁴
1651 1858 1736 1927 ἐφ’

232 1944 349 1999 οὗτε
386 1962 443 1998 τι
494 1946 657 2014 μηδὲν
686 1947 970 2016 ἀπήντησε
1018 1949 1254 2017 πονηρὸν
1304 1950 1398 2001 καί
1448 1951 1584 2019 μήτε
1632 1967 1803 2019 πονη-

235 2040 351 2108 ρίας
380 2039 684 2109 ἐγκλήματι
713 2040 1016 2108 ὑπαχθεῖσα
1048 2040 1184 2109 μήτε
1223 2042 1346 2093 τινὰ
1387 2040 1807 2112 ἐφελκυσαμένη

234 2132 448 2199 ποινήνο
504 2130 642 2200 αὕτη
698 2132 755 2184 δὲ
807 2130 1030 2200 περὶτὰ
1076 2132 1203 2201 τέλη
1260 2133 1449 2199 γέγονε
1511 2133 1604 2186 τοῦ
1656 2133 1808 2202 βασι-

235 2223 387 2285 λέως·
420 2226 507 2276 ὅτε
537 2228 629 2277 καὶ
666 2227 694 2277 6
714 2224 823 2277 τῶν
878 2225 1122 2278 Λευῖτῶν
1152 2226 1501 2295 συνελογίσθη
1556 2226 1805 2296 ἀριθμός·

234 2314 391 2366 τοῦτο
434 2314 491 2366 δὲ
514 2316 604 2366 καὶ
635 2314 1145 2381 συνυπεμφαίνουσα
1175 2315 1207 2382 ἡ
1234 2314 1444 2383 Γραφὴ,
1473 2316 1555 2375 τὸ,
1588 2333 1607 2364 ι
1632 2316 1807 2384 Προσ-

237 2405 390 2457 έθετο
434 2405 569 2475 ὀργὴ
619 2405 819 2474 Κυρίου
845 2404 1173 2473 ςθυμωθῆναι
1228 2406 1319 2457 ἐπὶ
1382 2404 1651 2473 Ἰσραὴλ,ι
1684 2405 1814 2457 δια-

235 2496 420 2565 τίθησι
437 2497 541 2566 πρὸ
565 2497 710 2561 τοῦ,ι
734 2498 997 2548 Ἀνέσεισε
1020 2497 1110 2548 τὸν
1126 2496 1307 2558 Δαϐὶὸ,
1322 2515 1338 2546 ι
1359 2497 1625 2564 ὲνάγουσα
1653 2498 1816 2549 οἱονεὶ

238 2592 330 2643 καὶ
382 2590 707 2642 διανιστῶσα
736 2590 827 2642 τὸν
875 2589 1148 2658 ἀκροατὴν
1179 2589 1409 2641 συνιδεῖν
1452 2588 1527 2650 ὼς
1576 2589 1697 2657 οὐχὶ
1726 2588 1814 2639 διὰ

238 2684 294 2733 τι)
323 2682 695 2752 αριθμηθῆναι
741 2682 831 2734 τὸν
858 2681 985 2734 λαὸν
1018 2682 1049 2751 ἠ
1077 2680 1212 2749 ὀργὴ
1270 2679 1483 2750 ἀνήφθη
1514 2679 1607 2732 τοῦ
1658 2679 1817 2743 Θεοῦ,

241 2774 379 2826 ἀλλὰ
432 2773 522 2825 διὰ
562 2774 659 2843 τὴν
718 2774 1234 2842 προσγεγενημένην
1296 2771 1472 2824 αὐτῶν
1526 2772 1714 2825 στάσιν
1760 2790 1819 2824 τε

240 2869 335 2919 καὶ
363 2866 658 2934 τυραννίδα
706 2868 799 2925 καὶ
839 2866 1170 2935 μιαιςονίαψ
1222 2865 1283 2918 τὸ
1333 2866 1441 2936 γὰρ
1495 2865 1595 2935 τὴν
1649 2864 1818 2936 ὀργὴν

1902 1672 2152 1726 recensio
2176 1686 2205 1723 a
2241 1685 2365 1736 rege
2399 1669 2565 1729 facta,
2592 1666 2843 1733 quamvis
2870 1677 3015 1715 nunc
3039 1671 3098 1714 ut
3126 1676 3288 1712 causa
3320 1658 3481 1725 puni-

1900 1766 2067 1819 tionis
2090 1763 2354 1826 tradatur,
2387 1761 2532 1814 clare
2558 1760 2895 1813 demonstrat
2925 1755 3011 1807 illa
3048 1768 3168 1820 qua:
3198 1762 3383 1819 postea
3414 1748 3481 1799 ab

1902 1860 2089 1909 eodem
2122 1853 2292 1906 David
2321 1852 2459 1905 facta
2486 1850 2587 1903 fuit
2621 1850 2890 1909 recensio,
2921 1854 3141 1914 propter
3167 1857 3329 1910 quam
3358 1839 3481 1893 nul-

1906 1941 2019 2005 lum,
2042 1946 2281 1999 occurrit
2305 1944 2530 2003 nmium,
2549 1942 2813 2009 siquidem
2851 1940 3052 1992 nullam
3076 1936 3296 1989 malitia:
3320 1947 3482 1985 accu-

1908 2038 2173 2091 sationem
2208 2036 2390 2089 attulit
2416 2049 2516 2087 nec
2558 2048 2772 2102 poenam
2804 2030 3040 2083 induxit.
3084 2026 3175 2078 Illa
3220 2023 3359 2076 facta
3385 2021 3485 2073 fuit

1907 2130 2169 2184 extremis
2213 2129 2361 2197 regis
2400 2126 2581 2181 annis.
2619 2141 2741 2177 cum
2774 2123 3057 2176 levitarum
3100 2130 3361 2170 nurnerus
3394 2128 3486 2165 rc-

1910 2224 2150 2277 censitus
2175 2221 2291 2273 fuit.
2315 2219 2468 2285 Quod
2496 2218 2635 2270 satis
2656 2217 2797 2268 clare
2824 2214 3022 2266 indicat
3047 2209 3326 2275 Scriptura
3358 2204 3484 2255 dum

1910 2315 2127 2367 verba:
2194 2330 2212 2362 ι
2250 2311 2465 2379 Adjecit
2504 2309 2582 2361 ira
2634 2307 2726 2360 Dei
2781 2306 2945 2357 irasci
2989 2310 3177 2355 contra
3228 2295 3486 2365 populum

1913 2403 2078 2458 Israel
2104 2423 2119 2454 ι
2140 2402 2293 2472 ponit
2314 2409 2440 2455 ante
2470 2400 2558 2452 illa
2580 2396 2829 2467 clmpulit
2851 2393 3015 2447 David
3043 2411 3060 2441 ι
3090 2391 3352 2443 inducens
3386 2385 3487 2437 ali-

1915 2511 2025 2564 quo
2059 2494 2220 2547 modo
2243 2502 2297 2547 et
2341 2493 2639 2560 disponens
2671 2489 2951 2542 auditores
2978 2485 3042 2539 ad
3072 2477 3490 2548 intelligendum

1919 2604 2027 2641 non
2074 2597 2295 2655 propter
2340 2584 2523 2655 populi
2568 2581 2943 2636 recensiouem
2990 2579 3122 2629 iram
3165 2574 3258 2625 Dei
3286 2571 3492 2624 excita-

1920 2688 2029 2731 tam
2067 2676 2258 2739 fuisse,
2307 2676 2399 2729 sed
2437 2684 2657 2744 propter
2704 2670 2898 2724 factam
2934 2668 3001 2719 ab
3028 2666 3107 2718 eis
3143 2661 3491 2715 rebellionem

1922 2778 1976 2823 et
2001 2768 2338 2839 tyrannidem
2375 2776 2429 2819 et
2459 2765 2679 2821 cedem.
2710 2761 2795 2815 Ira
2842 2762 2985 2813 enim
3015 2754 3329 2811 recensione
3356 2764 3495 2819 prze-

1926 2866 2124 2935 posita,
2172 2865 2321 2917 illam
2370 2877 2483 2917 non
2514 2870 2736 2929 propter
2791 2855 3163 2910 reccnsionem
3217 2849 3493 2900 inductam

242 2956 622 3025 προτεθεῖσθαι
672 2957 770 3024 τῆς
805 2922 1180 3024 ἀριθμήσεως,
1230 2955 1289 3007 οὗ
1452 2922 1853 3025 τὴει’ἀρίόιλτί··⁴

1925 2956 2093 3013 fuisse
2127 2956 2335 3008 clarum
2358 2963 2459 3006 est.
2498 2952 2760 3004 lncitatur
2810 2964 2935 2999 vero
2969 2946 3085 3014 ipse
3114 2940 3282 2994 David
3308 2947 3359 2989 et
3390 2952 3495 2989 non

246 3063 326 3099 σιν
359 3046 665 3114 ἐπαχθῆναι
696 3044 897 3115 ταύτην
947 3045 1112 3113 δηλοῖ·
1172 3044 1480 3096 ἁνασείεται
1511 3043 1567 3097 δὲ
1603 3044 1763 3106 αὐτὸς
1792 3044 1820 3095 6

244 3138 415 3191 Δαδίδ
446 3140 537 3189 καὶ
572 3138 669 3190 οὐκ
699 3137 875 3201 ἄλλος,
910 3137 1099 3207 ὅτιπερ
1132 3135 1221 3188 διὰ
1254 3136 1314 3188 τὸ
1346 3135 1510 3187 αὑτοῦ
1568 3136 1822 3205 ἁμάρτη-

246 3248 323 3301 μα
352 3232 389 3300 ἡ
417 3229 511 3280 τοῦ
527 3227 844 3295 ’Λὸεσαλὼμ
876 3228 1238 3290 ἐπανάστασις
1262 3226 1485 3297 συνέϐη.
1509 3245 1527 3277 ι
1570 3227 1714 3279 Ἀνθ’
1747 3221 1822 3279 ὧν

244 3324 379 3392 γὰρ,
417 3322 602 3390 φησιν,
648 3321 943 3388 ἐφόνευσας
990 3320 1082 3371 καὶ
1123 3318 1467 3388 ἐμοίχευσας,
1502 3318 1595 3371 καὶ
1618 3318 1825 3387 ἑτέροις

248 3416 347 3484 μὲν
381 3414 691 3483 ὑπαχθήσῃ,
726 3412 864 3481 πλὴν
896 3411 1031 3464 ἀλλὰ
1054 3411 1148 3465 καὶ
1182 3412 1236 3462 αἱ
1267 3410 1524 3478 γυναῖκές
1588 3426 1680 3462 σου
1738 3412 1826 3462 ὲν-

247 3509 421 3561 ὡπιον
440 3506 547 3558 τῶν
570 3505 862 3575 ὀφθαλμῶν
888 3522 980 3557 σου
999 3505 1076 3567 εἰς
1095 3504 1312 3572 ἐτέρους
1341 3505 1788 3573 μεταστήσονται,
1802 3520 1819 3551 ι

245 3600 273 3653 ὃ
414 3600 508 3651 καὶ
540 3598 940 3667 διαπέπρακται
970 3596 1047 3667 τῷ
1108 3592 1443 3662 Ἀὅεσαλὼμ·
1517 3594 1829 3646 ἀνασείεται

247 3694 339 3746 οὖν
369 3691 530 3754 αὐτὸς
554 3692 581 3743 6
611 3688 965 3761 ἡμαρτηκὼς,
995 3690 1080 3741 ἵνα
1113 3689 1207 3741 τοῦ
1246 3690 1447 3742 οἰκείου
1481 3687 1828 3755 πταίσματος

248 3785 329 3846 εἰς
356 3781 705 3848 συναισθησιν
724 3778 912 3839 ἐλθὼν,
939 3798 955 3830 ι
979 3776 1400 3849 Ἑγὼῆμαρτον,
1416 3776 1714 3846 ἀναϐοήσῃ,
1735 3775 1831 3827 καὶ

250 3877 367 3945 ἐγὼ
396 3875 790 3943 ἐκακοποίησα,
817 3866 969 3934 οὗτος
997 3872 1053 3923 δὲ
1080 3872 1108 3923 6
1130 3871 1256 3932 λαὸς
1298 3870 1347 3923 τί
1380 3867 1602 3935 ἐποίησε
1630 3884 1643 3932 ;
1672 3887 1690 3918 ι
1723 3865 1832 3921 Καὶ

251 3969 316 4021 ἐκ
353 3966 453 4032 μὲν
474 3968 571 4035 τῆς
587 3962 987 4034 ὲξαγορεύσεως
1014 3965 1108 4016 καὶ
1128 3962 1414 4027 μετανοίας
1442 3963 1475 4030 ἡ
1493 3957 1629 4029 θραῦ
1640 3975 1719 4020 σις
1740 3973 1834 4009 κο-

253 4060 427 4128 πάσῃ·
481 4056 684 4126 ταύτης
732 4056 786 4108 δὲ
816 4054 1084 4125 ληγούσης
1123 4054 1155 4124 ἡ
1211 4052 1451 4123 σωτηρία
1499 4049 1835 4119 περιγένοιτο

252 4153 333 4219 τῷ
381 4148 546 4215 γένει’
584 4146 779 4215 μᾶλλον
813 4146 869 4197 δὲ
904 4144 1106 4198 ἄνωθεν
1152 4148 1347 4208 εἰπεῖν,
1395 4142 1833 4212 ἐκεχρεωστήκει

1923 3048 2084 3109 alius,
2128 3047 2254 3116 quia
2309 3054 2525 3113 propter
2555 3043 2724 3111 ipsius
2755 3040 3009 3095 delictum
3085 3031 3378 3087 Ahsalonis
3419 3030 3499 3081 in-

1925 3138 2189 3192 surrectio
2229 3136 2447 3196 accidit,
2489 3134 2622 3186 dicit
2656 3132 2802 3185 enim
2844 3149 2857 3184 :
2902 3149 2917 3179 ι
2949 3128 3088 3203 Quia
3141 3124 3388 3180 occidisti
3447 3131 3503 3175 et

1926 3227 2251 3281 adulterium
2278 3224 2625 3286 commisisti,
2670 3221 2772 3275 sub
2817 3220 3048 3277 aliorum
3078 3223 3342 3285 potestate
3370 3211 3501 3273 cris,

1926 3321 2023 3375 sed
2070 3328 2125 3373 ct
2172 3317 2423 3371 mulieres
2463 3327 2583 3369 tuas
2624 3315 2674 3366 in
2702 3313 2875 3367 oculis
2927 3310 3034 3363 tuis
3059 3309 3336 3376 proximus
3380 3313 3505 3356 tuus

1927 3416 2100 3469 tollet.
2136 3431 2155 3465 ι
2191 3410 2347 3478 Quod
2375 3407 2751 3479 quidemfccit
2793 3405 3087 3461 Absaloms
3117 3402 3507 3455 Commovctur

1928 3525 2059 3578 ergo
2094 3508 2210 3576 ipse
2234 3506 2327 3575 qui
2365 3503 2608 3573 peccavit
2644 3512 2700 3555 ut
2730 3500 2813 3556 sui
2863 3498 3042 3553 delicti
3116 3490 3505 3548 conscientiam

1932 3601 2155 3662 habens,
2195 3616 2213 3648 ι
2245 3599 2355 3663 Ego
2390 3596 2630 3665 peccavi,
2669 3593 2930 3654 clamitet,
2967 3604 3067 3659 ego
3115 3588 3255 3647 male
3276 3584 3384 3651 egi,
3424 3582 3512 3634 hic

1931 3702 2113 3747 autem
2145 3692 2377 3762 populus
2404 3689 2533 3758 quid
2570 3688 2733 3743 fecit?
2755 3706 2771 3737 ι
2803 3694 2856 3738 et
2877 3700 2940 3736 ex
2966 3684 3071 3736 ista
3097 3677 3437 3734 confessione
3459 3681 3514 3726 et

1931 3785 2251 3854 ptBnitentia
2283 3781 2652 3837 tribulationis
2694 3779 2787 3831 ﬁat
2822 3777 2965 3838 linis,
3006 3782 3060 3826 et
3091 3774 3192 3824 ista
3238 3774 3512 3827 cessante,

1934 3880 2083 3934 salus
2110 3880 2261 3949 genti
2320 3876 2691 3946 superveniat.
2742 3871 2939 3925 Potius
2972 3875 3149 3920 autem
3194 3877 3313 3931 quae
3347 3871 3513 3924 supra

1933 3947 2267 4029 memorans,
2301 3979 2515 4033 poenam
2577 3962 2776 4015 meruit
2812 3957 3071 4028 populus,
3114 3960 3333 4021 propter
3368 3947 3512 4016 quod

1935 4060 2135 4129 adjecit
2159 4059 2313 4112 furor
2340 4056 2547 4109 Domini
2585 4054 2743 4108 irasci
2774 4058 2965 4107 contra
3014 4048 3175 4109 illos;
3219 4040 3517 4097 commovit

1938 4128 2116 4202 autem
2165 4147 2242 4199 ira
2285 4146 2449 4201 David
2481 4146 2547 4198 ad
2580 4142 2837 4212 populum
2870 4132 3354 4192 dinumeramlnm.
3382 4128 3517 4180 Post

256 4244 362 4311 τὴν
408 4241 566 4311 δίκην
596 4242 624 4292 ὁ
657 4239 801 4301 λαός
872 4238 959 4290 δια
996 4237 1152 4290 τοῦτο
1197 4237 1492 4306 προσέθετο
1536 4234 1672 4307 ὀργὴ
1701 4233 1836 4287 Θεοῦ

1941 4249 2123 4295 autem
2154 4238 2526 4293 recensioncm
2549 4237 2709 4289 irruit
2734 4235 2889 4307 plaga
2914 4249 2928 4297 ;
2959 4246 3065 4299 qua
3089 4236 3287 4287 stante,
3315 4223 3366 4275 in
3390 4237 3519 4275 con-

260 4334 589 4405 θυμωθῆναι
616 4334 701 4384 ἐπ’
719 4330 930 4392 αὐτούς’
976 4330 1216 4383 ἀνασείει
1240 4330 1295 4382 δὲ
1322 4331 1349 4382 ὀ
1373 4328 1543 4396 θυμὸς
1576 4328 1712 4397 πρὸς
1740 4327 1839 4396 τὴν

258 4425 663 4496 ἁρίθμησιντὺν
681 4423 864 4475 Δαείδ·
880 4420 1265 4491 ἀριθμηθέντος
1282 4420 1337 4472 δὲ
1352 4421 1570 4471 ἐπέθετο
1588 4421 1620 4488 ἡ
1639 4418 1839 4487 πληγήσ

262 4518 566 4588 ἱσταμένης
590 4517 645 4569 δὲ
670 4516 770 4586 τῆς
800 4515 1011 4584 πληγῆς
1039 4516 1116 4575 εἰς
1139 4511 1486 4581 συναίσθησιν
1528 4510 1622 4563 τοῦ
1658 4526 1839 4578 παρα-

263 4611 565 4680 πτώματος
586 4610 708 4678 ἥκει
739 4611 766 4660 6
790 4608 970 4659 Δαϐίδο
1006 4608 1068 4658 ἐκ
1089 4605 1187 4672 τῆς
1214 4604 1630 4672 συναισθήσεως,
1648 4604 1726 4664 εἰς
1755 4618 1847 4670 με-

262 4702 508 4755 τάνοιανο
540 4702 579 4769 ἡν
603 4700 857 4768 μετάνοια
885 4696 941 4749 δὲ
996 4696 1092 4765 τὴν
1144 4694 1351 4749 ἄνωθεν
1384 4692 1710 4763 συγγνώμην
1754 4692 1848 4761 καὶ

264 4795 359 4847 τὸν
385 4794 535 4845 ἔλεον
580 4792 740 4843 κινεῖ·
796 4790 867 4842 τὰ
893 4790 948 4842 δὲ
1002 4786 1234 4840 παύουσι
1265 4788 1363 4856 τὴν
1412 4784 1658 4856 θραῦσιν·
1700 4785 1837 4837 ὥστε

1941 4331 2220 4383 scientiam
2255 4328 2433 4381 delicti
2481 4327 2626 4379 venit
2658 4324 2845 4383 David.
2879 4333 2934 4374 et
2970 4336 3033 4373 ex
3074 4314 3415 4372 conscientia
3463 4311 3519 4362 in

1941 4422 2337 4489 pmttitcntiam,
2389 4418 2704 4488 ptenitentia
2746 4425 2928 4469 autem
2973 4412 3183 4465 veniam
3215 4416 3267 4461 et
3303 4403 3521 4458 miseri-

1944 4513 2183 4565 cordiam
2213 4528 2241 4565 a
2289 4511 2396 4565 Deo
2426 4512 2667 4573 attrahit,
2703 4518 2758 4563 et
2787 4508 2865 4561 sic
2912 4506 3072 4558 linem
3107 4501 3267 4556 habet
3290 4494 3519 4549 tribula—

1945 4605 2043 4662 tio.
2073 4608 2143 4659 ita
2175 4615 2231 4659 ut
2263 4606 2399 4659 mala
2430 4605 2624 4673 populo
2649 4603 2807 4671 quasi
2840 4602 2893 4652 in
2923 4612 3033 4652 uno
3096 4596 3269 4662 capite
3299 4603 3523 4658 peccas-

1945 4708 2028 4753 set
2072 4700 2391 4763 acciderint,
2421 4708 2475 4752 et
2534 4698 2803 4751 malorum
2859 4695 3103 4746 levamen
3157 4701 3250 4756 per
3277 4680 3521 4751 ejusdem

1946 4791 2317 4859 pwnitcntiam
2349 4792 2654 4859 contigerit.

266 4887 365 4939 καὶ
394 4884 456 4937 τὸ
478 4884 647 4937 δεινὸν
687 4882 764 4951 τῷ
827 4880 939 4951 λαῷ
976 4879 1162 4949 ὥσπερ
1204 4880 1311 4932 ἀπὸ
1361 4895 1501 4939 τινος
1547 4877 1786 4947 κεφαλῆς
1810 4877 1885 4949 τῷ
1923 4883 2266 4956 ἡμαρτηκότι
2328 4888 2556 4956 κατέδηο
2603 4885 2696 4938 καὶ
2728 4887 2761 4955 ἡ
2787 4881 2880 4936 τοῦ
2917 4880 3124 4943 πάθους
3179 4876 3341 4931 πάλιν
3390 4876 3524 4928 ἀνα..

270 4978 439 5049 στολὴ
467 4978 557 5029 διὰ
582 4975 681 5044 τὴν
714 4973 876 5027 αὐτοῦ
912 4972 1196 5041 μετάνοιαν
1224 4969 1602 5042 κατεπράχθη.

837 5086 1168 5140 ΕΡΩΤΙΙΣΙΣ
1198 5085 1317 5137 Ἱ’Β’.

274 5182 444 5238 Διατί
484 5183 516 5234 ό
572 5180 895 5244 θεσπέσιος
941 5180 1115 5231 Δαὸὶδ
1159 5176 1587 5244 πίιρίιχωρεῖται
1642 5178 1854 5231 πεσεῖν

491 5254 579 5316 εὶς
615 5252 910 5320 ἁμαρτίαν
934 5251 1030 5303 καί
1063 5250 1196 5302 τότε
1230 5251 1637 5314 τηλικαύτην;

2157 5067 2487 5132 QU/ESTIO
2541 5065 2713 5123 CCC“
2764 5063 2955 5135 [CoisL
2983 5063 3145 5117 Taur.
3172 5059 3312 5130 CX}.

1958 5161 2068 5215 Cur
2125 5162 2420 5229 permiserit
2477 5161 2614 5215 Deus
2689 5158 2994 5226 prophetam
3068 5153 3321 5207 Davidem
3380 5160 3527 5202 tanta

2558 5232 2889 5284 succumbere
2911 5230 2935 5283 ζ’

1141 5364 1283 5414 Edita
1317 5379 1343 5412 ιι
1376 5363 1500 5412 Maio
1532 5362 1587 5424 (Ι.
1611 5378 1653 5412 c.
1678 5378 1727 5425 p.
1761 5364 1869 5424 ισι,
1900 5377 1949 5424 q.
1972 5362 2102 5423 3l0).
2124 5385 2186 5394 —-
2214 5358 2257 5407 Il
2279 5358 2401 5418 Reg.
2422 5353 2536 5411 11,1
2571 5363 2678 5410 sell-

353 5454 511 5524 Τάχα
537 5453 636 5522 μὲν
664 5452 758 5504 καὶ
776 5451 866 5504 διά
881 5466 1030 5511 τινας
1064 5450 1255 5519 ἐτέρας
1273 5450 1617 5519 ἀπορρήτους
1634 5449 1809 5511 αἰτίας
1843 5466 1856 5479 ·

1071 5541 1358 5610 μετανοίας
1407 5542 1855 5610 προστεθειμένον

287 5642 375 5710 εἴη
422 5638 770 5711 παράδειγμα
805 5653 817 5667 ο
852 5637 899 5688 εἰ
930 5636 1038 5705 γὰρ
1065 5626 1218 5698 οὗτος
1256 5632 1501 5705 βασιλεύς
1539 5650 1596 5687 τε
1654 5632 1729 5689 ὢν
1762 5635 1855 5687 καὶ

282 5546 423 5617 πλὴν
442 5546 519 5608 ὡς
550 5544 616 5597 ἂν
672 5546 763 5596 καὶ
794 5544 869 5613 τῷ
921 5541 1020 5611 βίῳ

2036 5443 2372 5511 Quibusdam
2424 5438 2654 5493 occultis
2681 5436 2817 5491 forte
2840 5435 2906 5488 de
2936 5433 3137 5494 causis,
3174 5438 3226 5482 at
3256 5426 3444 5481 saltem
3472 5433 3524 5476 ut

1963 5539 2123 5593 nobis
2153 5536 2314 5589 David
2340 5531 2671 5601 paenitentia:
2704 5535 3092 5598 proponeretur
3140 5519 3415 5587 exemplar
3441 5532 3456 5581 ;
3486 5512 3528 5566 si

1962 5631 2106 5685 enim
2165 5625 2539 5697 hujuscemodi
2590 5636 2682 5679 rex
2718 5636 2878 5691 quem
2932 5614 3229 5674 secundum
3290 5626 3386 5666 cor
3436 5608 3528 5661 Dei
