3978 6218
467 271 608 338 1143

1658 280 1918 342 PIIO'I‘II
1947 283 2450 344 PATRIARCHIE
2475 284 2586 344 (ΣΡ.

3574 281 3711 346 1144

449 385 765 452 regnavisse
803 385 1135 455 accepimus,
1170 398 1279 443 tam
1312 389 1424 446 cito
1451 405 1484 446 e
1522 389 1676 462 lapsu
1717 407 1778 447 se
1822 391 2021 456 attulit,

2133 391 2270 446 κατὰ
2312 391 2412 462 τὴν
2470 392 2699 463 καρδίαν
2756 390 3174 446 πεπολιτεῦσθαι
3221 395 3714 464 μεμαρτυρημένος

449 477 876 547 ιιωιιίιεηιίίιίιυο
907 489 961 534 et
1017 479 1276 551 Iacrymis
1327 491 1558 537 conatus
1591 493 1675 538 est
1714 483 1897 538 delere
1926 485 2034 537 ini-

452 570 717 636 quitatem
749 586 928 632 suam,
962 587 1144 626 nonne
1189 583 1402 642 oportet
1446 589 1544 630 nos
1577 575 1670 644 qui
1727 589 1834 628 non
1865 579 2034 632 semel

452 669 666 714 tantum
699 661 1020 729 cecidimus,
1053 663 1148 719 sed
1181 667 1445 720 continuo
1473 667 1732 732 labimur,
1766 667 1947 722 facere
1975 678 2034 723 ut

449 750 600 820 largo
622 751 750 806 ﬂetu
785 762 834 807 et
863 755 1098 810 contrito
1125 757 1289 812 corde
1316 767 1536 827 peccata
1565 769 1753 813 nostra
1779 761 2034 815 emende-

449 844 614 898 ntus?
669 845 1067 916 Argumentum
1108 864 1328 919 quoque
1382 849 1488 903 hoc
1529 859 1609 904 est
1666 865 1736 904 ne
1777 852 2030 920 quidam,

446 935 652 990 virtute
684 935 948 1008 insignes,
981 954 1105 993 cum
1136 940 1191 993 in
1211 955 1306 994 eos
1337 954 1553 995 errores
1583 940 1905 1008 deciderint,
1937 942 2033 1014 qui

450 1036 581 1080 sunt
605 1027 862 1095 hominis,
895 1029 1241 1100 semetipsos,
1274 1033 1425 1086 omni
1450 1032 1698 1103 deposita
1728 1049 1824 1105 spe
1847 1074 1863 1098 ,
1907 1051 2033 1105 pes-

450 1118 742 1185 sumdent;
771 1122 864 1176 sed
907 1124 1089 1192 potius
1120 1123 1407 1179 attendant
1432 1124 1650 1180 beatum
1697 1127 1845 1182 hunc
1878 1127 2034 1183 Davi-

449 1207 596 1274 dem,
640 1223 846 1282 quanto
889 1214 1096 1269 scelere
1141 1216 1446 1284 astrictum,
1475 1233 1638 1288 quam
1666 1219 1776 1274 cito
1800 1220 2030 1276 salutem

451 1301 741 1370 invenerit,
774 1313 833 1358 ut
862 1313 916 1358 et
940 1305 1042 1374 ipsi
1068 1307 1260 1362 eodem
1283 1307 1464 1363 studio
1493 1310 1815 1378 excitentur,
1843 1327 2032 1367 assur-

450 1403 600 1463 gant,
629 1395 1041 1466 emendatisque
1089 1397 1338 1453 moribus
1376 1399 1534 1453 unice
1565 1399 1783 1454 demum
1828 1415 2032 1458 consu-

2136 481 2293 546 Θεοῦ,
2327 482 2511 536 πεσὼν
2539 476 2695 546 οὗτος
2723 483 2916 536 θᾶττον
2945 483 3146 554 ἀνέστη
3173 483 3269 536 καὶ
3295 483 3384 536 διὰ
3419 487 3716 554 μετανοίας

2128 574 2232 626 καὶ
2258 574 2510 646 δακρύων
2536 574 2863 628 ἐσπούδασεν
2880 573 3185 645 ἐκκαθᾶραι
3201 573 3261 628 τὸ
3285 575 3718 646 όλίσθημανπῶς

2137 664 2199 716 οὐ
2234 663 2341 735 χρὴ
2361 665 2456 718 καὶ
2478 666 2626 735 ἡμᾶς
2669 665 2768 736 οὐχ
2799 664 2946 730 ἆπαξ
2984 665 3276 730 πεσόντας,
3302 665 3439 719 ἀλλά
3468 667 3558 720 διὰ
3577 684 3718 721 παν-

2133 755 2224 819 τὸς
2244 756 2564 821 πίπτοντας,
2595 756 2819 827 θερμοῖς
2845 759 2960 820 τοῖς
2987 757 3222 827 δάκρυσι
3256 758 3356 810 ’καὶ
3385 775 3712 829 συντετριμ-

2137 849 2274 921 μένῃ
2298 848 2496 919 καρδίᾳ
2523 849 2842 916 ἀπαλείφειν
2873 848 3166 918 πειρᾶσθαι
3194 850 3265 902 τά
3294 851 3709 920 ἀμαρτήματας

2133 938 2214 991 ἔτι
2242 939 2320 1003 δὲ,
2354 938 2440 992 ίνα
2459 937 2534 1009 μὴ
2563 937 2766 1009 δήποτέ
2793 954 2938 1000 τινες
2960 937 3070 989 τῶν
3103 938 3162 990 ἐν
3183 937 3572 1008 κατορθώμασι
3599 937 3716 990 δια-

2133 1029 2483 1100 λαμπὸντων,
2516 1023 2604 1083 οἷα
2631 1030 2697 1100 δὴ
2709 1020 2786 1083 ττὰ
2815 1027 3134 1101 ἀνθρώπινα
3170 1031 3251 1094 είς
3282 1030 3638 1101 παράπτωμα
3657 1047 3714 1083 τι

2133 1122 2606 1194 κατωλισθηκότες
2629 1119 2943 1190 ἀπογνώσει
2975 1121 3202 1184 ἐαυτοῦς
3232 1123 3327 1176 καὶ
3377 1122 3717 1194 (Itasime-vlg.

2134 1215 2450 1285 παραδῶσιν
2473 1230 2488 1245 °
2521 1215 2638 1269 ἀλλ’
2674 1214 2894 1286 ἔχοντες
2938 1214 3030 1268 τὸν
3065 1214 3338 1285 μακάριον
3370 1215 3577 1266 ἐκεῖνον
3601 1215 3714 1266 Δα-

2133 1307 2221 1362 6ὶδ
2261 1306 2594 1378 τηλικαύτην
2631 1305 2728 1377 μὲν
2760 1306 3106 1377 παρανομίαν
3157 1304 3540 1376 εἰργασμένον,
3571 1305 3716 1359 οὓτω

2132 1399 2190 1453 δὲ
2239 1401 2464 1468 ταχεῖαν
2527 1397 2626 1469 τὴν
2664 1397 2964 1468 θεραπείαν
3012 1397 3315 1468 εὑρημένον
3340 1443 3357 1463 ,
3410 1398 3504 1451 καὶ
3557 1399 3717 1452 αὐτοὶ

449 1485 642 1549 lentes,
685 1488 925 1556 priorem
964 1489 1329 1558 integritatem
1373 1506 1545 1561 usque
1589 1491 1791 1548 colant.
1824 1492 2031 1549 Forsan

449 1590 670 1647 quoque
697 1587 851 1632 tanto
873 1588 1099 1648 peccato
1125 1581 1460 1650 permittitur
1481 1583 1840 1639 succumbere
1862 1583 2031 1640 David

2133 1582 2554 1652 ἀνασφαλέντες,
2591 1582 2684 1636 καὶ
2737 1583 2836 1652 τῆς
2896 1582 3182 1653 μετανοίας
3233 1581 3347 1634 ὅλοι
3400 1585 3714 1650 γεγονότες,

449 1682 519 1724 ne
563 1666 732 1722 Judaei
813 1670 1096 1726 audientes
1153 1687 1349 1742 magna
1405 1689 1526 1743 quae
1588 1674 1656 1728 de
1717 1674 1812 1728 illo
1859 1691 2030 1731 sacrae

2136 1674 2244 1728 τῶν
2291 1674 2569 1744 προτέρων
2618 1673 2848 1744 ἔχωνται
2903 1673 3348 1743 κατορθωμάτων
3384 1690 3399 1705 ο
3468 1674 3599 1737 ἴσως
3650 1675 3712 1728 δὲ

450 1761 746 1832 Scriptum
778 1771 1069 1825 testantur,
1104 1778 1168 1817 ex
1206 1779 1365 1834 atquo
1395 1766 1544 1819 illum
1582 1780 1706 1820 cum
1739 1766 1847 1820 Deo
1885 1768 2034 1822 cole-

2139 1765 2236 1818 καὶ
2266 1768 2540 1836 συγχωρεῖ
2561 1768 2590 1819 6
2620 1765 2752 1828 Θεὸς
2782 1766 2862 1829 είς
2893 1765 3168 1837 ἁμαρτίαν
3191 1767 3379 1818 πεσεῖν
3407 1765 3497 1818 τὸν
3525 1767 3714 1831 Δασιδ,

449 1864 608 1921 rent;
640 1855 840 1910 etenim
881 1855 1069 1910 eadem
1101 1854 1168 1909 de
1211 1871 1377 1910 causa
1419 1855 1620 1927 Moysis
1659 1873 1860 1929 corpus
1899 1858 2032 1913 sub-

2141 1856 2228 1912 ἵνα
2251 1857 2328 1927 μὴ
2349 1859 2449 1921 τάς
2479 1858 2580 1927 τῆς
2624 1858 2774 1928 ἱερᾶς
2805 1857 3028 1927 Γραφῆς
3055 1857 3184 1926 περὶ
3213 1855 3380 1909 αὐτοῦ
3408 1856 3717 1927 μαρτυρίας

450 1952 664 2014 replum
690 1953 807 2010 est;
835 1945 1198 2015 ignotumque
1228 1962 1396 2015 usque
1446 1948 1511 2000 ad
1553 1963 1791 2016 praesens
1818 1957 2032 2018 tempus

2136 1949 2200 2003 τὸ
2238 1951 2506 2004 Ἰουδαίων
2531 1950 2683 2014 ἔθνος
2713 1949 3002 2013 ἀκούοντες
3029 1950 3110 2011 είς
3128 1948 3262 2001 Θεὸν
3293 1948 3456 2002 αὑτὸν
3483 1949 3722 2018 ἀναστή-

451 2054 482 2090 a
513 2037 640 2092 ﬁliis
684 2035 843 2091 Israel
899 2047 1145 2102 vocatur,
1204 2038 1480 2108 Divusque
1523 2038 1720 2094 Paulus
1769 2040 1910 2094 idern
1962 2040 2031 2094 de

2140 2060 2275 2096 σωσι
2299 2058 2315 2074 °
2344 2043 2440 2096 καὶ
2467 2042 2578 2113 γὰρ
2609 2043 2702 2095 καὶ
2721 2041 2784 2094 τὸ
2813 2041 3089 2103 Μωῠσέως
3115 2039 3276 2110 σῶμα
3308 2039 3398 2092 διὰ
3423 2039 3523 2110 τὴν
3544 2040 3720 2110 αὐτὴν

451 2128 746 2197 setneptiso
796 2127 1038 2182 declarat
1082 2128 1271 2182 dicens
1315 2148 1328 2183 :
1383 2147 1401 2180 ι
1447 2126 1524 2183 Ne
1573 2130 1864 2200 quisquam
1920 2145 2035 2186 sese

2139 2133 2318 2187 αἰτίαν
2355 2132 2670 2204 μετατεθὲν,
2695 2132 2971 2200 ἄγνωστον
3005 2130 3170 2201 μέχρι
3199 2129 3294 2182 καὶ
3317 2130 3554 2200 τήμερον
3578 2147 3723 2200 χρη-

452 2217 902 2272 scandalizaverit
957 2234 1123 2288 super
1174 2235 1259 2274 me
1318 2231 1535 2290 propter
1605 2221 1750 2290 quod
1799 2219 1947 2276 videt
1982 2232 2035 2278 et

2140 2222 2354 2294 ματίζει
2379 2224 2494 2284 τοῖς
2520 2222 2580 2288 ἐξ
2638 2221 2886 2292 Ἰσραήλ·
2921 2220 3018 2275 καὶ
3039 2223 3067 2274 6
3101 2220 3388 2282 θεσπέσιος
3418 2220 3473 2274 δὲ
3501 2221 3720 2283 Παῦλος

2133 1490 2273 1561 πρὸς
2289 1490 2382 1543 τὸν
2403 1491 2586 1561 ὅμοιον
2603 1489 2931 1543 διαναστῶσι
2965 1490 3144 1560 ζῆλον,
3168 1490 3262 1543 καὶ
3287 1489 3379 1542 τοῦ
3410 1488 3710 1559 πτώματος

451 2310 638 2376 audit;
671 2328 690 2361 ι
724 2319 778 2364 et
801 2311 980 2380 reipsa
1011 2311 1296 2382 gentilium
1327 2311 1550 2380 quidam
1616 2327 1720 2366 una
1771 2312 2037 2367 vidissent

453 2402 697 2472 prodigia
726 2418 848 2473 qua:
890 2404 1008 2472 ipse
1035 2412 1091 2458 et
1121 2403 1402 2458 Barnabas
1430 2403 1814 2474 perpetrabant
1845 2411 1905 2458 ut
1930 2402 2033 2460 diis

454 2509 611 2549 saera
641 2493 820 2552 facere
852 2503 1306 2567 properaverant.

638 2782 967 2850 QUA‘ISTIO
1000 2784 1202 2841 CCCIII
1239 2785 1428 2858 [CoisL
1470 2787 1634 2842 Taur.
1661 2786 1870 2859 CXVI].

523 2873 702 2941 Quare
771 2876 913 2932 Deus
981 2880 1391 2951 primogenitum
1474 2879 1652 2935 Israel
1717 2881 1960 2937 vocavit!

2133 2310 2374 2364 τοιοῦτόν
2402 2327 2454 2362 τι
2495 2310 2625 2380 περὶ
2655 2309 2820 2364 αὑτοῦ
2843 2309 3099 2379 ὑποδηλοί
3127 2309 3324 2362 λαλῶν·
3349 2310 3498 2363 «Ἵνα
3536 2313 3610 2379 μή
3632 2328 3722 2373 τις

2133 2401 2519 2471 ύπολογίσηταί
2543 2419 2625 2463 τις
2645 2401 2776 2472 περὶ
2797 2399 2932 2472 ἐμοῦ
2953 2400 3092 2470 ὑπὲρ
3109 2400 3136 2452 ὃ
3165 2400 3350 2470 βλέπει
3375 2401 3466 2454 καὶ
3487 2401 3677 2454 ἀκούει
3703 2417 3720 2432 ·

2133 2495 2269 2550 ἀλλά
2295 2494 2387 2548 καί
2407 2511 2550 2558 τινες
2569 2492 2676 2546 τῶν
2703 2492 3122 2560 Ἐλληνιζόντων
3137 2492 3262 2545 ἐπεῖ⁹
3288 2491 3720 2562 τερατουργοῦν-

2135 2603 2236 2648 τας
2259 2579 2400 2638 εἶδον
2431 2584 2594 2639 αὐτόν
2615 2602 2674 2638 τε
2707 2587 2804 2638 καὶ
2835 2583 3146 2656 Βαρνάϐαν,
3177 2584 3253 2648 ὡς
3301 2583 3441 2647 θεοῖς
3469 2583 3719 2655 προσφέ-

2140 2694 2252 2749 ρειν
2279 2675 2470 2740 θυσίας
2501 2675 2795 2748 ὥρμησαν.

2673 2789 3010 2853 ΕΡΩΤΗΣῙΣ
3049 2790 3166 2844 ΤΡ.

2138 2881 2301 2935 Διατί
2323 2879 2699 2948 πρωτότοκον
2732 2880 2765 2932 ό
2800 2877 2947 2945 Θεὸς
2988 2879 3095 2933 τὸν
3144 2881 3382 2950 Ἰσραὴλ
3414 2879 3671 2933 ἐκάλεσε
3697 2919 3718 2943 ,

1550 2991 1694 3042 Edita
1716 3007 1743 3041 a
1763 2993 1888 3042 Maio
1919 2992 1976 3055 (Ι.
1997 3004 2042 3041 c.
2062 3005 2113 3054 q.
2138 2991 2246 3054 I00,
2267 2991 2374 3051 IOI,
2395 3004 2445 3052 q.
2473 2990 2604 3052 I52).

521 3073 666 3130 Deus
697 3073 861 3131 Israel
890 3075 1312 3148 primOgenitum
1344 3085 1526 3136 vocat.
1555 3091 1677 3132 cum
1711 3075 1932 3146 Moysen
1964 3075 2032 3129 ad

2209 3074 2564 3144 Πρωτότοκον
2597 3071 2654 3124 δέ
2679 3071 2708 3124 6
2745 3070 2878 3133 Θεὸς
2912 3069 3004 3124 τὸν
3072 3069 3288 3142 Ἰσραὴλ
3336 3070 3508 3134 καλεῖ,
3551 3071 3720 3140 ἡνίκα

454 3167 792 3222 Pharaonem
809 3168 980 3232 misit,
1002 3168 1068 3222 ad
1087 3170 1484 3224 ostendendum
1504 3179 1766 3240 quantum
1791 3183 2037 3223 amorem

452 3267 508 3312 et
525 3267 783 3328 quantam
799 3259 1119 3314 charitatem
1134 3276 1261 3330 erga
1278 3261 1429 3321 illum
1459 3261 1710 3316 habebat.
1733 3260 1825 3315 Sic
1853 3260 2038 3330 aliquo

454 3349 617 3403 modo
660 3348 726 3402 ad
765 3348 982 3420 Moysen
1033 3350 1398 3419 loquebatur:
1453 3349 1700 3421 Loquere
1746 3349 2034 3404 Pharaoni.

458 3439 732 3504 Quantum
755 3448 809 3492 tu
843 3439 1412 3509 amoretuergatilium
1441 3449 1594 3492 tuum
1618 3436 2038 3508 primogenitum

457 3528 624 3582 habes
643 3536 698 3582 et
712 3542 918 3586 servas.
942 3537 1150 3582 tantum
1170 3538 1297 3598 puta
1310 3538 1364 3584 et
1385 3528 1556 3583 Deum
1576 3528 1777 3583 habere
1796 3543 1920 3597 erga
1939 3541 2038 3596 po-

455 3619 644 3690 pulum
665 3619 848 3674 Israel.
873 3618 1060 3689 Itaque
1078 3635 1184 3674 non
1209 3621 1589 3690 aequicscente
1611 3619 1705 3674 illo
1729 3617 2036 3674 liberationi

454 3721 510 3765 et
541 3711 733 3766 reditui
780 3711 970 3775 Israel,
1004 3724 1193 3766 contra
1221 3711 1614 3782 primogenitos
1654 3709 1958 3765 Pharaonis
1981 3715 2035 3762 et

457 3801 839 3873 Egyptiorum
876 3803 1035 3875 plaga
1086 3803 1267 3856 irruit.
1301 3821 1320 3853 ι
1355 3801 1497 3857 Deus
1547 3811 1728 3857 autem
1785 3817 1910 3857 cum
1963 3801 2036 3857 sit

453 3897 699 3950 omnium
763 3898 1006 3964 gentium
1071 3893 1243 3948 factor
1305 3904 1359 3948 et
1417 3903 1644 3958 auctor,
1702 3893 1779 3948 ita
1837 3903 1920 3949 est
1980 3903 2036 3948 et

454 3991 700 4043 omnium
737 3988 1096 4058 providentia.
1141 3987 1506 4057 Sequentibus
1556 3995 1734 4040 autem
1784 3987 2038 4056 tempori-

457 4085 578 4147 bus,
607 4098 798 4137 omnes
829 4092 1016 4153 gentes
1039 4082 1106 4136 ad
1137 4081 1381 4135 eamdem
1409 4080 1771 4150 cognitionem
1801 4095 2035 4134 conver-

453 4191 616 4231 surus
645 4183 764 4230 erat
815 4182 870 4229 et
919 4183 1346 4238 convocaturus,
1402 4183 1456 4227 et
1499 4173 1639 4228 lilios
1689 4182 1742 4227 et
1791 4171 2034 4227 hmredes

456 4267 644 4337 gratia:
670 4266 1002 4321 redditurus.
1027 4265 1170 4320 Ante
1205 4266 1327 4320 illas
1357 4277 1539 4320 autem
1572 4273 1785 4335 gentem
1822 4263 2032 4318 Israeli-

456 4360 618 4415 ticam
661 4357 842 4427 elegit,
877 4367 936 4411 ut
967 4373 1061 4427 per
1093 4357 1238 4410 illam
1271 4371 1462 4410 omnes
1492 4356 1628 4410 alias
1653 4354 1980 4409 conduceret
2013 4371 2026 4407 :

453 4452 600 4522 quod
630 4459 684 4504 et
713 4449 1090 4505 demonstrant
1115 4449 1366 4518 apostoli,
1399 4448 1490 4517 qui
1520 4447 1738 4516 quidetn
1771 4463 1834 4500 ex
1864 4445 2028 4500 Israel
2058 4439 2102 4495 D

454 4543 559 4598 orti
604 4550 734 4597 sunt
761 4542 1004 4595 omnium
1049 4552 1230 4594 autem
1282 4539 1531 4609 magistri
1578 4547 1631 4592 et
1672 4538 2032 4592 conductores

457 4635 581 4692 lacti
613 4645 761 4699 sunt,
810 4642 1097 4704 propterea
1164 4632 1422 4687 Israelitis
1490 4647 1592 4686 vox
1649 4631 2030 4700 primogenita:

456 4728 652 4782 donata
691 4735 796 4782 est.
851 4725 968 4780 Non
1029 4727 1231 4794 recepit
1275 4733 1458 4778 autem
1512 4725 1586 4778 illi
1634 4724 2032 4793 primogenitus

457 4823 671 4892 pietatis
725 4819 1137 4891 perfectionem,
1195 4819 1379 4888 itaque
1431 4819 1600 4871 durus
1664 4823 1718 4869 et
1779 4815 2032 4869 indocilis

456 4914 634 4968 factus
665 4921 749 4968 est
773 4929 879 4967 non
907 4913 1083 4966 solum
1109 4911 1164 4964 in
1194 4909 1450 4981 Egypto,
1481 4908 1574 4963 sed
1597 4917 1651 4962 et
1673 4914 1794 4975 post
1823 4907 2045 4960 CXIIIIIII’

456 5007 511 5060 in
543 5005 780 5060 deserto.
821 5003 1046 5074 Propter
1075 5003 1221 5072 quod
1254 4999 1668 5070 perfectioribus
1699 5012 1808 5051 non
1837 4998 2031 5067 digna-

457 5110 545 5152 tus
573 5106 657 5151 est
681 5096 950 5166 mysteriis
987 5107 1040 5150 et
1067 5111 1161 5164 per
1188 5094 1359 5164 legem
1393 5091 1619 5148 secundi
1645 5089 1854 5145 ordinis
1886 5104 2032 5143 sem-

458 5207 554 5261 per
587 5190 910 5244 instituitur.
959 5189 1096 5243 Cum
1141 5187 1286 5242 enim
1321 5186 1493 5256 legem
1537 5184 1722 5252 digito
1765 5181 1862 5235 Dei
1891 5180 2028 5235 scri-

457 5298 605 5354 ptam
633 5324 648 5349 ,
696 5282 1002 5351 tabulisque
1041 5280 1294 5334 humanis
1343 5278 1594 5331 manibus
1633 5290 1740 5327 non
1767 5271 2031 5327 conlectis

455 5372 802 5442 insculptum,
836 5371 1003 5441 legem
1032 5369 1188 5422 nobis
1216 5383 1245 5421 a
1274 5366 1493 5421 Christo
1523 5364 1755 5418 dandam
1796 5361 2037 5432 [ignran-

460 5470 600 5526 tem,
631 5460 863 5531 populus
909 5458 1189 5519 Hebraeus,
1223 5466 1442 5526 propter
1483 5448 1639 5509 vituli
1671 5453 1818 5507 aurei
1853 5461 2034 5506 trans-

463 5552 795 5623 gressionem
847 5559 902 5604 et
953 5549 1326 5618 impietatem,
1377 5563 1486 5601 non
1548 5546 1802 5615 dignatus
1871 5543 2036 5598 fuerit

463 5643 727 5712 accipere,
759 5641 964 5710 accepit
994 5640 1292 5696 secundum
1326 5655 1489 5706 quam
1523 5637 1734 5707 Moyses
1768 5636 1965 5690 tabulis
2003 5652 2034 5690 a

464 5753 523 5793 se
551 5736 732 5808 politis
765 5736 1059 5805 inscripsit.
1095 5734 1151 5790 Si
1213 5734 1356 5789 enim
1407 5733 1554 5802 ipsas
1604 5747 1635 5786 a
1664 5730 1774 5788 Deo
1802 5730 2033 5799 scriptas

2139 3167 2228 3220 τὸν
2255 3167 2462 3236 Μωῦσῆ
2495 3163 2794 3220 ἀπέστελλε
2855 3163 2993 3232 πρὸς
3031 3163 3124 3217 τὸν
3160 3163 3382 3234 Φαραὼ,
3434 3162 3720 3216 ἐνδεικνύ-

2142 3275 2304 3328 μενος
2353 3258 2454 3327 τὴν
2507 3257 2732 3328 ἀγάπην
2794 3255 2889 3309 καὶ
2955 3257 3193 3327 στοργὴν
3247 3257 3382 3326 ὅσην
3425 3251 3540 3326 εἶχε
3584 3257 3720 3326 περὶ

2138 3349 2329 3403 αὐτόν’
2384 3349 2584 3402 ὡσανεὶ
2637 3348 2789 3418 ἔλεγε
2841 3347 2920 3418 τῷ
2968 3348 3224 3402 Μωῦσεῖ’
3269 3347 3570 3416 (Λάλησον
3629 3346 3718 3416 τῷ

2136 3439 2368 3511 Φαραὼ,
2399 3439 2480 3492 ὅτι
2524 3438 2750 3509 Ἥλίκην
2782 3439 2846 3492 σὺ
2879 3439 3114 3508 στοργὴν
3165 3439 3293 3510 περὶ
3325 3439 3418 3491 τὸν
3459 3437 3548 3489 σὸν
3597 3437 3720 3488 υίὸν

2135 3531 2229 3584 τὸν
2259 3529 2605 3600 πρωτότοκον
2643 3529 2789 3600 ἔχεις
2823 3529 2920 3582 καὶ
2948 3529 3246 3600 διατηρεῖς,
3281 3527 3380 3600 τὴν
3423 3527 3591 3598 αὐτὴν
3623 3529 3719 3580 ἐν-

2137 3623 2247 3676 νόει
2275 3622 2372 3676 καὶ
2401 3621 2538 3692 πρὸς
2568 3621 2630 3674 τὸ
2663 3621 2819 3691 γένος
2855 3621 2950 3674 τοῦ
2999 3620 3216 3692 Ἰσραὴλ
3238 3619 3382 3690 ἐχειν
3423 3619 3515 3672 τὸν
3543 3618 3716 3672 Θεόνο

2135 3716 2214 3770 διὸ
2247 3715 2342 3769 καὶ
2364 3714 2724 3778 ἀπειθοῦντος
2748 3713 2888 3785 πρὸς
2920 3715 3020 3786 τὴν
3049 3714 3362 3785 ἐλευθερίαν
3396 3714 3492 3767 καὶ
3522 3713 3717 3766 ἄνοδον

2135 3807 2231 3861 τοῦ
2274 3807 2511 3880 Ἰσραὴλ,
2541 3807 2682 3861 κατά
2707 3806 2816 3860 τῶν
2846 3806 3209 3877 πρωτοτόκων
3237 3805 3330 3859 τοῦ
3365 3806 3566 3877 Φαραὼ
3612 3808 3716 3860 καὶ

2134 3903 2244 3957 τῶν
2276 3902 2592 3972 Αίγυπτίων
2637 3903 2857 3971 ἀφίεται
2893 3903 2924 3972 ή
2978 3901 3159 3972 πληγή
3186 3917 3200 3931 ⁶
3244 3920 3262 3953 ι
3310 3902 3389 3956 ἔτι
3438 3902 3495 3954 δέ
3525 3904 3552 3955 6
3577 3902 3716 3968 Θεὸς

2135 3991 2322 4064 ἐπειδὴ
2362 3994 2617 4048 ἁπάντων
2638 3993 2786 4047 ἐστὶν
2816 3993 2988 4046 ἐθνῶν
3023 3993 3271 4063 πλάστης
3302 3994 3396 4046 καὶ
3439 3993 3711 4064 δημιουρ-

2133 4085 2250 4154 γὸς,
2289 4083 2432 4137 οὕτω
2462 4083 2556 4137 καὶ
2585 4082 2806 4136 πάντων
2837 4083 3179 4154 προνοητής’
3210 4085 3423 4154 χρόνοις
3455 4083 3498 4135 δ’
3547 4083 3715 4136 ὑστέ-

2134 4195 2248 4248 ροις
2275 4178 2345 4231 τά
2400 4177 2528 4248 ἔθνη
2578 4175 2757 4230 πάντα
2811 4175 2951 4246 πρὸς
3002 4175 3104 4245 τὴν
3158 4174 3369 4229 οἰκείαν
3413 4173 3714 4243 ἐπίγνωσιν

2134 4267 2358 4340 ἔμελλεν
2392 4267 2742 4340 ἐπιστρέφειν
2800 4265 2896 4319 καὶ
2955 4264 3142 4319 καλεῖν
3190 4266 3286 4318 καὶ
3336 4266 3490 4329 υἱοὺς
3536 4267 3710 4320 αὑτοῦ

2134 4365 2225 4416 καὶ
2255 4363 2627 4434 κληρονόμους
2675 4361 2774 4432 τῆς
2827 4361 3049 4431 χάριτος
3080 4361 3435 4432 ἀποφαίνειν·
3483 4361 3588 4433 πρὸ
3650 4363 3710 4415 δὲ

2130 4450 2336 4504 τούτων
2381 4451 2441 4504 τὸ
2497 4451 2648 4514 ἔθνος
2673 4450 2956 4516 ἐξελέξατο
2992 4450 3084 4504 τοῦ
3144 4452 3361 4521 Ἰσραὴλ
3410 4451 3485 4513 ὡς
3545 4451 3610 4504 ἂν
3640 4451 3714 4504 δι’

2129 4542 2298 4596 αὐτοῦ
2340 4543 2624 4614 συναγάγῃ
2647 4542 2740 4595 καὶ
2773 4543 2902 4605 τοὺς
2944 4542 3158 4606 ἀλλους.
3201 4545 3310 4596 Καὶ
3359 4541 3610 4612 δηλοῦσιν
3659 4545 3711 4597 οί

2131 4635 2420 4688 ἀπόστολοι
2467 4634 2626 4687 τοῦτο
2668 4633 2728 4699 ἐξ
2785 4633 3004 4705 Ἰσραὴλ
3057 4637 3157 4706 μὲν
3213 4635 3434 4701 φύντες,
3486 4636 3711 4689 πάντων

2129 4724 2186 4779 δὲ
2217 4725 2326 4778 τῶν
2359 4724 2530 4778 ἐθνῶν
2552 4723 2862 4777 διδάσκαλοι
2888 4725 2984 4778 καὶ
3036 4726 3371 4792 συναγωγεῖς
3399 4724 3709 4792 γεγενημέ-

2131 4832 2238 4869 νοι·
2267 4815 2356 4869 διὰ
2388 4814 2546 4868 τοῦτο
2569 4817 2682 4878 τοῖς
2707 4814 3069 4886 Ἰσραηλίταις
3099 4818 3132 4884 ἡ
3161 4817 3536 4884 πρωτότοκος
3565 4817 3701 4885 ἐχα-

2134 4907 2291 4978 ρίσθη
2326 4909 2500 4978 φωνή.
2551 4908 2626 4959 Ού
2661 4908 2946 4978 Λαμὸἀνει
2974 4907 3031 4960 δὲ
3077 4909 3106 4961 6
3162 4908 3506 4976 πρωτότοκος
3551 4900 3714 4976 pirro;

2129 4999 2202 5053 τὰ
2267 4999 2369 5070 τῆς
2401 4998 2684 5062 εὐσεϐείας
2751 4998 3250 5068 τελεώτεραοδιότι
3314 5000 3552 5070 σκληρὸς
3609 5000 3712 5054 καὶ

2131 5089 2361 5160 ἀπειθὴς
2381 5088 2630 5157 γέγονεν,
2661 5089 2722 5141 ού
2759 5088 2901 5140 κατά
2921 5087 3018 5158 τὴν
3039 5086 3320 5154 Αἴγυπτον
3352 5089 3532 5156 μόνον,
3564 5089 3711 5142 ἀ).λά

2135 5182 2272 5253 μετὰ
2299 5179 2397 5250 τὴν
2425 5179 2484 5246 ἐξ
2509 5179 2782 5246 Αἰγύπτου
2805 5178 2982 5242 ἔξοδον
3015 5179 3074 5230 ἐν
3100 5182 3164 5249 τῇ
3199 5179 3414 5250 ἐρήμῳ.
3473 5180 3568 5232 Διὸ
3593 5182 3710 5234 τῶν

2135 5272 2232 5342 μὲν
2285 5271 2634 5340 τελειοτέρων
2691 5269 2792 5321 ούκ
2849 5267 3096 5332 ἀξιοῦται
3135 5270 3470 5340 μυστηρίων,
3518 5269 3608 5322 διὰ
3651 5271 3714 5325 δὲ

2129 5361 2224 5415 τοῦ
2256 5361 2517 5431 δευτέραν
2548 5359 2700 5424 τάξιν
2726 5359 2940 5429 ἔχοντος
2966 5360 3132 5429 νόμου
3165 5361 3304 5423 τέως
3333 5361 3710 5428 παιδαγωγεῖ-

2129 5466 2239 5504 ται.
2315 5449 2466 5502 Ἐπεὶ
2533 5448 2627 5500 καὶ
2674 5447 2764 5499 τὸν
2825 5447 3074 5518 δακτύλῳ
3130 5446 3266 5500 Θεοῦ
3315 5447 3711 5517 γεγραμμένον

2129 5543 2292 5612 νόμον
2322 5540 2484 5604 πλαξί
2529 5557 2589 5592 τε
2638 5540 3080 5610 ἀχειροποιήτοις
3125 5539 3591 5608 ἐντετυπωμένον,
3645 5541 3709 5602 ὃς

2128 5637 2220 5688 τὸν
2249 5633 2518 5705 ἡμέτερον
2559 5632 2821 5686 καὶκατὰ
2871 5631 3106 5703 Χριστὸν
3164 5629 3472 5710 προετύπου
3528 5631 3700 5700 νόμον

2130 5729 2229 5783 οὐκ
2261 5727 2503 5793 ἀξιοῦται
2536 5715 2786 5791 δέξασθαι
2826 5726 2886 5780 τὸ
2941 5723 3210 5778 Ἰουδαίων
3269 5723 3419 5787 ἔθνος
3466 5722 3554 5775 διὰ
3598 5721 3701 5792 τὴν
