3904 6218
221 236 358 300 1145

1014 240 1114 300 AD
1152 239 1753 302 AMPIIILOCHIUM
1798 244 2146 316 QUIESTIO
2177 245 2421 320 CCCI”,
2459 246 2688 315 CCCIV.

3347 247 3487 313 1146

211 342 344 422 περὶ
383 349 476 404 τὸν
536 351 735 420 μόσχον
785 349 1102 403 δυσσέϐειάν
1137 366 1194 400 τε
1252 350 1347 401 καὶ
1402 349 1784 419 παρανομίαν,

1900 351 2111 407 tabulas
2165 364 2219 406 et
2260 354 2454 407 melius
2485 370 2645 419 quam
2686 354 2753 406 ab
2784 354 3039 412 humanis
3070 358 3323 415 manibus
3347 364 3485 430 poli-

212 442 483 512 λαμϐἀνει
513 441 569 495 δὲ
598 442 689 494 τὸν
713 441 966 512 δεύτερον
996 442 1091 494 καὶ
1122 441 1181 493 ὃν
1210 441 1454 510 Μωῧσῆς
1487 442 1685 506 πλαξὶν
1720 442 1787 506 ἂς

210 530 374 593 αὐτὸς
400 530 687 594 ὲλάξευσεν
720 531 1045 601 ἐγεγράφει.
1099 532 1165 585 Εἰ
1187 532 1293 602 γὰρ
1329 531 1500 593 αὐτὰς
1521 530 1617 595 τὰς
1656 531 1788 584 θεο-

209 637 456 693 γραφους
488 621 706 685 πλάκας
736 620 926 677 ἔλαϐον
949 622 1043 675 καὶ
1071 624 1320 693 κρεῖττον
1356 621 1390 693 ἢ
1431 623 1576 674 κατά
1604 622 1790 691 χειρὸς

208 714 374 784 ἔργον
431 713 914 785 ἐκλελαξευμένας,
968 714 1109 783 τάχα
1172 712 1237 767 ἂν
1266 713 1359 765 καὶ
1409 711 1567 776 θεοὺς
1612 714 1786 778 αὐτὰς

206 804 442 877 ἡγοῦντο
473 808 567 859 καὶ
593 806 684 858 ἐπὶ
712 806 896 876 μεῖζον
924 805 1025 875 τὴν
1052 803 1204 858 θείαν
1228 803 1349 857 κατ’
1396 805 1580 858 αὐτῶν
1615 804 1789 875 ὀργὴν

206 898 420 970 ἀνῆψαν
443 914 458 929 ο
486 899 603 952 ἀλλ’
638 898 866 962 ἐκείνοις
897 899 995 969 μὲν
1042 897 1113 951 δι’
1151 898 1214 970 ἣν
1262 897 1476 967 ἔφημεν
1506 897 1684 950 αἰτίαν
1719 897 1791 948 τὰ

204 992 522 1060 τελειότερα
564 991 626 1044 οὐ
671 991 1033 1062 παραδίδοται
1078 991 1187 1045 τῶν
1240 989 1579 1060 μυστηρίων.
1666 987 1786 1041 Ἐπ’

203 1085 453 1153 ἐσχάτων
474 1084 532 1136 δὲ
559 1083 783 1155 ἡμερῶν
834 1082 1124 1155 ἄνθρωπος
1149 1080 1396 1151 γεγονὼς
1443 1082 1472 1134 ὁ
1509 1079 1604 1133 τοῦ
1655 1078 1787 1132 Θεοῦ

201 1176 403 1243 Λόγος.
432 1176 527 1228 καὶ
556 1174 784 1245 θέμενος
813 1175 883 1229 τὰ
911 1175 1038 1245 ἔθνη
1068 1177 1145 1239 εἰς
1205 1175 1379 1239 υἱοὺς,
1427 1174 1642 1227 δίδωσιν
1687 1174 1787 1225 αὐ-

201 1270 320 1330 τοῖς
348 1267 530 1321 οὐκέτι
574 1267 671 1338 τὴν
734 1269 792 1319 ὲν
849 1266 1008 1335 τύπῳ
1056 1266 1152 1320 καὶ⁴
1207 1267 1335 1336 σκιᾷ
1382 1264 1786 1319 παλαιωθεῖσαν

204 1358 489 1429 λατρείαν,
522 1358 656 1411 ἀλλά
690 1359 786 1412 καὶ
814 1358 871 1412 ὲν
898 1357 1127 1430 ἀληθείᾳ
1156 1358 1250 1410 καὶ
1299 1357 1589 1428 πράγματι
1648 1357 1776 1410 νεά-

202 1450 407 1514 ζουσὰν
435 1467 494 1503 τε
530 1453 623 1504 καὶ
654 1450 1072 1521 ὲνακμάζουσαν
1102 1450 1165 1503 τὸ
1196 1450 1298 1519 τῆς
1336 1448 1617 1513 εὐσεϐείας
1648 1450 1789 1519 ἀκή-

205 1558 376 1613 ρατον
433 1540 658 1606 κάλλος.
695 1543 920 1595 Πάντων
996 1541 1129 1610 γοῦν
1189 1541 1616 1611 υἱοθετηθέντων
1665 1542 1775 1594 τῶν

200 1634 401 1698 ἐθνῶν,
436 1634 662 1698 εἰκότως
705 1635 734 1685 ὁ
769 1635 875 1706 πρὸ
908 1634 1089 1688 αὐτῶν
1114 1636 1193 1698 εἰς
1244 1635 1517 1688 υἱοθεσίαν
1568 1634 1787 1705 κληθεὶς

1901 454 1983 499 tas
2009 445 2331 514 accepisset,
2351 462 2445 501 eas
2483 463 2608 500 mox
2659 458 2718 501 ut
2758 447 2886 503 deos
2918 451 3199 506 habuisset
3231 462 3286 507 et
3313 453 3482 510 Deum

1892 546 2083 591 contra
2110 552 2170 593 se
2207 540 2274 592 ad
2308 540 2571 609 majorem
2618 540 2752 595 iram
2785 545 3095 601 excitasset.
3128 545 3238 600 Illis
3264 545 3483 616 quidem

1892 637 2117 697 propter
2182 645 2345 699 quam
2410 631 2649 684 diximus
2718 648 2936 687 causam
2973 636 3308 704 perfectiora
3373 652 3481 691 non

1894 728 2021 775 sunt
2057 722 2252 775 tradita
2319 724 2598 793 mysteria.
2662 722 2987 780 Novissimis
3039 708 3218 782 autem
3263 730 3481 791 diebus,

1895 813 2060 866 homo
2089 811 2289 867 factum
2321 813 2414 867 Dei
2456 813 2719 879 Verbum,
2760 817 3014 886 gentibus
3043 819 3095 870 in
3132 819 3478 888 adoptionem

1892 904 2128 958 ﬁliorum
2162 908 2369 961 vocatis
2394 946 2408 970 ,
2462 907 2567 961 illis
2612 922 2722 961 non
2771 909 2883 977 jam
2932 910 3115 980 figuris
3152 922 3209 965 et
3245 913 3481 966 tenebris

1895 998 2135 1067 antiquis
2170 999 2556 1053 obumbratum
2588 1003 2795 1052 cultum
2831 1000 2998 1066 dedit,
3048 1002 3140 1055 sed
3175 1002 3227 1055 in
3256 1004 3481 1057 veritati:

1893 1099 1949 1141 et
1984 1088 2036 1141 in
2079 1104 2242 1158 opere
2288 1091 2675 1153 virescentem,
2725 1101 2779 1146 et
2816 1108 3011 1161 purum
3054 1096 3271 1163 pietatis
3318 1096 3482 1149 deco-

1895 1196 2007 1235 rem
2040 1184 2451 1251 producenlcm.
2483 1183 2753 1239 Omnibus
2782 1201 2911 1255 ergo
2947 1188 3212 1257 gentibus
3247 1188 3300 1240 in
3335 1188 3479 1241 ado—

1894 1275 2133 1344 ptionem
2170 1275 2402 1328 filiorum
2457 1278 2699 1341 vocatis,
2744 1278 2940 1331 merito
2968 1278 3061 1347 qui
3097 1288 3221 1332 ante
3262 1278 3384 1333 illas
3424 1280 3477 1331 iu

1896 1365 2245 1434 adoptionem
2290 1376 2515 1421 vocatus
2555 1378 2661 1433 est,
2719 1368 2953 1437 populus
2996 1367 3157 1421 lsrael
3204 1368 3481 1437 primoge-

1895 1457 2044 1510 nitus
2085 1457 2302 1510 dicitur.
2344 1456 2441 1515 Hic
2474 1468 2652 1511 autem
2688 1468 2740 1510 et
2768 1458 2870 1510 hoc
2912 1472 3128 1510 mecum
3164 1456 3473 1516 considera,

1898 1548 1994 1603 Dei
2035 1547 2271 1603 Verbum
2323 1565 2388 1603 ex
2435 1552 2640 1604 semine
2673 1549 2851 1611 tDavid
2902 1551 3127 1602 veniens
3171 1549 3473 1602 seetmdum

1898 1640 2290 1694 humanitatem
2343 1652 2587 1710 apparet.
2628 1641 2730 1694 Per
2760 1640 2908 1694 illum
2941 1650 3120 1694 autem
3163 1654 3325 1692 omne
3359 1639 3475 1707 pri-

201 1726 557 1794 πρωτότοκος
588 1703 824 1794 ἐλέγετο-
856 1726 951 1779 τοῦ
1012 1726 1230 1797 Ἰσραὴλ
1264 1725 1411 1789 λαός.
1445 1719 1570 1778 Ὧδε
1594 1703 1666 1778 δέ.
1701 1744 1790 1796 μοι

1898 1734 2226 1801 mogeuitum
2254 1731 2497 1803 IEgypti,
2526 1742 2585 1785 ut
2612 1733 2774 1800 impia
2802 1740 2856 1785 et
2878 1731 3152 1785 incredula
3175 1730 3473 1799 generatio,

202 1820 305 1871 καὶ
356 1818 540 1887 ἕτερον
595 1819 819 1871 σκόπει’
877 1818 935 1872 Ὀ
989 1817 1085 1870 τοῦ
1135 1817 1269 1871 Θεοῦ
1322 1817 1496 1885 Λόγος
1524 1819 1589 1870 ὲκ
1620 1818 1790 1888 σπέρ-

1898 1824 2046 1877 morti
2076 1834 2129 1878 et
2169 1825 2504 1893 corruptinni
2564 1825 2869 1893 subjectum
2905 1822 3024 1877 fuit.
3060 1823 3195 1878 Cum
3230 1837 3363 1892 ergo
3407 1838 3475 1875 ex

205 1930 383 1983 ματος
430 1914 678 1983 φαίνεται
760 1913 899 1967 κατά
971 1913 1034 1967 τὸ
1095 1912 1437 1983 ἀνθρώπινον
1506 1911 1786 1977 ἐληλυθὼς

1898 1911 2050 1966 lsrael
2083 1924 2237 1969 ortus
2263 1918 2333 1967 sit
2372 1914 2751 1985 [Egyptiorum
2787 1914 3101 1968 interfector
3148 1914 3476 1983 primogeni-

214 2003 443 2074 Ἰσραήλ
464 2020 477 2034 ·
507 2003 574 2057 δι’
600 2003 767 2057 αὐτοῦ
801 2003 859 2057 δὲ
891 2003 1237 2075 πρωτότοκον
1293 2004 1439 2057 ἅπαν
1465 2004 1776 2071 Αἰγυπτια-

1898 2019 2087 2067 .orum,
2132 2006 2557 2074 primogenitum
2586 2016 2639 2060 et
2669 2004 2832 2060 Israel
2869 2014 3046 2058 vocat.
3078 2004 3193 2058 Hoc
3227 2004 3476 2073 Evange-

203 2096 329 2163 κδν,
363 2098 641 2151 τουτέστιν
671 2097 867 2160 ἀσεϐὲς
901 2098 995 2150 καὶ
1026 2094 1184 2151 ἄθεον
1230 2095 1501 2165 γέννημα,
1562 2094 1640 2164 τῷ
1686 2094 1785 2147 θα-

1904 2098 2005 2152 ista
2038 2100 2299 2154 describit
2331 2101 2522 2155 dicens
2556 2115 2571 2151 :
2625 2120 2643 2151 ι
2684 2100 2759 2153 Ex
2795 2099 3029 2170 IEgypIo
3062 2099 3253 2154 vocavi
3304 2097 3474 2151 lilium

202 2188 359 2259 νὰτῳ
391 2189 485 2243 καὶ
502 2192 568 2259 τῇ
600 2190 777 2260 φθορᾷ
816 2187 1203 2257 ὑποϐέϐληται.
1260 2187 1413 2240 Ἐπεὶ
1443 2184 1537 2240 οὖν
1586 2188 1650 2239 ἐκ
1683 2184 1778 2239 τοῦ

1898 2202 2064 2241 neum
2088 2191 2151 2243 ³⁸.
2195 2210 2214 2241 ι
2250 2190 2379 2258 Qua:
2411 2201 2540 2247 sunt
2567 2207 2699 2260 ergo
2748 2193 2974 2245 meliora
3014 2190 3291 2261 pensanda
3324 2198 3474 2244 sunt.

214 2281 441 2353 Ἰσραὴλ
506 2282 608 2351 ἔφυ
638 2284 665 2335 ό
722 2282 831 2335 τῶν
890 2282 1279 2349 Αἰγυπτιακῶν
1347 2279 1641 2350 ἁναιρέτης
1686 2281 2056 2348 πρωτοτόκων
2085 2320 2101 2345 ,
2146 2285 2498 2352 πρωτότοκον
2555 2286 2649 2337 καὶ
2696 2284 2787 2335 τὸν
2845 2282 3065 2353 Ἰσραὴλ
3121 2283 3299 2336 καλεῖ.
3362 2281 3478 2340 Καὶ

201 2372 372 2427 τοῦτο
415 2372 523 2444 ἄρα
577 2375 672 2427 καὶ
719 2376 747 2428 ὁ
788 2373 1189 2444 Εὐαγγελιστὴς
1242 2370 1589 2443 ἀναγράφει·
1638 2388 1656 2421 ι
1717 2369 1807 2435 Ἐξ
1843 2371 2124 2439 Αἰγύπτου
2188 2376 2422 2429 ἐκάλεσα
2459 2378 2549 2429 τὸν
2574 2376 2705 2430 Υἰόν
2739 2393 2865 2446 μου.
2914 2375 3355 2429 »Ἐπισκεπτέον
3380 2367 3478 2427 οὖν

202 2465 434 2535 ἄμεινον
486 2464 696 2517 τούτων
718 2506 733 2519 .

758 2576 1093 2629 ΕΡΩΤΗΣΙΣ
1123 2575 1240 2629 ΤΔ’.

279 2667 416 2735 Πῶς
437 2672 490 2724 οὶ
518 2667 765 2738 οὐρανοὶ
801 2668 1145 2739 διηγοῦνται
1167 2665 1355 2732 δόξαν
1384 2665 1492 2721 τοῦ
1525 2663 1679 2719 Θεοῦ
1696 2678 1717 2729 ;

2040 2502 2366 2623 ρυκεέτιο
2411 2555 2609 2611 cccw
2645 2538 2832 2627 [60581.
2871 2554 3032 2607 Taur.
3060 2551 3336 2623 cxvut];

2141 2652 2416 2717 Quomodo
2445 2652 2562 2703 ειειὶ
2593 2660 2837 2704 enarrem
2864 2650 3090 2720 gloriam
3114 2648 3248 2703 Dei?

920 2806 1066 2857 Edita
1085 2820 1113 2856 a
1135 2804 1263 2855 Maio
1286 2805 1344 2870 (1.
1370 2816 1419 2855 c.
1440 2818 1492 2868 p.
1511 2804 1593 2866 97,
1613 2804 1694 2865 98,
1717 2810 1790 2864 q.‘

1898 2798 2032 2847 —In
2053 2795 2183 2845 Psal.
2205 2806 2323 2842 xvut
2355 2793 2530 2868 (Graec.
2563 2790 2691 2851 xui),
2725 2790 2773 2840 1.

283 2917 349 2972 Οἱ
382 2916 440 2970 δὲ
467 2915 686 2988 οὐρανοὶ
716 2913 790 2986 μὴ
819 2913 1032 2984 ἔχοντες
1085 2912 1257 2983 στόμα
1288 2911 1600 2984 διηγοῦνται
1632 2908 1790 2973 δόξαν

1964 2904 2123 2967 Cteli,
2152 2918 2277 2957 cum
2328 2916 2390 2955 os
2433 2916 2540 2954 non
2591 2899 2847 2961 habeant,
2877 2897 3104 2966 gloriam
3135 2894 3230 2950 Dei
3262 2911 3479 2951 annun-

202 3008 370 3074 Θεοῦ,
400 3008 532 3062 διότι
564 3009 627 3061 ὲκ
656 3006 917 3075 μεγέθους
963 3005 1059 3059 καὶ
1107 3004 1371 3075 καλλονῆς
1421 3002 1737 3074 κτισμάτων
1766 3002 1795 3053 ὁ

200 3114 594 3172 γενεσιουργος
633 3100 953 3169 θεωρεῖται,
982 3097 1077 3150 καὶ
1128 3096 1190 3149 τὸ
1246 3096 1377 3166 περὶ
1407 3095 1546 3149 αὐτά
1608 3093 1795 3163 θαῦμα

200 3200 325 3260 τοῖς
379 3213 443 3265 γε
479 3193 764 3264 φρονοῦσιν
796 3193 876 3255 εἰς
915 3192 1008 3245 τὸν
1066 3189 1410 3261 Δημιουργὸν
1463 3187 1793 3257 ἀναφέρεται

202 3287 308 3341 καὶ
335 3284 620 3337 διαϐαίνει·
656 3282 873 3357 ὥστειοὶ
933 3282 1150 3351 οὐρανοί
1178 3280 1299 3349 οὐχί
1351 3280 1580 3350 ῥήμασι,
1648 3277 1793 3346 πρόι-

200 3393 389 3449 γμασι
406 3375 465 3429 δὲ
496 3375 595 3444 τήν
615 3391 673 3426 τε
703 3373 930 3441 δύναμιν
960 3369 1387 3441 ἀνακηρύττουσι
1407 3368 1500 3419 τοῦ
1523 3369 1793 3438 Δημιουρ-

199 3469 337 3540 γοῦ,
378 3466 475 3520 καὶ
519 3465 656 3535 πρὸς
685 3462 990 3529 δοξολογίαν
1022 3458 1401 3529 παρακαλοῦσι
1455 3459 1587 3521 τοὺς
1618 3456 1795 3527 ὀρθῶς

200 3562 396 3622 αὐτοῖς
425 3556 745 3628 ὲνορῶντας·
805 3555 853 3605 εἰ
882 3553 937 3604 δὲ
968 3552 1098 3604 κατ’
1131 3548 1388 3620 ἐπιϐολὴν
1416 3548 1649 3617 θεωρίας
1675 3546 1795 3599 ἐθε-

199 3653 403 3725 λήσοις
449 3650 671 3714 ἐννοεῖν,
702 3645 956 3718 εὑρήσεις
1002 3642 1265 3712 οὐρανοὺς
1290 3643 1416 3702 τοὺς
1440 3639 1790 3701 ἀποστόλους,

200 3743 259 3798 οἳ
312 3741 643 3811 διηγήσαντο
699 3736 759 3788 τὸ
819 3731 1149 3799 Εὐαγγέλιον
1207 3727 1303 3781 τοῦ
1359 3725 1594 3797 Χριστοῦ
1643 3728 1793 3798 πάσῃ

197 3837 278 3907 τῇ
310 3830 621 3900 οἰκουμένῃ,
643 3828 738 3881 καὶ
756 3824 996 3889 δοξάζειν
1023 3822 1115 3874 τὸν
1134 3819 1266 3872 Θεὸν
1286 3817 1377 3871 τὸν
1396 3818 1534 3886 ὑπὲρ
1556 3818 1588 3886 ὴ
1597 3815 1711 3885 μῶν
1726 3816 1794 3870 τὰ

196 3926 460 3999 ἡμέτερα
488 3919 845 3982 ἀναλαϐόντα,
869 3910 1153 3977 ὑπέδειξαν
1177 3928 1239 3963 τε
1265 3910 1358 3963 καὶ
1386 3909 1790 3979 καθηγήσαντοο

200 4021 261 4074 εἰ
297 4017 479 4087 βούλει
533 4013 610 4078 δὲ,
648 4011 977 4082 διηγήσαντο
1004 4008 1051 4060 οἰ
1099 4004 1319 4075 οὐρανοὶ
1365 4000 1464 4073 τὴν
1492 4000 1648 4066 δόξαν
1697 3999 1790 4051 τοῦ

200 4108 351 4164 Θεοῦ
376 4106 531 4179 ἡμῶν
564 4102 823 4175 Χριστοῦ,
854 4099 1019 4170 ἡνίκα
1050 4097 1159 4151 τῶν
1191 4093 1472 4166 πατρικῶν
1521 4093 1595 4163 μὴ
1626 4109 1794 4145 κενω-

204 4200 329 4262 θεὶς
378 4196 616 4261 κόλπων,
662 4194 727 4245 ἐκ
752 4188 1029 4260 Παρθένου
1082 4185 1259 4253 σάρκα
1282 4183 1466 4236 λαϐεῖν
1520 4178 1793 4251 κατηξίω-

1904 2997 2045 3051 tiant
2078 2995 2131 3048 in
2171 3008 2238 3047 eo
2266 3008 2429 3047 sensu
2466 2992 2608 3060 quod
2648 3006 2714 3045 ex
2746 2988 3123 3058 magnitudine
3150 2998 3203 3043 et
3230 2990 3479 3043 multitu-

1902 3089 2028 3142 dine
2061 3094 2365 3141 creatarum
2401 3099 2581 3138 rerum
2623 3093 2815 3136 auctor
2859 3082 3201 3150 dignoscitur
3242 3091 3296 3135 et
3344 3081 3480 3137 isto-

1901 3197 2022 3235 rum
2050 3179 2338 3233 admiratio
2377 3192 2405 3229 a
2438 3176 2775 3246 sapientibus
2819 3175 2883 3229 ad
2918 3185 3196 3228 auctorem
3243 3173 3482 3229 refertur

1901 3285 1955 3330 ct
2008 3272 2280 3337 ascendit;
2339 3271 2413 3324 ita
2471 3279 2530 3324 ut
2582 3268 2706 3322 coeli
2764 3284 2869 3322 non
2929 3267 3132 3332 verbis,
3178 3266 3271 3320 sed
3320 3265 3480 3321 factis

1900 3365 2179 3420 Creatoris
2224 3361 2519 3431 potentiam
2558 3360 2852 3428 praedicent
2893 3367 2948 3411 et
2980 3358 3044 3411 ad
3088 3357 3240 3411 illum
3279 3356 3481 3427 gloriﬁ-

1901 3458 2135 3513 caudum
2172 3455 2290 3509 illos
2329 3453 2419 3522 qui
2468 3451 2632 3506 rectis
2680 3450 2856 3504 oculis
2903 3450 2958 3503 in
2997 3450 3131 3503 istos
3186 3448 3483 3517 respiciunt

1901 3549 2213 3603 hortentur.
2247 3546 2301 3598 Si
2337 3558 2516 3598 autem
2550 3558 2713 3611 supra
2740 3542 2976 3595 visihilia
3005 3552 3241 3594 mentem
3269 3541 3483 3594 elevare

1900 3639 2161 3700 volueris,
2199 3637 2367 3690 caelos
2400 3634 2640 3687 invenies
2691 3632 2966 3700 apostolos
3005 3646 3127 3684 esse
3178 3630 3271 3699 qui
3304 3629 3483 3682 Evan—

1902 3730 2107 3799 gelium
2156 3726 2357 3781 Christi
2405 3726 2458 3778 in
2501 3725 2753 3777 universa
2804 3731 2947 3775 terra
3000 3720 3479 3782 annuntiaveruut,

1900 3831 1955 3876 et
1993 3823 2059 3875 ad
2088 3822 2256 3874 Deum
2288 3818 2380 3886 qui
2415 3832 2576 3885 supra
2610 3815 2981 3882 nosmetipsos
3028 3821 3215 3864 nostra
3260 3825 3479 3863 assum-

1899 3911 2010 3981 psit
2067 3908 2479 3979 glorilicaudum
2512 3906 2814 3957 docuerunt
2864 3912 2919 3955 et
2966 3901 3363 3954 instruxerunt.
3418 3898 3472 3950 Si

1899 4015 2078 4058 autem
2136 3998 2397 4063 volueris,
2456 3995 2858 4050 annuutiahant
2909 3992 3030 4046 εαξιὶ
3091 3990 3317 4060 gloriam
3380 3988 3477 4041 Dei

1900 4094 2070 4149 nostri
2118 4092 2247 4147 Jesu
2294 4089 2527 4154 Christi,
2560 4101 2709 4149 cum,
2746 4094 2973 4154 paterno
3006 4084 3126 4136 sinu
3179 4097 3287 4135 non
3322 4080 3478 4134 dere-

1900 4192 2055 4255 licto,
2106 4204 2172 4241 ex
2222 4184 2444 4254 Virgine
2494 4179 2766 4238 iucarnari
2810 4179 3062 4247 dignatus
3099 4184 3183 4251 est
3225 4184 3280 4229 et
3322 4175 3474 4228 illum

204 4307 333 4355 σεν,
366 4289 462 4341 καὶ
480 4281 629 4356 εἶχεν
656 4282 819 4336 αὐτὸν
837 4282 869 4351 ἡ
886 4278 1131 4349 Βηθλεὲμ
1155 4275 1250 4328 καὶ
1274 4274 1337 4326 τὸ
1361 4273 1646 4344 σπήλαιον
1669 4269 1789 4322 τότε

1905 4283 2176 4337 Bethleem
2209 4291 2262 4333 et
2291 4291 2528 4347 praesepe
2559 4274 2885 4329 habuerunt.
2911 4270 3065 4324 Tunc
3087 4269 3231 4323 enim
3256 4283 3476 4336 praaser-

201 4387 325 4457 γὰρ
370 4382 457 4453 δὴ,
487 4382 607 4434 τότε
636 4380 669 4448 ἡ
701 4379 759 4429 ὲν
786 4376 899 4437 τοῖς
926 4371 1173 4442 οὐρανοῖς
1197 4366 1573 4438 ἀριθμουμένη
1612 4363 1791 4457 φύσις,

201 4455 373 4535 ⁸τοῦτο
402 4474 501 4545 μὲν
528 4474 562 4543 ἡ
597 4470 788 4540 ὁρατὴ,
837 4466 993 4520 τοῦτο
1038 4462 1095 4515 δὲ
1134 4460 1280 4530 καὶὴ
1334 4459 1473 4529 ὑπὲρ
1500 4458 1560 4509 τὸ
1584 4455 1795 4527 ὁρώμε-

202 4586 324 4637 νον,
370 4561 689 4636 ὑπηρετεῖτο
716 4577 776 4612 τε
804 4560 899 4613 καὶ
933 4553 1304 4624 καθυπούργει
1355 4550 1433 4621 τῷ
1478 4547 1790 4618 θαύματισή

206 4665 319 4738 μὲν
339 4660 503 4716 οἱονεί
523 4675 643 4712 τινα
660 4656 875 4727 κήρυκα
899 4651 1076 4704 κοινὸν
1092 4649 1181 4701 τὸν
1193 4647 1395 4717 ἀστέρα
1416 4641 1794 4714 χειροτονοῦσα

205 4732 309 4813 καὶ
326 4751 700 4826 προϐάλλουσα
716 4750 891 4813 ἀνακη
901 4743 1080 4814 ρύττει
1101 4739 1194 4793 τοῦ
1215 4738 1484 4792 Δεσπότου
1505 4734 1603 4803 τὴν
1612 4732 1789 4798 δόξαν,

206 4849 313 4906 καὶ
373 4847 465 4898 τὸν
523 4840 901 4913 κρυπτόμενον
945 4833 1167 4905 βασιλέα
1194 4831 1273 4885 δι’
1320 4829 1438 4891 ἐνὸς
1493 4826 1790 4896 δορυφόρου

205 4933 775 5013 προπομπεύουσαο-είι
819 4930 876 4983 δὲ
941 4924 1143 4995 πλῆθος
1177 4922 1435 4993 στρατιᾶς
1486 4916 1791 4987 προϐαλλο·

214 5010 360 5105 μένη
390 5028 483 5082 τὸν
509 5026 749 5095 Κτίστην
782 5018 1095 5082 αἰνούντων,
1136 5015 1232 5069 καὶ
1286 5012 1393 5065 τῶν
1448 5010 1791 5080 τελουμένων

206 5099 278 5179 τὸ
336 5099 523 5189 θαῦμα
560 5114 931 5187 διηγουμένων
971 5110 1048 5180 τῷ
1106 5107 1311 5179 ᾄσματι
1340 5121 1354 5136 ο
1403 5103 1616 5175 ρηθείεν
1644 5099 1688 5152 δ’
1726 5099 1791 5153 ἂν

209 5218 317 5269 οὐκ
348 5210 655 5269 ἀπεικότως
710 5207 758 5259 οἱ
788 5202 1008 5272 ἄγγελοι
1055 5198 1275 5269 οὐρανοὶ
1306 5236 1321 5261 ,
1356 5194 1451 5249 ἆτε
1496 5193 1560 5262 δὴ
1588 5189 1792 5246 ἄνωθεν

212 5304 519 5378 ἀφιγμένοι
569 5298 704 5371 πρὸς
759 5298 826 5350 τὰ
860 5294 1099 5362 ὲπίγεια’
1149 5290 1285 5343 εἰδὲ
1345 5288 1440 5341 καὶ
1489 5285 1586 5378 τὸν
1641 5281 1791 5350 ἥλιον

212 5372 426 5459 ἐθέλοις
451 5394 600 5447 -ἰδεῖν
645 5389 738 5442 ἐπὶ
756 5387 832 5457 τῷ
878 5381 1194 5452 Δεσποτικῷ
1242 5379 1403 5432 πάθει
1459 5372 1790 5443 σκυθρωπά-

214 5492 403 5557 ζοντα,
436 5488 530 5541 καὶ
552 5485 620 5555 τῇ
650 5480 905 5536 ἀποθέσει
930 5475 1025 5529 τοῦ
1056 5468 1411 5546 περικαλλοῦς
1434 5466 1643 5521 ἐκείνου
1674 5480 1789 5534 φωο

293 5710 339 5744 "
369 5706 508 5765 Osee
531 5720 607 5774 xl,
631 5702 703 5772 2;
758 5697 947 5755 Matth.
985 5711 1046 5762 ιι,
1081 5692 1165 5749 15.

1904 4376 2003 4428 tim
2050 4380 2316 4426 creatura:
2344 4384 2465 4438 qua:
2495 4366 2548 4420 in
2581 4365 2735 4421 caelis
2783 4371 3140 4417 numerantur
3182 4368 3289 4412 tam
3342 4357 3476 4411 visi-

1900 4466 2037 4520 biles
2077 4478 2238 4531 quam
2287 4460 2622 4523 invisibiles,
2677 4455 2941 4510 miraculo
2992 4450 3374 4506 ministrabant
3418 4459 3473 4502 et

1901 4556 2229 4613 serviebant.
2256 4553 2364 4607 Illa:
2392 4553 2609 4622 quidem
2631 4551 2774 4605 sicut
2798 4561 3100 4616 praeconem
3126 4557 3467 4597 communem

1901 4647 2111 4702 stellam
2148 4647 2410 4715 eligentes
2448 4652 2502 4697 et
2535 4640 2947 4711 praemittentes,
2991 4635 3205 4689 Domini
3245 4633 3471 4703 gloriam

1898 4748 1955 4793 et
1980 4739 2358 4793 absconditum
2409 4749 2591 4804 regem
2645 4747 2742 4802 per
2793 4745 2961 4784 unum
3009 4726 3290 4782 custodem
3340 4739 3472 4778 con-

1900 4833 2258 4894 comitantes,
2327 4828 2641 4897 praedicant.
2710 4822 2802 4877 liae.
2863 4835 2992 4874 vero
3069 4816 3472 4872 multitudinem

1898 4929 2173 4984 exercitus
2209 4923 2602 4994 praemittentes
2636 4919 2702 4973 ad
2730 4915 3060 4972 laudandum
3094 4912 3262 4966 Deum
3304 4920 3362 4966 et
3404 4911 3473 4964 ad

1899 5028 2119 5089 operata
2161 5015 2433 5071 mirabilia
2477 5012 2707 5067 canticis
2754 5008 3097 5063 celebranda.
3139 5005 3289 5059 Dicet
3334 5002 3475 5058 forte

1901 5112 2097 5181 aliquis
2121 5111 2256 5164 satis
2283 5106 2653 5162 verisimiliter
2702 5106 2924 5170 angelos
2950 5113 3071 5153 esse
3085 5098 3276 5160 cmlos,
3303 5096 3476 5165 siqui-

1898 5205 2020 5258 dem
2053 5218 2084 5256 e
2131 5202 2272 5256 ccelo
2300 5208 2565 5255 venerunt
2593 5196 2660 5251 ad
2684 5204 2920 5250 terrena.
2949 5190 3006 5245 Si
3041 5206 3170 5245 vero
3209 5199 3264 5244 et
3301 5188 3471 5242 solem

1898 5294 2138 5348 volueris
2205 5293 2384 5347 videre
2455 5297 2678 5359 propter
2752 5285 3093 5340 Dominicam
3164 5278 3471 5351 passionem

1898 5388 2282 5458 pallescentem
2304 5426 2318 5451 ,
2370 5394 2426 5438 et
2477 5382 2723 5451 deposito
2756 5378 3094 5449 prmpulehro
3120 5388 3217 5428 suo
3247 5368 3472 5431 lumine,

1900 5476 2235 5533 divinitatem
2272 5483 2325 5530 et
2378 5470 2677 5543 potentiam
2727 5466 2985 5539 patientis
3034 5458 3469 5523 auuuntiantcm,
