3978 6218
551 340 688 407 1147

1691 342 1953 402 PIIOTII
1991 345 2490 408 PATRIARCHIE
2525 350 2630 408 CP;

3640 361 3760 427 lll8

552 467 658 508 non
710 451 866 522 longe
913 450 980 504 ab
1018 452 1463 521 interpretatione
1508 453 1806 507 secundum
1860 455 2104 511 visionen

2226 457 2314 521 τὸς
2349 461 2448 531 τὴν
2509 460 2736 532 θεότητα
2787 463 2882 516 καὶ
2907 463 3007 533 τὴν
3057 463 3285 534 δύναμιν
3335 465 3427 519 τοῦ
3487 469 3763 541 πάσχοντος

549 539 737 597 fueris.

683 740 1011 807 QUIESTIO
1050 742 1226 798 CCCV
1256 743 1445 816 [CoisL
1489 745 1650 800 Taur.
1685 747 1940 819 CXVIII].

549 829 684 895 Quid
739 835 850 884 sit:
891 853 909 884 ι
947 831 1246 904 Increpasti
1293 848 1466 904 gentes
1519 846 1569 890 et
1623 839 1776 906 periit
1833 841 2106 909 impius?)

1515 1062 1653 1112 Edita
1674 1080 1700 1114 a
1729 1064 1851 1114 Maio
1873 1067 1930 1130 (ι.
1953 1079 1998 1118 ο.
2021 1083 2072 1132 ρ.
2103 1069 2182 1132 98,

624 1159 796 1214 Verba
820 1180 832 1213 :
856 1161 1177 1232 «Increpasti
1201 1171 1385 1232 gentes
1414 1173 1469 1220 et
1508 1168 1666 1237 periit
1689 1171 1908 1239 impius,
1935 1193 1951 1223 ι
1978 1173 2122 1228 clare

544 1251 648 1306 hoc
697 1253 1015 1323 designant,
1068 1256 1302 1320 scilicet,
1364 1274 1486 1314 eum
1556 1261 1852 1333 increpata:
1918 1265 2122 1322 fuerint

495 1371 497 1373 ι
544 1351 728 1410 gentes
756 1354 808 1398 et
840 1345 907 1397 ab
938 1361 1124 1401 errore
1170 1346 1267 1402 via:
1315 1365 1428 1405 sua:
1478 1352 1546 1406 ad
1604 1354 2014 1422 ingrediendum
2067 1359 2121 1414 in

543 1436 683 1488 ovile
727 1435 932 1491 Christi
985 1439 1221 1495 reductae
1286 1442 1508 1510 fuerint,
1555 1446 1705 1500 illum
1757 1449 1848 1518 qui
1904 1467 2004 1506 nos
2053 1454 2121 1508 ad

543 1525 867 1594 impietatem
922 1531 1178 1593 vocabat,
1244 1533 1295 1587 id
1351 1543 1472 1597 est,
1530 1537 1806 1592 diabolum
1869 1542 2115 1610 periisse.

539 1613 742 1683 Impius
769 1617 912 1670 enim
949 1617 1052 1672 dici
1081 1630 1255 1688 potest
1279 1624 1371 1690 qui
1405 1625 1569 1694 impie
1596 1629 1726 1696 agit,
1754 1636 1808 1682 et
1836 1632 1928 1699 qui
1962 1632 2112 1686 illum

539 1705 605 1758 ad
647 1707 975 1774 impietatem
1027 1711 1214 1766 trahit.
1270 1712 1439 1782 Magis
1495 1717 1714 1771 obvium
1781 1718 1917 1774 forte
1971 1732 2115 1777 esset

538 1796 717 1850 dicere
743 1799 906 1867 quod,
939 1816 1058 1854 cum
1088 1802 1337 1859 Christus
1358 1807 1408 1859 in
1439 1817 1578 1861 terra
1597 1813 1856 1866 manserit
1876 1822 1929 1866 et
1950 1814 2113 1868 simul

537 1900 727 1942 omnes
759 1887 976 1944 Judzeos
1015 1900 1069 1944 et
1097 1891 1316 1948 Graecos
1341 1895 1603 1953 barbaros
1627 1901 1692 1954 ad
1727 1903 1975 1957 eamdem
2012 1921 2110 1958 vo-

2221 549 2619 618 ἀναγγέλλοντα
2645 595 2659 617 ,
2711 555 2875 623 ἐγγὺς
2905 555 2970 608 ἂν
2998 555 3172 624 γένοιο
3200 559 3292 610 καὶ
3338 562 3434 630 τῆς
3483 563 3617 616 κατὰ
3643 565 3764 618 θεω-

2223 640 2345 711 ρίαν
2381 643 2754 710 ἀναπτύξεως.

2774 756 3105 811 ΕΡΩΤΗΣῘΣ
3139 759 3259 814 TE'.

2232 843 2294 898 Τί
2320 845 2540 902 ἐστιν’(
2563 849 3116 987 Ἐπετίμηὲγίᾶἓ
3135 849 3358 973 fierem,
3387 854 3484 908 καὶ
3511 851 3763 914 ἀπώλετο

2215 1070 2318 1137 99).
2342 1075 2480 1124 -ιη
2504 1075 2635 1128 PSaI.
2671 1094 2737 1135 ιχ,
2762 1080 2810 1130 ο.

2253 1181 2346 1247 Τὸ,
2358 1203 2376 1234 ι
2399 1184 2762 1256 Ἐπετίμησας
2781 1183 3076 1252 ἕθνεσι,καὶ
3092 1185 3336 1240 ἀπώλετο
3351 1188 3378 1239 6
3392 1186 3608 1259 ἀσεϐὴς,
3621 1207 3637 1240 ι
3649 1191 3766 1258 φασὶ

2217 1272 2380 1326 τοῦτο
2397 1273 2609 1343 δηλοῦν,
2633 1275 2708 1339 ὡς
2751 1277 2808 1328 ἐν
2831 1275 2907 1345 τῷ
2930 1277 3317 1346 ἐπιτιμηθῆναι
3337 1277 3407 1330 τὰ
3427 1277 3552 1348 ἔθνη
3575 1279 3767 1348 καὶτῆς

2216 1366 2424 1429 οἰκείας
2453 1367 2754 1436 ἀποστῆναι
2792 1367 3022 1437 πλάνης,
3052 1367 3304 1435 γενέσθαι
3331 1385 3389 1420 τε
3415 1369 3512 1437 τῆς
3547 1370 3764 1438 ποίμνης

2218 1458 2492 1527 Χριστοῦ,
2555 1461 2583 1512 ὁ
2637 1459 2773 1526 πρὸς
2827 1459 3080 1514 ἀσέϐειαν
3136 1460 3336 1522 αὐτοὺς
3389 1461 3767 1530 ἐκκαλούμενος

2216 1549 2462 1604 ἀπώλετο
2511 1548 2775 1612 διάϐολοςο
2831 1550 3031 1622 ἀσεϐὴς
3087 1551 3196 1622 γὰρ
3234 1553 3400 1616 αὑτός
3431 1571 3488 1605 τε
3517 1554 3542 1605 6
3566 1553 3764 1605 ἀσεϐῶν

2213 1643 2296 1713 εἴη
2331 1643 2395 1697 ἂν
2421 1645 2514 1697 acati.
2542 1647 2569 1698 6
2605 1644 2792 1697 τοῦτον
2819 1645 2991 1698 ἕλκων
3050 1646 3187 1717 πρὸς
3233 1647 3335 1715 τὴν
3392 1646 3660 1699 άσέϐειαψ
3689 1647 3766 1716 εἴη

2212 1732 2258 1785 δ’
2287 1733 2352 1787 ἂν
2377 1733 2669 1804 ἐγγύτερον
2710 1733 2785 1796 ὡς
2809 1733 2901 1786 τοῦ
2935 1734 3186 1804 Σωτῆρος
3220 1733 3681 1804 ἐπιδεδημηκότος
3703 1737 3764 1804 τῇ

2211 1826 2305 1892 γῇ,
2339 1825 2431 1876 καὶ
2475 1823 2667 1887 κοινῶς
2692 1826 2936 1888 ἅπαντας
2980 1825 3262 1887 Ἰουδαίους
3289 1843 3352 1878 τε
3399 1826 3495 1878 καὶ
3521 1825 3770 1897 Ἕλληνας

2211 1896 2306 1967 καὶ
2348 1915 2656 1985 βαρϐάρους
2681 1917 2772 1969 ἐπὶ
2793 1917 2890 1985 τὴν
2919 1916 3124 1969 οἰκείαν
3151 1916 3629 1987 προσκαλουμὲνου
3662 1896 3769 1970 ἐπί-

536 1979 741 2033 caverit
770 1981 1129 2047 cognitionem
1149 2022 1164 2043 ,
1200 1991 1272 2047 et,
1306 1995 1365 2038 ut
1408 1987 1480 2040 ita
1511 1989 1711 2053 dicam,
1747 2007 1842 2060 pro
1871 1995 2105 2061 peccatis

2212 2024 2432 2074 γνωσιν,
2480 2010 2573 2060 καὶ
2621 2009 2783 2061 οἱονεὶ
2817 2008 2925 2061 τῶν
2972 2006 3163 2078 πρώην
3216 2010 3404 2070 αὐτοῖς
3435 2007 3767 2078 ἠσεϐημένων

535 2072 744 2127 abillis
795 2085 950 2127 antea
993 2076 1321 2143 commissis,
1381 2079 1672 2134 salutarem
1728 2092 1779 2137 et
1811 2084 2105 2153 perlectam

535 2161 958 2230 increpationem
986 2179 1079 2233 per
1099 2167 1427 2236 baptismum
1456 2171 1748 2238 induxerit,
1795 2175 2108 2246 quicunque

534 2263 654 2308 sese
685 2254 943 2311 docibiles
975 2267 1029 2311 et
1067 2259 1312 2313 sinceros
1343 2260 1407 2314 ad
1443 2262 1870 2332 increpationem
1903 2266 2109 2322 habue-

534 2357 683 2412 runt,
719 2347 784 2402 de
825 2358 976 2417 parte
1016 2353 1346 2408 salvatorum
1403 2356 1528 2410 facti
1576 2371 1736 2423 sunt,
1779 2362 1870 2430 qui
1924 2373 2106 2419 autem

531 2453 716 2507 animo
769 2454 1006 2511 demisso
1086 2459 1508 2531 increpationem
1582 2480 1946 2536 acceperunt,
2006 2488 2108 2528 nec

533 2543 784 2613 baptismi
819 2548 1270 2616 purilicationem,
1329 2569 1432 2610 nec
1461 2556 1607 2625 quod
1638 2574 1704 2612 ex
1740 2560 1832 2614 illo
1863 2564 2107 2631 procedit

532 2633 713 2689 lumen
749 2635 867 2691 fidei
906 2654 1284 2710 susceperunt,
1322 2645 1397 2699 illi
1432 2657 1494 2701 ut
1530 2648 1678 2718 impii
1723 2661 1776 2706 et
1804 2655 2106 2722 perditione

529 2726 674 2797 digni
713 2731 1008 2797 perierunt.
1051 2735 1176 2788 Seio
1210 2747 1387 2791 autem
1423 2742 1670 2796 eamdem
1715 2760 1900 2799 vocem
1934 2748 2099 2813 sumi,

532 2820 823 2882 praesertim
899 2823 1040 2891 apud
1094 2826 1308 2896 aliquos
1359 2829 1552 2907 doctos
1602 2843 1934 2902 extraneos,
1999 2852 2099 2907 pro

527 2907 752 2976 honore,
803 2911 1090 2981 splendore
1111 2925 1164 2970 et
1193 2917 1384 2986 gloria.
1415 2906 1731 2991 Signiﬁcare
1769 2939 1897 2994 ergo
1923 2906 2100 2995 potest

529 2999 616 3054 hic
646 3001 819 3067 locus,
851 3004 895 3058 si
928 3006 1088 3061 verba
1123 3006 1177 3061 in
1224 3009 1330 3064 isto
1374 3026 1536 3066 sensu
1567 3015 1923 3083 accipiantur,
1954 3019 2100 3086 quod

526 3093 775 3159 gentibus
804 3110 834 3148 a
865 3095 1085 3153 Christo
1131 3100 1412 3158 honoratis
1461 3113 1514 3156 et
1541 3104 1858 3173 gloriﬁcatis
1907 3149 1922 3172 ,
1961 3109 2100 3166 ﬂlios

524 3185 740 3252 quidem
772 3195 826 3241 et
853 3188 1094 3247 haeredes
1134 3193 1219 3247 sui
1249 3194 1402 3263 regni
1439 3194 1532 3264 qui
1559 3196 1822 3254 docibiles
1856 3199 2096 3266 fuerunt,

524 3275 730 3342 posuit,
765 3277 856 3346 qui
913 3295 1094 3336 autem
1149 3283 1463 3339 haereditate
1494 3285 1699 3356 indigni
1735 3297 1790 3344 et
1819 3291 2094 3362 adoptioni

525 3379 650 3420 cum
678 3380 859 3424 essent
888 3371 1063 3441 impii,
1091 3376 1389 3443 perierunt.

705 3502 1026 3567 QUESTIO
1063 3508 1259 3565 CCCVI
1293 3511 1474 3584 [CoisL
1508 3515 1670 3569 Taur.
1703 3515 1915 3589 CXIX].

527 3613 708 3691 Quare
729 3619 870 3687 magi
896 3635 960 3674 ex
1000 3620 1214 3676 Oriente
1242 3634 1289 3678 et
1325 3625 1562 3691 Perside,
1586 3627 1701 3682 non
1726 3646 1842 3684 vero
1871 3645 1935 3683 ea:
1973 3629 2090 3683 alia

599 3688 806 3753 regione
833 3699 946 3795 aut,
970 3703 1119 3759 gente
1171 3695 1239 3748 ad
1283 3688 1616 3752 Dominicum
1661 3712 1878 3768 partum
1929 3701 2090 3770 primi

599 3769 902 3795 ηιξρριςονηιι

595 3769 903 3810 accesserint
921 3769 932 3812 Ξ

2195 3625 2299 3682 Διά
2323 3626 2381 3680 τί
2405 3627 2559 3697 μάγο

2209 2096 2548 2168 καθαρτικήν
2576 2115 2636 2150 τε
2664 2098 2758 2151 καὶ
2814 2098 3162 2168 τελειωτικὴν
3194 2101 3517 2169 ἐπιτίμησιν
3563 2100 3656 2168 τὴν
3691 2099 3768 2151 διὰ

2206 2191 2299 2244 τοῦ
2333 2191 2703 2263 βαπτίσματος
2747 2195 3062 2262 ἐπάγοντοςο
3095 2195 3209 2248 ὅσοι
3247 2196 3352 2264 μὲν
3411 2194 3672 2258 εὐπειθῶς
3713 2213 3764 2248 τε

2210 2284 2304 2338 καὶ
2335 2284 2639 2354 εἰλικρινῶς
2686 2285 2783 2354 τὴν
2837 2285 3156 2356 ἐπιτίμησιν
3190 2286 3466 2351 ἐδέξαντο,
3517 2278 3655 2338 οὗτοι
3679 2285 3768 2353 τῆς

2212 2377 2429 2448 μερίδος
2458 2377 2564 2429 τῶν
2597 2377 2916 2447 σωζομένων
2943 2377 3215 2445 ἐγένοντο·
3243 2379 3299 2430 εἰ
3326 2377 3383 2430 δέ
3413 2393 3497 2439 τις
3522 2375 3651 2448 πρὸς
3679 2374 3765 2445 τὴν

2205 2470 2521 2538 ἐπιτίμησιν
2547 2467 2977 2539 ἀπεδυσπέτησε,
3005 2471 3144 2540 μήτε
3161 2469 3254 2523 τὸν
3283 2470 3380 2522 τοῦ
3411 2469 3768 2538 βαπτίσματος

2204 2560 2486 2631 καθαρμὸν
2518 2563 2653 2630 μήτε
2682 2559 2778 2630 τὴν
2807 2559 2874 2612 δι’
2905 2559 3068 2613 αὐτοῦ
3095 2563 3193 2627 τῆς
3223 2561 3470 2623 πίστεως
3491 2557 3767 2630 προσδεξά-

2209 2668 2368 2720 μενος
2399 2650 2686 2720 ἐλλαμψιν,
2738 2645 2890 2713 οὗτος
2940 2651 3016 2714 ὡς
3059 2651 3269 2722 ἀσεϐής
3331 2669 3394 2704 τε
3438 2651 3532 2704 καὶ
3560 2649 3765 2719 ὀλέθρου

2203 2741 2479 2796 ἀπολεῖται
2508 2742 2675 2808 ἄξιος·
2713 2737 2830 2796 οἶδα
2864 2740 2920 2796 δὲ
2959 2743 3237 2812 ἐπιτιμίας
3267 2744 3424 2812 παρά
3453 2757 3513 2810 γε
3549 2740 3766 2811 μάλιστα

2201 2837 2313 2898 τοῖς
2341 2835 2446 2899 ἔξω
2478 2838 2659 2904 σοφοῖς
2686 2836 2786 2908 τὴν
2816 2834 2983 2906 τιμὴν
3014 2837 3107 2890 καὶ
3134 2835 3232 2906 τὴν
3279 2836 3634 2906 περιφάνειαν
3665 2834 3770 2886 dvo.

2205 2926 2519 2996 μαζομὲνην
2550 2927 2644 2980 καὶ
2669 2929 2730 2980 τὸ
2764 2926 3062 2997 περίδοξον·
3109 2926 3260 2994 λέγοι
3295 2927 3363 2980 ἂν
3390 2922 3485 2980 οὖν
3510 2925 3568 2978 τὸ
3597 2923 3766 2994 ῥητὸν.

2201 3017 2335 3079 εἴτις
2363 3016 2462 3085 τὴν
2488 3008 2631 3080 λέξιν
2659 3019 2737 3080 εἰς
2789 3017 2944 3070 τοῦτο
2993 3017 3053 3070 τὸ
3091 3019 3503 3088 σημαινόμενον
3554 3014 3769 3085 μεταλά-

2202 3105 2308 3168 ϐοι,
2370 3106 2446 3170 ὡς
2502 3107 2594 3160 τοῦ
2634 3107 2882 3179 Χριστοῦ
2926 3109 3260 3179 τιμήσαντος
3316 3111 3412 3163 καὶ
3457 3108 3766 3173 δοξάσαντος

2199 3195 2267 3249 τὰ
2293 3194 2440 3268 ἔθνη,
2497 3199 2647 3260 υἱοὺς
2681 3198 2788 3267 γὰρ
2821 3198 3188 3267 κληρονόμους
3237 3200 3345 3269 τῆς
3405 3196 3572 3252 αὐτοῦ
3629 3200 3771 3267 βασι-

2199 3286 2348 3351 λείας
2372 3289 2497 3350 τοὺς
2523 3287 2872 3356 πειθομένους
2899 3287 3070 3352 ἔθετο,
3132 3289 3180 3342 οἳ
3215 3289 3436 3354 ἀνάξιοι
3499 3288 3592 3341 τοῦ
3649 3286 3766 3356 κλή-

2122 3366 2165 3424 C
2201 3395 2297 3450 ρου
2330 3383 2424 3433 καὶ
2449 3379 2548 3450 τῆς
2581 3379 2872 3444 υἱοθεσίας,
2925 3381 3333 3446 ἁσεϐεῖς³ὃντες
3363 3382 3709 3436 ἀπολοῦνται.

2716 3513 3048 3568 urorum
3103 3517 3244 3584 TC,".

2565 3645 2582 3680 ι
2611 3627 2680 3692 ἐξ
2719 3628 3048 3682 Ἀνατολῶν
3075 3629 3172 3682 καὶ
3213 3628 3494 3699 Περσῶν,
3537 3627 3634 3699 καί
3668 3627 3766 3679 οὐκ

2267 3697 2336 3762 ἐξ
2381 3697 2587 3765 ἐτέρας
2614 3699 2807 3767 χώρας
2836 3701 2874 3766 ἢ
2913 3701 3126 3766 ἔθνους
3166 3700 3248 3767 τῷ
3295 3697 3645 3763 Ἀεσποτικῷ
3687 3701 3770 3751 τό·

2270 3785 2356 3836 κῳ
2393 3770 2836 3838 πσραγεγόνασι
2865 3769 3080 3837 πρῶτοι
3097 3787 3118 3835 ;

522 3889 771 3940 Editarum
807 3906 836 3942 a
859 3893 1036 3944 Wolﬁo
1079 3897 1326 3950 tricesima
1350 3916 1477 3953 nona
1501 3905 1639 3970 (Cur.
1665 3905 1846 3972 Philol.
1875 3914 1912 3957 t.
1946 3908 2007 3969 ν,
2042 3923 2092 3972 p.
2125 3905 2352 3972 693-697.
2372 3903 2615 3972 _§all_and.
2642 3917 2692 3972 p.
2715 3901 2824 3965 710,
2855 3901 2961 3963 7ll,
2992 3919 3043 3954 ιι.
3077 3904 3152 3966 lt,
3192 3919 3245 3966 q.
3280 3906 3422 3971 119).
3447 3933 3509 3944 -—
3530 3905 3604 3954 De
3629 3893 3769 3966 Biang

1615 3980 1678 4016 ex
1707 3969 1916 4020 Oriente
1947 3965 2342 4020 advenientibus.
2371 3966 2540 4015 Matth.
2563 3980 2616 4027 ιι,
2642 3965 2662 4014 1

595 4057 776 4114 Variis
800 4060 868 4115 de
891 4065 1074 4121 causis
1113 4066 1166 4122 id
1201 4067 1406 4125 factum
1440 4089 1562 4130 esse
1592 4080 1810 4146 Opinor.
1845 4081 2091 4135 Primum

2262 4078 2360 4131 Διὰ
2384 4077 2606 4140 πολλὰς,
2639 4076 2812 4146 οἶμαι,
2851 4077 3046 4140 αἰτίας.
3071 4077 3303 4147 Πρῶτον
3352 4079 3456 4149 μὲν
3484 4074 3594 4146 γὰρ
3637 4093 3762 4148 προ-

523 4152 742 4218 quidem
769 4157 840 4207 ita
894 4164 1176 4215 oraculum
1221 4165 1440 4234 aliquod
1474 4170 1853 4238 propheticum
1899 4173 2093 4242 imple-

2210 4171 2419 4242 ρητείαν
2448 4173 2569 4223 τινα
2604 4169 2952 4240 ἐξεπλήρουν,
2994 4171 3092 4239 τὴν
3118 4170 3425 4237 λέγουσαν·
3471 4189 3492 4224 ‹
3529 4169 3770 4230 Βασιλεῖς

523 4249 739 4302 verunt,
770 4242 844 4297 ita
871 4245 1074 4301 habens
1100 4265 1114 4302 :
1153 4267 1172 4299 ι
1210 4250 1382 4321 Reges
1413 4255 1655 4309 Arabum
1680 4267 1734 4312 et
1763 4259 1919 4315 Sabaa
1947 4263 2090 4317 dona

2203 4262 2448 4332 Ἀράϐων
2481 4261 2576 4315 καὶ
2618 4261 2768 4314 Σαϐἇ
2814 4260 2962 4330 δῶρα
2998 4259 3389 4332 προσάξουσιν.
3426 4280 3445 4313 ι
3503 4262 3614 4314 Καὶ
3668 4260 3768 4327 γὰρ

521 4327 837 4386 aﬂ'erent".
863 4351 881 4384 ι
929 4333 1109 4390 Persze
1158 4340 1302 4392 enim
1345 4349 1473 4396 tunc
1517 4348 1778 4415 temporis
1817 4364 2089 4404 summam

2210 4355 2236 4406 ιί
2276 4355 2482 4424 Πέρσαι
2513 4354 2816 4423 τηνικαῦτα
2853 4355 2959 4405 τῶν
2997 4354 3189 4422 χωρῶν
3223 4356 3466 4408 ἐκείκων
3483 4356 3546 4408 τὸ
3581 4353 3771 4423 κράτος

521 4423 842 4484 potestatem
897 4423 952 4475 in
994 4427 1246 4494 regiones
1293 4429 1414 4484 illas
1459 4435 1786 4489 exercebant

521 4515 652 4555 vero
677 4512 822 4558 terra
849 4517 902 4560 et
935 4526 1129 4564 aurum
1156 4517 1693 4582 prmstantissimum.
1728 4532 1782 4576 et
1812 4526 2084 4594 myrrham

1835 4455 1849 4491 :
1898 4439 2088 4493 eadem
2187 4440 2352 4512 εἶχον.
2384 4445 2544 4515 Φέρει
2571 4445 2628 4498 δὲ
2673 4447 2706 4513 ἡ
2751 4444 2974 4497 ἐκείνων
3012 4445 3080 4509 γῆ
3122 4444 3403 4515 ἐπίσημον
3453 4463 3514 4498 τε
3573 4443 3764 4513 χρυσὸν

2186 4537 2278 4588 καὶ
2305 4535 2548 4605 σμύρναν
2583 4537 2677 4587 καὶ
2736 4535 2969 4589 λίϐανον.
2993 4535 3201 4600 Ἀλλως
3229 4555 3290 4589 τε
3320 4537 3380 4589 δὲ
3415 4539 3512 4590 καὶ
3541 4537 3640 4606 τῆς
3671 4536 3763 4605 μὲν

518 4601 575 4647 et
624 4595 752 4650 thus
799 4598 1024 4664 profert.
1079 4604 1248 4659 Porro
1321 4607 1696 4679 {Egyptiorum
1743 4613 1970 4683 imperio
2017 4617 2084 4671 ad

2210 4595 2495 4692 ιίγυπτίων
2523 4623 2799 4693 βασιλείας
2829 4625 2909 4684 εἰς
2973 4625 3299 4694 Ἀσσυρίους
3347 4626 3759 4694 διαλελυμένης.

517 4687 766 4756 Assyrios
796 4692 1074 4757 translato,
1105 4695 1458 4766 Assyriorum
1493 4715 1618 4755 vero
1650 4705 1743 4759 illo
1777 4707 1842 4758 ad
1890 4705 2084 4762 Persas

2210 4715 2288 4767 t'bv
2345 4714 2647 4783 Ἀσσυρίων
2705 4714 2761 4766 δὲ
2805 4716 2884 4776 εἰς
2921 4713 3138 4784 Πέρσας
3181 4715 3624 4786 μεταῤῥυείσης,
3674 4713 3763 4765 καὶ

517 4777 788 4846 devoluta,
821 4782 1216 4856 Persarumque
1255 4792 1475 4860 regibus
1517 4801 1648 4849 tunc
1679 4797 1971 4864 primatum
2005 4808 2082 4853 te-

2213 4805 2286 4858 ὦν
2334 4807 2425 4859 ἐπί
2453 4806 2554 4874 γῆς
2601 4805 2721 4857 τότε
2780 4804 3039 4874 βασιλέων
3089 4805 3320 4876 Περσῶν
3381 4807 3453 4858 τὰ
3500 4805 3760 4876 πρεσϐεῖα

517 4869 796 4935 nentibus,
828 4875 1158 4932 conveniens
1191 4889 1328 4942 erat,
1357 4892 1437 4945 ut,
1467 4884 1558 4951 qui
1592 4900 1654 4939 ea
1693 4897 1852 4941 aetate
1888 4891 2080 4956 praeci-

2212 4895 2434 4964 χόντων,
2471 4894 2576 4947 ἔδει
2601 4898 2712 4957 τοῖς
2749 4895 2809 4947 τὸ
2839 4899 3103 4964 πρωτεῖον
3148 4898 3204 4947 ἐν
3235 4898 3360 4959 τοῖς
3393 4898 3522 4949 τότε
3572 4891 3761 4964 καιροῦ

518 4957 608 5023 pui
637 4969 841 5026 esseut,
874 4962 1037 5018 iidem
1071 4967 1249 5035 primo
1277 4979 1333 5027 et
1358 4973 1451 5025 uni
1475 4976 1799 5031 saeculorum
1846 4977 1996 5048 Regi,
2023 4981 2079 5034 in

2210 4983 2419 5054 αχοῦσι,
2463 4985 2540 5055 τῷ
2574 4983 2774 5057 πρώτῳ
2811 4989 2904 5040 καὶ
2942 4986 3084 5056 μόνῳ
3128 4985 3356 5039 Βασιλεῖ
3388 4988 3501 5039 τῶν
3529 4986 3756 5046 αἰώνων,

517 5056 659 5102 terra
709 5065 1023 5121 conswcto,
1059 5058 1301 5126 Christo,
1343 5071 1398 5118 et
1437 5063 1544 5118 Deo
1589 5077 1795 5133 nostro,
1844 5072 2079 5126 adventu

2210 5073 2269 5126 πὶ
2291 5072 2392 5143 γῆς
2414 5056 2629 5142 ὀφθέντι
2655 5077 2894 5146 Χριστῷ,
2917 5075 3034 5145 Θεῷ
3065 5077 3140 5146 τῷ
3165 5078 3352 5146 ἡμῶν,
3386 5076 3761 5148 παραγεγονό-

516 5153 616 5192 suo
643 5140 850 5196 cultum
879 5157 1228 5216 priestareut,
1271 5163 1324 5207 et
1358 5154 1499 5209 dona
1530 5156 1807 5223 offerrent,
1841 5162 1926 5226 iis,
1957 5177 2079 5231 qua:

2215 5182 2279 5226 ας
2311 5175 2368 5217 τε
2401 5167 2792 5236 προσκυνῆσαι,
2826 5168 2918 5220 καὶ
2945 5167 3091 5237 δῶρα
3140 5168 3399 5236 κομίσαι,
3433 5168 3502 5221 δι’
3549 5161 3625 5219 ὧν
3652 5163 3759 5233 (85)

516 5225 811 5295 faciebant,
858 5235 1193 5303 proﬁtentes,
1223 5243 1369 5310 quod
1398 5242 1515 5296 Itex
1555 5247 1711 5299 ntodo
1737 5225 2080 5316 natusiip-so-

2210 5273 2443 5326 πραττον
2465 5259 2921 5326 ἀνομολογοῦντας
2952 5260 3062 5329 (86)
3092 5260 3172 5312 ὅτι
3198 5261 3224 5311 6
3251 5259 3479 5330 τεχθεὶς
3501 5256 3761 5316 Βασιλεὺς

517 5331 658 5383 rum,
702 5321 794 5388 qui
851 5331 1062 5379 tantum
1108 5344 1214 5382 non
1261 5335 1410 5386 omni
1465 5335 1584 5388 orbi
1628 5335 1975 5405 imperarent,
2028 5351 2082 5394 et

2210 5346 2270 5398 at
2323 5347 2521 5413 αὐτῶν,
2578 5349 2686 5401 τῶν
2737 5350 2935 5419 μικροῦ
2968 5351 3064 5420 τῆς
3099 5351 3200 5419 γῆς
3231 5351 3466 5420 ἁπάσης
3498 5347 3761 5420 κρατούν-

515 5410 768 5478 gentibus
815 5417 1072 5473 omnibus
1120 5424 1436 5489 superiores
1479 5439 1682 5497 essent,
1730 5428 1926 5495 Herus,
1979 5429 2084 5483 Do-

2210 5457 2294 5504 ον,
2332 5442 2425 5492 καὶ
2470 5441 2611 5494 κατὰ
2655 5441 2871 5495 πάντων
2905 5444 2964 5495 τὸ
3022 5444 3291 5513 πρωτεῖον
3348 5443 3618 5513 ἐχόντων,
3663 5442 3757 5491 .1:-

587 5529 630 5561 ³³
661 5528 766 5587 lsa.
792 5551 881 5600 ις,
912 5537 964 5592 6.

2019 5651 2248 5709 NOTAE.

593 5739 704 5811 (825)
737 5741 826 5800 Sic
854 5747 1035 5804 scribo
1060 5765 1178 5821 pro,
1213 5751 1280 5806 δι’
1311 5755 1390 5808 ὃν.

2232 5764 2343 5838 (86)
2370 5767 2536 5824 Coisl.
2571 5771 2706 5828 male
2733 5772 3212 5844 ἀνομοὶοςηῦντας.
