  <div class='ocr_page' id='page_1' title='image "/cluster/home/n/w/nwhite01/storage/ocr_20150623/101 pt.1/mdp.39015061955830/598.png"; bbox 0 0 3904 6218; ppageno 0'>
   <div class='ocr_carea' id='block_1_1' title="bbox 276 238 416 304">
    <p class='ocr_par' dir='ltr' id='par_1_1' title="bbox 276 238 416 304">
     <span class='ocr_line' id='line_1_1' title="bbox 276 238 416 304; baseline 0.036 -5"><span class='ocrx_word' id='word_1_1' title='bbox 276 238 416 304; x_wconf 72' lang='grc' dir='ltr'><strong>1ἱ49</strong></span> 
     </span>
    </p>
   </div>
   <div class='ocr_carea' id='block_1_2' title="bbox 1059 229 2654 323">
    <p class='ocr_par' dir='ltr' id='par_1_2' title="bbox 1059 229 2654 323">
     <span class='ocr_line' id='line_1_2' title="bbox 1059 229 2654 323; baseline -0.001 -24"><span class='ocrx_word' id='word_1_2' title='bbox 1059 240 1167 323; x_wconf 80' lang='lat' dir='ltr'><strong>AD</strong></span> <span class='ocrx_word' id='word_1_3' title='bbox 1192 231 1786 297; x_wconf 81' lang='lat' dir='ltr'><strong>AMPHILOCHIUM</strong></span> <span class='ocrx_word' id='word_1_4' title='bbox 1814 229 2161 301; x_wconf 73' lang='lat' dir='ltr'><strong>QUIESTIO</strong></span> <span class='ocrx_word' id='word_1_5' title='bbox 2190 233 2387 307; x_wconf 65' lang='grc' dir='ltr'>σεεν,</span> <span class='ocrx_word' id='word_1_6' title='bbox 2424 237 2654 297; x_wconf 79' lang='lat' dir='ltr'><strong>CCCVI.</strong></span> 
     </span>
    </p>
   </div>
   <div class='ocr_carea' id='block_1_3' title="bbox 3397 236 3535 302">
    <p class='ocr_par' dir='ltr' id='par_1_3' title="bbox 3397 236 3535 302">
     <span class='ocr_line' id='line_1_3' title="bbox 3397 236 3535 302; baseline 0.007 -3"><span class='ocrx_word' id='word_1_7' title='bbox 3397 236 3535 302; x_wconf 78' lang='grc'><strong>1150</strong></span> 
     </span>
    </p>
   </div>
   <div class='ocr_carea' id='block_1_4' title="bbox 271 345 1870 423">
    <p class='ocr_par' dir='ltr' id='par_1_4' title="bbox 271 349 1862 423">
     <span class='ocr_line' id='line_1_4' title="bbox 271 349 1862 423; baseline -0.005 -18"><span class='ocrx_word' id='word_1_8' title='bbox 271 353 479 419; x_wconf 85' lang='grc' dir='ltr'>σπότης</span> <span class='ocrx_word' id='word_1_9' title='bbox 506 350 603 404; x_wconf 76' lang='grc' dir='ltr'>καὶ</span> <span class='ocrx_word' id='word_1_10' title='bbox 632 350 839 423; x_wconf 84' lang='grc' dir='ltr'>Κύριος</span> <span class='ocrx_word' id='word_1_11' title='bbox 881 349 977 403; x_wconf 75' lang='grc' dir='ltr'><strong>καὶ</strong></span> <span class='ocrx_word' id='word_1_12' title='bbox 1014 349 1279 413; x_wconf 79' lang='grc' dir='ltr'>Βασιλεὺς</span> <span class='ocrx_word' id='word_1_13' title='bbox 1310 349 1657 421; x_wconf 74' lang='grc' dir='ltr'><strong>χρηματίζει,</strong></span> <span class='ocrx_word' id='word_1_14' title='bbox 1694 361 1862 413; x_wconf 84' lang='grc' dir='ltr'>προσ·</span> 
     </span>
    </p>
   </div>
   <div class='ocr_carea' id='block_1_5' title="bbox 1961 345 3534 423">
    <p class='ocr_par' dir='ltr' id='par_1_5' title="bbox 1966 345 3534 420">
     <span class='ocr_line' id='line_1_5' title="bbox 1966 345 3534 420; baseline 0.008 -25"><span class='ocrx_word' id='word_1_15' title='bbox 1966 345 2149 399; x_wconf 88' lang='lat' dir='ltr'><strong>minus</strong></span> <span class='ocrx_word' id='word_1_16' title='bbox 2173 357 2225 400; x_wconf 91' lang='lat' dir='ltr'><strong>et</strong></span> <span class='ocrx_word' id='word_1_17' title='bbox 2260 346 2373 400; x_wconf 76' lang='lat' dir='ltr'><strong>Rex</strong></span> <span class='ocrx_word' id='word_1_18' title='bbox 2423 350 2818 418; x_wconf 64' lang='lat' dir='ltr'><strong>appellaretur,</strong></span> <span class='ocrx_word' id='word_1_19' title='bbox 2865 357 3126 420; x_wconf 78' lang='lat' dir='ltr'><strong>tanquam</strong></span> <span class='ocrx_word' id='word_1_20' title='bbox 3175 351 3436 407; x_wconf 85' lang='lat' dir='ltr'><strong>adoratus</strong></span> <span class='ocrx_word' id='word_1_21' title='bbox 3465 356 3534 407; x_wconf 90' lang='lat' dir='ltr'><strong>ah</strong></span> 
     </span>
    </p>
   </div>
   <div class='ocr_carea' id='block_1_6' title="bbox 266 442 1852 515">
    <p class='ocr_par' dir='ltr' id='par_1_6' title="bbox 266 442 1852 515">
     <span class='ocr_line' id='line_1_6' title="bbox 266 442 1852 515; baseline -0.001 -20"><span class='ocrx_word' id='word_1_22' title='bbox 266 443 606 515; x_wconf 84' lang='grc' dir='ltr'>κυνούμενός</span> <span class='ocrx_word' id='word_1_23' title='bbox 634 461 694 495; x_wconf 88' lang='grc' dir='ltr'><strong>τε</strong></span> <span class='ocrx_word' id='word_1_24' title='bbox 740 444 832 496; x_wconf 78' lang='grc' dir='ltr'>ὑπ’</span> <span class='ocrx_word' id='word_1_25' title='bbox 860 442 1042 495; x_wconf 84' lang='grc' dir='ltr'>αὐτῶν</span> <span class='ocrx_word' id='word_1_26' title='bbox 1076 444 1172 495; x_wconf 77' lang='grc' dir='ltr'><strong>καὶ</strong></span> <span class='ocrx_word' id='word_1_27' title='bbox 1196 442 1673 515; x_wconf 83' lang='grc' dir='ltr'><strong>δορυφορούμενος</strong></span> <span class='ocrx_word' id='word_1_28' title='bbox 1716 442 1852 514; x_wconf 84' lang='lat'><strong>(87).</strong></span> 
     </span>
    </p>
   </div>
   <div class='ocr_carea' id='block_1_7' title="bbox 267 536 1857 607">
    <p class='ocr_par' dir='ltr' id='par_1_7' title="bbox 267 536 1857 607">
     <span class='ocr_line' id='line_1_7' title="bbox 267 536 1857 607; baseline 0 -20"><span class='ocrx_word' id='word_1_29' title='bbox 267 536 336 588; x_wconf 83' lang='grc' dir='ltr'>Εί</span> <span class='ocrx_word' id='word_1_30' title='bbox 386 536 431 589; x_wconf 89' lang='grc' dir='ltr'>δ’</span> <span class='ocrx_word' id='word_1_31' title='bbox 478 537 561 589; x_wconf 84' lang='grc' dir='ltr'><strong>ὃτι</strong></span> <span class='ocrx_word' id='word_1_32' title='bbox 605 537 815 590; x_wconf 83' lang='grc' dir='ltr'>ἐκεῖθεν</span> <span class='ocrx_word' id='word_1_33' title='bbox 871 536 1168 605; x_wconf 76' lang='grc' dir='ltr'>ἐτύγχανεν</span> <span class='ocrx_word' id='word_1_34' title='bbox 1225 538 1320 590; x_wconf 79' lang='grc' dir='ltr'>καὶ</span> <span class='ocrx_word' id='word_1_35' title='bbox 1375 536 1627 607; x_wconf 79' lang='grc' dir='ltr'>Ἀϐραὰμ</span> <span class='ocrx_word' id='word_1_36' title='bbox 1667 536 1698 587; x_wconf 98' lang='lat'><strong>6</strong></span> <span class='ocrx_word' id='word_1_37' title='bbox 1748 553 1857 588; x_wconf 83' lang='grc' dir='ltr'>πα-</span> 
     </span>
    </p>
   </div>
   <div class='ocr_carea' id='block_1_8' title="bbox 263 628 1856 701">
    <p class='ocr_par' dir='ltr' id='par_1_8' title="bbox 263 628 1856 701">
     <span class='ocr_line' id='line_1_8' title="bbox 263 628 1856 701; baseline 0.002 -21"><span class='ocrx_word' id='word_1_38' title='bbox 263 629 540 699; x_wconf 79' lang='grc' dir='ltr'>τριάρχης</span> <span class='ocrx_word' id='word_1_39' title='bbox 616 630 705 701; x_wconf 81' lang='grc' dir='ltr'>(ἐκ</span> <span class='ocrx_word' id='word_1_40' title='bbox 776 630 1059 682; x_wconf 83' lang='grc' dir='ltr'>Χαλδαίων</span> <span class='ocrx_word' id='word_1_41' title='bbox 1131 628 1241 699; x_wconf 81' lang='grc' dir='ltr'>γὰρ</span> <span class='ocrx_word' id='word_1_42' title='bbox 1295 632 1401 699; x_wconf 82' lang='grc' dir='ltr'><strong>γῆς</strong></span> <span class='ocrx_word' id='word_1_43' title='bbox 1471 630 1689 700; x_wconf 90' lang='grc' dir='ltr'>πρῶτος</span> <span class='ocrx_word' id='word_1_44' title='bbox 1751 630 1856 683; x_wconf 74' lang='grc' dir='ltr'>ἀπ·</span> 
     </span>
    </p>
   </div>
   <div class='ocr_carea' id='block_1_9' title="bbox 267 715 1857 791">
    <p class='ocr_par' dir='ltr' id='par_1_9' title="bbox 267 715 1857 791">
     <span class='ocr_line' id='line_1_9' title="bbox 267 715 1857 791; baseline -0.003 -18"><span class='ocrx_word' id='word_1_45' title='bbox 267 735 415 789; x_wconf 88' lang='grc' dir='ltr'>αρας</span> <span class='ocrx_word' id='word_1_46' title='bbox 458 720 788 787; x_wconf 87' lang='grc' dir='ltr'>θεογνωσίαν</span> <span class='ocrx_word' id='word_1_47' title='bbox 829 718 1137 791; x_wconf 84' lang='grc' dir='ltr'>ἐκήρυξεν),</span> <span class='ocrx_word' id='word_1_48' title='bbox 1164 718 1255 772; x_wconf 76' lang='grc' dir='ltr'>διὰ</span> <span class='ocrx_word' id='word_1_49' title='bbox 1294 718 1455 772; x_wconf 85' lang='grc' dir='ltr'>τοῦτο</span> <span class='ocrx_word' id='word_1_50' title='bbox 1480 720 1573 772; x_wconf 81' lang='grc' dir='ltr'><strong>καὶ</strong></span> <span class='ocrx_word' id='word_1_51' title='bbox 1603 715 1749 773; x_wconf 73' lang='grc' dir='ltr'>οὗτοι</span> <span class='ocrx_word' id='word_1_52' title='bbox 1776 720 1857 780; x_wconf 75' lang='grc' dir='ltr'>εἰς</span> 
     </span>
    </p>
   </div>
   <div class='ocr_carea' id='block_1_10' title="bbox 269 809 1858 883">
    <p class='ocr_par' dir='ltr' id='par_1_10' title="bbox 269 809 1858 883">
     <span class='ocr_line' id='line_1_10' title="bbox 269 809 1858 883; baseline -0.001 -20"><span class='ocrx_word' id='word_1_53' title='bbox 269 813 649 881; x_wconf 76' lang='grc' dir='ltr'>προσκύνησιν</span> <span class='ocrx_word' id='word_1_54' title='bbox 720 811 815 864; x_wconf 72' lang='grc' dir='ltr'><strong>τοῦ</strong></span> <span class='ocrx_word' id='word_1_55' title='bbox 900 812 1155 883; x_wconf 76' lang='grc' dir='ltr'><strong>Σωτῆρος</strong></span> <span class='ocrx_word' id='word_1_56' title='bbox 1199 810 1411 883; x_wconf 86' lang='grc' dir='ltr'>πρῶτοι</span> <span class='ocrx_word' id='word_1_57' title='bbox 1490 812 1598 864; x_wconf 89' lang='grc' dir='ltr'><strong>τῶν</strong></span> <span class='ocrx_word' id='word_1_58' title='bbox 1682 809 1858 864; x_wconf 85' lang='grc' dir='ltr'>ἄλλων</span> 
     </span>
    </p>
   </div>
   <div class='ocr_carea' id='block_1_11' title="bbox 267 902 1860 975">
    <p class='ocr_par' dir='ltr' id='par_1_11' title="bbox 267 902 1860 975">
     <span class='ocr_line' id='line_1_11' title="bbox 267 902 1860 975; baseline -0.001 -19"><span class='ocrx_word' id='word_1_59' title='bbox 267 904 485 957; x_wconf 80' lang='grc' dir='ltr'>ἐκεῖθεν</span> <span class='ocrx_word' id='word_1_60' title='bbox 513 904 842 974; x_wconf 74' lang='grc' dir='ltr'><strong>ἐκινήθησαν</strong></span> <span class='ocrx_word' id='word_1_61' title='bbox 866 905 1304 974; x_wconf 76' lang='grc' dir='ltr'>παραγενέσθαι,</span> <span class='ocrx_word' id='word_1_62' title='bbox 1334 904 1546 975; x_wconf 77' lang='grc' dir='ltr'>τρανῶς</span> <span class='ocrx_word' id='word_1_63' title='bbox 1573 902 1860 957; x_wconf 83' lang='grc' dir='ltr'>διασαλπι·</span> 
     </span>
    </p>
   </div>
   <div class='ocr_carea' id='block_1_12' title="bbox 268 996 1859 1069">
    <p class='ocr_par' dir='ltr' id='par_1_12' title="bbox 268 996 1859 1069">
     <span class='ocr_line' id='line_1_12' title="bbox 268 996 1859 1069; baseline -0.001 -19"><span class='ocrx_word' id='word_1_64' title='bbox 268 998 476 1069; x_wconf 79' lang='grc' dir='ltr'>ζούσης</span> <span class='ocrx_word' id='word_1_65' title='bbox 513 998 610 1067; x_wconf 85' lang='grc' dir='ltr'><strong>τῆς</strong></span> <span class='ocrx_word' id='word_1_66' title='bbox 648 998 905 1068; x_wconf 78' lang='grc' dir='ltr'><strong>τοιαύτης</strong></span> <span class='ocrx_word' id='word_1_67' title='bbox 930 998 1263 1069; x_wconf 82' lang='grc' dir='ltr'>οἰκονομίας,</span> <span class='ocrx_word' id='word_1_68' title='bbox 1282 998 1363 1050; x_wconf 81' lang='grc' dir='ltr'><strong>ὅτι</strong></span> <span class='ocrx_word' id='word_1_69' title='bbox 1392 999 1421 1050; x_wconf 87' lang='lat'><strong>6</strong></span> <span class='ocrx_word' id='word_1_70' title='bbox 1463 996 1625 1059; x_wconf 84' lang='grc' dir='ltr'>αὐτός</span> <span class='ocrx_word' id='word_1_71' title='bbox 1658 998 1805 1048; x_wconf 84' lang='grc' dir='ltr'>ἐστιν</span> <span class='ocrx_word' id='word_1_72' title='bbox 1830 996 1859 1049; x_wconf 93' lang='lat'><strong>6</strong></span> 
     </span>
    </p>
   </div>
   <div class='ocr_carea' id='block_1_13' title="bbox 270 1088 1859 1160">
    <p class='ocr_par' dir='ltr' id='par_1_13' title="bbox 270 1088 1859 1160">
     <span class='ocr_line' id='line_1_13' title="bbox 270 1088 1859 1160; baseline 0.001 -18"><span class='ocrx_word' id='word_1_73' title='bbox 270 1091 370 1143; x_wconf 76' lang='grc' dir='ltr'>καὶ</span> <span class='ocrx_word' id='word_1_74' title='bbox 416 1092 537 1143; x_wconf 90' lang='grc' dir='ltr'>τότε</span> <span class='ocrx_word' id='word_1_75' title='bbox 572 1092 667 1143; x_wconf 71' lang='grc' dir='ltr'><strong>καὶ</strong></span> <span class='ocrx_word' id='word_1_76' title='bbox 697 1090 792 1144; x_wconf 80' lang='grc' dir='ltr'>νῦν</span> <span class='ocrx_word' id='word_1_77' title='bbox 825 1090 1084 1160; x_wconf 79' lang='grc' dir='ltr'>ἐνεργῶν,</span> <span class='ocrx_word' id='word_1_78' title='bbox 1132 1091 1256 1143; x_wconf 87' lang='grc' dir='ltr'>τότε</span> <span class='ocrx_word' id='word_1_79' title='bbox 1310 1090 1411 1159; x_wconf 83' lang='grc' dir='ltr'><strong>μὲν</strong></span> <span class='ocrx_word' id='word_1_80' title='bbox 1452 1090 1726 1156; x_wconf 84' lang='grc' dir='ltr'>τυπικῶς,</span> <span class='ocrx_word' id='word_1_81' title='bbox 1763 1088 1859 1143; x_wconf 82' lang='grc' dir='ltr'>νῦν</span> 
     </span>
    </p>
   </div>
   <div class='ocr_carea' id='block_1_14' title="bbox 268 1180 1857 1254">
    <p class='ocr_par' dir='ltr' id='par_1_14' title="bbox 268 1180 1857 1254">
     <span class='ocr_line' id='line_1_14' title="bbox 268 1180 1857 1254; baseline -0.001 -19"><span class='ocrx_word' id='word_1_82' title='bbox 268 1183 332 1235; x_wconf 82' lang='grc' dir='ltr'><strong>δὲ</strong></span> <span class='ocrx_word' id='word_1_83' title='bbox 356 1184 537 1246; x_wconf 77' lang='grc' dir='ltr'>αὐτοῖς</span> <span class='ocrx_word' id='word_1_84' title='bbox 560 1184 852 1253; x_wconf 82' lang='grc' dir='ltr'>πράγμασι</span> <span class='ocrx_word' id='word_1_85' title='bbox 880 1184 975 1236; x_wconf 72' lang='grc' dir='ltr'><strong>καὶ</strong></span> <span class='ocrx_word' id='word_1_86' title='bbox 1002 1183 1232 1254; x_wconf 78' lang='grc' dir='ltr'>ἀληθείᾳ</span> <span class='ocrx_word' id='word_1_87' title='bbox 1256 1199 1269 1212; x_wconf 72' lang='grc' dir='ltr'><strong>ο</strong></span> <span class='ocrx_word' id='word_1_88' title='bbox 1299 1181 1420 1236; x_wconf 83' lang='grc' dir='ltr'>οὐδὲ</span> <span class='ocrx_word' id='word_1_89' title='bbox 1459 1180 1616 1235; x_wconf 82' lang='grc' dir='ltr'>τοῦτο</span> <span class='ocrx_word' id='word_1_90' title='bbox 1668 1182 1734 1236; x_wconf 84' lang='grc' dir='ltr'>ἂν</span> <span class='ocrx_word' id='word_1_91' title='bbox 1772 1183 1857 1252; x_wconf 77' lang='grc' dir='ltr'>εἴη</span> 
     </span>
    </p>
   </div>
   <div class='ocr_carea' id='block_1_15' title="bbox 268 1275 1860 1347">
    <p class='ocr_par' dir='ltr' id='par_1_15' title="bbox 268 1275 1860 1347">
     <span class='ocr_line' id='line_1_15' title="bbox 268 1275 1860 1347; baseline -0.001 -18"><span class='ocrx_word' id='word_1_92' title='bbox 268 1275 373 1345; x_wconf 84' lang='grc' dir='ltr'><strong>τῆς</strong></span> <span class='ocrx_word' id='word_1_93' title='bbox 404 1276 570 1347; x_wconf 80' lang='grc' dir='ltr'>ὀρθῆς</span> <span class='ocrx_word' id='word_1_94' title='bbox 591 1276 811 1329; x_wconf 84' lang='grc' dir='ltr'>ἄπωθεν</span> <span class='ocrx_word' id='word_1_95' title='bbox 837 1275 1095 1339; x_wconf 84' lang='grc' dir='ltr'>διανοίας.</span> <span class='ocrx_word' id='word_1_96' title='bbox 1140 1277 1269 1329; x_wconf 86' lang='grc' dir='ltr'>Νόει</span> <span class='ocrx_word' id='word_1_97' title='bbox 1296 1276 1352 1329; x_wconf 86' lang='grc' dir='ltr'><em>δέ</em></span> <span class='ocrx_word' id='word_1_98' title='bbox 1384 1292 1475 1347; x_wconf 89' lang='grc' dir='ltr'><strong>μοι</strong></span> <span class='ocrx_word' id='word_1_99' title='bbox 1524 1276 1765 1329; x_wconf 81' lang='grc' dir='ltr'>κάκεῖνο·</span> <span class='ocrx_word' id='word_1_100' title='bbox 1797 1276 1860 1327; x_wconf 84' lang='lat' dir='ltr'><strong>Ol</strong></span> 
     </span>
    </p>
   </div>
   <div class='ocr_carea' id='block_1_16' title="bbox 270 1367 1862 1441">
    <p class='ocr_par' dir='ltr' id='par_1_16' title="bbox 270 1367 1862 1441">
     <span class='ocr_line' id='line_1_16' title="bbox 270 1367 1862 1441; baseline 0.001 -21"><span class='ocrx_word' id='word_1_101' title='bbox 270 1368 580 1438; x_wconf 77' lang='grc' dir='ltr'>Ἀσσυρίων</span> <span class='ocrx_word' id='word_1_102' title='bbox 637 1368 876 1438; x_wconf 79' lang='grc' dir='ltr'>βασιλεῖς</span> <span class='ocrx_word' id='word_1_103' title='bbox 919 1371 1020 1439; x_wconf 85' lang='grc' dir='ltr'><strong>τήν</strong></span> <span class='ocrx_word' id='word_1_104' title='bbox 1069 1386 1129 1422; x_wconf 88' lang='grc' dir='ltr'><strong>τε</strong></span> <span class='ocrx_word' id='word_1_105' title='bbox 1178 1368 1536 1441; x_wconf 84' lang='grc' dir='ltr'>Ἰερουσαλὴμ</span> <span class='ocrx_word' id='word_1_106' title='bbox 1603 1367 1862 1432; x_wconf 77' lang='grc' dir='ltr'>πολλάκις</span> 
     </span>
    </p>
   </div>
   <div class='ocr_carea' id='block_1_17' title="bbox 270 1460 1861 1534">
    <p class='ocr_par' dir='ltr' id='par_1_17' title="bbox 270 1460 1861 1534">
     <span class='ocr_line' id='line_1_17' title="bbox 270 1460 1861 1534; baseline 0.002 -22"><span class='ocrx_word' id='word_1_107' title='bbox 270 1460 621 1530; x_wconf 79' lang='grc' dir='ltr'>ἐπόρθησαν,</span> <span class='ocrx_word' id='word_1_108' title='bbox 677 1462 773 1513; x_wconf 73' lang='grc' dir='ltr'>καὶ</span> <span class='ocrx_word' id='word_1_109' title='bbox 838 1463 909 1515; x_wconf 71' lang='grc' dir='ltr'>τὰ</span> <span class='ocrx_word' id='word_1_110' title='bbox 974 1463 1033 1516; x_wconf 90' lang='grc' dir='ltr'><strong>ἐν</strong></span> <span class='ocrx_word' id='word_1_111' title='bbox 1098 1461 1177 1533; x_wconf 81' lang='grc' dir='ltr'>τῷ</span> <span class='ocrx_word' id='word_1_112' title='bbox 1231 1462 1360 1534; x_wconf 84' lang='grc' dir='ltr'>θείῳ</span> <span class='ocrx_word' id='word_1_113' title='bbox 1428 1463 1533 1533; x_wconf 82' lang='grc' dir='ltr'><strong>νεῷ</strong></span> <span class='ocrx_word' id='word_1_114' title='bbox 1601 1462 1861 1533; x_wconf 86' lang='grc' dir='ltr'>κειμήλια</span> 
     </span>
    </p>
   </div>
   <div class='ocr_carea' id='block_1_18' title="bbox 271 1553 1861 1626">
    <p class='ocr_par' dir='ltr' id='par_1_18' title="bbox 271 1553 1861 1626">
     <span class='ocr_line' id='line_1_18' title="bbox 271 1553 1861 1626; baseline 0.001 -20"><span class='ocrx_word' id='word_1_115' title='bbox 271 1553 649 1621; x_wconf 80' lang='grc' dir='ltr'>ἀπεσύλησαν.</span> <span class='ocrx_word' id='word_1_116' title='bbox 700 1553 811 1606; x_wconf 82' lang='lat' dir='ltr'><strong>Kal</strong></span> <span class='ocrx_word' id='word_1_117' title='bbox 880 1554 1042 1608; x_wconf 70' lang='grc' dir='ltr'>αὑτὸν</span> <span class='ocrx_word' id='word_1_118' title='bbox 1090 1554 1202 1607; x_wconf 81' lang='grc' dir='ltr'>ἔσθ’</span> <span class='ocrx_word' id='word_1_119' title='bbox 1248 1557 1339 1608; x_wconf 78' lang='grc' dir='ltr'><strong>ὅτε</strong></span> <span class='ocrx_word' id='word_1_120' title='bbox 1384 1555 1476 1610; x_wconf 81' lang='grc' dir='ltr'><strong>τὸν</strong></span> <span class='ocrx_word' id='word_1_121' title='bbox 1520 1556 1645 1609; x_wconf 78' lang='grc' dir='ltr'>ναὸν</span> <span class='ocrx_word' id='word_1_122' title='bbox 1693 1557 1861 1626; x_wconf 79' lang='grc' dir='ltr'>πυρὸς</span> 
     </span>
    </p>
   </div>
   <div class='ocr_carea' id='block_1_19' title="bbox 271 1644 1863 1717">
    <p class='ocr_par' dir='ltr' id='par_1_19' title="bbox 271 1644 1863 1717">
     <span class='ocr_line' id='line_1_19' title="bbox 271 1644 1863 1717; baseline 0.001 -20"><span class='ocrx_word' id='word_1_123' title='bbox 271 1645 439 1713; x_wconf 70' lang='grc' dir='ltr'>ἔργον</span> <span class='ocrx_word' id='word_1_124' title='bbox 471 1644 872 1713; x_wconf 73' lang='grc' dir='ltr'>ἀποφήναντες.</span> <span class='ocrx_word' id='word_1_125' title='bbox 934 1646 1046 1699; x_wconf 83' lang='grc' dir='ltr'>Καὶ</span> <span class='ocrx_word' id='word_1_126' title='bbox 1105 1648 1206 1699; x_wconf 84' lang='grc' dir='ltr'><strong>ὅσα</strong></span> <span class='ocrx_word' id='word_1_127' title='bbox 1261 1646 1399 1700; x_wconf 85' lang='grc' dir='ltr'>ἄλλα</span> <span class='ocrx_word' id='word_1_128' title='bbox 1439 1648 1472 1717; x_wconf 89' lang='grc' dir='ltr'><strong>ή</strong></span> <span class='ocrx_word' id='word_1_129' title='bbox 1514 1647 1645 1717; x_wconf 75' lang='grc' dir='ltr'>περὶ</span> <span class='ocrx_word' id='word_1_130' title='bbox 1692 1645 1863 1700; x_wconf 82' lang='grc' dir='ltr'>ταῦτα</span> 
     </span>
    </p>
   </div>
   <div class='ocr_carea' id='block_1_20' title="bbox 275 1734 1859 1808">
    <p class='ocr_par' dir='ltr' id='par_1_20' title="bbox 275 1734 1859 1808">
     <span class='ocr_line' id='line_1_20' title="bbox 275 1734 1859 1808; baseline 0.003 -22"><span class='ocrx_word' id='word_1_131' title='bbox 275 1734 491 1806; x_wconf 76' lang='grc' dir='ltr'>ἱστορία</span> <span class='ocrx_word' id='word_1_132' title='bbox 544 1734 816 1799; x_wconf 80' lang='grc' dir='ltr'>διέξεισιν.</span> <span class='ocrx_word' id='word_1_133' title='bbox 885 1735 949 1788; x_wconf 87' lang='lat' dir='ltr'><strong>&#39;H</strong></span> <span class='ocrx_word' id='word_1_134' title='bbox 990 1737 1047 1790; x_wconf 85' lang='grc' dir='ltr'>δὲ</span> <span class='ocrx_word' id='word_1_135' title='bbox 1091 1736 1201 1789; x_wconf 88' lang='grc' dir='ltr'><strong>τῶν</strong></span> <span class='ocrx_word' id='word_1_136' title='bbox 1236 1736 1541 1806; x_wconf 80' lang='grc' dir='ltr'>’Λσσυρίων</span> <span class='ocrx_word' id='word_1_137' title='bbox 1582 1736 1726 1808; x_wconf 80' lang='grc' dir='ltr'>ἁρχὴ</span> <span class='ocrx_word' id='word_1_138' title='bbox 1778 1739 1859 1801; x_wconf 80' lang='grc' dir='ltr'><strong>είς</strong></span> 
     </span>
    </p>
   </div>
   <div class='ocr_carea' id='block_1_21' title="bbox 271 1826 1855 1897">
    <p class='ocr_par' dir='ltr' id='par_1_21' title="bbox 271 1826 1855 1897">
     <span class='ocr_line' id='line_1_21' title="bbox 271 1826 1855 1897; baseline 0.003 -19"><span class='ocrx_word' id='word_1_139' title='bbox 271 1826 497 1897; x_wconf 82' lang='grc' dir='ltr'>Πέρσας</span> <span class='ocrx_word' id='word_1_140' title='bbox 528 1826 819 1896; x_wconf 77' lang='grc' dir='ltr'>μετέπεσε,</span> <span class='ocrx_word' id='word_1_141' title='bbox 862 1830 957 1881; x_wconf 73' lang='grc' dir='ltr'><strong>καὶ</strong></span> <span class='ocrx_word' id='word_1_142' title='bbox 985 1828 1076 1883; x_wconf 82' lang='grc' dir='ltr'><strong>τὸν</strong></span> <span class='ocrx_word' id='word_1_143' title='bbox 1102 1828 1331 1893; x_wconf 89' lang='grc' dir='ltr'>ἐκείνοις</span> <span class='ocrx_word' id='word_1_144' title='bbox 1355 1829 1587 1883; x_wconf 81' lang='grc' dir='ltr'>πλοῦτον</span> <span class='ocrx_word' id='word_1_145' title='bbox 1618 1830 1855 1897; x_wconf 74' lang='grc' dir='ltr'>ἅπαντα,</span> 
     </span>
    </p>
   </div>
   <div class='ocr_carea' id='block_1_22' title="bbox 268 1917 1859 1991">
    <p class='ocr_par' dir='ltr' id='par_1_22' title="bbox 268 1917 1859 1991">
     <span class='ocr_line' id='line_1_22' title="bbox 268 1917 1859 1991; baseline 0.003 -21"><span class='ocrx_word' id='word_1_146' title='bbox 268 1917 399 1979; x_wconf 81' lang='grc' dir='ltr'>ὅσος</span> <span class='ocrx_word' id='word_1_147' title='bbox 422 1918 533 1986; x_wconf 75' lang='grc'><strong>(88)</strong></span> <span class='ocrx_word' id='word_1_148' title='bbox 561 1934 619 1970; x_wconf 88' lang='grc' dir='ltr'><strong>τε</strong></span> <span class='ocrx_word' id='word_1_149' title='bbox 640 1919 699 1970; x_wconf 84' lang='grc' dir='ltr'>ὲν</span> <span class='ocrx_word' id='word_1_150' title='bbox 727 1918 1129 1989; x_wconf 72' lang='grc' dir='ltr'>λαφύροις,’καὶ</span> <span class='ocrx_word' id='word_1_151' title='bbox 1152 1921 1276 1983; x_wconf 81' lang='grc' dir='ltr'>ὅσος</span> <span class='ocrx_word' id='word_1_152' title='bbox 1306 1923 1363 1973; x_wconf 91' lang='grc' dir='ltr'><strong>ἐν</strong></span> <span class='ocrx_word' id='word_1_153' title='bbox 1392 1922 1652 1991; x_wconf 81' lang='grc' dir='ltr'>ὑπηκόων</span> <span class='ocrx_word' id='word_1_154' title='bbox 1673 1923 1859 1991; x_wconf 82' lang='grc' dir='ltr'>φόροις</span> 
     </span>
    </p>
   </div>
   <div class='ocr_carea' id='block_1_23' title="bbox 273 2010 1860 2081">
    <p class='ocr_par' dir='ltr' id='par_1_23' title="bbox 273 2010 1860 2081">
     <span class='ocr_line' id='line_1_23' title="bbox 273 2010 1860 2081; baseline 0.004 -18"><span class='ocrx_word' id='word_1_155' title='bbox 273 2011 358 2071; x_wconf 84' lang='grc' dir='ltr'>εἰς</span> <span class='ocrx_word' id='word_1_156' title='bbox 386 2010 627 2073; x_wconf 80' lang='grc' dir='ltr'>ἐκείνους</span> <span class='ocrx_word' id='word_1_157' title='bbox 653 2013 1118 2081; x_wconf 85' lang='grc' dir='ltr'>συμμετέστησεν.</span> <span class='ocrx_word' id='word_1_158' title='bbox 1159 2014 1316 2081; x_wconf 82' lang='grc' dir='ltr'>Ἀγει</span> <span class='ocrx_word' id='word_1_159' title='bbox 1344 2013 1523 2067; x_wconf 72' lang='grc' dir='ltr'>τοίνυν</span> <span class='ocrx_word' id='word_1_160' title='bbox 1540 2015 1569 2065; x_wconf 92' lang='lat'><strong>6</strong></span> <span class='ocrx_word' id='word_1_161' title='bbox 1587 2014 1718 2076; x_wconf 85' lang='grc' dir='ltr'>Θεὸς</span> <span class='ocrx_word' id='word_1_162' title='bbox 1732 2017 1860 2079; x_wconf 76' lang='grc' dir='ltr'>τοὺς</span> 
     </span>
    </p>
   </div>
   <div class='ocr_carea' id='block_1_24' title="bbox 272 2100 1855 2178">
    <p class='ocr_par' dir='ltr' id='par_1_24' title="bbox 272 2100 1855 2178">
     <span class='ocr_line' id='line_1_24' title="bbox 272 2100 1855 2178; baseline 0.003 -25"><span class='ocrx_word' id='word_1_163' title='bbox 272 2100 493 2171; x_wconf 81' lang='grc' dir='ltr'>Πέρσας</span> <span class='ocrx_word' id='word_1_164' title='bbox 526 2102 607 2163; x_wconf 89' lang='grc' dir='ltr'><strong>είς</strong></span> <span class='ocrx_word' id='word_1_165' title='bbox 641 2100 1012 2172; x_wconf 79' lang='grc' dir='ltr'>προσκύνησιν</span> <span class='ocrx_word' id='word_1_166' title='bbox 1050 2102 1144 2156; x_wconf 69' lang='grc' dir='ltr'>τοῦ</span> <span class='ocrx_word' id='word_1_167' title='bbox 1180 2104 1444 2173; x_wconf 85' lang='grc' dir='ltr'>βασιλέως</span> <span class='ocrx_word' id='word_1_168' title='bbox 1470 2104 1565 2158; x_wconf 83' lang='grc' dir='ltr'>τοῦ</span> <span class='ocrx_word' id='word_1_169' title='bbox 1620 2106 1855 2178; x_wconf 81' lang='grc' dir='ltr'>Ἰσραὴλ,</span> 
     </span>
    </p>
   </div>
   <div class='ocr_carea' id='block_1_25' title="bbox 268 2191 1855 2267">
    <p class='ocr_par' dir='ltr' id='par_1_25' title="bbox 268 2191 1855 2267">
     <span class='ocr_line' id='line_1_25' title="bbox 268 2191 1855 2267; baseline 0.004 -20"><span class='ocrx_word' id='word_1_170' title='bbox 268 2194 333 2256; x_wconf 83' lang='grc' dir='ltr'>ὃς</span> <span class='ocrx_word' id='word_1_171' title='bbox 381 2195 496 2246; x_wconf 84' lang='grc' dir='ltr'>ἐστι</span> <span class='ocrx_word' id='word_1_172' title='bbox 543 2194 780 2264; x_wconf 82' lang='grc' dir='ltr'>Χριστὸς</span> <span class='ocrx_word' id='word_1_173' title='bbox 825 2197 853 2247; x_wconf 91' lang='lat'><strong>6</strong></span> <span class='ocrx_word' id='word_1_174' title='bbox 910 2194 1043 2258; x_wconf 81' lang='grc' dir='ltr'>Θεὸς</span> <span class='ocrx_word' id='word_1_175' title='bbox 1092 2197 1271 2267; x_wconf 88' lang='grc' dir='ltr'>ήμῶν,</span> <span class='ocrx_word' id='word_1_176' title='bbox 1325 2191 1477 2265; x_wconf 78' lang='grc' dir='ltr'>ᾧτινι</span> <span class='ocrx_word' id='word_1_177' title='bbox 1517 2201 1613 2253; x_wconf 75' lang='grc' dir='ltr'><strong>καὶ</strong></span> <span class='ocrx_word' id='word_1_178' title='bbox 1674 2202 1855 2254; x_wconf 84' lang='grc' dir='ltr'>ἀνεῖτο</span> 
     </span>
    </p>
   </div>
   <div class='ocr_carea' id='block_1_26' title="bbox 276 2282 1857 2356">
    <p class='ocr_par' dir='ltr' id='par_1_26' title="bbox 276 2282 1857 2356">
     <span class='ocr_line' id='line_1_26' title="bbox 276 2282 1857 2356; baseline 0.007 -23"><span class='ocrx_word' id='word_1_179' title='bbox 276 2282 380 2345; x_wconf 78' lang='grc' dir='ltr'><strong>μὲν</strong></span> <span class='ocrx_word' id='word_1_180' title='bbox 434 2284 490 2335; x_wconf 82' lang='grc' dir='ltr'><strong>ἐν</strong></span> <span class='ocrx_word' id='word_1_181' title='bbox 550 2282 947 2353; x_wconf 83' lang='grc' dir='ltr'>Ἱεροσολύμοις</span> <span class='ocrx_word' id='word_1_182' title='bbox 976 2285 1131 2348; x_wconf 88' lang='grc' dir='ltr'>νεὼς,</span> <span class='ocrx_word' id='word_1_183' title='bbox 1178 2288 1509 2356; x_wconf 82' lang='grc' dir='ltr'>ἀνεφέροντο</span> <span class='ocrx_word' id='word_1_184' title='bbox 1566 2288 1625 2341; x_wconf 79' lang='grc' dir='ltr'>δὲ</span> <span class='ocrx_word' id='word_1_185' title='bbox 1665 2290 1761 2343; x_wconf 78' lang='grc' dir='ltr'>καὶ</span> <span class='ocrx_word' id='word_1_186' title='bbox 1802 2293 1857 2344; x_wconf 77' lang='lat' dir='ltr'><strong>al</strong></span> 
     </span>
    </p>
   </div>
   <div class='ocr_carea' id='block_1_27' title="bbox 276 2373 1858 2451">
    <p class='ocr_par' dir='ltr' id='par_1_27' title="bbox 276 2373 1858 2451">
     <span class='ocr_line' id='line_1_27' title="bbox 276 2373 1858 2451; baseline 0.006 -26"><span class='ocrx_word' id='word_1_187' title='bbox 276 2373 614 2442; x_wconf 85' lang='grc' dir='ltr'>θυσίαι(89),</span> <span class='ocrx_word' id='word_1_188' title='bbox 648 2376 741 2427; x_wconf 71' lang='grc' dir='ltr'><strong>καὶ</strong></span> <span class='ocrx_word' id='word_1_189' title='bbox 770 2376 1022 2445; x_wconf 82' lang='grc' dir='ltr'>τρέχουσι</span> <span class='ocrx_word' id='word_1_190' title='bbox 1047 2376 1297 2447; x_wconf 78' lang='grc' dir='ltr'>δρομέως</span> <span class='ocrx_word' id='word_1_191' title='bbox 1319 2417 1334 2441; x_wconf 84' lang='grc'><strong>,</strong></span> <span class='ocrx_word' id='word_1_192' title='bbox 1358 2380 1453 2432; x_wconf 72' lang='grc' dir='ltr'><strong>καὶ</strong></span> <span class='ocrx_word' id='word_1_193' title='bbox 1481 2381 1858 2451; x_wconf 78' lang='grc' dir='ltr'>προσφέρουσι</span> 
     </span>
    </p>
   </div>
   <div class='ocr_carea' id='block_1_28' title="bbox 272 2465 1858 2544">
    <p class='ocr_par' dir='ltr' id='par_1_28' title="bbox 272 2465 1858 2544">
     <span class='ocr_line' id='line_1_28' title="bbox 272 2465 1858 2544; baseline 0.006 -27"><span class='ocrx_word' id='word_1_194' title='bbox 272 2466 400 2517; x_wconf 75' lang='grc' dir='ltr'>ἀντὶ</span> <span class='ocrx_word' id='word_1_195' title='bbox 433 2465 529 2533; x_wconf 83' lang='grc' dir='ltr'>μὲν</span> <span class='ocrx_word' id='word_1_196' title='bbox 547 2466 647 2534; x_wconf 83' lang='grc' dir='ltr'><strong>τῆς</strong></span> <span class='ocrx_word' id='word_1_197' title='bbox 674 2467 823 2536; x_wconf 83' lang='grc' dir='ltr'><strong>παρά</strong></span> <span class='ocrx_word' id='word_1_198' title='bbox 846 2468 953 2521; x_wconf 83' lang='grc' dir='ltr'><strong>τῶν</strong></span> <span class='ocrx_word' id='word_1_199' title='bbox 984 2468 1235 2538; x_wconf 79' lang='grc' dir='ltr'>πατέρων</span> <span class='ocrx_word' id='word_1_200' title='bbox 1268 2471 1450 2525; x_wconf 84' lang='grc' dir='ltr'>αὐτῶν</span> <span class='ocrx_word' id='word_1_201' title='bbox 1480 2474 1858 2544; x_wconf 81' lang='grc' dir='ltr'>γεγενημένης</span> 
     </span>
    </p>
   </div>
   <div class='ocr_carea' id='block_1_29' title="bbox 272 2556 1859 2633">
    <p class='ocr_par' dir='ltr' id='par_1_29' title="bbox 272 2556 1859 2633">
     <span class='ocr_line' id='line_1_29' title="bbox 272 2556 1859 2633; baseline 0.008 -27"><span class='ocrx_word' id='word_1_202' title='bbox 272 2556 358 2618; x_wconf 80' lang='grc' dir='ltr'>εἰς</span> <span class='ocrx_word' id='word_1_203' title='bbox 390 2556 459 2607; x_wconf 79' lang='grc' dir='ltr'>τὰ</span> <span class='ocrx_word' id='word_1_204' title='bbox 492 2557 613 2626; x_wconf 84' lang='grc' dir='ltr'>ἱερά</span> <span class='ocrx_word' id='word_1_205' title='bbox 655 2556 747 2609; x_wconf 77' lang='grc' dir='ltr'>τοῦ</span> <span class='ocrx_word' id='word_1_206' title='bbox 788 2558 923 2611; x_wconf 78' lang='grc' dir='ltr'>Θεοῦ</span> <span class='ocrx_word' id='word_1_207' title='bbox 980 2561 1203 2630; x_wconf 84' lang='grc' dir='ltr'>ἀτιμίας</span> <span class='ocrx_word' id='word_1_208' title='bbox 1235 2561 1421 2633; x_wconf 87' lang='grc' dir='ltr'>τιμὴν,</span> <span class='ocrx_word' id='word_1_209' title='bbox 1477 2564 1598 2616; x_wconf 75' lang='grc' dir='ltr'>ἀντὶ</span> <span class='ocrx_word' id='word_1_210' title='bbox 1643 2564 1699 2617; x_wconf 80' lang='grc' dir='ltr'>δὲ</span> <span class='ocrx_word' id='word_1_211' title='bbox 1749 2565 1859 2619; x_wconf 87' lang='grc' dir='ltr'><strong>τῶν</strong></span> 
     </span>
    </p>
   </div>
   <div class='ocr_carea' id='block_1_30' title="bbox 266 2644 1859 2727">
    <p class='ocr_par' dir='ltr' id='par_1_30' title="bbox 266 2644 1859 2727">
     <span class='ocr_line' id='line_1_30' title="bbox 266 2644 1859 2727; baseline 0.011 -29"><span class='ocrx_word' id='word_1_212' title='bbox 266 2644 599 2716; x_wconf 76' lang='grc' dir='ltr'>δυσφημιῶν</span> <span class='ocrx_word' id='word_1_213' title='bbox 658 2646 969 2716; x_wconf 87' lang='grc' dir='ltr'>θεολογίαν,</span> <span class='ocrx_word' id='word_1_214' title='bbox 1030 2652 1125 2704; x_wconf 76' lang='grc' dir='ltr'><strong>καὶ</strong></span> <span class='ocrx_word' id='word_1_215' title='bbox 1178 2654 1550 2724; x_wconf 85' lang='grc' dir='ltr'>προσκύνησιν</span> <span class='ocrx_word' id='word_1_216' title='bbox 1587 2656 1709 2709; x_wconf 84' lang='grc' dir='ltr'>ἀντὶ</span> <span class='ocrx_word' id='word_1_217' title='bbox 1756 2657 1859 2727; x_wconf 80' lang='grc' dir='ltr'><strong>τῆς</strong></span> 
     </span>
    </p>
   </div>
   <div class='ocr_carea' id='block_1_31' title="bbox 270 2737 1857 2818">
    <p class='ocr_par' dir='ltr' id='par_1_31' title="bbox 270 2737 1857 2818">
     <span class='ocr_line' id='line_1_31' title="bbox 270 2737 1857 2818; baseline 0.006 -27"><span class='ocrx_word' id='word_1_218' title='bbox 270 2737 443 2807; x_wconf 75' lang='grc' dir='ltr'>ἄλλης</span> <span class='ocrx_word' id='word_1_219' title='bbox 484 2740 792 2809; x_wconf 81' lang='grc' dir='ltr'>παροινίας,</span> <span class='ocrx_word' id='word_1_220' title='bbox 815 2740 936 2793; x_wconf 76' lang='grc' dir='ltr'>ἀντὶ</span> <span class='ocrx_word' id='word_1_221' title='bbox 960 2741 1017 2794; x_wconf 84' lang='grc' dir='ltr'><strong>δὲ</strong></span> <span class='ocrx_word' id='word_1_222' title='bbox 1045 2741 1150 2795; x_wconf 90' lang='grc' dir='ltr'><strong>τῶν</strong></span> <span class='ocrx_word' id='word_1_223' title='bbox 1173 2744 1667 2816; x_wconf 83' lang='grc' dir='ltr'>συλαγωγηθέντων</span> <span class='ocrx_word' id='word_1_224' title='bbox 1688 2746 1857 2818; x_wconf 88' lang='grc' dir='ltr'>δῶρα·</span> 
     </span>
    </p>
   </div>
   <div class='ocr_carea' id='block_1_32' title="bbox 268 2831 1856 2909">
    <p class='ocr_par' dir='ltr' id='par_1_32' title="bbox 268 2831 1856 2909">
     <span class='ocr_line' id='line_1_32' title="bbox 268 2831 1856 2909; baseline 0.006 -27"><span class='ocrx_word' id='word_1_225' title='bbox 268 2831 373 2900; x_wconf 84' lang='grc' dir='ltr'><strong>τῆς</strong></span> <span class='ocrx_word' id='word_1_226' title='bbox 407 2832 737 2902; x_wconf 83' lang='grc' dir='ltr'>προγονικῆς</span> <span class='ocrx_word' id='word_1_227' title='bbox 777 2831 965 2904; x_wconf 88' lang='grc' dir='ltr'>ῶσπερ</span> <span class='ocrx_word' id='word_1_228' title='bbox 1017 2834 1591 2907; x_wconf 85' lang='grc' dir='ltr'>ύπεραπολογούμενοι</span> <span class='ocrx_word' id='word_1_229' title='bbox 1630 2839 1856 2909; x_wconf 82' lang='grc' dir='ltr'>τόλμης,</span> 
     </span>
    </p>
   </div>
   <div class='ocr_carea' id='block_1_33' title="bbox 271 2921 1860 2997">
    <p class='ocr_par' dir='ltr' id='par_1_33' title="bbox 271 2921 1860 2997">
     <span class='ocr_line' id='line_1_33' title="bbox 271 2921 1860 2997; baseline 0.006 -24"><span class='ocrx_word' id='word_1_230' title='bbox 271 2922 373 2974; x_wconf 72' lang='grc' dir='ltr'><strong>καὶ</strong></span> <span class='ocrx_word' id='word_1_231' title='bbox 404 2921 501 2991; x_wconf 85' lang='grc' dir='ltr'><strong>τὴν</strong></span> <span class='ocrx_word' id='word_1_232' title='bbox 543 2923 875 2994; x_wconf 83' lang='grc' dir='ltr'>συγγνώμην</span> <span class='ocrx_word' id='word_1_233' title='bbox 910 2924 1141 2987; x_wconf 86' lang='grc' dir='ltr'>ἐκείνοις</span> <span class='ocrx_word' id='word_1_234' title='bbox 1181 2926 1268 2979; x_wconf 84' lang='grc' dir='ltr'><strong>διὰ</strong></span> <span class='ocrx_word' id='word_1_235' title='bbox 1303 2928 1403 2997; x_wconf 84' lang='grc' dir='ltr'><strong>τῆς</strong></span> <span class='ocrx_word' id='word_1_236' title='bbox 1447 2929 1654 2994; x_wconf 75' lang='grc' dir='ltr'>οἰκείας</span> <span class='ocrx_word' id='word_1_237' title='bbox 1695 2932 1860 2985; x_wconf 85' lang='grc' dir='ltr'>ἐκκα-</span> 
     </span>
    </p>
   </div>
   <div class='ocr_carea' id='block_1_34' title="bbox 1957 439 3536 513">
    <p class='ocr_par' dir='ltr' id='par_1_34' title="bbox 1957 439 3536 513">
     <span class='ocr_line' id='line_1_34' title="bbox 1957 439 3536 513; baseline 0.002 -21"><span class='ocrx_word' id='word_1_238' title='bbox 1957 439 2092 502; x_wconf 87' lang='lat' dir='ltr'><strong>illis,</strong></span> <span class='ocrx_word' id='word_1_239' title='bbox 2137 446 2194 494; x_wconf 83' lang='lat' dir='ltr'><strong>et</strong></span> <span class='ocrx_word' id='word_1_240' title='bbox 2236 440 2496 494; x_wconf 87' lang='lat' dir='ltr'><strong>satellitio</strong></span> <span class='ocrx_word' id='word_1_241' title='bbox 2541 442 2691 507; x_wconf 67' lang='lat' dir='ltr'><strong>regio</strong></span> <span class='ocrx_word' id='word_1_242' title='bbox 2743 443 3000 512; x_wconf 90' lang='lat' dir='ltr'><strong>stipatus.</strong></span> <span class='ocrx_word' id='word_1_243' title='bbox 3047 446 3318 509; x_wconf 77' lang='lat' dir='ltr'><strong>Quoniam</strong></span> <span class='ocrx_word' id='word_1_244' title='bbox 3370 460 3536 513; x_wconf 86' lang='lat' dir='ltr'><strong>porro</strong></span> 
     </span>
    </p>
   </div>
   <div class='ocr_carea' id='block_1_35' title="bbox 1955 534 3539 603">
    <p class='ocr_par' dir='ltr' id='par_1_35' title="bbox 1955 534 3539 603">
     <span class='ocr_line' id='line_1_35' title="bbox 1955 534 3539 603; baseline 0.004 -17"><span class='ocrx_word' id='word_1_245' title='bbox 1955 534 2084 588; x_wconf 87' lang='lat' dir='ltr'><strong>inde</strong></span> <span class='ocrx_word' id='word_1_246' title='bbox 2133 534 2481 589; x_wconf 81' lang='lat' dir='ltr'><strong>Abrahamus</strong></span> <span class='ocrx_word' id='word_1_247' title='bbox 2527 536 2835 603; x_wconf 74' lang='lat' dir='ltr'><strong>patriarcha</strong></span> <span class='ocrx_word' id='word_1_248' title='bbox 2901 537 3165 592; x_wconf 89' lang='lat' dir='ltr'><strong>oriundus</strong></span> <span class='ocrx_word' id='word_1_249' title='bbox 3215 540 3379 593; x_wconf 88' lang='lat' dir='ltr'><strong>etiam</strong></span> <span class='ocrx_word' id='word_1_250' title='bbox 3435 538 3539 593; x_wconf 74' lang='lat' dir='ltr'><strong>fuit</strong></span> 
     </span>
    </p>
   </div>
   <div class='ocr_carea' id='block_1_36' title="bbox 1961 627 3537 699">
    <p class='ocr_par' dir='ltr' id='par_1_36' title="bbox 1961 627 3537 699">
     <span class='ocr_line' id='line_1_36' title="bbox 1961 627 3537 699; baseline 0 -18"><span class='ocrx_word' id='word_1_251' title='bbox 1961 628 2050 697; x_wconf 93' lang='lat' dir='ltr'><strong>(is</strong></span> <span class='ocrx_word' id='word_1_252' title='bbox 2092 628 2265 691; x_wconf 87' lang='lat' dir='ltr'><strong>enim,</strong></span> <span class='ocrx_word' id='word_1_253' title='bbox 2314 642 2379 681; x_wconf 81' lang='lat' dir='ltr'><strong>ex</strong></span> <span class='ocrx_word' id='word_1_254' title='bbox 2411 627 2795 682; x_wconf 65' lang='lat' dir='ltr'><strong>Chaldworum</strong></span> <span class='ocrx_word' id='word_1_255' title='bbox 2842 629 3065 699; x_wconf 79' lang='lat' dir='ltr'><strong>regione</strong></span> <span class='ocrx_word' id='word_1_256' title='bbox 3122 630 3361 699; x_wconf 88' lang='lat' dir='ltr'><strong>primum</strong></span> <span class='ocrx_word' id='word_1_257' title='bbox 3405 646 3537 699; x_wconf 88' lang='lat' dir='ltr'><strong>pro-</strong></span> 
     </span>
    </p>
   </div>
   <div class='ocr_carea' id='block_1_37' title="bbox 1956 717 3536 791">
    <p class='ocr_par' dir='ltr' id='par_1_37' title="bbox 1956 717 3536 791">
     <span class='ocr_line' id='line_1_37' title="bbox 1956 717 3536 791; baseline 0.001 -19"><span class='ocrx_word' id='word_1_258' title='bbox 1956 717 2157 782; x_wconf 80' lang='lat' dir='ltr'><strong>fectus,</strong></span> <span class='ocrx_word' id='word_1_259' title='bbox 2198 718 2366 772; x_wconf 85' lang='lat' dir='ltr'><strong>divini</strong></span> <span class='ocrx_word' id='word_1_260' title='bbox 2392 718 2648 773; x_wconf 81' lang='lat' dir='ltr'><strong>Numinis</strong></span> <span class='ocrx_word' id='word_1_261' title='bbox 2696 719 3062 788; x_wconf 76' lang='lat' dir='ltr'><strong>cognitionem</strong></span> <span class='ocrx_word' id='word_1_262' title='bbox 3092 721 3304 788; x_wconf 87' lang='lat' dir='ltr'><strong>publice</strong></span> <span class='ocrx_word' id='word_1_263' title='bbox 3350 722 3536 791; x_wconf 81' lang='lat' dir='ltr'><strong>arsit),</strong></span> 
     </span>
    </p>
   </div>
   <div class='ocr_carea' id='block_1_38' title="bbox 1958 810 3538 881">
    <p class='ocr_par' dir='ltr' id='par_1_38' title="bbox 1958 810 3538 881">
     <span class='ocr_line' id='line_1_38' title="bbox 1958 810 3538 881; baseline 0.004 -19"><span class='ocrx_word' id='word_1_264' title='bbox 1958 819 2243 881; x_wconf 90' lang='lat' dir='ltr'><strong>propterea</strong></span> <span class='ocrx_word' id='word_1_265' title='bbox 2272 818 2327 863; x_wconf 89' lang='lat' dir='ltr'><strong>et</strong></span> <span class='ocrx_word' id='word_1_266' title='bbox 2358 810 2437 864; x_wconf 88' lang='lat' dir='ltr'><strong>illi</strong></span> <span class='ocrx_word' id='word_1_267' title='bbox 2473 811 2635 879; x_wconf 88' lang='lat' dir='ltr'><strong>primi</strong></span> <span class='ocrx_word' id='word_1_268' title='bbox 2666 812 2910 864; x_wconf 90' lang='lat' dir='ltr'><strong>omnium</strong></span> <span class='ocrx_word' id='word_1_269' title='bbox 2939 812 3160 865; x_wconf 83' lang='lat' dir='ltr'><strong>excitati</strong></span> <span class='ocrx_word' id='word_1_270' title='bbox 3189 824 3337 878; x_wconf 90' lang='lat' dir='ltr'><strong>sunt,</strong></span> <span class='ocrx_word' id='word_1_271' title='bbox 3377 824 3439 867; x_wconf 91' lang='lat' dir='ltr'><strong>ut</strong></span> <span class='ocrx_word' id='word_1_272' title='bbox 3471 830 3538 868; x_wconf 75' lang='lat' dir='ltr'><strong>ex</strong></span> 
     </span>
    </p>
   </div>
   <div class='ocr_carea' id='block_1_39' title="bbox 1959 900 3534 969">
    <p class='ocr_par' dir='ltr' id='par_1_39' title="bbox 1959 900 3534 969">
     <span class='ocr_line' id='line_1_39' title="bbox 1959 900 3534 969; baseline 0.003 -16"><span class='ocrx_word' id='word_1_273' title='bbox 1959 900 2151 954; x_wconf 89' lang='lat' dir='ltr'><strong>eadem</strong></span> <span class='ocrx_word' id='word_1_274' title='bbox 2191 902 2412 969; x_wconf 80' lang='lat' dir='ltr'><strong>regione</strong></span> <span class='ocrx_word' id='word_1_275' title='bbox 2466 902 2532 954; x_wconf 90' lang='lat' dir='ltr'><strong>ad</strong></span> <span class='ocrx_word' id='word_1_276' title='bbox 2564 902 2773 955; x_wconf 89' lang='lat' dir='ltr'><strong>cultum</strong></span> <span class='ocrx_word' id='word_1_277' title='bbox 2819 902 3093 955; x_wconf 86' lang='lat' dir='ltr'><strong>Salvatori</strong></span> <span class='ocrx_word' id='word_1_278' title='bbox 3137 904 3534 969; x_wconf 71' lang='lat' dir='ltr'><strong>praestandum,</strong></span> 
     </span>
    </p>
   </div>
   <div class='ocr_carea' id='block_1_40' title="bbox 1961 996 3537 1065">
    <p class='ocr_par' dir='ltr' id='par_1_40' title="bbox 1961 996 3537 1065">
     <span class='ocr_line' id='line_1_40' title="bbox 1961 996 3537 1065; baseline 0.001 -15"><span class='ocrx_word' id='word_1_279' title='bbox 1961 996 2299 1059; x_wconf 86' lang='lat' dir='ltr'><strong>advolarent,</strong></span> <span class='ocrx_word' id='word_1_280' title='bbox 2351 997 2869 1065; x_wconf 82' lang='lat' dir='ltr'><strong>sapientissimaque</strong></span> <span class='ocrx_word' id='word_1_281' title='bbox 2915 999 3031 1051; x_wconf 76' lang='lat' dir='ltr'><strong>haec</strong></span> <span class='ocrx_word' id='word_1_282' title='bbox 3070 1011 3258 1051; x_wconf 88' lang='lat' dir='ltr'><strong>rerum</strong></span> <span class='ocrx_word' id='word_1_283' title='bbox 3303 998 3537 1052; x_wconf 85' lang='lat' dir='ltr'><strong>directio</strong></span> 
     </span>
    </p>
   </div>
   <div class='ocr_carea' id='block_1_41' title="bbox 1960 1087 3541 1160">
    <p class='ocr_par' dir='ltr' id='par_1_41' title="bbox 1960 1087 3541 1160">
     <span class='ocr_line' id='line_1_41' title="bbox 1960 1087 3541 1160; baseline 0.001 -18"><span class='ocrx_word' id='word_1_284' title='bbox 1960 1090 2248 1158; x_wconf 85' lang='lat' dir='ltr'><strong>perspicue</strong></span> <span class='ocrx_word' id='word_1_285' title='bbox 2285 1088 2616 1158; x_wconf 74' lang='lat' dir='ltr'><strong>signiﬁcaret</strong></span> <span class='ocrx_word' id='word_1_286' title='bbox 2648 1087 2900 1143; x_wconf 90' lang='lat' dir='ltr'><strong>eumdem</strong></span> <span class='ocrx_word' id='word_1_287' title='bbox 2932 1105 3072 1153; x_wconf 89' lang='lat' dir='ltr'><strong>esse,</strong></span> <span class='ocrx_word' id='word_1_288' title='bbox 3130 1092 3226 1160; x_wconf 88' lang='lat' dir='ltr'><strong>qui</strong></span> <span class='ocrx_word' id='word_1_289' title='bbox 3258 1100 3311 1144; x_wconf 89' lang='lat' dir='ltr'><strong>et</strong></span> <span class='ocrx_word' id='word_1_290' title='bbox 3338 1100 3464 1143; x_wconf 91' lang='lat' dir='ltr'><strong>tunc</strong></span> <span class='ocrx_word' id='word_1_291' title='bbox 3488 1103 3541 1143; x_wconf 91' lang='lat' dir='ltr'><strong>et</strong></span> 
     </span>
    </p>
   </div>
   <div class='ocr_carea' id='block_1_42' title="bbox 1962 1181 3544 1252">
    <p class='ocr_par' dir='ltr' id='par_1_42' title="bbox 1962 1181 3544 1252">
     <span class='ocr_line' id='line_1_42' title="bbox 1962 1181 3544 1252; baseline 0 -19"><span class='ocrx_word' id='word_1_292' title='bbox 1962 1196 2109 1235; x_wconf 88' lang='lat' dir='ltr'><strong>nunc</strong></span> <span class='ocrx_word' id='word_1_293' title='bbox 2136 1191 2478 1249; x_wconf 86' lang='lat' dir='ltr'><strong>operaretur,</strong></span> <span class='ocrx_word' id='word_1_294' title='bbox 2508 1188 2638 1234; x_wconf 91' lang='lat' dir='ltr'><strong>tunc</strong></span> <span class='ocrx_word' id='word_1_295' title='bbox 2670 1182 2893 1250; x_wconf 84' lang='lat' dir='ltr'><strong>quidem</strong></span> <span class='ocrx_word' id='word_1_296' title='bbox 2927 1181 2979 1234; x_wconf 92' lang='lat' dir='ltr'><strong>in</strong></span> <span class='ocrx_word' id='word_1_297' title='bbox 3019 1183 3182 1252; x_wconf 81' lang='lat' dir='ltr'><strong>typis,</strong></span> <span class='ocrx_word' id='word_1_298' title='bbox 3227 1198 3375 1235; x_wconf 86' lang='lat' dir='ltr'><strong>nunc</strong></span> <span class='ocrx_word' id='word_1_299' title='bbox 3414 1197 3544 1235; x_wconf 89' lang='lat' dir='ltr'><strong>vero</strong></span> 
     </span>
    </p>
   </div>
   <div class='ocr_carea' id='block_1_43' title="bbox 1961 1270 3543 1342">
    <p class='ocr_par' dir='ltr' id='par_1_43' title="bbox 1961 1270 3543 1342">
     <span class='ocr_line' id='line_1_43' title="bbox 1961 1270 3543 1342; baseline 0.001 -17"><span class='ocrx_word' id='word_1_300' title='bbox 1961 1287 2020 1326; x_wconf 90' lang='lat' dir='ltr'><strong>re</strong></span> <span class='ocrx_word' id='word_1_301' title='bbox 2068 1271 2184 1341; x_wconf 86' lang='lat' dir='ltr'><strong>ipsa</strong></span> <span class='ocrx_word' id='word_1_302' title='bbox 2219 1279 2273 1325; x_wconf 91' lang='lat' dir='ltr'><strong>et</strong></span> <span class='ocrx_word' id='word_1_303' title='bbox 2306 1287 2489 1341; x_wconf 88' lang='lat' dir='ltr'><strong>opere.</strong></span> <span class='ocrx_word' id='word_1_304' title='bbox 2522 1270 2579 1325; x_wconf 89' lang='lat' dir='ltr'><strong>Si</strong></span> <span class='ocrx_word' id='word_1_305' title='bbox 2627 1273 2750 1342; x_wconf 91' lang='lat' dir='ltr'><strong>quis</strong></span> <span class='ocrx_word' id='word_1_306' title='bbox 2800 1272 2872 1326; x_wconf 92' lang='lat' dir='ltr'><strong>ita</strong></span> <span class='ocrx_word' id='word_1_307' title='bbox 2909 1283 3135 1338; x_wconf 82' lang='lat' dir='ltr'><strong>statuat,</strong></span> <span class='ocrx_word' id='word_1_308' title='bbox 3195 1289 3297 1329; x_wconf 90' lang='lat' dir='ltr'><strong>nec</strong></span> <span class='ocrx_word' id='word_1_309' title='bbox 3338 1274 3484 1327; x_wconf 89' lang='lat' dir='ltr'><strong>hunc</strong></span> <span class='ocrx_word' id='word_1_310' title='bbox 3511 1288 3543 1326; x_wconf 91' lang='lat' dir='ltr'><strong>a</strong></span> 
     </span>
    </p>
   </div>
   <div class='ocr_carea' id='block_1_44' title="bbox 1962 1363 3545 1435">
    <p class='ocr_par' dir='ltr' id='par_1_44' title="bbox 1962 1363 3545 1435">
     <span class='ocr_line' id='line_1_44' title="bbox 1962 1363 3545 1435; baseline 0.003 -19"><span class='ocrx_word' id='word_1_311' title='bbox 1962 1374 2112 1419; x_wconf 84' lang='lat' dir='ltr'><strong>recto</strong></span> <span class='ocrx_word' id='word_1_312' title='bbox 2134 1364 2343 1433; x_wconf 86' lang='lat' dir='ltr'><strong>judicio</strong></span> <span class='ocrx_word' id='word_1_313' title='bbox 2375 1364 2679 1435; x_wconf 90' lang='lat' dir='ltr'><strong>putaverim</strong></span> <span class='ocrx_word' id='word_1_314' title='bbox 2711 1369 2987 1422; x_wconf 84' lang='lat' dir='ltr'><strong>aberrare.</strong></span> <span class='ocrx_word' id='word_1_315' title='bbox 3014 1363 3135 1419; x_wconf 84' lang='lat' dir='ltr'><strong>Jam</strong></span> <span class='ocrx_word' id='word_1_316' title='bbox 3184 1380 3317 1419; x_wconf 90' lang='lat' dir='ltr'><strong>vero</strong></span> <span class='ocrx_word' id='word_1_317' title='bbox 3348 1375 3403 1420; x_wconf 85' lang='lat' dir='ltr'><strong>et</strong></span> <span class='ocrx_word' id='word_1_318' title='bbox 3440 1366 3545 1420; x_wconf 88' lang='lat' dir='ltr'><strong>hoc</strong></span> 
     </span>
    </p>
   </div>
   <div class='ocr_carea' id='block_1_45' title="bbox 1963 1454 3545 1528">
    <p class='ocr_par' dir='ltr' id='par_1_45' title="bbox 1963 1454 3545 1528">
     <span class='ocr_line' id='line_1_45' title="bbox 1963 1454 3545 1528; baseline 0.001 -21"><span class='ocrx_word' id='word_1_319' title='bbox 1963 1455 2133 1510; x_wconf 83' lang='lat' dir='ltr'><strong>velim</strong></span> <span class='ocrx_word' id='word_1_320' title='bbox 2190 1457 2491 1525; x_wconf 79' lang='lat' dir='ltr'><strong>expendas.</strong></span> <span class='ocrx_word' id='word_1_321' title='bbox 2541 1456 2896 1528; x_wconf 81' lang='lat' dir='ltr'><strong>Assyriorum</strong></span> <span class='ocrx_word' id='word_1_322' title='bbox 2950 1472 3106 1525; x_wconf 85' lang='lat' dir='ltr'><strong>reges</strong></span> <span class='ocrx_word' id='word_1_323' title='bbox 3166 1454 3545 1528; x_wconf 83' lang='lat' dir='ltr'><strong>Hierosolyma</strong></span> 
     </span>
    </p>
   </div>
   <div class='ocr_carea' id='block_1_46' title="bbox 1965 1548 3545 1619">
    <p class='ocr_par' dir='ltr' id='par_1_46' title="bbox 1965 1548 3545 1619">
     <span class='ocr_line' id='line_1_46' title="bbox 1965 1548 3545 1619; baseline -0.001 -16"><span class='ocrx_word' id='word_1_324' title='bbox 1965 1564 2108 1619; x_wconf 84' lang='lat' dir='ltr'><strong>saepe</strong></span> <span class='ocrx_word' id='word_1_325' title='bbox 2140 1557 2550 1619; x_wconf 74' lang='lat' dir='ltr'><strong>expugnarunt,</strong></span> <span class='ocrx_word' id='word_1_326' title='bbox 2590 1549 2910 1619; x_wconf 86' lang='lat' dir='ltr'><strong>templique,</strong></span> <span class='ocrx_word' id='word_1_327' title='bbox 2952 1548 3062 1603; x_wconf 90' lang='lat' dir='ltr'><strong>Deo</strong></span> <span class='ocrx_word' id='word_1_328' title='bbox 3107 1550 3273 1612; x_wconf 85' lang='lat' dir='ltr'><strong>sacri,</strong></span> <span class='ocrx_word' id='word_1_329' title='bbox 3324 1549 3545 1603; x_wconf 86' lang='lat' dir='ltr'><strong>cimelia</strong></span> 
     </span>
    </p>
   </div>
   <div class='ocr_carea' id='block_1_47' title="bbox 1967 1641 3544 1711">
    <p class='ocr_par' dir='ltr' id='par_1_47' title="bbox 1967 1641 3544 1711">
     <span class='ocr_line' id='line_1_47' title="bbox 1967 1641 3544 1711; baseline -0.001 -17"><span class='ocrx_word' id='word_1_330' title='bbox 1967 1641 2330 1706; x_wconf 85' lang='lat' dir='ltr'><strong>abstulerunt,</strong></span> <span class='ocrx_word' id='word_1_331' title='bbox 2355 1642 2534 1711; x_wconf 89' lang='lat' dir='ltr'><strong>ipsum</strong></span> <span class='ocrx_word' id='word_1_332' title='bbox 2556 1642 2827 1696; x_wconf 88' lang='lat' dir='ltr'><strong>interdum</strong></span> <span class='ocrx_word' id='word_1_333' title='bbox 2854 1642 3115 1711; x_wconf 87' lang='lat' dir='ltr'><strong>templum</strong></span> <span class='ocrx_word' id='word_1_334' title='bbox 3141 1642 3281 1711; x_wconf 78' lang='lat' dir='ltr'><strong>ignis</strong></span> <span class='ocrx_word' id='word_1_335' title='bbox 3304 1642 3544 1711; x_wconf 75' lang='lat' dir='ltr'><strong>praedam</strong></span> 
     </span>
    </p>
   </div>
   <div class='ocr_carea' id='block_1_48' title="bbox 1964 1733 3543 1804">
    <p class='ocr_par' dir='ltr' id='par_1_48' title="bbox 1964 1733 3543 1804">
     <span class='ocr_line' id='line_1_48' title="bbox 1964 1733 3543 1804; baseline -0.001 -17"><span class='ocrx_word' id='word_1_336' title='bbox 1964 1733 2248 1796; x_wconf 75' lang='lat' dir='ltr'><strong>facientes,</strong></span> <span class='ocrx_word' id='word_1_337' title='bbox 2285 1742 2344 1787; x_wconf 91' lang='lat' dir='ltr'><strong>ut</strong></span> <span class='ocrx_word' id='word_1_338' title='bbox 2378 1734 2531 1804; x_wconf 87' lang='lat' dir='ltr'><strong>plura</strong></span> <span class='ocrx_word' id='word_1_339' title='bbox 2556 1734 2660 1787; x_wconf 87' lang='lat' dir='ltr'><strong>alia</strong></span> <span class='ocrx_word' id='word_1_340' title='bbox 2686 1742 2918 1799; x_wconf 81' lang='lat' dir='ltr'><strong>taceam,</strong></span> <span class='ocrx_word' id='word_1_341' title='bbox 2947 1749 3068 1802; x_wconf 69' lang='lat' dir='ltr'><strong>quae</strong></span> <span class='ocrx_word' id='word_1_342' title='bbox 3102 1734 3173 1788; x_wconf 88' lang='lat' dir='ltr'><strong>de</strong></span> <span class='ocrx_word' id='word_1_343' title='bbox 3205 1734 3289 1788; x_wconf 88' lang='lat' dir='ltr'><strong>his</strong></span> <span class='ocrx_word' id='word_1_344' title='bbox 3314 1734 3543 1787; x_wconf 86' lang='lat' dir='ltr'><strong>historia</strong></span> 
     </span>
    </p>
   </div>
   <div class='ocr_carea' id='block_1_49' title="bbox 1963 1824 3543 1897">
    <p class='ocr_par' dir='ltr' id='par_1_49' title="bbox 1963 1824 3543 1897">
     <span class='ocr_line' id='line_1_49' title="bbox 1963 1824 3543 1897; baseline -0.001 -17"><span class='ocrx_word' id='word_1_345' title='bbox 1963 1826 2149 1880; x_wconf 84' lang='lat' dir='ltr'><strong>tradit.</strong></span> <span class='ocrx_word' id='word_1_346' title='bbox 2204 1826 2400 1881; x_wconf 85' lang='lat' dir='ltr'><strong>Postea</strong></span> <span class='ocrx_word' id='word_1_347' title='bbox 2457 1827 2812 1897; x_wconf 84' lang='lat' dir='ltr'><strong>Assyriorum</strong></span> <span class='ocrx_word' id='word_1_348' title='bbox 2872 1825 3165 1895; x_wconf 84' lang='lat' dir='ltr'><strong>imperium</strong></span> <span class='ocrx_word' id='word_1_349' title='bbox 3218 1826 3283 1878; x_wconf 85' lang='lat' dir='ltr'><strong>ad</strong></span> <span class='ocrx_word' id='word_1_350' title='bbox 3344 1824 3543 1880; x_wconf 87' lang='lat' dir='ltr'><strong>Persas</strong></span> 
     </span>
    </p>
   </div>
   <div class='ocr_carea' id='block_1_50' title="bbox 1963 1917 3541 1989">
    <p class='ocr_par' dir='ltr' id='par_1_50' title="bbox 1963 1917 3541 1989">
     <span class='ocr_line' id='line_1_50' title="bbox 1963 1917 3541 1989; baseline 0 -18"><span class='ocrx_word' id='word_1_351' title='bbox 1963 1920 2236 1988; x_wconf 87' lang='lat' dir='ltr'><strong>pervenit,</strong></span> <span class='ocrx_word' id='word_1_352' title='bbox 2263 1934 2567 1989; x_wconf 89' lang='lat' dir='ltr'><strong>onmesque</strong></span> <span class='ocrx_word' id='word_1_353' title='bbox 2593 1934 2785 1972; x_wconf 89' lang='lat' dir='ltr'><strong>eorum</strong></span> <span class='ocrx_word' id='word_1_354' title='bbox 2814 1932 2967 1987; x_wconf 89' lang='lat' dir='ltr'><strong>opes,</strong></span> <span class='ocrx_word' id='word_1_355' title='bbox 2989 1933 3113 1984; x_wconf 75' lang='lat' dir='ltr'><strong>quae</strong></span> <span class='ocrx_word' id='word_1_356' title='bbox 3134 1917 3218 1971; x_wconf 89' lang='lat' dir='ltr'><strong>vel</strong></span> <span class='ocrx_word' id='word_1_357' title='bbox 3249 1919 3301 1970; x_wconf 89' lang='lat' dir='ltr'><strong>in</strong></span> <span class='ocrx_word' id='word_1_358' title='bbox 3329 1918 3541 1987; x_wconf 87' lang='lat' dir='ltr'><strong>spoliis,</strong></span> 
     </span>
    </p>
   </div>
   <div class='ocr_carea' id='block_1_51' title="bbox 1961 2012 3544 2083">
    <p class='ocr_par' dir='ltr' id='par_1_51' title="bbox 1961 2012 3544 2083">
     <span class='ocr_line' id='line_1_51' title="bbox 1961 2012 3544 2083; baseline 0.001 -19"><span class='ocrx_word' id='word_1_359' title='bbox 1961 2014 2047 2067; x_wconf 88' lang='lat' dir='ltr'><strong>vel</strong></span> <span class='ocrx_word' id='word_1_360' title='bbox 2094 2013 2149 2067; x_wconf 92' lang='lat' dir='ltr'><strong>in</strong></span> <span class='ocrx_word' id='word_1_361' title='bbox 2205 2014 2580 2083; x_wconf 88' lang='lat' dir='ltr'><strong>subjectorum</strong></span> <span class='ocrx_word' id='word_1_362' title='bbox 2628 2013 2852 2067; x_wconf 83' lang='lat' dir='ltr'><strong>tributis</strong></span> <span class='ocrx_word' id='word_1_363' title='bbox 2902 2013 3091 2082; x_wconf 67' lang='lat' dir='ltr'><strong>positae</strong></span> <span class='ocrx_word' id='word_1_364' title='bbox 3132 2018 3309 2075; x_wconf 87' lang='lat' dir='ltr'><strong>erant,</strong></span> <span class='ocrx_word' id='word_1_365' title='bbox 3352 2012 3417 2064; x_wconf 86' lang='lat' dir='ltr'><strong>ad</strong></span> <span class='ocrx_word' id='word_1_366' title='bbox 3446 2026 3544 2065; x_wconf 87' lang='lat' dir='ltr'><strong>eos</strong></span> 
     </span>
    </p>
   </div>
   <div class='ocr_carea' id='block_1_52' title="bbox 1963 2104 3545 2175">
    <p class='ocr_par' dir='ltr' id='par_1_52' title="bbox 1963 2104 3545 2175">
     <span class='ocr_line' id='line_1_52' title="bbox 1963 2104 3545 2175; baseline -0.002 -16"><span class='ocrx_word' id='word_1_367' title='bbox 1963 2108 2463 2163; x_wconf 80' lang='lat' dir='ltr'><strong>transferebantur.</strong></span> <span class='ocrx_word' id='word_1_368' title='bbox 2525 2108 2669 2162; x_wconf 81' lang='lat' dir='ltr'><strong>Deus</strong></span> <span class='ocrx_word' id='word_1_369' title='bbox 2719 2107 2900 2175; x_wconf 82' lang='lat' dir='ltr'><strong>itaque</strong></span> <span class='ocrx_word' id='word_1_370' title='bbox 2958 2104 3157 2160; x_wconf 83' lang='lat' dir='ltr'><strong>Persas</strong></span> <span class='ocrx_word' id='word_1_371' title='bbox 3214 2105 3418 2159; x_wconf 80' lang='lat' dir='ltr'><strong>excitat</strong></span> <span class='ocrx_word' id='word_1_372' title='bbox 3476 2104 3545 2157; x_wconf 86' lang='lat' dir='ltr'><strong>ad</strong></span> 
     </span>
    </p>
   </div>
   <div class='ocr_carea' id='block_1_53' title="bbox 1963 2194 3545 2269">
    <p class='ocr_par' dir='ltr' id='par_1_53' title="bbox 1963 2194 3545 2269">
     <span class='ocr_line' id='line_1_53' title="bbox 1963 2194 3545 2269; baseline -0.004 -14"><span class='ocrx_word' id='word_1_373' title='bbox 1963 2201 2340 2255; x_wconf 89' lang='lat' dir='ltr'><strong>adorationem</strong></span> <span class='ocrx_word' id='word_1_374' title='bbox 2376 2199 2540 2269; x_wconf 74' lang='lat' dir='ltr'><strong>Regis</strong></span> <span class='ocrx_word' id='word_1_375' title='bbox 2568 2199 2809 2261; x_wconf 86' lang='lat' dir='ltr'><strong>lsraclis,</strong></span> <span class='ocrx_word' id='word_1_376' title='bbox 2840 2198 2933 2268; x_wconf 86' lang='lat' dir='ltr'><strong>qui</strong></span> <span class='ocrx_word' id='word_1_377' title='bbox 2964 2207 3049 2251; x_wconf 88' lang='lat' dir='ltr'><strong>est</strong></span> <span class='ocrx_word' id='word_1_378' title='bbox 3076 2197 3363 2257; x_wconf 87' lang='lat' dir='ltr'><strong>Christus,</strong></span> <span class='ocrx_word' id='word_1_379' title='bbox 3399 2194 3545 2249; x_wconf 88' lang='lat' dir='ltr'><strong>Deus</strong></span> 
     </span>
    </p>
   </div>
   <div class='ocr_carea' id='block_1_54' title="bbox 1963 2292 3542 2363">
    <p class='ocr_par' dir='ltr' id='par_1_54' title="bbox 1963 2292 3542 2363">
     <span class='ocr_line' id='line_1_54' title="bbox 1963 2292 3542 2363; baseline -0.003 -16"><span class='ocrx_word' id='word_1_380' title='bbox 1963 2302 2170 2357; x_wconf 79' lang='lat' dir='ltr'><strong>noster,</strong></span> <span class='ocrx_word' id='word_1_381' title='bbox 2201 2294 2289 2348; x_wconf 90' lang='lat' dir='ltr'><strong>cui</strong></span> <span class='ocrx_word' id='word_1_382' title='bbox 2320 2303 2375 2348; x_wconf 85' lang='lat' dir='ltr'><strong>et</strong></span> <span class='ocrx_word' id='word_1_383' title='bbox 2404 2294 2665 2362; x_wconf 89' lang='lat' dir='ltr'><strong>templum</strong></span> <span class='ocrx_word' id='word_1_384' title='bbox 2708 2292 3101 2363; x_wconf 81' lang='lat' dir='ltr'><strong>Hierosolymis</strong></span> <span class='ocrx_word' id='word_1_385' title='bbox 3133 2300 3377 2345; x_wconf 89' lang='lat' dir='ltr'><strong>erectum</strong></span> <span class='ocrx_word' id='word_1_386' title='bbox 3403 2301 3542 2354; x_wconf 86' lang='lat' dir='ltr'><strong>erat,</strong></span> 
     </span>
    </p>
   </div>
   <div class='ocr_carea' id='block_1_55' title="bbox 1961 2385 3543 2443">
    <p class='ocr_par' dir='ltr' id='par_1_55' title="bbox 1961 2385 3543 2443">
     <span class='ocr_line' id='line_1_55' title="bbox 1961 2385 3543 2443; baseline -0.004 -1"><span class='ocrx_word' id='word_1_387' title='bbox 1961 2398 2015 2442; x_wconf 87' lang='lat' dir='ltr'><strong>et</strong></span> <span class='ocrx_word' id='word_1_388' title='bbox 2042 2386 2313 2443; x_wconf 87' lang='lat' dir='ltr'><strong>sacriﬁcia</strong></span> <span class='ocrx_word' id='word_1_389' title='bbox 2348 2386 2739 2440; x_wconf 68' lang='lat' dir='ltr'><strong>offerebantur.</strong></span> <span class='ocrx_word' id='word_1_390' title='bbox 2771 2385 2851 2439; x_wconf 89' lang='lat' dir='ltr'><strong>llli</strong></span> <span class='ocrx_word' id='word_1_391' title='bbox 2894 2385 3063 2439; x_wconf 88' lang='lat' dir='ltr'><strong>citato</strong></span> <span class='ocrx_word' id='word_1_392' title='bbox 3100 2400 3266 2439; x_wconf 88' lang='lat' dir='ltr'><strong>cursu</strong></span> <span class='ocrx_word' id='word_1_393' title='bbox 3299 2386 3366 2438; x_wconf 90' lang='lat' dir='ltr'><strong>ad</strong></span> <span class='ocrx_word' id='word_1_394' title='bbox 3414 2399 3543 2437; x_wconf 89' lang='lat' dir='ltr'><strong>eum</strong></span> 
     </span>
    </p>
   </div>
   <div class='ocr_carea' id='block_1_56' title="bbox 1964 2475 3540 2546">
    <p class='ocr_par' dir='ltr' id='par_1_56' title="bbox 1964 2475 3540 2546">
     <span class='ocr_line' id='line_1_56' title="bbox 1964 2475 3540 2546; baseline -0.004 -13"><span class='ocrx_word' id='word_1_395' title='bbox 1964 2478 2236 2541; x_wconf 78' lang='lat' dir='ltr'><strong>feruntur,</strong></span> <span class='ocrx_word' id='word_1_396' title='bbox 2270 2477 2429 2545; x_wconf 88' lang='lat' dir='ltr'><strong>eique</strong></span> <span class='ocrx_word' id='word_1_397' title='bbox 2465 2490 2565 2546; x_wconf 87' lang='lat' dir='ltr'><strong>pro</strong></span> <span class='ocrx_word' id='word_1_398' title='bbox 2596 2476 2838 2546; x_wconf 86' lang='lat' dir='ltr'><strong>probris,</strong></span> <span class='ocrx_word' id='word_1_399' title='bbox 2885 2490 2915 2529; x_wconf 88' lang='lat' dir='ltr'><strong>a</strong></span> <span class='ocrx_word' id='word_1_400' title='bbox 2971 2475 3273 2545; x_wconf 83' lang='lat' dir='ltr'><strong>majoribus</strong></span> <span class='ocrx_word' id='word_1_401' title='bbox 3326 2476 3446 2529; x_wconf 86' lang='lat' dir='ltr'><strong>suis</strong></span> <span class='ocrx_word' id='word_1_402' title='bbox 3486 2475 3540 2527; x_wconf 92' lang='lat' dir='ltr'><strong>in</strong></span> 
     </span>
    </p>
   </div>
   <div class='ocr_carea' id='block_1_57' title="bbox 1964 2567 3544 2648">
    <p class='ocr_par' dir='ltr' id='par_1_57' title="bbox 1964 2567 3544 2648">
     <span class='ocr_line' id='line_1_57' title="bbox 1964 2567 3544 2648; baseline -0.004 -23"><span class='ocrx_word' id='word_1_403' title='bbox 1964 2586 2119 2626; x_wconf 89' lang='lat' dir='ltr'><strong>sacra</strong></span> <span class='ocrx_word' id='word_1_404' title='bbox 2140 2570 2439 2648; x_wconf 85' lang='lat' dir='ltr'><strong>conjectis,</strong></span> <span class='ocrx_word' id='word_1_405' title='bbox 2500 2573 2787 2635; x_wconf 87' lang='lat' dir='ltr'><strong>honorem,</strong></span> <span class='ocrx_word' id='word_1_406' title='bbox 2822 2582 2924 2638; x_wconf 88' lang='lat' dir='ltr'><strong>pro</strong></span> <span class='ocrx_word' id='word_1_407' title='bbox 2960 2568 3178 2638; x_wconf 84' lang='lat' dir='ltr'><strong>injuriis</strong></span> <span class='ocrx_word' id='word_1_408' title='bbox 3229 2567 3375 2631; x_wconf 80' lang='lat' dir='ltr'><strong>ﬁdei,</strong></span> <span class='ocrx_word' id='word_1_409' title='bbox 3418 2574 3544 2620; x_wconf 91' lang='lat' dir='ltr'><strong>tan-</strong></span> 
     </span>
    </p>
   </div>
   <div class='ocr_carea' id='block_1_58' title="bbox 1962 2659 3541 2733">
    <p class='ocr_par' dir='ltr' id='par_1_58' title="bbox 1962 2659 3541 2733">
     <span class='ocr_line' id='line_1_58' title="bbox 1962 2659 3541 2733; baseline -0.002 -17"><span class='ocrx_word' id='word_1_410' title='bbox 1962 2678 2127 2733; x_wconf 86' lang='lat' dir='ltr'><strong>quam</strong></span> <span class='ocrx_word' id='word_1_411' title='bbox 2185 2662 2237 2716; x_wconf 88' lang='lat' dir='ltr'><strong>in</strong></span> <span class='ocrx_word' id='word_1_412' title='bbox 2283 2661 2479 2727; x_wconf 86' lang='lat' dir='ltr'><strong>Deum,</strong></span> <span class='ocrx_word' id='word_1_413' title='bbox 2522 2661 2959 2731; x_wconf 78' lang='lat' dir='ltr'><strong>professionem,</strong></span> <span class='ocrx_word' id='word_1_414' title='bbox 3005 2674 3106 2730; x_wconf 87' lang='lat' dir='ltr'><strong>pro</strong></span> <span class='ocrx_word' id='word_1_415' title='bbox 3148 2659 3369 2729; x_wconf 83' lang='lat' dir='ltr'><strong>ﬂagitiis</strong></span> <span class='ocrx_word' id='word_1_416' title='bbox 3418 2659 3541 2713; x_wconf 83' lang='lat' dir='ltr'><strong>aliis</strong></span> 
     </span>
    </p>
   </div>
   <div class='ocr_carea' id='block_1_59' title="bbox 1963 2746 3544 2821">
    <p class='ocr_par' dir='ltr' id='par_1_59' title="bbox 1963 2746 3544 2821">
     <span class='ocr_line' id='line_1_59' title="bbox 1963 2746 3544 2821; baseline -0.003 -13"><span class='ocrx_word' id='word_1_417' title='bbox 1963 2753 2195 2815; x_wconf 86' lang='lat' dir='ltr'><strong>cultum,</strong></span> <span class='ocrx_word' id='word_1_418' title='bbox 2228 2766 2326 2821; x_wconf 87' lang='lat' dir='ltr'><strong>pro</strong></span> <span class='ocrx_word' id='word_1_419' title='bbox 2353 2752 2541 2820; x_wconf 90' lang='lat' dir='ltr'><strong>spoliis</strong></span> <span class='ocrx_word' id='word_1_420' title='bbox 2581 2751 2712 2805; x_wconf 92' lang='lat' dir='ltr'><strong>olim</strong></span> <span class='ocrx_word' id='word_1_421' title='bbox 2749 2748 2913 2804; x_wconf 79' lang='lat' dir='ltr'><strong>factis</strong></span> <span class='ocrx_word' id='word_1_422' title='bbox 2958 2748 3100 2803; x_wconf 86' lang='lat' dir='ltr'><strong>dona</strong></span> <span class='ocrx_word' id='word_1_423' title='bbox 3132 2746 3389 2813; x_wconf 76' lang='lat' dir='ltr'><strong>oderunt,</strong></span> <span class='ocrx_word' id='word_1_424' title='bbox 3438 2748 3544 2803; x_wconf 89' lang='lat' dir='ltr'><strong>hoc</strong></span> 
     </span>
    </p>
   </div>
   <div class='ocr_carea' id='block_1_60' title="bbox 1964 2839 3544 2915">
    <p class='ocr_par' dir='ltr' id='par_1_60' title="bbox 1964 2839 3544 2915">
     <span class='ocr_line' id='line_1_60' title="bbox 1964 2839 3544 2915; baseline -0.001 -16"><span class='ocrx_word' id='word_1_425' title='bbox 1964 2844 2127 2899; x_wconf 89' lang='lat' dir='ltr'><strong>modo</strong></span> <span class='ocrx_word' id='word_1_426' title='bbox 2173 2845 2333 2915; x_wconf 86' lang='lat' dir='ltr'><strong>quasi</strong></span> <span class='ocrx_word' id='word_1_427' title='bbox 2379 2839 2580 2899; x_wconf 73' lang='lat' dir='ltr'><strong>avitam</strong></span> <span class='ocrx_word' id='word_1_428' title='bbox 2635 2845 2997 2899; x_wconf 84' lang='lat' dir='ltr'><strong>temeritatem</strong></span> <span class='ocrx_word' id='word_1_429' title='bbox 3042 2845 3382 2909; x_wconf 86' lang='lat' dir='ltr'><strong>excusaturi,</strong></span> <span class='ocrx_word' id='word_1_430' title='bbox 3449 2859 3544 2898; x_wconf 89' lang='lat' dir='ltr'><strong>ve-</strong></span> 
     </span>
    </p>
   </div>
   <div class='ocr_carea' id='block_1_61' title="bbox 1966 2932 3540 3007">
    <p class='ocr_par' dir='ltr' id='par_1_61' title="bbox 1966 2932 3540 3007">
     <span class='ocr_line' id='line_1_61' title="bbox 1966 2932 3540 3007; baseline 0 -17"><span class='ocrx_word' id='word_1_431' title='bbox 1966 2938 2222 3006; x_wconf 89' lang='lat' dir='ltr'><strong>niamque</strong></span> <span class='ocrx_word' id='word_1_432' title='bbox 2260 2938 2366 2991; x_wconf 90' lang='lat' dir='ltr'><strong>illis</strong></span> <span class='ocrx_word' id='word_1_433' title='bbox 2421 2932 2659 3007; x_wconf 82' lang='lat' dir='ltr'><strong>propriis</strong></span> <span class='ocrx_word' id='word_1_434' title='bbox 2710 2938 2827 2992; x_wconf 91' lang='lat' dir='ltr'><strong>suis</strong></span> <span class='ocrx_word' id='word_1_435' title='bbox 2870 2936 3121 2992; x_wconf 88' lang='lat' dir='ltr'><strong>moribus</strong></span> <span class='ocrx_word' id='word_1_436' title='bbox 3165 2937 3540 3007; x_wconf 89' lang='lat' dir='ltr'><strong>procuraturi.</strong></span> 
     </span>
    </p>
   </div>
   <div class='ocr_carea' id='block_1_62' title="bbox 269 3013 1870 3101">
    <p class='ocr_par' dir='ltr' id='par_1_62' title="bbox 269 3013 1861 3094">
     <span class='ocr_line' id='line_1_62' title="bbox 269 3013 1861 3094; baseline 0.008 -29"><span class='ocrx_word' id='word_1_437' title='bbox 269 3013 530 3082; x_wconf 81' lang='grc' dir='ltr'>λούμενοι</span> <span class='ocrx_word' id='word_1_438' title='bbox 575 3014 850 3084; x_wconf 77' lang='grc' dir='ltr'>πράξεως.</span> <span class='ocrx_word' id='word_1_439' title='bbox 915 3017 1026 3069; x_wconf 77' lang='grc' dir='ltr'>Καὶ</span> <span class='ocrx_word' id='word_1_440' title='bbox 1083 3019 1453 3091; x_wconf 84' lang='grc' dir='ltr'>προσφέρουσι</span> <span class='ocrx_word' id='word_1_441' title='bbox 1503 3022 1604 3091; x_wconf 79' lang='grc' dir='ltr'>μὲν</span> <span class='ocrx_word' id='word_1_442' title='bbox 1659 3024 1861 3094; x_wconf 85' lang='grc' dir='ltr'>χρυσὸν</span> 
     </span>
    </p>
   </div>
   <div class='ocr_carea' id='block_1_63' title="bbox 1961 3013 3540 3101">
    <p class='ocr_par' dir='ltr' id='par_1_63' title="bbox 1967 3029 3540 3101">
     <span class='ocr_line' id='line_1_63' title="bbox 1967 3029 3540 3101; baseline 0.003 -19"><span class='ocrx_word' id='word_1_443' title='bbox 1967 3029 2029 3083; x_wconf 82' lang='grc' dir='ltr'>Ει</span> <span class='ocrx_word' id='word_1_444' title='bbox 2054 3046 2249 3084; x_wconf 90' lang='lat' dir='ltr'><strong>aurum</strong></span> <span class='ocrx_word' id='word_1_445' title='bbox 2280 3031 2500 3100; x_wconf 87' lang='lat' dir='ltr'><strong>quidem</strong></span> <span class='ocrx_word' id='word_1_446' title='bbox 2530 3030 2768 3085; x_wconf 80' lang='lat' dir='ltr'><strong>oﬁ‘erunt</strong></span> <span class='ocrx_word' id='word_1_447' title='bbox 2794 3046 2893 3101; x_wconf 90' lang='lat' dir='ltr'><strong>pro</strong></span> <span class='ocrx_word' id='word_1_448' title='bbox 2919 3046 3057 3085; x_wconf 83' lang='lat' dir='ltr'><strong>auro</strong></span> <span class='ocrx_word' id='word_1_449' title='bbox 3088 3032 3180 3087; x_wconf 92' lang='lat' dir='ltr'><strong>illo</strong></span> <span class='ocrx_word' id='word_1_450' title='bbox 3211 3041 3266 3087; x_wconf 88' lang='lat' dir='ltr'><strong>et</strong></span> <span class='ocrx_word' id='word_1_451' title='bbox 3287 3032 3540 3096; x_wconf 81' lang='lat' dir='ltr'><strong>cimeliis,</strong></span> 
     </span>
    </p>
   </div>
   <div class='ocr_carea' id='block_1_64' title="bbox 268 3103 1855 3181">
    <p class='ocr_par' dir='ltr' id='par_1_64' title="bbox 268 3103 1855 3181">
     <span class='ocr_line' id='line_1_64' title="bbox 268 3103 1855 3181; baseline 0.006 -24"><span class='ocrx_word' id='word_1_452' title='bbox 268 3103 401 3157; x_wconf 82' lang='grc' dir='ltr'>ἀντὶ</span> <span class='ocrx_word' id='word_1_453' title='bbox 424 3103 518 3156; x_wconf 76' lang='grc' dir='ltr'>τοῦ</span> <span class='ocrx_word' id='word_1_454' title='bbox 550 3104 752 3175; x_wconf 79' lang='grc' dir='ltr'>χρυσοῦ</span> <span class='ocrx_word' id='word_1_455' title='bbox 789 3106 882 3159; x_wconf 73' lang='grc' dir='ltr'><strong>καὶ</strong></span> <span class='ocrx_word' id='word_1_456' title='bbox 908 3106 1016 3158; x_wconf 83' lang='grc' dir='ltr'><strong>τῶν</strong></span> <span class='ocrx_word' id='word_1_457' title='bbox 1060 3107 1224 3179; x_wconf 81' lang='grc' dir='ltr'>ἱερῶν</span> <span class='ocrx_word' id='word_1_458' title='bbox 1256 3110 1557 3181; x_wconf 87' lang='grc' dir='ltr'>κειμηλίων</span> <span class='ocrx_word' id='word_1_459' title='bbox 1579 3153 1594 3177; x_wconf 93' lang='grc'><strong>,</strong></span> <span class='ocrx_word' id='word_1_460' title='bbox 1625 3106 1701 3167; x_wconf 80' lang='grc' dir='ltr'>ὧν</span> <span class='ocrx_word' id='word_1_461' title='bbox 1731 3113 1855 3166; x_wconf 82' lang='grc' dir='ltr'>ἐσύ-</span> 
     </span>
    </p>
   </div>
   <div class='ocr_carea' id='block_1_65' title="bbox 267 3196 1858 3271">
    <p class='ocr_par' dir='ltr' id='par_1_65' title="bbox 267 3196 1858 3271">
     <span class='ocr_line' id='line_1_65' title="bbox 267 3196 1858 3271; baseline 0.009 -23"><span class='ocrx_word' id='word_1_462' title='bbox 267 3196 447 3266; x_wconf 87' lang='grc' dir='ltr'>λησαν</span> <span class='ocrx_word' id='word_1_463' title='bbox 472 3212 485 3225; x_wconf 77' lang='grc' dir='ltr'><strong>ο</strong></span> <span class='ocrx_word' id='word_1_464' title='bbox 503 3196 717 3249; x_wconf 79' lang='grc' dir='ltr'>λίϐανον</span> <span class='ocrx_word' id='word_1_465' title='bbox 732 3197 787 3250; x_wconf 86' lang='grc' dir='ltr'>δὲ</span> <span class='ocrx_word' id='word_1_466' title='bbox 813 3199 934 3251; x_wconf 79' lang='grc' dir='ltr'>ἀντὶ</span> <span class='ocrx_word' id='word_1_467' title='bbox 953 3198 1062 3253; x_wconf 89' lang='grc' dir='ltr'><strong>τῶν</strong></span> <span class='ocrx_word' id='word_1_468' title='bbox 1094 3200 1314 3266; x_wconf 88' lang='grc' dir='ltr'>θυσιῶν,</span> <span class='ocrx_word' id='word_1_469' title='bbox 1343 3202 1410 3267; x_wconf 83' lang='grc' dir='ltr'>ἃς</span> <span class='ocrx_word' id='word_1_470' title='bbox 1439 3203 1741 3271; x_wconf 86' lang='grc' dir='ltr'>ἐκώλυσαν,</span> <span class='ocrx_word' id='word_1_471' title='bbox 1762 3209 1858 3263; x_wconf 78' lang='grc' dir='ltr'><strong>καὶ</strong></span> 
     </span>
    </p>
   </div>
   <div class='ocr_carea' id='block_1_66' title="bbox 272 3287 1853 3371">
    <p class='ocr_par' dir='ltr' id='par_1_66' title="bbox 272 3287 1853 3371">
     <span class='ocr_line' id='line_1_66' title="bbox 272 3287 1853 3371; baseline 0.009 -32"><span class='ocrx_word' id='word_1_472' title='bbox 272 3287 529 3356; x_wconf 88' lang='grc' dir='ltr'>σμύρναν</span> <span class='ocrx_word' id='word_1_473' title='bbox 562 3288 655 3340; x_wconf 69' lang='grc' dir='ltr'>ἐπὶ</span> <span class='ocrx_word' id='word_1_474' title='bbox 677 3290 803 3350; x_wconf 71' lang='grc' dir='ltr'>τοὺς</span> <span class='ocrx_word' id='word_1_475' title='bbox 828 3289 975 3355; x_wconf 75' lang='grc' dir='ltr'>ἅπαξ</span> <span class='ocrx_word' id='word_1_476' title='bbox 1006 3291 1097 3344; x_wconf 81' lang='grc' dir='ltr'>ὑπ’</span> <span class='ocrx_word' id='word_1_477' title='bbox 1118 3293 1297 3347; x_wconf 73' lang='grc' dir='ltr'>αὐτῶν</span> <span class='ocrx_word' id='word_1_478' title='bbox 1319 3295 1695 3367; x_wconf 76' lang='grc' dir='ltr'>ἀνῃρημένους</span> <span class='ocrx_word' id='word_1_479' title='bbox 1718 3298 1853 3371; x_wconf 79' lang='grc'><strong>(90),</strong></span> 
     </span>
    </p>
   </div>
   <div class='ocr_carea' id='block_1_67' title="bbox 270 3376 1856 3461">
    <p class='ocr_par' dir='ltr' id='par_1_67' title="bbox 270 3376 1856 3461">
     <span class='ocr_line' id='line_1_67' title="bbox 270 3376 1856 3461; baseline 0.011 -33"><span class='ocrx_word' id='word_1_480' title='bbox 270 3376 445 3429; x_wconf 83' lang='grc' dir='ltr'>πάλαι</span> <span class='ocrx_word' id='word_1_481' title='bbox 479 3377 617 3428; x_wconf 74' lang='grc' dir='ltr'>κατὰ</span> <span class='ocrx_word' id='word_1_482' title='bbox 660 3378 760 3447; x_wconf 84' lang='grc' dir='ltr'>τὴν</span> <span class='ocrx_word' id='word_1_483' title='bbox 806 3381 1127 3448; x_wconf 80' lang='grc' dir='ltr'>πολιορκίαν</span> <span class='ocrx_word' id='word_1_484' title='bbox 1161 3385 1288 3454; x_wconf 88' lang='grc' dir='ltr'>ἐνῆν</span> <span class='ocrx_word' id='word_1_485' title='bbox 1328 3386 1510 3450; x_wconf 81' lang='grc' dir='ltr'>αὐτοῖς</span> <span class='ocrx_word' id='word_1_486' title='bbox 1551 3389 1856 3461; x_wconf 82' lang='grc' dir='ltr'>ἀναστῆσαι</span> 
     </span>
    </p>
   </div>
   <div class='ocr_carea' id='block_1_68' title="bbox 268 3467 1855 3554">
    <p class='ocr_par' dir='ltr' id='par_1_68' title="bbox 268 3467 1855 3554">
     <span class='ocr_line' id='line_1_68' title="bbox 268 3467 1855 3554; baseline 0.011 -34"><span class='ocrx_word' id='word_1_487' title='bbox 268 3467 372 3520; x_wconf 74' lang='grc' dir='ltr'><strong>καὶ</strong></span> <span class='ocrx_word' id='word_1_488' title='bbox 430 3468 809 3537; x_wconf 71' lang='grc' dir='ltr'>παραστῆσαι,</span> <span class='ocrx_word' id='word_1_489' title='bbox 867 3470 1055 3542; x_wconf 81' lang='grc' dir='ltr'>ῶσπερ</span> <span class='ocrx_word' id='word_1_490' title='bbox 1102 3474 1266 3545; x_wconf 79' lang='grc' dir='ltr'>τιμήν</span> <span class='ocrx_word' id='word_1_491' title='bbox 1329 3479 1558 3542; x_wconf 87' lang='grc' dir='ltr'>ἐκείνοις</span> <span class='ocrx_word' id='word_1_492' title='bbox 1603 3482 1713 3551; x_wconf 82' lang='grc'><strong>(91)</strong></span> <span class='ocrx_word' id='word_1_493' title='bbox 1757 3483 1855 3554; x_wconf 85' lang='grc' dir='ltr'>τὴν</span> 
     </span>
    </p>
   </div>
   <div class='ocr_carea' id='block_1_69' title="bbox 271 3556 1854 3642">
    <p class='ocr_par' dir='ltr' id='par_1_69' title="bbox 271 3556 1854 3642">
     <span class='ocr_line' id='line_1_69' title="bbox 271 3556 1854 3642; baseline 0.018 -37"><span class='ocrx_word' id='word_1_494' title='bbox 271 3556 525 3627; x_wconf 77' lang='grc' dir='ltr'>σμύρναν</span> <span class='ocrx_word' id='word_1_495' title='bbox 554 3558 891 3629; x_wconf 77' lang='grc' dir='ltr'>κομίζοντες,</span> <span class='ocrx_word' id='word_1_496' title='bbox 924 3563 1063 3631; x_wconf 78' lang='grc' dir='ltr'>τάχα</span> <span class='ocrx_word' id='word_1_497' title='bbox 1084 3564 1139 3616; x_wconf 87' lang='grc' dir='ltr'><strong>δὲ</strong></span> <span class='ocrx_word' id='word_1_498' title='bbox 1166 3568 1262 3619; x_wconf 75' lang='grc' dir='ltr'>καὶ</span> <span class='ocrx_word' id='word_1_499' title='bbox 1293 3568 1390 3638; x_wconf 83' lang='grc' dir='ltr'><strong>τὴν</strong></span> <span class='ocrx_word' id='word_1_500' title='bbox 1416 3571 1643 3642; x_wconf 85' lang='grc' dir='ltr'>γνώμην</span> <span class='ocrx_word' id='word_1_501' title='bbox 1676 3576 1854 3629; x_wconf 76' lang='grc' dir='ltr'>αὐτῶν</span> 
     </span>
    </p>
   </div>
   <div class='ocr_carea' id='block_1_70' title="bbox 268 3648 1856 3724">
    <p class='ocr_par' dir='ltr' id='par_1_70' title="bbox 268 3648 1856 3724">
     <span class='ocr_line' id='line_1_70' title="bbox 268 3648 1856 3724; baseline 0.011 -22"><span class='ocrx_word' id='word_1_502' title='bbox 268 3648 699 3719; x_wconf 80' lang='grc' dir='ltr'>ἐνδεικνύμενοι.</span> <span class='ocrx_word' id='word_1_503' title='bbox 769 3651 856 3715; x_wconf 82' lang='grc' dir='ltr'>Ὠς</span> <span class='ocrx_word' id='word_1_504' title='bbox 906 3655 1034 3723; x_wconf 89' lang='grc' dir='ltr'>τόγε</span> <span class='ocrx_word' id='word_1_505' title='bbox 1084 3657 1169 3710; x_wconf 84' lang='grc' dir='ltr'>ἐπ’</span> <span class='ocrx_word' id='word_1_506' title='bbox 1231 3660 1419 3724; x_wconf 74' lang='grc' dir='ltr'>αὑταῖς</span> <span class='ocrx_word' id='word_1_507' title='bbox 1470 3667 1565 3716; x_wconf 77' lang='grc' dir='ltr'><strong>καὶ</strong></span> <span class='ocrx_word' id='word_1_508' title='bbox 1611 3666 1702 3717; x_wconf 80' lang='grc' dir='ltr'><strong>τὸν</strong></span> <span class='ocrx_word' id='word_1_509' title='bbox 1757 3684 1856 3719; x_wconf 88' lang='grc' dir='ltr'>κα-</span> 
     </span>
    </p>
   </div>
   <div class='ocr_carea' id='block_1_71' title="bbox 263 3743 1855 3831">
    <p class='ocr_par' dir='ltr' id='par_1_71' title="bbox 263 3743 1855 3831">
     <span class='ocr_line' id='line_1_71' title="bbox 263 3743 1855 3831; baseline 0.012 -38"><span class='ocrx_word' id='word_1_510' title='bbox 263 3743 661 3812; x_wconf 79' lang='grc' dir='ltr'>ταστραφέντα</span> <span class='ocrx_word' id='word_1_511' title='bbox 730 3746 891 3810; x_wconf 82' lang='grc' dir='ltr'>ναὸν,</span> <span class='ocrx_word' id='word_1_512' title='bbox 948 3749 1043 3801; x_wconf 73' lang='grc' dir='ltr'><strong>καὶ</strong></span> <span class='ocrx_word' id='word_1_513' title='bbox 1109 3750 1206 3821; x_wconf 80' lang='grc' dir='ltr'><strong>τὴν</strong></span> <span class='ocrx_word' id='word_1_514' title='bbox 1270 3754 1422 3805; x_wconf 84' lang='grc' dir='ltr'>πόλιν</span> <span class='ocrx_word' id='word_1_515' title='bbox 1498 3757 1855 3831; x_wconf 84' lang='grc' dir='ltr'>Ἰερουσαλὴμ</span> 
     </span>
    </p>
   </div>
   <div class='ocr_carea' id='block_1_72' title="bbox 266 3832 1853 3921">
    <p class='ocr_par' dir='ltr' id='par_1_72' title="bbox 266 3832 1853 3921">
     <span class='ocr_line' id='line_1_72' title="bbox 266 3832 1853 3921; baseline 0.011 -35"><span class='ocrx_word' id='word_1_516' title='bbox 266 3834 491 3902; x_wconf 78' lang='grc' dir='ltr'>αἱρετὸν</span> <span class='ocrx_word' id='word_1_517' title='bbox 565 3835 674 3904; x_wconf 71' lang='lat'><strong>(92)</strong></span> <span class='ocrx_word' id='word_1_518' title='bbox 710 3832 779 3906; x_wconf 77' lang='grc' dir='ltr'>ἦν</span> <span class='ocrx_word' id='word_1_519' title='bbox 817 3840 1147 3895; x_wconf 85' lang='grc' dir='ltr'>ἀνανεῶσαι.</span> <span class='ocrx_word' id='word_1_520' title='bbox 1218 3844 1330 3896; x_wconf 84' lang='grc' dir='ltr'><strong>Καὶ</strong></span> <span class='ocrx_word' id='word_1_521' title='bbox 1408 3845 1516 3917; x_wconf 77' lang='grc' dir='ltr'>γὰρ</span> <span class='ocrx_word' id='word_1_522' title='bbox 1552 3849 1585 3917; x_wconf 84' lang='grc' dir='ltr'><strong>ή</strong></span> <span class='ocrx_word' id='word_1_523' title='bbox 1636 3849 1853 3921; x_wconf 89' lang='grc' dir='ltr'>σμύρνα</span> 
     </span>
    </p>
   </div>
   <div class='ocr_carea' id='block_1_73' title="bbox 269 3924 1851 4009">
    <p class='ocr_par' dir='ltr' id='par_1_73' title="bbox 269 3924 1851 4009">
     <span class='ocr_line' id='line_1_73' title="bbox 269 3924 1851 4009; baseline 0.01 -30"><span class='ocrx_word' id='word_1_524' title='bbox 269 3924 601 3992; x_wconf 85' lang='grc' dir='ltr'>συσφίγγειν</span> <span class='ocrx_word' id='word_1_525' title='bbox 648 3927 840 3981; x_wconf 84' lang='grc' dir='ltr'>εἴωθεν</span> <span class='ocrx_word' id='word_1_526' title='bbox 895 3930 963 3982; x_wconf 85' lang='grc' dir='ltr'>τὰ</span> <span class='ocrx_word' id='word_1_527' title='bbox 1008 3932 1275 3987; x_wconf 79' lang='grc' dir='ltr'>διεστῶτα</span> <span class='ocrx_word' id='word_1_528' title='bbox 1318 3938 1411 3989; x_wconf 69' lang='grc' dir='ltr'><strong>κα)⁸</strong></span> <span class='ocrx_word' id='word_1_529' title='bbox 1455 3938 1851 4009; x_wconf 79' lang='grc' dir='ltr'>διεσπασμένα.</span> 
     </span>
    </p>
   </div>
   <div class='ocr_carea' id='block_1_74' title="bbox 266 4018 1853 4099">
    <p class='ocr_par' dir='ltr' id='par_1_74' title="bbox 266 4018 1853 4099">
     <span class='ocr_line' id='line_1_74' title="bbox 266 4018 1853 4099; baseline 0.013 -31"><span class='ocrx_word' id='word_1_530' title='bbox 266 4018 387 4070; x_wconf 66' lang='grc' dir='ltr'>Καὶ</span> <span class='ocrx_word' id='word_1_531' title='bbox 414 4018 521 4087; x_wconf 64' lang='grc' dir='ltr'><strong>γὰρ</strong></span> <span class='ocrx_word' id='word_1_532' title='bbox 547 4021 595 4070; x_wconf 78' lang='grc' dir='ltr'>εἰ</span> <span class='ocrx_word' id='word_1_533' title='bbox 616 4022 711 4072; x_wconf 77' lang='grc' dir='ltr'><strong>καὶ</strong></span> <span class='ocrx_word' id='word_1_534' title='bbox 741 4022 835 4073; x_wconf 75' lang='grc' dir='ltr'><strong>ἐπὶ</strong></span> <span class='ocrx_word' id='word_1_535' title='bbox 871 4023 1099 4091; x_wconf 78' lang='grc' dir='ltr'>Ἔσδρᾳ</span> <span class='ocrx_word' id='word_1_536' title='bbox 1137 4026 1246 4096; x_wconf 87' lang='lat'><strong>(9&#39;5)</strong></span> <span class='ocrx_word' id='word_1_537' title='bbox 1281 4046 1339 4081; x_wconf 85' lang='grc' dir='ltr'><strong>τε</strong></span> <span class='ocrx_word' id='word_1_538' title='bbox 1371 4032 1466 4084; x_wconf 76' lang='grc' dir='ltr'><strong>καὶ</strong></span> <span class='ocrx_word' id='word_1_539' title='bbox 1520 4034 1853 4099; x_wconf 76' lang='grc' dir='ltr'>Ζοροϐάϐελ</span> 
     </span>
    </p>
   </div>
   <div class='ocr_carea' id='block_1_75' title="bbox 267 4110 1852 4195">
    <p class='ocr_par' dir='ltr' id='par_1_75' title="bbox 267 4110 1852 4195">
     <span class='ocr_line' id='line_1_75' title="bbox 267 4110 1852 4195; baseline 0.011 -32"><span class='ocrx_word' id='word_1_540' title='bbox 267 4110 547 4181; x_wconf 81' lang='grc' dir='ltr'>ἀνηνέχθη</span> <span class='ocrx_word' id='word_1_541' title='bbox 581 4111 703 4165; x_wconf 76' lang='grc' dir='ltr'>τινὰ</span> <span class='ocrx_word' id='word_1_542' title='bbox 739 4113 847 4166; x_wconf 92' lang='grc' dir='ltr'><strong>τῶν</strong></span> <span class='ocrx_word' id='word_1_543' title='bbox 892 4113 1473 4189; x_wconf 80' lang='grc' dir='ltr'>λαφυραγωγηθέντων</span> <span class='ocrx_word' id='word_1_544' title='bbox 1508 4124 1690 4195; x_wconf 85' lang='grc' dir='ltr'>ἱερῶν,</span> <span class='ocrx_word' id='word_1_545' title='bbox 1736 4127 1852 4180; x_wconf 84' lang='grc' dir='ltr'>ἀλλ’</span> 
     </span>
    </p>
   </div>
   <div class='ocr_carea' id='block_1_76' title="bbox 267 4199 1853 4289">
    <p class='ocr_par' dir='ltr' id='par_1_76' title="bbox 267 4199 1853 4289">
     <span class='ocr_line' id='line_1_76' title="bbox 267 4199 1853 4289; baseline 0.014 -38"><span class='ocrx_word' id='word_1_546' title='bbox 267 4199 369 4253; x_wconf 81' lang='grc' dir='ltr'>οὖν</span> <span class='ocrx_word' id='word_1_547' title='bbox 401 4203 595 4265; x_wconf 89' lang='grc' dir='ltr'>ἐνδεῶς</span> <span class='ocrx_word' id='word_1_548' title='bbox 644 4204 945 4275; x_wconf 79' lang='grc' dir='ltr'>ἐπράττετο</span> <span class='ocrx_word' id='word_1_549' title='bbox 995 4208 1190 4273; x_wconf 79' lang='grc' dir='ltr'>ταῦτα,</span> <span class='ocrx_word' id='word_1_550' title='bbox 1232 4213 1373 4281; x_wconf 85' lang='grc' dir='ltr'>μήτε</span> <span class='ocrx_word' id='word_1_551' title='bbox 1412 4216 1504 4267; x_wconf 78' lang='grc' dir='ltr'>τοῦ</span> <span class='ocrx_word' id='word_1_552' title='bbox 1558 4218 1853 4289; x_wconf 82' lang='grc' dir='ltr'>Λυτρωτοῦ</span> 
     </span>
    </p>
   </div>
   <div class='ocr_carea' id='block_1_77' title="bbox 267 4291 1852 4377">
    <p class='ocr_par' dir='ltr' id='par_1_77' title="bbox 267 4291 1852 4377">
     <span class='ocr_line' id='line_1_77' title="bbox 267 4291 1852 4377; baseline 0.015 -33"><span class='ocrx_word' id='word_1_553' title='bbox 267 4291 371 4345; x_wconf 64' lang='grc' dir='ltr'>καὶ</span> <span class='ocrx_word' id='word_1_554' title='bbox 397 4292 653 4363; x_wconf 84' lang='grc' dir='ltr'>Σωτῆρος</span> <span class='ocrx_word' id='word_1_555' title='bbox 683 4297 843 4365; x_wconf 86' lang='grc' dir='ltr'>ήμῶν</span> <span class='ocrx_word' id='word_1_556' title='bbox 879 4304 1344 4369; x_wconf 86' lang='grc' dir='ltr'>παραγεγονότος,</span> <span class='ocrx_word' id='word_1_557' title='bbox 1377 4307 1514 4377; x_wconf 84' lang='grc' dir='ltr'>μήτε</span> <span class='ocrx_word' id='word_1_558' title='bbox 1534 4310 1717 4363; x_wconf 81' lang='grc' dir='ltr'>αὐτῶν</span> <span class='ocrx_word' id='word_1_559' title='bbox 1742 4312 1852 4368; x_wconf 89' lang='grc' dir='ltr'><strong>τῶν</strong></span> 
     </span>
    </p>
   </div>
   <div class='ocr_carea' id='block_1_78' title="bbox 269 4383 1929 4473">
    <p class='ocr_par' dir='ltr' id='par_1_78' title="bbox 269 4383 1929 4473">
     <span class='ocr_line' id='line_1_78' title="bbox 269 4383 1929 4473; baseline 0.014 -39"><span class='ocrx_word' id='word_1_560' title='bbox 269 4383 783 4454; x_wconf 79' lang='grc' dir='ltr'>συλαγωγησάντων</span> <span class='ocrx_word' id='word_1_561' title='bbox 818 4390 1246 4462; x_wconf 79' lang='grc' dir='ltr'>αὐτοπρόσωπον</span> <span class='ocrx_word' id='word_1_562' title='bbox 1275 4398 1373 4467; x_wconf 80' lang='grc' dir='ltr'><strong>τὴν</strong></span> <span class='ocrx_word' id='word_1_563' title='bbox 1404 4405 1721 4473; x_wconf 83' lang='grc' dir='ltr'>προσφορὰν</span> <span class='ocrx_word' id='word_1_564' title='bbox 1741 4408 1849 4460; x_wconf 84' lang='grc' dir='ltr'><strong>τῶν</strong></span> <span class='ocrx_word' id='word_1_565' title='bbox 1875 4398 1929 4458; x_wconf 85' lang='grc' dir='ltr'><strong>Ι)</strong></span> 
     </span>
    </p>
   </div>
   <div class='ocr_carea' id='block_1_79' title="bbox 272 4476 1855 4570">
    <p class='ocr_par' dir='ltr' id='par_1_79' title="bbox 272 4476 1855 4570">
     <span class='ocr_line' id='line_1_79' title="bbox 272 4476 1855 4570; baseline 0.017 -43"><span class='ocrx_word' id='word_1_566' title='bbox 272 4476 684 4570; x_wconf 72' lang='grc' dir='ltr'>σεσυλημένων,</span> <span class='ocrx_word' id='word_1_567' title='bbox 739 4481 878 4533; x_wconf 73' lang='grc' dir='ltr'>ἀλλὰ</span> <span class='ocrx_word' id='word_1_568' title='bbox 934 4484 1001 4536; x_wconf 84' lang='grc' dir='ltr'>δι’</span> <span class='ocrx_word' id='word_1_569' title='bbox 1059 4486 1263 4555; x_wconf 81' lang='grc' dir='ltr'>ἐτέρων</span> <span class='ocrx_word' id='word_1_570' title='bbox 1316 4494 1676 4563; x_wconf 82' lang='grc' dir='ltr'>ποιουμένων.</span> <span class='ocrx_word' id='word_1_571' title='bbox 1714 4499 1855 4570; x_wconf 78' lang='grc' dir='ltr'>Προ·</span> 
     </span>
    </p>
   </div>
   <div class='ocr_carea' id='block_1_80' title="bbox 271 4568 1855 4656">
    <p class='ocr_par' dir='ltr' id='par_1_80' title="bbox 271 4568 1855 4656">
     <span class='ocr_line' id='line_1_80' title="bbox 271 4568 1855 4656; baseline 0.011 -37"><span class='ocrx_word' id='word_1_572' title='bbox 271 4568 507 4638; x_wconf 81' lang='grc' dir='ltr'>μήνυμα</span> <span class='ocrx_word' id='word_1_573' title='bbox 534 4570 582 4623; x_wconf 79' lang='grc' dir='ltr'>δ’</span> <span class='ocrx_word' id='word_1_574' title='bbox 604 4572 670 4624; x_wconf 83' lang='grc' dir='ltr'><strong>ἂν</strong></span> <span class='ocrx_word' id='word_1_575' title='bbox 694 4574 779 4644; x_wconf 75' lang='grc' dir='ltr'>εἴη</span> <span class='ocrx_word' id='word_1_576' title='bbox 807 4576 902 4628; x_wconf 73' lang='grc' dir='ltr'>καὶ</span> <span class='ocrx_word' id='word_1_577' title='bbox 932 4579 965 4647; x_wconf 86' lang='grc' dir='ltr'>ὴ</span> <span class='ocrx_word' id='word_1_578' title='bbox 1002 4578 1229 4648; x_wconf 90' lang='grc' dir='ltr'>Περσῶν</span> <span class='ocrx_word' id='word_1_579' title='bbox 1272 4582 1465 4655; x_wconf 84' lang='grc' dir='ltr'>πρώτη</span> <span class='ocrx_word' id='word_1_580' title='bbox 1518 4587 1721 4656; x_wconf 74' lang='grc' dir='ltr'>ἄφιξις,</span> <span class='ocrx_word' id='word_1_581' title='bbox 1767 4568 1855 4646; x_wconf 58' lang='lat'><strong>3:;</strong></span> 
     </span>
    </p>
   </div>
   <div class='ocr_carea' id='block_1_81' title="bbox 266 4660 1855 4746">
    <p class='ocr_par' dir='ltr' id='par_1_81' title="bbox 266 4660 1855 4746">
     <span class='ocr_line' id='line_1_81' title="bbox 266 4660 1855 4746; baseline 0.018 -36"><span class='ocrx_word' id='word_1_582' title='bbox 266 4660 493 4730; x_wconf 82' lang='grc' dir='ltr'>πρῶτον</span> <span class='ocrx_word' id='word_1_583' title='bbox 526 4662 575 4714; x_wconf 84' lang='grc' dir='ltr'>οἱ</span> <span class='ocrx_word' id='word_1_584' title='bbox 605 4663 665 4728; x_wconf 80' lang='grc' dir='ltr'>ἐξ</span> <span class='ocrx_word' id='word_1_585' title='bbox 689 4665 885 4731; x_wconf 81' lang='grc' dir='ltr'>ἐθνῶν,</span> <span class='ocrx_word' id='word_1_586' title='bbox 918 4668 1064 4739; x_wconf 82' lang='grc' dir='ltr'>ήπερ</span> <span class='ocrx_word' id='word_1_587' title='bbox 1083 4669 1197 4741; x_wconf 71' lang='grc'><strong>(94)</strong></span> <span class='ocrx_word' id='word_1_588' title='bbox 1229 4674 1509 4746; x_wconf 86' lang='grc' dir='ltr'>όἸσραὴλ,</span> <span class='ocrx_word' id='word_1_589' title='bbox 1540 4680 1631 4734; x_wconf 77' lang='grc' dir='ltr'>τὸν</span> <span class='ocrx_word' id='word_1_590' title='bbox 1658 4684 1855 4737; x_wconf 72' lang='grc' dir='ltr'>οἰκεῖον</span> 
     </span>
    </p>
   </div>
   <div class='ocr_carea' id='block_1_82' title="bbox 265 4751 1856 4831">
    <p class='ocr_par' dir='ltr' id='par_1_82' title="bbox 265 4751 1856 4831">
     <span class='ocr_line' id='line_1_82' title="bbox 265 4751 1856 4831; baseline 0.018 -30"><span class='ocrx_word' id='word_1_591' title='bbox 265 4751 666 4820; x_wconf 80' lang='grc' dir='ltr'>ἐπιγνῶσονται</span> <span class='ocrx_word' id='word_1_592' title='bbox 723 4757 1023 4829; x_wconf 89' lang='grc' dir='ltr'>Δεσπότην.</span> <span class='ocrx_word' id='word_1_593' title='bbox 1083 4761 1207 4815; x_wconf 82' lang='grc' dir='ltr'>Εἰδέ</span> <span class='ocrx_word' id='word_1_594' title='bbox 1262 4781 1349 4831; x_wconf 91' lang='grc' dir='ltr'><strong>τις</strong></span> <span class='ocrx_word' id='word_1_595' title='bbox 1404 4767 1580 4825; x_wconf 86' lang='grc' dir='ltr'>ἐθέλοι</span> <span class='ocrx_word' id='word_1_596' title='bbox 1642 4774 1737 4826; x_wconf 84' lang='grc' dir='ltr'><strong>καὶ</strong></span> <span class='ocrx_word' id='word_1_597' title='bbox 1786 4774 1856 4829; x_wconf 79' lang='grc' dir='ltr'>τὰ</span> 
     </span>
    </p>
   </div>
   <div class='ocr_carea' id='block_1_83' title="bbox 1948 3119 3543 3191">
    <p class='ocr_par' dir='ltr' id='par_1_83' title="bbox 1948 3119 3543 3191">
     <span class='ocr_line' id='line_1_83' title="bbox 1948 3119 3543 3191; baseline 0.002 -20"><span class='ocrx_word' id='word_1_598' title='bbox 1948 3134 2086 3188; x_wconf 67' lang='lat' dir='ltr'><strong>quae</strong></span> <span class='ocrx_word' id='word_1_599' title='bbox 2127 3135 2221 3188; x_wconf 87' lang='lat' dir='ltr'><strong>per</strong></span> <span class='ocrx_word' id='word_1_600' title='bbox 2247 3120 2496 3189; x_wconf 87' lang='lat' dir='ltr'><strong>rapinam</strong></span> <span class='ocrx_word' id='word_1_601' title='bbox 2532 3119 2662 3173; x_wconf 90' lang='lat' dir='ltr'><strong>olim</strong></span> <span class='ocrx_word' id='word_1_602' title='bbox 2699 3120 3077 3187; x_wconf 87' lang='lat' dir='ltr'><strong>abstulerant;</strong></span> <span class='ocrx_word' id='word_1_603' title='bbox 3121 3122 3244 3175; x_wconf 84' lang='lat' dir='ltr'><strong>thus</strong></span> <span class='ocrx_word' id='word_1_604' title='bbox 3282 3137 3414 3175; x_wconf 88' lang='lat' dir='ltr'><strong>vero</strong></span> <span class='ocrx_word' id='word_1_605' title='bbox 3444 3138 3543 3191; x_wconf 86' lang='lat' dir='ltr'><strong>pro</strong></span> 
     </span>
    </p>
   </div>
   <div class='ocr_carea' id='block_1_84' title="bbox 1963 3210 3544 3283">
    <p class='ocr_par' dir='ltr' id='par_1_84' title="bbox 1963 3210 3544 3283">
     <span class='ocr_line' id='line_1_84' title="bbox 1963 3210 3544 3283; baseline 0.001 -18"><span class='ocrx_word' id='word_1_606' title='bbox 1963 3210 2271 3273; x_wconf 84' lang='lat' dir='ltr'><strong>sacriﬁciis,</strong></span> <span class='ocrx_word' id='word_1_607' title='bbox 2297 3225 2418 3280; x_wconf 68' lang='lat' dir='ltr'><strong>quae</strong></span> <span class='ocrx_word' id='word_1_608' title='bbox 2438 3210 2556 3264; x_wconf 84' lang='lat' dir='ltr'><strong>lleri</strong></span> <span class='ocrx_word' id='word_1_609' title='bbox 2580 3219 2900 3278; x_wconf 83' lang='lat' dir='ltr'><strong>vetuerant;</strong></span> <span class='ocrx_word' id='word_1_610' title='bbox 2921 3223 2972 3265; x_wconf 89' lang='lat' dir='ltr'><strong>et</strong></span> <span class='ocrx_word' id='word_1_611' title='bbox 3000 3214 3276 3282; x_wconf 88' lang='lat' dir='ltr'><strong>myrrham</strong></span> <span class='ocrx_word' id='word_1_612' title='bbox 3306 3212 3544 3283; x_wconf 87' lang='lat' dir='ltr'><strong>denique</strong></span> 
     </span>
    </p>
   </div>
   <div class='ocr_carea' id='block_1_85' title="bbox 1962 3298 3542 3369">
    <p class='ocr_par' dir='ltr' id='par_1_85' title="bbox 1962 3298 3542 3369">
     <span class='ocr_line' id='line_1_85' title="bbox 1962 3298 3542 3369; baseline 0.002 -18"><span class='ocrx_word' id='word_1_613' title='bbox 1962 3314 2063 3368; x_wconf 89' lang='lat' dir='ltr'><strong>pro</strong></span> <span class='ocrx_word' id='word_1_614' title='bbox 2097 3298 2228 3360; x_wconf 89' lang='lat' dir='ltr'><strong>illis,</strong></span> <span class='ocrx_word' id='word_1_615' title='bbox 2263 3300 2353 3366; x_wconf 91' lang='lat' dir='ltr'><strong>qui</strong></span> <span class='ocrx_word' id='word_1_616' title='bbox 2386 3298 2455 3353; x_wconf 86' lang='lat' dir='ltr'><strong>ab</strong></span> <span class='ocrx_word' id='word_1_617' title='bbox 2503 3298 2639 3368; x_wconf 83' lang='lat' dir='ltr'><strong>ipsis</strong></span> <span class='ocrx_word' id='word_1_618' title='bbox 2669 3309 2827 3352; x_wconf 87' lang='lat' dir='ltr'><strong>erant</strong></span> <span class='ocrx_word' id='word_1_619' title='bbox 2872 3299 3155 3365; x_wconf 88' lang='lat' dir='ltr'><strong>trucidati,</strong></span> <span class='ocrx_word' id='word_1_620' title='bbox 3201 3315 3455 3369; x_wconf 89' lang='lat' dir='ltr'><strong>quosque</strong></span> <span class='ocrx_word' id='word_1_621' title='bbox 3485 3301 3542 3354; x_wconf 92' lang='lat' dir='ltr'><strong>iu</strong></span> 
     </span>
    </p>
   </div>
   <div class='ocr_carea' id='block_1_86' title="bbox 1962 3390 3545 3461">
    <p class='ocr_par' dir='ltr' id='par_1_86' title="bbox 1962 3390 3545 3461">
     <span class='ocr_line' id='line_1_86' title="bbox 1962 3390 3545 3461; baseline 0.002 -17"><span class='ocrx_word' id='word_1_622' title='bbox 1962 3390 2345 3461; x_wconf 79' lang='lat' dir='ltr'><strong>frequentibus</strong></span> <span class='ocrx_word' id='word_1_623' title='bbox 2374 3392 2493 3445; x_wconf 87' lang='lat' dir='ltr'><strong>suis</strong></span> <span class='ocrx_word' id='word_1_624' title='bbox 2530 3392 2935 3457; x_wconf 86' lang='lat' dir='ltr'><strong>obsidionibus,</strong></span> <span class='ocrx_word' id='word_1_625' title='bbox 2965 3392 3208 3447; x_wconf 83' lang='lat' dir='ltr'><strong>excitare</strong></span> <span class='ocrx_word' id='word_1_626' title='bbox 3235 3401 3290 3446; x_wconf 88' lang='lat' dir='ltr'><strong>et</strong></span> <span class='ocrx_word' id='word_1_627' title='bbox 3320 3394 3374 3446; x_wconf 91' lang='lat' dir='ltr'><strong>in</strong></span> <span class='ocrx_word' id='word_1_628' title='bbox 3404 3393 3545 3447; x_wconf 88' lang='lat' dir='ltr'><strong>inte-</strong></span> 
     </span>
    </p>
   </div>
   <div class='ocr_carea' id='block_1_87' title="bbox 1960 3485 3544 3557">
    <p class='ocr_par' dir='ltr' id='par_1_87' title="bbox 1960 3485 3544 3557">
     <span class='ocr_line' id='line_1_87' title="bbox 1960 3485 3544 3557; baseline 0.003 -19"><span class='ocrx_word' id='word_1_629' title='bbox 1960 3502 2114 3556; x_wconf 79' lang='lat' dir='ltr'><strong>grum</strong></span> <span class='ocrx_word' id='word_1_630' title='bbox 2149 3486 2440 3541; x_wconf 88' lang='lat' dir='ltr'><strong>restituere</strong></span> <span class='ocrx_word' id='word_1_631' title='bbox 2471 3486 2819 3555; x_wconf 86' lang='lat' dir='ltr'><strong>potuissent;</strong></span> <span class='ocrx_word' id='word_1_632' title='bbox 2855 3486 2942 3540; x_wconf 89' lang='lat' dir='ltr'><strong>his</strong></span> <span class='ocrx_word' id='word_1_633' title='bbox 2992 3485 3138 3540; x_wconf 90' lang='lat' dir='ltr'><strong>enim</strong></span> <span class='ocrx_word' id='word_1_634' title='bbox 3175 3488 3394 3557; x_wconf 88' lang='lat' dir='ltr'><strong>myrrha</strong></span> <span class='ocrx_word' id='word_1_635' title='bbox 3425 3489 3544 3542; x_wconf 91' lang='lat' dir='ltr'><strong>cul-</strong></span> 
     </span>
    </p>
   </div>
   <div class='ocr_carea' id='block_1_88' title="bbox 1960 3581 3541 3651">
    <p class='ocr_par' dir='ltr' id='par_1_88' title="bbox 1960 3581 3541 3651">
     <span class='ocr_line' id='line_1_88' title="bbox 1960 3581 3541 3651; baseline 0.001 -16"><span class='ocrx_word' id='word_1_636' title='bbox 1960 3591 2076 3635; x_wconf 89' lang='lat' dir='ltr'><strong>tum</strong></span> <span class='ocrx_word' id='word_1_637' title='bbox 2105 3581 2267 3651; x_wconf 90' lang='lat' dir='ltr'><strong>quasi</strong></span> <span class='ocrx_word' id='word_1_638' title='bbox 2296 3596 2456 3634; x_wconf 91' lang='lat' dir='ltr'><strong>suum</strong></span> <span class='ocrx_word' id='word_1_639' title='bbox 2504 3590 2560 3634; x_wconf 89' lang='lat' dir='ltr'><strong>et</strong></span> <span class='ocrx_word' id='word_1_640' title='bbox 2588 3581 2830 3635; x_wconf 87' lang='lat' dir='ltr'><strong>studimn</strong></span> <span class='ocrx_word' id='word_1_641' title='bbox 2858 3582 3050 3635; x_wconf 86' lang='lat' dir='ltr'><strong>testari</strong></span> <span class='ocrx_word' id='word_1_642' title='bbox 3098 3590 3375 3649; x_wconf 82' lang='lat' dir='ltr'><strong>poterant.</strong></span> <span class='ocrx_word' id='word_1_643' title='bbox 3406 3581 3541 3636; x_wconf 79' lang='lat' dir='ltr'><strong>For-</strong></span> 
     </span>
    </p>
   </div>
   <div class='ocr_carea' id='block_1_89' title="bbox 1964 3670 3541 3740">
    <p class='ocr_par' dir='ltr' id='par_1_89' title="bbox 1964 3670 3541 3740">
     <span class='ocr_line' id='line_1_89' title="bbox 1964 3670 3541 3740; baseline 0.002 -18"><span class='ocrx_word' id='word_1_644' title='bbox 1964 3680 2109 3724; x_wconf 81' lang='lat' dir='ltr'><strong>tasse</strong></span> <span class='ocrx_word' id='word_1_645' title='bbox 2131 3686 2261 3725; x_wconf 89' lang='lat' dir='ltr'><strong>vero</strong></span> <span class='ocrx_word' id='word_1_646' title='bbox 2282 3671 2445 3724; x_wconf 86' lang='lat' dir='ltr'><strong>etiam</strong></span> <span class='ocrx_word' id='word_1_647' title='bbox 2477 3686 2571 3739; x_wconf 90' lang='lat' dir='ltr'><strong>per</strong></span> <span class='ocrx_word' id='word_1_648' title='bbox 2595 3670 2873 3740; x_wconf 87' lang='lat' dir='ltr'><strong>myrrham</strong></span> <span class='ocrx_word' id='word_1_649' title='bbox 2906 3671 3074 3723; x_wconf 85' lang='lat' dir='ltr'><strong>animi</strong></span> <span class='ocrx_word' id='word_1_650' title='bbox 3103 3673 3187 3725; x_wconf 90' lang='lat' dir='ltr'><strong>sui</strong></span> <span class='ocrx_word' id='word_1_651' title='bbox 3215 3673 3541 3726; x_wconf 87' lang='lat' dir='ltr'><strong>sententiam</strong></span> 
     </span>
    </p>
   </div>
   <div class='ocr_carea' id='block_1_90' title="bbox 1960 3761 3540 3831">
    <p class='ocr_par' dir='ltr' id='par_1_90' title="bbox 1960 3761 3540 3831">
     <span class='ocr_line' id='line_1_90' title="bbox 1960 3761 3540 3831; baseline 0.001 -14"><span class='ocrx_word' id='word_1_652' title='bbox 1960 3763 2244 3817; x_wconf 83' lang='lat' dir='ltr'><strong>declarare</strong></span> <span class='ocrx_word' id='word_1_653' title='bbox 2294 3763 2609 3823; x_wconf 88' lang='lat' dir='ltr'><strong>voluerunt,</strong></span> <span class='ocrx_word' id='word_1_654' title='bbox 2664 3761 2813 3829; x_wconf 88' lang='lat' dir='ltr'><strong>quod</strong></span> <span class='ocrx_word' id='word_1_655' title='bbox 2860 3762 3072 3817; x_wconf 85' lang='lat' dir='ltr'><strong>scilicet</strong></span> <span class='ocrx_word' id='word_1_656' title='bbox 3102 3778 3200 3831; x_wconf 91' lang='lat' dir='ltr'><strong>pro</strong></span> <span class='ocrx_word' id='word_1_657' title='bbox 3250 3764 3390 3817; x_wconf 82' lang='lat' dir='ltr'><strong>virili</strong></span> <span class='ocrx_word' id='word_1_658' title='bbox 3442 3781 3540 3819; x_wconf 88' lang='lat' dir='ltr'><strong>sua</strong></span> 
     </span>
    </p>
   </div>
   <div class='ocr_carea' id='block_1_91' title="bbox 1960 3854 3538 3925">
    <p class='ocr_par' dir='ltr' id='par_1_91' title="bbox 1960 3854 3538 3925">
     <span class='ocr_line' id='line_1_91' title="bbox 1960 3854 3538 3925; baseline 0.003 -18"><span class='ocrx_word' id='word_1_659' title='bbox 1960 3865 2119 3925; x_wconf 90' lang='lat' dir='ltr'><strong>parte</strong></span> <span class='ocrx_word' id='word_1_660' title='bbox 2148 3854 2414 3923; x_wconf 85' lang='lat' dir='ltr'><strong>templum</strong></span> <span class='ocrx_word' id='word_1_661' title='bbox 2447 3854 2576 3907; x_wconf 91' lang='lat' dir='ltr'><strong>olim</strong></span> <span class='ocrx_word' id='word_1_662' title='bbox 2609 3868 2862 3908; x_wconf 84' lang='lat' dir='ltr'><strong>eversum</strong></span> <span class='ocrx_word' id='word_1_663' title='bbox 2914 3864 2970 3907; x_wconf 88' lang='lat' dir='ltr'><strong>et</strong></span> <span class='ocrx_word' id='word_1_664' title='bbox 3005 3856 3197 3909; x_wconf 87' lang='lat' dir='ltr'><strong>urbcro</strong></span> <span class='ocrx_word' id='word_1_665' title='bbox 3227 3856 3538 3912; x_wconf 85' lang='lat' dir='ltr'><strong>Jerusalem</strong></span> 
     </span>
    </p>
   </div>
   <div class='ocr_carea' id='block_1_92' title="bbox 1961 3946 3540 4020">
    <p class='ocr_par' dir='ltr' id='par_1_92' title="bbox 1961 3946 3540 4020">
     <span class='ocr_line' id='line_1_92' title="bbox 1961 3946 3540 4020; baseline 0.003 -20"><span class='ocrx_word' id='word_1_666' title='bbox 1961 3948 2277 4001; x_wconf 86' lang='lat' dir='ltr'><strong>instaurare</strong></span> <span class='ocrx_word' id='word_1_667' title='bbox 2310 3946 2542 4000; x_wconf 87' lang='lat' dir='ltr'><strong>libenter</strong></span> <span class='ocrx_word' id='word_1_668' title='bbox 2581 3947 2806 4001; x_wconf 85' lang='lat' dir='ltr'><strong>vellent.</strong></span> <span class='ocrx_word' id='word_1_669' title='bbox 2839 3946 3055 4015; x_wconf 84' lang='lat' dir='ltr'><strong>Myrrha</strong></span> <span class='ocrx_word' id='word_1_670' title='bbox 3085 3948 3230 4002; x_wconf 88' lang='lat' dir='ltr'><strong>enim</strong></span> <span class='ocrx_word' id='word_1_671' title='bbox 3284 3965 3367 4013; x_wconf 89' lang='lat' dir='ltr'><strong>ea,</strong></span> <span class='ocrx_word' id='word_1_672' title='bbox 3417 3967 3540 4020; x_wconf 79' lang='lat' dir='ltr'><strong>qua:</strong></span> 
     </span>
    </p>
   </div>
   <div class='ocr_carea' id='block_1_93' title="bbox 1957 4038 3540 4108">
    <p class='ocr_par' dir='ltr' id='par_1_93' title="bbox 1957 4038 3540 4108">
     <span class='ocr_line' id='line_1_93' title="bbox 1957 4038 3540 4108; baseline 0 -14"><span class='ocrx_word' id='word_1_673' title='bbox 1957 4040 2219 4095; x_wconf 89' lang='lat' dir='ltr'><strong>distracta</strong></span> <span class='ocrx_word' id='word_1_674' title='bbox 2246 4047 2302 4092; x_wconf 86' lang='lat' dir='ltr'><strong>et</strong></span> <span class='ocrx_word' id='word_1_675' title='bbox 2338 4038 2642 4094; x_wconf 87' lang='lat' dir='ltr'><strong>disturbata</strong></span> <span class='ocrx_word' id='word_1_676' title='bbox 2671 4050 2823 4102; x_wconf 90' lang='lat' dir='ltr'><strong>sunt,</strong></span> <span class='ocrx_word' id='word_1_677' title='bbox 2860 4040 3240 4108; x_wconf 82' lang='lat' dir='ltr'><strong>constringere</strong></span> <span class='ocrx_word' id='word_1_678' title='bbox 3266 4049 3320 4093; x_wconf 90' lang='lat' dir='ltr'><strong>et</strong></span> <span class='ocrx_word' id='word_1_679' title='bbox 3362 4042 3540 4094; x_wconf 89' lang='lat' dir='ltr'><strong>conti-</strong></span> 
     </span>
    </p>
   </div>
   <div class='ocr_carea' id='block_1_94' title="bbox 1957 4132 3537 4200">
    <p class='ocr_par' dir='ltr' id='par_1_94' title="bbox 1957 4132 3537 4200">
     <span class='ocr_line' id='line_1_94' title="bbox 1957 4132 3537 4200; baseline 0 -13"><span class='ocrx_word' id='word_1_680' title='bbox 1957 4150 2090 4188; x_wconf 86' lang='lat' dir='ltr'><strong>nere</strong></span> <span class='ocrx_word' id='word_1_681' title='bbox 2116 4135 2282 4189; x_wconf 86' lang='lat' dir='ltr'><strong>solet.</strong></span> <span class='ocrx_word' id='word_1_682' title='bbox 2320 4133 2584 4200; x_wconf 79' lang='lat' dir='ltr'><strong>Quamvis</strong></span> <span class='ocrx_word' id='word_1_683' title='bbox 2611 4133 2757 4188; x_wconf 83' lang='lat' dir='ltr'><strong>enim</strong></span> <span class='ocrx_word' id='word_1_684' title='bbox 2790 4133 2892 4187; x_wconf 85' lang='lat' dir='ltr'><strong>sub</strong></span> <span class='ocrx_word' id='word_1_685' title='bbox 2925 4132 3101 4186; x_wconf 85' lang='lat' dir='ltr'><strong>Esdra</strong></span> <span class='ocrx_word' id='word_1_686' title='bbox 3130 4143 3183 4186; x_wconf 90' lang='lat' dir='ltr'><strong>et</strong></span> <span class='ocrx_word' id='word_1_687' title='bbox 3215 4133 3537 4187; x_wconf 82' lang='lat' dir='ltr'><strong>Zorobabele</strong></span> 
     </span>
    </p>
   </div>
   <div class='ocr_carea' id='block_1_95' title="bbox 1957 4227 3534 4297">
    <p class='ocr_par' dir='ltr' id='par_1_95' title="bbox 1957 4227 3534 4297">
     <span class='ocr_line' id='line_1_95' title="bbox 1957 4227 3534 4297; baseline -0.001 -16"><span class='ocrx_word' id='word_1_688' title='bbox 1957 4227 2247 4293; x_wconf 90' lang='lat' dir='ltr'><strong>nonnulla,</strong></span> <span class='ocrx_word' id='word_1_689' title='bbox 2304 4243 2427 4297; x_wconf 71' lang='lat' dir='ltr'><strong>qua:</strong></span> <span class='ocrx_word' id='word_1_690' title='bbox 2478 4242 2545 4282; x_wconf 78' lang='lat' dir='ltr'><strong>ex</strong></span> <span class='ocrx_word' id='word_1_691' title='bbox 2607 4228 2784 4281; x_wconf 91' lang='lat' dir='ltr'><strong>sacris</strong></span> <span class='ocrx_word' id='word_1_692' title='bbox 2836 4229 2889 4280; x_wconf 91' lang='lat' dir='ltr'><strong>in</strong></span> <span class='ocrx_word' id='word_1_693' title='bbox 2942 4227 3177 4296; x_wconf 66' lang='lat' dir='ltr'><strong>praedam</strong></span> <span class='ocrx_word' id='word_1_694' title='bbox 3232 4239 3534 4290; x_wconf 86' lang='lat' dir='ltr'><strong>cesserant,</strong></span> 
     </span>
    </p>
   </div>
   <div class='ocr_carea' id='block_1_96' title="bbox 1956 4320 3532 4386">
    <p class='ocr_par' dir='ltr' id='par_1_96' title="bbox 1956 4320 3532 4386">
     <span class='ocr_line' id='line_1_96' title="bbox 1956 4320 3532 4386; baseline -0.002 -13"><span class='ocrx_word' id='word_1_695' title='bbox 1956 4320 2307 4386; x_wconf 71' lang='lat' dir='ltr'><strong>offerrentur,</strong></span> <span class='ocrx_word' id='word_1_696' title='bbox 2338 4329 2501 4375; x_wconf 85' lang='lat' dir='ltr'><strong>tenue</strong></span> <span class='ocrx_word' id='word_1_697' title='bbox 2545 4330 2727 4374; x_wconf 82' lang='lat' dir='ltr'><strong>tamen</strong></span> <span class='ocrx_word' id='word_1_698' title='bbox 2760 4320 2890 4373; x_wconf 91' lang='lat' dir='ltr'><strong>illud</strong></span> <span class='ocrx_word' id='word_1_699' title='bbox 2926 4335 3090 4374; x_wconf 89' lang='lat' dir='ltr'><strong>omne</strong></span> <span class='ocrx_word' id='word_1_700' title='bbox 3136 4332 3189 4373; x_wconf 84' lang='lat' dir='ltr'><strong>et</strong></span> <span class='ocrx_word' id='word_1_701' title='bbox 3233 4320 3348 4374; x_wconf 85' lang='lat' dir='ltr'><strong>leve</strong></span> <span class='ocrx_word' id='word_1_702' title='bbox 3395 4330 3532 4383; x_wconf 87' lang='lat' dir='ltr'><strong>erat,</strong></span> 
     </span>
    </p>
   </div>
   <div class='ocr_carea' id='block_1_97' title="bbox 1958 4414 3530 4479">
    <p class='ocr_par' dir='ltr' id='par_1_97' title="bbox 1958 4414 3530 4479">
     <span class='ocr_line' id='line_1_97' title="bbox 1958 4414 3530 4479; baseline -0.003 -9"><span class='ocrx_word' id='word_1_703' title='bbox 1958 4431 2083 4470; x_wconf 89' lang='lat' dir='ltr'><strong>cum</strong></span> <span class='ocrx_word' id='word_1_704' title='bbox 2115 4430 2216 4469; x_wconf 91' lang='lat' dir='ltr'><strong>nec</strong></span> <span class='ocrx_word' id='word_1_705' title='bbox 2246 4414 2532 4469; x_wconf 86' lang='lat' dir='ltr'><strong>Liberator</strong></span> <span class='ocrx_word' id='word_1_706' title='bbox 2570 4423 2625 4468; x_wconf 85' lang='lat' dir='ltr'><strong>et</strong></span> <span class='ocrx_word' id='word_1_707' title='bbox 2653 4415 2911 4468; x_wconf 82' lang='lat' dir='ltr'><strong>Servatur</strong></span> <span class='ocrx_word' id='word_1_708' title='bbox 2955 4424 3145 4469; x_wconf 85' lang='lat' dir='ltr'><strong>noster</strong></span> <span class='ocrx_word' id='word_1_709' title='bbox 3195 4414 3530 4479; x_wconf 85' lang='lat' dir='ltr'><strong>advenisset,</strong></span> 
     </span>
    </p>
   </div>
   <div class='ocr_carea' id='block_1_98' title="bbox 1957 4503 3528 4575">
    <p class='ocr_par' dir='ltr' id='par_1_98' title="bbox 1957 4503 3528 4575">
     <span class='ocr_line' id='line_1_98' title="bbox 1957 4503 3528 4575; baseline -0.004 -14"><span class='ocrx_word' id='word_1_710' title='bbox 1957 4522 2059 4561; x_wconf 91' lang='lat' dir='ltr'><strong>nec</strong></span> <span class='ocrx_word' id='word_1_711' title='bbox 2084 4506 2184 4568; x_wconf 87' lang='lat' dir='ltr'><strong>illi,</strong></span> <span class='ocrx_word' id='word_1_712' title='bbox 2216 4506 2311 4575; x_wconf 92' lang='lat' dir='ltr'><strong>qui</strong></span> <span class='ocrx_word' id='word_1_713' title='bbox 2352 4504 2590 4574; x_wconf 83' lang='lat' dir='ltr'><strong>praedam</strong></span> <span class='ocrx_word' id='word_1_714' title='bbox 2621 4504 2889 4569; x_wconf 84' lang='lat' dir='ltr'><strong>fecerant,</strong></span> <span class='ocrx_word' id='word_1_715' title='bbox 2923 4504 3100 4573; x_wconf 86' lang='lat' dir='ltr'><strong>spolia</strong></span> <span class='ocrx_word' id='word_1_716' title='bbox 3152 4503 3243 4557; x_wconf 88' lang='lat' dir='ltr'><strong>illa</strong></span> <span class='ocrx_word' id='word_1_717' title='bbox 3278 4504 3402 4571; x_wconf 88' lang='lat' dir='ltr'><strong>ipsi,</strong></span> <span class='ocrx_word' id='word_1_718' title='bbox 3435 4504 3528 4557; x_wconf 85' lang='lat' dir='ltr'><strong>sed</strong></span> 
     </span>
    </p>
   </div>
   <div class='ocr_carea' id='block_1_99' title="bbox 1957 4594 3532 4668">
    <p class='ocr_par' dir='ltr' id='par_1_99' title="bbox 1957 4594 3532 4668">
     <span class='ocr_line' id='line_1_99' title="bbox 1957 4594 3532 4668; baseline -0.003 -16"><span class='ocrx_word' id='word_1_719' title='bbox 1957 4614 2051 4668; x_wconf 87' lang='lat' dir='ltr'><strong>per</strong></span> <span class='ocrx_word' id='word_1_720' title='bbox 2096 4598 2257 4659; x_wconf 88' lang='lat' dir='ltr'><strong>alios,</strong></span> <span class='ocrx_word' id='word_1_721' title='bbox 2310 4596 2592 4650; x_wconf 82' lang='lat' dir='ltr'><strong>oﬁ‘errent.</strong></span> <span class='ocrx_word' id='word_1_722' title='bbox 2646 4595 2818 4649; x_wconf 90' lang='lat' dir='ltr'><strong>Porro</strong></span> <span class='ocrx_word' id='word_1_723' title='bbox 2863 4594 3003 4648; x_wconf 90' lang='lat' dir='ltr'><strong>idem</strong></span> <span class='ocrx_word' id='word_1_724' title='bbox 3061 4594 3352 4647; x_wconf 89' lang='lat' dir='ltr'><strong>Persarum</strong></span> <span class='ocrx_word' id='word_1_725' title='bbox 3406 4605 3532 4647; x_wconf 80' lang='lat' dir='ltr'><strong>ante.</strong></span> 
     </span>
    </p>
   </div>
   <div class='ocr_carea' id='block_1_100' title="bbox 1957 4684 3525 4757">
    <p class='ocr_par' dir='ltr' id='par_1_100' title="bbox 1957 4684 3525 4757">
     <span class='ocr_line' id='line_1_100' title="bbox 1957 4684 3525 4757; baseline -0.005 -13"><span class='ocrx_word' id='word_1_726' title='bbox 1957 4698 2188 4745; x_wconf 62' lang='lat' dir='ltr'><strong>ceteros</strong></span> <span class='ocrx_word' id='word_1_727' title='bbox 2217 4688 2487 4742; x_wconf 86' lang='lat' dir='ltr'><strong>adventus</strong></span> <span class='ocrx_word' id='word_1_728' title='bbox 2515 4684 2989 4757; x_wconf 70' lang='lat' dir='ltr'><strong>praesigniﬁcabat,</strong></span> <span class='ocrx_word' id='word_1_729' title='bbox 3031 4685 3261 4753; x_wconf 80' lang='lat' dir='ltr'><strong>gentiles</strong></span> <span class='ocrx_word' id='word_1_730' title='bbox 3296 4685 3525 4754; x_wconf 80' lang='lat' dir='ltr'><strong>priores,</strong></span> 
     </span>
    </p>
   </div>
   <div class='ocr_carea' id='block_1_101' title="bbox 1955 4776 3529 4852">
    <p class='ocr_par' dir='ltr' id='par_1_101' title="bbox 1955 4776 3529 4852">
     <span class='ocr_line' id='line_1_101' title="bbox 1955 4776 3529 4852; baseline -0.003 -16"><span class='ocrx_word' id='word_1_731' title='bbox 1955 4797 2122 4852; x_wconf 89' lang='lat' dir='ltr'><strong>quam</strong></span> <span class='ocrx_word' id='word_1_732' title='bbox 2161 4779 2404 4847; x_wconf 67' lang='lat' dir='ltr'><strong>Judaaos,</strong></span> <span class='ocrx_word' id='word_1_733' title='bbox 2437 4778 2729 4834; x_wconf 89' lang='lat' dir='ltr'><strong>Dominum</strong></span> <span class='ocrx_word' id='word_1_734' title='bbox 2761 4793 2922 4834; x_wconf 90' lang='lat' dir='ltr'><strong>suum</strong></span> <span class='ocrx_word' id='word_1_735' title='bbox 2966 4778 3249 4848; x_wconf 83' lang='lat' dir='ltr'><strong>agnituros</strong></span> <span class='ocrx_word' id='word_1_736' title='bbox 3291 4790 3433 4833; x_wconf 88' lang='lat' dir='ltr'><strong>esse.</strong></span> <span class='ocrx_word' id='word_1_737' title='bbox 3472 4776 3529 4832; x_wconf 90' lang='lat' dir='ltr'><strong>Si</strong></span> 
     </span>
    </p>
   </div>
   <div class='ocr_carea' id='block_1_102' title="bbox 1804 4954 2039 5016">
    <p class='ocr_par' dir='ltr' id='par_1_102' title="bbox 1804 4954 2039 5016">
     <span class='ocr_line' id='line_1_102' title="bbox 1804 4954 2039 5016; baseline 0.021 -5"><span class='ocrx_word' id='word_1_738' title='bbox 1804 4954 2039 5016; x_wconf 75' lang='grc' dir='ltr'><strong>ΝΟΤΑΞ.</strong></span> 
     </span>
    </p>
   </div>
   <div class='ocr_carea' id='block_1_103' title="bbox 339 5147 1854 5228">
    <p class='ocr_par' dir='ltr' id='par_1_103' title="bbox 339 5147 1854 5228">
     <span class='ocr_line' id='line_1_103' title="bbox 339 5147 1854 5228; baseline 0.006 -24"><span class='ocrx_word' id='word_1_739' title='bbox 339 5148 456 5228; x_wconf 62' lang='grc'>(87)</span> <span class='ocrx_word' id='word_1_740' title='bbox 484 5147 648 5204; x_wconf 79' lang='lat' dir='ltr'><strong>Coisl.</strong></span> <span class='ocrx_word' id='word_1_741' title='bbox 679 5150 1188 5228; x_wconf 74' lang='grc' dir='ltr'>δωροφορούμενος.</span> <span class='ocrx_word' id='word_1_742' title='bbox 1210 5152 1529 5228; x_wconf 77' lang='lat' dir='ltr'><strong>Legendum</strong></span> <span class='ocrx_word' id='word_1_743' title='bbox 1546 5160 1727 5213; x_wconf 78' lang='lat' dir='ltr'><strong>videri</strong></span> <span class='ocrx_word' id='word_1_744' title='bbox 1756 5174 1854 5228; x_wconf 72' lang='grc' dir='ltr'>ροσ-</span> 
     </span>
    </p>
   </div>
   <div class='ocr_carea' id='block_1_104' title="bbox 259 5220 1848 5292">
    <p class='ocr_par' dir='ltr' id='par_1_104' title="bbox 259 5220 1848 5292">
     <span class='ocr_line' id='line_1_104' title="bbox 259 5220 1848 5292; baseline 0.006 -17"><span class='ocrx_word' id='word_1_745' title='bbox 259 5228 413 5275; x_wconf 84' lang='lat' dir='ltr'><strong>terat</strong></span> <span class='ocrx_word' id='word_1_746' title='bbox 431 5220 931 5291; x_wconf 82' lang='grc' dir='ltr'>δωροφορούμενος,</span> <span class='ocrx_word' id='word_1_747' title='bbox 955 5220 1111 5292; x_wconf 86' lang='lat' dir='ltr'><strong>quasi</strong></span> <span class='ocrx_word' id='word_1_748' title='bbox 1132 5220 1434 5279; x_wconf 66' lang='lat' dir='ltr'><strong>muneribus</strong></span> <span class='ocrx_word' id='word_1_749' title='bbox 1456 5220 1848 5285; x_wconf 50' lang='lat' dir='ltr'><strong>cohonestet-us.</strong></span> 
     </span>
    </p>
   </div>
   <div class='ocr_carea' id='block_1_105' title="bbox 265 5292 1848 5367">
    <p class='ocr_par' dir='ltr' id='par_1_105' title="bbox 265 5292 1848 5367">
     <span class='ocr_line' id='line_1_105' title="bbox 265 5292 1848 5367; baseline 0.005 -22"><span class='ocrx_word' id='word_1_750' title='bbox 265 5292 501 5367; x_wconf 56' lang='lat' dir='ltr'><strong>Praestat</strong></span> <span class='ocrx_word' id='word_1_751' title='bbox 536 5306 664 5342; x_wconf 89' lang='lat' dir='ltr'><strong>vero</strong></span> <span class='ocrx_word' id='word_1_752' title='bbox 698 5303 948 5367; x_wconf 77' lang='lat' dir='ltr'><strong>nostrqu</strong></span> <span class='ocrx_word' id='word_1_753' title='bbox 989 5294 1143 5357; x_wconf 91' lang='lat' dir='ltr'><strong>illud,</strong></span> <span class='ocrx_word' id='word_1_754' title='bbox 1192 5310 1302 5362; x_wconf 91' lang='lat' dir='ltr'><strong>quo</strong></span> <span class='ocrx_word' id='word_1_755' title='bbox 1343 5304 1395 5349; x_wconf 87' lang='lat' dir='ltr'><strong>et</strong></span> <span class='ocrx_word' id='word_1_756' title='bbox 1418 5298 1655 5367; x_wconf 80' lang='lat' dir='ltr'><strong>PltOlittS</strong></span> <span class='ocrx_word' id='word_1_757' title='bbox 1689 5302 1848 5367; x_wconf 89' lang='lat' dir='ltr'><strong>alias,</strong></span> 
     </span>
    </p>
   </div>
   <div class='ocr_carea' id='block_1_106' title="bbox 263 5361 1851 5431">
    <p class='ocr_par' dir='ltr' id='par_1_106' title="bbox 263 5361 1851 5431">
     <span class='ocr_line' id='line_1_106' title="bbox 263 5361 1851 5431; baseline 0.004 -15"><span class='ocrx_word' id='word_1_758' title='bbox 263 5373 324 5418; x_wconf 79' lang='lat' dir='ltr'><strong>et</strong></span> <span class='ocrx_word' id='word_1_759' title='bbox 365 5361 673 5429; x_wconf 81' lang='lat' dir='ltr'><strong>Scriptores</strong></span> <span class='ocrx_word' id='word_1_760' title='bbox 704 5362 1020 5431; x_wconf 79' lang='lat' dir='ltr'><strong>frequenter</strong></span> <span class='ocrx_word' id='word_1_761' title='bbox 1050 5361 1298 5429; x_wconf 87' lang='lat' dir='ltr'><strong>utuntur,</strong></span> <span class='ocrx_word' id='word_1_762' title='bbox 1338 5366 1427 5419; x_wconf 89' lang='lat' dir='ltr'><strong>ubi</strong></span> <span class='ocrx_word' id='word_1_763' title='bbox 1474 5370 1540 5422; x_wconf 85' lang='lat' dir='ltr'><strong>de</strong></span> <span class='ocrx_word' id='word_1_764' title='bbox 1589 5361 1851 5423; x_wconf 77' lang='lat' dir='ltr'><strong>satellitio</strong></span> 
     </span>
    </p>
   </div>
   <div class='ocr_carea' id='block_1_107' title="bbox 264 5432 1852 5509">
    <p class='ocr_par' dir='ltr' id='par_1_107' title="bbox 264 5432 1852 5509">
     <span class='ocr_line' id='line_1_107' title="bbox 264 5432 1852 5509; baseline 0.009 -29"><span class='ocrx_word' id='word_1_765' title='bbox 264 5434 426 5509; x_wconf 43' lang='lat' dir='ltr'><strong>legio</strong></span> <span class='ocrx_word' id='word_1_766' title='bbox 475 5432 994 5509; x_wconf 42' lang='lat' dir='ltr'><strong>ser_moﬁest._\_&#39;ide</strong></span> <span class='ocrx_word' id='word_1_767' title='bbox 1040 5450 1162 5509; x_wconf 67' lang='lat' dir='ltr'><strong>quae</strong></span> <span class='ocrx_word' id='word_1_768' title='bbox 1210 5436 1277 5489; x_wconf 92' lang='lat' dir='ltr'><strong>de</strong></span> <span class='ocrx_word' id='word_1_769' title='bbox 1295 5435 1649 5509; x_wconf 57' lang='lat' dir='ltr'><strong>_§Oputpépot;</strong></span> <span class='ocrx_word' id='word_1_770' title='bbox 1695 5441 1852 5494; x_wconf 73' lang='lat' dir='ltr'><strong>affert</strong></span> 
     </span>
    </p>
   </div>
   <div class='ocr_carea' id='block_1_108' title="bbox 262 5499 1850 5577">
    <p class='ocr_par' dir='ltr' id='par_1_108' title="bbox 262 5499 1850 5577">
     <span class='ocr_line' id='line_1_108' title="bbox 262 5499 1850 5577; baseline 0.004 -21"><span class='ocrx_word' id='word_1_771' title='bbox 262 5499 529 5577; x_wconf 66' lang='lat' dir='ltr'><strong>E&#39;lisius_</strong></span> <span class='ocrx_word' id='word_1_772' title='bbox 556 5501 607 5552; x_wconf 85' lang='lat' dir='ltr'><strong>in</strong></span> <span class='ocrx_word' id='word_1_773' title='bbox 636 5499 925 5577; x_wconf 78' lang='lat' dir='ltr'><strong>_Fort_uitis_</strong></span> <span class='ocrx_word' id='word_1_774' title='bbox 967 5499 1136 5577; x_wconf 68' lang='lat' dir='ltr'><strong>sacris</strong></span> <span class='ocrx_word' id='word_1_775' title='bbox 1190 5499 1571 5577; x_wconf 36' lang='lat' dir='ltr'><strong>[latim-etde</strong></span> <span class='ocrx_word' id='word_1_776' title='bbox 1623 5499 1850 5577; x_wconf 83' lang='grc' dir='ltr'>δορυφο-</span> 
     </span>
    </p>
   </div>
   <div class='ocr_carea' id='block_1_109' title="bbox 262 5570 1847 5697">
    <p class='ocr_par' dir='ltr' id='par_1_109' title="bbox 262 5570 1847 5697">
     <span class='ocr_line' id='line_1_109' title="bbox 262 5570 1847 5697; baseline 0.006 -72"><span class='ocrx_word' id='word_1_777' title='bbox 262 5572 462 5697; x_wconf 50' lang='lat' dir='ltr'><strong>priﬁscrgt.4</strong></span> <span class='ocrx_word' id='word_1_778' title='bbox 493 5570 688 5625; x_wconf 85' lang='lat' dir='ltr'><strong>Ezech.</strong></span> <span class='ocrx_word' id='word_1_779' title='bbox 763 5572 1128 5642; x_wconf 81' lang='lat' dir='ltr'><strong>Spanhcmius</strong></span> <span class='ocrx_word' id='word_1_780' title='bbox 1196 5570 1270 5629; x_wconf 65' lang='lat' dir='ltr'><strong>ad</strong></span> <span class='ocrx_word' id='word_1_781' title='bbox 1336 5576 1570 5633; x_wconf 74' lang='lat' dir='ltr'><strong>Cwsares</strong></span> <span class='ocrx_word' id='word_1_782' title='bbox 1638 5570 1847 5635; x_wconf 71' lang='grc' dir='ltr'><strong>Ιίιιὶὰηί</strong></span> 
     </span>
     <span class='ocr_line' id='line_1_110' title="bbox 262 5662 482 5697; baseline -0.009 0"><span class='ocrx_word' id='word_1_783' title='bbox 262 5662 320 5697; x_wconf 78' lang='grc' dir='ltr'>ι).</span> <span class='ocrx_word' id='word_1_784' title='bbox 472 5684 482 5695; x_wconf 92' lang='grc'><strong>.</strong></span> 
     </span>
    </p>
   </div>
   <div class='ocr_carea' id='block_1_110' title="bbox 262 5662 1060 5795">
    <p class='ocr_par' dir='ltr' id='par_1_110' title="bbox 262 5662 1060 5795">
     <span class='ocr_line' id='line_1_111' title="bbox 262 5662 482 5715; baseline -0.014 -17"><span class='ocrx_word' id='word_1_785' title='bbox 262 5662 320 5715; x_wconf 83' lang='lat' dir='ltr'><strong>p.</strong></span> <span class='ocrx_word' id='word_1_786' title='bbox 356 5662 482 5697; x_wconf 59' lang='grc' dir='ltr'>οδε.</span> 
     </span>
     <span class='ocr_line' id='line_1_112' title="bbox 340 5711 1060 5795; baseline 0.006 -30"><span class='ocrx_word' id='word_1_787' title='bbox 340 5713 456 5785; x_wconf 79' lang='lat'><strong>(88)</strong></span> <span class='ocrx_word' id='word_1_788' title='bbox 497 5711 572 5795; x_wconf 70' lang='lat' dir='ltr'><strong>Ita</strong></span> <span class='ocrx_word' id='word_1_789' title='bbox 589 5711 738 5770; x_wconf 80' lang='lat' dir='ltr'><strong>Colb.</strong></span> <span class='ocrx_word' id='word_1_790' title='bbox 771 5728 868 5784; x_wconf 89' lang='lat' dir='ltr'><strong>pro</strong></span> <span class='ocrx_word' id='word_1_791' title='bbox 902 5715 1060 5769; x_wconf 89' lang='grc' dir='ltr'>Ὅσα.</span> 
     </span>
    </p>
   </div>
   <div class='ocr_carea' id='block_1_111' title="bbox 2026 5160 2826 5231">
    <p class='ocr_par' dir='ltr' id='par_1_111' title="bbox 2026 5160 2826 5231">
     <span class='ocr_line' id='line_1_113' title="bbox 2026 5160 2826 5231; baseline -0.003 -16"><span class='ocrx_word' id='word_1_792' title='bbox 2026 5161 2140 5231; x_wconf 85' lang='grc'>(89)</span> <span class='ocrx_word' id='word_1_793' title='bbox 2167 5160 2339 5215; x_wconf 86' lang='lat' dir='ltr'><strong>Coisl.</strong></span> <span class='ocrx_word' id='word_1_794' title='bbox 2382 5160 2523 5215; x_wconf 87' lang='lat' dir='ltr'><strong>male</strong></span> <span class='ocrx_word' id='word_1_795' title='bbox 2554 5160 2826 5215; x_wconf 89' lang='grc' dir='ltr'>ἀνθυσίαι.</span> 
     </span>
    </p>
   </div>
   <div class='ocr_carea' id='block_1_112' title="bbox 2028 5226 3523 5307">
    <p class='ocr_par' dir='ltr' id='par_1_112' title="bbox 2028 5226 3523 5307">
     <span class='ocr_line' id='line_1_114' title="bbox 2028 5226 3523 5307; baseline -0.017 -3"><span class='ocrx_word' id='word_1_796' title='bbox 2028 5226 2143 5303; x_wconf 72' lang='grc'><strong>(90)</strong></span> <span class='ocrx_word' id='word_1_797' title='bbox 2168 5232 2295 5307; x_wconf 72' lang='grc' dir='ltr'>Ρρει</span> <span class='ocrx_word' id='word_1_798' title='bbox 2335 5233 2878 5307; x_wconf 29' lang='grc' dir='ltr'>ἀνῃρημένουςῌρυιο</span> <span class='ocrx_word' id='word_1_799' title='bbox 2910 5246 3006 5301; x_wconf 83' lang='lat' dir='ltr'><strong>per</strong></span> <span class='ocrx_word' id='word_1_800' title='bbox 3048 5230 3364 5307; x_wconf 74' lang='lat' dir='ltr'><strong>afﬁnitatem</strong></span> <span class='ocrx_word' id='word_1_801' title='bbox 3414 5226 3523 5293; x_wconf 71' lang='lat' dir='ltr'><strong>syl—</strong></span> 
     </span>
    </p>
   </div>
   <div class='ocr_carea' id='block_1_113' title="bbox 1951 5300 3524 5384">
    <p class='ocr_par' dir='ltr' id='par_1_113' title="bbox 1951 5300 3524 5384">
     <span class='ocr_line' id='line_1_115' title="bbox 1951 5300 3524 5384; baseline -0.007 -28"><span class='ocrx_word' id='word_1_802' title='bbox 1951 5300 2337 5384; x_wconf 22' lang='lat' dir='ltr'><strong>labzeQultima:</strong></span> <span class='ocrx_word' id='word_1_803' title='bbox 2376 5300 2647 5357; x_wconf 60' lang='lat' dir='ltr'><strong>excidisse</strong></span> <span class='ocrx_word' id='word_1_804' title='bbox 2694 5302 2789 5366; x_wconf 75' lang='grc' dir='ltr'><strong>οὓς</strong></span> <span class='ocrx_word' id='word_1_805' title='bbox 2844 5300 3114 5373; x_wconf 75' lang='lat' dir='ltr'><strong>frequenti</strong></span> <span class='ocrx_word' id='word_1_806' title='bbox 3179 5300 3524 5353; x_wconf 85' lang='lat' dir='ltr'><strong>librariorum</strong></span> 
     </span>
    </p>
   </div>
   <div class='ocr_carea' id='block_1_114' title="bbox 1952 5388 2184 5427">
    <p class='ocr_par' dir='ltr' id='par_1_114' title="bbox 1952 5388 2184 5427">
     <span class='ocr_line' id='line_1_116' title="bbox 1952 5388 2184 5427; baseline -0.009 0"><span class='ocrx_word' id='word_1_807' title='bbox 1952 5388 2184 5427; x_wconf 75' lang='lat' dir='ltr'><strong>lllClll‘la.</strong></span> 
     </span>
    </p>
   </div>
   <div class='ocr_carea' id='block_1_115' title="bbox 2025 5439 2890 5512">
    <p class='ocr_par' dir='ltr' id='par_1_115' title="bbox 2025 5439 2890 5512">
     <span class='ocr_line' id='line_1_117' title="bbox 2025 5439 2890 5512; baseline 0.005 -17"><span class='ocrx_word' id='word_1_808' title='bbox 2025 5444 2137 5512; x_wconf 76' lang='lat' dir='ltr'><strong>(9i)</strong></span> <span class='ocrx_word' id='word_1_809' title='bbox 2180 5442 2257 5496; x_wconf 92' lang='lat' dir='ltr'><strong>lta</strong></span> <span class='ocrx_word' id='word_1_810' title='bbox 2294 5439 2475 5496; x_wconf 82' lang='lat' dir='ltr'><strong>scribo</strong></span> <span class='ocrx_word' id='word_1_811' title='bbox 2506 5457 2606 5511; x_wconf 87' lang='lat' dir='ltr'><strong>pro</strong></span> <span class='ocrx_word' id='word_1_812' title='bbox 2628 5442 2890 5507; x_wconf 78' lang='grc' dir='ltr'>ἐκείνους.</span> 
     </span>
    </p>
   </div>
   <div class='ocr_carea' id='block_1_116' title="bbox 2026 5511 2856 5583">
    <p class='ocr_par' dir='ltr' id='par_1_116' title="bbox 2026 5511 2856 5583">
     <span class='ocr_line' id='line_1_118' title="bbox 2026 5511 2856 5583; baseline -0.001 -14"><span class='ocrx_word' id='word_1_813' title='bbox 2026 5515 2137 5583; x_wconf 72' lang='grc'><strong>(92)</strong></span> <span class='ocrx_word' id='word_1_814' title='bbox 2179 5514 2272 5583; x_wconf 82' lang='lat' dir='ltr'><strong>Sic</strong></span> <span class='ocrx_word' id='word_1_815' title='bbox 2308 5511 2464 5566; x_wconf 81' lang='lat' dir='ltr'><strong>Coll).</strong></span> <span class='ocrx_word' id='word_1_816' title='bbox 2494 5528 2594 5579; x_wconf 85' lang='lat' dir='ltr'><strong>pro</strong></span> <span class='ocrx_word' id='word_1_817' title='bbox 2621 5514 2856 5583; x_wconf 88' lang='grc' dir='ltr'>ἀρετῶν.</span> 
     </span>
    </p>
   </div>
   <div class='ocr_carea' id='block_1_117' title="bbox 2028 5582 2681 5654">
    <p class='ocr_par' dir='ltr' id='par_1_117' title="bbox 2028 5582 2681 5654">
     <span class='ocr_line' id='line_1_119' title="bbox 2028 5582 2681 5654; baseline 0.002 -20"><span class='ocrx_word' id='word_1_818' title='bbox 2028 5586 2139 5653; x_wconf 68' lang='lat'><strong>(95)</strong></span> <span class='ocrx_word' id='word_1_819' title='bbox 2176 5582 2322 5637; x_wconf 86' lang='lat' dir='ltr'><strong>Idem</strong></span> <span class='ocrx_word' id='word_1_820' title='bbox 2356 5598 2455 5651; x_wconf 89' lang='lat' dir='ltr'><strong>pro</strong></span> <span class='ocrx_word' id='word_1_821' title='bbox 2495 5582 2681 5654; x_wconf 76' lang='grc' dir='ltr'>Ἐδρα.</span> 
     </span>
    </p>
   </div>
   <div class='ocr_carea' id='block_1_118' title="bbox 2028 5654 2815 5725">
    <p class='ocr_par' dir='ltr' id='par_1_118' title="bbox 2028 5654 2815 5725">
     <span class='ocr_line' id='line_1_120' title="bbox 2028 5654 2815 5725; baseline -0.004 -17"><span class='ocrx_word' id='word_1_822' title='bbox 2028 5655 2138 5725; x_wconf 69' lang='grc'><strong>(94)</strong></span> <span class='ocrx_word' id='word_1_823' title='bbox 2180 5654 2271 5710; x_wconf 80' lang='lat' dir='ltr'><strong>Sic</strong></span> <span class='ocrx_word' id='word_1_824' title='bbox 2293 5654 2477 5710; x_wconf 88' lang='lat' dir='ltr'><strong>scribo</strong></span> <span class='ocrx_word' id='word_1_825' title='bbox 2504 5669 2600 5724; x_wconf 86' lang='lat' dir='ltr'><strong>pro</strong></span> <span class='ocrx_word' id='word_1_826' title='bbox 2636 5654 2754 5707; x_wconf 73' lang='grc' dir='ltr'>εἶπε</span> <span class='ocrx_word' id='word_1_827' title='bbox 2768 5673 2815 5721; x_wconf 84' lang='grc' dir='ltr'><strong>ρ.</strong></span> 
     </span>
    </p>
   </div>
  </div>
