3978 6218
315 356 320 361 ,
423 297 564 371 1151

1551 291 1818 354 PHOTII
1857 290 2013 352 ΡΑΤ]

2118 287 2364 350 tRCH/E
2395 287 2506 348 (ΣΡ.
2829 340 2832 342 .
3541 281 3700 356 1152,

420 410 550 481 quis
577 407 820 478 denique
845 405 913 461 de
945 403 1146 460 oblatis
1177 402 1288 460 illis
1317 409 1561 459 statuere
1588 400 1767 466 malit,
1802 413 2000 454 aurum

2118 393 2583 468 τροσκομισθέντα
2637 392 2788 463 δῶρα
2837 391 2930 445 τὸν
2981 391 3082 463 μὲν
3131 388 3332 461 χρυσὸν
3363 388 3436 453 ὡς
3467 390 3687 444 Βασιλεῖ

420 501 644 571 quidem
694 497 940 560 Christo,
993 504 1056 550 ut
1100 495 1236 568 Regi
1285 493 1451 564 hujus
1495 492 1779 556 universi,
1830 492 2011 545 instar

2118 485 2541 560 προσενεχθῆναι
2595 484 2704 538 τῶν
2749 485 2916 550 ὅλων,
2978 484 3144 536 οίονελ⁵
3203 481 3370 553 φόρον
3415 481 3538 534 τινὰ
3585 484 3687 536 καὶ

429 592 645 659 tributi,
695 598 752 646 et
785 591 838 645 in
880 589 1205 645 ohedientiaa
1251 597 1660 656 argumentum,
1689 584 1817 640 thus
1851 597 2005 649 vero,

426 695 489 740 ut
517 684 649 751 Deo,
687 682 965 755 myrrham
1015 682 1274 751 denique,
1307 689 1368 735 ut
1416 679 1531 740 tali,
1575 678 1668 748 qui
1703 691 1802 747 pro
1849 675 2009 730 nobis

2107 581 2354 652 ὑπακοῆς
2405 581 2690 650 ζσημεῖον,
2745 577 2822 640 ώς
2877 575 2997 647 Θεῷ
3044 577 3102 630 δὲ
3165 575 3257 628 τὸν
3311 574 3530 628 λίϐανον
3588 575 3689 626 καὶ

2109 672 2378 745 σμύρναν,
2414 671 2490 734 ώς
2521 669 2588 724 δι’
2612 671 2761 740 ἡμᾶς
2793 667 3144 737 γενησομένῳ
3163 663 3378 735 νεκρῷ,
3410 663 3692 718 καὶτοῦτο

423 775 732 830 moriturus
751 754 852 836 rsit,
878 772 1060 826 oblata
1087 786 1243 838 esse;
1271 769 1325 823 id
1353 783 1573 839 quoque
1604 782 1714 822 non
1745 767 2008 822 inconve-

2118 765 2205 819 it‘tx
2233 763 2300 818 ἂν
2323 761 2684 834 ἀναρμόστως
2708 759 2786 831 τῷ
2821 758 3137 830 προτεθέντι
3185 754 3538 828 περιαφθείη.

423 867 645 922 nienter
674 866 836 919 modo
869 864 1031 918 dictis
1052 863 1208 932 jungi
1243 862 1435 930 possit.

586 955 924 1024 QUESTIO
964 955 1188 1012 CCCVII
1231 954 1422 1027 [CoisL
1465 952 1632 1008 Taur.
1671 947 1862 1021 CXX].

2666 942 3008 997 ΕΡΩΤΗΣΙΣ
3039 943 3159 996 TZ'.

423 1052 532 1106 Cur
566 1053 806 1121 prmcipit
853 1051 1085 1121 Herodes
1123 1048 1336 1121 Magis,
1407 1047 1497 1121 qui
1541 1042 2010 1121 Salvam-remun-

2118 1035 2208 1092 Διὰ
2231 1107 2243 1121 .
2265 1035 2321 1090 τί
2365 1035 2780 1121 ἐπικελεύεται
2819 1038 2863 1116 d~
2894 1034 3152 1121 Ἶέρώςης
3203 1035 3340 1121 {eic-
3363 1035 3468 1121 εἷς,
3504 1047 3694 1115 προίξ

495 1110 666 1177 atrum
702 1110 970 1176 Christum
1016 1110 1292 1172 adoraturi
1333 1110 1607 1170 ueniebant
1639 1129 1658 1166 :
1697 1130 1714 1163 ι
1746 1110 2008 1180 Inquirite

495 1194 797 1262 diligenter,
827 1211 844 1242 ι
864 1191 1167 1262 inquietam}
1193 1189 1246 1242 in
1264 1203 1520 1256 puerum;
1538 1185 1767 1262 ubipero
1796 1183 2007 1262 iuvene-

494 1253 978 1384 sugg-gumiae
1014 1260 1142 1312 mihi
1167 1299 1184 1325 ,
1220 1253 1280 1312 ut
1331 1266 1380 1312 et
1411 1273 1504 1327 ego
1539 1256 1746 1310 veniens
1783 1253 2004 1306 adorem

496 1350 615 1384 eum
642 1351 650 1357 ’
759 1351 778 1384 1

496 1350 615 1386 eum
642 1350 686 1363 "'
709 1350 726 1384 ί
759 1351 778 1384 1

2173 1107 2442 1186 miratur
2470 1107 2736 1186 ἤκουσα·
2760 1105 2873 1186 τοῦ.
2909 1105 3388 1186 Σῳτῆροςᾲῂμῶν
3419 1104 3689 1186 Χριστοῦ

2167 1177 2403 1248 μάγοις,
2437 1197 2456 1229 r
2493 1175 2773 1245 Ἀκριϐῶς
2803 1174 3150 1241 ἐξετάσατε,
3171 1174 3387 1245 λέγων,
3418 1175 3551 1244 περὶ
3581 1174 3692 1227 τοῦ

2172 1249 2436 1307 παιδίου.
2471 1247 2628 1300 ἐπὰν
2655 1246 2723 1298 δὲ
2750 1246 2981 1314 εὕρητε,
3002 1245 3403 1314 ἀπαγγείλατέ
3428 1264 3528 1314 μοι
3548 1285 3563 1311 ,
3590 1246 3694 1298 ἵνα

2172 1263 2436 1307 παισιου.
2471 1263 2628 1300 exav-
2655 1263 2723 1298 oe
2750 1263 2981 1314 ευρητε,
3002 1263 3403 1316 απαγγεικατε
3428 1264 3528 1317 μοι
3548 1285 3563 1311 ,

2173 1318 2335 1388 κάγὼ
2357 1317 2554 1374 ἐλθὼν
2573 1316 2982 1385 προσκυνήσω
2996 1359 3000 1362 .
3014 1319 3175 1382 αὐτῷ
3197 1334 3217 1383 ;
3256 1336 3276 1370 ι

852 1443 1107 1494 Editarum
1130 1455 1164 1491 a
1180 1442 1356 1491 Wolfio
1379 1437 1755 1502 quadragesima
1788 1439 1845 1502 (l.
1867 1450 1912 1486 c.
1944 1449 1997 1498 p.
2017 1430 2246 1483 697-699.
2269 1430 2495 1482 Galland.
2519 1444 2569 1493 p.
2592 1429 2702 1489 711,
2734 1429 2846 1491 712,
2877 1443 2928 1478 n.
2956 1427 3034 1490 15,
3053 1442 3103 1490 q.
3128 1428 3258 1491 120).

505 1529 562 1583 id
595 1527 819 1598 quidem
857 1528 1165 1582 secundum
1202 1541 1426 1581 sensum
1461 1525 1749 1579 litteralem
1778 1522 1902 1576 ideo
1936 1520 2009 1575 fa-
2040 1529 2083 1584 Β

425 1624 640 1687 ciebat,
687 1619 836 1691 quod
869 1620 986 1690 ipse
1029 1631 1148 1674 erat
1201 1619 1317 1674 Rex
1361 1617 1594 1683 Judaaaz,
1640 1624 2008 1687 perceptoque

430 1716 596 1785 [legis
631 1721 790 1783 partu
835 1712 1312 1777 consternabatur,
1359 1720 1523 1781 atque
1568 1709 1708 1763 adeo
1749 1723 1874 1764 eum
1919 1705 2010 1759 in-

431 1811 682 1862 terticere
712 1807 1012 1871 studebat,
1064 1806 1160 1874 qui
1212 1803 1502 1873 imperium
1559 1801 1665 1856 sibi
1717 1808 2010 1869 erepturus

430 1897 743 1951 videbatur.
783 1894 1061 1960 Quoniam
1107 1908 1236 1947 vero
1266 1908 1394 1947 eum
1428 1889 1719 1946 difliculter
1762 1886 2011 1942 invenire

431 1998 674 2055 poterat,
711 1988 872 2042 dolos
900 1993 954 2041 et
990 1985 1238 2039 fraudem
1277 1983 1469 2039 nectit.
1517 1981 1817 2054 Pmpterea
1843 1981 2008 2035 etiam

433 2083 510 2136 ait
544 2098 557 2134 :
595 2099 614 2132 ι
647 2078 718 2134 Ut
749 2089 802 2134 et
835 2093 936 2149 ego
959 2077 1188 2133 veniens
1216 2077 1441 2130 adorem
1474 2075 1650 2129 illum.
1680 2093 1700 2126 ι
1744 2071 1872 2128 Haec
1914 2087 2012 2126 ex-

431 2173 630 2243 positio
652 2188 720 2227 ex
747 2171 932 2226 verbis
959 2171 1092 2239 ipsis
1118 2169 1386 2225 nascitur.
1411 2166 1667 2222 Fortasse
1693 2181 1825 2222 vero
1843 2166 2010 2221 etiam

439 2265 645 2320 invitus
676 2265 792 2333 ipse
843 2262 1202 2334 pratnuntiat,
1239 2260 1358 2315 fore
1415 2267 1476 2314 ut
1508 2275 1618 2314 non
1649 2259 1828 2314 solum
1879 2273 2012 2328 gen-

436 2358 560 2413 tiles
593 2373 690 2427 per
727 2355 946 2424 Persas,
997 2357 1090 2425 qui
1126 2353 1367 2425 primum
1402 2361 1687 2416 venerant,
1728 2351 2008 2405 Christum

430 2449 749 2508 adorarent,
791 2445 888 2499 sed
918 2451 975 2499 et
1001 2441 1184 2497 Iudaea
1217 2442 1495 2507 universa,
1530 2448 1654 2510 post
1701 2438 1910 2494 cultum
1942 2439 2012 2493 ab

440 2539 550 2593 illis
579 2539 908 2608 praestitum,
945 2551 1073 2590 eum
1105 2533 1361 2604 religiose
1394 2540 1769 2588 veneraretur.
1809 2528 1929 2596 Vel,
1962 2528 2010 2585 si

439 2634 624 2698 malis,
657 2631 971 2701 procliviori
997 2626 1164 2684 modo
1189 2629 1334 2684 ratio
1361 2629 1534 2700 typiea
1565 2627 1780 2682 ostendi
1813 2624 2009 2696 possit.

434 2725 679 2781 Herodes
711 2726 856 2780 enim
884 2724 1001 2794 ipse
1029 2723 1168 2778 duas
1216 2721 1340 2777 illas
1381 2730 1568 2793 gentes
1614 2728 2014 2789 repraesentare

435 2828 623 2888 queat,
675 2817 770 2887 qui
815 2831 880 2871 ex
931 2815 1184 2886 gentibus
1227 2825 1384 2869 ortus
1431 2812 1635 2868 ludatis
1685 2811 2009 2882 imperabat,

433 2920 601 2980 atque
651 2909 808 2973 adeo,
858 2907 1113 2978 quamvis
1147 2907 1375 2970 invitus,
1412 2915 1487 2970 et,
1531 2920 1653 2975 qua:
1680 2905 1846 2968 dicat,
1894 2903 2013 2974 ipse

437 3005 686 3064 nescius,
722 2983 1228 3071 prophetam'agit,
1264 3013 1671 3070 personamque
1702 2999 1873 3054 totius
1920 3013 2014 3068 ge-

436 3095 584 3150 neris
612 3094 860 3160 humani,
895 3093 1178 3164 gentilium
1211 3108 1365 3162 aeque
1406 3108 1470 3147 ac
1498 3091 1836 3153 Judzeorum,
1889 3108 2014 3146 sus-

435 3185 618 3239 tinens
653 3223 668 3248 ,
735 3182 844 3237 Deo
892 3182 956 3235 ad
1013 3182 1266 3236 homines
1317 3181 1633 3239 divertenti.
1693 3181 2011 3251 religiosum

434 3277 645 3333 cultum
703 3273 1074 3346 praestandum
1120 3289 1278 3339 esse,
1327 3274 1636 3344 proﬁtetur.
1689 3272 1836 3328 Nihil
1884 3287 2014 3327 vero

437 3372 638 3432 obstat,
686 3367 979 3439 quominus
1026 3367 1351 3436 prophetam
1407 3367 1588 3436 egisse
1640 3366 2008 3421 existimetur.

437 3462 702 3517 Similiter
759 3461 905 3515 enim
942 3470 995 3514 ct
1033 3461 1272 3531 Caiphas
1312 3460 1598 3529 ignorabat
1645 3460 1778 3528 quid
1822 3458 2015 3528 loque-

439 3563 617 3608 retur.
646 3550 784 3606 Nam
839 3551 967 3606 dum
1007 3568 1162 3606 mens
1208 3551 1329 3620 ejus
1365 3550 1664 3605 furibunda
1716 3551 1769 3604 in
1810 3551 2011 3606 caedem

437 3645 738 3710 ferebatur,
770 3645 932 3699 labiis
963 3651 1141 3698 tamen
1173 3643 1491 3698 vaticinium
1526 3644 1742 3706 edebat,
1769 3644 1958 3700 dicens
1996 3663 2010 3699 :

444 3758 462 3789 ι
505 3736 734 3793 Pnestat
761 3753 929 3791 unum
981 3737 1260 3791 hominem
1295 3737 1459 3800 mori,
1491 3751 1653 3806 quam
1683 3746 1852 3792 totam
1884 3752 2015 3808 gen-

440 3839 547 3883 tem
583 3829 763 3898 perire
792 3829 857 3882 ³⁵.
893 3846 911 3878 ι
941 3827 1058 3883 Nisi
1110 3828 1256 3883 ehim
1323 3827 1576 3884 Christus
1636 3827 1780 3884 Deus
1829 3839 2016 3884 noster

440 3931 670 3978 mortem
693 3921 942 3985 obiisset,
973 3937 1146 3992 genus
1176 3922 1486 3977 humanum:
1511 3937 1792 3992 nunquam
1825 3921 2017 3979 fuisset

440 4011 734 4067 salvatum.
770 4010 1034 4077 Quamvis
1055 4012 1210 4067 enim
1242 4021 1473 4082 uterque
1493 4027 1686 4068 eorum
1710 4013 1858 4069 dono
1887 4030 2016 4085 pro-

436 4105 658 4174 phetico
708 4113 855 4159 esset
901 4105 1183 4174 indignus,
1233 4105 1361 4160 hinc
1409 4113 1595 4161 tamen
1636 4107 2012 4172 sacerdotalis,

2186 1515 2353 1570 Ὅσον
2409 1515 2507 1587 μὲν
2570 1514 2680 1567 ἀπὸ
2729 1512 2824 1566 τοῦ
2881 1513 3225 1584 γράμματος,
3282 1512 3373 1568 διὰ
3407 1513 3694 1568 τοῦτο’ὅτι

2113 1608 2374 1680 βασιλεὺς
2424 1603 2494 1680 ἦν
2541 1607 2646 1676 τῆς
2687 1605 2981 1673 Ἰουδαίας,
3045 1607 3140 1660 καὶ
3201 1605 3465 1676 βασιλέως
3533 1608 3693 1661 τόκον

2111 1701 2387 1766 ἀκούσας,
2447 1698 2724 1769 ἐταράχθη
2789 1716 2850 1752 τε
2902 1699 2998 1752 καὶ
3063 1699 3248 1769 ἐζήτει
3316 1700 3531 1754 ἀνελεῖν
3597 1702 3694 1753 τὸν

2110 1793 2465 1862 ἐλπιζόμενον
2514 1792 2826 1863 παραλῦσαι
2886 1793 2985 1863 τῆς
3022 1791 3301 1863 βασιλείας
3339 1793 3523 1850 αὐτόν.
3579 1793 3696 1848 Kal

2110 1887 2339 1956 ἐπείπερ
2365 1885 2466 1940 οῦκ
2517 1881 2586 1957 ἦν
2619 1887 2750 1957 ῥᾷον
2805 1885 2972 1940 αὑτὸν
3026 1886 3296 1956 ἀνευρεῖν,
3349 1885 3502 1938 δόλον
3555 1903 3695 1956 προ-

2112 1979 2367 2034 ϐάλλεται
2405 1979 2502 2031 καὶ
2535 1979 2774 2050 ἀπάτην.
2806 1980 2918 2033 Kal
2943 1977 3032 2032 διὰ
3061 1977 3224 2032 τοῦτὸ
3255 1995 3424 2050 φησιν
3451 1995 3469 2011 ο
3518 1998 3538 2031 ι
3576 1981 3699 2033 Ἵνα

2110 2071 2268 2140 κάγὼ
2299 2071 2473 2126 ἐλθὼν
2513 2078 2882 2146 προσκυνήσω
2909 2073 3080 2146 αὐτῷ.
3130 2094 3150 2126 ι
3194 2075 3334 2129 Ἀλλ’
3359 2075 3499 2146 αῦτη
3537 2076 3638 2146 μὲν
3656 2070 3706 2148 ἡ

2111 2166 2205 2219 ἐπὶ
2250 2165 2328 2236 τῷ
2358 2167 2648 2237 γράμματι
2699 2168 3050 2238 κατανόησις.
3087 2166 3242 2237 Τάχα
3290 2166 3348 2220 δὲ
3398 2167 3494 2220 καὶ
3543 2167 3700 2221 ἄκων

2111 2258 2447 2328 προφητεύει
2479 2259 2538 2313 τὸ
2567 2258 2784 2329 μέλλον,
2805 2260 2888 2313 ὅτι
2920 2259 2994 2329 μὴ
3030 2259 3191 2329 μόνον
3218 2258 3286 2312 τὰ
3316 2257 3442 2329 ἔθνη
3466 2257 3556 2312 διά
3582 2259 3701 2311 τῶν

2112 2349 2340 2420 Περσῶν
2394 2351 2769 2420 προσκυνήσει
2799 2350 2895 2403 τὸν
2937 2349 3193 2420 Χριστὸν,
3226 2348 3365 2402 ἀλλὰ
3414 2349 3555 2420 μετὰ
3595 2349 3702 2421 τὴν

2113 2441 2337 2511 ἐκείνων
2367 2441 2748 2512 προσκύνησιν
2773 2441 2867 2495 καὶ
2891 2440 3120 2494 Ἰουδαία
3141 2441 3294 2494 πᾶσα
3325 2441 3703 2512 προσκυνήσει

2111 2534 2279 2606 αὐτῷ.
2312 2536 2375 2588 Εἰ
2410 2535 2592 2606 βούλει
2645 2537 2735 2601 δὲ,
2792 2537 2888 2588 καὶ
2936 2535 3165 2589 αὐτόθεν
3203 2533 3317 2606 ἔχει
3345 2535 3374 2587 ό
3405 2534 3576 2598 τύπος
3632 2533 3704 2588 τὸ

2112 2625 2539 2682 ἀπευθύνεσθαι.
2558 2628 2680 2682 Τῶν
2696 2627 2805 2698 γὰρ
2833 2627 2926 2681 δύο
2947 2626 3092 2681 λαῶν
3118 2609 3275 2698 φέροι
3301 2627 3367 2681 ἂν
3391 2629 3420 2681 ὁ
3448 2625 3705 2698 Ἡρώδης

2112 2721 2441 2792 ἐκτύπωμα.
2489 2721 2580 2787 Ἐξ
2605 2721 2776 2775 ἐθνῶν
2805 2723 2916 2793 γὰρ
2942 2721 3018 2775 ὣν
3060 2722 3332 2776 Ἰουδαίων
3355 2721 3700 2787 ἐϐασίλευεν,

2116 2814 2213 2866 καὶ
2257 2814 2343 2885 εἴη
2393 2813 2460 2868 ἂν
2513 2815 2664 2868 ἄκων
2711 2815 2804 2868 καὶ
2860 2813 2936 2885 μὴ
2980 2813 3172 2878 εἰδὼς,
3229 2814 3258 2866 ὃ
3311 2813 3493 2883 λέγει,
3543 2813 3706 2883 ὅμως

2115 2903 2511 2976 προφητεύων,
2575 2907 2674 2958 καὶ
2728 2905 2803 2970 ὡς
2857 2909 2923 2960 ἐκ
2974 2905 3270 2976 προσώπου
3322 2907 3525 2969 παντὸς
3597 2905 3702 2959 τοῦ

2113 2998 2456 3069 ἀνθρωπίνου
2488 2999 2679 3066 γένους
2712 2993 2823 3052 οἷον
2861 2999 3032 3053 ἐθνῶν
3069 3017 3129 3052 τε
3164 2999 3260 3053 καί⁵
3309 2999 3576 3054 Ἰουδαίων
3591 2999 3704 3070 τὴν

2114 3091 2487 3160 προσκύνησιν
2531 3092 2936 3162 ἀνομολογήσας
2977 3093 3056 3163 τῷ
3104 3093 3505 3163 ἐπιδημήσαντι
3557 3092 3707 3162 πρὸς

2113 3181 2438 3252 ἀνθρώπους
2498 3181 2637 3251 Θεῷ.
2709 3182 2876 3235 Οὐδὲν
2936 3182 2993 3235 δὲ
3057 3181 3256 3234 κωλύει
3322 3183 3702 3252 προφητεύειν

2113 3272 2296 3325 αὐτόν.
2330 3273 2439 3324 Kal
2468 3271 2578 3343 γὰρ
2599 3273 2694 3325 καὶ
2714 3274 2742 3325 ὁ
2769 3273 3026 3342 Καϊάφας
3053 3273 3153 3326 ούκ
3175 3273 3290 3344 ⁴ᾔδει
3315 3273 3435 3342 μὲν,
3464 3273 3493 3326 ὃ
3522 3273 3703 3340 λέγει.

2127 3364 2287 3418 Ἀλλὰ
2306 3365 2479 3436 τὸτῆς
2502 3365 2726 3436 καρδίας
2752 3365 2917 3418 αὐτοῦ
2939 3365 3206 3435 μανιῶδες
3233 3367 3367 3437 πρὸς
3386 3368 3708 3438 μιαιφονίαν

2112 3457 2457 3528 ἀνηρέθιστο,
2485 3457 2555 3510 τὰ
2578 3458 2728 3529 χείλη
2773 3458 2830 3511 δὲ
2863 3459 3202 3528 προφητείαν
3231 3459 3486 3531 ἐξέφερον
3514 3464 3573 3515 ἐν
3618 3462 3706 3534 τῷ

2112 3547 2324 3617 λέγειν’
2357 3567 2375 3600 r
2412 3549 2710 3620 Συμφέρει,
2746 3549 2832 3601 ἵνα
2861 3544 2942 3614 εἷς
2969 3551 3237 3624 ἀποθάνῃ,
3265 3554 3359 3604 καὶ
3385 3554 3460 3625 μὴ
3491 3553 3612 3606 ὅλον
3636 3557 3707 3608 τὸ

2113 3639 2266 3702 ἔθνος
2294 3641 2585 3710 ἀπόληται.
2628 3659 2647 3691 ι
2689 3641 2801 3693 Kal
2831 3643 2939 3708 γὰρ
2964 3643 3012 3694 εί
3047 3641 3120 3711 μὴ
3163 3643 3396 3714 Χριστὸς
3412 3644 3706 3715 ,ἀπέθανεν

2112 3735 2142 3786 ό
2175 3731 2309 3795 Θεὸς
2339 3735 2372 3801 ἡ
2384 3732 2522 3802 μῶν,
2549 3732 2652 3784 ούκ
2679 3731 2746 3786 ἂν
2778 3731 2840 3784 τὸ
2871 3731 3215 3802 ἀνθρώπινον
3247 3734 3404 3801 γένος
3436 3733 3702 3796 ἐσώζετο.

2112 3824 2177 3878 El
2213 3822 2325 3892 γὰρ
2371 3824 2463 3876 καὶ
2523 3823 2743 3888 ἀνάξιος
2793 3825 3052 3894 ἑκάτερος
3118 3824 3300 3878 αὐτῶν
3351 3831 3706 3896 προφητικοῦ

2113 3921 2449 3992 χαρίσματος
2493 3920 2808 3991 ἐτύγχανεν,
2835 3919 2953 3975 ἀλλ’
2972 3917 3066 3974 οὖν
3097 3922 3225 3990 τόγε
3252 3923 3352 3994 τῆς
3397 3922 3706 3994 ἱερωσύνης

2115 4014 2355 4083 ἀξίωμα,
2390 4013 2488 4066 καὶ
2517 4013 2579 4066 τὸ
2618 4013 2717 4083 τῆς
2749 4012 3032 4084 βασιλείας
3061 4013 3144 4067 ἔτι
3185 4013 3330 4078 τινὸς
3359 4014 3705 4086 χαρίσματος

2113 4107 2534 4178 παραπήλαυεν,
2548 4105 2701 4161 οῦπω
2710 4107 2812 4177 τῆς
2829 4107 2966 4162 κατά
2983 4107 3080 4162 τοῦ
3093 4109 3364 4162 Δεσπὸτου
3385 4109 3706 4180 μιαιφονίας

439 4197 568 4252 hinc
601 4197 746 4267 regia
773 4197 1037 4268 dignitas,
1059 4197 1187 4252 doni
1218 4196 1453 4268 alicujus
1477 4197 1717 4255 fructum
1745 4202 2013 4271 capiebat,

2127 4199 2339 4280 τούτοις
2377 4198 2816 4270 τετολμημένης.
2875 4199 3038 4264 ’Ἰδοις
3105 4199 3151 4254 δ’
3201 4199 3268 4256 ἄν
3300 4200 3704 4272 παραπλησίως

442 4289 893 4358 quandoquidem
939 4289 1008 4344 ad
1041 4292 1248 4345 caedem
1293 4290 1510 4346 Domini
1555 4293 1732 4348 nostri
1774 4295 2018 4349 nondum

443 4389 604 4436 erant
649 4380 951 4452 progressi.
985 4380 1186 4438 Videas
1234 4397 1366 4438 vero
1410 4383 1666 4439 similiter
1703 4385 1866 4439 etiam
1912 4385 2017 4441 alia

442 4474 718 4544 quaedam,
775 4475 924 4529 malo
975 4473 1196 4544 quidem
1251 4475 1437 4530 animo
1493 4484 1549 4531 et
1601 4477 2022 4546 sanguinolento

439 4567 646 4637 impetu
679 4567 915 4636 prolata,
953 4566 1130 4622 instar
1159 4567 1568 4632 vaticiniorum,
1607 4575 1864 4624 eventum
1903 4585 2025 4626 sor-

444 4659 543 4713 tita
577 4658 769 4714 fuisse.
797 4656 929 4713 Tale
953 4667 1072 4713 erat
1096 4657 1284 4713 illudzt
1317 4657 1554 4729 Sanguis
1580 4658 1696 4729 ejus
1725 4673 1889 4730 super
1915 4675 2016 4717 nos

437 4759 492 4806 et
523 4767 688 4823 super
721 4752 927 4807 liberos
969 4760 1192 4806 nostros
1209 4752 1256 4783 ³⁸
1289 4792 1302 4806 .
1342 4770 1360 4802 ι
1421 4750 1662 4807 Tandem
1702 4754 1850 4809 enim
1884 4770 2015 4810 san-

440 4840 622 4910 guinis
653 4839 871 4907 eil‘usio,
919 4848 974 4894 et
1003 4839 1181 4894 credes
1225 4839 1422 4909 gladiis
1470 4839 1646 4909 facta,
1683 4857 1779 4898 eos
1827 4843 2014 4913 oppri-

345 4947 354 4953 ·
440 4932 647 4986 ruebat.
673 4931 783 4987 Nec
807 4933 991 4987 minus
1022 4933 1151 4987 illud
1183 4951 1198 4988 :
1231 4953 1251 4985 ι
1279 4933 1334 4987 Si
1358 4949 1483 4988 eum
1513 4933 1699 4990 vivere
1720 4936 2013 5005 patiamur,

439 5039 633 5078 omnes
660 5023 714 5076 in
745 5039 872 5078 eum
909 5024 1156 5092 credent;
1186 5033 1320 5080 tunc
1350 5027 1568 5080 venient
1590 5024 1846 5091 Romani,
1883 5042 2016 5096 gen-

443 5124 664 5184 temque
694 5124 940 5169 nostram
965 5124 1020 5169 et
1047 5115 1235 5170 urbem
1265 5116 1524 5170 delebunt
1545 5116 1612 5169 ³⁷.
1641 5135 1659 5166 ι
1685 5115 1820 5169 Nam
1846 5118 2011 5170 etiam

439 5203 596 5258 inviti
627 5203 807 5258 vivere
839 5219 964 5258 eum
1001 5205 1367 5274 patiebantur,
1402 5221 1528 5260 cum
1561 5221 1667 5259 non
1703 5214 1928 5276 possent
1955 5207 2008 5260 in

415 5309 564 5350 .cum
595 5293 891 5358 dominari,
923 5293 1017 5362 qui
1056 5293 1182 5348 vitae
1218 5303 1336 5350 erat
1366 5310 1533 5364 penu,
1557 5306 1612 5349 et
1644 5296 1826 5350 omnia
1864 5295 2007 5349 vivi-

439 5387 662 5442 ticabat.
703 5387 1253 5454 Proptereamalum
1317 5388 1540 5456 quidem
1599 5397 1658 5442 et
1715 5389 2016 5457 sanguino-

438 5479 645 5534 lentum
693 5479 938 5532 animum
983 5479 1307 5548 prodebant,
1359 5495 1529 5550 scopo
1569 5496 1700 5535 vero
1749 5482 2016 5548 frustrati,

437 5581 492 5628 et
519 5573 617 5642 ipsi
647 5582 700 5627 et
724 5582 839 5628 tota
869 5587 1027 5644 gens,
1060 5583 1115 5630 et
1143 5575 1430 5644 templum,
1462 5587 1517 5631 et
1566 5576 1697 5631 urbs
1740 5577 2014 5646 peribant.

511 5751 558 5782 “
589 5751 778 5809 Matth.
814 5769 873 5820 ιι,
907 5752 961 5808 8.
1004 5752 1048 5786 ³⁵
1076 5749 1236 5808 Joan.
1277 5767 1353 5819 ιιι,
1388 5751 1476 5808 50.

2118 4285 2332 4354 τούτοις
2389 4291 2482 4344 καὶ
2540 4291 2705 4364 ἕτερά
2733 4308 2857 4346 τινα
2917 4291 3212 4364 κακούργῳ
3245 4293 3344 4360 μὲν
3381 4294 3574 4368 γνώμῃ
3602 4294 3706 4349 καὶ

2117 4386 2264 4456 ὁρμῇ
2286 4385 2558 4456 μιαιφόνῳ
2587 4387 3058 4458 προενηνεγμένα,
3089 4388 3263 4458 πέρας
3288 4389 3346 4443 δὲ
3362 4390 3706 4460 προφητικὸν

2117 4477 2397 4548 εἰληφότα.
2445 4475 2554 4540 Ὣς,
2582 4495 2601 4527 r
2635 4477 2708 4530 Τὸ
2732 4472 2870 4548 αἷμα
2908 4476 3074 4531 αὐτοῦ
3105 4478 3190 4546 ἐφ’
3225 4480 3374 4550 ἡμᾶς
3396 4479 3492 4534 καὶ
3513 4480 3606 4534 ἐπὶ
3630 4482 3705 4535 τὰ

2117 4570 2287 4623 τέκνα
2313 4568 2492 4640 ὴμῶν.
2523 4587 2542 4621 ι
2580 4569 2692 4622 Kal
2723 4570 2833 4641 γὰρ
2859 4570 3129 4624 ἐπέπεσεν
3155 4569 3340 4634 αὐτοῖς
3384 4569 3613 4642 ἔσχατον
3663 4574 3702 4643 ἡ

2119 4661 2229 4714 τῶν
2263 4661 2513 4730 αἱμάτων
2536 4660 2780 4731 ἔκχυσις,
2815 4662 2910 4716 καὶ¹
2936 4663 2965 4715 ὁ
2993 4662 3083 4716 διὰ
3117 4661 3304 4732 ξίφους
3337 4662 3516 4732 φόνος.
3565 4665 3700 4730 Kal,

2128 4771 2148 4804 ι
2170 4753 2297 4806 Ἑάν
2327 4754 2557 4822 ἀφῶμεν
2587 4753 2750 4806 αὑτὸν
2793 4753 2921 4824 ζῇν,
2953 4754 3156 4818 πάντες
3205 4754 3590 4844 τὲστεύσουσιν
3618 4756 3706 4818 εἰς

2120 4843 2304 4908 αὐτὸν,
2333 4844 2428 4896 καὶ
2443 4843 2753 4897 ἐλεύσονται
2783 4846 2833 4898 οἱ
2871 4845 3150 4914 Ῥωμαῖοι,
3178 4843 3272 4900 καὶ
3297 4848 3522 4919 ἀροῦσιν
3543 4848 3706 4919 ἡμῶν

2121 4934 2184 4987 τὸ
2245 4934 2398 4998 ἔθνος
2451 4937 2544 4988 καὶ
2577 4937 2679 5004 τὴν
2737 4937 2914 4990 πόλιν.
2957 4955 2977 4988 ι
3035 4938 3144 4991 Kal
3190 4938 3297 5010 γάρ
3346 4939 3568 5007 ἀφῆκαν
3608 4950 3708 4993 και

2117 5024 2342 5090 ἄκοντες
2367 5025 2488 5097 ζῇν.
2523 5028 2596 5081 Ού
2621 5028 2732 5100 γὰρ
2747 5028 3009 5098 ἠδύναντο
3032 5028 3214 5100 κύριοι
3245 5033 3583 5100 καταστῆναι
3602 5031 3705 5086 τοῦ

2113 5117 2213 5188 τῆς
2243 5117 2389 5188 ζωῆς
2418 5121 2670 5189 ταμείου,
2701 5121 2797 5174 καὶ
2827 5121 3224 5186 ζωοποιοῦντος
3259 5123 3328 5178 τὰ
3363 5125 3573 5178 πάντα.
3609 5124 3707 5178 Διδ

2114 5207 2214 5278 τὴν
2247 5208 2345 5277 μὲν
2384 5211 2629 5280 πονηρὰν
2662 5212 2757 5264 καὶ
2801 5212 3089 5281 μιαιφόνον
3141 5214 3408 5284 ἐνέφηναν
3446 5215 3704 5286 γνώμην,

2120 5299 2214 5353 τοῦ
2234 5301 2290 5354 δὲ
2323 5302 2525 5355 σκοποῦ
2561 5303 2636 5374 μὴ
2678 5303 2933 5374 τυχόντες
2961 5304 3246 5360 ἀπώλοντο
3275 5308 3371 5361 καὶ
3401 5307 3578 5370 αὐτοὶ,
3606 5310 3708 5363 καὶ

2122 5393 2193 5446 τὰ
2215 5395 2369 5466 γένη,
2413 5395 2506 5449 καὶ
2554 5397 2583 5448 ὁ
2634 5397 2782 5462 ναὸς,
2835 5398 2931 5451 καὶ
2987 5400 3023 5470 ἡ
3057 5399 3232 5464 πόλις.
3261 5403 3358 5454 ’ον
3401 5401 3460 5454 δὲ
3507 5400 3707 5465 ἔδοξαν

2127 5487 2357 5552 ἀνελεῖν,
2379 5488 2570 5541 τοῦτον
2593 5490 2740 5558 ζωῆς
2774 5492 3010 5562 χορηγὸν
3045 5493 3140 5547 καί⁸
3178 5492 3544 5557 ζωοποιοῦντα
3574 5494 3706 5558 τοῦς

2126 5580 2353 5651 νεκροὺς
2379 5579 2445 5633 τὰ
2485 5580 2611 5651 ἔθνη
2634 5580 2938 5654 δεξάμενοι,
2969 5586 3063 5640 καὶ
3086 5587 3184 5657 τὴν
3205 5586 3269 5638 ἐκ
3299 5582 3509 5656 νεκρῶν
3535 5582 3705 5637 αὐτοῦ

1578 5753 1623 5784 ³⁸
1649 5752 1840 5808 Matth.
1869 5769 2038 5838 xxvii.
2080 5755 2169 5811 25.
2247 5756 2290 5788 ³⁷
2315 5754 2473 5812 Joau.
2508 5774 2582 5822 xi,
2618 5758 2705 5812 48.
