3904 6218
198 184 329 253 1153

987 195 1086 254 ΑΙ)
1109 192 1708 254 AMPHILOCHIUM
1734 192 2081 265 QU/ESTIO
2107 197 2621 262 CCCVII-CCCIX.

3326 203 3463 270 1151

196 302 625 376 προσκυνοῦντες
662 304 983 368 ἀνάστασιν,
1015 304 1149 357 Θεὸν
1194 304 1371 357 ἴσασιν
1396 301 1649 372 ἀληθινὸν
1681 304 1777 357 ἐπὶ

1886 306 2054 372 Quem
2086 322 2218 362 vero
2248 307 2350 362 sibi
2386 323 2417 363 e
2446 311 2626 364 medio
2677 312 2867 369 tollere
2911 314 3263 381 videbantur,
3313 317 3463 375 hunc

191 396 430 469 σωτηρίᾳ
444 394 540 449 τοῦ
558 395 753 463 γένους
772 395 1292 466 ἐνανθρωπήσαντα,
1314 396 1405 447 καὶ
1421 394 1778 463 λατρεύουσιν

191 488 493 559 εἰλικρινῶς
510 488 604 543 καὶ
640 487 972 552 θειάζουσιν.
1005 486 1114 540 Καί
1145 504 1209 555 γε
1226 486 1292 557 δὴ
1321 487 1413 539 καὶ
1432 488 1480 539 οἱ
1508 487 1772 557 Ῥωμαῖοι

191 581 511 645 ἐπιστάντες
546 583 731 645 αὐτοῖς
772 581 1018 650 πολέμῳ,
1053 584 1152 651 τήν
1181 596 1243 632 τε
1286 580 1439 633 πόλιν
1475 579 1775 649 κατεστρέ-

188 671 376 740 ψαντο,
402 671 498 726 καὶ
536 673 629 727 τὸν
667 671 796 725 ναὸν
852 673 1265 742 κατηρήμωσαν
1289 670 1422 743 (95),
1456 671 1551 724 καὶ
1580 669 1659 741 τῷ
1686 668 1778 724 διὰ

186 764 372 833 ξίφους
400 763 620 835 θανάτῳ
654 763 716 817 τὸ
766 762 921 827 ἔθνος
957 764 1267 833 ὑπήγαγον.
1293 762 1561 833 Εὑρήσεις
1589 763 1647 816 δέ
1678 763 1778 817 καὶ

185 855 303 910 ὄνον
323 858 380 909 ἐν
400 858 515 920 τοῖς
541 855 840 928 Γράμμασι
860 856 973 918 τοῖς
998 855 1255 916 Παλαιοίς
1285 852 1782 922 προμανθάνουσάν

182 965 244 1001 τε
288 948 379 1001 καὶ
408 947 885 1018 προδιδάσκουσαν
929 946 1001 1000 τά
1071 945 1307 1017 ἐσόμενα
1341 943 1482 1016 (96).

186 1133 361 1185 εἰπεῖν
390 1131 533 1186 κατά
562 1131 910 1205 προφητικὸν
937 1129 1110 1184 τύπον
1138 1129 1207 1183 τὰ
1238 1127 1377 1199 πρὸς
1398 1129 1525 1192 τοὺς
1572 1127 1782 1197 μάγους

188 1220 475 1291 εἰρημένα.

1558 945 1652 999 ‘EE
1701 938 1784 999 ὧν

187 965 244 1001 τε
288 948 379 1001 καὶ
408 947 885 1018 προδιδάσκουσαν
929 946 1001 1000 τά
1071 945 1307 1017 ἐσόμενα
1341 945 1482 1016 (96).
1558 945 1652 1012 Ἐξ
1701 945 1784 999 ὧν

187 1039 446 1094 ἁπάντων
479 1039 634 1093 οὐδὲν
658 1039 873 1093 κωλύον
900 1037 1226 1108 θεωρήσεις,
1267 1036 1364 1089 καὶ
1392 1035 1486 1088 τὸν
1532 1034 1784 1106 Ἡρώδην

1883 406 2097 468 gentes,
2127 407 2391 469 tanquam
2436 402 2563 456 vita:
2591 414 2870 459 auctorem
2917 414 2972 461 et
3003 417 3253 464 mortuos
3285 410 3464 464 viviﬁ-

1881 499 2123 557 cantem,
2159 492 2513 561 recipientes,
2563 496 2793 565 ejusque
2842 510 2908 552 ex
2944 502 3177 557 mortuis
3216 518 3465 559 resurre-

1882 581 2124 637 ctionem
2171 584 2427 653 religiose
2469 594 2819 653 venerantes,
2865 592 3142 660 eumdem,
3179 602 3237 649 ut
3268 610 3460 650 verum

1882 674 2080 740 Deum,
2097 677 2151 729 in
2181 678 2415 731 salutem
2441 679 2658 747 generis
2679 678 2904 735 humani
2928 682 3205 740 hominem
3232 686 3461 753 factum,

1882 775 2191 837 agnoscunt
2226 768 2553 839 sincereque
2589 770 2778 826 colunt
2803 780 2856 827 et
2886 787 3225 831 reverentur.
3262 778 3344 833 Ab
3380 780 3463 833 al-

1881 866 1997 913 tera
2042 872 2173 912 vero
2206 867 2362 928 parte
2409 858 2671 925 Romani,
2725 861 2871 917 bello
2920 864 2973 917 in
3025 864 3149 919 illos
3192 878 3362 935 moto,
3410 879 3466 924 et

1883 949 2075 1005 urbem
2112 952 2456 1017 evertebant,
2488 962 2545 1007 et
2590 955 2855 1024 templum
2905 956 3284 1026 devastabant,
3329 976 3464 1031 gen-

1883 1050 2103 1110 temque
2148 1055 2368 1098 omnem
2419 1042 2602 1113 gladio
2654 1046 3022 1113 perimebant.
3080 1048 3278 1104 Videas
3335 1066 3465 1106 vero

1881 1130 2049 1184 etiam
2093 1130 2305 1185 asinam
2349 1130 2407 1185 in
2433 1132 2591 1189 libris
2626 1131 2840 1191 Veteris
2881 1134 3225 1195 Testamenti
3267 1155 3469 1210 reprae-

1881 1221 2089 1275 sentari
2135 1219 2318 1277 futura
2362 1230 2418 1277 et
2452 1224 2705 1280 edoctam
2752 1238 2808 1282 et
2850 1230 3337 1296 prainuntiantem.
3386 1230 3468 1284 Ex

188 1314 275 1370 his
309 1314 565 1371 omnibus
592 1313 882 1383 intelliges,
925 1313 1061 1368 nihil
1102 1314 1346 1376 obstare,
1392 1311 1692 1381 quominus
1732 1312 1975 1380 Herodes
2003 1316 2328 1385 prophetico
2375 1332 2531 1374 more
2577 1320 2646 1375 ad
2685 1335 2874 1391 magos
2907 1324 3124 1380 locutus
3149 1336 3464 1383 censeatur.

717 1406 1056 1459 ΕΡΩΤΗΣΙΣ
1086 1403 1216 1459 TH'.

276 1500 379 1554 Διά
408 1499 467 1553 τί
487 1501 522 1555 ὁ
562 1499 907 1569 Πρόδρομος
941 1497 1178 1568 ἐλέγχει
1218 1499 1326 1553 τὸν
1367 1498 1674 1568 Ἠρὼδην;

184 1614 440 1669 Editarum
470 1629 498 1665 a
530 1615 712 1665 Wolﬁo
734 1616 1107 1679 quadragesima
1127 1618 1285 1679 prima
1308 1616 1364 1678 (I.
1388 1630 1433 1666 c.
1458 1631 1505 1678 p.
1539 1616 1649 1677 700,
1682 1615 1791 1679 701.
1816 1616 2060 1677 Galland.,

2005 1407 2341 1475 QUIESTIO
2378 1410 2626 1467 CCCVIII
2661 1412 2880 1484 [Coisl.,
2920 1415 3088 1471 Taur.
3129 1418 3343 1491 CXXI].

1920 1498 2100 1564 Quare
2126 1516 2427 1570 pra‘cursor
2459 1501 2741 1575 (Joannes)
2774 1503 3035 1560 Herodem
3061 1509 3432 1577 reprehendit?

2088 1618 2286 1688 p._712,
2326 1618 2562 1688 n._16,q.
2602 1619 2735 1681 121).
2759 1647 2819 1657 -—
2850 1620 2926 1672 De
2954 1622 3153 1673 Herode
3187 1638 3215 1672 a
3245 1624 3466 1688 Baptista

1181 1679 1375 1729 Joanne
1400 1681 1676 1741 inerepato.
1710 1678 1882 1728 Matth.
1908 1691 2011 1739 xrv,
2045 1681 2103 1739 4;
2136 1681 2257 1729 Luc.
2290 1694 2363 1742 ιιι,
2389 1680 2464 1729 19.

275 1793 337 1848 Ὅ
361 1793 419 1847 δὲ
450 1792 880 1865 Πρόδρομοςκαὶ
909 1792 1223 1859 Βαπτιστὴς
1266 1794 1524 1865 Ἰωάννης
1566 1793 1778 1864 ἐλέγχει

1956 1795 2270 1850 Praecursor
2299 1797 2370 1858 ﬁet
2420 1794 2667 1866 Baptista
2710 1795 2953 1852 Joannes
2996 1797 3289 1861 llerodem,
3341 1808 3465 1852 tan-

188 1887 282 1941 τὸν
324 1886 572 1957 Ἡρώδην
600 1886 829 1948 δικαίως
880 1886 959 1949 είς
1007 1887 1357 1957 παρανομίαν
1385 1887 1775 1943 ἀποκλίναντα.

184 1979 301 2033 Kal
325 1978 433 2050 γὰρ
463 1980 513 2032 εί
541 1979 599 2045 ἐξ
620 1978 937 2046 ἀλλοφύλων
968 1979 1260 2049 κατήγετο,
1287 1979 1557 2049 ἀπόγονος
1584 1979 1659 2034 ὢν
1684 1981 1779 2034 τοῦ

184 2069 422 2126 παλαιοῦ
463 2070 727 2141 Ἡρώδου,
760 2069 876 2124 ἀλλ’
907 2069 1001 2123 οῦν
1047 2071 1318 2126 Ἰουδαίων
1353 2091 1410 2125 τε
1441 2073 1777 2139 ἐϐασίλευεν,

183 2165 282 2218 καὶ
327 2166 441 2227 τοῖς
479 2163 747 2217 Ἰουδαίων
799 2163 1149 2218 ἐπολιτεύετο
1183 2166 1370 2236 νόμοις
1413 2169 1509 2219 καὶ
1558 2166 1777 2232 ἔθεσιν,

182 2258 281 2309 καὶ
339 2255 440 2307 οὐκ
487 2254 616 2324 ἐξῆν
661 2253 811 2324 αὑτῷ
845 2257 989 2309 κατά
1022 2257 1150 2320 τοὺς
1200 2258 1400 2327 νόμους
1439 2257 1499 2323 ἐξ
1546 2257 1779 2325 ἀδελφοῦ

185 2346 357 2400 παῖδα
387 2345 618 2416 ἔχουσαν
658 2346 758 2417 τὴν
802 2347 1105 2418 Ἡρωδιάδα
1136 2350 1216 2412 είς
1241 2349 1418 2419 γάμον
1466 2349 1776 2403 ἀναλαϐεῖν.

196 2440 257 2491 '0
284 2439 394 2509 γάρ
424 2439 609 2507 νόμος,
665 2439 894 2503 ἄπαιδος
931 2440 1029 2509 μὲν
1083 2439 1181 2493 τοῦ
1233 2439 1464 2509 ἀδελφοῦ
1516 2442 1778 2511 τελευτή-

182 2545 414 2593 σαντος,
482 2528 772 2597 ἐπιτρέπει
824 2530 925 2599 τὴν
960 2531 1095 2599 πρὸς
1146 2531 1247 2600 τὴν
1298 2534 1534 2599 γυναῖκα
1581 2531 1777 2585 τούτου

182 2621 502 2690 συνάφειαν,
528 2638 547 2671 r
573 2621 711 2686 Ἵνα,
733 2624 919 2692 φησὶν,
940 2622 1134 2696 ἐγείρῃ
1152 2622 1374 2693 σπέρμα
1394 2624 1471 2693 τῷ
1494 2622 1727 2692 ἀδελφῷ.
1757 2642 1775 2674 ι

178 2710 705 2781 Καταλελειμμένου
759 2712 819 2765 δέ
865 2712 1184 2783 σπέρματος
1234 2714 1333 2764 καὶ
1378 2712 1577 2782 γονῆς,
1646 2713 1781 2764 ἀπο-

174 2804 447 2875 τρόπαιον
481 2800 551 2876 ἦν
583 2804 617 2874 ή
662 2802 775 2873 (97)
809 2804 946 2876 πρὸς
994 2804 1094 2876 τὴν
1149 2802 1371 2874 νύμφην
1418 2802 1626 2871 ὁμιλία.
1672 2802 1781 2855 Kal

174 2896 276 2949 τὸν
306 2894 527 2964 ἔλεγχον
551 2895 580 2948 ὁ
599 2894 917 2965 Πρόδρομος
958 2896 1213 2959 ποιεῖται,
1232 2894 1295 2946 ού
1325 2891 1583 2946 τοσοῦτον
1623 2892 1784 2963 κηδό-

181 3004 348 3058 μενος
376 2986 610 3052 ἐκείνου,
643 2987 767 3040 ὅσον
794 2987 855 3039 τὸ
878 2986 1085 3057 πλῆθος
1118 2986 1465 3058 διορθοῦσθαι
1512 2986 1774 3057 πρόνοιαν

175 3076 375 3132 ποιῶν.
418 3076 533 3130 Kal
575 3077 683 3147 γὰρ
714 3076 825 3129 τῶν
877 3078 990 3139 τοῖς
1051 3077 1279 3147 ἄρχουσι
1351 3077 1446 3129 καὶ
1496 3075 1780 3145 βασιλεῦσι

1883 1902 2048 1955 quam
2084 1885 2138 1940 in
2176 1897 2460 1956 peccatum
2494 1894 2771 1951 ruentem,
2815 1896 2962 1941 recte
3006 1890 3462 1958 reprehendebat.

1883 1979 2145 2045 Quamvis
2166 1979 2312 2033 enim
2342 1979 2647 2049 alienigena
2671 1990 2836 2045 esset,
2867 1978 3100 2034 llerodis
3127 1981 3458 2050 antiquioris

1891 2087 2087 2143 nepos,
2123 2069 2330 2126 Iudaeis
2374 2081 2557 2126 tamen
2604 2069 2938 2141 imperabat,
2978 2082 3032 2125 et
3054 2072 3121 2126 ad
3146 2070 3466 2127 Judteorum

1885 2164 2033 2234 leges
2070 2178 2136 2219 ac
2176 2164 2430 2219 instituta
2474 2162 2641 2217 vitam
2691 2164 3080 2232 componebat,
3115 2180 3293 2235 neque
3330 2166 3468 2220 adeo

1885 2270 1984 2324 per
2036 2254 2186 2325 leges
2259 2254 2378 2309 fieri
2430 2263 2647 2324 poterat
2698 2256 2758 2307 tit
2808 2251 3197 2318 llerodiadem,
3241 2270 3362 2322 qua:
3400 2270 3469 2309 ex

1885 2343 2054 2399 fratre
2085 2351 2397 2414 pepererat,
2442 2359 2666 2398 uxorem
2701 2343 2949 2397 duceret.
2978 2340 3087 2397 Lex
3119 2345 3287 2409 enim,
3315 2360 3471 2398 mor~

1885 2444 1982 2491 tuo
2014 2435 2134 2490 sine
2167 2435 2379 2489 relictis
2413 2434 2544 2488 ﬁliis
2582 2432 2775 2498 fratre,
2823 2432 2984 2487 fratri
3033 2435 3192 2489 alteri
3232 2449 3471 2490 consue-

1886 2524 2131 2579 tudinem
2149 2540 2274 2579 cum
2309 2539 2482 2579 uxore
2510 2524 2785 2579 demortui
2814 2524 3083 2594 integram
3107 2525 3259 2590 facit,
3307 2545 3325 2578 ι
3352 2525 3418 2580 Ut
3444 2546 3464 2579 ι

1884 2616 2095 2672 scilicet
2122 2635 2140 2668 ι
2170 2617 2322 2672 fratri
2360 2633 2548 2673 semen
2571 2618 2770 2673 excitet
2806 2617 2941 2673 ³⁸·“.
2974 2638 2992 2669 ι
3023 2618 3243 2673 Semine
3266 2634 3397 2673 vero
3417 2631 3473 2673 et

1885 2711 2134 2766 masculo
2184 2711 2398 2778 relicto,
2450 2711 2790 2781 prohibitum
2846 2721 2966 2766 erat
3015 2727 3140 2765 cum
3195 2710 3469 2780 ejusmodi

1886 2818 2057 2858 uxore
2085 2804 2379 2876 conjugale
2410 2804 2828 2859 commercium.
2860 2801 3178 2859 Praecursor
3203 2803 3388 2873 itaque
3414 2803 3470 2857 in

1885 2894 2155 2951 Herodem
2217 2895 2628 2961 animadvertit,
2678 2908 2790 2949 non
2819 2904 2929 2949 tam
2962 2893 3137 2964 ipsius
3193 2895 3469 2949 rationem

1889 2987 2122 3055 habens,
2162 3002 2327 3058 quam
2360 2987 2432 3043 ad
2467 2987 2663 3057 vulgus
2708 2984 3114 3041 emendandum
3147 2984 3469 3055 respiciens.

1887 3078 2121 3146 Quando
2151 3080 2298 3134 enim
2332 3094 2419 3145 ea,
2450 3094 2574 3148 qua:
2611 3077 2680 3132 ab
2710 3076 3114 3147 imperantibus
3159 3086 3214 3131 et
3247 3076 3473 3148 regibus

174 3169 706 3241 πλημμελουμὲνων
743 3170 1159 3240 ἀνεπιτιμήτων
1193 3170 1491 3239 μενόντων,
1548 3168 1778 3238 ἐτοίμως

1891 3187 2057 3242 prave
2086 3179 2400 3242 patrantur,
2447 3170 2570 3225 sine
2618 3168 3104 3224 animadversione
3146 3169 3473 3239 practermit-

176 3263 243 3317 τὸ
276 3262 483 3332 πλῆθος
513 3262 651 3334 πρὸς
679 3262 781 3333 τὴν
804 3261 1036 3332 μίμησιν
1067 3261 1491 3332 παρακαλεῖται.
1522 3261 1782 3315 Ἐκείνων

173 3355 237 3409 δὲ
265 3355 367 3425 τῆς
396 3355 649 3426 πράξεως
705 3354 1227 3425 ἀναχαιτιζομένων,
1264 3355 1637 3423 ἀναγκάζεται
1677 3353 1776 3407 καὶ

170 3448 240 3500 τὸ
305 3448 545 3518 ὑπήκοον
612 3445 1005 3518 εὐλαϐέστερον
1066 3447 1205 3515 πρὸς
1276 3446 1376 3510 τὰς
1427 3445 1778 3518 παρανομίας

170 3540 513 3595 διακεῖσθαι.
570 3541 831 3611 Περίεστι
864 3541 923 3594 δέ
964 3558 1053 3610 μοι
1097 3542 1193 3593 καὶ
1242 3541 1322 3603 είς
1375 3540 1601 3610 μνήμην
1658 3539 1776 3591 νυνὶ

174 3631 434 3693 Ιῐαλαιάς
474 3630 741 3702 Ἱστορίας
797 3632 1103 3695 ἀνάγνωσις
1165 3630 1241 3693 ὠς
1302 3632 1395 3683 καὶ
1427 3632 1505 3701 τῷ
1559 3630 1777 3701 ἀδελφῴ

169 3724 335 3776 ὠσάν
386 3726 414 3777 ὁ
448 3724 584 3795 πρὸς
632 3723 732 3794 τὴν
772 3724 983 3777 ἐκείνου
1041 3725 1279 3791 γυναῖκα
1332 3722 1475 3793 ἔρως
1536 3722 1610 3794 μὴ
1664 3722 1778 3793 (98)

167 3816 568 3871 ἀηιακόπτοιτο.
602 3816 711 3869 Kal
764 3814 832 3868 δι’
863 3815 1030 3884 ἄμφω
1059 3814 1235 3868 ταῦτα
1276 3812 1686 3885 σταθερώτερόν
1719 3830 1781 3865 τε

171 3905 281 3959 καὶ
365 3903 988 3974 παρρησιαστικώτερον
1056 3903 1085 3955 ὁ
1142 3904 1460 3973 Πρόδρομος
1536 3904 1621 3975 είη
1701 3902 1782 3973 τῷ

182 3995 411 4067 Ἡρώδῃ
447 3996 894 4065 προσφερόμενος
929 3995 1022 4048 τὸν
1071 3994 1316 4065 ἔλεγχον.

623 4086 958 4138 ΕΡΩΤΗΣιΣ
1021 4085 1124 4138 Τθο
1155 4086 1289 4157 (99).

1892 3272 2105 3331 tuntur,
2137 3263 2513 3333 subjectorum
2540 3262 2737 3333 vulgus
2760 3262 2827 3315 ad
2851 3262 3069 3316 illorum
3103 3262 3473 3316 imitationem

1887 3353 2049 3409 facile
2099 3354 2393 3424 abripitur.
2429 3351 2669 3419 Quando
2719 3368 2850 3408 vero
2906 3353 2985 3408 illi
3039 3370 3069 3407 a
3132 3352 3473 3408 facinoribus

1884 3446 2159 3518 ejusmodi
2209 3447 2595 3517 prohibentur,
2656 3446 2938 3517 subjectos
2982 3460 3203 3516 quoque
3245 3444 3314 3498 ab
3363 3444 3475 3499 illis

1883 3536 2200 3608 diligentius
2233 3536 2337 3593 sibi
2367 3552 2561 3593 cavere
2592 3552 2821 3592 necesse
2849 3547 2955 3594 est.
2996 3534 3165 3591 Venit
3206 3544 3472 3606 prmterca

1880 3630 1934 3683 in
1982 3640 2219 3685 mentem
2268 3631 2549 3686 recordari
2605 3646 2675 3685 ex
2724 3628 2941 3686 Veteris
2973 3628 3312 3685 Testamenti
3362 3630 3472 3683 lec-

1877 3724 2045 3785 tione,
2078 3722 2235 3776 fratri
2268 3738 2487 3791 quoque
2524 3736 2774 3777 amorem
2803 3722 2855 3775 in
2886 3720 3075 3775 fratris
3100 3737 3325 3775 uxorem
3349 3735 3472 3774 esse

1880 3813 2213 3879 prohibitum
2246 3814 2316 3867 ⁸⁸.
2375 3813 2684 3883 Utrumque
2733 3814 2933 3868 horum
2973 3815 3183 3877 effecit,
3234 3826 3289 3865 ιιι
3326 3811 3470 3864 Prae-

1881 3917 2077 3956 cursor
2108 3911 2263 3957 tanto
2313 3904 2669 3959 constantius
2711 3911 2767 3958 et
2811 3903 3043 3959 liberius
3100 3904 3156 3957 in
3196 3901 3466 3957 llerodcm

1882 3994 2359 4051 animadverteret.

2005 4085 2335 4153 QUAESTIO
2374 4088 2583 4144 CCCIX
2629 4089 2849 4162 [Coisl.,
2893 4087 3052 4142 Taur.
3094 4086 3332 4159 CXXll].

164 4179 315 4245 Πῶς
358 4180 612 4247 νοητέον
647 4181 733 4231 τό·
762 4195 780 4227 ι
827 4179 924 4229 Ἐν
944 4178 1215 4247 γενητοῖς
1246 4177 1545 4246 γυναικῶν
1562 4180 1773 4246 μείζων

1882 4176 2155 4251 Quomodo
2182 4182 2562 4251 (accipiendum
2595 4191 2676 4237 est
2716 4180 2909 4251 illudi:
2957 4201 2975 4232 ι
3024 4180 3177 4234 Inter
3213 4191 3366 4233 natos
3402 4195 3466 4232 ea:

301 4248 577 4304 Ἰωάννου
602 4248 710 4303 τοῦ
737 4249 1081 4303 Βαπτιστοῦ
1117 4250 1229 4303 οὐκ
1258 4248 1569 4319 ἐγήγερται
1584 4268 1604 4316 ;
1643 4272 1661 4301 ι

1955 4250 2265 4304 mulieribus
2309 4250 2508 4322 'major
2575 4253 2784 4307 Joanne
2853 4250 3102 4322 Baptista
3172 4266 3273 4303 non
3341 4266 3464 4301 sur-

1956 4323 2092 4375 rexit
2113 4323 2197 4375 “1’
2226 4342 2245 4375 ι
2277 4322 2411 4393 (99).

488 4427 741 4478 Editarum
761 4442 789 4477 a
820 4428 1000 4477 Wolfio
1019 4428 1391 4491 quadragesima
1414 4430 1629 4479 secunda
1663 4431 1720 4495 (I.
1746 4446 1791 4481 c.
1814 4447 1865 4495 p.
1887 4432 2113 4484 701-70l.
2136 4435 2359 4487 Galland.
2392 4448 2443 4497 p.
2465 4435 2699 4499 712,713,
2722 4450 2773 4486 n.
2808 4435 2918 4497 179,
2936 4449 2987 4497 q.
3022 4434 3153 4496 122).

243 4511 389 4585 Περὶ
447 4512 542 4566 τοῦ
606 4514 664 4567 ἐν
716 4514 963 4581 γενητοῖς
1008 4510 1287 4577 γυναικῶν
1334 4512 1409 4582 μὴ
1468 4514 1770 4585 ἐγηγέρθαι

1958 4514 2035 4570 De
2066 4531 2154 4584 eo,
2182 4518 2464 4588 quomodo
2490 4519 2634 4575 inter
2666 4529 2824 4575 natos
2855 4536 2921 4575 ex
2943 4519 3270 4574 mulieribus
3299 4530 3463 4571 nemo

164 4606 405 4680 μείζονα
469 4606 715 4660 Ἰωάννου
785 4603 882 4658 τοῦ
961 4605 1292 4669 Βαπτιστοῦ,
1370 4606 1467 4658 καὶ
1533 4608 1683 4671 ὅπως
1746 4611 1775 4663 ὁ

1886 4607 2085 4664 Ioanne
2116 4609 2361 4681 Baptista
2390 4612 2593 4682 major,
2628 4612 2927 4681 exstiterit,
2964 4620 3019 4667 et
3046 4610 3323 4681 quomodo
3354 4609 3461 4663 mi-

162 4699 505 4772 μικρότερος
561 4698 621 4749 ἐν
676 4698 745 4767 τῇ
803 4694 1053 4767 βασιλείᾳ
1097 4694 1206 4747 τῶν
1259 4696 1508 4765 οὐρανῶν
1570 4697 1773 4768 μείζων

1886 4702 2058 4757 mimus
2088 4703 2142 4758 in
2176 4718 2346 4776 regno
2371 4705 2656 4776 {caelorum
2706 4705 2801 4760 illo
2835 4704 3015 4775 major
3057 4718 3181 4759 esse
3222 4703 3461 4767 dicatur,

159 4790 346 4846 αὑτοῦ
373 4792 541 4853 ἐστιν,
570 4789 789 4859 εἴρηται
822 4786 923 4857 μέν
958 4803 1048 4856 μοι
1081 4787 1177 4840 καὶ
1224 4787 1463 4857 ἀλλαχοῦ
1483 4788 1581 4859 (1).
1605 4790 1773 4844 Οὐδὲν

1886 4796 1999 4851 ιιίιιί
2030 4812 2062 4851 a
2096 4813 2184 4854 me
2205 4798 2549 4869 disputatum
2578 4796 2837 4853 est.Nihil
2878 4813 3006 4853 vero
3034 4797 3310 4869 prohibet,
3353 4813 3465 4867 quo

158 4882 225 4935 δέ
257 4879 463 4934 κωλύει
479 4879 580 4949 τῆς
600 4877 753 4948 ὑμῶν
779 4878 1047 4947 αἰτήσεως
1078 4878 1237 4947 χάριν
1271 4880 1448 4932 ἐκεῖνο
1473 4878 1769 4949 διαλαϐεῖν,

1886 4888 2162 4959 ninusjad
2207 4890 2439 4959 petitum
2467 4889 2728 4959 |vestrum
2773 4890 2955 4945 denuo
2997 4905 3341 4953 moneamus,
3376 4890 3462 4945 diu

154 4977 245 5038 ὡς
268 4975 305 5044 ἡ
335 4972 547 5027 διάνοια
577 4971 674 5024 τοῦ
706 4970 897 5043 ῥητοῦ,
930 4970 1004 5041 μὴ
1037 4968 1336 5041 ἐγηγέρθαι
1388 4972 1445 5024 ἐν
1496 4971 1575 5042 τῷ
1623 4975 1772 5045 νόμῳ

1886 4990 2016 5035 ;ιιιιη
2043 4980 2171 5037 illud
2192 4983 2295 5037 hoc
2315 4982 2420 5037 sibi
2456 4981 2612 5050 velle,
2651 4981 2797 5053 quod
2821 4982 2874 5037 in
2912 4982 3082 5039 veteri
3112 4980 3463 5039 Testamento

279 5089 403 5123 ’3'“
426 5088 588 5146 Deut.
620 5105 747 5156 xxv,
786 5089 840 5144 5.
915 5088 961 5120 “
987 5086 1164 5143 Levit.
1202 5103 1361 5157 xvm,
1384 5088 1473 5144 16.
1552 5088 1599 5122 “
1631 5088 1824 5147 Matth.
1856 5110 1934 5161 ιιι,
1964 5096 2050 5150 11.

1702 5186 1911 5243 ΝΟΤΑΞ
1922 5228 1938 5243 .

243 5281 365 5357 (95)
396 5282 479 5357 lla
511 5281 698 5357 scribo
727 5296 827 5357 Pro
861 5283 1310 5357 Κᾳτηρήτῖαιςαν.
1569 5355 1629 5357 _-

1886 5298 2185 5356 )t‘t‘lt'aclnl.

396 5353 641 5434 liesp‘icl't
661 5356 871 5406 asinam
900 5353 1140 5434 llataami
1162 5353 1325 5407 Num.
1377 5370 1491 5408 xxn
1517 5396 1531 5423 ,
1560 5355 1654 5409 25.
1870 5353 1888 5357 “
1944 5359 2023 5427 (1)
2056 5360 2204 5434 litem
2229 5361 2443 5434 scilicet
2474 5376 2861 5434 argumentum
2888 5363 3113 5420 Photius
3172 5358 3458 5434 persequi-

239 5423 363 5505 <92)
401 5422 479 5505 ,1.ιέ
509 5421 938 5505 ﬂammam-
1094 5494 1125 5505 .,
1366 5504 1371 5505 ,
1506 5421 1524 5505 Ῐ
1690 5496 1700 5505 .

1886 5421 1991 5505 .ur,
2004 5421 2110 5505 "sed
2139 5432 2244 5485 alia
2274 5432 2515 5505 quadam
2540 5421 2783 5501 ratione,
2811 5437 2865 5490 in
2896 5435 3124 5505 epistola
3164 5421 3458 5505 {55.0199}:

239 5494 361 5572 (98)
400 5492 474 5544 Τὸ
498 5492 583 5562 μή
611 5492 790 5547 alieno
822 5493 944 5548 loco
990 5494 1227 5563 positum
1296 5504 1398 5559 est,
1464 5504 1519 5551 et
1568 5496 1774 5551 rectius
1871 5516 1927 5568 q.
1963 5492 2090 5569 222)
2122 5516 2246 5569 qua:
2282 5492 2399 5572 ipsa
2458 5505 2684 5565 totidem
2730 5492 3022 5563 verbis'in
3073 5492 3453 5568 Amphilochiis

154 5566 473 5621 omittitur.
1873 5566 2051 5626 exstat
2071 5566 2235 5629 num.
2266 5566 2390 5629 176.

240 5634 363 5706 (99)
392 5633 583 5691 Denuo
648 5643 1032 5704 argumentum
1091 5651 1147 5705 (ι.
1209 5632 1465 5691 ccxxnt
1542 5636 1772 5695 l’hotius
2215 5653 2249 5657 η

506 5732 781 5799 ἰδιτιιοι.
825 5732 951 5795 Gn.
985 5730 1099 5795 Cl.
2520 5706 2528 5716 ’
3025 5735 3101 5798 37
