3978 6218
494 268 630 330 1155

1656 250 1916 314 ΡΗΟΤΙΙ
1955 249 2456 310 PATRIARCH/E
2489 249 2598 309 (ΖΡ.

3598 245 3733 310 1156

475 397 584 435 non
635 379 937 434 surrexerit
985 377 1246 446 propheta
1299 373 1422 442 ipso
1485 370 1682 439 major.
1739 369 1831 424 llle
1896 367 2042 421 enim

2159 367 2440 437 ιταρίστησι
2479 364 2702 435 μείζονα
2737 365 3024 433 προφήτην
3067 362 3253 420 αὑτοῦ.
3287 363 3397 416 Καὶ
3431 361 3539 433 γὰρ
3586 363 3734 432 πλη-

474 469 613 538 quod
660 467 726 522 ad
774 473 989 535 tempus
1021 463 1242 518 Christo
1291 460 1578 531 proximus
1612 468 1749 522 erat,
1779 464 1834 511 et
1884 471 2048 510 voca-

475 562 634 614 batur
670 579 688 611 ι
733 574 836 613 vox
871 556 1199 614 clamantis:
1248 555 1441 608 Par-ate
1486 553 1628 606 viam
1663 550 1882 606 Domini
1917 549 1984 612 ³⁸⁷,
2024 567 2043 600 ι

474 649 864 720 pronuntians.
898 647 1184 716 Scriptura
1219 647 1406 715 itaque
1445 643 1543 707 ait,
1585 642 1733 712 quod
1764 655 1927 696 nemo
1957 640 2050 694 illo

475 741 650 810 major
673 737 1008 804 surrexerit;
1036 752 1142 791 non
1175 750 1304 790 vero
1335 736 1454 790 ideo
1486 733 1724 804 cogitare
1754 747 1854 788 nos
1872 731 2047 802 jubet,

472 831 622 900 quod
665 831 809 885 idem
843 830 896 883 in
934 828 1186 898 gradum,
1223 826 1438 881 caeteris
1477 825 1736 880 omnibus
1769 825 2045 888 altiorem,

472 922 637 976 fuerit
683 929 926 976 evectus.
977 917 1092 974 Hoc
1141 934 1290 982 vero,
1348 916 1494 986 quod
1546 915 1864 969 Prazcursor
1921 914 2048 968 aliis

473 1013 729 1068 omnibus
756 1012 932 1080 major
959 1010 1050 1075 sit,
1086 1025 1196 1063 non
1226 1007 1477 1079 prohibet
1534 1006 1834 1076 quominus
1887 1006 2042 1060 multi

473 1107 565 1162 alii
599 1105 838 1176 aequales
870 1104 975 1174 ipsi
1005 1103 1332 1158 habeantur.

551 1199 801 1252 Alterum
833 1210 963 1250 vero
995 1193 1128 1248 illud
1159 1211 1172 1247 :
1213 1212 1230 1245 ι
1262 1191 1522 1246 Minimus
1548 1205 1698 1255 vero,
1737 1189 1910 1257 major
1944 1188 2036 1243 illo

473 1298 592 1355 est;
629 1308 648 1341 ι
676 1289 765 1343 alii
797 1287 1015 1358 quidem
1044 1285 1114 1341 de
1145 1284 1365 1340 Christo
1385 1283 1682 1353 accipiunt,
1715 1282 2048 1351 qui,quam-

472 1383 556 1436 vis
579 1380 846 1436 Dominus
869 1385 1034 1442 esset,
1065 1384 1222 1432 aetate
1242 1383 1424 1430 tamen
1453 1373 1807 1444 corporisque
1839 1380 2047 1426 statura

474 1483 529 1528 et
554 1473 696 1542 vulgi
730 1471 941 1542 judicio
978 1487 1045 1526 eo
1074 1477 1323 1539 tempore
1359 1469 1540 1523 minor
1581 1466 1896 1520 haberetur.
1935 1461 2048 1532 Ego

472 1577 624 1628 vero,
661 1569 722 1616 ut
757 1561 886 1616 alibi
911 1560 978 1616 de
1008 1561 1114 1615 hoc
1143 1567 1427 1613 momento
1457 1557 1785 1614 sententiam
1809 1555 1945 1617 dixi,
1973 1555 2047 1606 ita

2157 458 2430 520 σιαίτατός
2457 474 2516 509 τε
2557 455 2697 509 κατὰ
2727 456 2849 517 τοὺς
2869 454 3092 524 χρόνους
3121 456 3311 524 γέγονε
3339 453 3434 507 τοῦ
3471 456 3733 525 Χριστοῦ,

2157 550 2251 603 καὶ
2283 568 2300 600 ι
2332 549 2484 620 φωνὴ
2518 547 2746 618 βοῶντος
2770 547 3206 614 ἀναγέγραπται,
3241 547 3596 616 Ἑτοιμάσατε
3631 546 3737 614 τὴν

2155 641 2270 694 ὁδὸν
2295 641 2388 694 τοῦ
2428 640 2656 712 Κυρίου,
2713 659 2735 692 ι
2767 638 3211 702 διασαλπίζουσα.
3264 639 3402 708 Φησὶ
3431 637 3474 690 δ’
3504 636 3595 690 οὖν
3637 636 3738 690 καὶ

2157 731 2218 784 τὸ
2252 733 2507 803 γράμμα,
2540 731 2612 794 ὡς
2657 730 2818 784 αὐτοῦ
2869 731 2966 800 μὲν
2999 729 3200 801 μείζων
3254 729 3409 792 ἄλλος
3458 731 3558 781 οὐκ
3600 729 3736 797 ἐγή-

2155 839 2384 892 γερται,
2430 823 2488 874 οὐ
2540 820 2942 888 συναναγκάζει
2995 819 3051 872 δὲ
3101 821 3261 882 νοεῖν,
3305 819 3379 882 ὡς
3429 811 3586 880 οὗτος
3623 819 3737 870 τῶν

2158 911 2412 965 ἁπάντων
2445 913 2526 974 εἰς
2551 910 2758 980 βαθμὸν
2783 909 3066 980 ,ἀνέδραμε
3097 908 3336 977 μείζονα.
3363 908 3437 961 Τὸ
3471 908 3526 960 δὲ
3551 909 3626 978 μὴ
3653 907 3736 974 (2)

2158 1000 2379 1072 μείζονα
2406 1001 2496 1056 τὸν
2528 1001 2837 1072 Πρόδρομον
2872 1000 2982 1054 τῶν
3007 999 3182 1053 ἄλλων
3206 995 3364 1064 εἶναι,
3393 997 3553 1051 τοῦτο
3579 997 3737 1051 οὐδὲν

2156 1093 2352 1146 κωλῦει
2391 1092 2616 1154 πολλοὺς
2646 1092 2970 1163 συνδραμεῖν
2999 1090 3147 1160 αὐτῷ
3178 1091 3312 1161 πρὸς
3346 1090 3586 1161 ίσότητα.

2225 1191 2298 1243 Τὸ
2329 1190 2512 1261 μέντοι
2538 1207 2554 1222 ο
2591 1208 2609 1241 ι
2631 1189 2690 1242 '0
2709 1190 2765 1243 δὲ
2794 1189 3112 1258 μικρότερος
3140 1186 3304 1240 αὑτοῦ
3337 1184 3539 1254 μείζων
3564 1183 3734 1238 αὐτοῦ

2154 1283 2322 1347 ἐστιν,
2369 1301 2387 1334 ι
2425 1283 2475 1335 οἱ
2505 1284 2602 1353 μὲν
2625 1281 2966 1350 ὲξειλήφασιν
2995 1278 3231 1350 περὶτοῦ
3261 1276 3523 1350 Χριστοῦ,
3554 1276 3734 1346 χρόνῳ

2152 1392 2211 1426 τε
2269 1374 2366 1427 καὶ
2425 1376 2488 1443 τῇ
2559 1373 2653 1427 τοῦ
2711 1373 2959 1443 σώματος
2999 1371 3300 1440 ἀναδρομῇ,
3364 1369 3458 1422 καὶ
3502 1371 3568 1438 τῇ
3618 1368 3732 1420 τῶν

2155 1461 2364 1516 πολλῶν
2414 1462 2676 1532 ὑπολήψει
2717 1461 2836 1515 κατ’
2871 1462 3046 1514 ἐκεῖνο
3075 1459 3268 1530 καιροῦ
3295 1457 3354 1510 τὸ
3408 1458 3735 1528 μικρότερον

2155 1552 2521 1624 ἀποφέροντος
2545 1552 2640 1607 τοῦ
2663 1551 2954 1608 Δεσπότου.
2993 1549 3148 1621 Ἐμοὶ
3179 1549 3234 1602 δὲ
3257 1548 3415 1603 τοῦτο
3441 1550 3536 1603 καὶ
3565 1549 3732 1602 ἀλλα-

471 1653 602 1706 huic
631 1651 963 1722 expositioni
1007 1651 1272 1720 phrasin:
1312 1670 1330 1703 ι
1369 1651 1509 1705 Inter
1539 1658 1698 1704 natos
1737 1663 1804 1703 ex
1848 1645 2047 1701 mulie-

2159 1643 2250 1714 χοῦ
2273 1644 2371 1714 τῆς
2403 1643 2717 1714 πρεπούσης
2742 1642 2948 1713 διαίτης
2975 1641 3200 1711 ἠξίωται
3254 1640 3427 1710 (5-4),
3467 1639 3600 1692 ἀλλὰ
3633 1639 3734 1692 καὶ

469 1739 650 1808 ribus,
693 1762 711 1794 ›
749 1741 1029 1797 adversari
1061 1743 1340 1797 existimo.
1382 1740 1637 1796 Christus
1667 1740 1815 1795 enim
1847 1753 1956 1794 non
1982 1751 2048 1791 ex

2159 1740 2210 1792 τὸ
2243 1758 2261 1790 ι
2299 1741 2356 1792 ὲν
2389 1741 2635 1808 γενητοῖς
2665 1736 2938 1804 γυναικῶν
2974 1753 2992 1787 ι
3023 1735 3138 1803 ἔχει
3195 1749 3249 1785 τι
3302 1731 3628 1786 ἀντιπίπτον
3658 1733 3729 1799 τῇ

471 1829 703 1884 muliere
731 1829 1074 1898 simpliciter,
1101 1828 1195 1884 sed
1223 1843 1290 1883 ex
1315 1825 1538 1898 Virgine
1563 1836 1724 1881 natus
1747 1835 1827 1881 est
1853 1844 1865 1879 :
1897 1824 2050 1895 virgo

2159 1827 2529 1898 προειρημένῃ
2567 1825 2882 1890 ἀναπτύξει.
2916 1825 2989 1877 Οὐ
3023 1823 3130 1893 γάρ
3157 1824 3221 1877 ὲκ
3255 1822 3510 1890 γυναικὸς
3543 1820 3734 1884 ἁπλῶς

471 1935 605 1975 vero
634 1920 830 1974 mulier
863 1919 1082 1988 proprie
1121 1917 1384 1988 appellari
1425 1931 1534 1971 non
1572 1923 1776 1986 potest,
1810 1915 1913 1969 nisi
1953 1929 2050 1968 vo-

470 2026 586 2064 cem
621 2026 688 2064 eo
727 2009 1036 2079 signiticatu
1078 2009 1305 2062 induere
1335 2007 1488 2072 velis,
1523 2020 1633 2076 quo
1658 2006 1818 2060 divus
1848 2004 2050 2059 Paulus

476 2118 609 2157 usus
651 2111 756 2166 est,
795 2102 984 2157 dicens
1022 2119 1034 2156 :
1080 2120 1097 2152 ‹
1135 2098 1306 2154 Natus
1349 2115 1415 2154 ex
1461 2099 1692 2153 muliere
1728 2098 1795 2153 ⁸⁸.
1843 2117 1859 2148 ι
1911 2096 2047 2150 Cum

472 2194 636 2262 igitur
661 2192 913 2248 Christus
947 2209 1018 2248 ex
1055 2191 1296 2262 Virgine,
1341 2206 1448 2245 non
1499 2200 1682 2244 autem
1731 2189 1954 2260 proprie
1981 2204 2048 2243 ex

472 2283 720 2349 nmlierc,
759 2293 918 2340 natus
949 2284 1042 2350 sit,
1070 2286 1266 2338 merito
1295 2283 1517 2352 quidem
1560 2296 1590 2334 a
1614 2281 2044 2348 comparatione,

470 2394 596 2432 cum
642 2375 853 2433 Joanne
895 2377 1254 2440 instituenda,
1293 2373 1612 2429 distinxisse
1657 2387 1717 2427 se
1765 2370 2050 2427 existima-

473 2467 638 2521 bitur.

541 2557 648 2610 Alii
681 2571 807 2610 vero
830 2555 1168 2611 contendunt
1212 2556 1478 2609 minorem
1506 2555 1558 2608 in
1588 2569 1758 2627 regno
1784 2555 2048 2610 cmlorum

472 2651 579 2704 hoc
621 2651 740 2704 loco
765 2665 888 2704 eum
923 2649 1052 2714 dici,
1082 2649 1176 2717 qui
1208 2649 1398 2716 gratiae
1445 2649 1572 2703 novi
1612 2647 1836 2704 foederis
1868 2646 2048 2703 factus

479 2739 551 2794 sit
585 2740 854 2810 particeps
885 2757 897 2792 :
946 2739 1045 2793 hoc
1076 2739 1283 2793 scilicet
1319 2754 1508 2806 sensu,
1538 2739 1812 2796 neminem
1846 2755 1910 2794 ex
1957 2739 2046 2805 iis,

471 2832 562 2900 qui
589 2831 690 2884 sub
717 2830 830 2900 lege
852 2829 1020 2900 geniti
1047 2830 1179 2893 sint,
1210 2830 1530 2887 hominibus
1555 2830 1764 2887 Joanne
1785 2831 2048 2902 majorem

473 2937 629 2987 esse;
679 2938 742 2976 ex
787 2922 852 2976 iis
889 2938 1042 2988 vero,
1093 2923 1185 2993 qui
1236 2931 1362 2994 post
1410 2927 1641 2995 gratiam
1686 2925 2040 2994 praedicatam

469 3015 800 3080 exstiterint,
831 3015 996 3069 etiam
1033 3015 1318 3070 minimum
1349 3017 1562 3085 priores
1602 3025 1788 3085 partes
1837 3016 1891 3070 in
1921 3024 2044 3069 tan-

473 3117 585 3162 tum
612 3115 820 3172 tenere,
857 3107 912 3160 in
948 3117 1217 3177 quantum
1250 3108 1369 3162 istis
1413 3115 1687 3162 mactatus
1727 3115 1812 3162 est
1863 3107 2044 3175 bonis,

471 3215 708 3270 quorum
738 3200 826 3253 ille
849 3197 1136 3269 (Joannes)
1162 3213 1269 3253 non
1297 3206 1424 3255 ante
1448 3199 1625 3254 factus
1656 3199 1728 3254 sit
1751 3201 2045 3268 particeps.

473 3292 530 3346 Si
563 3292 690 3360 quis
721 3291 864 3345 enim
901 3290 1117 3344 ratione
1162 3298 1414 3360 typorum
1447 3299 1500 3344 et
1542 3289 1930 3358 praeludiorum
1963 3290 2049 3343 die

475 3386 684 3454 gnitate
732 3395 785 3438 et
829 3383 1210 3452 praerogativis
1243 3384 1516 3438 maximus
1563 3382 1850 3445 habeatur,
1905 3381 2046 3434 idem

475 3486 682 3540 tamen,
721 3475 910 3530 habito
965 3475 1034 3528 ad
1086 3489 1174 3528 res
1230 3475 1396 3543 ipsas,
1444 3488 1566 3541 quae
1613 3487 1780 3542 opere
1823 3472 1941 3542 ipsi:
1993 3486 2052 3526 se

475 3569 683 3623 sistunt
714 3576 770 3621 et
805 3567 1248 3636 conspiciuntur,
1295 3574 1571 3634 respectu,
1607 3579 1890 3633 nunquam
1922 3578 2054 3618 cau-

474 3669 592 3708 sam
633 3655 922 3719 invenerit,
956 3669 1055 3708 cur
1087 3669 1145 3708 se
1174 3667 1299 3708 cum
1329 3666 1414 3718 eo,
1445 3652 1538 3721 qui
1566 3652 1856 3706 minimum
1887 3651 2051 3705 etiam

477 3744 660 3796 locum
701 3751 906 3808 tuetur,
958 3750 1256 3813 comparet.
1297 3741 1565 3808 Quamvis
1617 3743 1766 3798 enim
1814 3743 2054 3797 Joannes

477 3835 757 3891 Christum
799 3835 979 3905 ipsum
1023 3836 1244 3901 viderit,
1297 3837 1552 3906 sacrique
1602 3836 1803 3891 lavacri
1852 3846 2055 3908 myste-

478 3927 624 3980 rium
673 3925 1094 3991 administrarit,
1123 3926 1394 3997 Agnique,
1445 3935 1683 3996 peccata
1713 3927 1902 3982 mundi
1951 3927 2055 3982 tol-

481 4018 671 4084 ientis,
700 4019 856 4074 testis
879 4019 1153 4074 exstiterit
1175 4034 1286 4074 non
1315 4019 1676 4086 inﬁciandus;
1706 4019 1848 4074 idem
1872 4029 2054 4074 tamen

480 4125 548 4164 eo
585 4116 854 4179 tempore,
901 4124 1012 4180 quo
1057 4111 1145 4164 lex
1189 4119 1245 4164 et
1295 4111 1502 4166 umbrae
1543 4111 1724 4166 adhuc
1770 4119 1927 4165 erant
1971 4127 2057 4165 su-

480 4202 761 4270 perstites,
815 4217 917 4257 nec
965 4203 1138 4272 gratia
1179 4202 1324 4258 clare
1369 4203 1640 4273 pleneque
1683 4203 1954 4270 eluxerat,
1987 4218 2056 4259 ex

479 4293 592 4348 vita
620 4296 877 4350 excessit.
907 4294 1043 4349 Cum
1095 4295 1242 4350 enim
1278 4296 1330 4349 in
1368 4311 1590 4352 carcere
1631 4306 1960 4363 versaretur,
2005 4307 2058 4354 et

2152 1918 2442 1987 γεγένηται
2469 1919 2497 1969 6
2536 1915 2795 1985 Χριστὸς,
2827 1914 2942 1968 ἀλλ’
2964 1917 3029 1967 ὲκ
3059 1911 3360 1984 Παρθένου.
3398 1911 3462 1964 Ἦ
3502 1912 3559 1965 δὲ
3583 1914 3736 1982 Παρ-

2153 2008 2302 2071 Θένος
2332 2009 2433 2062 οὐκ
2464 2009 2530 2062 ἂν
2565 2007 2769 2078 κυρίως
2793 2005 3016 2078 κληθείη
3052 2006 3212 2078 γυνὴ,
3243 2007 3290 2059 εἰ
3322 2007 3396 2075 μή
3440 2022 3522 2068 τις
3557 2008 3735 2060 ἐθέλοι

2149 2099 2227 2168 τῷ
2263 2101 2467 2170 ῥήματι
2499 2099 2970 2172 καταχρήσασθαι,
3001 2099 3076 2162 ῶς
3109 2115 3211 2150 που
3243 2099 3338 2151 καὶ
3387 2100 3414 2152 6
3446 2098 3735 2162 Θεσπέσιος

2153 2189 2362 2253 Παῦλός
2416 2207 2586 2260 φησι·
2664 2210 2681 2241 ι
2731 2190 3020 2260 Γενόμενος
3097 2190 3161 2242 ὲκ
3217 2189 3490 2258 γυναικός.
3538 2208 3557 2242 ι
3636 2190 3737 2244 Ἐκ

2153 2282 2429 2353 Παρθένου
2462 2282 2604 2337 οὗνὸ
2657 2283 2890 2354 Χριστὸς
2924 2281 3223 2352 προελθὼν,
3265 2281 3380 2336 ἀλλ’
3416 2283 3476 2335 οὐ
3529 2282 3738 2352 κυρίως

2152 2377 2216 2428 ὲκ
2245 2375 2524 2441 γυναικὸς,
2559 2375 2752 2428 ἑαυτὸν
2782 2374 2848 2428 ἂν
2880 2375 2956 2444 (5)
2991 2373 3095 2437 ἔξω
3112 2373 3294 2426 τάττοι
3327 2373 3426 2444 τῆς
3472 2373 3608 2444 πρὸς
3642 2373 3737 2424 τὸν

2165 2465 2414 2536 Ἰωάννην
2437 2467 2790 2537 συγκρίσεως.

2225 2559 2444 2628 Ἔτεροι
2493 2559 2550 2611 δέ
2602 2575 2733 2626 φασι
2795 2557 3118 2629 μικρότερον
3161 2560 3217 2611 ὲν
3247 2560 3313 2628 τῇ
3345 2557 3588 2628 βασιλείᾳ.
3620 2557 3738 2610 τῶν

2151 2650 2392 2720 οὐρανῶν
2413 2649 2643 2704 ἐνταῦθα
2660 2651 2912 2722 εἰρῆσθαι
2931 2652 3021 2704 τὸν
3037 2649 3334 2716 ἀξιωθέντα
3359 2652 3458 2721 τῆς
3488 2651 3738 2722 χάριτος.

2154 2744 2240 2798 ἵνα
2266 2743 2351 2814 εἴη
2385 2743 2624 2798 τοιοῦτον
2656 2746 2684 2798 6
2717 2744 2859 2808 νοῦς
2893 2744 3015 2798 Τῶν
3043 2744 3143 2815 μὲν
3172 2745 3313 2800 κατὰ
3355 2745 3550 2816 νόμους
3573 2762 3741 2815 γεγο-

2153 2838 2319 2891 νότων
2345 2837 2647 2907 άνθρώπων
2668 2837 2842 2900 οὐδεὶς
2873 2837 2938 2890 ἂν
2967 2838 3053 2909 εἴη
3087 2837 3180 2891 τοῦ
3213 2838 3460 2892 Ἰωάννου
3495 2839 3729 2908 μείζωνο

2151 2931 2259 2984 τῶν
2294 2929 2352 2984 δὲ
2405 2931 2541 3000 μετὰ
2597 2929 2695 3000 τὴν
2728 2929 2888 2999 χάριν
2923 2928 3302 2996 ἀναφανέντων
3348 2929 3471 2983 ὅσον
3519 2931 3609 2982 ἐπὶ
3654 2931 3746 3000 τῷ

2155 3023 2475 3093 ἀξιωθῆναι,
2530 3017 2605 3077 ὧν
2664 3024 2866 3085 ἐκεῖνος
2928 3023 3028 3074 οὐκ
3081 3020 3282 3089 ἔφθασε
3339 3025 3544 3093 τυχεῖν,
3592 3023 3745 3076 κατὰ

2153 3115 2309 3168 τοῦτο
2337 3115 2396 3168 τὸ
2417 3115 2536 3168 κατ’
2559 3113 2724 3167 αὑτοῦ
2761 3112 2942 3182 μεῖζον
2977 3113 3004 3165 6
3024 3112 3349 3183 μικρότερος
3378 3113 3745 3180 άπενέγκοιτο

2153 3209 2240 3264 άν.
2277 3208 2387 3260 Καὶ
2419 3207 2528 3277 γὰρ
2556 3209 2736 3270 ὁποῖος
2753 3206 2818 3260 άν
2848 3224 2930 3268 τις
2962 3206 3037 3258 ῶν
3070 3207 3128 3258 ὲν
3153 3207 3263 3268 τοῖς
3287 3205 3476 3268 τύποις
3507 3208 3600 3258 καὶ
3626 3211 3745 3269 τοῖς

2154 3299 2611 3370 προχαράγμασιν
2650 3296 2792 3350 κατὰ
2832 3296 3061 3366 μέγεθος
3093 3298 3186 3348 καὶ
3228 3295 3382 3358 δόξαν
3435 3295 3745 3367 προκριθῇ,

2155 3384 2307 3452 οὗτος
2335 3389 2443 3442 τῶν
2471 3390 2526 3441 ὲν
2549 3391 2614 3460 τῇ
2655 3388 2884 3459 ἀληθείᾳ
2919 3389 3011 3441 καὶ
3047 3389 3230 3450 αὐτοῖς
3282 3391 3394 3452 τοῖς
3446 3389 3749 3458 πράγμασι

2157 3481 2601 3549 συντεταγμένων
2657 3497 2716 3534 τε
2763 3481 2857 3533 καὶ
2905 3481 3289 3548 άναφανέντων
3329 3480 3451 3534 οὐδὲ
3499 3481 3593 3533 τοῦ
3640 3484 3748 3552 τὴν

2154 3572 2392 3642 ἐσχάτην
2435 3569 2716 3633 δοκοῦντος
2761 3568 2914 3632 τάξιν
2955 3568 3172 3638 ἐπέχειν
3209 3570 3288 3633 εἰς
3323 3569 3544 3639 ίσότητα
3579 3570 3747 3638 λόγον

2155 3665 2397 3734 εὑρήσει.
2433 3661 2491 3715 Εἰ
2516 3662 2624 3732 γὰρ
2650 3661 2742 3715 καὶ
2768 3663 2796 3715 6
2831 3661 3084 3730 Ἰωάννης
3114 3662 3390 3732 αὐτόπτης
3416 3663 3608 3731 γέγονε
3641 3663 3749 3716 τοῦ

2157 3751 2416 3826 Χριστοῦ,
2445 3751 2540 3806 καὶ
2569 3749 2644 3821 τῷ
2670 3750 2764 3803 τοῦ
2793 3749 3169 3820 βαπτίσματος
3203 3749 3490 3819 μυστηρίῳ
3531 3750 3749 3820 ὑπηρε-

2155 3847 2376 3917 τήσατο,
2445 3843 2540 3898 καὶ
2595 3845 2807 3913 μάρτυς
2848 3841 3174 3912 διαπρύσιος
3226 3840 3322 3894 τοῦ
3378 3840 3613 3912 Ἀμνοῦ,
3644 3841 3750 3895 τοῦ

2159 3939 2404 4009 αἴροντος
2433 3935 2533 4006 τὴν
2570 3934 2847 4004 ἁμαρτίαν
2879 3932 2975 3986 τοῦ
3021 3933 3254 4004 κόσμου,
3292 3934 3528 4003 κατέστη
3553 3950 3566 3964 ·
3622 3932 3749 3987 ἀλλ’

2159 4032 2259 4084 οὐκ
2285 4030 2362 4100 (6)
2388 4029 2468 4082 ἔτι
2496 4026 2592 4080 τοῦ
2627 4027 2792 4097 νόμου
2814 4026 2909 4078 καὶ
2932 4026 3030 4094 τῆς
3056 4027 3215 4088 σκιᾶς
3247 4026 3303 4078 ὲν
3326 4027 3440 4089 τοῖς
3465 4025 3752 4095 λειψάνοις

2163 4119 2496 4188 σωζομένης,
2551 4117 2646 4169 καὶ
2707 4117 2874 4186 μήπω
2918 4113 3174 4184 καθαρῶς
3214 4116 3307 4168 καὶ
3365 4116 3586 4178 τελείως
3639 4117 3747 4186 τῆς

2161 4206 2385 4280 χάριτος
2433 4206 2869 4277 ἀναλαμψάσης,
2926 4205 3086 4268 αὐτὸς
3153 4205 3386 4276 μετέστη
3445 4205 3539 4258 τοῦ
3599 4206 3743 4276 βίου.

2179 4301 2332 4356 Ἐπεὶ
2373 4301 2480 4370 γὰρ
2501 4299 2562 4352 τό
2600 4316 2660 4351 τε
2689 4298 2896 4367 οἴκημα
2925 4295 3130 4367 ᾤκησε,
3161 4297 3254 4350 καὶ
3288 4296 3384 4368 τὴν
3413 4297 3500 4351 ἐπ’
3533 4298 3747 4370 ἐλέγχῳ

482 4385 618 4438 caedi
667 4400 775 4438 non
808 4385 1142 4454 promeritae,
1184 4396 1404 4457 propter
1434 4387 1965 4443 animadversionem
2001 4389 2050 4443 in

2161 4393 2258 4462 τῆς
2282 4389 2390 4444 τῶν
2407 4387 2718 4443 Μοισαῖκῶν
2734 4389 2912 4458 νόμων
2943 4386 3309 4458 παραϐάσεως
3328 4386 3511 4442 ἄδικον
3530 4388 3745 4461 ὑπέστη

480 4475 717 4530 violatas
745 4476 891 4546 leges
935 4476 1231 4544 Mosaicas,
1259 4477 1371 4547 jam
1405 4477 1686 4548 subjectus
1731 4488 1897 4544 esset,
1941 4489 2054 4535 tum

482 4567 706 4621 demum
739 4564 1005 4622 Dominus
1055 4575 1264 4631 noster,
1313 4565 1472 4624 Jesus
1518 4567 1796 4636 Christus,
1832 4587 2059 4641 regnum

482 4658 580 4714 Dei
613 4659 915 4728 praedicare
958 4659 1272 4729 incipiebat.
1301 4658 1597 4730 Propterea
1643 4677 1808 4717 nemo
1843 4678 2060 4724 eorum.

482 4753 576 4822 qui
599 4768 666 4808 ex
696 4766 838 4822 aqua
859 4760 912 4806 et
935 4749 1143 4822 Spiritu
1166 4744 1470 4823 regénerati
1491 4761 1673 4821 erant,
1699 4764 1752 4808 et
1791 4753 2061 4811 Paracleti

485 4859 713 4900 accessu
765 4844 1036 4916 donisque
1087 4844 1236 4914 digni
1286 4844 1650 4911 habebantur,
1711 4849 1982 4905 secundas
2027 4863 2059 4904 a

483 4933 697 4991 Joanne
747 4943 931 5006 partes
972 4945 1156 4991 tenere
1201 4935 1436 5006 judicari
1494 4937 1692 5007 possit.
1751 4937 1867 4994 lmo
1927 4953 2060 4994 vero

487 5026 654 5092 etiam
680 5025 748 5093 is,
765 5026 858 5097 qui
884 5026 1135 5082 intimum
1156 5026 1339 5082 locum
1362 5037 1615 5099 occupet,
1640 5028 1787 5086 illius
1809 5040 2058 5100 respectu

554 5161 600 5194 "’
623 5161 810 5218 Matth.
847 5177 928 5231 ιιι,
963 5164 1016 5218 3.
1056 5162 1103 5196 ⁸⁸
1135 5161 1313 5219 Galat.
1348 5177 1424 5231 iV,
1450 5165 1506 5218 4.

2164 4483 2400 4552 σφαγὴν,
2430 4480 2568 4552 μετὰ
2586 4479 2756 4544 ταῦτα
2797 4479 3000 4550 ἣρξατο
3031 4481 3060 4532 6
3096 4479 3303 4551 Κύριος
3335 4479 3495 4550 ἡμῶν
3527 4481 3745 4551 Ἰησοῦς

2159 4574 2396 4644 Χριστὸς
2419 4571 2712 4643 κηρύττειν
2753 4571 2821 4626 τὰ
2849 4570 3102 4643 περὶτῆς
3129 4571 3406 4642 βασιλείας
3438 4572 3532 4626 τοῦ
3579 4574 3742 4630 Θεοῦ.

2159 4665 2269 4719 Καὶ
2306 4665 2396 4720 διὰ
2436 4665 2612 4729 τοῦτο,
2661 4664 2776 4718 ὅσοι
2825 4680 2884 4717 τε
2932 4662 3002 4717 δι’
3053 4661 3248 4728 ὕδατος
3290 4665 3385 4718 καὶ
3425 4665 3748 4736 Πνεῦματος

2157 4753 2598 4826 ἀνεγεννήθησαν
2625 4793 2640 4818 ,
2705 4754 2802 4808 καὶ
2857 4755 2956 4825 τῆς
3015 4755 3414 4827 ἐπιφοιτήσεως
3477 4758 3574 4810 καὶ
3629 4759 3747 4812 τῶν

2158 4847 2517 4921 χαρισμάτων
2541 4847 2636 4900 τοῦ
2667 4847 3023 4920 Παρακλήτω
3050 4847 3384 4919 ἠξιώθησαν,
3415 4849 3626 4904 τούτων
3642 4854 3749 4905 οὐκ

2155 4941 2220 4996 ἄν
2253 4958 2332 5004 τις
2359 4939 2427 4994 τὰ
2460 4939 2740 5010 δευτερεῖα
2773 4939 2926 5010 σχοίη
2964 4939 3056 4993 τοῦ
3102 4941 3376 4997 Ἰωάννου.
3419 4942 3584 4997 Ἀλλὰ
3633 4945 3749 5015 γὰρ

2158 5031 2306 5084 καὶὸ
2353 5031 2454 5102 τὴν
2500 5029 2825 5084 τελευταίαν
2877 5030 3031 5098 τάξιν
3080 5031 3261 5104 λαχὼν
3304 5035 3366 5088 τὸ
3422 5035 3542 5090 κατ’
3575 5034 3748 5090 αὑτοῦ

1983 5322 2212 5380 NOTAE.

558 5433 738 5508 (ἡμή
759 5433 891 5490 illud
919 5448 1231 5508 expungere
1270 5450 1360 5508 res
1394 5437 1511 5507 ipsa
1537 5434 1950 5508 jubet._Natum
1991 5435 2056 5490 il-

485 5505 585 5580 ΙιιιΙΔ
606 5505 819 5559 videtur
878 5518 946 5559 ex
974 5505 1162 5580 prima
1188 5505 1587 5580 .syllabaﬁvocis
1634 5505 1876 5576 μείζονα,
1908 5521 2051 5580 quae,

483 5576 698 5702 :ahione
730 5575 1204 5700 prtonuutiationis'
1225 5575 1356 5636 tunc
1379 5575 1786 5648 receptae,’cum
1815 5575 1950 5634 voce
1975 5575 2052 5649 μὴ

519 5662 549 5701 a
588 5661 674 5701 cm
719 5659 779 5702 es
807 5679 823 5698 .

483 5658 674 5702 eadem
719 5658 823 5702 esr.

3506 5459 3561 5514 ιιο

2231 5576 2310 5646 (5')
2339 5577 2442 5646 Ἂν
2469 5589 2553 5633 est
2583 5594 2647 5632 ex
2675 5578 2824 5634 συιδ.

2244 5645 2318 5719 (6)
2357 5645 2674 5720 Legendum
2733 5657 2868 5720 puto
2909 5649 3023 5706 οὖν-
