3978 6218
212 254 348 320 1157
1028 260 1128 317 AD
1167 261 1771 325 AMPHILOCHIUM
1808 268 2154 336 QU.ES’I‘IO
2194 276 2400 339 CCCX,
2429 278 2682 341 CCCXI.‘
3358 279 3495 346 1158

212 372 399 440 μεῖζον
433 371 753 438 ἁπενέγκοι.
788 371 897 425 Καὶ
940 374 988 425 si
1033 376 1108 445 μή
1142 392 1224 438 τις
1264 376 1489 432 ἐκλάὸοι
1552 382 1654 436 τῶν
1699 384 1801 455 πρὸ

1915 388 2149 454 primum
2186 392 2449 448 tuebitur.
2479 393 2591 448 Nisi
2613 409 2776 464 porro
2799 393 2949 465 quis'
2973 402 3179 451 statuat
3213 394 3496 451 Cbrismm

207 462 306 529 τῆς
336 465 560 533 χάριτος
586 463 662 533 (7)
702 462 909 533 μηδένα
942 460 1079 518 εἶναι
1118 467 1345 536 μείζονα
1392 470 1485 524 τοῦ
1555 471 1800 529 Ἰωάννου

1915 478 1967 533 id
2002 480 2106 535 sibi
2160 483 2317 547 velle,
2353 485 2498 554 quod
2542 460 2706 542 nemo
2750 460 2968 553 eorum,
3006 489 3101 558 qui
3136 497 3261 543 ante
3313 487 3495 544 foedus

209 556 458 607 ἀνειπεῖν
487 555 563 626 (8)
599 555 691 607 τὸν
725 556 981 626 Χριστὸν,
1015 558 1129 610 ἀλλ’
1162 560 1349 625 ἁπλῶς
1393 564 1535 617 κατὰ
1580 566 1800 621 πάντων

1915 569 2102 636 grati-.e
2134 571 2361 638 fuerint,
2400 574 2575 643 major
2616 576 2688 629 sit
2718 574 2954 643 Joanne,
2981 555 3249 647 malitque
3288 576 3497 633 dictum

208 641 562 714 ἐξενηνέχθαι
591 642 690 714 τὴν
721 644 995 712 ἀπόφασιν
1026 646 1124 718 τὴν
1165 650 1528 724 Δεσποτικὴν,
1569 655 1688 726 ὥρα
1723 656 1801 728 (9)

1917 659 2129 717 Domini
2159 665 2224 718 de
2254 667 2513 722 omnibus
2538 668 2856 723 hominibus
2880 669 3202 738 simpliciter
3225 670 3495 739 accipere,

210 752 292 788 σοι
337 737 433 791 καὶ
466 738 566 806 τῆς
593 737 952 809 ὑπερενδόξου
998 742 1296 814 Δεσποίνης
1348 745 1505 815 ἡμῶν
1533 746 1798 803 Θεοτόκου

1915 755 2264 810 commodum
2310 757 2410 812 tibi
2458 757 2622 813 fuerit
2672 758 2926 815 eumdem
2984 737 3153 816 etiam
3209 761 3496 831 Deiparae,

208 823 402 877 τοῦτον
434 825 766 893 ἐπίπροσθεν
801 825 956 896 ἄγειν
1004 830 1098 884 καὶ
1136 832 1246 886 τῶν
1300 838 1616 905 κορυφαίων
1667 840 1801 893 ἀπο--

1915 843 2151 899 Dominae
2228 856 2430 903 nostrae
2485 850 2970 917 celebratissima,
3032 861 3086 907 et
3141 853 3484 923 principibus

210 917 439 981 στόλων,
468 918 496 970 δ
527 918 627 971 οὐκ
657 918 722 971 άν
752 937 837 986 τις
867 922 1185 993 ἐπιτρέψειε
1216 925 1498 999 λογισμός.
1530 930 1676 1003 Πλὴν
1710 934 1801 986 καὶ

1915 936 2172 1004 apostolis
2223 939 2504 1008 praeferre.
2561 941 2624 997 ld
2655 957 2786 997 vero
2835 957 2968 997 sana
3022 944 3161 997 ratio
3215 959 3497 1015 nunquam

205 1010 235 1061 ὁ
265 1011 403 1080 περὶ
430 1009 623 1065 τούτου
646 1011 825 1081 λόγος,
856 1017 921 1085 τῇ
950 1016 1302 1090 προσηκούσῃ
1329 1037 1418 1089 μοι
1436 1022 1604 1078 πάλαι
1626 1025 1801 1097 διαίτῃ

1915 1028 2243 1095 permiserit.
2267 1029 2374 1085 Sed
2407 1032 2511 1088 hoc
2539 1042 2955 1104 argumentum,
2990 1032 3127 1090 alias
3152 1009 3498 1091 debito-exa-

210 1102 563 1173 ὑποϐληθείς,
596 1104 697 1174 τὴν
725 1104 821 1160 νῦν
870 1109 1260 1179 ἀκριὸολογίαν
1309 1113 1672 1185 δυσχεραίνει.

773 1287 1110 1344 ΕΡΩἸἩΣΙΣ
1143 1292 1247 1348 TI'.

206 1373 315 1428 Διὰ
346 1375 408 1429 τί
448 1376 600 1461 ἰατὰ
614 1378 679 1459 Et)
724 1380 1025 1461 σωτήριον
1046 1381 1255 1461 Δπάθος
1281 1387 1336 1461 δ’
1366 1387 1583 1455 Κύριος
1632 1392 1801 1461 ἡμῶν

452 1445 684 1515 Ἰησοῦς
726 1445 986 1517 Χριστὸς
1026 1445 1246 1523 λόγχη
1265 1445 1575 1541 νύττεξαιξ

1907 1113 2041 1169 mini
2099 1131 2128 1169 a
2171 1133 2257 1172 me
2304 1119 2651 1189 subjectum,
2695 1138 2843 1178 nunc
2896 1118 3122 1195 quidem
3178 1122 3498 1196 diligentius

1915 1207 2136 1260 tractari
2178 1223 2286 1263 non
2322 1216 2519 1281 potest.

2052 1313 2381 1381 QUZESTIO
2419 1321 2601 1377 CCCX
2642 1321 2857 1395 [Coisl.,
2904 1324 3068 1379 Taur.
3114 1319 3376 1397 CXXIII].

1912 1398 2089 1464 Quare
2132 1405 2452 1478 in_salutari
2476 1412 2806 1478 perpessione
2838 1412 3094 1468 Dominus
3136 1424 3314 1468 noster
3336 1415 3497 1470 Jesus

2180 1476 2426 1533 Christus
2456 1476 2642 1535 lancea
2672 1482 2948 1552 confossus
2983 1493 3061 1538 est
3084 1484 3173 1538 ‘9‘!
3200 1503 3218 1536 ι

721 1558 1023 1658 Editaruma
1052 1563 1233 1658 quﬂo
1259 1570 1634 1636 quadragesima
1665 1578 1811 1629 tertia
1833 1581 1890 1645 (Ι.
1914 1594 1957 1633 c.
1992 1598 2041 1646 p.
2076 1587 2185 1649 701,
2206 1588 2316 1639 705.
2345 1591 2570 1644 Gallaud.
2598 1608 2647 1658 p.
2684 1595 2795 1656 713,
2829 1610 2877 1645 n.
2902 1596 3000 1658 18).

279 1641 473 1714 Λόγχῃ
501 1643 753 1698 νύττεται
803 1647 904 1718 τὴν
950 1648 1194 1720 πλευράν
1245 1655 1388 1707 κατὰ
1420 1658 1483 1709 τὸ
1534 1662 1805 1733 σωτήριον

206 1734 386 1798 πάθος
434 1734 690 1807 Χριστὸς,
726 1737 756 1790 ὁ
785 1736 917 1803 Θεὸς
957 1739 1113 1811 ἡμῶν
1137 1757 1150 1771 ⁸
1178 1742 1335 1798 τοῦτο
1369 1744 1471 1816 μὲν
1524 1748 1655 1819 ἡμῖν
1708 1750 1804 1805 δύο

208 1825 571 1896 βαπτίσματα
623 1828 1119 1900 καινουργούμενὸς
1165 1851 1224 1886 τε
1264 1835 1359 1888 καὶ
1398 1840 1714 1907 προτυπῶν,
1742 1841 1802 1896 ἒν

1985 1668 2259 1738 Christus,
2300 1675 2444 1731 Deus
2503 1688 2710 1745 noster,
2764 1679 2818 1734 in
2869 1676 3097 1736 salutari
3140 1679 3495 1751 perpessione

1912 1762 2057 1830 quod
2089 1765 2157 1820 ad
2187 1765 2330 1823 latus
2356 1768 2690 1826 confoditur.
2722 1771 2837 1828 Hoc
2859 1772 2978 1842 ipso
3009 1788 3141 1828 vero
3164 1773 3303 1828 duos
3332 1773 3493 1829 nobis

1910 1852 2216 1923 haptismos
2270 1860 2519 1916 condidit
2563 1870 2616 1916 et
2657 1864 3119 1934 prmsigniﬁcavit,
3166 1880 3320 1935 aquae
3366 1865 3497 1921 alte-

209 1917 315 1985 μὲν
333 1915 396 1970 τὸ
418 1914 484 1969 δι’
507 1914 723 1982 ὕδατος,
749 1918 937 1989 ἕτερον
969 1921 1027 1974 δὲ
1049 1922 1113 1974 τὸ
1149 1922 1219 1976 δι’
1248 1924 1505 1996 αἵματος.
1547 1930 1659 1984 Καὶ
1692 1931 1801 2005 γὰρ

1984 1914 1999 1923 .
2480 1914 2515 1916 η
2574 1914 2611 1916 ν
2657 1914 3119 1934 τη-νυ---ηητι
3167 1914 3317 1935 ﬁn"
3367 1914 3474 1921 ----

1915 1960 2056 2010 rum,
2087 1946 2319 2003 alterum
2358 1952 2667 2023 sanguinis.
2722 1951 2911 2025 Neque
2939 1954 3088 2011 enim
3141 1956 3245 2011 ista
3284 1964 3496 2011 naturae

203 2008 320 2062 οὐδ’
360 2008 539 2081 είρμῷ
585 2010 679 2062 καὶ
729 2010 1022 2084 ἀκολουθίᾳ
1067 2014 1168 2085 τῆς
1213 2016 1430 2086 φύσεως
1459 2022 1801 2095 ἀπεῤῥυήκει

203 2097 385 2151 ταῦτα
414 2099 514 2170 τῆς
542 2100 812 2171 σωτηρίου
839 2102 1105 2174 πλευρᾶς.
1130 2106 1286 2161 Μετὰ
1314 2109 1423 2181 γὰρ
1447 2112 1538 2165 τὸν
1570 2112 1802 2170 θάνατον

204 2190 439 2259 γέγονεν
459 2194 493 2260 ἡ
521 2193 726 2265 πληγὴ.
756 2196 851 2247 καὶ
877 2196 1018 2266 μετὰ
1040 2198 1253 2271 πληγὴν
1282 2202 1468 2273 βλύζει
1486 2205 1556 2259 τὰ
1583 2208 1801 2279 νάματα

204 2284 237 2351 ἠ
278 2283 513 2354 πλευρά.
562 2282 650 2338 Ἑν
679 2288 744 2357 τῇ
781 2288 991 2361 πλευρᾷ
1014 2289 1073 2343 δὲ
1109 2291 1222 2362 (10)
1255 2295 1347 2348 καὶ
1376 2296 1476 2350 οὐκ
1522 2298 1581 2350 ἐν
1629 2300 1802 2371 ἑτέρῳ

208 2374 372 2445 μέρει
392 2376 608 2446 δέχεται
636 2377 734 2448 τὴν
756 2378 991 2452 πληγὴν,
1024 2381 1157 2437 διότι
1191 2387 1256 2438 ὲκ
1288 2385 1531 2458 πλευρᾶς
1570 2390 1668 2458 μὲν
1705 2392 1801 2445 τοῦ

215 2467 397 2537 Ἀδὰμ
460 2467 704 2540 ἐπλάσθη
777 2472 810 2541 ἡ
874 2474 1034 2543 γυνὴ,
1092 2474 1162 2527 δι’
1222 2477 1396 2549 αὐτῆς
1453 2479 1499 2530 δ’
1560 2481 1803 2553 ἁμαρτία

203 2560 464 2633 ἐπράχθη
487 2560 566 2632 τῷ
610 2562 803 2632 ’Λδάμ.
830 2564 1134 2634 Πλήττεται
1180 2566 1274 2621 οὖν
1318 2570 1578 2639 Χριστὸς,
1611 2575 1639 2625 ὁ
1670 2572 1802 2637 Θεὸς

203 2653 389 2724 ὴμῶν,
443 2654 474 2706 ὁ
525 2654 642 2718 νέος
694 2655 885 2726 Ἀδὰμ,
912 2657 1013 2729 τὴν
1050 2658 1313 2731 πλευράν,
1353 2660 1545 2734 ὥσπερ
1583 2664 1670 2719 διὰ
1703 2667 1802 2736 τῆς

202 2745 429 2817 πληγῆς
481 2746 720 2819 ἀναιρῶν
776 2748 876 2819 τὴν
928 2750 1241 2822 ἁμαρτίαν,
1304 2753 1401 2807 καὶ
1470 2756 1564 2809 τὸν
1631 2757 1802 2829 Ἀδὰμ

202 2838 570 2894 ἀπαλλάττων
585 2840 676 2894 τοῦ
698 2841 787 2895 διὰ
808 2841 910 2911 τῆς
941 2842 1184 2914 πλευρᾶς
1208 2844 1358 2915 αὐτῷ
1385 2850 1802 2918 περιγεγονότος

204 2930 599 3003 ὀλισθήματος,
631 2932 708 2996 ὡς
739 2934 805 2987 ἂν
842 2935 1124 2989 κάνταῦθα
1169 2938 1548 3009 πληρούμενον
1597 2943 1681 3012 εἴη
1719 2944 1799 3011 τὸ,

210 3043 231 3075 ι
262 3024 441 3077 Ὅπου
465 3024 791 3080 ἐπλεόνασεν
815 3028 1107 3098 ἡάμαρτία
1131 3048 1149 3082 ι
1180 3029 1477 3100 (τουτέστιν
1497 3034 1555 3086 ὲν
1581 3036 1646 3105 τῇ
1669 3034 1798 3105 Εὔα,

202 3114 330 3183 ἣτις
352 3117 580 3183 γέγονεν
605 3119 669 3170 ἐκ
690 3118 929 3187 πλευρᾶς
947 3120 1041 3172 τοῦ
1059 3120 1272 3192 Ἀδὰμ),
1307 3142 1326 3174 ι
1348 3124 1465 3177 ἐκεῖ
1483 3126 1802 3197 ἐπερίσσευ-

207 3208 344 3278 σενὴ
360 3208 543 3278 χάρις,
558 3204 693 3262 »οἷον
707 3212 764 3262 ἐν
780 3213 845 3281 τῇ
860 3210 954 3264 τοῦ
970 3212 1207 3283 Χριστοῦ
1226 3216 1454 3287 πλευρᾷ.
1475 3218 1801 3288 Περισσεύει

208 3298 309 3367 μὲν
347 3298 461 3367 γάρ
501 3300 558 3353 ἐν
582 3301 765 3372 ἐκείνῃ
795 3304 860 3373 τῇ
892 3303 1158 3377 πλευρᾷή
1192 3309 1458 3380 ἁμαρτία,

204 3390 306 3457 ἔφυ
329 3389 393 3443 τὸ
414 3390 605 3444 κακόν.
638 3392 961 3463 Περισσεύει
990 3396 1047 3449 δὲ
1082 3399 1243 3452 πάλιν
1282 3402 1340 3451 ὲν
1372 3404 1438 3471 τῇ
1493 3403 1800 3475 Δεσποτικῇ

204 3482 424 3554 πλευρᾷ
486 3485 519 3553 ὴ
574 3485 755 3554 χάρις,
811 3488 980 3542 ὅτιού
1014 3492 1174 3559 μόνον
1225 3494 1257 3563 ἡ
1305 3493 1407 3563 τῆς
1444 3496 1721 3567 ἁμαρτίας
1748 3498 1804 3550 ὲν

205 3572 385 3645 ταύτῃ
416 3574 646 3643 γέγονεν
680 3578 965 3649 ἀναίρεσις
1020 3582 1113 3634 καὶ
1160 3582 1366 3653 πληγὴ,
1400 3584 1514 3638 ἀλλ’
1540 3588 1621 3639 ὅτι
1650 3590 1741 3641 καὶ
1771 3591 1803 3661 ἡ

206 3664 307 3734 τῆς
334 3666 612 3736 σωτηρίας
648 3669 800 3740 πηγὴ
816 3672 907 3743 καὶ
923 3671 1188 3743 κάθαρσις
1220 3673 1280 3738 ἐξ
1309 3675 1480 3746 αὐτῆς
1508 3678 1803 3732 ἀνέϐλυσεν

205 3757 306 3812 καὶ
356 3758 531 3830 μένει,
574 3760 649 3833 μὴ
703 3763 1001 3835 κενουμένη
1058 3764 1145 3817 διὰ
1194 3766 1415 3829 παντὸς.
1482 3769 1651 3833 Ἴασις
1709 3771 1802 3824 οὖν

206 3848 424 3916 γίνεται
468 3849 652 3903 λοιπὸν
685 3852 719 3921 ἠ
755 3851 966 3925 πλευρά
1019 3856 1118 3925 τῆς
1150 3856 1470 3928 πλευρᾶς,ή
1528 3860 1799 3931 πληγεῖσα

206 3941 383 4014 λόγχῃ
411 3943 510 4013 τῆς
541 3943 841 4017 πληγείσης
864 3947 1128 4018 ἁμαρτίᾳ.

738 4058 1074 4113 ΕΡΩΤΗΣΙΣ
1121 4059 1273 4115 ΤΙΑ’.

216 4148 453 4223 Τιῄἐστι
493 4150 643 4223 (11)·
685 4171 701 4203 ι
740 4151 1077 4223 Κύριεημὴ
1136 4152 1378 4221 στήσῃς
1423 4157 1629 4222 αὐτοῖς
1692 4156 1806 4223 τὴν

281 4219 582 4359 ᾕμαρτεῗν
612 4222 840 4288 ταύτην
890 4220 1026 4294 (12)·
1072 4241 1091 4273 ι
1127 4225 1223 4276 καὶ
1244 4263 1259 4287 ,
1288 4219 1585 4279 έὶίέλαϐεν
1605 4219 1806 4293 ⁷πέρας

374 4307 488 4359 ευχ
551 4306 569 4353 ;

1913 2041 2154 2110 quodam
2182 2044 2377 2100 ordine
2398 2054 2453 2100 et
2475 2062 2619 2101 nexu
2649 2062 2713 2102 ex
2734 2047 2928 2112 latere,
2955 2049 3187 2104 salutem
3220 2050 3491 2119 pariente,

1909 2132 2211 2190 ﬂuxerunt.
2258 2135 2391 2193 Post
2423 2139 2633 2194 obitum
2668 2140 2813 2194 enim
2856 2142 3058 2197 vulnus
3091 2141 3194 2197 hoc
3224 2141 3493 2198 inﬂictum

1909 2234 2013 2293 est,
2044 2236 2099 2281 et
2120 2238 2244 2298 post
2267 2231 2467 2287 vulnus
2492 2247 2558 2286 ex
2590 2232 2763 2287 latere
2794 2233 3021 2289 ﬂumina
3047 2234 3141 2288 illa
3170 2246 3491 2289 manarunt.

1909 2311 1968 2368 In
2019 2314 2189 2371 latere
2234 2332 2385 2382 vero,
2436 2333 2612 2388 neque
2664 2320 2768 2374 alia
2816 2322 3066 2392 corporis
3109 2332 3266 2392 parte
3294 2323 3495 2377 vulnus

1910 2412 2143 2481 accepit,
2166 2413 2291 2481 quia
2317 2429 2380 2468 ex
2407 2415 2579 2470 latere
2603 2415 2823 2486 quidem
2847 2416 3039 2473 Adami
3066 2425 3193 2473 nata
3219 2426 3304 2474 est
3332 2435 3495 2483 uxor,

1909 2516 2006 2570 per
2050 2502 2199 2557 illam
2248 2520 2379 2561 vero
2434 2506 2612 2562 eidem
2669 2518 2952 2578 peccatum
2990 2518 3071 2566 est
3111 2511 3494 2567 conciliatum.

1915 2593 2172 2653 Christus
2199 2597 2407 2667 itaque,
2432 2596 2574 2654 Deus
2607 2609 2818 2666 noster,
2853 2618 3028 2659 novus
3053 2603 3318 2670 Adamus,
3343 2604 3396 2657 in
3420 2603 3493 2658 la-

1911 2695 2025 2743 tere
2053 2689 2399 2757 vulneratur,
2445 2700 2706 2763 tanquam
2750 2694 2845 2763 qui
2890 2711 2986 2764 per
3022 2696 3165 2751 latus
3206 2705 3492 2766 peccatum

1907 2780 2108 2847 expiet,
2157 2790 2211 2836 et
2241 2782 2415 2837 Adam
2432 2800 2523 2837 um
2560 2800 2589 2837 a
2627 2797 2873 2854 peccato,
2908 2801 3003 2856 per
3040 2788 3183 2843 latus
3214 2788 3279 2843 ad
3310 2789 3490 2857 ipsum

1908 2877 2140 2944 perlato,
2191 2878 2407 2945 liberet,
2441 2889 2501 2935 ut
2533 2881 2607 2936 ita
2648 2884 2748 2939 hac
2784 2884 2948 2938 etiam
2997 2894 3151 2955 parte
3196 2886 3495 2956 impleatur

1908 2968 2083 3024 illud:
2125 2988 2144 3019 ι
2177 2969 2276 3025 Ubi
2316 2972 2612 3028 abundavit
2662 2982 2970 3043 peccatum,
3030 2995 3049 3026 ι
3108 2992 3301 3047 nempe
3348 2977 3497 3047 apud

1908 3056 2097 3126 Evam,
2122 3077 2246 3131 quae
2283 3062 2427 3118 facta
2463 3072 2549 3119 est
2579 3080 2645 3119 ex
2680 3066 2850 3121 latere
2895 3067 3114 3132 Adami,
3150 3088 3168 3119 ι
3204 3070 3277 3124 ibi
3317 3070 3487 3124 etiam

1907 3151 2204 3207 abundavit
2231 3155 2407 3224 gratia
2448 3155 2516 3220 ³⁵⁸,
2575 3176 2593 3207 ι
2634 3173 2830 3227 nempe
2866 3158 2919 3212 in
2968 3161 3137 3214 latere
3169 3159 3397 3216 Christi.
3430 3163 3487 3215 ln

1909 3245 2078 3301 latere
2100 3247 2245 3301 enim
2270 3247 2362 3302 illo
2386 3258 2672 3318 peccatum
2700 3251 2965 3317 abundat,
2990 3253 3138 3321 quod
3163 3254 3288 3308 inde
3306 3263 3491 3308 ortum

1493 3311 1573 3363 δτι
1593 3311 1802 3364 ἐκεῖθεν
1831 3322 1873 3381 C
1908 3344 1993 3392 est
2019 3339 2217 3392 malum
2245 3355 2258 3391 :
2282 3338 2535 3394 vicissim
2567 3357 2698 3396 vero
2726 3343 2779 3395 in
2807 3341 3021 3398 Domini
3055 3344 3227 3399 latere
3250 3344 3495 3401 abundat

1911 3428 2104 3499 gratia,
2139 3430 2288 3500 quod
2331 3431 2387 3485 in
2414 3432 2510 3486 illo
2533 3443 2826 3502 peccatum
2864 3450 2972 3489 non
3007 3444 3221 3491 tantum
3249 3437 3411 3491 ﬁnem
3442 3448 3497 3491 et

1910 3521 2114 3577 vulnus
2147 3523 2382 3591 accepit,
2431 3524 2525 3578 sed
2555 3541 2622 3581 ex
2656 3528 2848 3583 eodem
2891 3543 3113 3598 quoque
3146 3528 3269 3584 fons
3300 3530 3496 3585 salutis

1910 3620 1958 3667 et
1988 3613 2242 3683 purgatio
2262 3612 2445 3683 ﬂuxit,
2472 3624 2527 3671 et
2582 3628 2843 3684 tanquam
2886 3636 3169 3690 nunquam
3221 3621 3489 3675 abolenda

1910 3713 2245 3772 perseverat.
2274 3705 2445 3762 Latus
2470 3708 2659 3779 itaque
2682 3712 2845 3766 lateri
2870 3714 3212 3767 sanationem
3246 3722 3494 3782 praestat,

1911 3797 2057 3853 latus
2084 3813 2304 3869 nempe,
2331 3800 2517 3855 lancea
2540 3800 2875 3868 perfossum,
2907 3803 3061 3857 lateri
3088 3818 3182 3871 per
3206 3815 3494 3873 peccatum

1910 3886 2219 3944 vulnerato.

2037 4066 2369 4135 QUIESTIO
2411 4068 2613 4125 CCCXI
2654 4068 2870 4139 [Coisl.,
2906 4066 3071 4121 Taur.
3111 4068 3371 4141 CXXIV}.

1912 4161 2054 4226 Quid
2099 4162 2367 4232 signiﬁcat
2422 4162 2606 4216 illud:
2662 4182 2679 4214 ι
2718 4161 2960 4227 Domine,
3009 4178 3073 4216 ne
3119 4174 3328 4220 statuas
3379 4164 3492 4219 illis

1981 4232 2078 4285 hoc
2122 4245 2432 4335 pecgutum;
2463 4254 2480 4284 ›
2518 4245 2567 4287 et
2609 4251 2677 4288 an
2713 4242 2899 4290 erentu
2940 4233 3011 4286 sit
3038 4236 3353 4306 conﬁrmata
3384 4236 3493 4290 lucc

1981 4303 2212 4335 ηνοηηίῖη

1978 4314 2239 4370 precatio:

212 4403 469 4456 Editarum
490 4418 519 4453 a
551 4405 727 4456 Wolﬁo
747 4407 1118 4472 quadragesima
1136 4416 1308 4471 quarta
1330 4411 1386 4476 (l.
1412 4426 1455 4462 c.
1480 4427 1527 4475 p.
1564 4413 1792 4526 ’ωδ-ἒξ.
1823 4416 2046 4528 ϐοιῐὲιόἀ.
2072 4432 2119 4479 p.
2154 4417 2264 4479 714,
2285 4419 2396 4479 713,
2418 4432 2465 4467 n.
2500 4419 2576 4468 19.
2602 4447 2660 4456 ——
2680 4421 2755 4470 De
2790 4425 3017 4474 oratione
3039 4421 3193 4473 sancti
3232 4420 3490 4483 Stephani.

1779 4517 1789 4526 .
1827 4492 1909 4528 vn.
2008 4517 2018 4528 .

1779 4517 1789 4526 .
1827 4492 1909 4538 vn,
1938 4492 2018 4528 au.

283 4556 362 4610 Τδ
384 4557 466 4619 δὲ,
497 4575 517 4608 ι
548 4556 744 4626 Κύριε,
772 4560 847 4629 μὴ
879 4561 1085 4631 στήσῃς
1110 4560 1292 4625 αὐτοῖς
1312 4564 1413 4631 τὴν
1442 4564 1739 4635 ἁμαρτίαν,
1775 4585 1793 4617 ι

1981 4567 2195 4622 Dictum
2273 4568 2405 4623 illud
2462 4589 2474 4622 :

214 4651 309 4705 καὶ
336 4650 487 4720 ἑξῆς,
509 4651 631 4719 οὐχ,
660 4652 738 4714 ὡς
790 4652 855 4706 ἄν
887 4669 971 4716 τις
1021 4652 1210 4717 άπλῶς
1243 4654 1453 4725 οἰηθείη
1485 4657 1619 4726 (15),
1653 4658 1804 4711 ἐκϐέ-

278 4762 327 4794 ⁸⁹
348 4760 660 4845 Μήδωνι,
695 4763 783 4815 51.
859 4762 904 4795 ⁸⁸
930 4761 1065 4817 Rom
1105 4779 1159 4831 ν,
1188 4762 1280 4817 28.

2535 4588 2553 4621 ι
2601 4567 2681 4625 Ne
2749 4582 2960 4629 statuas
3025 4572 3134 4626 illis
3201 4578 3490 4640 peccatum

1913 4659 2034 4724 hoc,
2064 4678 2082 4710 ι
2130 4670 2236 4713 etc.
2277 4673 2385 4713 non
2426 4658 2674 4728 quidem,
2720 4662 2865 4730 quod
2924 4662 3244 4717 existimare
3292 4659 3493 4730 aliquis

1742 4951 1978 5009 NOTAE.

286 5040 365 5120 (Il
401 5040 514 5120 Et?”
556 5041 671 5120 ,τῑρδ
702 5043 820 5113 τῆςο
841 5043 995 5120 εριδι
1027 5047 1124 5120 τῆς
1157 5047 1398 5120 πρώτης-

288 5111 368 5183 (8)
408 5110 501 5183 Sic
548 5110 688 5166 idem
730 5110 835 5183 pro
872 5116 938 5169 ἂν
992 5110 1187 5171 εἰπεῖν.

290 5182 377 5257 (_£_l)_
407 5182 529 5257 ᾠρα
576 5182 784 5257 scribo,
831 5200 933 5255 pro
960 5187 1081 5257 ὅρα.

288 5250 406 5321 (10)
431 5250 509 5314 δέ,
534 5267 602 5306 ex
636 5251 783 5307 Colb.

290 5322 409 5390 (11)
444 5321 764 5400 Deeodem
802 5326 927 5400 loco
960 5328 1087 5400 vide
1135 5329 1388 5385 Photium
1420 5332 1655 5400 epistola
1698 5332 1797 5386 146

222 5393 395 5465 (nunc
434 5392 583 5446 tertii
638 5394 766 5449 libri
795 5397 910 5465 46),
949 5399 1045 5453 ubi
1090 5407 1277 5456 tamen
1328 5392 1483 5454 illum
1531 5416 1639 5455 non
1687 5411 1796 5455 tam

220 5463 480 5585 explicatt,
508 5478 673 5533 quam
695 5464 753 5519 in
781 5463 942 5522 usum
962 5470 1227 5526 adversus
1244 5470 1535 5527 inimicum
1561 5472 1800 5541 aliquem

220 5548 425 5585 COHVCI'
453 5543 513 5585 ιί.

220 5543 513 5589 convertit.

292 5604 405 5679 (lg)
426 5604 609 5679 Verba
631 5616 761 5664 sunt
781 5608 1043 5679 Stephani
1066 5611 1185 5666 Act.
1207 5628 1305 5679 vn,
1327 5612 1416 5676 59,
1442 5611 1641 5668 similia
1668 5612 1797 5677 illis,

220 5687 341 5743 quae
359 5675 652 5746 Dominus,
673 5692 742 5734 ex
756 5675 923 5770 cruce
950 5681 1215 5751 pendens,
1241 5675 1666 5754 pronuntiabat:
1685 5675 1797 5737 [Idi-4

1905 5068 2022 5123 τερ,
2060 5054 2197 5123 ἄφες
2220 5055 2425 5119 αὐτοῖς’
2451 5054 2511 5108 οὐ
2546 5055 2655 5124 γὰρ
2684 5054 2881 5116 οἴδασι,
2920 5053 2971 5107 τί
3005 5051 3240 5107 ποιοῦσι.
3270 5053 3494 5110 Utrum-

1905 5138 2013 5189 que
2035 5124 2217 5177 locum
2242 5125 2490 5187 Photius,
2526 5124 2643 5179 haec
2675 5124 2951 5189 scribens,
2979 5124 3038 5179 in'
3057 5134 3240 5180 mente
3274 5125 3487 5180 h’abuit.

1905 5191 2211 5265 Utrumque
2263 5195 2427 5248 etiam
2469 5195 2524 5248 in
2577 5209 2667 5264 cp.
2722 5194 3159 5265 Mﬁfconjungit
3216 5194 3489 5265 ῑγΚύριε,

1907 5263 1981 5331 μὴ
2033 5263 2246 5336 στήσῃς
2290 5266 2474 5336 αὐτοῖς
2518 5263 2626 5336 τὴν
2651 5264 2945 5336 ἁμαρτίαν’
2978 5263 3040 5318 οὐ
3072 5263 3181 5336 {up
3207 5264 3406 5327 οίδασι,
3439 5265 3491 5317 τί

1903 5332 2140 5404 ποιοῦσιζ
2184 5332 2417 5389 ’Νονιιιη
2451 5335 2558 5389 hoc
2575 5332 2675 5389 'est
2695 5332 3043 5404 exemplum,
3072 5332 3329 5404 NoStrum
3375 5346 3489 5388 non

1911 5400 2207 5457 admodum
2254 5412 2575 5460 accuratum
2611 5405 2665 5459 in
2699 5400 3008 5459 excitandis
3038 5403 3338 5472 Scriptura;
3363 5418 3489 5457 ora-

1911 5472 2057 5527 culis
2080 5472 2305 5545 fuisse;
2360 5474 2511 5544 quod
2557 5483 2615 5529 et
2648 5475 2783 5530 alias
2825 5474 2932 5545 ipsi
2983 5490 3085 5528 usu
3146 5473 3388 5539 venisse,
3418 5488 3488 5527 ex

1908 5542 2291 5612 superioribus
2323 5542 2561 5599 constat.

1979 5612 2092 5738 (ιὲ)
2124 5612 2309 5695 codex
2350 5615 2592 5671 habebat
2620 5618 2823 5671 iterum
2861 5614 2980 5684 οὐκ,
3007 5621 3134 5669 ante
3163 5611 3483 5683 ἐκϐέϐηκεν,

1985 5699 2016 5737 o
2096 5700 2277 5738 onusr.

1908 5699 2054 5755 quoa
2096 5700 2277 5739 OHUSL
