3904 6218
447 264 588 333 1159

1589 265 1849 328 ΡΗΟΤΙΙ
1889 265 2396 327 PATRIARCH/E
2423 267 2519 326 CP.

3584 267 3715 334 1160

443 389 682 450 poterat,
718 380 929 436 exitum
975 379 1187 445 habuit,
1230 393 1410 449 neque
1437 379 1682 449 precatio
1705 377 1798 432 illa
1828 385 2030 432 eventu

2140 377 2308 447 6ηκεν
2339 378 2420 439 είς
2472 375 2668 448 πέρας,
2700 375 2822 430 οὐδὲ
2854 377 2914 430 τὸ
2938 375 3092 440 τέλος
3121 377 3442 448 ἀπείληφεν
3481 381 3515 450 ή
3570 379 3719 452 εὐχή.

449 475 773 530 conﬁrmata
817 485 923 531 est.
976 475 1243 530 Dominus
1288 474 1431 528 enim
1486 481 1696 536 noster,
1747 473 2030 526 hominum

450 565 890 630 amantissimus,
911 565 1240 637 generisque
1265 563 1436 619 nostri
1463 560 1736 629 Salvator,
1755 571 2033 632 precatur,

445 673 522 712 ne
543 667 818 714 statuatur
840 659 948 714 hoc
971 667 1256 730 peccatum
1282 657 1416 722 illis,
1439 657 1528 725 qui
1555 671 1615 712 se
1635 654 2033 721 cruciﬁxerint,

450 749 689 819 primum
721 749 944 820 quidem
978 749 1124 817 ideo,
1155 758 1216 803 ut
1250 748 1618 802 humanitatis
1643 746 1807 802 nobis
1827 756 1881 801 et
1913 762 2036 800 inu-

445 852 559 898 tua:
589 843 988 898 benevolentia:
1012 841 1327 911 exemplum
1363 839 1547 904 sistat,
1591 848 1649 893 ut
1698 853 1769 893 ne
1813 838 1866 892 in
1910 837 2037 894 illos

451 953 689 1008 quoque,
727 937 822 1008 qui
847 943 1080 990 mortem
1105 933 1264 988 nobis
1295 931 1601 986 machinari
1625 929 1899 995 videntur,
1931 929 2034 996 ira,

452 1030 912 1086 excandescentia
964 1037 1018 1083 et
1059 1026 1197 1082 diris
1246 1025 1597 1080 invehamur.
1648 1023 1856 1078 Deinde
1907 1037 2038 1078 vero

455 1133 711 1192 precatur
746 1122 933 1186 etiam,
979 1135 1048 1176 ne
1093 1119 1202 1175 illis
1247 1125 1526 1174 statuatur
1576 1116 1682 1172 hoc
1729 1123 2036 1186 peccatum,

451 1215 545 1284 qui
580 1215 846 1269 desistant
872 1227 902 1266 a
935 1212 1103 1276 malo,
1157 1225 1258 1266 nec
1287 1225 1451 1280 porro
1493 1209 1550 1264 in
1581 1208 1725 1265 idem
1767 1211 2038 1278 protervi-

455 1307 583 1362 tatis
628 1316 682 1360 et
718 1303 1084 1375 improbitatis
1128 1304 1348 1359 culmen
1393 1301 1722 1357 cvehantur.
1763 1301 1907 1366 Jam,
1942 1300 2036 1371 qui

452 1385 784 1451 destiterunt
810 1411 841 1450 a
867 1395 1102 1462 malitia,
1132 1394 1243 1450 illis
1270 1408 1432 1465 pinna
1458 1393 1742 1449 commissi
1787 1393 2037 1449 criminis

452 1497 560 1536 non
604 1481 804 1537 inflicta
837 1491 942 1539 est.
974 1482 1128 1538 Multi
1155 1483 1304 1538 enim
1346 1481 1663 1536 Judaeorum
1708 1497 1819 1537 non
1859 1483 2037 1537 solum

454 1573 671 1626 veniam
699 1575 846 1628 nacti
891 1585 1039 1642 sunt,
1068 1574 1160 1630 sed
1193 1582 1249 1630 et
1285 1574 1573 1629 veritatem
1605 1587 1797 1644 posma
1834 1574 2037 1640 edocti,

2138 466 2367 537 Εὐχεται
2388 467 2486 537 μὲν
2519 466 2628 538 γὰρ
2659 467 2686 520 ὁ
2716 465 3098 535 φιλάνθρωπος
3124 467 3285 537 ἡμῶν
3307 469 3616 539 Δεσπότης,
3643 471 3725 522 καὶ

2135 560 2228 614 τοῦ
2256 561 2448 630 γένους
2471 559 2683 629 Σωτὴρ,
2710 558 2785 628 μὴ
2815 559 3007 628 στῆναι
3052 560 3167 622 τοῖς
3208 559 3604 628 σταυρώσασιν
3631 559 3718 631 τὴν

2137 653 2434 724 ἁμαρτίαν,
2474 650 2633 704 τοῦτο
2670 651 2768 719 μὲν
2797 650 3130 720 ὑπογράφων
3157 652 3290 722 ἡμῖν
3316 650 3725 722 φιλανθρωπίας

2135 745 2339 808 τύπους
2366 744 2462 798 καὶ
2484 745 2582 813 τῆς
2607 743 2744 814 πρὸς
2778 742 3042 813 ἀλλήλους
3065 742 3303 806 εὐνοίας,
3332 744 3423 796 ἵνα
3453 743 3599 813 μηδὲ
3622 746 3722 797 κατ’

2136 837 2313 892 αὐτῶν
2341 836 2452 892 τῶν
2481 835 2780 890 δοκούντων
2837 835 3005 907 φονᾷν
3034 834 3157 888 καθ’
3191 835 3348 907 ήμῶν
3367 875 3385 900 ,
3416 837 3500 898 είς
3537 834 3727 906 θυμοὺς

2135 931 2447 1002 ἐφερόμεθα
2487 929 2624 1000 (14),
2657 929 2754 982 καὶ
2779 928 2971 999 ὀργάς,
3003 929 3278 1000 καὶάράς.
3306 931 3556 984 Ἔπειτα
3583 929 3638 982 δὲ
3666 929 3727 1000 μὴ

2138 1017 2329 1088 στῆναι
2359 1016 2458 1086 μὲν
2487 1017 2670 1080 αὐτοῖς
2699 1017 2992 1088 ἐπεύχεται
3019 1019 3119 1088 τὴν
3155 1019 3466 1090 ἁμαρτίαν,
3510 1020 3727 1090 ἱσταμέ-

2138 1125 2250 1171 νοις
2271 1107 2366 1162 τοῦ
2408 1107 2600 1174 κακοῦ,
2639 1111 2733 1161 καὶ
2775 1107 2850 1179 μὴ
2897 1109 3234 1180 πορρωτέρω
3262 1111 3607 1180 φερομένοις
3649 1113 3729 1164 ἐπὶ

2137 1199 2229 1253 τὸν
2255 1200 2533 1266 αὐτὸντῆς
2560 1199 2849 1267 ἀσελγείας
2877 1216 2937 1252 τε
2965 1198 3058 1252 καὶ
3080 1200 3438 1270 παρανομίας
3467 1204 3729 1272 κρημνόν.

2138 1293 2248 1346 Καὶ
2279 1293 2394 1346 ὅσοι
2427 1310 2492 1361 γε
2537 1291 2776 1362 ἔστησαν
2803 1290 2899 1344 τοῦ
2956 1292 3153 1356 κακοῦ,
3181 1294 3284 1347 οὐκ
3318 1295 3538 1364 ἐπέστη
3565 1296 3733 1359 αὐτοῖς

2137 1385 2246 1438 οὐδ’
2279 1386 2314 1454 ή
2343 1383 2452 1436 τῶν
2492 1383 2924 1454 ἁμαρτηθέντων
2955 1385 3102 1455 δίκη.
3139 1385 3337 1439 Πολλοὶ
3369 1386 3489 1456 γάρ
3545 1387 3612 1440 ὲκ
3639 1388 3733 1441 τῶν

2153 1477 2424 1532 Ἰουδαίων
2441 1479 2500 1531 οὐ
2539 1478 2700 1548 μόνον
2726 1477 2824 1548 τῆς
2856 1478 3190 1550 συγγνώμης
3221 1479 3592 1549 ἀπήλαυσαν,
3616 1479 3732 1535 ἀλλὰ

2139 1569 2236 1623 καὶ
2261 1570 2359 1642 τὴν
2389 1569 2649 1641 ἀλήθειαν
2694 1570 3121 1641 μεταμαθόντες,
3167 1571 3729 1643 προσδεδραμηκότες

450 1672 503 1718 et
533 1665 753 1733 pietatis
780 1667 965 1722 studio
1003 1667 1175 1730 ducti,
1207 1666 1301 1720 (iiii
1345 1673 1400 1720 et
1448 1665 1691 1720 haeredes
1731 1665 1881 1735 regni
1922 1679 2034 1720 coe-

2140 1665 2206 1734 τῇ
2242 1663 2515 1734 εὐσεϐείᾳ,
2550 1663 2658 1716 υἱοὶ
2685 1664 2782 1717 καὶ
2813 1662 3141 1733 κληρονόμοι
3173 1664 3275 1735 τῆς
3330 1665 3447 1718 τῶν
3495 1665 3732 1736 οὐρανῶν

451 1754 603 1810 lcstis
631 1766 944 1813 evaserunt.
971 1756 1075 1824 Qui
1103 1773 1229 1812 vero
1257 1757 1326 1812 ab
1366 1756 1669 1826 impietatis
1707 1734 1889 1813 studio
1913 1771 2034 1827 pro-

2148 1757 2427 1828 βασιλείας
2465 1757 2893 1828 ἀπεδείχθησαν.
2924 1757 3083 1810 Ὅσοι
3128 1757 3187 1810 δὲ
3232 1734 3332 1829 τῆς
3384 1734 3588 1831 πρόσω
3641 1760 3732 1813 τᾶν

451 1848 700 1905 vehendo
730 1851 834 1906 sibi
860 1865 968 1905 non
1015 1858 1416 1920 temperarunt,
1446 1851 1539 1906 sed
1570 1850 1747 1905 caedes
1791 1849 2036 1904 caedibus

451 1941 816 2007 cumulantes,
895 1944 950 1997 in
1017 1943 1313 1997 maximam
1359 1943 1654 1999 amentiam
1725 1951 1854 1997 sunt
1907 1957 2036 2012 pro-

455 2032 615 2100 lapsi,
659 2033 739 2087 illi
785 2035 1006 2104 quidem
1040 2037 1238 2092 merito
1277 2050 1470 2106 poenas
1503 2035 1792 2091 dederunt.
1821 2033 2036 2090 Nihilo-

451 2123 636 2177 minus
668 2132 849 2179 tamen
895 2124 1011 2180 haec
1063 2125 1371 2181 Salvatoris
1409 2126 1585 2181 nostri
1633 2126 1877 2195 precatio
1913 2135 2034 2182 rata

452 2213 575 2280 fuit,
620 2231 722 2271 nec
749 2231 918 2287 scopo
950 2233 1051 2273 suo
1074 2219 1295 2275 excidit.
1326 2217 1463 2272 Novi
1493 2217 1714 2287 quidem
1740 2218 2036 2273 nonnullos

450 2306 617 2360 alium
661 2323 886 2364 sensum
926 2308 1075 2364 dicto
1124 2311 1254 2365 huic
1286 2309 1582 2380 subjicere,
1641 2309 1788 2379 quod
1840 2325 2038 2378 nempe

452 2398 553 2463 illi,
585 2399 678 2469 qui
710 2398 992 2456 Christum
1022 2401 1437 2470 cruciﬁgebant,
1468 2410 1524 2456 et
1554 2401 1894 2472 perpessioni
1917 2401 2036 2472 ejus

451 2490 700 2558 aderant,
730 2506 840 2546 non
863 2506 932 2548 ex
955 2491 1162 2550 Iudaeis
1180 2492 1406 2559 fuerint,
1435 2495 1530 2549 sed
1559 2495 1792 2550 Romani
1824 2497 2032 2566 potius,

450 2593 503 2638 ct
519 2598 584 2638 ex
610 2584 734 2640 aliis
754 2585 1011 2656 gentibus
1036 2586 1166 2653 orti,
1195 2603 1318 2641 cum
1342 2584 1515 2642 Judzci
1547 2587 1784 2658 professi
1805 2587 2031 2655 fuerint,

447 2673 728 2729 Christum
758 2675 1065 2732 secundum
1106 2676 1283 2747 legem
1316 2692 1473 2733 suam
1500 2678 1642 2732 mori
1675 2678 1899 2748 debere,
1931 2680 2034 2736 sibi

447 2779 577 2822 vero
595 2781 703 2822 non
726 2766 892 2822 licere
909 2783 1245 2840 quemquam
1268 2768 1846 2842 occidere.Postquam
1867 2774 2033 2828 etiam

446 2857 730 2916 Christum
780 2859 956 2914 Pilato
1007 2861 1388 2927 tradiderunt,
1438 2861 1642 2917 milites
1688 2861 1924 2918 Romani
1981 2873 2036 2920 et

449 2951 740 3022 gentilium
775 2951 870 3007 alii
905 2966 1121 3020 eorum,
1162 2968 1287 3022 qua:
1317 2959 1508 3021 postea
1536 2953 1590 3007 in
1625 2953 1910 3009 Christum
1933 2971 2034 3024 pa-

445 3043 772 3112 trabantur,
814 3045 1125 3102 administri
1171 3054 1348 3100 erant.
1392 3045 1530 3100 Cum
1583 3048 1731 3101 enim
1775 3048 2030 3103 Christus

444 3133 763 3204 prodendus
784 3144 952 3200 esset,
977 3133 1174 3203 Judaei,
1205 3143 1470 3206 tanquam
1499 3133 1764 3192 Romanis
1777 3135 2031 3205 subjecti,

444 3238 548 3278 nec
576 3238 662 3291 ea,
704 3240 827 3295 quae
861 3223 1081 3290 vellent,
1126 3225 1392 3295 perﬁcere
1419 3226 1689 3294 valentes,
1731 3242 1840 3282 non
1865 3228 2035 3282 aude-

445 3316 581 3372 bant
624 3316 726 3372 soli
772 3327 1058 3388 capturam
1092 3317 1211 3386 ejus
1261 3320 1566 3389 suscipere,
1612 3320 1709 3376 sed
1753 3320 2033 3387 cohortem

444 3408 630 3476 potius
652 3417 707 3463 et
727 3409 1005 3463 tribunum
1031 3409 1269 3480 aliquem
1296 3411 1401 3466 sibi
1433 3412 1754 3482 jungebant.
1791 3411 2040 3484 Propter-

446 3514 511 3555 ea
538 3499 808 3557 Dominus
839 3509 1049 3568 noster,
1085 3500 1248 3558 Jesus
1279 3503 1570 3570 Christus,
1618 3513 1885 3576 tanquam
1929 3506 2036 3562 hu-

450 3592 599 3647 mani
626 3593 845 3664 generis
872 3594 1306 3658 amantissimus,
1341 3605 1393 3652 et
1426 3605 1695 3653 creaturae
1725 3613 1840 3654 sua:
1873 3613 2036 3669 pros-

445 3685 678 3756 piciens,
705 3686 1102 3756 benignitatem
1130 3697 1182 3743 et
1204 3687 1602 3743 humanitatem
1625 3704 1778 3744 suam
1798 3690 2035 3760 quadam

445 3775 784 3847 precationis
806 3774 1044 3832 formula
1073 3791 1460 3846 expressurus,
1480 3775 1616 3831 dicit
1641 3794 1654 3831 :
1680 3795 1699 3828 ι
1726 3774 1804 3832 Ne
1825 3785 2036 3833 statuas

447 3865 558 3922 illis
587 3865 692 3922 hoc
713 3877 1029 3937 peccatum;
1061 3887 1079 3920 ι
1114 3879 1168 3924 et
1202 3877 1394 3938 postea
1421 3868 1603 3923 addit:
1636 3886 1653 3920 ι
1682 3865 1872 3938 Neque
1889 3869 2033 3923 enim

449 3957 657 4023 sciunt,
693 3974 814 4029 quae
859 3958 1090 4015 faciunt.
1125 3980 1144 4013 ι
1195 3958 1336 4016 Vere
1364 3960 1510 4015 enim
1561 3967 1618 4016 et
1659 3957 2034 4015 Romanorum

447 4061 632 4105 turma
661 4062 715 4106 et
736 4053 967 4123 gentiles
994 4051 1190 4123 caeteril
1215 4053 1560 4118 nesciebant,
1597 4053 1728 4124 quid
1767 4052 2032 4110 facerent.

446 4139 640 4214 Neque
671 4145 819 4200 enim
846 4161 908 4201 ea
940 4154 1100 4202 erant
1137 4146 1338 4212 edocti,
1379 4161 1501 4218 quae
1531 4147 1618 4202 lex
1660 4155 1714 4202 et
1753 4147 2036 4217 propheta:

449 4236 520 4291 de
553 4251 619 4292 eo
660 4239 1187 4306 prmnuntiaverant.
1220 4237 1486 4294 Precatur
1530 4239 1735 4310 itaque,
1773 4239 2034 4309 inquiunt

445 4325 550 4392 illi,
593 4342 693 4398 pro
723 4327 1012 4395 Romanis,
1048 4336 1103 4385 et
1145 4329 1447 4400 gentilibus
1467 4330 1709 4394 caeteris,
1753 4337 1808 4384 et
1845 4343 2035 4399 preca«

2146 1848 2336 1902 κακῶν
2367 1849 2469 1901 οὐκ
2498 1847 2734 1919 ἔστησαν
2766 1849 2960 1918 φορᾶς,
2984 1848 3121 1902 ἀλλά
3149 1850 3473 1919 μιαιφονίας
3509 1852 3607 1904 ἐπὶ
3637 1850 3730 1921 (i5)

2150 1943 2486 2012 μιαιφονίαις
2515 1941 2938 2013 προστιθέντες,
2985 1944 3066 2002 είς
3128 1941 3362 2012 ἔσχατον
3433 1943 3730 2009 ἐξώκειλαν

2147 2032 2423 2097 ἀπονοίας,
2451 2027 2596 2088 οὗτοι
2626 2033 2724 2103 μὲν
2749 2033 2974 2097 δικαίως
3004 2034 3102 2104 τὴν
3123 2033 3280 2101 δίκην
3302 2035 3588 2089 ἀπέτισαν
3611 2036 3734 2104 (16).

2147 2123 2314 2176 Οὐδὲν
2340 2123 2395 2176 δὲ
2422 2116 2584 2193 ἦττον
2609 2125 2642 2194 ή
2672 2121 2765 2176 τοῦ
2793 2123 3047 2194 Σωτῆρος
3076 2124 3211 2194 εὐχὴ
3245 2123 3474 2194 ἔμεινεν
3508 2127 3588 2195 μὴ
3635 2127 3736 2180 δια-

2145 2213 2390 2267 πεσοῦσα
2441 2211 2534 2266 τοῦ
2595 2213 2820 2266 σκοποῦ.
2871 2209 3002 2265 Οἶδα
3065 2212 3124 2265 δέ
3183 2231 3337 2277 τινας
3389 2217 3493 2267 καὶ
3556 2217 3738 2287 ἑτέραν

2145 2304 2400 2376 τοιαύτην
2435 2303 2904 2378 ὐποϐαλλομένους
2933 2303 3172 2357 διάνοιαν
3205 2303 3284 2374 τῷ
3311 2305 3498 2376 ρητῷ,
3556 2306 3739 2378 ὅτιπρ

2143 2395 2574 2468 οἱσταυροῦντες
2597 2395 2689 2450 τὸν
2719 2395 2955 2467 Χριστὸν
2990 2397 3084 2450 καὶ
3117 2397 3390 2467 παρόντες
3431 2396 3521 2468 τῷ
3557 2398 3736 2463 πάθει,

2143 2493 2264 2563 οὐχὶ
2279 2491 2387 2545 τῶν
2414 2489 2681 2544 Ἰουδαίων
2699 2485 2839 2560 ἦσάν
2860 2504 3030 2553 τινες,
3061 2487 3324 2559 Ῥωμαῖοι
3341 2489 3400 2541 δὲ
3419 2489 3635 2561 μᾶλλον
3655 2493 3739 2545 καί

2142 2601 2287 2648 τινες
2309 2581 2370 2647 ἐξ
2394 2583 2596 2652 ἐτέρων
2619 2581 2813 2645 ἐθνῶν,
2834 2578 2943 2633 τῶν
2979 2579 3244 2634 Ἰουδαίων
3261 2580 3741 2654 ἀποφηναμένων,

2143 2677 2218 2739 ὼς
2246 2696 2264 2727 ι
2294 2675 2449 2730 Κατά
2466 2675 2558 2730 τὸν
2574 2674 2737 2746 νόμον
2767 2672 2926 2745 ἡμῶν
2951 2674 3156 2742 ὀφείλει
3184 2675 3517 2742 ἀποθανεῖν,
3545 2679 3743 2748 ήμίνδε

2143 2769 2243 2822 οὐκ
2271 2767 2482 2833 ἔξεστιν
2514 2766 2706 2820 οὐδένα
2721 2767 3065 2820 ἀποκτεῖναι.
3097 2784 3117 2818 ι
3148 2763 3282 2822 Εἶτα
3303 2767 3401 2820 καὶ
3419 2767 3506 2840 τῷ
3531 2770 3743 2838 Πιλὰτῳ

2143 2861 2606 2934 παραδεδωκότων
2634 2859 2725 2913 τὸν
2750 2858 2987 2929 Χριστὸν
3018 2859 3068 2913 oi
3100 2860 3370 2930 Ῥωμαῖοι
3401 2863 3740 2932 στρατιῶται

2143 2954 2238 3008 καὶ
2290 2953 2399 3006 τῶν
2452 2951 2657 3006 λοιπῶν
2714 2949 2886 3004 ὲθνῶν
2937 2950 3312 3022 ὐπηρετοῦντο
3371 2952 3573 3008 λοιπὸν
3637 2959 3741 3019 τοῖς

2142 3043 2539 3116 πραττομένοις
2562 3043 2704 3096 κατὰ
2727 3041 2990 3112 Χριστοῦ.
3022 3044 3132 3096 Καὶ
3155 3043 3262 3114 γὰρ
3293 3045 3356 3097 ὲν
3379 3048 3451 3115 τῇ
3484 3047 3743 3118 προδοσίᾳ

2139 3137 2233 3190 τοῦ
2276 3137 2572 3202 Δεσπότου,
2614 3134 2711 3188 ἅτε
2766 3135 2832 3205 δὴ
2885 3135 3150 3206 ὐπόφοροι
3203 3136 3360 3201 ὄντες
3394 3138 3453 3190 οἱ
3498 3138 3742 3192 Ἰουδαῖοι

2155 3227 2467 3298 Ῥωμαίοις,
2481 3227 2580 3281 καὶ
2603 3227 2703 3280 οὐκ
2725 3223 2846 3290 ὲξδν
2862 3225 3045 3290 αὐτοῖς
3064 3226 3350 3297 πράττειν,
3365 3227 3403 3282 ἃ.
3423 3228 3740 3300 ἠϐούλοντο,

2141 3323 2292 3376 αὐτοὶ
2329 3321 2430 3392 μὲν
2455 3319 2598 3374 κατὰ
2629 3321 2796 3391 μόνας
2826 3321 2927 3374 οὐκ
2958 3319 3200 3390 ἐτόλμων
3228 3323 3500 3392 παρεῖναι
3522 3328 3597 3396 τῇ
3628 3326 3743 3377 συλ-

2138 3413 2321 3485 λήψει,
2370 3413 2470 3484 τὴν
2527 3413 2585 3466 δὲ
2627 3415 2858 3483 σπεῖραν
2904 3412 3001 3467 καὶ
3051 3413 3142 3466 τὸν
3211 3414 3507 3485 χιλίαρχον
3563 3419 3742 3481 αὐτοῖς

2140 3505 2589 3575 συνεπεφέροντο.
2624 3504 2682 3557 Ὁ
2700 3502 2793 3557 οὖν
2816 3503 3022 3575 Κύριος
3049 3503 3208 3574 ήμῶν
3237 3504 3457 3576 ἰησοῦς
3483 3508 3742 3579 Χριστὸς.

2137 3601 2166 3652 ό
2205 3600 2337 3669 περὶ
2376 3597 2438 3651 τὸ
2472 3597 2816 3669 ἀνθρώπινον
2852 3598 3011 3666 γένος
3066 3598 3483 3670 φιλάνθρωπος,
3523 3604 3628 3656 καὶ⁸
3658 3602 3740 3656 to}

2137 3691 2340 3744 οἰκείου
2364 3687 2684 3760 πλάσματος
2707 3689 3132 3760 προνοούμενος,
3156 3689 3254 3760 τὴν
3281 3690 3556 3762 βούλησιν
3586 3693 3740 3747 αὐτο]

2138 3783 2234 3836 καὶ
2267 3783 2365 3853 τὴν
2396 3780 2810 3852 φιλανθρωπίαν
2840 3783 2921 3845 είς
2952 3781 3120 3853 εὐχῆς
3153 3784 3522 3853 σχηματίζων
3551 3785 3742 3846 τύπον,

2139 3875 2323 3945 φησίν⁹
2363 3893 2382 3926 ι
2415 3873 2508 3945 Μὴ
2534 3875 2740 3946 στήσῃς
2772 3873 2957 3938 αὐτοῖς
2989 3876 3089 3947 τὴν
3135 3875 3418 3947 ἁμαρτίαν
3443 3878 3663 3949 ταύτην
3683 3897 3696 3910 ·
3720 3897 3738 3929 ι

2136 3962 2278 4031 εἶτα,
2315 3983 2335 4018 ι
2355 3963 2433 4020 Οὐ
2460 3965 2571 4036 γὰρ
2589 3966 2767 4020 οἴδασι
2790 3965 2843 4019 τί
2870 3967 3109 4023 ποιοῦσι.
3137 3986 3157 4020 ι
3196 3967 3286 4038 Τῷ
3313 3968 3435 4024 ὄντι
3459 3974 3576 4042 γὰρ
3599 3975 3660 4026 τό
3687 3991 3739 4026 τε

2149 4059 2436 4129 Ῥωμαίων
2486 4058 2706 4128 στίφος,
2757 4059 2850 4112 καὶ
2885 4059 2936 4112 οἱ
2985 4059 3045 4127 ἐξ
3075 4059 3249 4114 ἐθνῶν
3279 4064 3386 4116 οὐκ
3439 4065 3676 4128 οἴδασιν,
3711 4067 3742 4119 ἃ

2136 4151 2486 4222 πράττουσιν.
2513 4151 2649 4205 Οὐδὲ
2670 4149 2781 4223 γὰρ
2818 4146 2957 4224 ἦσαν
2989 4169 3410 4226 μεμυσταγωγη
3421 4157 3586 4221 μένοι
3605 4200 3622 4223 ,
3654 4159 3690 4212 ἃ.
3717 4159 3742 4210 ὁ

2137 4243 2300 4314 νόμος
2343 4244 2793 4315 προανεκήρυττε
2835 4244 2931 4298 καὶ
2964 4245 3015 4297 oi
3066 4246 3352 4316 προφῆται
3383 4250 3522 4318 περὶ
3557 4250 3738 4304 αὐτοῦ.

2137 4335 2509 4407 Προσεύχεται
2529 4331 2622 4391 οὖν
2652 4336 2795 4409 ὑπὲρ
2816 4335 2926 4392 τῶν
2979 4336 3294 4409 Ῥωμαίων,
3326 4342 3488 4408 φασὶ,
3526 4343 3741 4397 καὶτῶν

446 4417 613 4475 tionis
648 4418 815 4490 hujus
864 4417 1081 4476 fructus
1131 4435 1261 4474 mox
1293 4420 1564 4489 apparuit.
1611 4418 1687 4474 ita
1726 4421 1874 4475 enim
1907 4421 2028 4488 ipso

2140 4430 2324 4496 ἐθνῶν,
2357 4431 2450 4484 καὶ
2465 4431 2667 4486 αὐτίκα
2690 4431 2789 4503 τῆς
2805 4430 2972 4502 εὐχῆς
2994 4430 3244 4502 φαίνεται
3265 4434 3294 4486 ό
3311 4435 3561 4504 καρπός.
3587 4437 3740 4500 Ἵδοις

441 4512 814 4584 perpessionis
828 4521 1072 4584 tempore
1087 4513 1464 4569 centurionem
1479 4514 1688 4579 videas,
1706 4514 2030 4570 cruciﬁxum

2140 4522 2238 4593 γὰρ
2265 4505 2322 4575 ἓν
2339 4522 2488 4594 αὐτῷ
2505 4522 2582 4593 τῷ
2612 4522 2707 4577 τοῦ
2734 4523 2942 4588 πάθους
2968 4523 3148 4595 καιρῷ
3178 4525 3273 4578 τὸν
3307 4527 3738 4600 ἑκατόνταρχον,

442 4604 597 4660 illum
644 4603 740 4659 Dei
788 4603 990 4660 Filium
1041 4604 1318 4676 proﬁteri;
1361 4605 1525 4675 paulo
1566 4615 1688 4676 post
1714 4620 1843 4661 vero
1885 4605 2032 4660 Lon-

2140 4616 2256 4671 Υίὸν
2289 4614 2424 4670 Θεοῦ
2467 4615 2854 4688 ἀναϐοήσαντα
2876 4614 2968 4670 τὸν
2995 4617 3455 4688 ἐσταυρωμένον,
3483 4623 3586 4674 καὶ
3622 4629 3740 4690 μετ’

441 4695 626 4766 ginum
679 4695 855 4762 illum,
905 4695 1085 4751 virum
1146 4696 1566 4763 admirandum,
1627 4711 1736 4751 non
1788 4696 2030 4767 proﬁteri

2140 4707 2305 4778 5λίγον
2341 4708 2607 4777 Δογγίνον
2635 4708 2749 4779 (i7)
2784 4709 3015 4774 ἐκεῖνον,
3065 4709 3158 4763 τὸν
3179 4709 3498 4782 θαυμάσιον
3551 4715 3739 4786 ἄνδρα.

441 4787 623 4843 solum
649 4795 706 4844 et
742 4789 974 4845 credere
1011 4789 1068 4845 in
1108 4787 1419 4856 Christum,
1452 4789 1549 4845 sed
1595 4799 1650 4847 et
1699 4793 2026 4864 martyrium

2140 4799 2228 4851 36x
2286 4798 2771 4869 ἀνομολογήσαντα
2821 4800 3020 4870 μόνον,
3052 4801 3148 4855 καὶ
3191 4806 3622 4859 πεπιστευκότα
3666 4807 3739 4866 εἰς

440 4893 544 4950 pro
589 4894 656 4936 eo
701 4881 999 4948 sustinere,
1043 4881 1279 4953 ﬁdeique
1317 4897 1432 4939 sua:
1463 4883 1840 4940 sinceritatem
1884 4901 2028 4940 nun-

2140 4891 2392 4962 Χριστὸν,
2425 4890 2566 4946 ἀλλά
2618 4892 2714 4946 καὶ
2767 4892 3068 4963 μαρτυρίου
3114 4893 3320 4964 δρόμον
3373 4896 3526 4967 ὑπὲρ
3579 4896 3741 4951 αὐτού

442 4986 612 5036 quam
649 4975 1029 5032 temerandam
1073 4983 1334 5032 testatam
1379 4975 1584 5032 facere.
1642 4975 1838 5033 Multos
1884 4993 2026 5050 pra-:-

2140 4985 2483 5056 ἀνειληφότα,
2520 4985 2617 5039 καὶ
2665 4986 2861 5057 αἵματι
2908 4987 2970 5040 τὸ
3003 4989 3105 5058 τῆς
3142 4988 3390 5053 πίστεως
3442 4991 3742 5063 εἱλικρινὲς

443 5071 594 5122 terea
640 5064 778 5122 alios
809 5081 876 5123 ex
921 5069 1014 5133 iis,
1066 5068 1162 5140 qui
1221 5078 1353 5124 tunc
1391 5077 1690 5138 praesentes
1732 5081 1915 5139 erant,
1965 5073 2021 5127 in

2140 5077 2228 5131 καὶ
2310 5077 2710 5148 ἀπαράτρωτον
2777 5077 3220 5150 ἐπιδεδειγμένον
3251 5097 3266 5109 ο
3339 5084 3441 5136 καὶ
3509 5084 3741 5144 πολλοὺς

1898 5227 2129 5285 ΝΟΤᾹΖ.

2136 5378 2216 5459 eis
2243 5379 2612 5459 scriptoribus
2652 5381 3096 5459 _ita_appellatur.
3141 5383 3303 5459 Vide,
3361 5401 3489 5459 quae
3541 5389 3736 5459 scripsi

2139 5449 2195 5502 in
2241 5449 2545 5506 his’Curis
2599 5453 2668 5506 ad
2712 5449 2909 5507 Matth.
2955 5470 3122 5517 xxv",
3163 5449 3576 5520 iuret-10am
3627 5449 3732 5519 xix,

2135 5520 2222 5598 ᾷίί.
2272 5520 2474 5598 Confer
2519 5523 2649 5598 A_qta
2701 5533 3008 5598 sanctorum
3053 5527 3487 5598 Antuerpiensia
3547 5545 3733 5587 mense

2133 5589 2523 5664 Martio,_tom.
2552 5593 2619 5655 ll,
2653 5609 2775 5663 pag.
2812 5595 2912 5649 38l
2961 5611 3103 5664 seq.,
3135 5595 3234 5650 ubi
3270 5589 3340 5654 de
3373 5602 3730 5663 centurione,

2133 5670 2190 5716 et
2228 5678 2281 5733 p.
2319 5662 2423 5718 566
2477 5662 2777 5733 seqq.’ubi
2825 5665 2894 5721 de
2944 5662 3137 5722 milite.

548 5437 630 5507 i5)
668 5437 982 5507 μιαιφονίας
1018 5439 1134 5502 ἐπί,
1191 5454 1260 5493 ex
1297 5439 1447 5494 Colb.

545 5508 632 5579 16)
655 5509 817 5579 ,Ιάεηι
847 5524 946 5579 pro
980 5508 1318 5579 ἀπέστησαν.

545 5577 631 5644 17)
654 5577 781 5651 Hoc
806 5577 1028 5651 nomine
1056 5577 1286 5651 Photius
1318 5581 1404 5635 vel
1437 5580 1617 5651 ipsum
1643 5583 1800 5638 illum
1831 5596 2028 5641 centu-

443 5646 1110 5721 rionem_intelligit,_v_el
1143 5648 1396 5721 militem,
1451 5646 1548 5721 qui
1610 5654 1776 5720 latus.
1809 5655 2028 5711 Domini

447 5716 627 5771 nostri
659 5717 852 5776 lancea
872 5716 1139 5778 confodit.
1169 5717 1414 5787 Uterque
1441 5716 1592 5779 enim
1627 5722 1697 5781 ab
1726 5716 1849 5782 aliis
1877 5725 2028 5784 Grae-

542 5368 630 5426 Ην)
669 5368 851 5424 Malim
886 5367 1203 5439 φερώμεθα.

548 5437 610 5492 i5
668 5439 982 5507 μιαιφονίας
1018 5439 1134 5502 ἐπί,
1191 5456 1203 5492 t

545 5508 611 5561 16
670 5509 817 5579 Idem
847 5524 946 5579 pro
980 5508 1203 5577 ἀπέστης

545 5578 609 5631 17
654 5577 768 5633 Hoc
806 5578 1028 5633 nomine
1056 5577 1203 5633 Photi
