3978 6218
293 305 427 373 1161

1110 312 1206 371 ΑΙ)
1230 311 1825 379 AMPHILOCHIUM
1866 313 2212 386 QII/ESTIO
2251 314 2524 382 CCCXII.
2579 317 2883 378 CCCXIII.

3442 313 3591 381 1162

288 413 485 477 ἄλλους
540 414 805 486 εὑρήσεις
838 415 945 471 τῶν
984 417 1107 470 τότε
1155 419 1439 486 παρόντων
1473 422 1573 491 τής
1608 420 1875 484 υἱοθεσίας

1989 424 2221 479 tlltorum
2262 423 2355 479 Dei
2385 441 2675 481 numerum
2706 437 2977 497 receptos,
3028 437 3202 500 atque
3237 429 3376 485 adeo
3405 446 3576 503 regno

288 504 636 575 ἠξιωμένους
664 507 801 561 Θεοῦ
837 509 934 563 καὶ
962 510 1064 579 τῆς
1091 509 1316 565 αἰωνίου
1351 511 1426 583 μὴ
1460 512 1875 575 ἐκπεπτωκότας

1995 522 2199 569 aeterno
2225 530 2332 571 non
2360 517 2609 586 privatos
2636 517 2935 573 inveneris.

291 595 594 666 βασιλείας.

828 691 1164 744 ΕΡΩἸῊΣΙΣ
1201 688 1346 745 TIB'.

287 779 480 835 Πόσοι
498 781 793 852 Ἀστέριοι
828 786 1115 855 γεγόνασι
1154 784 1253 839 καὶ
1282 785 1371 851 τίς
1401 787 1439 855 ἡ
1466 784 1616 852 δόξα
1644 788 1874 855 autver;

2100 690 2428 760 QUIESTIO
2459 690 2689 747 CCCXII
2755 692 2969 765 [Coisl..
3016 694 3180 751 Taur.
3217 694 3462 767 CXXV].

2057 784 2202 850 Quot
2223 784 2424 839 Asterii
2454 784 2622 854 fuere,
2655 795 2705 841 et
2737 802 2985 855 quaenam
3024 788 3255 854 ipsorum
3287 789 3505 856 opinio?

1260 896 1402 949 Edita
1434 913 1461 948 a
1493 899 1549 949 Β.
1582 901 1647 950 de
1680 901 1992 953 Montfaueon
2027 898 2175 963 (Bibl.
2212 898 2363 950 Coisl.
2397 914 2447 962 p.
2479 900 2616 964 546).

363 973 489 1027 Ὅτι
544 977 903 1050 συνήκμασαν
945 980 1046 1051 μὲν
1106 981 1376 1052 Ἀστέριοι
1433 983 1561 1047 δύο,
1605 984 1635 1038 ὃ
1687 1002 1747 1038 τε
1781 984 1883 1054 τῆς

299 1062 525 1135 Ἀρείας
574 1066 780 1140 λύσσης
833 1072 1214 1138 ὑπασπιστὴς,
1258 1074 1356 1128 καὶ
1412 1077 1441 1129 6
1486 1076 1596 1129 τῶν
1638 1077 1880 1130 εύσεϐῶν

284 1155 584 1227 δογμάτων
618 1162 908 1234 τρόφιμος.
951 1167 1049 1229 Ὃς
1095 1167 1188 1219 καὶ
1232 1166 1311 1239 τῷ
1347 1168 1571 1240 μεγάλῳ
1604 1168 1704 1240 μὲν
1745 1170 1879 1223 Ἰου-

287 1249 462 1320 λιανῷ
489 1254 693 1320 φοιτῶν
714 1257 825 1321 τοῖς
853 1258 1162 1327 μοναδικοίς
1192 1259 1513 1330 ὲγυμνάσθη
1560 1262 1881 1334 παλαίσμα-

2062 982 2264 1037 Eodem
2298 990 2541 1050 tempore
2570 982 2810 1037 floruere
2844 982 3065 1047 Asterii,
3092 982 3224 1048 duo,
3253 983 3391 1041 alter
3418 986 3577 1043 Aria-

1992 1075 2101 1130 uici
2132 1074 2338 1129 furoris
2379 1082 2773 1144 propugnator,
2832 1074 2974 1130 alter
3000 1075 3217 1144 piorum
3259 1076 3573 1147 dogmatum

1988 1168 2265 1229 alumnus,
2288 1165 2526 1235 quicum
2549 1180 2806 1237 magnum
2839 1166 2994 1221 illum
3014 1166 3298 1224 Iulianum
3320 1168 3577 1239 frequens

1990 1263 2184 1328 adiret,
2219 1262 2649 1317 adolescentiam
2694 1277 2955 1317 emensus
3006 1263 3060 1317 in
3110 1265 3415 1320 monastica
3458 1280 3577 1319 sese

289 1358 402 1408 σιν,
429 1343 512 1397 ἔτι
538 1346 600 1399 τὸ
635 1348 923 1419 μειράκιον
959 1351 1174 1416 διεξιών
1194 1369 1208 1385 ο
1239 1352 1468 1425 ὕστερον
1508 1355 1565 1409 δὲ
1596 1354 1693 1409 καὶ
1719 1355 1875 1427 μονῆς

1984 1355 2233 1426 palaestra
2291 1354 2556 1419 exercuit,
2597 1354 2933 1423 demumque
2983 1355 3205 1410 ascetici
3258 1357 3585 1412 monasterii

286 1435 603 1507 ἀσκητικῆς
654 1441 1030 1513 καθηγήσατο,
1082 1436 1143 1497 οὗ
1175 1444 1271 1499 καὶ
1325 1446 1577 1517 μαθητὴς
1607 1447 1749 1517 μετὰ
1793 1450 1875 1502 κα1

1984 1448 2275 1517 praefectus
2312 1443 2436 1513 fuit,
2471 1444 2633 1513 cujus
2679 1460 2805 1500 cum
2857 1445 2983 1501 aliis
3032 1446 3219 1500 nmltis
3266 1447 3577 1503 illustribus

286 1526 473 1581 ἄλλων
504 1530 717 1586 πολλῶν
747 1536 1036 1606 ἐπισήμων
1079 1537 1292 1609 ἀνδρῶν
1325 1539 1697 1611 ἐχρημάτισεν
1732 1541 1761 1594 6
1791 1560 1875 1595 πο-

1984 1539 2114 1593 viris
2172 1537 2477 1607 discipulus
2540 1536 2646 1591 fuit
2715 1537 3115 1593 celeberrimus
3182 1538 3275 1592 ille
3339 1538 3575 1592 Aeacius

286 1619 661 1692 λυθρύλλητος
717 1625 976 1691 Ἀκάκιος
1020 1630 1049 1683 6
1100 1630 1349 1702 Βεροίας.
1393 1631 1452 1685 Ὀ
1480 1632 1538 1686 δὲ
1597 1634 1875 1704 Ἀρειανῆς

1984 1629 2211 1686 Beroeaa.
2244 1630 2341 1685 Ille
2371 1644 2497 1684 vero
2528 1628 2748 1684 Arianae
2780 1630 2973 1685 haeresi
3001 1628 3275 1696 addictus,
3306 1630 3572 1699 sophisti-

285 1711 562 1813 αίρέσεως
584 1716 818 1813 ἐραστὴς
848 1722 1172 1791 σοφιστικὴν
1195 1723 1294 1792 μὲν
1322 1724 1386 1777 ἐκ
1415 1724 1553 1778 νέων
1578 1728 1714 1796 μετή
1726 1744 1875 1797 ρχετι

1985 1737 2104 1777 cam
2141 1736 2170 1775 a
2207 1721 2409 1776 teneris
2443 1721 2605 1775 annis
2646 1729 2819 1776 artem
2869 1722 3062 1788 coluit,
3108 1730 3156 1776 et
3195 1722 3247 1775 in
3286 1722 3571 1791 gentilium

284 1802 510 1873 τέχνην.
559 1806 655 1859 καὶ
700 1810 766 1879 τῇ
793 1809 904 1864 τῶν
952 1808 1218 1882 Ἑλλήνων
1247 1814 1621 1887 ἀνετέθραπτο
1666 1817 1877 1891 πλάνῃ·

283 1895 389 1965 ὀψὲ
419 1897 476 1950 δὲ
497 1898 589 1951 τὸν
617 1900 1052 1973 Χριστιανισμδν
1084 1907 1517 1979 ὑποκρινόμενος
1546 1910 1627 1975 εἰς
1654 1910 1752 1982 τὴν
1771 1911 1881 1965 τῶν

297 1985 601 2057 ’Δρειανῶν
633 1990 891 2047 ἀπέκλινε
919 1998 1134 2067 μοῖραν.
1171 1999 1281 2052 Καὶ
1310 2000 1337 2053 6
1370 2000 1470 2070 μὲν
1500 2000 1654 2073 δίκην
1682 2002 1880 2057 ἔδωκεν

282 2078 347 2129 ὲν
382 2078 681 2152 Ἀντιοχείᾳ
717 2083 817 2154 τῆς
851 2086 1152 2142 ἀκολάστου
1185 2089 1438 2162 γλώσσης
1461 2109 1477 2125 ’
1522 2093 1683 2165 ἔργον
1718 2113 1881 2164 γεγο-

285 2169 381 2234 νὸς
408 2172 510 2242 τῆς
548 2174 835 2230 Ἰουλιανοῦ
878 2179 973 2233 τοῦ
1006 2180 1311 2252 θαυμασίου
1354 2186 1686 2258 προσευχῆς.
1728 2187 1786 2240 '0
1825 2188 1880 2241 δὲ

284 2260 382 2317 τὸν
411 2264 559 2318 ὅσιον
587 2268 668 2331 είς
697 2268 796 2340 τὴν
823 2271 945 2324 κατ’
988 2273 1154 2327 αὐτοῦ
1184 2274 1400 2331 δικαίαν
1431 2279 1703 2350 τιμωρίαν
1732 2279 1879 2335 διανο

286 2355 542 2428 έστησιν.
579 2358 804 2433 Ἕτερος
846 2363 939 2419 οὖν
981 2365 1043 2419 τὸ
1082 2367 1305 2438 θρέμμα
1342 2369 1441 2439 τῆς
1482 2370 1753 2440 ὁρθοξίας,
1785 2373 1879 2426 καὶ

280 2448 472 2520 ἔτερος
498 2453 526 2505 6
550 2453 647 2524 τῆς
676 2455 887 2527 πλάνης
920 2459 1118 2530 κήρυξ.
1158 2459 1300 2514 Ἀλλ’
1340 2461 1451 2517 οὐδ’
1476 2464 1503 2516 6
1535 2464 1634 2533 τὴν
1666 2462 1878 2534 ἐκφρα-

285 2558 373 2596 σιν
396 2542 500 2614 τῆς
536 2546 815 2618 μάρτυρος
842 2551 995 2621 Εύφη
1005 2551 1132 2622 μίας
1156 2553 1403 2619 ἀναταξά
1413 2572 1595 2626 μενος,
1620 2556 1799 2609 κοινόν
1822 2574 1875 2609 τι

285 2635 446 2705 φέρει
477 2636 612 2707 πρὸς
641 2638 733 2693 τὸν
760 2640 859 2711 τῆς
900 2642 1222 2708 δυσσεϐείας
1266 2645 1591 2717 ύπέρμαχον
1617 2662 1630 2676 ·
1661 2648 1879 2718 πρῶτον

289 2727 391 2796 μὲν
421 2729 480 2795 ἐξ
517 2722 592 2784 ὧν
636 2730 829 2787 θᾶττον
866 2736 894 2786 6
922 2735 1190 2807 δυσσεϐὴς
1230 2738 1458 2792 ἀπέτισε
1496 2741 1598 2812 τὴν
1627 2740 1784 2812 δίκην
1805 2757 1818 2771 ³
1850 2743 1879 2796 6

284 2818 394 2889 γὰρ
420 2821 521 2890 τῆς
548 2823 846 2895 εἰρημένης
870 2826 1079 2891 εἰκόνος
1100 2828 1529 2901 λογογραφήσας
1549 2832 1648 2904 τὴν
1670 2832 1879 2904 ἐκφρα-

287 2926 392 2974 σιν,
419 2911 496 2975 ὼς
527 2913 585 2966 ἐν
616 2932 758 2969 τισιν
808 2916 976 2970 αὑτοῦ
1020 2920 1131 2973 τῶν
1163 2919 1339 2989 λόγων
1385 2923 1769 2994 διαλαμϐάνει,
1795 2927 1878 2990 είς

286 3000 426 3070 βαθὺ
444 3004 620 3073 γῆρας
639 3007 734 3059 τοῦ
757 3006 872 3077 βίου
904 3011 1266 3081 κατήντησεν·
1303 3013 1573 3084 δεύτερον,
1602 3017 1631 3068 6
1657 3017 1756 3086 μὲν
1778 3019 1877 3087 τῆς

1988 1826 2175 1866 errore
2202 1811 2470 1865 educatus
2499 1820 2584 1865 est
2613 1829 2624 1864 :
2664 1810 2877 1865 tardius
2909 1826 3038 1867 vero
3086 1810 3569 1867 Christianismum

1987 1904 2280 1968 simulans,
2333 1904 2387 1957 in
2442 1901 2777 1956 Arianorum
2824 1913 3036 1973 partem
3092 1903 3403 1957 declinavit.
3454 1901 3573 1972 Ipse

1987 2010 2121 2050 vero
2145 1995 2217 2049 ob
2247 1994 2582 2064 petulantem
2614 1992 2859 2063 linguam
2906 2007 3101 2062 ptenas
3131 1992 3435 2047 Antiochiae
3472 1993 3570 2047 (ιθ-

1988 2087 2101 2152 dit,
2162 2086 2216 2141 id
2266 2093 2530 2156 operante
2576 2084 2886 2139 admirandi
2936 2083 3140 2139 Juliani
3195 2084 3442 2138 oratione
3471 2099 3489 2137 :
3518 2093 3574 2138 ct

1988 2186 2241 2235 sanctum
2280 2176 2455 2231 virum
2491 2175 2754 2230 excitavit
2783 2173 2851 2228 ad
2881 2173 3093 2244 justum
3129 2174 3455 2243 supplicium
3504 2174 3572 2230 de

1987 2285 2045 2325 se
2078 2269 2433 2325 sumendum.
2467 2265 2625 2321 Alter
2661 2265 2828 2335 igitur
2862 2264 2919 2318 in
2959 2265 3264 2320 orthodoxa
3298 2264 3405 2321 fide
3434 2265 3571 2320 edu-

1987 2370 2145 2417 catus
2186 2368 2302 2426 est;
2352 2359 2491 2413 alter
2523 2356 2734 2412 erroris
2777 2370 2958 2426 praeco
3002 2356 3125 2410 fuit.
3157 2350 3251 2411 Ille
3284 2370 3448 2426 porro
3477 2356 3573 2426 qui

1985 2454 2053 2507 de
2099 2460 2285 2507 sancta
2319 2457 2557 2519 martyre
2600 2446 2907 2516 Euphemia
2952 2449 3328 2502 narrationem
3378 2448 3568 2511 edidit,

1986 2543 2124 2598 nihil
2177 2553 2472 2597 commune
2524 2553 2651 2593 cum
2698 2536 2996 2606 impietatis
3047 2536 3338 2591 defensore
3386 2537 3567 2591 habet.

1985 2636 2171 2693 Primo
2198 2634 2419 2705 quidem
2462 2632 2725 2701 quoniam
2771 2632 2974 2701 impius
3012 2631 3103 2686 ille
3146 2631 3418 2685 maturius
3451 2646 3568 2698 poe—

1985 2744 2085 2784 nas
2120 2728 2271 2783 dedit
2314 2744 2326 2779 :
2362 2740 2486 2779 nam
2518 2723 2611 2793 qui
2647 2723 2715 2778 de
2748 2731 3052 2778 memorata
3099 2722 3340 2791 imagine
3375 2736 3570 2775 narra-

1986 2821 2192 2875 tionem
2234 2818 2494 2881 instituit,
2548 2824 2609 2870 ut
2654 2815 2709 2869 in
2741 2815 2979 2885 quadam
3030 2814 3121 2868 ille
3167 2813 3416 2868 oratione
3468 2829 3567 2868 sua

1986 2912 2197 2968 indicat
2228 2949 2242 2974 ,
2297 2890 2390 2964 ad“
2422 2916 2739 2979 provectam
2788 2914 3126 2961 senectutem
3177 2905 3395 2960 devenit
3429 2923 3443 2960 :
3483 2920 3571 2959 sea

1984 3004 2189 3066 cunde,
2222 3002 2313 3057 ille
2337 3001 2545 3055 Ariano
2576 2999 2763 3055 furore
2804 2999 2999 3069 plenus
3031 3006 3185 3063 erat;
3227 2996 3313 3051 hic
3340 3010 3471 3051 vero
3513 2995 3568 3049 in

297 3092 588 3166 Ἀρειανῆς
614 3096 822 3168 λύσσης
851 3101 1211 3174 ἐπεπλήρωτο
1236 3121 1249 3135 ο
1283 3096 1441 3168 οὗτος
1467 3106 1524 3159 δὲ
1548 3109 1608 3160 ὲν
1642 3110 1755 3171 τοῖς
1793 3086 1873 3162 ol-

1984 3095 2202 3165 scriptis
2249 3093 2366 3148 suis
2414 3092 2778 3147 orthodoxam
2823 3090 3151 3147 sententiam
3194 3103 3306 3158 prae
3347 3103 3407 3144 se
3443 3086 3566 3153 fert,

286 3187 456 3250 κείοις
486 3187 666 3257 λόγοις
694 3190 765 3244 τὰ
793 3191 901 3245 τῶν
927 3193 1229 3265 ὀρθοδόξων
1270 3196 1613 3266 δογματίζει,
1650 3199 1752 3251 οὐκ
1781 3202 1874 3255 ἐκ·

288 3278 520 3345 μιόντων
550 3278 613 3351 [1.
659 3281 723 3334 ἐκ
773 3282 849 3353 μὴ
874 3284 1070 3357 ὄντων]
1098 3286 1192 3338 τὸν
1242 3287 1373 3340 Υίὸν
1425 3288 1522 3341 καὶ
1556 3289 1731 3357 Λόγον
1776 3292 1874 3344 τοῦ

285 3366 421 3419 Θεοῦ
450 3367 526 3430 ὡς
559 3370 587 3421 6
608 3370 869 3441 μεμηνὼς
895 3372 1069 3445 δυσφη
1079 3375 1197 3444 μῶν
1229 3374 1531 3448 Ἀστέριος,
1556 3377 1641 3431 ἀεὶ
1666 3378 1722 3431 δὲ
1745 3378 1873 3433 ὄντα

286 3456 555 3525 θεολογῶν
590 3459 687 3512 καὶ
718 3460 806 3514 ἀεὶ
838 3463 1069 3516 συνόντα
1102 3460 1185 3535 τῷ
1223 3465 1425 3537 Πατρί.
1453 3466 1668 3537 Τρίτον,
1718 3469 1747 3521 6
1781 3471 1879 3540 μὲν

287 3548 564 3617 αἱρετικδς
611 3550 889 3621 Ἀστέριος
932 3554 993 3606 οὐ
1041 3552 1142 3623 τῆς
1188 3555 1509 3626 ’Λμασείας,
1547 3558 1665 3611 ἀλλ’
1710 3560 1879 3631 ἄλλης

285 3638 430 3702 τινὸς
456 3640 663 3705 πόλεως
711 3641 1120 3716 πλησιαζούσης
1146 3648 1212 3717 τῇ
1247 3646 1544 3717 Ἀντιόχου,
1568 3649 1758 3719 μισθὸν
1780 3653 1877 3722 τῆς

286 3730 547 3795 ἀσεϐείας
582 3733 733 3806 παρὰ
771 3734 887 3790 τῶν
935 3739 1379 3809 συναιρεσιωτῶν
1416 3740 1515 3811 τὴν
1568 3744 1877 3813 ἐπισκοπὴν

286 3820 541 3891 εἴληφεν
573 3822 702 3894 ἑξῆς
753 3829 847 3879 καὶ
878 3828 1222 3900 μετάκλητος
1273 3832 1331 3883 ἐν
1371 3831 1673 3903 Ἀντιοχείᾳ
1722 3836 1874 3907 παρὰ

285 3913 398 3967 τῶν
440 3916 763 3986 ὁμοφρόνων
795 3919 1037 3987 γεγονὼς
1083 3922 1177 3974 ἐπὶ
1207 3922 1499 3993 συμμαχίᾳ
1546 3922 1637 3976 τοῦ
1680 3924 1874 3977 δυσσε·

285 4004 555 4075 ϐήματος,
578 4010 697 4072 ταῖς
725 4008 819 4061 τοῦ
845 4010 1149 4082 θαυμασίου
1195 4014 1485 4068 Ἰουλιανοῦ
1520 4020 1873 4087 προσευχαῖς,

283 4096 363 4162 ὡς
411 4100 772 4170 προείρηται,
806 4102 897 4156 τὸν
939 4104 1054 4173 βίον
1081 4104 1283 4170 ἀθλίως
1317 4108 1710 4179 κατέστρεψεν.
1754 4110 1878 4164 Ἐπὶ

283 4190 499 4254 τούτοις
526 4194 555 4245 6
598 4192 700 4262 μὲν
722 4193 961 4248 διδάσκει
983 4197 1041 4249 τὸ
1072 4198 1345 4267 ποίμνιον,
1387 4199 1483 4252 καὶ
1508 4200 1876 4270 φιλοπονείται

283 4282 548 4354 περὶτῶν
589 4284 823 4354 ἀρετῶν,
857 4287 1075 4358 ἀπάσης
1113 4289 1385 4345 δείκνυται
1436 4291 1731 4363 θεαρέστου
1780 4312 1877 4347 πο-

282 4371 493 4436 λιτείας
518 4375 863 4447 καταγώγιον
888 4392 905 4408 ⁸
934 4380 963 4433 6
1004 4379 1061 4433 δὲ
1108 4381 1260 4435 οὐδὲν
1290 4382 1534 4438 τοιοῦτον
1584 4384 1724 4455 ἔχων
1756 4388 1876 4439 ἐπι-

281 4462 642 4535 γινώσκεται.

823 4564 1164 4618 ΕΡΩΤΗΣΙΣ
1187 4566 1329 4620 ΤΙΓ’.

573 4655 715 4725 Περὶ
738 4657 844 4711 τοῦ
888 4658 1208 4713 Ἰακὼϐκαὶ
1246 4657 1351 4725 τῆς
1386 4660 1584 4724 Λείας.

1900 4457 1951 4516 D

1980 3200 2175 3255 nempe
2217 3184 2416 3239 Filium
2468 3195 2525 3240 et
2571 3181 2807 3237 Verbum
2860 3182 2954 3235 Dei
3009 3196 3119 3236 non
3168 3195 3291 3235 esse
3337 3195 3403 3235 ex
3458 3194 3569 3232 non

1980 3276 2353 3342 exstantibus,
2389 3284 2448 3329 ut
2500 3273 2744 3329 furiosus
2792 3274 2883 3329 ille
2914 3272 3166 3329 Asterius
3216 3271 3383 3341 impie
3412 3270 3565 3325 dice-

1980 3370 2105 3434 bat;
2138 3369 2233 3424 sed
2277 3382 2493 3437 semper
2521 3381 2664 3431 esse,
2700 3375 2754 3419 et
2786 3379 3003 3433 semper
3045 3362 3195 3416 Patri
3226 3363 3567 3417 coexsistere

1982 3461 2290 3532 theologice
2320 3460 2556 3514 afﬁrmat
2590 3477 2602 3512 :
2640 3458 2825 3522 tertio,
2855 3456 3148 3510 haereticus
3172 3455 3261 3508 ille
3294 3453 3566 3514 Asterius,

1981 3568 2091 3606 non
2121 3552 2391 3617 Amasene,
2429 3551 2523 3606 sed
2568 3549 2795 3605 alterius
2822 3562 2993 3619 prope
3022 3546 3377 3601 Antiochiam
3413 3544 3565 3599 urbis

1979 3647 2358 3716 episcopatum
2394 3659 2424 3698 a
2462 3644 2629 3699 sociis
2675 3643 2793 3698 suis
2842 3639 3115 3696 hmreticis
3158 3638 3213 3693 in
3259 3636 3568 3693 mercedem

1982 3739 2277 3808 impietatis
2336 3738 2567 3806 accepit.
2618 3735 2827 3791 Deinde
2875 3734 3179 3789 accersitus
3229 3732 3299 3785 ab
3344 3729 3569 3785 asseclis

1980 3828 2351 3890 Antiochiam,
2412 3836 2473 3881 ut
2540 3826 2878 3895 impietatem
2931 3838 3117 3880 secum
3171 3828 3563 3891 propugnaret,

1980 3920 2286 3976 admirandi
2316 3919 2520 3973 Juliani
2562 3917 2841 3987 precibus,
2890 3922 2952 3969 ut
2998 3929 3167 3979 supra
3207 3913 3414 3967 dictum
3460 3919 3562 3975 est,

1981 4012 2144 4065 vitam
2197 4011 2399 4065 misere
2448 4008 2667 4062 clausit.
2717 4006 2799 4059 Ad
2835 4007 2951 4059 haec
3006 4019 3155 4068 vero,
3216 4002 3303 4056 ille
3343 4017 3565 4071 gregem

1980 4105 2159 4166 docet,
2190 4102 2258 4157 de
2286 4100 2584 4154 virtutibus
2616 4098 3033 4153 lucubrationes
3055 4094 3244 4157 edidit,
3278 4093 3569 4162 omnisque

1980 4196 2104 4249 vitae
2134 4193 2305 4263 probe
2336 4190 2687 4245 instituenda:
2717 4188 2961 4243 methodi
2995 4184 3401 4254 receptaculum
3442 4191 3561 4237 est:

1980 4289 2084 4343 istc
2122 4302 2251 4341 vero
2291 4283 2423 4338 nihil
2464 4280 2781 4351 hujusmedi
2818 4278 3079 4334 habuisse
3113 4276 3560 4346 deprehenditur.

2085 4560 2410 4631 ρωΕεΤιΟ
2453 4557 2698 4615 CCCXIII
2740 4557 2930 4629 [CoisL
2965 4557 3127 4611 Tattr.
3171 4556 3429 4627 CXXVI].

2510 4651 2587 4705 De
2613 4651 2777 4705 Jacob
2808 4663 2855 4705 et
2882 4650 3031 4705 Leia.

890 4742 1079 4794 Editaa
1112 4745 1237 4794 Maio
1262 4747 1411 4808 (Nov.
1437 4745 1561 4797 Coll.
1591 4752 1627 4795 t.
1662 4746 1743 4805 1X,
1777 4761 1824 4808 p.
1854 4747 2089 4811 157,158,
2109 4760 2158 4807 q.
2183 4745 2274 4795 515
2295 4750 2348 4793 et
2378 4742 2564 4793 ultima.
2600 4747 2655 4792 In
2690 4744 2811 4793 Gen.
2853 4742 3009 4804 xxix).

359 4819 479 4880 Ὅτι
516 4834 616 4894 μεν
649 4824 786 4893 μετὰ
817 4826 1111 4879 ἑπταετίαν
1148 4826 1177 4878 6
1212 4825 1409 4879 Ἰακὼϐ
1436 4828 1534 4897 τὴν
1558 4827 1726 4883 Λείαν
1754 4829 1877 4884 ἀντὶ

278 4918 383 4989 τῆς
418 4916 623 4987 Ῥαχὴλ
665 4920 744 4980 εἰς
779 4919 1014 4987 γυναῖκα
1052 4917 1356 4990 παρέλαϐε,
1389 4918 1549 4988 δῆλον
1593 4922 1626 4991 ἡ
1682 4923 1721 4973 Γ
1727 4922 1873 4993 ραφὴ

281 5010 448 5062 ποιεῖ·
487 5008 584 5060 καὶ
625 5007 707 5060 ὅτι
752 5008 874 5063 ἀντὶ
932 5008 1178 5073 δουλείας
1206 5009 1397 5080 ἄλλης,
1437 5011 1580 5066 ἑπτὰ
1637 5012 1730 5066 καὶ
1771 5015 1868 5065 αὺ-

281 5098 381 5169 τῆς
401 5097 497 5170 ἔτη
520 5100 1013 5172 παρατεινομένης,
1043 5099 1145 5171 τὴν
1174 5100 1379 5173 Ῥαχὴλ
1399 5104 1660 5173 ἠγάγετο,
1693 5103 1788 5156 καὶ
1803 5105 1868 5157 ἐκ

282 5188 476 5242 τούτου
507 5188 695 5258 σαφῶς
722 5189 964 5246 διδάσκει
1002 5206 1016 5221 ·
1049 5193 1098 5244 εί
1126 5190 1182 5245 δὲ
1204 5191 1577 5262 ὑποσχόμενος
1606 5194 1706 5265 τὴν
1741 5195 1865 5248 δου-

286 5279 438 5335 λείαν
466 5280 630 5346 εὺθὺς
663 5281 883 5350 ἐλαϐεν,
932 5284 966 5354 ἢ
998 5284 1094 5337 καὶ
1130 5285 1269 5355 μετὰ
1304 5285 1364 5338 τὸ
1389 5286 1618 5340 διελθεῖν
1662 5286 1868 5357 ταύτην

286 5371 437 5444 ὃλην,
460 5371 688 5442 ὕστερον
728 5375 1111 5445 ὴγάγετο,ούκ
1153 5376 1614 5446 ἀντιπαραδίδωσι
1659 5380 1866 5448 σαφῶς,

287 5463 403 5519 ἀλλ’
427 5464 725 5535 ἀμφίδοξον
766 5468 894 5520 ὅσον
932 5467 1041 5522 ἀπὸ
1081 5467 1190 5521 τῶν
1238 5468 1500 5539 ῥημάτων
1534 5469 1817 5524 ὑπολείπει
1853 5490 1866 5505 ·

290 5554 520 5626 πότερον
547 5556 923 5627 ὑποσχόμενος
954 5560 1054 5629 τὴν
1079 5560 1326 5613 δουλείαν
1364 5560 1526 5624 εὐθὺς
1552 5561 1647 5615 τὸν
1681 5564 1871 5633 μισθὸν

286 5649 386 5717 τῆς
430 5648 632 5720 Ῥαχὴλ
657 5649 927 5720 ἔλαϐεν,ἢ
959 5652 1097 5721 μετὰ
1118 5652 1216 5723 τὴν
1245 5653 1356 5706 τῶν
1391 5654 1568 5709 πόνων
1607 5656 1865 5725 ἐπίδειξιν

290 5740 382 5795 καὶ
395 5742 490 5814 τῆς
505 5741 852 5813 ὑποσχέσεως
866 5745 961 5815 τὴν
980 5762 1038 5799 συ
1050 5746 1195 5818 μπλή
1207 5762 1389 5817 ρωσιν,
1411 5749 1545 5818 μετὰ
1561 5750 1716 5805 τοῦτο
1734 5753 1867 5824 πρὸς

2043 4830 2203 4897 Quod
2279 4837 2404 4899 post
2492 4827 2888 4882 hebdomadcm
2975 4842 3243 4880 annorum
3327 4824 3566 4882 Jacobus

1973 4920 2157 4977 Leiam
2199 4936 2301 4991 pro
2356 4920 2562 4975 Rachel
2616 4934 2841 4974 uxorem
2903 4918 3226 4987 sumpserit,
3284 4917 3567 4988 Scriptura

1970 5021 2234 5080 testatur;
2288 5013 2546 5083 quodque
2626 5019 2749 5081 post
2810 5012 2974 5064 alium
3043 5010 3177 5066 item
3228 5025 3325 5079 per
3356 5021 3564 5078 septem

1966 5118 2143 5157 annos
2220 5102 2553 5159 famulitium
2622 5101 2918 5156 Rachelcm
2978 5102 3198 5156 duxerit
3255 5117 3322 5156 ex
3370 5101 3562 5155 eadem

1967 5196 2316 5265 perspicuum
2378 5203 2482 5250 est.
2561 5193 2754 5249 Utrum
2794 5208 2924 5246 vero
2990 5192 3176 5247 statim
3229 5201 3351 5263 post
3405 5191 3565 5262 polli-

1968 5289 2136 5342 citum
2195 5287 2527 5343 famulitium
2596 5302 2825 5342 uxorem
2901 5286 3234 5357 sumpserit,
3298 5301 3365 5339 an
3441 5296 3565 5353 post

1969 5382 2304 5438 famulitium
2379 5382 2773 5452 adimpletum,
2831 5397 2940 5437 non
2979 5383 3245 5451 liquidum
3302 5388 3405 5446 est,
3466 5380 3562 5435 sed

1972 5484 2239 5544 quantum
2294 5490 2360 5529 ex
2413 5475 2595 5530 verbis
2643 5474 2985 5545 ambiguum.
3042 5474 3238 5529 Utrum
3291 5481 3447 5541 pacta
3494 5471 3563 5525 de

1973 5558 2246 5619 famulitio
2274 5566 2402 5633 fide,
2437 5567 2749 5622 mercedem
2786 5567 3079 5621 Rachelem
3128 5562 3417 5632 acceperit,
3464 5577 3556 5627 an,

1980 5668 2173 5713 exacto
2200 5658 2388 5714 labore
2419 5668 2472 5713 et
2496 5660 2763 5715 absolutis
2806 5658 3129 5729 promissis,
3206 5656 3559 5712 matrimonio

1986 5767 2105 5807 eam
2132 5750 2238 5808 sibi
2266 5752 2540 5822 iunxerit,
2581 5765 2648 5809 ex
2679 5752 2874 5825 _vcrhis
2910 5751 3052 5807 inter
3113 5761 3401 5819 utramque
3430 5762 3557 5803 scn-
