3978 6218
490 268 623 332 1163

1685 272 1939 335 PHOTII
1974 270 2476 333 PATRIARCHIE
2509 272 2618 334 CPb

3599 267 3735 334 116i

483 377 709 433 tentiam
744 392 899 433 mens
928 376 1093 433 dubia
1126 378 1370 434 ﬂuctuat.
1426 378 1686 445 Quaedam
1746 386 2050 449 argument:

2167 377 2341 447 γάμον
2353 377 2593 446 ἠγάγετο
2609 395 2622 408 ·
2644 376 2757 431 ἀλλ’
2774 378 2884 432 ἀπὸ
2900 378 3001 448 μὲν
3026 378 3120 433 τοῦ
3136 380 3303 451 ῥητοῦ
3326 379 3460 447 πρὸς
3473 380 3734 449 ἑκάτερον

481 466 551 521 ad
595 466 648 521 id
702 467 989 537 inclinant,
1044 470 1193 539 quod
1248 480 1403 539 pacta
1456 471 1561 525 ﬁde
1612 470 1795 527 statim
1855 470 2064 525 sociam

484 556 723 614 Iacobus
775 558 1043 631 virginem
1094 562 1385 632 acceperit.
1450 560 1651 617 Verum
1716 562 1761 616 si
1806 561 2065 631 {peractis

485 659 693 717 septem
724 651 886 707 annis
929 665 1050 706 eam
1100 653 1366 718 duxisset,
1416 650 1585 708 Jacob
1632 652 1908 708 videretur
1956 668 2064 708 non

482 735 662 789 solum
709 737 870 792 annis
908 738 1099 807 viginti
1152 740 1294 809 apud
1327 738 1533 806 Labau,
1569 748 1630 793 ut
1671 739 1933 809 scriptum
1959 748 2062 803 est,

482 836 877 894 commoratus,
913 827 1007 883 sed
1036 828 1206 882 multo
1234 828 1459 885 diutius.
1489 826 1623 886 Nam
1647 829 1692 885 si
1713 838 1835 898 post
1859 837 2063 898 septem

481 930 659 971 annos
685 916 981 973 Rachelem
1010 919 1113 975 sibi
1139 920 1344 989 junxit,
1372 920 1520 975 aliud
1543 920 1775 989 spatium
1803 920 2064 990 temporis

479 1007 727 1077 elapsum
760 1018 843 1066 est
874 1010 928 1065 in
958 1025 1067 1081 quo
1095 1026 1193 1066 sua
1229 1012 1279 1067 ei
1310 1012 1572 1068 sterilitas
1606 1012 1933 1083 exprobrata
1956 1020 2059 1079 est,

482 1098 814 1169 ancillasque
833 1098 1037 1155 Jacobo
1055 1102 1121 1155 ad
1142 1101 1349 1157 sobolis
1360 1103 1791 1171 procreationem
1811 1102 2061 1173 praebuit,

481 1189 696 1261 illacque
780 1200 1065 1261 postquam
1120 1192 1175 1246 in
1225 1192 1350 1248 sinu
1399 1194 1808 1263 concepissent,
1863 1208 2064 1263 pueros

484 1291 811 1352 genuerunt.
865 1283 985 1348 Quo
1011 1293 1254 1356 tempore
1275 1294 1496 1356 peracto
1544 1286 1689 1342 aliud
1749 1288 1957 1342 exstitit
2005 1289 2060 1342 in

483 1388 594 1443 quo
659 1375 913 1439 Rachel,
971 1376 1271 1432 sterilitatis
1330 1386 1552 1447 purgata
1604 1378 2059 1448 exprobratione,

480 1463 667 1533 genuit
694 1462 1018 1534 Josephum.
1062 1466 1307 1537 Denique
1338 1478 1460 1538 post
1486 1478 1701 1539 partum
1733 1468 2059 1539 Josephum,

481 1567 573 1606 sex
610 1567 787 1609 annos
820 1555 1062 1611 declarat
1099 1556 1376 1628 Scriptura
1407 1575 1501 1629 per
1532 1575 1671 1629 quos
1698 1558 1939 1616 Jacobus
1965 1576 2062 1629 pro

476 1652 633 1709 pacta
663 1646 850 1700 ovium
898 1649 1149 1703 mercede
1192 1650 1413 1705 Labano
1437 1651 1733 1707 famulatus
1777 1660 1894 1718 est;
1948 1652 2062 1706 haec

2172 466 2453 536 μερίζεται
2480 468 2514 537 ή
2540 466 2767 521 διάνοια’
2789 467 3039 537 λογισμοὶ
3057 468 3113 521 δέ
3149 485 3293 531 τινες
3314 467 3515 537 μᾶλλον
3544 467 3732 538 ῥέπειν

2165 555 2258 608 τὸν
2286 555 2409 608 νοῦν
2426 555 2880 621 ὑποτίθενται,ὼς
2910 556 3048 626 μετὰ
3074 556 3172 627 τὴν
3193 558 3485 628 ὑπόσχεσιν
3500 560 3577 620 εἰς
3606 559 3737 627 ὁμι-

2165 643 2285 698 λίαν
2310 644 2473 708 εὐθὺς
2487 645 2548 698 τὸ
2568 645 2789 713 γύναιον
2809 645 3202 715 προσελάϐετο·
3232 648 3355 699 ἐπεὶ
3384 648 3435 700 εί
3458 646 3597 717 μετὰ
3630 647 3732 716 τὴν

2166 734 2560 805 συμπλήρωσιν
2574 734 2675 805 τῆς
2692 736 2981 799 ἑπταετίας
2992 735 3196 806 ταύτην
3210 737 3468 806 ἠγάγετο,
3489 737 3550 789 οὐ
3572 736 3734 807 μόνον

2163 821 2337 874 εῐκοσι
2360 821 2453 893 ἔτη
2486 824 2544 876 ὲν
2567 826 2633 895 τῇ
2657 822 2751 877 τοῦ
2778 823 2965 878 Λάϐαν
2980 825 3128 897 οίκίᾳ
3152 827 3182 879 ὁ
3226 826 3441 895 Ἰακὼϐ,
3463 827 3539 891 ὡς
3570 827 3735 891 αὑτός

2165 928 2321 982 φησι,
2347 911 2632 984 διατρίψας
2656 914 2923 983 φαίνεται,
2949 916 3088 969 ἀλλὰ
3106 916 3429 972 καὶτούτων
3459 917 3684 970 πλείονα
3717 934 3731 947 ·

2162 1004 2211 1056 εἰ
2262 1002 2369 1075 γάρ
2392 1004 2532 1073 μετὰ
2559 1007 3208 1077 τεσσαρεσκαιδεκαετίαν
3232 1010 3334 1078 τὴν
3369 1008 3571 1080 Ῥαχὴλ
3591 1009 3732 1078 ὴγά-

2163 1110 2314 1163 γετο,
2364 1095 2555 1166 χρόνος
2597 1096 2817 1160 πάντως
2856 1097 3045 1169 ἕτερος
3088 1098 3412 1170 διεληλύθει,
3469 1101 3527 1153 ὲν
3574 1092 3619 1167 ᾧ
3675 1115 3736 1152 τε

2163 1186 2197 1256 ἡ
2242 1185 2528 1257 στείρωσις
2587 1187 2759 1256 αὐτῆς
2800 1188 3144 1260 διηλέγχετο,
3182 1190 3278 1244 καὶ
3300 1183 3456 1259 ἐν
3488 1189 3587 1253 τὰς
3605 1207 3736 1242 παι-

2162 1275 2351 1339 δίσκας
2373 1277 2455 1340 είς
2488 1278 2833 1335 παιδοποιίαν
2851 1278 2927 1351 τῷ
2959 1279 3155 1334 Ἰακὼϐ
3178 1281 3495 1352 παρείχετο,
3515 1283 3572 1335 έν
3600 1274 3645 1349 ᾧ
3670 1298 3735 1334 τε

2164 1366 2373 1443 ἐκεῖναι
2398 1367 2541 1437 κατὰ
2567 1368 2805 1439 γαστρὸς
2850 1369 3111 1425 λαϐοῦσαι
3148 1373 3277 1436 τοὺς
3321 1372 3516 1436 παῖδας
3545 1374 3738 1426 ἀπέτι-

2163 1473 2310 1520 κτον,
2352 1458 2448 1511 καὶ
2492 1459 2631 1529 μετὰ
2663 1460 2851 1515 τοῦτον
2872 1461 3057 1533 ἕτερος
3108 1465 3166 1517 ὲν
3224 1457 3329 1536 ᾧή
3370 1463 3569 1534 Ῥαχὴλ
3622 1463 3735 1517 τῶν

2160 1545 2483 1617 ὀνειδισμῶν
2516 1549 2860 1623 ἀπολυομένη
2883 1552 2983 1622 τῆς
3012 1552 3375 1623 στειρώσεως,
3404 1553 3494 1605 τὸν
3535 1554 3734 1624 Ἰωσὴφ

2162 1636 2500 1692 ἐτεκνώσατο
2531 1655 2546 1672 ·
2571 1635 2691 1694 εἶτα
2724 1643 2861 1711 μετὰ
2893 1642 2985 1695 τὸν
3020 1643 3177 1696 τόκον
3200 1642 3296 1695 τοῦ
3339 1643 3535 1713 Ἰωσὴφ
3566 1644 3735 1712 ἔτερα

477 1743 721 1804 tempora
769 1753 879 1793 non
915 1740 1104 1810 viginti
1149 1756 1325 1798 annos
1367 1743 1545 1797 solum
1586 1744 2042 1813 complectuntur.

2153 1724 2209 1790 ἓξ
2230 1727 2653 1799 ἐπισημαίνεται
2686 1733 2718 1801 ἡ
2741 1732 2931 1804 Γραφὴ
2954 1732 3047 1785 ἐπὶ
3080 1733 3256 1803 μισθῷ
3284 1734 3573 1804 προϐάτων
3605 1734 3738 1787 δου-

472 1822 719 1896 Namque
755 1829 875 1884 istis
919 1833 1262 1901 temporibus
1293 1835 1338 1887 si
1370 1835 1636 1904 adieceris
1678 1836 1807 1891 illud
1846 1836 1899 1889 in
1944 1850 2050 1905 quo

2159 1818 2464 1873 λεῦσαιτὸν
2501 1822 2698 1876 Ἰακὼϐ
2729 1824 2807 1895 τῷ
2832 1826 3041 1894 Λάϐαν,
3076 1827 3198 1897 οὐχὶ
3230 1827 3368 1896 μόνα
3402 1827 3575 1880 είκοσι
3599 1844 3733 1893 συγ-

472 1916 675 1971 sterilis
702 1917 806 1973 fuit
854 1919 1095 1987 Rachel,
1153 1931 1208 1977 et
1262 1925 1314 1977 in
1363 1940 1472 1993 quo
1511 1936 1814 1995 genuerunt
1849 1941 2049 1996 pueros

2158 1909 2547 1978 κεφαλαιοῦται
2582 1930 2596 1944 ’
2626 1914 2761 1968 ἀλλὰ
2792 1916 2886 1969 καὶ
2917 1920 3029 1980 τοῖς
3050 1918 3261 1987 χρόνοις
3282 1919 3490 1981 τούτοις
3524 1919 3732 1987 μεταξὺ

470 2007 702 2073 ancillae,
733 2011 968 2079 spatium
1000 2013 1171 2067 multo
1190 2014 1402 2084 longius
1439 2016 1728 2085 colligitur.
1763 2016 1894 2083 Quae
1920 2032 2048 2071 vero

2156 1999 2583 2069 προστιθεμένου
2610 2003 2732 2056 καθ’
2757 2006 2817 2058 ὄν
2861 2022 2921 2058 τε
2966 2006 3306 2078 ὲστείρευσεν
3334 2009 3367 2078 ἡ
3403 2008 3601 2080 Ῥαχὴλ
3633 2011 3735 2062 καὶ

468 2112 680 2153 merces
709 2097 913 2155 Jacobo
946 2102 1088 2158 inter
1128 2106 1543 2173 quatuordecim
1625 2117 1680 2161 et
1730 2122 1824 2163 sex
1871 2124 2046 2163 annos

2155 2088 2277 2140 καθ’
2309 2088 2367 2141 ὃν
2394 2091 2450 2141 αἱ
2481 2092 2764 2147 παιδίσκαι
2796 2094 3024 2162 ἔτικτον,
3059 2096 3222 2151 πλέον
3240 2100 3265 2151 ὁ
3285 2099 3473 2169 χρόνος
3496 2101 3731 2167 συνάγε-

466 2188 733 2245 famulata
787 2193 1129 2247 decernitur?
1174 2210 1296 2249 cum
1351 2197 1496 2252 nullo
1550 2199 1813 2267 temporis
1868 2202 2044 2269 spatio

464 2278 717 2335 videatur
769 2281 937 2339 Jacob
980 2284 1316 2342 famulitium
1361 2289 1481 2343 sine
1527 2292 1779 2345 mercede
1829 2292 2042 2348 tulisse.

462 2368 679 2424 Etenim
709 2370 765 2425 in
792 2373 965 2441 prima
1005 2390 1273 2430 annorum
1303 2377 1656 2445 hebdomade,
1688 2396 1787 2451 pro
1820 2381 2039 2449 Rachel,

460 2474 675 2517 merces
703 2461 753 2516 ei
797 2462 960 2530 Leia;
1014 2480 1113 2534 pro
1159 2469 1395 2523 secunda
1424 2470 1758 2528 hebdomade
1815 2474 2038 2540 Rachel,

457 2562 670 2618 proque
714 2566 809 2609 sex
854 2554 977 2609 aliis
1017 2559 1175 2616 annis
1238 2560 1342 2614 sibi
1381 2573 1662 2632 comparat
1708 2580 1857 2621 oves.
1899 2566 2042 2634 Quid

457 2638 626 2707 igitur
650 2656 750 2709 pro
770 2643 957 2714 elapso
986 2646 1127 2703 inter
1150 2653 1569 2720 quatuordecim
1621 2663 1675 2709 et
1698 2670 1789 2711 sex
1820 2657 2040 2714 ultimos

456 2742 635 2787 annos
667 2733 886 2801 spatio?
936 2736 1067 2803 Quae
1098 2739 1205 2795 alia
1240 2756 1452 2798 merces
1501 2743 1812 2814 detegitur?
1862 2748 2039 2818 Opor—

456 2827 593 2875 teret
615 2822 785 2887 enim,
819 2826 865 2880 si
888 2825 1127 2886 Jacobus
1160 2835 1574 2901 quatuordecim
1608 2838 1767 2893 annis
1805 2842 2038 2909 peractis

455 2905 748 2968 Bachelem
780 2916 884 2971 sibi
911 2919 1282 2990 adjunxisset,
1312 2935 1367 2980 et
1394 2925 1619 2993 Rachel,
1647 2905 1882 2998 primum
1923 2940 2035 2988 ste-

454 3005 595 3072 rilis,
647 3007 841 3064 deinde
864 3015 1203 3081 peperisset,
1246 3018 1353 3073 alio
1395 3028 1636 3090 tempore
1688 3035 2033 3096 consumpto,

2152 2197 2239 2232 ται
2272 2198 2284 2211 ·
2317 2182 2402 2245 τίς
2430 2182 2485 2235 δὲ
2514 2185 2607 2237 καὶ⁹
2639 2186 2833 2255 μισθὸς
2865 2188 3056 2241 τούτου
3082 2189 3145 2242 τὸ
3180 2190 3384 2259 μεταξὺ
3420 2191 3528 2243 τῶν
3560 2190 3726 2244 δεκα-

2152 2269 2430 2341 τεσσάρων
2479 2274 2684 2343 χρόνων
2728 2277 2945 2330 καὶτῶν
2976 2278 3037 2343 ἒξ
3060 2279 3369 2350 τῷᾖῐακὼϐ
3410 2280 3725 2335 δουλεύοντι

2150 2359 2227 2428 τῷ
2264 2361 2450 2415 Λάϐαν
2473 2365 2824 2435 ἀφορίζεται;
2854 2369 2980 2421 εἰδὲ
3008 2370 3265 2441 οὐδεμίαν
3295 2372 3402 2425 τῶν
3440 2373 3715 2442 περιόδων

2149 2450 2226 2521 τῷ
2272 2452 2467 2505 Ἰακὼϐ
2502 2456 2750 2523 φαίνεται
2777 2460 2970 2528 ἀμισθὶ
3010 2460 3108 2533 τὴν
3141 2462 3382 2516 δουλείαν
3416 2463 3729 2516 ἐταλαιπω-

2153 2545 2334 2612 ρεϊτοο
2369 2547 2427 2598 έν
2483 2547 2580 2618 μὲν
2633 2549 2740 2619 γὰρ
2780 2554 2846 2623 τῇ
2901 2552 3093 2624 πρώτῃ
3146 2554 3409 2626 έπταετίᾳ
3452 2555 3573 2608 ἀντὶ
3620 2554 3731 2625 τῆς

2160 2638 2363 2709 Ῥαχήλ
2392 2640 2424 2710 ή
2476 2641 2610 2695 Λεία
2658 2643 2848 2712 μισθὸς
2891 2646 3061 2717 αὐτῷ.
3101 2647 3223 2700 ἀντὶ
3257 2647 3313 2700 δὲ
3340 2648 3437 2716 τῆς
3466 2647 3730 2716 δευτέρας

2147 2731 2180 2797 ἡ
2222 2729 2423 2801 Ῥαχήλ
2457 2747 2470 2761 ’
2504 2732 2597 2785 καὶ
2632 2734 2751 2787 ἀντὶ
2808 2736 2920 2788 τῶν
2944 2736 3265 2793 τελευταίων
3293 2737 3430 2791 ὲτῶν
3463 2737 3543 2803 ἒξ,
3578 2738 3608 2789 ὁ
3633 2737 3731 2791 διὰ

2145 2819 2253 2873 τῶν
2276 2822 2564 2892 προϐάτων
2591 2825 2741 2897 αὑτῷ
2764 2827 3172 2898 χορηγούμενος
3205 2844 3221 2858 ⁸
3272 2829 3393 2882 ἀντὶ
3427 2829 3558 2897 γοῦν
3622 2828 3724 2881 τοῦ

2149 2911 2350 2980 μεταξὺ
2383 2915 2573 2983 χρόνου
2623 2918 2722 2986 τῆς
2771 2918 3427 2989 τεσσαρεσκαιδεκαετίας
3457 2920 3553 2973 καὶ
3608 2919 3727 2973 τῶν

2143 3002 2468 3057 τελευταίων
2488 3004 2566 3070 ἓξ,
2590 3006 2675 3070 τίς
2702 3007 3125 3075 ἐπιγινώσκεται
3149 3010 3339 3080 μισθὸς
3355 3011 3575 3081 έτερος;
3610 3011 3730 3066 ἔδει

454 3095 619 3165 hujus
653 3114 870 3170 quoque
902 3080 1065 3173 spatii
1108 3080 1417 3163 mercedem
1469 3080 1653 3165 notam
1711 3080 2036 3182 praeﬁnitam

2153 3093 2197 3147 δὲ
2251 3094 2299 3146 εί
2349 3094 2488 3163 μετὰ
2533 3096 2632 3168 τὴν
2672 3099 3065 3170 συμπλήρωσιν
3124 3102 3225 3172 τῆς
3267 3080 3731 3175 τεσσαρεσκαιδε·

452 3183 645 3242 fuisse.
712 3189 817 3247 Sed
894 3210 1161 3266 nusquam
1239 3199 1534 3271 Scriptura:
1622 3202 1731 3260 alia
1805 3220 2037 3273 merces,

451 3292 725 3348 nusquam
757 3283 903 3339 aliud
932 3294 1146 3358 tempus
1182 3299 1381 3360 praeter
1414 3296 1831 3362 quatuordecim
1859 3308 1913 3354 et
1941 3316 2037 3356 sex

450 3380 625 3463 annos
653 3411 669 3437 ,
725 3386 1019 3446 supputato
1068 3380 1183 3448 jam
1256 3385 1490 3455 tempori
1531 3386 1796 3459 ;medium
1843 3392 2029 3463 .inter-

450 3457 693 3529 ponitur.

2140 3184 2362 3248 καετίας
2412 3185 2513 3258 τὴν
2568 3187 2822 3258 Ῥαχὴλὸ
2890 3188 3081 3245 Ἰακὼϐ
3128 3190 3356 3263 ἔγημεν,
3405 3190 3504 3246 εἶθ’
3548 3193 3731 3259 οῦτως

2138 3274 2171 3343 ἡ
2208 3276 2469 3347 παιδίσκη
2512 3278 2608 3331 καὶ
2654 3280 2688 3349 ἡ
2735 3281 2936 3352 Ῥαχὴλ
2996 3283 3352 3352 στειρεύουσα
3393 3285 3488 3338 καὶ
3551 3285 3723 3339 πάλιν

2134 3364 2401 3418 τίκτουσα
2466 3366 2656 3436 χρόνον
2704 3368 2863 3425 ἄλλον
2920 3371 3334 3440 κατηνάλωσαν,
3390 3374 3483 3427 καὶ
3526 3374 3727 3427 τούτου

2137 3455 2228 3509 τὸν
2258 3455 2451 3524 μισθὸν
2480 3456 2815 3513 καθεστάναι
2845 3459 3123 3531 γνώριμον
3153 3477 3168 3491 ·
3204 3460 3321 3515 ἀλλ’
3349 3462 3589 3531 οὐδαμοῦ
3618 3464 3727 3533 τῆς

2127 3546 2352 3617 Γραφῆς
2404 3545 2528 3600 οὔτε
2575 3548 2767 3619 μισθὸς
2818 3552 3102 3621 φαίνεται,
3141 3553 3267 3607 οῦτε
3329 3554 3519 3625 χρόνος
3558 3554 3728 3621 ἄλλος

2130 3638 2283 3709 παρὰ
2301 3638 2370 3693 τὰ
2385 3640 2761 3714 δεκατέσσαρα
2784 3646 2876 3697 καὶ
2905 3644 2975 3698 τά
2999 3645 3059 3713 ἒξ
3089 3646 3183 3722 ἔτη
3229 3648 3584 3721 παρενθήκην
3610 3648 3721 3701 έπ-

2128 3730 2267 3805 έχων
2300 3730 2473 3803 λόγων
2516 3734 3031 3803 συγκατάταττεται.

1865 3943 2270 4009 MONITUM.

515 4046 651 4146 ante
680 4044 1040 4112 quaestionem
1065 4062 1095 4102 a
1122 4050 1283 4109 nobis
1317 4053 1478 4123 juxta
1512 4056 1752 4116 indicem
1786 4060 1910 4118 Vat.
1951 4079 2184 4122 numero
2241 4064 2494 4124 CCCXIII
2530 4069 2803 4140 signatam
2844 4071 3024 4129 Maius
3065 4082 3306 4145 quatuor
3354 4076 3493 4133 alias
3530 4075 3717 4146 publi-

438 4135 603 4200 cavit,
638 4153 761 4208 quaz
784 4142 961 4200 titulis
992 4154 1048 4201 et
1082 4147 1534 4221 inscriptionibus
1563 4158 1801 4231 prapriis
1825 4170 2017 4216 carent
2044 4171 2101 4217 et
2130 4163 2320 4220 nescio
2349 4179 2461 4235 qua
2489 4135 2913 4225 amanuensium
2939 4170 3267 4245 negligentia
3298 4188 3409 4228 non
3441 4173 3499 4228 in
3525 4172 3715 4229 indice

434 4243 735 4290 numerata:
773 4236 1012 4296 fuerunt.
1045 4242 1157 4301 Nos
1189 4246 1312 4316 has,
1342 4263 1413 4305 ne
1454 4253 1626 4309 series
1650 4256 2017 4324 quastiouum
2053 4268 2109 4315 et
2150 4276 2417 4318 numerus
2452 4264 2721 4334 turbetur,
2753 4268 2991 4339 propriis
3011 4236 3277 4341 'signatas
3318 4270 3568 4326 numeris
3604 4271 3711 4327 ad-

429 4327 738 4397 jungimus,
772 4347 898 4388 cum
942 4337 1153 4393 numeri
1230 4342 1337 4397 sub
1383 4345 1585 4414 quibus
1631 4348 1774 4418 apud
1831 4349 2031 4407 Maium
2065 4368 2368 4424 apparent,
2416 4358 2620 4413 turbati
2677 4327 2791 4416 sint
2839 4327 2897 4418 et
2940 4362 3060 4419 dua:
3085 4327 3452 4435 "quaestiones
3504 4362 3707 4421 eodem

429 4438 664 4481 numero
696 4430 875 4486 notari
915 4431 1203 4501 deberent,
1243 4439 1290 4495 si
1332 4452 1458 4501 eum
1483 4440 1671 4499 hacin
1708 4459 1770 4501 re
1804 4462 2178 4525 sequeremur.
2211 4450 2342 4509 Post
2392 4455 2493 4511 has
2535 4464 2772 4527 quatuor
2815 4430 3154 4530 quaaStiones
3182 4476 3279 4519 eas
3313 4470 3523 4534 septem
3562 4462 3707 4520 alias

428 4517 846 4589 collocabimus,
876 4527 1079 4595 quibus
1113 4528 1415 4588 Vaticanus
1449 4534 1623 4592 codex
1657 4548 1826 4596 caret.

896 4617 1225 4683 QUIESTIO
1260 4624 1531 4681 CCCXIV.
2046 4645 2050 4699 ξ

2656 4642 2987 4699 ΕΡΩΤΗΣΙΣ
3027 4647 3168 4702 Τ1Δ¹.

1552 4742 1625 4797 De
1652 4748 1844 4814 populo
1863 4749 2024 4817 jussu
2058 4749 2273 4806 Davidis
2302 4765 2596 4809 numerato.

1039 4823 1182 4874 Edita
1203 4839 1230 4874 a
1251 4826 1376 4879 Maio
1408 4832 1463 4893 (Ι.
1506 4844 1549 4881 c.
1583 4848 1633 4897 p.
1666 4836 1773 4898 15!,
1801 4838 1905 4899 155,
1927 4854 1977 4902 q.
2000 4840 2050 4889 51

2161 4842 2213 4890 In
2236 4842 2279 4892 Il
2305 4843 2429 4906 Reg.
2457 4859 2620 4906 xxxiv,
2646 4846 2667 4895 1
2694 4847 2854 4898 Paral.
2883 4864 2984 4911 xxi,
3014 4851 3053 4899 ι.

503 4922 624 4978 Hoc
657 4926 874 4981 verbum
903 4930 1130 4985 secundi
1176 4930 1387 5005 Regum
1448 4938 1593 5006 libri,
1644 4960 1663 4994 ι
1696 4942 2004 5001 Commovit

2174 4946 2248 4999 Τὸ
2280 4946 2461 5018 μέντοι
2490 4951 2652 5021 ῥητὸν
2679 4953 2707 5005 ὃ
2765 4956 2822 5007 ὲν
2854 4958 2918 5026 τῇ
2962 4955 3196 5027 δευτέρᾳ
3230 4957 3338 5013 τῶν
3375 4958 3696 5030 Βασιλειὶῖιν,

422 5012 591 5068 David
616 5013 699 5067 ⁸¹;
740 5032 758 5065 ι
802 5014 955 5071 vides
1002 5033 1015 5068 :
1049 5027 1103 5073 et
1154 5021 1208 5075 in
1236 5024 1413 5091 primo
1442 5027 1897 5100 Paralipomenon
1923 5032 2005 5090 sic

2153 5012 2446 5105 Ἀνέσεισε,
2474 5012 2674 5111 κείται,
2698 5045 2789 5099 τὸν
2812 5012 2996 5109 Δαϐὶδ,
3022 5066 3042 5098 ι
3067 5012 3226 5101 τοῦτο
3244 5050 3391 5120 δὴὲν
3412 5054 3478 5123 τῇ

418 5116 788 5174 expressum:
854 5125 873 5159 ι
930 5108 1291 5171 Consurrexit
1343 5127 1526 5173 autem
1588 5120 1754 5177 Satan
1813 5134 2001 5182 contra

2153 5129 2207 5182 ὒν
2234 5108 2750 5204 Παραλειπομένων,
2784 5156 2802 5189 t
2824 5138 3055 5208 Ανέστη,
3080 5108 3492 5212 παρατέίόειταί,
3512 5108 3693 5197 iam;

416 5193 606 5260 Israel,
636 5206 691 5251 et
722 5199 1016 5255 concitavit
1050 5201 1217 5259 David
1249 5216 1308 5262 ut
1336 5223 1649 5267 numeraret
1673 5212 1854 5270 Israel.
1884 5217 1933 5248 ⁸³
1976 5236 1995 5268 ι

2153 5222 2179 5292 ί)
2220 5193 2437 5296 Ἰσραήλ
2483 5231 2495 5243 ’
2524 5193 2617 5281 καὶ
2657 5193 2920 5284 άπέσεισε
2941 5193 3225 5287 τδᾷ’Δᾴέιδ
3250 5193 3688 5305 άριϐμῆσῷᾐτδν

415 5284 544 5342 Haec
570 5287 681 5343 duo
725 5290 826 5345 etsi
861 5295 1139 5351 contraria
1172 5297 1496 5369 videantur,
1546 5303 1774 5361 minime
1820 5316 2002 5364 tamen

2153 5284 2227 5368 ιόν
2261 5331 2277 5347 ο
2349 5284 2444 5371 καὶ
2469 5319 2569 5373 οὐκ
2588 5318 2736 5375 ἔστιν
2766 5323 3022 5394 ἀλλήλοις
3045 5284 3265 5395 ἐναντία
3288 5284 3493 5394 Ιταῦτα,
3518 5329 3569 5380 εἰ
3593 5329 3689 5381 καὶ

414 5389 737 5449 repugnant.
771 5381 946 5439 Furor
971 5386 1191 5455 quidem
1224 5388 1441 5448 Domini
1469 5396 1764 5450 commovit
1802 5398 1993 5467 David,

2153 5407 2250 5458 mei
2288 5422 2302 5437 '
2349 5409 2382 5478 ή
2416 5409 2515 5478 μὲν
2562 5411 2656 5465 τοῦ
2690 5412 2826 5465 Θεοῦ
3047 5384 3296 5470 ἀνέσεισε
3352 5417 3442 5471 τὸν
3478 5381 3683 5485 ’Δαϐὶδ,

414 5470 631 5540 impulit
657 5474 867 5529 scilicet
894 5486 949 5532 et
980 5478 1228 5536 incitavit
1276 5484 1343 5536 ad
1376 5484 1539 5540 Israel
1572 5492 1990 5557 numerandum,

2153 5517 2225 5553 τοι
2258 5470 2480 5575 ἐκίνησε
2515 5507 2609 5559 καὶ
2657 5470 2998 5564 διεσάλευσε⁵
3026 5513 3163 5581 πρὸς
3211 5513 3310 5583 τὴν
3358 5470 3682 5585 ἀρίθμησιν;

412 5571 635 5630 propter
666 5567 848 5636 populi
888 5568 1269 5626 defectionem.
1312 5573 1476 5630 Satan
1512 5594 1657 5645 vero,
1692 5592 1748 5637 ut
1779 5598 1993 5654 semper

2153 5591 2183 5646 ὰ
2199 5592 2297 5665 τὴν
2317 5567 2617 5653 άπδστασιν
2642 5599 2737 5654 τοῦ
2772 5601 2923 5657 λαοῦ.
2944 5604 3015 5658 Τὸ
3039 5567 3116 5671 δὲ,
3143 5567 3348 5673 ,Σατάη
3473 5567 3683 5665 ἐπίπαν

480 5675 519 5752 ῗ¹
552 5673 590 5731 ΙΙ
623 5676 750 5749 Reg.
782 5697 925 5747 xxiv,
964 5685 1006 5738 I.
1087 5687 1129 5718 ⁵²
1170 5687 1190 5739 I
1220 5686 1395 5743 Pat'al.
1423 5708 1530 5758 xxi,
1572 5694 1618 5748 I.
