3904 6218
260 290 414 356 1165

1022 300 1120 359 AD
1145 299 1737 361 AMPHILOCHIUM
1776 303 2119 375 QUASSTIO
2158 308 2442 385 CCCXIV,
2478 312 2730 374 CCCXV.

3399 307 3530 372 1166

256 413 455 469 είωθεν
495 414 552 468 ἐν
591 416 657 485 τῇ
684 414 804 485 θείᾳ
823 414 1012 484 Γραφῇ
1040 413 1162 467 ἀντὶ
1193 412 1310 479 τοῦ,
1342 413 1696 485 κολαφισμός,
1725 414 1841 480 καὶ,
1873 461 1880 477 Α

1971 434 2003 472 ιι
2041 418 2322 490 Scriptura
2369 439 2524 480 sacra
2561 426 2728 490 solet,
2782 441 2878 496 pro
2930 441 3089 495 paena
3145 433 3199 480 et
3236 426 3534 480 tentatione

257 507 594 577 πειρασμός,
635 505 1104 577 ἐκλαμϐάνεσθαιο
1125 504 1264 557 ὥστε
1294 506 1342 557 εί
1369 505 1463 558 καὶ
1492 505 1567 578 μὴ
1603 505 1847 579 ὠργίσθη

257 601 420 666 Θεὸς,
442 600 543 654 οὐκ
581 600 647 654 ἂν
675 598 961 667 ἀνεσείσθη
992 598 1020 649 6
1039 596 1226 663 Δαϐὶδ,
1246 598 1364 667 ἦτοι
1389 597 1525 667 πρὸς
1547 596 1848 669 ἐνθύμησιν

266 689 511 759 μετέστη
528 687 621 741 τοῦ
640 687 945 759 ἀριθμῆσαι
965 688 1055 741 τὸν
1085 686 1213 742 λαόν
1243 704 1255 716 ·
1284 690 1332 740 εί
1354 688 1411 741 δέ
1435 688 1510 758 μὴ
1534 688 1845 760 ἀνεσείσθη,

259 780 377 832 οὐδ’
410 781 437 832 6
475 778 777 850 πειρασμὸς
818 778 981 831 ἔπεσε
1014 779 1092 849 τῷ
1123 778 1362 848 Ἰσραὴλ,
1385 778 1553 849 ἤγουν
1580 782 1607 832 ὁ
1634 779 1811 833 Σατάν
1833 795 1845 808 ’

259 869 400 923 αὐτὸ
420 869 527 938 γὰρ
563 868 623 921 τὸ
662 867 1035 938 ἀριθμηθῆναι
1080 866 1240 920 τοῦτο
1271 868 1440 920 αἴτιον
1489 867 1705 935 λέγεται
1754 866 1848 921 τοῦ

259 960 598 1031 πειρασμοῦ,
616 960 794 1013 καίτοι
817 960 917 1029 τῆς
954 960 1306 1023 ἀποστάσεως
1338 943 1536 1029 μᾶλλον
1556 960 1653 1030 τὴν
1670 961 1851 1016 αίτίαν

260 1051 663 1122 ἁποτεκούσης.
681 1052 836 1105 Ἐπεὶ
861 1052 957 1104 καὶ
982 1052 1224 1121 Μωῦσῆς
1246 1051 1544 1122 ἠρίθμησε,
1565 1052 1660 1106 καλ.
1689 1052 1851 1106 Δαϐὶδ

260 1142 435 1194 πάλιν
463 1141 601 1211 μετὰ
619 1141 716 1211 τὴν
743 1142 957 1211 πληγήν
981 1158 996 1175 ·
1019 1141 1115 1195 καὶ
1138 1141 1364 1210 οὐδεμιᾷ
1379 1141 1584 1195 τούτων
1606 1142 1710 1196 τῶν
1734 1146 1852 1212 ἀρι-

264 1231 528 1301 θμήσεων
561 1232 686 1285 οὐτε
718 1232 911 1303 μῶμος
941 1230 1066 1284 οὐτε
1094 1231 1278 1302 πληγὴ
1297 1232 1706 1302 ἐγκατέσκηψεν
1725 1249 1737 1264 ο
1772 1234 1851 1285 ὅτι

261 1323 329 1375 δὲ
378 1323 458 1387 τὸ,
496 1324 695 1388 Σατάν,
736 1324 858 1377 ἀντὶ
888 1323 985 1377 τοῦ
1016 1322 1325 1394 πειρασμοῦ
1367 1325 1461 1375 καὶ
1512 1324 1851 1395 κολαφισμοῦ

261 1415 627 1486 λαμϐάνεται,
647 1418 743 1469 καὶ
759 1417 816 1483 ἐξ
834 1415 1035 1488 ἐτέρων
1052 1416 1228 1487 δῆλον·
1250 1416 1346 1469 καὶ
1371 1434 1389 1467 ι
1414 1416 1702 1487 Ἀνέστησε
1721 1418 1849 1486 γὰρ,

265 1508 427 1579 φησὶ,
456 1509 630 1562 Σατὰν
652 1510 747 1562 ἐπὶ
798 1508 1014 1579 Ἰσραὴλ
1044 1509 1207 1578 ’Ἄδερ
1237 1510 1327 1563 τὸν
1349 1508 1625 1561 Ἰουδαῖον·
1658 1528 1676 1562 ι
1704 1509 1797 1562 καὶ
1825 1511 1853 1562 6

264 1600 567 1664 ἀπόστολος
596 1599 822 1664 Παῦλοςσ
856 1619 874 1652 ι
915 1600 1103 1671 Ἐδόθη
1138 1619 1227 1672 μοι
1258 1600 1455 1671 σκόλοψ
1476 1603 1542 1672 τῇ
1573 1604 1733 1672 σαρκὶ
1753 1601 1851 1670 ἅγ-

265 1692 429 1759 γελος
450 1693 647 1760 Σατὰν,
680 1692 768 1746 ἵνα
800 1709 869 1762 με
892 1691 1177 1767 κολαφίξῃ’
1209 1711 1227 1744 ι
1254 1687 1364 1745 οἷον
1392 1692 1622 1761 ἄγγελος
1645 1694 1736 1746 καὶ
1754 1693 1854 1744 ὐπ-

1955 506 2245 574 excipitur.
2300 508 2378 565 lta
2430 520 2488 565 ut
2522 512 2569 566 si
2616 529 2722 566 non
2759 513 2927 569 iratus
2975 512 3163 568 fuisset
3193 512 3369 579 Deus,
3423 527 3531 567 non

1955 608 2262 656 conmotus
2290 601 2484 658 fuisset
2513 602 2717 669 David,
2766 618 2865 660 nec
2904 605 3163 659 nimirum
3202 606 3385 675 populi
3431 620 3533 658 nu-

1957 690 2203 743 merandi
2250 692 2539 747 consilium
2590 694 2647 748 in
2701 695 2887 750 animo
2929 696 3206 766 agitasset.
3256 695 3310 750 Si
3351 703 3534 750 autem

1956 794 2063 833 non
2095 792 2400 839 commotus
2437 785 2649 851 fuisset,
2703 794 2850 842 certe
2900 786 2956 841 in
3012 784 3177 842 lsrael
3222 786 3535 857 perieulum

1958 887 2065 927 non
2092 873 2387 943 incidisset,
2414 877 2465 931 id
2494 892 2596 945 est,
2624 880 2811 934 Satan.
2840 878 2910 934 Ut
2936 880 3082 934 enim
3106 879 3387 948 Scriptura
3411 893 3537 949 per-

1958 966 2138 1032 hibet,
2181 971 2489 1025 numeratio
2523 972 2704 1039 populi
2732 987 2894 1026 causa
2919 972 3087 1042 pestis
3108 970 3231 1026 fuit.
3260 970 3331 1025 Ut
3356 980 3536 1025 autem

1958 1072 2017 1111 se
2044 1073 2131 1112 res
2168 1058 2349 1126 habet,
2386 1061 2621 1117 defectio
2650 1062 2834 1133 populi
2881 1064 3040 1117 talem
3066 1064 3273 1134 peperit
3305 1063 3535 1118 cladem.

1958 1145 2168 1200 Etenim
2202 1146 2413 1219 Moyses
2445 1166 2662 1220 quoque
2686 1151 2947 1221 populum
2979 1152 3312 1217 numeravit,
3340 1150 3538 1207 David—

1959 1253 2065 1307 que
2095 1254 2287 1295 rursus
2319 1250 2442 1311 post
2471 1255 2675 1312 pestem
2704 1259 2717 1295 :
2757 1250 2993 1298 attamen
3038 1244 3169 1298 nulli
3204 1247 3398 1297 harum
3430 1259 3538 1297 nu-

1960 1332 2320 1388 merationum
2340 1350 2440 1389 nec
2455 1336 2624 1398 labes,
2657 1351 2755 1391 nec
2785 1351 2943 1405 pcena
2965 1334 3232 1390 incubuit.
3264 1333 3535 1388 Cancrum

1961 1437 2060 1492 pro
2078 1438 2235 1492 poena
2256 1435 2310 1478 et
2325 1426 2565 1495 periculo
2582 1425 2649 1480 Sa
2659 1436 2745 1480 tan
2762 1425 3091 1496 deprehendi
3109 1434 3164 1479 et
3180 1438 3243 1478 ex
3262 1424 3384 1480 aliis
3404 1424 3541 1479 locis

1961 1521 2233 1569 constat.¢
2253 1514 2548 1572 Suscitavit
2577 1518 2719 1573 enim
2752 1516 2939 1580 Satan,
2970 1517 3048 1570 ait
3078 1515 3382 1585 Scriptura,
3410 1529 3541 1570 con-

1963 1606 2043 1653 tra
2092 1600 2260 1656 Israel
2300 1602 2445 1658 Ader
2471 1603 2754 1671 Judaeum;
2798 1625 2817 1657 ι
2850 1603 3164 1673 Paulusque
3216 1602 3535 1672 apostolus:

1966 1709 1985 1742 ‹
2016 1689 2182 1747 Datus
2217 1701 2303 1749 est
2333 1694 2466 1749 mihi
2494 1694 2750 1750 stimulus
2788 1695 2971 1750 carnis
2998 1709 3133 1751 mem
3165 1693 3392 1764 angelus
3426 1691 3531 1747 Sa-

264 1782 475 1853 ηρέτης
518 1782 826 1853 πειρασμοῦ
860 1799 952 1836 και
982 1781 1342 1853 κολαφίσμοῦ’
1375 1781 1641 1848 τουτέστι,
1672 1783 1755 1834 Δι’
1782 1773 1842 1835 οὗ
1877 1815 1880 1830 ι

1970 1797 2107 1849 ante,
2131 1782 2220 1850 qui
2246 1799 2332 1839 me
2358 1784 2657 1854 colaphizet
2675 1786 2813 1849 5"”,
2837 1804 2855 1837 ι
2883 1787 2938 1841 in
2958 1800 3066 1855 quo
3083 1783 3300 1855 ponitur
3317 1783 3540 1853 angelus

268 1890 365 1944 μοι
415 1874 463 1925 ot
507 1873 836 1945 κολαφισμοὶ
876 1875 973 1927 καὶ
1020 1877 1069 1927 οί
1133 1874 1434 1945 πειρασμοὶ
1488 1873 1847 1943 ἐπέρχονται·

265 1963 561 2018 αίνίττοιτο
587 1966 633 2017 δ’
655 1964 721 2019 ἂν
755 1966 816 2019 τὸ
848 1965 1010 2037 ῥητὸν
1056 1966 1177 2037 ἤτοι
1206 1965 1549 2034 Ἀλέξανδρον
1582 1964 1671 2016 τὸν
1702 1964 1850 2017 Χαλ-

267 2055 377 2109 κέα
406 2057 497 2109 τὸν
527 2056 695 2109 πολλὰ
734 2059 881 2111 κακὰ
904 2057 1272 2126 ἐπενεγκόντα
1295 2056 1371 2126 τῷ
1406 2056 1626 2126 Παύλῳ,
1658 2056 1690 2126 ἢ
1724 2057 1849 2121 τοὺς

266 2149 394 2201 κατ’
419 2150 594 2201 ἐκεῖνο
623 2149 819 2221 καιροῦ
867 2149 1165 2221 τυράννους
1198 2149 1293 2201 καὶ
1337 2147 1850 2218 ἑτεροδιδασκόιλους

265 2234 737 2309 ἐπανισταμένους
764 2240 934 2311 αὐτῷ,
955 2241 1050 2294 καὶ
1067 2240 1278 2293 πολλῶν
1300 2239 1623 2311 πειρασμῶν
1642 2239 1851 2302 αἰτίους

267 2330 367 2383 καὶ
419 2330 699 2395 διακόνους
734 2332 883 2403 αὐτῷ
913 2331 1338 2403 γεγενημένους.

800 2533 1135 2586 ΕΡΩΤΗΣῘΣ
1160 2534 1308 2588 TIE'.

1950 1888 2050 1943 pro
2103 1875 2411 1931 ministerio
2466 1892 2641 1946 paenae
2687 1886 2740 1933 et
2777 1879 3117 1942 tentationis,
3179 1876 3232 1931 id
3280 1884 3389 1939 est,
3432 1875 3535 1928 Per

1950 1980 2111 2034 quem
2174 1968 2304 2021 mihi
2372 1970 2588 2038 colaphi
2658 1979 2711 2025 et
2783 1971 3111 2025 tentationos
3190 1968 3525 2038 inlliguntur.

1949 2055 2191 2112 Obscure
2221 2070 2401 2127 posset
2428 2061 2738 2130 significare
2772 2062 2876 2115 hoe
2919 2061 3146 2115 verbum
3183 2060 3265 2113 vel
3295 2059 3533 2112 Alexan-

1948 2145 2108 2200 drum
2166 2151 2418 2204 azrarium
2479 2152 2745 2207 artificem
2805 2167 2968 2222 aquo
3012 2150 3182 2205 multa
3230 2164 3423 2220 passus
3459 2156 3543 2202 est

1956 2233 2181 2302 Paulus,
2229 2239 2314 2292 vel
2346 2240 2508 2308 hujus
2538 2240 2801 2311 temporis
2840 2256 2999 2312 reges
3047 2249 3102 2295 et
3151 2240 3400 2293 homines
3447 2237 3540 2307 qui

1963 2328 2066 2381 alia
2091 2329 2347 2386 docentes
2371 2332 2531 2401 eique
2558 2333 2622 2387 ad
2639 2332 2836 2389 versati
2858 2333 3155 2389 multarum
3183 2330 3543 2388 tentationum

1963 2430 2215 2475 auctores
2244 2432 2298 2476 et
2324 2423 2563 2479 ministri
2595 2423 2760 2479 Paulo
2793 2422 3028 2479 fuerant.

2457 2535 2786 2604 QUIESTIO
2809 2535 3055 2593 CCCXV.

1130 2648 1239 2701 Cur
1272 2646 1442 2701 David
1467 2648 1545 2699 vir
1579 2648 1865 2701 secundum
1894 2665 1984 2703 cor
2010 2649 2108 2704 Dei
2138 2650 2436 2718 appellatus
2470 2651 2652 2721 fuerit.

1314 2738 1507 2788 Editaa
1540 2739 1663 2788 Maio
1698 2740 1753 2801 (l.
1788 2754 1832 2790 c.
1868 2756 1916 2804 p.
1955 2740 2065 2803 155,
2105 2742 2208 2804 156,
2235 2756 2282 2791 ιι.
2316 2742 2448 2806 512).

347 2844 513 2910 Τὸδέ,
550 2862 569 2896 ι
614 2835 786 2912 Εὗρον
814 2841 906 2897 τὸν
950 2841 1113 2895 Δαόὶδ
1148 2842 1315 2912 ἄνδρα
1352 2842 1493 2894 κατὰ
1520 2842 1618 2912 τὴν
1644 2842 1872 2913 καρδίαν

275 2955 403 3009 μου,
428 2956 447 2989 ι
478 2935 657 3007 ῥητῶς
690 2935 787 3005 μὲν
812 2933 985 2997 οὕτως
1011 2936 1068 2987 ἐν
1099 2936 1167 3005 τῇ
1204 2934 1413 3004 Παλαιᾷ
1450 2933 1638 3005 Γραφῇ
1674 2935 1773 2987 οὐκ
1803 2934 1869 2987 ἂν

269 3032 403 3101 εὗρε
417 3027 555 3098 θείη’
576 3028 624 3080 εί
640 3026 748 3103 γὰρ
764 3027 857 3080 καὶ
885 3027 945 3080 ἐν
966 3025 1216 3096 Ψαλμοῖς
1231 3026 1435 3097 ᾇδεταιυ
1462 3045 1480 3077 ι
1510 3016 1681 3096 Εὗρον
1705 3025 1870 3079 Δαὸὶδ

272 3123 364 3174 τὸν
376 3120 561 3173 δοῦλόν
589 3136 713 3191 μου,
733 3120 789 3172 ἐν
806 3118 945 3189 ἁγίῳ
973 3118 1135 3189 ἐλαίῳ
1157 3117 1352 3189 έχρισα
1381 3119 1566 3172 αὐτόν·
1591 3119 1754 3185 »ἀλλ’
1774 3118 1868 3173 οὖν

166 3258 179 3268 .
271 3212 413 3265 πολύ
435 3210 530 3265 τοῦ
560 3210 852 3281 εἰρημένου
878 3209 1043 3281 ῥητοῦ
1085 3214 1151 3281 τῇ
1184 3210 1328 3277 λέξει
1357 3210 1640 3281 διέστηκεν
1659 3226 1672 3241 ⁸
1702 3210 1868 3279 ἐγγύ-

2048 2843 2165 2900 Iloc
2190 2848 2412 2901 verbum
2443 2864 2457 2899 :
2491 2864 2508 2897 ε
2541 2844 2725 2901 Inveni
2755 2845 2922 2901 David
2950 2842 3226 2902 hominem
3251 2846 3548 2902 secundum

1971 2950 2068 2991 cor
2112 2953 2315 3005 meum,
2351 2957 2368 2988 ι
2421 2939 2758 2994 nominatum
2802 2940 2857 2994 in
2906 2940 3077 2994 veteri
3135 2938 3417 3010 Scriptura
3472 2941 3551 2994 sic

1971 3040 2080 3080 non
2126 3026 2400 3091 invenies,
2469 3044 2781 3100 quanquam
2823 3038 2875 3084 et
2922 3030 2977 3083 in
3023 3028 3251 3084 Psalmis
3291 3029 3548 3085 canitur:

1975 3132 1994 3166 ι
2035 3115 2218 3171 Inveni
2276 3117 2449 3173 David
2503 3134 2717 3175 servum
2761 3135 2969 3187 meum;
3027 3120 3149 3175 oleo
3194 3127 3387 3174 sancto
3429 3134 3553 3174 meo

1969 3207 2103 3261 unxi
2132 3223 2255 3262 eum
2271 3209 2338 3263 ³⁸.
2375 3229 2392 3262 ι
2430 3209 2535 3265 Sed
2566 3213 2749 3281 priora
2774 3211 2932 3282 longe
2958 3211 3130 3266 abhis
3159 3212 3395 3267 distant:
3431 3226 3555 3280 pro-

272 3321 432 3375 τερον
462 3304 507 3356 δ’
533 3304 598 3356 ἂν
620 3302 705 3373 εἴη
741 3303 940 3373 μᾶλλον
971 3303 1031 3356 τὸ
1055 3302 1346 3373 εἰρημένον
1364 3302 1443 3373 τῷ
1473 3303 1727 3375 προφήτῃ
1751 3303 1857 3356 Σα-

1970 3298 2195 3369 piusque
2248 3301 2531 3358 accederet
2580 3302 2725 3372 quod
2795 3302 3059 3372 propheta
3128 3302 3347 3357 Samuel
3403 3302 3554 3357 Sauli

277 3397 454 3469 μουὴλ
472 3396 610 3467 πρὸς
643 3395 732 3449 τὸν
759 3395 931 3449 Σαούλ
952 3412 966 3427 ·
990 3395 1264 3461 ὀνειδίζων
1293 3395 1403 3466 γὰρ
1441 3395 1601 3449 αὐτὸν
1628 3395 1726 3467 τὴν
1764 3413 1870 3448 πα-

276 3491 518 3560 ράϐασιν
551 3487 661 3542 τῶν
687 3488 927 3557 νομικῶν
953 3488 1185 3542 ἐντολῶν
1220 3487 1316 3542 καὶ
1344 3489 1439 3560 τὴν
1479 3486 1755 3542 ἔκπτωσιν
1778 3489 1875 3559 τῆς

276 3580 559 3651 βασιλείας
581 3581 729 3651 αὐτῷ
756 3581 1188 3651 προαναφωνῶν,
1234 3581 1370 3649 φησι
1398 3580 1536 3649 πρὸς
1576 3580 1759 3644 αὐτὸν,
1794 3580 1874 3633 ὅτι

277 3691 299 3723 ι
311 3671 536 3743 Ἐπειδὴ
558 3673 622 3725 σὺ
636 3673 774 3725 κατὰ
790 3672 887 3735 τὰς
899 3672 1049 3734 ὀδοὺς
1069 3671 1273 3741 Κυρίου
1287 3670 1381 3723 καὶ
1394 3670 1460 3722 τὰ
1478 3671 1877 3740 προστάγματα

272 3763 443 3816 αὐτοῦ
460 3764 785 3836 πορεύεσθαι
804 3764 865 3816 οὐ
887 3760 1376 3832 βούλει,ιέκλέξεται
1399 3760 1575 3830 ἐαυτῷ
1594 3763 1622 3813 6
1636 3760 1767 3824 Θεὸς
1784 3761 1877 3814 ἄν·

272 3853 381 3923 δρα
402 3853 541 3906 κατὰ
560 3857 659 3922 τὴν
676 3853 901 3921 καρδίαν
926 3852 1116 3919 αὐτοῦ,
1136 3852 1195 3916 ὃς
1221 3854 1437 3921 ποιήσει
1458 3852 1633 3906 πάντα
1649 3850 1720 3903 τὰ
1748 3853 1875 3922 ἁρε-

272 3944 385 3999 στὰ
409 3943 637 4000 ἐνώπιον
660 3946 823 3999 αὐτοῦ
847 3962 862 3978 ·
889 3964 909 3997 ι
929 3944 1044 3998 ἀλλ’
1061 3946 1109 3998 εί
1132 3945 1226 3998 καὶ
1243 3943 1578 4014 πλατύτερον
1602 3942 1762 3997 τοῦτο
1774 3943 1875 4013 τῆς

273 4036 493 4106 ῥήσεως
520 4035 620 4105 τῆς
646 4035 945 4106 ψαλμικῆς,
974 4035 1113 4106 πλὴν
1137 4035 1197 4086 οὐ
1216 4032 1356 4086 κατὰ
1372 4032 1546 4087 πάντα
1563 4032 1877 4102 ἀπαράτρεπ-

273 4129 414 4182 πτόν
431 4130 548 4182 ἐστι
559 4131 670 4192 τοῖς
683 4129 909 4194 ὀνόμασι
925 4127 1060 4199 πρὸς
1076 4126 1158 4194 τὸ,
1169 4146 1187 4178 ι
1199 4119 1371 4196 Εὗρον
1384 4125 1474 4178 τὸν
1490 4123 1653 4176 Δαὸὶδ
1668 4122 1760 4176 τὸν
1780 4121 1874 4174 τοῦ

286 4214 488 4268 Ἰεσσαὶ
508 4214 675 4286 ἄνδρα
699 4214 840 4268 κατὰ
850 4214 948 4285 τὴν
970 4213 1199 4286 καρδίαν
1224 4229 1347 4282 μου·
1373 4232 1391 4266 ι
1417 4212 1534 4265 ἀλλ’
1553 4205 1645 4265 οῦν
1670 4208 1827 4262 τοῦτο
1848 4209 1876 4261 6

273 4305 566 4368 θεσπέσιος
604 4304 815 4368 Παῦλος
833 4303 992 4368 είδὼς
1013 4307 1091 4367 είς
1116 4305 1321 4358 ἐκεῖνον
1341 4301 1668 4374 δημηγορῶν
1684 4303 1736 4355 ἐν
1756 4303 1875 4365 ταῖς

273 4394 523 4465 Πράξεσι
550 4394 873 4466 σχηματίζει
898 4409 913 4423 ⁶
944 4393 1084 4465 ἀνὴρ
1118 4392 1175 4446 δέ
1201 4392 1417 4462 λέγεται
1448 4392 1590 4445 κατὰ
1613 4390 1710 4461 τὴν
1737 4406 1877 4461 καρ-

273 4487 403 4542 δίαν
432 4485 524 4540 τοῦ
555 4485 690 4540 Θεοῦ
719 4485 986 4555 εὑρῆσθαι
1017 4488 1046 4539 6
1093 4486 1276 4551 Δαϐὶδ,
1310 4485 1499 4556 ἐπειδὴ
1546 4483 1757 4538 πολλῶν
1786 4485 1875 4537 ἐν·-

273 4578 457 4632 τολῶν
478 4576 945 4647 ὑπαρχουσῶν,δι’
988 4569 1063 4631 ὧν
1084 4576 1113 4628 6
1145 4578 1242 4647 τῆς
1284 4575 1486 4645 ἀρετῆς
1533 4572 1876 4645 χαρακτηρί-

278 4668 439 4734 ζεται
462 4670 679 4740 τρόπος,
703 4669 928 4739 οὐδεμία
956 4669 1089 4739 ἄλλη
1137 4668 1318 4738 ἵστησι
1354 4666 1588 4736 πλησίον
1608 4664 1745 4719 Θεοῦ
1780 4665 1875 4718 καί⁵

276 4764 409 4817 ὅσον
441 4760 759 4831 ἀνθρωπίνῃ
793 4761 952 4829 φύσει
979 4759 1209 4813 δυνατὸν
1250 4762 1327 4822 είς
1370 4760 1473 4828 τὴν
1508 4758 1641 4827 πρὸς
1666 4758 1870 4810 ἐκεῖνον

278 4852 548 4922 ὁμοίωσιν
570 4851 912 4915 ὰναόιϐάζει,
936 4850 1013 4914 ὼς
1033 4850 1095 4903 τὸ
1134 4850 1260 4913 τοὺς
1288 4848 1514 4920 ἐχθροὺς
1543 4847 1869 4918 ἀμείϐεσθαι

233 4978 246 4995 ν
278 4944 532 5011 ἀγαθοῖςο
558 4946 652 4996 καὶ
699 4943 807 5013 γὰρ
835 4945 863 4995 6
910 4941 1184 5012 Κυριακὸς
1223 4943 1281 4993 ἐν
1316 4939 1668 5008 Εὐαγγελίοις
1717 4937 1873 5003 λόγος

279 5035 442 5105 φησί·
478 5034 740 5088 «Γίνεσθε
783 5033 1128 5104 οίκτίρμονες
1169 5033 1245 5095 ὡς
1280 5032 1374 5084 καὶ
1412 5033 1441 5085 6
1491 5028 1680 5099 Πατὴρ
1720 5027 1872 5097 ὑμῶν

279 5126 619 5197 οἰκτίρμωνο
653 5125 815 5186 αὐτὸς
840 5124 951 5195 γὰρ
972 5122 1253 5177 ἀνατέλλει
1282 5121 1370 5175 τὸν
1411 5120 1561 5191 ἥλιον
1587 5118 1752 5173 αὐτοῦ
1773 5117 1868 5170 ἐπὶ

280 5216 528 5283 ἀγαθοὺς
558 5217 652 5270 καὶ
667 5216 969 5287 πονηρούς·
1004 5235 1023 5268 ι
1053 5217 1147 5269 καὶ
1193 5216 1371 5270 πάλιν·
1404 5232 1422 5265 ‹
1448 5212 1642 5275 Καλῶς
1672 5212 1873 5264 ποιεῖτε

277 5311 397 5370 τοῖς
423 5307 673 5376 μισοῦσιν
695 5308 862 5378 ὑμᾶς,
902 5308 993 5361 ἵνα
1024 5306 1259 5377 γένησθε
1312 5306 1488 5374 ὅμοιοι
1521 5302 1615 5355 τοῦ
1661 5301 1872 5370 Πατρός

283 5414 392 5468 μου
418 5398 511 5450 τοῦ
527 5396 596 5451 ’ἐν
612 5401 721 5460 τοῖς
741 5397 1016 5467 οὐρανοῖς
1042 5415 1061 5446 ι
1091 5394 1265 5463 ὁγοῦν
1304 5392 1471 5446 Δαὸὶδ
1498 5391 1700 5458 ταύτην
1737 5406 1871 5445 κατ-

279 5490 534 5561 ορθώσας
564 5491 663 5559 τὴν
691 5486 913 5558 ἀρετὴν,
933 5489 980 5539 εί
1009 5487 1102 5541 καὶ
1124 5488 1181 5539 ἐν
1220 5484 1421 5549 ἄλλοις,
1448 5482 1543 5535 iit-ce
1570 5480 1636 5550 δὴ
1658 5479 1752 5534 ἄνθ
1764 5497 1869 5550 ρω-

1972 3391 2138 3459 dixit,
2213 3408 2337 3448 cum
2389 3394 2699 3466 increparet
2777 3407 2905 3449 eum
2967 3393 3223 3464 quoniam
3301 3394 3555 3447 mandata

1976 3492 2351 3555 transgressus
2388 3493 2544 3553 erat,
2577 3488 2735 3558 eique
2775 3485 3096 3557 praediceret
3124 3485 3239 3540 fore
3282 3496 3344 3540 ut
3387 3499 3558 3555 regno

1974 3577 2264 3646 pelleretur
2301 3595 2314 3633 :
2363 3598 2381 3631 ι
2423 3578 2562 3646 Quia
2594 3580 2649 3634 in
2679 3580 2800 3635 vias
2850 3578 3070 3635 Domini
3121 3578 3405 3635 ambulare
3455 3594 3558 3633 no-

1976 3665 2151 3735 luisti,
2210 3675 2264 3725 et
2314 3670 2573 3724 mandata
2627 3670 2775 3725 illius
2823 3684 2933 3724 non
2986 3669 3316 3733 custodisti,
3352 3678 3561 3739 quaeret

1978 3753 2244 3811 Dominus
2289 3756 2396 3812 sibi
2441 3757 2620 3811 virum
2670 3758 2827 3827 juxta
2880 3773 2976 3812 eor
3028 3774 3222 3823 suum,
3267 3758 3362 3827 qui
3396 3757 3560 3812 faciet

1975 3858 2169 3901 omnes
2200 3845 2505 3902 voluntates
2523 3847 2648 3916 ejus
2668 3848 2738 3901 ³².
2778 3867 2798 3899 ι
2837 3847 2941 3902 Sed
2969 3850 3221 3918 quamvis
3246 3849 3363 3903 baac
3392 3849 3557 3918 paulo

1977 3937 2321 4005 expressiora
2363 3937 2473 3993 sint
2502 3954 2666 4007 quam
2701 3954 2765 3993 ea
2811 3956 2935 4009 quas
2972 3939 3077 3994 fert
3119 3941 3394 4009 psalmus,
3446 3955 3557 3995 non

1980 4034 2159 4080 tamen
2188 4027 2336 4080 omni
2394 4042 2457 4082 ex
2508 4039 2657 4096 parte
2690 4044 2813 4083 cum
2859 4031 2965 4084 illis
2996 4031 3175 4087 verbis
3202 4040 3511 4102 congruunt
3539 4052 3553 4089 :

1983 4111 2217 4167 «Inveni
2275 4113 2446 4168 David
2492 4114 2643 4170 Jesse
2687 4116 2887 4182 lilium,
2931 4117 3208 4173 hominem
3260 4118 3415 4188 juxta
3464 4135 3560 4175 cor

1980 4219 2183 4272 meum,
2209 4223 2227 4256 ι
2258 4220 2379 4274 quae
2395 4205 2552 4261 divus
2574 4205 2797 4275 Paulus,
2825 4210 3068 4277 quamvis
3088 4209 3329 4281 apprime
3348 4220 3553 4278 nosset,

1979 4306 2217 4352 attamen
2252 4312 2436 4352 coram
2466 4299 2664 4368 populo
2693 4300 2761 4355 de
2789 4301 2969 4355 aetiva
3000 4301 3125 4357 vita:
3153 4303 3364 4358 ratione
3392 4302 3557 4359 verba

1980 4388 2186 4444 faciens
2208 4389 2297 4453 ³⁸⁸,
2327 4404 2488 4445 voces
2521 4405 2685 4460 supra
2715 4391 2892 4449 dictas
2924 4408 3019 4463 per
3051 4394 3371 4450 abusionem
3401 4412 3559 4451 usur-

1980 4478 2149 4545 pavit.
2177 4476 2383 4532 Dicitur
2415 4475 2584 4532 David
2638 4478 2793 4548 juxta
2820 4495 2914 4535 cor
2952 4480 3048 4537 Dei
3091 4482 3343 4539 inventus
3368 4477 3566 4552 fuisse,

1978 4567 2144 4636 quod,
2194 4568 2381 4623 multis
2413 4567 2687 4626 mandatis
2732 4571 3063 4641 vigentibus,
3116 4573 3317 4643 quibus
3340 4575 3565 4637 virtutis

1906 4656 2257 4726 Dproprium
2307 4658 2670 4727 exprimitur,
2726 4661 2933 4715 nullum
2990 4663 3137 4727 aliud
3205 4666 3429 4735 propius
3488 4668 3557 4723 ad

1980 4748 2144 4801 Deum
2169 4762 2270 4803 nos
2290 4749 2450 4820 erigit
2471 4761 2524 4804 et
2548 4760 2814 4821 quantum
2856 4753 3109 4809 humana:
3142 4764 3351 4810 naturae
3374 4758 3562 4813 datum

1979 4848 2083 4902 est,
2136 4840 2205 4895 ad
2244 4841 2657 4896 similitudinem
2697 4845 2845 4899 illius
2892 4845 3055 4912 tollit,
3109 4862 3274 4917 quam
3321 4848 3569 4905 inimicis

1980 4929 2184 4985 nostris
2246 4930 2387 4985 bona
2448 4946 2545 5001 pro
2600 4934 2760 4989 malis
2816 4936 3138 4992 retribuere.
3200 4935 3449 5009 Namque
3505 4942 3563 4997 in

1982 5019 2275 5091 Evangelio
2321 5023 2459 5079 dixit
2506 5023 2773 5082 Dominus
2816 5047 2828 5081 :
2881 5045 2901 5078 «
2938 5026 3124 5083 Estote
3160 5045 3292 5101 ergo
3342 5034 3562 5089 miseri-

1982 5112 2176 5166 cordes
2199 5112 2342 5166 sicut
2362 5122 2414 5167 et
2434 5110 2597 5167 Pater
2617 5124 2799 5169 vester
2824 5117 3138 5175 misericors
3163 5129 3268 5175 est.
3297 5120 3388 5177 Ille
3416 5124 3561 5177 enim

1981 5203 2150 5258 solem
2201 5219 2359 5258 suum
2409 5203 2541 5258 oriri
2574 5204 2707 5260 facit
2727 5222 2893 5276 super
2919 5209 3091 5267 bonos
3136 5219 3191 5267 et
3235 5214 3407 5268 malos
3427 5213 3491 5266 ³³.
3535 5233 3555 5264 υ

1982 5295 2301 5365 Rursusque
2352 5313 2366 5349 :
2425 5314 2445 5347 ι
2500 5296 2811 5356 Benefacite
2862 5303 2949 5358 his
3002 5305 3094 5375 qui
3160 5305 3395 5359 oderunt
3439 5316 3557 5367 vos,

1982 5394 2041 5439 ut
2066 5386 2189 5439 sitis
2218 5386 2315 5439 lilii
2345 5385 2523 5444 Patris
2546 5391 2715 5444 vestri
2746 5393 2840 5462 qui
2869 5394 2921 5448 in
2954 5396 3109 5450 caelis
3137 5394 3303 5449 est“.
3334 5411 3354 5445 ι
3390 5391 3559 5447 David

1982 5478 2141 5549 igitur
2167 5477 2260 5532 illa
2294 5477 2494 5534 virtute
2542 5482 2823 5551 praeditus,
2876 5486 3126 5555 quamvis
3157 5484 3263 5537 alia
3294 5498 3357 5536 ex
3411 5490 3562 5550 parte

350 5698 474 5729 ³³ο³⁰
507 5694 550 5751 II
576 5694 703 5750 Cor.
748 5710 839 5759 χιι,
870 5693 919 5747 7.
988 5694 1027 5725 ³³
1055 5692 1197 5747 Psal.
1230 5705 1495 5755 Lxxxvm,
1519 5689 1608 5743 ιιι.
1667 5689 1709 5720 ³³
1745 5686 1880 5754 llic;

1970 5700 2070 5753 ιιιι,
2102 5684 2209 5756 H.-
2241 5683 2304 5719 ³³⁸
2336 5685 2455 5743 Act.
2487 5703 2603 5758 xm,
2634 5687 2723 5742 2‘3.
2782 5689 2824 5720 ³³
2851 5686 2982 5741 Luc.
3008 5701 3078 5751 vi,
3100 5684 3186 5737 56.
3242 5683 3284 5716 3‘
3314 5685 3444 5741 ibid.
3470 5685 3559 5742 27.
