3978 6218
305 253 447 321 1169

1070 258 1172 319 AD
1201 255 1793 320 AMPHILOCHIUM
1824 258 2171 328 QU/ESTIO
2212 260 2805 328 CCCXVII-CCCXX.

3451 270 3592 339 1170

300 369 417 432 δεις
450 366 542 421 διὰ
589 364 701 421 τῶν
752 364 1012 436 θυμάτων
1058 365 1398 434 ἐπελύγαζον
1429 365 1522 420 τὸν
1574 367 1717 437 ἀέρα
1745 383 1760 398 ο
1798 369 1885 421 καὶ

1999 369 2142 423 inter
2167 369 2441 426 sacriﬁcia
2477 385 2658 427 aerem
2681 374 3131 433 obseurantibus.
3158 374 3462 448 Meritoque
3517 386 3587 436 ad

300 458 535 521 εἰκότως
562 456 701 527 πρὸς
731 456 975 529 ἑσπέραν
1017 454 1078 508 τδ
1105 456 1484 527 προχαράττον
1512 455 1610 527 τὴν
1663 456 1895 527 νομικὴν

299 551 497 605 θυσίαν
544 550 878 620 κατεφέρετο
916 552 1029 613 τοῖς
1080 548 1440 620 Ἰσραηλίταις
1480 564 1495 579 ⁶
1527 549 1789 614 ὡσαύτως
1835 549 1893 603 δὲ

297 645 357 699 εἴ
386 664 471 710 τις
510 645 668 708 ἄλλος
708 643 958 717 ἐθελήσει
995 643 1181 698 λαϐεῖν
1228 642 1387 697 τοῦτο
1418 644 1495 706 ὡς
1520 644 1892 716 προχάραγμα

298 737 401 808 τῆς
427 739 508 801 είς
534 737 774 808 Χριστὸν
821 736 1076 801 πίστεως,
1118 736 1219 790 οὐκ
1251 736 1319 790 ἂν
1345 735 1439 789 τοῦ
1474 736 1684 799 εἰκότος
1713 752 1890 806 παρα-

300 830 560 901 σφαλείηο
588 830 683 883 καὶ¹
719 828 812 883 τοῦ
838 829 1087 901 σώματος
1116 829 1173 883 δέ
1196 828 1436 901 Χριστοῦ
1456 830 1485 881 ὁ
1510 827 1690 881 λαϐὼν
1713 829 1886 882 ἐδίδου

296 924 414 985 τοῖς
436 923 710 994 μαθηταῖς
725 924 755 976 ὁ
774 922 966 995 Σωτὴρ
977 922 1178 990 λέγων’
1207 922 1441 991 «Φάγετε
1460 922 1684 989 πάντες,
1714 940 1732 972 ι
1754 921 1890 984 εἴτις

298 1014 663 1083 προτύπωσιν
692 1014 826 1083 φαίη
860 1014 921 1066 τὸ
948 1016 1146 1084 μάννα,
1171 1014 1408 1083 εὐλόγως
1436 1012 1502 1067 ἂν
1540 1012 1692 1085 εὖροι
1720 1014 1781 1067 τὸ
1829 1015 1889 1068 ἐν

298 1119 369 1188 τῇ
401 1116 586 1188 πρωῖᾳ
620 1113 779 1168 τοῦτο
807 1112 1070 1183 φέρεσθαι
1103 1114 1215 1175 τοῖς
1247 1111 1605 1182 Ἰσραηλίταις
1624 1114 1750 1166 ’καὶ
1779 1113 1889 1185 γὰρ

297 1210 336 1279 ἡ
367 1207 636 1279 καθολικὴ
668 1206 764 1259 τοῦ
796 1204 933 1258 Θεοῦ
957 1238 968 1251 ι
992 1203 1310 1274 Ἐκκλησία,
1340 1202 1502 1256 τοῦτο
1530 1205 1649 1258 νυνὶ
1692 1203 1889 1273 διαφυ-

294 1302 509 1365 λάττει,
535 1302 592 1353 ἐν
624 1299 703 1369 τῷ
734 1299 837 1368 τῆς
868 1297 1081 1370 πρωῖας
1119 1295 1295 1367 καιρῷ
1325 1294 1422 1368 τὴν
1455 1296 1609 1368 ἱερὰν
1658 1298 1753 1350 καὶ
1786 1315 1888 1350 κα-

297 1392 476 1464 θαρὰν
507 1392 602 1445 καὶ
625 1390 963 1461 ἀναίμακτον
982 1387 1173 1441 Θυσίαν
1198 1386 1637 1458 μυσταγωγοῦσα
1659 1387 1755 1441 καὶ
1783 1386 1884 1460 τὴν

293 1484 395 1539 τοῦ
428 1483 695 1554 παναγίου
714 1481 1033 1551 Πνεύματος
1055 1479 1217 1551 χάριν
1241 1479 1598 1550 ἐκδεχομένη.

820 1569 1158 1625 ΕΡΩΤΗΣΙΣ
1210 1568 1355 1622 ΤΙΖ’.

1995 476 2279 529 vesperam
2361 462 2506 532 quod
2589 463 2841 534 legitimae
2900 476 3020 522 erat
3095 467 3332 523 victimae
3417 468 3587 543 ﬁgura

1998 550 2262 607 lsraelitis
2302 562 2673 626 ortygometra
2719 556 3093 613 tliﬂ‘erebatur.
3158 557 3363 615 Eodem
3417 562 3584 617 modo

1996 661 2103 699 non
2147 660 2177 700 a
2225 645 2589 715 conjiciendis
2641 646 2965 704 abhorreret
3023 650 3117 719 qui
3175 650 3283 706 hoc
3337 662 3589 707 censeret

1992 737 2447 809 praenuntiavisse
2489 738 2648 792 ﬁdem
2683 736 2740 793 in
2789 738 3092 794 Christum.
3136 739 3351 812 Corpus
3401 752 3585 797 autem

1995 828 2203 885 Christi
2228 829 2375 899 quod
2417 838 2704 900 postquam
2754 830 2988 901 cepisset
3038 831 3291 889 Christus
3332 831 3587 889 Salvator

1993 933 2185 980 noster
2205 922 2492 993 discipulis
2508 922 2655 978 dedit
2679 923 2905 979 dicens:
2930 942 2948 976 ι
2962 922 3245 981 Comedite
3266 941 3459 981 omnes
3478 924 3545 981 ⁸⁸.
3561 946 3580 979 ι

1994 1020 2052 1075 Si
2093 1020 2217 1088 quis
2246 1017 2650 1089 praetiguratum
2679 1033 2798 1072 esse
2827 1033 3025 1073 manna
3060 1018 3287 1086 diceret,
3339 1028 3590 1075 censeret

1993 1128 2197 1167 manna
2222 1112 2422 1167 merito
2447 1110 2706 1165 lsraelitis
2732 1125 2893 1165 mane
2918 1111 3143 1166 allatum
3166 1126 3321 1179 esse;
3350 1128 3586 1182 namque

1996 1204 2265 1260 catholica
2319 1203 2416 1258 Dei
2467 1203 2712 1258 Ecclesia
2765 1218 2974 1258 morem
3010 1205 3157 1261 hunc
3205 1206 3367 1262 hodie
3416 1205 3584 1261 etiam

1995 1296 2250 1352 observat
2280 1311 2406 1350 cum
2442 1311 2603 1351 mane
2629 1306 2877 1350 sanctum
2913 1312 3217 1368 purumque
3247 1307 3303 1354 et
3332 1298 3587 1353 incruen-

1992 1395 2108 1440 tum
2175 1386 2507 1442 sacriﬁcium
2580 1386 2861 1454 celebret,
2939 1397 3162 1458 accepta
3244 1392 3586 1448 sanctissimi

1991 1480 2228 1551 Spiritus
2254 1481 2453 1553 gratia.

2467 1575 2792 1643 QUIESTIO
2821 1574 3120 1632 CCCXVII.

1011 1690 1157 1741 Edita
1189 1703 1215 1739 a
1247 1690 1374 1740 Maio
1407 1690 1463 1755 (l.
1496 1703 1543 1741 c.
1574 1704 1625 1753 p.
1658 1689 1768 1752 156,
1804 1690 1913 1755 157,
1942 1706 1994 1743 ιι.
2026 1692 2162 1760 3-H).
2199 1722 2260 1732 —
2298 1696 2354 1746 In
2386 1695 2510 1746 Gen.
2542 1710 2661 1759 xvu,
2693 1698 2723 1746 2
2752 1711 2892 1760 seqq.

386 1783 481 1837 Ἐν
509 1780 693 1848 μέντοι
723 1779 820 1849 τῷ·
851 1799 869 1832 ι
897 1778 1061 1849 Θήσω
1077 1778 1173 1849 τὴν
1189 1777 1457 1847 διαθήκην
1480 1794 1579 1848 μου
1602 1776 1705 1831 ἀνὰ
1725 1776 1885 1848 μέσον

2062 1779 2121 1834 ln
2151 1782 2256 1836 hoc
2284 1784 2472 1849 verbo,
2517 1801 2535 1834 ι
2569 1782 2817 1838 Statuam
2850 1794 3070 1854 pactum
3101 1800 3282 1841 meum
3314 1784 3459 1842 inter
3490 1801 3581 1841 me

296 1873 438 1947 ἐμοῦ
471 1873 566 1925 καὶ
586 1870 682 1924 σοῦ
711 1888 730 1923 ι
756 1869 891 1941 πρὸς
908 1869 999 1922 τὸν
1027 1868 1279 1940 Ἀϐραὰμ
1303 1869 1598 1939 εἰρημένῳ,
1621 1868 1887 1939 διαθήκην

300 1969 403 2039 μὲν
428 1966 496 2020 τὰ
528 1965 623 2025 νῦν
647 1964 747 2035 τὴν
778 1963 1081 2033 περιτομὴν
1106 1960 1276 2033 δηλοῖ·
1312 1960 1375 2014 τὺ
1406 1961 1487 2025 δὲ,
1517 1980 1536 2013 ι
1562 1961 1687 2016 Ἀνὰ
1717 1962 1887 2031 μέσον

298 2058 438 2130 ἐμοῦ
464 2058 560 2112 καὶ
591 2056 708 2123 σοῦ,
738 2057 820 2109 ὃτι
848 2054 996 2125 Αὕτη
1018 2054 1125 2124 ἐμὴ
1154 2053 1392 2124 διαθήκη
1435 2053 1747 2123 pecuaria-5;
1778 2057 1887 2123 ἀμ-

295 2157 422 2222 φοῖν
480 2150 821 2219 ἀναμεταξὺ,
867 2148 951 2201 ὅτι
1002 2146 1255 2217 ἀψευδεῖς
1320 2163 1404 2199 σοι
1455 2148 1508 2199 αἱ
1566 2146 1696 2217 παρ’
1743 2146 1879 2218 ἐμοῦ

295 2247 515 2299 ἔσονται
543 2245 890 2313 ἐπαγγελίαν
906 2263 925 2296 ι
947 2242 1173 2297 δύναται
1192 2242 1342 2308 δὲτὸ,
1369 2262 1387 2295 ‹
1411 2242 1538 2296 Ἀνὰ
1556 2243 1721 2313 μέσον
1749 2242 1886 2313 ἐμοῦ

295 2340 396 2391 καὶ
428 2337 524 2391 σοῦ
556 2357 575 2390 ι
599 2338 694 2391 καὶ¹
718 2338 981 2409 χρονικήν
1005 2353 1128 2389 τινα
1149 2336 1461 2406 παράτασιν
1492 2334 1596 2388 ὐπε
1606 2335 1804 2406 μφαίνε
1815 2352 1885 2403 ιν,

295 2428 396 2482 καὶ
446 2426 653 2496 ταύτην
698 2426 753 2480 εί
794 2444 879 2490 τις
938 2426 1130 2497 ἔμελλε
1186 2428 1253 2497 τῇ
1286 2427 1588 2497 Γ’περιτομῆ
1628 2443 1883 2498 παραμε-

294 2520 571 2591 τρεῖσθαι,
602 2520 829 2574 ὡσανεί’
861 2520 920 2573 ’0
945 2519 1043 2591 τὴν
1065 2519 1200 2589 πρὸς
1232 2520 1290 2573 σὲ
1312 2520 1432 2573 νυνὶ
1457 2519 1726 2591 διαθήκην
1758 2536 1887 2572 συν-

299 2614 455 2676 ιστὰς
522 2611 656 2681 ἐγὼ,
692 2611 848 2665 ἔσται
874 2613 962 2665 ὅτε
995 2614 1300 2683 γενήσομαι
1344 2611 1636 2683 ἄνθρωπος
1667 2627 1680 2641 ·
1709 2610 1808 2665 καὶ
1850 2612 1885 2682 ἡ

294 2704 530 2775 διαθήκη
567 2721 666 2775 μου
701 2703 841 2776 αῦτη
872 2704 993 2773 ἦτοι
1020 2705 1054 2775 ἡ
1088 2703 1361 2775 περιτομὴ
1395 2703 1503 2757 ἀπὸ
1530 2702 1624 2757 σοῦ
1653 2703 1754 2774 τὴν
1784 2704 1889 2775 ἀρ-

296 2795 401 2868 χὴν
424 2794 686 2860 λαϐοῦσα,
726 2795 920 2867 μέχρις
959 2794 1095 2866 ἐμοῦ
1128 2794 1548 2865 διακρατήσασα
1574 2792 1727 2864 λήξει
1751 2810 1766 2825 ο
1791 2792 1889 2849 καὶ

295 2885 427 2956 γὰρ]
473 2886 613 2956 μετὰ
646 2883 746 2955 τὴν
798 2884 1104 2956 περιτομὴν
1146 2884 1241 2937 τοῦ
1289 2883 1563 2937 Δεσπότου
1622 2880 1884 2953 Χριστοῦ,

295 2977 484 3031 οὐκέτι
514 2975 698 3047 χώραν
741 2975 899 3046 ἔσχεν
930 2978 988 3046 νὴ
1037 2974 1180 3029 κατὰ
1242 2976 1408 3046 νόμον
1465 2973 1737 3045 γενομένη
1788 2974 1888 3045 τῆς

294 3066 662 3139 ἀκροϐυστίας
691 3065 962 3138 περιτομή
985 3064 1134 3119 ’ἀλλ’
1165 3065 1280 3117 ὅσοι
1315 3062 1766 3135 περιετμήθησαν
1792 3065 1889 3116 καὶ

1987 1879 2043 1926 et
2070 1880 2141 1939 te,
2182 1890 2200 1923 ›
2225 1870 2501 1928 Abraham
2533 1873 2701 1939 dicto,
2730 1876 2871 1930 Deus
2905 1875 3150 1930 ostendit
3185 1875 3329 1945 pacti
3356 1876 3578 1945 quidem

1988 1962 2071 2017 sui
2102 1963 2318 2033 signum
2352 1980 2478 2019 esse
2506 1966 3011 2020 circumcisionem.
3054 1964 3169 2020 Hoc
3198 1981 3352 2032 vero,
3384 1984 3402 2017 ι
3434 1966 3583 2021 Inter

1990 2068 2076 2109 me
2105 2063 2159 2109 et
2182 2065 2253 2119 te,
2282 2075 2301 2109 ι
2331 2056 2475 2112 hanc
2504 2057 2612 2110 vim
2647 2057 2810 2112 habet
2838 2075 2852 2110 :
2890 2074 2907 2107 ι
2942 2054 3125 2127 Ipsum
3152 2071 3334 2112 meum
3362 2065 3580 2126 pactum

1989 2150 2044 2204 in
2071 2152 2252 2207 medio
2290 2153 2397 2208 erit
2445 2153 2585 2208 inter
2619 2169 2721 2209 nos
2770 2154 3031 2224 quoniam
3078 2168 3213 2207 mete
3265 2168 3386 2207 non‘
3421 2162 3583 2208 erunt

1989 2242 2142 2299 falsae
2171 2246 2590 2315 promissiones.
2620 2265 2639 2298 ι
2689 2244 2879 2302 Potest
2904 2261 3124 2315 quoque
3150 2246 3253 2299 hoc
3280 2263 3297 2295 ι
3326 2242 3468 2297 lnter
3492 2258 3581 2296 me

1988 2342 2045 2391 et
2076 2344 2129 2390 te
2166 2354 2184 2387 ι
2222 2338 2455 2406 spatium
2510 2338 2777 2406 temporis
2817 2336 3127 2406 designare,
3158 2334 3325 2402 quod,
3377 2333 3420 2387 si
3454 2332 3581 2402 quis

1988 2429 2120 2483 velit
2153 2429 2575 2484 circumcisione
2602 2429 2808 2491 metiri,
2839 2428 3126 2482 habebitur
3154 2427 3296 2481 Deus
3326 2427 3439 2480 haec
3464 2423 3580 2480 fere

1988 2518 2180 2574 dicens
2214 2516 2480 2573 :Pactum
2517 2519 2660 2588 quod
2691 2532 2793 2589 ego
2826 2516 3003 2587 pepigi
3050 2524 3228 2571 tecum
3272 2514 3378 2568 erit
3402 2528 3579 2583 usque

1989 2606 2056 2661 ad
2077 2614 2292 2678 tempus
2319 2623 2427 2678 quo
2459 2609 2624 2663 homo
2655 2611 2802 2662 ﬁam.
2838 2608 2904 2661 Et
2936 2622 3118 2662 meum
3144 2614 3386 2676 pactum,
3420 2604 3577 2660 scili-

1988 2712 2074 2757 cet
2108 2703 2456 2759 circumcisio
2507 2719 2631 2774 quae
2682 2719 2713 2758 a
2761 2712 2816 2757 te
2869 2703 3093 2773 incipiet
3147 2716 3321 2771 usque
3375 2702 3440 2754 ad
3489 2715 3577 2756 me

1988 2796 2213 2866 vigebit.
2282 2795 2494 2851 Etenim
2557 2804 2681 2866 post
2746 2795 2959 2850 Domini
3020 2795 3226 2851 Christi
3281 2795 3576 2849 circumci-

1989 2884 2225 2951 sionem,
2253 2887 2459 2941 nullam
2488 2886 2604 2956 jam
2643 2885 2835 2941 habuit
2864 2886 3042 2941 locum
3086 2884 3336 2954 praeputii
3375 2898 3574 2938 secun~

1989 2978 2119 3032 dum
2151 2977 2324 3048 legem
2348 2978 2722 3034 circumcisio.
2750 2978 2854 3033 Sed
2885 2992 3050 3047 quam
3079 2976 3237 3031 multi
3267 2974 3578 3031 circumcisi

1991 3077 2120 3126 sunt
2145 3077 2254 3123 tam
2286 3070 2439 3123 multi
2465 3077 2656 3124 contra
2697 3070 2906 3140 legem;
2946 3069 3061 3122 hazc
3103 3077 3286 3121 autem
3338 3067 3577 3121 circum-

297 3161 748 3233 παρανομοῦντες
776 3160 1257 3233 περιετμήθησαν·
1278 3161 1312 3231 ἡ
1341 3160 1399 3212 δὲ
1431 3160 1583 3231 παρὰ
1603 3157 1724 3229 Θεῷ
1754 3157 1885 3230 ὠρι-

1999 3161 2130 3219 cisio
2162 3177 2194 3216 a
2224 3160 2336 3217 Deo
2365 3160 2631 3231 praeﬁnita
2654 3161 2707 3216 in
2739 3162 2858 3232 ipso
2894 3160 3112 3215 Christo
3145 3161 3308 3215 ﬁnem
3342 3160 3526 3214 habet.

300 3255 477 3327 σμένη
514 3254 786 3325 περιτομὴ
810 3255 869 3307 ἐν
913 3253 1063 3325 αὐτῷ
1083 3254 1361 3307 πέπαυται
1389 3251 1467 3324 τῷ
1498 3250 1741 3323 Χριστῷ.

822 3367 1160 3421 ΕΡΩΊἮΣΙΣ
1193 3367 1349 3421 TIH'.

297 3462 405 3517 Διὰ
436 3460 495 3515 τί
521 3459 891 3527 ἐπετίμησεν
915 3464 947 3514 ό
991 3458 1233 3528 Ἰησοῦς
1262 3456 1343 3523 τῷ
1371 3458 1589 3527 Πέτρῳ,
1648 3459 1756 3513 τὸν
1786 3458 1888 3513 θά-

619 3549 807 3585 νατον
841 3530 1406 3600 δυσανασχετοῦντι
1438 3531 1513 3601 (1)
1540 3546 1554 3595 ;

2107 3361 2437 3430 ρυιεδτιο
2475 3362 2777 3419 CCCXVIII
2821 3364 3008 3437 [00551.
3053 3364 3216 3419 Taur.
3256 3362 3469 3435 XCIII].

1991 3451 2169 3520 Quare
2198 3450 2361 3508 Jesus
2408 3450 2655 3536 Petrum.
2697 3464 2950 3582 mortem?
2968 3456 3083 3525 ejus
3126 3471 3263 3525 aegre
3305 3455 3577 3523 ferentem,

2286 3560 2289 3561 ν
2620 3536 2910 3582 mcrenavtt

2286 3560 2289 3561 ν
2620 3536 2910 3596 mcrepavtt

669 3649 927 3702 Editarum
952 3664 981 3699 a
1002 3648 1176 3699 Wolﬁo
1196 3648 1575 3713 quadragesima
1593 3648 1768 3709 quinta
1798 3646 1885 3711 (Cu

1999 3640 2173 3705 ’Iu'loL,
2197 3646 2239 3694 t.
2259 3643 2321 3705 V,
2354 3658 2404 3708 p.
2430 3645 2542 3697 684.
2572 3646 2778 3697 Galland
2819 3661 2871 3710 p.
2903 3646 3013 3708 706,
3038 3646 3182 3710 n.9).

378 3739 620 3811 Ὀτιπερ
652 3739 702 3792 εί
758 3738 852 3791 καὶ
886 3736 1096 3809 φίλτρῳ
1131 3734 1328 3800 ζέοντι,
1384 3736 1479 3788 καὶ
1528 3736 1733 3804 στοργῇ
1788 3733 1888 3803 ἐμ-

298 3833 465 3903 πύρῳ
490 3831 667 3885 ἐδόκει
696 3830 1038 3901 προαγαγεῖν
1082 3828 1143 3882 τὸ
1193 3828 1370 3899 ῥῆμα,
1402 3826 1517 3880 ἀλλ’
1546 3824 1641 3879 οῦν
1689 3824 1887 3896 ἡδονὴν

298 3926 498 3995 ἔφερεν
544 3925 624 3994 τῷ
672 3922 930 3992 διαϐόλῳ.
966 3921 1074 3975 Τοῦ
1106 3920 1215 3992 γὰρ
1253 3920 1330 3992 μὴ
1369 3918 1564 3973 παθεῖν
1609 3918 1702 3971 τὸν
1749 3919 1887 3990 Χρι-

305 4018 457 4083 στὸν,
502 4016 697 4086 κέρδος
743 4010 811 4085 ἦν
863 4014 1123 4085 μέγιστον
1150 4012 1229 4083 τῷ
1258 4013 1505 4084 Σατανᾷ,
1555 4011 1653 4065 ἆτε
1696 4010 1760 4081 δὴ
1788 4010 1888 4081 τῆς

299 4109 412 4163 τῶν
483 4108 791 4178 ἀνθρώπων
841 4104 1159 4177 τυραννίδος
1212 4105 1312 4159 οὐκ
1366 4105 1728 4175 ἐξισταμένῳ.
1788 4103 1885 4156 Διὰ

293 4199 458 4253 τοῦτο
486 4197 581 4251 οῦν
610 4198 704 4250 καὶ
733 4199 768 4267 ή
820 4195 1143 4266 ἐπιτίμησις
1183 4194 1369 4265 λέγει·
1404 4214 1423 4249 ι
1458 4196 1676 4265 ’Υπαγε
1711 4194 1886 4249 ὀπίσω

304 4308 433 4364 μου,
460 4289 700 4357 Σατανᾶ,
736 4287 874 4344 διότι
902 4287 964 4342 οὐ
997 4288 1216 4359 φρονεῖς
1238 4288 1307 4341 τὰ
1331 4284 1426 4340 τοῦ
1458 4285 1617 4342 Θεοῦ.
1658 4304 1679 4338 ι

2059 3729 2248 3786 Causa
2293 3732 2371 3785 rei
2402 3732 2520 3787 haec
2550 3741 2654 3796 est,
2689 3734 2859 3802 quod,
2894 3734 3148 3802 quamvis
3176 3748 3243 3787 ex
3279 3733 3455 3789 calido
3489 3734 3577 3788 af-

1993 3817 2145 3875 fectu
2176 3828 2232 3875 et
2261 3835 2454 3877 amore
2485 3820 2734 3876 fervente
2778 3822 2851 3876 ita
2877 3823 3026 3893 loqui
3053 3823 3350 3892 videretur,
3384 3826 3575 3880 eadem

1991 3913 2175 3960 tamen
2241 3923 2409 3978 Opera
2465 3908 2687 3965 diabolo
2728 3920 2943 3980 gratum
2996 3911 3251 3968 faciebat.
3294 3914 3576 3969 Christum

1984 3997 2139 4049 enim
2183 4012 2293 4052 non
2338 3999 2572 4069 perpeti,
2632 4000 2932 4054 maximum
2984 4001 3197 4056 lucrum
3244 4004 3577 4059 conciliabat

1988 4084 2229 4155 Satanae,
2282 4088 2350 4146 de
2401 4097 2675 4160 potestate
2729 4106 2830 4146 sua
2877 4092 2935 4147 in
2990 4093 3243 4150 homines
3288 4112 3572 4166 nunquam

1968 4176 2231 4249 alioquin
2288 4179 2656 4237 delurbando.
2709 4183 3004 4253 Propterea
3054 4187 3217 4240 etiam
3272 4188 3575 4258 increpatio

1990 4267 2064 4323 ita
2126 4270 2403 4327 habebat:
2440 4290 2459 4325 ι
2500 4271 2836 4342 Retrocede,
2906 4273 3145 4346 Satana,
3196 4293 3373 4350 neque
3422 4280 3571 4336 enim

1991 4360 2138 4430 sapis
2169 4377 2253 4429 ea,
2286 4378 2409 4433 qua:
2436 4363 2534 4420 Dei
2566 4364 2785 4421 sunt”.
2818 4367 2858 4436 ιι

1285 4460 1615 4530 QUASSTIO
1664 4464 1919 4522 CCCXIX
1977 4471 2164 4545 [CoisL
2208 4477 2367 4533 Taur.
2408 4477 2615 4552 XCIV].

1407 4554 1487 4609 De
1513 4555 1793 4610 Absalomi
1822 4560 2099 4620 seditione.
2130 4597 2195 4609 -—
2226 4569 2458 4626 lnedita.

303 4658 363 4713 Τί
400 4656 684 4725 σημαίνει
730 4651 771 4720 ἡ
820 4650 927 4707 τοῦ
951 4649 1288 4775 ὲΛόσ-αλὼμ
1317 4648 1399 4715 τῷ
1430 4652 1609 4719 πατρὶ
1652 4653 1872 4710 ἐπανά-

997 4739 1202 4775 tame:

997 4739 1170 4787 τασις
1182 4739 1202 4788 ;

368 4816 482 4886 Τὴν
525 4815 636 4867 τῶν
684 4812 958 4868 Ἰουδαίων
1005 4811 1264 4878 εἰκονίζει
1307 4813 1449 4868 κατὰ
1476 4814 1570 4869 τοῦ
1622 4816 1876 4890 Σωτῆρος

297 4907 684 4962 ἐπανάστασιν.

850 4995 1189 5050 ΕΡΩΤΗΣΙΣ
1217 4996 1347 5052 TK'.

302 5086 434 5173 Πῷς
474 5086 552 5173 (2)
582 5087 1019 5173 ἐντελαίόμενος
1044 5091 1075 5141 ὁ
1101 5087 1586 5173 ’Σωτὴρηπάροτας
1613 5090 1874 5173 ἁγᾳπᾷη,

368 5158 662 5211 ἐπιτάττει
720 5159 972 5227 πέμπων
1021 5158 1164 5229 τοὺς
1223 5160 1493 5227 μαθητὰς
1531 5163 1618 5227 εὶς
1651 5158 1718 5215 τὸ
1772 5158 1879 5229 πή-

363 5244 583 5297 purga,
603 5228 838 5297 μηδένα
863 5227 1236 5288 ἀσπάζεσθαι
1274 5228 1424 5282 κατὰ
1466 5230 1581 5299 τὴν
1611 5232 1793 5298 ὀδόν;

2058 4661 2200 4727 Quid
2227 4666 2500 4736 signiﬁcat
2542 4669 2820 4723 Absalomi
2861 4680 3049 4725 contra
3090 4683 3296 4740 patrem
3336 4674 3570 4731 seditio?

2056 4814 2283 4884 Figurat
2330 4818 2647 4877 Judmorum
2723 4827 3047 4882 seditionem
3112 4838 3306 4884 contra
3375 4832 3569 4888 Salva-

1983 4914 2158 4964 torem
2198 4951 2211 4964 .
2249 4950 2263 4965 .
2302 4949 2316 4965 ο

2124 5001 2454 5068 QUIESTIO
2492 5005 2722 5062 CCCXX
2765 5007 2957 5080 [CoisL
3015 5009 3181 5066 Taur.
3223 5013 3409 5087 XCV].

1987 5093 2567 5177 Quo-modo‘Salvator
2627 5112 2849 5177 noster,
2898 5119 3077 5157 omnes
3119 5123 3300 5161 antare
3338 5110 3567 5177 jubr’ns,

2059 5164 2353 5249 discipulos
2395 5179 2569 5223 tamen
2614 5174 2849 5249 suos_ad
2889 5176 3299 5249 prwdiequdum
3333 5164 3568 5249 mittens;

2060 5244 2323 5306 prwcipit,
2361 5255 2424 5293 ne
2450 5257 2603 5309 quem
2636 5244 2692 5294 in
2721 5244 2804 5296 ria
2833 5245 3064 5297 salutent
3085 5246 3167 5298 "1’

513 5342 767 5392 Editarum
801 5358 827 5392 a
855 5342 1036 5393 Wolﬁo
1068 5344 1441 5405 quadragesima
1476 5351 1618 5395 sexta
1653 5348 1794 5409 (Cur.
1816 5348 2099 5409 Philol.,~t.
2136 5350 2197 5410 ν,
2234 5365 2284 5414 p.
2319 5352 2429 5403 68L
2466 5355 2691 5405 Galland.
2727 5369 2778 5418 p.
2814 5357 2924 5417 706,
2959 5372 3010 5409 ιι.
3052 5359 3131 5417 10,
3160 5374 3210 5422 q.
3246 5362 3349 5422 9t).

375 5426 547 5492 Ἔδει,
606 5428 688 5480 ὅτι
755 5428 857 5480 οὐκ
912 5426 1058 5480 ἔστιν
1111 5426 1329 5480 ἐναντία
1387 5428 1558 5482 ταῦτα
1607 5430 1872 5502 ἀλλήλων.

374 5567 417 5599 ³⁸
448 5565 638 5621 Matth.
680 5582 828 5631 xxvt,
865 5566 953 5620 26.
1032 5568 1075 5598 ³ο
1114 5564 1307 5622 Matth.
1352 5570 1569 5630 “595.

2060 5432 2317 5527 Noverat,
2348 5452 2407 5491 ea
2442 5439 2545 5493 sibi
2570 5440 2801 5496 invicem
2825 5456 2932 5496 non
2961 5443 3259 5500 adversari.
3291 5447 3570 5518 Amplexi.

1650 5572 1692 5600 ’θ
1725 5569 1854 5623 Luc.
1887 5590 1938 5637 χ,
1983 5574 2035 5627 4.

1780 5688 2014 5745 NOTAE.

374 5775 453 5845 (ι)
489 5774 650 5833 Deest
678 5777 733 5833 in
762 5779 884 5834 cod.
913 5778 1069 5835 Colb.

2070 5786 2141 5856 ('2)
2180 5787 2523 5849 Desideratur
2551 5801 2603 5850 ct
2638 5794 2741 5851 hoc
2770 5811 3090 5870 responsum
3118 5797 3172 5854 in
3196 5798 3353 5857 Colb.
