3904 6218
471 183 604 250 1191

1645 190 1907 250 ΡΗΟΤΙΙ
1939 191 2444 253 PATRIARCILE
2482 195 2592 256 CP.

3599 197 3732 264 1192

467 315 612 364 nem,
647 301 790 369 quod
819 313 880 354 ea
919 300 1127 355 nullum
1161 298 1325 353 ofﬁcii
1373 315 1543 370 genus
1571 339 1585 366 ,
1617 315 1728 370 quo
1762 302 2039 356 honestam

2164 303 2467 376 Παρθένον,
2518 305 2593 368 ὡς
2647 303 2963 373 φυλάξασαν
3020 309 3200 363 πάντα
3246 310 3316 364 τὰ
3367 311 3440 382 τῇ
3500 312 3733 384 σώφρονι

463 402 771 446 matronam
801 392 1066 446 adversus
1099 393 1274 446 virum
1315 407 1475 447 suum
1513 392 1665 462 fungi
1697 394 1871 458 decet,
1918 407 2046 464 erga

463 498 586 536 cum
620 484 1028 551 praetermiserit
1058 483 1158 554 (2).

501 595 650 661 Quod
682 596 820 649 enim
851 595 989 649 inea
1021 606 1201 649 natum
1227 606 1336 662 est,
1368 596 1430 649 de
1463 594 1666 650 Spiritu
1695 603 1877 649 saneto
1916 604 2012 647 est.

537 795 738 849 Photii.
772 795 850 848 Ad
895 809 990 849 eos
1023 793 1117 864 qui
1157 793 1294 848 forte
1317 804 1566 863 quaerant
1594 794 1948 864 quamobrem
1981 809 2045 849 ex

466 886 671 956 Spiritu
725 896 917 941 sancto
963 895 1260 953 conceptus
1317 887 1532 940 dicatur
1589 885 1840 940 Christus
1891 901 2045 939 :non

462 979 607 1031 enim
626 976 799 1030 Filius
825 975 1080 1044 Spiritus,
1106 974 1199 1028 sed
1222 973 1398 1028 Patris
1417 973 1671 1030 Christus
1703 993 1715 1029 :
1745 975 1823 1029 sic
1849 989 2044 1030 occur-

477 1070 642 1132 ritur,
684 1067 945 1137 Spiritum
993 1066 1097 1119 dici
1134 1066 1388 1119 deitatem
1424 1065 1845 1136 omnem,juxta
1899 1064 2045 1136 quod

467 1161 714 1214 Salvator
739 1159 813 1212 ait
848 1177 860 1212 :
902 1155 1135 1225 Spiritus
1185 1166 1262 1210 est
1303 1156 1467 1224 Deus,
1489 1168 1537 1211 et
1579 1174 1664 1212 eos
1691 1160 1783 1228 qui
1819 1157 2045 1212 adorant

462 1253 658 1321 ipsum,
678 1253 731 1304 in
759 1250 960 1319 Spiritu
982 1258 1031 1302 et
1067 1249 1282 1302 veritate
1315 1259 1515 1318 oportet
1544 1249 1789 1303 adorare.
1822 1248 2046 1319 Proprie

463 1351 643 1395 tamen
693 1347 746 1393 et
776 1338 1128 1393 notionaliter
1162 1338 1364 1392 dicitur
1404 1339 1642 1408 Spiritus
1679 1347 1902 1394 sanctus
1937 1353 2041 1390 una

463 1448 693 1502 persona
726 1430 1031 1483 Trinitatis.
1087 1429 1358 1483 Caeterum
1417 1429 1521 1484 hoc
1579 1429 1702 1484 loco
1756 1430 2043 1483 mentione

463 1521 697 1586 Spiritus
730 1521 906 1575 sancti
934 1519 1060 1573 licet
1089 1519 1390 1588 intelligere
1418 1519 1676 1572 virtutem
1703 1518 1848 1572 Filii.
1902 1517 2039 1573 Nam

459 1625 512 1667 et
537 1615 706 1669 Filius
728 1612 962 1682 Spiritus
979 1621 1230 1675 vocatur,
1251 1620 1436 1681 utpote
1461 1610 1623 1665 Deus.
1648 1610 1830 1664 Mirari
1854 1622 2038 1666 autem

2151 397 2370 462 γυναικὶ
2405 397 2684 468 πρέποντα
2715 397 2855 470 πρὸς
2886 397 2975 453 τὸν
3003 401 3204 472 ἑαυτῆς
3233 401 3488 472 σύζυγον.

2156 599 2224 653 Τὸ
2266 597 2378 669 γὰρ
2428 599 2500 654 ἐν
2542 599 2698 670 αὐτῇ
2723 603 3041 725 γεννῃῆὲν,
3081 603 3150 658 ἐκ
3187 603 3543 674 Πνεύματός
3569 604 3736 659 ἐστιν

2848 689 3042 725 αγου.

2848 689 3042 743 αγιου.

2220 781 2467 842 Φωτὶου.
2518 785 2664 858 Πρὸς
2699 789 2826 850 τοὺς
2865 787 3124 856 λέγοντας
3164 787 3284 851 πῶς
3319 788 3386 840 ὲκ
3417 786 3735 858 Πνεύματος

2149 879 2307 946 ἁγίου
2342 880 2375 949 ἡ
2405 879 2602 950 κύησις
2639 896 2653 908 ·
2708 880 2769 932 οὐ
2805 880 2912 950 γάρ
2951 882 3099 932 ἐστιν
3127 880 3157 932 ὁ
3187 878 3423 950 Χριστὸς
3470 878 3606 940 Υἱὸς
3644 878 3735 931 τοῦ

2150 971 2486 1042 Πνεύματος,
2520 972 2654 1025 ἀλλὰ
2685 972 2778 1025 τοῦ
2810 973 3020 1043 Πατρός
3043 989 3058 1004 ο
3111 970 3255 1024 ἔστιν
3287 972 3463 1024 εἰπεῖν
3489 986 3505 1002 ⁸
3538 971 3625 1024 ὅτι
3653 970 3737 1023 λέ-

2148 1080 2304 1132 γεται
2351 1063 2575 1133 Πνεῦμα
2620 1065 2770 1116 πᾶσα
2815 1064 3097 1135 ήθεύτης,
3135 1061 3210 1125 ὥς
3240 1080 3375 1133 φησι
3415 1065 3444 1116 ὁ
3499 1063 3734 1132 Σωτήρο

2148 1154 2392 1223 Πνεῦμα
2423 1157 2456 1207 ὁ
2490 1153 2777 1220 Θεὸς-,ἵκοι
2818 1154 2962 1220 τοὺς
2998 1154 3509 1222 προσκυνοῦντας
3553 1152 3740 1205 αὐτόν·

2146 1243 2215 1296 ἐν
2243 1244 2537 1312 Πνεύματι
2563 1242 2661 1296 καὶ
2687 1242 2936 1310 ἀληθείᾳ
2965 1242 3056 1296 δεῖ
3077 1246 3471 1311 προσκυνεῖν.
3505 1240 3736 1308 Λέγεται

2145 1335 2202 1389 δὲ
2237 1335 2380 1398 ἰδίως
2413 1335 2505 1388 καὶ
2535 1334 2596 1386 τὸ
2650 1333 2876 1403 Πνεῦμα
2907 1333 2966 1386 τὸ
2997 1334 3150 1401 ἅγιον
3170 1374 3185 1398 ,
3229 1333 3515 1386 τουτέστιν
3560 1335 3595 1402 ἡ
3644 1333 3736 1401 μία

2146 1427 2444 1490 ὑπόστασις
2473 1442 2487 1455 ⁸
2537 1425 2730 1478 οὐκοῦν
2773 1427 2867 1479 καὶ
2911 1425 3138 1496 Πνεῦμα
3173 1425 3328 1494 ἅγιον
3391 1424 3736 1493 ἐπινοῆσαι

2145 1521 2240 1574 καὶ
2291 1521 2389 1592 τὴν
2431 1519 2526 1573 τοῦ
2581 1518 2711 1572 Υίοῦ
2766 1519 3034 1589 δύναμινο
3090 1519 3183 1570 καὶ
3227 1518 3340 1586 γὰρ
3387 1513 3487 1568 καὶ
3535 1516 3565 1567 6
3615 1514 3736 1574 Tib;

2147 1615 2372 1686 Πνεῦμα
2404 1615 2674 1679 καλεῖται,
2711 1613 2847 1667 καθὸ
2874 1614 3007 1676 Θεός
3041 1625 3056 1641 ⁸
3112 1613 3172 1665 οὐ
3210 1613 3288 1665 δεῖ
3321 1612 3380 1664 δὲ
3408 1609 3694 1678 θαυμάσαι
3716 1623 3731 1636 ·

463 1722 569 1760 non
602 1714 835 1773 oportet.
860 1704 960 1770 Qui
987 1703 1130 1756 enim
1149 1715 1214 1755 ex
1236 1717 1344 1756 uno
1373 1702 1491 1756 viro
1518 1702 1706 1755 eduxit
1729 1702 2036 1764 mulierem,

2164 1708 2222 1778 τῷ
2250 1709 2360 1778 γὰρ
2411 1710 2476 1762 ἐκ
2523 1707 2686 1779 μόνου
2716 1705 2813 1759 τοῦ
2859 1705 3052 1776 ἀνδρὸς
3100 1705 3423 1773 ὲξαγαγόντι
3472 1705 3731 1770 γυναῖκα,

459 1797 649 1866 quidni
680 1796 850 1865 possit
880 1796 1021 1850 idem
1051 1811 1114 1851 ex
1146 1809 1252 1850 uua
1290 1807 1510 1863 quoque
1535 1792 1762 1847 muliere
1792 1807 2028 1863 puerum

459 1889 691 1941 educere
722 1888 796 1958 (5)
816 1887 839 1940 ?

463 1998 621 2052 Vnus.
649 1999 738 2052 2'2.
773 1997 885 2051 Hoc
909 2009 1082 2052 autent
1122 2007 1288 2051 totum
1319 1998 1516 2066 factum
1541 2005 1638 2060 est,
1674 2005 1730 2050 ut
1774 1996 2042 2067 adimple-

522 2079 668 2122 retur
693 2069 830 2138 quod
857 2069 1058 2122 dictum
1083 2074 1159 2122 est
1197 2085 1231 2123 a
1263 2068 1491 2122 Domino
1519 2083 1609 2137 per
1631 2068 1968 2138 prophetam.

533 2179 737 2234 Photii.
770 2178 996 2234 Comma
1029 2180 1169 2234 istud
1213 2180 1294 2234 sic
1326 2195 1386 2234 se
1423 2179 1632 2234 habens
1664 2197 1676 2232 :
1716 2178 1829 2231 [loc
1865 2189 2043 2231 autem

463 2277 628 2321 totum
657 2268 856 2336 factum
880 2276 977 2332 est,
1009 2275 1110 2321 etc.
1145 2267 1360 2322 cuinam
1396 2267 1742 2320 tribuendum
1797 2279 2044 2334 persona:

461 2362 584 2417 est?
609 2362 905 2432 Augelone,
935 2377 1002 2414 an
1049 2359 1445 2429 evangelista?
1470 2359 1528 2412 ln
1559 2358 1798 2428 speciem
1823 2359 2041 2426 quidem

461 2452 636 2520 angeli
672 2462 794 2516 est,
826 2461 883 2505 ut
938 2450 1103 2505 etiam
1153 2450 1516 2519 interpretum
1551 2447 1777 2517 quidam
1825 2447 2042 2513 docent,

457 2560 517 2598 re
545 2555 722 2598 tamen
755 2557 898 2607 vera,
931 2542 1214 2612 scriptoris
1249 2542 1348 2612 (4).

457 2654 586 2710 CAP.
640 2654 702 2707 ll.
760 2653 924 2707 Vsus.
968 2654 1056 2706 15.
1092 2653 1342 2718 Quicum
1391 2653 1758 2718 recessissent,
1794 2667 1908 2704 ecce
1947 2668 2046 2704 an-

521 2725 674 2793 geltts
701 2723 910 2776 Domini
941 2725 1189 2792 apparuit
1219 2725 1274 2776 in
1320 2727 1519 2777 somnis
1551 2722 1771 2789 Joseph,
1805 2720 1985 2793 dicens
2016 2736 2036 2775 :

526 2790 698 2864 Surge
726 2805 774 2847 et
799 2790 979 2864 accipe
1007 2790 1248 2863 puerum
1288 2803 1338 2848 et
1373 2803 1599 2848 matrem
1644 2793 1780 2862 ejus,
1833 2801 1883 2847 et
1922 2790 2045 2862 fuge

514 2869 581 2918 ain
613 2865 926 2934 zEgyptum.

528 2976 734 3030 Photii.
770 2975 827 3029 In
863 2974 1155 3044 (Egyptnm
1217 2960 1675 3044 fugdChristus,
1726 2982 1787 3030 ut
1815 2983 1870 3030 et
1901 2975 2044 3031 hanc

2143 1801 2370 1855 δυνατόν
2415 1803 2530 1853 ἔστι
2585 1799 2680 1853 καὶ
2723 1799 2788 1851 ὲκ
2832 1799 3000 1870 μόνης
3033 1796 3290 1866 γυναικὸς
3330 1796 3505 1851 παῖδα
3538 1795 3733 1864 ἐξαγα-

2143 1894 2282 1960 γεῖν.

2150 1996 2329 2059 Τοῦτο
2371 2003 2440 2057 δὲ
2469 2005 2616 2058 ὅλον
2659 2005 2925 2074 γέγονεν,
2976 2004 3076 2056 ἵνα
3113 1999 3403 2074 πληρωθῇ
3445 1997 3516 2052 τὸ
3546 1997 3736 2067 ῥηθὲν

2355 2075 2473 2129 ὑπὸ
2500 2074 2607 2128 τοῦ
2641 2071 2863 2144 Κυρίου
2899 2074 2998 2127 διὰ
3034 2071 3141 2126 τοῦ
3180 2071 3521 2140 προφήτου.

2145 2196 2161 2240 '-
2214 2188 2463 2242 Φωτίου.
2505 2188 2580 2242 Τὸ
2611 2188 2797 2259 ῥητὸν,
2831 2188 2892 2242 τὸ
2919 2187 3076 2256 λέγον
3097 2203 3110 2217 ·
3148 2186 3329 2240 Τοῦτο
3362 2183 3434 2236 δὲ
3469 2181 3624 2236 ὅλον
3649 2179 3734 2250 τέ·

2143 2297 2303 2351 γον-ε,
2326 2279 2469 2343 τίνος
2497 2281 2564 2334 ἂν
2585 2281 2692 2350 εἴη,
2718 2279 2808 2334 τοῦ
2835 2280 3069 2349 ἀγγέλου
3097 2279 3131 2347 ἢ
3157 2276 3250 2330 τοῦ
3295 2272 3730 2343 εύαγγελιστοῦ;

2144 2372 2234 2440 Τῷ
2277 2375 2375 2443 μὲν
2430 2373 2608 2427 δοκεῖν
2658 2371 2752 2425 τοῦ
2801 2371 3034 2440 ἀγγέλου
3058 2411 3072 2436 ,
3121 2369 3196 2430 ὥς
3245 2365 3376 2436 φασί
3425 2382 3582 2428 τινες
3629 2364 3734 2416 τῶν

2144 2465 2518 2536 ἑρμηνευτῶν,
2549 2467 2617 2536 τῇ
2649 2464 2705 2519 δὲ
2734 2464 2970 2536 ἀληθεία
3000 2462 3094 2516 τοῦ
3125 2459 3516 2531 συγγραφέως.

2158 2659 2703 2731 Ἀναχοφησάντων
2729 2659 2796 2712 δὲ
2819 2657 3038 2731 αὐῖῷν,
3068 2655 3196 2731 ίδοὺ
3226 2655 3487 2731 ἄγγελος
3511 2655 3735 2731 Κρρίου

2216 2725 2488 2801 φαινέτω
2519 2732 2646 2783 κατ’
2671 2730 2816 2797 ὄναρ
2846 2727 3214 2801 τῷ-’μΙωο-ὴςρ,
3245 2726 3446 2801 λέγων
3465 2743 3479 2756 ·
3511 2725 3738 2801 ’Έτερ-

2218 2794 2343 2866 delc
2371 2801 2680 2868 παράλαϐε
2720 2794 2792 2853 τό
2821 2799 3064 2851 παιδίον
3093 2794 3192 2850 καὶ
3235 2795 3348 2863 τὴν
3367 2794 3610 2865 μητέρα
3635 2798 3738 2850 αὑ-

2215 2871 2344 2938 τοῦ,
2378 2872 2477 2925 καὶ
2511 2871 2694 2940 φεῦγε
2725 2871 2814 2935 εις
2846 2869 3176 2937 Αἴγυπτον.

2219 2986 2467 3039 Φωτίου.
2509 2984 2603 3048 Εἰς
2635 2982 2909 3051 Αἴγυπτον
2938 2981 3131 3051 φεύγει
3158 2980 3187 3032 ὁ
3219 2978 3484 3049 Χριστὸς,
3528 2979 3622 3032 ἵνα
3650 2978 3740 3032 καὶ

459 3069 846 3132 sanctilicaret,
912 3065 1374 3136 quemadmodum
1427 3064 1757 3136 Babylonem
1789 3081 1887 3135 per
1923 3067 2039 3120 Ma-

2164 3077 2345 3148 ταύτην
2368 3045 2600 3149 ἀγιάσῃλ
2631 3045 2821 3144 ὥσπερ
2842 3045 3379 3144 τὴν-Βαθυλῶνα-διὰ
3405 3071 3520 3124 τῶν
3551 3072 3740 3142 μάγων

459 3176 557 3229 gos
583 3161 678 3230 qui
718 3159 784 3212 ad
842 3173 968 3212 eum
1026 3156 1370 3213 adorandum
1403 3167 1688 3223 venerant,
1726 3157 2042 3214 sanctiﬁca~

458 3259 631 3306 verat.

463 3368 599 3422 CAP.
638 3365 726 3420 Ill.
762 3365 932 3420 Vens.
969 3365 1023 3420 9.
1063 3365 1133 3418 Et
1197 3381 1260 3418 ne
1319 3363 1488 3418 velitis
1546 3364 1717 3425 dicere
1763 3364 1908 3417 intra
1931 3379 2039 3430 vos,

527 3437 746 3490 Patrem
773 3439 1022 3488 habemus
1060 3437 1328 3490 Abraham
1351 3450 1368 3487 :
1392 3435 1509 3486 dico
1548 3436 1686 3487 enim
1716 3435 1878 3494 vobis,
1913 3451 2042 3502 quo-

534 3508 678 3559 niam
709 3515 891 3576 potens
941 3514 1017 3559 est
1049 3505 1188 3559 Deus
1227 3503 1291 3556 de
1323 3503 1591 3572 lapidibus
1626 3505 1744 3558 istis
1774 3506 2036 3559 suscitare

536 3575 674 3646 ﬁlios
705 3577 948 3630 Abrahtc.

534 3693 732 3748 Photii.
784 3692 940 3759 Quod
994 3675 1201 3762 lapides
1265 3690 1368 3746 hos
1427 3689 1581 3755 dicit,
1619 3705 1728 3744 non
1766 3691 2038 3746 tamenin

351 3799 356 3805 ·
457 3784 730 3854 lapidibus
787 3784 954 3837 haeret
1011 3783 1095 3837 vis
1154 3781 1458 3848 sententiae,
1519 3781 1611 3835 sed
1667 3781 1918 3836 homines
1948 3782 2041 3836 de-

459 3878 642 3946 signat
669 3889 828 3944 quos,
853 3872 1202 3943 imperfectos
1235 3872 1361 3927 licet
1389 3879 1444 3926 et
1483 3871 1728 3928 inﬁdeles
1759 3882 1813 3926 et
1839 3887 2038 3942 paupe-

458 3979 570 4027 res,
609 3972 788 4031 potest
839 3976 1069 4030 tnaguos
1119 3969 1175 4015 et
1231 3960 1476 4014 illustres
1503 3958 1739 4025 edicere,
1770 3960 1817 4014 si
1857 3969 2034 4015 tamen

457 4055 564 4124 ipsi
611 4057 793 4108 sinant
839 4061 894 4107 et
948 4051 1158 4118 velint;
1219 4050 1684 4120 quemadmodum
1737 4049 2034 4114 Abraham,

457 4147 607 4218 quod
659 4147 771 4202 Deo
821 4144 1073 4212 credidit,
1109 4159 1178 4200 ex
1207 4144 1410 4214 ignotis
1431 4141 1706 4197 natalibus
1740 4142 2033 4210 obscurus,

455 4242 686 4299 illustris
716 4241 892 4296 evasit
921 4239 1020 4310 (5).

595 4354 758 4410 Vens.
791 4353 878 4407 12.
907 4351 1074 4421 Cujus
1107 4349 1454 4406 ventilabrum
1481 4349 1539 4403 in
1565 4365 1724 4403 manu
1750 4349 1886 4419 ejus.

2143 3166 2372 3238 ἡγίασεν
2403 3165 2665 3220 ἐλθόντων
2697 3165 2779 3228 εἰς
2813 3164 3188 3235 προσκύνησιν
3221 3161 3415 3218 αὐτοῦ.

2144 3373 2254 3428 Καὶ
2281 3371 2366 3442 μὴ
2399 3371 2615 3442 δόξητε
2644 3369 2845 3442 λέγειν
2869 3367 2939 3421 ἐν
2959 3367 3219 3442 ἑαυτοῖς,
3249 3365 3492 3442 Ιζατέρᾳ
3517 3367 3738 3442 Excipe-sf

2214 3436 2322 3519 (ὥς
2355 3436 2623 3519 ᾊϐράαλμ
2655 3436 2885 3519 ’-λέγω
2921 3438 3035 3519 γᾴρ
3070 3438 3233 3519 ὐμῖγ,
3271 3437 3364 3516 ῥ’τι
3413 3436 3674 3519 δύγατίιι
3705 3441 3736 3515 ετ

2219 3511 2363 3577 Θεὸς
2399 3505 2478 3565 ἑλέ
2513 3505 2635 3564 τῶν
2665 3505 2854 3565 λίθων
2898 3505 3125 3561 τούτων
3167 3505 3386 3576 ἐγεῖραι
3440 3507 3629 3562 τέκνα
3661 3505 3736 3572 τῷ

2228 3584 2285 3638 Ἀ
2294 3581 2504 3652 ϐοαάμ.

2211 3697 2457 3750 Φωτίου.
2492 3694 2566 3747 Τὸ
2591 3695 2655 3748 ἐκ
2685 3694 2795 3747 τῶν
2826 3692 2992 3747 λίθων
3027 3672 3253 3758 τούτωνξ
3286 3691 3347 3744 ού
3383 3690 3518 3754 τοὺς
3553 3690 3734 3752 λίθους

2142 3789 2340 3853 αὐτοὺς
2391 3788 2580 3856 λέγει’
2635 3787 2752 3840 ἀλλ’
2793 3787 2876 3839 ὅτι
2925 3785 2985 3850 ἐξ
3027 3784 3333 3856 ἀνθρώπων
3380 3783 3601 3839 ἀτελῶν
3639 3783 3730 3835 καὶ

2140 3881 2386 3934 ἀπίστων
2416 3879 2512 3934 καὶ
2539 3879 2790 3949 πενήτων
2823 3877 3044 3933 δύναται
3091 3877 3360 3948 μεγάλους
3385 3892 3449 3929 τε
3482 3876 3584 3928 καὶ
3609 3877 3729 3927 ἑπι-

2141 3973 2208 4043 σή
2217 3989 2348 4043 μους
2369 3973 2612 4042 ποιῆσαι,
2638 3971 2844 4042 ἐάνπερ
2862 3970 3120 4024 ἐθέλωσι·
3151 3968 3406 4038 καθάπερ
3431 3966 3730 4039 ὁἈΕραίιμ

2138 4061 2437 4126 πιστεύσας
2463 4061 2582 4132 Θεῷ
2606 4061 2664 4128 ἐξ
2693 4062 2922 4132 ἀσήμων
2947 4061 3170 4130 γέγονεν
3204 4058 3502 4128 ἐπίσημος.

2414 4354 2494 4418 Οὔ
2530 4359 2594 4414 τὸ
2625 4358 2819 4414 πτύον
2852 4357 2921 4412 ἐν
2949 4354 3024 4427 τῇ
3050 4355 3204 4426 χειρὶ
3233 4355 3454 4410 αὑτοῦ.

525 4471 723 4525 Photii.
764 4467 918 4524 Sicut
940 4467 1087 4522 enim
1126 4465 1181 4519 in
1210 4464 1534 4535 supellectili
1567 4464 1797 4518 aliarum
1829 4464 2028 4520 artium

2207 4473 2454 4527 Φωτίου.
2497 4473 2704 4544 Ὠσπερ
2739 4471 2848 4544 γὰρ
2893 4471 2985 4524 ἐπὶ
3033 4469 3142 4522 τῶν
3186 4469 3362 4523 ἄλλων
3402 4469 3723 4541 ἐπιστημῶν

451 4576 581 4623 sunt
614 4564 980 4619 instrumenta
1040 4567 1192 4614 certa
1251 4558 1320 4613 ad
1359 4557 1782 4612 discernendum
1821 4571 1885 4612 ea
1909 4572 2032 4627 quae

2171 4581 2254 4617 στι
2282 4563 2406 4617 τινὰ
2433 4563 2640 4636 ὄργανα
2687 4560 3001 4633 διακριτικὰ
3049 4560 3160 4614 τῶν
3209 4559 3355 4613 κατά
3383 4561 3486 4631 τὴν
3531 4562 3722 4632 τέχνην

445 4658 605 4727 juxta
673 4657 835 4710 linem
889 4662 942 4708 et
989 4651 1301 4706 institutum
1341 4649 1612 4727 cujusque
1653 4649 1738 4704 vel
1770 4650 1912 4703 bona
1947 4650 2027 4704 vel

2164 4653 2316 4708 εαλῶν
2343 4671 2404 4707 τε
2432 4656 2524 4708 καὶ
2567 4653 2824 4708 ἐναντίων
2845 4669 2858 4683 ο
2915 4651 3058 4706 οὕτω
3091 4652 3185 4706 καὶ
3211 4653 3270 4704 ὲν
3292 4654 3410 4715 τοῖς
3439 4669 3721 4722 γεωργου-

451 4763 614 4804 secns
639 4756 789 4811 sunt,
821 4747 902 4802 sic
931 4745 1057 4800 etin
1090 4743 1425 4814 agricultura
1452 4740 1811 4811 frugibusque
1839 4742 2026 4796 labore

2164 4745 2319 4806 ιένοις
2349 4747 2383 4816 ἠ
2414 4744 2556 4808 ἄλως
2600 4745 2718 4798 ἐστὶ
2749 4745 2842 4797 καὶ
2868 4743 2929 4796 τὺ
2967 4743 3156 4798 πτύον.
3188 4741 3280 4798 Ἐν
3309 4742 3421 4813 γὰρ
3449 4745 3519 4814 τῇ
3557 4744 3718 4798 diem

453 4839 660 4893 rustico
723 4838 956 4902 eductis,
994 4851 1122 4891 area
1165 4844 1219 4891 et
1252 4833 1619 4889 ventilabrum
1650 4841 1755 4888 est.
1811 4832 1866 4886 In
1894 4848 2020 4889 area

2189 4838 2332 4899 σῖτος
2393 4837 2501 4889 ἀπὸ
2533 4835 2627 4888 τοῦ
2674 4835 2877 4906 ἀκύρου
2907 4835 3246 4904 διακρίνεται
3276 4851 3293 4866 ·
3346 4828 3552 4888 οἷστισι
3581 4853 3716 4906 παρ-

451 4930 654 4998 quippe
697 4929 1033 4983 frumentum
1070 4944 1099 4982 a
1143 4928 1299 4997 palea
1333 4926 1687 4981 discernitur.
1718 4923 1838 4990 Qua
1873 4924 2026 4979 simi-

2165 4928 2340 4992 ικάςει
2367 4929 2465 4997 τήν
2492 4943 2555 4980 τε
2593 4926 2922 4997 Ἐκκλησίαν
2949 4926 3044 4980 καὶ
3079 4925 3177 4996 τὴν
3211 4925 3598 4998 διακρίνουσαν
3623 4927 3713 4978 τοῖ

451 5020 683 5076 liludine
728 5022 1017 5075 adumbrat
1077 5020 1398 5083 Ecclesiam,
1452 5029 1508 5074 et
1558 5019 1648 5073 Dei
1681 5017 1789 5070 vim
1819 5017 2026 5075 discer-

2164 5019 2266 5073 ὶεοῦ
2326 5019 2553 5091 δύναμιν
2613 5018 2721 5072 ἀπὸ
2782 5018 2893 5073 τῶν
2951 5016 3174 5088 ἀγαθῶν
3220 5019 3349 5084 τοὺς
3403 5017 3482 5091 μὴ
3540 5018 3711 5073 τοιού-

449 5112 672 5166 ntantem
710 5122 742 5163 a
775 5109 933 5165 bonis
964 5124 1059 5165 eos
1085 5111 1179 5179 qui
1209 5111 1346 5166 tales
1371 5123 1480 5164 non
1514 5116 1644 5164 sunt
1676 5109 1773 5179 (6).
2130 5127 2271 5176 τους.

1961 5307 2190 5366 ΝΟΤίΕ.

520 5474 598 5541 (τι
629 5471 715 5530 Cf.
747 5471 1111 5538 Quaestionem
1152 5471 1308 5534 XXII,
1341 5472 1400 5524 C.

520 5544 600 5613 (ὅ)
627 5543 712 5598 cr.
740 5544 804 5608 ρ.
845 5541 1008 5613 xxu.

519 5610 596 5682 (ι)
631 5613 716 5668 cr.
747 5615 811 5679 ρ.
844 5610 1006 5666 xxv.

2194 5472 2272 5538 (5)
2298 5470 2381 5527 cr.
2411 5488 2462 5540 ιι.
2494 5469 2680 5540 xxxi.

2198 5541 2274 5613 (θ)
2310 5542 2394 5597 cr.
2431 5539 2486 5612 ιι.
2526 5539 2739 5596 xxxu.
