3978 6218
435 235 584 308 ’1195
1607 242 1869 303 ΡΗοΤιι
1903 241 2409 303 ΡΑΤΙιιΑιιιἮΑι
2445 239 2557 300 (ιι).
3541 233 3682 300 1196

441 369 547 416 est.
578 359 742 414 Aliud
775 368 859 415 est
895 361 990 416 ira:
1016 372 1188 432 genus
1217 373 1340 431 quae
1369 361 1634 416 adversus
1675 357 2014 428 neglectores

2154 358 2216 426 ἧς
2244 355 2445 426 ἀρετῆς
2479 351 2768 424 γενομένη,
2803 350 2864 403 οὐ
2895 349 3050 420 μόνον
3080 344 3572 416 συγγνώμης,ἀλλὰ
3596 345 3693 397 καὶ

443 451 658 506 virtutis
697 451 950 521 insurgit,
993 467 1116 521 qure
1147 468 1254 505 non
1289 453 1466 507 solum
1501 452 1684 517 venia,
1721 452 1819 509 sed
1851 452 2014 507 etiam

2154 445 2343 500 παίνου
2379 447 2470 500 καὶ
2497 444 2665 515 τιμῆς
2701 444 2790 496 ὅτι
2819 441 3077 512 πλείστης
3111 439 3258 493 ἐστὶν
3290 436 3438 504 ἀξία.

443 542 602 598 laude
624 543 937 611 honoreque
965 557 1130 612 quam
1164 544 1405 597 maximo
1433 554 1516 598 est
1544 545 1730 613 digna.

482 653 586 719 Qui
606 664 780 708 autem
813 655 1031 720 dixerit,
1066 655 1260 721 Fatue,
1286 675 1403 711 reus
1431 659 1528 711 erit
1555 659 1799 728 gehenme
1826 661 1984 733 ignis.

2154 664 2224 726 Ος
2287 659 2341 712 δ’
2391 658 2469 713 ἂν
2516 659 2692 738 εἴπῃ,
2723 656 2915 724 Μωρὲ,
2957 657 3179 738 ἔνοχος
3226 655 3398 706 ἔσται
3439 652 3528 718 εἰς
3579 649 3698 718 τὴν

2591 728 2844 798 γέενναν
2879 728 2985 779 τοῦ
3016 728 3225 790 πυρός.

2195 820 2438 873 Φωτίου.
2480 817 2762 885 Συνέδριον
2796 815 3026 870 ἐνταῦθα
3057 831 3190 884 φησι
3222 813 3282 865 τὸ
3329 811 3431 864 τῶν
3481 810 3651 877 ἁγίων
3680 824 3696 839 ο

2127 910 2220 962 καὶ
2252 911 2280 962 ὁ
2308 909 2397 961 τὸν
2447 907 2676 976 ἀδελφὸν
2703 905 2867 959 αὑτοῦ
2907 903 3076 957 εἰπὼν
3120 903 3311 964 Ῥακὰ,
3361 902 3461 954 oin:
3490 901 3568 961 εἱς
3603 899 3702 950 ἕνα

2126 1000 2466 1070 ἡμάρτηκεν,
2517 998 2632 1051 ἀλλ’
2679 999 2760 1059 εἰς
2810 995 2956 1050 ἆπαν
2995 995 3056 1047 τὸ
3099 991 3308 1046 κοινόν·
3361 991 3441 1042 διὸ
3485 989 3581 1042 καὶ

2132 1091 2394 1161 συνεδρίῳ
2428 1091 2608 1160 ἔνοχός
2637 1091 2804 1154 ἐστιν,
2835 1089 2910 1152 ὡς
2938 1087 3129 1140 τούτου
3156 1084 3592 1153 καταφρονήσας.

441 1177 532 1247 jus
581 1179 670 1232 ille
712 1179 1010 1232 menibrum
1041 1189 1141 1236 est.
1177 1179 1356 1245 Quare
1387 1191 1440 1234 ct
1470 1198 1596 1236 rcus
1639 1185 1856 1238 concilii
1896 1197 2026 1254 cst;
2067 1187 2170 1242 boc
2211 1197 2294 1241 est
2358 1187 2534 1256 pmuis
2567 1185 2839 1239 obnoxius
2885 1198 3023 1253 quas
3086 1181 3155 1235 ob
3193 1179 3278 1235 sui
3330 1183 3702 1244 contemptum

449 1275 736 1330 universus
782 1275 871 1330 ille
906 1285 1080 1330 cmtus
1106 1277 1284 1331 abillo
1312 1287 1658 1348 contemptus
1692 1290 1746 1335 et
1793 1282 2024 1338 violatus
2060 1285 2182 1353 jure
2209 1299 2311 1338 suo
2343 1293 2584 1352 repetere
2617 1282 2832 1350 poterit.

515 805 715 860 Photii.
751 806 1055 861 Concilium
1089 807 1192 862 hoc
1228 811 1346 864 loco
1393 819 1594 865 coetum
1645 823 1698 866 et
1729 813 2016 886 collegium

443 906 758 951 sanctorum
806 907 983 952 sonat.
1014 899 1281 954 Nimirum
1327 901 1419 969 qui
1452 903 1648 957 dixerit
1693 903 1846 959 fratri
1893 922 2017 970 suo,

448 993 612 1058 ltaca,
642 1007 749 1046 non
785 993 836 1046 in
873 1009 1038 1047 unum
1076 995 1316 1063 peccavit
1345 995 1516 1060 illum,
1557 996 1651 1050 sed
1685 995 1738 1049 in
1773 1011 2023 1052 commu-

450 1083 670 1136 nitatem
709 1083 1017 1136 universam
1055 1095 1110 1137 ct
1150 1086 1544 1153 rempublicam
1587 1097 1899 1142 sanctorum
1926 1106 2023 1145 cu-

453 1387 611 1440 Vens.
649 1387 738 1440 59.
780 1385 892 1456 Ego
921 1397 1095 1440 autent
1122 1386 1240 1441 dico
1289 1387 1430 1440 vobis
1469 1405 1570 1442 non
1601 1391 1838 1445 resistere
1865 1392 2024 1448 malo.

2154 1389 2285 1460 Ἐγὼ
2311 1390 2380 1443 δὲ
2417 1390 2572 1459 λέγω
2600 1390 2744 1459 ὑμῖν
2797 1389 2883 1459 μὴ
2927 1386 3282 1455 ἀντιστῆναι
3315 1383 3395 1450 τῷ
3433 1381 3698 1451 πονηρῷ.

520 1475 717 1530 Pliotii.
763 1475 958 1530 Malum
1010 1479 1112 1531 hoc
1144 1479 1264 1530 loco
1290 1477 1421 1532 dicit
1449 1497 1572 1533 eum
1601 1482 1694 1549 qui
1731 1483 1912 1551 pulsat
1938 1484 2026 1536 in-

2202 1484 2448 1537 Φωτίου.
2491 1482 2732 1552 Πονηρὸν
2778 1480 3010 1536 ἐνταῦθα
3055 1480 3144 1532 τὸν
3191 1478 3388 1541 ἀδίκως
3432 1475 3708 1529 τύπτοντά

443 1569 589 1638 juste
625 1570 862 1638 aliquem
913 1579 968 1623 ct
998 1571 1137 1624 male
1186 1572 1405 1639 accipit.
1435 1571 1537 1637 Qui
1587 1583 1768 1627 autem
1822 1577 2032 1630 resistit

2154 1593 2253 1627 :tva
2306 1574 2401 1626 καὶ
2450 1574 2828 1644 ὲπηρεάζοντα
2892 1571 3061 1639 λέγει.
3146 1570 3206 1621 Ὀ
3259 1567 3317 1621 δὲ
3369 1567 3707 1620 ἀντιπίπτων

447 1669 502 1714 ct
548 1669 834 1729 repugnat,
863 1662 1073 1714 videtur
1113 1661 1314 1714 malum
1370 1662 1587 1725 imitari,
1636 1664 1740 1718 hoc
1777 1677 1859 1719 est
1911 1682 2032 1735 pcr-

2157 1666 2297 1720 fortc
2329 1665 2437 1735 leg.
2468 1662 2832 1735 αντιτύπτων]
2859 1662 2952 1716 καὶ
2979 1660 3408 1730 ἀντιμαχὸμενος
3442 1657 3585 1710 ἔοικε
3613 1657 3708 1708 τὸν

449 1767 730 1806 cussorcm
749 1768 932 1806 suum.
964 1752 1020 1806 Si
1045 1753 1208 1820 igitur
1233 1753 1434 1806 malum
1464 1763 1548 1808 est
1573 1755 1767 1811 laedere
1788 1757 2034 1813 vicissim

2154 1757 2369 1829 πονηρὸν
2403 1757 2710 1826 μιμεῖσθαι,
2739 1755 2986 1808 τουτέστι
3025 1753 3118 1806 τὸν
3145 1750 3391 1820 τύψαντα
3420 1749 3606 1803 αὐτόν.
3642 1749 3708 1801 Εἰ

449 1860 575 1898 eum
609 1843 703 1912 qui
737 1845 936 1899 laeserit
969 1885 985 1910 ,
1019 1845 1286 1898 laudabile
1319 1845 1482 1900 fuerit
1511 1847 1671 1902 abeo
1709 1848 1984 1904 abstinere
2013 1868 2027 1905 :

2154 1851 2310 1902 :oivuv
2349 1850 2520 1903 κακόν
2560 1850 2679 1901 ἐστι
2721 1848 2784 1900 τὸ
2829 1845 3192 1913 ἀντιλυπῆσαι
3237 1843 3329 1896 τὸν
3362 1842 3707 1911 λυπήσαντα,

450 1936 583 2004 quin
617 1937 801 2004 potius
823 1952 1016 1991 curare
1047 1937 1202 2002 iram,
1237 1938 1594 1994 demulcendo
1615 1940 2033 2009 deliniendoque

2154 1941 2333 2009 ιγαθὸν
2364 1941 2430 1995 ἂν
2460 1940 2544 2012 εἴη
2575 1942 2635 1993 τὸ
2667 1942 2741 2011 μὴ
2771 1938 2929 1993 τοῦτο
2953 1938 3186 2012 ,ποιῆσαι
3210 1954 3225 1967 ο
3274 1935 3407 1987 ἀλλὰ
3439 1932 3711 1994 παντοίως

453 2026 772 2082 adversario
803 2043 819 2094 ;
858 2029 1225 2084 confundetur
1255 2031 1402 2084 enim
1447 2045 1512 2086 eo
1541 2041 1723 2102 pacto,
1754 2043 1809 2088 et
1855 2035 2032 2091 bonus

2154 2035 2466 2105 Ιεραπεῦσαι
2503 2034 2602 2104 τὴν
2640 2033 2812 2102 ὀργὴν
2861 2032 2953 2085 καὶ
3017 2028 3426 2099 παρακαλέσαι.
3473 2028 3711 2095 Αἰσχυν-

454 2118 522 2172 de
560 2119 704 2172 malo
739 2119 830 2172 θοι
861 2117 960 2189 (8)ο
2135 2129 2360 2198 θήσεται
2386 2127 2495 2197 γὰρ
2526 2126 2622 2179 καὶ
2653 2125 2856 2194 ἀγαθὸς
2895 2126 3016 2179 ἀντὶ
3046 2120 3214 2175 κακοῦ
3247 2121 3558 2188 γενήσεται.

459 2230 622 2284 Vens.
673 2231 763 2286 45.
825 2230 894 2286 Ut
936 2233 1053 2286 sitis
1092 2233 1196 2302 ﬁlii
1240 2233 1422 2287 Patris
1453 2235 1629 2301 vestri,
1659 2237 1749 2306 qui
1789 2237 1841 2290 in
1891 2236 2033 2293 caelis

2135 2240 2334 2308 Ὅπως
2372 2234 2953 2310 rét’n0'0870101_t0‘5
3000 2231 3230 2310 Πατρός
3273 2228 3439 2299 ὑμῶν
3485 2225 3593 2281 τοῦ
3641 2225 3718 2279 ἐν

1107 2313 1204 2370 est,
1272 2314 1377 2359 etc.

2592 2305 2891 2375 οὐρανοῖς,
2927 2322 2983 2358 κ.
3013 2321 3062 2356 τ.
3097 2302 3148 2356 λ.

527 2415 728 2469 ΡΙιοιίἱ.
764 2415 1056 2488 Propterea
1097 2419 1296 2473 fratres
1339 2433 1438 2475 nos
1469 2421 1704 2487 vocavit,
1735 2435 1858 2475 cum
1891 2437 2034 2478 εει-γι

455 2507 633 2562 simus
665 2508 858 2576 ipsius,
888 2517 942 2563 et
976 2508 1287 2565 cohmredes
1331 2508 1478 2575 fecit,
1525 2512 1671 2581 quod
1706 2513 1825 2582 ejus
1859 2513 2038 2569 imita—

457 2606 604 2652 tores
643 2596 910 2652 fuerimus
947 2598 1183 2666 pluentis
1223 2600 1277 2653 in
1322 2598 1560 2670 injustos
1595 2611 1650 2656 et
1693 2612 2034 2672 peccatores,

455 2701 511 2742 et
536 2704 599 2743 ex
627 2705 783 2758 aequo
803 2699 966 2759 atque
999 2690 1369 2748 indill'crcnter
1391 2693 1646 2749 omnibus
1678 2695 1846 2750 solem
1875 2712 2035 2752 suum

459 2781 590 2835 oriri
632 2781 906 2838 facientis.

2207 2428 2456 2482 Φωτιου.
2505 2422 2605 2476 Διὰ
2632 2419 2791 2474 τοῦτο
2830 2416 3091 2484 ἀδελφοὺς
3137 2414 3282 2482 ἡμᾶς
3322 2411 3556 2481 κέκληκε
3588 2408 3716 2462 δού-

2136 2521 2260 2583 λους
2299 2520 2462 2581 ὄντας
2505 2512 2698 2578 αὑτοῦ,
2753 2511 2849 2565 καὶ
2903 2504 3381 2576 συγκληρονόμους
3435 2500 3714 2568 ἐποίησεν·

2137 2613 2212 2674 ὡς
2243 2609 2535 2678 γεγονότας
2580 2603 2744 2658 αὑτοῦ
2783 2599 3025 2672 μιμητὰς
3061 2595 3347 2666 βρέχοντὸς
3378 2611 3434 2646 τε
3469 2593 3559 2646 ἐπὶ
3595 2588 3716 2643 ἀδί-

2139 2720 2267 2762 κους
2309 2700 2402 2754 καὶ
2441 2695 2821 2769 ἁμαρτωλοὺς,
2853 2691 2946 2745 καὶ
2983 2692 3149 2744 πᾶσιν
3177 2687 3378 2758 ὁμοίως
3395 2682 3718 2739 ἀνατέλλον-

2138 2812 2229 2857 τος
2253 2793 2343 2846 τὸν
2373 2791 2543 2863 ἣλιον.

2139 2906 2250 2976 Mil:
2293 2903 2492 2976 γνώτω
2551 2904 2590 2972 ὴ
2641 2900 2924 2972 ἀριστερὰ
2982 2915 3100 2954 σου
3149 2897 3206 2952 τι
3265 2891 3428 2948 ποιεῖ
3473 2889 3510 2957 ἠ
3549 2887 3724 2953 δεξιὰ

2844 2987 2983 3025 σου.

534 3079 734 3138 Pharii.
767 3080 843 3135 Ne
873 3071 1198 3146 innotescat,
1228 3081 1442 3152 inquit,
1468 3083 1768 3139 irrationali
1799 3087 2034 3156 portioni

2213 3089 2457 3142 Φωτίου.
2491 3088 2583 3158 Μὴ
2610 3087 2825 3156 γνώτω,
2849 3082 3034 3154 φησὶν,
3064 3075 3130 3151 τῇ
3157 3080 3216 3132 ὲν
3245 3078 3378 3149 ήμϊν
3408 3074 3600 3142 ἀλογίᾳ
3618 3070 3725 3138 τῆς

464 3173 628 3229 vestri
673 3188 810 3242 opus
861 3174 1146 3228 rationalis
1181 3175 1378 3228 animm
1411 3215 1427 3241 ,
1467 3191 1537 3230 ne
1577 3176 1702 3232 huic
1740 3177 1828 3231 illa
1877 3192 2034 3248 agere

2154 3180 2367 3250 ιογικῆς
2409 3179 2590 3250 ψυχῆς
2627 3179 2689 3232 τὸ
2727 3179 2912 3252 ἔργον,
2952 3175 3041 3228 ἵνα
3089 3172 3165 3244 μὴ
3213 3166 3481 3240 ὲμποδῑσῃ
3525 3159 3722 3257 αὐτὴν.

463 3264 676 3335 paranti
723 3264 793 3318 sit
823 3263 1212 3334 impedimento
1241 3283 1256 3320 :
1287 3274 1343 3320 et
1377 3265 1466 3320 illa
1496 3280 1623 3335 pars
1657 3282 1776 3334 qua:
1799 3267 2034 3339 dignita-

2154 3277 2239 3329 καὶ
2269 3275 2431 3348 μείνῃ
2475 3274 2672 3345 ἀτελὴς
2699 3273 2734 3342 ἡ
2782 3271 3029 3336 σώζουσα
3065 3267 3126 3320 τὸ
3158 3263 3279 3318 κατ’
3311 3260 3513 3314 εἰκόνα.
3556 3255 3722 3348 Ἀετο-

463 3366 570 3412 tem
605 3357 804 3410 divina:
845 3355 1099 3425 imaginis
1131 3372 1237 3411 una
1266 3364 1448 3412 tuetur
1477 3373 1545 3413 ac
1583 3361 1834 3424 sustinet,
1874 3362 2034 3417 rebel-

2154 3345 2305 3422 δώσει
2337 3345 2427 3422 σοι
2452 3366 2510 3419 δὲ
2547 3367 2606 3419 ὲν
2633 3363 2714 3434 τῷ
2751 3360 2996 3432 φανερῷ,
3026 3357 3215 3428 φησιν,
3244 3355 3303 3406 ἐν
3331 3354 3399 3422 τῇ
3425 3345 3723 3403 ἀναστάσει

465 3450 611 3502 liouc
647 3448 854 3502 \ilioris
903 3448 1238 3517 interpellata
1260 3488 1278 3514 ,
1323 3448 1696 3513 imperfectum
1732 3451 2034 3523 relinquere

2154 3459 2390 3530 δηλονότι
2409 3475 2423 3488 ·
2451 3459 2581 3512 ὅταν
2620 3456 2682 3510 οὐ
2722 3454 2883 3526 μόνον
2906 3451 3110 3517 ταῦτα,
3139 3446 3277 3502 ἀλλὰ
3305 3443 3402 3498 καὶ
3447 3441 3625 3494 πάντα
3650 3435 3727 3489 τὰ

465 3548 694 3610 cogatur
736 3539 880 3608 quod
927 3539 1064 3594 bene
1105 3539 1423 3609 inceperat.
1465 3540 1673 3596 Reddet
1717 3552 1898 3599 autem
1941 3546 2034 3602 tibi

2154 3553 2368 3625 κρυπτὰ
2395 3550 2898 3623 φανερωθήσονται.

467 3634 521 3688 in
579 3632 820 3702 publico,
875 3631 972 3699 ait,
1001 3631 1056 3688 in
1093 3632 1492 3690 resurrectione
1543 3636 1794 3694 videlicet
1827 3677 1843 3704 ,
1892 3643 2112 3712 quando
2147 3661 2255 3702 non
2309 3648 2424 3703 haec
2461 3647 2670 3712 solum,
2714 3643 2808 3700 sed
2853 3638 3036 3696 omnia
3072 3632 3298 3692 omnino
3341 3626 3728 3686 revelabuntur

465 3732 702 3787 occulta.

461 2895 584 2951 CAP.
636 2896 722 2952 Vl.
755 2896 921 2954 Vens.
957 2899 1010 2963 5,
1043 2898 1108 3021 ιιᾶ
1134 2898 1347 2952 Nesciat
1369 2901 1698 2954 sinistralua
1719 2903 1844 2972 quid
1872 2903 2038 2972 faciat

1111 2981 1291 3021 extera
1329 2983 1442 3021 tua.

1111 2981 1291 3023 extera
1329 2983 1442 3026 tua.

473 3844 633 3900 Vens.
682 3845 768 3899 17.
813 3843 892 3901 Tu
937 3853 1112 3922 autem
1150 3860 1270 3898 cum
1288 3845 1534 3922 jejunae.
1579 3866 1714 3922 unge
1759 3861 1940 3921 caput,
1992 3866 2034 3911 et

2154 3852 2229 3910 Σὺ
2287 3851 2358 3906 δὲ
2415 3848 2728 3922 νησεεύ-ων
2785 3843 3035 3922 ᾷιιειψςαι
3110 3853 3235 3922 σου
3261 3834 3392 3922 ,τὴν
3427 3832 3729 3903 κεφαλὴν,

987 3916 1176 3984 {aciem
1214 3909 1361 3970 mani
1387 3917 1530 3972 lava.
1653 3909 1677 3922 ⁷
1825 3909 1836 3921 ’
1924 3909 1940 3921 ’
1998 3909 2034 3911 ἣν

2461 3909 2561 3974 καὶ
2590 3917 2655 3972 τὸ
2681 3909 3004 3984 πρόσωπόν
3030 3925 3148 3966 σου
3175 3909 3366 3978 νίψαι.

541 4026 740 4082 Pliotii.
778 4029 954 4085 Ambo
994 4028 1130 4098 haec,
1161 4030 1290 4102 ungi
1328 4037 1382 4086 et
1415 4031 1604 4098 lavari,
1634 4038 2034 4095 consuetudinis

2216 4034 2463 4090 Φωτίου.
2508 4033 2711 4100 ’Ἄμφω
2739 4027 2935 4092 ταῦτα,
2974 4024 3036 4077 τὺ
3057 4021 3376 4092 ἀλείφεσθαι
3415 4019 3510 4072 καὶ
3538 4017 3730 4072 νίπτε-

471 4120 761 4174 laetantium
793 4129 940 4175 sunt.
967 4119 1096 4175 Vult
1157 4121 1326 4192 igitur
1387 4121 1493 4177 hoc
1551 4123 1804 4181 Christus
1849 4128 2034 4197 jubere

2154 4129 2296 4190 σθαι,
2318 4129 2430 4189 τοῖς
2454 4119 2902 4193 εὖφραινομένοις
2933 4116 3169 4186 ὑπῆρχε.
3202 4113 3292 4166 Διὸ
3327 4113 3420 4165 καὶ
3443 4113 3471 4164 ὁ
3493 4108 3733 4179 Χριστὸς

471 4210 558 4264 his
587 4211 764 4265 verbis
793 4228 806 4263 :
843 4219 904 4264 ut
924 4227 1048 4266 cum
1075 4212 1354 4267 hilaritate
1382 4221 1435 4267 et
1463 4216 1660 4283 gaudio
1676 4218 1889 4285 jejunio
1943 4219 2034 4276 de-

2154 4219 2288 4291 μετὰ
2324 4216 2500 4287 χαρᾶς
2528 4230 2587 4266 τε
2617 4211 2712 4265 καὶ⁵
2741 4206 3078 4277 εὐφροσύνης
3117 4204 3330 4257 κελεύει
3367 4199 3732 4291 μετέρχεσθαι

471 4300 778 4373 fungamur.
813 4304 1108 4358 Enimvero
1140 4314 1255 4358 tum
1293 4306 1627 4375 pramipuam
1657 4307 1923 4366 habemus
1957 4313 2034 4366 he-

2154 4289 2249 4376 τὴν
2292 4304 2568 4375 νηστείανο
2598 4301 2738 4354 ὥστε
2781 4299 2993 4369 χαίρειν
3039 4295 3186 4364 ἡμᾶς
3215 4293 3296 4346 δεῖ
3322 4291 3415 4344 καὶ
3441 4289 3735 4359 εὐφραίνε-

469 4394 616 4449 tandi
644 4410 889 4460 causam,
920 4411 1044 4450 cum
1069 4396 1228 4453 bonis
1264 4397 1521 4466 operibus
1556 4414 1811 4455 vacamus
1844 4402 1940 4475 ιθ).

2155 4397 2310 4462 σθαι,
2350 4398 2477 4450 ὃταν
2505 4395 2573 4448 τὰ
2608 4391 2748 4446 καλὰ
2777 4385 3162 4459 ἐργαζώμεθα.

2075 4447 2125 4506 ι)

472 4507 638 4564 Vens.
693 4507 778 4563 2L
820 4509 918 4564 Ubi
957 4513 1096 4564 enim
1146 4519 1224 4565 est
1285 4511 1560 4565 thesaurus
1600 4521 1741 4579 tuus,
1772 4515 1844 4570 ibi
1871 4525 1947 4571 est
1994 4526 2044 4572 et

2154 4514 2346 4566 Ὅπου
2378 4507 2491 4578 γάρ
2522 4499 3098 4578 ὲστινᾼδμθησαλιξρύς
3141 4495 3326 4574 enim,
3378 4493 3506 4548 ἐκεῖ
3557 4491 3736 4546 ἔσται

1099 4597 1191 4634 cor
1229 4589 1398 4638 tuum.

2613 4573 2710 4629 καὶ
2746 4574 2782 4641 ἠ
2815 4570 3026 4640 καρδία
3058 4570 3240 4636 ὑμῶν.

2227 4692 2473 4748 Φωτίου.
2513 4688 2757 4760 Καρδίαν
2795 4681 3029 4738 ἐνταῦθα
3067 4681 3096 4733 ὁ
3140 4677 3330 4748 Σωτὴρ
3351 4678 3442 4729 τὸν
3483 4677 3737 4746 ἡγεμόνα

2145 4787 2273 4842 νοῦν
2313 4786 2488 4839 καλεῖ’
2521 4781 2664 4835 οὕτω
2694 4779 2803 4850 γὰρ
2840 4778 2936 4830 καὶ
2979 4778 3006 4828 ὁ
3048 4774 3213 4826 Δαϐὶδ
3263 4772 3428 4825 αὑτὸν
3475 4771 3734 4838 ὠνόμασε

2147 4879 2340 4948 λέγων’
2378 4874 2642 4943 Καρδίαν
2679 4868 2945 4935 καθαρὰν
2966 4866 3180 4919 κτίσον
3205 4864 3275 4916 ἐν
3295 4861 3444 4932 ἐμοὶ,
3495 4863 3529 4914 ό
3561 4864 3733 4926 Θεός.

473 4968 578 5021 (.‘or
615 4972 865 5024 mundum
889 4990 1006 5026 crea
1034 4975 1090 5027 iu
1125 4991 1226 5041 me,
1261 4975 1397 5030 Deus
1426 4975 1466 5032 ³.
1500 4975 1636 5030 Iliuc
1663 4984 1810 5045 patet
1857 4989 2034 5029 avaro:

2154 4967 2459 5025 Κὰειτεῦθεν
2496 4968 2544 5018 οἱ
2594 4962 3021 5032 φιλοχρήματοι,
3061 4955 3152 5010 τὸν
3185 4954 3310 5009 νοῦν
3347 4952 3738 5022 συνδεδεμένον

473 5061 565 5130 qui
598 5071 837 5116 mentem
871 5065 1179 5120 devinctam
1207 5067 1412 5124 divitiis
1437 5068 1692 5135 habeant,
1721 5068 1957 5121 alienare
1992 5081 2034 5120 54

2154 5063 2362 5130 ἔχοντες
2415 5059 2526 5122 τοῖς
2580 5055 2887 5125 χρήμασιν,
2917 5045 3296 5120 ἀλλοτριοῦσιν
3352 5044 3582 5106 ἑαυτοὺς
3635 5044 3736 5095 τοῦ

477 5153 629 5220 ipsos
663 5169 691 5206 a
728 5152 837 5209 Deo
862 5197 876 5220 ,
902 5165 1090 5227 utpote
1123 5174 1154 5213 a
1181 5174 1293 5230 quo
1329 5161 1765 5230 praestantiorem
1807 5159 1891 5215 sui
1928 5174 2053 5229 par-
2149 5152 2310 5208 Θεοῦ.
2375 5214 2390 5228 ν

476 5249 582 5298 tcm
611 5253 883 5300 avertunt.

552 5377 571 5406 ³
608 5373 754 5432 Psal.
789 5392 840 5445 L,
871 5375 959 5431 12.

543 4693 744 4748 Photii.
777 4694 885 4749 Cor
918 4695 1021 4750 hoc
1064 4696 1186 4752 loco
1247 4697 1504 4753 Salvator
1551 4699 1852 4769 principem
1880 4699 2046 4754 animi

472 4799 681 4859 partem
720 4798 900 4855 vocat,
935 4800 1170 4845 mentem
1202 4793 1452 4860 scilicet;
1485 4809 1590 4864 qua
1646 4793 1868 4847 notione
1908 4807 2053 4846 cam-

480 4881 604 4934 dem
635 4881 792 4935 istam
843 4882 1028 4938 cordis
1075 4899 1211 4939 voce
1235 4894 1464 4954 usurpat
1501 4884 1667 4938 David
1705 4900 1831 4939 cum
1867 4883 1998 4938 dicit
2036 4902 2048 4938 :

1985 5526 2212 5584 NOTAE.

551 5650 628 5720 (8)
661 5649 742 5705 cr.
773 5665 828 5719 q.
863 5645 1127 5718 χχχιιι,
1167 5644 1349 5713 XLVI,
1383 5644 1644 5701 cxxxv.

2255 5644 2330 5710 (υ)
2364 5637 2446 5694 cr.
2480 5655 2533 5707 q.
2560 5635 2784 5692 ccxw.

3730 1103 3768 1133 κ.
