3904 6218
267 244 410 314 1197

253 363 366 416 Διὰ
411 359 590 420 τοῦτο

332 405 366 449 τ
415 405 586 443 ’,νυν-ν
629 405 786 434 νυνι·-
833 405 953 435 Vr"
989 407 1003 429 φ
1040 405 1127 436 .P't
1157 405 1476 441 μσμιιυιυσ
1523 405 1592 453 ιιι
1640 405 1835 444 Val",

332 449 522 516 ομῳν,
546 405 874 516 τίῒξριίῃγῃτε,
903 438 1000 516 σία)
1029 441 1088 492 τί
1106 443 1300 510 πίητε,
1321 442 1476 510 μηδέ
1507 459 1588 509 τῳ
1615 445 1841 515 σώματι

331 503 501 571 ὑμῶν
533 503 591 556 τι
620 505 985 572 ἐνδύσησθε.

330 595 578 648 Φωτιου.
616 595 730 648 Οὐκ
773 592 915 675 εἷπε·
954 599 1008 651 τί
1036 599 1271 669 φάγεται
1303 603 1336 677 *ἢ
1371 603 1536 673 ψυχὴ,
1567 604 1601 675 ἢ
1644 604 1697 657 τί
1724 605 1845 658 πίε-

251 701 386 737 ται⁶
417 684 563 757 ψυχὴ
612 687 723 755 γὰρ
775 689 922 741 πᾶσα
957 689 1250 760 ἀσώματος
1290 691 1446 756 οὖσα,
1494 692 1618 747 οὔτε
1674 693 1843 748 ἐσθίει

248 775 383 830 οὔτε
422 777 564 831 πίνει
595 796 610 812 ο
638 779 794 832 ἀλλὰο
829 781 920 851 Μὴ
951 783 1326 853 μεριμνήσητε
1355 787 1421 854 τῇ
1444 784 1614 855 ψυχῇ,
1650 803 1703 838 τι
1741 786 1843 854 φά-

250 885 393 938 γητε
419 869 577 938 ὑμεῖς
606 869 639 939 ἦ
673 870 728 923 τί
761 870 977 939 πίνητε.
1010 873 1118 926 Καὶ
1150 873 1260 944 γὰρ
1299 875 1332 943 ἡ
1358 873 1506 945 ψυχὴ
1535 875 1841 942 προόάλλε·

249 976 348 1012 ται
388 960 489 1030 τὴν
531 961 828 1034 ὀρεκτικὴν
865 962 1120 1034 δύναμινο
1161 963 1279 1018 ἀλλ’
1307 965 1370 1018 οὐ
1417 966 1576 1037 χάριν
1606 969 1841 1040 ἑαυτῆς,

249 1049 396 1104 ἀλλὰ
427 1054 527 1123 τῆς
555 1052 652 1107 τοῦ
686 1053 940 1126 σώματος
986 1057 1263 1129 προνοίας·
1298 1058 1460 1114 τοῦτο
1495 1061 1606 1132 γάρ
1630 1065 1745 1116 ἐστι
1778 1063 1840 1116 τδ

247 1144 614 1215 τρεφόμενον.

324 1345 423 1414 Μὴ
456 1348 714 1417 κρίνετε,
743 1349 844 1404 ἵνα
868 1351 954 1420 μὴ
979 1351 1243 1423 κριθῆτε,
1280 1370 1336 1408 κ.
1379 1372 1430 1409 τ.
1465 1355 1513 1410 λ.

319 1501 568 1557 Φωτίου.
609 1501 736 1558 Ἐὰν
760 1506 972 1578 κρίνῃς,
1005 1506 1268 1580 κριθήσῃ,
1315 1509 1500 1580 φησιν,
1533 1510 1640 1564 ὑπὸ
1670 1528 1830 1566 σεαυ-

237 1592 364 1647 τοῦ.
418 1595 480 1647 Et
525 1594 635 1666 γὰρ
682 1595 1044 1666 ἁμαρτωλοὺς
1091 1600 1320 1670 κρίνεις,
1363 1601 1688 1673 ἁμαρτωλὸς
1728 1601 1828 1668 ὣν,

236 1685 388 1740 κατὰ
417 1688 645 1742 σεαυτοῦ
674 1692 772 1759 τὴν
803 1689 937 1744 ίδίαν
976 1691 1157 1763 κρίσιν
1191 1695 1399 1766 φέρεις.
1439 1696 1610 1765 Ἀφες
1641 1695 1830 1750 λοιπὸν

1364 261 1831 327 FRAGMENTA
1874 265 1956 328 IN
1988 268 2460 334 ΜΑΤΤΗίΕΗΜ.

3386 277 3533 344 1198'

830 367 1003 447 (mir,
1040 367 1127 447 μὴ
1157 370 1480 447 μεριμνᾶτε
1518 372 1595 447 τῇ
1640 375 1817 447 ψυχῇ

2011 375 2178 434 Vsus.
2200 380 2292 434 25.
2335 379 2462 435 Ideo
2486 382 2602 436 dico
2631 384 2797 447 vobis.
2831 403 2895 440 ne
2937 385 3156 443 solliciti
3185 389 3302 445 sitis
3328 391 3524 446 animo!

1950 459 2154 532 vestris,
2182 451 2315 533 quid
2341 451 2691 533 manducetis.
2749 459 3030 533 aut_quid
3084 459 3298 528 bibatis,
3361 476 3525 530 neque

1946 523 2154 587 corpori
2213 529 2382 573 vestro
2412 523 2537 592 quid
2585 523 2902 578 induamini.

2019 610 2216 665 Pliotii.
2263 611 2380 666 Non
2439 614 2573 668 dicit
2621 632 2633 667 :
2692 615 2821 685 quid
2869 620 3162 676 manducet
3193 621 3398 688 anima,
3425 633 3520 677 aut

1945 705 2078 774 quid
2129 705 2298 760 bibat.
2338 707 2535 762 Anima
2592 709 2734 764 enim
2767 725 2995 779 prorsus
3033 713 3357 783 incorporea
3391 729 3517 769 cum

1945 795 2038 858 sit,
2097 810 2276 865 neque
2319 797 2614 853 manducat
2674 815 2848 870 neque
2906 801 3057 856 bibit.
3095 802 3198 857 Sed
3236 804 3410 858 dicit:
3440 803 3520 858 Ne

1943 886 2164 943 solliciti
2193 887 2318 942 silis
2347 890 2543 942 animm
2592 889 2722 958 (hoc
2741 900 2826 945 est
2862 890 3067 960 anima)
3094 889 3225 961 quid
3282 893 3518 947 mandu-

1942 979 2080 1036 cetis
2126 994 2225 1034 vos
2254 990 2348 1034 aut
2400 980 2530 1050 quid
2564 981 2785 1037 bibatis.
2825 981 3036 1037 Etenim
3069 984 3252 1038 anima
3302 995 3518 1039 exercet

1941 1074 2105 1136 atque
2165 1068 2357 1123 incitat
2431 1070 2776 1139 appetitivam
2812 1071 3125 1125 facultatem
3154 1111 3168 1134 ,
3196 1087 3300 1126 non
3330 1073 3519 1142 utique

1941 1157 2026 1211 sui
2088 1172 2277 1222 causa,
2341 1159 2437 1214 sed
2492 1161 2708 1229 corpori
2759 1162 3086 1228 consulens;
3117 1161 3222 1217 hoc
3261 1162 3406 1217 enim
3436 1174 3519 1218 cst

1939 1247 2084 1315 quod
2107 1248 2366 1302 alimento
2399 1259 2752 1304 sustentatur.

1935 1335 2246 1411 Camilli."
2272 1338 2438 1411 Vsus.
2488 1339 2538 1411 1.
2578 1338 2756 1395 Nolite
2773 1341 3038 1411 judicare,
3072 1352 3121 1398 et
3175 1359 3279 1397 non
3307 1343 3517 1405 iudica-

1967 1406 2171 1462 bimini.
2196 1407 2374 1463 Nolite
2393 1406 2825 1474 condemnare,et
2849 1429 2952 1465 non
2985 1406 3478 1468 condemnabimini.

2007 1497 2211 1554 P‘ltotii.
2269 1499 2325 1555 Si
2381 1500 2617 1569 judicas,
2675 1501 2962 1571 judicaris,
2998 1503 3194 1572 inquit,
3221 1519 3250 1558 a
3293 1512 3343 1558 te
3373 1503 3512 1572 ipso.

1936 1587 1993 1645 Si
2029 1592 2173 1645 enim
2209 1600 2522 1661 peccatores
2550 1592 2786 1663 judicas,
2817 1605 3068 1663 peccator
3091 1595 3226 1662 ipse,
3251 1595 3512 1649 adversus

1937 1685 2279 1753 temetipsum
2314 1684 2591 1752 proprium
2621 1684 2885 1753 judicium
2913 1685 3061 1752 fers;
3101 1685 3212 1740 noli
3253 1700 3384 1755 ergo
3424 1685 3513 1756 ju-

729 1743 741 1759 ι
900 1743 903 1744 ν
980 1743 1148 1763 *'|""’
1199 1743 1398 1766 T—|""'
1464 1743 1608 1765 "1'"
1641 1743 1818 1750 """"

231 1776 301 1826 τὸ
328 1777 550 1846 ἐτέρους
580 1778 811 1849 κρίνειν,
859 1782 954 1834 καὶ
987 1781 1140 1852 κρίνε
1188 1783 1435 1848 σεαυτὸν,
1486 1786 1646 1854 μόνον
1675 1787 1818 1850 ὅπως

1938 1776 2115 1831 dicare
2140 1777 2299 1842 alios,
2341 1777 2433 1832 sed
2467 1785 2517 1830 te
2544 1777 2723 1843 ipsum
2752 1777 2924 1831 solum
2955 1794 2972 1842 ;
3011 1793 3078 1830 ne
3117 1776 3238 1831 aliis
3277 1787 3328 1831 to
3354 1777 3514 1832 vicis-

233 1867 316 1935 μὴ
360 1867 452 1936 ἀφ’
484 1869 687 1939 ἑτέρων
711 1871 1030 1943 κρινόμενος
1056 1873 1471 1946 κληρονομήσῃς
1504 1878 1748 1944 γέενναν.

229 1978 443 2058 Πὰῖτςι
473 1976 586 2033 οὖν
615 1981 732 2058 ὅσα
781 1983 858 2038 ἂν
907 1985 1122 2058 θέλητε
1174 1988 1275 2040 ἵνα
1304 1987 1558 2042 ποιῶσιν
1589 1989 1736 2058 ὑμῖν
1761 1994 1818 2044 ot

311 2048 633 2127 ἀγθρῳποι,
655 2053 806 2127 οὕτω
822 2057 920 2109 καὶ
949 2048 1118 2125 ὑμεῖς
1140 2059 1362 2112 ποιεῖτε
1384 2059 1610 2126 αὐτοῖς·
1634 2048 1822 2127 ὀὗτος

309 2119 420 2189 ’γὰρ
448 2121 619 2175 ἐστιν
647 2126 679 2175 ό
700 2125 884 2192 νόμος
904 2119 1002 2180 καὶ
1026 2130 1079 2181 οἱ
1096 2119 1426 2196 προφῆται.

309 2210 561 2264 Φωτιόυ.
604 2212 664 2266 Ὀ
689 2216 852 2283 νόμος
879 2211 1055 2281 οὗτος,
1085 2222 1271 2288 φησὶν,
1298 2219 1399 2273 οὐκ
1428 2220 1542 2274 ἐστι
1576 2222 1822 2292 πρόσφα-

226 2317 346 2368 τος,
379 2301 502 2355 οὐδὲ
530 2304 861 2372 ἀποδείξεών
898 2324 1061 2362 τινων
1103 2309 1197 2361 καὶ
1227 2311 1672 2382 ἐπιχειρημάτων
1703 2312 1822 2365 656-

229 2409 402 2462 μενος
432 2395 516 2447 ὅτι
568 2396 756 2459 καλόςο
797 2397 934 2450 ἀλλὰ
980 2401 1079 2472 τῆς
1126 2401 1341 2469 φύσεως
1397 2402 1496 2471 τῆς
1545 2403 1822 2473 ἡμετέρας

227 2485 386 2538 ἐστὶν
429 2486 630 2541 ὡσανεὶ
681 2490 1077 2562 παράγγελμα,
1142 2495 1424 2545 τουτέστιν
1451 2511 1464 2524 ·
1504 2493 1605 2546 ὅσα
1653 2494 1822 2564 ἐσμὲν

227 2577 510 2647 πρόθυμοι
551 2579 646 2632 καὶ
670 2580 900 2652 πάσχειν
923 2582 1012 2653 ὑφ’
1038 2583 1124 2636 ἑτέ
1132 2601 1264 2655 ρων,
1290 2586 1385 2638 καὶ
1410 2585 1663 2638 ἀπαιτεῖν
1687 2585 1822 2658 παρ’

226 2669 437 2737 αὐτῶν,
465 2669 640 2725 ταῦτα
671 2673 906 2744 ἐσόμεθα
936 2675 1338 2746 προθυμότεροι
1370 2677 1506 2746 πρὸς
1533 2677 1659 2742 τοὺς
1684 2678 1820 2749 πλη-

227 2763 350 2818 σίον
379 2764 732 2835 ἐργάζεσθαι·
767 2765 928 2819 τοῦτο
957 2767 1086 2839 γὰρ,
1120 2771 1278 2839 φησὶ,
1310 2769 1371 2821 τὸ
1404 2769 1684 2840 δικαίωμα
1707 2788 1824 2824 κοι-

222 2853 324 2907 νόν
354 2855 504 2907 ἐστιν
531 2856 624 2910 ἐπὶ
680 2855 868 2909 πᾶσιν.
924 2857 1066 2910 Ὀσα
1097 2856 1206 2927 γάρ
1239 2872 1333 2924 ,σοι
1385 2856 1534 2928 αὑτῷ
1582 2858 1820 2930 δυσχερῆ

224 2947 518 3016 τυγχάνει,
557 2946 735 3000 ταῦτα.
781 2947 972 3018 νόμιζε
1025 2950 1122 3002 καὶ
1175 2951 1287 3013 τοῖς
1332 2949 1541 3021 ἑτέροις
1593 2949 1819 3003 τοιαῦτα

223 3035 394 3092 εἶναι’
433 3037 530 3093 καὶ
572 3038 673 3091 ὅσα
720 3037 861 3092 καλὰ
894 3038 988 3092 xui.
1039 3039 1314 3110 ὠφέλιμα,
1360 3039 1534 3094 ταῦτα
1569 3039 1665 3094 καὶ
1703 3043 1816 3104 τοῖς
1845 3077 1889 3138 C

220 3130 411 3196 ἄλλοις
441 3126 582 3186 εἶναι
609 3132 858 3186 τοιαῦτα.

1333 3256 1355 3282 Ι

451 3400 775 3455 ΕΜέλθετε
803 3400 902 3455 διὰ
932 3400 1041 3471 τῆς
1069 3402 1292 3471 στενῆς
1314 3405 1532 3471 πύλης.

297 3489 552 3546 d5thov.
602 3487 739 3542 Οὔτε
765 3490 926 3562 στενὴ
956 3489 1080 3544 οὔτε
1107 3491 1445 3565 τεθλιμμένη
1478 3495 1627 3549 ἐστὶν
1656 3497 1688 3566 ἡ
1719 3496 1817 3551 νῦν

222 3581 503 3651 γενομένη
536 3580 676 3649 πύλη
701 3621 718 3644 ,
759 3581 898 3636 ἀλλὰ
925 3583 1083 3652 φύσει
1122 3585 1221 3654 μὲν
1260 3586 1493 3639 πλατεῖα
1522 3588 1617 3640 καὶ
1648 3589 1814 3660 εὐρύ-

223 3689 431 3743 χωρος,
460 3673 612 3744 νόμῳ
643 3674 699 3727 δὲ
734 3673 992 3744 ἡμετέρῳ
1029 3676 1126 3728 καὶ
1168 3675 1488 3745 προαιρέσει
1517 3677 1614 3730 καὶ
1653 3681 1814 3750 στενή

224 3765 349 3818 ἐστι
373 3767 468 3819 καὶ
491 3767 856 3838 τεθλιμμένη,
889 3766 965 3831 ὣς
991 3786 1156 3839 φησιν
1179 3770 1208 3820 ὁ
1236 3767 1460 3838 Κύριος.

221 3939 366 4010 Kai_
398 3937 477 4004 τῷ
521 3909 622 4004 ’σῷ
669 3940 912 4009 ὀνόματι
963 3939 1240 4008 δαιμόνια
1279 3939 1666 4010 ἐξεϐάλομεν,
1715 3943 1816 3997 καὶ

291 4007 374 4074 τῷ
402 4012 492 4074 σῷ
517 4011 758 4079 ὀνόματι
772 4007 1068 4078 ’δυνάμεις
1101 4012 1337 4076 πολλὰς
1365 4007 1762 4080 exacti-vager;

300 4103 550 4156 Φωτίου.
611 4103 676 4154 Οἱ
723 4101 984 4172 δαίμονας
1031 4101 1430 4170 φυγαδεύοντες
1482 4105 1576 4157 καὶ
1605 4103 1815 4170 ⁸νόσους

216 4194 624 4255 ἀποδιώκοντες
652 4195 744 4246 καὶ
776 4197 845 4248 τὰ
876 4194 1234 4264 παραπλήσια
1264 4198 1468 4266 σημεῖα
1507 4195 1813 4260 ποιοῦντες,

218 4286 379 4356 παρὰ
417 4285 552 4338 Θεοῦ
578 4286 678 4356 τὴν
708 4286 962 4356 τοιαύτην
1003 4288 1262 4355 εἰλήφασι
1299 4288 1528 4358 δωρεάν.
1574 4288 1816 4342 Κάντεῦ-

1924 1869 2025 1924 sim
2055 1869 2422 1938 judicantibus
2455 1869 2713 1938 gehennm
2742 1868 3090 1938 adjudiccris.

1927 1984 2090 2040 Vens.
2144 1983 2229 2037 12.
2273 1984 2467 2038 Omnia
2516 2002 2636 2054 ergo
2682 2001 3002 2055 quaecunque
3040 1983 3197 2038 vultis
3225 1992 3281 2036 ut
3307 1983 3514 2055 faciant

1994 2056 2136 2109 vobis
2154 2057 2502 2121 homines,.ita
2528 2051 2679 2110 etvos
2695 2051 2863 2126 'facite
2881 2051 3015 2119 illis;
3042 2056 3151 2109 lucc
3176 2063 3252 2107 est
3274 2051 3409 2108 enim
3426 2051 3512 2106 tere

1995 2137 2044 2178 et
2089 2128 2374 2194 propheta}.

1997 2217 2197 2273 Pliotii.
2236 2218 2363 2273 llaec
2392 2220 2500 2283 lcx,
2533 2218 2727 2288 inquit,
2761 2232 2869 2272 non
2899 2231 3091 2273 recens
3117 2215 3224 2269 lata
3275 2223 3366 2268 aut
3411 2228 3514 2266 nu-

1929 2325 2024 2380 per
2059 2311 2205 2365 edita
2235 2321 2360 2366 est:
2403 2327 2584 2380 neque
2640 2310 2708 2364 ad
2741 2310 3268 2364 demonstrationem
3303 2306 3512 2362 utilita—

1926 2403 1995 2457 tis
2020 2404 2411 2472 aequitatisque
2447 2417 2560 2456 suae
2595 2400 2952 2456 suasionibus
2991 2402 3274 2454 rhetorum
3341 2413 3507 2468 argu-

1924 2496 2230 2564 mentisquc
2271 2494 2495 2562 indiget,
2537 2494 2628 2548 sed
2688 2501 2896 2546 naturae
2931 2492 3104 2562 ipsius
3145 2500 3346 2544 nostra:
3393 2488 3513 2544 edi~

1924 2592 2070 2638 ctum
2130 2583 2285 2652 quasi
2358 2592 2679 2652 perpetuum
2730 2591 2812 2638 cst
2842 2599 2855 2636 :
2890 2589 2950 2636 ut
2998 2595 3118 2650 quae
3157 2581 3384 2634 libenter
3440 2579 3510 2632 ab

1922 2676 2046 2731 aliis
2075 2675 2376 2745 accipimus
2409 2675 2786 2730 deferentibus
2840 2674 3004 2738 ultro,
3040 2688 3070 2728 a
3123 2670 3508 2728 cunctantibus

1921 2766 2086 2821 etiam
2161 2767 2454 2837 exigimus,
2515 2766 2702 2821 eadem
2768 2773 3160 2834 reprznsentare
3241 2761 3511 2833 proximis-

1923 2858 2088 2912 etiam
2145 2858 2453 2928 promptius
2510 2857 2893 2926 prolixiusque
2954 2857 3296 2912 Studeamus.
3367 2853 3497 2908 llaec

1923 2947 2093 3011 enim,
2127 2948 2327 3018 inquit,
2364 2947 2678 3004 communis
2739 2957 2904 3018 atque
2953 2947 3208 3002 omnibus
3259 2945 3502 3016 impositi

1921 3039 2079 3094 cilicii
2110 3040 2297 3110 regula
2346 3050 2449 3094 est.
2481 3039 2834 3109 Quaecunque
2872 3039 3015 3094 enim
3037 3037 3128 3093 tibi
3156 3037 3259 3108 ipsi
3293 3038 3504 3106 ingrata

1921 3141 2069 3196 sunt,
2101 3133 2288 3187 eadem
2320 3143 2374 3186 ct
2405 3131 2530 3186 aliis
2570 3131 2822 3185 similiter
2875 3131 3104 3185 molesta
3149 3145 3270 3185 esse
3311 3129 3502 3185 existi-

1919 3239 2069 3279 mare
2121 3231 2173 3279 te
2221 3223 2509 3289 convenit;
2541 3237 2882 3292 quascunque
2912 3238 3039 3277 vero
3077 3223 3217 3276 bona
3241 3219 3505 3292 experiris

1915 3327 1968 3371 et
1998 3317 2306 3380 commoda,
2348 3315 2462 3368 haec
2487 3315 2677 3370 eadem
2712 3323 2766 3368 ct
2796 3315 2915 3368 aliis
2951 3314 3078 3368 talia
3107 3329 3250 3368 esse.

1992 3405 2159 3461 Vsus.
2195 3407 2280 3460 1'5.
2306 3405 2510 3460 Intrate
2531 3422 2626 3476 per
2660 3413 2937 3474 angustum
2961 3418 3189 3473 portum.

1995 3496 2193 3551 Pliotii.
2223 3496 2413 3567 Neque
2471 3505 2704 3568 angusta
2756 3512 2932 3565 neque
2986 3504 3135 3549 arcta
3171 3509 3268 3563 per
3320 3508 3379 3549 sc
3417 3502 3503 3547 est

1916 3606 2024 3663 qua
2059 3592 2127 3646 de
2154 3606 2299 3646 nunc
2348 3590 2528 3661 agitur
2567 3597 2744 3660 porta,
2781 3588 2872 3643 sed
2922 3595 3119 3640 natura
3168 3585 3385 3654 quidem
3437 3599 3502 3638 ac

1918 3681 2236 3735 conditione
2264 3681 2492 3752 pr0pria_
2523 3679 2628 3732 lata
2686 3689 2737 3732 et
2775 3676 3016 3746 spatiosa
3038 3715 3054 3742 ,
3087 3675 3335 3728 instituto
3373 3688 3502 3728 vero

1918 3774 2258 3842 arbitrioque
2312 3783 2523 3836 nostro,
2549 3785 2604 3826 et
2659 3778 2808 3826 arcta
2835 3778 2889 3823 et
2919 3777 3173 3839 angusta,
3203 3779 3262 3822 ut
3292 3766 3366 3821 ait
3393 3767 3501 3821 Ι)οο

1921 3860 2125 3918 minus.

1926 3954 2090 4010 Vens.
2117 3954 2210 4008 2.9..
2245 3952 2309 4005 Et
2343 3955 2396 4006 in
2431 3952 2637 4005 nomine
2661 3959 2748 4004 tuo
2773 3952 3040 4005 dwmonia
3062 3951 3338 4020 ejecimus,
3367 3959 3416 4004 et
3442 3949 3496 4002 in

2155 4025 2364 4077 nomine
2396 4033 2484 4075 tuo
2511 4027 2727 4074 virtutes
2755 4022 2952 4075 multus
2989 4022 3253 4090 fecimus?

1991 4115 2194 4170 Photii.
2227 4115 2331 4179 Qui
2365 4116 2644 4168 daemonas
2667 4111 2860 4182 fugant
2887 4120 2942 4166 et
2975 4113 3198 4167 morbos
3228 4109 3504 4180 expellunt

1919 4208 2227 4278 similiaque
2264 4207 2418 4276 signa
2453 4205 2676 4268 faciunt,
2708 4221 2736 4259 a
2773 4207 2880 4260 Deo
2914 4205 3038 4258 talis
3087 4201 3360 4258 facultatis
3400 4203 3502 4256 do-

1921 4317 2052 4355 num
2093 4309 2444 4370 acceperunt.
2488 4298 2562 4352 Ex
2599 4313 2709 4367 quo
2744 4299 2862 4367 ipso
2903 4312 3098 4367 magna
3140 4296 3194 4349 in
3234 4311 3332 4351 eos
3364 4295 3506 4349 obli-

218 4378 322 4432 θεν
353 4379 522 4449 ὲχρῆν
558 4379 755 4442 αὐτοὺς
805 4378 900 4432 καὶ
932 4379 1134 4450 ἀρετὰς
1185 4379 1487 4447 κεκτῆσθαι
1518 4381 1629 4442 τοῖς
1659 4379 1816 4448 χαρί-

1938 4394 2072 4464 gatio
2103 4391 2370 4446 incumbit
2392 4390 2758 4460 parandarum
2781 4388 3040 4442 virtutum
3069 4385 3500 4442 charismatibus

223 4484 406 4537 σμασι
464 4468 832 4540 καταλὶήλους
857 4485 870 4497 ⁸
909 4469 1031 4520 ἐπεὶ
1081 4469 1137 4520 δὲ
1179 4467 1495 4538 χαρίσματα
1532 4468 1817 4537 εἰληφότες

213 4563 329 4616 οὐκ
379 4561 675 4630 ἐφύλαττον
722 4561 981 4626 ἑαυτοὺς,
1007 4560 1122 4613 ἀλλ’
1141 4560 1357 4612 ἐποίουν
1387 4559 1454 4612 τὰ
1488 4558 1666 4627 φαῦλα
1691 4601 1705 4623 ,
1735 4562 1818 4630 ἐρ-

215 4654 359 4726 ρἑη
419 4654 556 4724 πρὸς
611 4653 827 4717 αὐτούς’
891 4651 1274 4720 Ἀποχωρεῖτε
1335 4651 1435 4706 ἀπ’
1483 4652 1660 4721 ἐμοῦ,
1702 4654 1813 4706 οὐκ

213 4745 359 4802 οἶδα
390 4747 561 4818 ὑμᾶς.
593 4749 732 4810 Τοὺς
787 4747 896 4817 γὰρ
951 4749 1317 4815 γινώσκοντας
1350 4745 1513 4800 αὑτὸν
1549 4747 1644 4798 καὶ
1673 4747 1808 4813 ἁγαο

212 4840 440 4903 σπῶντας
472 4839 765 4908 ἀνταγαπᾷ
785 4841 812 4892 ὁ
841 4839 971 4900 Θεὸς
1012 4839 1107 4891 καὶ
1137 4836 1414 4906 γινώσκει.

217 4955 310 5009 οὐ
358 4954 468 5024 γὰρ
510 4950 702 5025 ἦλθον
755 4955 1008 5009 καλέσαι
1056 4956 1362 5020 δικαίους,
1405 4955 1570 5009 ἀλλὰ
1613 4957 1798 5024 ἀμαρ-

626 5029 855 5092 tonio-iu;
885 5029 972 5091 εὶς
996 5025 1337 5095 μετάνοιαν.

297 5118 543 5172 Φωτίου.
569 5119 661 5184 Τὸ,
685 5121 806 5172 Οὐκ
833 5115 1022 5188 ἦλθον
1047 5118 1304 5172 καλέσαι
1335 5117 1626 5184 δικαίους,
1647 5119 1806 5175 ἀλλὰ

213 5211 634 5279 ἁμαρτωλοὺς,
667 5207 840 5276 εἶπεν,
874 5213 960 5264 ἵνα
992 5211 1141 5282 δείξῃ
1184 5211 1265 5263 ὅτι
1300 5213 1415 5264 Οὐκ
1457 5207 1619 5281 ἦλθον
1647 5212 1808 5264 καλέ-

217 5318 317 5353 σαι
350 5302 495 5373 ὑμᾶς
523 5304 649 5364 τοὺς
673 5302 1014 5365 δικαιοῦντας
1059 5302 1286 5364 ἑαυτοὺς
1308 5341 1323 5367 ,
1352 5301 1487 5356 ἀλλὰ
1515 5303 1642 5366 τοὺς
1680 5306 1810 5373 ὁμο-

217 5391 514 5460 λογοῦντας
547 5393 905 5463 ἁμαρτωλοὺς
955 5391 1096 5448 εἶναι
1145 5394 1242 5446 καὶ
1292 5393 1650 5463 πειθομένους
1689 5397 1804 5460 τοῖς

225 5487 382 5553 ἐμοῖς
413 5486 852 5555 προστάγμασιν.

1927 4486 2078 4539 Ιιίεοε
2109 4483 2544 4552 congruentium.
2605 4480 2877 4548 Quoniam
2936 4481 3103 4550 igitur
3148 4477 3503 4534 cllarismatis

1922 4575 2165 4645 acceptis
2186 4590 2294 4628 non
2325 4573 2704 4628 custodierunt
2737 4576 2974 4642 seipsos,
3006 4571 3101 4625 sed
3137 4571 3278 4623 mala
3310 4585 3504 4638 perpe-

1921 4678 2156 4725 trat-unt,
2186 4667 2393 4719 dictum
2427 4673 2510 4719 est
2535 4663 2601 4717 ad
2635 4663 2780 4733 ipsos
2810 4679 2824 4716 :
2853 4661 3112 4715 Discedite
3140 4678 3172 4714 a
3204 4676 3302 4724 me,
3327 4659 3501 4713 nescio

1923 4775 2008 4813 vos
2032 4776 2050 4823 ;
2077 4766 2471 4828 cognoscentes
2497 4757 2639 4810 enim
2676 4765 2731 4809 et
2755 4763 3001 4808 amantes
3050 4753 3227 4823 ipsum
3257 4751 3505 4807 redamat

1921 4858 1976 4903 et
2005 4847 2248 4902 vicissim
2276 4846 2558 4914 cognoscit
2587 4843 2750 4900 Deus.

1907 4961 2041 5017 CAP.
2083 4959 2178 5014 IX.
2229 4956 2393 5012 Vsus.
2447 4955 2535 5010 15.
2582 4954 2704 5008 Νοη
2746 4953 2884 5008 enim
2925 4953 3038 5006 veni
3076 4967 3258 5006 vocare
3296 4949 3500 5021 justas.

2228 5030 2318 5082 sed
2349 5037 2650 5096 peccatores
2682 5025 2750 5077 ad
2790 5024 3174 5093 pcenitentiam.

1985 5122 2180 5177 l’ltotii.
2214 5120 2352 5176 Illud
2395 5159 2410 5184 ,
2450 5119 2571 5173 Non
2600 5118 2715 5172 veni
2742 5133 2924 5171 vocare
2946 5116 3144 5186 justas,
3185 5113 3275 5170 sed
3313 5129 3498 5184 pecca-

1911 5223 2077 5278 tores,
2103 5213 2266 5275 dixit,
2301 5221 2360 5265 ut
2390 5210 2709 5266 ostenderet
2741 5225 2847 5262 non
2876 5209 3089 5262 venisse
3121 5208 3309 5276 utique
3336 5222 3393 5258 sc
3428 5202 3495 5254 ad

1911 5307 2188 5361 vocandos
2222 5321 2316 5359 eos
2341 5320 2480 5374 quos
2512 5303 2911 5370 alloquebatur.
2955 5301 3047 5370 qui
3079 5315 3138 5355 se
3169 5300 3321 5366 ipsos
3380 5295 3497 5347 cxi-

1919 5399 2216 5456 stimabaut
2242 5405 2296 5451 et
2333 5396 2824 5466 jactabautjustos.
2860 5393 3071 5448 Navare
3097 5391 3241 5446 enim
3272 5402 3330 5441 se
3363 5399 3494 5453 ope-

1912 5506 2028 5545 ram
2061 5489 2128 5543 iis
2181 5489 2449 5546 duraxat
2474 5487 2735 5542 vocandi;
2757 5486 2850 5555 qui
2881 5500 2942 5539 se
2969 5485 3110 5536 ultro
3136 5482 3494 5547 agnoscerent

219 5589 277 5637 et
316 5579 618 5636 faterentur
655 5590 970 5650 peccatores
999 5597 1120 5635 esse
1158 5599 1170 5634 :
1233 5581 1438 5650 quique
1488 5581 1594 5639 ista
1627 5582 1957 5642 humilitatis
2025 5583 2254 5655 proprlﬁ
2332 5580 2654 5641 tonscientia
2716 5569 2996 5634 Submissi»
3038 5568 3238 5622 αυείιυδ
3270 5581 3328 5621 δε
3369 5564 3485 5620 θυῖε

220 5673 409 5730 verbis
439 5681 491 5730 ct
521 5673 883 5744 obsequentes
921 5673 1163 5743 imperiis
1195 5676 1515 5742 praeberent.
