3978 6218
464 269 609 336 1199

1589 277 1852 338 ΡΗΟΤΙΙ
1894 281 2394 343 ΡΑΤΒΙΑΗΟΗᾹΞ
2433 285 2540 343 ΟΡ.

3577 278 3718 344 1200

501 381 664 439 Vsus.
705 382 795 438 17.
840 381 1023 453 Neque
1066 354 1282 438 mittunt
1319 385 1496 440 vinum
1539 401 1730 440 novum
1762 387 1818 442 in
1851 397 1991 443 utres

2150 389 2287 444 osse
2329 390 2679 454 βάλλουσιν
2738 384 2907 444 οἶνον
2963 391 3106 446 νέον
3177 390 3264 456 εὶς
3314 385 3545 454 dach
3609 403 3721 445 uae

1138 464 1349 509 veteres.

531 563 742 619 Plautii.
781 563 943 622 Utres
973 576 1205 632 veteres;
1243 568 1492 625 homines
1521 552 1574 624 in
1607 581 1747 627 statu
1782 573 1916 642 legis
1941 589 2034 629 vc-

463 654 596 715 teris
629 655 958 720 constitutos
1009 654 1161 710 dicit.
1194 655 1392 710 Vinum
1419 673 1549 716 vero.
1577 675 1802 725 novum,
1830 662 2033 717 Christi

463 744 696 818 gratiam
738 745 897 810 nobis
926 745 1201 815 pOSterius
1238 747 1439 812 datam,
1480 759 1573 809 aut
1605 749 1811 815 Novum
1841 749 2034 805 Testa-

466 843 764 892 mentum.)

469 951 599 1008 CAP.
636 951 708 1009 X.
763 950 924 1010 Vens.
950 953 1042 1010 38.
1065 949 1137 1010 Et
1161 954 1250 1023 qui
1283 969 1383 1008 non
1409 954 1600 1023 accipit
1631 971 1837 1015 crucem
1856 973 2032 1022 suum,

738 1031 788 1076 et
819 1023 1055 1092 sequitur
1082 1040 1180 1086 me,
1209 1040 1314 1076 non
1345 1034 1422 1077 est
1449 1040 1528 1078 me
1552 1025 1763 1095 dignus.

536 1111 738 1179 Photii.
763 1114 868 1187 Qui
899 1131 1002 1168 non
1028 1114 1229 1194 baiulat
1252 1132 1457 1173 crucem
1487 1133 1677 1182 meam,
1709 1117 1907 1189 inquit,
1930 1135 2036 1173 non

463 1213 543 1258 est
593 1222 675 1259 me
722 1205 910 1274 dignus
944 1206 986 1260 ⁸.
1034 1204 1150 1261 Iloc
1191 1217 1298 1273 est,
1345 1207 1596 1278 quisquis
1639 1219 1870 1263 mortem
1918 1226 2038 1265 mea

464 1311 630 1363 causa
651 1296 985 1356 subeundam
1020 1311 1130 1352 non
1152 1311 1366 1366 semper
1386 1299 1569 1352 animo
1592 1298 1775 1365 volvit,
1791 1301 2040 1358 assidue-

463 1402 570 1456 que
594 1385 904 1453 meditatur,
932 1401 1041 1443 non
1073 1395 1158 1442 est
1185 1403 1272 1443 me
1290 1388 1509 1458 dignus.

530 1495 659 1550 CAP.
701 1495 795 1552 Xl.
836 1496 1006 1554 Vsus.
1039 1497 1194 1570 6._Et
1226 1499 1409 1553 beatus
1443 1509 1518 1554 est
1546 1501 1638 1569 qui
1667 1517 1771 1554 non
1799 1501 1962 1570 fuerit

946 1567 1340 1623 scandalizatus
1363 1570 1540 1624 inme.

533 1654 734 1713 Pliotii.
758 1658 958 1714 Multos
981 1657 1210 1715 oll'endit
1233 1675 1296 1714 ea
1325 1675 1431 1730 qua
1453 1661 1564 1716 duo
1586 1661 1837 1731 discipuli
1868 1663 2037 1726 Joan-

2837 461 3068 526 λαιούς.

2205 572 2448 644 diuidat).
2526 572 2754 636 Ἀσκοὺς
2785 574 3048 636 παλαιοὺς
3094 573 3221 636 τοὺς
3271 573 3331 626 ἐν
3380 572 3460 643 τῷ
3503 570 3720 644 παλαιῷ

2136 665 2286 736 νόμῳ
2322 666 2610 735 κειμένους
2659 665 2831 735 λέγει·
2867 663 3011 720 οἶνον
3043 665 3100 719 δὲ
3137 666 3277 729 νέον,
3317 665 3418 735 τὴν
3450 664 3545 718 τοῦ
3582 663 3720 732 Χρι-

2139 756 2264 809 στοῦ
2291 756 2454 828 χάριν
2502 755 2601 830 τὴν
2631 756 2877 819 δοθεῖσαν
2908 759 3045 828 ἡμῖν
3076 755 3328 828 ὕστερον,
3359 756 3394 826 ἢ
3434 755 3534 826 τὴν
3571 755 3722 808 Νέαν

2137 849 2436 922 Διαοήκην.

2135 966 2246 1020 Καὶ
2291 965 2360 1032 ὃς
2404 968 2477 1020 οὐ
2524 964 2813 1032 λαμϐάνει
2857 965 2966 1020 τὸν
3027 963 3296 1032 σταυρὸν
3347 961 3571 1024 αὐτοῦ,
3619 959 3720 1015 καὶ

2241 1035 2563 1092 ἀκολουθεῖ
2585 1037 2780 1088 ὀπίσω
2805 1053 2947 1104 μου,
2981 1037 3093 1088 οὐκ
3115 1034 3250 1087 ἐστι
3271 1051 3392 1103 μου
3421 1032 3612 1097 ἄξιος.

2209 1127 2453 1182 Φωτίου.
2486 1128 2696 1192 Ὅστις
2733 1127 2803 1181 οὐ
2825 1124 3118 1191 ,ϐαστάζει
3141 1124 3250 1179 τὸν
3275 1122 3543 1189 σταυρόν
3563 1139 3719 1192 μου,

2139 1217 2332 1287 φησὶν.
2369 1217 2483 1270 οὐκ
2523 1217 2657 1270 ἔστι
2686 1233 2807 1285 μου
2834 1215 3026 1281 ἄξιος.
3059 1214 3376 1280 Τουτέστιν,
3427 1211 3579 1274 ὅστις
3625 1209 3720 1263 τδν

2139 1309 2278 1378 ὑπὲρ
2329 1308 2466 1379 ἐμοῦ
2499 1308 2729 1362 θάνατον
2779 1309 2880 1361 οὐκ
2904 1307 2993 1362 ἀεὶ
3023 1307 3135 1377 ἔχει
3174 1307 3232 1359 ἐν
3255 1308 3322 1378 τῇ
3351 1304 3498 1376 ψυχῇ
3527 1301 3622 1356 καὶ
3643 1300 3721 1354 δι-

2138 1403 2348 1475 ηνεκῶς
2369 1403 2556 1458 τοῦτον
2591 1403 2810 1474 μελετᾷ,
2839 1403 2940 1457 οὐκ
2966 1403 3082 1456 ἔστι
3111 1419 3212 1474 μου
3233 1400 3402 1468 ἄξιος.

2139 1517 2248 1575 Kal
2291 1517 2578 1589 μακάριός
2615 1517 2788 1572 ἐστιν
2826 1517 3034 1648 δέ
3061 1515 3151 1587 μὴ
3186 1511 3612 1581 σκανδαλισθῇ
3646 1511 3724 1566 ἐν

2963 1603 3005 1640 ι.

2209 1680 2456 1735 Φωτίου.
2485 1680 2679 1735 Πολλοὶ
2701 1603 3143 1745 ἐσκανῖάλίζοντο
3172 1675 3261 1740 διὰ
3287 1675 3387 1748 τὴν
3408 1674 3518 1728 τῶν
3544 1672 3722 1744 μαθη-

462 1746 568 1812 nis,
616 1749 860 1819 magistri
903 1749 988 1805 sui
1040 1749 1198 1819 jussu
1247 1764 1314 1804 ac
1354 1752 1595 1816 nomine,
1648 1753 1715 1807 ad
1763 1753 2032 1814 Christum

2150 1770 2248 1823 :th
2300 1772 2394 1824 τοῦ
2459 1744 2718 1830 Ἰωάννου
2753 1773 3044 1843 ἐρώτησιν,
3097 1768 3169 1839 ἢν
3208 1744 3590 1840 προσήνεγκαν
3637 1762 3726 1842 τῷ

462 1835 634 1892 functi
660 1847 807 1903 sunt,
842 1839 1058 1910 legatio,
1094 1841 1384 1910 quamdam
1416 1840 1471 1895 in
1499 1840 1708 1903 Joanne
1732 1843 1798 1900 de
1821 1844 2039 1908 Christo

461 1925 858 1986 dubitationem
885 1927 1127 1983 indicare
1158 1928 1299 1983 visa.
1329 1931 1755 2001 Ambiguitatem
1799 1949 1929 2005 ergo
1962 1939 2038 1993 rei

463 2017 662 2085 totius,
693 2019 1123 2090 scandalumque
1153 2022 1387 2086 astantis
1420 2024 1626 2094 populi,
1666 2042 1775 2082 non
1818 2029 2038 2086 aliunde

461 2107 659 2162 melius
699 2108 934 2163 tollenda
969 2108 1220 2166 Christus
1255 2113 1484 2182 putavit,
1523 2130 1686 2183 quam
1723 2121 2039 2177 testimonio

460 2197 708 2266 ipsorum
748 2200 841 2269 qui
888 2216 950 2256 se
994 2201 1480 2273 interrogaveram.
1522 2205 1702 2262 Utitur
1747 2224 1878 2282 ergo
1931 2214 2040 2270 illis

2142 1865 2362 1936 Χριστῷ
2381 1883 2393 1895 ·
2441 1867 2540 1920 οὐκ
2563 1866 2782 1928 ἄλλοθεν
2807 1865 2899 1926 οὖν
2933 1863 3049 1917 λύει
3077 1862 3177 1932 τὴν
3206 1859 3536 1931 ᾲμφιὸολίαν
3565 1857 3613 1910 εἶ
3641 1856 3723 1927 μὴ

2143 1953 2204 2020 ἐξ
2233 1955 2414 2008 αὐτῶν
2465 1955 2573 2009 τῶν
2604 1956 3018 2027 ἐρωτησάντων,
3056 1952 3325 2026 μάρτυσιν
3358 1949 3540 2011 αὐτοῖς
3570 1945 3726 2016 χρώς

2146 2061 2328 2114 μενος.
2357 2045 2528 2100 Τοῦτο
2555 2047 2598 2100 δ’
2625 2043 2693 2118 ἦν
2723 2048 2788 2099 ἐκ
2815 2045 2910 2099 τοῦ
2940 2044 3240 2097 θεάσασθαι
3265 2041 3464 2104 αὐτοὺς
3488 2039 3557 2091 τὰ
3584 2035 3722 2090 θαύ-

2143 2151 2310 2204 ματα,
2360 2136 2455 2190 καὶ
2501 2139 2868 2208 ὑποστρέφειν
2911 2134 3048 2207 πρὸς
3094 2133 3371 2204 Ἰωάννην,
3412 2129 3507 2184 καὶ
3536 2131 3723 2196 ἀπαγ-

2141 2227 2318 2292 γεῖλαι
2351 2229 2500 2300 αὐτῷ
2529 2230 2566 2283 ά
2602 2229 2918 2284 ἐθεάσαντο.

464 2291 598 2356 ipsis
624 2291 870 2347 veritatis
895 2306 1008 2392 suae
1033 2294 1284 2392 testibus.
1315 2295 1593 2353 Miraculis
1623 2300 1771 2361 enim
1837 2303 1892 2358 in
1959 2291 2202 2378 ipsorum
2267 2291 2565 2392 conspectu
2599 2319 2950 2391 perpetratis,
3019 2317 3196 2374 redire
3227 2315 3293 2371 ad
3324 2313 3592 2370 Joannem
3623 2326 3723 2370 eos

456 2381 633 2448 jubet,
659 2396 723 2435 ac
749 2383 1063 2438 renuntiare
1086 2383 1191 2454 ipsi
1217 2401 1339 2455 quae
1365 2387 1648 2446 vidissent.

467 2471 626 2536 Vsus,
778 2472 882 2526 Hic
903 2483 980 2564 est
1009 2477 1148 2528 enim
1174 2479 1237 2530 de
1260 2495 1360 2564 quo
1381 2482 1634 2564 scriptum
1657 2496 1754 2552 est,
1785 2487 1916 2546 Ecce
1939 2510 2033 2564 ego

587 2544 738 2609 mitto
766 2544 1011 2622 angelum
1043 2562 1213 2610 meum
1238 2544 1358 2609 aute
1379 2544 1572 2619 faciem
1597 2544 1768 2625 tuam,
1798 2544 1907 2616 etc.

531 2698 734 2769 Phatii.
766 2698 1064 2770 Propterea
1110 2701 1177 2756 ad
1220 2702 1522 2774 discipulos
1552 2707 1782 2766 Joannis
1809 2713 1888 2768 ait
1920 2715 2039 2772 Sal-

459 2799 614 2844 vator
650 2806 666 2842 :
701 2788 890 2847 Videte
913 2791 1175 2847 miracula
1208 2803 1262 2848 et
1284 2797 1557 2861 nuntiate,
1592 2809 1652 2854 ut
1681 2803 2039 2874 solvatjsean-

458 2882 641 2950 dalum
660 2897 769 2951 quo
788 2885 1138 2940 scandalizati
1160 2885 1722 2962 suntJudaai,propter
1741 2895 2040 2969 interroga-

461 2973 665 3038 tionem
692 2974 942 3044 Joannis,
975 2977 1110 3047 ipsis
1142 2979 1248 3035 illis
1277 2979 1504 3037 Joannis
1559 2984 1842 3056 discipulis
1877 3000 2040 3046 utens

458 3067 725 3134 testibus,
756 3076 810 3121 et
853 3069 1011 3138 quasi
1047 3070 1128 3126 eis
1175 3073 1362 3129 dicens
1392 3093 1405 3129 :
1441 3074 1547 3131 Vos
1589 3079 1846 3148 prmclarc
1869 3083 2041 3153 scitis

459 3157 605 3240 quod
641 3157 708 3212 de
759 3174 844 3213 me
876 3159 1114 3216 Joannes
1155 3165 1528 3235 testimonium
1567 3169 1802 3245 dederit,
1833 3174 2040 3241 qualis-.

461 3263 568 3307 auc
591 3265 656 3304 ac
679 3260 918 3331 quantus
967 3265 1340 3325 quantumque
1379 3258 1482 3313 ﬁde
1515 3259 1710 3337 dignus
1745 3263 1790 3318 is
1822 3265 1904 3317 vir
1940 3265 2030 3333 sit,

460 3341 762 3409 intelligitis
809 3343 1054 3403 omnium
1092 3347 1364 3413 maxime;
1412 3350 1501 3408 cui
1545 3366 1642 3407 vos
1684 3356 2032 3426 permisistis,

459 3441 719 3503 suscepto
749 3433 815 3488 ab
843 3449 908 3493 eo
942 3436 1216 3504 baptismo
1245 3441 1296 3492 in
1324 3439 1560 3497 Jordane
1593 3445 1729 3515 (10).

493 3519 662 3589 Visus.
692 3523 778 3576 Η.
819 3523 1074 3612 ᾼιῌεὺιιδ
1101 3537 1274 3612 autem
1299 3529 1520 3612 Joannis
1545 3533 1807 3612 Baptism
1834 3555 1997 3612 usque

636 3609 797 3657 nunc,
829 3610 1041 3664 regnum
1069 3598 1317 3652 caelorum
1355 3603 1460 3655 vim
1490 3598 1714 3672 patitur,
1746 3618 1853 3664 etc.

532 3748 734 3805 PJiotii.
760 3751 836 3806 Ad
866 3756 974 3806 vim
999 3755 1306 3823 expositum
1331 3756 1461 3813 dicit
1480 3776 1706 3831 regnum
1723 3765 1986 3822 caelorum
2013 3808 2029 3834 ,

458 3850 510 3896 et
536 3843 789 3898 violentis
821 3845 1133 3910 raptoribus
1163 3849 1358 3918 praeda:
1396 3849 1511 3905 fore
1542 3869 1557 3906 :
1590 3853 1753 3924 idque
1781 3873 1814 3910 a
1850 3858 2032 3914 diebus

456 3931 709 3998 Joannis,
741 3934 846 3989 isto
880 3936 1134 4006 loquendi
1163 3940 1324 3994 modo
1355 3942 1692 4013 significans,
1721 3962 1828 4009 non
1858 3950 2035 4006 cuivis

457 4025 527 4080 de
560 4026 724 4094 vulgo
763 4028 1006 4096 promitti
1053 4044 1280 4100 regnum
1319 4032 1483 4100 istud,
1517 4036 1609 4089 sed
1644 4043 2035 4110 contemptori-

457 4113 560 4168 bus
581 4128 770 4183 opum,
805 4115 1010 4185 gloriae,
1044 4127 1354 4187 parentum,
1384 4121 1642 4189 ﬁliorum,
1672 4130 1865 4183 mortis
1898 4131 2032 4184 adeo

458 4204 654 4272 ipsius.
673 4205 811 4260 Ante
835 4221 1003 4275 porro
1024 4223 1190 4277 quam
1221 4210 1441 4266 doceret
1461 4213 1736 4283 Christus,
1755 4235 2034 4291 quamque

457 4297 800 4363 apparuisset
824 4295 1081 4364 Joannes,
1116 4300 1356 4360 nondum
1389 4313 1505 4357 erat
1539 4305 1715 4374 palam
1747 4317 2030 4366 ostensum

457 4400 521 4440 ac
544 4387 872 4455 promissum
895 4405 1120 4460 regnum
1151 4394 1414 4448 ccelorum
1437 4413 1452 4461 ;
1475 4400 1566 4452 sed
1596 4415 1716 4468 qua:
1737 4408 1851 4455 tum
1876 4414 2034 4468 erant

457 4477 874 4544 promissiones,
905 4483 1153 4542 carnales
1183 4492 1360 4541 erant.
1393 4485 2032 4565 l’romittcbaturncmpo

455 4570 834 4639 multiplicatio
858 4575 1094 4641 generis,
1127 4576 1352 4632 victoria
1386 4579 1452 4633 de
1487 4581 1759 4645 hostibus,
1794 4595 1848 4639 et
1875 4588 2030 4641 simi-
2063 4567 2108 4620 θ

453 4657 548 4714 lia.
583 4658 658 4712 Ex
682 4675 792 4729 quo
814 4671 994 4716 autem
1016 4661 1256 4720 Joannes
1279 4667 1607 4736 baptismum
1646 4675 2027 4745 promulgavit,

451 4756 510 4804 et
531 4760 778 4806 nostrum
811 4767 877 4807 eo
904 4753 1195 4809 Dominum
1239 4759 1418 4823 tinxit,
1447 4770 1502 4815 ct
1533 4760 1772 4831 Spiritus
1816 4782 1917 4826 suo
1949 4778 2029 4822 te-

454 4843 714 4897 stimonio
734 4845 1129 4901 demonstravit
1148 4849 1482 4921 unigenitum
1513 4853 1692 4911 Patris
1722 4857 1951 4924 Filium,
1978 4873 2032 4916 et

455 4931 571 4999 ipse
598 4933 849 4991 Christus
874 4939 1172 5007 praedicare
1203 4944 1366 5012 cmpit
1397 4960 1624 5016 regnum
1657 4951 1943 5016 caelorum,
1967 4968 2031 5007 ex

455 5035 522 5075 eo
550 5031 793 5092 tempore
829 5029 1116 5086 desideriis
1155 5034 1436 5088 hominum
1473 5052 1538 5092 ac
1564 5040 1846 5108 cupiditati
1877 5043 2027 5112 obje-

455 5121 602 5168 ctum
632 5125 717 5170 est
749 5118 1061 5192 rapiamque
1092 5129 1402 5196 expositum
1437 5131 1700 5186 cmlorum
1729 5151 1977 5203 regnum.

527 5292 549 5325 ⁸
585 5292 720 5349 Luc.
768 5311 878 5362 xw,
913 5298 1002 5352 27.

2143 2491 2331 2562 Οὗτος
2373 2495 2483 2567 γάρ
2514 2495 2646 2567 ἐστι
2695 2493 2830 2567 περί
2869 2487 2942 2550 οὗ
2985 2492 3328 2567 γέγραπται,
3386 2489 3562 2567 Ἰδοὺ,
3602 2488 3728 2556 ἐγὼ

2207 2559 2568 2688 duca-gelata)
2606 2559 2865 2634 ἄγγελόν
2898 2559 3020 2634 μού
3063 2559 3181 2632 πρὸ
3220 2559 3545 2630 προσώπου
3576 2574 3723 2625 σου,

2210 2655 2266 2690 κ.
2297 2654 2348 2690 τ.
2416 2677 2428 2689 .

2208 2730 2451 2783 Φωτιόυ.
2488 2727 2586 2780 Διὰ
2615 2725 2772 2780 τοῦτο
2815 2726 2952 2797 πρὸς
2991 2723 3119 2786 τοὺς
3161 2722 3408 2794 μαθητὰς
3467 2720 3724 2775 Ἰωάννου

2139 2819 2305 2891 φησὶν
2330 2819 2358 2871 ὁ
2390 2819 2581 2889 Σωτήρ
2599 2834 2614 2849 ο
2670 2815 2907 2870 Βλέπετε
2945 2815 3014 2868 τὰ
3042 2813 3298 2884 θαύματα
3325 2812 3417 2866 καὶ
3447 2811 3723 2879 ἀπαγγεί-

2139 2911 2292 2974 λατε,
2343 2910 2434 2966 ἵνα
2464 2910 2602 2982 λύσῃ
2643 2909 2704 2962 τὸ
2749 2906 3046 2964 σκάνδαλον
3087 2906 3116 2959 ὃ
3145 2903 3639 2974 ἐσκανδαλίσθησαν
3668 2903 3724 2956 οι

2153 3004 2434 3071 Ἰουδαῖοι,
2483 3003 2572 3056 διὰ
2613 2999 2715 3072 τὴν
2757 3000 2852 3054 τοῦ
2896 3000 3148 3053 Ἰωάννου
3197 2996 3486 3068 ἐρώτησιν,
3533 2996 3722 3060 αὐτοῖς

2142 3094 2372 3155 ἐκείνοις
2434 3095 2548 3156 τοῖς
2621 3091 2717 3146 τοῦ
2787 3090 3038 3145 Ἰωάννου
3103 3089 3374 3160 μαθηταῖς
3437 3085 3722 3158 χρώμενος

2066 3210 2111 3272 C
2145 3185 2418 3256 μάρτυσι,
2465 3185 2640 3249 λέγων
2691 3183 2828 3255 πρὸς
2885 3181 3121 3246 αὐτούς·
3188 3181 3377 3272 ipsi;
3423 3178 3722 3272 ἐπίστασίιε

2138 3274 2382 3344 ἀκριϐῶς
2411 3274 2510 3344 τὴν
2532 3273 2627 3327 τοῦ
2653 3274 2901 3329 Ἰωάννου
2932 3274 3061 3345 περὶ
3089 3271 3226 3344 ἐμοῦ
3263 3271 3595 3342 μαρτυρίαν,
3623 3270 3723 3324 τὸν

2134 3367 2301 3436 ἄνδρα
2336 3366 2520 3428 ὁποῖός
2567 3367 2684 3418 ἐστι
2716 3365 3098 3434 γινώσκοντες,
3142 3363 3239 3419 καὶ
3282 3362 3376 3416 ὑπ’
3413 3362 3578 3417 αὑτοῦ
3613 3363 3719 3434 βας

2133 3459 2448 3522 πτισϐέντες
2479 3460 2534 3511 ἐν
2562 3458 2645 3528 τῷ,
2675 3457 2935 3532 Ἰορδάνῃ.

2146 3550 2288 3620 Ἀπὸ
2347 3549 2416 3602 δὲ
2464 3549 2582 3602 τῶν
2618 3548 2853 3618 ἡμερῶν
2899 3535 3181 3620 Ἰωάννου
3221 3548 3337 3620 ι’οᾷ
3375 3548 3719 3620 Βαπτᾼιστοῦ

2205 3619 2317 3685 ἓως
2347 3620 2498 3742 ἄρτι,
2546 3621 2584 3688 ἢ
2613 3616 2905 3684 ,βασιλειά
2939 3616 3068 3674 ’τῶν
3112 3616 3387 3688 οὐρανῶν
3420 3617 3714 3684 βιάζεται,

2206 3706 2259 3742 κ.
2293 3707 2344 3742 τ.
2413 3729 2426 3742 .

2206 3706 2259 3744 κ.
2293 3707 2344 3742 τ.
2376 3706 2426 3743 Λ.

2205 3782 2448 3836 Φωτίου.
2477 3781 2712 3852 Βιαστὴν
2742 3779 2863 3836 εἷπε
2892 3781 2990 3853 τὴν
3012 3781 3288 3852 βασιλείαν
3315 3781 3424 3834 τῶν
3447 3779 3718 3851 οὐρανῶν,

2133 3874 2228 3926 καὶ⁹
2256 3873 2478 3943 βιαστὰς
2524 3874 2791 3944 ἁρπάζειν
2820 3873 3011 3945 αὐτὴν,
3047 3873 3140 3926 καὶ
3169 3873 3288 3926 ἀπὸ
3323 3871 3440 3925 τῶν
3481 3870 3720 3939 ἡμερῶν

2150 3964 2452 4020 Ἰωάννου.
2474 3965 2536 4017 Ἦ
2557 3965 2780 4035 τοιαύτη
2801 3967 3022 4034 γέγονεν
3047 3965 3291 4036 ἁρπαγὴ,
3305 3965 3365 4018 οὐ
3391 3966 3502 4026 τοῖς
3516 3963 3719 4030 1:0on-

2135 4071 2241 4118 σιν,
2293 4054 2429 4108 ἀλλὰ
2474 4058 2585 4113 τοῖς
2631 4056 3075 4126 καταφρονήσασι
3126 4054 3358 4108 πλούτου
3408 4055 3503 4106 καὶ⁵
3552 4071 3714 4124 περι-

2136 4146 2383 4213 φανείας,
2415 4147 2507 4199 καὶ
2536 4151 2736 4213 γονέων
2767 4146 2882 4216 ἆμα
2913 4148 3008 4200 καὶ
3039 4147 3265 4210 παίδων,
3298 4146 3394 4200 καὶ
3426 4144 3592 4198 αὐτοῦ
3617 4145 3718 4196 τοῦ

2135 4237 2386 4293 Θανάτου.
2425 4239 2537 4308 Πρὸ
2579 4238 2634 4290 δὲ
2672 4239 2773 4308 τῆς
2816 4238 3164 4301 διδασκαλίας
3211 4237 3307 4291 τοῦ
3347 4237 3585 4304 Χριστοῦ
3615 4237 3719 4288 καὶ

2133 4326 2233 4396 τῆς
2267 4329 2359 4379 τοῦ
2391 4327 2636 4381 Ἰωάννου
2667 4328 2968 4399 παρουσίας
2999 4328 3152 4382 οὔπω
3170 4324 3237 4400 ἧν
3267 4330 3299 4399 ἡ
3333 4327 3578 4396 βασιλεία
3603 4327 3718 4378 τῶν

2133 4418 2378 4485 οὐρανῶν
2412 4417 2860 4488 ἐπαγγελλομένη
2891 4421 3141 4489 φανερῶς
3170 4436 3182 4449 ·
3239 4419 3354 4472 ἀλλ’
3383 4417 3715 4485 ἐπαγγελίαι

2132 4502 2272 4577 ἦσαν
2296 4508 2554 4576 σαρκικαί
2575 4525 2586 4536 ·
2618 4509 2886 4573 τουτέστι,
2906 4509 3097 4577 γένους
3120 4509 3454 4579 πληθυσμὺς,
3475 4510 3567 4562 καὶ
3586 4510 3713 4560 κατ’

2134 4599 2344 4668 ἐχθρῶν
2377 4601 2597 4670 κράτος,
2640 4601 2734 4653 καὶ
2780 4601 2847 4654 τὰ
2894 4602 3294 4670 παραπλήσιαζ·
3343 4603 3436 4670 ἀφ’
3481 4596 3541 4654 οὗ
3583 4602 3643 4654 δὲ
3683 4603 3716 4654 ὁ

2141 4690 2394 4760 Ἰωάννης
2421 4692 2624 4760 ἐπέστη
2667 4691 2746 4760 τῷ
2774 4691 3130 4762 βαπτίσματι,
3176 4692 3271 4745 καὶ
3314 4693 3406 4746 τὸν
3437 4693 3712 4762 ἡμέτερον

2129 4781 2404 4850 Δεσπότην
2434 4781 2716 4846 ἐδάπτισε,
2760 4784 2855 4837 καὶ
2897 4783 2958 4836 τὸ
2986 4784 3208 4851 Πνεῦμα
3237 4784 3588 4853 ἐμαρτύρησε
3619 4783 3715 4834 τδν

2134 4873 2535 4942 μονογενῆ.τοῦ
2593 4875 2804 4945 Πατρὺς
2854 4875 3003 4938 Υίὸν,
3053 4875 3146 4928 καὶ
3195 4875 3354 4936 αὐτὸς
3404 4875 3433 4926 ὁ
3472 4874 3712 4944 Χριστὸς

2132 4964 2429 5032 κηρύσσειν
2455 4965 2658 5034 ἤρξατο
2689 4967 2788 5036 τὴν
2835 4966 3111 5037 βασιλείαν
3148 4965 3257 5018 τῶν
3285 4965 3553 5036 οὐρανῶν,
3597 4965 3715 5034 άπὸ

2137 5053 2257 5106 τότε
2294 5053 2484 5122 γέγονε
2527 5057 2638 5117 τοῖς
2671 5055 2979 5126 ἀνθρώποις
3021 5055 3336 5127 ἐπιθυμητὴ
3379 5055 3473 5108 καὶ
3513 5054 3714 5127 ﬂuuii]

2136 5146 2169 5216 ἡ
2206 5143 2446 5214 βασιλεία
2471 5147 2578 5202 τῶν
2609 5148 2875 5218 οὐρανῶν.

1962 5533 2193 5597 ΝΟΤιΕ.

524 5627 641 5712 (ιο)
672 5629 755 5687 cr.
797 5647 850 5703 q.
879 5632 1076 5707 xxix,
1116 5638 1339 5695 ccux.
