3978 6218
377 269 512 336 1201
927 245 936 252 ’
1463 275 2024 337 FRAGMENTAIN
2052 276 2521 342 MATTIL-EUM.
3482 281 3626 352 1202

377 384 518 438 Τότε
547 379 789 468 ἤρξατο
807 379 1120 468 φειδιξεέν
1148 379 1262 468 τὰς
1308 380 1539 467 «diem;
1556 383 1628 468 ἐς
1669 379 1779 468 αἶς.
1821 384 1948 452 erat-

2096 383 2226 468 ens.
2263 386 2365 468 g0.
2409 387 2554 441 Tunc
2575 392 2725 468 erepit
2749 392 3072 468 exprobrare-
3093 392 3398 468 civitqtibus
3428 395 3484 468 in
3508 399 3630 468 qui-
3666 421 3667 425 π

445 469 626 535 νοττο
653 453 714 504 al
745 450 1023 506 πλεῖσται
1044 450 1330 520 δυνάμεις
1355 451 1564 518 αὐτοῦ,
1592 453 1681 505 ὅτι
1716 455 1789 506 οὐ
1814 450 1953 522 μετ-

2128 457 2225 535 bus
2258 456 2417 524 factm
2464 469 2584 535 sunt
2627 450 2868 535 plurimo:
2903 465 3153 527 ,-virtutes
3198 464 3335 534 ejus,
3365 467 3491 535 quia
3513 450 3629 522 i'nou

442 523 730 586 ενόησαν.
964 557 986 569 -
1019 550 1034 580 ,ξ

2113 523 2342 593 egissent
2369 523 2751 595 paenitentiam.

445 612 691 665 Φωτίου.
722 610 866 664 Ἔδει
889 609 990 676 τὰς
1010 611 1196 675 πόλεις
1219 611 1521 680 ὀνειδίζειν,
1547 613 1635 666 ὅτε
1665 613 1954 684 ἐδικαιώθη

2115 613 2322 671 Pharii.
2371 616 2668 687 Oportebat
2704 622 3035 691 exprobrare
3086 624 3402 680 civitatibus
3437 665 3452 689 ,
3483 639 3623 694 quo-

372 701 407 770 ἠ
436 700 597 770 σοφία
635 700 813 754 πάντα
861 702 1196 758 ὲκτελέσασα
1227 701 1298 764 τὰ
1331 702 1428 778 τῆς
1472 701 1746 771 σωτηρίας
1774 701 1943 756 αὖτῶι

2055 705 2200 765 niam
2224 706 2526 776 justiticata
2582 721 2666 767 est
2718 714 2986 783 sapientia
3016 755 3032 782 ,
3083 716 3343 784 perfectis
3391 716 3460 770 ab
3509 715 3626 786 ipsa

369 794 520 853 αῐτια
546 811 562 826 ·
615 794 739 847 ἐπεὶ
769 793 827 849 δὲ
861 794 1038 849 πάντα
1070 795 1301 865 ποιήσας
1348 794 1449 848 οὐκ
1491 793 1728 858 ἔπεισεν,
1762 794 1940 865 ἑτέρω

2056 798 2335 860 cumu'ate
2387 800 2494 856 illis
2528 803 2807 871 omnibus,
2839 819 2960 873 qua:
2997 804 3063 858 ad
3097 805 3327 859 salutem
3384 806 3627 876 ipsorum

365 884 629 952 τρέπεται
659 885 801 952 ὁδὸν,
843 886 940 939 καὶ
967 886 1238 950 ταλανίζει
1285 885 1505 952 αὐτοὺς,
1559 886 1635 956 μή
1688 903 1806 949 πως
1843 885 1936 939 xit

2057 889 2448 950 conficiendam
2475 891 2710 947 elIicacia
2746 908 2868 948 esse
2891 901 3134 962 possent.
3168 892 3465 965 Postquam
3495 908 3628 948 vero

365 972 457 1027 διὰ
485 975 580 1027 τοῦ
611 974 942 1046 ταλανισμοῦ
991 975 1194 1047 ἑλκύσῃ
1233 973 1372 1046 πρὸς
1421 975 1698 1044 σωτηρίαν
1726 975 1936 1040 αὐτούς.

2054 979 2237 1039 omnia
2269 990 2545 1048 expertus,
2578 997 2686 1036 non
2712 985 3004 1052 persuasit,
3031 983 3138 1039 alia
3185 982 3276 1038 via
3305 992 3583 1054 grassatur
3608 1000 3621 1037 :

365 1067 602 1125 miseros
647 1069 798 1138 ipsos
845 1067 1168 1132 denuntiat,
1210 1067 1256 1123 si
1311 1067 1454 1122 forte
1504 1067 1590 1121 vel
1662 1067 1974 1125 incutiendo
2013 1083 2271 1138 maerore,
2333 1081 2428 1127 aut
2477 1083 2644 1138 metu,
2701 1074 2926 1134 trahere
2957 1074 3023 1128 ad
3057 1075 3292 1131 salutem
3322 1073 3628 1133 obstinatos

364 1171 553 1231 queat.

364 1253 496 1320 Πῶς
527 1254 814 1328 εζσῆλθεν
827 1255 929 1328 εις
956 1255 1063 1310 τὸν
1086 1249 1417 1328 οἷκον-τοῦ
1464 1254 1633 1314 Θεοῦ,
1671 1254 1770 1328 καὶ
1800 1255 1935 1328 τοὺς

2055 1254 2176 1310 ΕΜ».
2234 1251 2350 1328 ΧΒΙΙ.
2401 1253 2564 1308 Vens.
2615 1253 2670 1306 4.
2726 1253 2999 1328 Quomodo
3039 1254 3260 1328 intrauit
3307 1254 3363 1307 in
3412 1254 3626 1315 domum

532 1325 751 1392 ἄρτους
782 1323 890 1392 τῆς
918 1325 1254 1392 προθέσεως
1279 1325 1520 1394 ἔφαγεν,
1551 1342 1604 1378 κ.
1635 1343 1686 1379 τ.
1719 1325 1769 1380 λ.
1926 1323 1938 1328 ’

1926 1323 1938 1328 “
2256 1323 2351 1377 Dei
2381 1334 2428 1376 et
2451 1340 2612 1392 panes
2627 1325 3002 1393 propositionis
3033 1326 3278 1389 comedit,
3307 1333 3413 1378 etc.

439 1419 686 1472 Φωτίου.
724 1420 784 1471 Ὁ
814 1417 978 1470 Δαϐὶδ
1005 1416 1214 1480 δίκαιος
1242 1416 1316 1470 ὢν
1347 1419 1435 1470 ὅτε
1460 1417 1589 1480 τοὺς
1619 1417 1816 1488 ἄρτους
1843 1417 1944 1488 τῆς

2110 1416 2308 1470 Photii.
2343 1416 2506 1471 David
2533 1417 2714 1486 justus
2735 1428 2855 1471 erat
2882 1432 3005 1471 cum
3039 1432 3205 1487 panes
3229 1417 3622 1487 propositionis

366 1509 679 1578 προθέσεως
707 1507 900 1577 ἔφαγε,
932 1507 1027 1562 καὶ
1057 1510 1108 1561 ot
1143 1510 1308 1580 ίερείς
1336 1508 1393 1562 δὲ
1420 1509 1749 1563 δικαιότατοι
1783 1511 1833 1563 oI
1856 1510 1937 1562 6e.

2053 1510 2280 1568 comedit
2315 1527 2327 1563 :
2358 1510 2675 1567 sacerdotes
2718 1524 2937 1586 quoque
2965 1509 3257 1579 ju-stisslmi
3300 1510 3396 1580 qui
3441 1525 3624 1566 come-

361 1604 597 1669 δωκότες
638 1601 787 1672 αὐτῷ
819 1603 944 1666 τοὺς
973 1601 1190 1672 ἄρτους.
1236 1601 1460 1672 Καίπερ
1496 1602 1597 1655 οὐκ
1633 1599 1701 1674 ἦν
1733 1601 1932 1656 δίκαιον

2054 1602 2252 1658 dendos
2290 1617 2384 1657 eos
2417 1617 2581 1670 panes
2611 1603 2921 1657 obtulerunt
2958 1601 3121 1671 lipsi,
3172 1601 3420 1672 quamvis
3469 1600 3625 1661 nefas

364 1695 568 1750 ἐσθίειν
613 1696 708 1748 ἀπ’
757 1668 986 1748 έκείνων
1011 1668 1138 1748 -τῶν
1173 1695 1354 1767 ἄρτων
1399 1668 1554 1758 τινὰ,
1604 1668 1668 1747 εί-
1700 1693 1774 1766 μὴ
1817 1695 1935 1759 τοὺς

2051 1704 2165 1750 erat
2192 1695 2337 1749 vesci
2366 1694 2486 1750 istis
2519 1695 2756 1765 panibus
2784 1695 2922 1749 alios
2947 1711 3111 1764 quam
3145 1696 3479 1751 sacerdotes.
3511 1694 3622 1748 Da-

364 1785 530 1856 ἱερεῖς
583 1786 798 1856 μόνους.
851 1778 1018 1848 Οὗτος
1049 1783 1105 1836 δὲ
1156 1783 1340 1838 λαϐὼν
1378 1784 1442 1838 οὐ
1495 1784 1660 1854 μόνον
1714 1783 1935 1852 ἔφαγεν1

2052 1783 2136 1838 vid
2159 1792 2340 1837 autem
2379 1799 2486 1837 non
2515 1783 2754 1838 comedit
2782 1784 2898 1852 ipse
2929 1784 3106 1838 solum
3127 1823 3143 1844 ,
3184 1785 3278 1838 sed
3323 1784 3623 1839 comitibus

363 1879 502 1932 ἀλλά
539 1880 635 1932 καὶ
678 1879 794 1942 τοῖς
839 1877 956 1948 μετ’
997 1876 1163 1930 αὐτοῦ
1216 1876 1407 1931 ἔδωκε.
1462 1877 1633 1930 Τοῦτο
1667 1877 1724 1929 δὲ
1764 1877 1934 1947 πολλᾷ

2047 1890 2266 1947 quoque
2296 1874 2446 1930 ded-it
2479 1875 2615 1929 suis.
2670 1874 2825 1940 Quod
2875 1883 2994 1932 erat
3030 1875 3174 1936 haud
3214 1875 3376 1949 paulo
3411 1875 3614 1945 majus,

367 1969 554 2041 μεῖζον
603 1965 672 2041 ἦν
719 1969 753 2040 ἧ
803 1970 939 2038 ὅπερ
1001 1968 1292 2025 ἐνεκάλουν
1348 1971 1462 2032 τοῖς
1520 1967 1842 2032 ἀποστόλοις
1893 1968 1938 2022 ol

2049 1981 2210 2036 quam
2267 1965 2320 2020 in
2357 1981 2466 2036 quo
2515 1981 2663 2020 nunc
2708 1963 2884 2022 Judaei
2936 1968 3215 2036 apostolos
3251 1967 3620 2028 criminaban-

378 2062 643 2118 Ἰουδαῖοι.
2049 2067 2157 2112 tttr.

365 2153 521 2220 Είδὲ
559 2152 672 2222 ἐγὼ
719 2153 788 2206 ἐν
828 2153 1123 2222 Πνεύματι
1160 2149 1309 2208 Θεοῦ
1335 2151 1650 2222 Ἕκϐἁλλω
1691 2151 1765 2222 τὰ
1815 2151 1936 2205 δαι-

2046 2147 2214 2204 Veus.
2249 2147 2340 2201 28.
2374 2147 2639 2222 S_i_autem
2672 2147 2845 2222 egofin
2882 2144 3086 2212 Spiritu
3113 2147 3208 2201 Dei
3251 2148 3405 2222 ejicio
3425 2147 3616 2205 dwmo:

431 2217 632 2347 ιὲόνφὶ,
666 2223 780 2292 ἄρα
810 2217 1076 2293 ἕξρθαόνεν
1121 2221 1214 2291 ἐφ’
1253 2221 1411 2291 ὑμᾶς
1447 2224 1485 2292 ἠ
1518 2221 1804 2287 βασιλεία
1837 2222 1946 2277 τοῦ

485 2309 610 2347 εου.

1837 2222 1946 2277 τοῦ
2253 2233 2362 2283 nes,
2391 2219 2555 2288 igitur
2572 2218 2801 2286 pervenit
2825 2218 2878 2270 in
2908 2233 2995 2272 vos
3036 2234 3250 2287 regnum
3283 2217 3406 2271 Bei.

436 2387 684 2441 Φωτίου.
710 2385 1029 2456 Ἀποτόμως
1051 2384 1198 2453 λέγει
1221 2385 1306 2438 ὅτι
1341 2385 1644 2453 Ἐςρθαονεν
1671 2383 1764 2453 ἐφ’
1794 2383 1947 2453 ὑμᾶς

2061 2395 2070 2403 ’
2123 2391 2316 2446 l’hotii.
2346 2389 2540 2461 Rigide
2574 2389 2708 2444 dicit
2764 2398 2929 2458 atque
2959 2390 3014 2443 in
3046 2405 3211 2444 sensu
3245 2392 3611 2448 comminato-

364 2475 404 2544 ἡ
427 2475 720 2541 ,βασιλεία
744 2475 850 2530 τοῦ
872 2474 1042 2540 Θεοῦ,
1069 2475 1348 2528 τουτέστιν
1371 2475 1494 2527 ὅσον
1522 2473 1674 2528 οὔπω
1707 2474 1935 2546 λήψεσθε

2051 2485 2150 2548 rio,
2175 2483 2420 2539 Pervenit
2453 2483 2509 2535 in
2532 2497 2619 2535 vos
2643 2497 2859 2551 regnum
2888 2480 3009 2546 Dei,
3042 2482 3199 2550 cujus
3224 2482 3328 2535 vim
3362 2486 3622 2553 nonxpro-

364 2568 465 2638 τὴν
490 2564 599 2620 τῶν
631 2565 1040 2639 ἡμαρτημένων
1063 2565 1192 2636 ὑμῖν
1221 2565 1600 2620 ἀνταπόδοσιν.

2047 2575 2255 2646 pitiam,
2296 2571 2390 2627 sed
2423 2570 2675 2625 infestam
2707 2568 2989 2638 expertnri
3019 2570 3274 2622 nimirum
3299 2568 3389 2624 isti
3415 2578 3618 2632 essent,

867 2665 876 2670 '
2046 2669 2106 2714 ut
2140 2659 2317 2713 meriti
2342 2665 2517 2712 erant.
2565 2656 2771 2713 Sensus
2803 2656 2948 2711 enim
2974 2665 3060 2712 est
3096 2675 3110 2712 :
3145 2656 3472 2712 Praesentem
3499 2673 3622 2712 mox

2045 2751 2310 2805 ultionem
2346 2764 2375 2802 a
2403 2747 2511 2802 Deo
2541 2747 2819 2816 recipietis
2865 2758 3173 2803 vestrorum
3204 2757 3572 2818 peccatorum.

368 2829 445 2883 ’Ἠ
489 2827 614 2910 ,τξῶς
670 2827 922 2908 δύναταί
966 2825 1408 2910 τιςὶεὶσελρεῖν
1433 2827 1563 2910 ,εἰς
1602 2824 1718 2910 fit?
1752 2823 1939 2910 ol'xlav

2052 2843 2214 2899 Vens.
2244 2840 2336 2894 29.
2372 2841 2476 2894 Aut
2523 2839 2780 2908 quomodo
2812 2850 2979 2908 potest
3020 2841 3297 2910 quisquam
3338 2840 3540 2894 intrare
3568 2841 3623 2894 in

436 2899 542 2953 τοῦ
571 2899 847 3020 ιῖχυροῦ,
883 2897 984 2952 καὶ
1032 2897 1106 2952 τὰ
1147 2898 1340 2964 σκεύη
1379 2895 1565 2950 αὑτοῦ
1598 2895 1944 2965 διαρπάσαι,

437 2988 493 3021 κ.
521 2986 572 3021 τ.
642 3008 656 3021 .
1990 3018 2005 3021 _

1894 2915 1944 2965 τι,
2070 2895 2188 2899 --ὼ
2226 2911 2438 2964 domum
2468 2895 2624 2980 [ortis
2648 2947 2664 2975 ,
2705 2919 2754 2964 et
2784 2895 2910 2964 v'asa
2938 2895 3052 2980 ejus
3087 2895 3333 2980 diripere.
3360 2919 3465 2967 etc.

437 2988 493 3022 κ.
521 2988 572 3024 τ.
609 2988 656 3022 Α.

721 3046 900 3128 Σκεύη
935 3056 1169 3111 ἐνταῦθα
1207 3057 1333 3120 τοὺς
1359 3055 1620 3126 δαίμονας
1647 3055 1817 3123 λέγει,
1851 3055 1946 3126 οὒς
1975 3018 2006 3076 c

2113 3066 2318 3121 Pharii.
2366 3065 2510 3122 Vasa
2565 3066 2658 3122 Itic
2695 3065 2973 3122 daemonas
3004 3067 3172 3134 dicit,
3205 3082 3343 3138 quos
3376 3067 3627 3122 Salvator

361 3153 392 3217 ό
410 3152 598 3221 Σωτὴρ
622 3150 941 3204 ἀπελαύνων
967 3149 1064 3204 καὶ
1091 3147 1303 3202 διώκων
1329 3151 1393 3202 ἐκ
1422 3148 1529 3201 τῶν
1556 3148 1932 3220 κατεχομένωι

2053 3159 2273 3229 ejiciens
2303 3167 2358 3213 et
2386 3159 2612 3227 abigens
2631 3173 2700 3214 ex
2733 3158 2800 3215 iis
2830 3175 2970 3228 quos
3013 3159 3384 3228 possidebant,
3417 3159 3624 3228 diripit.

361 3249 456 3301 ὑπ’
485 3246 684 3311 αὐτῶν,
709 3243 963 3316 ἁρπάζει.
998 3243 1170 3296 Τοῦτο
1201 3241 1260 3294 δὲ
1291 3242 1392 3295 οὒκ
1426 3242 1492 3296 ἂν
1519 3243 1755 3312 ἐγένετο,
1787 3243 1837 3296 εἰ
1872 3241 1932 3312 μθ

2058 3251 2162 3307 Hoc
2191 3261 2373 3306 autem
2400 3267 2505 3307 non
2539 3251 2695 3312 fieret
2729 3252 2839 3311 nisi
2889 3250 3138 3306 Salvator
3170 3251 3236 3306 ad
3285 3265 3387 3306 nos
3433 3250 3629 3306 salutis

363 3340 393 3391 ὁ
421 3339 610 3409 Σωτὴρ
636 3338 773 3408 πρὸς
796 3337 944 3407 ἡμᾶς
969 3333 1348 3406 παραγέγονεν
1376 3334 1470 3388 ἐπὶ
1503 3333 1746 3405 σωτηρίᾳ
1766 3333 1934 3405 ἡμῶν,

2056 3352 2253 3400 nostra:
2281 3359 2448 3399 causa
2478 3343 2813 3410 advenisset,
2841 3343 2948 3399 vim
2985 3357 3050 3398 ac
3096 3343 3262 3397 robur
3303 3357 3493 3398 eorum
3525 3341 3627 3396 eli-

361 3429 463 3500 τὴν
494 3430 645 3499 ἰσχὺν
675 3426 856 3482 αὐτῶν
881 3426 1147 3480 καθελών.
2048 3451 2235 3491 surus.

440 3521 534 3588 Τίς
581 3520 755 3575 ἐστιν
799 3519 840 3592 ἡ
859 3517 1382 3658 μήὲἔὲλέἓῖοζαέ
1424 3515 1584 3584 τινες
1621 3514 1780 3570 εἰσιν
1821 3517 1878 3570 οι

2059 3527 2218 3584 Vens.
2253 3528 2345 3585 48.
2393 3527 2525 3595 Qua:
2552 3535 2629 3584 est
2661 3536 2833 3582 mater
2872 3541 3007 3634 ξηρα,
3049 3533 3098 3579 et
3134 3524 3226 3594 qui
3269 3531 3389 3578 sunt
3435 3522 3630 3593 fratres

2785 3613 2919 3651 met.

436 3681 682 3736 Φωτίου.
718 3679 948 3744 Διδάξας
990 3680 1137 3750 ἡμᾶς
1171 3682 1199 3733 ό
1229 3677 1420 3749 Σωτὴρ
1445 3677 1533 3731 διὰ
1563 3676 1723 3745 λόγου
1760 3694 1949 3747 προτι-

2110 3688 2314 3747 ΡΙιοιὶἱ,
2343 3686 2479 3742 Cum
2508 3688 2679 3745 verbo
2711 3703 2775 3742 ac
2807 3702 3064 3742 sermone
3099 3701 3202 3740 nos
3253 3684 3502 3740 Salvator
3531 3683 3633 3737 do-

362 3774 514 3839 θέναι
536 3773 634 3842 τὴν
660 3772 945 3826 εὐσέϐειαν
965 3809 980 3836 ,
1012 3771 1134 3842 ἥτις
1159 3771 1306 3823 ἐστὶν
1325 3769 1469 3840 ἀρχὴ
1499 3768 1688 3831 πασῶν
1713 3769 1933 3839 ιῖιρείιῶν1

2054 3780 2274 3844 eruisset,
2313 3777 2491 3832 olIicia
2549 3777 2828 3846 religionis
2852 3818 2867 3841 ,
2917 3793 3040 3847 quze
3073 3777 3328 3846 princeps
3359 3775 3625 3830 virtutum

362 3867 459 3919 καὶ
505 3867 644 3936 μήτε
696 3863 934 3933 πατέρα,
987 3865 1125 3934 μήτε
1176 3861 1387 3932 μητέρα
1427 3862 1701 3931 προτιμᾷς)
1754 3861 1933 3930 αὐτῆς,

2060 3878 2131 3926 ast
2157 3907 2172 3932 ,
2206 3869 2418 3924 caneris
2471 3869 2726 3923 omnibus
2761 3866 2952 3923 ofﬁciis
3009 3867 3366 3936 prtrponenda
3401 3903 3418 3930 ,
3451 3865 3526 3918 ita
3575 3873 3631 3918 ttt

363 3956 482 4009 νῦν.
516 3956 605 4008 διὰ
668 3955 778 4008 τῶν
833 3954 1010 4024 ἔργων
1062 3954 1372 4006 ἐπιϐεϐαιοῖ
1425 3953 1569 4023 ειπερ
1623 3951 1934 4020 ἐφθέγξατο.

2060 3976 2150 4016 nec
2192 3960 2398 4031 patris',
2455 3977 2556 4015 nec
2589 3961 2782 4014 matris
2845 3961 2898 4012 itt
2928 3958 3336 4027 comparatione
3370 3956 3463 4010 Dei
3493 3957 3631 4008 ratio

379 4047 530 4100 Ἐπεὶ
562 4045 671 4116 γὰρ
710 4047 798 4099 ὅτε
828 4048 954 4109 τοὺς
987 4045 1178 4116 ὄχλους
1209 4043 1484 4114 ἐπιμελῶς
1519 4043 1785 4116 ἐδίδασκε,
1823 4044 1946 4096 τότε

2059 4051 2320 4106 habeatur
2349 4089 2365 4116 ,
2400 4066 2547 4105 nunc
2575 4045 2737 4105 factis
2766 4058 2821 4103 et
2849 4051 3099 4118 exemplo
3129 4050 3324 4103 asserit
3351 4048 3494 4117 quod
3543 4048 3630 4100 di-

365 4137 673 4205 ἐπέστησαν
699 4137 734 4205 ἦ
769 4153 828 4188 τε
864 4137 1045 4207 μήτηρ
1076 4136 1173 4189 καὶ
1207 4135 1255 4187 οἱ
1301 4132 1541 4201 ἀδελφοὶ,
1574 4132 1670 4202 οὐχ
1702 4132 1936 4205 ὑπήκου-

2060 4148 2224 4194 Iterat.
2262 4139 2396 4197 Cum
2425 4141 2570 4194 enim
2618 4140 2720 4208 ipsi
2761 4138 2828 4192 de
2860 4137 3061 4194 divinis
3087 4137 3253 4191 rebus
3285 4136 3348 4188 ad
3373 4135 3631 4205 populum

369 4246 483 4293 σεν,
513 4230 574 4282 οὐ
611 4227 968 4296 καταφρονῶν
996 4229 1093 4296 τῆς
1129 4225 1362 4297 μητέρος
1383 4264 1397 4289 ,
1444 4223 1672 4277 ἀλλ’ἵνα
1705 4223 1779 4295 μὴ
1815 4225 1940 4294 ἀμε-

2050 4231 2238 4285 scdulo
2273 4231 2449 4300 agenti
2483 4230 2931 4300 supervenissent
2975 4238 3147 4286 mater
3170 4238 3225 4282 et
3259 4227 3477 4291 Iratrcs,
3511 4242 3621 4280 non

369 4321 480 4375 λεῖν
521 4321 648 4394 δόξῃ
677 4321 786 4376 τῶν
823 4319 1246 4389 διδασκομένων,
1292 4319 1386 4370 καὶ
1419 4315 1690 4390 περικόψῃ
1730 4318 1830 4385 τὴν
1868 4317 1940 4369 δι-

2059 4321 2308 4375 sustinuit
2337 4321 2670 4390 interpellari
2712 4336 2769 4376 se
2792 4363 2810 4389 ,
2844 4321 2988 4376 haud
3030 4321 3122 4376 ille
3150 4321 3371 4390 quidem
3400 4327 3630 4372 tnatrem

368 4392 685 4466 δασκαλίαν.
722 4414 830 4466 Καὶ
858 4413 919 4466 οὐ
953 4411 1321 4483 προτετίμηκε
1351 4409 1450 4479 τὴν
1483 4409 1696 4478 μητέρα
1717 4408 1815 4480 τῆς
1841 4409 1939 4467 τῶν

2063 4414 2358 4482 ερετηεηεξ,
2385 4414 2479 4467 sed
2533 4429 2600 4467 ne
2644 4428 2835 4469 eorum
2869 4428 3008 4483 quos
3039 4412 3403 4467 instituendos
3441 4411 3494 4462 in
3531 4410 3634 4463 tide

374 4503 585 4558 πολλῶν
613 4503 897 4572 ὠφελείας.

2064 4515 2390 4574 susceperat,
2439 4505 2706 4561 minorem
2760 4521 2923 4574 quam
2973 4503 3463 4573 consanguinitatis
3519 4515 3635 4556 sua:

372 4597 547 4667 ipsius
592 4613 782 4652 curam
825 4610 1013 4666 gerere
1070 4601 1253 4665 posset
1332 4592 1542 4656 videri,
1581 4593 1626 4647 si
1683 4593 1738 4645 in
1779 4593 1972 4648 matris
2006 4598 2238 4665 gratiam
2298 4601 2616 4652 inchoatum
2666 4613 2976 4652 sermonem
3028 4599 3400 4665 abrumperet.
3457 4592 3632 4662 Igitur

372 4690 599 4744 salutem
639 4688 998 4758 plurimorum
1052 4687 1146 4756 qui
1196 4684 1448 4740 astabant
1505 4683 1906 4754 audiebantque
1943 4685 2127 4754 ipsum
2152 4727 2168 4749 ,
2209 4689 2403 4743 matris
2433 4688 2794 4743 consolationi
2825 4689 3060 4758 praetulit
3095 4687 3224 4756 (Il).

487 4779 672 4849 Ὑμεῖς
698 4775 814 4833 οὖν
851 4777 1152 4849 ἀκούσατε
1196 4775 1311 4840 τὴν
1345 4773 1700 4842 παραϐολὴν
1743 4773 1850 4828 τοῦ
2057 4802 2058 4811 ι

2062 4777 2210 4836 CAP.
2242 4777 2380 4832 XIII.
2416 4776 2580 4832 Vens.
2618 4778 2702 4832 18.
2753 4779 2948 4830 Audite
2973 4793 3094 4847 ergo
3125 4772 3436 4845 parabolam
3477 4773 3633 4827 semi-

977 4847 1360 4913 σπείραντος.

2749 4849 2947 4900 nantis.

441 4939 691 4992 Φωτίου.
725 4937 847 4991 Τῶν
883 4937 1112 4990 ἐντολῶν
1150 4937 1242 4988 τοῦ
1276 4932 1512 5005 Χριστοῦ
1559 4934 1609 4986 οἱ
1649 4935 1748 5004 μὲν
1779 4935 1957 5006 ,ηκου-

2126 4936 2324 4991 ΡΙιοιὶἱ.
2360 4936 2612 4992 Mandata
2644 4936 2845 4991 Christi
2907 4935 3128 5004 quidam
3184 4933 3512 4987 audiverunt
3543 4946 3636 4987 tte-

375 5047 473 5082 σαν
505 5030 721 5101 ἀμελῶς
756 5047 768 5060 ·
820 5022 966 5082 οὗτοί
999 5031 1137 5083 εἰσιν
1163 5028 1213 5081 οἱ
1245 5027 1398 5098 παρὰ
1423 5027 1520 5097 τὴν
1544 5027 1660 5082 ὁδὸν
1685 5027 1946 5095 κείμενοι.

2063 5029 2338 5098 gligenter.
2369 5028 2434 5082 IIi
2465 5027 2712 5096 suntqui
2747 5041 2906 5081 secus
2935 5027 3074 5081 viam
3101 5025 3309 5094 jacent.
3332 5023 3436 5076 Alii
3470 5038 3634 5078 cxce-

375 5123 438 5175 OI
462 5123 521 5176 δὲ
551 5121 828 5191 ἐπιμελῶς
875 5120 994 5192 μὲν,
1022 5120 1082 5172 οὐ
1113 5118 1346 5190 βεϐαίως
1373 5119 1430 5172 δέ
1455 5137 1468 5151 ⁸
1519 5120 1632 5171 ὅσοι
1671 5119 1822 5190 παρὰ
1853 5121 1946 5194 τὴν

2062 5135 2180 5189 pere
2208 5121 2427 5190 quidem
2474 5121 2697 5197 verbum
2729 5127 2950 5174 strenue
2979 5127 3032 5173 et
3089 5133 3214 5173 cum
3248 5116 3433 5173 studio
3471 5155 3488 5181 ,
3538 5117 3633 5170 sed

380 5214 607 5285 πέτραν.
645 5213 706 5265 Οἱ
733 5212 789 5265 δὲ
823 5210 1098 5281 ἐπιμελῶς
1125 5209 1225 5281 μὲν
1250 5212 1344 5264 καὶ
1370 5209 1626 5281 βεϐαίως,
1658 5209 1872 5280 ἔχοντες
1895 5210 1951 5262 δὲ

2060 5210 2416 5265 constantiam
2491 5226 2598 5265 non
2660 5209 2971 5263 habuerunt
3017 5226 3029 5262 :
3083 5209 3275 5262 Itorum
3333 5213 3416 5259 est
3453 5204 3631 5259 solum

378 5306 682 5374 knzonopiv
717 5305 970 5368 ἀκανθῶν
1003 5304 1100 5356 καὶ
1127 5302 1405 5368 ζιζανίων.
1455 5303 1668 5366 Οἴτινες
1717 5303 1811 5356 καὶ
1845 5303 1949 5356 ἀπ-

2064 5311 2352 5370 petrosum.
2401 5302 2688 5359 Nonnullis
2741 5319 2841 5358 nec
2890 5303 3128 5358 studium
3183 5297 3476 5364 audiendi,
3531 5309 3635 5348 nec

377 5388 678 5462 επνίγησαν
706 5395 827 5458 ταῖς
861 5391 1138 5462 βιωτικαῖς
1173 5391 1469 5464 φροντίσιν.

2063 5397 2460 5462 perseverantia
2493 5395 2713 5452 tenendi
2745 5394 2957 5460 defuit,
2997 5409 3185 5450 verum
3219 5406 3286 5448 ex
3329 5386 3634 5458 superiecta

1895 5531 2123 5589 NUTA'J.

459 5648 568 5720 (ll)
591 5648 677 5705 Ct‘.
713 5666 768 5720 q.
803 5647 964 5719 XLV,
999 5648 1195 5705 ccxv.
2185 5641 2188 5644 ’
