3904 6218
343 261 483 328 1203

1515 271 1780 332 PHOTII
1821 269 2326 331 PATRL’tRClI/E
2359 272 2468 336 ΟΡ.

3481 261 3618 328 1204

340 382 583 428 semente
615 375 756 431 mala
779 376 1148 434 luxuriantem
1180 378 1463 450 spinarum
1495 388 1552 436 et
1582 380 1923 435 zizaniorum
1963 389 2203 449 segetem
2230 384 2557 451 germinant.
2584 380 2738 438 Unde
2759 391 2812 438 et
2866 381 3205 437 sull'ocantur
3261 377 3622 436 saecularibus

339 467 513 523 curis.

341 561 472 616 Car.
508 558 649 615 XIV.
688 560 857 634 Vsus.
892 564 945 619 1.
981 563 1047 617 1η
1097 565 1192 619 illo
1227 575 1456 634 tempore
1491 566 1696 622 audivit
1755 566 1932 622 Ilero-
1957 569 2008 628 Α

743 633 833 687 des
873 637 1136 688 tetrarclta
1167 633 1366 706 famam
1402 636 1550 691 Jesu.

415 720 614 776 Photii.
664 721 904 780 Herodes
936 740 1079 796 sape
1111 727 1313 781 auditis
1363 727 1429 782 iis
1463 743 1585 796 quze
1619 727 1684 782 de
1711 726 1933 782 Christo

345 811 679 879 ferebantur,
712 824 932 884 propter
956 816 1197 871 innatam
1230 817 1330 887 ipsi
1347 818 1631 882 malitiam,
1662 833 1770 886 qua
1795 833 1937 871 nun-

341 920 504 973 quam
535 907 750 975 tyranni
797 917 1010 969 carent,
1057 917 1438 978 tumoremque
1471 919 1639 978 atque
1668 923 1934 979 arrogan-

345 996 496 1061 tiam,
557 997 865 1067 negligebat
907 997 1304 1068 spernebatque
1355 997 1578 1054 famam.
1632 999 1930 1070 Postquam

343 1100 470 1138 vero
524 1085 637 1153 jam
681 1102 746 1141 ea
785 1087 836 1140 in
880 1089 1150 1157 publicam
1191 1088 1560 1144 celebritatem
1602 1089 1929 1159 profecerat,

340 1177 672 1246 excitatique
705 1180 890 1233 auditu
923 1197 1110 1235 omnes
1144 1181 1388 1250 undique
1419 1183 1484 1237 ad
1514 1183 1758 1249 dandam
1791 1198 1924 1254 ope-

344 1283 462 1323 ram
513 1270 727 1326 docenti
762 1271 982 1328 Christo
1015 1274 1420 1330 concurrebant
1468 1275 1672 1344 passim
1701 1275 1933 1346 (quippe

343 1377 560 1416 omnem
609 1364 864 1418 invidiam
906 1381 969 1421 ac
1001 1364 1281 1421 fastidium
1334 1368 1604 1437 superbire
1651 1378 1930 1438 comperta

346 1457 662 1524 magnitudo
699 1473 882 1512 rerum
934 1458 1333 1530 manilcstaque
1385 1461 1672 1532 signorum
1719 1463 1928 1517 elucta-

347 1545 505 1599 batur
527 1548 648 1619 vis),
683 1551 1041 1605 conturbatus
1093 1552 1444 1606 vehementer
1487 1562 1572 1606 est
1609 1593 1624 1616 ,
1686 1551 1874 1607 dicens
1917 1570 1931 1606 :

2118 565 2222 617 Ἐν
2273 563 2484 627 ἐκείνῳ
2511 563 2617 633 ίτῷ
2669 565 2851 633 καιρῷ
2895 565 3164 633 ἤκουσεν
3221 564 3482 633 Ἡρώδης
3518 565 3551 617 ό

2348 632 2673 702 τετράρχης
2707 632 2820 699 τὴν
2848 632 3043 703 ἀκοὴν
3083 632 3298 700 Ἰησοῦζ

2104 726 2347 780 dicor/0v.
2417 724 2477 778 '0
2529 727 2627 792 μὲν
2672 725 2919 796 Ἡρώδης
2969 726 3236 788 πολλάκις
3272 726 3520 785 ἀκούσας
3558 725 3628 776 τὰ

2033 816 2162 885 περὶ
2209 813 2472 886 Χριστοῦ,
2507 814 2594 866 διὰ
2641 815 2740 884 τὴν
2786 815 3029 885 ἔμφυτον
3061 815 3227 869 αὑτοῦ
3277 816 3483 867 κακίαν
3531 815 3628 882 τὴν

2033 906 2385 976 ὑπάρχουσαν
2435 906 2522 958 ἀεὶ
2579 909 2691 969 τοῖς
2751 909 3070 976 τυράννοις,
3131 907 3227 959 καὶ
3284 907 3378 958 τὸν
3433 903 3626 970 τῦφον,

2033 998 2325 1068 ὑπερεώρα
2350 1000 2443 1051 καὶ
2471 999 2797 1068 κατεφρόνει
2827 1000 2924 1068 τῆς
2952 1000 3163 1068 φήμης.
3196 999 3322 1050 Ὅτε
3354 996 3411 1048 δὲ
3443 994 3624 1046 λοιπὸν

2041 1091 2241 1153 πάντες
2267 1091 2563 1159 ἀκηκόασι,
2589 1092 2684 1144 καὶ
2712 1092 2846 1162 πρὸς
2871 1094 2967 1162 τὴν
2997 1091 3346 1144 διδασκαλίαν
3371 1089 3610 1159 ἔδραμον

2037 1185 2129 1237 καὶ
2159 1184 2344 1238 πάντα
2372 1183 2564 1252 φθόνον
2597 1184 2692 1238 καὶ
2721 1185 2889 1254 τῦφον
2912 1186 2946 1255 ἡ
2971 1186 3078 1237 τῶν
3104 1183 3454 1254 πραγμάτων
3479 1181 3634 1233 ἐνίκα

2033 1278 2286 1349 ἐνέργεια
2311 1293 2324 1307 ο
2379 1277 2509 1330 τότε
2538 1276 2778 1340 ἀκούσας
2813 1276 3052 1346 ἐφοϐήθη
3087 1276 3228 1337 λίαν,
3270 1275 3448 1341 λέγων
3478 1289 3492 1301 ·
3544 1273 3632 1342 Μή

2035 1391 2165 1426 ποτε
2192 1373 2444 1442 Ἰωάννης
2463 1373 2683 1442 ἀνέστη,
2705 1372 2762 1424 ὃν
2785 1371 2894 1439 ἐγὼ
2919 1372 3298 1440 ἀπεκεφάλισα
3323 1389 3339 1401 ·
3365 1366 3636 1437 ψοφοδεὴς

2038 1467 2148 1535 γὰρ
2176 1469 2208 1536 ἡ
2239 1467 2530 1538 μοχθηρία,
2561 1467 2658 1520 καὶ
2690 1466 2965 1532 τοσοῦτον,
2997 1467 3072 1530 ὡς
3113 1466 3208 1519 καὶ
3241 1465 3371 1528 τοὺς
3402 1463 3635 1533 νεκροὺς

2045 1558 2364 1613 δεδοικέναι.

343 1635 420 1691 Ne
455 1638 594 1695 ferte
641 1639 878 1698 Joannes
922 1645 1274 1700 rcsurrexerit
1307 1661 1468 1716 quem
1492 1661 1591 1716 ego
1621 1646 1907 1702 decollari.
1948 1646 2327 1708 Formidolusa
2399 1653 2600 1708 etenim
2646 1653 2965 1723 improbitas
3015 1659 3118 1717 est,
3161 1664 3229 1706 co
3284 1647 3510 1719 quidem
3543 1654 3637 1698 us‘

345 1753 450 1806 que
478 1749 534 1792 ut
570 1751 815 1797 mortuos
838 1741 1001 1796 etiam
1041 1745 1251 1800 timeat.

351 1829 511 1886 Vsus.
563 1832 719 1911 5._Et
749 1834 922 1911 uolens
954 1835 1115 1911 illum
1161 1837 1419 1900 occidere,
1451 1839 1645 1911 timuit
1685 1841 1937 1911 populum

2066 1843 2153 1898 Kal
2181 1842 2372 1897 θέλων
2395 1839 2582 1893 αὐτὸν
2608 1835 2979 1911 ἀποκτεῖναι,
3006 1833 3269 1911 ἐροὸῄθη
3295 1831 3404 1884 τὸν
3424 1830 3635 1900 ὄχλον*

555 1904 680 1972 quia
731 1905 869 1957 sicut
916 1906 1224 1974 prop/telam
1271 1924 1390 1961 eum
1438 1904 1724 1965 habebant.

417 1992 618 2049 Pltotii.
659 1995 1101 2052 Contristabatur
1154 1998 1394 2055 llerodes
1434 2010 1673 2057 aestuans
1721 2003 1888 2057 animi
1923 2021 1937 2060 :

348 2101 414 2142 ac
460 2102 605 2141 nunc
649 2088 871 2157 quidem
899 2101 1215 2145 recurrente
1245 2091 1300 2146 in
1343 2094 1665 2148 memoriam
1703 2095 1803 2149 viri
1833 2097 1943 2150 vir-

351 2183 483 2238 tute,
533 2175 714 2244 aliqua
744 2175 864 2246 ejus
915 2179 1216 2233 reverentia
1262 2181 1499 2248 subibat,
1537 2181 1846 2254 ferociaque
1877 2201 1941 2240 ac

347 2266 640 2322 crudelitas
667 2270 1140 2337 compescebatur,
1176 2272 1396 2328 aliunde
1428 2289 1559 2328 vero
1600 2279 1936 2330 recordatio-

351 2372 420 2410 ne
475 2357 851 2424 promissionis
900 2369 955 2414 et
995 2361 1116 2417 lidei
1173 2378 1240 2418 ac
1309 2364 1735 2421 existimationis
1802 2383 1934 2423 cura

352 2449 637 2504 mordente
671 2451 736 2504 ad
767 2453 1168 2521 expediendum
1201 2455 1459 2511 lethalem
1493 2459 1764 2513 calculum
1799 2475 1935 2514 con-

2350 1911 2438 1964 ὅτι
2466 1911 2546 1975 ὡς
2574 1908 2892 1976 προφήτην
2915 1901 3102 1958 αὑτὸν
3128 1901 3319 1970 εἶχον.

2109 2005 2353 2060 Φωτίου.
2420 2003 2700 2055 Ἐλυπεῖτο
2749 2003 2776 2053 ὁ
2828 1997 3076 2070 Ἡρώδης
3131 1997 3497 2067 μεριζόμενος
3541 1995 3644 2064 τὴν

2035 2099 2215 2168 ψυχήν
2249 2113 2262 2126 ·
2316 2096 2408 2148 καὶ
2446 2094 2574 2146 ποτὲ
2609 2093 2706 2163 μὲν
2732 2091 2826 2145 τοῦ
2858 2090 3049 2159 ἀνδρὸς
3077 2088 3277 2158 ἀρετὴν
3308 2086 3642 2156 αἰδούμενος

2037 2188 2415 2256 ἀνεχαιτίζετο
2445 2187 2542 2253 τῆς
2577 2183 2908 2253 μιαιφονίας,
2955 2181 3084 2234 ποτὲ
3126 2181 3181 2233 δὲ
3209 2181 3308 2250 τὴν
3338 2180 3641 2247 ὑπόσχεσιν

2044 2278 2332 2347 πληρῶσαι
2386 2274 2727 2344 βουλόμενος,
2778 2271 3086 2341 διηγείρετο
3137 2271 3274 2339 πρὸς
3307 2268 3398 2321 τὸν
3435 2269 3598 2336 φόνον
3627 2283 3640 2296 ·

2043 2372 2211 2435 δεῖξαι
2243 2369 2566 2440 βουλόμενος
2597 2367 2672 2428 ὡς
2709 2365 2928 2434 ἔνορκος
2958 2367 3073 2416 ἐστι
3095 2401 3109 2426 ,
3150 2363 3244 2415 καὶ
3278 2360 3498 2423 οὐδενὸς
3532 2375 3646 2429 φει-

2042 2461 2264 2530 δόμενος
2290 2459 2400 2512 τῶν
2432 2458 2568 2527 πρὸς
2599 2457 2898 2527 ἀρέσκειαν
2930 2455 3042 2506 τῶν
3077 2452 3489 2520 ἀνακειμένων.

351 2541 642 2596 t'itabatur.
689 2543 756 2598 Et
793 2546 923 2600 vicit
999 2547 1114 2602 haae
1182 2549 1456 2618 cupiditas
1521 2552 1860 2606 ostentandae
1916 2555 2248 2618 verat-italis,
2306 2553 2691 2620 inriolatteque
2734 2550 2874 2619 juris
2915 2545 3132 2617 juraudi
3186 2546 3358 2600 liclei:
3419 2550 3648 2598 cavente

351 2648 475 2705 rege
503 2651 573 2691 ne
601 2638 769 2693 videri
801 2653 988 2709 posset
1039 2642 1272 2712 gratiam
1341 2660 1406 2700 ac
1464 2647 1796 2717 voluptatem
1844 2647 2007 2703 simul
2049 2649 2486 2705 accumbentium
2550 2662 2657 2702 non
2727 2646 2864 2700 bene
2917 2652 3155 2713 emptam
3211 2642 3409 2711 quovis
3472 2638 3648 2710 pretio

354 2738 562 2794 putare.

351 2821 482 2878 CAP.
533 2823 649 2878 XV.
683 2824 850 2907 Vsus.
894 2827 950 2881 2.
994 2828 1170 2907 Quare
1221 2831 1472 2907 discipuli
1524 2835 1603 2888 tui
1671 2845 1942 2907 transgre-

673 2898 896 2952 diuntur
927 2901 1270 2955 traditionem
1300 2898 1570 2957 seniorum
1600 2907 1624 2960 ?

425 2983 628 3041 Pltotii.
656 2986 775 3041 Non
801 2999 1013 3059 oportet
1050 2991 1238 3046 mirari
1275 2993 1320 3049 si
1364 2997 1635 3064 quasdam,
1682 3015 1803 3067 qua:
1833 3000 1941 3063 lex,

353 3077 679 3132 exteriorem
710 3081 1055 3149 potissimum
1087 3083 1309 3141 intuens
1341 3086 1726 3158 instructisque
1763 3093 1942 3146 homi-

355 3183 503 3233 nem,
540 3172 880 3239 prohibebat,
913 3173 1192 3240 Christus,
1237 3180 1381 3247 quod
1415 3180 1755 3252 disciplinam
1787 3200 1941 3240 suam

2048 2834 2150 2888 Διὰ
2192 2832 2249 2885 τί
2281 2833 2336 2884 οι
2361 2827 2622 2900 μαθηταί
2665 2843 2783 2900 (ζου
2831 2825 3274 2900 παραϐαίνουσι
3308 2821 3428 2890 τὴν
3461 2819 3650 2887 παρὰ·

2437 2893 2617 2952 δοονιν
2649 2896 2768 2951 τῶν
2801 2893 3258 2962 πρεσϐυτέρων;

2119 2992 2364 3045 deterior).
2393 2991 2466 3043 Οὐ
2488 2990 2568 3043 δεῖ
2589 2988 2888 3056 θαυμάζειν
2909 2988 2980 3050 εἰ,
2999 2987 3092 3039 τοῦ
3117 2985 3280 3054 νόμου
3304 2982 3652 3045 κωλύσαντός

2058 3101 2182 3138 τινα
2222 3083 2297 3146 ὡς
2341 3083 2475 3153 πρὸς
2502 3081 2594 3132 τὸν
2625 3079 2729 3145 ἐξω
2760 3078 3044 3149 ἄνθρωπον
3078 3076 3278 3145 μᾶλλον
3307 3075 3652 3130 ἀποϐλέπον-

2047 3194 2158 3240 τος,
2195 3177 2222 3228 ὁ
2253 3175 2454 3246 Κύριος
2490 3173 2646 3243 ἡμῶν
2696 3172 2836 3244 πρὸς
2862 3171 2952 3223 τὸν
3005 3169 3115 3222 ἔσω
3141 3167 3432 3239 ἄνθρωπον
3467 3166 3652 3221 ποιού-

355 3259 423 3313 ad
468 3261 742 3318 interioris
797 3265 1037 3341 hominis
1111 3285 1273 3324 usunt
1326 3271 1604 3343 pmeipue
1667 3274 1945 3348 dirigeret,

2066 3285 2219 3341 μενος
2249 3269 2348 3339 τὴν
2380 3265 2731 3319 διδασκαλίαν
2764 3266 2865 3318 οὐκ
2898 3262 3172 3317 ἐκώλυσεν
3203 3261 3365 3316 αὐτά.

355 3352 694 3421 prohibenda
721 3372 833 3409 non
870 3360 1110 3416 censuit.

357 3444 524 3502 Vens.
549 3445 638 3501 '59.
681 3446 750 3500 Et
783 3449 1028 3527 dimissa
1054 3455 1233 3527 turba,
1270 3456 1510 3527 ascendit
1540 3457 1594 3510 in
1631 3459 1954 3527 naviculam,

760 3528 808 3571 et
841 3522 977 3572 venit
1011 3522 1066 3574 in
1091 3523 1227 3591 ﬁnes
1258 3522 1543 3594 Magedmt.

435 3607 637 3662 Pltotii.
685 3609 786 3674 Ne,
826 3612 969 3679 quod
1007 3613 1159 3686 signa
1212 3618 1456 3684 quotidie
1501 3619 1725 3683 faceret,
1765 3635 1954 3674 auram

361 3699 672 3768 popularem
723 3709 942 3771 captare
978 3703 1254 3762 videretur
1284 3709 1647 3780 (excitabatur
1677 3715 1821 3767 enim
1853 3715 1960 3769 fre-

359 3793 581 3858 quentia
626 3792 724 3847 ista
778 3795 1149 3864 prodigiorum
1184 3801 1476 3856 multitudo
1510 3805 1574 3858 ad
1619 3808 1956 3874 Sequendqu

360 3883 533 3954 eum),
569 3885 684 3954 ipse
721 3901 818 3953 pro
864 3891 1125 3958 mysterio
1157 3903 1452 3962 aSsumpta:
1499 3899 1702 3960 carnis,
1740 3899 1958 3951 humili-

363 3985 527 4030 tatem
553 3978 845 4034 ostendens
878 3995 1059 4049 suam,
1089 3985 1326 4038 ascendit
1353 3986 1409 4040 in
1433 3988 1756 4055 naviculam,
1781 4006 1959 4046 reces-

369 4083 533 4123 surus
570 4069 715 4124 inde.

362 4157 492 4213 Car.
524 4158 661 4215 XVI.
709 4161 877 4219 Vsus.
901 4165 991 4220 Η.
1023 4165 1092 4218 At
1131 4166 1210 4220 illi
1237 4167 1490 4221 dixerunt
1516 4169 1664 4223 :Alii
1693 4169 1958 4226 Joannem

605 4230 936 4302 Buptistam,
989 4236 1086 4289 alii
1124 4246 1299 4291 autem
1348 4237 1527 4292 Eliam
1556 4280 1570 4302 ,
1610 4255 1715 4294 etc.

433 4317 634 4377 Pltotii.
661 4323 887 4380 Nolebat
914 4324 1168 4383 Christus
1194 4328 1336 4382 ultro
1368 4331 1596 4398 prodere
1618 4331 1957 4387 divinitatem

364 4427 518 4467 suam
553 4453 568 4477 ,
603 4415 696 4471 sed
729 4417 1126 4488 discipulorum
1169 4421 1523 4488 exspectabat
1553 4424 1876 4477 sententiam
1905 4435 1959 4478 et.

366 4505 739 4560 testimonium
791 4509 859 4563 de
912 4525 992 4565 se.
1046 4510 1181 4564 Nam
1237 4512 1284 4566 si
1336 4513 1584 4567 diceret:
1641 4513 1814 4580 Quem
1875 4532 1959 4571 me

2060 3446 2167 3504 Kal
2191 3448 2514 3514 ἀπολύσας
2539 3444 2680 3511 τοὺς
2708 3444 2956 3514 ὄχλους,
2989 3441 3174 3508 ἀνέϐη
3201 3443 3289 3514 είς
3315 3440 3383 3514 σὺ
3413 3438 3654 3503 πλοῖον,

2317 3518 2414 3571 καὶ
2444 3511 2634 3587 ἦλθεν
2664 3511 2860 3582 εῑςῗτὰ
2898 3513 3030 3583 ὅρια
3065 3511 3380 3582 Μαγδαλά.

2131 3612 2378 3664 Φωτιου.
2423 3610 2538 3663 Ἵνα
2570 3610 2644 3680 μὴ
2675 3608 2799 3663 καθ’
2829 3607 3068 3678 ἑκάστην
3099 3605 3270 3658 ποιῶν
3299 3605 3504 3674 σημεῖα
3530 3601 3655 3670 δόξῃ

2061 3703 2354 3774 φιλόδοξος.
2385 3701 2557 3754 Τοῦτο
2579 3701 2688 3771 γὰρ
2712 3701 2955 3772 διήγειρε
2977 3699 3103 3762 τοὺς
3123 3698 3315 3769 ὄχλους
3337 3695 3659 3750 ἀκολουθεῖν

2059 3798 2228 3868 αὐτῷ.
2252 3795 2480 3858 Δεικνὺς
2501 3795 2565 3848 τὸ
2587 3794 2845 3848 ταπεινὸν
2870 3791 3064 3846 ἑαυτοῦ
3092 3791 3180 3845 διὰ
3208 3791 3307 3861 τὴν
3329 3789 3430 3860 τῆς
3454 3786 3657 3857 σαρκὸς

2059 3889 2390 3960 οἰκονομίαν,
2422 3885 2723 3957 ἀναχωρεῖ
2745 3886 2832 3950 εἷς
2861 3884 2926 3938 τὸ
2948 3882 3183 3937 πλοῖον.

2063 4171 2128 4223 0t
2183 4167 2252 4222 δὲ
2313 4163 2489 4222 εἶπον
2513 4182 2526 4197 ·
2559 4168 2624 4219 Ol
2658 4166 2776 4234 μὲν
2824 4163 3111 4230 Ἰωάννην
3143 4163 3254 4234 τόν
3279 4163 3651 4232 Βαπτιστὴγ,

2449 4237 2626 4290 ἄλλοι
2657 4233 2726 4288 δὲ
2774 4235 3003 4288 Ἠλίαν.
3040 4251 3094 4287 κ.
3126 4251 3175 4288 τ.
3207 4233 3258 4287 λ.

2131 4330 2378 4383 Φωτίου.
2435 4331 2553 4382 οὐκ
2607 4327 2859 4379 ἐδούλετο
2910 4327 3086 4377 εἰπεῖν
3141 4325 3202 4377 τὸ
3247 4325 3351 4395 τῆς
3402 4325 3657 4394 Θεότητος

2059 4423 2304 4493 ἀξίωμα,
2345 4420 2482 4474 ἀλλὰ
2505 4420 2602 4490 τὴν
2626 4419 2738 4472 τῶν
2764 4418 3022 4488 μαθητῶν
3046 4418 3277 4487 ἀνέμενε
3310 4418 3544 4487 γνώμην
3568 4420 3656 4470 καὶ

2063 4512 2367 4585 μαρτυρίαν
2395 4513 2523 4582 περὶ
2549 4511 2735 4564 αὑτοῦ.
2760 4511 2822 4563 Ei
2857 4514 2965 4578 γὰρ
2991 4510 3334 4578 ἔλεγεΊΤίνα
3368 4527 3438 4578 με
3469 4511 3658 4578 λέγουο

363 4596 956 4666 humittesexistimant,
973 4617 1078 4664 me,
1104 4601 1348 4670 inquam,
1371 4605 1463 4673 qui
1483 4620 1603 4658 sum
1627 4606 1716 4659 Dei
1741 4605 1945 4662 Filius‘;

2067 4623 2150 4658 σιν
2179 4605 2228 4657 oi
2254 4604 2534 4674 ἄνθρωποι
2561 4603 2656 4657 τὸν
2683 4602 2813 4657 Υίὺν
2848 4602 2943 4654 τοῦ
2977 4601 3149 4663 Θεοῦ;
3177 4601 3478 4663 κολακείας
3504 4601 3569 4654 ἂν
3593 4596 3658 4672 ἦν

361 4689 693 4746 adulationis
744 4692 1061 4761 suspicione
1107 4694 1379 4748 laborat-et
1429 4696 1817 4765 discipulorum
1871 4714 1956 4754 re-

361 4783 609 4848 sponsio,
649 4784 913 4852 praaeuuti
943 4785 1394 4854 suhjicientium:
1433 4785 1512 4840 Tu
1546 4785 1719 4843 Filius
1753 4787 1845 4842 Dei
1875 4805 1956 4845 es.

368 4889 528 4944 Vens.
566 4892 657 4946 23.
695 4895 799 4959 Qui
840 4905 1016 4950 autem
1061 4897 1349 4966 perdiderit
1401 4899 1634 4950 animant
1665 4915 1816 4952 suam
1839 4913 1964 4968 pro-

833 4977 947 5034 pter
980 4984 1081 5030 me,
1108 4969 1332 5022 inveniet
1362 4985 1501 5022 eam.

436 5044 637 5101 Plaotii.
672 5047 774 5112 Qui
795 5056 1108 5123 perdiderit,
1155 5058 1355 5128 inquit,
1392 5059 1624 5113 animam
1651 5075 1801 5113 suam
1825 5060 1967 5114 inve-

365 5139 472 5190 niet
513 5153 652 5194 eam.
683 5139 828 5194 Bona
856 5159 952 5212 spe
997 5163 1096 5203 nos
1139 5150 1472 5206 conﬁrmans
1517 5166 1581 5206 ac
1603 5152 1968 5207 corroborans

366 5232 679 5301 subjungit:
711 5231 885 5288 Filius
911 5240 1050 5290 enim
1069 5239 1295 5296 hominis
1322 5253 1566 5297 venturus
1586 5253 1663 5297 est
1689 5245 1741 5297 iu
1769 5243 1962 5314 gloria,

366 5339 486 5376 sua.
509 5321 645 5376 Nam
683 5324 731 5379 si
757 5342 903 5382 nunc
923 5329 1138 5396 quidem
1167 5333 1299 5386 nihil
1328 5349 1587 5404 magnum
1625 5335 1863 5406 cogitare
1894 5336 1960 5390 de

368 5428 454 5466 tne
481 5418 730 5482 potestis,
763 5429 982 5488 propter
1011 5421 1373 5478 humilitatem
1428 5428 1648 5491 carnis;
1687 5436 1742 5480 at
1805 5427 1965 5498 longe

369 5509 530 5560 aliam
553 5522 682 5566 tunc
708 5513 862 5567 vobis
888 5512 990 5566 mei
1008 5515 1244 5583 speciem
1268 5516 1546 5586 objieiam,
1563 5535 1779 5574 summo
1791 5521 1966 5588 splen-

373 5601 505 5658 dore
545 5605 843 5661 adveniens
873 5621 996 5660 cum
1035 5607 1241 5678 angelis
1267 5607 1322 5662 in
1345 5608 1516 5678 gloria
1544 5609 1722 5668 Patris
1748 5612 1873 5669 mei.

2065 4696 2098 4767 ὴ
2121 4693 2230 4748 τῶν
2261 4692 2518 4764 μαθητῶν
2548 4692 2859 4762 ἀπόκρισις,
2887 4692 2970 4745 ὅτι
2997 4690 3069 4743 Σὺ
3099 4685 3150 4742 εἷ
3169 4691 3198 4741 ό
3227 4691 3354 4754 Υἱὸς
3375 4691 3472 4743 τοῦ
3500 4690 3655 4744 θεοῦ.

2142 4893 2248 4960 ’ος
2284 4889 2335 4945 δ’
2367 4891 2445 4945 ἄν
2489 4887 2765 4960 ἀπολέσῃ
2815 4887 2931 4960 τὴν
2984 4888 3198 4955 ψυχὴν
3226 4887 3424 4942 αὑτοῦ
3454 4888 3661 4941 ἕνεκεν

2513 4959 2682 5028 ἐμοῦ,
2714 4959 2959 5025 εὑρήσει
3003 4960 3216 5022 αὐτὴν.

2137 5053 2384 5107 Φωτίου.
2431 5052 2527 5116 ’ος
2560 5051 2612 5102 δ’
2648 5050 2726 5102 ἂν
2770 5049 3066 5116 ἀπολέσῃ,
3110 5050 3266 5118 φησὶ,
3307 5049 3426 5116 τὴν
3453 5049 3661 5118 ψυχὴν

2067 5148 2274 5212 αὐτοῦ,
2314 5145 2560 5214 εὑρήσει
2595 5144 2808 5210 αὐτὴν.
2846 5143 3148 5206 Εὐέλπιδας
3181 5145 3332 5214 ἡμᾶς
3365 5145 3539 5197 ποιῶν
3571 5147 3658 5196 καὶ

2069 5239 2457 5311 καρτερικοὺς,
2499 5237 2729 5304 ἐπάγει·
2768 5236 2991 5290 Μέλλει
3014 5236 3123 5305 γὰρ
3168 5239 3202 5289 ό
3245 5237 3380 5300 Υἱὸς
3423 5237 3529 5290 τοῦ
3559 5236 3658 5289 dr-

2067 5333 2302 5400 θρώπου
2347 5329 2628 5397 ἔρχεσθαι
2659 5328 2728 5380 ἐν
2759 5326 2834 5396 τῇ
2875 5327 3023 5394 δόξῃ
3056 5327 3264 5382 αὐτοῦ.
3315 5329 3378 5380 Εἰ
3419 5329 3528 5397 γὰρ
3565 5328 3656 5379 νῦν

2067 5422 2219 5475 οὐδὲν
2251 5422 2394 5490 μέγα
2431 5419 2661 5474 δύνασθε
2690 5419 3048 5487 διανοηθῆναι
3081 5421 3212 5488 περὶ
3245 5420 3404 5490 ἐμοῦ,
3439 5419 3528 5474 διὰ
3561 5421 3654 5489 τὴν

2069 5512 2169 5580 τῆς
2198 5513 2400 5581 σαρκὸς
2443 5509 2786 5564 ταπείνωσιν·
2834 5509 2947 5561 ἀλλ’
2991 5509 3083 5562 οὖν
3111 5511 3277 5574 αὐτὸς
3311 5510 3422 5579 ἐγώ
3469 5513 3583 5581 εἰμι
3630 5513 3656 5563 ὁ

2077 5604 2286 5674 μέλλων
2336 5601 2512 5656 ἐλθεῖν
2561 5602 2700 5672 μετὰ
2747 5600 2856 5655 τῶν
2904 5600 3155 5671 ἀγγέλων
3209 5605 3268 5658 ἐν
3309 5605 3376 5674 τῇ
3410 5602 3542 5675 δόξῃ
3567 5603 3654 5656 τοῦ

2078 5694 2291 5765 Πατρός
2322 5709 2442 5765 μου.
2809 5680 2814 5687 ’
