3904 6218
298 276 440 344 1205

1405 282 1873 345 FRAGMENTA
1908 282 1987 343 IN
2019 283 2489 351 MA'I'I‘lrL‘EUM.

3419 280 3562 347 1206

294 394 404 446 Kal
451 390 828 465 ἀκούσαντες
860 392 913 445 οι
962 392 1220 465 μαθηται
1276 391 1513 457 ἔπεσον,
1545 393 1644 465 ἐπὶ
1697 394 1875 462 πρόσ-

1997 392 2109 448 ΣΑΡ.
2148 392 2305 448 XVII.
2345 394 2511 450 Vens.
2547 393 2599 449 6.
2658 395 2723 449 Et
2763 394 3034 450 audientes
3061 395 3331 465 discipuli,
3363 394 3563 449 cecide-

471 477 636 515 ωπον
663 460 882 526 αὐτῶν,
908 462 1004 515 καὶ
1025 463 1412 531 ἐφοϐήθησαν
1442 464 1698 533 σφόδρα.

365 574 611 631 Φωτίου.
665 576 883 647 Ἐπειδὴ
919 578 979 630 τὺ
1017 579 1116 648 τῆς
1142 578 1397 647 θεότητος
1437 580 1658 649 ἀξίωμα
1693 599 1874 651 παρα-

294 667 673 738 γυμνούμενον
717 669 1013 723 ἐθεάσαντο
1059 673 1107 723 οἱ
1159 672 1476 737 ἀπόστολοι,
1526 673 1622 726 καὶ
1652 677 1750 744 τῆς
1780 676 1875 727 τοῦ

294 758 509 828 Πατρὸς
539 761 724 829 φωνῆς
752 760 1016 829 ἤκουσαν,
1042 758 1180 815 εἶδον
1205 763 1262 816 δὲ
1285 764 1378 816 τὸν
1401 766 1642 836 Μωῦσῆν
1670 767 1876 820 καὶτὸν

306 847 493 899 Ἠλίαν
528 847 914 921 δουλοπρεπᾶ·ς
941 853 1389 921 παρεστηκότας,
1420 855 1502 918 εἰς
1534 856 1876 927 τελειοτέραν

293 937 609 1007 ἀνήχθησαν
642 938 851 993 ἔννοιαν
895 943 1022 1011 περὶ
1065 944 1158 997 τοῦ
1195 945 1445 1014 Σωτῆρος
1472 984 1489 1011 ,
1524 947 1619 1000 καὶ
1649 948 1721 1011 ὡς
1766 949 1876 1019 ἄρα

299 1029 519 1099 ἀληθῶς
539 1026 693 1095 οὗτός
722 1035 868 1087 ἐστιν
890 1036 917 1087 6
944 1034 1153 1105 μέλλων
1183 1038 1510 1109 λυτροῦσθαι
1535 1041 1627 1093 τὸν
1661 1040 1876 1114 Ἰσραὴλ

294 1122 392 1174 καὶ
422 1123 450 1174 6
493 1122 702 1191 μέλλων
729 1124 1019 1195 ἔρχεσθαι,
1058 1120 1213 1193 οὗτος
1244 1132 1272 1183 6
1312 1130 1444 1195 Θεὸς
1475 1131 1585 1187 τῶν
1621 1136 1877 1205 πατέρων

292 1213 475 1283 ἡμῶν,
502 1216 757 1287 όΚριτὴς
786 1217 1005 1281 ζώντων
1030 1221 1124 1275 καὶ
1149 1222 1382 1293 νεκρῶν.

300 1392 438 1445 Τότε
467 1393 761 1473 συνῆκας
806 1401 861 1451 οἱ
876 1402 1150 1473 μαθηταζ
1164 1402 1251 1457 ὅτι
1305 1406 1439 1473 περὶ
1475 1408 1747 1466 Ἰωάννου
1771 1412 1876 1468 τοῦ

722 1470 1060 1526 Βαπτιστοῦ
1092 1469 1262 1528 εἶπεν
1297 1469 1521 1544 αὐτοῖς.

367 1582 613 1673 viator/0v.
651 1585 726 1636 Οὐ
754 1585 829 1655 τῷ
859 1587 1083 1659 ὀνόματί
1112 1592 1261 1645 ἑστιν
1301 1592 1484 1659 Ἢλίας
1515 1599 1542 1651 6
1588 1598 1873 1673 Ἰωάννης,

292 1672 428 1766 ἀλλά
452 1676 518 1743 τῇ
545 1676 819 1746 ὁμοιότητι
850 1680 959 1731 τῶν
983 1682 1256 1751 πράξεων.
1293 1687 1401 1740 Kal
1425 1689 1534 1760 γὰρ
1572 1672 1874 1766 ἀμφότεροι

294 1765 594 1866 πρόδρομῌοι
642 1769 937 1866 ἐτύγχανον
979 1777 1079 1843 τῆς
1122 1775 1212 1828 τοῦ
1257 1779 1493 1850 Χριστοῦ
1536 1793 1870 1866 παρουσίας,

291 1859 322 1909 ὁ
352 1858 452 1926 μὲν
496 1860 591 1956 τῆς
624 1861 929 1956 προτέρας,
961 1867 987 1919 ό
1018 1867 1076 1919 δὲ
1111 1869 1210 1940 τῆς
1235 1871 1519 1945 δευτέρας.
1550 1881 1663 1934 Καὶ
1693 1858 1876 1956 ἀμφόξ

290 1966 443 2050 sis-por.
477 1952 602 2015 τοὺς
640 1954 949 2020 πολιτικοὺς
977 1959 1237 2029 θορύϐους
1262 1962 1545 2035 ἐξέφυγον.
1575 1974 1685 2029 Καὶ
1775 1952 1874 2050 μὲν

305 2042 489 2145 ill-lia;
516 2044 669 2145 *ᾤκει
696 2046 803 2145 ’τὸν
848 2050 1167 2145 Κάρμηλονο
1216 2060 1243 2109 6
1282 2059 1339 2113 δὲ
1402 2062 1656 2137 Ἰωάννης
1696 2042 1871 2145 ὲνΠτῇ

291 2136 485 2208 ἐρήμῳ
512 2138 772 2233 διέτριϐε·
803 2144 897 2197 καὶ
936 2148 1077 2199 κατὰ
1107 2148 1175 2201 τὰ
1203 2150 1336 2204 ἄλλα
1366 2154 1422 2207 δὲ
1455 2130 1679 2231 πλείστη
1715 2130 1872 2233 ἐτύγῖ

291 2246 456 2323 χανεν
486 2232 674 2323 αὐτοῖς,
703 2235 735 2303 ἡ
768 2234 1043 2306 ὁμοιότης.
1074 2240 1183 2293 Καὶ
1209 2242 1369 2297 τοῦτο
1396 2246 1548 2317 δηλοῖ
1580 2252 1607 2303 6
1638 2232 1875 2323 Χριστος

290 2321 489 2389 λέγων,
537 2325 619 2377 ὅτι
649 2320 876 2381 Ἷιλθεν
917 2330 1145 2398 Ἠλίας,
1187 2334 1303 2387 ἀλλ’
1328 2340 1441 2391 οὐκ
1470 2320 1747 2410 ἔγνωσαν
1772 2351 1874 2402 αὐ-

290 2416 421 2469 τόν·
482 2419 763 2474 τουτέστιν
808 2424 837 2475 ό
900 2424 1153 2494 Ἰωάννης
1202 2430 1230 2480 6
1268 2432 1409 2484 κατὰ
1462 2434 1642 2488 πάντα
1691 2439 1877 2508 ὅμοιος

291 2505 465 2576 αὐτῷ.

364 2600 473 2655 Kal
504 2603 865 2673 ἐπετίμησεν
887 2609 1047 2676 αὐτῷ
1071 2615 1103 2666 ό
1147 2614 1406 2683 Ἰησοῦς,
1442 2635 1497 2671 κ.
1528 2637 1578 2674 τ.
1615 2620 1666 2676 λ.

364 2697 612 2752 Φωτίου.
665 2700 772 2752 Τοῦ
827 2703 902 2774 μὴ
940 2708 1121 2775 τυχεῖν
1175 2712 1274 2778 τῆς
1328 2710 1524 2774 ἰάσεως
1573 2713 1699 2785 τρία
1738 2715 1878 2769 εἰσὶν

293 2786 464 2852 αῐτια,
493 2792 721 2847 ἀπιστία
746 2794 854 2847 τῶν
884 2799 1268 2868 παρεστώτων,
1298 2803 1394 2857 καὶ
1429 2807 1460 2875 ἡ
1486 2808 1616 2877 περὶ
1643 2806 1712 2860 τὰ
1741 2807 1875 2861 θαύ-

297 2898 446 2949 ματα
482 2882 823 2952 όλιγοπιστία
854 2889 962 2942 τῶν
1004 2891 1263 2961 μαθητῶν
1288 2938 1302 2959 ,
1348 2898 1443 2949 καὶ⁷
1476 2899 1509 2969 ἡ
1541 2899 1636 2952 τοῦ
1681 2900 1876 2970 δαιμο-

294 2974 582 3044 νιζομένου
611 2984 1027 3052 γαστριμαργία
1060 2988 1157 3039 καὶ
1181 2988 1484 3058 ἀδηφαγία.

370 3090 517 3146 Οὐαὶ
546 3090 625 3159 τῷ
661 3094 867 3165 κόσμῳ
890 3097 1010 3152 ἀπὸ
1040 3097 1159 3153 τῶν
1179 3102 1561 3162 σκανδάλων.

368 3230 619 3286 Φωτίου.
659 3232 893 3287 Πλεῖστα
937 3237 1067 3306 περὶ
1115 3237 1225 3292 τῶν
1278 3241 1592 3298 σκανδάλων
1631 3243 1802 3300 εἰπὼν
1846 3246 1876 3300 6

297 3319 490 3394 Σωτὴρ
544 3325 640 3377 καὶ
686 3323 962 3396 θρηνήσας
1007 3328 1097 3382 τὸν
1136 3329 1363 3400 κόσμον,
1410 3331 1600 3403 θρηνεί
1646 3336 1743 3390 καὶ
1786 3336 1880 3390 τὸν

296 3410 585 3483 ἄνθρωπον
634 3413 711 3478 ώς
755 3418 993 3488 ἐργάτην
1039 3419 1148 3473 τῶν
1179 3423 1387 3488 κακῶν,
1433 3425 1649 3489 δεικνὺς
1684 3427 1765 3480 ὅτι
1816 3428 1878 3481 οὐ

302 3502 465 3573 μόνον
487 3505 594 3577 χρὴ
620 3506 689 3560 τὰ
717 3510 988 3564 σκάνδαλα
1010 3512 1298 3582 ἐκφεύγειν
1328 3517 1424 3569 καὶ
1448 3518 1876 3589 ἀποτρέπεσθαι,

298 3595 437 3649 ἀλλά
472 3598 565 3650 καὶ
610 3598 738 3662 τοὺς
768 3600 838 3654 τὰ
864 3602 1089 3655 τοιαῦτα
1121 3603 1465 3675 πράσσοντας
1520 3609 1594 3678 μὴ
1623 3610 1880 3680 ἀποδέχεο

302 3689 448 3744 σθαι.
482 3690 595 3760 Τὴν
623 3692 732 3761 γὰρ
761 3694 900 3762 μετὰ
926 3694 1131 3748 τούτων
1158 3698 1505 3769 ἀναστροφὴν
1533 3702 1613 3763 εἰς
1648 3702 1880 3773 μίμησιν

299 3781 481 3836 αὐτῶν
510 3783 855 3839 ἐκκαλεῖσθαι
881 3787 1009 3850 τοὺς
1039 3786 1363 3858 ἀνθρώπους
1397 3790 1715 3860 ἀναγκαῖον.

303 3958 415 4017 Καὶ
462 3962 516 4016 εὶ
558 3965 592 4017 ό
614 3964 945 4038 »ὀφθαλμός
986 3982 1118 4038 ,σου
1163 3969 1546 4031 σκανδαλίζει
1582 3988 1677 4037 σε,
1707 3972 1883 4038 ἐξελε

558 4036 745 4088 αὐτὸν
781 4037 877 4090 καὶ
907 4037 1069 4101 ,βάλε
1096 4038 1216 4093 ἀπὸ
1240 4040 1378 4107 σοῦ,
1413 4059 1468 4096 κ.
1504 4060 1555 4102 τ.
1589 4042 1640 4098 λ.

376 4146 623 4203 Φωτίου.
657 4147 775 4201 Κᾶν
799 4149 1027 4218 φιλικῶς
1055 4152 1142 4222 εἴη
1168 4171 1252 4215 τις
1273 4154 1410 4225 πρὸς
1440 4156 1499 4207 σὲ
1519 4155 1881 4225 διακείμενος,

306 4238 394 4307 εἴη
420 4237 476 4290 δὲ
508 4238 745 4310 ἐργάτης
771 4258 833 4293 τε
863 4242 959 4295 καὶ
999 4243 1332 4315 δημιουργὸς
1372 4247 1482 4301 τῶν
1525 4248 1734 4312 κακῶν,
1757 4251 1885 4302 ἁπο-

307 4329 600 4400 κολλήθητι
653 4331 839 4399 αὑτοῦ,
879 4334 979 4404 τὴν
1012 4334 1217 4406 βλάϐην
1263 4337 1525 4392 ἐκκλίνων
1558 4341 1655 4412 τῆς
1707 4341 1886 4412 ψυχῆς

308 4421 406 4475 καὶ
435 4422 528 4476 τὸν
556 4424 619 4476 ὲκ
643 4423 744 4495 τῆς
778 4426 1063 4490 συνουσίας
1092 4427 1257 4480 αὑτοῦ
1292 4430 1388 4484 ἰόν.

506 4621 575 4676 δὲ
597 4622 911 4695 άιιαρτήσῃ
938 4625 1024 4690 εἰς
1046 4622 1122 4678 σὲ
1144 4628 1201 4695 βό
1233 4625 1496 4695 ἀδελφός
1514 4643 1651 4691 σου,
1675 4628 1888 4695 ὕπαγε,

311 4692 411 4746 καὶ
440 4693 694 4762 ἔλεγξον
727 4695 915 4747 αὐτὸν
937 4694 1167 4764 μεταξὺ
1196 4697 1315 4751 σοῦ
1337 4692 1433 4752 xiii
1464 4692 1651 4753 αὐτοῦ
1672 4692 1889 4769 μόνον.

385 4811 634 4866 Φωτίου.
681 4811 820 4875 Τοὺς
856 4812 1309 4876 σκανδαλίζοντας
1348 4812 1441 4866 τὸν
1486 4812 1715 4885 πλησίον
1756 4816 1890 4868 ἁποο

312 4903 652 4972 τρεπόμενος
680 4905 708 4956 ό
736 4902 946 4973 Σωτὴρ,
988 4902 1083 4956 νῦν
1117 4901 1520 4974 παραμυθεῖται
1547 4906 1675 4968 τοὺς
1710 4923 1889 4957 σκαν-

791 4994 885 5046 καὶ
934 4992 1080 5060 λέγει
1114 4992 1246 5062 πρὸς
1283 4992 1502 5057 αὐτούς’
1534 4996 1623 5064 Μὴ
1651 4995 1890 5048 καταπὲ-

316 5102 449 5156 σητε
491 5084 799 5147 ἐννοοῦντες
850 5086 916 5154 ἦν
956 5082 1226 5152 ὑπέστητε
1251 5083 1485 5150 ἀδικίαν,
1517 5086 1638 5138 ἐπεὶ
1670 5085 1892 5138 δυνατόν

315 5180 465 5230 ἐστιν
511 5178 591 5239 είς
636 5176 779 5244 μέγα
824 5177 1012 5247 κέρδος
1048 5174 1407 5245 μεταστῆσαι.
1461 5174 1582 5239 Πῶς
1632 5176 1689 5228 δὲ
1735 5177 1893 5229 τοῦτο

316 5268 638 5337 γενήσεται;
674 5269 733 5320 Εἰ
761 5267 854 5320 τὸν
883 5268 1212 5338 ἀδικήσαντά
1239 5286 1296 5321 σε
1320 5268 1443 5321 κατ’
1475 5268 1609 5321 ίδίαν
1634 5268 1891 5336 ὲλέγξεις,

313 4991 701 5063 δαλιζομένους
726 5033 742 5058 ,

317 5359 578 5412 δεικνύων
630 5358 778 5429 αὐτῴ
839 5359 899 5411 τὸ
964 5358 1285 5430 ἁμάρτημα.
1327 5358 1724 5421 Μετανοοῦντος
1778 5360 1888 5432 γὰρ

320 5448 529 5503 ἐκείνου
559 5451 644 5519 ἐφ’
674 5444 757 5513 οἷς
803 5447 1035 5519 ἔπραξεν
1062 5450 1140 5513 εἰς
1169 5451 1247 5517 σὲ,
1282 5449 1423 5520 μέγα
1450 5463 1534 5501 σοι
1574 5447 1763 5519 κέρδος
1795 5468 1891 5519 γε-

2148 474 2273 517 runt
2322 466 2377 518 in
2406 466 2594 533 [aciem
2624 483 2775 519 suam
2796 505 2809 529 ,
2837 476 2884 519 et
2906 467 3190 521 timuerunt
3218 465 3389 521 valde.

2046 573 2249 628 Pltotii.
2278 574 2577 644 Postquam
2622 575 2963 643 majestatem
3033 574 3334 630 divinitatis
3360 574 3563 629 nudam

1972 663 2085 733 jam
2121 666 2349 733 apostoli
2403 666 2628 719 enntuili
2669 674 2837 730 sunt,
2876 675 2930 719 et
2985 665 3163 719 Patris
3219 680 3406 719 vocem
3463 680 3563 717 auc

1977 755 2231 822 dierunt,
2293 754 2516 825 Moysen
2576 772 2796 826 quoque
2857 764 3021 825 atque
3090 756 3263 809 Etiam
3307 753 3564 808 famulari

1977 846 2162 913 specie
2226 861 2291 901 ac
2355 849 2659 901 reverentia
2723 856 3050 917 apparentes
3094 861 3453 915 conspexere;
3507 846 3561 898 in

1978 938 2356 995 sublimiorem
2396 940 2569 995 evecti
2601 942 2895 1009 quamdam
2916 950 3044 995 sunt
3077 939 3464 1009 cogitationem
3495 939 3565 992 de

1979 1028 2284 1095 Salvatore,
2311 1029 2568 1083 nimirum
2609 1029 2760 1083 illum
2806 1045 2926 1085 esse
2980 1044 3168 1084 revera
3202 1043 3328 1083 eum
3360 1029 3452 1098 qui
3481 1041 3565 1081 rc-

1977 1120 2298 1189 dempturus
2323 1131 2466 1175 esset
2494 1120 2659 1175 Israel
2686 1137 2701 1174 :
2740 1121 2892 1174 illum
2930 1120 3022 1189 qui
3048 1128 3312 1174 venturus
3334 1132 3564 1187 exspec-

1980 1211 2196 1265 tabatur
2226 1212 2368 1265 Deus
2400 1219 2611 1280 patrum
2651 1220 2992 1276 nostrorum,
3027 1208 3204 1264 Judex
3233 1209 3479 1263 vivorum
3506 1214 3565 1260 et

1979 1312 2347 1357 mortuorum.

1979 1393 2141 1449 Vsus.
2171 1395 2257 1449 15.
2293 1393 2436 1448 Tunc
2453 1394 2826 1449 intellexerunt
2849 1394 3101 1462 discipuli
3132 1394 3253 1464 quia
3274 1393 3337 1447 de
3356 1392 3563 1448 Joanne

2458 1464 2705 1534 Baptista
2746 1463 2965 1518 dixisset
2983 1467 3082 1517 eis.

2050 1573 2252 1630 Pltotii.
2306 1574 2546 1630 Joannes
2578 1591 2689 1629 non
2744 1577 2963 1631 nomine
3006 1577 3225 1646 quidem
3269 1575 3414 1631 Elias
3454 1585 3557 1642 est,

1982 1666 2074 1720 sed
2105 1666 2465 1720 similitudine
2497 1681 2679 1719 rerqu
2714 1675 3011 1733 gestarum.
3039 1665 3217 1718 Ambo
3246 1664 3392 1717 enim
3421 1678 3560 1731 pra:-

1904 1734 1949 1790 B
1975 1772 2229 1810 cursores
2268 1757 2531 1809 adventus
2559 1755 2803 1821 Christi;
2845 1757 2933 1809 ille
2991 1756 3211 1825 prioris,
3259 1756 3345 1809 hic
3376 1764 3564 1823 postc-

1985 1847 2170 1900 t'ioris.
2214 1844 2459 1915 Uterque
2512 1846 2701 1901 civiles
2759 1848 3028 1902 tumultus
3067 1859 3118 1900 et
3157 1847 3563 1915 pertubationes

1985 1940 2262 1993 saecularis
2297 1939 2422 1993 vita:
2487 1940 2795 1993 sccedcndo
2836 1939 2993 2009 fugit.
3047 1938 3113 1993 Et
3158 1939 3303 1992 Elias
3343 1939 3563 2007 quidem

1983 2030 2294 2085 Carmelum
2352 2030 2662 2095 habitavit,
2718 2030 2959 2085 Joannes
3017 2040 3197 2085 autem
3257 2032 3309 2084 in
3350 2030 3566 2084 deserto

1985 2133 2361 2177 commoratus
2389 2132 2494 2177 est.
2524 2124 2660 2178 Aliis
2691 2139 2910 2193 quoque
2946 2124 2998 2176 in
3028 2124 3301 2193 plerisque
3328 2122 3567 2176 maxima

1986 2214 2128 2269 inter
2160 2216 2309 2284 ipsos
2334 2214 2640 2270 similitudo
2671 2216 2901 2269 exstitit.
2933 2214 3047 2270 lloc
3110 2216 3379 2284 signiﬁcat
3407 2211 3566 2267 Clu-i-

1984 2319 2098 2361 stus
2113 2306 2303 2361 dicens
2337 2325 2349 2359 :
2390 2306 2705 2376 ριιίαζΕιίαδ
2740 2308 2899 2372 venit,
2928 2306 3043 2371 sed,
3073 2323 3175 2359 non
3210 2314 3558 2375 cognoverunt

1983 2416 2123 2453 eum.
2156 2398 2269 2454 Hoc
2303 2398 2644 2454 estloannes
2674 2399 2772 2468 ipsi
2795 2415 2890 2469 per
2913 2398 3096 2452 onmia
3132 2398 3331 2453 similis

2144 2567 2311 2623 Vens.
2346 2568 2431 2623 18.
2467 2570 2535 2621 Et
2564 2568 2849 2636 increpavit
2887 2567 3041 2620 illum
3070 2565 3250 2629 Iesus,
3283 2575 3388 2620 etc.

2058 2659 2263 2715 Pliotii.
2312 2661 2622 2727 Quominus
2644 2661 2981 2715 curationem
3004 2666 3438 2729 consequeretur
3463 2659 3566 2713 tria

1987 2752 2322 2806 obstiterunt
2361 2770 2376 2805 :
2416 2751 2772 2805 incredulitas
2807 2751 3126 2812 astantium,
3167 2748 3302 2801 etin
3334 2748 3568 2801 miracu-

1985 2839 2163 2894 lorum
2192 2841 2514 2909 operatione
2551 2841 2749 2909 exigna
2788 2839 2924 2893 tides
2968 2838 3383 2908 discipulorum,
3412 2837 3567 2892 deni-

1986 2947 2093 3002 que
2145 2932 2269 3001 gula
2308 2940 2363 2988 et
2414 2933 2687 2988 voracitas
2736 2931 2882 2985 illius
2925 2929 3021 3000 qui
3055 2944 3085 2982 a
3124 2930 3372 2983 daemone
3401 2942 3567 2982 vexa-

1989 3022 2171 3077 batur.

2082 3101 2436 3192 CAP.‘XVIH.
2471 3133 2633 3191 Vens.
2668 3135 2720 3191 7.
2781 3133 2873 3190 Va:
2915 3136 3112 3190 mundo
3140 3152 3173 3189 a
3205 3132 3499 3189 scandulis.

2057 3248 2257 3304 Photii.
2315 3250 2452 3305 Cum
2504 3251 2739 3321 plurima
2807 3250 2875 3306 de
2925 3251 3201 3307 scandatis
3263 3257 3572 3320 perorasset

1985 3337 2240 3395 Christus
2285 3350 2341 3395 et
2379 3341 2643 3395 mundum
2694 3339 3055 3411 deplorasset,
3090 3342 3339 3411 deplorat
3367 3350 3423 3395 et
3469 3340 3569 3394 ho-

1987 3430 2187 3484 minem
2230 3430 2511 3485 ‘malorum
2560 3444 2862 3496 auctorem,
2904 3431 3198 3486 ostendens
3217 3446 3324 3484 non
3357 3437 3571 3483 tantum

1990 3521 2243 3592 l‘ugiemla
2274 3531 2328 3577 et
2356 3524 2666 3594 repellenda
2710 3541 2832 3580 esse
2868 3525 3150 3588 scandala,
3183 3539 3369 3577 verum
3394 3532 3447 3577 et
3477 3536 3573 3576 eos

1988 3612 2083 3681 qui
2113 3612 2239 3665 talia
2268 3621 2438 3683 agunt
2466 3630 2811 3683 nequaquam
2841 3631 2962 3669 esse
2986 3614 3351 3668 admittendos
3405 3612 3458 3665 in
3494 3611 3575 3666 fa-

1990 3704 2360 3757 miliaritatem
2392 3722 2456 3758 ac
2479 3706 2816 3758 convictum.
2852 3704 3281 3760 Conversatione
3307 3704 3573 3773 siquidem

1988 3804 2042 3848 et
2064 3795 2462 3848 consuetudine
2497 3796 2683 3847 talium
2719 3811 2940 3849 necesse
2969 3804 3050 3849 cst
3085 3796 3368 3864 provocari
3401 3794 3577 3847 homi-

1989 3901 2088 3940 nes
2122 3885 2186 3937 ad
2220 3885 2582 3937 imitationem
2615 3886 2747 3955 (ιε).

1989 3976 2151 4031 Vens.
2185 3976 2237 4032 9.
2268 3975 2338 4029 Et
2369 3977 2416 4030 si
2445 3976 2626 4029 oculus
2660 3986 2781 4029 tuus
2815 3977 3152 4032 scandalizat
3180 3988 3249 4044 te,
3277 3993 3400 4031 erue
3434 3992 3574 4039 eum,

2462 4060 2507 4100 et
2546 4048 2743 4115 projice
2779 4047 2871 4101 abs
2899 4058 3097 4112 te,ctc.

2060 4138 2262 4194 Photii.
2292 4137 2603 4205 Quamlibet
2644 4141 2907 4195 benevole
2963 4141 3035 4195 sit
3087 4140 3315 4194 allectus
3365 4153 3492 4208 erga
3525 4148 3577 4193 te

1991 4256 2262 4325 quispiam
2295 4296 2312 4322 ,
2341 4257 2412 4310 sit
2436 4265 2617 4310 autem
2656 4255 2797 4309 idem
2847 4254 3129 4324 operarius
3156 4263 3209 4307 et
3236 4261 3427 4308 auctor
3460 4269 3575 4307 ma-

1992 4350 2166 4403 lorum
2206 4365 2219 4401 :
2256 4349 2514 4404 abscinde
2556 4359 2607 4402 te
2641 4349 2710 4403 ab
2760 4349 2876 4412 illo,
2934 4348 3226 4417 perniciem
3260 4348 3456 4401 animae
3480 4349 3576 4402 de-

1917 4471 1967 4530 D
1995 4438 2232 4502 clinans,
2264 4447 2319 4492 et
2350 4453 2681 4509 proserpens
2702 4455 2766 4493 cx
2796 4440 3127 4510 contagione
3158 4439 3577 4494 consuetudinis

1995 4530 2154 4585 istius
2194 4544 2459 4583 venenum
2495 4545 2827 4600 praecavens.

1995 4624 2160 4680 Vens.
2180 4624 2268 4679 15.
2288 4624 2349 4680 Si
2369 4637 2543 4679 autem
2557 4628 2847 4694 peccaverit
2878 4627 2930 4680 in
2974 4636 3019 4679 te
3052 4627 3217 4696 frater
3249 4637 3394 4690 tuus,
3425 4629 3575 4696 unde,

2275 4707 2323 4750 et
2347 4698 2549 4765 corripe
2576 4698 2710 4750 inter
2735 4707 2781 4750 te
2800 4706 2849 4751 et
2884 4700 3055 4767 ipsum
3082 4698 3253 4752 solum
3275 4737 3289 4751 .

2069 4809 2277 4863 Pltotii.
2312 4808 2626 4865 Detestatus
2660 4808 2913 4864 Salvator
2941 4825 3038 4865 eos
3077 4812 3169 4880 qui
3207 4811 3581 4867 scandalizant

1992 4902 2340 4970 proximum,
2403 4917 2548 4956 nunc
2604 4918 2699 4956 eos
2741 4902 3056 4957 consolatur
3116 4904 3207 4972 qui
3264 4907 3578 4960 scandalum

1998 4993 2302 5062 patiuntur.
2337 5002 2390 5045 et
2431 4990 2564 5046 dicit
2592 4993 2657 5046 ad
2705 4992 2827 5047 illos
2857 5010 2871 5046 :
2916 4992 2995 5048 Nc
3051 4995 3237 5047 animo
3266 5008 3582 5052 consterne-

1999 5082 2131 5136 mini
2164 5092 2483 5152 reputantes
2519 5094 2785 5153 quantum
2821 5085 3038 5154 injuriae
3067 5086 3264 5141 vulnus
3300 5091 3580 5158 acceperi-

1999 5175 2091 5237 tis,
2125 5175 2567 5244 quandoquidem
2598 5176 2709 5230 lieri
2746 5185 2925 5246 potest
2957 5187 3015 5231 ut
3048 5178 3181 5233 illud
3213 5181 3580 5249 quodcunque

2003 5265 2056 5319 in
2089 5282 2344 5337 magnum
2396 5268 2554 5321 vobis
2600 5267 2816 5322 lucrum
2857 5280 3230 5325 convertatur.
3292 5269 3579 5335 Quomodo

1995 5369 2175 5413 autem
2209 5360 2258 5412 id
2280 5359 2478 5414 liet?Si
2498 5369 2775 5415 auctorem
2805 5362 3014 5432 injuriae
3034 5363 3283 5431 privatim
3309 5360 3577 5430 argueris,

1996 5467 2154 5507 suum
2184 5452 2256 5506 illi
2283 5462 2568 5524 peccatum
2595 5455 2908 5511 ostendens.
2948 5456 3005 5511 Si
3032 5457 3180 5509 enim
3240 5466 3365 5506 eum
3404 5450 3579 5521 paeni-

1797 5631 2026 5690 NOTAE.

399 5786 510 5857 (1‘2)
541 5784 624 5842 Cl.
656 5802 711 5854 (ι.
744 5784 809 5837 ν.
