3904 6218
299 247 437 314 1209

1463 251 1924 315 FRAGMENTA
1963 253 2048 315 IN
2076 253 2420 316 MARCUM.

3424 260 3560 328 1210

295 362 413 435 Kal
435 360 704 435 ἐμνήσθη
734 366 767 417 ὁ
787 364 1008 435 Πέτρος
1046 365 1153 420 τοῦ
1182 366 1450 435 ῥήματος
1492 367 1599 421 τοῦ
1642 368 1869 433 Ἰησοῦ,
1897 423 1898 426 η

1992 364 2139 420 Vens.
2178 366 2266 419 75.
2299 399 2369 409 --
2402 366 2468 420 Et
2495 368 2795 424 recordatus
2836 380 2909 425 est
2952 369 3147 428 Petrus
3179 374 3319 428 verbi
3395 375 3555 432 Iesus

365 433 672 506 εἰρηκότος
704 434 883 506 αὐτῷ,
921 434 1014 489 ὅτι
1047 433 1195 506 Πρὶν
1235 433 1528 506 ἀλέκτορα
1569 439 1866 506 φωνῆσαι,

367 503 493 567 τρὶς
521 503 845 583 ἀπαρνήσῃ
870 521 966 573 με.
998 503 1105 559 Kal
1133 504 1395 570 ἐξελθὼν
1428 503 1582 574 ἔξω,
1605 503 1872 562 ἔκλαυσε-

366 587 609 626 πικοωο.

368 589 471 624 rw:
596 612 609 626 .

368 589 613 716 φωίῖῖ.
653 664 818 717 Ὅταν
845 667 872 717 6
903 666 1178 730 Ματθαῖος
1203 667 1334 739 λέγῃ
1356 683 1369 698 ·
1400 669 1551 737 Πρὶν
1579 669 1872 738 ἀλέκτορα

296 751 593 821 φωνῆσαι,
621 754 745 820 τρὶς
764 755 1090 825 ἀπαρνήση
1106 773 1201 825 με,
1222 755 1322 829 τὴν
1340 757 1564 829 πρώτην
1588 760 1872 831 ἀλεκτορο-

297 845 503 913 φωνίαν
534 847 848 912 αἰνίττεται,
879 848 977 919 τὴν
1004 850 1130 919 ὃλην
1162 851 1424 922 δηλονότι.
1456 853 1548 905 Διὸ
1578 850 1671 905 καί
1704 869 1867 923 φησιο

296 937 435 1006 Πρὶν
469 939 605 1001 αὐτὴ
649 941 995 1012 ἀπαρτισθῇ,
1048 944 1323 998 τουτέστιν
1373 946 1405 1015 ἡ
1446 946 1540 1015 ὅλη
1580 946 1871 1017 ἀλεκτορο-

296 1028 493 1097 φωνία.
524 1031 644 1099 τρὶς
669 1032 958 1102 ἀπαρνήσῃ
995 1050 1081 1102 με.
1112 1035 1278 1087 Ὅταν
1305 1034 1362 1087 δὲ
1395 1038 1423 1089 6
1448 1036 1674 1107 Μάρκος
1703 1037 1835 1109 λέγῃ
1853 1052 1868 1067 ⁶

296 1119 445 1185 Πρὶν
464 1119 502 1186 ἢ
520 1120 615 1186 δὶς
643 1121 940 1190 ἀλέκτορα
954 1124 1235 1193 φωνῆσαι
1260 1128 1413 1195 ,τρὶς
1424 1127 1749 1199 ἀπαρνήσῃ
1771 1149 1869 1201 με,

294 1212 395 1273 τὰς
424 1213 481 1263 ὲν
510 1212 605 1283 ὅλῃ
640 1217 707 1284 τῇ
760 1214 954 1288 πρώτῃ
1002 1217 1443 1289 ἀλεκτοροφωνία
1478 1223 1873 1291 περιεχομένας

298 1302 573 1371 φωνήσεις
613 1303 780 1374 δηλοῖ,
828 1307 920 1358 καί
967 1325 1161 1377 φησιν,
1204 1309 1286 1362 ὅτι
1322 1312 1458 1381 Πρὶν
1507 1314 1603 1376 τὰς
1642 1314 1736 1367 δύο
1773 1318 1872 1379 τὰς

297 1392 442 1444 κατὰ
477 1393 641 1464 μέρος
692 1398 961 1468 φωνήσεις
1000 1400 1310 1470 παρελθεῖν,
1353 1404 1535 1473 τρίτον
1582 1407 1872 1478 ἀπαρνήσῃ

302 1500 391 1553 με.
432 1483 495 1536 Ἠ
528 1485 635 1555 γάρ
664 1488 757 1558 ὅλη
789 1488 1230 1561 ἀλεκτοροφωνία
1261 1497 1413 1563 τρεῖς
1458 1495 1551 1549 καὶ
1600 1495 1872 1567 τέσσαρας

299 1575 397 1629 καὶ
422 1576 637 1641 πλείους
664 1579 776 1649 ἔχει
807 1582 1104 1651 φωνήσεις.
1150 1584 1317 1637 Ὥστε
1349 1587 1696 1655 συμφωνοῦσι
1719 1587 1872 1658 ’μᾶλ-

297 1668 390 1723 λον
418 1669 666 1741 ἀλλήλοις
695 1672 745 1724 οί
773 1673 1176 1742 εὐαγγελισταί.

300 1862 411 1914 Καὶ
460 1860 588 1915 ἰδοὺ
635 1862 700 1916 τὸ
738 1855 1355 1937 καταπέτασμαιτοῦξ

842 1938 928 2002 εἰς
958 1936 1095 2001 δύο,
1131 1955 1186 1991 κ.
1210 1956 1261 1992 τ.
1285 1939 1336 1994 λ.

375 2023 623 2076 (but/0v.
662 2024 918 2095 Ἐσχίσθη
949 2026 1009 2079 τὸ
1042 2028 1439 2099 καταπέτασμα
1476 2029 1569 2083 τοῦ
1597 2031 1746 2097 ναοῦ,
1779 2030 1874 2085 καὶ

299 2112 562 2183 ὣρῢησαν
591 2115 657 2168 τά
686 2116 908 2170 ἀθέατα.
934 2118 1104 2172 Τοῦτο
1133 2122 1395 2191 σημαῖνον
1426 2123 1488 2176 τὸ
1533 2124 1633 2195 τὴν
1663 2126 1872 2196 Καινὴν

300 2201 572 2272 Διαοηκην
604 2205 681 2266 είς
705 2205 884 2258 πᾶσαν
914 2206 1012 2276 τὴν
1038 2210 1362 2280 οἰκουμένην
1385 2211 1699 2282 διαδραμεῖν
1724 2232 1738 2246 ’
1776 2214 1871 2269 καί⁵

298 2295 399 2363 τὴν
434 2295 661 2365 νομικὴν
703 2296 955 2367 λατρείαν
998 2300 1260 2370 ἀργῆσαι,
1315 2303 1408 2356 καὶ
1445 2303 1513 2357 τὰ
1556 2305 1721 2374 ’Ἅγια
1760 2309 1870 2361 τῶν

303 2384 474 2450 ἁγίων
508 2386 637 2437 πᾶσι
668 2385 834 2439 Θεατά
866 2388 961 2440 καὶ
990 2389 1196 2460 βάσιμα
1227 2392 1529 2460 γεγονέναι.

1404 1869 1555 1924 ναοῦ
1613 1870 1874 1940 ἐσχίσθη

2043 436 2194 511 quod
2217 436 2423 511 dixerat
2451 453 2470 491 :
2507 437 2663 491 l’rius
2724 457 2881 509 quant
2922 442 3095 511 gallus
3150 452 3346 509 cantet,
3371 454 3448 500 tet‘
3477 459 3558 501 me

2042 506 2274 574 negabis.
2298 505 2363 558 Et
2404 523 2641 577 egressus
2671 505 2814 576 [aras
2839 505 2978 578 ﬂeuit
3004 528 3204 566 enitare.

2050 595 2251 649 Pltotii.
2282 596 2443 668 LCum
2493 598 2779 655 Matthteus
2833 602 2985 667 dicit,
3044 602 3343 674 Antequam
3382 605 3557 675 gallus

1974 698 2171 754 cantet,
2198 700 2277 743 ter
2303 706 2385 743 me
2416 692 2630 761 negabis
2660 735 2674 758 ,
2732 693 2890 762 primi
2923 704 3113 749 cantus
3152 692 3370 752 nomine
3406 713 3560 752 com-

1970 778 2228 846 plectitur
2270 795 2463 836 omnes
2516 791 2794 850 separatas
2820 783 2936 852 ejus
2970 785 3085 839 avis
3108 800 3268 841 voces
3290 802 3428 856 quas
3447 804 3559 842 mo-

1973 868 2101 922 dico
2134 870 2317 939 spatio
2352 871 2673 927 continuare
2703 874 2972 943 solethit
2992 875 3154 944 igitur
3185 894 3198 930 :
3228 876 3555 946 Priusquam

1974 956 2152 1028 gallus
2207 960 2442 1029 primum
2481 972 2698 1016 cantum
2752 965 3006 1019 erunibus
3038 966 3154 1021 suis
3190 969 3434 1035 partibus
3471 972 3561 1022 al.-

1976 1051 2217 1118 solverit,
2252 1061 2468 1107 terzme
2511 1054 2754 1123 negabis.
2793 1055 2927 1110 Cum
2960 1072 3091 1111 vero
3129 1059 3347 1113 Marcus
3373 1060 3545 1115 dicit:

1978 1136 2301 1210 Priusquam
2327 1142 2498 1212 gallus
2535 1160 2709 1197 vacent
2742 1144 2819 1198 bis
2870 1146 3095 1211 dederit,
3122 1157 3200 1201 ter
3239 1166 3318 1201 me
3345 1166 3397 1202 es
3458 1167 3548 1205 ne-

1974 1242 2194 1302 gaturus
2223 1273 2237 1298 ,
2286 1235 2522 1303 primum
2558 1247 2779 1291 cantum
2835 1238 2886 1292 in
2920 1248 3101 1307 partes
3140 1256 3268 1295 suas
3310 1241 3500 1295 dividit
3538 1270 3555 1296 9

1974 1322 2078 1377 hoc
2112 1339 2275 1378 sensu
2308 1343 2320 1378 :
2350 1327 2675 1397 Priusquam
2724 1330 3032 1401 singulares
3062 1333 3362 1389 cantilenas
3387 1332 3559 1403 gallus

1972 1414 2110 1469 duas
2146 1416 2375 1480 dederit,
2403 1419 2594 1486 quales
2618 1420 2801 1488 plures
2841 1423 3076 1491 primum
3101 1434 3322 1478 cantum
3371 1426 3555 1480 absol-

1972 1513 2128 1569 vunt,
2171 1516 2252 1559 ter
2280 1522 2367 1561 me
2410 1510 2657 1578 negabis.
2691 1510 2826 1565 Nam
2858 1521 2998 1566 totus
3026 1492 3151 1583 galli
3202 1524 3398 1569 cantus
3427 1531 3559 1570 can-

1973 1595 2148 1651 tiones
2173 1598 2378 1667 colligit
2408 1610 2537 1666 tres,
2574 1614 2831 1671 quatuor,
2874 1613 2968 1658 aut
3021 1605 3203 1675 plures
3242 1622 3408 1675 parvo
3469 1607 3558 1660 in-

1902 1710 1946 1766 B
1973 1688 2195 1742 tervallo
2220 1690 2548 1757 disjunctas.
2574 1693 2807 1749 Maxime
2835 1697 3003 1765 igitur
3032 1700 3379 1769 evangelista
3416 1714 3551 1755 con-

1981 1781 2245 1847 sentiunt,
2273 1783 2373 1836 hoc
2392 1785 2609 1852 quidem
2637 1787 2755 1841 loco
2786 1788 2920 1858 (15).

1982 1888 2111 1945 CAP.
2158 1888 2371 1945 XXVII.
2413 1890 2579 1949 Vens.
2608 1895 2696 1969 5|.
2719 1894 2806 1969 _Et
2834 1912 2949 1950 ecce
3003 1898 3175 1952 velum
3205 1899 3386 1969 templi
3421 1900 3554 1955 scis-

2355 1977 2470 2013 sum
2504 1972 2580 2016 est
2613 1965 2666 2015 in
2693 1965 2826 2017 duas
2853 1976 3048 2034 partes,
3084 1978 3189 2023 etc.

2046 2047 2240 2104 Pratii.
2296 2050 2539 2107 Scissum
2602 2064 2687 2109 est
2716 2056 2892 2110 velum
2941 2060 3149 2128 templi,
3183 2070 3237 2115 et
3266 2063 3553 2119 hominum

1982 2140 2367 2208 conspectibus
2410 2144 2670 2211 expositae
2705 2154 2835 2199 sunt
2894 2162 2983 2201 res
2999 2164 3149 2217 .quas
3181 2159 3338 2204 antea
3374 2150 3558 2206 videre

1978 2226 2131 2283 nefas
2154 2239 2289 2284 erat.
2308 2229 2420 2286 lloe
2451 2233 2793 2302 signiﬁcante
2823 2237 3096 2306 prodigio,
3125 2238 3334 2293 Novum
3363 2239 3558 2295 Testa-

1978 2329 2224 2374 mentum
2257 2323 2312 2375 in
2337 2324 2646 2378 universam
2701 2335 2897 2380 terram
2936 2331 3367 2397 propagandum,
3430 2332 3559 2386 reli-

1974 2410 2190 2479 gionem
2224 2428 2352 2466 vero
2385 2429 2509 2480 quze
2538 2416 2902 2472 observationi
2947 2420 3079 2491 legis
3136 2422 3344 2493 illigata
3381 2432 3527 2479 esset
3536 2474 3556 2503 ,

302 2484 680 2547 eessaturam,
742 2497 806 2537 ac
854 2482 1051 2538 Sancta
1088 2494 1404 2541 sanctorum
1453 2488 1697 2546 omnium
1763 2498 1938 2556 oculis
2010 2504 2211 2562 intueri
2269 2506 2605 2574 volentium,
2668 2512 2914 2567 omnium
2967 2516 3249 2583 gressibus
3296 2482 3558 2572 accedere

304 2575 667 2644 cupientium,
696 2587 880 2647 aperta
917 2578 1035 2635 fore
1066 2582 1203 2653 (15).

378 2829 493 2902 (15)
524 2830 608 2887 Ci.
636 2832 702 2888 de
733 2833 921 2888 eodem
951 2840 1272 2905 argumento
1304 2837 1370 2906 Q.
1394 2838 1579 2897 XCVII

310 3006 3519 3059 ____________________________________..

1178 3165 2074 3265 FRAGMENTAIN
2156 3176 2692 3273 MARCUM.

1234 3355 1333 3428 (Ex
1358 3356 1558 3415 Catena
1577 3359 1639 3416 P.
1666 3359 1902 3429 Possini,
1944 3362 2151 3433 Romae,
2189 3367 2343 3435 1675,
2384 3371 2586 3443 in-fol.)

316 3617 520 3713 Ὀψίας
564 3619 633 3707 δε
676 3621 1023 3713 revellam“
1075 3623 1174 3713 ὅτε
1206 3624 1314 3680 ἔδυ
1348 3628 1385 3704 (ξ
1423 3628 1616 3713 ἥξιος,
1664 3634 1880 3713 ἔφερον

1992 3640 2109 3697 ΠΛΡ.
2147 3643 2187 3697 l.
2246 3644 2409 3699 Vens.
2447 3646 2536 3701 32.
2584 3644 2799 3711 Vespere
2844 3653 3018 3699 autem
3052 3645 3192 3713 facta
3216 3685 3229 3705 ,
3268 3661 3383 3698 eum
3414 3647 3552 3701 occi-

379 3691 529 3771 πρὸς
560 3691 749 3771 αὑτὸν
786 3691 1015 3771 ,πάντας
1052 3694 1192 3760 τοὺς
1231 3694 1429 3771 κακῶς
1449 3691 1735 3768 exorsae,
1765 3691 1877 3758 ’καὶ

376 3759 516 3823 τοὺς
549 3760 1087 3829 δαιμονιζομένους.

378 3852 625 3905 Φωτίου.
656 3851 757 3904 Διὰ
784 3853 941 3907 τοῦτο
968 3855 1227 3927 ἀνέμενον
1252 3860 1312 3913 τὸ
1340 3863 1514 3933 πέρας
1533 3862 1630 3933 τῆς
1666 3864 1879 3934 ἡμέρας

308 3940 397 3992 ἵνα
434 3942 509 4011 μὴ
539 3940 761 4005 δόξωσιν
798 3944 857 3997 ὲν
898 3945 1156 4018 Σαϐϐάτῳ
1214 3949 1629 4022 Θεραπευθῆναι.
1664 3954 1879 4024 Ἀμέλει

306 4033 404 4086 καὶ
426 4034 474 4085 οἱ
499 4035 606 4088 τῶν
637 4035 904 4091 Ἰουδαίων
932 4040 1222 4111 ἡγούμενοι
1246 4046 1521 4117 ἐπετίμων
1547 4047 1696 4117 αὐτῷ
1720 4047 1880 4117 θερα-

307 4124 531 4177 πεύοντι
561 4128 618 4177 ὲν
652 4128 935 4200 Σαϐϐάτῳ.
970 4132 1033 4184 Οἱ
1062 4133 1117 4186 δὲ
1152 4136 1395 4205 μαθηταὶ
1420 4138 1519 4207 τὴν
1544 4138 1779 4207 ἑσπέραν
1804 4138 1879 4209 μὴ

306 4216 669 4286 ἀναμένοντες
707 4222 1053 4292 παρεκάλουν
1082 4226 1242 4283 αὐτὸν
1266 4228 1366 4293 τὰς
1398 4230 1566 4294 ίάσεις
1587 4231 1875 4285 ποιεῖσθαι.

305 4395 419 4476 Kal
464 4397 616 4476 θξρωτ
662 4402 924 4476 ἔννῃχον
945 4404 1105 4476 ιλίαν
1157 4405 1431 4475 ἀναστὰς
1465 4408 1725 4476 ἐξῆλθε,
1777 4411 1876 4462 καὶ

377 4466 653 4552 ἀπῆλθεν
694 4472 726 4522 ὁ
770 4466 1010 4539 Ἰησοῦς
1045 4476 1134 4541 εις
1170 4466 1622 4546 ἐρημον’τόᾶτὸν
1644 4519 1660 4545 ,
1710 4466 1886 4533 κάκεῖ

381 4550 782 4606 προσηύχετο.

380 4627 626 4686 Φωτίου.
685 4630 868 4698 Ἀξιόν
898 4633 1014 4686 ἐστι
1065 4634 1379 4706 ζητήσεως,
1427 4638 1545 4701 πῶς
1590 4640 1619 4692 6
1672 4638 1878 4710 Ἰησοῦς

302 4720 666 4790 ἀναχωρήσας
689 4723 769 4785 είς
801 4723 900 4794 τὴν
928 4723 1131 4796 ἔρημον
1164 4727 1520 4799 προσηύχετο.
1567 4730 1640 4783 Οὐ
1676 4731 1783 4803 γὰρ
1812 4730 1876 4801 δὴ

302 4810 382 4872 ὡς
412 4811 661 4880 δεόμενος
691 4814 785 4866 καὶ
813 4814 1046 4885 χρῄζων,
1078 4817 1233 4870 τοῦτο
1266 4819 1439 4871 ἐποίει
1468 4837 1482 4850 ο
1513 4821 1608 4873 καὶ
1637 4822 1745 4891 γὰρ
1777 4822 1876 4874 αὑ·-

301 4901 398 4964 τὸς
430 4898 498 4972 ἦν
544 4905 573 4955 6
624 4903 722 4966 τὰς
772 4905 879 4959 τῶν
920 4906 1153 4975 λογικῶν
1198 4907 1483 4979 δεχόμενος
1526 4914 1832 4983 προσευχάς
1858 4929 1873 4943 ·

2047 3715 2209 3766 disset
2239 3716 2338 3776 sal,
2369 3716 2654 3782 a/ferebant
2690 3717 2758 3767 ad
2785 3732 2903 3768 eum
2929 3732 3104 3768 omnes
3128 3714 3264 3768 male
3283 3720 3550 3783 habentes,

2050 3792 2098 3835 et
2127 3784 2389 3837 daemonia
2422 3785 2687 3838 habentes.

2049 3872 2251 3926 Photii.
2285 3874 2576 3943 Propterea
2609 3876 2997 3943 exspectabant
3026 3876 3134 3931 diei
3165 3878 3549 3946 crepusculum

1980 3976 2048 4015 ne
2079 3961 2389 4015 viderentur
2448 3960 2684 4016 Sabbato
2740 3962 2942 4016 curari.
3001 3962 3282 4033 Principes
3345 3966 3554 4020 scilicet

1978 4051 2288 4106 Judaeorum
2319 4067 2445 4105 eum
2476 4052 2569 4122 qui
2600 4062 2826 4107 curatus
2858 4052 3099 4110 Sabbato
3128 4055 3341 4123 fuisset,
3368 4057 3553 4125 objur-

1981 4142 2180 4211 gabant
2208 4160 2222 4197 :
2260 4157 2371 4212 quo
2396 4152 2544 4198 metu
2576 4158 2641 4198 ac
2682 4145 3068 4213 superstitione
3098 4145 3250 4201 liberi
3299 4147 3550 4217 discipuli

1979 4234 2245 4304 rogabant
2282 4235 2591 4300 Christum,
2626 4238 2786 4291 etiam
2820 4253 2928 4293 non
2963 4246 3274 4307 exspectata
3303 4254 3549 4307 veSpera,

1982 4336 2040 4381 ut
2065 4328 2376 4383 curationes
2410 4338 2750 4398 operaretur.

1980 4415 2145 4472 Vens.
2182 4420 2269 4474 55.
2306 4420 2375 4491 Et
2402 4420 2642 4491 diluculo,
2664 4420 2816 4473 valde
2845 4438 3084 4491 surgens,
3134 4439 3371 4491 egressus
3418 4422 3549 4477 abiit

2260 4490 2316 4543 in
2341 4490 2598 4544 desertum
2624 4490 2795 4544 locum
2816 4531 2832 4559 ,
2864 4490 3042 4561 ibique
3064 4490 3272 4545 arabat.

2050 4641 2247 4700 Photii.
2310 4644 2667 4714 Inquisitione
2723 4644 2945 4714 dignum
2999 4652 3131 4709 est,
3195 4646 3549 4715 quamobrem

1978 4733 2135 4789 Jesus
2167 4746 2289 4804 post
2322 4750 2599 4791 secessum
2643 4735 2698 4789 in
2753 4736 3051 4801 desertum,
3110 4738 3365 4792 oraverit.
3421 4736 3542 4791 Non

1978 4828 2123 4882 enim
2162 4837 2421 4897 tanquam
2474 4842 2576 4896 ope
2614 4826 2865 4898 indigens
2923 4828 3028 4882 hoe
3092 4828 3376 4883 faciebat:
3436 4829 3552 4898 ipse

1980 4916 2175 4984 quippe
2202 4926 2285 4970 est
2308 4915 2398 4985 qui
2424 4916 2785 4985 spiritualium
2813 4932 3003 4986 preces
3030 4918 3226 4987 accipit
3269 4936 3283 4973 :
3313 4919 3404 4974 sed
3433 4921 3552 4975 dis-

304 4993 423 5045 ἀλλ’
489 4996 847 5064 οἰκονομικῶς
908 4997 1066 5051 τοῦτο
1131 4976 1339 5065 ποιῶν,
1386 5001 1480 5054 καὶ
1533 4976 1701 5067 τυπος
1732 4976 1877 5075 ἠμῖν

1992 5005 2286 5075 pensatorie
2318 5005 2421 5059 hoc
2448 5004 2674 5070 faciens,
2727 5014 2783 5061 et
2806 5008 3111 5077 exemplum
3172 5008 3331 5065 nobis
3376 5008 3554 5067 factus

305 5086 595 5157 γινόμενος
626 5087 807 5159 πάσης
847 5089 1075 5161 ἀρίστης
1108 5090 1380 5159 πράξεως.

531 5200 698 5257 Ἰδὼν
732 5204 766 5255 ὁ
806 5203 1036 5272 Ἰησοῦς
1064 5203 1179 5272 τὴν
1208 5204 1416 5259 πίστιν
1442 5205 1659 5261 αὐτῶν.

379 5361 624 5415 Φωτίου.
650 5359 828 5431 Πολλὴ
854 5362 887 5432 ἡ
917 5365 1097 5426 πίστις
1124 5359 1193 5433 ἦν
1221 5362 1329 5416 τῶν
1358 5362 1566 5434 ἀνδρῶν
1587 5379 1599 5392 ·
1630 5362 1768 5417 ὥστε
1786 5366 1881 5419 καὶ

301 5452 406 5521 τὴν
439 5452 636 5523 στέγην
670 5451 859 5524 ὀρύξαι
887 5454 983 5507 καὶ
1026 5453 1257 5525 χαλάσαι
1303 5454 1395 5508 τὸν
1438 5454 1744 5526 ἄνθρωπον.
1790 5456 1882 5510 Διὸ

304 5542 404 5595 καὶ
432 5544 461 5596 ὁ
485 5543 673 5614 Σωτὴρ
713 5544 812 5615 τὴν
857 5544 1040 5598 πίστιν
1082 5543 1206 5598 ἰδὼν
1247 5544 1355 5599 τῶν
1393 5545 1754 5616 κομισάντων,
1787 5548 1880 5601 καὶ

305 5633 477 5688 αὑτοῦ
506 5633 601 5689 τοῦ
637 5635 935 5705 κάμνοντος
984 5635 1139 5705 (οὐδὲ
1174 5636 1282 5706 γὰρ
1315 5636 1599 5705 ἀνεδέξατο
1622 5636 1874 5711 ἀρθῆναι,

1985 5096 2167 5150 omnis
2195 5110 2297 5165 ope
2322 5096 2550 5150 rationis
2580 5095 2817 5165 Optimae.

1984 5205 2113 5261 CAP.
2158 5205 2223 5259 ll.
2259 5204 2425 5261 Vens.
2473 5206 2525 5261 5.
2568 5206 2699 5261 Cum
2740 5219 2916 5262 autem
2953 5210 3168 5264 uidisset
3207 5208 3365 5263 Iesus
3392 5209 3551 5276 ﬁdem

2641 5278 2877 5331 illarum.

2062 5365 2263 5420 P/totii.
2299 5364 2464 5420 Multa
2516 5365 2647 5421 ﬁdes
2684 5367 2878 5423 horum
2910 5369 3152 5424 virorum
3192 5371 3331 5429 erat,
3386 5370 3446 5417 ut
3494 5372 3549 5419 et

1992 5465 2190 5512 tectum
2218 5455 2583 5527 perfoderent,
2603 5466 2657 5512 et
2680 5459 2956 5513 hominem
2982 5459 3343 5514 demitterent.
3368 5453 3550 5520 Quare

1990 5546 2241 5602 Salvator
2274 5548 2389 5603 visa
2423 5548 2527 5603 ﬁde
2574 5548 2951 5619 baiulantium,
3003 5556 3059 5602 et
3112 5545 3287 5614 ipsius
3342 5546 3552 5601 scilicet

1988 5637 2151 5694 etiam
2187 5637 2481 5694 laborantis
2520 5639 2721 5710 (neque
2771 5639 2916 5694 enim
2972 5649 3033 5694 se
3077 5634 3159 5695 sic
3204 5634 3473 5695 laboriose
3498 5645 3552 5725 et
