3978 6218
392 292 523 358 I211

1519 287 1784 349 PHOTII
1813 285 2327 348 PATRIARClI/E
2368 291 2476 352 CP.

3515 291 3649 360 1212

385 407 526 462 forte
555 401 861 476 periculose
894 401 979 457 vel
1011 401 1146 465 tolli,
1180 400 1264 454 vel
1318 398 1528 455 demitti
1573 415 1770 468 passus
1804 408 1965 466 esset,

2086 401 2123 453 εί
2158 402 2232 472 μὴ
2263 401 2583 457 ἐπίστευσεν
2617 402 2692 466 ὡς
2723 401 3028 474 ίαῡήσεται)
3068 402 3436 474 ἐθεράπευσεν
3464 408 3646 464 αὐτόν.

387 499 494 552 nisi
529 495 852 550 credidisset
887 509 945 548 se
975 503 1228 548 curatum
1262 493 1373 560 iri),
1409 496 1625 546 curavit
1659 496 1858 559 ipsum.

391 589 553 642 Vens.
587 587 675 641 Mi
707 585 776 639 Et
801 600 919 637 cum
949 584 1263 654 prwteriret,
1307 584 1439 637 vidit
1490 581 1610 654 [:evi
1650 581 1855 650 Alphei
1889 598 1971 635 ae-

459 665 664 710 dentem
689 655 759 708 ad
797 651 1049 708 telonium
1081 669 1099 706 :
1133 662 1182 706 et
1217 655 1294 708 ait
1325 654 1408 706 illi
1441 665 1460 705 .‘
1497 651 1720 722 Sequere
1759 668 1874 714 me;
1921 659 1970 705 et

455 743 677 796 surgens
709 735 917 778 secutus
950 735 1026 777 εει
1058 739 1196 776 eum.

460 816 661 870 Pliotii.
719 815 902 881 Vidit,
966 815 1170 883 inquit,
1233 812 1539 868 Matthazum
1594 812 1968 880 publicanum.

390 906 752 973 Quaerendum
789 905 954 975 igitur
983 919 1052 958 an
1088 915 1231 956 unus
1287 911 1340 955 et
1369 901 1508 955 idem
1535 901 1606 954 sit
1645 900 1971 970 publicanus

391 998 534 1067 apud
568 1005 678 1051 tres
707 996 1090 1065 evangelistas.
1141 994 1235 1064 qui
1285 1000 1339 1047 ct
1377 992 1662 1047 Mattliaeus
1707 999 1762 1045 ct
1809 991 1971 1046 Levis

395 1097 647 1139 vocatur.
695 1086 812 1138 Duo
843 1093 997 1136 erant
1029 1081 1300 1150 publicani
1336 1081 1388 1134 in
1420 1095 1648 1135 numero
1683 1079 1970 1134 duodecim

392 1176 785 1243 apostolorum,
813 1173 1101 1226 Matthznus
1132 1180 1188 1225 et
1218 1169 1456 1226 Jacobus
1487 1171 1690 1240 Alphaei
1729 1170 1862 1243 (l6).

391 1265 521 1320 CAP.
568 1265 655 1318 lll.
694 1263 858 1318 Vens.
893 1264 994 1316 ⁸15.
1035 1261 1099 1316 Et
1134 1263 1417 1316 ascendens
1442 1263 1496 1314 in
1523 1272 1746 1316 montem
1772 1263 1973 1317 vocavit

499 1338 567 1387 ad
595 1351 647 1388 se
673 1351 798 1402 quos
827 1334 994 1387 voluit
1027 1335 1135 1402 ipse
1178 1347 1198 1386 :
1240 1342 1290 1386 et
1337 1343 1587 1387 venerunt
1620 1333 1688 1385 ad
1723 1349 1862 1388 eum.

465 1424 663 1478 Photii.
695 1424 955 1478 Ascendit
1000 1425 1054 1477 in
1086 1431 1326 1478 montem
1350 1424 1625 1489 Salvator,
1663 1423 1965 1494 discipulos

391 1515 681 1570 duodecim
719 1517 772 1569 in
810 1515 1088 1584 apostolos
1126 1514 1422 1578 electurus,
1458 1530 1526 1569 ne
1573 1514 1793 1570 fortuito
1829 1515 1970 1571 facta

390 1606 565 1661 videri
603 1615 787 1676 posset
811 1622 1000 1661 eorum
1034 1607 1324 1676 promotio.
1359 1605 1524 1660 Facta
1559 1617 1740 1660 autem
1773 1607 1880 1674 die,
1913 1615 1972 1661 ut

395 1699 570 1754 Lucas
593 1699 687 1763 ait,
717 1699 1097 1768 vocavitquos
1129 1698 1405 1769 delegerat
1436 1738 1452 1764 ,
1487 1711 1551 1751 ex
1582 1697 1738 1752 turba
1766 1698 1973 1753 scilicet

391 1791 626 1858 pluritun
665 1809 678 1844 :
717 1806 824 1844 non
863 1790 1008 1844 enim
1042 1788 1273 1844 aderant
1319 1789 1421 1844 soli
1457 1789 1742 1843 duodecim
1781 1807 1796 1844 :
1831 1804 1970 1859 quos

389 1883 554 1952 elegit
578 1890 633 1936 et
659 1883 937 1952 apostolos
967 1881 1294 1950 nominavit,
1323 1881 1434 1948 jam
1478 1889 1589 1934 tum
1619 1880 1726 1935 isto
1750 1881 1973 1937 nomine

391 1973 696 2027 informans
730 1971 969 2026 otlicium
999 1969 1430 2040 praedicationis,
1463 1979 1520 2026 et
1550 1984 1691 2040 opus
1727 1970 1794 2024 ad
1825 1972 1972 2042 quod

390 2064 721 2134 implendum
755 2062 1226 2132 praeparabantur.

393 2229 558 2284 VEBS.
613 2230 704 2284 '29.
761 2230 866 2295 Qui
906 2239 1084 2305 autem
1131 2231 1567 2301 blasphemaverit
1607 2236 1662 2292 in
1705 2236 1966 2305 Spiritum

492 2313 761 2364 sanctum,
799 2317 904 2354 non
931 2302 1085 2356 habet
1113 2305 1474 2358 remissionem
1499 2307 1555 2360 in
1581 2302 1857 2364 internum.

469 2392 672 2446 Photii.
710 2391 849 2446 Dum
886 2392 1284 2462 blasphemiam
1311 2395 1364 2449 in
1396 2395 1659 2466 Spiritum
1693 2409 1968 2469 expertem

389 2485 559 2538 veniae
583 2483 1089 2552 pronuntiat,Deum
1108 2483 1357 2555 intelligit
1371 2486 1609 2557 Spiritus
1639 2491 1875 2544 nomine.
1902 2488 1973 2544 Ut

387 2575 531 2630 enim
565 2575 646 2630 vis
669 2573 902 2644 Spiritus
927 2576 1100 2630 sancti
1148 2591 1376 2646 regnum
1425 2581 1540 2634 sive
1580 2581 1835 2651 majestas
1876 2580 1970 2637 Dei

386 2667 605 2730 dicitur,
642 2668 746 2723 hoc
781 2675 866 2723 est
897 2668 1038 2722 Deus
1066 2669 1182 2738 ipse
1215 2685 1232 2722 :
1273 2668 1345 2724 ita
1373 2685 1495 2740 quae
1533 2669 1794 2741 Spiritum
1839 2675 1973 2743 petit

385 2759 748 2828 blasphemia,
800 2759 971 2814 Deum
1040 2760 1193 2830 petit.
1234 2761 1327 2815 Ait
1392 2762 1562 2830 igitur
1609 2766 1969 2822 comumelias

384 2865 507 2920 qua:
535 2851 918 2921 irrogabantur
939 2850 1184 2915 Christo,
1203 2862 1474 2921 quatenus
1498 2855 1819 2910 occurrebat
1849 2871 1968 2928 sen-

385 2939 540 2994 sibus
595 2950 650 2995 et
692 2955 879 2994 merus
916 2942 1080 2995 homo
1111 2941 1455 3008 censebatur,
1508 2945 1665 3013 quasi
1715 2947 1961 3003 veniales

2072 577 2180 631 Kal
2206 545 2510 650 παράγῳν,
2534 575 2655 632 εἶδε
2684 580 2827 650 Aetii
2857 581 2965 634 τὸν·
2996 581 3103 635 τοῦ
3145 582 3431 650 Ἁλφαίου
3465 585 3653 649 καθή-

2136 665 2326 721 μεκον
2361 648 2459 702 ἐπὶ
2496 650 2560 702 τὸ
2592 649 2910 721 τε.ὶώνιον’
2954 652 3050 704 καί
3076 648 3438 721 ,λέγειαὺτῷ
3482 653 3538 706 Ἀ
3551 648 3652 708 κο-

2139 718 2342 771 λυύθει
2365 736 2484 783 μοι,
2516 720 2613 773 καί
2641 721 2912 786 ἀναστὰς
2935 718 3357 788 ἠκολούθησεν
3379 721 3560 787 αὐτῷ.

2142 808 2388 861 Φωτίου.
2428 807 2744 876 Ἐθεάσατο,
2775 810 2929 878 φησὶ,
2962 809 3241 863 Ματθαῖον
3268 809 3361 862 τὸν
3390 809 3649 880 τελώνην.

2072 898 2342 968 Ζητητέον
2386 897 2478 952 οῦν
2526 901 2573 951 εί
2623 901 2651 952 ὁ
2694 900 2856 963 αὐτός
2897 902 3012 954 ἐστι
3058 900 3298 970 τελώνης
3342 902 3494 972 παρὰ
3539 904 3652 964 τοῖς

2072 993 2248 1060 τρισὶν
2277 993 2306 1045 ὁ
2333 992 2668 1060 καλούμενος
2696 992 2974 1055 Ματθαῖος
3007 993 3102 1046 καὶ
3146 993 3327 1056 Λευῖς.
3378 993 3482 1046 Δύο
3510 989 3654 1064 ἦσαν

2073 1081 2301 1135 τελῶναι
2343 1084 2408 1135 ἐκ
2469 1083 2578 1136 τῶν
2612 1081 2841 1150 δώδεκα,
2887 1083 3161 1148 Ματθαίος
3181 1085 3298 1153 ,καὶ
3340 1085 3596 1148 Ἰάκωϐος
3623 1087 3653 1138 ὁ

2072 1172 2168 1225 τοῦ
2203 1173 2484 1242 Ἀλφαίου.

2073 1265 2184 1319 Kal
2217 1265 2523 1319 ἀναϐαίνει
2556 1267 2643 1332 είς
2681 1266 2746 1319 τὸ
2777 1266 2913 1331 ὅρος
2951 1265 3048 1319 καὶ
3087 1266 3513 1334 προσκαλεῖται
3542 1265 3651 1334 οὓς

2214 1334 2434 1404 ἤθελεν
2453 1337 2634 1401 αὑτός
2659 1351 2673 1366 ·
2714 1337 2811 1389 καί
2836 1335 3115 1403 ἀπῆλθον
3137 1335 3286 1405 πρὸς
3303 1337 3507 1392 αὐτόν.

2145 1425 2388 1479 Φωτίου.
2439 1424 2533 1488 Εἰς
2563 1425 2622 1477 τὸ
2655 1423 2778 1494 ὅρος
2825 1424 3166 1495 ἀναϐέϐηκεν
3215 1427 3242 1478 ὁ
3293 1426 3484 1495 Σωτὴρ
3525 1425 3650 1488 τοὺς

2074 1517 2281 1570 δώδεκα
2333 1516 2579 1587 μαθητὰς
2625 1515 2831 1585 μέλλων
2879 1517 3288 1586 χειροτονῆσαι,
3338 1517 3414 1580 ὡς
3459 1517 3523 1571 ἂν
3575 1519 3651 1590 μὴ

2078 1609 2283 1678 ματαία
2312 1607 2492 1661 αὐτῶν
2520 1607 2744 1676 γένηται
2783 1607 2815 1676 ή
2862 1605 3121 1676 προϐολή.
3179 1606 3420 1678 Ἡμέρας
3455 1607 3510 1660 δὲ
3555 1624 3651 1676 γε-

2075 1693 2336 1761 γονυίας,
2391 1693 2534 1747 κατὰ
2584 1692 2676 1745 τὸν
2728 1694 2945 1746 Λουκᾶν
2973 1735 2990 1761 ,
3065 1695 3504 1764 προσεκαλέσατο
3557 1694 3653 1760 οὒς

2078 1784 2371 1855 προέκρινε
2390 1800 2405 1815 ο
2447 1784 2663 1849 πλείους
2689 1785 2798 1856 γὰρ
2827 1783 2965 1856 ἦσαν
2992 1785 3104 1838 τῶν
3130 1784 3337 1839 δώδεκα
3366 1787 3416 1838 oi
3445 1787 3650 1859 παρόν-

2075 1894 2200 1941 τες·
2246 1875 2341 1940 οὓς
2369 1876 2427 1929 δὲ
2465 1875 2746 1942 ἐξελέξατο
2779 1877 2990 1932 δώδεκα
3016 1873 3311 1948 ἐτύγχανον
3336 1894 3352 1910 ·
3399 1879 3494 1933 καὶ
3524 1877 3652 1931 τού-

2076 1984 2203 2032 τους
2237 1967 2495 2022 ἐκάλεσεν
2531 1968 2879 2038 ἀποστόλους,
2925 1969 3005 2032 είς
3050 1968 3509 2041 προπαρασκευὴν
3555 1967 3651 2022 τοῦ

2078 2058 2454 2130 κηρύγματος,
2487 2061 2580 2114 καὶ
2610 2063 2690 2125 εἰς
2718 2061 2779 2114 τὸ
2807 2060 3000 2133 μέλλον
3029 2060 3122 2114 ὑπ’
3149 2061 3329 2114 αὐτῶν
3355 2061 3654 2134 πληρωῠή-

2081 2150 2271 2203 σεσοαι
2302 2149 2484 2222 ἔργον.

2078 2244 2185 2310 ’ος
2223 2244 2275 2298 δ’
2313 2241 2389 2299 ἂν
2411 2242 2843 2323 ,βλασφημήσῃ
2872 2247 2960 2323 είς
2985 2242 3052 2298 τὸ
3079 2244 3326 2323 Πνεῦμα
3362 2245 3428 2299 τὸ
3457 2245 3652 2315 ἅγιον,

2371 2316 2483 2368 οὐκ
2507 2315 2632 2383 ἔχει
2659 2313 2881 2384 ἄφεσιν
2907 2317 2996 2381 είς
3033 2314 3140 2367 τὸν
3165 2313 3370 2369 αἰῶνα.

2145 2403 2505 2476 Φωτίου.Τὴν
2535 2407 2614 2470 είς
2630 2405 2723 2459 τὸν
2751 2405 2884 2459 Θεὸν
2904 2405 3249 2478 βλασφημίαν
3270 2405 3654 2474 ἀσύγγνωστον

2076 2486 2218 2545 εἷναί
2252 2509 2386 2562 φησι
2430 2491 2509 2562 τῷ
2540 2492 2633 2546 τοῦ
2675 2493 2992 2564 Πνεῦματος
3035 2497 3279 2566 ὀνόματι.
3313 2495 3519 2566 Ὠσπερ
3544 2496 3655 2567 γὰρ

2079 2582 2113 2652 ἡ
2139 2580 2387 2653 ἐνέργεια
2409 2583 2504 2636 τοῦ
2535 2583 2688 2650 ἁγίου
2718 2585 3036 2656 Πνεῦματος
3071 2587 3320 2654 βασιλεία
3343 2585 3476 2640 Θεοῦ
3501 2585 3658 2656 λέγε-

2077 2691 2189 2738 ται,
2223 2673 2396 2739 οὕτως
2425 2675 2523 2728 καὶ
2555 2677 2588 2745 ὴ
2627 2676 2768 2730 κατὰ
2807 2678 2998 2732 τούτου
3029 2677 3347 2748 βλασφημία
3386 2675 3528 2731 κατὰ
3557 2676 3654 2730 τοῦ

2079 2770 2214 2824 Θεοῦ
2261 2767 2402 2826 εἶναι
2455 2774 2756 2845 νομίζεται.
2809 2775 3222 2847 Ἀσυγχὼρητον
3265 2776 3321 2829 δὲ
3364 2771 3504 2829 εἶναι
3538 2775 3656 2829 λοι-

2075 2859 2263 2931 δορίαν
2295 2863 2431 2918 Θεοῦ
2462 2882 2621 2936 φησι,
2664 2867 2800 2939 πρὸς
2845 2867 3129 2938 σύγκρισιν
3168 2866 3383 2938 ἐκείνης
3427 2866 3550 2922 καθ’
3583 2868 3655 2940 ῆν

2087 2953 2365 3024 ἐνομίζετό
2390 2973 2450 3009 τε
2487 2959 2582 3011 καὶ
2608 2959 2815 3031 ἑωρᾶτο
2842 2959 2917 3023 ὡς
2945 2958 3252 3029 ἄνθρωπος.

391 3035 570 3091 videri
620 3052 782 3106 posse
835 3052 945 3106 pra:
1006 3038 1319 3107 inexpiabili
1370 3037 1555 3095 furore
1605 3056 1795 3096 earum
1852 3059 1975 3114 quae
2041 3049 2324 3106 Christum
2377 3069 2476 3123 pro
2523 3055 2632 3110 Deo
2715 3057 2954 3126 agnitum
3016 3059 3220 3114 violare
3289 3061 3646 3116 nihilominus

387 3132 686 3204 pergebant
703 3133 838 3202 (l7).

383 3227 518 3279 CAP.
572 3222 630 3278 V.
687 3222 848 3277 Vens.
888 3223 972 3278 l0.
1139 3227 1520 3308 deprecabatur
1557 3244 1675 3282 eum
1715 3231 1965 3300 multum,

2143 3237 2251 3292 Kal
2287 3237 2610 3311 παρεκάλει
2648 3237 3081 3311 αὐτὸιςπολλὰ,
3123 3243 3222 3295 ἵνα
3246 3242 3330 3311 μὴ
3361 3245 3582 3310 αὐτοὺς

705 3310 766 3346 ne
797 3311 850 3346 se
878 3295 1153 3362 expelleret
1180 3310 1330 3349 extra
1359 3299 1642 3366 regionem.

457 3385 660 3439 Pliotii.
695 3385 957 3448 Quamvis
1008 3401 1170 3454 supra
1217 3389 1440 3441 modum
1474 3389 1703 3458 improbi
1734 3407 1798 3446 ac
1830 3408 1970 3448 con-

386 3489 630 3532 tumaces
676 3477 982 3541 daemones,
1037 3489 1338 3545 agnoscunt
1389 3486 1444 3532 et
1491 3479 1732 3537 fatentur
1789 3492 1970 3540 tamen

386 3587 445 3624 se
473 3569 768 3637 aliquando
801 3569 1066 3623 scelerum
1091 3585 1318 3624 suorum
1353 3571 1586 3628 luituros
1617 3591 1810 3644 graves
1845 3591 1964 3646 pte-

389 3677 511 3714 nas.
551 3659 731 3724 Quare
772 3658 1034 3728 suspicati
1079 3665 1465 3729 repraesentari
1503 3665 1614 3735 jam
1651 3683 1794 3722 nunc
1831 3668 1965 3738 ipsis

387 3761 762 3821 exspectatum
799 3751 928 3804 olim
955 3753 1305 3821 supplicium,
1341 3766 1594 3827 cori-cpta
1617 3761 1793 3828 spatia
1829 3777 1966 3829 que-

391 3856 610 3910 runtur,
638 3854 693 3898 et
727 3845 984 3898 sustineri
1030 3845 1083 3899 in
1121 3848 1473 3902 constitutam
1505 3849 1648 3903 diem
1689 3855 1969 3909 cruciatus

388 3953 522 3991 suos
545 3937 844 4006 postulant.

387 4026 553 4084 Vens.
587 4029 675 4083 l5.
708 4029 774 4082 Et
809 4032 1064 4085 concessit
1099 4034 1175 4087 eis
1206 4033 1389 4086 statim
1415 4032 1592 4088 Jesus.
1628 4034 1697 4088 Et
1723 4045 1966 4092 exeuntes

585 4103 803 4168 spiritus
831 4102 1434 4172 immundilintroiertmt
1483 4107 1536 4157 in
1581 4121 1788 4173 porcos.

456 4253 654 4308 Pharii.
676 4252 936 4310 Permisit
967 4256 1308 4312 dremonibus
1360 4258 1610 4312 Salvator
1660 4259 1867 4330 ingredi
1904 4261 1959 4315 in

384 4359 607 4414 porcos,
639 4353 697 4396 ut
725 4347 1039 4399 ostenderet
1065 4362 1254 4400 eorum
1280 4346 1519 4402 furorem
1552 4350 1604 4402 in
1638 4365 1760 4415 nos,
1781 4366 1958 4419 quan-

2441 3308 2778 3377 άποστείλῃ
2813 3309 2927 3373 ἔξω
2955 3309 3064 3378 τῆς
3091 3308 3305 3379 χώρας.

2143 3401 2390 3454 Φωτίου.
2427 3400 2488 3453 Εἰ
2525 3402 2619 3454 καὶ
2651 3401 2790 3470 ἄγαν
2828 3403 3094 3475 μοχθηροί
3125 3406 3264 3458 εἰσιν
3288 3409 3338 3460 ol
3376 3407 3649 3478 δαίμονες,

2070 3490 2187 3544 ἀλλ’
2233 3490 2323 3544 οῦν
2370 3491 2666 3559 ἐγίνωσκον
2714 3495 2796 3547 ὅτι
2850 3495 2910 3558 ἐς
2962 3494 3188 3566 ὕστερον
3226 3499 3651 3569 κολασθήσονται

2071 3582 2212 3652 ὑπὲρ
2259 3583 2366 3636 τῶν
2403 3583 2840 3654 ἁμαρτημάτων.
2903 3586 2993 3639 Διὸ
3040 3589 3134 3640 καὶ
3185 3589 3504 3658 νομίσαντες
3545 3594 3650 3664 ἤδη

2077 3675 2369 3742 ἐφεστάναι
2417 3676 2598 3738 αὐτοῖς
2651 3677 2752 3745 τὴν
2785 3677 3026 3743 κόλασιν,
3070 3680 3432 3750 ἐφοϐήθησαν,
3465 3684 3538 3745 ὡς
3571 3686 3652 3748 εἰς

2069 3771 2340 3836 τιμωρίαν
2375 3767 2622 3837 ἥκοντες,
2674 3769 2769 3822 καὶ
2800 3769 3144 3839 παρεκάλουν
3189 3771 3264 3844 μὴ
3302 3774 3408 3845 πρὸ
3456 3777 3651 3848 καιροῦ

2071 3859 2370 3928 ὑποστῆναι
2397 3859 2494 3930 τὴν
2521 3860 2698 3930 δίκην.

2071 4038 2198 4111 Kal
2230 4040 2562 4108 ἐπέτρεψεν
2606 4041 2812 4108 αὐτοῖς
2867 4040 3087 4105 εὐθέως
3139 4043 3173 4111 ό
3215 4043 3472 4111 Ἰησοῦς.
3538 4048 3650 4100 Kal

2141 4109 2468 4186 ἐξελϐᾴντα
2495 4113 2566 4186 ad
2597 4112 2907 4183 πνεύματα
2932 4112 3007 4166 τὰ
3032 4109 3337 4183 ἀκάθαρτα
3359 4109 3653 4186 εἰσ-ἦλθον

2139 4183 2228 4244 εἰς
2267 4181 2407 4246 τοὺς
2442 4182 2704 4249 χοίρους.

2137 4271 2382 4325 Φωτίου.
2430 4272 2728 4342 Ἐπέτρεψε
2765 4277 2876 4336 τοῖς
2917 4273 3167 4344 δαίμοσιν
3195 4277 3223 4328 ὁ
3253 4275 3442 4347 Σωτήρ
3472 4277 3652 4331 εἰσελ-

2066 4361 2176 4413 οεῖν
2204 4362 2284 4424 εἰς
2309 4362 2435 4424 τοὺς
2459 4361 2691 4434 χοίρους,
2717 4365 2806 4416 ἵνα
2829 4363 2976 4436 δείξῃ
2997 4366 3094 4437 τὴν
3126 4367 3248 4420 καθ’
3272 4366 3428 4437 ἡμῶν
3452 4371 3651 4438 μανίαν

387 4446 474 4491 tus
508 4436 600 4498 sit,
625 4445 680 4490 et
709 4445 917 4506 quanta
954 4447 1200 4492 armatus
1234 4441 1463 4494 nocendi
1494 4440 1564 4494 vi.
1598 4439 1739 4495 Sane
1770 4445 1860 4512 qui
1889 4452 1965 4498 tot

2086 4450 2181 4504 τῶν
2213 4452 2480 4522 δαιμόνων
2509 4453 2679 4522 ὁπόση
2709 4455 2793 4516 τίς
2824 4457 2941 4508 ἐστι
2967 4472 2982 4487 ·
3038 4436 3130 4510 καὶ
3160 4459 3258 4527 τὴν
3289 4436 3517 4530 δύναμιν
3546 4461 3649 4514 αῦ-

383 4542 582 4596 porcos
612 4536 886 4580 momento
938 4528 1310 4595 perdiderant,
1378 4528 1539 4584 facile
1584 4529 1959 4600 intelligeban-

383 4627 489 4679 tur,
530 4631 638 4669 nou
682 4632 872 4671 carere
931 4618 1139 4670 viribus
1179 4617 1246 4670 ad
1290 4618 1542 4672 homines
1603 4620 1961 4675 consimiliter

381 4705 707 4775 perdendos,
741 4717 798 4762 ut
847 4723 913 4762 ex
947 4708 1032 4762 bis
1060 4709 1316 4764 omnibus
1344 4709 1695 4765 manifestum
1733 4711 1824 4777 sit,
1869 4711 1960 4766 Dei

381 4798 680 4866 potentiam
712 4798 979 4867 impedire
1010 4798 1160 4867 ipsos
1200 4802 1499 4868 quominus
1531 4801 1794 4856 adversus
1856 4802 1958 4858 lio-

383 4889 555 4944 mines
591 4889 795 4945 faciant
823 4907 1169 4961 qumcunque
1211 4893 1429 4947 vellent.

378 4979 508 5035 Car.
676 4984 838 5057 Ῡιξιιε,
885 4984 976 5038 28.
1015 4984 1081 5038 Ει
1133 4988 1318 5040 attulit
1344 4997 1500 5053 caput
1526 4988 1638 5057 ejus
1666 4989 1719 5041 in
1754 4988 1900 5042 disco
1931 5002 1953 5041 :

450 5065 498 5105 et
524 5055 665 5106 dedit
696 5054 830 5108 illud
858 5057 1068 5124 puellm,
1095 5067 1142 5110 et
1172 5057 1348 5127 puella
1385 5054 1719 5112 dedit'matri
1749 5075 1879 5113 sua.

452 5215 648 5271 Photii.
680 5215 921 5272 llerodes
952 5233 1141 5275 amore
1193 5235 1382 5275 aniens
1421 5237 1486 5275 ac
1535 5237 1760 5291 prorsus
1793 5222 1952 5276 insa-

379 5321 504 5372 nus,
534 5311 742 5362 veritus
762 5308 1250 5378 cstjusjuraudum
1300 5312 1626 5381 transgredi.
1663 5321 1716 5366 ct
1757 5315 1957 5368 occidit

372 5397 578 5467 jusmm
606 5416 619 5452 :
651 5400 798 5470 atqui
837 5402 1177 5456 tolerabilius
1202 5401 1524 5472 peierasset,
1546 5420 1709 5473 quam
1749 5415 1956 5460 tantum

2063 4539 2173 4592 τῶν
2195 4557 2209 4572 ο
2247 4543 2340 4594 καὶ
2373 4543 2454 4595 ὃτι
2487 4544 2533 4594 οἱ
2559 4543 2848 4608 τοσούτους
2879 4547 3093 4616 χοίρους
3134 4550 3416 4618 συντόμως
3447 4551 3646 4620 ἀφανί-

2066 4648 2277 4698 σαντες,
2323 4635 2422 4687 οὺκ
2467 4634 2533 4688 ἂν
2576 4635 2826 4689 ἀδύνατοι
2875 4633 3017 4708 ἦσαν
3068 4639 3209 4693 οὕτω
3256 4640 3518 4695 διαθεῖναι
3548 4645 3646 4696 καὶ

2061 4723 2189 4785 τοὺς
2233 4723 2573 4796 ἀνθρώπους.
2607 4726 2774 4780 Ὥστε
2805 4727 2893 4781 διὰ
2923 4730 3140 4784 πάντων
3166 4731 3371 4786 τούτων
3403 4735 3649 4804 φανερὰν

2061 4809 2320 4886 εἶναιτὴν
2337 4816 2430 4869 τοῦ
2455 4817 2589 4871 Θεοῦ
2607 4818 2858 4889 δύναμιν,
2875 4821 3177 4885 κωλύοντος
3197 4825 3396 4888 αὐτοὺς
3421 4827 3648 4898 ποιῆσαι

2062 4908 2142 4970 είς
2166 4909 2292 4972 τοὺς
2317 4909 2651 4980 Ιᾶνορώπους
2679 4911 2779 4965 ὅσα
2808 4913 2903 4966 καὶ
2933 4912 3230 4982 βούλονται.

2059 5001 2415 5076 Καίῃῆνεγκε
2441 5003 2556 5071 τὴν
2590 5007 2867 5074 κεφαλὴν
2911 5007 3100 5062 αὑτοῦ
3142 5008 3242 5061 ἐπὶ
3277 5009 3506 5076 πίνακι,
3543 5014 3649 5065 καί

2128 5071 2350 5149 ξᾷωκεεν
2397 5076 2592 5149 αὐτὴν
2635 5071 2715 5149 ἰξῴ
2760 5071 3044 5149 κορασίῳ.
3093 5079 3193 5132 καί
3241 5081 3307 5133 τὸ
3353 5071 3646 5149 κοράσιον

2129 5141 2353 5197 ἔδωκεν
2372 5141 2568 5212 αὐτὴν·
2592 5145 2665 5212 τῇ
2686 5141 2865 5215 μητρί
2901 5149 3110 5215 αὐτῆς.

2133 5235 2380 5291 Φωτίου.
2445 5235 2502 5287 Ὁ
2546 5236 2791 5308 Ἡρώδης
2839 5238 3214 5309 ἐρωτόληπτος
3262 5239 3501 5308 γεγονὼς
3546 5243 3645 5296 καὶ

2065 5325 2348 5389 παντελῶς
2392 5327 2617 5396 ἀνόητος
2666 5328 2906 5400 ἐφοϐήθη
2955 5329 3046 5383 τὸν
3106 5331 3267 5403 ὅρκον
3326 5332 3642 5402 παραϐῆναι

2066 5415 2163 5470 καὶ
2189 5415 2402 5484 φονεύει
2435 5417 2526 5470 τὸν
2548 5416 2785 5473 δίκαιον·
2821 5419 2928 5473 ἔδει
2951 5420 3060 5493 γὰρ
3087 5422 3286 5494 μᾶλλον
3311 5424 3642 5497 ἐπιορκῆσαι

1887 5520 2119 5582 ΝΟΤἉΕ.

450 5604 558 5678 (lli)
589 5605 744 5678 Quod
801 5606 1064 5662 Jacobum
1110 5609 1316 5678 Alpliaei
1367 5609 1720 5678 publicanum
1785 5611 1955 5668 fuisse

362 5671 601 5730 “totius
616 5671 765 5743 dicit,
802 5679 933 5734 tides
968 5680 1036 5734 sit
1066 5671 1232 5749 penes
1263 5671 1566 5734 auctorem.

2132 5619 2244 5692 (17)
2275 5618 2357 5677 cr.
2392 5635 2446 5691 q.
2477 5619 2666 5676 XLIX.
