3904 6218
264 263 405 332 1218

1450 259 1910 320 FRAGMENTA
1947 258 2030 319 IN
2071 260 2346 320 LUCAM.

3403 257 3541 324 1214

263 377 363 432 καὶ
391 375 468 446 μὴ
493 374 749 429 τοσοῦτον
779 376 949 446 μῦσος
979 372 1338 446 ἐργάσασθαι.
1377 374 1529 427 Ἐπεὶ
1553 375 1614 427 οὺ
1647 391 1850 429 παντα-

1963 377 2239 446 piaculum
2295 376 2683 432 conscisceret.
2757 374 2946 446 Neque
3014 375 3161 430 enim
3212 374 3539 443 juramen-is

265 468 366 540 χοῦ
390 469 452 522 τὸ
495 469 745 538 εὐορκεῖν
773 467 976 536 ἀγαθόν
1001 483 1015 498 ο
1054 467 1278 535 λέγεται
1309 465 1364 519 δὲ
1410 464 1800 535 σπεκουλάτωρ
1827 465 1858 516 ό

261 562 482 630 δήμιος,
527 558 869 632 στρατιώτης
913 561 941 613 ό
987 559 1083 613 ἐπὶ
1124 558 1204 629 τῷ
1234 557 1480 628 φονεύειν
1513 559 1641 619 τοὺς
1678 575 1854 611 κατα-

262 652 482 721 κρίτους
507 651 858 722 τεταγμένος.
883 648 1101 720 Πτῶμα
1122 650 1180 704 δὲ
1201 649 1421 718 λέγεται
1451 647 1512 701 τὸ
1533 647 1627 701 τοῦ
1654 647 1851 721 νεκροῦ

265 759 449 811 σωμα.

265 833 373 890 Kal
409 831 578 888 εἶπεν
612 835 816 900 αὐτοῖς
839 849 852 863 ·
897 833 1074 887 Δεῦτε
1111 831 1280 901 ὑμεῖς
1318 829 1487 883 αὐτοὶ
1524 829 1653 901 κατ’
1693 829 1851 884 ιδίαν

372 907 460 969 εις
485 905 707 972 ἔρημον
731 899 935 965 τόπον,
967 904 1063 956 καὶ
1091 899 1477 956 ἀναπαύεσθε
1504 899 1737 969 ὀλίγον.

334 995 580 1048 Φωτίου.
611 993 710 1046 Διά
737 992 945 1047 τούτων
973 993 1213 1047 διδάσκει
1240 993 1366 1054 τοὺς
1397 992 1491 1061 τῆς
1525 989 1850 1060 Ἐκκλησίας

259 1086 644 1149 διδασκάλους,
688 1087 761 1155 μὴ
797 1085 1092 1148 διαπαντὸς
1133 1088 1246 1148 τοῖς
1277 1084 1456 1155 δχλοις
1499 1083 1726 1146 ἑαυτοὺς
1754 1083 1848 1134 ὲκ-

257 1180 498 1243 διδόναι,
553 1177 689 1230 ἀλλά
738 1177 835 1229 καὶ
880 1175 1266 1229 συστέλλεσθαι
1309 1175 1404 1228 καὶ
1451 1174 1676 1238 ιδιάςειν
1723 1172 1850 1227 καθ’

259 1270 510 1334 ἑαυτοὺς,
551 1267 647 1321 καὶ
693 1267 786 1320 τὸν
817 1266 941 1320 νοῦν
990 1269 1247 1337 συνάγειν
1282 1267 1346 1320 ὲκ
1401 1266 1496 1336 τῆς
1543 1266 1647 1332 ἔξω
1689 1282 1848 1336 περι-

259 1344 457 1425 φορδὶς,
489 1354 586 1407 καὶ
622 1354 748 1416 τοὺς
785 1354 1098 1418 κοπιῶντας
1133 1358 1189 1430 ἐγ
1221 1354 1365 1425 λόγῳ
1397 1354 1722 1425 θεραπεύειν
1753 1355 1847 1407 καὶ

261 1445 595 1516 σωματικῶς
647 1445 973 1512 ἀναπαύειν,
1023 1447 1262 1518 μάλιστα
1299 1445 1439 1517 μετά
1465 1447 1566 1520 τὴν
1594 1446 1694 1517 τῆς
1725 1447 1844 1500 δια-

259 1537 448 1608 κονίας
479 1537 653 1608 ὲκπλή
664 1554 850 1607 ρωσιν.

1966 476 2114 524 stare
2146 469 2200 523 in
2237 468 2388 523 omni
2443 483 2575 524 casu
2625 469 2897 523 laudabile
2944 477 3047 523 cst.
3113 467 3320 522 Dicitur
3370 485 3538 540 porro

1963 560 2278 630 speculator
2305 560 2555 628 publicus
2585 559 2831 615 carnifex
2877 558 2946 612 ad
2993 557 3306 614 multandos
3357 569 3538 613 morte

1959 665 2100 719 quos
2141 651 2260 705 neci
2320 651 2534 719 judices
2584 649 2908 704 addixerunt
2950 650 3295 704 constitutus.
3332 648 3540 719 Πτῶμα

1960 755 2106 806 vero,
2131 744 2373 807 cadaver,
2401 740 2598 796 dicitur
2629 755 2826 809 corpus
2861 740 3081 794 mortui.

1961 831 2126 887 Vsus.
2157 832 2248 886 51.
2290 831 2354 885 lit
2387 833 2465 885 ait
2490 832 2600 886 illis
2634 849 2650 884 :
2693 830 2872 885 Venite
2911 847 3146 884 seorsum
3181 832 3235 883 in
3277 828 3538 884 desertum

2293 902 2487 968 locum,
2513 914 2559 956 et
2594 903 2896 972 requiescite
2921 901 3195 969 pusillum.

2028 991 2231 1048 Photii.
2271 995 2378 1048 Per
2412 994 2527 1049 haec
2559 971 2717 1048 docet
2738 994 2996 1047 Ecclesia:
3026 971 3339 1063 magistros,
3365 1006 3432 1046 ne
3479 1008 3539 1048 se

1961 1092 2106 1140 totos
2137 1093 2191 1138 et
2222 1085 2274 1138 in
2315 1099 2478 1139 omne
2507 1095 2723 1155 tempus
2757 1085 3070 1140 condonent
3097 1084 3288 1140 usibus
3316 1093 3369 1138 et
3390 1099 3538 1140 cura:

1958 1175 2326 1229 multitudinis
2358 1191 2372 1228 :
2403 1175 2496 1231 sed
2533 1176 2858 1229 contrahant
2887 1191 2944 1230 se
2975 1175 3272 1240 interdum,
3300 1182 3356 1229 et
3385 1174 3529 1244 apud

1964 1282 2026 1322 se
2065 1267 2194 1332 sint,
2220 1267 2446 1322 collecta
2471 1282 2536 1321 ex
2582 1267 2748 1321 nimia
2782 1265 3073 1321 diﬂusione
3111 1277 3318 1320 mente.
3370 1264 3538 1319 Docet

1959 1365 2221 1425 praeterea
2253 1357 2594 1426 przepositos,
2617 1365 2676 1410 ut
2707 1355 2908 1426 quibus
2934 1364 3161 1409 utuntur
3185 1354 3453 1408 ministris
3481 1356 3532 1407 in

1960 1445 2234 1500 laborioso
2261 1445 2526 1500 exercitio
2545 1445 2973 1516 praedicationis,
2997 1451 3050 1497 et
3072 1444 3251 1514 plebis
3280 1444 3537 1498 erudPen-

1959 1537 2062 1600 dae.
2088 1554 2328 1607 congrua
2361 1538 2702 1609 providentia
2731 1537 3040 1602 consulant,
3072 1552 3330 1591 concessa
3355 1538 3531 1597 statis,

259 1635 426 1696 prout
447 1641 587 1696 opus
609 1634 713 1692 est,
761 1627 1096 1698 temporibus
1127 1642 1395 1699 corporea
1443 1627 1609 1684 etiam
1652 1629 1975 1685 remissione
2010 1644 2074 1684 ac
2139 1631 2344 1700 quiete,
2410 1629 2645 1684 maxime
2710 1637 2835 1699 post
2899 1628 3172 1700 expletum
3230 1626 3531 1697 praescripti

260 1735 489 1789 pensum
514 1720 718 1790 operis.

273 1811 338 1867 '0
379 1813 448 1866 δὲ
497 1811 745 1884 Ἰησοῦς,
784 1810 953 1869 εἶπεν
978 1831 994 1846 ·
1055 1815 1261 1884 Ἄφετε
1300 1815 1533 1881 αὐτήνο
1581 1816 1640 1870 τι
1686 1815 1841 1884 αὐτῇ

1945 1815 2070 1872 CAP.
2096 1812 2239 1870 XIV.
2274 1815 2434 1871 Vens.
2479 1814 2534 1869 6.
2567 1815 2723 1871 Iesus
2753 1826 2926 1871 autem
2969 1816 3100 1871 dixit
3130 1833 3149 1871 :
3182 1817 3350 1871 Sinite
3389 1832 3527 1878 eam,

331 1885 562 2007 :drtlovc
599 1883 918 1954 παρέχετε;
962 1883 1155 1940 καλὸν·
1193 1885 1372 1956 ἔργον
1409 1885 1729 1956 εἰργάσατο
1773 1883 1838 1940 ἐν

366 1971 438 2007 uo
469 1993 483 2007 .
1756 1994 1761 2000 .

359 1971 483 2023 μοι.
1756 1994 1761 2000 .

334 2046 582 2101 Φωτίου.
621 2046 688 2099 Τί
721 2045 924 2108 κόπους
954 2044 1229 2117 παρέχετε
1276 2047 1343 2116 τῇ
1389 2045 1609 2114 γυναικί
1641 2045 1846 2116 ;φησὶν

258 2138 289 2190 ὁ
331 2137 522 2208 Σωτήρ
551 2153 566 2168 ·
620 2138 698 2200 εἰς
731 2139 837 2208 γὰρ
867 2137 957 2191 τὸν
999 2137 1373 2206 ἐνταφιασμόν
1415 2155 1517 2206 μου
1551 2137 1710 2190 τοῦτο
1746 2154 1847 2190 πε-

259 2228 481 2298 ποίηκε.
507 2227 694 2282 Ταῦτα
711 2230 768 2282 δὲ
788 2228 937 2297 λέγει
962 2229 1448 2300 παραμυθούμενος
1473 2230 1570 2301 τὴν
1590 2231 1844 2298 γυναῖκα,

258 2323 358 2376 καὶ
376 2321 666 2393 ἐλευθέραν
684 2323 948 2376 δεικνύων
970 2324 1066 2392 τῆς
1087 2324 1195 2376 τῶν
1215 2322 1533 2376 ἀποστόλων
1560 2323 1843 2395 μέμψεως.

258 2410 526 2465 Τοσοῦτον
552 2412 660 2482 γὰρ
691 2411 902 2481 ἀπέχω,
948 2413 1103 2483 φησὶ,
1153 2413 1246 2467 τοῦ
1295 2413 1615 2484 μέμψασθαι
1652 2413 1844 2483 αὐτὴν,

265 2500 412 2554 ὥστε
460 2501 585 2555 οὐδὲ
638 2504 838 2573 ἀφήσω
886 2504 1070 2556 λαθεῖν
1131 2506 1193 2557 τὸ
1246 2505 1620 2574 γεγενημένον
1680 2505 1850 2575 αὐτῆς

259 2594 425 2662 ἔργον
450 2593 598 2648 ’ἀλλ’
626 2595 768 2659 ἄπας
797 2598 825 2649 ό
850 2595 1053 2666 κόσμος
1081 2594 1374 2663 γνώσεταιο
1399 2596 1508 2649 ἀπὸ
1538 2596 1648 2667 γὰρ
1681 2598 1854 2667 μεγά-

257 2685 360 2755 λης
382 2685 620 2750 διανοίας
645 2682 715 2758 ἦν
737 2687 916 2753 τοῦτο,
933 2688 1028 2740 καὶ
1051 2686 1248 2758 πολλῆς
1264 2689 1567 2759 τεκμήριον
1592 2689 1851 2753 πίστεως.

2015 1887 2142 1968 quid
2171 1887 2255 1940 illi
2305 1886 2512 1940 molesti
2557 1889 2727 1942 estis?
2759 1888 2968 1941 Bonum
3021 1905 3150 1956 opus
3198 1896 3412 1957 operata
3449 1895 3528 1940 est

2017 1973 2074 2010 tn
2107 1973 2208 2011 me.

2018 2045 2220 2100 Photii.
2253 2046 2397 2112 Quid
2427 2048 2638 2104 molesti
2668 2049 2801 2104 estis
2831 2046 3048 2102 mulieri
3081 2045 3200 2100 ?ait
3249 2045 3523 2109 Salvator,

1951 2139 2006 2194 in
2039 2141 2373 2210 sepulturam
2397 2142 2541 2196 enim
2574 2156 2750 2195 meam
2787 2140 2890 2194 hoc
2916 2139 3063 2194 fecit.
3087 2136 3212 2192 Haec
3232 2151 3363 2191 vero
3389 2137 3530 2192 dixit

1951 2234 2246 2288 consolans
2273 2233 2581 2299 mulierem,
2617 2242 2674 2287 et
2699 2231 2995 2287 ostendens
3034 2231 3102 2284 ab
3132 2229 3396 2300 apostolis
3421 2229 3529 2282 im-

1952 2323 2150 2378 merito
2178 2325 2410 2392 culpari.
2444 2324 2678 2378 Tantum
2712 2324 2883 2390 enim,
2923 2322 3120 2392 inquit,
3152 2322 3346 2375 absum
3377 2335 3406 2374 a
3440 2335 3526 2374 re-

1953 2415 2338 2485 prehendendo
2356 2414 2529 2479 illam,
2563 2423 2621 2468 ut
2653 2429 2761 2468 non
2794 2428 3061 2484 passurus
3094 2412 3197 2466 sim
3227 2411 3396 2465 latere
3418 2410 3527 2464 hoc

1954 2505 2099 2575 quod
2131 2504 2257 2560 fecit
2281 2521 2419 2575 opus
2449 2523 2463 2560 :
2493 2507 2586 2562 sed
2612 2505 2907 2561 eﬂ‘ecturus
2934 2512 2993 2559 ut
3024 2511 3173 2558 tctus
3196 2503 3328 2556 illud
3363 2519 3524 2555 mun-

1960 2597 2064 2652 dus
2099 2597 2260 2652 sciat.
2290 2597 2335 2650 Α
2369 2611 2564 2666 magno
2592 2596 2837 2651 videlicet
2875 2597 3058 2650 animo
3104 2595 3158 2650 id
3207 2594 3527 2661 proﬁcisce-

1956 2691 2137 2753 batur,
2161 2696 2216 2743 et
2238 2687 2422 2743 multa:
2446 2697 2566 2742 erat
2597 2687 2859 2741 indicium
2888 2685 3031 2740 ﬁdei.

1151 2967 1868 3058 FRAGMENTA
1974 2967 2097 3055 IN
2206 2965 2636 3054 LUCAM.

332 3112 577 3169 Φωτίου.
639 3116 714 3169 Τὸ
785 3118 1070 3191 προοίμιον
1129 3119 1224 3173 τοῦ
1304 3117 1689 3186 εὐαγγελιστοῦ
1742 3117 1836 3168 δύο

251 3204 380 3257 τινὰ
401 3205 676 3271 κεφάλαια
708 3208 985 3278 περιέχειο
1019 3208 1280 3262 σύστασίν
1309 3207 1495 3260 τετῶν
1528 3207 1633 3277 πρὸ
1665 3205 1829 3259 αὑτοῦ

252 3295 316 3347 τὸ
363 3295 696 3363 Εὐαγγέλιον
740 3300 1192 3370 συγγραψάντων,
1245 3295 1354 3352 οἷον
1406 3297 1686 3352 Ματθαίου
1735 3297 1832 3350 καὶ

2011 3113 2140 3169 Car.
2209 3113 2250 3169 l.
2319 3113 2521 3169 Pliotii.
2594 3113 2952 3184 Evangelistaa
3024 3114 3352 3184 prooemium
3413 3116 3524 3172 duo

1942 3208 2188 3277 quaedam
2212 3221 2412 3277 puncta
2441 3206 2822 3275 complectitur
2847 3221 2861 3259 :
2907 3206 3182 3277 objectum
3207 3223 3396 3262 eorum
3422 3209 3515 3277 qui

1939 3307 2065 3352 ante
2109 3299 2284 3368 ipsum
2331 3297 2682 3368 Evangelium
2717 3298 3196 3368 conscripserunt,
3228 3298 3518 3353 Matthaaus

250 3385 508 3456 Μάρκου,
523 3386 615 3436 καὶ
631 3386 924 3455 ἀπολογίαν
940 3389 1004 3442 δι’
1021 3391 1087 3458 ἢν
1111 3391 1203 3442 καὶ
1225 3388 1383 3450 αὐτὸς
1405 3386 1499 3439 ἐπὶ
1519 3389 1579 3439 τὸ
1602 3385 1838 3454 συγγρά-

1945 3392 2146 3446 scilicet
2192 3398 2246 3445 et
2300 3391 2536 3456 Marcus,
2575 3401 2629 3445 et
2667 3392 2898 3456 rationis
2967 3392 3412 3461 explicationem,
3445 3394 3520 3447 ob

253 3495 378 3545 φειν
401 3474 581 3546 ἦλθεν.
607 3477 792 3532 Εἰπὼν
808 3481 864 3533 δὲ
879 3481 960 3546 τὸ,
978 3481 1402 3550 ἐπεχείρησαν,
1422 3479 1565 3544 λέξιν
1599 3477 1832 3548 δυναμέ-

251 3585 351 3638 νην
363 3568 452 3620 ἐπί
465 3585 524 3621 τε
539 3569 645 3620 τῶν
662 3571 945 3642 τολμηρῶς
962 3573 1282 3643 ἁπτομένων
1300 3572 1399 3640 τῆς
1417 3570 1724 3632 ὑποθέσεως
1743 3571 1832 3639 ἀρ·

253 3659 493 3728 μάττειν,
515 3660 606 3713 καὶ
628 3661 841 3714 ἐπὶτῶν
865 3663 1108 3726 εὐλαϐῶς
1130 3664 1266 3734 αὐτῇ
1291 3662 1625 3733 προσιόντων
1647 3676 1658 3688 ⁸
1679 3661 1830 3713 δυσὶν

249 3750 665 3820 ἐπιδιορθώςεσι
694 3752 756 3804 τὸ
788 3754 1092 3822 ἀμφίϐολον
1125 3756 1224 3825 τῆς
1259 3755 1457 3818 λέξεως
1486 3750 1827 3820 ἐπιδιορθοῦ-

249 3859 366 3907 ται,
398 3842 463 3895 ἔκ
486 3859 544 3894 τε
568 3843 661 3895 τοῦ
693 3845 867 3896 εἰπεῖν
890 3844 1024 3912 περὶ
1054 3843 1172 3897 τῶν
1197 3838 1828 3912 πεπληροφορημένων

249 3932 397 4000 ἡμῖν
425 3933 800 4002 πραγμάτων,
845 3937 938 3988 καλ⁸
983 3938 1046 3988 ὲκ
1085 3935 1178 3988 τοῦ
1226 3937 1420 3999 εἰπεῖν,
1453 3932 1645 3996 καθὼς
1677 3946 1826 3998 παρ-

249 4020 479 4074 έδοσαν
515 4025 570 4075 οἱ
618 4025 928 4090 αὐτόπται,
967 4027 1054 4078 καῖ
1099 4023 1246 4096 ἑξῆς.
1295 4026 1354 4078 Oi
1381 4026 1486 4094 γάρ
1514 4024 1632 4076 κατ’
1662 4023 1828 4092 ἄμφω

246 4111 424 4166 ταῦτα
446 4113 848 4184 ἐπιχειροῦντες
865 4117 1194 4186 διηγεῖσθαι,
1214 4116 1454 4184 δηλονότι
1472 4113 1824 4176 πανευλαϐὦς

249 4201 346 4254 καὶ
378 4202 591 4264 οἰκείως
625 4205 964 4275 ἐπιχειροῦσι
989 4222 1003 4236 ⁶
1036 4209 1100 4276 τῇ
1144 4207 1242 4276 μὲν
1281 4205 1590 4274 ὰδιστὰκτῳ
1619 4203 1824 4274 πληρο-

248 4291 416 4362 φορίᾳ
451 4292 510 4344 τὸ
549 4294 748 4363 ἀληθὲς
789 4298 1261 4364 ἀπαγγέλλοντες,
1308 4301 1374 4364 τῇ
1419 4297 1472 4349 δὲ
1512 4294 1825 4365 ἀξιοπιστίᾳ

245 4383 359 4434 τῶν
382 4383 840 4452 παραδεδωκότων
866 4388 924 4440 τὸ
959 4389 1368 4460 εὐπαράδεκτον
1405 4387 1783 4458 εἰσηγούμενοι
1807 4403 1821 4418 ⁸

247 4473 371 4543 ἃμα
399 4472 456 4526 δὲ
490 4476 584 4527 καὶ
607 4477 687 4540 τὸ,
714 4478 1081 4544 παρέδοσαν,
1110 4480 1346 4549 ἔμφασιν
1374 4480 1516 4549 ἔχειν
1552 4497 1643 4550 μοι
1674 4480 1823 4533 δοκεῖ

244 4563 350 4633 τῆς
404 4565 496 4618 ἐπὶ
527 4565 588 4618 τὸ
643 4567 738 4620 καὶ
802 4568 971 4638 αὐτῆς
1025 4571 1420 4637 παραδιδόναι
1479 4573 1816 4642 προτροπῆς.

244 4657 452 4723 Καθὼς
487 4658 594 4727 γὰρ
622 4659 842 4712 ἐκεῖνοι
881 4660 1246 4728 παρέδοσαν,
1277 4663 1371 4715 καὶ
1405 4664 1603 4726 αὐτοὺς
1637 4664 1820 4733 δεήσει

1934 3499 2096 3554 quam
2157 3485 2222 3537 ad
2255 3483 2606 3538 scribendum
2657 3484 2854 3538 ductus
2889 3493 2991 3538 est.
3037 3482 3272 3538 Dicendo
3309 3495 3514 3550 autem,

1934 3577 2112 3629 conati
2141 3585 2282 3638 sunt,
2312 3590 2497 3630 vocem
2538 3577 2757 3631 adhibet
2783 3584 2906 3645 apte
2945 3577 3307 3646 scriptoribus
3344 3577 3517 3631 auda-

1933 3666 2052 3721 cius
2107 3667 2380 3734 quoddam
2449 3666 2845 3722 intentantibus
2907 3677 3285 3735 argumentum
3315 3682 3516 3722 conve-

1931 3757 2191 3820 nientem,
2225 3767 2278 3811 et
2309 3759 2377 3810 ad
2419 3758 2522 3813 hoc
2563 3758 2650 3826 pie
2686 3757 3096 3812 accedentibus.
3134 3757 3356 3813 Duabus
3386 3773 3514 3814 cor-

1931 3845 2264 3899 rectionibus
2290 3845 2439 3900 vocis
2471 3847 2936 3915 ampliibologiam
2979 3849 3252 3909 emendat,
3285 3849 3516 3902 dicendo

1929 3934 1992 3987 de
2021 3935 2173 3987 rebus
2195 3951 2312 4002 qua:
2341 3935 2393 3988 in
2425 3935 2572 3989 nobis
2600 3936 2872 4006 completa:
2891 3949 3036 4004 sunt,
3070 3947 3143 4005 et,
3177 3941 3309 3993 sicut
3340 3941 3513 3993 tradi-

1927 4023 2114 4075 derunt
2139 4023 2228 4093 qui
2266 4024 2369 4093 ipsi
2424 4025 2686 4090 viderunt,
2737 4037 2842 4080 etc.
2873 4025 2974 4092 Qui
3009 4030 3154 4083 enim
3209 4029 3509 4084 secundum

1927 4115 2035 4170 duo
2091 4116 2204 4170 haec
2228 4131 2455 4171 narrare
2491 4127 2784 4182 conantur,
2819 4118 3101 4174 evidenter
3151 4120 3296 4190 piam
3328 4130 3382 4175 et
3414 4121 3514 4175 do-

1926 4208 2210 4260 mesticam
2288 4223 2402 4262 rem
2449 4217 2755 4276 conantur;
2805 4210 3137 4266 inconcussa
3187 4212 3514 4267 certitudine

1925 4316 2114 4355 verum
2152 4309 2460 4365 narrantes,
2493 4317 2558 4357 ex
2591 4306 2888 4358 voracitate
2915 4319 3109 4360 eorum
3146 4306 3238 4376 qui
3277 4307 3514 4362 tradide-

1926 4399 2056 4444 runt
2119 4394 2488 4447 narrationem
2550 4394 2848 4463 legitimam
2909 4405 3263 4464 exponentes.
3324 4396 3503 4453 Simul

1925 4491 2103 4534 autem
2139 4482 2275 4537 illud
2307 4523 2321 4544 ,
2356 4484 2716 4551 tradiderunt,
2745 4486 2924 4555 majus
2954 4487 3158 4556 aliquid
3200 4488 3332 4542 mihi
3368 4489 3512 4546 indi-

1923 4587 2048 4627 care
2077 4574 2312 4638 videtur,
2344 4591 2506 4645 quam
2537 4578 2793 4646 exprimit
2823 4579 2924 4634 hoc
2960 4579 3138 4649 ipsum
3174 4583 3507 4637 vocabulum

1925 4664 2151 4718 tradere.
2184 4666 2336 4720 Sicut
2364 4668 2502 4722 enim
2535 4669 2622 4722 isti
2653 4670 3008 4736 tradiderunt,
3037 4681 3092 4726 et
3123 4671 3243 4727 illos
3294 4686 3511 4744 oporte-

244 4749 410 4804 πάλιν
432 4752 640 4805 ἐκεῖθεν
664 4753 1088 4824 παρειληφότας,
1111 4756 1387 4825 ἀκολούθῳ
1405 4756 1547 4826 λόγῳ
1568 4757 1820 4827 ἀλλήλοις
1845 4749 1850 4810 ξ

1945 4763 2037 4818 )at,
2072 4771 2192 4810 cum
2226 4773 2418 4813 rursus
2444 4759 2569 4814 inde
2597 4762 2955 4830 accepissent,
2975 4761 3237 4816 conformi
3261 4778 3512 4823 sermone

239 4841 419 4897 ταῦτα
461 4845 842 4914 παραδιδόναι·
889 4840 1038 4910 εἶτα,
1073 4846 1198 4898 ἐπεὶ
1228 4847 1475 4916 ἀγράφου
1505 4847 1602 4917 τῆς
1637 4863 1819 4918 παρα-

241 4934 444 4997 δόσεως
471 4937 783 5006 γινομένης,
819 4937 1033 5006 ἀνάγκη
1077 4932 1142 5007 ἦν
1177 4937 1337 4988 πάλιν
1379 4937 1508 5000 τοὺς
1551 4937 1817 5008 παρειλη-

240 5027 416 5095 φότας
459 5026 640 5092 ἄλλοις
685 5029 1060 5099 παραδοῦναι⁹
1109 5028 1402 5082 κάντεῦθεν
1441 5029 1722 5083 συνέὸαινε
1748 5029 1819 5082 τὰ

240 5118 672 5188 παραδιδόμενα,
698 5119 731 5189 ἢ
753 5119 891 5191 λήθῃ
920 5121 1028 5172 τῶν
1054 5120 1112 5171 ἐν
1152 5122 1300 5190 μέσῳ
1324 5120 1758 5191 ὑποδεχομένων,
1785 5121 1817 5191 ἦ

241 5209 570 5280 ῥᾳδιουργίᾳ
621 5209 791 5264 πολλά
834 5211 1357 5281 παραπεποιῆσθαιο
1411 5213 1547 5264 ὅπου
1608 5229 1672 5279 γε
1722 5214 1816 5266 καὶ

238 5299 648 5368 γεγραμμένων
686 5300 830 5364 τινὲς
849 5301 1159 5372 ἐτόλμησαν
1189 5301 1362 5355 ταῦτα
1394 5301 1813 5371 παραφθείρειν.

256 5392 412 5445 Ἐπεὶ
436 5387 529 5445 οὖν
553 5393 821 5464 ἀγράφων
843 5393 1012 5447 όντων
1037 5395 1142 5447 τῶν
1170 5393 1636 5464 παραδιδομένων,
1669 5394 1816 5457 εἰκὸς

239 5479 311 5554 ἦν
365 5482 541 5538 ἄτοπα
594 5485 764 5538 πολλά
830 5486 1169 5556 συμϐαίνειν,
1235 5486 1313 5555 τῷ
1365 5484 1562 5555 μακρῷ
1614 5485 1813 5556 χρόνῳ,

240 5574 469 5640 εἰκότως
494 5578 541 5631 οἱ
572 5577 692 5632 ἀπὸ
723 5576 843 5632 τῶν
865 5577 1182 5632 αὐτοπτῶν
1213 5578 1312 5632 καὶ
1346 5575 1665 5645 ὑπηρετῶν
1706 5577 1815 5630 τοῦ

242 5669 436 5739 λόγου
480 5668 685 5742 πρῡεοι
732 5669 1151 5742 παρειληφότες,
1213 5670 1492 5740 ἔγγραφον
1538 5668 1700 5722 παντὶ
1736 5667 1814 5738 τῷ

1921 4844 2038 4899 haec
2061 4846 2181 4900 aliis
2211 4847 2499 4904 tradidisse
2533 4867 2548 4904 :
2585 4849 2802 4916 deinde,
2835 4867 2960 4906 cum
3000 4851 3197 4922 scripta
3231 4869 3337 4907 non
3374 4854 3512 4910 foret

1922 4936 2168 5001 traditio,
2221 4953 2446 4994 necesse
2495 4940 2598 4995 fuit
2643 4943 2842 4997 iterum
2899 4943 2999 4999 bos
3049 4945 3141 5014 qui
3174 4945 3320 5000 illam
3353 4962 3511 5004 accc-

1925 5029 2156 5097 pissent,
2211 5031 2333 5086 aliis
2366 5033 2624 5098 tradere;
2657 5035 2887 5105 imlequc
2921 5037 3151 5108 contigit
3174 5053 3296 5108 quae
3335 5041 3512 5095 trade-

1920 5120 2142 5185 bantur,
2176 5133 2270 5178 aut
2302 5125 2574 5180 oblivione
2621 5141 2810 5182 corum
2843 5129 2935 5198 qui
2972 5130 3025 5183 in
3063 5133 3247 5187 medio
3273 5135 3510 5202 accipie-

1919 5213 2072 5279 bant,
2105 5225 2199 5270 aut
2237 5216 2426 5273 fraude
2465 5219 2519 5272 in
2556 5219 2744 5275 multis
2798 5222 3024 5277 alterata
3058 5222 3251 5288 fuisse,
3289 5224 3508 5293 quando

1919 5306 2138 5374 quidem
2186 5307 2350 5361 etiam
2386 5309 2499 5364 haec
2531 5311 2732 5380 scripta
2765 5312 2934 5382 aliqui
2967 5314 3084 5369 ausi
3112 5323 3240 5369 sunt
3261 5328 3507 5368 carrum-

1919 5412 2066 5466 pere.
2119 5397 2258 5453 Cum
2294 5402 2479 5469 igitur,
2514 5403 2772 5472 quoniam
2823 5421 2930 5459 non
2961 5405 3167 5476 scripta
3202 5415 3356 5460 erant
3383 5419 3506 5474 qua:

1918 5487 2296 5555 tradebantur,
2372 5490 2616 5560 profecto
2683 5494 2830 5549 nulla
2897 5495 3074 5550 aliena
3149 5495 3506 5566 irrepsissent

1921 5578 2093 5632 multo
2125 5588 2388 5650 tempore,
2415 5583 2507 5653 qui
2571 5585 2639 5640 ab
2669 5586 2753 5642 bis
2774 5589 2865 5658 qui
2915 5586 3154 5641 uiderant
3187 5595 3238 5642 et
3271 5586 3502 5640 ministri

1923 5670 2131 5738 fuerant
2156 5675 2433 5744 sermonis,
2457 5679 2617 5748 primi
2640 5688 2985 5750 acceperant,
3012 5679 3271 5750 scriptam
3297 5679 3502 5735 mundo
