3978 6218
424 233 563 308 1215

1595 227 1819 299 ΡΠΟΤΙ
1827 237 1856 298 Ι
1894 226 2399 300 PATRIARCH/E
2435 228 2540 298 ΕΡ.

3536 231 3681 305 1216

423 361 682 415 universo
753 357 1135 428 prtesliterunt
1199 353 1588 420 tradi‘tionem;
1655 361 1709 409 et
1763 351 2011 409 fraudem

2119 351 2306 423 κόσμῳ
2334 351 2675 423 παρέσχοντο
2699 349 2799 422 τὴν
2831 348 3128 422 παράδοσιν
3145 332 3292 406 ’.καὶ
3321 350 3424 423 τὴν
3455 349 3684 408 ὲπίϐουω

421 449 776 516 οιρειιεηιεε,
805 455 860 502 et
885 447 1216 501 oblivionem
1243 446 1520 508 tollentes,
1561 451 1617 498 et
1642 442 2009 512 integritatem

423 537 698 594 traditioni
735 546 1114 607 suppetentes.
1149 535 1255 591 Sed
1302 535 1592 589 Matthacus
1616 543 1670 587 et
1701 531 1920 586 Marcus
1953 540 2014 586 ut

426 637 754 701 acceperunt
802 631 883 685 sic
935 638 989 683 et
1030 628 1414 694 tradiderunt;
1467 625 1561 679 alii
1599 640 1752 690 vero,
1788 634 1848 678 ut
1894 623 2014 678 illos

422 737 588 792 prava
617 733 670 776 et
699 721 988 776 temeraria
1031 735 1188 774 mens
1245 719 1480 787 impulit,
1517 716 1700 771 conati
1732 725 1860 770 sunt
1889 731 2016 770 nar-

422 826 546 865 rare
578 811 811 880 propria:
845 809 1196 878 cogitationis
1240 809 1516 877 ﬁgmenta,
1552 814 1613 860 ut
1654 805 2011 874 Evangelium

423 904 488 956 ad
519 900 807 971 Egyptios
837 901 1065 963 dictum,
1099 908 1153 954 et
1177 897 1527 968 Evangelium
1559 897 1669 950 τῶν
1707 896 2012 951 duodecim.

421 993 557 1048 Nam
589 1002 648 1046 ut
675 993 952 1046 frumento
989 992 1220 1057 zizania,
1275 990 1355 1044 sic
1391 989 1607 1044 veritati
1639 989 1836 1042 nititur
1865 998 2017 1042 men-

423 1083 640 1142 dacium
701 1085 1025 1154 insurgere;
1081 1083 1184 1137 ista
1215 1092 1399 1136 autem
1447 1097 1477 1136 a
1534 1082 1747 1151 piorum
1776 1086 1928 1135 coetu
1963 1087 2018 1134 et

426 1179 688 1231 memoria
721 1177 994 1231 exsulant.
1045 1173 1150 1229 Sed
1182 1175 1378 1230 beatus
1419 1173 1598 1228 Lucas
1642 1211 1657 1236 ,
1692 1169 1836 1225 Inter
1873 1183 2015 1240 quae,

425 1269 573 1332 dicit,
607 1278 666 1323 ut
695 1269 887 1322 horum
916 1269 1008 1337 qui
1033 1276 1157 1322 ante
1188 1268 1363 1337 ipsum
1384 1265 1740 1334 Evangelium
1770 1263 2012 1332 scripse-

426 1371 555 1415 runt
583 1363 852 1416 veracitas
885 1369 1126 1425 constet,
1184 1360 1240 1414 in
1283 1361 1464 1415 simile
1523 1361 1631 1414 illis
1675 1359 2015 1429 propositum

427 1453 749 1523 ingreditur,
813 1452 882 1506 ob
929 1452 1178 1506 eamdem
1254 1465 1480 1505 causam
1530 1466 1652 1521 qua:
1700 1460 1753 1504 et
1783 1450 1888 1503 illis
1917 1448 2020 1502 fuit

426 1545 723 1600 scribendi.
793 1541 862 1597 Ut
923 1543 1070 1597 enim
1141 1542 1222 1595 illi
1278 1557 1345 1596 eo
1399 1543 1545 1612 quod
1577 1547 1930 1612 acceperunt,
1963 1548 2017 1594 et

427 1647 682 1704 tanquam
744 1642 1075 1704 acceperunt
1119 1633 1390 1699 scribunt,
1422 1634 1501 1689 sic
1538 1642 1593 1688 et
1619 1634 1735 1704 ipse
1763 1646 1829 1686 eo
1864 1631 2010 1701 quod

427 1743 454 1780 a
494 1726 782 1796 principio,
814 1734 868 1780 et
909 1735 1174 1794 tanquam
1206 1735 1499 1780 assecutus
1538 1734 1642 1790 est,
1673 1725 1751 1778 ita
1783 1722 1852 1778 ad
1879 1697 2014 1777 scri-
2039 1697 2087 1756 Β

425 1817 662 1872 bendum
696 1815 965 1870 adductus
1000 1824 1118 1882 est;
1149 1831 1260 1869 non
1289 1815 1454 1886 igitur
1483 1813 1762 1869 contraria
1794 1813 1903 1868 illis
1934 1811 2014 1866 fa-

429 1909 594 1972 ciem,
625 1907 721 1963 sed
753 1922 861 1962 una
902 1906 1276 1976 progrediens,
1309 1906 1417 1959 imo
1444 1905 1742 1960 testiﬁcans
1774 1901 1990 1958 scribit.

425 1999 600 2053 Aliam
651 2013 869 2068 quoque
908 1999 977 2052 ob
1008 2012 1256 2062 causam,
1292 2005 1353 2050 ut
1381 1994 1688 2065 Theophilo
1717 1994 1938 2049 cuidam
1974 2008 2007 2048 a

427 2091 541 2146 Deo
571 2090 790 2153 dilecto,
822 2104 948 2145 cum
979 2089 1134 2144 illum
1165 2088 1219 2142 in
1253 2088 1488 2146 veritate
1517 2087 1816 2153 curaverit,
1850 2097 1906 2142 et
1932 2087 2012 2141 illi

429 2183 552 2238 ﬁdei
607 2195 919 2236 sermonem
969 2196 1079 2234 non
1125 2179 1402 2250 scriptum
1465 2177 1790 2246 tradiderit,
1839 2191 2017 2246 neque

429 2275 616 2328 auditu
649 2275 770 2328 solo
809 2273 927 2328 hinc
953 2271 1178 2328 credere
1199 2286 1458 2328 securum
1485 2287 1596 2326 non
1631 2271 1724 2338 sit,
1758 2287 1854 2342 per
1881 2272 2017 2327 scri-

427 2377 520 2436 pta
571 2366 649 2420 illi
692 2365 1041 2421 securitatem
1074 2364 1394 2429 verborum,
1447 2363 1512 2418 de
1557 2364 1746 2434 quibus
1775 2365 2017 2418 eruditus

427 2469 528 2523 est,
557 2465 796 2527 praestet,
821 2466 876 2511 et
903 2471 1001 2527 per
1030 2457 1185 2511 illum
1214 2455 1419 2510 mundo
1440 2455 1697 2511 universo
1726 2457 2016 2512 utilitatem

427 2551 711 2618 largiatur.
761 2548 956 2604 Merito
1003 2564 1136 2620 ergo
1167 2548 1249 2602 illi
1303 2549 1576 2618 prommio
1610 2564 1748 2618 opus
1783 2549 1922 2615 fuit;
1958 2550 2016 2604 in

429 2655 539 2710 quo
563 2639 840 2709 objectum
870 2639 1305 2709 praecedentium
1349 2638 1817 2710 evangelistarum
1849 2652 2019 2707 expo-

429 2732 596 2800 nitur,
644 2740 700 2787 et
725 2747 891 2788 causa
918 2731 989 2787 ob
1015 2746 1182 2802 quam
1217 2738 1343 2802 post
1377 2731 1502 2786 illos
1546 2731 1770 2802 scripsit
1804 2729 2019 2801 signiﬁ-

428 2835 627 2890 catur;
686 2841 813 2880 cum
858 2824 935 2880 illi
987 2823 1128 2878 nihil
1179 2822 1329 2878 circa
1391 2822 1675 2893 proprium
1731 2820 2014 2891 objectum

428 2918 688 2982 dixerint,
719 2917 812 2972 sed
855 2925 1118 2988 tanquam
1149 2913 1281 2972 huic
1312 2913 1687 2972 testimonium
1711 2913 1780 2969 de
1805 2927 1864 2968 se
1882 2913 2021 2968 dan-

428 3010 559 3066 dum
599 3007 945 3080 reliquerint.

499 3185 670 3241 Vens.
698 3184 790 3241 29.
823 3183 1027 3238 Photii.
1063 3180 1207 3248 Quid
1248 3179 1404 3247 vidit,
1429 3189 1485 3237 et
1513 3194 1615 3236 cur
1651 3179 1872 3236 turbata
1902 3189 1976 3236 est
1996 3182 2023 3236 ?

429 3278 580 3333 Vidit
605 3277 856 3348 angelum
901 3275 1070 3332 castis
1109 3273 1285 3330 oculis
1328 3274 1652 3340 intuentem,
1686 3273 1784 3329 sed
1833 3273 2021 3344 sponsi

430 3371 633 3426 indicia
693 3377 1003 3440 gerentem;
1049 3380 1188 3436 puro
1255 3373 1483 3436 aspectu
1526 3365 2018 3436 contemplantem,

432 3465 528 3520 sed
563 3463 876 3532 nuptiarum
905 3459 1112 3514 foedera
1176 3459 1544 3514 nuntiantem.
1573 3458 1686 3513 Hos
1743 3459 2018 3528 nuptiales

433 3567 718 3611 sermones
773 3549 1026 3615 audiens,
1079 3558 1134 3603 et
1180 3549 1548 3618 cupiditatum
1599 3548 2020 3604 conversatione

432 3651 711 3714 expertem
775 3640 1019 3695 habitum
1069 3653 1323 3702 cernens,
1375 3638 1460 3694 bis
1493 3639 1696 3693 rationi
1722 3639 2018 3694 contrariis

432 3735 614 3791 verbis
641 3733 855 3788 turbata
878 3740 984 3786 est.
1011 3727 1204 3794 Video,
1223 3729 1420 3800 inquit,
1447 3730 1684 3800 legatum
1709 3729 1796 3800 pie
1833 3738 2019 3785 astan-

430 3837 564 3895 tem,
596 3835 651 3880 et
687 3827 809 3880 laeto
841 3824 1025 3879 animo
1047 3823 1305 3877 nuntium
1334 3822 1572 3876 suadeor
1594 3822 1886 3892 accipere;
1918 3822 2014 3876 sed

432 3913 708 3985 nuptiales
765 3911 902 3966 mihi
943 3926 1226 3966 sermones
1249 3909 1458 3980 dirigit,
1488 3919 1543 3964 et
1573 3911 1819 3965 laetitiam
1847 3911 1903 3964 in
1945 3911 2015 3964 ti-

432 4021 644 4063 morem
671 4004 965 4068 convertit,
1019 4012 1073 4057 et
1102 4002 1341 4057 animam
1368 4002 1550 4058 turbat
1581 4004 1795 4059 nuntio.
1847 4002 2012 4059 Video

431 4100 644 4166 vultum
674 4096 794 4166 eius
811 4095 1024 4166 pudore
1051 4107 1409 4163 conspersum
1431 4109 1445 4159 ;
1465 4093 1558 4148 sed
1582 4094 1799 4162 nuptias
1820 4093 2014 4149 adesse

432 4192 670 4248 nuntiat.
706 4189 876 4244 Video
922 4187 1218 4258 prudenter
1262 4187 1649 4257 alloquentem,
1687 4189 1781 4244 sed
1812 4203 2011 4244 conce-

431 4285 638 4356 ptionis
667 4284 831 4339 verba
890 4281 1167 4352 loquitur;
1219 4287 1274 4335 et
1303 4280 1630 4350 virginitatis
1663 4295 1820 4336 amor
1893 4296 2010 4336 scr-

2113 442 2212 516 λὴν
2238 443 2655 510 ἀπελαύνοντες,
2693 443 2790 497 καὶ
2813 443 2912 514 τὴν
2937 442 3108 514 λήθην
3130 442 3552 507 ἀνακόπτοντες,
3583 444 3684 501 καὶ

2109 536 2171 588 τὸ
2213 535 2500 598 ἀνελλιπὲς
2540 537 2608 606 τῇ
2653 534 2949 606 παραδόσει
3006 532 3479 605 περιποιούμενοι.
3523 533 3688 589 Ἀλλά

2110 627 2502 697 Ματθαῖος’μὲν
2516 628 2610 682 καί
2627 627 2871 695 Μάρκος,
2886 627 2962 691 ὡς
2975 626 3302 698 παρέλαϐον,
3321 624 3465 679 οὕτω
3478 625 3575 679 καὶ
3588 641 3690 678 πα-

2113 719 2339 790 ρέδοσαν
2352 733 2366 748 ⁸
2388 718 2536 774 ἄλλοι
2561 719 2618 772 δέ
2649 718 2830 783 καθὼς
2848 719 3094 789 αύτοὺςή
3114 717 3328 788 πονηρά
3347 717 3442 771 καὶ
3458 717 3689 787 θρασεῖα

2115 810 2383 880 συνήλασε
2426 809 2642 880 γνώμη,
2684 810 3048 880 ἐπεχείρησαν
3097 807 3402 879 διηγεῖσθαι
3440 806 3685 871 διανοίας

2115 902 2249 965 ἰδίας
2270 894 2690 974 ἀναπλάσματα,
2707 902 2860 964 digito
2877 901 3168 973 λεγόμενον
3192 899 3313 955 κατ’
3330 901 3686 968 Αἰγυπτίους,

2113 991 2210 1046 καὶ
2250 991 2360 1046 τῶν
2401 993 2612 1047 δώδεκα
2663 991 3015 1062 Εὑαγγέλιον.
3067 991 3157 1056 Ὠς
3188 989 3403 1068 γὰρτῷ
3450 991 3581 1061 σίτῳ
3626 989 3689 1043 τὸ

2115 1085 2374 1152 ζιζάνιον,
2403 1085 2576 1150 οὕτως
2603 1087 2700 1140 καὶ
2724 1087 2788 1157 τῇ
2828 1084 3058 1156 ἀληθείᾳ
3086 1069 3383 1153 φιλονεικεῖ
3414 1083 3476 1136 τὸ
3494 1082 3692 1152 ψεῦδος

2115 1176 2580 1230 ἐπισυνίστασθαι.
2641 1175 2784 1229 Ἀλλ’
2823 1177 3009 1228 ἐκεῖνα
3057 1174 3157 1244 μὲν
3188 1171 3566 1226 εὐσεϐούντων
3595 1171 3692 1225 καὶ

2115 1268 2280 1339 χοροῦ
2325 1269 2421 1322 καὶ
2459 1270 2679 1339 μνήμης
2733 1267 3189 1337 ἐξωστράκισται.
3243 1265 3303 1317 Ὀ
3332 1263 3390 1317 δὲ
3423 1263 3692 1334 μακάριος

2117 1358 2358 1423 Λουκᾶςο
2393 1359 2470 1412 Δι’
2517 1351 2592 1412 ὧν
2637 1358 2740 1429 ἔφη
2793 1356 3168 1428 συστήσασθαι
3218 1361 3328 1409 τῶν
3373 1355 3481 1424 πρὸ
3525 1343 3691 1408 αὑτοῦ

2117 1448 2518 1519 εύαγγελιστῶν
2547 1449 2644 1520 τὴν
2672 1447 2980 1519 ἀκρίϐειαν,
3017 1447 3110 1500 ἐπὶ
3131 1445 3228 1516 τὴν
3247 1445 3442 1513 ὁμοίαν
3463 1445 3694 1507 ἐκείνοις

2119 1543 2436 1612 προαίρεσιν
2452 1540 2765 1612 ἔρχεται,δι’
2787 1541 2968 1594 αἰτίαν
2987 1537 3054 1592 δι’
3069 1539 3136 1609 ἢν
3152 1537 3423 1600 κάκείνοις
3459 1537 3693 1609 γράφειν
3762 1549 3769 1555 ·

2119 1635 2356 1704 ἐγένετο.
2393 1633 2482 1697 Ὦς
2507 1633 2615 1704 γὰρ
2645 1634 2844 1686 ἐκεῖνοι
2867 1631 3002 1684 διότι
3027 1628 3358 1701 παρέλαϐον,
3386 1629 3482 1683 καὶ
3509 1628 3694 1692 καθὼς

2116 1725 2426 1797 παρέλαϐον
2473 1726 2804 1796 γράφουσιν,
2848 1722 2990 1777 οὕτω
3022 1722 3120 1775 καὶ
3162 1713 3316 1784 οὗτος
3348 1720 3484 1774 διότι
3513 1721 3609 1774 καὶ
3632 1720 3693 1786 ἐξ

2114 1818 2311 1889 ἀρχῆς,
2369 1817 2466 1872 καλ⁸
2515 1816 2701 1881 καθὼς
2749 1814 3140 1888 ἠκολούθησεν,
3189 1813 3335 1868 οὕτω
3378 1813 3475 1865 καὶ
3527 1811 3608 1874 εἰς
3633 1809 3696 1864 τὸ

2116 1911 2356 1982 γράφειν
2387 1909 2670 1982 ἐλήλυθεν.
2707 1911 2824 1963 Ούκ
2849 1899 3070 1963 ἐναντία
3112 1901 3206 1960 οὖν
3247 1906 3503 1976 πράττων
3552 1903 3696 1956 ἐκεί-

2114 2019 2252 2068 νοις,
2282 2002 2420 2058 ἀλλά
2443 2002 2755 2075 συντρέχων
2782 2001 2879 2055 καὶ
2902 1997 3472 2072 συμμαρτυρούμενος
3492 1993 3696 2066 μᾶλλον

2119 2093 2352 2165 γράφει·
2390 2093 2459 2148 δι’
2511 2092 2706 2164 ἑτέραν
2761 2091 2820 2145 δὲ
2865 2089 3064 2156 αἰτίαν,
3117 2090 3201 2143 ὃτι
3257 2085 3516 2156 Θεόφιλόν
3570 2101 3696 2140 τινα

2119 2182 2340 2253 θεοφιλῆ
2376 2183 2750 2253 ἐργασάμενος
2783 2179 3022 2251 ἀληθῶς,
3074 2177 3170 2231 καὶ
3198 2176 3291 2231 τὸν
3315 2175 3417 2246 τῆς
3460 2173 3697 2236 πίστεως

2119 2276 2270 2348 αύτῷ
2284 2293 2360 2330 πα
2367 2273 2682 2348 ράδεδωκὼς
2695 2273 2957 2344 ἀγράφως
2966 2271 3124 2340 λόγον
3133 2269 3289 2339 ,ἀκοῇ
3302 2267 3358 2320 δὲ
3371 2265 3543 2321 ταῦτα
3561 2264 3700 2337 μόνῃ

2119 2367 2367 2422 πιστεύει
2398 2367 2500 2421 οὐκ
2538 2362 2608 2438 ἦν
2643 2365 2905 2436 ἀσφαλὲς,
2929 2363 3024 2418 καὶ
3061 2360 3375 2431 διάγραφῆς
3414 2357 3564 2429 αύτῷ
3598 2356 3701 2426 τὴν

2117 2462 2416 2532 ἀσφάλειαν
2430 2459 2540 2514 τῶν
2555 2457 3011 2528 ωτηχηθέντων
3021 2455 3194 2524 λόγων
3208 2455 3313 2510 ἀπε
3323 2450 3702 2523 ργάζεται,καὶ

2117 2553 2186 2607 δι’
2207 2551 2372 2607 αὐτοῦ
2394 2549 2558 2605 παντὶ
2573 2549 2652 2620 τῷ
2680 2550 2870 2619 κόσμῳ
2902 2546 3250 2618 δαψιλεύεται
3281 2543 3380 2615 τὴν
3399 2543 3697 2612 ὠφέλειαν.

2119 2646 2360 2708 Εἰκότως
2386 2637 2480 2698 οὖν
2511 2634 2667 2705 οὗτος
2689 2641 2783 2694 καὶ
2810 2639 3097 2711 προοιμίου
3128 2635 3326 2708 ἐδεήθη
3343 2649 3360 2666 ο
3389 2627 3460 2688 δι’
3487 2627 3547 2688 οὗ
3576 2633 3614 2703 ἦ
3635 2648 3698 2685 τε

2122 2736 2380 2799 σύστασις
2405 2733 2515 2787 τῶν
2542 2735 2650 2805 πρδ
2677 2731 2841 2786 αὐτοῦ
2874 2727 3344 2801 πραγματεύεται,
3369 2725 3466 2779 καὶ
3489 2727 3524 2796 ἠ
3548 2724 3702 2778 αἰτία

2121 2828 2190 2883 δι’
2223 2829 2291 2900 ἢν
2322 2826 2452 2898 μετ’
2485 2825 2727 2888 ἐκείνους
2765 2823 3025 2894 ἔγραψεν,
3063 2818 3515 2888 ἐπιγινώσκεται·
3550 2815 3701 2870 ἐκεί-

2124 2938 2232 2975 νων
2265 2919 2431 2990 μηδέν
2455 2918 2593 2988 ὑπὲρ
2620 2917 2718 2988 τῆς
2750 2916 2886 2979 ἰδίας
2920 2915 3186 2968 εἰπόντων
3221 2912 3551 2973 συστάσεως·
3578 2907 3702 2962 ἀλλ’

2047 3037 2090 3097 C
2129 3006 2318 3077 ὥσπερ
2366 3005 2543 3077 τούτῳ
2572 3003 2671 3077 τὴν
2705 3004 2846 3077 ὑπὲρ
2894 3003 3072 3070 αὐτῶν
3120 3001 3427 3075 μαρτυρίαν
3468 2998 3703 3054 καταλεο

2121 3099 2408 3154 λοιπότων.

2192 3191 2439 3246 Φωτίου.
2501 3189 2567 3244 Τί
2639 3188 2844 3255 ἰδοῦσα,
2896 3190 2993 3245 καὶ
3038 3188 3185 3252 τίνος
3252 3187 3439 3243 ἕνεκεν
3501 3187 3702 3243 διε-τα·

2114 3281 2364 3352 ράχθης
2420 3279 2628 3335 ’ἰδοῦσα
2673 3282 2764 3334 τὸν
2817 3279 3048 3348 ἄγγελον
3097 3280 3286 3348 ἀγνοϊς
3340 3280 3456 3343 τοῖς
3500 3277 3703 3349 ὀφθαλ-

2123 3377 2245 3447 μοῖς
2265 3373 2598 3441 ἀτενίζοντα,
2624 3371 2764 3438 ἀλλᾲ
2786 3373 3098 3444 μνηστῆρος
3111 3370 3406 3443 μηνύματα
3419 3371 3650 3443 φέροντα
3678 3384 3695 3402 ⁸

2119 3466 2346 3538 καθαρῷ
2375 3465 2651 3537 βλέμματι
2677 3465 3106 3537 προσανέχοντα,
3124 3463 3260 3518 ἀλλά
3271 3463 3451 3534 γάμου
3467 3463 3700 3532 λέγοντα

2120 3557 2543 3627 συναλλάγματα
2562 3573 2578 3589 ο
2600 3555 2806 3610 τούτων
2841 3555 2953 3610 τῶν
2979 3554 3266 3625 νυμφικῶν
3302 3553 3565 3627 ῥημάτων
3595 3571 3699 3623 γε·

2117 3649 2319 3718 νομένη
2349 3649 2638 3718 κατήκοος,
2673 3647 2768 3701 καὶ
2812 3645 3001 3700 παθῶν
3029 3646 3274 3716 ἀμέτοχα
3324 3646 3424 3714 τῆς
3477 3644 3700 3714 ὁμιλίας

2115 3739 2184 3793 τά
2208 3738 2462 3810 σχήματα
2478 3737 2769 3807 βλέπουσα,
2791 3739 2911 3812 ταῖς
2925 3736 3035 3789 τῶν
3067 3735 3346 3805 λογισμῶν
3359 3733 3654 3789 ἀντιπνοία·
3668 3745 3701 3797 ς

2116 3829 2649 3902 ἐταράσσετο.⁹ορῶ,
2685 3828 2840 3900 φησὶ,
2873 3827 2966 3881 τὸν
3012 3825 3254 3898 μηνυτὴν
3287 3824 3528 3888 εὐλαϐῶς
3551 3841 3702 3894 παρ-

2119 3922 2425 3992 ιστάμενον,
2472 3922 2566 3974 καὶ
2597 3918 2910 3990 περιχαρῶς
2951 3918 3051 3990 τὴν
3089 3917 3348 3986 ἀγγελίαν
3400 3914 3697 3970 ἀναπείθοο

2119 4030 2218 4084 μαι
2247 4010 2538 4077 δέξασθαι·
2564 4011 2699 4065 ἀλλά
2719 4010 3026 4081 νυμφικούς
3052 4027 3146 4079 μοι
3199 4009 3394 4077 λόγους
3449 4007 3698 4080 προϐἀλο

2113 4103 2286 4167 λεται,
2317 4102 2411 4156 καὶ
2455 4100 2554 4172 τήν
2611 4101 2789 4172 χαρὰν
2845 4102 2928 4164 εἰς
2983 4099 3150 4169 φόϐον
3213 4098 3542 4170 μεθίστησι,
3594 4099 3695 4150 καὶ

2114 4193 2332 4264 θορυϐεῖ
2361 4195 2459 4264 τὴν
2479 4193 2657 4264 ψυχὴν
2681 4191 2759 4262 τῷ
2786 4190 3087 4263 μηνύματι.
3133 4191 3276 4262 Ὀρῶ
3308 4193 3369 4244 τδ
3399 4191 3696 4260 πρόσωπον

2115 4286 2254 4340 αἰδοῖ
2315 4285 2752 4356 συστελλόμενον,
2775 4284 2912 4340 ἀλλά
2952 4283 3189 4356 νυμφίου
3247 4299 3337 4354 μοι
3391 4280 3698 4352 παρουσίαν

433 4393 650 4433 monem
697 4386 759 4431 ut
809 4375 1060 4432 dolosum
1109 4373 1375 4444 suspicari
1408 4373 1573 4444 cogit.
1609 4372 1822 4427 Etenim
1849 4372 2012 4444 legati

2119 4378 2536 4445 ἐπαγγέλλεται.
2605 4376 2747 4448 Ὀρῶ
2805 4377 3041 4440 συνετῶς
3097 4374 3504 4444 διαλεγόμενον,
3556 4373 3697 4428 ἀλλά

434 4480 568 4526 tunc
601 4469 776 4525 forma
803 4479 858 4524 et
897 4468 1154 4532 astantia,
1209 4481 1336 4521 cum
1370 4465 1593 4522 habitus
1623 4465 1897 4531 decentia,
1925 4466 2009 4521 di-

433 4563 561 4617 vine
616 4561 835 4617 venisse
898 4559 1106 4614 indicat
1164 4557 1532 4628 legationem;
1595 4558 1759 4612 verba
1827 4566 2010 4612 autem

434 4653 622 4723 sponsi
653 4651 916 4708 indicium
945 4649 1260 4706 exhibentia
1296 4648 1541 4705 abnuere
1557 4648 1788 4704 suadent
1817 4664 2012 4707 assen-

433 4755 578 4803 sum.

2117 4469 2428 4540 συλλήψεως
2468 4470 2689 4540 ῥήματα
2723 4467 3054 4538 φθέγγεταν
3085 4467 3183 4521 καὶ
3211 4467 3314 4538 τῆς
3343 4464 3642 4536 παρθενίας
3665 4467 3696 4518 ό

2118 4563 2280 4624 πόθος
2309 4561 2402 4615 τὸν
2429 4559 2590 4629 λόγον
2639 4561 2715 4623 ὡς
2741 4559 2893 4613 δόλον
2925 4559 3253 4612 ὑποπτεύειν
3287 4556 3560 4628 βιάζεται.
3591 4553 3694 4608 Διά

2116 4651 2273 4705 τοῦτο
2307 4652 2736 4724 ἐκταράσσομαι,
2767 4651 2842 4714 ὼς
2866 4651 3141 4723 ἰσορρόπῳ
3168 4649 3362 4720 γνώμῃ
3383 4650 3442 4702 τὸ
3460 4640 3694 4719 πρᾶγμα

2121 4741 2623 4812 ζυγοστατούμενον
2659 4741 2955 4812 βλέπουσα.
3017 4742 3084 4795 Ἠ
3125 4739 3240 4806 ἕξις
3287 4741 3386 4811 μὲν
3436 4740 3546 4811 γὰρ
3596 4739 3694 4793 τοῦ

439 4840 678 4911 μηνυτοῦ
705 4841 799 4894 καὶ
819 4838 1176 4904 κατάστασις,
1204 4850 1302 4889 συν
1329 4835 1408 4906 τῷ
1439 4837 1757 4908 κοσμίῳτοῦ
1788 4838 2087 4909 σχήματος,
2119 4837 2303 4891 θεόθεν
2324 4837 2482 4908 ήκειν
2541 4835 2785 4891 διδάσκει
2840 4835 2902 4888 τὸ
2964 4834 3190 4905 μήνυμα
3211 4848 3226 4863 °
3263 4833 3334 4886 τὰ
3389 4831 3692 4904 ῥήματαᾶ

439 4935 747 5007 μνηστῆρος
778 4933 1014 5004 ἔμφασιν
1045 4933 1493 5002 ,ὑπεμφαίνοντα,
1533 4933 1812 4988 ἀνανεύειν
1835 4935 2011 4988 πείθει
2047 4933 2148 5004 τὴν
2183 4933 2601 5002 συγκατάθεσιν.
2989 4951 2993 4956 ·

506 5026 704 5080 Pharii.
747 5023 982 5079 Turbata
1030 5034 1107 5079 est
1155 5025 1211 5078 in
1240 5041 1498 5091 sermone,
1545 5042 1654 5082 non
1688 5027 2013 5082 beneﬁcium

435 5119 744 5174 abhorruit.
778 5117 1015 5172 Turbata
1050 5126 1149 5184 est,
1181 5119 1275 5173 sed
1309 5118 1580 5174 collocuta
1618 5129 1738 5186 est;
1781 5127 1836 5175 et
1894 5134 2014 5175 mo-

433 5214 564 5268 dum
591 5211 938 5267 salutationis
971 5212 1347 5278 considerans,
1380 5227 1688 5267 sermonem
1718 5221 1900 5266 autem
1931 5213 2014 5267 vi-

433 5297 784 5368 dens;rationi
808 5299 1210 5364 adversantem,
1241 5299 1433 5352 timore
1459 5299 1707 5368 prudenti
1733 5310 1888 5370 capta
1905 5311 2010 5366 est,

431 5400 816 5445 etextraneam
845 5390 1191 5445 salutationis
1209 5391 1430 5442 modum
1453 5389 1848 5444 rel'ormidavit.
1869 5391 2010 5457 Quid

433 5482 600 5552 igitur
629 5483 902 5553 angelus?
961 5499 1092 5537 num
1121 5483 1372 5553 permisit
1408 5499 1529 5538 eam
1571 5485 1802 5542 diversis
1847 5488 2002 5556 cogi-

431 5573 732 5630 tationibus
765 5573 996 5641 turbari,
1021 5585 1075 5629 et
1107 5574 1445 5630 anxietatum
1485 5574 1741 5631 ﬂuctibus
1775 5577 2010 5647 agitari?

431 5673 488 5723 et
513 5668 789 5737 quomodo
824 5667 1224 5744 mandatimon
1257 5667 1438 5724 malus
1453 5667 1719 5748 minister
1749 5669 2008 5738 probatus

2189 5028 2435 5081 Φωτίου.
2478 5025 2833 5096 Ἐθορυϐήθη
2860 5023 3214 5092 τοῖς-λόγοις,
3239 5021 3341 5074 οὐκ
3366 5021 3694 5092 ἀπεστράφη

2114 5117 2214 5190 τὴν
2239 5119 2576 5190 εὐεργεσίαν.
2619 5115 3000 5186 Διεταράχθη,
3036 5115 3173 5169 ἀλλά
3203 5114 3528 5183 διελογίζετο
3552 5127 3566 5142 ⁶
3599 5116 3702 5168 καὶ

2112 5211 2206 5265 τὸν
2231 5211 2430 5282 τρόπον
2495 5210 2594 5280 μὲν
2635 5210 2966 5281 ἐπιζητοῦσα
3009 5207 3105 5260 τοῦ
3146 5205 3462 5277 ἀσπασμοῦ,
3515 5207 3609 5258 τὸν
3638 5205 3701 5259 δέ

2113 5303 2269 5372 λόγον
2295 5303 2476 5374 ὁρῶσα
2496 5304 2856 5372 διαφεύγοντα
2886 5302 3012 5365 τοὺς
3040 5298 3353 5369 λογισμοὺς,
3382 5296 3533 5366 φόϐῳ
3563 5313 3700 5349 κατ-

2118 5397 2295 5467 εἰχετο
2331 5395 2589 5468 σώφρονι,
2622 5397 2716 5450 καὶ
2763 5395 2824 5448 τὸ
2854 5394 3000 5459 ξένον
3057 5391 3150 5444 τοῦ
3213 5389 3506 5459 ἀσπασμοῦ
3557 5405 3696 5441 κατ-

2117 5492 2432 5561 επλήττετο.
2464 5490 2530 5544 Τί
2553 5489 2646 5544 οὖν
2682 5490 2710 5544 ό
2747 5488 3013 5557 ἀγγελος;
3048 5481 3158 5555 ἆρα
3206 5484 3500 5538 κατέλιπεν
3524 5484 3695 5553 αὐτὴν

2117 5583 2236 5644 ταῖς
2265 5579 2635 5644 ἀντισπώσαις
2662 5579 2923 5642 διανοίαις
2979 5574 3371 5648 ταράσσεσθαι,
3429 5573 3526 5627 καὶ
3571 5577 3697 5636 ταῖς

2118 5673 2330 5744 κύμασι
2354 5673 2462 5729 τῶν
2487 5669 3219 5752 ἀποριῶναλυδωνίζεσθαις
3243 5663 3334 5722 καί
3359 5665 3479 5732 πῶς
3507 5665 3574 5721 ἂν
3593 5664 3689 5720 τοῦ
