3904 6218
279 203 418 272 1217

1472 204 1940 269 FRAGMENTA
1972 204 2055 266 IN
2088 206 2366 270 LUCAM.

3425 203 3562 272 1218

274 317 700 390 προστάγματος
720 316 781 372 οὐ
808 316 1011 389 φαῦλος
1035 314 1314 390 ὑπηρέτης
1336 316 1603 389 ἠλέγχετο
1624 336 1639 384 ;
1663 318 1780 382 πῶς
1805 316 1864 371 δὲ

1980 326 2055 371 est
2079 317 2102 357 9
2132 318 2411 388 quomodo
2438 330 2629 388 poenas
2662 332 2774 373 nou
2806 316 2957 388 justo
3009 315 3213 381 subiit,
3262 320 3408 388 quod
3450 321 3561 373 vir-

272 410 430 474 δίκας
447 410 550 464 οὐκ
571 411 638 465 ἂν
658 409 883 473 δικαίως
902 409 1311 480 εἰσεπράττετο,
1344 410 1428 464 ὅτι
1461 411 1559 481 τὴν
1588 410 1862 480 παρθένον

275 502 625 574 θορυϐεῖσθαι
647 503 940 569 κατέλιπε;
962 503 1051 557 διὰ
1080 502 1141 555 τὸ
1171 503 1245 572 μὴ
1269 496 1412 557 εἶναι
1438 504 1617 557 τοίνυν
1637 501 1864 555 δυνατὸν

275 595 685 666 θορυϐουμένην
721 594 814 648 καὶ
853 594 1219 665 φοϐουμένην,
1262 594 1505 665 ἀκριϐῶς
1537 594 1761 647 ἀκούειν
1794 593 1865 647 τά

273 685 669 757 λεχθησόμενα,
699 686 787 740 διὰ
811 686 967 740 τοῦτο
992 686 1108 739 λύει
1142 686 1359 759 πρῶτον
1383 687 1554 757 αὐτῆς
1565 687 1657 740 τὸν
1675 687 1862 756 φόϐον.

348 778 596 831 Φωτίου.
633 777 747 831 Ούκ
775 776 993 848 ἀπάτην
1020 773 1184 848 ἦλθον
1203 778 1436 850 λαλῆσαί
1470 796 1576 845 σοι,
1605 779 1742 833 ἀλλὰ
1767 779 1865 847 τῆς

277 868 495 938 ἀπάτης
535 868 817 939 ἀναίρεσιν
870 868 1291 941 εἰσηγήσασθαι.
1351 870 1427 923 Οὐ
1460 869 1733 941 πλανῆσαι
1760 888 1865 926 πα-

279 960 573 1032 ραγέγονα,
601 961 702 1031 τῆς
729 961 785 1014 δὲ
810 961 1016 1029 πλάνης
1049 962 1320 1032 λύτρωσιν
1347 964 1728 1035 ἐγγυήσασθαι
1748 981 1763 995 ο
1798 965 1858 1017 ού

280 1051 511 1123 συλῆσαί
541 1069 625 1105 σοι
652 1052 751 1123 τὴν
782 1052 981 1107 ἄσυλον
1014 1054 1310 1126 παρθενίαν
1352 1055 1704 1126 ἐπεδήμησα,
1732 1056 1866 1111 ἀλλά

277 1143 373 1197 τοῦ
396 1144 636 1198 πλάστου
659 1145 758 1215 τῆς
788 1144 1085 1216 παρθενίας
1115 1148 1211 1200 καὶ
1236 1147 1476 1217 φύλακος
1506 1150 1605 1219 τὴν
1642 1148 1862 1218 ἐνοίκη-

279 1245 366 1283 σιν
397 1228 852 1300 εύαγγελίσασθαι
878 1248 893 1263 ⁶
922 1234 1020 1288 ούκ
1045 1233 1221 1305 ὅφεώς
1249 1238 1365 1304 εἰμι
1392 1236 1657 1307 πονηρίας
1686 1237 1868 1291 διάκο-

278 1336 392 1383 νος,
424 1320 560 1373 ἀλλά
605 1320 698 1374 τοῦ
757 1324 1166 1392 καταργοῦντος
1225 1324 1316 1377 τὸν
1362 1326 1488 1393 ὅφιν
1542 1326 1864 1388 ἀπόστολος.

277 1411 690 1481 Νυμφοστόλος,
745 1414 848 1467 οὐκ
902 1413 1186 1478 ἐπίϐουλος
1253 1416 1639 1486 παραγέγονά⁹
1692 1418 1866 1486 χαρᾶς

278 1505 558 1575 πρόξενος,
581 1506 643 1559 ού
670 1504 845 1576 λύπης
863 1506 1172 1577 παραίτιος
1205 1508 1481 1580 σωτηρίας
1506 1509 1865 1578 προάγγελος,

279 1596 385 1649 οὐκ
407 1596 683 1660 ἀπωλείας
706 1597 1028 1668 σύμϐουλος·
1062 1598 1172 1668 ἐγὼ
1195 1602 1307 1663 τοῖς
1328 1601 1717 1671 προστάγμασι
1753 1603 1866 1663 τοῖς

1966 407 2145 476 ginem
2176 407 2387 462 turbari
2426 407 2717 477 permisit?
2763 406 2899 474 Quia
2943 422 3050 462 non
3090 416 3210 461 erat
3240 406 3405 478 igitur
3428 422 3562 480 pos-

1965 496 2127 551 sibile
2186 498 2458 553 turbatam
2524 506 2580 552 et
2629 498 2872 552 territam
2902 499 3097 553 audire
3146 507 3407 554 accurate
3436 514 3563 570 quae

1965 587 2196 645 dicenda
2271 598 2452 655 erant,
2502 591 2625 645 ideo
2680 591 2917 661 primum
2983 592 3105 661 ejus
3166 601 3378 647 metum
3444 593 3561 649 sol-

1964 683 2063 737 vit.

2037 771 2313 829 Vens.’50.
2341 773 2535 829 Pharii.
2565 772 2682 829 Non
2706 773 2956 829 fraudem
2990 775 3110 829 veni
3156 775 3257 830 tibi
3284 775 3556 842 dicturus,

1967 865 2061 921 sed
2090 864 2299 921 fraudis
2331 867 2757 922 destructionem
2788 866 3105 922 edocturus.
3130 865 3249 921 Non
3305 866 3374 921 ad
3401 879 3559 920 erro-

1968 973 2087 1014 rem
2110 960 2256 1025 veni,
2292 960 2385 1015 sed
2412 960 2478 1013 ad
2505 961 2711 1016 erroris
2764 960 3093 1015 solutionem
3145 958 3557 1015 arcessendam.

1968 1048 2089 1105 Non
2124 1051 2382 1106 intactam
2413 1052 2779 1122 virginitatem
2829 1061 3085 1122 rapturus
3110 1050 3262 1116 alfui,
3317 1052 3411 1106 sed
3458 1051 3560 1105 vir-

1968 1143 2212 1214 ginitatis
2236 1144 2478 1199 auctoris
2502 1154 2558 1199 et
2583 1144 2825 1199 custodis
2853 1144 3148 1198 adventum
3177 1143 3553 1197 nuntiaturus.

1968 1237 2089 1292 Non
2138 1239 2405 1306 serpentis
2426 1238 2647 1293 malitiae
2683 1253 2804 1293 sum
2843 1236 3113 1303 minister,
3151 1237 3244 1291 sed
3288 1236 3558 1305 serpentis

1968 1329 2325 1384 destructoris
2364 1330 2665 1401 apostolus.
2692 1328 3017 1398 Nuptiarum
3055 1329 3304 1389 nuntius,
3338 1342 3445 1383 non
3474 1328 3562 1383 in-

1971 1420 2200 1475 sidiator
2234 1420 2427 1477 adsum
2454 1438 2469 1475 :
2500 1421 2689 1490 gratiae
2723 1434 2922 1490 praeco,
2959 1436 3069 1476 non
3100 1421 3307 1476 doloris
3340 1435 3503 1476 causa
3536 1438 3551 1485 ;

1971 1507 2164 1563 salutis
2190 1510 2437 1580 angelus,
2492 1523 2602 1562 non
2630 1508 2955 1578 perditionis
2981 1508 3254 1579 complex.
3306 1508 3416 1578 Ego
3448 1507 3558 1562 Do-

1971 1598 2105 1652 mini
2146 1614 2242 1669 per
2289 1598 2546 1653 mandata
2599 1599 2866 1653 rationem
2926 1607 3074 1653 tuam
3156 1599 3385 1665 sanabo,
3453 1613 3558 1669 ego

278 1690 633 1753 Δεσποτικοῖς
670 1691 799 1754 τοὺς
854 1691 979 1757 σοὺς
1025 1691 1321 1762 λογισμοὺς
1350 1692 1709 1765 θεραπεύσω·
1753 1693 1865 1763 ἐγὼ

1980 1691 2258 1746 mxietatis
2287 1692 2499 1746 vincula
2528 1688 2781 1746 solvam.’

277 1780 409 1844 τοὺς
437 1780 670 1851 δεσμοὺς
700 1781 941 1835 διαλύσω
956 1783 1067 1853 ζτῆς
1094 1784 1353 1854 ἀπορίας.

359 1869 469 1924 Τοῦ
508 1870 717 1925 αὐτοῦ.
751 1872 988 1942 Χάριτός
1018 1874 1134 1927 ἐστι
1170 1874 1321 1936 θείας
1344 1875 1372 1927 ὁ
1410 1873 1725 1946 ἀσπασμὸς,
1753 1876 1868 1930 ἀλλ’

277 1960 345 2014 οὐ
376 1960 590 2029 φύσεως
616 1963 891 2034 ὑπουργός
911 1980 924 1994 ⁸
949 1965 1172 2036 χάριτος
1202 1965 1409 2036 θεῖκῆς,
1458 1967 1560 2021 ούκ
1589 1967 1869 2039 ἀνθρωπί-

278 2071 382 2126 νης
420 2056 715 2127 ἐπιϐουλῆς
737 2072 753 2087 ’
785 2058 1010 2129 χάριτος
1038 2058 1131 2112 τὸν
1164 2057 1504 2131 ἀνθρώπινον
1538 2060 1868 2134 ὑπερπηδώ-

281 2163 387 2217 σης
418 2145 697 2219 λογισμόν.
740 2148 880 2203 Ἀλλ’
911 2150 1042 2203 ὅταν
1087 2150 1248 2221 χάριν
1293 2149 1555 2223 ἀκούσης,
1590 2151 1869 2223 ἄνθρωπε,

283 2238 364 2308 μὴ
400 2239 577 2310 μάτην
606 2240 666 2292 τὸ
685 2240 1021 2311 χάρισματῇ
1057 2242 1322 2313 Παρθένῳ
1378 2243 1751 2313 χορηγηθῆναι
1783 2260 1870 2297 νοο

282 2329 484 2401 μίσῃςο
525 2329 660 2400 μηδὲ
692 2328 1002 2399 φιλοτιμίαν
1019 2330 1263 2385 διάκενον
1283 2329 1344 2385 τὸ
1371 2330 1541 2402 δῶρον
1568 2331 1867 2405 ὑπολάϐῃς.

283 2412 430 2489 Εὗρε
455 2419 564 2490 γὰρ
594 2419 757 2490 χάριν
796 2421 831 2491 ἡ
864 2419 1150 2491 Παρθένος
1184 2422 1337 2491 παρὰ
1376 2420 1515 2492 Θεῷ,
1572 2422 1656 2475 ὅτι
1713 2422 1871 2486 ἀξίαν

282 2512 486 2584 ἑαυτὴν
507 2513 585 2585 τῷ
618 2514 950 2586 Δημιουργῷ
985 2514 1420 2569 κατεσκεύασεν
1449 2516 1532 2568 ὄτι
1579 2514 1658 2586 τῷ
1686 2514 1871 2569 κάλλει

279 2605 385 2672 τῆς
415 2605 633 2674 ἁγνείας
659 2606 758 2677 τὴν
787 2605 989 2676 ἑαυτῆς
1041 2605 1220 2677 ψυχὴν
1273 2607 1579 2677 ὡραῖσασα,
1613 2624 1874 2677 κατοικη-

279 2698 475 2769 τήριον
510 2698 833 2769 ἀξιέραστον
867 2699 1067 2768 ἑαυτὴν
1118 2698 1212 2752 τοῦ
1256 2699 1401 2771 λόγῳ
1446 2702 1573 2764 τοὺς
1608 2701 1871 2772 οὐρανοὺς

284 2789 693 2861 στερεώσαντος
726 2792 1097 2864 ἡτοιμάσατο*
1130 2792 1211 2845 ὅτι
1241 2793 1302 2845 ού
1337 2792 1506 2863 μόνην
1532 2793 1631 2863 τὴν
1665 2793 1874 2864 παρθε-

282 2878 407 2932 νίαν
428 2881 696 2949 ἄχραντον
714 2880 858 2950 διετή
869 2897 1053 2952 ρησεν,
1077 2881 1216 2935 ἀλλά
1227 2898 1289 2949 γε
1317 2882 1410 2934 καὶ
1427 2882 1524 2953 τὴν
1547 2884 1874 2956 προαίρεσιν

2044 1867 2320 1939 Ejusdem.
2351 1868 2552 1925 Gratiae
2582 1870 2780 1925 divinm
2809 1870 3069 1925 Salutatio
3105 1880 3211 1933 est,
3240 1885 3346 1925 non
3373 1877 3558 1924 autem

1970 1968 2178 2015 naturae
2231 1960 2597 2031 obsequium;
2661 1962 2850 2033 gratia:
2879 1962 3098 2027 divinae,
3142 1977 3251 2016 non
3305 1962 3561 2017 humana:

1973 2052 2183 2109 fraudis
2214 2071 2230 2120 ;
2262 2054 2453 2123 gratiae
2492 2054 2797 2109 humanum
2853 2054 3188 2110 intellectum
3222 2053 3557 2124 superantis.

1975 2144 2078 2200 Sed
2104 2160 2230 2200 cum
2262 2144 2493 2215 gratiam
2519 2145 2784 2210 audieris,
2816 2159 2851 2198 0
2888 2146 3074 2209 homo,
3109 2160 3176 2199 ne
3201 2144 3405 2199 frustra
3436 2142 3560 2197 Vir-

1974 2239 2083 2309 gini
2111 2238 2344 2309 gratiam
2379 2238 2523 2293 hanc
2555 2238 2856 2308 prmstitam
2877 2253 2999 2292 esse
3025 2237 3351 2304 arbitreris;
3386 2251 3565 2306 neque

1974 2328 2356 2385 liberalitatem
2413 2327 2579 2383 inane
2619 2329 2822 2381 donum
2871 2342 3121 2382 censeas.
3160 2327 3378 2382 Invenit
3406 2326 3556 2381 enim

1974 2423 2205 2493 gratiam
2248 2420 2412 2493 Virgo
2441 2421 2583 2492 apud
2643 2419 2811 2474 Deum
2846 2439 2861 2488 ;
2905 2421 3059 2490 quod
3117 2436 3177 2476 se
3199 2420 3417 2490 dignam
3453 2420 3564 2475 Deo

1974 2515 2354 2585 comparavit;
2390 2514 2539 2584 quod
2579 2513 2855 2568 castitatis
2881 2512 3292 2583 pulchritudine
3318 2512 3562 2566 animam

1976 2619 2133 2659 suam
2162 2618 2459 2669 exornans,
2481 2602 2704 2673 dignum
2730 2602 3101 2655 habitaculum
3128 2612 3299 2656 semet
3329 2603 3377 2655 ei
3403 2601 3564 2670 cujus

1977 2693 2144 2749 verbo
2206 2693 2327 2747 coeli
2355 2692 2555 2747 ﬁrmati
2610 2700 2741 2747 sunt
2785 2690 3104 2758 disposuit;
3145 2691 3291 2760 quod
3324 2705 3435 2747 non
3477 2706 3567 2747 so-

1977 2788 2090 2842 lum
2129 2788 2500 2859 virginitatem
2538 2786 2856 2841 inviolatam
2887 2786 3150 2852 servavit,
3184 2786 3281 2840 sed
3307 2786 3565 2840 volunta-

1981 2891 2146 2938 tatem
2175 2880 2715 2950 irreprehensibilem
2755 2878 3090 2945 custodivit;
3125 2878 3271 2948 quod
3319 2894 3351 2933 e
3378 2877 3567 2950 pueris

283 2970 589 3040 ἀμόωντον
649 2974 1017 3043 συνετήρησεν
1053 2986 1069 3002 ⁶
1143 2972 1227 3025 ὅτι
1298 2973 1362 3025 ἐκ
1437 2972 1669 3044 βρέφους
1740 2975 1869 3029 καθ-

1984 2988 2014 3026 a
2041 2972 2149 3027 Deo
2180 2973 2518 3028 sanctiﬁcata
2547 2981 2655 3038 est,
2684 2971 2943 3041 templum
2974 2971 3262 3041 spirituale
3307 2988 3416 3027 non
3448 2988 3568 3026 ma-

282 3060 526 3134 ηγιάσθη
554 3062 694 3133 Θεῷ,
722 3063 873 3129 λαὸς
902 3062 1142 3133 ἔμψυχος
1166 3066 1259 3118 καὶ
1292 3065 1587 3129 ἀλάξευτος
1622 3066 1699 3138 τῷ
1723 3068 1878 3137 βασι-

284 3154 373 3206 λεῖ
399 3156 498 3223 τῆς
531 3153 687 3223 δόξης
711 3155 1185 3225 οἰκοδομούμενος,
1221 3156 1311 3211 διὰ
1367 3157 1429 3210 τὸ
1484 3157 1580 3211 τοῦ
1615 3158 1874 3230 σώματος

284 3246 655 3316 ἁκηλίδωτον’
694 3245 783 3300 διὰ
838 3246 897 3299 τὸ
942 3247 1041 3316 τῆς
1094 3247 1393 3318 παρθενίας
1426 3248 1829 3321 ὑπέρλαμπρον
1858 3264 1874 3281 ο

284 3336 377 3390 διὰ
396 3338 456 3390 τὸ
484 3337 583 3407 τῆς
633 3337 855 3407 ἁγνείας
894 3338 1194 3409 ἀμόλυντον
1217 3354 1233 3370 ο
1275 3339 1365 3394 διὰ
1393 3342 1453 3393 τὸ
1481 3340 1580 3411 τῆς
1618 3341 1879 3413 προαιρέ-

288 3447 429 3493 σεως
460 3431 846 3503 καθαρώτατον
870 3447 885 3462 ο
914 3432 1000 3485 διὰ
1020 3432 1192 3502 τὸτῆς
1212 3431 1393 3503 ψυχῆς
1423 3433 1560 3504 πρὸς
1585 3432 1685 3507 τὴν
1699 3435 1878 3507 ἁμαρ-

284 3522 411 3572 τίαν
444 3521 703 3590 ἀρρεπὲς,
727 3522 822 3574 καὶ
843 3521 938 3575 τοῦ
965 3523 1273 3593 κρείττονος
1289 3525 1705 3595 ἀμετάπτωτον.

361 3613 606 3667 Φωτίου.
654 3612 728 3666 Τὸ
764 3613 978 3683 μέλλον,
1003 3612 1079 3677 ὡς
1112 3615 1217 3686 ἤδη
1249 3616 1424 3687 παρὸν
1469 3617 1870 3686 ἀποφαίνεται·

286 3698 546 3776 ἀντϊγάρ
592 3704 710 3771 τοῦ,
769 3704 1032 3772 ποιήσει,
1065 3708 1231 3777 φησὶν
1266 3708 1581 3777 ἐποίησεν,
1637 3709 1714 3775 ὡς
1770 3713 1871 3784 ἥδη

288 3798 633 3867 κατορθωθὲν
664 3799 759 3852 καὶ
776 3799 1070 3869 γενόμενον
1108 3800 1210 3869 τῆς
1242 3800 1433 3864 αὐτοῦ,
1462 3802 1618 3872 φησὶ,
1667 3806 1873 3874 χειρὸς,

286 3888 391 3941 οὐκ
414 3887 707 3957 ἀνθρώπου
740 3889 802 3941 τὸ
853 3886 1015 3958 ἔργον
1038 3904 1051 3916 ·
1095 3887 1382 3953 Ἐποίησε
1420 3887 1661 3956 κράτος,
1692 3889 1752 3941 οὐ
1787 3888 1874 3942 διὰ

286 3980 570 4046 Μωῦσὲως
604 3980 678 4052 (1)
705 3981 780 4044 ὡς
802 3981 972 4035 πάλαι
994 3981 1088 4033 ἐπὶ
1114 3982 1243 4044 τοὺς
1271 3980 1619 4048 Αἰγυπτίους·
1646 3980 1768 4033 οὐδὲ
1789 3980 1876 4035 διά

287 4074 467 4145 Ἰησοῦ
495 4073 589 4127 τοῦ
621 4075 801 4145 Ναυῆ,
838 4075 914 4138 ὠς
969 4075 1091 4128 τότε
1134 4072 1518 4143 Ἰεριχούντεια
1568 4073 1724 4144 τείχη
1771 4090 1873 4127 κα-

285 4166 521 4221 τασείων
553 4167 789 4239 περιόδῳ
814 4167 1003 4238 ἱερέων
1028 4167 1123 4220 κα)⁵
1151 4166 1469 4235 σαλπίγγων
1488 4167 1596 4238 ἠχῇ
1620 4185 1631 4197 ·
1656 4165 1779 4219 οὐδὲ
1804 4165 1873 4218 δι’

286 4259 548 4327 ἀγγέλου,
571 4258 646 4322 ὡς
677 4259 838 4329 ἡνίκα
861 4258 959 4321 τὰς
1008 4257 1202 4311 ἑκατὸν
1245 4257 1573 4327 ὀγδοήκοντα
1599 4257 1759 4309 πέντε
1788 4275 1871 4327 χι-

1981 3063 2265 3119 nut‘actum
2296 3064 2413 3135 regi
2456 3063 2643 3135 gloriae
2688 3062 3072 3131 habitandum,
3110 3072 3333 3134 propter
3362 3078 3566 3134 corpo-

1980 3155 2057 3211 ris
2094 3156 2411 3225 puritatem,
2469 3163 2691 3226 propter
2731 3154 3064 3224 virginitatis
3107 3155 3299 3220 decus,
3341 3166 3569 3226 propter

1978 3246 2250 3302 castitatis
2294 3246 2687 3316 integritatem,
2742 3252 2966 3315 propter
3010 3244 3306 3300 voluntatis
3342 3244 3567 3301 mundi-

1981 3339 2132 3407 tiam,
2167 3348 2392 3410 prOpter
2415 3338 2611 3394 animae
2654 3345 2844 3394 contra
2889 3347 3176 3407 peccatum
3224 3337 3567 3403 ﬁrmitatem,

1978 3441 2032 3487 et
2059 3432 2113 3486 in
2144 3432 2289 3489 bono
2317 3431 2708 3487 constantiam.

2047 3522 2214 3579 Vens.
2248 3523 2338 3580 49.
2369 3524 2568 3579 Pharii.
2604 3523 2895 3592 Futurum,
2924 3533 2985 3579 ut
3036 3523 3147 3594 iam
3197 3538 3439 3594 praesens
3469 3537 3569 3593 ap-

1978 3628 2152 3689 paret.
2182 3617 2320 3673 Nam
2370 3636 2471 3691 pro
2526 3620 2709 3687 faciet,
2736 3620 2889 3687 dicit,
2926 3619 3069 3690 fecit,
3129 3617 3289 3688 quasi
3316 3615 3430 3685 jam
3480 3616 3567 3671 fa-

1977 3720 2128 3765 ctum
2165 3719 2219 3767 et
2246 3710 2548 3781 perfectum
2582 3726 2777 3767 manus
2794 3711 2935 3781 ejus,
2969 3725 3077 3766 non
3105 3710 3346 3764 hominis
3399 3723 3562 3778 opus.

1983 3800 2131 3857 Fecit
2158 3804 2469 3872 potentiam,
2520 3818 2628 3857 non
2678 3819 2775 3873 per
2804 3804 3022 3873 Moysen
3057 3813 3116 3857 ut
3147 3802 3277 3856 olim
3314 3802 3369 3856 in
3396 3801 3568 3873 Egy-

1976 3898 2147 3967 ptios;
2179 3910 2359 3966 neque
2394 3910 2490 3964 per
2512 3894 2641 3950 Jesu
2691 3896 2863 3949 tilium
2890 3893 3056 3960 Nave,
3089 3903 3149 3949 ut
3183 3905 3312 3949 tunc
3340 3891 3563 3948 Jericbo

1978 3989 2181 4045 mtenia
2236 3987 2523 4044 excutiens
2594 4002 2693 4057 per
2748 3989 3100 4042 sacerdotum
3152 3986 3447 4042 circuitum
3510 3996 3568 4041 et

1979 4081 2233 4135 tubarum
2270 4094 2507 4145 sonum;
2557 4093 2735 4148 neque
2764 4093 2859 4148 per
2898 4078 3173 4148 angelum,
3235 4084 3295 4131 ut
3342 4076 3563 4148 quando

1977 4176 2192 4223 centum
2227 4168 2471 4237 quinque
2498 4175 2553 4221 et
2580 4167 2853 4236 octoginta
2885 4167 3053 4219 millia
3080 4166 3320 4219 hostium
3353 4176 3564 4220 macta-

1977 4255 2083 4320 vit;
2118 4268 2292 4325 neque
2333 4252 2502 4307 alium
2531 4253 2793 4323 aliquem.
2842 4253 2944 4306 Sed
2977 4268 3072 4322 per
3101 4254 3425 4322 quodnam?
3468 4269 3566 4323 per

285 4350 476 4412 λιάδας
513 4349 926 4419 κατεστρώννυε
960 4349 1067 4401 τῶν
1098 4348 1376 4418 πολεμίων
1400 4365 1413 4378 ·
1459 4348 1581 4401 οὐδὲ
1614 4349 1680 4402 δι’
1712 4348 1869 4401 ἄλλου

1980 4357 2140 4398 suum
2171 4340 2449 4411 proprium
2481 4340 2787 4396 brachium.
2828 4339 3120 4394 Brachium
3144 4351 3328 4395 autem
3359 4341 3560 4402 Patris,

283 4442 454 4505 τινός·
488 4440 624 4495 ἀλλὰ
662 4441 749 4494 διὰ
774 4442 919 4504 τίνος
945 4459 960 4507 ;
990 4440 1058 4495 δι’
1084 4440 1248 4494 αὑτοῦ
1274 4439 1367 4494 τοῦ
1404 4441 1607 4494 οίκείου
1639 4440 1865 4511 βραχίο-

284 4551 397 4597 νος.
422 4532 671 4604 Βραχίων
696 4532 754 4586 δὲ
782 4532 877 4584 τοῦ
924 4531 1159 4603 Πατρὸς,
1188 4532 1217 4584 ὁ
1236 4530 1383 4594 Υίόςο
1422 4532 1565 4585 κατὰ
1594 4532 1676 4596 τὸ,
1695 4532 1868 4588 Ἐλυ-

283 4625 494 4693 τρώσω
519 4625 589 4679 ἐν
603 4622 892 4694 βραχίονι
926 4637 1045 4678 σου
1093 4623 1201 4676 τὸν
1227 4623 1383 4677 λαόν
1424 4637 1564 4678 σου.
1605 4623 1682 4676 Δι’
1702 4623 1867 4677 αύτοῠ

284 4714 383 4775 οὖν
408 4720 564 4789 νίκην
589 4717 908 4789 εἰργάσατο,
943 4715 1039 4770 καὶ
1081 4719 1341 4786 τροπαῖον
1369 4716 1566 4787 ἔστησε
1587 4716 1731 4772 κατὰ
1762 4716 1871 4770 τῶν

287 4811 458 4866 πάλαι
484 4810 893 4882 τυραννούντων
939 4807 1051 4863 τῶν
1075 4808 1310 4881 ἐχθρῶν.

367 4903 478 4958 Τοῦ
506 4903 714 4957 αὐτοῦ.
760 4902 1291 4972 Κατετροπώσατο,
1340 4903 1526 4975 φησὶν,
1563 4902 1664 4956 οὐκ
1708 4903 1873 4971 Αἰγυ-

286 4996 556 5066 πτίους,ἢ
583 4994 905 5065 Ἀσσυρίους
929 4994 964 5065 ἢ
986 4994 1183 5047 τόδετὸ
1205 4994 1487 5066 πολέμιον,
1518 4995 1654 5049 ἀλλά
1693 4995 1873 5048 πάντα

285 5088 549 5157 λογισμὸν
566 5089 919 5159 ὑπερήφανον
950 5088 1199 5142 τουτέστι
1237 5087 1313 5160 μὴ
1343 5089 1730 5144 ὑποκύπτοντα
1776 5086 1874 5141 καὶ

288 5178 695 5251 πειθαρχοῦντα
732 5181 801 5251 τῇ
842 5178 1115 5252 παρουσίᾳ
1164 5180 1352 5235 αὐτοῦ,
1406 5179 1733 5233 Διεσκέδασε
1776 5178 1871 5233 καὶ

288 5271 781 5344 σαθράςὰπήλεγξε
806 5273 904 5335 τὰς
952 5272 1334 5345 ὑπερηφάνους
1348 5271 1586 5336 διανοίας
1606 5271 1706 5341 τῆς
1735 5288 1873 5342 καρ-

285 5368 407 5431 δίας
433 5367 636 5434 αύτῶν,
656 5370 721 5431 ἀς
736 5366 895 5439 ἔσχον
912 5369 991 5432 είς
1007 5368 1068 5421 τὸ
1099 5366 1177 5440 μὴ
1204 5363 1493 5420 πιστεῦσαι
1512 5364 1608 5417 καὶ
1628 5362 1867 5433 φοϐηθῆ-

285 5477 380 5513 ναι
411 5458 936 5531 αύτδν,διελίκμησε
961 5459 1059 5524 τὰς
1082 5457 1463 5530 ὑπερηφάνους
1503 5455 1614 5509 τῶν
1654 5454 1730 5527 μὴ
1776 5472 1870 5508 πι-

1972 4432 2181 4502 Filius;
2208 4433 2508 4489 secundum
2541 4432 2688 4504 quod
2713 4432 2914 4486 dicitur
2934 4450 2948 4486 :
2971 4429 3235 4485 Liberaui
3263 4432 3318 4485 in
3346 4432 3563 4485 brachio

1975 4538 2064 4582 tuo
2097 4526 2347 4597 populum
2377 4536 2547 4581 tuum.
2584 4524 2687 4581 Per
2719 4525 2866 4579 hunc
2921 4523 3089 4595 igitur
3121 4523 3403 4578 victoriam
3429 4524 3561 4579 ade-

1974 4630 2100 4691 ptus
2128 4631 2232 4686 est,
2284 4632 2339 4679 et
2400 4629 2666 4692 tr0paaum
2703 4620 2898 4675 statuit
2933 4629 3123 4676 contra
3154 4618 3274 4674 illos
3308 4618 3403 4689 qui
3430 4619 3562 4672 olim

1974 4715 2422 4783 dominabantur,
2453 4714 2730 4770 inimicos.

2050 4896 2326 4966 Ejusdem.
2366 4895 2646 4965 Dispersit,
2674 4902 2736 4948 ut
2765 4892 3031 4962 loquitur,
3092 4904 3199 4943 uou
3250 4885 3562 4957 lEgyptios,

1976 4990 2361 5061 autAssyrios,
2394 4996 2490 5043 aut
2527 4987 2736 5042 similes
2773 4986 2979 5049 hostes,
3014 4981 3109 5041 sed
3149 4996 3368 5035 onmem
3407 4978 3565 5034 intel-

1977 5082 2177 5138 lectum
2233 5097 2293 5137 se
2340 5080 2718 5145 extollentem,
2766 5076 2819 5132 id
2865 5088 2949 5132 est
2977 5091 3085 5130 non
3118 5074 3469 5129 inclinantem
3500 5087 3561 5125 se

1978 5191 2080 5231 nec
2105 5174 2514 5231 submittcntem
2554 5185 2739 5227 coram
2771 5170 2911 5239 ipso.
2942 5167 3213 5238 Dispersit
3242 5174 3296 5219 et
3322 5166 3561 5219 caducas

1979 5282 2102 5323 esse
2146 5265 2384 5322 convicit
2429 5263 2693 5334 superbas
2722 5260 3083 5332 cogitationes
3127 5257 3309 5313 cordis
3330 5268 3555 5321 eorum,

1975 5374 2113 5429 quas
2165 5358 2472 5412 habuerunt
2523 5369 2648 5410 cum
2690 5368 2801 5409 non
2853 5352 3210 5408 crediderunt
3258 5359 3359 5401 nec
3403 5347 3559 5400 illum

1978 5460 2312 5507 metuerunt.
2376 5450 2644 5521 Dispersit
2716 5446 2983 5519 superbas
3054 5460 3168 5500 non
3220 5441 3561 5500 credentium

1837 5566 2067 5626 ΝὓΤΕ.

368 5670 450 5741 (ι)
483 5648 981 5727 ϐοὴίεῖνοιιιηιεὴ
1004 5669 1238 5740 primum
1267 5668 1455 5741 primae
1496 5667 1749 5724 editionis
1772 5681 1825 5739 p.
1861 5666 1989 5723 I90.

618 5763 888 5823 Ρηιιοι.
935 5762 1051 5822 Gn.
1101 5761 1200 5820 Cl.
1286 5814 1289 5815 ν

3156 5745 3234 5802 39
