3978 6218
405 273 546 340 1219

1607 263 1863 327 PHOTII
1899 259 2406 322 PATRIARCH/E
2445 259 2550 320 CP.

3521 260 3662 326 1220

398 394 631 447 mentes,
691 397 790 437 nec
850 379 958 436 illis
1007 378 1257 434 umbram
1304 375 1680 434 excusationis
1728 374 1974 442 reliquit.

2090 385 2210 422 στευ
2219 367 2427 422 σάντων
2443 368 2702 434 διανοίας,
2722 368 2841 422 οὐδὲ
2856 368 3014 423 σκιάν
3037 369 3220 432 αὐτοῖς
3236 366 3515 422 ὑπολιπὼν
3535 371 3672 424 dno-

397 475 534 530 Nam
565 472 787 545 proprio
838 470 1025 534 corde,
1052 485 1176 524 cum
1226 469 1354 524 talia
1389 468 1653 522 haberent
1683 464 1750 520 de
1776 463 1980 535 quibus

396 567 724 622 erubescere
755 563 1024 619 debebant
1076 561 1242 616 inﬂati
1275 571 1425 624 sunt,
1475 565 1529 614 et
1573 558 1812 613 fructum
1857 571 1982 625 pro-

397 659 529 730 prias
585 654 1087 720 mentislethalem,
1116 653 1556 708 incredulitatem
1602 649 1980 720 praebuerunt.

470 834 747 890 Vens.3‘2.
802 829 1006 884 Photii.
1054 825 1126 882 Ut
1178 828 1364 888 homo,
1421 824 1684 893 exponit;
1750 839 1872 878 nam
1925 833 1984 878 ut

400 929 565 991 Deus,
600 940 764 996 supra
795 921 965 1004 quod
1001 933 1256 990 magnum
1286 924 1390 971 est.

471 1017 745 1087 Ejusdem.
775 1012 1000 1083 Magnus
1023 1011 1145 1074 erit,
1177 1007 1324 1077 quod
1350 1008 1464 1076 jam
1491 1015 1630 1071 erat,
1665 1007 1768 1062 etsi
1804 1007 1986 1061 carnis

400 1107 764 1164 humilitatem
803 1102 998 1157 induit.
1031 1098 1150 1153 Non
1201 1099 1345 1154 enim
1379 1097 1738 1152 humanitatis
1770 1112 1988 1152 assum-

401 1201 538 1270 ptio,
585 1197 1016 1268 magnitudinem
1053 1191 1334 1246 imminuit
1372 1190 1709 1257 divinitatis;
1752 1189 1846 1245 sed
1888 1205 1989 1260 po-

403 1295 514 1348 tius
555 1293 820 1347 attollitur
865 1291 930 1344 ad
963 1290 1111 1343 illam
1144 1287 1502 1342 humanitatis
1529 1288 1831 1342 humilitas.
1871 1281 1986 1340 Etsi

403 1383 571 1452 igitur
600 1383 668 1436 ad
696 1396 915 1436 carnem
945 1379 1216 1434 demissus
1252 1389 1357 1443 est,
1390 1377 1466 1431 ita
1523 1385 1706 1432 tamen
1748 1380 1846 1432 erit
1875 1393 1988 1430 ma-

396 1490 552 1542 gnus,
576 1484 635 1527 ut
679 1480 819 1531 erat.

475 1563 752 1634 Ejusdem.
797 1563 937 1632 Non,
994 1565 1214 1618 nomine
1264 1571 1318 1618 tu
1364 1559 1704 1634 appellabis,
1753 1558 1847 1613 sed
1899 1557 1989 1609 ille

396 1657 708 1722 vocabitur;
753 1673 783 1713 a
823 1675 956 1728 quo,
989 1673 1058 1711 an
1091 1657 1371 1711 evidenter
1411 1670 1504 1724 per
1533 1652 1985 1709 consubstantia-

2083 460 2288 529 λογίας.
2346 458 2479 512 Ἀπὸ
2518 459 2629 528 γὰρ
2672 460 2878 524 οἰκείας
2929 459 3155 531 καρδίας
3205 460 3381 512 καίτοι
3437 459 3671 513 τοσαῦτα

2083 551 2298 623 ἔχοντες
2341 550 2410 604 τὰ
2449 549 2802 604 δυσωποῦντα
2842 553 3061 618 αὐτοὺς,
3112 551 3528 620 ἐφυσιώθησάν·
3573 557 3669 606 καὶ

2085 644 2299 715 καρπὸν
2322 641 2567 714 ὀλέθριον
2586 644 2687 715 τῆς
2715 642 2851 706 ἰδίας
2872 641 3073 714 ψυχῆς,
3100 643 3199 714 τὴν
3219 643 3480 698 ἀπιστίαν
3528 648 3669 714 παρ-

2089 738 2218 804 έστη
2231 752 2350 790 σαν.

2157 827 2241 900 [Ρ.
2275 832 2360 884 Π.
2400 828 2477 903 a.]
2517 825 2764 884 Φωτίου.
2806 829 2878 881 Τὸ
2919 827 3258 901 ἀνθρώπινον
3325 828 3664 884 ὑποϐάλλωνο

2085 921 2158 985 ὡς
2176 921 2284 992 γὰρ
2309 921 2461 985 Θεὸς,
2487 922 2581 975 καὶ
2613 920 2753 993 ὑπὲρ
2778 921 2840 973 τὺ
2869 920 3030 990 μέγα.

2164 1014 2274 1068 Τοῦ
2299 1013 2504 1067 αὑτοῦ.
2528 1013 2605 1066 ’Ἠ
2627 1011 2815 1082 μέγας
2838 1013 3009 1066 ἐσται
3036 1013 3174 1083 ὅπερ
3217 1008 3304 1085 ἦν,
3339 1014 3389 1067 εί
3431 1015 3529 1070 καί⁷
3566 1017 3668 1088 τῆν

2090 1107 2400 1178 βραχύτητα
2428 1106 2530 1176 τῆς
2569 1105 2769 1177 σαρκὸς
2802 1104 3112 1159 ὑποδύεται.
3144 1105 3280 1159 Οὐδὲ
3321 1103 3458 1176 γὰρ,
3483 1109 3591 1162 οὐδ’
3626 1110 3662 1180 η

2087 1200 2184 1264 τῆς
2210 1197 2631 1268 άνθρωπότητος
2675 1196 3001 1268 πρόσληψις,
3041 1197 3102 1250 τὸ
3136 1195 3364 1268 μέγεθος
3395 1215 3666 1270 κατασμι-

2089 1290 2280 1360 κρύνει
2310 1290 2408 1360 τῆς
2441 1289 2714 1358 θεότητος,
2750 1288 2885 1342 ἀλλὰ
2934 1288 3261 1358 συνυψοῦται
3292 1291 3494 1360 μᾶλλον
3525 1293 3665 1364 αὐτῇ

2088 1384 2148 1436 τὸ
2169 1382 2424 1436 ταπεινὸν
2464 1382 2564 1452 τῆς
2604 1381 3046 1452 ἀνθρωπότητος-
3085 1381 3204 1436 Κᾶν
3235 1383 3365 1451 γοῦν
3407 1383 3664 1455 πτωχεύῃ

2088 1475 2184 1546 τὴν
2209 1476 2409 1545 σάρκα,
2434 1474 2568 1527 ἀλλὰ
2599 1474 2692 1528 καὶ
2728 1473 2916 1540 οὕτως
2950 1474 3139 1544 μέγας
3159 1473 3331 1529 ἔσται
3361 1475 3551 1548 ὥσπερ
3574 1473 3664 1549 ἦν.

2165 1567 2278 1621 Τοῦ
2315 1565 2522 1620 αὐτοῦ.
2558 1566 2757 1619 Οὐκέτι
2803 1567 2868 1619 σὺ
2907 1566 3007 1636 τὴν
3040 1567 3234 1636 κλῆσιν
3275 1567 3668 1638 ὀνοματοθετή-

2092 1676 2223 1725 σεις,
2250 1657 2366 1712 ἀλλ’
2405 1656 2610 1720 ἐκεῖνος
2640 1657 3032 1725 κληθήσεται.
3064 1657 3220 1729 Παρὰ
3246 1658 3412 1722 τίνος,
3444 1659 3477 1729 ῆ
3506 1659 3666 1732 δηλο-

397 1751 501 1804 lem
527 1749 788 1804 Patrem?
840 1750 1010 1805 Nemo
1059 1751 1196 1804 enim
1245 1749 1384 1803 novit
1415 1746 1619 1801 Filium
1648 1747 1752 1800 nisi
1780 1745 1976 1807 Pater;

2090 1754 2196 1806 νότι
2232 1750 2385 1820 παρὰ
2408 1748 2502 1802 τοῦ
2549 1748 2839 1820 ὀμοουσίου
2875 1746 3124 1818 ΙΙατρός;
3153 1747 3349 1813 οὐδεὶς
3386 1750 3496 1820 τὰρ
3539 1749 3666 1805 οἶδε

395 1844 449 1898 in
483 1860 592 1914 quo
623 1852 806 1897 autem
859 1851 943 1897 est
974 1857 1099 1895 vera
1151 1840 1393 1912 c0gnitio
1424 1841 1617 1909 geniti,
1651 1840 1741 1894 hic
1774 1853 1971 1892 nomen

394 1935 728 2006 imposuisse
781 1935 1116 1990 conveniens
1162 1934 1254 2004 qui
1310 1935 1582 1996 credatur,
1638 1933 1836 2002 (lignus
1868 1939 1974 1984 est.

393 2025 690 2096 Propterea
737 2025 870 2079 dicit
906 2045 917 2077 :
959 2025 1060 2079 llic
1108 2036 1183 2080 est
1215 2026 1391 2081 Filius
1424 2042 1569 2080 meus
1603 2025 1846 2077 dilectus.
1882 2019 1979 2074 Est

395 2117 561 2188 igitur
592 2132 830 2186 semper,
867 2119 966 2172 etsi
1016 2134 1164 2173 nunc
1219 2133 1422 2172 nomen
1481 2116 1559 2170 illi
1616 2116 1680 2169 ad
1730 2122 1975 2167 nostram

395 2207 806 2261 instructionem
837 2207 1162 2261 declaratur.
1179 2207 1305 2261 ideo
1333 2204 1625 2270 vocabitur,
1645 2205 1842 2274 inquit,
1868 2219 1975 2257 non

395 2300 507 2352 iiet.
543 2295 672 2352 Erat
732 2298 877 2352 enim
935 2306 1060 2352 ante
1105 2297 1301 2352 saecula
1351 2295 1837 2352 consubstantialis
1871 2308 1976 2348 una

394 2406 519 2443 cum
579 2387 740 2443 Patre
790 2404 1047 2459 regnans.
1083 2387 1238 2443 llunc
1269 2387 1565 2457 concipies,
1597 2386 1762 2454 hujus
1802 2393 1977 2438 mater

393 2482 738 2547 ostenderis;
807 2483 951 2536 hunc
1017 2491 1146 2536 tuus
1196 2481 1474 2551 virgineus
1534 2487 1726 2534 uterus
1762 2477 1971 2546 recipit,

391 2590 552 2645 quem
594 2575 860 2630 ccelorum
892 2574 1235 2629 immensitas
1265 2588 1373 2627 non
1403 2572 1659 2628 continet.

461 2750 661 2806 Photii.
695 2749 798 2805 Sed
825 2750 955 2821 quid
981 2749 1046 2804 ad
1075 2750 1177 2805 ista
1227 2749 1575 2804 sanctissima
1621 2745 1822 2818 Virgo?
1847 2759 1975 2799 num

390 2844 572 2900 verbis
623 2843 910 2910 mollitam,
945 2840 1040 2897 aut
1083 2842 1385 2897 intellectui
1439 2841 1688 2896 auditum
1740 2841 1975 2894 libenter

389 2937 719 3008 praebentem
748 2936 885 2991 dixit
917 2935 1230 2990 inconsulto
1266 2946 1554 2990 assensum
1591 2947 1650 2988 se
1675 2930 1978 3003 praestare?

389 3030 638 3085 minime.

459 3212 590 3268 CAP.
624 3211 688 3266 Il.
726 3211 891 3268 Vens.
939 3211 1029 3268 '54.
1061 3207 1262 3265 Photii.
1327 3209 1474 3275 Scio,
1528 3207 1728 3277 inquit,
1766 3215 1970 3275 aperte,

392 3315 453 3360 ut
480 3314 829 3375 conceptum,
885 3305 1336 3374 praagnutionem,
1420 3311 1474 3356 et
1511 3299 1710 3354 Filium
1774 3299 1984 3353 mihiet

388 3403 606 3465 partum
694 3410 945 3449 enarras.
1021 3394 1127 3449 Sed
1189 3395 1362 3447 multo
1433 3392 1608 3463 magis
1652 3393 1980 3445 anxietatem

391 3489 621 3550 auxisti,
676 3503 709 3541 o
743 3487 987 3558 Angele;
1041 3498 1230 3556 partus
1262 3487 1408 3540 enim
1456 3485 1635 3539 omnis
1662 3485 1765 3538 viri
1795 3485 1981 3554 cogni-

388 3582 540 3636 tione
601 3590 970 3650 comparatur.
1037 3577 1154 3634 Mea
1215 3590 1398 3634 autem
1449 3579 1690 3633 virorum
1722 3579 1986 3633 societate

391 3671 771 3736 abhorrentia,
814 3677 921 3726 nOn
957 3671 1087 3724 mihi
1128 3671 1364 3741 primum
1394 3669 1810 3740 intelligentiam
1841 3685 1984 3739 prte-

391 3773 502 3820 stat
536 3764 701 3835 hujus
719 3764 1092 3834 conceptionis
1119 3780 1134 3830 ;
1157 3763 1436 3834 quomodo
1461 3778 1592 3831 ergo
1615 3765 1720 3817 erit
1743 3765 1980 3833 genitus,

387 3859 550 3927 cujus
579 3857 793 3926 genitor
823 3871 931 3911 non
964 3855 1360 3927 cognoscitur?

463 3948 666 4002 Photii.
725 3947 830 4013 Qui
886 3948 1032 4002 enim
1085 3948 1390 4002 sterilitatis
1436 3949 1716 4003 vinculum
1785 3947 1980 4012 solvit,

391 4042 511 4110 ipse
541 4049 758 4110 partum
793 4039 869 4093 illi
901 4049 1080 4110 potest
1109 4045 1386 4110 pra'slare,
1417 4042 1622 4110 absque
1653 4041 1756 4094 viri
1780 4055 1982 4109 coope-

388 4133 621 4186 ratione.
654 4131 757 4198 Qui
791 4134 937 4186 enim
972 4133 1230 4187 siccatam
1279 4132 1519 4195 radicem
1553 4134 1608 4188 in
1641 4131 1980 4188 fructiferam

391 4224 635 4296 stipitem
679 4233 976 4288 restaurat,
1009 4226 1098 4280 hic
1128 4241 1348 4295 quoque
1375 4225 1495 4279 sine
1526 4227 1755 4280 humore
1789 4240 1977 4295 agrum

390 4317 444 4370 in
498 4315 788 4371 fecundum
841 4331 1032 4370 arvum
1081 4315 1156 4369 illi
1189 4317 1494 4370 renovabit.
1531 4315 1628 4369 Sin
1668 4325 1848 4369 autem
1881 4330 1978 4368 vo-

2081 1845 2189 1897 τόν
2227 1842 2387 1909 Υίὸν,
2415 1844 2467 1896 εί
2487 1841 2574 1910 μὴ
2616 1843 2650 1896 ό
2680 1840 2884 1909 Πατήρ
2904 1857 2919 1871 ο
2965 1841 3097 1911 παρ’
3126 1835 3186 1894 οὗ
3220 1842 3277 1896 δὲ
3307 1842 3507 1910 γνῶσις
3535 1843 3665 1915 άλη-

2079 1935 2176 2006 θὴς
2205 1933 2301 1987 τοῦ
2330 1935 2691 2004 γεννήματος,
2712 1925 2866 1996 οὗτος
2898 1932 3164 1986 ἐπιθεῖναι
3195 1933 3290 1986 καὶ
3315 1932 3508 2002 κλῆσιν
3535 1949 3665 1987 κατ-

2078 2027 2309 2098 άλληλον
2357 2024 2703 2091 ἀξιόπιστοςο
2752 2024 2832 2078 διὸ
2878 2025 2973 2078 καί
3025 2041 3223 2094 φησιν·
3260 2020 3449 2090 Οὗτός
3471 2024 3601 2078 ἐστι
3630 2028 3665 2079 ὀ

2078 2119 2209 2185 Υἱός
2230 2136 2350 2188 μου
2391 2120 2423 2172 ό
2451 2118 2778 2184 ἀγαπητός.
2807 2117 2996 2169 Ἔστιν
3031 2111 3122 2170 οὖν
3163 2117 3271 2181 ἀεὶ,
3305 2119 3353 2170 εί
3393 2118 3488 2170 καὶ
3511 2117 3604 2170 νῦν
3628 2119 3663 2190 ἠ

2079 2213 2272 2282 κλῆσις
2299 2209 2448 2279 αὐτῷ
2471 2210 2549 2272 είς
2577 2208 2851 2278 ἡμετέραν
2874 2206 3222 2260 διδασκαλίαν
3245 2207 3658 2277 πεφανέρωται.

2080 2304 2176 2358 Διὰ
2220 2301 2381 2355 τοῦτο
2429 2302 2518 2354 καὶ
2568 2298 2961 2367 κληθήσεται,
3015 2296 3204 2370 φησὶν,
3254 2299 3314 2353 οὐ
3351 2300 3662 2368 γενήσεται.

2077 2391 2186 2450 Ἧν
2220 2394 2328 2463 γὰρ
2357 2395 2451 2447 καὶ
2485 2393 2592 2463 πρὸ
2618 2391 2830 2446 αἰώνων
2861 2391 2939 2462 τῷ
2969 2391 3242 2463 ὁμοουσίῳ
3299 2391 3666 2460 συνεδριάζων

2078 2485 2274 2555 Πατρί.
2305 2485 2507 2538 Τοῦτον
2540 2483 2807 2554 cunnum,
2830 2483 3023 2536 τούτου
3053 2483 3237 2554 μήτηρ
3265 2481 3664 2554 άναδειχθήσῃ,

2076 2575 2268 2629 τοῦτον
2300 2574 2330 2627 ό
2353 2574 2445 2638 σὺς
2475 2573 2806 2645 παρθενικὸς
2831 2573 3150 2644 ὑποδέχεται
3168 2573 3386 2638 κόλπος,
3413 2572 3473 2626 ὃν
3498 2573 3667 2645 οὐρά-

2079 2685 2191 2720 νιον
2215 2667 2315 2720 οὐκ
2353 2666 2601 2738 ἐχώρησε
2627 2665 2814 2729 κῦτος.

2149 2757 2235 2828 ῘΡ.
2268 2758 2353 2812 18.
2383 2756 2466 2829 α.]
2491 2758 2737 2811 Φωτίου.
2778 2755 2940 2810 Ἀλλὰ
2971 2755 3023 2809 τί
3063 2756 3200 2826 πρὸς
3228 2755 3400 2809 ταῦτα
3438 2757 3471 2826 ή
3530 2773 3669 2809 παν·

2083 2850 2217 2918 αγία
2257 2849 2564 2920 Παρθένος;
2597 2845 2705 2920 ἆρα
2735 2839 2896 2910 εὐθὺς
2924 2846 3372 2918 κατεμαλακίσθη
3408 2848 3520 2910 τοῖς
3573 2847 3668 2899 λό-

2080 2957 2218 3010 γοις,
2257 2941 2289 3011 ἢ
2316 2940 2414 3004 τὰς
2443 2939 2610 3003 ἀκοὰς
2633 2940 2804 3010 ἡδέως
2839 2940 3229 2994 ἀναπετάσασα
3254 2941 3365 3002 τοῖς
3382 2937 3669 3008 λογισμοῖς

2082 3032 2258 3102 ἐφῆκε
2303 3031 2489 3100 φέρειν
2537 3029 2910 3094 ἀνεξετάστως
2946 3033 3044 3098 τὴν
3080 3027 3520 3096 συγκατάθεσινς
3561 3027 3670 3079 Οὐ-

2031 3112 2050 3131 ⁴
2087 3127 2295 3196 δαμῶς.

2159 3216 2238 3289 [Ρ.
2265 3216 2329 3271 18
2355 3216 2432 3288 3.]
2459 3217 2702 3270 Φωτίου.
2725 3213 2878 3280 Οἶδα,
2911 3215 3097 3286 φησὶν,
3131 3215 3410 3285 ἐμφανῶς,
3439 3216 3514 3278 ὡς
3548 3214 3672 3268 σύλ-

2086 3309 2247 3379 ληψιν
2287 3309 2382 3362 καὶ
2427 3311 2754 3382 κυοφορίαν,
2795 3309 2888 3362 καὶ
2930 3309 3058 3361 Υίὸν
3104 3326 3217 3378 μοι,
3253 3307 3348 3360 καὶ
3374 3308 3551 3372 τόκον,
3580 3308 3672 3361 λο-

2086 3405 2405 3472 γογραφεῐς.
2453 3403 2612 3457 Ἀλλὰ
2644 3403 2825 3475 πολλῷ
2858 3403 3020 3456 πλέον
3043 3401 3287 3472 ηὕξησας
3305 3402 3402 3472 τὴν
3432 3404 3669 3475 ἀπορίαν

2087 3486 2131 3546 ὦ
2163 3494 2383 3562 ἄγγελε.
2408 3495 2578 3559 Τόκος
2601 3494 2708 3564 γάρ
2730 3493 2895 3559 ἅπας,
2922 3493 3114 3564 ἀνδρὸς
3134 3495 3389 3564 κοινωνίᾳ
3411 3496 3667 3548 συνίστα-

2086 3600 2197 3637 ται·
2228 3588 2260 3656 ῆ
2291 3584 2348 3638 δὲ
2369 3586 2470 3656 τῆς
2504 3586 2640 3656 πρὸς
2672 3585 2871 3657 ἄνδρας
2898 3584 3112 3654 ὁμιλίας
3135 3584 3507 3655 ἀλλοτρίωσις,
3543 3585 3668 3641 οὐδὲ

2087 3677 2186 3747 τὴν
2209 3677 2384 3748 ἀρχὴν
2408 3679 2488 3741 είς
2521 3677 2691 3748 ἀκοὴν
2717 3678 3044 3748 κατέρχεται
3067 3675 3163 3746 τῆς
3187 3675 3519 3747 συλλήψεως.
3538 3677 3665 3742 Πῶς

2086 3769 2179 3822 οὖν
2228 3768 2380 3822 ἔσται
2427 3786 2520 3839 μοι
2575 3769 2843 3840 γέννημα,
2887 3761 2950 3820 οὒ
3008 3768 3291 3840 γεννήτωρ
3342 3767 3442 3820 οὐκ
3495 3768 3668 3836 ἐγνώ-

2091 3879 2271 3932 ρισται
2293 3881 2307 3928 ;

2158 3951 2313 4024 [Pag.
2360 3951 2422 4005 2i
2461 3950 2538 4022 Μ
2573 3952 2818 4005 Φωτίου.
2863 3952 2920 4004 Ὀ
2965 3952 3073 4024 γὰρ
3133 3955 3475 4026 στειρώσεως
3519 3952 3667 4006 λύων

2083 4041 2277 4111 δεσμὰ,
2309 4041 2469 4104 αὐτὸς
2505 4042 2597 4094 καὶ
2640 4041 2798 4094 τόκον
2840 4042 3019 4114 ἑαυτῷ
3044 4045 3292 4100 δύναται·
3317 4046 3668 4100 κατασκευά-

2084 4151 2195 4200 σαι,
2215 4134 2336 4204 δίχα
2367 4133 2647 4205 μεσιτείας
2675 4134 2887 4206 ἀνδρός.
2921 4136 2980 4189 '0
3000 4138 3098 4208 τὴν
3122 4137 3485 4211 ξηρανθεῖσαν
3506 4136 3667 4210 ῥίζαν

2082 4230 2161 4292 είς
2190 4228 2536 4298 καρποφόρον
2578 4227 2830 4297 στέλεχος
2866 4229 3201 4297 ἀνανεώσας,
3247 4231 3410 4295 αὐτὸς
3438 4232 3533 4284 καὶ
3563 4231 3666 4299 τὴν

2081 4320 2312 4390 ἄνικμον
2356 4319 2597 4390 ἄρουραν
2651 4321 2731 4384 εἰς
2769 4318 2999 4391 εὔφορον
3029 4321 3214 4395 χώραν
3252 4324 3430 4395 ἑαυτῷ
3475 4341 3662 4377 καινο-

388 4405 555 4461 luerit
595 4421 688 4476 per
731 4406 980 4476 exempla
1034 4405 1194 4461 ﬁdem
1256 4406 1450 4460 horum
1485 4407 1606 4476 qua:
1647 4406 1972 4461 nuntiantur

2090 4411 2319 4481 ποιήσει.
2350 4410 2447 4462 Ἂν
2479 4410 2535 4464 δὲ
2566 4410 2731 4484 βούλῃ
2760 4413 2853 4465 καὶ
2897 4414 3303 4485 παραδείγμασι
3329 4417 3436 4470 τῶν
3468 4419 3666 4486 ἁπηγ-

389 4501 660 4570 accipere,
690 4501 871 4571 parvis
911 4516 1106 4570 magna
1131 4515 1488 4570 componens,
1516 4509 1566 4552 et
1605 4515 1702 4568 per
1741 4512 1966 4570 praeter-

388 4593 467 4648 ita
529 4592 688 4648 ﬁdem
725 4592 931 4648 addens
957 4591 1191 4658 futuris;
1224 4593 1295 4646 ita
1325 4592 1580 4660 concipies
1626 4593 1680 4644 in
1729 4601 1876 4645 utero
1924 4602 1972 4645 et

389 4688 566 4756 paries
602 4687 798 4756 ﬁlium,
855 4696 913 4740 ut
948 4685 1094 4757 virga
1145 4683 1324 4740 Aaron
1372 4686 1575 4740 inculta
1625 4687 1965 4755 gern'iinavit,

391 4775 551 4844 quasi
588 4776 831 4831 radicum
864 4791 966 4844 ope
1000 4777 1221 4845 adjuta;
1257 4784 1315 4829 ιιι
1351 4791 1441 4830 ros
1467 4791 1497 4830 e
1530 4776 1668 4830 «(elo
1710 4775 1762 4830 in
1798 4776 1970 4830 vellus

391 4869 752 4934 descendens,
803 4869 980 4939 ipsum
1037 4869 1214 4924 solum
1272 4869 1488 4940 cigavit,
1533 4879 1731 4924 terram
1784 4880 1967 4924 autem

390 4972 504 5012 non
555 4957 923 5024 humectavit;
957 4970 1013 5012 ut
1061 4959 1229 5013 rubus
1271 4960 1393 5031 igne
1429 4961 1584 5023 arsit,
1612 4973 1666 5015 et
1697 4959 1968 5013 {laminam

391 5049 644 5105 nutriens
664 5066 770 5105 non
804 5063 1167 5122 consumptus
1211 5061 1295 5106 est
1332 5074 1342 5107 :
1378 5055 1458 5107 sic
1501 5063 1558 5106 et
1592 5060 1648 5106 tu
1693 5053 1972 5121 concipies

388 5145 585 5211 lilium,
636 5159 856 5198 carnem
904 5155 1193 5214 praestans,
1240 5145 1564 5199 alimentum
1621 5145 1966 5198 immateriali

389 5235 502 5306 igni
551 5237 822 5308 praebens,
878 5245 934 5291 et
988 5235 1559 5307 iucorruptihilitatem
1612 5251 1963 5292 conservans.

391 5324 522 5381 11ωο
553 5327 700 5382 enim
747 5336 894 5382 tuam
935 5329 1143 5398 pridem
1189 5330 1610 5400 praeligurabant
1645 5330 1968 5400 prmgnatio-

395 5434 557 5484 nem;
611 5421 867 5475 innovata
921 5433 1050 5476 sunt
1111 5422 1211 5477 ista
1270 5432 1324 5476 ct
1386 5423 1863 5492 prreexstiterunt,
1911 5434 1969 5478 nt

388 5512 638 5581 mysterii
685 5513 738 5566 in
777 5523 828 5566 te
859 5514 1177 5568 exsistcntis
1231 5513 1625 5570 adumbrarent
1660 5516 1969 5586 incompre-

392 5600 836 5660 hensibilitatem.

2083 4499 2362 4571 γελμένων
2395 4499 2493 4569 τὴν
2536 4500 2715 4553 πίστιν
2747 4502 3188 4572 παραδέξασθαι,
3217 4508 3433 4576 μικροῖς
3465 4508 3531 4558 τά
3566 4523 3664 4575 με-

2083 4588 2222 4656 γάλα
2262 4587 2587 4653 είκάζουσα,
2634 4591 2729 4643 καὶ
2769 4594 2879 4654 τοῖς
2928 4593 3164 4662 φθάσασι
3216 4596 3549 4665 πιστουμένη
3597 4597 3664 4649 τά

2084 4681 2364 4750 μέλλοντα,
2413 4680 2588 4744 οὓτως
2629 4682 2929 4751 unum,
2981 4683 3049 4737 ἐν
3097 4686 3308 4754 γαστρὶ
3359 4688 3459 4739 καί
3515 4687 3664 4756 τέξῃ

2077 4768 2231 4833 υἱὸν,
2269 4769 2342 4834 ὡς
2371 4770 2634 4840 ή-ράϐδος
2685 4771 2898 4842 Ἀαρὼν
2932 4775 3304 4846 ἀγεωργήτως
3337 4775 3660 4847 ἐϐλάστησε,

2074 4861 2142 4914 τὰ
2171 4861 2281 4914 τῶν
2330 4863 2716 4935 ὲρῤιζωμένων
2747 4866 3116 4936 ὲνεργήσασα·
3143 4867 3224 4934 ὼς
3252 4869 3280 4920 ὁ
3315 4869 3470 4933 ὑετὸς
3497 4871 3665 4940 οὐρα-

2074 4953 2225 5006 νόθεν
2254 4955 2344 5007 ἐπὶ
2369 4956 2460 5008 τὸν
2483 4959 2648 5009 πόκον
2685 4957 3008 5027 φερόμενος,
3041 4960 3202 5012 αὑτὸν
3231 4961 3394 5030 μόνον
3416 4962 3662 5027 ὲπότιζε,

2073 5044 2173 5112 τὴν
2193 5043 2249 5096 δὲ
2290 5044 2394 5111 γῆν
2433 5045 2533 5098 οὐκ
2566 5045 2863 5117 ὲδρόσιζεν·
2909 5045 3046 5118 ὼςή
3083 5047 3243 5117 βάτος
3278 5051 3338 5102 τὸ
3390 5049 3503 5120 πῦρ
3553 5053 3663 5104 ὑπ-

2074 5129 2307 5198 εδέχετο,
2328 5130 2423 5182 καὶ
2445 5132 2544 5199 τὴν
2563 5132 2738 5200 φλόγα
2758 5133 3052 5202 τρέφουσα,
3073 5137 3173 5190 οὐκ
3191 5137 3495 5210 ἐφθείρετο·
3515 5141 3664 5194 οὕτω

2074 5220 2168 5272 καὶ
2204 5220 2268 5271 σὺ
2313 5221 2560 5295 συλλήψῃ
2597 5225 2712 5278 υἱὸν
2750 5227 2929 5294 σάρκα
2956 5228 3300 5294 δανείζουσα,
3345 5233 3556 5303 τροφὴν
3583 5235 3663 5305 τῷ

2078 5311 2228 5382 ἁΰλῳ
2262 5314 2396 5384 πυρὶ
2446 5316 2782 5386 παρέχουσα,
2823 5321 2916 5372 καὶ
2961 5321 3060 5391 τὴν
3110 5322 3420 5393 ἀφθαρσίαν
3466 5324 3663 5378 ἀνθέλ-

2078 5419 2268 5457 κουσα.
2299 5405 2480 5459 Ταῦτα
2509 5408 2617 5478 γὰρ
2647 5407 2745 5479 τὴν
2775 5409 2874 5480 σὴν
2905 5411 3190 5482 πόρρωθεν
3235 5414 3660 5486 προεζωγράφει

2077 5497 2409 5565 κυοφορίαν·
2474 5487 2861 5572 ὲκαινοποιήθη
2913 5504 3087 5558 ταῦτα
3140 5510 3234 5559 καὶ
3295 5512 3655 5581 προῦπέστη,

2076 5585 2165 5638 ἵνα
2189 5585 2280 5637 τοῦ
2303 5590 2441 5641 κατὰ
2481 5589 2540 5641 σὲ
2584 5593 2882 5663 μυστηρίου
2925 5601 3314 5672 σκιαγραφήσῃ
3351 5601 3409 5654 τὸ
3440 5603 3656 5658 dnti-

2079 5694 2303 5748 Αηπτον.
