3904 6218
278 273 411 338 1221

272 475 433 541 ἆγιον
464 471 858 526 ἐπελεύσεσθαι
890 473 1278 545 διετράνωσας,
1305 475 1491 529 οὐκέτι
1521 477 1853 545 ἀντιπίπτω,

270 565 396 618 eoat
421 564 710 632 ἀντιλέγω.
749 564 1068 632 Γενηθήτω
1099 583 1202 634 μοι
1245 564 1394 619 κατὰ
1434 566 1494 619 τὸ
1516 567 1684 636 ῥῆμά
1715 584 1854 623 σου.

271 656 339 708 Εἰ
364 655 492 719 ἀξία
520 655 598 725 τῷ
625 655 872 726 Δεσπότῃ
907 655 1186 726 κρίνομαι,
1225 656 1559 732 ὑπουργήσω
1589 660 1855 728 χαίρουσα

270 748 352 820 τῷ
398 747 687 818 θελήματι·
717 748 766 799 εἰ
810 749 836 801 ό
879 747 1129 818 Πλάστης
1158 748 1234 817 τῷ
1267 747 1547 819 πλάσματι
1580 751 1855 804 ἀναπαύε-

269 858 383 905 ται,
428 839 782 910 οἰκοδομείτω
814 840 906 892 τὸν
949 836 1095 894 οἷκον
1136 841 1301 905 αὐτὸς
1341 841 1540 914 ὲαυτῷ,
1590 843 1667 908 ὡς
1705 844 1857 898 εὑδό-

270 947 430 1000 κησε·
460 929 881 993 ζωοπλαστείτω
911 930 968 982 ἐν
1011 930 1133 999 ἐμοὶ
1165 930 1264 1002 τὴν
1291 932 1472 1002 σάρκα
1501 932 1602 1004 τὴν
1636 933 1851 998 ἑαυτοῦ,

269 1024 347 1088 ὡς
381 1022 524 1077 οἶδεν
554 1021 716 1083 αὐτὸς
750 1022 846 1075 καὶ
873 1021 948 1085 ὡς
989 1021 1238 1092 βούλεται
1261 1038 1274 1052 ’
1305 1025 1518 1092 γένοιτό
1555 1042 1644 1096 μοι
1686 1024 1755 1078 τὰ
1787 1027 1855 1080 σά

271 1115 495 1184 ῥήματα
524 1128 590 1164 πε
599 1109 762 1183 ρατού
773 1128 909 1182 μενα
939 1111 1249 1181 πράγματι.

341 1204 419 1277 [ρ.
443 1206 532 1258 27.
572 1202 912 1276 a.]¢wtlov.
961 1204 1021 1255 '0
1054 1205 1362 1274 ἀσπασμὸς,
1385 1203 1594 1257 ἄνωθεν
1732 1205 1857 1258 σύλ-

266 1301 429 1369 ληψις
452 1299 690 1368 ἄσπορος
712 1314 726 1328 ο
764 1298 795 1365 ἡ
827 1296 1044 1367 κύησις,
1075 1296 1367 1368 ἄφραστος
1397 1296 1604 1360 ὠδῖνες,
1633 1298 1856 1366 ἀλόχευ-

265 1407 350 1442 τοι
374 1406 388 1422 υ
421 1389 654 1460 σφραγὶς
694 1388 794 1458 τῆς
824 1386 1140 1458 παρθενίας,
1167 1387 1332 1459 ἡτῶν
1356 1387 1558 1441 ὠδίνων
1590 1388 1850 1452 διάλυσις·

265 1489 295 1539 ό
345 1485 522 1548 τόκος,
569 1482 803 1552 ἅφθορος
837 1482 970 1535 ’καὶ
1022 1481 1056 1552 ἡ
1106 1481 1366 1546 τεκοῦσα,
1430 1481 1700 1551 παρθένος
1761 1482 1854 1535 καὶ

268 1579 409 1647 μετὰ
464 1577 736 1645 γέννησιν.
797 1573 930 1636 Θεὸς
975 1574 1033 1626 ὲν
1092 1573 1306 1643 σαρκὶ,
1361 1572 1421 1624 τὸ
1489 1569 1851 1642 τικτόμενονο

265 1668 427 1738 χορὸς
472 1666 739 1734 ἀγγέλων,
766 1660 917 1736 ᾆσμα
957 1664 1019 1717 τὸ
1076 1662 1260 1734 θαῦμα
1308 1661 1638 1732 ποιούμενοι.
1681 1662 1855 1717 Ἔνθα

263 1759 534 1813 τοσούτων
573 1757 666 1811 καὶ
707 1756 1038 1826 τηλικούτων
1097 1754 1372 1832 συνδρομὴ
1402 1797 1416 1821 ,
1472 1751 1588 1818 πῶς
1641 1756 1704 1809 ἄν
1765 1772 1849 1820 τις
1878 1747 1924 1807 Β

263 1850 788 1921 διαμφισϐητήσσιε,
844 1850 950 1902 κᾶν
989 1848 1166 1901 πάντα
1216 1848 1431 1900 ἀσεϐεῖν
1481 1847 1638 1901 ἔθετο
1690 1847 1846 1918 μελέ-

263 1960 386 2014 την,
413 1943 493 1995 ὅτι
546 1942 620 2012 μὴ
676 1942 795 2012 οὐχὶ
842 1939 1174 2011 ταρθένοςὴ
1226 1938 1502 2010 Παρθένος
1545 1941 1639 1993 καὶ
1683 1940 1846 2010 μέχρι

263 2034 452 2098 τέλους
480 2034 786 2104 διέμεινεν;
819 2032 958 2085 ὥστε
983 2034 1016 2102 ἡ
1043 2031 1152 2084 τῶν
1196 2031 1483 2102 ἀχράντων
1515 2030 1688 2099 λόγων
1715 2031 1847 2102 ἀλή-

263 2128 387 2182 θεια
414 2129 474 2180 τὸ
507 2127 606 2197 μὲν
631 2124 932 2194 παράδοξον
967 2125 1058 2177 καὶ
1086 2123 1372 2194 ὑπερφυὲς
1395 2123 1490 2175 καὶ
1520 2122 1662 2192 ὑπὲρ
1687 2123 1847 2175 κατά-

261 2221 450 2292 ληψιν,
485 2217 760 2290 ἠϐουλήθη
813 2217 1179 2288 παραστῆσαι,
1211 2217 1346 2285 ὅπερ
1367 2211 1496 2267 ’ἐστὶ
1521 2214 1678 2277 τόκος
1719 2215 1844 2268 ἄνευ

261 2310 456 2381 ἀνδρὸς
479 2307 852 2376 ἐπιγνώσεως
907 2305 967 2358 τὸ
999 2304 1055 2358 δὲ
1108 2303 1246 2374 μετὰ
1291 2300 1484 2365 ταῦτα,
1531 2304 1672 2353 νοεῖν
1725 2318 1846 2353 κατ-

261 2403 453 2456 έλιπεν
467 2401 542 2463 ὡς
562 2398 873 2453 ἀκόλουθον.
890 2398 961 2448 Τὸ
988 2396 1098 2465 γὰρ
1116 2393 1217 2466 τὴν
1231 2396 1288 2446 ἐν
1312 2394 1455 2462 τόκῳ
1481 2389 1846 2463 παρθενεύου-

264 2512 387 2559 σαν,
419 2495 531 2563 atat;
553 2491 614 2545 τὸ
655 2490 839 2544 λοιπὸν
865 2488 972 2542 atat.
1005 2487 1122 2558 βίον
1151 2483 1526 2556 παρθενεύειν,
1550 2481 1672 2536 οὔτε
1721 2499 1846 2535 και-

267 2588 363 2642 νὸν
397 2587 532 2648 ὅλως
563 2584 597 2654 ἢ
632 2581 956 2652 παράδοξον,
1000 2579 1134 2634 ἀλλὰ
1162 2579 1255 2632 καὶ
1299 2579 1410 2639 τοῖς
1443 2574 1843 2646 προηγησαμέ-

262 2697 379 2743 νοις
417 2677 476 2742 ὲξ
507 2675 804 2744 ἀναγκαίου
859 2671 1059 2743 μᾶλλον
1099 2669 1385 2737 ἑπόμενον.
1419 2666 1628 2727 ’Ἄλλως
1660 2681 1719 2717 τε
1751 2662 1844 2716 καὶ

262 2769 374 2824 τῶν
433 2766 704 2822 Ἰουδαίων
753 2765 894 2826 τέως
946 2759 1320 2830 ἐπιστομίζειν
1374 2758 1402 2810 ὁ
1453 2754 1847 2823 εὐαγγελιστὴς

261 2864 410 2932 ἔγνω
429 2862 488 2914 τὸ
509 2860 850 2931 βλάσφημον,
879 2856 927 2909 οἳ
965 2856 1028 2908 ὲκ
1058 2851 1315 2922 πορνείας
1361 2849 1452 2903 τὸν
1485 2849 1723 2919 ἄσπορον
1759 2848 1848 2900 τό-

260 2972 362 3010 κον
385 2952 648 3023 διέσυρον.
681 2950 771 3003 Διὸ
797 2947 889 3000 καὶ
916 2946 1050 3017 πρὸς
1072 2945 1168 3014 τὴν
1190 2942 1412 2996 ἐκείνων
1435 2941 1650 2994 ἵσταται
1680 2940 1846 3026 κακός

261 3063 435 3110 νοιαν,
474 3043 538 3097 δι’
574 3039 649 3096 ὧν
693 3041 882 3111 τρανοϊ
926 3037 1026 3108 τῆς
1081 3034 1348 3104 τεκούσης
1403 3033 1462 3086 τὸ
1516 3031 1795 3100 ἀνέπαφον
1829 3048 1843 3062 ο

259 3136 401 3190 ἀλλὰ
431 3135 530 3187 καὶ
549 3133 613 3184 τὸ
634 3131 765 3194 ἕως,
800 3128 971 3181 ὲνίοτε
1007 3126 1104 3197 μὲν
1143 3125 1280 3196 πρὸς
1315 3126 1411 3176 ἀντ

263 3227 468 3298 ἐφεξῆς
498 3225 714 3296 χρόνου,
749 3222 823 3285 ὼς
854 3222 1091 3291 εἴρηται,
1131 3215 1646 3288 παραλαμϐάνεται,
1679 3215 1851 3295 ἐνίοτε

257 3321 321 3373 δὲ
345 3319 436 3371 ἐπὶ
465 3314 695 3386 δηλώσει
725 3311 976 3382 μεγάλων
1005 3310 1182 3379 ἔργων
1204 3307 1298 3360 καὶ
1317 3305 1658 3378 θεοπρεπῶν,
1678 3303 1852 3357 καθά-

258 3429 371 3484 περ
414 3410 528 3470 νῦν,
569 3408 633 3461 οὐ
685 3405 790 3476 μὴν
822 3404 959 3476 πρὸς
1010 3398 1416 3470 ἀντιδιαστολὴν
1473 3397 1660 3468 ἑτέρου
1722 3397 1847 3467 χρόα

259 3523 358 3562 νου
386 3503 552 3566 τινὸς,
584 3498 848 3553 ἀλλὰκαὶ
877 3495 1191 3550 τούναντίον
1219 3496 1297 3553 εἰς
1330 3490 1670 3562 ὑποδήλωσιν
1702 3493 1842 3544 ἀπε-

261 3597 462 3670 ράντου
535 3591 923 3661 διαστήματος.
972 3587 1083 3640 Καὶ
1136 3583 1387 3670 άνατελε-ὶ·
1445 3582 1554 3653 γὰρ
1582 3583 1664 3650 ςὲν
1727 3584 1850 3644 ταῖς

259 3667 500 3760 ἡμέραις
565 3682 727 3736 αὑτοῦ
790 3678 1127 3746 δικαιοσύνη,
1159 3677 1266 3738 ἕως
1312 3667 1372 3728 οὗ
1421 3673 1779 3742 άνταναιρεθῇ
1816 3674 1848 3742 ὴ

261 3781 463 3849 σελήνη
485 3796 496 3808 ·
516 3777 630 3840 καὶ,
652 3773 849 3828 Κάθου
877 3773 943 3824 ἐκ
970 3767 1183 3833 δεξιῶν
1203 3786 1344 3838 μου,
1365 3766 1476 3832 ἕως
1497 3766 1575 3820 ἂν
1598 3765 1676 3818 θῶ
1707 3765 1848 3829 τοὺς

257 3869 506 3940 ἐχθρούς
531 3880 646 3920 σου
670 3859 1002 3918 ὑποπόδιον
1025 3857 1143 3911 τῶν
1169 3854 1368 3909 ποδῶν
1394 3868 1532 3907 σου·
1567 3852 1680 3913 καὶ,
1709 3851 1847 3904 Μεθ’

257 3959 432 4030 ὑμῶν
453 3961 568 4028 ειμι
618 3956 730 4020 ἕως
761 3952 871 4020 τῆς
904 3948 1284 4014 συντελείας.
1314 3945 1481 4016 Δῆλον
1507 3943 1615 4015 γὰρ
1655 3943 1730 4006 ὡς
1761 3946 1846 3995 ὲν-

257 4051 438 4106 ταῦθα
481 4049 544 4102 τὺ
580 4047 690 4112 ἕως
720 4046 780 4099 οὐ
833 4041 1082 4115 κρονικόν
1130 4058 1182 4092 τι
1219 4038 1495 4110 μεθόριον,
1549 4034 1646 4088 καὶ
1672 4033 1846 4103 πέρας

258 4143 616 4214 παρεισάγει,
651 4136 880 4210 μέγεθος
914 4135 970 4187 δὲ
1025 4133 1187 4185 θείων
1227 4127 1570 4198 πραγμάτων
1619 4128 1652 4196 ὴ
1699 4123 1846 4214 λέξις

262 4212 674 4303 παραδηλούσα,
705 4229 783 4290 είς
812 4224 1195 4294 άπεριόριστον
1226 4219 1534 4289 παράτασιν
1584 4215 1676 4268 τὸν
1721 4212 1844 4267 νοῦν

258 4329 373 4382 τῶν
411 4323 848 4393 ἐντυγχανόντων
904 4316 1248 4386 ἀναπέμπει.
1277 4313 1388 4366 Καὶ
1427 4310 1563 4365 ἄλλα
1586 4309 1642 4362 δὲ
1673 4307 1843 4378 μυρία

259 4419 412 4472 ἔστιν
438 4415 636 4484 εὑρεῖν,
663 4411 728 4464 δι’
761 4403 840 4463 ὧν
859 4408 1014 4478 δῆλον
1049 4401 1509 4467 mammas;
1541 4400 1686 4467 {dum
1743 4397 1838 4452 τοῦ

257 4507 529 4579 διηνεκῶς
563 4504 657 4558 καὶ
686 4507 766 4566 εἰς
804 4501 895 4554 τὸν
931 4499 1182 4569 αἱῶνα,ή
1226 4496 1371 4562 λέξις
1419 4490 1843 4565 παραλαμϐάνε-

259 4620 376 4654 ται.
400 4601 571 4653 Ὅταν
601 4593 691 4651 οὖν
720 4594 968 4659 δείξωσιν
995 4593 1046 4644 οἱ
1096 4590 1274 4643 πάντα
1305 4589 1548 4659 θρασεῖς,
1581 4586 1715 4656 μετὰ
1746 4583 1843 4654 τὴν

259 4695 360 4765 τῆς
387 4691 614 4761 σελήνης
640 4686 1040 4758 ἀνταναίρεσιν,
1072 4683 1170 4752 τὴν
1201 4679 1299 4735 τοῦ
1318 4677 1558 4749 Χριστοῦ
1582 4676 1677 4728 καὶ
1706 4674 1842 4727 Θεοῦ

261 4785 422 4858 ἡμῶν
470 4779 818 4850 δικαιοσύνην
880 4779 960 4840 εἰς
998 4777 1056 4829 τὸ
1094 4774 1167 4845 μὴ
1216 4773 1276 4825 ὃν
1323 4769 1717 4832 καταδύουσαν,
1751 4765 1844 4820 καὶ

246 4872 406 4950 ’μετά
431 4891 493 4942 γε
520 4873 580 4925 τὸ
615 4870 941 4940 ὑποτεθῆναι
975 4869 1100 4930 τοὺς
1145 4864 1372 4936 ἐχθροὺς
1415 4859 1580 4916 αὐτοῦ
1628 4858 1731 4928 τῆς
1779 4859 1844 4910 ὲκ

257 4949 452 5034 δ-ξιῶν
482 4963 751 5032 καθέδρας
777 4959 871 5012 τοῦ
905 4958 1114 5028 Πατρὸς
1158 4952 1648 5026 παρακινούμενον,
1687 4949 1721 5019 ἢ
1752 4949 1844 5002 καὶ

265 5058 404 5132 μετὰ
433 5058 530 5127 τὴν
557 5053 866 5108 συντέλειαν
919 5050 1014 5103 τοῦ
1045 5047 1259 5113 αἰῶνος,
1291 5048 1380 5099 ὅτε
1432 5043 1630 5117 μᾶλλον
1661 5043 1842 5106 αὐτοῖς

257 5158 294 5226 ἡ
328 5151 603 5210 οἰκείωσις
632 5147 741 5200 τῶν
766 5143 1024 5216 μαθητῶν
1057 5141 1447 5210 ἀφιστάμενον,
1485 5138 1609 5190 τότε
1652 5137 1842 5189 διαπο-

265 5243 532 5314 ρείτωσαν
565 5239 658 5289 καὶ
694 5236 743 5287 εἰ
779 5233 918 5303 μετὰ
943 5233 1034 5285 τὸν
1056 5225 1292 5304 ἄρρητον
1319 5231 1477 5282 τόκον
1505 5227 1698 5297 ἀνδρὸς
1723 5227 1845 5295 ὁμι-

255 5336 382 5397 λίας
404 5334 439 5402 ἡ
470 5330 745 5398 Παρθένος
776 5326 1125 5396 ὲμελέτησεν.

333 5426 482 5499 [pag.
519 5405 608 5489 '59,
664 5421 740 5494 a.]
770 5409 1018 5476 Φωτίου.
1067 5418 1398 5479 Συντελὲσας
1456 5418 1483 5470 ὁ
1533 5411 1843 5484 πρεσϐύτης

258 5523 360 5590 τὴν
396 5521 476 5581 εἰς
529 5517 590 5570 τὸ
641 5516 794 5568 Θεῖον
848 5512 1178 5582 δοξολογίαν,
1209 5511 1470 5585 τρέπεται
1517 5507 1702 5562 λοιπὸν
1750 5505 1858 5558 ἐπὶ.

336 5719 350 5748 ¹
379 5716 525 5772 l’sal.
557 5733 666 5784 cn,
698 5719 748 5772 l.

1468 278 2043 343 ΡΗΑΟΜΕΝΤΑΙΝ
2069 286 2347 348 LUCAM.

346 381 502 452 iPag.
552 380 624 434 2‘2
666 379 748 452 1).]
798 381 1043 435 Φωτίου.
1085 381 1238 435 Ἐπεί
1282 399 1394 450 μοι,
1425 385 1592 454 φησι,
1635 385 1847 457 Πνεῦμα

2040 391 2242 450 ΡΙιοιὶἱ.
2303 397 2576 464 Quoniam
2622 404 2778 470 mihi,

3406 304 3540 368 1222

2834 406 3034 478 inquit,
3093 411 3359 483 Spiritum
3411 436 3541 474 sau-

1961 497 2106 540 ctum
2141 503 2596 558 superventurum
2629 511 2752 552 esse
2777 499 3125 571 signiﬁcasti,
3158 522 3269 564 non
3318 511 3537 577 resisto,

1959 595 2066 632 non
2096 584 2435 640 contradico.
2473 585 2518 638 F
2544 598 2598 640 at
2636 590 2764 644 mihi
2795 596 3083 651 secundum
3125 602 3340 656 verbum
3365 613 3537 670 tuum,

1960 673 2004 725 si
2039 673 2199 743 digna
2251 692 2280 729 a
2332 675 2562 733 Domino
2607 681 2859 749 judicor,
2929 703 3092 756 pareo
3141 694 3385 764 gaudens
3419 696 3540 765 ejus

1959 763 2262 830 voluntati;
2299 767 2343 820 si
2374 767 2601 823 Creutor
2628 771 2681 824 in
2716 785 2965 830 creatura
3008 791 3274 847 moratur,
3307 763 3540 842 aedificet

1960 855 2063 908 sibi
2099 856 2214 924 ipse
2243 856 2486 924 domum,
2516 872 2592 920 ut,
2614 863 2852 920 libuerit.
2883 867 3145 926 lnl‘ormet
3175 874 3228 927 in
3256 890 3345 931 me
3381 892 3538 932 suam

1959 963 2205 1016 carnem,
2253 960 2313 1004 ut
2343 953 2450 1006 scit
2496 954 2610 1021 ipse
2644 967 2698 1010 et
2727 968 2784 1011 ιιι
2830 962 2976 1025 vult;
3030 962 3162 1019 ﬁant
3196 967 3330 1022 mihi
3374 971 3537 1025 verba

1959 1051 2049 1094 tua
2085 1043 2158 1097 rei
2166 1059 2262 1114 psa
2294 1047 2582 1118 completa.

2030 1225 2225 1282 P/totit'.
2297 1227 2565 1288 Salutatio
2621 1236 2889 1304 caelestis;
2946 1244 3234 1313 conceptio
3277 1247 3398 1302 sine
3449 1265 3539 1304 se-

1961 1317 2138 1386 mine;
2174 1325 2475 1392 prteguatio
2527 1327 2854 1397 ineﬂ'abilis;
2912 1331 3131 1390 dolores
3176 1337 3296 1392 sine
3341 1352 3539 1409 partu;

1961 1412 2294 1482 virginitatis
2350 1418 2634 1486 sigillum,
2680 1423 2931 1479 dolorum
3002 1427 3290 1497 liberatio;
3346 1441 3539 1502 parttis

1956 1504 2290 1575 inviolatus;
2322 1512 2542 1580 pariens
2576 1514 2724 1584 virgo
2757 1526 2810 1570 et
2837 1529 2960 1586 post
3003 1532 3260 1589 partum;
3293 1525 3436 1581 Deus
3481 1529 3538 1581 itt

1959 1614 2160 1664 carne,
2205 1617 2367 1670 quem
2398 1607 2641 1674 peperit;
2685 1610 3002 1678 angelorum
3052 1615 3257 1670 chorus
3307 1619 3538 1674 canticis

1959 1691 2266 1762 prodigium
2311 1695 2726 1753 celebrantium.
2765 1699 2866 1757 llic
2907 1705 3092 1759 taliqu
3149 1717 3203 1760 et
3254 1718 3537 1764 tantorum

1956 1781 2059 1838 fuit
2078 1799 2410 1853 concursus;
2437 1792 2716 1857 quomodo
2729 1797 3083 1852 contenderet
3102 1799 3321 1868 aliquis,
3344 1817 3540 1870 quam-

1958 1877 2039 1932 vis
2088 1893 2251 1934 omne
2307 1881 2366 1938 in
2417 1882 2752 1952 impietatem
2807 1889 3048 1944 studium
3099 1895 3361 1960 posuerit,
3427 1912 3538 1949 non

1954 1971 2220 2040 virginem
2273 1972 2340 2027 ad
2391 1974 2555 2028 tinem
2617 1979 3008 2046 permansisse,
3067 1997 3194 2037 cunt
3245 1988 3536 2041 Vcl'bOItlm

1956 2062 2409 2120 intemeratarum
2443 2068 2648 2123 veritas
2676 2073 2962 2128 ostendere
2991 2074 3230 2130 voluerit
3265 2092 3378 2132 rem
3417 2088 3537 2134 stu-

1953 2155 2188 2226 pendam
2220 2167 2275 2212 et
2316 2173 2480 2228 supra
2514 2169 2768 2218 naturam
2811 2173 2868 2220 et
2912 2165 3246 2222 intellectum
3283 2171 3536 2237 positam,

1954 2263 2078 2317 quae
2127 2259 2232 2314 est,
2281 2261 2471 2320 partus
2517 2253 2636 2308 sine
2676 2255 2775 2309 viri
2809 2257 3160 2326 cognitione?
3188 2257 3319 2326 Quae
3352 2270 3536 2320 autem

1955 2351 2280 2411 sequuntur,
2329 2344 2606 2413 explicare
2655 2347 2869 2416 inutile,
2920 2361 3110 2420 utpote
3162 2356 3533 2410 consectaria.

1959 2433 2238 2504 Virginem
2269 2437 2415 2498 enim
2453 2438 2506 2491 in
2538 2448 2695 2507 partu
2729 2440 2924 2508 fuisse,
2957 2453 3013 2500 et
3039 2446 3248 2516 reliqua
3287 2450 3398 2502 vita
3429 2451 3539 2503 vir-

1953 2528 2138 2596 ginem
2172 2543 2518 2597 permanere,
2548 2548 2726 2601 neque
2750 2548 2950 2590 novum
2981 2538 3209 2593 omnino
3241 2551 3326 2596 est
3357 2557 3536 2611 neque

1951 2621 2308 2688 stupendum,
2342 2621 2434 2676 sed
2459 2623 2641 2690 potius
2670 2627 2982 2682 necessario
3005 2643 3072 2682 ex
3102 2639 3260 2684 antea
3297 2634 3538 2688 narratis

1955 2713 2226 2781 sequitur.
2289 2711 2406 2767 lino
2474 2712 2788 2770 Judteorum
2855 2732 3077 2786 quoque
3135 2719 3534 2788 blasphemiam

1956 2806 2249 2860 retundere
2299 2807 2478 2874 potuit
2541 2807 2896 2876 evangelista,
2951 2809 3045 2878 qui
3085 2824 3117 2864 e
3171 2814 3538 2870 fornicatione

1953 2913 2076 2954 esse
2131 2898 2522 2962 inseminatum
2585 2911 2801 2968 partum
2853 2902 3256 2960 obtrectabant.
3307 2905 3436 2962 Ideo
3484 2920 3540 2962 et

1955 2999 2146 3046 contra
2180 2991 2396 3046 illorum
2429 2993 2627 3046 malam
2653 3003 2892 3048 mentem
2924 3005 3262 3060 statuuntur,
3287 3013 3383 3068 per
3414 3017 3536 3069 qua:

1418 3123 1720 3195 ιδιαστολὴν
1755 3119 1847 3174 τοῦ

1955 3085 2220 3153 parientis
2249 3085 2641 3142 inviolabilitas
2670 3087 3100 3157 demonstretur,
3146 3095 3240 3148 sed
3268 3104 3324 3147 et
3353 3095 3410 3147 τὸ
3437 3099 3536 3147 do-

1956 3194 2066 3236 nec,
2115 3193 2265 3232 nunc
2308 3180 2362 3232 in
2409 3179 2726 3234 distantiam
2776 3183 2940 3237 seriei
2991 3186 3280 3253 temporis,
3318 3188 3540 3256 quando

1956 3266 2282 3332 adhibetur,
2342 3267 2698 3336 intelligitur,
2759 3285 2907 3324 nunc
2963 3271 3016 3326 iu
3077 3273 3532 3341 significationem

1958 3370 2276 3422 magnorum
2314 3365 2366 3409 et
2403 3357 2716 3410 divinorum
2749 3373 3016 3426 operum;
3049 3360 3194 3417 sicut
3221 3363 3315 3418 hic
3362 3367 3538 3418 sumi-

1957 3463 2066 3515 tur,
2112 3468 2221 3505 non
2262 3451 2316 3505 in
2368 3452 2686 3507 distantiam
2739 3453 2880 3510 alius
2912 3455 3199 3524 cujusdam
3249 3461 3537 3528 temporis,

1953 3547 2047 3600 sed
2074 3561 2104 3600 e
2143 3547 2425 3600 contrario
2451 3547 2519 3601 ad
2554 3547 2949 3602 ostendendam
2979 3549 3250 3604 inﬁnitam
3289 3552 3538 3608 duratio-

1952 3655 2098 3693 nem.
2125 3640 2336 3694 Etenim
2369 3650 2557 3709 surget
2585 3642 2640 3693 in
2683 3641 2876 3696 diebus
2922 3642 3043 3711 ejus
3093 3641 3329 3708 iustitia,
3363 3646 3539 3700 deuec

1945 3731 2266 3785 destruatur
2316 3731 2481 3795 luna;
2535 3740 2609 3794 et,
2662 3730 2795 3784 Sede
2837 3749 2870 3784 a
2925 3733 3130 3787 dextris
3182 3737 3332 3800 meis,
3375 3739 3538 3791 donec

1949 3837 2141 3887 ponam
2179 3822 2423 3875 inimicos
2465 3832 2581 3874 tuos
2612 3824 2899 3875 scabellum
2932 3823 3123 3892 pedum
3155 3837 3369 3879 tuorum
3392 3830 3446 3892 ¹;
3483 3843 3539 3882 et

1962 3915 2240 3969 Vobiscum
2277 3933 2394 3969 sum
2427 3916 2596 3970 donec
2643 3919 2815 3971 veniat
2848 3923 3255 3975 consummatio.
3295 3923 3535 3979 Evideus

1949 4008 2094 4063 enim
2120 4018 2204 4062 est
2233 4009 2307 4062 ibi
2339 4008 2401 4060 τὸ
2423 4013 2609 4074 donec,
2645 4027 2749 4064 non
2782 4015 3138 4081 temporalem
3171 4014 3399 4069 limitem
3441 4027 3535 4071 aut

1952 4103 2244 4158 terminum
2299 4102 2602 4167 adducere;
2655 4103 2773 4157 haec
2810 4119 2918 4158 vox
2961 4112 3143 4158 autem
3196 4107 3534 4176 magnitudi-

1951 4211 2074 4250 nem
2125 4193 2441 4249 divinarum
2504 4209 2688 4249 rerum
2755 4196 3091 4258 ostendens,
3150 4198 3204 4250 in
3259 4199 3531 4254 inﬁnitam

1934 4291 2320 4345 ‘extensionem
2351 4288 2528 4342 ideam
2560 4302 2742 4342 rerum
2770 4303 2893 4358 quae
2924 4289 2997 4343 ibi
3028 4301 3328 4346 occurrunt
3359 4293 3532 4346 addu-

1947 4386 2040 4440 cit.
2076 4383 2196 4437 Alia
2221 4392 2400 4436 autem
2443 4381 2969 4449 permultainveniri
3003 4394 3254 4451 possunt,
3286 4399 3380 4453 per
3407 4401 3531 4454 quae

1874 4450 1919 4505 Β
1947 4475 2227 4533 evidenter
2260 4471 2540 4537 statuitur,
2569 4471 2706 4524 hanc
2739 4487 2923 4525 vocem
2951 4486 3050 4540 pro
3078 4487 3184 4526 non
3222 4475 3529 4544 interrupto

1943 4578 1998 4626 et
2029 4568 2081 4622 in
2129 4566 2330 4623 saecula
2363 4565 2593 4620 assumi.
2645 4563 2880 4629 Quando
2931 4563 3098 4633 igitur
3137 4565 3228 4618 isti
3272 4565 3527 4618 audacis-

1943 4661 2094 4727 simi,
2133 4658 2451 4718 ostendunt,
2485 4667 2608 4726 post
2653 4657 2798 4709 lunae
2845 4657 3275 4710 destructionem
3321 4656 3528 4712 Christi

1943 4768 1998 4812 et
2023 4755 2120 4810 Dei
2162 4753 2337 4808 nostri
2368 4751 2638 4820 justitiam
2681 4752 2736 4803 in
2770 4751 3005 4804 nihilum
3038 4749 3246 4815 reduci,
3279 4757 3335 4805 et
3374 4757 3528 4819 post-

1943 4867 2105 4922 quam
2139 4847 2305 4919 positi
2343 4847 2545 4901 fuerint
2596 4845 2700 4900 sub
2743 4845 2972 4913 pedibus
3013 4843 3133 4910 eius
3178 4844 3413 4906 inimici,
3459 4845 3529 4898 il-

1943 4943 2056 4996 lum
2104 4954 2134 4993 e
2173 4937 2299 4994 sede
2346 4937 2413 4991 ad
2464 4934 2643 4990 Patris
2679 4936 2958 4989 dexteram
3007 4934 3189 5004 dejiei,
3237 4943 3332 4990 aut
3363 4935 3529 4990 etiam

1947 5043 2069 5105 post
2117 5028 2650 5087 consummationem
2703 5028 2911 5092 saeculi,
2944 5042 3068 5082 cum
3118 5027 3304 5097 potius
3348 5029 3451 5098 ipsi
3498 5046 3529 5084 a

1945 5125 2338 5196 discipulorum
2401 5122 2694 5175 mansione
2741 5120 3109 5190 repellentur,
3167 5130 3297 5177 tunc
3355 5120 3530 5174 ambi-

1946 5227 2096 5289 gant,
2147 5231 2216 5270 an
2262 5222 2385 5283 post
2421 5211 2746 5266 ineﬁ'abilem
2792 5219 3008 5280 partum
3055 5210 3155 5263 viri
3205 5208 3525 5266 societatem

1946 5312 2100 5381 virgo
2128 5308 2424 5365 curaverit.

2015 5403 2216 5458 Photii.
2255 5401 2390 5454 Cum
2446 5395 2769 5468 perfecisset
2822 5413 2989 5452 senex
3042 5407 3196 5450 suam
3247 5390 3301 5443 in
3352 5388 3523 5442 Deum

1947 5497 2314 5569 doxologiam,
2350 5495 2570 5552 demum
2612 5493 2948 5550 convertitur
2991 5490 3057 5543 ad
3091 5481 3525 5541 benedictionem
