  <div class='ocr_page' id='page_1' title='image "/cluster/home/n/w/nwhite01/storage/ocr_20150623/101 pt.1/mdp.39015061955830/635.png"; bbox 0 0 3978 6218; ppageno 0'>
   <div class='ocr_carea' id='block_1_1' title="bbox 408 272 546 337">
    <p class='ocr_par' dir='ltr' id='par_1_1' title="bbox 408 272 546 337">
     <span class='ocr_line' id='line_1_1' title="bbox 408 272 546 337; baseline -0.014 0"><span class='ocrx_word' id='word_1_1' title='bbox 408 272 546 337; x_wconf 72' lang='lat'><strong>1223</strong></span> 
     </span>
    </p>
   </div>
   <div class='ocr_carea' id='block_1_2' title="bbox 1564 266 2511 332">
    <p class='ocr_par' dir='ltr' id='par_1_2' title="bbox 1564 266 2511 332">
     <span class='ocr_line' id='line_1_2' title="bbox 1564 266 2511 332; baseline -0.008 -1"><span class='ocrx_word' id='word_1_2' title='bbox 1564 270 1825 332; x_wconf 82' lang='lat' dir='ltr'>PIIOTII</span> <span class='ocrx_word' id='word_1_3' title='bbox 1863 266 2369 331; x_wconf 70' lang='grc' dir='ltr'><strong>ΡΑΤΒῙΛΒΕΗΑΞ</strong></span> <span class='ocrx_word' id='word_1_4' title='bbox 2404 267 2511 329; x_wconf 88' lang='lat' dir='ltr'><strong>CP.</strong></span> 
     </span>
    </p>
   </div>
   <div class='ocr_carea' id='block_1_3' title="bbox 3515 264 3653 330">
    <p class='ocr_par' dir='ltr' id='par_1_3' title="bbox 3515 264 3653 330">
     <span class='ocr_line' id='line_1_3' title="bbox 3515 264 3653 330; baseline -0.007 0"><span class='ocrx_word' id='word_1_5' title='bbox 3515 264 3653 330; x_wconf 73' lang='grc'><strong>1224</strong></span> 
     </span>
    </p>
   </div>
   <div class='ocr_carea' id='block_1_4' title="bbox 407 370 2007 449">
    <p class='ocr_par' dir='ltr' id='par_1_4' title="bbox 407 375 2007 449">
     <span class='ocr_line' id='line_1_4' title="bbox 407 375 2007 449; baseline -0.003 -14"><span class='ocrx_word' id='word_1_6' title='bbox 407 394 599 435; x_wconf 89' lang='lat' dir='ltr'><strong>eorum</strong></span> <span class='ocrx_word' id='word_1_7' title='bbox 641 376 733 449; x_wconf 87' lang='lat' dir='ltr'><strong>qui</strong></span> <span class='ocrx_word' id='word_1_8' title='bbox 779 390 1007 447; x_wconf 88' lang='lat' dir='ltr'><strong>puerum</strong></span> <span class='ocrx_word' id='word_1_9' title='bbox 1042 375 1393 433; x_wconf 88' lang='lat' dir='ltr'><strong>inducebant.</strong></span> <span class='ocrx_word' id='word_1_10' title='bbox 1440 376 1642 435; x_wconf 89' lang='lat' dir='ltr'><strong>Deinde</strong></span> <span class='ocrx_word' id='word_1_11' title='bbox 1689 378 1757 433; x_wconf 91' lang='lat' dir='ltr'><strong>ad</strong></span> <span class='ocrx_word' id='word_1_12' title='bbox 1807 378 2007 438; x_wconf 21' lang='lat' dir='ltr'><strong>solam,</strong></span> 
     </span>
    </p>
   </div>
   <div class='ocr_carea' id='block_1_5' title="bbox 2112 370 3657 449">
    <p class='ocr_par' dir='ltr' id='par_1_5' title="bbox 2113 370 3657 449">
     <span class='ocr_line' id='line_1_5' title="bbox 2113 370 3657 449; baseline 0.001 -18"><span class='ocrx_word' id='word_1_13' title='bbox 2113 377 2179 449; x_wconf 78' lang='grc' dir='ltr'>ὴν</span> <span class='ocrx_word' id='word_1_14' title='bbox 2210 375 2461 445; x_wconf 76' lang='grc' dir='ltr'><strong>εὐλογίαν</strong></span> <span class='ocrx_word' id='word_1_15' title='bbox 2486 374 2596 430; x_wconf 82' lang='grc' dir='ltr'>τῶν</span> <span class='ocrx_word' id='word_1_16' title='bbox 2632 375 2950 444; x_wconf 77' lang='grc' dir='ltr'><strong>ἀγαγόντων</strong></span> <span class='ocrx_word' id='word_1_17' title='bbox 2985 374 3049 428; x_wconf 76' lang='grc' dir='ltr'><strong>τὸ</strong></span> <span class='ocrx_word' id='word_1_18' title='bbox 3093 374 3293 449; x_wconf 82' lang='grc' dir='ltr'><strong>βρέφος</strong></span> <span class='ocrx_word' id='word_1_19' title='bbox 3323 391 3339 405; x_wconf 79' lang='lat'>&#39;</span> <span class='ocrx_word' id='word_1_20' title='bbox 3364 370 3482 431; x_wconf 77' lang='grc' dir='ltr'>εἶτα</span> <span class='ocrx_word' id='word_1_21' title='bbox 3509 379 3657 433; x_wconf 79' lang='grc' dir='ltr'>ἐκεῖ·</span> 
     </span>
    </p>
   </div>
   <div class='ocr_carea' id='block_1_6' title="bbox 406 468 1980 539">
    <p class='ocr_par' dir='ltr' id='par_1_6' title="bbox 406 468 1980 539">
     <span class='ocr_line' id='line_1_6' title="bbox 406 468 1980 539; baseline -0.001 -14"><span class='ocrx_word' id='word_1_22' title='bbox 406 481 637 525; x_wconf 84' lang='lat' dir='ltr'><strong>matrem</strong></span> <span class='ocrx_word' id='word_1_23' title='bbox 702 482 1012 524; x_wconf 86' lang='lat' dir='ltr'><strong>sermonem</strong></span> <span class='ocrx_word' id='word_1_24' title='bbox 1057 468 1244 539; x_wconf 76' lang='lat' dir='ltr'><strong>dirigit</strong></span> <span class='ocrx_word' id='word_1_25' title='bbox 1292 469 1777 525; x_wconf 87' lang='lat' dir='ltr'><strong>:benedictionem</strong></span> <span class='ocrx_word' id='word_1_26' title='bbox 1832 471 1980 524; x_wconf 85' lang='lat' dir='ltr'><strong>enim</strong></span> 
     </span>
    </p>
   </div>
   <div class='ocr_carea' id='block_1_7' title="bbox 410 559 1984 631">
    <p class='ocr_par' dir='ltr' id='par_1_7' title="bbox 410 559 1984 631">
     <span class='ocr_line' id='line_1_7' title="bbox 410 559 1984 631; baseline -0.001 -15"><span class='ocrx_word' id='word_1_27' title='bbox 410 562 679 616; x_wconf 84' lang='lat' dir='ltr'><strong>ambobus</strong></span> <span class='ocrx_word' id='word_1_28' title='bbox 742 560 1136 625; x_wconf 75' lang='lat' dir='ltr'><strong>communicat,</strong></span> <span class='ocrx_word' id='word_1_29' title='bbox 1198 559 1292 616; x_wconf 89' lang='lat' dir='ltr'><strong>sed</strong></span> <span class='ocrx_word' id='word_1_30' title='bbox 1347 560 1748 615; x_wconf 90' lang='lat' dir='ltr'><strong>reconditorum</strong></span> <span class='ocrx_word' id='word_1_31' title='bbox 1808 560 1984 631; x_wconf 86' lang='lat' dir='ltr'><strong>magis</strong></span> 
     </span>
    </p>
   </div>
   <div class='ocr_carea' id='block_1_8' title="bbox 412 652 1986 725">
    <p class='ocr_par' dir='ltr' id='par_1_8' title="bbox 412 652 1986 725">
     <span class='ocr_line' id='line_1_8' title="bbox 412 652 1986 725; baseline 0 -18"><span class='ocrx_word' id='word_1_32' title='bbox 412 654 822 725; x_wconf 75' lang='lat' dir='ltr'><strong>praedictionem</strong></span> <span class='ocrx_word' id='word_1_33' title='bbox 876 656 977 709; x_wconf 90' lang='lat' dir='ltr'><strong>soli</strong></span> <span class='ocrx_word' id='word_1_34' title='bbox 1031 656 1194 708; x_wconf 86' lang='lat' dir='ltr'><strong>matri</strong></span> <span class='ocrx_word' id='word_1_35' title='bbox 1239 652 1445 724; x_wconf 88' lang='lat' dir='ltr'><strong>dirigit,</strong></span> <span class='ocrx_word' id='word_1_36' title='bbox 1496 661 1556 707; x_wconf 93' lang='lat' dir='ltr'><strong>ut</strong></span> <span class='ocrx_word' id='word_1_37' title='bbox 1595 668 1693 723; x_wconf 87' lang='lat' dir='ltr'><strong>per</strong></span> <span class='ocrx_word' id='word_1_38' title='bbox 1738 668 1986 708; x_wconf 88' lang='lat' dir='ltr'><strong>commu-</strong></span> 
     </span>
    </p>
   </div>
   <div class='ocr_carea' id='block_1_9' title="bbox 410 742 1987 813">
    <p class='ocr_par' dir='ltr' id='par_1_9' title="bbox 410 742 1987 813">
     <span class='ocr_line' id='line_1_9' title="bbox 410 742 1987 813; baseline -0.002 -14"><span class='ocrx_word' id='word_1_39' title='bbox 410 762 533 800; x_wconf 88' lang='lat' dir='ltr'><strong>nem</strong></span> <span class='ocrx_word' id='word_1_40' title='bbox 586 744 1019 801; x_wconf 87' lang='lat' dir='ltr'><strong>benedictionem</strong></span> <span class='ocrx_word' id='word_1_41' title='bbox 1076 743 1316 811; x_wconf 84' lang='lat' dir='ltr'><strong>parentis</strong></span> <span class='ocrx_word' id='word_1_42' title='bbox 1366 742 1545 812; x_wconf 85' lang='lat' dir='ltr'><strong>specie</strong></span> <span class='ocrx_word' id='word_1_43' title='bbox 1591 758 1696 796; x_wconf 91' lang='lat' dir='ltr'><strong>non</strong></span> <span class='ocrx_word' id='word_1_44' title='bbox 1742 742 1987 813; x_wconf 84' lang='lat' dir='ltr'><strong>privetur</strong></span> 
     </span>
    </p>
   </div>
   <div class='ocr_carea' id='block_1_10' title="bbox 409 833 1983 905">
    <p class='ocr_par' dir='ltr' id='par_1_10' title="bbox 409 833 1983 905">
     <span class='ocr_line' id='line_1_10' title="bbox 409 833 1983 905; baseline -0.003 -15"><span class='ocrx_word' id='word_1_45' title='bbox 409 835 610 905; x_wconf 86' lang='lat' dir='ltr'><strong>Joseph</strong></span> <span class='ocrx_word' id='word_1_46' title='bbox 634 877 649 903; x_wconf 92' lang='lat'><strong>,</strong></span> <span class='ocrx_word' id='word_1_47' title='bbox 699 834 793 891; x_wconf 90' lang='lat' dir='ltr'><strong>sed</strong></span> <span class='ocrx_word' id='word_1_48' title='bbox 821 850 915 903; x_wconf 88' lang='lat' dir='ltr'><strong>per</strong></span> <span class='ocrx_word' id='word_1_49' title='bbox 946 833 1110 887; x_wconf 85' lang='lat' dir='ltr'><strong>verba</strong></span> <span class='ocrx_word' id='word_1_50' title='bbox 1139 834 1339 903; x_wconf 85' lang='lat' dir='ltr'><strong>quibus</strong></span> <span class='ocrx_word' id='word_1_51' title='bbox 1385 841 1615 885; x_wconf 87' lang='lat' dir='ltr'><strong>matrem</strong></span> <span class='ocrx_word' id='word_1_52' title='bbox 1665 833 1983 901; x_wconf 86' lang='lat' dir='ltr'><strong>alloquitur,</strong></span> 
     </span>
    </p>
   </div>
   <div class='ocr_carea' id='block_1_11' title="bbox 417 924 1985 997">
    <p class='ocr_par' dir='ltr' id='par_1_11' title="bbox 417 924 1985 997">
     <span class='ocr_line' id='line_1_11' title="bbox 417 924 1985 997; baseline 0 -20"><span class='ocrx_word' id='word_1_53' title='bbox 417 927 691 997; x_wconf 80' lang='lat' dir='ltr'><strong>Virginem</strong></span> <span class='ocrx_word' id='word_1_54' title='bbox 724 928 791 980; x_wconf 91' lang='lat' dir='ltr'><strong>ab</strong></span> <span class='ocrx_word' id='word_1_55' title='bbox 822 926 927 981; x_wconf 85' lang='lat' dir='ltr'><strong>isto</strong></span> <span class='ocrx_word' id='word_1_56' title='bbox 964 926 1301 979; x_wconf 86' lang='lat' dir='ltr'><strong>discernens.</strong></span> <span class='ocrx_word' id='word_1_57' title='bbox 1338 924 1481 976; x_wconf 84' lang='lat' dir='ltr'><strong>illam</strong></span> <span class='ocrx_word' id='word_1_58' title='bbox 1516 932 1575 977; x_wconf 91' lang='lat' dir='ltr'><strong>ut</strong></span> <span class='ocrx_word' id='word_1_59' title='bbox 1602 940 1727 979; x_wconf 88' lang='lat' dir='ltr'><strong>vere</strong></span> <span class='ocrx_word' id='word_1_60' title='bbox 1759 934 1985 979; x_wconf 77' lang='lat' dir='ltr'><strong>matrem</strong></span> 
     </span>
    </p>
   </div>
   <div class='ocr_carea' id='block_1_12' title="bbox 412 1016 1989 1091">
    <p class='ocr_par' dir='ltr' id='par_1_12' title="bbox 412 1016 1989 1091">
     <span class='ocr_line' id='line_1_12' title="bbox 412 1016 1989 1091; baseline -0.004 -15"><span class='ocrx_word' id='word_1_61' title='bbox 412 1021 727 1091; x_wconf 83' lang='lat' dir='ltr'><strong>compellat,</strong></span> <span class='ocrx_word' id='word_1_62' title='bbox 757 1034 918 1090; x_wconf 87' lang='lat' dir='ltr'><strong>quam</strong></span> <span class='ocrx_word' id='word_1_63' title='bbox 980 1016 1251 1071; x_wconf 83' lang='lat' dir='ltr'><strong>benedicit</strong></span> <span class='ocrx_word' id='word_1_64' title='bbox 1291 1026 1348 1069; x_wconf 89' lang='lat' dir='ltr'><strong>ut</strong></span> <span class='ocrx_word' id='word_1_65' title='bbox 1374 1016 1565 1070; x_wconf 59' lang='lat' dir='ltr'><strong>divinae</strong></span> <span class='ocrx_word' id='word_1_66' title='bbox 1602 1016 1863 1069; x_wconf 82' lang='lat' dir='ltr'><strong>voluntati</strong></span> <span class='ocrx_word' id='word_1_67' title='bbox 1893 1016 1989 1070; x_wconf 85' lang='lat' dir='ltr'><strong>ob-</strong></span> 
     </span>
    </p>
   </div>
   <div class='ocr_carea' id='block_1_13' title="bbox 414 1103 1990 1181">
    <p class='ocr_par' dir='ltr' id='par_1_13' title="bbox 414 1103 1990 1181">
     <span class='ocr_line' id='line_1_13' title="bbox 414 1103 1990 1181; baseline -0.004 -15"><span class='ocrx_word' id='word_1_68' title='bbox 414 1122 756 1181; x_wconf 87' lang='lat' dir='ltr'><strong>sequentem.</strong></span> <span class='ocrx_word' id='word_1_69' title='bbox 788 1109 951 1173; x_wconf 92' lang='lat' dir='ltr'><strong>Tum,</strong></span> <span class='ocrx_word' id='word_1_70' title='bbox 979 1107 1110 1161; x_wconf 89' lang='lat' dir='ltr'><strong>dicit</strong></span> <span class='ocrx_word' id='word_1_71' title='bbox 1138 1106 1203 1159; x_wconf 92' lang='lat' dir='ltr'><strong>ad</strong></span> <span class='ocrx_word' id='word_1_72' title='bbox 1245 1106 1392 1159; x_wconf 83' lang='lat' dir='ltr'><strong>illam</strong></span> <span class='ocrx_word' id='word_1_73' title='bbox 1431 1103 1579 1159; x_wconf 79' lang='lat' dir='ltr'><strong>:ﬂic</strong></span> <span class='ocrx_word' id='word_1_74' title='bbox 1602 1108 1800 1174; x_wconf 78' lang='lat' dir='ltr'><strong>positus</strong></span> <span class='ocrx_word' id='word_1_75' title='bbox 1823 1114 1899 1159; x_wconf 79' lang='lat' dir='ltr'><strong>est</strong></span> <span class='ocrx_word' id='word_1_76' title='bbox 1934 1106 1990 1159; x_wconf 82' lang='lat' dir='ltr'><strong>in</strong></span> 
     </span>
    </p>
   </div>
   <div class='ocr_carea' id='block_1_14' title="bbox 416 1195 1990 1258">
    <p class='ocr_par' dir='ltr' id='par_1_14' title="bbox 416 1195 1990 1258">
     <span class='ocr_line' id='line_1_14' title="bbox 416 1195 1990 1258; baseline -0.004 0"><span class='ocrx_word' id='word_1_77' title='bbox 416 1205 631 1258; x_wconf 77' lang='lat' dir='ltr'><strong>ruinam</strong></span> <span class='ocrx_word' id='word_1_78' title='bbox 662 1210 713 1257; x_wconf 80' lang='lat' dir='ltr'><strong>et</strong></span> <span class='ocrx_word' id='word_1_79' title='bbox 735 1200 1173 1256; x_wconf 79' lang='lat' dir='ltr'><strong>resurrectionem</strong></span> <span class='ocrx_word' id='word_1_80' title='bbox 1206 1197 1492 1250; x_wconf 86' lang='lat' dir='ltr'><strong>multorum</strong></span> <span class='ocrx_word' id='word_1_81' title='bbox 1525 1198 1579 1249; x_wconf 83' lang='lat' dir='ltr'><strong>in</strong></span> <span class='ocrx_word' id='word_1_82' title='bbox 1603 1195 1795 1251; x_wconf 79' lang='lat' dir='ltr'><strong>Israel.</strong></span> <span class='ocrx_word' id='word_1_83' title='bbox 1826 1195 1990 1252; x_wconf 81' lang='lat' dir='ltr'><strong>Vides</strong></span> 
     </span>
    </p>
   </div>
   <div class='ocr_carea' id='block_1_15' title="bbox 418 1285 1991 1365">
    <p class='ocr_par' dir='ltr' id='par_1_15' title="bbox 418 1285 1991 1365">
     <span class='ocr_line' id='line_1_15' title="bbox 418 1285 1991 1365; baseline -0.003 -19"><span class='ocrx_word' id='word_1_84' title='bbox 418 1292 698 1365; x_wconf 88' lang='lat' dir='ltr'><strong>quomodo</strong></span> <span class='ocrx_word' id='word_1_85' title='bbox 730 1300 898 1346; x_wconf 90' lang='lat' dir='ltr'><strong>totam</strong></span> <span class='ocrx_word' id='word_1_86' title='bbox 929 1289 1176 1360; x_wconf 83' lang='lat' dir='ltr'><strong>mysterii</strong></span> <span class='ocrx_word' id='word_1_87' title='bbox 1209 1289 1576 1342; x_wconf 65' lang='lat' dir='ltr'><strong>oeconomiam</strong></span> <span class='ocrx_word' id='word_1_88' title='bbox 1610 1285 1819 1358; x_wconf 79' lang='lat' dir='ltr'><strong>Virgini</strong></span> <span class='ocrx_word' id='word_1_89' title='bbox 1859 1302 1991 1357; x_wconf 89' lang='lat' dir='ltr'><strong>ape-</strong></span> 
     </span>
    </p>
   </div>
   <div class='ocr_carea' id='block_1_16' title="bbox 418 1379 1993 1452">
    <p class='ocr_par' dir='ltr' id='par_1_16' title="bbox 418 1379 1993 1452">
     <span class='ocr_line' id='line_1_16' title="bbox 418 1379 1993 1452; baseline -0.004 -13"><span class='ocrx_word' id='word_1_90' title='bbox 418 1386 509 1449; x_wconf 90' lang='lat' dir='ltr'><strong>rit,</strong></span> <span class='ocrx_word' id='word_1_91' title='bbox 545 1394 599 1438; x_wconf 91' lang='lat' dir='ltr'><strong>et</strong></span> <span class='ocrx_word' id='word_1_92' title='bbox 640 1383 716 1437; x_wconf 87' lang='lat' dir='ltr'><strong>illi</strong></span> <span class='ocrx_word' id='word_1_93' title='bbox 758 1382 961 1452; x_wconf 57' lang='lat' dir='ltr'><strong>praebet</strong></span> <span class='ocrx_word' id='word_1_94' title='bbox 990 1380 1155 1451; x_wconf 87' lang='lat' dir='ltr'><strong>hujus</strong></span> <span class='ocrx_word' id='word_1_95' title='bbox 1186 1382 1580 1435; x_wconf 86' lang='lat' dir='ltr'><strong>narrationem.</strong></span> <span class='ocrx_word' id='word_1_96' title='bbox 1624 1379 1857 1433; x_wconf 82' lang='lat' dir='ltr'><strong>Ruinam</strong></span> <span class='ocrx_word' id='word_1_97' title='bbox 1905 1379 1993 1434; x_wconf 85' lang='lat' dir='ltr'><strong>hic</strong></span> 
     </span>
    </p>
   </div>
   <div class='ocr_carea' id='block_1_17' title="bbox 418 1471 1994 1544">
    <p class='ocr_par' dir='ltr' id='par_1_17' title="bbox 418 1471 1994 1544">
     <span class='ocr_line' id='line_1_17' title="bbox 418 1471 1994 1544; baseline -0.006 -13"><span class='ocrx_word' id='word_1_98' title='bbox 418 1477 551 1531; x_wconf 91' lang='lat' dir='ltr'><strong>dicit</strong></span> <span class='ocrx_word' id='word_1_99' title='bbox 581 1490 771 1530; x_wconf 88' lang='lat' dir='ltr'><strong>eorum</strong></span> <span class='ocrx_word' id='word_1_100' title='bbox 801 1474 894 1544; x_wconf 91' lang='lat' dir='ltr'><strong>qui</strong></span> <span class='ocrx_word' id='word_1_101' title='bbox 937 1488 968 1528; x_wconf 93' lang='lat' dir='ltr'><strong>e</strong></span> <span class='ocrx_word' id='word_1_102' title='bbox 994 1472 1102 1528; x_wconf 81' lang='lat' dir='ltr'><strong>ﬁde</strong></span> <span class='ocrx_word' id='word_1_103' title='bbox 1137 1472 1190 1526; x_wconf 92' lang='lat' dir='ltr'><strong>in</strong></span> <span class='ocrx_word' id='word_1_104' title='bbox 1230 1471 1507 1526; x_wconf 81' lang='lat' dir='ltr'><strong>Christum</strong></span> <span class='ocrx_word' id='word_1_105' title='bbox 1549 1481 1603 1525; x_wconf 91' lang='lat' dir='ltr'><strong>et</strong></span> <span class='ocrx_word' id='word_1_106' title='bbox 1641 1471 1840 1540; x_wconf 87' lang='lat' dir='ltr'><strong>pietate</strong></span> <span class='ocrx_word' id='word_1_107' title='bbox 1872 1484 1994 1524; x_wconf 86' lang='lat' dir='ltr'><strong>cor-</strong></span> 
     </span>
    </p>
   </div>
   <div class='ocr_carea' id='block_1_18' title="bbox 416 1562 1996 1635">
    <p class='ocr_par' dir='ltr' id='par_1_18' title="bbox 416 1562 1996 1635">
     <span class='ocr_line' id='line_1_18' title="bbox 416 1562 1996 1635; baseline -0.005 -12"><span class='ocrx_word' id='word_1_108' title='bbox 416 1576 606 1635; x_wconf 86' lang='lat' dir='ltr'><strong>ruent;</strong></span> <span class='ocrx_word' id='word_1_109' title='bbox 650 1566 1088 1621; x_wconf 77' lang='lat' dir='ltr'><strong>resurrectionem</strong></span> <span class='ocrx_word' id='word_1_110' title='bbox 1136 1575 1338 1630; x_wconf 89' lang='lat' dir='ltr'><strong>autem,</strong></span> <span class='ocrx_word' id='word_1_111' title='bbox 1379 1578 1567 1619; x_wconf 86' lang='lat' dir='ltr'><strong>eorum</strong></span> <span class='ocrx_word' id='word_1_112' title='bbox 1610 1564 1700 1633; x_wconf 87' lang='lat' dir='ltr'><strong>qui</strong></span> <span class='ocrx_word' id='word_1_113' title='bbox 1743 1562 1893 1617; x_wconf 87' lang='lat' dir='ltr'><strong>illum</strong></span> <span class='ocrx_word' id='word_1_114' title='bbox 1937 1571 1996 1616; x_wconf 88' lang='lat' dir='ltr'><strong>ut</strong></span> 
     </span>
    </p>
   </div>
   <div class='ocr_carea' id='block_1_19' title="bbox 419 1653 1248 1727">
    <p class='ocr_par' dir='ltr' id='par_1_19' title="bbox 419 1653 1248 1727">
     <span class='ocr_line' id='line_1_19' title="bbox 419 1653 1248 1727; baseline -0.006 -15"><span class='ocrx_word' id='word_1_115' title='bbox 419 1656 757 1713; x_wconf 88' lang='lat' dir='ltr'><strong>Salvatorem</strong></span> <span class='ocrx_word' id='word_1_116' title='bbox 788 1662 1086 1727; x_wconf 79' lang='lat' dir='ltr'><strong>agnoscent</strong></span> <span class='ocrx_word' id='word_1_117' title='bbox 1113 1653 1248 1723; x_wconf 63' lang='lat'><strong>(18).</strong></span> 
     </span>
    </p>
   </div>
   <div class='ocr_carea' id='block_1_20' title="bbox 496 1823 1998 1899">
    <p class='ocr_par' dir='ltr' id='par_1_20' title="bbox 496 1823 1998 1899">
     <span class='ocr_line' id='line_1_20' title="bbox 496 1823 1998 1899; baseline -0.009 -7"><span class='ocrx_word' id='word_1_118' title='bbox 496 1838 691 1893; x_wconf 77' lang='grc' dir='ltr'>ΡΙιοιὶἱ.</span> <span class='ocrx_word' id='word_1_119' title='bbox 754 1833 1134 1891; x_wconf 67' lang='lat' dir='ltr'><strong>Sanctissimae</strong></span> <span class='ocrx_word' id='word_1_120' title='bbox 1183 1840 1238 1885; x_wconf 78' lang='lat' dir='ltr'><strong>et</strong></span> <span class='ocrx_word' id='word_1_121' title='bbox 1289 1844 1505 1899; x_wconf 83' lang='lat' dir='ltr'><strong>semper</strong></span> <span class='ocrx_word' id='word_1_122' title='bbox 1547 1826 1773 1899; x_wconf 78' lang='lat' dir='ltr'><strong>virginis</strong></span> <span class='ocrx_word' id='word_1_123' title='bbox 1816 1823 1998 1879; x_wconf 73' lang='lat' dir='ltr'><strong>Mariae</strong></span> 
     </span>
    </p>
   </div>
   <div class='ocr_carea' id='block_1_21' title="bbox 420 1918 1997 2001">
    <p class='ocr_par' dir='ltr' id='par_1_21' title="bbox 420 1918 1997 2001">
     <span class='ocr_line' id='line_1_21' title="bbox 420 1918 1997 2001; baseline -0.008 -15"><span class='ocrx_word' id='word_1_124' title='bbox 420 1932 660 1987; x_wconf 90' lang='lat' dir='ltr'><strong>animam</strong></span> <span class='ocrx_word' id='word_1_125' title='bbox 698 1929 912 2001; x_wconf 89' lang='lat' dir='ltr'><strong>gladius</strong></span> <span class='ocrx_word' id='word_1_126' title='bbox 954 1926 1285 1997; x_wconf 82' lang='lat' dir='ltr'><strong>pertransiit,</strong></span> <span class='ocrx_word' id='word_1_127' title='bbox 1329 1926 1400 1978; x_wconf 89' lang='lat' dir='ltr'><strong>ob</strong></span> <span class='ocrx_word' id='word_1_128' title='bbox 1441 1923 1614 1991; x_wconf 84' lang='lat' dir='ltr'><strong>ipsam</strong></span> <span class='ocrx_word' id='word_1_129' title='bbox 1661 1918 1997 1975; x_wconf 81' lang='lat' dir='ltr'><strong>salutiferam</strong></span> 
     </span>
    </p>
   </div>
   <div class='ocr_carea' id='block_1_22' title="bbox 420 2010 2000 2090">
    <p class='ocr_par' dir='ltr' id='par_1_22' title="bbox 420 2010 2000 2090">
     <span class='ocr_line' id='line_1_22' title="bbox 420 2010 2000 2090; baseline -0.009 -13"><span class='ocrx_word' id='word_1_130' title='bbox 420 2022 629 2078; x_wconf 77' lang='lat' dir='ltr'><strong>Christi</strong></span> <span class='ocrx_word' id='word_1_131' title='bbox 662 2020 1001 2090; x_wconf 80' lang='lat' dir='ltr'><strong>passionem,</strong></span> <span class='ocrx_word' id='word_1_132' title='bbox 1036 2032 1146 2070; x_wconf 91' lang='lat' dir='ltr'><strong>non</strong></span> <span class='ocrx_word' id='word_1_133' title='bbox 1179 2025 1241 2069; x_wconf 93' lang='lat' dir='ltr'><strong>ut</strong></span> <span class='ocrx_word' id='word_1_134' title='bbox 1266 2014 1447 2069; x_wconf 90' lang='lat' dir='ltr'><strong>dubiis</strong></span> <span class='ocrx_word' id='word_1_135' title='bbox 1477 2011 1765 2067; x_wconf 87' lang='lat' dir='ltr'><strong>sententiis</strong></span> <span class='ocrx_word' id='word_1_136' title='bbox 1798 2010 2000 2079; x_wconf 86' lang='lat' dir='ltr'><strong>agitata</strong></span> 
     </span>
    </p>
   </div>
   <div class='ocr_carea' id='block_1_23' title="bbox 425 2104 2002 2177">
    <p class='ocr_par' dir='ltr' id='par_1_23' title="bbox 425 2104 2002 2177">
     <span class='ocr_line' id='line_1_23' title="bbox 425 2104 2002 2177; baseline -0.01 -8"><span class='ocrx_word' id='word_1_137' title='bbox 425 2116 515 2176; x_wconf 89' lang='lat' dir='ltr'><strong>sit,</strong></span> <span class='ocrx_word' id='word_1_138' title='bbox 570 2126 675 2166; x_wconf 90' lang='lat' dir='ltr'><strong>nec</strong></span> <span class='ocrx_word' id='word_1_139' title='bbox 716 2108 1117 2165; x_wconf 88' lang='lat' dir='ltr'><strong>incredulitatis</strong></span> <span class='ocrx_word' id='word_1_140' title='bbox 1160 2106 1359 2177; x_wconf 85' lang='lat' dir='ltr'><strong>jaculis</strong></span> <span class='ocrx_word' id='word_1_141' title='bbox 1404 2104 1718 2168; x_wconf 89' lang='lat' dir='ltr'><strong>vulnerata;</strong></span> <span class='ocrx_word' id='word_1_142' title='bbox 1765 2116 1865 2156; x_wconf 92' lang='lat' dir='ltr'><strong>nec</strong></span> <span class='ocrx_word' id='word_1_143' title='bbox 1902 2115 2002 2171; x_wconf 94' lang='lat' dir='ltr'><strong>pro</strong></span> 
     </span>
    </p>
   </div>
   <div class='ocr_carea' id='block_1_24' title="bbox 426 2197 2003 2273">
    <p class='ocr_par' dir='ltr' id='par_1_24' title="bbox 426 2197 2003 2273">
     <span class='ocr_line' id='line_1_24' title="bbox 426 2197 2003 2273; baseline -0.007 -14"><span class='ocrx_word' id='word_1_144' title='bbox 426 2205 514 2259; x_wconf 86' lang='lat' dir='ltr'><strong>his</strong></span> <span class='ocrx_word' id='word_1_145' title='bbox 570 2202 773 2273; x_wconf 86' lang='lat' dir='ltr'><strong>quibus</strong></span> <span class='ocrx_word' id='word_1_146' title='bbox 829 2201 1121 2272; x_wconf 75' lang='lat' dir='ltr'><strong>gaudebat,</strong></span> <span class='ocrx_word' id='word_1_147' title='bbox 1184 2200 1428 2253; x_wconf 89' lang='lat' dir='ltr'><strong>dolorem</strong></span> <span class='ocrx_word' id='word_1_148' title='bbox 1486 2206 1850 2262; x_wconf 90' lang='lat' dir='ltr'><strong>commutans,</strong></span> <span class='ocrx_word' id='word_1_149' title='bbox 1907 2197 2003 2250; x_wconf 90' lang='lat' dir='ltr'><strong>sed</strong></span> 
     </span>
    </p>
   </div>
   <div class='ocr_carea' id='block_1_25' title="bbox 2084 466 3654 539">
    <p class='ocr_par' dir='ltr' id='par_1_25' title="bbox 2084 466 3654 539">
     <span class='ocr_line' id='line_1_25' title="bbox 2084 466 3654 539; baseline 0 -16"><span class='ocrx_word' id='word_1_150' title='bbox 2084 468 2176 523; x_wconf 97' lang='grc' dir='ltr'><strong>θεν</strong></span> <span class='ocrx_word' id='word_1_151' title='bbox 2200 466 2339 538; x_wconf 81' lang='grc' dir='ltr'>πρὸς</span> <span class='ocrx_word' id='word_1_152' title='bbox 2370 467 2539 538; x_wconf 91' lang='grc' dir='ltr'>μόνην</span> <span class='ocrx_word' id='word_1_153' title='bbox 2572 466 2672 539; x_wconf 83' lang='grc' dir='ltr'>τὴν</span> <span class='ocrx_word' id='word_1_154' title='bbox 2722 467 2936 539; x_wconf 84' lang='grc' dir='ltr'>μητέρα</span> <span class='ocrx_word' id='word_1_155' title='bbox 2966 467 3304 539; x_wconf 79' lang='grc' dir='ltr'><strong>ἀποστρέφει</strong></span> <span class='ocrx_word' id='word_1_156' title='bbox 3334 469 3427 523; x_wconf 81' lang='grc' dir='ltr'><strong>τὸν</strong></span> <span class='ocrx_word' id='word_1_157' title='bbox 3475 469 3654 539; x_wconf 90' lang='grc' dir='ltr'>λόγον.</span> 
     </span>
    </p>
   </div>
   <div class='ocr_carea' id='block_1_26' title="bbox 2083 558 3659 631">
    <p class='ocr_par' dir='ltr' id='par_1_26' title="bbox 2083 558 3659 631">
     <span class='ocr_line' id='line_1_26' title="bbox 2083 558 3659 631; baseline 0 -16"><span class='ocrx_word' id='word_1_158' title='bbox 2083 560 2196 631; x_wconf 87' lang='grc' dir='ltr'><strong>Τῆς</strong></span> <span class='ocrx_word' id='word_1_159' title='bbox 2223 561 2323 631; x_wconf 80' lang='grc' dir='ltr'>μὲν</span> <span class='ocrx_word' id='word_1_160' title='bbox 2367 558 2477 630; x_wconf 80' lang='grc' dir='ltr'><strong>γάρ</strong></span> <span class='ocrx_word' id='word_1_161' title='bbox 2534 558 2784 629; x_wconf 80' lang='grc' dir='ltr'><strong>εὐλογίας</strong></span> <span class='ocrx_word' id='word_1_162' title='bbox 2842 559 3048 630; x_wconf 83' lang='grc' dir='ltr'><strong>ἀμφοῖν</strong></span> <span class='ocrx_word' id='word_1_163' title='bbox 3092 559 3438 629; x_wconf 88' lang='grc' dir='ltr'>μεταδίδωσι,</span> <span class='ocrx_word' id='word_1_164' title='bbox 3473 561 3573 631; x_wconf 81' lang='grc' dir='ltr'>τὴν</span> <span class='ocrx_word' id='word_1_165' title='bbox 3598 561 3659 615; x_wconf 78' lang='grc' dir='ltr'>δὲ</span> 
     </span>
    </p>
   </div>
   <div class='ocr_carea' id='block_1_27' title="bbox 2083 650 3662 727">
    <p class='ocr_par' dir='ltr' id='par_1_27' title="bbox 2083 650 3662 727">
     <span class='ocr_line' id='line_1_27' title="bbox 2083 650 3662 727; baseline 0 -20"><span class='ocrx_word' id='word_1_166' title='bbox 2083 655 2387 727; x_wconf 77' lang='grc' dir='ltr'>πρόρρησιν</span> <span class='ocrx_word' id='word_1_167' title='bbox 2411 654 2522 709; x_wconf 85' lang='grc' dir='ltr'><strong>τῶν</strong></span> <span class='ocrx_word' id='word_1_168' title='bbox 2556 651 3030 724; x_wconf 79' lang='grc' dir='ltr'>ἀπορρητοτέρων,</span> <span class='ocrx_word' id='word_1_169' title='bbox 3061 653 3128 721; x_wconf 80' lang='grc' dir='ltr'>τῇ</span> <span class='ocrx_word' id='word_1_170' title='bbox 3179 650 3347 722; x_wconf 74' lang='grc' dir='ltr'>μητρὶ</span> <span class='ocrx_word' id='word_1_171' title='bbox 3394 652 3662 722; x_wconf 81' lang='grc' dir='ltr'><strong>προσάγει</strong></span> 
     </span>
    </p>
   </div>
   <div class='ocr_carea' id='block_1_28' title="bbox 2089 739 3662 816">
    <p class='ocr_par' dir='ltr' id='par_1_28' title="bbox 2089 739 3662 816">
     <span class='ocr_line' id='line_1_28' title="bbox 2089 739 3662 816; baseline -0.003 -18"><span class='ocrx_word' id='word_1_172' title='bbox 2089 744 2249 816; x_wconf 85' lang='grc' dir='ltr'>μόνῃ,</span> <span class='ocrx_word' id='word_1_173' title='bbox 2285 744 2372 799; x_wconf 73' lang='grc' dir='ltr'>ἵνα</span> <span class='ocrx_word' id='word_1_174' title='bbox 2401 743 2491 797; x_wconf 85' lang='grc' dir='ltr'>διὰ</span> <span class='ocrx_word' id='word_1_175' title='bbox 2513 741 2610 813; x_wconf 79' lang='grc' dir='ltr'><strong>μὲν</strong></span> <span class='ocrx_word' id='word_1_176' title='bbox 2630 743 2729 810; x_wconf 83' lang='grc' dir='ltr'><strong>τῆς</strong></span> <span class='ocrx_word' id='word_1_177' title='bbox 2755 740 2940 810; x_wconf 83' lang='grc' dir='ltr'><strong>κοινῆς</strong></span> <span class='ocrx_word' id='word_1_178' title='bbox 2970 739 3221 808; x_wconf 80' lang='grc' dir='ltr'><strong>εὐλογίας</strong></span> <span class='ocrx_word' id='word_1_179' title='bbox 3258 739 3353 793; x_wconf 92' lang='grc' dir='ltr'><strong>τοῦ</strong></span> <span class='ocrx_word' id='word_1_180' title='bbox 3384 742 3662 811; x_wconf 86' lang='grc' dir='ltr'>σχήματος</span> 
     </span>
    </p>
   </div>
   <div class='ocr_carea' id='block_1_29' title="bbox 2084 830 3664 905">
    <p class='ocr_par' dir='ltr' id='par_1_29' title="bbox 2084 830 3664 905">
     <span class='ocr_line' id='line_1_29' title="bbox 2084 830 3664 905; baseline 0.001 -18"><span class='ocrx_word' id='word_1_181' title='bbox 2084 835 2194 889; x_wconf 85' lang='grc' dir='ltr'><strong>τῶν</strong></span> <span class='ocrx_word' id='word_1_182' title='bbox 2217 834 2577 905; x_wconf 84' lang='grc' dir='ltr'><strong>γεννητόρων,</strong></span> <span class='ocrx_word' id='word_1_183' title='bbox 2603 831 2679 904; x_wconf 83' lang='grc' dir='ltr'>μὴ</span> <span class='ocrx_word' id='word_1_184' title='bbox 2703 830 3080 902; x_wconf 68' lang='grc' dir='ltr'>ἀπογυμνώσῃ</span> <span class='ocrx_word' id='word_1_185' title='bbox 3105 831 3197 884; x_wconf 82' lang='grc' dir='ltr'><strong>τὸν</strong></span> <span class='ocrx_word' id='word_1_186' title='bbox 3228 831 3427 903; x_wconf 78' lang='grc' dir='ltr'>Ἰωσήφ</span> <span class='ocrx_word' id='word_1_187' title='bbox 3452 851 3465 865; x_wconf 88' lang='grc'>·</span> <span class='ocrx_word' id='word_1_188' title='bbox 3490 833 3579 887; x_wconf 87' lang='grc' dir='ltr'>διὰ</span> <span class='ocrx_word' id='word_1_189' title='bbox 3604 835 3664 888; x_wconf 77' lang='grc' dir='ltr'>δὲ</span> 
     </span>
    </p>
   </div>
   <div class='ocr_carea' id='block_1_30' title="bbox 2086 922 3665 998">
    <p class='ocr_par' dir='ltr' id='par_1_30' title="bbox 2086 922 3665 998">
     <span class='ocr_line' id='line_1_30' title="bbox 2086 922 3665 998; baseline -0.001 -18"><span class='ocrx_word' id='word_1_190' title='bbox 2086 928 2195 980; x_wconf 84' lang='grc' dir='ltr'><strong>τῶν</strong></span> <span class='ocrx_word' id='word_1_191' title='bbox 2220 927 2355 998; x_wconf 81' lang='grc' dir='ltr'>πρὸς</span> <span class='ocrx_word' id='word_1_192' title='bbox 2376 926 2475 996; x_wconf 84' lang='grc' dir='ltr'>τὴν</span> <span class='ocrx_word' id='word_1_193' title='bbox 2517 925 2729 995; x_wconf 86' lang='grc' dir='ltr'>μητέρα</span> <span class='ocrx_word' id='word_1_194' title='bbox 2769 922 2963 992; x_wconf 89' lang='grc' dir='ltr'>λόγων,</span> <span class='ocrx_word' id='word_1_195' title='bbox 2994 924 3094 994; x_wconf 83' lang='grc' dir='ltr'>τὴν</span> <span class='ocrx_word' id='word_1_196' title='bbox 3128 923 3402 995; x_wconf 80' lang='grc' dir='ltr'>Παρθένον</span> <span class='ocrx_word' id='word_1_197' title='bbox 3453 925 3665 980; x_wconf 84' lang='grc' dir='ltr'>ἐκείνου</span> 
     </span>
    </p>
   </div>
   <div class='ocr_carea' id='block_1_31' title="bbox 2086 1015 3667 1090">
    <p class='ocr_par' dir='ltr' id='par_1_31' title="bbox 2086 1015 3667 1090">
     <span class='ocr_line' id='line_1_31' title="bbox 2086 1015 3667 1090; baseline 0.001 -18"><span class='ocrx_word' id='word_1_198' title='bbox 2086 1018 2410 1082; x_wconf 75' lang='grc' dir='ltr'>διαστείλας,</span> <span class='ocrx_word' id='word_1_199' title='bbox 2445 1020 2543 1088; x_wconf 82' lang='grc' dir='ltr'><strong>τὴν</strong></span> <span class='ocrx_word' id='word_1_200' title='bbox 2571 1021 2646 1080; x_wconf 85' lang='grc' dir='ltr'><strong>ὡς</strong></span> <span class='ocrx_word' id='word_1_201' title='bbox 2700 1015 2915 1086; x_wconf 84' lang='grc' dir='ltr'>άληθῶς</span> <span class='ocrx_word' id='word_1_202' title='bbox 2953 1015 3276 1087; x_wconf 78' lang='grc' dir='ltr'>άνακηρύξῃ</span> <span class='ocrx_word' id='word_1_203' title='bbox 3332 1017 3565 1089; x_wconf 90' lang='grc' dir='ltr'>μητέρα,</span> <span class='ocrx_word' id='word_1_204' title='bbox 3593 1018 3667 1090; x_wconf 75' lang='grc' dir='ltr'>ἢν</span> 
     </span>
    </p>
   </div>
   <div class='ocr_carea' id='block_1_32' title="bbox 2088 1094 3669 1181">
    <p class='ocr_par' dir='ltr' id='par_1_32' title="bbox 2088 1094 3669 1181">
     <span class='ocr_line' id='line_1_32' title="bbox 2088 1094 3669 1181; baseline 0 -16"><span class='ocrx_word' id='word_1_205' title='bbox 2088 1113 2183 1166; x_wconf 72' lang='grc' dir='ltr'>καὶ</span> <span class='ocrx_word' id='word_1_206' title='bbox 2207 1111 2419 1180; x_wconf 79' lang='grc' dir='ltr'>εὐλογεῖ</span> <span class='ocrx_word' id='word_1_207' title='bbox 2441 1110 2517 1174; x_wconf 85' lang='grc' dir='ltr'>ὼς</span> <span class='ocrx_word' id='word_1_208' title='bbox 2559 1109 2985 1181; x_wconf 84' lang='grc' dir='ltr'>ὑπηρετήσασαν</span> <span class='ocrx_word' id='word_1_209' title='bbox 3015 1107 3137 1179; x_wconf 80' lang='grc' dir='ltr'>θείᾳ</span> <span class='ocrx_word' id='word_1_210' title='bbox 3176 1094 3357 1180; x_wconf 78' lang='grc' dir='ltr'>βουλῇ.</span> <span class='ocrx_word' id='word_1_211' title='bbox 3386 1109 3521 1164; x_wconf 76' lang='grc' dir='ltr'>Εἶτα</span> <span class='ocrx_word' id='word_1_212' title='bbox 3571 1114 3669 1165; x_wconf 76' lang='grc' dir='ltr'>καὶ</span> 
     </span>
    </p>
   </div>
   <div class='ocr_carea' id='block_1_33' title="bbox 2088 1194 3670 1271">
    <p class='ocr_par' dir='ltr' id='par_1_33' title="bbox 2088 1194 3670 1271">
     <span class='ocr_line' id='line_1_33' title="bbox 2088 1194 3670 1271; baseline 0.001 -16"><span class='ocrx_word' id='word_1_213' title='bbox 2088 1201 2395 1271; x_wconf 79' lang='grc' dir='ltr'><strong>διαλέγεται</strong></span> <span class='ocrx_word' id='word_1_214' title='bbox 2421 1201 2559 1271; x_wconf 78' lang='grc' dir='ltr'>πρὸς</span> <span class='ocrx_word' id='word_1_215' title='bbox 2610 1201 2802 1270; x_wconf 85' lang='grc' dir='ltr'>αὑτήν·</span> <span class='ocrx_word' id='word_1_216' title='bbox 2838 1194 3029 1266; x_wconf 83' lang='grc' dir='ltr'>Οὗτος</span> <span class='ocrx_word' id='word_1_217' title='bbox 3070 1198 3258 1254; x_wconf 79' lang='grc' dir='ltr'>κεῖται</span> <span class='ocrx_word' id='word_1_218' title='bbox 3313 1202 3394 1267; x_wconf 81' lang='grc' dir='ltr'><strong>εἰς</strong></span> <span class='ocrx_word' id='word_1_219' title='bbox 3435 1201 3670 1256; x_wconf 82' lang='grc' dir='ltr'>πτῶσιν</span> 
     </span>
    </p>
   </div>
   <div class='ocr_carea' id='block_1_34' title="bbox 2089 1287 3667 1363">
    <p class='ocr_par' dir='ltr' id='par_1_34' title="bbox 2089 1287 3667 1363">
     <span class='ocr_line' id='line_1_34' title="bbox 2089 1287 3667 1363; baseline 0 -18"><span class='ocrx_word' id='word_1_220' title='bbox 2089 1291 2188 1345; x_wconf 81' lang='grc' dir='ltr'><strong>καί</strong></span> <span class='ocrx_word' id='word_1_221' title='bbox 2205 1290 2547 1346; x_wconf 80' lang='grc' dir='ltr'><em>ἀνάστασιν</em></span> <span class='ocrx_word' id='word_1_222' title='bbox 2565 1288 2811 1345; x_wconf 77' lang='grc' dir='ltr'>πολλῶν</span> <span class='ocrx_word' id='word_1_223' title='bbox 2829 1289 2901 1345; x_wconf 75' lang='grc' dir='ltr'><strong>ἐν</strong></span> <span class='ocrx_word' id='word_1_224' title='bbox 2922 1290 3002 1357; x_wconf 85' lang='grc' dir='ltr'>τῷ</span> <span class='ocrx_word' id='word_1_225' title='bbox 3034 1287 3305 1360; x_wconf 76' lang='grc' dir='ltr'>Ἰσραήλ.</span> <span class='ocrx_word' id='word_1_226' title='bbox 3333 1292 3498 1363; x_wconf 82' lang='grc' dir='ltr'>Ὁρᾷς</span> <span class='ocrx_word' id='word_1_227' title='bbox 3518 1293 3667 1356; x_wconf 84' lang='grc' dir='ltr'>ὅπως</span> 
     </span>
    </p>
   </div>
   <div class='ocr_carea' id='block_1_35' title="bbox 2090 1380 3670 1454">
    <p class='ocr_par' dir='ltr' id='par_1_35' title="bbox 2090 1380 3670 1454">
     <span class='ocr_line' id='line_1_35' title="bbox 2090 1380 3670 1454; baseline 0.001 -19"><span class='ocrx_word' id='word_1_228' title='bbox 2090 1382 2219 1452; x_wconf 80' lang='grc' dir='ltr'>ὃλην</span> <span class='ocrx_word' id='word_1_229' title='bbox 2250 1380 2343 1435; x_wconf 89' lang='grc' dir='ltr'><strong>τοῦ</strong></span> <span class='ocrx_word' id='word_1_230' title='bbox 2374 1381 2673 1453; x_wconf 82' lang='grc' dir='ltr'><strong>μυστηρίου</strong></span> <span class='ocrx_word' id='word_1_231' title='bbox 2702 1381 2801 1453; x_wconf 82' lang='grc' dir='ltr'>τὴν</span> <span class='ocrx_word' id='word_1_232' title='bbox 2838 1381 3149 1453; x_wconf 77' lang='grc' dir='ltr'>οἰκονομίαν</span> <span class='ocrx_word' id='word_1_233' title='bbox 3187 1384 3323 1453; x_wconf 77' lang='grc' dir='ltr'>πρὸς</span> <span class='ocrx_word' id='word_1_234' title='bbox 3371 1384 3471 1454; x_wconf 85' lang='grc' dir='ltr'>τὴν</span> <span class='ocrx_word' id='word_1_235' title='bbox 3522 1384 3670 1454; x_wconf 88' lang='grc' dir='ltr'>Παρ-</span> 
     </span>
    </p>
   </div>
   <div class='ocr_carea' id='block_1_36' title="bbox 2094 1472 3671 1545">
    <p class='ocr_par' dir='ltr' id='par_1_36' title="bbox 2094 1472 3671 1545">
     <span class='ocr_line' id='line_1_36' title="bbox 2094 1472 3671 1545; baseline -0.001 -18"><span class='ocrx_word' id='word_1_236' title='bbox 2094 1473 2246 1527; x_wconf 88' lang='grc' dir='ltr'>θένον</span> <span class='ocrx_word' id='word_1_237' title='bbox 2272 1474 2554 1544; x_wconf 81' lang='grc' dir='ltr'>ἀναφέρει,</span> <span class='ocrx_word' id='word_1_238' title='bbox 2593 1472 2821 1545; x_wconf 76' lang='grc' dir='ltr'>κάκείνῃ</span> <span class='ocrx_word' id='word_1_239' title='bbox 2843 1476 3075 1527; x_wconf 88' lang='grc' dir='ltr'>ποιεῖται</span> <span class='ocrx_word' id='word_1_240' title='bbox 3120 1473 3220 1545; x_wconf 79' lang='grc' dir='ltr'>τὴν</span> <span class='ocrx_word' id='word_1_241' title='bbox 3254 1472 3447 1527; x_wconf 89' lang='grc' dir='ltr'>τούτου</span> <span class='ocrx_word' id='word_1_242' title='bbox 3476 1473 3671 1545; x_wconf 88' lang='grc' dir='ltr'>διήγη-</span> 
     </span>
    </p>
   </div>
   <div class='ocr_carea' id='block_1_37' title="bbox 2096 1563 3668 1636">
    <p class='ocr_par' dir='ltr' id='par_1_37' title="bbox 2096 1563 3668 1636">
     <span class='ocr_line' id='line_1_37' title="bbox 2096 1563 3668 1636; baseline 0 -17"><span class='ocrx_word' id='word_1_243' title='bbox 2096 1581 2214 1632; x_wconf 86' lang='grc' dir='ltr'>σιν;</span> <span class='ocrx_word' id='word_1_244' title='bbox 2243 1566 2339 1619; x_wconf 78' lang='grc' dir='ltr'>καὶ</span> <span class='ocrx_word' id='word_1_245' title='bbox 2378 1563 2611 1619; x_wconf 81' lang='grc' dir='ltr'><strong>πτῶσιν</strong></span> <span class='ocrx_word' id='word_1_246' title='bbox 2640 1565 2740 1636; x_wconf 83' lang='grc' dir='ltr'><strong>μὲν</strong></span> <span class='ocrx_word' id='word_1_247' title='bbox 2764 1565 2913 1634; x_wconf 82' lang='grc' dir='ltr'>λέγει</span> <span class='ocrx_word' id='word_1_248' title='bbox 2955 1564 3209 1629; x_wconf 87' lang='grc' dir='ltr'>ἐνταῦθα,</span> <span class='ocrx_word' id='word_1_249' title='bbox 3241 1565 3349 1619; x_wconf 84' lang='grc' dir='ltr'><strong>τῶν</strong></span> <span class='ocrx_word' id='word_1_250' title='bbox 3377 1567 3668 1619; x_wconf 79' lang='grc' dir='ltr'>ἐκπεπτω-</span> 
     </span>
    </p>
   </div>
   <div class='ocr_carea' id='block_1_38' title="bbox 2096 1653 3669 1726">
    <p class='ocr_par' dir='ltr' id='par_1_38' title="bbox 2096 1653 3669 1726">
     <span class='ocr_line' id='line_1_38' title="bbox 2096 1653 3669 1726; baseline 0.001 -19"><span class='ocrx_word' id='word_1_251' title='bbox 2096 1655 2271 1707; x_wconf 86' lang='grc' dir='ltr'>κότων</span> <span class='ocrx_word' id='word_1_252' title='bbox 2294 1656 2392 1726; x_wconf 83' lang='grc' dir='ltr'>τῆς</span> <span class='ocrx_word' id='word_1_253' title='bbox 2419 1657 2499 1719; x_wconf 90' lang='grc' dir='ltr'><strong>εἰς</strong></span> <span class='ocrx_word' id='word_1_254' title='bbox 2529 1655 2763 1726; x_wconf 83' lang='grc' dir='ltr'>Χριστὸν</span> <span class='ocrx_word' id='word_1_255' title='bbox 2806 1654 3041 1718; x_wconf 85' lang='grc' dir='ltr'>πίστεως</span> <span class='ocrx_word' id='word_1_256' title='bbox 3070 1656 3167 1707; x_wconf 74' lang='grc' dir='ltr'><strong>καί¹</strong></span> <span class='ocrx_word' id='word_1_257' title='bbox 3193 1653 3495 1717; x_wconf 75' lang='grc' dir='ltr'>εὐσεϐείαςο</span> <span class='ocrx_word' id='word_1_258' title='bbox 3524 1653 3669 1708; x_wconf 80' lang='grc' dir='ltr'><strong>ἀνά-</strong></span> 
     </span>
    </p>
   </div>
   <div class='ocr_carea' id='block_1_39' title="bbox 2024 1721 3367 1817">
    <p class='ocr_par' dir='ltr' id='par_1_39' title="bbox 2024 1721 3367 1817">
     <span class='ocr_line' id='line_1_39' title="bbox 2024 1721 3367 1817; baseline 0 -17"><span class='ocrx_word' id='word_1_259' title='bbox 2024 1721 2072 1781; x_wconf 74' lang='lat' dir='ltr'><strong>B</strong></span> <span class='ocrx_word' id='word_1_260' title='bbox 2098 1760 2325 1800; x_wconf 78' lang='grc' dir='ltr'>στάσιν</span> <span class='ocrx_word' id='word_1_261' title='bbox 2346 1721 2425 1811; x_wconf 82' lang='grc' dir='ltr'><strong>δὲ,</strong></span> <span class='ocrx_word' id='word_1_262' title='bbox 2459 1745 2567 1799; x_wconf 88' lang='grc' dir='ltr'><strong>τῶν</strong></span> <span class='ocrx_word' id='word_1_263' title='bbox 2585 1721 2982 1816; x_wconf 30' lang='grc' dir='ltr'>*ἐπεγνωκότων</span> <span class='ocrx_word' id='word_1_264' title='bbox 3001 1746 3092 1799; x_wconf 83' lang='grc' dir='ltr'><strong>τὸν</strong></span> <span class='ocrx_word' id='word_1_265' title='bbox 3117 1747 3367 1817; x_wconf 85' lang='grc' dir='ltr'><strong>Σωτῆρα.</strong></span> 
     </span>
    </p>
   </div>
   <div class='ocr_carea' id='block_1_40' title="bbox 2170 1834 3674 1910">
    <p class='ocr_par' dir='ltr' id='par_1_40' title="bbox 2170 1834 3674 1910">
     <span class='ocr_line' id='line_1_40' title="bbox 2170 1834 3674 1910; baseline -0.001 -19"><span class='ocrx_word' id='word_1_266' title='bbox 2170 1834 2247 1908; x_wconf 83' lang='grc' dir='ltr'>[ρ.</span> <span class='ocrx_word' id='word_1_267' title='bbox 2274 1837 2364 1893; x_wconf 75' lang='grc'><strong>40.</strong></span> <span class='ocrx_word' id='word_1_268' title='bbox 2385 1835 2464 1910; x_wconf 85' lang='lat' dir='ltr'><strong>a.]</strong></span> <span class='ocrx_word' id='word_1_269' title='bbox 2491 1838 2739 1892; x_wconf 83' lang='grc' dir='ltr'>Φωτίου.</span> <span class='ocrx_word' id='word_1_270' title='bbox 2771 1837 2885 1907; x_wconf 82' lang='grc' dir='ltr'><strong>Τῆς</strong></span> <span class='ocrx_word' id='word_1_271' title='bbox 2916 1838 3187 1904; x_wconf 88' lang='grc' dir='ltr'>παναγίας</span> <span class='ocrx_word' id='word_1_272' title='bbox 3224 1839 3331 1910; x_wconf 56' lang='grc' dir='ltr'>ναὶ</span> <span class='ocrx_word' id='word_1_273' title='bbox 3381 1838 3472 1891; x_wconf 86' lang='grc' dir='ltr'>ἀει</span> <span class='ocrx_word' id='word_1_274' title='bbox 3529 1854 3674 1909; x_wconf 82' lang='grc' dir='ltr'>παρ-</span> 
     </span>
    </p>
   </div>
   <div class='ocr_carea' id='block_1_41' title="bbox 2099 1928 3672 2002">
    <p class='ocr_par' dir='ltr' id='par_1_41' title="bbox 2099 1928 3672 2002">
     <span class='ocr_line' id='line_1_41' title="bbox 2099 1928 3672 2002; baseline -0.001 -20"><span class='ocrx_word' id='word_1_275' title='bbox 2099 1928 2252 1983; x_wconf 89' lang='grc' dir='ltr'>θένου</span> <span class='ocrx_word' id='word_1_276' title='bbox 2281 1929 2501 2001; x_wconf 84' lang='grc' dir='ltr'>Μαρίας</span> <span class='ocrx_word' id='word_1_277' title='bbox 2559 1930 2657 2002; x_wconf 85' lang='grc' dir='ltr'><strong>τὴν</strong></span> <span class='ocrx_word' id='word_1_278' title='bbox 2683 1929 2862 2001; x_wconf 80' lang='grc' dir='ltr'>ψυχὴν</span> <span class='ocrx_word' id='word_1_279' title='bbox 2893 1929 3138 2001; x_wconf 77' lang='grc' dir='ltr'>ῥομφαία</span> <span class='ocrx_word' id='word_1_280' title='bbox 3180 1929 3384 2001; x_wconf 80' lang='grc' dir='ltr'>διῆλθε,</span> <span class='ocrx_word' id='word_1_281' title='bbox 3419 1930 3541 1984; x_wconf 80' lang='grc' dir='ltr'>κατ’</span> <span class='ocrx_word' id='word_1_282' title='bbox 3570 1930 3672 1983; x_wconf 85' lang='grc' dir='ltr'>αὑ-</span> 
     </span>
    </p>
   </div>
   <div class='ocr_carea' id='block_1_42' title="bbox 2099 2020 3677 2094">
    <p class='ocr_par' dir='ltr' id='par_1_42' title="bbox 2099 2020 3677 2094">
     <span class='ocr_line' id='line_1_42' title="bbox 2099 2020 3677 2094; baseline 0.003 -21"><span class='ocrx_word' id='word_1_283' title='bbox 2099 2020 2162 2073; x_wconf 85' lang='grc' dir='ltr'><strong>τδ</strong></span> <span class='ocrx_word' id='word_1_284' title='bbox 2190 2020 2252 2073; x_wconf 82' lang='grc' dir='ltr'><strong>τὸ</strong></span> <span class='ocrx_word' id='word_1_285' title='bbox 2294 2022 2561 2093; x_wconf 87' lang='grc' dir='ltr'>σωτήριον</span> <span class='ocrx_word' id='word_1_286' title='bbox 2607 2020 2701 2075; x_wconf 87' lang='grc' dir='ltr'><strong>τοῦ</strong></span> <span class='ocrx_word' id='word_1_287' title='bbox 2742 2020 2981 2094; x_wconf 82' lang='grc' dir='ltr'>Χριστοῦ</span> <span class='ocrx_word' id='word_1_288' title='bbox 3021 2022 3214 2086; x_wconf 83' lang='grc' dir='ltr'>πάθος,</span> <span class='ocrx_word' id='word_1_289' title='bbox 3253 2023 3353 2076; x_wconf 82' lang='grc' dir='ltr'><strong>οὐκ</strong></span> <span class='ocrx_word' id='word_1_290' title='bbox 3396 2022 3677 2077; x_wconf 81' lang='grc' dir='ltr'>ἐπιδιστά-</span> 
     </span>
    </p>
   </div>
   <div class='ocr_carea' id='block_1_43' title="bbox 2101 2110 3676 2183">
    <p class='ocr_par' dir='ltr' id='par_1_43' title="bbox 2101 2110 3676 2183">
     <span class='ocr_line' id='line_1_43' title="bbox 2101 2110 3676 2183; baseline 0.002 -20"><span class='ocrx_word' id='word_1_291' title='bbox 2101 2110 2255 2176; x_wconf 77' lang='grc' dir='ltr'>ζουσι</span> <span class='ocrx_word' id='word_1_292' title='bbox 2300 2110 2580 2183; x_wconf 82' lang='grc' dir='ltr'>λογισμοῖς</span> <span class='ocrx_word' id='word_1_293' title='bbox 2638 2111 2994 2183; x_wconf 85' lang='grc' dir='ltr'>βαλλομένης,</span> <span class='ocrx_word' id='word_1_294' title='bbox 3038 2113 3140 2165; x_wconf 81' lang='grc' dir='ltr'><strong>οὐκ</strong></span> <span class='ocrx_word' id='word_1_295' title='bbox 3189 2112 3447 2176; x_wconf 82' lang='grc' dir='ltr'>ἀπιστίας</span> <span class='ocrx_word' id='word_1_296' title='bbox 3494 2113 3676 2183; x_wconf 83' lang='grc' dir='ltr'>βέλεσι</span> 
     </span>
    </p>
   </div>
   <div class='ocr_carea' id='block_1_44' title="bbox 2101 2201 3679 2277">
    <p class='ocr_par' dir='ltr' id='par_1_44' title="bbox 2101 2201 3679 2277">
     <span class='ocr_line' id='line_1_44' title="bbox 2101 2201 3679 2277; baseline 0.001 -20"><span class='ocrx_word' id='word_1_297' title='bbox 2101 2203 2546 2275; x_wconf 71' lang='grc' dir='ltr'>τιτρωσκομένης</span> <span class='ocrx_word' id='word_1_298' title='bbox 2565 2220 2581 2236; x_wconf 77' lang='grc'><em>’</em></span> <span class='ocrx_word' id='word_1_299' title='bbox 2612 2203 2712 2258; x_wconf 87' lang='grc' dir='ltr'><strong>οῦκ</strong></span> <span class='ocrx_word' id='word_1_300' title='bbox 2728 2206 2815 2274; x_wconf 79' lang='grc' dir='ltr'>ἐφ’</span> <span class='ocrx_word' id='word_1_301' title='bbox 2835 2201 2915 2268; x_wconf 79' lang='grc' dir='ltr'>οἷς</span> <span class='ocrx_word' id='word_1_302' title='bbox 2936 2204 3253 2277; x_wconf 77' lang='grc' dir='ltr'>ἐχαιρε,τὴν</span> <span class='ocrx_word' id='word_1_303' title='bbox 3274 2204 3453 2275; x_wconf 82' lang='grc' dir='ltr'>λύπην</span> <span class='ocrx_word' id='word_1_304' title='bbox 3481 2204 3679 2259; x_wconf 83' lang='grc' dir='ltr'>ἀλλασ-</span> 
     </span>
    </p>
   </div>
   <div class='ocr_carea' id='block_1_45' title="bbox 426 2289 2007 2368">
    <p class='ocr_par' dir='ltr' id='par_1_45' title="bbox 426 2289 2005 2359">
     <span class='ocr_line' id='line_1_45' title="bbox 426 2289 2005 2359; baseline -0.006 -9"><span class='ocrx_word' id='word_1_305' title='bbox 426 2306 676 2351; x_wconf 89' lang='lat' dir='ltr'><strong>materna</strong></span> <span class='ocrx_word' id='word_1_306' title='bbox 722 2296 911 2349; x_wconf 90' lang='lat' dir='ltr'><strong>sinens</strong></span> <span class='ocrx_word' id='word_1_307' title='bbox 958 2293 1167 2346; x_wconf 89' lang='lat' dir='ltr'><strong>viscera</strong></span> <span class='ocrx_word' id='word_1_308' title='bbox 1242 2290 1456 2359; x_wconf 89' lang='lat' dir='ltr'><strong>propria</strong></span> <span class='ocrx_word' id='word_1_309' title='bbox 1514 2289 1739 2350; x_wconf 92' lang='lat' dir='ltr'><strong>sentire,</strong></span> <span class='ocrx_word' id='word_1_310' title='bbox 1785 2295 2005 2356; x_wconf 86' lang='lat' dir='ltr'><strong>propter</strong></span> 
     </span>
    </p>
   </div>
   <div class='ocr_carea' id='block_1_46' title="bbox 2112 2289 3680 2368">
    <p class='ocr_par' dir='ltr' id='par_1_46' title="bbox 2112 2295 3680 2368">
     <span class='ocr_line' id='line_1_46' title="bbox 2112 2295 3680 2368; baseline 0.001 -21"><span class='ocrx_word' id='word_1_311' title='bbox 2112 2296 2359 2365; x_wconf 87' lang='grc' dir='ltr'>σομένης,</span> <span class='ocrx_word' id='word_1_312' title='bbox 2414 2295 2550 2349; x_wconf 75' lang='grc' dir='ltr'><strong>ἀλλά</strong></span> <span class='ocrx_word' id='word_1_313' title='bbox 2602 2295 2846 2366; x_wconf 82' lang='grc' dir='ltr'>μητρικά</span> <span class='ocrx_word' id='word_1_314' title='bbox 2887 2296 3168 2368; x_wconf 86' lang='grc' dir='ltr'>σπλάγχνα</span> <span class='ocrx_word' id='word_1_315' title='bbox 3226 2296 3498 2367; x_wconf 85' lang='grc' dir='ltr'>διδούσης,</span> <span class='ocrx_word' id='word_1_316' title='bbox 3539 2296 3680 2368; x_wconf 79' lang='grc' dir='ltr'>πρὸς</span> 
     </span>
    </p>
   </div>
   <div class='ocr_carea' id='block_1_47' title="bbox 429 2378 2007 2459">
    <p class='ocr_par' dir='ltr' id='par_1_47' title="bbox 429 2378 2005 2457">
     <span class='ocr_line' id='line_1_47' title="bbox 429 2378 2005 2457; baseline -0.008 -14"><span class='ocrx_word' id='word_1_317' title='bbox 429 2389 733 2444; x_wconf 84' lang='lat' dir='ltr'><strong>naturalem</strong></span> <span class='ocrx_word' id='word_1_318' title='bbox 777 2384 1164 2457; x_wconf 83' lang='lat' dir='ltr'><strong>sympathiam,</strong></span> <span class='ocrx_word' id='word_1_319' title='bbox 1215 2382 1354 2436; x_wconf 83' lang='lat' dir='ltr'><strong>Filio</strong></span> <span class='ocrx_word' id='word_1_320' title='bbox 1398 2380 1685 2435; x_wconf 81' lang='lat' dir='ltr'><strong>cruciﬁxo.</strong></span> <span class='ocrx_word' id='word_1_321' title='bbox 1715 2378 2005 2444; x_wconf 85' lang='lat' dir='ltr'><strong>Quomodo</strong></span> 
     </span>
    </p>
   </div>
   <div class='ocr_carea' id='block_1_48' title="bbox 2112 2378 3677 2459">
    <p class='ocr_par' dir='ltr' id='par_1_48' title="bbox 2112 2387 3677 2459">
     <span class='ocr_line' id='line_1_48' title="bbox 2112 2387 3677 2459; baseline 0.002 -20"><span class='ocrx_word' id='word_1_322' title='bbox 2112 2387 2204 2456; x_wconf 82' lang='grc' dir='ltr'>τὴν</span> <span class='ocrx_word' id='word_1_323' title='bbox 2256 2387 2497 2457; x_wconf 78' lang='grc' dir='ltr'>ἔμφυτον</span> <span class='ocrx_word' id='word_1_324' title='bbox 2542 2389 2908 2458; x_wconf 81' lang='grc' dir='ltr'>συμπάθειαν,</span> <span class='ocrx_word' id='word_1_325' title='bbox 2960 2389 3522 2459; x_wconf 79' lang='grc' dir='ltr'>άνασκολοπιζομένου</span> <span class='ocrx_word' id='word_1_326' title='bbox 3580 2388 3677 2443; x_wconf 87' lang='grc' dir='ltr'><strong>τοῦ</strong></span> 
     </span>
    </p>
   </div>
   <div class='ocr_carea' id='block_1_49' title="bbox 428 2473 2007 2552">
    <p class='ocr_par' dir='ltr' id='par_1_49' title="bbox 428 2473 2007 2547">
     <span class='ocr_line' id='line_1_49' title="bbox 428 2473 2007 2547; baseline -0.008 -12"><span class='ocrx_word' id='word_1_327' title='bbox 428 2482 575 2535; x_wconf 91' lang='lat' dir='ltr'><strong>enim</strong></span> <span class='ocrx_word' id='word_1_328' title='bbox 603 2487 779 2534; x_wconf 88' lang='lat' dir='ltr'><strong>mater</strong></span> <span class='ocrx_word' id='word_1_329' title='bbox 811 2492 916 2532; x_wconf 92' lang='lat' dir='ltr'><strong>non</strong></span> <span class='ocrx_word' id='word_1_330' title='bbox 948 2484 1224 2547; x_wconf 90' lang='lat' dir='ltr'><strong>pateretur</strong></span> <span class='ocrx_word' id='word_1_331' title='bbox 1256 2475 1442 2530; x_wconf 89' lang='lat' dir='ltr'><strong>videns</strong></span> <span class='ocrx_word' id='word_1_332' title='bbox 1472 2473 1667 2537; x_wconf 81' lang='lat' dir='ltr'><strong>ﬁlium,</strong></span> <span class='ocrx_word' id='word_1_333' title='bbox 1697 2480 1753 2526; x_wconf 91' lang='lat' dir='ltr'><strong>et</strong></span> <span class='ocrx_word' id='word_1_334' title='bbox 1776 2484 2007 2541; x_wconf 52' lang='lat' dir='ltr'><strong>praeser-</strong></span> 
     </span>
    </p>
   </div>
   <div class='ocr_carea' id='block_1_50' title="bbox 2112 2473 3676 2552">
    <p class='ocr_par' dir='ltr' id='par_1_50' title="bbox 2112 2477 3676 2552">
     <span class='ocr_line' id='line_1_50' title="bbox 2112 2477 3676 2552; baseline 0.003 -22"><span class='ocrx_word' id='word_1_335' title='bbox 2112 2477 2259 2541; x_wconf 82' lang='grc' dir='ltr'>Υἰοῦ,</span> <span class='ocrx_word' id='word_1_336' title='bbox 2285 2477 2540 2549; x_wconf 84' lang='grc' dir='ltr'>πράττειν</span> <span class='ocrx_word' id='word_1_337' title='bbox 2561 2478 2631 2532; x_wconf 83' lang='grc' dir='ltr'>τὰ</span> <span class='ocrx_word' id='word_1_338' title='bbox 2655 2480 2848 2534; x_wconf 82' lang='grc' dir='ltr'>οἰκεῖα.</span> <span class='ocrx_word' id='word_1_339' title='bbox 2872 2480 2937 2532; x_wconf 87' lang='grc' dir='ltr'><strong>Τί</strong></span> <span class='ocrx_word' id='word_1_340' title='bbox 2966 2480 3079 2549; x_wconf 85' lang='grc' dir='ltr'>γὰρ</span> <span class='ocrx_word' id='word_1_341' title='bbox 3131 2480 3311 2552; x_wconf 79' lang='grc' dir='ltr'>μήτηρ</span> <span class='ocrx_word' id='word_1_342' title='bbox 3337 2480 3437 2533; x_wconf 84' lang='grc' dir='ltr'><strong>οὑκ</strong></span> <span class='ocrx_word' id='word_1_343' title='bbox 3465 2479 3532 2533; x_wconf 75' lang='grc' dir='ltr'>ἂν</span> <span class='ocrx_word' id='word_1_344' title='bbox 3564 2481 3676 2534; x_wconf 84' lang='grc' dir='ltr'>πά-</span> 
     </span>
    </p>
   </div>
   <div class='ocr_carea' id='block_1_51' title="bbox 431 2566 2007 2644">
    <p class='ocr_par' dir='ltr' id='par_1_51' title="bbox 431 2566 2004 2636">
     <span class='ocr_line' id='line_1_51' title="bbox 431 2566 2004 2636; baseline -0.006 -10"><span class='ocrx_word' id='word_1_345' title='bbox 431 2573 527 2627; x_wconf 82' lang='grc' dir='ltr'><strong>ιίηι</strong></span> <span class='ocrx_word' id='word_1_346' title='bbox 585 2578 785 2625; x_wconf 87' lang='lat' dir='ltr'><strong>natura</strong></span> <span class='ocrx_word' id='word_1_347' title='bbox 844 2568 1084 2622; x_wconf 86' lang='lat' dir='ltr'><strong>humana</strong></span> <span class='ocrx_word' id='word_1_348' title='bbox 1143 2567 1304 2636; x_wconf 88' lang='lat' dir='ltr'><strong>longe</strong></span> <span class='ocrx_word' id='word_1_349' title='bbox 1364 2566 1669 2629; x_wconf 89' lang='lat' dir='ltr'><strong>meliorem,</strong></span> <span class='ocrx_word' id='word_1_350' title='bbox 1714 2578 2004 2634; x_wconf 87' lang='lat' dir='ltr'><strong>pravorum</strong></span> 
     </span>
    </p>
   </div>
   <div class='ocr_carea' id='block_1_52' title="bbox 2112 2566 3681 2644">
    <p class='ocr_par' dir='ltr' id='par_1_52' title="bbox 2112 2567 3681 2644">
     <span class='ocr_line' id='line_1_52' title="bbox 2112 2567 3681 2644; baseline 0.003 -24"><span class='ocrx_word' id='word_1_351' title='bbox 2112 2567 2190 2620; x_wconf 85' lang='grc' dir='ltr'><strong>θοι</strong></span> <span class='ocrx_word' id='word_1_352' title='bbox 2222 2567 2495 2636; x_wconf 80' lang='grc' dir='ltr'>βλέπουσα</span> <span class='ocrx_word' id='word_1_353' title='bbox 2521 2568 2611 2621; x_wconf 85' lang='grc' dir='ltr'><strong>τὸν</strong></span> <span class='ocrx_word' id='word_1_354' title='bbox 2644 2568 2771 2621; x_wconf 83' lang='grc' dir='ltr'>Υἰὸν</span> <span class='ocrx_word' id='word_1_355' title='bbox 2794 2571 2887 2623; x_wconf 76' lang='grc' dir='ltr'><strong>καὶ</strong></span> <span class='ocrx_word' id='word_1_356' title='bbox 2923 2571 3159 2641; x_wconf 86' lang='grc' dir='ltr'>μάλιστα</span> <span class='ocrx_word' id='word_1_357' title='bbox 3204 2572 3303 2642; x_wconf 84' lang='grc' dir='ltr'>τῆς</span> <span class='ocrx_word' id='word_1_358' title='bbox 3332 2571 3681 2644; x_wconf 80' lang='grc' dir='ltr'>ἀνθρωπίνης</span> 
     </span>
    </p>
   </div>
   <div class='ocr_carea' id='block_1_53' title="bbox 430 2654 2007 2736">
    <p class='ocr_par' dir='ltr' id='par_1_53' title="bbox 430 2654 2007 2732">
     <span class='ocr_line' id='line_1_53' title="bbox 430 2654 2007 2732; baseline -0.006 -15"><span class='ocrx_word' id='word_1_359' title='bbox 430 2676 626 2732; x_wconf 74' lang='grc' dir='ltr'>ιιωηοε</span> <span class='ocrx_word' id='word_1_360' title='bbox 658 2659 960 2715; x_wconf 74' lang='lat' dir='ltr'><strong>ferentem?</strong></span> <span class='ocrx_word' id='word_1_361' title='bbox 992 2660 1095 2712; x_wconf 92' lang='lat' dir='ltr'><strong>hoc</strong></span> <span class='ocrx_word' id='word_1_362' title='bbox 1124 2658 1322 2711; x_wconf 84' lang='lat' dir='ltr'><strong>accidit</strong></span> <span class='ocrx_word' id='word_1_363' title='bbox 1375 2657 1648 2711; x_wconf 61' lang='lat' dir='ltr'><strong>inviolatae</strong></span> <span class='ocrx_word' id='word_1_364' title='bbox 1677 2654 1837 2709; x_wconf 85' lang='lat' dir='ltr'><strong>Verbi</strong></span> <span class='ocrx_word' id='word_1_365' title='bbox 1885 2669 2007 2708; x_wconf 86' lang='lat' dir='ltr'><strong>ma-</strong></span> 
     </span>
    </p>
   </div>
   <div class='ocr_carea' id='block_1_54' title="bbox 2112 2654 3682 2736">
    <p class='ocr_par' dir='ltr' id='par_1_54' title="bbox 2112 2659 3682 2736">
     <span class='ocr_line' id='line_1_54' title="bbox 2112 2659 3682 2736; baseline 0.004 -25"><span class='ocrx_word' id='word_1_366' title='bbox 2112 2659 2326 2727; x_wconf 84' lang='grc' dir='ltr'>φύσεως</span> <span class='ocrx_word' id='word_1_367' title='bbox 2345 2659 2761 2731; x_wconf 86' lang='grc' dir='ltr'>πολιτευόμενον</span> <span class='ocrx_word' id='word_1_368' title='bbox 2784 2664 3051 2732; x_wconf 88' lang='grc' dir='ltr'>κρεῖττον,</span> <span class='ocrx_word' id='word_1_369' title='bbox 3074 2664 3172 2727; x_wconf 81' lang='grc' dir='ltr'>τὰς</span> <span class='ocrx_word' id='word_1_370' title='bbox 3204 2663 3313 2717; x_wconf 84' lang='grc' dir='ltr'>τῶν</span> <span class='ocrx_word' id='word_1_371' title='bbox 3352 2662 3682 2736; x_wconf 85' lang='grc' dir='ltr'>κακούργων</span> 
     </span>
    </p>
   </div>
   <div class='ocr_carea' id='block_1_55' title="bbox 431 2745 2007 2827">
    <p class='ocr_par' dir='ltr' id='par_1_55' title="bbox 431 2745 2007 2820">
     <span class='ocr_line' id='line_1_55' title="bbox 431 2745 2007 2820; baseline -0.005 -12"><span class='ocrx_word' id='word_1_372' title='bbox 431 2755 521 2814; x_wconf 84' lang='lat' dir='ltr'><strong>tri,</strong></span> <span class='ocrx_word' id='word_1_373' title='bbox 574 2751 816 2810; x_wconf 89' lang='lat' dir='ltr'><strong>amarior</strong></span> <span class='ocrx_word' id='word_1_374' title='bbox 869 2758 925 2805; x_wconf 90' lang='lat' dir='ltr'><strong>et</strong></span> <span class='ocrx_word' id='word_1_375' title='bbox 983 2749 1229 2805; x_wconf 84' lang='lat' dir='ltr'><strong>acerbior</strong></span> <span class='ocrx_word' id='word_1_376' title='bbox 1287 2749 1435 2804; x_wconf 88' lang='lat' dir='ltr'><strong>omni</strong></span> <span class='ocrx_word' id='word_1_377' title='bbox 1487 2749 1666 2820; x_wconf 86' lang='lat' dir='ltr'><strong>gladio</strong></span> <span class='ocrx_word' id='word_1_378' title='bbox 1717 2747 1892 2803; x_wconf 90' lang='lat' dir='ltr'><strong>dolor.</strong></span> <span class='ocrx_word' id='word_1_379' title='bbox 1950 2745 2007 2801; x_wconf 90' lang='lat' dir='ltr'><strong>Si</strong></span> 
     </span>
    </p>
   </div>
   <div class='ocr_carea' id='block_1_56' title="bbox 2112 2745 3687 2827">
    <p class='ocr_par' dir='ltr' id='par_1_56' title="bbox 2112 2751 3687 2827">
     <span class='ocr_line' id='line_1_56' title="bbox 2112 2751 3687 2827; baseline 0.004 -24"><span class='ocrx_word' id='word_1_380' title='bbox 2112 2751 2381 2821; x_wconf 82' lang='grc' dir='ltr'>ὑπέχοντα</span> <span class='ocrx_word' id='word_1_381' title='bbox 2411 2752 2594 2818; x_wconf 85' lang='grc' dir='ltr'>δίκας;</span> <span class='ocrx_word' id='word_1_382' title='bbox 2618 2753 2787 2808; x_wconf 89' lang='grc' dir='ltr'>Τοῦτο</span> <span class='ocrx_word' id='word_1_383' title='bbox 2813 2754 3003 2823; x_wconf 78' lang='grc' dir='ltr'>γέγονε</span> <span class='ocrx_word' id='word_1_384' title='bbox 3030 2758 3096 2825; x_wconf 78' lang='grc' dir='ltr'>τῇ</span> <span class='ocrx_word' id='word_1_385' title='bbox 3119 2756 3477 2827; x_wconf 85' lang='grc' dir='ltr'>παναχράντῳ</span> <span class='ocrx_word' id='word_1_386' title='bbox 3500 2758 3687 2827; x_wconf 83' lang='grc' dir='ltr'>Μητρὶ</span> 
     </span>
    </p>
   </div>
   <div class='ocr_carea' id='block_1_57' title="bbox 431 2838 2007 2919">
    <p class='ocr_par' dir='ltr' id='par_1_57' title="bbox 431 2838 2007 2905">
     <span class='ocr_line' id='line_1_57' title="bbox 431 2838 2007 2905; baseline -0.004 -5"><span class='ocrx_word' id='word_1_387' title='bbox 431 2847 577 2901; x_wconf 89' lang='lat' dir='ltr'><strong>enim</strong></span> <span class='ocrx_word' id='word_1_388' title='bbox 640 2845 844 2900; x_wconf 88' lang='lat' dir='ltr'><strong>multas</strong></span> <span class='ocrx_word' id='word_1_389' title='bbox 909 2842 1103 2896; x_wconf 88' lang='lat' dir='ltr'><strong>habuit</strong></span> <span class='ocrx_word' id='word_1_390' title='bbox 1168 2843 1445 2898; x_wconf 86' lang='lat' dir='ltr'><strong>tirmitatis</strong></span> <span class='ocrx_word' id='word_1_391' title='bbox 1511 2856 1753 2905; x_wconf 85' lang='lat' dir='ltr'><strong>causas,</strong></span> <span class='ocrx_word' id='word_1_392' title='bbox 1836 2838 2007 2894; x_wconf 89' lang='lat' dir='ltr'><strong>Deum</strong></span> 
     </span>
    </p>
   </div>
   <div class='ocr_carea' id='block_1_58' title="bbox 2112 2838 3690 2919">
    <p class='ocr_par' dir='ltr' id='par_1_58' title="bbox 2112 2841 3690 2919">
     <span class='ocr_line' id='line_1_58' title="bbox 2112 2841 3690 2919; baseline 0.004 -24"><span class='ocrx_word' id='word_1_393' title='bbox 2112 2841 2206 2895; x_wconf 83' lang='grc' dir='ltr'><strong>τοῦ</strong></span> <span class='ocrx_word' id='word_1_394' title='bbox 2268 2843 2463 2911; x_wconf 84' lang='grc' dir='ltr'>Λόγου,</span> <span class='ocrx_word' id='word_1_395' title='bbox 2505 2843 2829 2915; x_wconf 85' lang='grc' dir='ltr'>πικρότερον</span> <span class='ocrx_word' id='word_1_396' title='bbox 2883 2846 2980 2898; x_wconf 78' lang='grc' dir='ltr'>καὶ</span> <span class='ocrx_word' id='word_1_397' title='bbox 3032 2846 3360 2919; x_wconf 82' lang='grc' dir='ltr'>δριμύτερον</span> <span class='ocrx_word' id='word_1_398' title='bbox 3412 2848 3690 2918; x_wconf 77' lang='grc' dir='ltr'>ῥομφαίας</span> 
     </span>
    </p>
   </div>
   <div class='ocr_carea' id='block_1_59' title="bbox 436 2930 2007 3009">
    <p class='ocr_par' dir='ltr' id='par_1_59' title="bbox 436 2931 2007 2998">
     <span class='ocr_line' id='line_1_59' title="bbox 436 2931 2007 2998; baseline -0.006 -5"><span class='ocrx_word' id='word_1_399' title='bbox 436 2937 619 2993; x_wconf 85' lang='lat' dir='ltr'><strong>sciens</strong></span> <span class='ocrx_word' id='word_1_400' title='bbox 672 2935 1025 2990; x_wconf 88' lang='lat' dir='ltr'><strong>incarnatum</strong></span> <span class='ocrx_word' id='word_1_401' title='bbox 1079 2950 1240 2991; x_wconf 91' lang='lat' dir='ltr'><strong>suum</strong></span> <span class='ocrx_word' id='word_1_402' title='bbox 1294 2933 1493 2987; x_wconf 89' lang='lat' dir='ltr'><strong>Filium</strong></span> <span class='ocrx_word' id='word_1_403' title='bbox 1548 2947 1688 2998; x_wconf 86' lang='lat' dir='ltr'><strong>esse,</strong></span> <span class='ocrx_word' id='word_1_404' title='bbox 1752 2931 1845 2987; x_wconf 91' lang='lat' dir='ltr'><strong>sed</strong></span> <span class='ocrx_word' id='word_1_405' title='bbox 1898 2945 2007 2985; x_wconf 92' lang='lat' dir='ltr'><strong>non</strong></span> 
     </span>
    </p>
   </div>
   <div class='ocr_carea' id='block_1_60' title="bbox 2112 2930 3689 3009">
    <p class='ocr_par' dir='ltr' id='par_1_60' title="bbox 2115 2930 3689 3009">
     <span class='ocr_line' id='line_1_60' title="bbox 2115 2930 3689 3009; baseline 0.005 -26"><span class='ocrx_word' id='word_1_406' title='bbox 2115 2930 2332 3001; x_wconf 80' lang='grc' dir='ltr'>ἁπάσης</span> <span class='ocrx_word' id='word_1_407' title='bbox 2362 2932 2424 2983; x_wconf 82' lang='grc' dir='ltr'><strong>τὸ</strong></span> <span class='ocrx_word' id='word_1_408' title='bbox 2451 2931 2644 2995; x_wconf 81' lang='grc' dir='ltr'>πάθος.</span> <span class='ocrx_word' id='word_1_409' title='bbox 2674 2933 2736 2985; x_wconf 86' lang='grc' dir='ltr'>Εἰ</span> <span class='ocrx_word' id='word_1_410' title='bbox 2762 2934 2872 3005; x_wconf 79' lang='grc' dir='ltr'>γὰρ</span> <span class='ocrx_word' id='word_1_411' title='bbox 2892 2935 2985 2987; x_wconf 76' lang='grc' dir='ltr'>καὶ</span> <span class='ocrx_word' id='word_1_412' title='bbox 3017 2937 3220 3000; x_wconf 87' lang='grc' dir='ltr'>πολλὰς</span> <span class='ocrx_word' id='word_1_413' title='bbox 3255 2937 3540 3002; x_wconf 82' lang='grc' dir='ltr'>ὑποθέσεις</span> <span class='ocrx_word' id='word_1_414' title='bbox 3569 2934 3689 3009; x_wconf 72' lang='grc' dir='ltr'>εἶχε</span> 
     </span>
    </p>
   </div>
   <div class='ocr_carea' id='block_1_61' title="bbox 436 3022 2007 3111">
    <p class='ocr_par' dir='ltr' id='par_1_61' title="bbox 436 3024 2007 3097">
     <span class='ocr_line' id='line_1_61' title="bbox 436 3024 2007 3097; baseline -0.004 -15"><span class='ocrx_word' id='word_1_415' title='bbox 436 3028 661 3082; x_wconf 90' lang='lat' dir='ltr'><strong>omnino</strong></span> <span class='ocrx_word' id='word_1_416' title='bbox 697 3026 848 3097; x_wconf 88' lang='lat' dir='ltr'><strong>leges</strong></span> <span class='ocrx_word' id='word_1_417' title='bbox 892 3036 1101 3082; x_wconf 68' lang='lat' dir='ltr'><strong>natura:</strong></span> <span class='ocrx_word' id='word_1_418' title='bbox 1139 3025 1327 3090; x_wconf 79' lang='lat' dir='ltr'><strong>solvit,</strong></span> <span class='ocrx_word' id='word_1_419' title='bbox 1373 3024 1651 3079; x_wconf 90' lang='lat' dir='ltr'><strong>concessit</strong></span> <span class='ocrx_word' id='word_1_420' title='bbox 1678 3032 1860 3077; x_wconf 88' lang='lat' dir='ltr'><strong>autem</strong></span> <span class='ocrx_word' id='word_1_421' title='bbox 1893 3036 2007 3091; x_wconf 91' lang='lat' dir='ltr'><strong>na-</strong></span> 
     </span>
    </p>
   </div>
   <div class='ocr_carea' id='block_1_62' title="bbox 2112 3022 3692 3111">
    <p class='ocr_par' dir='ltr' id='par_1_62' title="bbox 2116 3022 3692 3097">
     <span class='ocr_line' id='line_1_62' title="bbox 2116 3022 3692 3097; baseline 0.004 -22"><span class='ocrx_word' id='word_1_422' title='bbox 2116 3022 2250 3076; x_wconf 78' lang='grc' dir='ltr'>θεὸν</span> <span class='ocrx_word' id='word_1_423' title='bbox 2272 3023 2469 3078; x_wconf 88' lang='grc' dir='ltr'>εἰδέναι</span> <span class='ocrx_word' id='word_1_424' title='bbox 2494 3023 2585 3076; x_wconf 78' lang='grc' dir='ltr'><strong>τὸν</strong></span> <span class='ocrx_word' id='word_1_425' title='bbox 2615 3024 2746 3077; x_wconf 81' lang='grc' dir='ltr'>Υἰδν</span> <span class='ocrx_word' id='word_1_426' title='bbox 2800 3028 3241 3097; x_wconf 86' lang='grc' dir='ltr'>σεσαρκωμένον,</span> <span class='ocrx_word' id='word_1_427' title='bbox 3278 3027 3393 3082; x_wconf 85' lang='grc' dir='ltr'>ἀλλ’</span> <span class='ocrx_word' id='word_1_428' title='bbox 3444 3023 3537 3082; x_wconf 76' lang='grc' dir='ltr'><strong>οὖν</strong></span> <span class='ocrx_word' id='word_1_429' title='bbox 3586 3029 3692 3081; x_wconf 82' lang='grc' dir='ltr'><strong>οῦκ</strong></span> 
     </span>
    </p>
   </div>
   <div class='ocr_carea' id='block_1_63' title="bbox 433 3114 2012 3189">
    <p class='ocr_par' dir='ltr' id='par_1_63' title="bbox 433 3114 2012 3189">
     <span class='ocr_line' id='line_1_63' title="bbox 433 3114 2012 3189; baseline -0.005 -14"><span class='ocrx_word' id='word_1_430' title='bbox 433 3130 572 3175; x_wconf 59' lang='lat' dir='ltr'><strong>tura:</strong></span> <span class='ocrx_word' id='word_1_431' title='bbox 594 3126 653 3172; x_wconf 93' lang='lat' dir='ltr'><strong>ut</strong></span> <span class='ocrx_word' id='word_1_432' title='bbox 677 3118 819 3172; x_wconf 90' lang='lat' dir='ltr'><strong>intra</strong></span> <span class='ocrx_word' id='word_1_433' title='bbox 840 3121 1093 3189; x_wconf 89' lang='lat' dir='ltr'><strong>proprios</strong></span> <span class='ocrx_word' id='word_1_434' title='bbox 1121 3117 1359 3172; x_wconf 84' lang='lat' dir='ltr'><strong>emineat</strong></span> <span class='ocrx_word' id='word_1_435' title='bbox 1380 3116 1537 3171; x_wconf 79' lang='lat' dir='ltr'><strong>lines.</strong></span> <span class='ocrx_word' id='word_1_436' title='bbox 1560 3115 1680 3170; x_wconf 91' lang='lat' dir='ltr'><strong>Ideo</strong></span> <span class='ocrx_word' id='word_1_437' title='bbox 1709 3124 1764 3169; x_wconf 93' lang='lat' dir='ltr'><strong>et</strong></span> <span class='ocrx_word' id='word_1_438' title='bbox 1785 3114 2012 3168; x_wconf 88' lang='lat' dir='ltr'><strong>horren-</strong></span> 
     </span>
    </p>
   </div>
   <div class='ocr_carea' id='block_1_64' title="bbox 392 3205 2012 3279">
    <p class='ocr_par' dir='ltr' id='par_1_64' title="bbox 392 3205 2012 3279">
     <span class='ocr_line' id='line_1_64' title="bbox 392 3205 2012 3279; baseline -0.002 -14"><span class='ocrx_word' id='word_1_439' title='bbox 392 3266 403 3273; x_wconf 89' lang='lat'><em>_</em></span> <span class='ocrx_word' id='word_1_440' title='bbox 434 3211 560 3265; x_wconf 86' lang='lat' dir='ltr'><strong>dam</strong></span> <span class='ocrx_word' id='word_1_441' title='bbox 596 3210 903 3279; x_wconf 82' lang='lat' dir='ltr'><strong>passionem</strong></span> <span class='ocrx_word' id='word_1_442' title='bbox 938 3209 1197 3275; x_wconf 87' lang='lat' dir='ltr'><strong>videntis,</strong></span> <span class='ocrx_word' id='word_1_443' title='bbox 1226 3207 1488 3262; x_wconf 83' lang='lat' dir='ltr'><strong>maternis</strong></span> <span class='ocrx_word' id='word_1_444' title='bbox 1518 3206 1695 3261; x_wconf 85' lang='lat' dir='ltr'><strong>oculis</strong></span> <span class='ocrx_word' id='word_1_445' title='bbox 1730 3205 2012 3274; x_wconf 84' lang='lat' dir='ltr'><strong>subjectus</strong></span> 
     </span>
    </p>
   </div>
   <div class='ocr_carea' id='block_1_65' title="bbox 434 3296 2014 3371">
    <p class='ocr_par' dir='ltr' id='par_1_65' title="bbox 434 3296 2014 3371">
     <span class='ocr_line' id='line_1_65' title="bbox 434 3296 2014 3371; baseline -0.004 -15"><span class='ocrx_word' id='word_1_446' title='bbox 434 3310 710 3370; x_wconf 69' lang='lat' dir='ltr'><strong>asliectus,</strong></span> <span class='ocrx_word' id='word_1_447' title='bbox 763 3316 860 3355; x_wconf 87' lang='lat' dir='ltr'><strong>ceu</strong></span> <span class='ocrx_word' id='word_1_448' title='bbox 904 3300 1067 3371; x_wconf 88' lang='lat' dir='ltr'><strong>gladii</strong></span> <span class='ocrx_word' id='word_1_449' title='bbox 1100 3300 1345 3365; x_wconf 86' lang='lat' dir='ltr'><strong>vulnere,</strong></span> <span class='ocrx_word' id='word_1_450' title='bbox 1391 3297 1631 3352; x_wconf 89' lang='lat' dir='ltr'><strong>animam</strong></span> <span class='ocrx_word' id='word_1_451' title='bbox 1676 3296 1798 3367; x_wconf 84' lang='lat' dir='ltr'><strong>ejus</strong></span> <span class='ocrx_word' id='word_1_452' title='bbox 1825 3296 2014 3350; x_wconf 86' lang='lat' dir='ltr'><strong>vulne-</strong></span> 
     </span>
    </p>
   </div>
   <div class='ocr_carea' id='block_1_66' title="bbox 436 3393 887 3451">
    <p class='ocr_par' dir='ltr' id='par_1_66' title="bbox 436 3393 887 3451">
     <span class='ocr_line' id='line_1_66' title="bbox 436 3393 887 3451; baseline -0.002 -2"><span class='ocrx_word' id='word_1_453' title='bbox 436 3393 577 3449; x_wconf 82' lang='lat' dir='ltr'><strong>ravit</strong></span> <span class='ocrx_word' id='word_1_454' title='bbox 601 3401 657 3451; x_wconf 94' lang='lat' dir='ltr'><strong>et</strong></span> <span class='ocrx_word' id='word_1_455' title='bbox 682 3393 887 3449; x_wconf 85' lang='lat' dir='ltr'><strong>divisit.</strong></span> 
     </span>
    </p>
   </div>
   <div class='ocr_carea' id='block_1_67' title="bbox 517 3562 2017 3635">
    <p class='ocr_par' dir='ltr' id='par_1_67' title="bbox 517 3562 2017 3635">
     <span class='ocr_line' id='line_1_67' title="bbox 517 3562 2017 3635; baseline -0.003 -15"><span class='ocrx_word' id='word_1_456' title='bbox 517 3563 676 3620; x_wconf 86' lang='lat' dir='ltr'><strong>CAP.</strong></span> <span class='ocrx_word' id='word_1_457' title='bbox 714 3563 804 3618; x_wconf 84' lang='lat' dir='ltr'><strong>lll.</strong></span> <span class='ocrx_word' id='word_1_458' title='bbox 843 3562 1014 3620; x_wconf 75' lang='lat' dir='ltr'><strong>Vens.</strong></span> <span class='ocrx_word' id='word_1_459' title='bbox 1064 3566 1118 3619; x_wconf 77' lang='lat'><strong>5.</strong></span> <span class='ocrx_word' id='word_1_460' title='bbox 1161 3564 1364 3621; x_wconf 75' lang='lat' dir='ltr'><strong>Pharii.</strong></span> <span class='ocrx_word' id='word_1_461' title='bbox 1422 3564 1572 3620; x_wconf 88' lang='lat' dir='ltr'><strong>Licet</strong></span> <span class='ocrx_word' id='word_1_462' title='bbox 1619 3563 1825 3635; x_wconf 88' lang='lat' dir='ltr'><strong>pariter</strong></span> <span class='ocrx_word' id='word_1_463' title='bbox 1865 3564 2017 3632; x_wconf 87' lang='lat' dir='ltr'><strong>cogi-</strong></span> 
     </span>
    </p>
   </div>
   <div class='ocr_carea' id='block_1_68' title="bbox 440 3656 2016 3727">
    <p class='ocr_par' dir='ltr' id='par_1_68' title="bbox 440 3656 2016 3727">
     <span class='ocr_line' id='line_1_68' title="bbox 440 3656 2016 3727; baseline -0.001 -18"><span class='ocrx_word' id='word_1_464' title='bbox 440 3666 555 3711; x_wconf 89' lang='lat' dir='ltr'><strong>tare</strong></span> <span class='ocrx_word' id='word_1_465' title='bbox 584 3667 637 3711; x_wconf 91' lang='lat' dir='ltr'><strong>et</strong></span> <span class='ocrx_word' id='word_1_466' title='bbox 670 3656 872 3722; x_wconf 87' lang='lat' dir='ltr'><strong>dicere,</strong></span> <span class='ocrx_word' id='word_1_467' title='bbox 912 3658 1233 3726; x_wconf 69' lang='lat' dir='ltr'><strong>praestitisse</strong></span> <span class='ocrx_word' id='word_1_468' title='bbox 1261 3665 1605 3727; x_wconf 88' lang='lat' dir='ltr'><strong>peccatornm</strong></span> <span class='ocrx_word' id='word_1_469' title='bbox 1636 3656 2016 3709; x_wconf 90' lang='lat' dir='ltr'><strong>remissionem</strong></span> 
     </span>
    </p>
   </div>
   <div class='ocr_carea' id='block_1_69' title="bbox 437 3746 2015 3819">
    <p class='ocr_par' dir='ltr' id='par_1_69' title="bbox 437 3746 2015 3819">
     <span class='ocr_line' id='line_1_69' title="bbox 437 3746 2015 3819; baseline -0.003 -17"><span class='ocrx_word' id='word_1_470' title='bbox 437 3748 809 3805; x_wconf 68' lang='lat' dir='ltr'><strong>Praecursoris</strong></span> <span class='ocrx_word' id='word_1_471' title='bbox 830 3763 1054 3819; x_wconf 90' lang='lat' dir='ltr'><strong>quoque</strong></span> <span class='ocrx_word' id='word_1_472' title='bbox 1082 3750 1373 3819; x_wconf 85' lang='lat' dir='ltr'><strong>baptisma,</strong></span> <span class='ocrx_word' id='word_1_473' title='bbox 1397 3762 1506 3802; x_wconf 89' lang='lat' dir='ltr'><strong>non</strong></span> <span class='ocrx_word' id='word_1_474' title='bbox 1529 3758 1709 3802; x_wconf 85' lang='lat' dir='ltr'><strong>autem</strong></span> <span class='ocrx_word' id='word_1_475' title='bbox 1735 3746 2015 3813; x_wconf 87' lang='lat' dir='ltr'><strong>omnium;</strong></span> 
     </span>
    </p>
   </div>
   <div class='ocr_carea' id='block_1_70' title="bbox 438 3837 2017 3911">
    <p class='ocr_par' dir='ltr' id='par_1_70' title="bbox 438 3837 2017 3911">
     <span class='ocr_line' id='line_1_70' title="bbox 438 3837 2017 3911; baseline -0.003 -14"><span class='ocrx_word' id='word_1_476' title='bbox 438 3842 583 3898; x_wconf 81' lang='lat' dir='ltr'><strong>sicut</strong></span> <span class='ocrx_word' id='word_1_477' title='bbox 614 3856 716 3897; x_wconf 91' lang='lat' dir='ltr'><strong>nec</strong></span> <span class='ocrx_word' id='word_1_478' title='bbox 737 3842 939 3911; x_wconf 87' lang='lat' dir='ltr'><strong>legales</strong></span> <span class='ocrx_word' id='word_1_479' title='bbox 970 3841 1315 3897; x_wconf 64' lang='lat' dir='ltr'><strong>cmremonize</strong></span> <span class='ocrx_word' id='word_1_480' title='bbox 1350 3849 1405 3895; x_wconf 90' lang='lat' dir='ltr'><strong>et</strong></span> <span class='ocrx_word' id='word_1_481' title='bbox 1446 3840 1871 3895; x_wconf 88' lang='lat' dir='ltr'><strong>immolationes.</strong></span> <span class='ocrx_word' id='word_1_482' title='bbox 1898 3837 2017 3893; x_wconf 87' lang='lat' dir='ltr'><strong>Non</strong></span> 
     </span>
    </p>
   </div>
   <div class='ocr_carea' id='block_1_71' title="bbox 438 3930 2017 4002">
    <p class='ocr_par' dir='ltr' id='par_1_71' title="bbox 438 3930 2017 4002">
     <span class='ocr_line' id='line_1_71' title="bbox 438 3930 2017 4002; baseline -0.003 -14"><span class='ocrx_word' id='word_1_483' title='bbox 438 3935 586 3988; x_wconf 90' lang='lat' dir='ltr'><strong>enim</strong></span> <span class='ocrx_word' id='word_1_484' title='bbox 630 3932 1000 3988; x_wconf 84' lang='lat' dir='ltr'><strong>admissarum</strong></span> <span class='ocrx_word' id='word_1_485' title='bbox 1062 3947 1191 3989; x_wconf 91' lang='lat' dir='ltr'><strong>cum</strong></span> <span class='ocrx_word' id='word_1_486' title='bbox 1233 3932 1699 4002; x_wconf 85' lang='lat' dir='ltr'><strong>praemeditatione</strong></span> <span class='ocrx_word' id='word_1_487' title='bbox 1750 3930 2017 3992; x_wconf 63' lang='lat' dir='ltr'><strong>caedium,</strong></span> 
     </span>
    </p>
   </div>
   <div class='ocr_carea' id='block_1_72' title="bbox 443 4019 2021 4097">
    <p class='ocr_par' dir='ltr' id='par_1_72' title="bbox 443 4019 2021 4097">
     <span class='ocr_line' id='line_1_72' title="bbox 443 4019 2021 4097; baseline -0.004 -18"><span class='ocrx_word' id='word_1_488' title='bbox 443 4039 619 4097; x_wconf 90' lang='lat' dir='ltr'><strong>neque</strong></span> <span class='ocrx_word' id='word_1_489' title='bbox 672 4025 719 4082; x_wconf 88' lang='lat' dir='ltr'><strong>si</strong></span> <span class='ocrx_word' id='word_1_490' title='bbox 774 4027 899 4094; x_wconf 86' lang='lat' dir='ltr'><strong>quis</strong></span> <span class='ocrx_word' id='word_1_491' title='bbox 953 4025 1181 4080; x_wconf 91' lang='lat' dir='ltr'><strong>aliorum</strong></span> <span class='ocrx_word' id='word_1_492' title='bbox 1235 4022 1649 4093; x_wconf 73' lang='lat' dir='ltr'><strong>coniunctiones</strong></span> <span class='ocrx_word' id='word_1_493' title='bbox 1710 4019 2021 4076; x_wconf 82' lang='lat' dir='ltr'><strong>transfode—</strong></span> 
     </span>
    </p>
   </div>
   <div class='ocr_carea' id='block_1_73' title="bbox 442 4111 2022 4188">
    <p class='ocr_par' dir='ltr' id='par_1_73' title="bbox 442 4111 2022 4188">
     <span class='ocr_line' id='line_1_73' title="bbox 442 4111 2022 4188; baseline -0.004 -15"><span class='ocrx_word' id='word_1_494' title='bbox 442 4121 534 4185; x_wconf 88' lang='lat' dir='ltr'><strong>rit,</strong></span> <span class='ocrx_word' id='word_1_495' title='bbox 591 4132 768 4188; x_wconf 90' lang='lat' dir='ltr'><strong>neque</strong></span> <span class='ocrx_word' id='word_1_496' title='bbox 827 4118 1071 4184; x_wconf 89' lang='lat' dir='ltr'><strong>illorum,</strong></span> <span class='ocrx_word' id='word_1_497' title='bbox 1128 4126 1354 4186; x_wconf 82' lang='lat' dir='ltr'><strong>prepter</strong></span> <span class='ocrx_word' id='word_1_498' title='bbox 1402 4130 1524 4185; x_wconf 72' lang='lat' dir='ltr'><strong>quas</strong></span> <span class='ocrx_word' id='word_1_499' title='bbox 1573 4114 1876 4169; x_wconf 86' lang='lat' dir='ltr'><strong>horrendus</strong></span> <span class='ocrx_word' id='word_1_500' title='bbox 1918 4111 2022 4167; x_wconf 90' lang='lat' dir='ltr'><strong>iste</strong></span> 
     </span>
    </p>
   </div>
   <div class='ocr_carea' id='block_1_74' title="bbox 441 4205 2020 4279">
    <p class='ocr_par' dir='ltr' id='par_1_74' title="bbox 441 4205 2020 4279">
     <span class='ocr_line' id='line_1_74' title="bbox 441 4205 2020 4279; baseline -0.004 -14"><span class='ocrx_word' id='word_1_501' title='bbox 441 4221 497 4266; x_wconf 89' lang='lat' dir='ltr'><strong>et</strong></span> <span class='ocrx_word' id='word_1_502' title='bbox 538 4209 779 4265; x_wconf 58' lang='lat' dir='ltr'><strong>caelestis</strong></span> <span class='ocrx_word' id='word_1_503' title='bbox 823 4209 962 4279; x_wconf 88' lang='lat' dir='ltr'><strong>ignis</strong></span> <span class='ocrx_word' id='word_1_504' title='bbox 1014 4210 1068 4263; x_wconf 92' lang='lat' dir='ltr'><strong>in</strong></span> <span class='ocrx_word' id='word_1_505' title='bbox 1113 4218 1376 4263; x_wconf 89' lang='lat' dir='ltr'><strong>nocentes</strong></span> <span class='ocrx_word' id='word_1_506' title='bbox 1410 4206 1611 4261; x_wconf 89' lang='lat' dir='ltr'><strong>invidia</strong></span> <span class='ocrx_word' id='word_1_507' title='bbox 1667 4205 1871 4259; x_wconf 89' lang='lat' dir='ltr'><strong>missus</strong></span> <span class='ocrx_word' id='word_1_508' title='bbox 1914 4212 2020 4271; x_wconf 85' lang='lat' dir='ltr'><strong>est,</strong></span> 
     </span>
    </p>
   </div>
   <div class='ocr_carea' id='block_1_75' title="bbox 443 4294 2023 4371">
    <p class='ocr_par' dir='ltr' id='par_1_75' title="bbox 443 4294 2023 4371">
     <span class='ocr_line' id='line_1_75' title="bbox 443 4294 2023 4371; baseline -0.004 -17"><span class='ocrx_word' id='word_1_509' title='bbox 443 4315 623 4371; x_wconf 88' lang='lat' dir='ltr'><strong>neque</strong></span> <span class='ocrx_word' id='word_1_510' title='bbox 675 4299 974 4354; x_wconf 91' lang='lat' dir='ltr'><strong>multorum</strong></span> <span class='ocrx_word' id='word_1_511' title='bbox 1009 4297 1451 4353; x_wconf 85' lang='lat' dir='ltr'><strong>facinorosorum</strong></span> <span class='ocrx_word' id='word_1_512' title='bbox 1498 4306 1551 4350; x_wconf 88' lang='lat' dir='ltr'><strong>et</strong></span> <span class='ocrx_word' id='word_1_513' title='bbox 1600 4294 1861 4351; x_wconf 88' lang='lat' dir='ltr'><strong>similium</strong></span> <span class='ocrx_word' id='word_1_514' title='bbox 1901 4308 2023 4363; x_wconf 89' lang='lat' dir='ltr'><strong>ope-</strong></span> 
     </span>
    </p>
   </div>
   <div class='ocr_carea' id='block_1_76' title="bbox 2114 3114 3686 3190">
    <p class='ocr_par' dir='ltr' id='par_1_76' title="bbox 2114 3114 3686 3190">
     <span class='ocr_line' id='line_1_76' title="bbox 2114 3114 3686 3190; baseline 0.003 -23"><span class='ocrx_word' id='word_1_515' title='bbox 2114 3114 2208 3167; x_wconf 77' lang='grc' dir='ltr'>ἐπὶ</span> <span class='ocrx_word' id='word_1_516' title='bbox 2236 3114 2450 3167; x_wconf 86' lang='grc' dir='ltr'>πάντων</span> <span class='ocrx_word' id='word_1_517' title='bbox 2480 3114 2602 3167; x_wconf 85' lang='grc' dir='ltr'>έλυε</span> <span class='ocrx_word' id='word_1_518' title='bbox 2633 3118 2760 3180; x_wconf 81' lang='grc' dir='ltr'>τοὺς</span> <span class='ocrx_word' id='word_1_519' title='bbox 2796 3120 2898 3186; x_wconf 85' lang='grc' dir='ltr'>τῆς</span> <span class='ocrx_word' id='word_1_520' title='bbox 2947 3114 3162 3187; x_wconf 87' lang='grc' dir='ltr'>φύσεως</span> <span class='ocrx_word' id='word_1_521' title='bbox 3203 3119 3423 3190; x_wconf 85' lang='grc' dir='ltr'>νόμους,</span> <span class='ocrx_word' id='word_1_522' title='bbox 3450 3119 3686 3173; x_wconf 73' lang='grc' dir='ltr'>ἐνεδίδου</span> 
     </span>
    </p>
   </div>
   <div class='ocr_carea' id='block_1_77' title="bbox 2114 3204 3693 3280">
    <p class='ocr_par' dir='ltr' id='par_1_77' title="bbox 2114 3204 3693 3280">
     <span class='ocr_line' id='line_1_77' title="bbox 2114 3204 3693 3280; baseline 0.004 -24"><span class='ocrx_word' id='word_1_523' title='bbox 2114 3204 2169 3257; x_wconf 82' lang='grc' dir='ltr'>δὲ</span> <span class='ocrx_word' id='word_1_524' title='bbox 2201 3204 2297 3257; x_wconf 76' lang='grc' dir='ltr'>καὶ</span> <span class='ocrx_word' id='word_1_525' title='bbox 2345 3207 2412 3276; x_wconf 82' lang='grc' dir='ltr'>τῇ</span> <span class='ocrx_word' id='word_1_526' title='bbox 2462 3204 2642 3274; x_wconf 87' lang='grc' dir='ltr'>φύσει,</span> <span class='ocrx_word' id='word_1_527' title='bbox 2666 3210 2779 3269; x_wconf 86' lang='grc' dir='ltr'>τοῖς</span> <span class='ocrx_word' id='word_1_528' title='bbox 2819 3208 3040 3272; x_wconf 85' lang='grc' dir='ltr'>οἰκείοις</span> <span class='ocrx_word' id='word_1_529' title='bbox 3093 3208 3473 3280; x_wconf 74' lang='grc' dir='ltr'>ἐνδιαπρέπειν</span> <span class='ocrx_word' id='word_1_530' title='bbox 3522 3210 3693 3280; x_wconf 81' lang='grc' dir='ltr'>ὅροις.</span> 
     </span>
    </p>
   </div>
   <div class='ocr_carea' id='block_1_78' title="bbox 2114 3296 3694 3371">
    <p class='ocr_par' dir='ltr' id='par_1_78' title="bbox 2114 3296 3694 3371">
     <span class='ocr_line' id='line_1_78' title="bbox 2114 3296 3694 3371; baseline 0.002 -23"><span class='ocrx_word' id='word_1_531' title='bbox 2114 3296 2203 3349; x_wconf 83' lang='grc' dir='ltr'>Διὸ</span> <span class='ocrx_word' id='word_1_532' title='bbox 2232 3296 2329 3349; x_wconf 81' lang='grc' dir='ltr'>καὶ</span> <span class='ocrx_word' id='word_1_533' title='bbox 2364 3297 2535 3359; x_wconf 81' lang='grc' dir='ltr'>πάθος</span> <span class='ocrx_word' id='word_1_534' title='bbox 2567 3299 2793 3367; x_wconf 81' lang='grc' dir='ltr'>φρικτὸν</span> <span class='ocrx_word' id='word_1_535' title='bbox 2822 3299 3007 3369; x_wconf 83' lang='grc' dir='ltr'>ὁρῶσα</span> <span class='ocrx_word' id='word_1_536' title='bbox 3035 3304 3324 3371; x_wconf 85' lang='grc' dir='ltr'>μητρικοῖς</span> <span class='ocrx_word' id='word_1_537' title='bbox 3367 3299 3694 3370; x_wconf 84' lang='grc' dir='ltr'>ὀφθαλμοῖς,</span> 
     </span>
    </p>
   </div>
   <div class='ocr_carea' id='block_1_79' title="bbox 2116 3385 3698 3462">
    <p class='ocr_par' dir='ltr' id='par_1_79' title="bbox 2116 3385 3698 3462">
     <span class='ocr_line' id='line_1_79' title="bbox 2116 3385 3698 3462; baseline 0.006 -27"><span class='ocrx_word' id='word_1_538' title='bbox 2116 3385 2480 3456; x_wconf 86' lang='grc' dir='ltr'>προκείμενον</span> <span class='ocrx_word' id='word_1_539' title='bbox 2547 3385 2749 3457; x_wconf 90' lang='grc' dir='ltr'>θέαμα,</span> <span class='ocrx_word' id='word_1_540' title='bbox 2790 3390 2934 3443; x_wconf 86' lang='grc' dir='ltr'>κατὰ</span> <span class='ocrx_word' id='word_1_541' title='bbox 2982 3390 3197 3460; x_wconf 81' lang='grc' dir='ltr'>πληγὴν</span> <span class='ocrx_word' id='word_1_542' title='bbox 3250 3390 3547 3462; x_wconf 76' lang='grc' dir='ltr'>ῥομφαίας,</span> <span class='ocrx_word' id='word_1_543' title='bbox 3593 3390 3698 3461; x_wconf 81' lang='grc' dir='ltr'>τὴν</span> 
     </span>
    </p>
   </div>
   <div class='ocr_carea' id='block_1_80' title="bbox 2115 3473 3323 3549">
    <p class='ocr_par' dir='ltr' id='par_1_80' title="bbox 2115 3473 3323 3549">
     <span class='ocr_line' id='line_1_80' title="bbox 2115 3473 3323 3549; baseline 0.01 -25"><span class='ocrx_word' id='word_1_544' title='bbox 2115 3473 2288 3544; x_wconf 76' lang='grc' dir='ltr'>ψυχὴν</span> <span class='ocrx_word' id='word_1_545' title='bbox 2316 3476 2572 3546; x_wconf 88' lang='grc' dir='ltr'>ἐτέμνετό</span> <span class='ocrx_word' id='word_1_546' title='bbox 2598 3493 2659 3530; x_wconf 86' lang='grc' dir='ltr'><strong>τε</strong></span> <span class='ocrx_word' id='word_1_547' title='bbox 2690 3479 2784 3532; x_wconf 84' lang='grc' dir='ltr'><strong>καί</strong></span> <span class='ocrx_word' id='word_1_548' title='bbox 2814 3479 3223 3549; x_wconf 72' lang='grc' dir='ltr'>κατεμερίζετο.</span> <span class='ocrx_word' id='word_1_549' title='bbox 3312 3534 3323 3544; x_wconf 76' lang='grc'><strong>,</strong></span> 
     </span>
    </p>
   </div>
   <div class='ocr_carea' id='block_1_81' title="bbox 2195 3566 3696 3642">
    <p class='ocr_par' dir='ltr' id='par_1_81' title="bbox 2195 3566 3696 3642">
     <span class='ocr_line' id='line_1_81' title="bbox 2195 3566 3696 3642; baseline 0.005 -23"><span class='ocrx_word' id='word_1_550' title='bbox 2195 3566 2271 3637; x_wconf 87' lang='grc' dir='ltr'>Ιρ.</span> <span class='ocrx_word' id='word_1_551' title='bbox 2292 3568 2358 3623; x_wconf 75' lang='grc'><strong>49</strong></span> <span class='ocrx_word' id='word_1_552' title='bbox 2392 3566 2471 3638; x_wconf 82' lang='lat' dir='ltr'><strong>a.]</strong></span> <span class='ocrx_word' id='word_1_553' title='bbox 2501 3569 2728 3625; x_wconf 82' lang='grc' dir='ltr'>Φωτίου</span> <span class='ocrx_word' id='word_1_554' title='bbox 2756 3571 2856 3625; x_wconf 76' lang='grc' dir='ltr'><strong>καί</strong></span> <span class='ocrx_word' id='word_1_555' title='bbox 2886 3573 3189 3640; x_wconf 73' lang='grc' dir='ltr'>Κυρίλλου</span> <span class='ocrx_word' id='word_1_556' title='bbox 3238 3571 3696 3642; x_wconf 70' lang='grc' dir='ltr'>Ἱεροσολύμων.</span> 
     </span>
    </p>
   </div>
   <div class='ocr_carea' id='block_1_82' title="bbox 2122 3658 3701 3734">
    <p class='ocr_par' dir='ltr' id='par_1_82' title="bbox 2122 3658 3701 3734">
     <span class='ocr_line' id='line_1_82' title="bbox 2122 3658 3701 3734; baseline 0.003 -24"><span class='ocrx_word' id='word_1_557' title='bbox 2122 3658 2339 3722; x_wconf 82' lang='grc' dir='ltr'>Ἔξεστι</span> <span class='ocrx_word' id='word_1_558' title='bbox 2380 3659 2438 3713; x_wconf 85' lang='grc' dir='ltr'>δὲ</span> <span class='ocrx_word' id='word_1_559' title='bbox 2495 3659 2626 3725; x_wconf 70' lang='grc' dir='ltr'>ἴσως</span> <span class='ocrx_word' id='word_1_560' title='bbox 2662 3664 2881 3734; x_wconf 80' lang='grc' dir='ltr'>φρονεῖν</span> <span class='ocrx_word' id='word_1_561' title='bbox 2902 3680 2961 3716; x_wconf 91' lang='grc' dir='ltr'><strong>τε</strong></span> <span class='ocrx_word' id='word_1_562' title='bbox 3007 3665 3098 3717; x_wconf 77' lang='grc' dir='ltr'>καὶ</span> <span class='ocrx_word' id='word_1_563' title='bbox 3124 3664 3323 3732; x_wconf 90' lang='grc' dir='ltr'>λέγειν,</span> <span class='ocrx_word' id='word_1_564' title='bbox 3350 3664 3425 3726; x_wconf 88' lang='grc' dir='ltr'>ὡς</span> <span class='ocrx_word' id='word_1_565' title='bbox 3466 3665 3701 3734; x_wconf 76' lang='grc' dir='ltr'>παρεῖχε</span> 
     </span>
    </p>
   </div>
   <div class='ocr_carea' id='block_1_83' title="bbox 2122 3750 3698 3827">
    <p class='ocr_par' dir='ltr' id='par_1_83' title="bbox 2122 3750 3698 3827">
     <span class='ocr_line' id='line_1_83' title="bbox 2122 3750 3698 3827; baseline 0.004 -25"><span class='ocrx_word' id='word_1_566' title='bbox 2122 3750 2223 3821; x_wconf 84' lang='grc' dir='ltr'><strong>μὲν</strong></span> <span class='ocrx_word' id='word_1_567' title='bbox 2282 3752 2697 3823; x_wconf 82' lang='grc' dir='ltr'>ἁμαρτημάτων</span> <span class='ocrx_word' id='word_1_568' title='bbox 2754 3754 2950 3825; x_wconf 79' lang='grc' dir='ltr'>ἄφεσιν</span> <span class='ocrx_word' id='word_1_569' title='bbox 2980 3756 3076 3808; x_wconf 77' lang='grc' dir='ltr'><strong>καί⁷</strong></span> <span class='ocrx_word' id='word_1_570' title='bbox 3128 3755 3189 3808; x_wconf 86' lang='grc' dir='ltr'>τὸ</span> <span class='ocrx_word' id='word_1_571' title='bbox 3232 3756 3327 3809; x_wconf 89' lang='grc' dir='ltr'><strong>τοῦ</strong></span> <span class='ocrx_word' id='word_1_572' title='bbox 3378 3756 3698 3827; x_wconf 86' lang='grc' dir='ltr'>Προδρόμου</span> 
     </span>
    </p>
   </div>
   <div class='ocr_carea' id='block_1_84' title="bbox 2121 3840 3701 3917">
    <p class='ocr_par' dir='ltr' id='par_1_84' title="bbox 2121 3840 3701 3917">
     <span class='ocr_line' id='line_1_84' title="bbox 2121 3840 3701 3917; baseline 0.002 -23"><span class='ocrx_word' id='word_1_573' title='bbox 2121 3840 2405 3912; x_wconf 88' lang='grc' dir='ltr'>βάπτισμα</span> <span class='ocrx_word' id='word_1_574' title='bbox 2436 3859 2450 3873; x_wconf 81' lang='lat'><strong><em>°</em></strong></span> <span class='ocrx_word' id='word_1_575' title='bbox 2474 3845 2533 3896; x_wconf 86' lang='grc' dir='ltr'><strong>ού</strong></span> <span class='ocrx_word' id='word_1_576' title='bbox 2562 3843 2781 3898; x_wconf 83' lang='grc' dir='ltr'>πάντων</span> <span class='ocrx_word' id='word_1_577' title='bbox 2820 3845 2876 3899; x_wconf 86' lang='grc' dir='ltr'><strong>δέ</strong></span> <span class='ocrx_word' id='word_1_578' title='bbox 2905 3861 2919 3877; x_wconf 72' lang='grc' dir='ltr'><strong>ο</strong></span> <span class='ocrx_word' id='word_1_579' title='bbox 2958 3845 3147 3917; x_wconf 83' lang='grc' dir='ltr'>ὥσπερ</span> <span class='ocrx_word' id='word_1_580' title='bbox 3197 3845 3305 3899; x_wconf 81' lang='grc' dir='ltr'>οὐδ’</span> <span class='ocrx_word' id='word_1_581' title='bbox 3358 3846 3416 3898; x_wconf 90' lang='grc' dir='ltr'><strong>αἰ</strong></span> <span class='ocrx_word' id='word_1_582' title='bbox 3474 3848 3701 3915; x_wconf 77' lang='grc' dir='ltr'>νομικαί.</span> 
     </span>
    </p>
   </div>
   <div class='ocr_carea' id='block_1_85' title="bbox 2118 3934 3697 4009">
    <p class='ocr_par' dir='ltr' id='par_1_85' title="bbox 2118 3934 3697 4009">
     <span class='ocr_line' id='line_1_85' title="bbox 2118 3934 3697 4009; baseline 0.001 -22"><span class='ocrx_word' id='word_1_583' title='bbox 2118 3934 2331 3987; x_wconf 70' lang='grc' dir='ltr'>τελεταὶ</span> <span class='ocrx_word' id='word_1_584' title='bbox 2354 3936 2446 3988; x_wconf 74' lang='grc' dir='ltr'>καὶ</span> <span class='ocrx_word' id='word_1_585' title='bbox 2478 3935 2682 3991; x_wconf 89' lang='grc' dir='ltr'>θυσίαι.</span> <span class='ocrx_word' id='word_1_586' title='bbox 2703 3936 2839 3990; x_wconf 82' lang='grc' dir='ltr'>υύδὲ</span> <span class='ocrx_word' id='word_1_587' title='bbox 2867 3937 2977 4009; x_wconf 76' lang='grc' dir='ltr'>γὰρ</span> <span class='ocrx_word' id='word_1_588' title='bbox 2994 3938 3103 3991; x_wconf 85' lang='grc' dir='ltr'><strong>τῶν</strong></span> <span class='ocrx_word' id='word_1_589' title='bbox 3129 3940 3192 3991; x_wconf 89' lang='grc' dir='ltr'><strong>ἐκ</strong></span> <span class='ocrx_word' id='word_1_590' title='bbox 3214 3937 3469 4008; x_wconf 77' lang='grc' dir='ltr'>προνοίας</span> <span class='ocrx_word' id='word_1_591' title='bbox 3494 3938 3697 4007; x_wconf 83' lang='grc' dir='ltr'>φόνων,</span> 
     </span>
    </p>
   </div>
   <div class='ocr_carea' id='block_1_86' title="bbox 2119 4025 3702 4100">
    <p class='ocr_par' dir='ltr' id='par_1_86' title="bbox 2119 4025 3702 4100">
     <span class='ocr_line' id='line_1_86' title="bbox 2119 4025 3702 4100; baseline 0.002 -22"><span class='ocrx_word' id='word_1_592' title='bbox 2119 4025 2228 4078; x_wconf 82' lang='grc' dir='ltr'>οὐδ’</span> <span class='ocrx_word' id='word_1_593' title='bbox 2255 4025 2307 4077; x_wconf 77' lang='grc' dir='ltr'><strong>εἰ</strong></span> <span class='ocrx_word' id='word_1_594' title='bbox 2332 4043 2416 4089; x_wconf 85' lang='grc' dir='ltr'><strong>τις</strong></span> <span class='ocrx_word' id='word_1_595' title='bbox 2449 4026 2760 4096; x_wconf 87' lang='grc' dir='ltr'>ἀλλοτρίους</span> <span class='ocrx_word' id='word_1_596' title='bbox 2796 4028 3008 4100; x_wconf 82' lang='grc' dir='ltr'>γάμους</span> <span class='ocrx_word' id='word_1_597' title='bbox 3038 4029 3319 4099; x_wconf 80' lang='grc' dir='ltr'>διώρυξεν,</span> <span class='ocrx_word' id='word_1_598' title='bbox 3348 4028 3459 4081; x_wconf 82' lang='grc' dir='ltr'>οὐδ’</span> <span class='ocrx_word' id='word_1_599' title='bbox 3486 4030 3585 4081; x_wconf 86' lang='grc' dir='ltr'>ὃσα</span> <span class='ocrx_word' id='word_1_600' title='bbox 3636 4030 3702 4081; x_wconf 82' lang='grc' dir='ltr'><strong>τὸ</strong></span> 
     </span>
    </p>
   </div>
   <div class='ocr_carea' id='block_1_87' title="bbox 2122 4115 3701 4189">
    <p class='ocr_par' dir='ltr' id='par_1_87' title="bbox 2122 4115 3701 4189">
     <span class='ocr_line' id='line_1_87' title="bbox 2122 4115 3701 4189; baseline 0.002 -22"><span class='ocrx_word' id='word_1_601' title='bbox 2122 4115 2347 4184; x_wconf 73' lang='grc' dir='ltr'>φρικτὸν</span> <span class='ocrx_word' id='word_1_602' title='bbox 2374 4116 2550 4169; x_wconf 81' lang='grc' dir='ltr'>ἐκεῖνο</span> <span class='ocrx_word' id='word_1_603' title='bbox 2572 4118 2664 4169; x_wconf 73' lang='grc' dir='ltr'><strong>καὶ</strong></span> <span class='ocrx_word' id='word_1_604' title='bbox 2684 4118 2935 4189; x_wconf 85' lang='grc' dir='ltr'>οὐράνιον</span> <span class='ocrx_word' id='word_1_605' title='bbox 2964 4119 3075 4188; x_wconf 89' lang='grc' dir='ltr'><strong>πῦρ</strong></span> <span class='ocrx_word' id='word_1_606' title='bbox 3107 4120 3220 4181; x_wconf 87' lang='grc' dir='ltr'>τοῖς</span> <span class='ocrx_word' id='word_1_607' title='bbox 3255 4117 3461 4188; x_wconf 85' lang='grc' dir='ltr'>ἐνόχοις</span> <span class='ocrx_word' id='word_1_608' title='bbox 3493 4116 3701 4187; x_wconf 81' lang='grc' dir='ltr'>ζημίας</span> 
     </span>
    </p>
   </div>
   <div class='ocr_carea' id='block_1_88' title="bbox 2122 4205 3702 4278">
    <p class='ocr_par' dir='ltr' id='par_1_88' title="bbox 2122 4205 3702 4278">
     <span class='ocr_line' id='line_1_88' title="bbox 2122 4205 3702 4278; baseline 0.002 -20"><span class='ocrx_word' id='word_1_609' title='bbox 2122 4205 2436 4271; x_wconf 74' lang='grc' dir='ltr'>ἐπέϐαλλον,</span> <span class='ocrx_word' id='word_1_610' title='bbox 2470 4207 2578 4260; x_wconf 81' lang='grc' dir='ltr'>οὐδ’</span> <span class='ocrx_word' id='word_1_611' title='bbox 2609 4208 2783 4261; x_wconf 79' lang='grc' dir='ltr'>ἄλλων</span> <span class='ocrx_word' id='word_1_612' title='bbox 2814 4210 3023 4262; x_wconf 86' lang='grc' dir='ltr'>πολλῶν</span> <span class='ocrx_word' id='word_1_613' title='bbox 3054 4208 3356 4277; x_wconf 79' lang='grc' dir='ltr'>ἐξαγίστων</span> <span class='ocrx_word' id='word_1_614' title='bbox 3386 4210 3481 4262; x_wconf 77' lang='grc' dir='ltr'>καὶ</span> <span class='ocrx_word' id='word_1_615' title='bbox 3518 4225 3702 4278; x_wconf 87' lang='grc' dir='ltr'>παρα-</span> 
     </span>
    </p>
   </div>
   <div class='ocr_carea' id='block_1_89' title="bbox 2124 4297 3700 4371">
    <p class='ocr_par' dir='ltr' id='par_1_89' title="bbox 2124 4297 3700 4371">
     <span class='ocr_line' id='line_1_89' title="bbox 2124 4297 3700 4371; baseline 0.003 -23"><span class='ocrx_word' id='word_1_616' title='bbox 2124 4297 2367 4367; x_wconf 83' lang='grc' dir='ltr'>πλησίων</span> <span class='ocrx_word' id='word_1_617' title='bbox 2393 4298 2568 4369; x_wconf 76' lang='grc' dir='ltr'>ἔργων</span> <span class='ocrx_word' id='word_1_618' title='bbox 2596 4299 2695 4369; x_wconf 84' lang='grc' dir='ltr'>τὴν</span> <span class='ocrx_word' id='word_1_619' title='bbox 2722 4300 3011 4371; x_wconf 84' lang='grc' dir='ltr'>κάθαρσιν,</span> <span class='ocrx_word' id='word_1_620' title='bbox 3044 4299 3166 4353; x_wconf 73' lang='grc' dir='ltr'>οὔτε</span> <span class='ocrx_word' id='word_1_621' title='bbox 3200 4303 3228 4354; x_wconf 85' lang='grc' dir='ltr'>ὁ</span> <span class='ocrx_word' id='word_1_622' title='bbox 3256 4302 3419 4371; x_wconf 91' lang='grc' dir='ltr'>νόμος</span> <span class='ocrx_word' id='word_1_623' title='bbox 3449 4299 3572 4353; x_wconf 76' lang='grc' dir='ltr'>οὔτε</span> <span class='ocrx_word' id='word_1_624' title='bbox 3634 4301 3700 4353; x_wconf 79' lang='grc' dir='ltr'><strong>τὸ</strong></span> 
     </span>
    </p>
   </div>
   <div class='ocr_carea' id='block_1_90' title="bbox 444 4383 2007 4463">
    <p class='ocr_par' dir='ltr' id='par_1_90' title="bbox 444 4383 2007 4457">
     <span class='ocr_line' id='line_1_90' title="bbox 444 4383 2007 4457; baseline -0.003 -12"><span class='ocrx_word' id='word_1_625' title='bbox 444 4406 567 4445; x_wconf 88' lang='lat' dir='ltr'><strong>rum</strong></span> <span class='ocrx_word' id='word_1_626' title='bbox 621 4390 1073 4455; x_wconf 89' lang='lat' dir='ltr'><strong>mundationem,</strong></span> <span class='ocrx_word' id='word_1_627' title='bbox 1142 4402 1319 4457; x_wconf 89' lang='lat' dir='ltr'><strong>neque</strong></span> <span class='ocrx_word' id='word_1_628' title='bbox 1370 4387 1490 4453; x_wconf 83' lang='lat' dir='ltr'><strong>lex,</strong></span> <span class='ocrx_word' id='word_1_629' title='bbox 1550 4400 1729 4455; x_wconf 86' lang='lat' dir='ltr'><strong>neque</strong></span> <span class='ocrx_word' id='word_1_630' title='bbox 1790 4383 2007 4440; x_wconf 72' lang='lat' dir='ltr'><strong>Joannis</strong></span> 
     </span>
    </p>
   </div>
   <div class='ocr_carea' id='block_1_91' title="bbox 2112 4383 3703 4463">
    <p class='ocr_par' dir='ltr' id='par_1_91' title="bbox 2134 4386 3703 4463">
     <span class='ocr_line' id='line_1_91' title="bbox 2134 4386 3703 4463; baseline 0.001 -22"><span class='ocrx_word' id='word_1_631' title='bbox 2134 4386 2377 4442; x_wconf 81' lang='grc' dir='ltr'>Ἰωάννου</span> <span class='ocrx_word' id='word_1_632' title='bbox 2401 4389 2753 4461; x_wconf 83' lang='grc' dir='ltr'>διεπράττετο</span> <span class='ocrx_word' id='word_1_633' title='bbox 2804 4392 3088 4463; x_wconf 87' lang='grc' dir='ltr'>βάπτισμα</span> <span class='ocrx_word' id='word_1_634' title='bbox 3106 4409 3120 4423; x_wconf 78' lang='grc' dir='ltr'><strong>ο</strong></span> <span class='ocrx_word' id='word_1_635' title='bbox 3146 4391 3283 4446; x_wconf 81' lang='grc' dir='ltr'>ἀλλὰ</span> <span class='ocrx_word' id='word_1_636' title='bbox 3296 4392 3501 4446; x_wconf 88' lang='grc' dir='ltr'>τούτων</span> <span class='ocrx_word' id='word_1_637' title='bbox 3526 4392 3703 4446; x_wconf 83' lang='grc' dir='ltr'>ἀπάν-</span> 
     </span>
    </p>
   </div>
   <div class='ocr_carea' id='block_1_92' title="bbox 446 4476 2016 4553">
    <p class='ocr_par' dir='ltr' id='par_1_92' title="bbox 446 4476 2016 4553">
     <span class='ocr_line' id='line_1_92' title="bbox 446 4476 2016 4553; baseline -0.005 -15"><span class='ocrx_word' id='word_1_638' title='bbox 446 4484 713 4553; x_wconf 91' lang='lat' dir='ltr'><strong>baptisma</strong></span> <span class='ocrx_word' id='word_1_639' title='bbox 744 4482 1056 4553; x_wconf 82' lang='lat' dir='ltr'><strong>praestabat.</strong></span> <span class='ocrx_word' id='word_1_640' title='bbox 1095 4480 1202 4535; x_wconf 87' lang='lat' dir='ltr'><strong>Sed</strong></span> <span class='ocrx_word' id='word_1_641' title='bbox 1245 4480 1311 4535; x_wconf 91' lang='lat' dir='ltr'><strong>de</strong></span> <span class='ocrx_word' id='word_1_642' title='bbox 1337 4479 1422 4534; x_wconf 90' lang='lat' dir='ltr'><strong>his</strong></span> <span class='ocrx_word' id='word_1_643' title='bbox 1463 4478 1739 4543; x_wconf 90' lang='lat' dir='ltr'><strong>omnibus,</strong></span> <span class='ocrx_word' id='word_1_644' title='bbox 1784 4492 1905 4548; x_wconf 65' lang='lat' dir='ltr'><strong>quae</strong></span> <span class='ocrx_word' id='word_1_645' title='bbox 1931 4476 2016 4531; x_wconf 79' lang='lat' dir='ltr'><strong>lex</strong></span> 
     </span>
    </p>
   </div>
   <div class='ocr_carea' id='block_1_93' title="bbox 447 4568 2018 4644">
    <p class='ocr_par' dir='ltr' id='par_1_93' title="bbox 447 4568 2018 4644">
     <span class='ocr_line' id='line_1_93' title="bbox 447 4568 2018 4644; baseline -0.005 -15"><span class='ocrx_word' id='word_1_646' title='bbox 447 4590 558 4629; x_wconf 90' lang='lat' dir='ltr'><strong>non</strong></span> <span class='ocrx_word' id='word_1_647' title='bbox 587 4581 941 4644; x_wconf 83' lang='lat' dir='ltr'><strong>praecaverat,</strong></span> <span class='ocrx_word' id='word_1_648' title='bbox 984 4581 1039 4627; x_wconf 89' lang='lat' dir='ltr'><strong>et</strong></span> <span class='ocrx_word' id='word_1_649' title='bbox 1066 4572 1277 4641; x_wconf 88' lang='lat' dir='ltr'><strong>primus</strong></span> <span class='ocrx_word' id='word_1_650' title='bbox 1325 4568 1604 4639; x_wconf 88' lang='lat' dir='ltr'><strong>legislator</strong></span> <span class='ocrx_word' id='word_1_651' title='bbox 1631 4568 2018 4634; x_wconf 85' lang='lat' dir='ltr'><strong>damnaverat,</strong></span> 
     </span>
    </p>
   </div>
   <div class='ocr_carea' id='block_1_94' title="bbox 449 4659 2020 4737">
    <p class='ocr_par' dir='ltr' id='par_1_94' title="bbox 449 4659 2020 4737">
     <span class='ocr_line' id='line_1_94' title="bbox 449 4659 2020 4737; baseline -0.007 -14"><span class='ocrx_word' id='word_1_652' title='bbox 449 4682 640 4737; x_wconf 78' lang='lat' dir='ltr'><strong>pcenas</strong></span> <span class='ocrx_word' id='word_1_653' title='bbox 682 4666 895 4736; x_wconf 87' lang='lat' dir='ltr'><strong>gladius</strong></span> <span class='ocrx_word' id='word_1_654' title='bbox 924 4663 1177 4735; x_wconf 90' lang='lat' dir='ltr'><strong>sumpsit.</strong></span> <span class='ocrx_word' id='word_1_655' title='bbox 1214 4660 1443 4717; x_wconf 83' lang='lat' dir='ltr'><strong>Joannis</strong></span> <span class='ocrx_word' id='word_1_656' title='bbox 1493 4670 1677 4715; x_wconf 88' lang='lat' dir='ltr'><strong>autem</strong></span> <span class='ocrx_word' id='word_1_657' title='bbox 1723 4659 2020 4730; x_wconf 87' lang='lat' dir='ltr'><strong>baptisma,</strong></span> 
     </span>
    </p>
   </div>
   <div class='ocr_carea' id='block_1_95' title="bbox 448 4750 2026 4824">
    <p class='ocr_par' dir='ltr' id='par_1_95' title="bbox 448 4750 2026 4824">
     <span class='ocr_line' id='line_1_95' title="bbox 448 4750 2026 4824; baseline -0.006 -10"><span class='ocrx_word' id='word_1_658' title='bbox 448 4758 706 4814; x_wconf 87' lang='lat' dir='ltr'><strong>omnibus</strong></span> <span class='ocrx_word' id='word_1_659' title='bbox 750 4758 807 4811; x_wconf 92' lang='lat' dir='ltr'><strong>in</strong></span> <span class='ocrx_word' id='word_1_660' title='bbox 853 4756 1124 4821; x_wconf 91' lang='lat' dir='ltr'><strong>salutem,</strong></span> <span class='ocrx_word' id='word_1_661' title='bbox 1176 4764 1363 4824; x_wconf 85' lang='lat' dir='ltr'><strong>utpOte</strong></span> <span class='ocrx_word' id='word_1_662' title='bbox 1406 4752 1579 4807; x_wconf 92' lang='lat' dir='ltr'><strong>multo</strong></span> <span class='ocrx_word' id='word_1_663' title='bbox 1624 4750 1805 4821; x_wconf 84' lang='lat' dir='ltr'><strong>majus</strong></span> <span class='ocrx_word' id='word_1_664' title='bbox 1855 4750 2026 4805; x_wconf 82' lang='lat' dir='ltr'><strong>fuerit</strong></span> 
     </span>
    </p>
   </div>
   <div class='ocr_carea' id='block_1_96' title="bbox 449 4844 2025 4919">
    <p class='ocr_par' dir='ltr' id='par_1_96' title="bbox 449 4844 2025 4919">
     <span class='ocr_line' id='line_1_96' title="bbox 449 4844 2025 4919; baseline -0.004 -14"><span class='ocrx_word' id='word_1_665' title='bbox 449 4851 613 4905; x_wconf 89' lang='lat' dir='ltr'><strong>solita</strong></span> <span class='ocrx_word' id='word_1_666' title='bbox 646 4850 868 4915; x_wconf 90' lang='lat' dir='ltr'><strong>virtute,</strong></span> <span class='ocrx_word' id='word_1_667' title='bbox 901 4848 1139 4919; x_wconf 88' lang='lat' dir='ltr'><strong>patebat.</strong></span> <span class='ocrx_word' id='word_1_668' title='bbox 1172 4846 1475 4903; x_wconf 66' lang='lat' dir='ltr'><strong>Praestabat</strong></span> <span class='ocrx_word' id='word_1_669' title='bbox 1501 4849 1666 4918; x_wconf 88' lang='lat' dir='ltr'><strong>igitur</strong></span> <span class='ocrx_word' id='word_1_670' title='bbox 1694 4855 1748 4901; x_wconf 92' lang='lat' dir='ltr'><strong>et</strong></span> <span class='ocrx_word' id='word_1_671' title='bbox 1779 4844 2025 4901; x_wconf 83' lang='lat' dir='ltr'><strong>Praecur-</strong></span> 
     </span>
    </p>
   </div>
   <div class='ocr_carea' id='block_1_97' title="bbox 449 4938 2027 5009">
    <p class='ocr_par' dir='ltr' id='par_1_97' title="bbox 449 4938 2027 5009">
     <span class='ocr_line' id='line_1_97' title="bbox 449 4938 2027 5009; baseline -0.003 -13"><span class='ocrx_word' id='word_1_672' title='bbox 449 4942 593 4996; x_wconf 87' lang='lat' dir='ltr'><strong>soris</strong></span> <span class='ocrx_word' id='word_1_673' title='bbox 628 4940 917 5009; x_wconf 86' lang='lat' dir='ltr'><strong>baptisma,</strong></span> <span class='ocrx_word' id='word_1_674' title='bbox 945 4949 1003 4994; x_wconf 94' lang='lat' dir='ltr'><strong>ut</strong></span> <span class='ocrx_word' id='word_1_675' title='bbox 1047 4938 1252 4995; x_wconf 90' lang='lat' dir='ltr'><strong>dictum</strong></span> <span class='ocrx_word' id='word_1_676' title='bbox 1292 4947 1398 5002; x_wconf 92' lang='lat' dir='ltr'><strong>est,</strong></span> <span class='ocrx_word' id='word_1_677' title='bbox 1428 4948 1779 5009; x_wconf 89' lang='lat' dir='ltr'><strong>peccatorum</strong></span> <span class='ocrx_word' id='word_1_678' title='bbox 1830 4939 2027 4991; x_wconf 88' lang='lat' dir='ltr'><strong>remis-</strong></span> 
     </span>
    </p>
   </div>
   <div class='ocr_carea' id='block_1_98' title="bbox 452 5029 2026 5099">
    <p class='ocr_par' dir='ltr' id='par_1_98' title="bbox 452 5029 2026 5099">
     <span class='ocr_line' id='line_1_98' title="bbox 452 5029 2026 5099; baseline -0.004 -11"><span class='ocrx_word' id='word_1_679' title='bbox 452 5032 689 5097; x_wconf 90' lang='lat' dir='ltr'><strong>sionem,</strong></span> <span class='ocrx_word' id='word_1_680' title='bbox 737 5048 846 5086; x_wconf 89' lang='lat' dir='ltr'><strong>non</strong></span> <span class='ocrx_word' id='word_1_681' title='bbox 895 5040 1079 5086; x_wconf 89' lang='lat' dir='ltr'><strong>autem</strong></span> <span class='ocrx_word' id='word_1_682' title='bbox 1113 5032 1396 5099; x_wconf 89' lang='lat' dir='ltr'><strong>omnium;</strong></span> <span class='ocrx_word' id='word_1_683' title='bbox 1432 5031 1534 5086; x_wconf 88' lang='lat' dir='ltr'><strong>hoc</strong></span> <span class='ocrx_word' id='word_1_684' title='bbox 1579 5031 1725 5086; x_wconf 90' lang='lat' dir='ltr'><strong>enim</strong></span> <span class='ocrx_word' id='word_1_685' title='bbox 1762 5029 2026 5083; x_wconf 85' lang='lat' dir='ltr'><strong>Dominici</strong></span> 
     </span>
    </p>
   </div>
   <div class='ocr_carea' id='block_1_99' title="bbox 450 5114 2029 5195">
    <p class='ocr_par' dir='ltr' id='par_1_99' title="bbox 450 5114 2029 5195">
     <span class='ocr_line' id='line_1_99' title="bbox 450 5114 2029 5195; baseline -0.003 -15"><span class='ocrx_word' id='word_1_686' title='bbox 450 5124 796 5195; x_wconf 85' lang='lat' dir='ltr'><strong>baptismatis</strong></span> <span class='ocrx_word' id='word_1_687' title='bbox 818 5124 1097 5193; x_wconf 89' lang='lat' dir='ltr'><strong>proprium</strong></span> <span class='ocrx_word' id='word_1_688' title='bbox 1124 5114 1360 5179; x_wconf 78' lang='lat' dir='ltr'><strong>est.’Sed</strong></span> <span class='ocrx_word' id='word_1_689' title='bbox 1389 5123 1703 5193; x_wconf 60' lang='lat' dir='ltr'><strong>praestabat,</strong></span> <span class='ocrx_word' id='word_1_690' title='bbox 1733 5120 2029 5192; x_wconf 80' lang='lat' dir='ltr'><strong>perfectio-</strong></span> 
     </span>
    </p>
   </div>
   <div class='ocr_carea' id='block_1_100' title="bbox 452 5214 2027 5287">
    <p class='ocr_par' dir='ltr' id='par_1_100' title="bbox 452 5214 2027 5287">
     <span class='ocr_line' id='line_1_100' title="bbox 452 5214 2027 5287; baseline -0.004 -14"><span class='ocrx_word' id='word_1_691' title='bbox 452 5234 574 5273; x_wconf 87' lang='lat' dir='ltr'><strong>nem</strong></span> <span class='ocrx_word' id='word_1_692' title='bbox 604 5216 873 5272; x_wconf 85' lang='lat' dir='ltr'><strong>Salvatori</strong></span> <span class='ocrx_word' id='word_1_693' title='bbox 909 5232 1261 5287; x_wconf 66' lang='lat' dir='ltr'><strong>prazparans;</strong></span> <span class='ocrx_word' id='word_1_694' title='bbox 1289 5216 1574 5271; x_wconf 90' lang='lat' dir='ltr'><strong>mundatio</strong></span> <span class='ocrx_word' id='word_1_695' title='bbox 1620 5222 1759 5280; x_wconf 91' lang='lat' dir='ltr'><strong>erat,</strong></span> <span class='ocrx_word' id='word_1_696' title='bbox 1792 5214 2027 5267; x_wconf 89' lang='lat' dir='ltr'><strong>munda-</strong></span> 
     </span>
    </p>
   </div>
   <div class='ocr_carea' id='block_1_101' title="bbox 454 5302 2027 5378">
    <p class='ocr_par' dir='ltr' id='par_1_101' title="bbox 454 5302 2027 5378">
     <span class='ocr_line' id='line_1_101' title="bbox 454 5302 2027 5378; baseline -0.003 -17"><span class='ocrx_word' id='word_1_697' title='bbox 454 5311 660 5362; x_wconf 89' lang='lat' dir='ltr'><strong>tionem</strong></span> <span class='ocrx_word' id='word_1_698' title='bbox 691 5309 1038 5378; x_wconf 83' lang='lat' dir='ltr'><strong>praecedens;</strong></span> <span class='ocrx_word' id='word_1_699' title='bbox 1089 5315 1144 5362; x_wconf 92' lang='lat' dir='ltr'><strong>et</strong></span> <span class='ocrx_word' id='word_1_700' title='bbox 1186 5306 1440 5362; x_wconf 88' lang='lat' dir='ltr'><strong>remissio</strong></span> <span class='ocrx_word' id='word_1_701' title='bbox 1482 5321 1576 5376; x_wconf 91' lang='lat' dir='ltr'><strong>per</strong></span> <span class='ocrx_word' id='word_1_702' title='bbox 1618 5311 1850 5375; x_wconf 88' lang='lat' dir='ltr'><strong>partem,</strong></span> <span class='ocrx_word' id='word_1_703' title='bbox 1887 5302 2027 5357; x_wconf 90' lang='lat' dir='ltr'><strong>inte-</strong></span> 
     </span>
    </p>
   </div>
   <div class='ocr_carea' id='block_1_102' title="bbox 451 5394 2026 5469">
    <p class='ocr_par' dir='ltr' id='par_1_102' title="bbox 451 5394 2026 5469">
     <span class='ocr_line' id='line_1_102' title="bbox 451 5394 2026 5469; baseline -0.004 -14"><span class='ocrx_word' id='word_1_704' title='bbox 451 5415 605 5469; x_wconf 87' lang='lat' dir='ltr'><strong>gram</strong></span> <span class='ocrx_word' id='word_1_705' title='bbox 637 5401 1011 5457; x_wconf 88' lang='lat' dir='ltr'><strong>remissionem</strong></span> <span class='ocrx_word' id='word_1_706' title='bbox 1040 5400 1322 5466; x_wconf 88' lang='lat' dir='ltr'><strong>anteiens;</strong></span> <span class='ocrx_word' id='word_1_707' title='bbox 1352 5397 1667 5469; x_wconf 81' lang='lat' dir='ltr'><strong>imperfecta</strong></span> <span class='ocrx_word' id='word_1_708' title='bbox 1692 5394 2026 5467; x_wconf 87' lang='lat' dir='ltr'><strong>purillcatio,</strong></span> 
     </span>
    </p>
   </div>
   <div class='ocr_carea' id='block_1_103' title="bbox 2120 4479 3705 4554">
    <p class='ocr_par' dir='ltr' id='par_1_103' title="bbox 2120 4479 3705 4554">
     <span class='ocr_line' id='line_1_103' title="bbox 2120 4479 3705 4554; baseline 0.001 -21"><span class='ocrx_word' id='word_1_709' title='bbox 2120 4496 2228 4533; x_wconf 88' lang='grc' dir='ltr'><strong>των</strong></span> <span class='ocrx_word' id='word_1_710' title='bbox 2260 4482 2289 4533; x_wconf 83' lang='grc' dir='ltr'>ὀ</span> <span class='ocrx_word' id='word_1_711' title='bbox 2314 4479 2413 4550; x_wconf 87' lang='grc' dir='ltr'>μὲν</span> <span class='ocrx_word' id='word_1_712' title='bbox 2441 4482 2603 4552; x_wconf 89' lang='grc' dir='ltr'>νόμος</span> <span class='ocrx_word' id='word_1_713' title='bbox 2634 4484 2735 4537; x_wconf 77' lang='grc' dir='ltr'><strong>ὅσα</strong></span> <span class='ocrx_word' id='word_1_714' title='bbox 2775 4483 2850 4553; x_wconf 85' lang='grc' dir='ltr'>μὴ</span> <span class='ocrx_word' id='word_1_715' title='bbox 2888 4482 3177 4553; x_wconf 70' lang='grc' dir='ltr'>προλαϐὼν</span> <span class='ocrx_word' id='word_1_716' title='bbox 3199 4484 3227 4536; x_wconf 85' lang='grc' dir='ltr'>ὁ</span> <span class='ocrx_word' id='word_1_717' title='bbox 3277 4483 3494 4554; x_wconf 83' lang='grc' dir='ltr'>πρῶτος</span> <span class='ocrx_word' id='word_1_718' title='bbox 3540 4499 3705 4553; x_wconf 86' lang='grc' dir='ltr'>νομο-</span> 
     </span>
    </p>
   </div>
   <div class='ocr_carea' id='block_1_104' title="bbox 2121 4570 3704 4646">
    <p class='ocr_par' dir='ltr' id='par_1_104' title="bbox 2121 4570 3704 4646">
     <span class='ocr_line' id='line_1_104' title="bbox 2121 4570 3704 4646; baseline 0.002 -22"><span class='ocrx_word' id='word_1_719' title='bbox 2121 4570 2284 4641; x_wconf 73' lang='grc' dir='ltr'>θέτης</span> <span class='ocrx_word' id='word_1_720' title='bbox 2324 4574 2710 4643; x_wconf 86' lang='grc' dir='ltr'>εἰσεπράττετο</span> <span class='ocrx_word' id='word_1_721' title='bbox 2769 4573 3027 4646; x_wconf 79' lang='grc' dir='ltr'>δικαστὴν</span> <span class='ocrx_word' id='word_1_722' title='bbox 3056 4575 3118 4627; x_wconf 81' lang='grc' dir='ltr'><strong>τὸ</strong></span> <span class='ocrx_word' id='word_1_723' title='bbox 3171 4573 3324 4643; x_wconf 82' lang='grc' dir='ltr'>ξίφος</span> <span class='ocrx_word' id='word_1_724' title='bbox 3356 4573 3601 4636; x_wconf 79' lang='grc' dir='ltr'>ἐκάθιζε.</span> <span class='ocrx_word' id='word_1_725' title='bbox 3626 4574 3704 4627; x_wconf 80' lang='grc' dir='ltr'><strong>Τὸ</strong></span> 
     </span>
    </p>
   </div>
   <div class='ocr_carea' id='block_1_105' title="bbox 2121 4660 3699 4735">
    <p class='ocr_par' dir='ltr' id='par_1_105' title="bbox 2121 4660 3699 4735">
     <span class='ocr_line' id='line_1_105' title="bbox 2121 4660 3699 4735; baseline 0.002 -21"><span class='ocrx_word' id='word_1_726' title='bbox 2121 4660 2179 4715; x_wconf 83' lang='grc' dir='ltr'>δὲ</span> <span class='ocrx_word' id='word_1_727' title='bbox 2233 4662 2478 4717; x_wconf 84' lang='grc' dir='ltr'>Ἰωάννου</span> <span class='ocrx_word' id='word_1_728' title='bbox 2527 4663 2807 4735; x_wconf 89' lang='grc' dir='ltr'>βάπτισμα</span> <span class='ocrx_word' id='word_1_729' title='bbox 2843 4666 2923 4728; x_wconf 90' lang='grc' dir='ltr'><strong>εἰς</strong></span> <span class='ocrx_word' id='word_1_730' title='bbox 2964 4667 3025 4718; x_wconf 81' lang='grc' dir='ltr'><strong>τὸ</strong></span> <span class='ocrx_word' id='word_1_731' title='bbox 3074 4667 3253 4719; x_wconf 84' lang='grc' dir='ltr'>κοινὸν</span> <span class='ocrx_word' id='word_1_732' title='bbox 3293 4666 3386 4718; x_wconf 77' lang='grc' dir='ltr'><strong>καὶ</strong></span> <span class='ocrx_word' id='word_1_733' title='bbox 3412 4666 3699 4735; x_wconf 77' lang='grc' dir='ltr'>σωτήριον,</span> 
     </span>
    </p>
   </div>
   <div class='ocr_carea' id='block_1_106' title="bbox 2121 4752 3706 4827">
    <p class='ocr_par' dir='ltr' id='par_1_106' title="bbox 2121 4752 3706 4827">
     <span class='ocr_line' id='line_1_106' title="bbox 2121 4752 3706 4827; baseline 0.003 -22"><span class='ocrx_word' id='word_1_734' title='bbox 2121 4752 2197 4816; x_wconf 84' lang='grc' dir='ltr'>ὡς</span> <span class='ocrx_word' id='word_1_735' title='bbox 2228 4754 2406 4824; x_wconf 88' lang='grc' dir='ltr'>πολλῷ</span> <span class='ocrx_word' id='word_1_736' title='bbox 2437 4757 2620 4825; x_wconf 78' lang='grc' dir='ltr'>μεῖζον</span> <span class='ocrx_word' id='word_1_737' title='bbox 2670 4756 2915 4826; x_wconf 85' lang='grc' dir='ltr'>ὑπάρχον</span> <span class='ocrx_word' id='word_1_738' title='bbox 2940 4758 3040 4827; x_wconf 79' lang='grc' dir='ltr'>τῆς</span> <span class='ocrx_word' id='word_1_739' title='bbox 3098 4757 3232 4820; x_wconf 81' lang='grc' dir='ltr'>ἰδίας</span> <span class='ocrx_word' id='word_1_740' title='bbox 3295 4756 3498 4826; x_wconf 86' lang='grc' dir='ltr'>ἰσχύος,</span> <span class='ocrx_word' id='word_1_741' title='bbox 3560 4772 3706 4826; x_wconf 86' lang='grc' dir='ltr'>παρ-</span> 
     </span>
    </p>
   </div>
   <div class='ocr_carea' id='block_1_107' title="bbox 2130 4844 3709 4919">
    <p class='ocr_par' dir='ltr' id='par_1_107' title="bbox 2130 4844 3709 4919">
     <span class='ocr_line' id='line_1_107' title="bbox 2130 4844 3709 4919; baseline 0.003 -24"><span class='ocrx_word' id='word_1_742' title='bbox 2130 4844 2369 4915; x_wconf 86' lang='grc' dir='ltr'>έπεμπε.</span> <span class='ocrx_word' id='word_1_743' title='bbox 2403 4847 2635 4917; x_wconf 71' lang='grc' dir='ltr'>Παρεῖχε</span> <span class='ocrx_word' id='word_1_744' title='bbox 2684 4848 2782 4917; x_wconf 80' lang='grc' dir='ltr'>μὲν</span> <span class='ocrx_word' id='word_1_745' title='bbox 2806 4847 2897 4901; x_wconf 87' lang='grc' dir='ltr'><strong>οῦν</strong></span> <span class='ocrx_word' id='word_1_746' title='bbox 2927 4850 3021 4901; x_wconf 76' lang='grc' dir='ltr'><strong>καὶ</strong></span> <span class='ocrx_word' id='word_1_747' title='bbox 3050 4849 3109 4900; x_wconf 84' lang='grc' dir='ltr'><strong>τὸ</strong></span> <span class='ocrx_word' id='word_1_748' title='bbox 3139 4847 3231 4901; x_wconf 88' lang='grc' dir='ltr'><strong>τοῦ</strong></span> <span class='ocrx_word' id='word_1_749' title='bbox 3263 4848 3575 4919; x_wconf 84' lang='grc' dir='ltr'>Προδρόμου</span> <span class='ocrx_word' id='word_1_750' title='bbox 3610 4848 3709 4917; x_wconf 77' lang='grc' dir='ltr'>βά-</span> 
     </span>
    </p>
   </div>
   <div class='ocr_carea' id='block_1_108' title="bbox 2130 4938 3705 5011">
    <p class='ocr_par' dir='ltr' id='par_1_108' title="bbox 2130 4938 3705 5011">
     <span class='ocr_line' id='line_1_108' title="bbox 2130 4938 3705 5011; baseline 0.002 -22"><span class='ocrx_word' id='word_1_751' title='bbox 2130 4954 2361 5007; x_wconf 86' lang='grc' dir='ltr'>πτισμα,</span> <span class='ocrx_word' id='word_1_752' title='bbox 2380 4938 2568 5009; x_wconf 82' lang='grc' dir='ltr'>ὥσπερ</span> <span class='ocrx_word' id='word_1_753' title='bbox 2587 4940 2817 5011; x_wconf 76' lang='grc' dir='ltr'>εἴρηται,</span> <span class='ocrx_word' id='word_1_754' title='bbox 2834 4939 2945 4993; x_wconf 83' lang='grc' dir='ltr'>τῶν</span> <span class='ocrx_word' id='word_1_755' title='bbox 2975 4940 3383 5010; x_wconf 81' lang='grc' dir='ltr'>ἁμαρτημάτων</span> <span class='ocrx_word' id='word_1_756' title='bbox 3399 4939 3593 5009; x_wconf 80' lang='grc' dir='ltr'>ἄφεσιν</span> <span class='ocrx_word' id='word_1_757' title='bbox 3609 4956 3622 4969; x_wconf 86' lang='grc'><strong>·</strong></span> <span class='ocrx_word' id='word_1_758' title='bbox 3643 4940 3705 4992; x_wconf 86' lang='grc' dir='ltr'><strong>οῦ</strong></span> 
     </span>
    </p>
   </div>
   <div class='ocr_carea' id='block_1_109' title="bbox 2134 5030 3709 5103">
    <p class='ocr_par' dir='ltr' id='par_1_109' title="bbox 2134 5030 3709 5103">
     <span class='ocr_line' id='line_1_109' title="bbox 2134 5030 3709 5103; baseline 0.001 -21"><span class='ocrx_word' id='word_1_759' title='bbox 2134 5030 2352 5083; x_wconf 84' lang='grc' dir='ltr'>πάντων</span> <span class='ocrx_word' id='word_1_760' title='bbox 2376 5030 2434 5083; x_wconf 91' lang='grc' dir='ltr'><strong>δέ</strong></span> <span class='ocrx_word' id='word_1_761' title='bbox 2477 5048 2492 5063; x_wconf 80' lang='grc' dir='ltr'><strong>ο</strong></span> <span class='ocrx_word' id='word_1_762' title='bbox 2527 5031 2685 5085; x_wconf 88' lang='grc' dir='ltr'>τοῦτο</span> <span class='ocrx_word' id='word_1_763' title='bbox 2736 5032 2845 5103; x_wconf 84' lang='grc' dir='ltr'><strong>γὰρ</strong></span> <span class='ocrx_word' id='word_1_764' title='bbox 2878 5033 2972 5087; x_wconf 89' lang='grc' dir='ltr'><strong>τοῦ</strong></span> <span class='ocrx_word' id='word_1_765' title='bbox 3001 5031 3332 5086; x_wconf 88' lang='grc' dir='ltr'>Δεσποτικοῦ</span> <span class='ocrx_word' id='word_1_766' title='bbox 3380 5031 3440 5085; x_wconf 81' lang='grc' dir='ltr'><strong>τὸ</strong></span> <span class='ocrx_word' id='word_1_767' title='bbox 3492 5030 3709 5101; x_wconf 80' lang='grc' dir='ltr'>ἐξαίρε-</span> 
     </span>
    </p>
   </div>
   <div class='ocr_carea' id='block_1_110' title="bbox 2129 5120 3709 5194">
    <p class='ocr_par' dir='ltr' id='par_1_110' title="bbox 2129 5120 3709 5194">
     <span class='ocr_line' id='line_1_110' title="bbox 2129 5120 3709 5194; baseline -0.001 -22"><span class='ocrx_word' id='word_1_768' title='bbox 2129 5136 2220 5172; x_wconf 90' lang='grc' dir='ltr'><strong>τον</strong></span> <span class='ocrx_word' id='word_1_769' title='bbox 2255 5135 2268 5149; x_wconf 76' lang='grc' dir='ltr'><strong>ο</strong></span> <span class='ocrx_word' id='word_1_770' title='bbox 2319 5122 2551 5191; x_wconf 85' lang='grc' dir='ltr'>παρεῖχε</span> <span class='ocrx_word' id='word_1_771' title='bbox 2585 5121 2664 5185; x_wconf 83' lang='grc' dir='ltr'>δὲ,</span> <span class='ocrx_word' id='word_1_772' title='bbox 2697 5122 3125 5194; x_wconf 76' lang='grc' dir='ltr'>προευτρεπίζον</span> <span class='ocrx_word' id='word_1_773' title='bbox 3178 5121 3253 5191; x_wconf 80' lang='grc' dir='ltr'>τῷ</span> <span class='ocrx_word' id='word_1_774' title='bbox 3311 5120 3564 5191; x_wconf 86' lang='grc' dir='ltr'>σωτηρίῳ</span> <span class='ocrx_word' id='word_1_775' title='bbox 3605 5121 3709 5189; x_wconf 75' lang='grc' dir='ltr'><strong>τὴν</strong></span> 
     </span>
    </p>
   </div>
   <div class='ocr_carea' id='block_1_111' title="bbox 2126 5209 3711 5285">
    <p class='ocr_par' dir='ltr' id='par_1_111' title="bbox 2126 5209 3711 5285">
     <span class='ocr_line' id='line_1_111' title="bbox 2126 5209 3711 5285; baseline -0.001 -22"><span class='ocrx_word' id='word_1_776' title='bbox 2126 5211 2465 5283; x_wconf 78' lang='grc' dir='ltr'>τελειότητα·</span> <span class='ocrx_word' id='word_1_777' title='bbox 2496 5213 2588 5266; x_wconf 76' lang='grc' dir='ltr'><strong>καὶ</strong></span> <span class='ocrx_word' id='word_1_778' title='bbox 2616 5213 2838 5285; x_wconf 85' lang='grc' dir='ltr'>λουτρὸν</span> <span class='ocrx_word' id='word_1_779' title='bbox 2866 5209 2934 5285; x_wconf 77' lang='grc' dir='ltr'>ἦν</span> <span class='ocrx_word' id='word_1_780' title='bbox 2963 5213 3068 5284; x_wconf 82' lang='grc' dir='ltr'><strong>πρὸ</strong></span> <span class='ocrx_word' id='word_1_781' title='bbox 3097 5211 3325 5283; x_wconf 79' lang='grc' dir='ltr'>λουτροῦ</span> <span class='ocrx_word' id='word_1_782' title='bbox 3350 5230 3365 5245; x_wconf 80' lang='grc' dir='ltr'><strong><em>ο</em></strong></span> <span class='ocrx_word' id='word_1_783' title='bbox 3393 5214 3487 5265; x_wconf 70' lang='grc' dir='ltr'><strong>καὶ</strong></span> <span class='ocrx_word' id='word_1_784' title='bbox 3512 5211 3711 5278; x_wconf 74' lang='grc' dir='ltr'>ἄφεσις</span> 
     </span>
    </p>
   </div>
   <div class='ocr_carea' id='block_1_112' title="bbox 2129 5299 3711 5377">
    <p class='ocr_par' dir='ltr' id='par_1_112' title="bbox 2129 5299 3711 5377">
     <span class='ocr_line' id='line_1_112' title="bbox 2129 5299 3711 5377; baseline -0.001 -23"><span class='ocrx_word' id='word_1_785' title='bbox 2129 5302 2194 5356; x_wconf 88' lang='grc' dir='ltr'><strong>ἐκ</strong></span> <span class='ocrx_word' id='word_1_786' title='bbox 2221 5302 2440 5374; x_wconf 85' lang='grc' dir='ltr'>μέρους,</span> <span class='ocrx_word' id='word_1_787' title='bbox 2469 5304 2574 5375; x_wconf 88' lang='grc' dir='ltr'><strong>πρὸ</strong></span> <span class='ocrx_word' id='word_1_788' title='bbox 2604 5307 2704 5377; x_wconf 82' lang='grc' dir='ltr'><strong>τῆς</strong></span> <span class='ocrx_word' id='word_1_789' title='bbox 2732 5303 3034 5368; x_wconf 80' lang='grc' dir='ltr'>παντελοῦς</span> <span class='ocrx_word' id='word_1_790' title='bbox 3063 5304 3330 5374; x_wconf 75' lang='grc' dir='ltr'>ἀφέσεως·</span> <span class='ocrx_word' id='word_1_791' title='bbox 3365 5302 3462 5355; x_wconf 74' lang='grc' dir='ltr'>καὶ</span> <span class='ocrx_word' id='word_1_792' title='bbox 3508 5299 3711 5369; x_wconf 81' lang='grc' dir='ltr'>ἀτελὴς</span> 
     </span>
    </p>
   </div>
   <div class='ocr_carea' id='block_1_113' title="bbox 2130 5394 3713 5471">
    <p class='ocr_par' dir='ltr' id='par_1_113' title="bbox 2130 5394 3713 5471">
     <span class='ocr_line' id='line_1_113' title="bbox 2130 5394 3713 5471; baseline -0.001 -22"><span class='ocrx_word' id='word_1_793' title='bbox 2130 5394 2395 5469; x_wconf 87' lang='grc' dir='ltr'>κάθαρσις</span> <span class='ocrx_word' id='word_1_794' title='bbox 2421 5397 2884 5470; x_wconf 79' lang='grc' dir='ltr'>προοιμιαζομένη</span> <span class='ocrx_word' id='word_1_795' title='bbox 2911 5398 3012 5471; x_wconf 79' lang='grc' dir='ltr'>τὴν</span> <span class='ocrx_word' id='word_1_796' title='bbox 3052 5395 3381 5453; x_wconf 86' lang='grc' dir='ltr'>τελειοποιόν</span> <span class='ocrx_word' id='word_1_797' title='bbox 3415 5410 3430 5427; x_wconf 90' lang='grc'><strong>·</strong></span> <span class='ocrx_word' id='word_1_798' title='bbox 3476 5394 3571 5449; x_wconf 82' lang='grc' dir='ltr'>καὶ</span> <span class='ocrx_word' id='word_1_799' title='bbox 3615 5411 3713 5447; x_wconf 90' lang='grc' dir='ltr'>κα-</span> 
     </span>
    </p>
   </div>
   <div class='ocr_carea' id='block_1_114' title="bbox 1958 5534 2188 5591">
    <p class='ocr_par' dir='ltr' id='par_1_114' title="bbox 1958 5534 2188 5591">
     <span class='ocr_line' id='line_1_114' title="bbox 1958 5534 2188 5591; baseline 0.004 -1"><span class='ocrx_word' id='word_1_800' title='bbox 1958 5534 2188 5591; x_wconf 61' lang='lat' dir='ltr'><strong>NOTAE.</strong></span> 
     </span>
    </p>
   </div>
   <div class='ocr_carea' id='block_1_115' title="bbox 526 5671 1398 5746">
    <p class='ocr_par' dir='ltr' id='par_1_115' title="bbox 526 5671 1398 5746">
     <span class='ocr_line' id='line_1_115' title="bbox 526 5671 1398 5746; baseline -0.005 -17"><span class='ocrx_word' id='word_1_801' title='bbox 526 5676 636 5746; x_wconf 82' lang='lat' dir='ltr'><strong>(l8)</strong></span> <span class='ocrx_word' id='word_1_802' title='bbox 677 5676 761 5731; x_wconf 78' lang='lat' dir='ltr'><strong>cr.</strong></span> <span class='ocrx_word' id='word_1_803' title='bbox 792 5691 846 5746; x_wconf 89' lang='lat' dir='ltr'><strong>q.</strong></span> <span class='ocrx_word' id='word_1_804' title='bbox 882 5672 1062 5731; x_wconf 79' lang='lat' dir='ltr'><strong>CLVII</strong></span> <span class='ocrx_word' id='word_1_805' title='bbox 1118 5671 1398 5728; x_wconf 72' lang='lat' dir='ltr'><strong>CLXXVI.</strong></span> 
     </span>
    </p>
   </div>
  </div>
