3978 6218
260 217 396 282 1225

1447 215 1910 279 FRAGMENTA
1943 215 2028 277 IN
2049 215 2329 277 LUCAM.

3382 204 3515 271 1926

257 335 449 403 θαῐρον
484 331 586 403 μὲν
614 330 683 386 τὰ
736 330 1020 402 φθάσαντα
1055 331 1165 385 τῶν
1215 331 1651 403 ἁμαρτημάτων,
1686 329 1875 389 οὐδὲν,

1984 327 2196 383 erl'ectae
2223 325 2369 380 viam
2404 322 2735 392 disponens;
2771 320 3046 377 mundans
3067 315 3285 391 quidem
3318 336 3350 377 a
3382 336 3512 392 pec-

255 427 304 479 δ⁴
326 425 569 494 ἀσφαλὲς
617 423 728 479 οὐδ’
754 424 1016 495 ἐχέγγυον
1044 423 1174 494 περὶ
1201 422 1311 477 τῶν
1345 422 1651 493 μελλόντων
1677 440 1838 494 χαρι-

260 515 508 584 ζόμενον.
547 514 622 568 Τὸ
674 513 1006 567 Δεσποτικὺν
1052 512 1110 566 δὲ
1154 512 1250 566 καὶ
1310 513 1579 583 σωτήριον
1624 511 1843 566 πάντων

264 606 366 676 μὲν
395 605 503 658 τῶν
535 605 915 676 προλαϐόντων
968 603 1177 676 ῥύσιον,
1212 602 1405 675 ῥώμης
1431 604 1488 657 δὲ
1511 604 1843 676 παρεκτικὺν

261 697 362 749 καὶ
391 694 594 765 ίσχύος,
623 694 701 767 μὴ
719 694 859 749 κατά
890 698 988 759 τάς
1017 696 1244 767 πρώτας
1263 696 1568 766 ὀλισθήσεις
1597 696 1680 749 ἔτι
1705 695 1846 767 πρὸς

261 789 336 842 τά
359 786 509 856 πάθη
549 786 949 858 κατασύρεσθαι
979 801 995 817 ·
1043 787 1141 841 καὶ
1193 787 1253 841 τὸ
1308 788 1427 858 μὲν,
1464 789 1547 853 είς
1596 787 1697 861 τὴν
1736 787 1848 843 τῶν

264 880 513 952 οὐρανῶν
535 881 796 952 ἀναφέρει
825 880 1125 952 βασιλείαν,
1156 879 1251 935 καὶ
1275 880 1337 934 τὸ
1369 881 1554 951 μεῖζον
1605 880 1844 947 πάντων,

268 970 543 1025 υἱοθεσίαν
563 970 848 1042 χαρίζεται
881 989 898 1006 ·
925 973 987 1026 τὸ
1020 972 1078 1026 δὲ
1108 970 1274 1026 τινῶν
1316 973 1416 1041 μὲν
1463 971 1658 1041 ἄφεσιν
1706 990 1849 1044 παρ-

271 1057 408 1129 έχει,
460 1057 586 1112 οὔτε
615 1060 672 1113 δὲ
721 1060 1052 1133 κληρουχίαν
1099 1060 1349 1133 οὐρανῶν
1394 1061 1693 1131 βασιλείας,
1727 1062 1849 1117 οὐδὲ

271 1147 457 1218 πολλῷ
494 1149 691 1220 μᾶλλον
721 1151 858 1223 πρὸς
895 1152 1170 1217 υἱοθεσίας
1202 1136 1537 1219 ⁸ἀναϐιϐάζει
1584 1152 1801 1225 ἀξίωμα
1833 1170 1848 1186 ·

273 1239 651 1310 ὲντελέστερον
670 1240 729 1294 δὲ
759 1242 888 1313 περὶ
915 1241 1119 1297 τούτων
1147 1244 1206 1296 ὲν
1252 1243 1330 1315 τῷ
1379 1244 1604 1316 Ἰωάννῃ
1656 1246 1751 1299 καὶ
1775 1244 1853 1316 τῷ

273 1331 547 1399 Ματθαίῳ
570 1332 807 1402 εἴρηται.
846 1334 1055 1387 Ἐκεῖσε
1081 1334 1175 1389 οὖν
1189 1337 1314 1398 τοὺς
1334 1336 1650 1406 φιλολίίγους
1676 1354 1855 1409 παρα-

275 1421 620 1492 πέμψαντες,
649 1425 810 1494 ἡμεῖς
839 1425 934 1478 ἐπὶ
962 1424 1031 1480 τά
1057 1427 1292 1496 ἐχόμενα
1319 1427 1512 1496 ῐωμεν.

352 1514 602 1568 Φωτίου.
644 1516 759 1569 Οὐκ
786 1512 894 1569 οῐδε
926 1517 1146 1570 σύνοδον
1174 1516 1421 1589 ἀλλήλων
1450 1516 1734 1583 πλεονεξία
1764 1519 1858 1572 καὶ

279 1606 664 1678 φιλανθρωπία
685 1624 701 1638 ·
728 1609 948 1679 μακράν
970 1610 1167 1680 ἀπέχει
1194 1610 1334 1682 ἀνὴρ
1349 1611 1598 1683 ἐλεήμων
1622 1611 1723 1682 τῆς
1746 1611 1858 1666 τῶν

279 1698 657 1753 πλουτούντων
709 1701 1085 1772 μισαδελφίας.
1146 1703 1245 1757 Διά
1305 1702 1467 1757 τοῦτο
1495 1744 1511 1770 ,
1556 1705 1652 1758 καὶ
1706 1705 1864 1777 μέγα

280 1788 491 1860 χάσμα
518 1792 836 1864 ἐστήρικται
865 1794 1070 1873 μεταξὺ
1095 1794 1319 1867 γεέννης
1342 1795 1437 1849 καὶ
1466 1795 1764 1867 βασιλείας.

361 1969 438 2043 [ρ.
478 1971 608 2027 228.
637 1971 721 2046 b.]
750 1974 999 2031 Φωτίου.
1028 1969 1191 2031 ἾΙλοι
1216 1978 1316 2042 τὰς
1362 1980 1702 2047 Δεσποτικάς
1751 1984 1869 2038 δια-

289 2064 563 2135 περονῶσι
590 2065 872 2136 παλάμας,
902 2069 997 2121 καὶ
1023 2070 1151 2133 τοὺς
1183 2070 1283 2140 τῆς
1314 2073 1515 2138 κακίας
1564 2077 1598 2144 ἡ
1608 2074 1724 2146 μῶν
1755 2080 1870 2143 τοῖς

292 2153 481 2223 μέλεσι
509 2156 903 2227 παρεμφύντας
930 2158 1109 2225 ὄζους,
1141 2162 1236 2231 ὑφ’
1280 2156 1356 2216 ὧν
1406 2164 1741 2238 ὲξερημοῦτο
1773 2171 1870 2223 καὶ

289 2247 591 2303 ὲκακύνετο
630 2250 691 2303 τὸ
716 2250 1080 2321 ἀνθρώπινον,
1112 2254 1304 2319 αὐταῖς
1330 2256 1618 2312 ἀνασπῶσι
1670 2258 1866 2331 ῥίζαις.

289 2336 562 2406 Στέφανος
591 2340 651 2405 ἐξ
669 2339 921 2395 ἀκανθῶν
948 2346 1014 2413 τῇ
1046 2343 1255 2416 κεφαλῇ
1305 2348 1751 2417 περισφίγγεται,
1778 2353 1872 2405 καὶ

288 2432 320 2482 ὁ
366 2429 705 2496 πολυώδυνος
748 2433 851 2503 τῆς
905 2434 1146 2499 παλαιᾶς
1169 2438 1417 2509 κατάρας
1459 2441 1643 2505 κλοιὸς
1688 2445 1868 2497 ἀπαυ-

290 2521 607 2592 χενίζεταιο
648 2523 816 2596 λόγχῃ
863 2526 1077 2599 πλευρά
1133 2526 1501 2599 διορύσσεται,
1550 2534 1646 2588 καὶ
1693 2537 1727 2605 ἡ
1775 2537 1874 2609 τῆς

293 2616 567 2686 σωτηρίας
594 2618 753 2689 ἡμῶν
779 2620 1181 2690 ἀναστομοῦται
1210 2624 1384 2696 πηγή.

366 2703 444 2778 [ρ.
461 2705 585 2761 306.
610 2706 687 2779 b.]
719 2711 965 2765 Φωτίου.
992 2713 1207 2767 Μᾶλλον
1224 2714 1280 2768 δὲ
1302 2716 1596 2785 ῥήγνυται
1616 2724 1873 2779 καταπέ-

290 2812 495 2867 τασμα
508 2800 615 2854 τοῦ
628 2801 803 2866 ναοῦ,
821 2802 964 2875 ξύλῳ
985 2804 1077 2859 τοῦ
1102 2808 1373 2861 Δεσπότου
1398 2812 1769 2883 κρεμαμένου,
1788 2815 1875 2871 διὰ

291 2887 827 2962 πολλὰς,οῒμαι,τάς
844 2896 1043 2960 αἰτίας.
1074 2897 1148 2951 Τὸ
1179 2898 1281 2968 μὲν
1308 2886 1417 2971 γάρ
1448 2902 1545 2973 τὴν
1566 2904 1670 2975 γῆν
1702 2906 1876 2979 κλόνῳ

1942 419 2083 474 catis
2133 415 2449 489 praeteritis,
2488 414 2581 471 sed
2615 413 2749 468 nihil
2782 416 3091 479 tutamenti,
3138 414 3275 469 nihil
3306 414 3519 471 roboris

1943 516 2013 572 ad
2036 515 2216 571 futura
2240 513 2501 583 largiens.
2528 510 2741 565 Domini
2771 518 2950 565 autem
2996 520 3051 565 et
3079 508 3379 565 Salvatoris
3415 510 3520 564 ba-

1944 610 2164 681 ptisma,
2195 607 2379 662 omnia
2410 602 2684 675 praeterita
2712 600 2925 663 Iavans,
2954 601 3214 654 virtutem
3255 608 3311 655 et
3341 600 3517 655 robur

1945 706 2189 772 praestat,
2240 713 2307 752 ne
2361 697 2416 751 in
2465 694 2673 764 priores
2722 691 2913 761 lapsus
2955 690 3067 760 jam
3119 691 3183 744 ad
3234 690 3522 761 passiones

1947 790 2315 861 abripiamur;
2369 788 2481 842 imo
2511 786 2567 841 in
2617 783 2885 840 caelorum
2929 797 3156 851 regnum
3199 783 3520 846 introducit,

1947 892 2003 941 et
2040 883 2183 955 quod
2222 880 2478 936 omnibus
2507 878 2687 951 majus
2737 886 2843 942 est,
2890 875 3125 931 ﬁliorum
3175 875 3524 944 adoptionem

1948 976 2198 1045 largitur.
2229 972 2458 1029 Joannis
2489 981 2674 1027 autem
2715 969 2988 1040 baptisma
3022 975 3371 1038 peccatorum
3404 965 3527 1034 qui-

1951 1072 2077 1127 dem
2111 1067 2488 1124 remissionem
2533 1064 2761 1136 praebet,
2804 1062 2897 1118 sed
2946 1076 3054 1115 non
3105 1059 3345 1114 ctelestis
3377 1057 3528 1126 regni

1953 1160 2348 1224 baereditatem,
2399 1171 2575 1227 neque
2636 1155 2813 1209 multo
2868 1153 3042 1219 magis
3099 1150 3163 1204 ad
3220 1147 3532 1217 adoptionis

1954 1252 2271 1323 dignitatem
2319 1248 2537 1304 attollit.
2585 1244 2839 1314 Apertius
2879 1242 2945 1296 de
2987 1241 3074 1296 his
3119 1240 3173 1293 in
3224 1238 3436 1293 Joanne
3482 1245 3538 1291 et

1956 1342 2210 1398 Matthteo
2261 1340 2480 1411 legitur,
2532 1337 2597 1392 ad
2637 1349 2777 1404 quos
2824 1332 3129 1403 philologos
3170 1330 3534 1391 remittentes,

1957 1450 2060 1492 nos
2088 1436 2154 1489 ad
2191 1430 2529 1502 propositum
2561 1428 2868 1481 volvamus.

2027 1524 2181 1579 CAP.
2211 1520 2350 1577 XVI.
2387 1518 2550 1575 Vens.
2587 1518 2675 1573 3i.
2712 1516 2916 1571 Photii.
2959 1513 3076 1568 Non
3118 1511 3352 1566 invicem
3403 1524 3538 1565 con-

1961 1618 2189 1674 veniunt
2218 1614 2446 1670 avaritia
2498 1619 2553 1666 et
2600 1608 2941 1673 liberalitas;
2993 1605 3226 1661 multum
3270 1603 3425 1658 abest
3459 1602 3541 1654 vir

1966 1708 2281 1765 misericors
2311 1705 2379 1759 ab
2412 1703 2534 1758 odio
2557 1702 2785 1756 divitum
2817 1699 2873 1753 in
2896 1697 3123 1764 fratres;
3146 1706 3455 1767 propterea,
3484 1702 3542 1747 et

1967 1815 2215 1870 magnum
2244 1798 2515 1867 ﬁrmatum
2560 1803 2644 1848 est
2683 1790 3034 1846 intervallum
3074 1784 3544 1859 gebennaminter

1965 1900 2021 1949 et
2058 1905 2307 1961 regnum.

2037 1983 2192 2039 CAP.
2220 1980 2385 2036 XVII.
2414 1978 2585 2035 Vens.
2611 1979 2702 2033 55.
2732 1975 2933 2032 Photiz’.
2963 1973 3116 2032 Clavi
3164 1972 3384 2029 Domini
3423 1972 3546 2042 pal-

1969 2089 2087 2127 mas
2123 2072 2468 2141 transtigunt,
2500 2077 2556 2123 et
2587 2066 2814 2122 malitiae
2855 2074 3058 2119 nostrae
3084 2060 3347 2117 membris
3374 2060 3547 2113 inhae-

1970 2175 2152 2221 rentes
2192 2164 2366 2219 nodos
2393 2205 2410 2230 ,
2448 2176 2543 2233 per
2572 2175 2713 2232 quos
2736 2168 3013 2214 vastatum
3050 2164 3104 2210 et
3128 2159 3441 2223 corruptum
3466 2162 3550 2205 est

1971 2259 2269 2313 humanum
2306 2269 2497 2327 genus,
2546 2253 2682 2323 ipsis
2727 2250 2969 2306 evellunt
2997 2245 3298 2302 radicibus.
3332 2243 3550 2298 Corona

1971 2365 2001 2404 e
2036 2349 2208 2418 epinis
2248 2348 2410 2416 capiti
2444 2345 2913 2407 circumducitur,
2948 2350 3005 2397 et
3028 2353 3376 2396 aerumnosas
3407 2337 3552 2393 anti-

1972 2458 2098 2512 quae
2128 2438 2529 2495 maledictionis
2560 2447 2784 2506 torques
2821 2434 3133 2504 rumpitur;
3171 2431 3364 2488 lancea
3401 2430 3549 2485 latus

1973 2534 2258 2599 dividitur,
2299 2540 2355 2588 et
2380 2530 2541 2586 nobis
2566 2528 2755 2585 salutis
2783 2526 2907 2584 fons
2937 2524 3201 2597 aperitur.

2044 2717 2198 2775 CAP.
2229 2714 2423 2773 XXIII.
2453 2711 2619 2768 Vens.
2654 2711 2747 2767 45.
2783 2708 2984 2765 Photii.
3011 2705 3201 2762 Potius
3252 2714 3383 2755 vero
3422 2698 3557 2752 scis-

1974 2827 2090 2866 sum
2110 2819 2186 2864 est
2215 2808 2384 2864 velum
2414 2805 2613 2877 templi,
2638 2804 2786 2875 ligno
2817 2817 2942 2858 cum
2967 2797 3236 2854 Dominus
3272 2791 3557 2863 penderet,

1975 2904 2046 2958 ob
2080 2901 2367 2972 plurimas,
2405 2909 2558 2970 puto,
2598 2910 2813 2952 causas.
2847 2892 3003 2960 Quod
3038 2890 3181 2945 enim
3215 2896 3357 2942 terra
3405 2893 3562 2938 motu

295 2981 508 3053 μικροῦι
520 2983 629 3037 δεῖν
658 2988 1169 3060 συγκατενεχθῆναι,
1192 2990 1414 3047 δυνατόν
1441 2994 1557 3048 ἐστι
1577 2998 1686 3060 τοῖς
1707 2975 1875 3070 ἀγνω-

1984 3011 2178 3064 parum
2196 2992 2438 3065 oportuit
2458 2991 2677 3061 agitari,
2703 2986 2970 3060 possibile
2996 2992 3080 3040 est
3104 2978 3404 3037 incredulis
3428 2975 3561 3032 illud

296 3073 520 3145 μονοῦσι
542 3075 635 3129 καὶ
661 3078 740 3141 είς
768 3080 837 3133 τά
859 3079 999 3134 κατά
1023 3080 1183 3151 φύσιν
1207 3083 1430 3151 ἀνάγειν
1460 3087 1570 3141 τῶν
1606 3068 1875 3163 στοιχείων

1984 3090 2381 3145 elementorum
2401 3082 2636 3139 naturali
2657 3077 3056 3153 perturbationi
3078 3073 3404 3135 attribuere,
3424 3068 3566 3124 seis-

295 3166 466 3236 πάθη.
484 3166 555 3219 Τὸ
570 3167 626 3220 δὲ
645 3169 879 3240 ῥαγῆναι
896 3174 956 3224 τὸ
968 3174 1391 3246 καταπέτασμα.
1409 3181 1636 3248 μηδενὸς
1650 3184 1885 3253 μάλιστα

296 3257 655 3324 διασπῶντος,
687 3261 797 3314 ἀπὸ
822 3263 1029 3317 ἄνωθεν
1057 3265 1161 3329 ἓως
1193 3267 1365 3333 κάτω,
1390 3270 1685 3343 θεομηνίαν
1712 3276 1775 3329 τὸ
1800 3278 1887 3331 τέ-

300 3363 401 3417 ρας
435 3348 728 3408 δείκνυσιν.
764 3346 872 3406 Ἦν
892 3352 950 3407 δὲ
986 3356 1079 3408 καὶ
1111 3355 1395 3426 σύμϐολονῗ
1418 3362 1516 3415 καὶ
1547 3366 1888 3439 προμήνυμα

298 3439 401 3508 τῆς
429 3440 519 3494 ἀεὶ
549 3445 935 3515 καταστροφῆς
987 3463 1046 3500 τε
1105 3451 1199 3502 καὶ
1252 3450 1651 3524 ὲξερημώσεως
1692 3459 1786 3512 τοῦ
1829 3478 1890 3514 τε

300 3531 653 3604 περιωνύμου
709 3535 839 3588 ναοῦ
877 3536 1187 3594 Ἰουδαϊκῶν
1232 3542 1484 3600 τελετῶν.
1517 3547 1629 3601 Καὶ
1684 3550 1887 3619 τρίτον,

304 3623 380 3688 ὡς
430 3625 621 3679 οὐκέτι
689 3627 847 3699 μέρει
912 3631 1142 3703 τινὶτῆς
1184 3633 1515 3705 οἰκουμένης
1557 3640 1591 3709 ἠ
1639 3639 1892 3697 εὐσέϐεια

304 3716 805 3789 συγκλεισθήσεται·
821 3721 935 3775 ἀλλ’
956 3723 1171 3779 ἅπαντα
1190 3726 1259 3778 τά
1272 3725 1512 3798 πέρατα,
1531 3731 1639 3783 τῶν
1649 3731 1894 3805 ἀπορρή-

302 3824 411 3861 των
427 3810 485 3861 ὲν
505 3810 805 3864 ἀπολαύσει
828 3815 1138 3884 γενήσεται.
1173 3817 1295 3869 Ἔτι
1314 3819 1348 3888 ἡ
1370 3817 1601 3883 κιϐωτὸς
1635 3822 1728 3875 καὶ
1741 3822 1809 3876 τά
1836 3824 1894 3877 ἐν

304 3903 467 3975 αὐτῇ,
493 3905 635 3958 κατὰ
662 3905 756 3959 τὸν
799 3906 969 3961 τύπον
996 3909 1186 3978 γέγονε
1219 3911 1313 3964 τοῦ
1358 3912 1647 3984 ἀνθρώπου
1668 3916 1762 3968 καὶ
1786 3915 1895 3969 τῶν

307 3994 411 4048 ὐπὸ
464 3995 556 4050 τὸν
607 3996 877 4069 οὐρανὸν,
940 4000 1079 4073 αὐτη
1137 4002 1195 4055 δὲ
1253 4003 1522 4075 διείργετο
1581 4004 1659 4076 τῷ
1721 4024 1897 4061 κατα-

307 4087 649 4159 πετάσματι.
695 4092 793 4145 καὶ
844 4094 1229 4164 ἀπεκρύπτετο
1257 4112 1272 4127 ·
1324 4096 1513 4167 ἐδήλου
1568 4097 1627 4151 δὲ
1669 4098 1769 4170 τὴν
1815 4101 1898 4164 εἰς

308 4182 573 4254 οὐρανοὺς
600 4185 827 4251 εἴσοδον,
868 4186 1177 4257 ἀνθρώποις
1211 4188 1413 4243 ἄϐατον
1462 4191 1895 4261 συντετηρῆσοαι

308 4274 466 4336 τέως.
507 4274 911 4345 Ῥήγνυταιοῦν
929 4277 991 4331 τὸ
1025 4279 1423 4352 καταπέτασμα
1451 4282 1692 4353 Χριστοῦ
1734 4299 1894 4336 σταυ-

1986 3198 2107 3238 sum
2126 3194 2256 3236 vero
2285 3192 2412 3235 esse
2437 3176 2642 3241 velum,
2672 3173 2891 3229 nemine
2914 3167 3217 3242 praesertim
3251 3162 3565 3223 divellente,

1987 3290 2019 3330 a
2050 3287 2267 3328 summo
2296 3284 2473 3340 usque
2504 3269 2785 3326 deorsum,
2814 3263 2906 3317 Dei
2946 3264 3080 3315 iram
3121 3258 3225 3313 hoc
3256 3254 3567 3326 prodigium

1990 3361 2252 3420 ostendit.
2285 3358 2416 3414 Erat
2449 3368 2631 3412 autem
2689 3352 2999 3426 symbolum
3034 3358 3089 3404 et
3142 3345 3405 3402 indicium
3443 3356 3569 3412 per-

1992 3466 2172 3526 petua:
2204 3448 2597 3508 destructionis
2631 3454 2687 3501 et
2718 3440 3044 3499 vastationis
3096 3436 3284 3509 inclyti
3311 3433 3567 3490 Iudaico-

1991 3561 2115 3603 rum
2147 3545 2351 3600 rituum
2375 3541 2584 3610 templi.
2616 3536 2682 3592 Et
2704 3537 2888 3600 tertio,
2911 3534 3057 3604 quod
3082 3546 3187 3585 non
3218 3536 3371 3599 parte
3392 3526 3574 3596 aliqua

1994 3640 2144 3697 orbis
2172 3638 2361 3707 religio
2382 3632 2768 3696 concludetur;
2797 3628 2892 3682 sed
2917 3638 3115 3680 omnes
3136 3623 3271 3677 ﬁnes
3288 3624 3344 3673 In
3372 3627 3575 3690 myste-

1995 3734 2203 3788 riorum
2239 3726 2714 3801 participationem
2759 3720 3125 3775 adducentur.
3180 3713 3300 3769 Jam
3348 3726 3474 3766 arca
3522 3719 3578 3764 et

1995 3839 2116 3894 quae
2142 3821 2477 3883 includebat,
2519 3814 2823 3872 secundum
2859 3811 3090 3880 ﬁguram
3143 3806 3287 3860 facta
3336 3811 3421 3858 est
3472 3802 3578 3856 bo-

1996 3892 2164 3970 minis
2181 3922 2439 3968 eteorum
2470 3923 2591 3981 qum
2614 3906 2717 3961 sub
2746 3903 2887 3958 caelo
2911 3908 3074 3965 sunt;
3111 3898 3225 3951 haec
3247 3906 3429 3948 autem
3456 3892 3577 3946 velo

1998 4007 2358 4079 separabatur
2383 4014 2437 4060 et
2462 3999 2875 4063 occultabatur;
2937 3988 3261 4047 ostendebat
3311 3981 3576 4039 hactenus

1996 4101 2261 4157 ctelorum
2287 4098 2596 4169 ingressum
2627 4089 2943 4145 hominibus
2969 4081 3294 4154 impervium
3323 4090 3578 4147 perman-

2000 4190 2176 4255 sisse;
2207 4186 2476 4242 scinditur
2501 4197 2631 4252 ergo
2663 4179 2868 4243 velum,
2899 4192 3023 4232 cum
3054 4171 3306 4228 Christus
3328 4176 3412 4225 est
3449 4183 3578 4223 cru-

2001 4280 2218 4343 ciﬁxus,
2250 4278 2515 4334 etelorum
2554 4275 2863 4344 ingressum
2916 4264 3174 4320 omnibus
3203 4257 3582 4330 praeconizaus

310 4343 599 4437 ρουμένου,
621 4343 727 4439 τὴν
765 4369 845 4433 είς
897 4369 1126 4437 οὐρανὸν
1159 4343 1364 4425 εἴσοδον
1407 4343 1573 4427 πᾶσιν
1599 4374 1732 4444 ἡμῖν
1760 4373 1875 4427 ὑπο

1998 4380 2051 4425 et
2076 4367 2415 4424 annuntians
2440 4364 2575 4435 (I9).

313 4458 575 4523 σαλπίζον
598 4461 694 4513 καὶ⁵
730 4460 1242 4532 εὐαγγελιζόμενον.

381 4551 628 4605 Φωτίου.
663 4547 774 4605 Ἦν
821 4570 953 4607 ποτε
1010 4554 1240 4624 κρύφιος
1287 4553 1441 4624 φίλος
1473 4555 1503 4608 6
1541 4554 1760 4626 Ἰωσὴφ,
1803 4555 1899 4609 καὶ

310 4644 622 4716 νυκτερινὸς
682 4644 925 4715 Χριστοῦ
978 4646 1247 4719 μαθητής·
1302 4647 1417 4701 ἀλλ’
1476 4644 1711 4719 ὕστερον
1764 4649 1897 4713 τοὺς

310 4735 545 4806 δεσμοὺς
570 4738 890 4809 ἀπορρήξας
914 4738 1017 4809 τῆς
1048 4738 1271 4805 δειλίας,
1301 4738 1411 4793 τῶν
1444 4741 1525 4802 εἰς
1558 4740 1618 4792 τὸ
1664 4740 1897 4811 φανερὸν

314 4828 613 4897 φιλούντων
642 4828 975 4902 θερμότερός
997 4847 1055 4883 τε
1083 4831 1179 4885 καὶ
1207 4831 1652 4903 θαρῤαλεώτερος
1680 4832 1896 4901 γέγονε*

314 4922 498 4976 καὶτὸ
527 4923 857 4977 Δεσποτικδν
901 4925 959 4978 ὲν
998 4922 1155 4994 ὕϐρει
1202 4924 1550 4996 κρεμάμενον
1600 4924 1760 4995 σῶμα
1806 4923 1899 4978 τοῦ

315 5013 474 5079 ξύλου
505 5014 771 5081 καθελὼν,
795 5016 894 5086 τῆς
920 5015 1152 5086 δυνατῆς
1175 5015 1471 5087 θεραπείας
1492 5017 1593 5071 οὐκ
1621 5016 1893 5089 ἠμέλησε,

320 5106 583 5176 ῥημάτων
650 5107 997 5180 μετριότητι,
1048 5108 1140 5162 τὸν
1200 5108 1468 5179 πολυτελῆ
1555 5109 1900 5181 μαργαρίτην

317 5197 757 5268 ἐμπορευόμενος
787 5238 803 5262 ,
848 5200 945 5253 καὶ
990 5199 1250 5271 κρύπτων
1300 5198 1508 5255 τούτων
1562 5201 1625 5253 τὸ
1664 5199 1901 5254 σπουδα-

316 5288 563 5361 ζόμενον.
604 5290 738 5345 Οὐδὲ
766 5289 877 5362 γὰρ
913 5291 989 5356 ὡς
1033 5292 1096 5363 δή
1129 5310 1180 5346 τι
1222 5292 1362 5361 μέγα
1414 5291 1627 5365 φρονῶν
1664 5293 1698 5363 ἢ
1743 5292 1903 5362 φθεγ-

2075 4551 2240 4605 Vens.
2273 4548 2365 4604 50.
2410 4546 2607 4599 Photii.
2640 4542 2770 4597 Erat
2798 4541 2941 4597 forte
2965 4537 3216 4594 occultus
3248 4533 3459 4589 amicus
3488 4528 3583 4584 Jo-

2006 4642 2164 4709 sepb,
2200 4648 2255 4696 et
2282 4645 2582 4694 nocturnus
2610 4633 2816 4687 Christi
2849 4627 3155 4702 discipulus
3182 4642 3200 4693 ;
3232 4624 3335 4679 sed
3361 4622 3584 4677 tandem

2002 4746 2181 4792 metus
2234 4742 2494 4800 rumpens
2543 4723 2802 4789 vincula,
2861 4720 3120 4775 omnibus
3150 4714 3455 4786 qui-paiam
3493 4726 3583 4768 se-

2001 4830 2309 4901 quebantur
2340 4820 2640 4877 ferventior
2663 4826 2718 4871 et
2750 4813 3012 4869 audacior
3037 4809 3214 4865 faetus
3245 4816 3347 4862 est.
3379 4806 3447 4861 Et
3476 4804 3585 4858 Do-

2003 4897 2139 4977 mini
2186 4931 2388 4986 corpus
2433 4913 2490 4967 in
2531 4908 2861 4966 contumelia
2919 4915 3291 4973 suspensum,
3346 4911 3377 4951 a
3438 4897 3587 4968 ligno

2003 5012 2321 5075 demittens,
2362 5004 2510 5078 quod
2566 5001 2750 5073 potuit
2801 4995 3130 5070 obsequium
3179 5006 3290 5047 non
3325 4990 3587 5061 neglexit.

2007 5108 2302 5163 verborum
2354 5098 2757 5161 moderatione,
2807 5091 3106 5165 ptetiosam
3141 5099 3333 5143 emens
3373 5096 3589 5152 marga-

2008 5201 2196 5265 ritam,
2230 5207 2285 5254 et
2309 5195 2506 5251 horum
2523 5190 2770 5247 valerem
2796 5186 3000 5246 aelans.
3024 5180 3145 5238 Non
3170 5180 3318 5236 enim
3339 5184 3400 5231 ut
3427 5176 3591 5229 homo

2011 5264 2194 5349 mente
2223 5298 2277 5345 et
2338 5298 2593 5343 sermone
2632 5279 2906 5353 superbus
2929 5315 2946 5344 ,
2976 5287 3178 5344 corpus
3216 5270 3456 5341 expetit,
3494 5264 3595 5320 sed

1838 5488 2070 5549 ΝΟΤιΕ.

383 5634 493 5704 (19)
524 5630 613 5689 Cf.
645 5647 700 5704 q.
735 5632 936 5690 CCXII.
