3904 6218
242 214 383 279 1229

1434 211 1899 272 FRAGMENTA
1920 209 2001 268 IN
2036 210 2316 271 LUCAM.

3373 210 3512 275 1230

237 350 340 402 της
365 330 808 401 ἀναδεδεγμένος,
843 329 985 384 οὕτω
1019 331 1114 385 καὶ
1134 329 1241 384 τῶν
1265 327 1544 401 πανταχοῦ
1585 330 1687 400 γῆς
1729 329 1826 382 καὶ

1971 327 2137 398 bique
2197 343 2290 398 per
2326 335 2501 383 terras
2549 338 2603 384 et
2663 330 2837 386 maria
2878 328 3097 400 agitatis
3152 330 3505 401 corporibus,

241 424 525 494 θαλάσσης
556 423 961 495 διερριμμένων
992 424 1282 493 σωμάτων,
1307 425 1402 477 καὶ
1427 422 1563 491 πυρὶ
1592 424 1686 475 καὶ
1711 421 1836 491 ἀέρι

239 517 734 588 διεσκεδασμένων,
763 516 1036 588 λαμπρῶς
1067 517 1380 587 ἐπιγνωσθῇ
1407 517 1484 586 τῷ
1515 516 1700 587 οἰκείῳ
1728 515 1836 569 πά-

244 610 331 665 θει
387 610 871 681 διαπεπραγμένος
918 610 1017 681 τὴν
1045 611 1375 665 ἀνάστασινο
1411 607 1495 673 οἷς
1524 610 1630 679 γὰρ
1677 610 1839 664 τινῶν

252 702 354 772 μὲν
386 702 449 755 οὐ
493 702 860 755 συνετέθαπτο
906 701 1145 771 σώμασι,
1192 699 1379 754 πολλοὶ
1420 700 1479 753 δὲ
1517 700 1627 753 τῶν
1659 699 1841 768 ἁγίων

243 794 602 857 ἀναστάντες,
630 792 814 846 ἄλλοθί
837 810 940 845 που
977 793 1072 846 καὶ
1100 790 1284 845 ἄλλοθι
1308 791 1402 844 καὶ
1426 790 1704 861 σποράδην
1738 791 1835 844 καὶ

239 885 305 937 οὐ
335 885 478 938 κατὰ
500 884 561 936 τὸ
593 884 920 936 Δεσποτικὸν
971 883 1163 954 μνῆμα
1201 883 1465 951 κείμενοι,
1506 880 1715 945 πολλοῖς
1748 877 1845 953 ἥλ-

251 975 346 1030 θον
379 977 460 1039 είς
480 975 806 1045 ἐμφάνειαν·
837 974 927 1028 διὰ
958 974 1164 1039 τούτων
1221 974 1422 1045 μᾶλλον
1451 974 1663 1045 τρανῶς
1721 975 1844 1025 ὲπι-

247 1070 548 1133 δείκνυται,
588 1069 663 1140 μὴ
692 1069 801 1122 τῶν
832 1068 955 1139 μὲν,
982 1068 1089 1127 τῶν
1110 1068 1167 1122 δὲ
1211 1069 1305 1140 μὴ,
1357 1068 1475 1122 ἀλλ’
1509 1067 1646 1138 ὑπὲρ
1698 1067 1838 1121 πάν-

241 1177 354 1213 των
382 1159 461 1230 τῷ
481 1163 546 1213 Δε
556 1162 726 1231 σπὸτῃ
748 1160 861 1229 ὅστε
894 1159 1124 1224 θάνατος
1147 1141 1513 1232 γεγενημένϐς
1542 1161 1637 1213 καὶ
1660 1159 1694 1230 ή
1716 1159 1848 1214 ἀνά-

245 1270 458 1316 στασιςο
491 1253 577 1307 διὰ
627 1250 804 1307 ταῦτα
831 1251 940 1323 γὰρ
964 1246 1057 1307 οὖν
1091 1252 1183 1306 καὶ
1207 1252 1450 1315 τοιαῦτα,
1497 1251 1683 1314 καινὸς
1708 1251 1737 1303 ὁ
1756 1253 1853 1304 Δε-

243 1344 507 1407 σποτικδς
532 1343 704 1412 τάφος
737 1343 815 1414 τῷ
852 1344 1049 1414 Ἰωσὴφ
1070 1328 1570 1408 έλάξευτοοὲκείνου
1609 1344 1709 1413 μὲν
1749 1341 1848 1413 μὴ,

248 1436 589 1507 συνορῶντος
617 1436 747 1499 ἴσως
775 1436 1015 1501 ἅπαντα,
1048 1434 1186 1489 ἀλλὰ
1220 1435 1357 1505 πρὸς
1405 1434 1464 1488 ἓν
1489 1451 1574 1503 γε,
1612 1436 1711 1504 τὴν
1767 1450 1850 1486 τι-

247 1526 379 1596 μὴν,
408 1524 827 1588 ἀποϐλέποντος·
859 1525 958 1595 τῆς
1002 1525 1151 1591 θείας
1181 1524 1263 1591 δὲ,
1284 1526 1376 1579 καὶ
1408 1523 1579 1577 ταῦτα
1609 1540 1853 1593 προκατ-

241 1615 575 1686 αρτιζοόσης
612 1617 708 1671 καὶ
765 1616 1263 1686 συνοικονομούσης
1320 1615 1707 1686 προγνώσεως.

1940 435 2116 489 neque
2145 420 2200 474 in
2230 420 2354 490 igne
2392 431 2445 476 et
2481 437 2605 478 aere
2657 423 2946 493 dispersis,
3008 423 3155 478 clare
3202 432 3527 478 nosceretur

1941 514 2165 584 propria
2200 514 2403 569 virtute
2442 516 2900 572 resurrectionem
2954 515 3280 586 patravisse.
3318 514 3529 582 Quibus

1941 604 2090 657 enim
2126 620 2236 659 non
2288 606 2644 675 consepultus
2674 616 2793 661 erat
2832 607 3178 676 corporibus,
3215 606 3369 661 multi
3402 621 3531 660 sano

1944 703 2165 751 ctorum
2204 708 2577 766 resurgentes,
2616 697 2689 751 ibi
2722 705 2775 751 et
2807 698 2939 753 alibi
2976 706 3031 751 et
3078 698 3280 766 passim
3337 703 3390 750 et
3420 710 3532 749 non

1944 789 2109 867 juxta
2136 788 2352 843 Domini
2389 798 2805 845 monumentum
2828 790 3099 860 jacentes,
3142 789 3332 844 multis
3360 802 3531 858 appa-

1946 889 2199 935 ruerunt.
2253 879 2353 935 Per
2391 881 2508 936 haec
2558 890 2743 953 aperte
2800 880 2978 951 magis
3015 879 3360 943 ostenditur,
3418 894 3531 932 non

1949 970 2167 1036 horum,
2214 985 2392 1039 neque
2436 970 2689 1037 illorum,
2743 969 2841 1025 sed
2888 970 3269 1025 universorum
3303 967 3534 1023 Domino

1950 1061 2149 1117 factam
2172 1077 2293 1117 esse
2317 1071 2549 1119 mortem
2572 1071 2625 1117 et
2649 1063 3133 1125 resurrectionem.
3166 1060 3393 1130 Propter
3411 1077 3535 1130 qua:

1951 1150 2116 1221 igitur
2142 1160 2195 1205 et
2230 1150 2381 1218 talia,
2419 1166 2621 1205 novum
2647 1150 2882 1207 Domino
2921 1152 3235 1222 sepulcrum
3269 1165 3301 1205 a
3331 1148 3536 1219 Joseph

1949 1241 2195 1299 excisum
2227 1251 2346 1309 est;
2402 1243 2496 1313 qui
2554 1242 2776 1312 quidem
2830 1260 2941 1299 non
2986 1244 3173 1299 omnia
3214 1244 3333 1300 haec
3371 1244 3538 1299 simul

1952 1331 2195 1395 videbat,
2226 1332 2323 1388 sed
2363 1348 2554 1398 unum,
2594 1333 2858 1390 honorem
2889 1335 3122 1400 scilicet,
3179 1333 3536 1399 intendebat;

1952 1424 2281 1494 praevisione
2318 1433 2500 1479 autem
2525 1425 2710 1480 divina
2743 1437 2941 1482 cuncta
2971 1434 3312 1497 praparante
3341 1434 3397 1481 et
3423 1423 3543 1480 dis-

1953 1526 2208 1586 ponente.

324 1708 401 1779 [p.
421 1679 546 1771 5l6:
569 1705 912 1778 a.1¢wtlov.
937 1709 1012 1764 Οὐ
1036 1679 1141 1780 μὴν
1160 1679 1498 1776 ὑποληπτέον
1517 1707 1597 1760 ὃτι
1614 1708 1647 1777 ή
1665 1706 1844 1776 παρά-

2023 1726 2172 1780 CAP.
2208 1726 2399 1783 XXIV.
2439 1727 2602 1785 Vsus.
2641 1730 2731 1785 51.
2773 1729 2974 1785 Photii.
3010 1729 3127 1784 Non
3157 1729 3413 1798 equidem
3449 1726 3539 1782 in-

242 1797 406 1861 ϐασις
425 1799 553 1861 τοὺς
569 1798 881 1869 ὀφθαλμοὺς
907 1801 1131 1853 ἐκείνων
1163 1799 1449 1869 διήνοιξεν,
1480 1799 1683 1865 ἄπαγε.
1707 1798 1843 1852 Οὐδὲ

243 1889 383 1961 γὰρ,
412 1892 521 1943 οὐδ’
542 1894 599 1944 ὲν
630 1892 769 1961 αὐτῇ
803 1892 1115 1961 παραϐάσει
1145 1893 1460 1962 γέγραπται
1490 1892 1617 1955 τοὺς
1646 1889 1846 1959 ὀφθαλο

248 1982 387 2051 μοὺς
420 1982 599 2034 αὐτῶν
639 1982 960 2053 διηνοίχθαι,
1006 1982 1143 2036 ἀλλὰ
1178 1982 1316 2053 μετὰ
1354 1983 1454 2052 τὴν
1506 1983 1842 2053 παράϐασιν.

247 2074 432 2140 Ὅπερ
448 2071 687 2129 τοιοῦτόν
709 2075 847 2128 ἐστι.
876 2072 1031 2127 Μετὰ
1059 2074 1153 2142 τήν
1186 2074 1463 2143 ἁμαρτίαν
1490 2073 1565 2137 ὡς
1586 2074 1654 2127 τὰ
1675 2076 1845 2129 πολλὰ

244 2163 547 2231 ἐπίγνωσις
579 2161 673 2222 τοῦ
704 2164 1102 2235 ἁμαρτήματος
1131 2164 1366 2232 γίνεται,
1398 2166 1493 2219 καὶ
1522 2166 1582 2220 τὸ
1616 2166 1843 2237 μέγεθος

245 2254 350 2307 τοῦ
403 2256 757 2326 τολμήματος
804 2257 928 2310 τότε
978 2257 1183 2326 μᾶλλον
1230 2256 1691 2326 ὲπιγινώσκεται.ἷ
1734 2258 1841 2312 Τοῦ

244 2347 363 2418 γὰρ
398 2347 864 2419 ὲπιπροσθοῦντος
914 2348 1121 2411 πάθους
1169 2351 1263 2402 καὶ
1292 2348 1571 2413 κινοῦντος
1624 2350 1843 2418 οῐστρου

246 2438 394 2510 πρὸς
426 2439 522 2511 τὴν
542 2441 839 2511 ἁμαρτίαν,
872 2444 1013 2510 μετά
1056 2442 1153 2510 τὴν
1187 2440 1457 2511 ἔκθεσμον
1502 2440 1701 2511 πρᾶξιν
1742 2458 1841 2494 πε-

248 2534 560 2603 παυμένον,
597 2534 719 2587 τότε
752 2532 939 2603 ὥσπερ
962 2533 1230 2603 διακύψας
1259 2535 1358 2603 τῆς
1390 2533 1594 2601 πολλῆς
1625 2533 1845 2602 ἐκείνης

250 2627 458 2696 ἀχλύος
484 2630 513 2680 ὁ
540 2628 800 2697 λογισμὸς
824 2620 918 2680 καὶ
945 2627 1228 2697 ἀνανήψας
1253 2627 1428 2697 ἐφορᾷ
1458 2628 1527 2680 τὰ
1588 2644 1843 2698 πεπραγ-

256 2717 400 2787 μένα
432 2719 527 2770 καὶ
578 2720 657 2779 είς
709 2718 828 2770 οἵαν
879 2719 1212 2771 κατάστασιν
1253 2716 1313 2780 ἐξ
1339 2717 1456 2779 οἵας
1515 2716 1841 2787 μετηνέχθη,

255 2809 465 2879 μᾶλλον
510 2809 780 2881 λαμϐάνει
828 2810 930 2881 τήν
965 2810 1340 2879 συναίσθησιν,
1373 2808 1468 2861 καὶ
1497 2808 1558 2861 τὸ
1607 2809 1845 2872 συνειδὸς

252 2903 564 2973 τιτρῶσκον
590 2904 753 2957 αὑτὸν
785 2906 877 2957 καὶ
906 2903 1174 2974 διεγεῖρον
1202 2902 1325 2972 ἕχον
1347 2942 1361 2966 ,
1396 2900 1677 2954 διαϐλέπει
1709 2920 1843 2972 τρα-

255 2994 366 3055 νῶς
398 2994 433 3048 ἃ
462 2995 556 3047 τοῦ
586 2994 789 3058 πάθους
823 2993 1301 3066 ἐπιπροσθοῦντος,
1324 2994 1422 3062 οὐχ
1466 2992 1667 3061 ὁμοίιος
1693 2994 1842 3046 ἔϐλε-

255 3105 385 3142 πεν·
420 3088 595 3153 ἄλλως
627 3088 683 3141 δὲ
712 3088 848 3157 πρὸς
868 3089 967 3156 τὴν
985 3088 1258 3157 ἁμαρτίαν
1279 3086 1506 3145 ἕκαστος
1534 3087 1749 3158 χωρῶν,
1784 3082 1865 3150 οἷς

254 3182 291 3232 ὁ
322 3181 553 3251 πονηρὸς
610 3179 1053 3250 διαγαργαλίζων
1112 3196 1172 3231 τε
1205 3180 1301 3232 καὶ
1340 3177 1659 3247 ὑποθέλγων
1720 3180 1866 3248 ἡμᾶς

257 3272 572 3344 ἐκθηλύνει,
605 3274 700 3325 καὶ
727 3274 927 3342 γνόφου
974 3272 1195 3343 πληροῖ,
1228 3272 1649 3341 κεκαρωμένους
1673 3273 1864 3342 ὥσπερ

260 3370 423 3438 φέρει
467 3367 595 3430 τοὺς
643 3366 957 3437 λογισμοὺς,
991 3369 1087 3420 καὶ
1128 3367 1530 3437 πεπηρωμένον
1556 3367 1615 3419 τὸ
1644 3368 1868 3421 ὀπτικδν

261 3462 366 3528 τῆς
389 3458 738 3528 διακρίσεως.
760 3459 915 3512 Μετὰ
932 3458 987 3510 δὲ
1014 3458 1112 3529 τὴν
1154 3458 1355 3530 πρᾶξιν
1384 3456 1478 3511 ὑπ’
1506 3458 1628 3527 ὄψιν
1657 3458 1778 3527 ἄγει
1809 3460 1870 3511 τὸ

260 3547 558 3618 τολμηθὲν,
588 3548 681 3601 καὶ
705 3547 1074 3600 ἁνακαλύπτει
1101 3548 1338 3620 πικρῶς,
1370 3546 1398 3599 ὃ
1424 3549 1690 3619 πρότερον
1737 3549 1867 3601 πολ-

263 3642 389 3704 λαῖς
430 3638 696 3710 μηχαναῖς
732 3641 1155 3694 συνεκάλυπτεν·
1194 3636 1334 3705 εἶτα,
1372 3640 1451 3692 δι’
1479 3634 1556 3693 ὧν
1602 3642 1863 3711 κατάφω-

270 3752 367 3806 ρον
394 3735 485 3788 τὺν
514 3735 677 3803 ὄγκον
712 3736 966 3788 ἀποτελεῖ
998 3736 1092 3788 τοῦ
1133 3735 1505 3806 τολμήματος,
1545 3737 1681 3807 πρὸς
1733 3738 1863 3790 ἀπό-

269 3842 473 3894 γνωσιν
511 3824 674 3879 ὠθεῖν
721 3826 980 3896 πειρᾶται
1008 3826 1100 3879 τὸν
1145 3826 1560 3897 ἁμαρτήσαντα.
1601 3826 1671 3878 Τὸ
1716 3827 1868 3895 γοῦν,

271 3918 725 3987 Διηνοίχθησαν
775 3916 974 3971 αὐτῶν
1022 3920 1077 3971 οἱ
1123 3919 1441 3988 ὀφθαλμοὶ,
1469 3919 1531 3971 οὐ
1589 3919 1724 3989 πρὸς
1778 3919 1869 3973 τὸν

273 4009 589 4081 ἔμπροσθεν
636 4009 850 4079 χρόνον,
874 4009 997 4060 οὐδὲ
1046 4009 1176 4079 πρὶν
1210 4010 1243 4081 ἢ
1275 4012 1371 4080 τῆς
1402 4010 1621 4079 ἐντολῆς
1672 4010 1871 4073 αὐτοὺς

275 4104 551 4165 ἐκπεσεῖν,
587 4101 997 4173 παραληπτέον.
1023 4101 1157 4154 Τότε
1184 4103 1292 4172 γὰρ
1320 4102 1701 4173 ήνεῳγμένους
1726 4099 1872 4173 εἶχον

280 4195 501 4266 μᾶλλον,
525 4195 694 4266 μήπω
712 4194 804 4247 τοῦ
838 4193 1015 4263 ὄφεως
1027 4197 1136 4257 τοῖς
1161 4195 1514 4266 ψιθυρισμοῖς
1530 4195 1873 4251 ὐποκλαπέν-

278 4304 392 4351 τες,
410 4287 505 4339 καὶ
526 4288 760 4357 συνορᾷν
788 4285 850 4339 τὸ
872 4288 1171 4355 πρακτέον,
1206 4286 1509 4357 ὲγρήγορον
1537 4286 1732 4356 ἔφερον
1770 4287 1869 4357 τὴν

1951 1816 2301 1887 telligendum
2346 1834 2539 1873 eorum
2584 1822 2776 1875 oculos
2831 1821 3269 1890 transgressione
3319 1828 3541 1889 apertos

1949 1906 2145 1975 fuisse,
2192 1911 2356 1965 absit.
2394 1909 2583 1981 Neque
2617 1915 2763 1966 enim
2826 1915 2880 1967 in
2944 1915 3061 1983 ipsa
3099 1913 3541 1983 transgressione

1952 2000 2215 2070 scriptum
2249 2010 2333 2056 est
2363 2011 2582 2072 apertos
2614 2002 2782 2058 fuisse
2806 2020 2995 2058 eorum
3034 2004 3247 2067 oculos,
3290 2003 3382 2057 sed
3417 2009 3538 2070 post

1951 2094 2467 2161 transgressionem.
2546 2094 2692 2150 Idem
2750 2104 2834 2150 est
2883 2096 3027 2165 quod
3080 2102 3205 2164 post
3256 2101 3541 2163 peccatum

1950 2187 2129 2256 major
2168 2188 2413 2258 cognitio
2436 2187 2659 2243 oﬂ'ensa:
2676 2189 2860 2253 datur,
2883 2197 2938 2243 et
2956 2188 3200 2242 audaciae
3224 2184 3544 2255 magnitudo

1952 2284 2083 2331 tunc
2114 2280 2290 2348 magis
2326 2280 2696 2349 cognoscitur.
2752 2279 2890 2333 Nam
2945 2278 3248 2333 oﬂ'uscante
3296 2277 3542 2329 animum

1952 2366 2211 2435 passione
2242 2374 2297 2421 et
2327 2367 2379 2419 in
2407 2377 2689 2437 peccatum
2720 2368 2928 2422 furiose
2964 2362 3546 2435 tnovente,postncfa-

1954 2458 2089 2511 riam
2111 2469 2292 2513 autem
2313 2460 2587 2517 actionem
2607 2460 2915 2525 desinente,
2938 2472 3095 2527 tunc,
3120 2465 3263 2512 velut
3284 2459 3352 2511 ab
3374 2472 3546 2526 opaca

1954 2545 2045 2600 illa
2079 2549 2227 2602 nube
2257 2556 2311 2602 et
2352 2550 2511 2619 quasi
2560 2550 2829 2605 ebrietate
2872 2551 3053 2606 soluta
3103 2548 3245 2603 ratio
3274 2549 3545 2607 actionem

1956 2638 2221 2702 intuetur,
2266 2650 2319 2695 et
2353 2656 2477 2695 cum
2516 2641 2567 2694 in
2603 2643 2767 2696 alium
2802 2657 2867 2696 ex
2901 2642 3009 2697 alio
3061 2650 3265 2695 statum
3310 2639 3546 2692 adducta

1955 2738 2062 2793 εει,
2105 2733 2277 2803 magis
2326 2734 2723 2789 conscientiam
2764 2734 2938 2800 audit,
2971 2749 3095 2803 qua:
3134 2732 3285 2786 velut
3338 2728 3548 2784 aculeis

1955 2835 2143 2887 pressa
2181 2830 2235 2875 et
2267 2823 2502 2879 excitata
2561 2824 2706 2880 clare
2758 2825 3076 2895 conspicit,
3118 2838 3241 2894 quae
3288 2819 3550 2892 passione

1955 2910 2257 2967 oﬂ‘uscante
2287 2927 2393 2965 non
2422 2914 2612 2968 eadem
2642 2915 2868 2969 viderat.
2906 2914 3077 2967 Aliter
3108 2921 3289 2966 autem
3321 2909 3388 2964 ad
3417 2922 3547 2978 pec-

1965 3013 2145 3059 catum
2184 3004 2415 3074 quisque
2449 3006 2638 3072 tendit,
2668 3021 2791 3060 cum
2823 3005 3116 3073 malignus,
3161 3003 3365 3074 quibus
3392 3002 3551 3056 blan-

1968 3099 2124 3154 diens
2153 3110 2205 3153 et
2237 3099 2526 3155 incantans
2550 3116 2651 3155 nos
2669 3100 2914 3154 debilitat
2943 3109 2998 3154 et
3025 3097 3264 3153 tenebris
3295 3095 3551 3163 complet,

1968 3195 2304 3265 soporiferas
2344 3198 2584 3251 rationes
2624 3196 2869 3261 adducit,
2932 3204 2987 3250 et
3035 3193 3258 3249 oculum
3316 3188 3556 3244 occludit

1969 3289 2337 3344 conscientias.
2374 3288 2480 3342 Sed
2516 3297 2638 3356 post
2667 3287 2965 3351 actionem,
3012 3293 3142 3340 ante
3179 3285 3370 3337 oculos
3403 3280 3558 3350 ponit

1970 3380 2114 3450 quod
2153 3396 2349 3434 ausum
2382 3388 2484 3441 est,
2523 3388 2577 3432 et
2612 3393 2798 3433 amare
2825 3377 3021 3447 aperit,
3048 3375 3194 3446 quod
3230 3374 3384 3444 prius
3410 3373 3556 3425 ntul-

1971 3472 2042 3526 tis
2075 3472 2285 3524 artibus
2321 3471 2632 3535 velaverat;
2662 3469 2880 3535 deinde,
2918 3476 2979 3522 ut
3026 3464 3380 3520 manifestam
3424 3462 3559 3517 faci-

1975 3563 2123 3618 noris
2154 3564 2475 3634 gravitatem
2503 3570 2871 3626 consummet,
2910 3560 2965 3614 in
2993 3557 3433 3628 desperationem
3478 3555 3561 3607 in-

1968 3654 2139 3724 jicere
2175 3654 2369 3707 nititur
2401 3663 2767 3721 peccatorern.
2804 3650 2938 3704 Illud
2969 3649 3138 3719 igitur
3172 3666 3183 3702 :
3220 3646 3405 3717 Aperti
3436 3652 3563 3701 sunt

1974 3748 2113 3800 oculi
2133 3763 2336 3811 eorum,
2372 3761 2478 3799 non
2526 3743 2853 3814 praecedenti
2888 3751 3150 3809 tempore,
3196 3754 3373 3809 neque
3409 3746 3562 3791 ante-

1974 3852 2134 3904 quam
2159 3836 2210 3886 in
2240 3835 2558 3887 mandatum
2585 3835 2982 3901 peccavissent,
3008 3828 3418 3897 intelligendum
3440 3833 3556 3882 est:

1978 3927 2209 3993 Quando
2240 3928 2385 3979 enim
2421 3925 2614 3978 oculos
2652 3922 2927 3976 habebant
2954 3931 3173 3989 apertos
3202 3918 3396 3987 magis,
3424 3931 3563 3972 non-

1976 4026 2105 4082 dum
2132 4021 2405 4091 serpentis
2436 4019 2645 4089 decepti
2676 4015 2991 4078 fraudibus,
3046 4023 3100 4067 et
3149 4013 3217 4067 ad
3265 4012 3558 4065 videndum

1976 4115 2106 4186 quid
2137 4113 2406 4182 agendum
2432 4120 2597 4173 esset,
2621 4105 3127 4182 vigiletnlgerebant
3145 4112 3401 4158 utentem.
3424 4100 3563 4154 Cum

1979 4208 2144 4279 igitur
2171 4204 2355 4259 videre
2383 4218 2489 4257 non
2516 4211 2787 4272 poterant,
2823 4201 2878 4254 in
2915 4206 3197 4270 peccatum
3229 4195 3561 4249 inciderunt.

1981 4303 2023 4356 Ε
2054 4297 2332 4355 contrario
2387 4304 2570 4352 autem
2602 4296 2696 4365 qui
2746 4296 2800 4349 in
2843 4302 3127 4364 peccatum
3180 4289 3395 4360 agendo
3430 4289 3564 4343 caeci

278 4378 539 4432 διάνοιαν.
558 4377 768 4432 Οὐκοῦν
786 4378 847 4431 τὸ
871 4377 1085 4448 βλέπειν
1104 4378 1202 4430 οὐκ
1222 4377 1455 4447 ἔχοντες,
1476 4379 1568 4432 ἐπὶ
1586 4379 1681 4449 τῆς
1697 4380 1855 4450 ἁμαρ

1984 4401 2161 4460 erant,
2196 4402 2419 4464 peracto
2453 4398 2679 4461 peccato
2725 4388 2902 4442 visum
2950 4389 3435 4455 recuperaverunt.
3482 4380 3566 4434 lbi

281 4472 401 4533 τίας
465 4470 747 4523 ἀνέλαϐον·
778 4470 1099 4542 τούναντίον
1126 4469 1181 4522 δὲ
1213 4469 1312 4541 τὴν
1363 4469 1641 4541 ἁμαρτίαν
1683 4472 1742 4523 ὲν
1792 4470 1871 4540 τῷ

284 4566 549 4633 πράττειν
591 4562 993 4631 τυφλώττοντες
1031 4605 1045 4628 ,
1110 4562 1469 4632 πεπαυμένης
1514 4562 1614 4635 τὴν
1682 4565 1874 4634 ὅρασιν

288 4658 660 4726 ἀνεκτήσαντο
702 4672 716 4687 ο
770 4654 1003 4717 ἐνταῦθα
1041 4655 1224 4723 μέντοι
1252 4653 1333 4720 τὸ,
1365 4655 1809 4722 Διηνοίχθησαν
1829 4656 1884 4707 οἱ

286 4747 605 4820 ὀφθαλμοὶ,
640 4748 760 4800 ἀντὶ
793 4747 908 4812 τοῦ,
953 4747 1013 4799 τὸ
1036 4746 1254 4817 βλέμμα
1283 4745 1461 4798 αὐτῶν
1505 4744 1716 4818 «agmen
1748 4745 1883 4817 πρὸς

287 4845 606 4913 ἐπίγνωσινο
634 4844 902 4914 ᾠκονόμει
934 4842 1038 4913 γὰρ
1062 4842 1198 4904 τέως
1220 4844 1247 4894 ὁ
1286 4840 1490 4913 Κύριος
1532 4840 1593 4895 τὸ
1625 4841 1701 4913 μὴ
1741 4859 1879 4910 γνω-

290 4935 488 5003 σθῆναι
516 4937 721 5000 αὐτοῖς,
757 4935 919 5005 μέχρι
948 4934 1047 5001 τῆς
1075 4932 1170 4984 τοῦ
1195 4932 1364 5002 ἄρτου
1390 4933 1654 4995 κλάσεως.

364 5030 440 5103 [p.
480 5028 585 5083 517
621 5024 710 5097 θ.]’
740 5026 1088 5083 Τοῦναὺτοῦ.
1121 5025 1411 5096 Συντέμνει
1439 5025 1538 5095 τὴν
1568 5025 1881 5095 ὑπόσχεσιν,

288 5126 379 5179 διὰ
410 5122 507 5192 τὴν
532 5119 880 5190 ὀλιγοψυχίαν
897 5119 1004 5171 τῶν
1036 5118 1323 5189 μαθητῶν’
1353 5120 1447 5171 καὶ
1478 5119 1565 5171 διὰ
1590 5118 1748 5172 τοῦτο
1780 5120 1886 5190 πρὸ

291 5216 394 5283 τῆς
413 5211 697 5273 Γαλιλαίας
720 5214 777 5263 ὲν
798 5211 982 5271 αὐτοῖς
1018 5209 1429 5281 Ἱεροσολύμοις,
1448 5211 1627 5273 αὐτοῖς
1650 5212 1885 5279 ἐμφανί-

293 5309 469 5374 ζεται,
507 5308 599 5360 καὶ
635 5305 697 5357 οὐ
727 5304 899 5373 δήπου
930 5301 1089 5355 τοῦτο
1136 5304 1231 5371 τῆς
1262 5302 1594 5370 ἐπαγγελίας
1631 5304 1885 5373 παραϐα-

294 5417 406 5461 σις,
450 5399 656 5467 Ταχεῖα
676 5397 733 5449 δὲ
767 5393 971 5466 μᾶλλον
996 5394 1062 5447 ὲκ
1097 5394 1296 5463 πολλῆς
1347 5392 1759 5462 φιλανθρωπίας
1792 5394 1885 5445 ὲκο

300 5491 605 5556 πλήρωσις·
644 5486 799 5558 ὤφθη
826 5486 882 5539 δὲ
915 5486 1055 5556 μετὰ
1074 5486 1247 5538 ταῦτα
1287 5485 1380 5538 καὶ
1411 5486 1468 5537 ἐν
1499 5488 1565 5555 τῇ
1607 5485 1885 5556 Γαλιλαίᾳ,

301 5582 389 5637 ὅτε
402 5581 645 5653 ἀπῆλθον
657 5582 788 5634 ἐκεῖ·
811 5580 855 5633 Ἀ
867 5578 1192 5643 πελθόντες
1211 5576 1280 5645 γὰ
1289 5594 1339 5646 ρ,
1354 5577 1536 5648 φησιν,
1555 5576 1780 5646 ὄψεσθέ
1788 5594 1884 5647 με.

1985 4498 2118 4552 ergo
2143 4484 2342 4538 dicitur
2372 4502 2384 4537 :
2414 4480 2596 4549 Aperti
2620 4487 2744 4533 sunt
2774 4493 2957 4531 eorum
2992 4474 3153 4537 oculi,
3181 4484 3442 4544 tanquam
3478 4472 3565 4527 di-

1988 4585 2225 4639 ceretur,
2256 4576 2405 4630 visus
2435 4588 2628 4628 eorum
2662 4570 2833 4641 magis
2866 4570 2933 4624 ad
2970 4568 3335 4638 cognitionem
3372 4575 3569 4619 acutus

1988 4666 2165 4722 factus
2205 4677 2308 4722 est.
2342 4665 2591 4735 Disponit
2621 4664 2765 4719 enim
2807 4663 3070 4718 Dominus
3101 4678 3172 4716 ne
3201 4662 3466 4717 hactenus
3497 4658 3567 4713 ab

1989 4760 2094 4813 illis
2130 4768 2409 4822 noscatur,
2434 4740 2608 4827 usque
2632 4756 2697 4811 ad
2725 4754 3054 4810 fractionem
3103 4752 3282 4827 panis.

2058 5025 2222 5079 Vsus.
2253 5022 2341 5085 56,
2374 5021 2653 5091 Ejusdem.
2708 5019 3133 5075 Promissionem
3183 5019 3436 5083 reducit,
3498 5022 3570 5074 ob

1989 5117 2384 5185 discipulorum
2435 5112 2942 5184 pusillanimitatem
2999 5121 3054 5167 et
3114 5123 3402 5182 propterea
3460 5126 3572 5180 przc

1989 5208 2208 5262 Galilaea
2240 5207 2374 5276 ipsis
2400 5203 2756 5274 Jerosolymis
2780 5204 2888 5259 illis
2919 5213 3166 5275 apparet,
3195 5205 3323 5265 etid
3345 5204 3571 5257 minime

1990 5311 2075 5357 est
2109 5300 2365 5369 promissi
2396 5298 2618 5352 violatio
2646 5314 2660 5361 ;
2713 5297 2909 5353 celeris
2937 5298 3120 5368 potius
3158 5306 3241 5350 est
3280 5311 3346 5347 ex
3373 5307 3570 5359 magna

1990 5394 2260 5449 charitate
2288 5391 2551 5461 inipletio.
2584 5387 2749 5445 Visus
2793 5399 2879 5445 est
2936 5399 3115 5443 autem
3151 5385 3385 5454 posthac
3422 5390 3478 5434 et
3512 5382 3570 5433 in

1993 5485 2233 5548 Galilaea,
2260 5484 2386 5552 quia
2426 5483 2531 5538 huc
2577 5483 2842 5538 abierant.
2885 5482 3029 5535 Dicit
3065 5478 3209 5533 enim
3243 5492 3256 5528 :
3289 5472 3443 5533 Abite
3470 5511 3485 5538 ,
3520 5484 3569 5529 et

1992 5578 2231 5635 videbitis
2262 5592 2359 5629 ine.
