3904 6218
359 229 488 294 1231

945 390 1378 402 ψει-.-

1489 232 1749 294 PHOTII
1779 233 2274 295 PATRIARCHE
2311 235 2422 295 CP.

3465 237 3605 302 1232

1169 545 1878 638 FRAGMENTA
1977 547 2105 634 IN
2199 546 2815 640 JOANNEM.

1674 711 1753 768 Ex
1783 713 1990 770 Catena
2017 712 2290 771 Corderii.

359 955 514 1008 CAP.
568 951 656 1005 ιν.
707 909 992 1023 Visus.
1037 943 1321 1023 Respondit
1367 941 1622 1023 Iesus_,_et
1665 943 1802 1023 dixit
1851 947 1943 1002 ei:

2065 951 2362 1023 Ἀπεκρίθη
2406 954 2441 1007 ὁ
2494 952 2756 1023 Ἰησοῦς,
2814 953 2916 1010 καί
2963 951 3131 1008 εἶπεν
3173 951 3368 1023 αὐτῇ*
3417 954 3548 1022 Πᾶς
3585 956 3620 1010 ὁ
3671 930 3678 937 ’

435 1023 619 1077 Omnis
658 1021 750 1089 qui
796 1017 949 1089 Abibit
979 1031 1044 1070 ea:
1118 1013 1258 1082 aqua
1291 1013 1411 1080 hac,
1487 1014 1627 1066 sitiet
1677 1014 1869 1089 iterum
1908 1031 1940 1089 _;

430 1093 520 1162 qui
570 1084 744 1162 autern
788 1087 973 1140 biberit
1006 1100 1070 1138 ea;
1117 1100 1256 1156 aqua
1303 1100 1462 1153 quant
1517 1100 1610 1155 ego
1665 1084 1802 1139 dabo
1871 1087 1943 1154 ei,

432 1159 534 1214 non
546 1162 688 1215 sitiet
721 1159 776 1211 in
796 1168 1069 1210 aeternum.
1639 1188 1651 1196 .

441 1253 644 1308 Photii.
675 1251 900 1305 Dicente
940 1247 1028 1302 illa
1062 1265 1076 1302 :
1103 1243 1363 1317 Nunquid
1396 1255 1452 1300 tu
1491 1245 1669 1316 major
1683 1262 1744 1304 es
1772 1248 1942 1305 Patre

363 1353 555 1400 nostro
594 1339 802 1398 Iacob?
831 1353 941 1392 non
993 1337 1304 1406 respondit:
1335 1337 1498 1392 Certe
1545 1337 1723 1407 major
1771 1352 1894 1393 sum
1925 1355 1942 1392 :

337 1437 514 1491 avisus
555 1433 702 1489 enim
743 1431 940 1486 fuisset
981 1445 1102 1485 sese
1134 1437 1340 1483 tantum
1373 1429 1649 1497 jaclitare,
1701 1430 1946 1485 nondum

364 1529 450 1582 sui
486 1525 630 1581 iacta
661 1524 1006 1594 probatione.
1057 1519 1136 1575 Ex
1172 1520 1338 1576 dictis
1399 1532 1579 1576 autem
1639 1522 1693 1576 id
1727 1521 1943 1578 astruit.

363 1618 484 1673 Non
531 1617 678 1673 enim
705 1616 1031 1686 simpliciter
1062 1612 1238 1668 dixit:
1265 1611 1416 1667 Dabo
1443 1613 1538 1667 tibi
1569 1628 1770 1682 aquam
1809 1613 1946 1680 ;sed

366 1712 518 1779 prius
544 1709 636 1764 illa
665 1706 835 1764 Jacob
865 1707 1135 1777 neglecta,
1159 1721 1312 1762 suam
1346 1705 1552 1768 laudat,
1575 1721 1606 1760 a
1650 1720 1944 1760 munerum

365 1814 588 1866 natura,
654 1801 903 1856 dantium
933 1801 1124 1856 volens
1161 1797 1518 1854 differentiam
1549 1797 1862 1862 ostendere,
1891 1805 1947 1851 et

365 1903 628 1964 quantum
682 1893 800 1962 ipse
829 1891 1200 1962 patriarcliam
1225 1890 1514 1945 excelleret
1548 1907 1562 1942 :
1600 1903 1728 1942 nam
1770 1887 1816 1943 si
1843 1887 1946 1941 mi-

369 1987 530 2048 raris,
567 1985 766 2054 inquit,
815 1982 984 2038 Jacob
1028 1984 1170 2037 hanc
1223 1997 1423 2051 aquam
1484 1981 1722 2049 dedisse,
1775 1981 1946 2036 haece

365 2079 541 2132 multo
569 2077 1001 2147 praestantiorem
1034 2074 1175 2129 dabo
1201 2074 1296 2128 tibi
1319 2073 1454 2145 (21).

370 2191 536 2245 Vens.
569 2188 661 2242 20.
688 2186 881 2242 Patres
907 2186 1074 2241 nostri
1120 2187 1173 2239 iu
1219 2195 1392 2239 monte
1434 2187 1529 2239 hoc
1560 2187 1940 2253 adoraverunt,

437 2272 485 2315 et
515 2276 605 2314 vos
626 2259 828 2323 dicitis,
856 2259 981 2327 quia
1007 2255 1354 2328 Jerosolymis
1383 2265 1462 2311 est
1497 2259 1662 2322 locus,
1696 2258 1788 2311 ubi
1813 2258 1944 2312 ado-

447 2346 568 2383 rare
589 2337 813 2397 oportet.

443 2417 648 2472 Photii.
679 2416 855 2473 Judaei
891 2415 1256 2472 crassioribus
1274 2416 1342 2470 de
1367 2416 1548 2471 divina
1582 2417 1946 2488 corporisque

369 2521 592 2582 experte
620 2518 815 2564 natura
847 2509 1196 2580 opinionibus
1218 2509 1436 2572 imbuti,
1456 2507 1814 2580 Jerosolymis
1843 2509 1947 2564 du-

383 2612 534 2658 taxat
559 2603 627 2658 ab
656 2603 914 2657 omnibus
944 2600 1115 2657 Deum
1177 2601 1517 2656 adorandum
1546 2616 1670 2657 esse
1717 2609 1947 2656 conten-

383 2696 611 2760 debant,
643 2695 800 2764 quasi
849 2694 1017 2749 semel
1065 2700 1176 2749 tota
1235 2693 1432 2748 ibidem
1494 2693 1952 2764 incomprehensa

375 2790 463 2844 illa
517 2796 568 2842 et
621 2785 912 2853 ineﬂ'abiljs
966 2795 1182 2849 natura,
1233 2785 1289 2838 in
1326 2800 1495 2840 unum
1550 2784 1954 2854 quodammodo

373 2890 656 2950 compacta
692 2889 747 2936 et
775 2878 1189 2948 circumscripta
1221 2875 1379 2932 foret.
1410 2876 1795 2943 Quamobrem
1832 2885 1956 2928 tan-

375 2990 539 3045 quam
597 2974 822 3029 omnino
872 2973 1035 3026 rudes
1104 2970 1300 3025 hacin
1349 2984 1409 3024 re
1462 2985 1635 3038 arque
1694 2968 1952 3038 imperiti,

377 3079 510 3118 voce
539 3063 930 3132 prophetarum
986 3059 1298 3131 reprehensi
1329 3067 1478 3124 sunt,
1505 3058 1720 3114 dicente
1775 3056 1956 3112 Domi-

377 3170 450 3210 no
481 3171 496 3209 :
523 3153 721 3209 Caelum
748 3153 878 3206 mihi
924 3152 1096 3216 sedes,
1128 3162 1272 3205 terra
1311 3161 1488 3204 autem
1533 3149 1827 3204 scabeilum
1868 3165 1958 3218 pe-

377 3249 506 3301 dum
555 3263 808 3301 meorum.
873 3243 1096 3310 Qualem
1142 3244 1354 3297 domum
1400 3243 1740 3312 azdiﬁcabitis
1796 3241 1954 3305 mihi,

377 3335 509 3388 dicit
537 3335 834 3388 Dominus?
871 3333 963 3388 νει
997 3335 1114 3403 quis
1147 3332 1294 3387 locus
1337 3333 1528 3402 quietis
1557 3333 1728 3387 mete?
1767 3330 1958 3386 Sama-

379 3424 546 3478 ritani
573 3439 701 3478 vero
722 3437 965 3486 rursum,
1013 3431 1093 3476 ut-
1117 3421 1237 3475 loco
1257 3431 1310 3474 et
1353 3421 1590 3490 regione,
1624 3421 1706 3475 sic
1767 3429 1823 3475 et
1875 3420 1959 3472 in~

380 3514 542 3568 scitia
574 3513 916 3581 ruditateque
943 3511 1106 3565 vicini
1152 3509 1376 3574 Judzeis,
1409 3511 1462 3564 in
1522 3523 1707 3565 monte
1737 3511 1958 3566 Garizin
1984 3547 1997 3553 κ

380 3606 550 3671 dicto,
582 3604 859 3659 orationes
893 3617 956 3657 ac
1002 3616 1192 3672 preces
1221 3599 1517 3657 faciendas.
1543 3601 1944 3665 existimantes,

383 3695 584 3749 merito
610 3695 778 3748 risum
833 3708 942 3746 non
977 3691 1263 3762 eﬂ'ugiunt.
1296 3689 1471 3760 Hujus
1525 3699 1704 3745 autem
1751 3692 1959 3747 stolida!

384 3780 796 3851 superstitionis
852 3781 1200 3835 occasionem
1240 3779 1346 3834 illis
1380 3779 1621 3849 .prwbuil
1675 3780 1764 3833 illa
1797 3781 1958 3836 bene-

384 3875 575 3937 dictio,
609 3888 771 3943 quam
807 3872 861 3926 in
882 3871 1063 3926 Garizi
1101 3882 1288 3927 monte
1319 3870 1500 3926 datam
1530 3888 1594 3925 ex
1619 3870 1955 3928 Denterono-

385 3967 498 4021 mio
525 3964 934 4034 cognoscimus.
966 3961 1185 4017 llancce
1221 3961 1579 4033 (Iliaestionem
1633 3963 1734 4016 ista
1764 3963 1958 4017 mulier

390 4055 657 4110 Salvatori
690 4066 948 4124 tanquam
1003 4053 1283 4123 problema
1336 4051 1715 4107 ditiicillimum
1751 4067 1958 4122 propo-

387 4147 490 4211 nit,
541 4147 730 4201 dicens
763 4163 775 4198 :
816 4143 1004 4198 Patres
1045 4143 1211 4196 nostri
1243 4144 1298 4196 in
1326 4153 1501 4198 monte
1553 4143 1650 4197 hoc
1701 4150 1958 4197 adorave-

389 4249 534 4305 runt,
567 4246 622 4291 et
657 4252 778 4306 qua:
804 4247 1126 4306 sequuntur.
1164 4237 1242 4290 Ad
1271 4235 1417 4305 quod
1441 4237 1724 4305 respondit
1771 4237 1963 4290 Salva-

388 4339 475 4384 tor
507 4329 656 4385 :Non
677 4329 788 4399 jam
819 4329 1054 4397 amplius
1101 4327 1393 4396 quaesitum
1431 4327 1496 4382 iri
1527 4327 1728 4393 locum,
1761 4327 1814 4381 in
1852 4344 1961 4397 quo

389 4423 605 4492 proprie
637 4421 780 4476 Deus
818 4429 1038 4491 putetur
1087 4419 1366 4484 habitare;
1409 4419 1504 4474 sed
1552 4427 1613 4473 ut
1643 4419 1739 4488 qui
1775 4421 1961 4474 omnia

390 4515 633 4584 impleat,
691 4525 746 4567 et
788 4514 1042 4567 univcrsa
1089 4511 1385 4575 contineat,
1423 4523 1491 4563 ex
1550 4524 1961 4580 suo,qucmque

391 4607 513 4659 loco
546 4605 830 4659 Dominum
889 4603 1268 4666 adoraturum,
1327 4601 1785 4671 quemadmodum
1839 4603 1962 4670 qui-

390 4699 515 4752 dam
548 4707 864 4752 sanctorum
899 4695 1286 4765 prOphetarum
1321 4695 1418 4747 ait.
1454 4691 1655 4747 Horam
1701 4703 1876 4748 autem
1907 4705 1962 4750 et

392 4802 606 4859 tempus
655 4789 983 4860 ejuscemodi
1052 4789 1255 4843 rituum
1309 4787 1768 4857 abrogandorum,
1806 4797 1964 4844 vocat

2122 1023 2323 1110 irHK
2338 1021 2407 1077 ἐκ
2441 1022 2551 1110 for?
2584 1023 2820 1110 ὕδατος.
2836 1023 3080 1110 τούτουὅ
3105 1021 3357 1110 gressu:
3399 1025 3617 1110 πάτιιζ·

2121 1090 2191 1157 ὃς
2214 1091 2267 1144 δ’
2288 1090 2367 1146 ἂν
2385 1092 2494 1231 Ἡ
2519 1093 2588 1146 ἐκ
2613 1093 2720 1147 τοῦ
2743 1092 2984 1158 ὕδατος,
3007 1090 3080 1152 οὗ
3100 1090 3214 1165 ἐγὼ
3240 1090 3416 1148 δώσω
3436 1091 3618 1160 αὐτῷ,

2121 1163 2195 1214 οὐ
2217 1161 2304 1229 μὴ
2335 1160 2392 1214 δι
2487 1176 2572 1230 σῃ
2599 1163 2687 1228 εις
2711 1163 2820 1216 τὸν
2848 1163 3054 1220 αἰῶνα.

2121 1163 2195 1214 οὐ
2217 1161 2304 1229 μὴ
2335 1160 2572 1230 διψήσῃ
2599 1163 2687 1228 εις
2711 1163 2820 1216 τὸν
2848 1163 3054 1220 αἰῶνα.

2120 1250 2366 1304 Φωτίου.
2418 1251 2701 1320 Λεγούσης
2738 1251 2929 1321 αὐτῆς,
2963 1252 3060 1320 Μὴ
3084 1249 3167 1306 σὺ
3187 1249 3404 1321 μείζων
3437 1243 3497 1304 εἷ
3515 1246 3623 1303 τοῦ

2050 1342 2274 1412 πατρὸς
2299 1339 2469 1412 ἡμῶν
2496 1339 2703 1400 Ἰακώϐ
2721 1357 2740 1405 ;
2769 1343 2885 1398 Οὐκ
2902 1339 3075 1409 εἶπεν,
3103 1344 3214 1397 Καὶ
3243 1341 3451 1412 μείζων
3475 1340 3621 1412 είμίο

2051 1432 2197 1499 ἔδοξε
2227 1434 2337 1502 γὰρ
2385 1433 2453 1488 ἂν
2485 1433 2792 1504 κομπάζειν
2823 1435 3004 1506 μόνον,
3048 1435 3148 1506 τῆς
3179 1432 3508 1497 ἀποδείξεως
3544 1432 3623 1503 μὴ

2051 1525 2402 1597 φαινομένης.
2428 1527 2508 1578 Δι’
2535 1519 2610 1580 ὧν
2632 1526 2690 1580 δὲ
2717 1525 2887 1595 λέγει,
2916 1525 3072 1579 τοῦτο
3096 1524 3522 1587 κατασκευάζει.
3545 1523 3623 1576 Οὐ

2050 1615 2160 1687 γὰρ
2193 1614 2379 1678 ἁπλῶς
2425 1610 2601 1681 εἶπεν,
2642 1616 2810 1670 Δώσω
2853 1633 2936 1670 σοι
2981 1615 3145 1686 ὕδωρ,
3187 1613 3326 1668 ἀλλά
3353 1615 3625 1686 πρότερον

2051 1707 2268 1778 ἀμελῶν
2295 1708 2357 1762 τὸ
2383 1708 2478 1762 τοῦ
2522 1708 2742 1772 Ἰακὼϐ,
2784 1710 2906 1763 τότε
2940 1709 3157 1780 ἐπαίρει
3181 1710 3244 1763 τδ
3269 1706 3490 1772 ἑαυτοῦ,
3517 1707 3624 1762 ἀπὺ

2048 1803 2148 1870 τῆς
2174 1801 2281 1855 τῶν
2312 1801 2533 1873 δωρεῶν
2559 1801 2795 1871 φύσεως,
2827 1800 2889 1854 τὸ
2919 1800 3174 1871 διάφορον
3204 1801 3312 1854 τῶν
3331 1800 3624 1870 διδομένων

2051 1892 2398 1962 παραστῆσαι
2427 1891 2771 1962 βουλόμενος,
2805 1891 2897 1944 καὶ
2921 1891 3021 1962 τὴν
3054 1892 3329 1961 ὑπεροχὴν
3357 1891 3460 1962 τὴν
3489 1889 3626 1959 πρὸς

2048 1983 2140 2038 τὸν
2160 1984 2524 2055 πατριάρχην.
2547 1985 2610 2036 Et
2631 1984 2739 2054 γὰρ
2764 1983 3084 2054 θαυμάζεις,
3111 1984 3266 2052 φησὶ,
3290 1983 3385 2037 τὸν
3402 1981 3624 2047 Ἰακὼϐ,

2049 2077 2133 2130 δτι
2148 2075 2308 2130 τοῦτο
2332 2075 2499 2129 ἔδωκε
2513 2075 2574 2130 τὺ
2592 2075 2757 2146 ὕδωρ,
2774 2075 2910 2128 πολὺ
2925 2075 3112 2128 τούτου
3134 2073 3326 2145 βελτίω
3349 2071 3511 2127 δώσω
3522 2090 3622 2129 σοι.

2006 2195 2033 2219 ⁴
2053 2191 2118 2245 Ol
2136 2188 2383 2259 πατέρες
2401 2189 2568 2258 ἡμῶν
2587 2190 2658 2244 ἐν
2677 2189 2758 2255 τῷ
2777 2191 2895 2258 ὄρει
2920 2191 3108 2258 τούτῳ
3131 2187 3625 2259 προσεκύνησαν,

2121 2261 2219 2314 καὶ
2250 2257 2698 2330 ὖμεῖςαέγετε,
2738 2257 2826 2314 δτι
2865 2261 2936 2314 ἐν
2984 2260 3430 2329 Ἰεροσολύμοις
3455 2257 3630 2312 ἐστὶν

2120 2333 2154 2385 ό
2181 2329 2383 2397 τόπος,
2417 2329 2570 2385 ὅπου
2609 2329 2702 2384 δεῖ
2736 2331 3124 2399 προσκυνεῖν.

2123 2421 2369 2476 Φωτίου.
2419 2421 2483 2473 Οἱ
2507 2419 2758 2474 Ἰουδαῖοι
2787 2419 3098 2490 παχυτέρας
3125 2419 3204 2473 ἔτι
3230 2419 3333 2483 τάς
3359 2420 3495 2490 περὶ
3529 2418 3630 2487 τῆς

2055 2511 2204 2575 θείας
2229 2529 2287 2564 τε
2313 2511 2406 2564 καὶ
2440 2511 2732 2582 ἀσωμάτου
2772 2514 2985 2581 φύσεως
3014 2511 3294 2581 διαλήψεις
3325 2510 3628 2581 δεχόμενοι,

2052 2604 2111 2658 ὲν
2141 2603 2326 2674 μόνοις
2363 2605 2478 2668 τοῖς
2529 2602 2925 2674 Ἱεροσολύμοις
2963 2603 3160 2674 χρῆναι
3205 2601 3632 2674 προσκυνεῖσθαι

2052 2695 2146 2749 τὸν
2179 2695 2276 2748 ἐπὶ
2316 2694 2526 2757 πάντας
2557 2693 2690 2748 Θεὸν
2720 2695 3055 2758 διετείνοντο,
3092 2695 3168 2758 ὡς
3198 2693 3348 2760 ἅπαξ
3376 2694 3506 2762 ὅλης
3530 2693 3633 2761 τῆς

2055 2788 2294 2858 ἀῤῥήτου
2317 2787 2411 2840 καὶ
2439 2787 2826 2858 ἀκαταλήπτου
2858 2786 3071 2854 φύσεως
3097 2786 3475 2856 καταλυούσης
3496 2787 3631 2849 ἐκεῖ,

2055 2881 2152 2932 καὶ
2198 2878 2702 2950 περιγραφομένης.
2744 2879 2836 2932 Διὸ
2862 2879 2926 2950 δὴ
2956 2880 3051 2932 καὶ
3089 2877 3210 2932 λίαν
3239 2876 3635 2940 ἀσυνετοῦντες

2055 2969 2148 3022 ἐπὶ
2181 2968 2357 3040 τούτῳ
2383 2969 2470 3023 διὰ
2500 2968 2600 3038 τῆς
2632 2967 2741 3023 τῶν
2770 2967 3066 3039 προφητῶν
3100 2968 3395 3037 ἠλέγχοντο
3427 2965 3633 3035 φωνῆς,

2055 3059 2150 3114 τοῦ
2184 3057 2318 3112 Θεοῦ
2365 3058 2616 3128 λέγοντος
2637 3075 2653 3090 ·
2699 3059 2763 3112 '0
2793 3059 3050 3126 οὐρανός
3085 3075 3186 3127 μοι
3220 3059 3456 3125 θρόνος,
3493 3059 3534 3125 ἡ
3571 3056 3639 3109 δὲ

2056 3147 2134 3219 γίῆ
2171 3149 2505 3205 ὑποπόδιον
2543 3149 2663 3204 τῶν
2691 3148 2892 3203 ποδῶν
2912 3167 3053 3219 μου.
3083 3148 3267 3204 Ποῖον
3293 3144 3467 3203 οἷκον
3481 3150 3638 3203 οἱκο-

2058 3239 2354 3309 ὃομήσετέ
2375 3257 2499 3310 μοι,
2541 3241 2703 3309 λέγει
2745 3241 2990 3309 Κύριος;
3021 3243 3099 3296 Ἦ
3124 3241 3217 3307 τίς
3244 3241 3276 3292 ὁ
3314 3241 3503 3304 τόπος
3531 3237 3640 3304 τῆς

2058 3330 2490 3398 καταπαύσεώς
2509 3349 2664 3401 pou;
2700 3333 3035 3403 Σαμαρεῖται
3065 3332 3123 3385 δὲ
3152 3331 3315 3386 πάλιν
3353 3331 3417 3384 οὗ
3451 3331 3641 3402 πόρρω

2059 3425 2160 3494 τῆς
2186 3423 2458 3477 Ἰουδαίων
2486 3423 2729 3494 ἀμαθίας
2763 3423 3029 3494 κείμενοι,
3066 3424 3252 3494 χώραν
3281 3439 3343 3474 τε
3376 3421 3518 3491 ὁμοῦ
3549 3421 3640 3475 καὶ

2060 3515 2415 3569 ἀπαιδευσίαν
2461 3515 2661 3586 ὅμορον
2706 3513 2940 3586 ἔχοντες,
2996 3516 3055 3569 ὲν
3097 3515 3216 3586 ὄρει
3249 3514 3330 3584 τῷ
3361 3514 3636 3584 Γαριζεὶν,

2060 3608 2202 3662 οὓτω
2245 3606 2587 3680 καλουμένῳ,
2635 3608 2730 3662 καὶ
2767 3606 3165 3678 προσεύχεσθαι
3201 3607 3313 3659 δεῖν
3342 3606 3442 3658 καὶ
3467 3621 3639 3675 προσ-

2060 3703 2242 3755 κυνεῖν
2265 3701 2524 3772 οἰόμενοι,
2547 3700 2607 3754 τὸ
2634 3699 2894 3768 γελᾶσθαι
2920 3700 3143 3763 δικαίως
3169 3699 3230 3751 οὐ
3259 3698 3640 3766 διαψεύγουσι.

2060 3792 2258 3859 Γέγονε
2302 3791 2360 3845 δὲ
2406 3792 2501 3846 καὶ
2549 3792 2734 3857 αὐτοῖς
2778 3793 2877 3862 τῆς
2923 3791 3109 3853 ἀνοίας
3153 3791 3186 3861 ἡ
3239 3789 3544 3860 πρόφασις,
3584 3789 3642 3841 τὸ

2057 3882 2302 3936 δεδόσθαι
2351 3884 2450 3953 τὴν
2496 3883 2747 3950 εὐλογίαν
2793 3884 2854 3938 ιν
2897 3882 3015 3952 ὄρει
3052 3881 3327 3950 Γαριζεὶν,
3363 3880 3554 3944 καθὼς
3586 3883 3644 3932 ἐν

2058 3972 2463 4042 Δευτερονομίῳ
2507 3971 2892 4043 γεγραμμένον
2938 3971 3283 4040 εὑρίσκομεν.
3339 3968 3562 4038 Ταύτην
3607 3971 3641 4040 ἠ

2059 4063 2197 4134 γυνὴ
2248 4063 2326 4134 τῷ
2374 4063 2586 4135 Σωτῆρι
2626 4064 2726 4134 τὴν
2775 4063 3025 4134 ζήτησιν,
3061 4061 3138 4122 ὡς
3181 4059 3644 4130 δυσκατάληπτον

2059 4155 2350 4226 πρόϐλημα
2369 4157 2705 4226 προΐσχεται,
2728 4154 2978 4223 λέγουσα,
3005 4156 3084 4208 ὃτι
3114 4159 3181 4209 Οἱ
3201 4153 3456 4222 πατέρες
3475 4153 3646 4223 ήμῶν

2061 4248 2130 4302 ἐν
2153 4247 2233 4313 τῷ
2250 4247 2369 4316 ὄρει
2385 4249 2572 4313 τούτῳ
2593 4249 3086 4315 προσεκύνησαν,
3105 4249 3199 4302 καὶ
3223 4247 3295 4300 τά
3318 4246 3470 4318 έξῆς.
3503 4248 3645 4316 Πρὸς

2063 4342 2092 4396 ὃ
2119 4359 2283 4412 φησιν
2317 4343 2344 4394 ό
2381 4341 2592 4410 Σωτὴρ,
2629 4339 2826 4393 Οὐκέτι
2881 4339 3177 4410 ζητήσεται
3204 4339 3371 4402 τόπος
3417 4341 3475 4392 ὲν
3507 4331 3552 4405 ᾧ
3583 4338 3647 4407 δὴ

2065 4433 2272 4504 κυρίως
2301 4432 2575 4500 οἰήσονται
2602 4432 2876 4484 κατοικεῖν
2905 4432 2996 4483 τὸν
3023 4429 3179 4495 Θεὸν,
3208 4429 3324 4484 ἁλλ’
3355 4429 3434 4492 ὡς
3467 4431 3649 4485 πάντα

2069 4523 2384 4594 πληροῦντι,
2422 4521 2517 4575 καὶ
2552 4521 2797 4593 συνέχειν
2828 4521 3085 4592 ἰσχύοντι,
3121 4523 3549 4592 προσκυνήσωσι
3572 4521 3649 4590 τῷ

2068 4613 2280 4686 Κυρίῳ,
2328 4613 2557 4676 ἕκαστος
2598 4613 2664 4666 ὲκ
2702 4613 2800 4666 τοῦ
2833 4613 3001 4665 τόπου
3033 4612 3220 4678 αὐτοῦ,
3276 4613 3536 4683 καθάπερ
3568 4614 3651 4676 τίς

2068 4721 2202 4774 φησι
2235 4704 2343 4756 τῶν
2373 4703 2542 4773 ἁγίων
2566 4703 2881 4774 προφητῶν.
2916 4704 3088 4774 Ὥραν
3117 4701 3174 4755 δὲ
3203 4703 3301 4756 καὶ
3335 4704 3533 4772 καιρὸν
3556 4703 3651 4769 τῆς

2065 4797 2175 4850 τῶν
2204 4794 2460 4849 τοιούτων
2487 4794 2624 4848 ἐθῶν
2673 4795 3087 4864 μεταστάσεως,
3138 4794 3238 4866 τὴν
3268 4793 3467 4849 ἑαυτοῦ
3512 4795 3653 4864 μετὰ

393 4894 718 4948 corporeum
767 4895 928 4936 suum
962 4879 1015 4933 in
1049 4880 1194 4933 hunc
1218 4877 1481 4932 mundum
1512 4877 1802 4932 adventum
1823 4878 1954 4950 (22).

2066 4887 2317 4957 σώματος
2344 4887 2636 4958 ἐπιδημίαν
2663 4888 2722 4941 ἐν
2751 4886 2940 4958 κόσμῳ
2969 4886 3154 4957 φησίν.

1625 5016 1706 5071 Ex
1741 5028 1966 5086 catena,
2001 5029 2042 5078 t.
2074 5023 2139 5089 ll,
2171 5040 2225 5094 p.
2259 5025 2384 5082 4M.

469 5201 624 5259 CAP.
655 5199 821 5280 XVII.
869 5201 1033 5256 Vens.
1079 5203 1260 5256 l'5.....
1305 5201 1501 5258 Diccns
1543 5221 1556 5257 :
1617 5203 1684 5260 Ut
1735 5207 1962 5261 habeant

399 5296 655 5369 gaudium
683 5310 855 5348 meum
881 5293 1175 5362 impletum,
1207 5296 1446 5351 ostendit
1477 5296 1642 5364 clare,
1685 5299 1830 5369 quod
1870 5313 1966 5354 vo-

401 5396 522 5449 lens
551 5391 674 5446 illos
700 5404 731 5446 a
753 5388 921 5444 multa
970 5388 1202 5443 liberare
1247 5388 1568 5460 stllictione,
1605 5391 1970 5462 praecedenter

2139 5207 2342 5275 Εἰπὼν,
2379 5209 2504 5262 Ἵνα
2529 5208 2714 5277 ἔχωσι
2742 5205 2856 5274 τὴν
2883 5204 3076 5274 χαρὰν
3099 5203 3214 5272 τὴν
3239 5203 3401 5274 ἐμὴν
3428 5208 3654 5270 πεπλη-

2065 5301 2361 5372 ρωμένην,
2387 5302 2652 5372 ἐδήλωσεν
2685 5298 2870 5370 σαφῶς
2903 5301 2985 5385 ὅτι
3012 5297 3184 5351 θέλων
3206 5298 3408 5362 αὐτοὺς
3431 5299 3541 5352 ἀπὸ
3557 5298 3655 5365 τῆς

2076 5396 2278 5468 πολλῆς
2309 5394 2722 5466 ἀνακτήσασθαι
2743 5391 2999 5462 θλίψεως,
3023 5390 3095 5448 ea
3122 5392 3514 5466 προειρημένα
3535 5391 3658 5447 ἐλα-

1920 5526 2147 5584 ΝΟΤΑΕ.

476 5622 592 5693 (τι)
622 5623 706 5680 cr.
731 5626 795 5693 ρ.
827 5623 1061 5679 Lxxw.

2153 5622 2266 5694 (τε)
2302 5622 2385 5678 Cf.
2422 5622 2484 5691 Q.
2515 5619 2746 5676 Lxxw.
