3978 6218
338 262 475 330 1233
1140 262 1599 325 FRAGMENTA
1660 263 1743 325 IN
1794 264 2222 326 EPISTOLAM
2275 265 2379 327 AD
2414 265 2791 329 ROMANOS.
3462 266 3598 332 1234

332 377 522 463 λησεν,
557 376 638 431 διὸ
662 377 756 432 καὶ
784 376 917 447 πρὸς
947 377 1044 449 τὴν
1084 378 1303 433 ἐκείνων
1329 377 1775 447 συγκαταϐαίνων
1801 376 1918 431 διά-

2032 376 2163 430 dicta
2203 376 2423 432 locutus
2460 385 2567 443 est,
2610 388 2891 448 propterea
2944 377 3010 434 ad
3064 392 3255 433 eorum
3294 376 3600 451 intelligen-

326 464 485 522 νοιαν
526 468 1012 540 (παραμυθεῖσθαι
1037 470 1145 540 γὰρ
1176 470 1372 533 αὐτοὺς
1405 468 1522 525 ἀλλ’
1553 469 1614 522 ού
1643 469 1916 524 διδάσκειν

2032 469 2146 523 iam
2171 469 2554 537 descendens;
2595 471 2866 525 consolari
2903 472 3050 525 enim
3101 487 3221 533 eos,
3251 487 3362 527 non
3416 484 3597 528 autem

333 560 431 615 νῦν
460 560 557 634 τὴν
582 562 681 633 τῆς
710 562 988 632 θεολογίας
1021 562 1307 631 ἀκρίϐειαν
1355 560 1665 631 ἐϐούλετο),
1704 561 1914 632 ἀνθρω-

2032 561 2212 617 locere
2241 577 2389 617 nunc
2422 562 2710 633 theologia:
2764 562 3048 618 veritatem
3082 564 3319 619 volebat.
3378 562 3600 619 Huma-

332 651 659 723 πινώτερον,
691 655 785 707 καὶ⁷
816 652 891 717 ὡς
916 654 1115 706 ἐκεῖνοι
1144 652 1403 722 ἠδύναντο
1447 653 1915 723 παραμυθεῖσθαι,

2032 669 2149 708 num
2185 654 2358 724 magis
2381 653 2677 719 quoddam,
2705 655 2918 722 etquod
2953 655 3075 710 illos
3104 655 3375 710 consolari
3402 655 3596 725 possit,

331 740 661 811 διαλέγεται,
704 745 980 813 Τήρησον
1023 743 1264 810 αὐτοὺς,
1308 744 1500 812 λέγων,
1551 744 1667 808 καὶ,
1708 745 1809 798 Ἐν
1840 740 1919 814 τῷ

2032 745 2328 815 exponitur.
2366 742 2529 799 Serva
2552 744 2694 807 illos,
2738 746 2914 815 inquit
2940 761 2955 812 ;
2981 755 3035 801 et
3067 765 3093 801 ε.
3120 746 3185 800 In
3216 749 3426 802 nomine
3476 756 3598 811 tuo;

334 834 582 903 ὀνόματι
599 849 737 890 σου·
763 836 878 901 καὶ,
902 836 1031 889 Ὅτε
1050 834 1213 905 ήμην
1231 835 1301 888 ἐν
1318 832 1398 900 τῷ
1418 836 1643 904 κόσμῳ,
1664 834 1920 905 ἐτήρουν

2032 844 2075 891 et
2102 852 2116 890 :
2154 836 2287 890 Cum
2314 852 2479 891 essem
2505 836 2560 890 in
2586 835 2804 903 mundo,
2854 837 3128 891 servabam
3157 854 3265 905 eos,
3297 847 3350 893 et
3374 838 3596 893 similia.

334 925 579 993 αὐτοὺς,
627 926 721 980 καὶ
753 926 821 980 τὰ
860 927 1047 998 ὅμοια.
1091 926 1284 998 Χαρὰν
1313 926 1371 979 δὲ
1400 926 1498 997 τὴν
1536 926 1698 997 ἐμὴν,
1730 928 1916 997 φησὶν,

2032 928 2291 986 Gaudium
2324 940 2506 987 autem
2546 947 2756 998 meum,
2797 933 2998 1003 inquit,
3030 944 3093 989 ut
3144 934 3442 1004 spirituale,
3478 936 3599 989 ani-

334 1010 447 1070 οἷον
472 1018 571 1088 τὴν
596 1017 1002 1090 πνευματικὴν,
1031 1016 1129 1088 τὴν
1175 1016 1537 1086 στηρίζουσαν
1565 1015 1766 1086 ψυχὰς,
1800 1016 1919 1069 ἀλλ’

2032 1037 2139 1077 mas
2199 1022 2444 1089 lirmans,
2468 1024 2565 1079 sed
2621 1038 2733 1079 non
2762 1026 2923 1096 quale
2974 1025 3221 1082 mundus
3283 1027 3469 1092 habet,
3503 1042 3600 1081 γοα
3674 1042 3681 1049 ·

333 1110 457 1180 ούχὶ
482 1112 738 1183 τοιαύτην
786 1107 905 1166 οἷαν
937 1112 966 1165 ό
997 1111 1203 1182 κόσμος
1254 1110 1385 1180 ἔχει,
1437 1109 1526 1163 διὰ
1558 1110 1772 1181 τρυφῆς
1820 1110 1920 1164 καὶ

2032 1118 2242 1182 luptate,
2298 1114 2510 1173 deliciis
2565 1124 2622 1174 et
2650 1118 3031 1189 corporalibus
3108 1116 3416 1174 commodis
3463 1133 3600 1172 con-

331 1200 537 1271 ⁴ἡδονῶν
571 1202 665 1257 καὶ
700 1203 1028 1273 σωματικῶν
1058 1202 1358 1265 εὐπαθείας
1390 1202 1810 1272 συνισταμένην.
2022 1216 2196 1262 stans.

334 1314 460 1370 llaec
488 1315 651 1371 habet
689 1316 752 1382 B,
780 1315 877 1372 sed
912 1315 1114 1372 forsam
1144 1314 1506 1402 Pholii‘sun‘t‘,
1540 1325 1601 1395 ut
1636 1315 1817 1402 mylta'
1844 1316 1975 1398 alia,
2011 1318 2229 1402 scholia_
2255 1334 2378 1402 qua:
2414 1320 2812 1402 interjecitiste
2841 1323 2988 1388 cod.,
3013 1321 3110 1378 sed
3142 1320 3365 1375 nomine
3392 1320 3513 1392 ejus
3548 1320 3604 1376 in

1061 1402 1236 1455 marg.
1296 1385 1503 1455 scripto
1533 1385 1612 1440 sic
1639 1384 1747 1454 φῶ.
1773 1384 1913 1443 Huic
1941 1397 2125 1443 autem
2154 1384 2362 1445 scholio
2392 1406 2503 1446 non
2534 1384 2854 1446 ascribitur.

653 1712 1542 1805 FRAGMENTAIN
1619 1711 2276 1803 EPISTOLAS
2346 1670 2762 1804 SAN‘CTI
2866 1714 3270 1806 PAULI.

1618 1885 1700 1942 Ex
1723 1886 1931 1944 Catena
1950 1883 2329 1942 Crameriana.

1330 2100 1382 2161 Ι.
1426 2099 1509 2162 ΙΝ
1541 2098 2003 2161 EPISTOLAM
2038 2099 2145 2158 AD
2192 2094 2607 2158 ROMANOS.

1737 2226 2002 2297 (Crimen.
2034 2235 2072 2281 t.
2094 2224 2211 2295 IV.)

350 2460 512 2519 Ἀλλ’
560 2458 965 2515 ἐϐασίλευσεν
994 2458 1029 2512 ὁ
1072 2454 1329 2522 θάνατος
1366 2454 1488 2512 ἀπὸ
1525 2455 1702 2525 Ἀδὰμ
1738 2456 1911 2527 μέχρι

2032 2454 2167 2512 IAP.
2203 2453 2265 2508 V.
2321 2450 2489 2507 Vens.
2525 2450 2611 2506 M.
2686 2447 2795 2527 Sed
2840 2447 3089 2527 Iegnavit
3138 2462 3280 2502 mors
3320 2448 3385 2499 ab
3429 2444 3609 2501 Adam

973 2527 1292 2592 Μωῦσέως.

409 2624 657 2679 Φωτίου.
690 2622 831 2693 Τρία
863 2622 1011 2675 ἐστὶν
1040 2622 1101 2675 ἐν
1136 2618 1348 2685 τούτοις
1387 2620 1502 2684 τοῖς
1536 2618 1920 2691 παραϐολικῶς

339 2717 592 2787 ἀλλήλοις
642 2714 1055 2786 παρατεθεῖσιν,
1116 2713 1375 2784 ὁμοιότης
1420 2730 1526 2779 τις,
1581 2712 1917 2784 ἐναντιότης,

339 2808 641 2881 ὑπερϐολή.
695 2808 853 2862 Κατά
909 2806 1007 2877 τὴν
1062 2804 1359 2875 ὁμοιότητα
1405 2803 1721 2875 ἐναντιότης
1779 2803 1917 2875 μὲν,

340 2901 607 2972 ἁμαρτία,
627 2898 1035 2971 ἀναμάρτητον·
1066 2896 1238 2968 ἔχθρα
1263 2896 1401 2967 πρὸς
1420 2896 1574 2965 Θεὸν,
1599 2895 1920 2968 καταλλαγὴ

340 2994 477 3066 πρὸς
502 2992 655 3046 Θεόν·
675 2991 1019 3064 κατάκριμα,
1042 2989 1319 3061 δικαίωμα
1343 3005 1358 3019 ·
1383 2989 1633 3043 ἀπώλεια
1654 2989 1748 3043 καὶ
1778 2988 1922 3042 πτῶ-

342 3104 419 3155 μα
449 3084 543 3139 καὶ
575 3084 825 3149 Θάνατος,
856 3083 1102 3153 σωτηρία
1130 3082 1223 3136 καὶ
1249 3079 1363 3153 ζωὴ
1393 3082 1488 3136 καὶ
1517 3082 1836 3147 ἀνάστασις.
1855 3082 1923 3137 Ἠ

343 3178 441 3244 μὲν
460 3175 553 3230 οὖν
583 3175 895 3246 ἐναντιότης
917 3176 975 3228 ἐν
1004 3173 1236 3238 τούτοις·
1267 3176 1301 3244 ή
1332 3173 1392 3227 δὲ
1424 3173 1702 3245 ὁμοιότης,
1733 3174 1922 3245 ὥσπερ

340 3273 407 3325 δι’
448 3273 568 3335 ἐνὸς
593 3274 707 3336 τοῖς
739 3272 910 3325 πᾶσιν
938 3271 1263 3339 ἐπιγέγονεν
1287 3285 1302 3300 ·
1347 3272 1381 3342 η
1422 3270 1479 3324 δέ
1509 3270 1805 3343 ὑπερϐολὴ,
1838 3271 1921 3324 ὅτι

342 3366 432 3418 ἐπί
461 3365 561 3435 μὲν
596 3366 709 3419 τῶν
738 3365 1001 3436 χειρόνων
1040 3363 1408 3432 συνέπραξαν,
1438 3363 1518 3436 τῷ
1552 3364 1633 3417 ἐνὶ
1655 3366 1704 3417 οἱ
1740 3363 1923 3417 πολλοὶ

341 3458 434 3510 ἐπὶ
480 3457 542 3510 τὸ
594 3457 890 3527 μετασχεῖν
941 3455 1128 3519 αὐτοῖς
1164 3455 1275 3508 τῶν
1315 3454 1533 3521 κακῶν,
1580 3456 1673 3508 ἐπί
1719 3455 1775 3508 δέ
1814 3455 1923 3510 τῶν

343 3549 643 3618 ἀμεινόνων
676 3546 873 3614 οὐδεὶς,
919 3546 1257 3617 συνέπραξεν
1297 3546 1433 3600 άλλά
1469 3547 1628 3616 μόνον
1664 3547 1759 3600 τοῦ
1805 3547 1924 3609 ἐνὸς

342 3638 579 3713 Χριστοῦ
608 3641 670 3693 τὸ
716 3641 962 3710 χάρισμα
1000 3640 1249 3708 γέγονεν.
1282 3638 1447 3691 Ὥστε
1480 3638 1579 3709 οὐχ
1598 3638 1801 3709 ὁμοίως
1829 3640 1924 3692 καὶ

345 3730 563 3800 ἐπίσης,
602 3730 739 3784 ἀλλὰ
780 3730 905 3783 καθ’
933 3727 1243 3800 ὑπερϐολὴν
1283 3728 1381 3782 καὶ
1424 3729 1490 3781 ἐκ
1539 3729 1859 3797 περισσείας
1886 3731 1920 3799 ή

342 3822 615 3893 ὁμοιότης.
633 3822 804 3877 Πάλιν
819 3821 906 3875 διὰ
921 3821 1015 3874 τοῦ
1046 3820 1218 3891 ’Δδάμ
1235 3819 1344 3874 τῶν
1364 3819 1625 3890 χειρόνων
1641 3820 1920 3890 εἰσαχθέν-

2524 2536 2689 2591 usque
2725 2519 2795 2573 ad
2830 2516 3071 2588 Moysen.

2090 2614 2294 2669 Photii.
2336 2613 2465 2667 Tria
2496 2618 2626 2668 sunt
2656 2610 2711 2666 in
2746 2610 2831 2665 his
2876 2608 3190 2679 parabolice
3234 2606 3374 2662 inter
3418 2622 3478 2662 se
3520 2606 3605 2661 iu-

2016 2704 2194 2760 vicem
2225 2699 2440 2757 collatis
2460 2739 2476 2766 ,
2505 2698 2810 2755 similitudo
2841 2697 3088 2767 quaedam
3111 2736 3127 2760 ,
3163 2694 3469 2764 oppositio.
3505 2694 3607 2764 hy-

2018 2796 2260 2868 perbole.
2285 2792 2598 2849 Secundum
2627 2788 3045 2846 similitudinem
3077 2787 3352 2857 oppositio
3378 2787 3605 2856 quidem

2020 2888 2114 2952 lit,
2146 2901 2290 2942 noxa
2312 2926 2327 2952 ,
2361 2886 2658 2951 innocens;
2689 2882 2877 2937 odium
2919 2881 2972 2934 in
3003 2882 3197 2943 Deum,
3222 2879 3507 2933 conversio
3538 2877 3607 2931 ad

2021 2980 2233 3046 Deum;
2275 2975 2593 3041 damnatio,
2631 2971 2993 3044 justiﬁcatio;
3036 2970 3307 3039 perditio,
3356 2968 3611 3023 interitus

2022 3078 2077 3127 et
2107 3086 2287 3136 mors;
2320 3069 2491 3131 salus,
2521 3067 2629 3120 vita
2659 3072 2715 3119 et
2746 3061 3097 3119 resurrectio.
3126 3059 3223 3115 Est
3243 3058 3408 3130 igitur
3440 3072 3612 3127 oppo-

2021 3163 2146 3219 sitio
2178 3162 2232 3216 in
2267 3160 2393 3217 istis
2425 3177 2440 3215 :
2490 3156 2792 3213 similitudo
2839 3163 3021 3209 autem
3047 3193 3063 3217 ,
3114 3153 3262 3207 sicut
3309 3166 3404 3221 per
3435 3164 3608 3203 unum

2022 3253 2077 3307 in
2113 3266 2305 3306 omnes
2339 3248 2711 3321 pertransiit:
2766 3245 3060 3319 hyperbole
3111 3253 3330 3308 autem,
3378 3242 3507 3313 quia
3555 3241 3607 3295 in

2023 3345 2237 3402 delictis
2287 3343 2450 3399 simul
2501 3340 2709 3413 operati
2760 3347 2922 3403 sunt,
2970 3338 3025 3393 in
3066 3352 3179 3393 uno
3224 3335 3424 3399 multi,
3464 3333 3613 3404 quod

2022 3436 2125 3506 ipsi
2160 3436 2216 3490 in
2245 3434 2408 3489 malis
2459 3432 2717 3503 operibus
2746 3430 3309 3492 communicaverunt,
3338 3427 3392 3480 in
3418 3426 3612 3480 melio-

2025 3531 2177 3585 ribus
2207 3544 2338 3584 vero
2371 3526 2554 3582 nullus
2600 3534 2858 3595 operatus
2900 3531 2984 3578 est
3009 3564 3026 3589 ,
3058 3522 3175 3588 gsed
3209 3529 3418 3575 tantum
3448 3518 3611 3572 unius

2026 3621 2234 3677 Christi
2259 3620 2430 3691 gratia
2467 3617 2610 3672 facta
2643 3624 2748 3672 est.
2772 3615 2850 3670 lta
2876 3631 2985 3670 non
3019 3613 3273 3669 similiter
3299 3626 3400 3665 nec
3428 3624 3616 3679 mqua-

2029 3714 2192 3779 liter,
2228 3713 2324 3769 sed
2356 3709 2707 3782 hyperbolice
2742 3718 2796 3763 et
2825 3722 2888 3761 ex
2925 3703 3424 3776 superabundantia
3459 3700 3618 3755 simi-

2026 3801 2222 3855 litudo.
2280 3798 2493 3853 Rursus
2528 3813 2654 3853 cum
2700 3812 2796 3866 per
2834 3796 3008 3849 Adam
3059 3794 3260 3848 delicta
3302 3792 3615 3846 introducta

342 3885 472 3979 των,
510 3885 612 3968 ούκ
653 3914 894 3986 ἀνῃρέθη
943 3913 1104 3984 μόνον
1142 3885 1339 3980 ταῦτα,
1364 3885 1515 3983 -ϐπερ
1554 3911 1631 3975 ὡς
1656 3885 1922 3975 ἐναντίοις

2032 3892 2211 3983 [orent
2232 3931 2246 3953 ,
2282 3908 2393 3947 non
2422 3890 2600 3945 solum
2634 3888 2815 3944 ablata
2848 3896 2979 3943 sunt
3006 3886 3096 3940 illa
3120 3928 3135 3951 ,
3182 3885 3327 3954 quod
3360 3885 3414 3936 in
3445 3897 3616 3951 oppo-

343 4007 529 4078 ὅμοιον
558 4004 654 4059 καὶ
692 4006 976 4074 ἀνάλογον,
1008 4004 1144 4058 ἀλλά
1185 4004 1280 4057 καὶ
1320 4003 1548 4074 ἐπεδόθη
1596 4001 1748 4074 παρά
1793 4003 1929 4074 Χρι-

346 4096 471 4150 στοῦ
500 4096 571 4151 τὰ
595 4096 827 4168 ἀμείνω·
858 4099 998 4168 ὅπερ
1023 4096 1124 4168 τὴν
1148 4094 1452 4166 ὑπερϐολὴν
1485 4094 1581 4148 καὶ
1604 4092 1702 4166 τὴν
1732 4110 1927 4164 περισ-

347 4190 500 4244 σείαν
520 4189 875 4261 παρίστησιν.

346 4304 573 4373 Ὠσπερ
610 4302 721 4375 γὰρ
750 4301 851 4357 διὰ
878 4301 987 4373 τῆς
1021 4302 1334 4372 παρακοῆς
1372 4301 1478 4357 τοῦ
1503 4300 1663 4367 ἑνὸς,
1697 4316 1752 4353 κ.
1778 4316 1832 4353 τ.
1872 4296 1925 4355 λ.

416 4459 664 4514 Φωτίου.
717 4459 904 4513 Εἰπὼν
942 4459 1027 4512 ὅτι
1066 4458 1236 4521 τύπος
1274 4432 1344 4528 ἦν
1377 4458 1407 4511 ό
1451 4450 1629 4528 Ἀδὰμ
1665 4455 1759 4510 τοῦ
1795 4456 1931 4525 Χρι-

347 4551 508 4606 στοῦ·
533 4551 704 4615 τύπος
750 4551 805 4604 δέ
854 4549 1097 4621 δηλονότι
1136 4550 1201 4602 ἐκ
1248 4548 1341 4602 τοῦ
1384 4549 1654 4603 ἐναντίου.
1694 4548 1782 4613 Ὠς
1819 4547 1928 4617 γάρ

348 4644 551 4707 ἐκεῖνος
586 4643 759 4707 αἴτιος
782 4641 1092 4713 ἀνθρώποις
1112 4654 1139 4682 ιι
1161 4640 1415 4707 θανάτου,
1445 4639 1619 4703 οὕτως
1644 4642 1671 4693 ὁ
1695 4638 1931 4711 Χριστὸς

347 4736 519 4798 αῐτιος
551 4732 864 4805 ἀνθρώποις
904 4731 1275 4794 ἀναστάσεως.
1310 4728 1494 4783 Εἰπὼν
1524 4728 1640 4794 οὖν,
1673 4729 1749 4792 ὡς
1796 4728 1931 4799 ἐφη-

351 4844 469 4898 μεν,
498 4827 581 4881 ὅτι
610 4825 780 4889 τύπος
804 4819 873 4895 ἦν
901 4826 929 4878 ό
963 4822 1136 4892 Ἀδὰμ
1167 4822 1262 4876 τοῦ
1286 4820 1552 4893 Χριστοῦ·
1584 4820 1773 4891 ἐπειδὴ
1802 4819 1931 4889 μέλ-

349 4920 454 4974 λων
487 4918 617 4972 αύτὸ
638 4916 1092 4980 κατασκευάζειν,
1119 4914 1180 4967 οὐ
1205 4914 1365 4985 μόνον
1385 4913 1483 4984 τὴν
1510 4913 1804 4984 ὁμοιότητα
1829 4928 1933 4965 κα-

348 5009 680 5083 τασκευάζει
729 5008 824 5062 καὶ
859 5008 1051 5073 τύπον,
1100 5005 1237 5060 ἀλλά
1286 5006 1383 5060 καὶ
1426 5005 1525 5076 τὴν
1564 5006 1623 5058 ἐν
1649 5004 1728 5075 τῷ
1774 5004 1931 5075 τύπῳ

350 5104 443 5158 καὶ⁵
470 5104 757 5174 ὁμοιότητι
790 5100 1062 5179 ὑπεροχὴν
1107 5099 1202 5153 καλ⁵
1239 5098 1575 5169 περισσείαν.
1609 5098 1778 5151 Τοῦτο
1822 5098 1931 5170 γὰρ

351 5197 685 5251 ἐνδείκνυται
728 5193 818 5247 διὰ
855 5194 950 5246 τοῦ
987 5193 1188 5260 λέγειν,
1219 5190 1458 5261 ἀλλὀὐχ
1500 5190 1577 5254 ὠς
1637 5190 1697 5243 τὸ
1746 5190 1927 5263 παρά-

351 5305 575 5359 πτωμα·
607 5288 703 5341 καὶ
724 5286 907 5353 πάλιν,
944 5267 1160 5356 καὶόὐχ
1200 5284 1277 5349 ὡς
1313 5283 1435 5347 ἐνὸς
1487 5285 1925 5355 ἁμαρτήσαντος.

364 5383 517 5438 Ἐπεὶ
546 5379 640 5435 οὖν
664 5380 921 5436 σύνθετον
944 5379 1093 5449 αὐτῷ
1116 5396 1233 5444 πως
1263 5379 1454 5448 γέγονε
1480 5377 1544 5431 τὸ
1571 5378 1928 5450 ἐπιχείρημα,

354 5472 721 5544 ἀνομοιότητά
775 5490 893 5535 πως
950 5473 1008 5527 ἐν
1058 5471 1339 5540 ὁμοιότητι
1390 5469 1775 5524 διαπλέκοντι·
1837 5469 1932 5524 νῦν

2030 3985 2152 4040 sitis
2186 3968 2601 4039 similitudinem
2647 3988 2703 4036 et
2749 3979 3057 4049 analogiam
3092 3992 3204 4048 prae
3234 3992 3293 4031 se.
3323 3974 3465 4039 fert,
3519 3973 3616 4029 sed

2028 4077 2155 4131 data
2192 4083 2321 4131 sunt
2356 4088 2453 4144 per
2480 4072 2763 4128 Christum
2800 4070 3067 4136 meliora;
3102 4068 3249 4138 quod
3284 4064 3615 4138 hyperbolen

2031 4176 2083 4222 et
2119 4162 2671 4235 superabundantiam
2704 4168 2940 4231 praestat.

2029 4281 2195 4337 Vens.
2237 4279 2327 4335 l9.
2360 4276 2821 4345 Quemadmodum
2871 4274 3012 4329 enim
3058 4290 3153 4344 per
3203 4270 3617 4327 inobedientiam

2654 4371 2810 4425 unius
2829 4408 2845 4434 ,
2879 4377 2985 4423 etc.

2102 4465 2306 4521 ΡΙιοιὶί.
2366 4463 2577 4537 Typum
2617 4462 2749 4517 dicit
2800 4461 2974 4516 fuisse
3022 4460 3194 4514 Adam
3231 4456 3483 4524 Christi;
3535 4466 3619 4528 ty-

2033 4575 2139 4630 pus
2176 4568 2357 4616 autem
2407 4558 2689 4612 evidenter
2740 4563 2824 4610 est
2866 4569 2933 4609 ex
2980 4551 3345 4624 oppositione.
3368 4548 3440 4605 Ut
3471 4549 3617 4604 enim

2033 4653 2123 4708 ille
2155 4666 2321 4707 causa
2367 4648 2687 4705 hominibus
2733 4647 2930 4701 mortis
2966 4644 3098 4710 fuit,
3141 4645 3223 4700 sic
3265 4652 3321 4698 et
3361 4642 3619 4697 Christus

2031 4757 2200 4798 causa
2244 4740 2564 4795 hominibus
2616 4736 3062 4793 resurrectionis.
3120 4734 3264 4789 Dicit
3313 4733 3518 4804 igitur,
3559 4742 3619 4787 ut

2032 4834 2381 4897 notavimus,
2432 4842 2617 4905 typum
2667 4828 2838 4885 fuisse
2883 4830 3057 4883 Adam
3091 4826 3331 4893 Christi;
3379 4842 3504 4881 cum
3563 4825 3619 4881 id

2030 4924 2384 4994 expositurus
2427 4931 2512 4978 est
2537 4962 2552 4987 ,
2594 4936 2701 4976 non
2733 4920 2909 4975 solum
2945 4917 3360 4975 similitudinem
3394 4920 3623 4988 exponit

2032 5025 2087 5071 et
2115 5025 2299 5086 typum
2322 5053 2337 5078 ,
2381 5013 2477 5069 sed
2505 5014 2672 5068 etiam
2709 5014 2761 5067 in
2800 5023 2925 5083 typo
2956 5019 3007 5065 et
3036 5010 3399 5065 similitudine
3425 5024 3621 5065 exces‘

2034 5121 2153 5161 sum
2188 5114 2243 5160 et
2299 5104 2884 5174 superabundantiam.
2928 5099 3042 5156 Hoc
3070 5101 3216 5155 enim
3253 5100 3496 5155 ostendit
3537 5099 3621 5152 di-

2034 5194 2205 5249 cendo
2229 5234 2245 5259 ,
2282 5193 2377 5249 sed
2409 5207 2518 5247 non
2547 5192 2692 5247 sicut
2720 5190 2981 5246 delictum
3002 5230 3016 5255 ,
3068 5196 3122 5243 ct
3154 5204 3346 5244 rursus
3369 5227 3385 5253 ,
3428 5197 3482 5240 et
3509 5202 3619 5240 non

2036 5286 2180 5342 sicut
2223 5300 2332 5341 uno
2354 5293 2635 5356 peccante.
2670 5282 2806 5339 Cum
2839 5283 3007 5351 igitur
3030 5281 3334 5359 composita
3374 5277 3451 5332 illi
3479 5293 3622 5348 quo-

2038 5378 2332 5434 dammodo
2371 5377 2517 5432 facta
2552 5377 2624 5433 sit
2664 5376 2937 5447 expositio
2965 5413 2983 5440 ,
3037 5370 3524 5429 absimilitudinem
3548 5369 3624 5424 si-

2044 5468 2340 5524 militudini
2358 5468 2621 5526 inserentl
2647 5484 2663 5537 ;
2689 5482 2831 5524 nunc
2858 5467 3002 5524 idem
3031 5464 3326 5523 reassumit
3343 5503 3361 5529 ,
3389 5476 3626 5520 meram-

1628 5593 1870 5652 VARUE
1922 5591 2328 5652 LECTIONES.

430 5675 458 5707 ι
495 5665 634 5722 Cod.
674 5664 982 5740 ἅνθρωπος,
1019 5667 1113 5725 sed
1143 5683 1318 5740 marg.
1357 5685 1445 5741 γρ.
1476 5664 1805 5738 ἀνθρώποις.
