3978 6218
391 243 530 309 1235

1554 237 1812 300 ΡΠΟΤΙΙ
1854 233 2363 302 PATRIARCH/E
2395 236 2504 297 (ΖΡ.

3531 240 3670 308 1236

387 377 494 430 que
538 354 956 416 similitudinem
1011 345 1292 416 Ostendit,
1345 363 1444 402 nec
1495 347 1692 402 miscet
1742 344 1973 414 aliquam

2088 342 2607 414 ἐπαναλαμϐάνεται
2633 342 2733 415 μὲν
2751 342 2811 397 τὸ
2841 343 2993 410 αὐτὸ,
3018 345 3274 417 καθαρῶς
3297 310 3358 401 δέ
3378 346 3476 419 τὴν
3491 351 3675 420 ὁμοιό-

386 471 452 509 ex
505 452 743 507 dictione
786 445 1237 504 absimilitudinis
1283 439 1728 512 repugnantiam.
1763 436 1972 491 Deinde

388 555 574 615 aperte
603 550 657 596 et
695 540 839 598 nude
863 539 1247 593 demonstrans
1274 575 1288 598 ,
1331 534 1458 603 quia
1497 532 1637 586 sicut
1677 545 1772 598 per
1803 543 1972 582 unum

389 649 540 688 mors
587 629 837 701 regnavit
864 670 879 693 ,
939 626 1113 680 multo
1152 624 1326 694 magis
1364 624 1418 676 in
1451 621 1558 674 vita
1607 617 1853 690 regnabit
1883 632 1978 687 per

389 737 557 776 unum
607 719 928 782 Christum,
992 714 1183 784 adjicit
1240 723 1497 780 tanquam
1560 708 1974 763 conclusionem

388 816 616 874 ducens.
647 823 699 866 et
731 811 782 863 in
814 810 1142 879 apertiorem
1185 807 1362 859 adhuc
1392 815 1443 858 et
1481 798 1807 872 pressiorem
1843 813 1976 867 pro-

391 909 597 960 ducens
625 917 931 958 sermonem
952 942 966 968 ,
1001 912 1054 954 et
1085 898 1217 952 dicit
1251 917 1264 951 :
1298 896 1474 966 Igitur
1499 894 1634 947 sicut
1681 909 1772 961 per
1815 905 1977 944 unum

385 1000 641 1052 delictum
701 998 755 1050 in
803 1010 979 1048 omnes
1036 992 1270 1044 homines
1316 987 1725 1048 condemnatio,
1764 993 1817 1039 et
1856 999 1979 1052 qua:

388 1099 714 1158 sequuntur.
753 1085 954 1141 Deinde
999 1099 1120 1138 cum
1166 1083 1219 1135 in
1255 1083 1433 1152 primo
1465 1079 1774 1148 composita
1807 1091 1978 1146 expo-

388 1183 588 1236 sitione
622 1182 827 1246 utitur,
854 1181 907 1232 in
941 1176 1182 1231 secundo
1215 1175 1483 1244 explicata
1519 1183 1573 1226 et
1614 1171 1878 1241 repetita,
1923 1175 1980 1222 et

387 1277 442 1330 in
474 1269 607 1328 voce
637 1277 810 1336 sicut,
871 1271 1213 1326 conclusioni
1262 1269 1496 1340 abjecta.
1543 1266 1810 1321 Delicium
1855 1264 1971 1334 qui-

386 1367 508 1420 dem
544 1374 597 1419 et
624 1365 826 1418 donum
868 1373 922 1416 et
966 1362 1476 1416 condemnationem
1505 1400 1519 1426 ,
1547 1366 1600 1411 et
1622 1354 1978 1410 donationem

387 1469 442 1512 et
477 1457 927 1527 justilicationem
977 1449 1243 1509 memerat
1282 1470 1297 1508 :
1348 1452 1494 1506 unde
1538 1451 1702 1504 etiam
1760 1447 1978 1501 initium

385 1551 641 1618 sumpsit.
677 1548 836 1603 Nullo
878 1552 1040 1604 modo
1078 1546 1483 1601 contrariorum
1516 1543 1803 1609 utriusque
1832 1554 1981 1593 con-

385 1642 550 1695 nexio
599 1642 835 1695 indicata
881 1649 986 1694 est.
1034 1637 1191 1692 Nunc
1240 1637 1370 1690 illud
1424 1633 1650 1704 exponit
1695 1641 1752 1686 et
1804 1630 1979 1700 aperit

387 1732 594 1796 dicens,
637 1732 782 1801 quod
817 1746 985 1785 unum
1019 1745 1085 1782 ex
1120 1727 1490 1782 inobedientia
1526 1722 1809 1785 manavit,
1838 1724 1977 1774 alte-

385 1836 506 1873 rum
558 1829 738 1873 autem
788 1835 854 1873 ex
903 1818 1210 1873 obedientia
1265 1815 1480 1878 ﬂoruit;
1531 1811 1604 1865 ita
1649 1819 1709 1864 ut
1751 1809 1980 1862 demon-

2081 453 2219 504 τητα
2245 436 2485 490 δείκνυσι
2506 454 2519 466 ·
2553 437 2650 490 καὶ
2681 438 2863 490 οὐκέτι
2911 436 3129 491 πλέκων
3170 438 3296 491 ὅσον
3324 439 3433 491 ἀπὸ
3459 440 3555 511 τῆς
3581 442 3673 494 λέ-

2082 527 2216 592 ξεώς
2236 546 2360 582 τινα
2389 529 2776 601 ἀνομοιότητος
2807 530 3009 600 μάχην·
3038 524 3159 582 εἶτα
3181 530 3370 597 σαφῶς
3395 530 3555 584 τοῦτο
3577 535 3674 586 καὶ

2079 620 2338 692 καθαρῶς
2382 619 2773 692 ἐνδειξάμενος,
2806 623 2889 675 ὅτι
2921 621 3109 693 ῶσπερ
3143 622 3212 677 δι’
3244 623 3363 685 ἐνὸς
3388 623 3673 676 ἐϐασίλευ-

2084 729 2177 766 σεν
2206 714 2234 767 ὁ
2263 713 2511 776 Θάνατος,
2561 715 2740 784 πολλῷ
2775 715 2977 785 μᾶλλον
3015 717 3073 768 ἐν
3121 715 3234 788 ζωῇ
3263 715 3574 788 βασιλεύσει
3601 716 3671 770 δι’

2088 803 2211 867 ἐνὸς
2269 803 2532 874 Χριστοῦ,
2566 807 2759 876 ἐπάγει
2783 806 2971 878 ῶσπερ
3012 808 3538 880 συμπεραινόμενος,
3578 809 3672 862 καὶ

2084 895 2166 959 είς
2212 895 2272 948 τὸ
2313 895 2393 949 ἔτι
2445 899 2781 969 σαφέστερον
2831 899 2926 954 καὶ
2969 899 3400 970 συνεσταλμένον
3445 899 3670 968 ἀνάγων

2085 986 2178 1040 τὸν
2210 987 2391 1051 λόγον,
2433 989 2526 1041 καί
2557 1006 2744 1059 φησιν·
2792 1008 2811 1041 ι
2850 991 2994 1061 ΙἈρα
3020 987 3133 1046 οὖν
3160 991 3240 1057 ὡς
3279 991 3355 1046 δι’
3383 991 3521 1059 ἑνὸς
3554 1008 3672 1046 πα-

2079 1078 2472 1150 ραπτώματος
2521 1082 2610 1146 εἰς
2665 1081 2896 1148 πάντας
2952 1081 3305 1151 ἀνθρώπους
3359 1085 3426 1139 τὸ
3477 1085 3674 1140 κατά-

2081 1185 2284 1238 κριμα,
2330 1189 2349 1222 ι
2385 1170 2481 1223 καὶ
2526 1170 2594 1224 τὰ
2635 1171 2783 1243 ἐξῆς.
2824 1168 2957 1226 Εῐτα
2997 1174 3092 1227 καὶ
3138 1175 3332 1246 ἐπειδὴ
3374 1177 3469 1230 καὶ
3505 1180 3564 1232 ἐν
3591 1177 3671 1252 τῷ

2083 1260 2286 1332 πρώτῳ
2326 1261 2420 1314 καὶ
2457 1263 2696 1335 συνθέτῳ
2744 1265 3158 1336 ἐπιχειρήματι,
3192 1267 3290 1320 καὶ
3335 1270 3395 1322 ἐν
3431 1268 3512 1340 τῷ
3550 1268 3673 1323 δευ-

2079 1353 2226 1426 τέρῳ
2257 1353 2353 1407 καὶ
2376 1353 2868 1428 διακεκαθαρμένῳ
2896 1358 2987 1410 καὶ
3017 1357 3467 1432 ἐπαναληπτικῷ·
3494 1363 3588 1416 καὶ
3613 1365 3675 1416 ἐν

2079 1444 2159 1516 τῷ
2203 1443 2407 1516 ὥσπερ
2471 1447 2900 1518 συμπεράσματι
2951 1451 3321 1522 ὲπενεχθέντι.
3357 1453 3675 1526 Παραπτώ-

2083 1552 2252 1606 ματος
2303 1535 2403 1606 μὲν
2454 1538 2550 1592 καὶ
2596 1538 2937 1610 χαρίσματος
2991 1539 3088 1594 καὶ
3129 1543 3540 1614 κατακρίματος
3576 1548 3675 1599 καὶ

2088 1627 2418 1698 δωρήματος
2467 1629 2565 1684 καὶ
2608 1629 2979 1702 δικαιώματος
3020 1635 3116 1686 καὶ
3159 1633 3416 1688 τοιούτων
3463 1654 3676 1708 μνημο-

2087 1717 2255 1770 νεύει·
2308 1719 2432 1774 6θεν
2489 1721 2583 1773 καὶ
2626 1721 2728 1792 τὴν
2771 1722 2945 1794 ἀρχὴν
2989 1723 3231 1794 εἴληφεν·
3283 1726 3520 1798 ἑκάτερα
3564 1729 3676 1783 τῶν

2088 1809 2350 1863 ἐναντίων
2390 1813 2423 1882 ή
2479 1813 2762 1883 συστοιχία
2810 1815 2949 1885 αῦτη
3006 1817 3218 1871 οὐδέπω
3263 1820 3675 1892 ἐπεσημήνατο.

386 1911 579 1964 stratio
607 1911 738 1964 illud
784 1911 855 1963 sit
881 1907 1245 1978 expositionis
1277 1907 1330 1959 in
1369 1920 1477 1974 qua
1505 1901 1758 1956 exhibuit
1793 1911 1973 1971 typum

2411 1866 2423 1882 l
2625 1866 2632 1867 ί
2668 1866 2699 1883 Λ
2814 1866 2868 1868 “““
2897 1866 2948 1885 ’Ἰ
3013 1866 3214 1871 """"
3266 1866 3673 1892 """II'"I"'"'

2090 1901 2207 1955 Νῦν
2254 1905 2390 1958 αὐτὸ
2441 1904 2602 1959 τοῦτο
2657 1907 2915 1977 διασαφεῖ
2961 1909 3056 1961 καὶ
3111 1909 3527 1977 ἀποκαλύπτει,
3577 1910 3673 1966 καὶ

385 2007 440 2052 et
488 1999 941 2059 similitudinem,
974 1996 1138 2065 quale
1178 2004 1260 2049 est
1301 1992 1466 2056 illud,
1513 1989 1575 2044 Si
1625 1990 1764 2043 enim
1821 1989 1978 2040 unius

385 2087 576 2140 delicto
611 2103 750 2140 mors
770 2126 784 2150 ,
815 2095 918 2140 etc.

2090 2010 2281 2065 φησιν,
2300 1998 2382 2050 ὅτι
2406 1998 2475 2051 τὰ
2509 1999 2608 2069 μέν
2636 2001 2700 2054 ἐκ
2729 2001 3015 2071 παρακοῆς
3041 2001 3324 2074 ἐῤῥύη,τὰ
3353 2003 3411 2058 δὲ
3461 2005 3522 2072 ἐξ
3567 2005 3677 2058 ὐπ-

2081 2089 2258 2158 ακοῆς
2295 2091 2530 2162 ἡνθησεν
2558 2109 2571 2120 ·
2600 2091 2743 2147 ὥστε
2783 2097 3285 2150 κατασκευαστικὸν
3312 2098 3379 2152 ἂν
3406 2099 3490 2168 εἴη
3515 2097 3676 2154 τοῦτο

385 2176 479 2228 τοῦ
527 2178 958 2248 ἐπιχειρήματος
986 2176 1082 2229 τοῦ
1129 2174 1637 2238 κατασκευάζοντος
1671 2170 1762 2223 τὸν
1790 2167 1967 2221 τύπον
2007 2178 2098 2229 καὶ
2163 2180 2262 2252 τὴν
2312 2183 2631 2256 ὁμοιότητα,
2663 2178 2777 2239 οἷον
2818 2185 2932 2252 τοῦ,
2978 2189 3049 2241 Et
3088 2187 3198 2258 γὰρ
3266 2185 3349 2253 τῷ
3386 2167 3496 2242 τοῦ
3533 2188 3672 2256 ἑνὸς

386 2268 811 2336 παραπτώματι
837 2273 869 2324 ό
901 2269 1181 2336 θάνατος.
1223 2289 1241 2320 ι
1278 2269 1375 2321 καὶ⁴
1402 2266 1550 2337 ἑξῆς.

459 2386 574 2440 Non
611 2387 860 2441 eumdem
892 2403 1200 2443 sermonem
1226 2386 1444 2456 repetit,
1474 2395 1536 2440 ut
1564 2387 1744 2455 putari
1771 2399 1977 2456 posset,

385 2476 605 2532 divinus
658 2479 955 2549 Apostolus
999 2479 1050 2532 in
1104 2479 1264 2543 istis,
1315 2479 1410 2534 sed
1474 2478 1619 2534 clare
1656 2479 1886 2533 multum
1925 2488 1982 2535 et

385 2580 534 2625 recte
563 2572 837 2625 connectit
865 2583 918 2625 et
947 2571 1189 2640 disponit
1219 2571 1327 2626 vim
1361 2572 1560 2626 horum
1594 2573 1857 2642 capitum.
1883 2572 1980 2629 Est

385 2664 552 2734 igitur
589 2663 764 2717 illud:
816 2662 920 2718 Sed
965 2683 1067 2717 non
1108 2666 1245 2717 sicut
1276 2664 1566 2730 delictum,
1616 2674 1670 2720 ct
1718 2682 1840 2733 qua:
1888 2681 1974 2738 se-

383 2767 654 2826 quuntur,
697 2774 870 2828 usque
896 2760 962 2814 ad
999 2776 1011 2812 :
1053 2759 1136 2812 Ex
1170 2760 1353 2813 multis
1381 2761 1589 2814 delictis
1625 2761 1678 2813 in
1703 2760 1977 2829 justi/ica-

389 2852 624 2914 tionem,
671 2850 944 2920 expositio
989 2850 1230 2918 quidem,
1283 2859 1342 2904 ut
1388 2851 1652 2916 diximus,
1691 2861 1872 2922 typum
1923 2859 1978 2906 et

386 2943 799 2998 similitudinem
846 2942 1175 3009 ostendens;
1223 2943 1408 2997 deerat
1449 2958 1582 3010 ergo
1619 2944 1868 2998 claritate
1924 2953 1978 2998 et

386 3025 765 3102 explicatione.
795 3032 931 3089 Illud
979 3043 1202 3104 praestat
1239 3049 1360 3104 quae
1387 3035 1639 3104 sequitur
1665 3034 1932 3105 expositio
1959 3015 1990 3098 ,“

384 3130 638 3191 repetens
660 3115 778 3192 ’jam
808 3125 952 3178 dicta
975 3166 990 3191 ,
1024 3135 1079 3181 et
1108 3126 1390 3197 explicans
1417 3136 1472 3182 et
1500 3126 1554 3180 in
1584 3139 1772 3197 aperto
1809 3143 1978 3198 expo-

383 3231 546 3270 nens.
594 3213 697 3271 Sed
731 3217 1018 3286 oportebat
1053 3228 1107 3273 et
1140 3220 1288 3284 huic.
1312 3236 1531 3291 quoque
1559 3221 1972 3277 conclusionem

383 3306 524 3373 dari,
553 3317 614 3361 ut
636 3325 742 3362 non
768 3324 834 3362 ex
866 3309 1148 3381 hypothesi
1179 3320 1389 3366 tantum
1418 3315 1668 3368 videatur
1697 3323 1974 3370 constare.

386 3393 502 3449 lloc
527 3389 635 3449 nun
658 3398 884 3462 omittit,
905 3400 999 3453 sed
1022 3410 1283 3468 tanquam
1309 3403 1718 3458 conclusionem
1743 3404 1974 3471 ducens,

383 3499 438 3539 et
468 3488 740 3541 sermonis
771 3489 999 3543 veritate
1032 3489 1206 3545 ﬁdens
1233 3532 1249 3558 ,
1284 3508 1409 3547 cum
1457 3493 1817 3548 alIirmatione
1849 3508 1976 3564 pro-

385 3576 491 3630 fert
536 3593 550 3630 :
593 3574 771 3648 Igitur
817 3579 954 3633 sicut
997 3597 1088 3648 per
1118 3583 1274 3636 unius
1319 3584 1594 3650 delictum,
1647 3595 1753 3640 etc.
1808 3585 1974 3640 Dein-

387 3669 455 3721 de
483 3707 498 3732 ,
556 3683 680 3722 cum
724 3669 889 3739 igitur
930 3671 1156 3726 minime
1186 3674 1241 3727 in
1294 3676 1493 3731 talibus
1534 3677 1974 3747 expositionibus

382 3760 526 3817 dixit
556 3763 699 3818 unde
735 3764 986 3820 imbuerit
1015 3767 1348 3838 principium
1377 3769 1703 3839 justilicatio
1741 3779 1796 3825 et
1838 3785 1973 3824 con-

383 3853 703 3918 demnatio,
748 3870 926 3927 neque
979 3857 1114 3911 illud
1162 3861 1573 3929 praetermittit,
1619 3861 1714 3916 sed
1747 3859 1976 3932 exponit

384 3946 612 4002 dicens:
649 3947 800 4003 Sicut
838 3951 976 4003 enim
1010 3966 1100 4017 per
1129 3951 1542 4006 inobedientiam
1565 3995 1579 4019 ,
1620 3963 1727 4010 etc.

383 4148 538 4206 CAP.
566 4150 678 4207 VII.
715 4153 880 4211 Vens.
924 4156 978 4212 8.
1016 4155 1147 4280 Sine
1183 4161 1322 4214 enim
1355 4161 1464 4232 lege
1495 4173 1773 4232 peccatum
1820 4180 1966 4218 mor-

986 4249 1000 4282 l
1040 4245 1166 4282 uum
1195 4241 1332 4282 erat.

986 4245 1166 4298 unum
1195 4245 1332 4284 erat.

453 4311 744 4371 Peccatum
786 4319 1006 4387 quidem
1049 4333 1327 4377 mortuum
1363 4332 1510 4391 erat;
1563 4341 1665 4396 ego
1697 4334 1880 4381 autem
1913 4327 1967 4381 in

342 4389 358 4406 ’
385 4405 491 4458 vita
519 4421 667 4462 eram
697 4449 712 4476 ,
754 4420 943 4480 utpote
975 4425 1084 4466 n‘on
1117 4415 1368 4470 turbatus
1392 4456 1407 4480 ,
1457 4431 1564 4470 non
1601 4428 1922 4472 vulneratus
1949 4458 1964 4480 .

2150 2385 2224 2440 Οὐ
2263 2386 2584 2456 ταυτολογεῖ
2604 2387 2806 2452 τοίνυν,
2839 2388 2913 2453 ὡς
2945 2388 3012 2444 ἄν
3047 2407 3136 2454 τις
3178 2388 3414 2461 οἰηθείη,
3452 2393 3482 2446 ὁ
3525 2390 3670 2456 θεῖος

2089 2479 2415 2542 ’Δπόστολος
2445 2479 2505 2531 ἐν
2533 2478 2766 2542 τούτοις,
2795 2480 2931 2536 ἀλλὰ
2965 2482 3151 2550 σαφῶς
3175 2482 3296 2536 λίαν
3330 2484 3425 2537 καὶ
3449 2483 3666 2556 διηκριο

2084 2567 2348 2638 ϐωμένως
2398 2569 2720 2641 ἀλληλουχεί
2757 2573 2852 2625 καὶ
2900 2573 3144 2628 ἐντάττει
3190 2574 3301 2628 τῶν
3352 2576 3664 2645 κεφαλαίων

2074 2660 2173 2731 τὴν
2205 2659 2437 2731 δύναμιν
2461 2676 2474 2690 ·
2509 2661 2625 2715 ἔστι
2663 2663 2761 2733 μέν
2785 2657 2878 2716 οῦν
2909 2663 2969 2716 τὸ
2998 2665 3116 2734 μέν,
3150 2665 3317 2720 Ἀλλ’
3354 2669 3465 2737 οὐχ
3485 2668 3566 2734 ὡς
3597 2667 3666 2723 τὸ

2075 2752 2463 2823 παράπτωμα,
2532 2745 2625 2809 καὶ
2661 2755 2808 2826 ἑξῆς,
2864 2757 2969 2822 ἕως
3021 2759 3138 2825 τοῦ,
3164 2761 3233 2812 ἐκ
3275 2760 3523 2814 πολλῶν
3547 2777 3665 2816 πα-

2068 2843 2478 2912 ραπτωμάτων
2529 2847 2617 2912 εἰς
2678 2845 2986 2918 δικαίωμα,
3042 2850 3374 2923 ἐπιχείρημα
3416 2853 3535 2923 μὲν,
3588 2853 3666 2918 ὡς

2073 2933 2309 3005 ἔφημεν,
2352 2935 2625 2990 δεικτικὸν
2666 2938 2760 2992 τοῦ
2813 2940 2984 2994 τύπου
3036 2944 3130 2996 καὶ
3175 2947 3274 3014 τῆς
3323 2944 3660 3016 ὁμοιότητος.

2090 3026 2291 3080 Ἐδεῖτο
2345 3027 2440 3081 οὖν
2498 3031 2799 3102 σαφηνείας
2857 3033 2950 3085 καὶ
3005 3022 3437 3106 διακαθάρσεως.
3492 3036 3664 3091 Τοῦτο

2079 3121 2226 3171 ποιεί
2250 3119 2310 3172 τὸ
2331 3119 2528 3191 ἐφεξῆς
2550 3123 2906 3195 ἐπιχείρημα,
2939 3125 3394 3197 ἐπαναλαμϐάνον
3431 3129 3492 3180 τὸ
3525 3145 3664 3200 προ·

2077 3225 2199 3280 ειρη
2208 3209 2368 3279 μένον
2400 3211 2496 3264 καὶ
2519 3202 2871 3285 διακαθαίρον
2888 3216 2980 3269 καὶ
3008 3218 3089 3280 εἰς
3109 3216 3170 3270 τὸ
3192 3219 3361 3288 σαφὲς
3381 3218 3661 3288 ἀπαγγέλ-

2078 3301 2190 3354 λον·
2226 3303 2342 3356 ἀλλ’
2380 3303 2488 3358 ἔδει
2540 3306 2634 3359 καὶ
2664 3305 2823 3360 τοῦτο
2851 3307 3038 3364 λαϐεῖν
3082 3311 3326 3382 ἀξίωμα,
3369 3314 3462 3369 καὶ
3495 3315 3571 3386 μὴ
3604 3314 3667 3380 ἐξ

2079 3394 2394 3459 ὑποθέσεως
2426 3397 2806 3469 προτείνεσθαι
2849 3402 3031 3472 μόνον.
3067 3403 3202 3458 Οὐδὲ
3231 3405 3390 3458 τοῦτο
3418 3409 3661 3479 παρορᾷ,

2079 3483 2194 3538 ἀλλ’
2223 3484 2413 3556 ῶσπερ
2440 3492 2970 3563 συμπεραινόμενος,
2995 3495 3090 3548 καὶ
3116 3499 3182 3568 τῇ
3211 3496 3307 3549 τοῦ
3342 3496 3500 3565 λόγου
3525 3497 3662 3569 θαρ-

2083 3575 2192 3645 ρῶν
2228 3575 2477 3650 ἀληθείᾳ,
2520 3582 2658 3648 μετὰ
2697 3580 3041 3656 βεϐαιώσεως
3083 3586 3474 3655 ἀποφαίνεται·
3513 3590 3667 3656 Ἀρα

2078 3662 2193 3739 οὖν·
2242 3670 2322 3735 ὡς
2363 3669 2438 3723 δι’
2479 3670 2618 3738 ἐνὸς
2667 3677 3160 3746 παραπτώματος,
3235 3679 3330 3733 καὶ
3374 3683 3441 3734 τὰ
3508 3681 3662 3749 ἑξῆς.

2077 3755 2232 3824 Εἶτα,
2258 3760 2380 3813 ἐπεὶ
2415 3759 2508 3815 οὖν
2539 3758 2614 3832 ἦν·
2641 3763 2813 3818 είπὼν
2843 3768 2903 3819 ἐν
2935 3769 3210 3832 τοσούτοις
3234 3771 3668 3841 ἐπιχειρήμασιν

2076 3850 2316 3921 οὐδαμοῦ
2341 3853 2506 3906 πόθεν
2545 3854 2705 3924 ἔσχεν
2730 3858 2906 3928 ἀρχὴν
2953 3859 3012 3911 τὸ
3042 3859 3320 3931 δικαίωμα
3351 3862 3444 3914 καὶ
3474 3862 3535 3915 τὸ
3563 3879 3667 3916 καφ

2075 3943 2339 4013 τάκριμα,
2390 3946 2509 3998 οὐδὲ
2558 3947 2715 4001 τοῦτο
2772 3950 3008 4021 παρορᾷ,
3058 3949 3194 4005 ἀλλὰ
3235 3950 3419 4021 τίθησι
3459 3953 3664 4022 λέγων,

2075 4033 2305 4104 Ὠσπερ
2334 4035 2443 4106 γὰρ
2468 4038 2565 4092 διὰ
2599 4039 2710 4110 τῆς
2734 4042 3067 4112 παρακοῆς,
3135 4047 3229 4098 καὶ
3262 4043 3414 4116 ἑξῆς.

2320 4171 2506 4238 Χωρὶς
2540 4173 2652 4240 γὰρ
2686 4172 2876 4241 νόμου
2903 4169 3158 4242 ἁμαρτία
3190 4175 3400 4244 νεκρά.

2147 4337 2393 4392 Φωτίου.
2436 4338 2498 4391 Ἦ
2543 4339 2642 4409 μὲν
2683 4339 2926 4411 ἁμαρτία
2970 4341 3173 4410 νεκρά·
3202 4341 3313 4411 ἐγὼ
3342 4341 3399 4396 δὲ
3435 4345 3493 4397 ἐν
3519 4344 3658 4416 ζωῇ,

2073 4431 2169 4486 ἆτε
2202 4432 2276 4503 μὴ
2321 4432 2703 4503 ἐνοχλούμενος
2733 4435 2869 4504 μηδέ
2892 4436 3244 4504 νυττόμενος,
3271 4438 3407 4508 μηδὲ
3434 4439 3663 4508 νεκρού-

385 4490 743 4555 ηοηίοςείειιε
773 4503 841 4556 ab
866 4503 980 4557 illo.
1010 4502 1298 4570 Quomodo
1327 4521 1458 4576 ergo
1488 4508 1682 4562 revixit
1710 4509 1841 4563 illud
1873 4525 1968 4578 per

2079 4541 2239 4595 μενος
2262 4524 2356 4578 ὑπ’
2384 4525 2574 4594 αὐτῆς.
2611 4526 2736 4590 Πῶς
2764 4525 2856 4580 οῦν
2901 4527 3166 4598 ἀνέζησεν
3209 4530 3390 4598 ἐκείνη
3429 4529 3515 4584 διὰ
3560 4530 3656 4584 τοῦ

384 4591 600 4658 legem?
647 4591 975 4658 Quomodo?
1009 4596 1164 4660 Quod
1191 4636 1204 4659 ,
1233 4597 1358 4650 data
1389 4597 1506 4668 lege
1527 4639 1541 4662 ,
1578 4600 1747 4669 magis
1779 4601 1843 4653 ad
1869 4601 1969 4653 im-

384 4684 741 4755 pugnandum
774 4685 1068 4740 incitatum
1084 4696 1184 4741 ’est
1207 4729 1223 4754 ,
1261 4698 1313 4743 et
1338 4690 1603 4759 quidquid
1639 4707 1835 4746 nocere
1875 4707 1972 4762 po-

385 4786 522 4832 terat
561 4793 757 4830 ausum
805 4789 917 4842 est,
950 4791 1209 4848 tanquam
1249 4785 1626 4836 coronandum
1673 4781 1792 4838 fore
1826 4785 1973 4840 hunc

384 4869 480 4937 qui
531 4872 848 4924 mandatum
903 4874 1204 4927 servaverit
1259 4874 1614 4929 considerans
1650 4916 1665 4942 ,
1724 4885 1779 4931 et
1847 4876 1970 4930 idco

386 4960 563 5030 magis
586 4962 913 5018 invidiosum
939 4964 1163 5020 factum.
1187 4966 1253 5021 Et
1282 4981 1382 5037 ego
1416 4983 1609 5024 rursus
1633 4983 1970 5038 cognoscens

383 5067 481 5122 per
513 5053 682 5122 legem
709 5069 1012 5123 peccatum,
1039 5067 1092 5112 et
1119 5059 1246 5128 quia
1278 5060 1329 5112 in
1363 5060 1466 5114 hac
1499 5061 1810 5132 c0gnitione
1837 5077 1961 5130 age-

385 5142 510 5194 bam
543 5159 666 5212 quae
691 5144 862 5199 vitare
891 5150 1198 5216 oportebat,
1235 5149 1410 5220 magis
1449 5162 1735 5221 propterea
1776 5167 1971 5221 pecca-

380 5237 552 5304 bam;
594 5248 647 5294 et
676 5241 851 5312 magis
896 5241 1028 5297 illud
1061 5255 1252 5299 contra
1294 5263 1382 5302 me
1424 5249 1610 5306 valens
1645 5250 1966 5318 etiiciebam,

384 5330 550 5385 robur
597 5331 674 5387 illi
723 5333 930 5389 addens
984 5351 1081 5404 per
1122 5340 1490 5408 cognitionem
1532 5353 1688 5398 actus
1740 5344 1965 5414 injusti,

380 5434 438 5481 ct
472 5427 637 5482 debili
665 5436 719 5482 et
767 5438 986 5483 mortuo
1019 5430 1164 5486 vires
1207 5441 1261 5486 ct
1287 5435 1451 5487 vitam
1491 5437 1788 5491 suscitans.
1823 5437 1960 5492 Cum

383 5530 563 5572 autem
594 5519 771 5584 vixit,
817 5537 902 5574 mc
935 5523 1154 5578 occidit.
1189 5523 1491 5593 Antequam
1531 5526 1664 5581 illud
1700 5525 1765 5581 ad
1799 5529 1961 5582 vitam

383 5621 734 5666 revocaretur
755 5653 770 5676 ,
799 5611 1046 5668 vivebam
1075 5629 1175 5684 ego
1213 5617 1410 5685 magis.
1462 5616 1594 5672 Illud
1625 5627 1806 5672 autem
1843 5630 1963 5676 erat

383 5712 506 5758 ante
541 5703 713 5772 legem
748 5715 798 5760 ct
825 5707 1169 5775 mandatum;
1223 5707 1294 5762 ita
1338 5719 1414 5773 ut,
1451 5712 1699 5779 quamvis
1735 5712 1817 5767 lex
1853 5730 1958 5766 non

2071 4616 2274 4686 νόμους
2311 4616 2443 4670 Τίνα
2475 4620 2676 4688 τρόπον
2701 4636 2716 4685 ;
2744 4619 2826 4671 ὃτι
2847 4618 2941 4672 τοῦ
2977 4621 3138 4690 νόμου
3173 4621 3416 4684 δοθέντος
3451 4623 3658 4692 μᾶλλον

2061 4709 2252 4779 ,ἐκείνη
2300 4709 2440 4779 πρὸς
2467 4708 2712 4763 ἐπίθεσιν
2743 4710 3096 4783 παρωξύνθη,
3129 4713 3223 4767 καὶ
3261 4709 3375 4766 οἷον
3413 4714 3655 4786 ἐπηρεά-

2070 4816 2161 4852 σαι
2189 4799 2467 4872 ῶρμησεν·
2495 4801 2592 4855 ἅτε
2620 4801 2684 4872 δὴ
2719 4805 2815 4857 καὶ
2847 4803 3243 4872 στεφανοῦσθαι
3278 4804 3541 4876 μέλλοντα
3562 4806 3654 4860 τὸν

2069 4890 2380 4962 φυλάξαντα
2400 4892 2502 4965 τὴν
2531 4894 2750 4964 ἐντολὴν
2779 4895 3232 4966 ὑπολογιζομένη,
3265 4897 3356 4950 καὶ
3384 4897 3471 4952 διὰ
3494 4899 3656 4952 τοῦτο

2037 5055 2050 5062 σ
2076 4985 2278 5054 μᾶλλον
2323 4985 2811 5042 διαϐασκαίνουσα.
2859 4988 2971 5042 Καὶ
3005 4988 3117 5056 ἐγὼ
3158 4990 3322 5044 πάλιν
3371 4991 3534 5060 γνοὺς
3565 4993 3659 5048 διὰ

2071 5079 2169 5148 τῆς
2201 5077 2421 5148 ἐντολῆς
2448 5079 2544 5150 τὴν
2567 5079 2866 5151 ἁμαρτίαν,
2891 5082 2966 5143 ὡς
3006 5081 3064 5133 ἐν
3105 5083 3306 5150 γνώσει
3336 5085 3594 5154 πράττων
3619 5085 3658 5141 ἃ.

2072 5162 2295 5232 φεύγειν
2341 5165 2470 5231 ἔδει,
2527 5167 2730 5237 μᾶλλον
2783 5167 2923 5222 κατὰ
2966 5169 3122 5224 τοῦτο
3165 5172 3498 5242 ἡμάρτανον·
3558 5176 3657 5228 καὶ

2073 5258 2275 5327 μᾶλλον
2304 5257 2474 5330 αὐτὴν
2502 5259 2620 5312 κατ’
2651 5261 2891 5331 ἐμαυτοῦ
2931 5260 3292 5333 ἐπερώννυον,
3327 5263 3480 5333 ίσχὺν
3512 5266 3654 5336 αὑτῇ

2068 5349 2156 5404 διὰ
2180 5350 2279 5420 τῆς
2325 5351 2469 5405 κατὰ
2497 5352 2700 5421 γνῶσιν
2739 5353 2942 5408 ἀτόπου
2985 5355 3237 5425 πράξεως
3279 5358 3652 5428 ἐπιχορηγῶν,

2069 5441 2164 5491 καὶ
2205 5434 2315 5492 οἷον
2344 5441 2547 5512 ἀσθενῆ
2593 5443 2687 5495 καὶ
2715 5445 3128 5514 νενεκρωμένην
3172 5441 3336 5499 οὖσαν
3384 5449 3654 5516 ἐνισχύων

2067 5532 2163 5584 καὶ
2195 5532 2593 5603 ἀναζωπυρῶν.
2639 5533 2704 5586 Ἠ
2734 5534 2789 5586 δέ
2817 5534 3032 5604 ζήσασα
3059 5537 3159 5607 ἐμὲ
3204 5538 3495 5608 ἐνέκρωσε.
3536 5539 3651 5608 Πρὸ

2063 5624 2120 5676 δὲ
2143 5623 2237 5676 τοῦ
2286 5625 2555 5695 ὰναζῆσαι
2588 5624 2821 5696 ἐκείνην,
2859 5626 2968 5694 ἐγὼ
3015 5628 3152 5691 ἕξων
3205 5629 3424 5698 μᾶλλον.
3474 5629 3650 5682 Τοῦτο

2067 5715 2123 5769 δὲ
2153 5711 2221 5788 ἦν
2254 5717 2359 5786 πρὸ
2406 5718 2498 5771 τοῦ
2547 5719 2710 5787 νόμου
2754 5720 2845 5772 καὶ
2876 5720 2972 5790 τῆς
3005 5720 3224 5790 ἐντώἧς
3246 5739 3259 5749 ’
3300 5720 3441 5773 ὥστε
3473 5723 3520 5773 εξ
3555 5724 3647 5776 καὶ
