3978 6218
334 166 471 234 1237

1124 178 1593 240 FRAGMENTA
1646 179 1728 239 IN
1760 180 2206 251 ΔΕΡΙΞΤΟΙΑΜ
2260 183 2361 240 AD
2427 181 2802 243 ROMANOS.

3467 173 3604 239 19.38

337 288 412 357 μὴ
444 289 471 338 ὁ
501 286 661 356 νόμος
691 285 956 358 ἁμαρτία,
984 286 1100 340 ἀλλ’
1128 284 1221 342 οὖν
1240 291 1449 344 ἐκείνου
1478 292 1745 354 δοθέντος,
1768 293 1911 345 κατὰ

2037 293 2087 347 ιίι
2118 302 2395 363 peccatum
2421 333 2434 357 ,
2485 294 2587 346 hac
2636 300 2814 347 tamen
2869 290 3021 355 data,
3066 287 3277 343 duobus
3311 286 3487 341 modis
3524 302 3603 341 re—

333 379 427 431 δύο
461 380 693 448 τρόπους
727 382 760 451 ἡ
792 380 1039 450 ἁμαρτία
1086 382 1370 451 ἀνέζησεν,
1413 384 1582 453 αὐτῆς
1612 400 1669 435 τε
1701 384 1917 454 ἐκείνης

339 472 544 541 μᾶλλον
572 471 708 542 πρὸς
738 473 983 526 ἐπίθεσιν
1023 474 1472 542 ἀνακινηθείσης⁶
1492 475 1587 527 καὶ
1622 475 1925 545 διεγερθεί-

336 578 458 630 σης,
510 562 603 614 καὶ
641 563 800 633 ἡμῶν
828 567 893 635 τῇ
918 566 1060 618 κατά
1093 567 1294 635 γνῶσιν
1338 568 1556 638 ἐκτόπῳ
1589 567 1784 638 πράξει
1835 570 1920 619 ἐν·

338 669 459 723 ισχυ
470 655 674 708 σάντων
706 656 895 727 αὐτήν·
923 658 1018 710 καὶ
1036 658 1135 728 τὴν
1159 658 1281 712 καθ’
1321 659 1800 729 ἡμῶνηέπιϐουλὴν
1824 661 1926 712 σὺν

337 747 627 817 παρρησίᾳ
654 748 1101 817 παρασχομένην.
1144 748 1306 804 Ἀλλ’
1334 748 1536 815 ἐκείνη
1566 747 1686 817 μὲν
1712 748 1922 817 ἀνέζη-

338 850 471 899 σεν,
505 836 619 904 ἐγὼ
650 837 718 889 δὲ
746 837 1072 892 ἀπέθανον.

423 928 492 981 'H
531 928 643 997 γὰρ
672 930 928 997 ἁμαρτία
979 930 1261 998 ἀφορμὴν
1303 931 1599 986 λαϐοῦσα.
1637 929 1927 1001 ’Δνωτέρω

339 1018 507 1071 εί-πὼν
550 1020 653 1085 ὅτι,
698 1019 1004 1089 Ἀφορμὴν
1033 1021 1309 1075 λαϐοῦσα
1335 1022 1374 1089 ἡ
1399 1024 1672 1092 ἁμαρτία,
1696 1037 1926 1089 κατειρ-

338 1108 566 1177 γάσατο
596 1110 666 1162 ἐν
704 1110 834 1179 ἐμοὶ
878 1108 1085 1165 πᾶσαν
1121 1111 1460 1180 ἐπιθυμίαν,
1486 1112 1683 1181 ἐπάγει
1716 1111 1819 1175 ὅτι,
1847 1110 1924 1165 Οὐ

342 1199 503 1270 μόνον
554 1201 852 1270 ἐπιθυμίαν
904 1204 1081 1255 πᾶσαν
1134 1203 1537 1273 κατειργάσατο
1561 1243 1577 1269 ,
1638 1203 1778 1257 ἀλλά
1831 1204 1924 1257 καὶ

341 1290 653 1345 ἐθανάτωσέ
688 1310 778 1363 με.
811 1293 959 1361 Αὕτη
1003 1294 1229 1363 γέγονεν
1269 1296 1346 1357 είς
1387 1295 1635 1349 θάνατον.
1668 1291 1801 1347 Εἶτα
1849 1294 1927 1357 ὡς

340 1380 459 1443 ἔθος
491 1381 639 1454 αὺτῷ
670 1384 851 1446 αἰτίας
877 1384 1077 1447 αἰτίαις
1104 1386 1410 1457 συνείρειν,
1444 1387 1543 1440 καὶ
1562 1386 1661 1457 τὴν
1693 1386 1926 1440 ἀκολου-

345 1473 465 1527 θίαν
497 1474 799 1529 ἐνδεικύναι
842 1476 935 1528 καὶ
966 1476 1074 1530 τῶν
1104 1478 1447 1548 πραγμάτων
1489 1480 1550 1532 ἐν
1584 1480 1698 1541 τοῖς
1722 1477 1923 1546 λόγοις,

344 1565 629 1635 ἀνατρέχει
664 1565 761 1619 καὶ
811 1566 993 1634 τίθησί
1042 1584 1180 1631 πως·
1235 1568 1677 1638 Κατειρτάσατο
1718 1567 1927 1625 πᾶσαν·

342 1653 682 1722 ἐπιθυμίαν·
717 1654 811 1708 καί
845 1672 978 1725 φησι
992 1673 1030 1722 θ,
1073 1658 1204 1711 ’Ὅτι
1224 1657 1503 1727 ἀφορμὴν
1533 1657 1809 1712 λαϐοῦσα
1829 1657 1929 1721 ἑξ-

341 1744 615 1813 ηπὰτησέ
629 1763 726 1815 με.
752 1744 884 1801 Εἶτα
901 1748 1082 1818 ἀφῆκε
1103 1752 1161 1801 τὸ
1178 1749 1488 1819 προρρηθὲν
1513 1752 1653 1803 νοεῖν
1672 1747 1927 1813 ἐνταῦθα,

343 1837 423 1890 ὅτι
462 1838 557 1890 Ἐκ
591 1836 780 1891 τούτου
800 1838 859 1891 δὲ
875 1839 1170 1910 εἰργάσατο
1192 1838 1288 1911 τὴν
1317 1838 1632 1908 ἐπιθυμίαν,
1658 1838 1752 1893 καὶ
1779 1836 1935 1892 τοῦτο

346 1931 509 1998 ἀφεὶς
589 1931 949 1984 ἐπισυνάπτει
994 1930 1057 1983 τὸ
1128 1931 1313 1996 τέλος,
1377 1931 1475 1985 καὶ
1537 1930 1934 1984 ἀπέκτεινεν·

347 2021 413 2074 ἵν’
527 2021 674 2075 κατὰ
728 2022 1032 2091 συνέχειαν,
1055 2023 1108 2075 εί
1150 2040 1233 2086 τις
1274 2021 1556 2085 ἀναλάϐοι,
1580 2020 1753 2085 οὕτως
1781 2022 1932 2093 αὐτῷ

346 2113 654 2183 ειρημένον·
702 2112 1010 2182 ’.ἀφορμὴν
1034 2113 1312 2169 λαϐοῦσα
1336 2114 1374 2180 ἡ
1410 2113 1665 2182 ἁμαρτία
1696 2128 1930 2181 κατειρ-

348 2201 574 2271 γάσατο
605 2203 677 2256 ἐν
705 2202 835 2271 ἐμοὶ
878 2201 1088 2258 πᾶσαν
1129 2203 1478 2272 ἐπιθυμίαν·
1504 2201 1606 2272 τὴν
1635 2202 1691 2255 δὲ
1739 2203 1931 2257 ἐπιθυ-

352 2294 479 2364 μίαν
512 2294 910 2365 κατειργάσατο
947 2295 1309 2366 ἀπατήσασα·
1341 2294 1697 2365 ἐργασαμένη
1742 2295 1799 2347 δὲ
1828 2295 1928 2367 τὴν

350 2386 667 2456 ἐπιθυμίαν,
701 2387 1009 2440 ἀπέκτεινέ
1047 2405 1135 2457 με.
1172 2389 1357 2441 Ἔστιν
1398 2387 1491 2440 οὖν
1541 2386 1727 2456 ἀπάτη
1779 2390 1931 2443 αίτὶα

348 2479 445 2549 τῆς
468 2478 783 2548 ἐπιθυμίας.
827 2480 892 2533 'H
930 2480 987 2532 δὲ
1020 2478 1283 2549 ἐπιθυμία
1321 2479 1415 2532 τοῦ
1443 2479 1673 2532 Θανάτου
1701 2496 1713 2509 ·
1747 2479 1843 2550 τὴν
1872 2480 1931 2532 δὲ

349 2569 561 2638 ἀπάτην
605 2570 899 2639 εἰργάσατο
938 2573 1027 2625 διὰ
1058 2572 1158 2639 τῆς
1200 2569 1419 2638 ἐντολῆς
1450 2573 1483 2639 ή
1526 2570 1806 2639 ἁμαρτία·
1841 2572 1929 2624 ἵνα

350 2663 489 2730 φανῇ
517 2660 577 2712 τὸ
611 2660 949 2730 ὑπερϐάλλον
973 2660 1071 2731 τῆς
1098 2661 1296 2725 κακίας
1327 2662 1519 2732 αὐτῆς,
1552 2661 1638 2714 διὰ
1662 2662 1755 2714 τοῦ
1788 2663 1926 2731 ἀγαο

348 2749 442 2801 Οοῦ
471 2748 531 2800 τὸ
564 2749 821 2802 κάκιστον
842 2751 1244 2821 ἐργαζομένης.

420 2841 661 2894 Φωτίου.
715 2841 809 2894 Ἐκ
842 2841 1098 2912 δευτέρου
1144 2843 1200 2896 δὲ
1234 2843 1337 2914 ἔφη
1386 2844 1466 2911 τὸ,
1530 2845 1815 2901 Λαϐοῦσα
1870 2847 1910 2915 ἠ

2033 386 2169 441 vixit
2200 394 2504 455 peccatum.
2535 384 2671 439 Illud
2699 385 2873 451 magis
2906 383 2972 436 ad
3006 380 3432 450 impugnandum
3468 379 3607 434 inci-

2026 481 2200 529 tatum
2237 484 2291 528 et
2323 477 2626 529 animatum
2676 472 2836 526 nobis
2869 472 3048 525 alieno
3086 470 3387 527 secundum
3420 467 3610 535 cogni.

2025 565 2226 620 tionem
2258 574 2382 619 actu
2411 564 2679 619 valentius
2704 562 2835 616 illud
2863 560 3244 626 efﬁcientibus,
3280 567 3470 615 contra
3502 570 3606 610 nos

2024 657 2079 711 in
2110 658 2368 724 impetum
2414 654 2800 716 audacissime,
2832 652 3012 706 irruit.
3044 650 3147 706 Sed
3194 660 3467 720 peccatum
3516 662 3603 702 re-

2022 749 2151 803 uixit
2179 788 2195 815 ,
2220 764 2312 817 ego
2335 756 2516 801 autent
2545 754 2785 801 mortuus
2818 760 2956 798 sum.

2099 928 2241 983 Nam
2287 936 2560 997 peccatum
2601 926 2877 980 occasione
2908 932 3145 990 accepta.
3189 922 3366 989 Supra
3415 919 3599 973 dixit:

2022 1025 2307 1078 Occasione
2362 1030 2575 1090 accepta
2640 1028 2911 1089 peccatum
2965 1024 3241 1086 operatum
3288 1023 3365 1068 est
3420 1015 3475 1066 in
3524 1029 3606 1067 me

2027 1131 2229 1170 omnem
2260 1114 2756 1181 concupiscentiam.
2822 1109 3023 1172 Addit”,
3078 1106 3224 1177 quod
3274 1120 3380 1159 non
3428 1103 3603 1157 solum

2027 1223 2245 1265 omnem
2280 1204 2784 1274 concupiscentiam
2821 1206 3109 1269 Operatum
3142 1206 3264 1261 εει,
3305 1194 3397 1250 sed
3425 1202 3479 1248 et
3507 1207 3605 1246 oc-

2027 1302 2158 1356 cidit
2185 1314 2290 1354 me.
2333 1297 2465 1352 Illud
2503 1296 2708 1349 factum
2738 1302 2825 1347 est
2857 1294 2908 1345 in
2940 1300 3197 1345 mortem.
3223 1286 3447 1351 Deinde,
3478 1299 3604 1338 cum

2028 1405 2148 1449 mos
2182 1396 2269 1444 est
2295 1387 2376 1441 illi
2407 1400 2604 1440 causas
2630 1382 2821 1438 causis
2851 1393 3163 1443 conserere,
3202 1389 3257 1432 ει
3287 1377 3483 1430 seriem
3517 1389 3608 1428 re-

2028 1499 2150 1537 rttm
2180 1478 2467 1536 ostendere
2495 1479 2548 1531 in
2573 1477 2776 1540 verbis,
2803 1475 2994 1543 relegit
3023 1480 3079 1525 et
3102 1471 3253 1540 ponit
3284 1468 3559 1538 quomodo
3587 1482 3607 1522 :

2032 1571 2321 1640 Operatum
2366 1578 2444 1622 est
2492 1583 2695 1620 omnem
2749 1562 3265 1633 concupiscentiam;
3323 1566 3378 1613 et
3422 1558 3555 1611 dicit
3592 1573 3607 1608 :

2032 1663 2172 1728 Quia
2228 1659 2505 1713 occasione
2555 1667 2769 1725 accepta
2821 1656 3030 1710 seduxit
3082 1669 3182 1706 me.
3232 1649 3400 1709 Dein,
3442 1649 3610 1702 mittit

2034 1753 2105 1809 ibi
2147 1750 2601 1823 significationem
2624 1763 2813 1802 eorum
2847 1762 2970 1815 quae
2998 1754 3155 1798 antea
3188 1744 3434 1803 dixerat,
3458 1737 3607 1807 quod

2032 1862 2099 1901 ex
2140 1846 2244 1900 hoc
2285 1853 2572 1913 operatum
2611 1850 2696 1895 est
2722 1853 2940 1893 omnem
2977 1832 3476 1902 concupiscentiam
3504 1870 3518 1893 ,
3554 1837 3610 1881 et

2033 1939 2162 1994 illud
2194 1939 2419 1991 mittens
2444 1936 2607 1989 ﬁnem
2640 1932 2869 1995 intexit,
2913 1939 2961 1982 et
2989 1928 3212 1991 occidit,
3263 1933 3321 1977 ut
3353 1928 3610 1992 appareat

2032 2032 2320 2094 connexio,
2349 2029 2393 2084 si
2424 2027 2549 2097 quis
2576 2026 2678 2079 hoc
2706 2024 2866 2077 modo
2895 2022 3037 2076 dicta
3071 2018 3190 2087 ejus
3215 2016 3472 2085 perlegat.
3502 2010 3610 2067 0c-

2032 2122 2495 2190 easionefaccepta,
2522 2125 2795 2187 peccatum
2820 2121 3090 2183 operatum
3109 2118 3185 2163 est
3213 2110 3269 2162 in
3302 2122 3383 2160 me
3407 2120 3614 2158 omnem

2031 2205 3047 2282 eoncupiscentiam.Concupiscentiam
3067 2216 3193 2256 vero
3224 2208 3507 2268 operatum
3530 2204 3614 2248 est

2031 2303 2379 2364 sedueendo,
2440 2311 2496 2353 et
2538 2296 2818 2367 onerando
2878 2291 3378 2363 concupiscentiam
3409 2286 3615 2342 occidit

2030 2411 2139 2448 me.
2208 2389 2469 2445 Seductio
2560 2388 2726 2457 igitur
2770 2399 2937 2439 causa
2986 2391 3071 2438 est
3122 2378 3610 2449 concupiscentiae;

2031 2482 2470 2553 concupiscentia
2511 2490 2693 2533 autem
2750 2476 2964 2531 mortis.
3017 2473 3402 2528 Seductionem
3479 2484 3611 2522 vero

2030 2584 2311 2647 operatum
2339 2585 2421 2628 est
2444 2587 2538 2641 per
2558 2571 2873 2623 mandatum
2909 2574 3192 2636 peccatum
3221 2581 3236 2629 ;
3278 2572 3337 2615 ut
3363 2562 3609 2614 ostende-

2029 2679 2180 2723 retur
2241 2666 2463 2720 malitiae
2500 2664 2619 2733 ejus
2669 2658 3048 2722 immensitas,
3084 2669 3208 2711 cum
3264 2668 3358 2722 per
3408 2652 3611 2706 bonum

2026 2759 2324 2831 pessimum
2357 2764 2634 2826 operetur.

2101 2850 2298 2904 Photii.
2332 2845 2587 2901 Secundo
2612 2851 2793 2898 autem
2845 2839 2983 2895 dixit
3012 2856 3026 2893 :
3065 2835 3357 2890 Occasione
3395 2840 3614 2900 accepta

348 2933 599 3003 ἁμαρτία
638 2933 919 3003 ἀφορμὴν
975 2935 1072 2989 διὰ
1122 2934 1234 3003 τῆς
1291 2936 1569 3005 ἐντολῆς·
1638 2938 1708 2991 τὰ
1785 2937 1925 2991 αὐτά

2037 2959 2120 3009 per
2142 2942 2475 3002 mandatum,
2512 2944 2804 3004 peccatum.
2866 2930 3064 2985 Eadem
3110 2926 3260 2981 vario
3316 2925 3480 2980 modo
3515 2938 3610 2977 ex-

347 3022 606 3114 ποικίλως
634 3026 1059 3091 κατασκευάζων
1080 3043 1092 3055 ·
1116 3028 1211 3080 καὶ
1240 3029 1464 3093 εἰκότως
1484 3046 1498 3062 ο
1532 3030 1778 3099 μεγάλην
1808 3029 1918 3098 γὰρ

2037 3051 2271 3113 ponens;
2321 3040 2377 3086 et
2402 3033 2638 3083 merito:
2680 3038 2932 3094 magnam
2989 3021 3133 3075 enim
3172 3016 3364 3072 habuit
3395 3015 3612 3070 laudem

346 3108 460 3183 εἶχε
517 3114 676 3203 δόξαν
725 3117 754 3168 ὁ
803 3116 989 3185 νόμος.
1053 3118 1334 3172 Δείκνυσιν
1378 3116 1474 3175 οὖν
1528 3121 1690 3175 αὐτὸν
1750 3120 1918 3191 μηδὲν

2037 3106 2142 3186 iex.
2186 3123 2440 3181 Ostendit
2482 3120 2650 3190 igitur
2696 3132 2816 3172 eam
2865 3114 3000 3168 nihil
3035 3111 3343 3184 profuisse,
3394 3106 3490 3163 sed
3542 3119 3614 3159 ex

345 3198 681 3273 ὠφελοῦντα,
708 3208 825 3262 ἀλλ’
855 3210 920 3261 ἐκ
943 3212 1320 3281 περιστάσεως
1356 3212 1451 3266 κο)⁹
1478 3212 1762 3284 βλάψαντα
1782 3230 1796 3243 ·
1829 3212 1918 3265 ἵνα

2037 3213 2439 3277 circumstantia
2485 3212 2649 3267 etiam
2680 3207 2965 3272 nocuisse;
3005 3212 3066 3258 ut
3107 3202 3292 3257 clarus
3324 3198 3613 3260 videatur,

348 3297 756 3366 εὐπαράδεκτος
807 3302 1056 3371 γένηται,
1108 3304 1401 3373 κηρύσσων
1446 3306 1509 3358 τὸ
1539 3306 1758 3374 ἀφεῖναι
1820 3303 1921 3372 μὲν

2037 3310 2249 3383 quando
2292 3305 2555 3376 praedicat
2584 3302 2735 3356 illam
2764 3298 2993 3354 desiisse
3019 3294 3145 3351 fidei
3177 3292 3387 3349 Christi
3414 3304 3616 3361 praece-

346 3388 530 3456 αὑτὸν,
558 3391 922 3463 προσδραμεῖν
951 3395 1010 3448 δὲ
1038 3398 1103 3467 τῇ
1139 3398 1319 3449 πίστει
1340 3398 1594 3467 Χριστοῦ.

601 3484 780 3538 Ὥστε
806 3489 839 3538 ὀ
865 3485 985 3554 μὲν
1011 3487 1199 3554 νόμος
1229 3488 1423 3556 ἅγιος,
1456 3506 1508 3542 κ.
1534 3506 1588 3543 τ.
1617 3489 1669 3542 λ.

415 3579 657 3632 Φωτίου.
704 3577 777 3629 Σὺ
818 3576 875 3629 δὲ
911 3577 1095 3640 ἁπλῶς
1139 3578 1365 3631 δύνασαι
1413 3579 1569 3645 ἅγιον
1617 3580 1711 3633 τὸν
1758 3581 1923 3651 νόμον
1954 3578 1979 3595 ⁸

347 3670 519 3724 εἰπεῖν
543 3685 556 3700 ·
590 3671 673 3724 ὅτι
701 3669 994 3737 ἐφύλαττεν
1030 3670 1137 3723 ἀπὸ
1176 3670 1515 3741 ἀκαθαρσίας
1549 3672 1675 3733 τοὺς
1716 3674 1922 3740 φυλάτ-

346 3778 533 3822 τοντας
576 3760 739 3814 αὐτόν
759 3774 774 3789 ·
802 3760 1033 3827 δίκαιον,
1073 3761 1156 3814 ὃτι
1203 3762 1330 3823 τοὺς
1362 3761 1461 3831 μὲν
1492 3761 1918 3831 κατορθοῦντας,

346 3852 605 3921 ἠμείϐετο
644 3852 899 3923 δωρεαῖς·
937 3855 1050 3915 τοῖς
1093 3852 1150 3905 δὲ
1192 3853 1643 3922 παραϐαίνουσιν,
1678 3853 1920 3906 ἐπετίθει

346 3942 444 4005 τὰς
478 3943 768 4012 τιμωρίας.
813 3944 1059 4009 Ἀγαθὸν,
1091 3944 1173 3997 ὅτι
1198 3944 1296 4013 οὐχ
1320 3943 1581 4013 ἡδόμενος
1605 3946 1720 4007 ταῖς
1751 3961 1924 4014 τιμω-

352 4032 491 4100 ρίαις
527 4032 559 4095 ἢ
592 4033 730 4103 ὀργῇ
771 4033 1051 4104 χρώμενος
1097 4035 1388 4098 ἐκόλαζεν·
1422 4036 1560 4088 ἀλλά
1606 4037 1704 4103 τῆς
1738 4036 1922 4088 αὐτῶν

349 4122 533 4176 ἕνεκεν
563 4125 855 4194 σωτηρίας.
887 4125 995 4178 Καὶ
1034 4125 1114 4177 ἔτι
1143 4127 1225 4179 ὅτι
1259 4127 1433 4198 μικρά
1471 4126 1796 4197 κατορθοῦσι
1823 4144 1922 4197 με·

348 4213 491 4281 γάλα
537 4215 850 4284 ἐχαρίζετο·
900 4219 992 4269 καὶ
1025 4218 1439 4289 ἁμαρτάνοντας
1485 4221 1770 4289 περιεῖπε·
1824 4220 1920 4271 καὶ

351 4305 413 4358 οὐ
442 4307 573 4359 κατ’
604 4306 760 4372 ἀξίαν
790 4307 897 4361 τῶν
922 4308 1411 4379 πλημμελημάτων
1438 4310 1715 4373 ἐκόλαζεν.
1746 4308 1921 4371 Αὐτὸς

2032 3404 2341 3544 “miras,
2374 3486 2463 3540 η.
2497 3483 2686 3553 Itaque
2709 3481 2793 3535 lea:
2814 3480 3025 3551 quidem
3054 3484 3243 3532 sancta
3261 3514 3279 3539 ,
3308 3483 3417 3528 etc.

2100 3583 2304 3639 Photii.
2338 3579 2419 3633 Tu
2437 3578 2688 3633 absolute
2712 3574 2919 3645 poteris
2932 3581 3180 3628 sanctam
3211 3570 3382 3638 legem
3410 3566 3615 3623 dicere.

2030 3674 2177 3745 quod
2215 3673 2285 3726 ab
2316 3667 2665 3724 immunditia
2714 3663 3054 3718 custodiebat
3085 3669 3368 3715 servantes
3419 3656 3569 3710 illam
3596 3694 3614 3717 ,

2027 3768 2232 3837 justam
2258 3802 2272 3824 ,
2321 3762 2467 3831 quod
2510 3767 2657 3812 recte
2702 3764 2925 3824 agentes
2977 3751 3135 3805 donis
3182 3748 3615 3807 remunerabat,

2033 3865 2469 3923 transgressores
2533 3857 2715 3902 autem
2775 3845 2953 3913 ptenis
3008 3842 3317 3906 multabat;
3380 3838 3613 3900 bonam,

2032 3948 2180 4017 quod
2220 3960 2328 3998 non
2362 3941 2540 4012 poenis
2574 3947 2629 3993 et
2663 3939 2742 3990 ira
2775 3935 3019 4005 gaudens
3061 3934 3263 4002 quibus
3314 3931 3571 3984 utebatur
3599 3966 3616 3990 ,

2032 4037 2293 4108 puniebat
2316 4074 2331 4099 ,
2380 4032 2475 4087 sed
2504 4031 2570 4084 ad
2599 4025 3000 4098 procurandam
3026 4038 3215 4077 eorum
3252 4021 3479 4077 salutem
3507 4056 3523 4081 ,
3563 4026 3618 4072 et

2032 4136 2268 4205 amplius
2290 4173 2305 4197 ,
2333 4130 2477 4201 quod
2511 4143 2676 4199 parva
2702 4126 2842 4180 bene
2868 4132 3086 4191 agentes
3115 4120 3329 4189 magnis
3357 4117 3616 4173 donabat.

2034 4237 2086 4283 et
2119 4233 2464 4297 peccatores,
2501 4236 2679 4290 neque
2710 4218 2905 4287 dignas
2937 4215 3155 4269 illorum
3187 4210 3398 4265 delictis
3428 4225 3616 4281 pcenas

2033 4320 2306 4374 sumebat.
2342 4314 2434 4369 Ille
2467 4321 2650 4366 autem
2682 4311 2786 4364 ista
2824 4320 3145 4377 percurrens
3176 4319 3241 4357 ex
3278 4303 3364 4355 his
3395 4302 3618 4355 conclu-

349 4400 404 4453 δὲ
431 4400 604 4453 ταῦτα
635 4401 1008 4471 παραδραμὼν
1031 4404 1096 4453 ἐκ
1123 4401 1331 4454 τούτων
1357 4402 1719 4471 συμπεραίνει
1766 4401 1920 4469 ἅγιον

2037 4412 2108 4466 dit
2134 4418 2399 4470 sanctam,
2422 4405 2629 4475 justam
2662 4411 2716 4457 et
2742 4403 2941 4456 bonam
2972 4412 3094 4453 esse
3129 4396 3300 4466 legem
3334 4403 3430 4448 aut
3458 4409 3612 4447 man-

350 4494 443 4545 καὶ
469 4492 678 4546 δίκαιον
703 4493 797 4545 καὶ
838 4493 1042 4560 ἀγαθὸν
1064 4489 1207 4545 εἶναι
1255 4493 1347 4546 τὸν
1380 4492 1542 4561 νόμον
1576 4493 1609 4563 ἦ
1636 4492 1735 4560 τὴν
1776 4494 1926 4543 ἐντο-

350 4582 469 4652 λήν.
528 4583 617 4649 Ἐξ
658 4584 777 4647 ἐνὸς
812 4585 928 4655 μὲν,
979 4586 1060 4637 ὃτι
1096 4582 1303 4647 ἐδίδαξε
1361 4601 1426 4653 με
1469 4584 1567 4652 τὴν
1615 4583 1923 4652 ἁμαρτίαν·

350 4677 443 4729 καὶ
476 4676 707 4741 ἐπέταξε
744 4680 935 4746 φυγεῖν
974 4679 1163 4747 αὐτήν.
1225 4679 1314 4742 Ἐξ
1346 4676 1537 4744 ἐτέρου
1576 4675 1654 4740 δὲ,
1705 4676 1787 4727 ὅτι
1820 4692 1923 4743 κη-

350 4770 569 4840 δάμενος
596 4771 690 4823 καὶ
731 4771 1031 4840 φροντίζων
1064 4771 1223 4823 τοῦτο
1248 4770 1530 4840 ἐποίησεν.
1584 4769 1774 4834 ’Ἀγιος
1807 4762 1921 4831 οὖν,

352 4862 431 4914 ὅτι
451 4862 677 4927 ἐδίδαξε,
698 4863 794 4914 καὶ
825 4862 1051 4924 ἐπέταξε
1080 4865 1270 4928 φυγεῖν
1291 4862 1398 4913 ἀπὸ
1430 4861 1529 4929 τῆς
1553 4857 1915 4923 ἀκαθαρσίας.

354 4952 592 5014 Δίκαιος,
627 4953 709 5004 ὅτι
738 4952 954 5016 διδάξας
987 4952 1147 5016 οὕτω,
1180 4952 1278 5020 τὴν
1306 4951 1575 5019 τιμωρίαν
1599 4950 1725 5011 τοὺς
1746 4951 1919 5017 ἁμαρ-

355 5041 612 5103 τάνοντας
633 5044 889 5093 ἀπαιτεῖ·
916 5042 1116 5108 ἀγαθὸς
1138 5040 1214 5105 δὲ,
1244 5042 1326 5093 ὅτι
1362 5040 1456 5093 καὶ
1490 5040 1637 5108 ζωήν
1672 5055 1763 5106 μοι
1785 5056 1923 5106 προ-

358 5132 642 5201 νοούμενος
666 5130 839 5183 ταῦτα
861 5133 1125 5185 ἐπετέλει.
1732 5135 1736 5138 ’

536 5222 607 5273 Τὸ
638 5216 752 5274 οὖν
771 5221 997 5289 ἀγαθὸν
1039 5221 1166 5289 ἐμοὶ
1202 5220 1410 5290 γέγονε
1459 5220 1734 5285 θάνατος.

427 5313 672 5366 Φωτίου.
710 5313 783 5365 Τὸ
820 5312 1044 5381 μέγεθος
1081 5315 1136 5367 δὲ
1167 5314 1398 5384 ἠθέλησε
1422 5313 1593 5379 δεῖξαι
1623 5316 1719 5383 τῆς
1744 5313 1927 5380 ἀμαρ-

356 5405 508 5467 τίας·
551 5404 647 5457 καὶ
675 5404 863 5476 ἐπειδὴ
913 5405 1114 5474 ταύτης
1160 5408 1238 5468 είς
1267 5406 1468 5459 κακίαν
1507 5404 1689 5473 μεῖζον
1724 5405 1824 5454 οὐκ
1862 5398 1928 5473 ἦν

360 5498 538 5571 εὑρεῖν
558 5513 571 5528 ·
606 5497 674 5550 δι’
707 5498 878 5568 αὐτῆς
921 5498 1129 5568 ταύτης
1160 5497 1565 5568 ἐνδεικνύμενος
1597 5495 1658 5547 τὸ
1693 5492 1925 5564 μέγεθος

363 5588 524 5657 φησίν
544 5587 703 5665 ·”Ινα
725 5587 886 5657 φανῇ
916 5588 1186 5656 ἁμαρτία·
1208 5575 1482 5641 τουτέστιν
1507 5588 1594 5639 ἵνα
1616 5583 1931 5653 ἐκκαλυφθῇ

364 5683 530 5753 αὐτῆς
560 5684 585 5735 ὀ
620 5683 722 5745 πᾶς
754 5681 849 5751 τῆς
888 5681 1077 5744 κακίας
1125 5679 1371 5744 πλοῦτος,
1402 5678 1493 5732 καὶ
1524 5678 1557 5746 ἡ
1586 5675 1735 5745 ἰσχὺς
1764 5675 1932 5745 αὐτῆς

2037 4508 2221 4557 datum
2264 4517 2277 4551 :
2323 4514 2389 4552 ex
2432 4511 2543 4550 uno
2575 4494 2819 4565 quidem,
2856 4491 3002 4560 quod
3042 4488 3233 4544 didicit
3260 4485 3394 4539 mihi
3427 4500 3618 4554 pecca-

2036 4603 2173 4655 tum,
2204 4604 2256 4646 et
2279 4588 2533 4660 praecepit
2563 4596 2621 4640 ut
2649 4585 2781 4640 illud
2814 4583 3055 4653 fugerem
3082 4597 3095 4645 ;
3121 4594 3186 4633 ex
3215 4577 3386 4633 altero
3412 4585 3617 4639 autem,

2033 4684 2179 4753 quod
2203 4684 2376 4736 libens
2403 4688 2457 4733 et
2482 4678 2772 4731 consulens
2800 4675 2903 4728 hoc
2920 4674 3046 4741 egit.
3075 4670 3271 4724 Sancta
3299 4682 3448 4737 ergo,
3472 4667 3621 4733 quod

2024 4776 2255 4839 didicit,
2309 4782 2363 4826 et
2390 4769 2644 4840 praecepit
2699 4776 2757 4821 ut
2811 4766 3055 4835 fugerem
3104 4763 3173 4816 ab
3226 4759 3615 4835 immunditia,

2022 4869 2201 4938 justa,
2226 4863 2391 4933 quod,
2424 4870 2712 4931 postquam
2750 4859 2830 4913 sic
2857 4856 3047 4911 didicit
3076 4896 3091 4921 ,
3138 4868 3328 4924 pcenas
3372 4852 3440 4906 de
3486 4866 3619 4921 pec-

2027 4957 2280 5012 cantibus
2339 4954 2545 5017 sumit,
2607 4953 2748 5004 bona
2794 4960 3013 5011 autem,
3067 4945 3213 5016 quod
3272 4944 3438 4998 vitam
3482 4942 3618 4999 mihi

2036 5048 2328 5119 providens
2361 5045 2475 5098 haec
2500 5041 2750 5112 perfecit.

2148 5209 2298 5276 Quod
2332 5223 2454 5277 ergo
2489 5207 2680 5258 bonum
2702 5214 2811 5270 est,
2845 5204 2975 5256 mihi
3006 5203 3209 5272 factum
3238 5210 3311 5252 est
3349 5211 3510 5249 mors.

2108 5302 2311 5357 Photii.
2354 5298 2783 5367 Magnitudinem
2831 5296 3001 5349 voluit
3037 5292 3328 5347 ostendere
3370 5286 3618 5357 peccati;

2038 5402 2092 5448 et
2125 5394 2388 5462 quoniam
2422 5390 2559 5443 nihil
2589 5386 2819 5443 inveniri
2850 5394 3031 5454 posset
3062 5385 3154 5437 illo
3184 5383 3364 5449 majus
3395 5381 3461 5433 a-I
3501 5396 3617 5431 ma-

2040 5486 2151 5539 lum
2182 5481 2588 5552 procurandum
2615 5521 2630 5545 ,
2659 5494 2754 5547 per
2778 5478 2909 5532 illud
2939 5467 3326 5547 ipsum’ipsius
3353 5471 3618 5526 exhibens

2045 5574 2475 5647 magnitudinem
2545 5571 2677 5626 dicit
2741 5587 2753 5620 ε
2834 5568 2899 5622 Ut
2978 5576 3229 5637 appareat
3308 5569 3617 5632 peccatum,

2044 5671 2095 5724 ιιι
2137 5678 2252 5736 cst,
2296 5674 2352 5721 ut
2384 5665 2689 5723 re‘telcntur
2724 5663 2872 5721 illius
2901 5661 3168 5717 malorum
3196 5658 3444 5714 omnium
3475 5654 3616 5709 divi-
