3978 6218
357 235 496 303 1239

1524 238 1785 300 PHOTII
1818 239 2322 304 PATRIARCIME
2361 243 2469 303 ΕΡ.

3466 245 3605 312 1240

355 356 479 420 tias,
512 360 567 407 et
596 350 744 405 illius
790 351 958 405 robur
984 349 1130 420 quod
1178 348 1233 404 in
1281 349 1403 420 ipso
1429 356 1555 415 est;
1586 357 1847 420 tanquam
1875 358 1935 404 ut

2056 369 2066 421 ι
2106 352 2165 404 ἐν
2198 352 2360 423 αὐτῇ.
2393 347 2522 406 Οἷον
2552 351 2619 405 ἵν’
2650 352 2788 425 ὅπερ
2821 353 2970 407 ἐστὶν
3016 353 3113 427 ὅλη
3147 356 3224 421 ὡς
3261 355 3358 428 ὅλη
3390 358 3617 429 γένηται

355 446 504 518 quod
549 454 724 500 totum
762 453 879 510 est,
933 454 1107 499 totum
1151 443 1436 501 manifeste
1472 454 1752 515 appareat.
1800 444 1937 500 Cum

355 543 503 595 enim
554 539 826 593 malorum
867 538 1098 592 aliorum
1146 538 1578 608 magnitudinem
1624 551 1943 607 comparare

355 630 649 694 volumus,
702 642 999 698 possumus
1039 627 1189 680 aliud
1220 626 1351 695 quid
1386 625 1623 695 adjicere
1669 625 1748 680 illi
1795 625 1941 694 quod

361 719 695 788 atlligimnr;
742 725 803 771 ut
850 718 1115 772 scelestus
1145 725 1264 770 erat
1288 716 1340 769 in
1376 724 1584 769 tantum
1616 714 1781 782 Cain,
1812 714 1943 785 quia

362 806 610 859 latricida
646 805 824 862 lactus
850 816 934 861 est
974 847 990 872 ,
1047 814 1102 861 et
1143 805 1253 860 Deo
1289 807 1499 875 primus
1532 805 1795 861 mentitus
1838 813 1941 860 est.

366 894 427 948 Et
456 911 666 960 rursus,
693 911 803 951 non
838 911 934 966 per
964 897 1336 967 prodigiorum
1368 896 1737 951 ostensionem
1766 896 1943 952 addu-

364 998 485 1041 ctus
524 996 612 1041 est
647 987 864 1042 Pharao
894 987 961 1041 ad
992 987 1333 1041 liberandum
1370 985 1665 1053 lsraelitas,
1701 996 1760 1042 ut
1789 988 1947 1043 exhi—

365 1081 557 1133 beatur
618 1080 766 1134 illius
829 1080 1113 1135 sententia:
1169 1078 1466 1133 crudelitas
1520 1088 1576 1132 et
1638 1078 1822 1133 odium
1879 1078 1934 1133 in

367 1175 573 1238 Deum;
622 1182 678 1226 et
732 1172 788 1226 in
833 1171 1044 1226 caneris
1096 1171 1261 1225 idem.
1326 1168 1462 1225 Nam
1502 1170 1736 1225 inveniri
1775 1178 1949 1238 potest

2048 443 2310 513 ἐκφανής.
2368 442 2493 496 Ἐπὶ
2532 443 2633 514 μὲν
2667 444 2776 515 γὰρ
2811 443 2921 497 τῶν
2953 444 3127 499 ἄλλων
3165 446 3471 517 ὑπερϐολήν
3495 466 3618 502 τινα

2044 532 2292 596 θέλοντες
2337 535 2710 604 παραστῆσαι,
2753 534 3031 605 δυνάμεθα
3078 534 3209 589 ἄλλο
3244 552 3299 589 τι
3331 538 3617 608 ἐπιφέρειν

2042 624 2121 693 τῷ
2143 624 2521 697 διασυρομένῳ
2554 625 2645 696 ὑφ’
2674 626 2870 696 ήμῶνο
2896 622 3007 681 οἷον
3038 627 3236 698 μιαρὸς
3278 623 3347 698 ἦν
3380 629 3471 683 ἐπὶ
3494 646 3619 683 τοσ-

2043 714 2200 768 οῦτον
2266 717 2294 767 ό
2326 715 2495 769 Κάῖνο
2542 715 2627 769 ὅτι
2664 716 2761 770 καὶ
2788 716 3175 785 ἀδελφοκτόνος
3222 717 3473 785 ἐγένετοσ
3522 718 3621 773 καὶ

2045 803 2181 857 Θεὸν
2208 803 2427 874 πρῶτος
2466 802 2755 874 ἐψεύσατο.
2796 805 2909 858 Καὶ
2936 806 3119 869 πάλιν,
3165 805 3288 859 οὐδὲ
3329 806 3472 876 μετὰ
3518 807 3622 878 τὴν

2044 894 2156 948 τῶν
2184 895 2482 965 τεραστίων
2510 896 2769 964 ἐπίδειξιν
2792 897 3111 969 παρεκλήθη
3133 899 3335 971 Φαραὼ
3353 899 3621 956 ἀπολῦσαι

2048 986 2178 1048 τοὺς
2238 985 2615 1056 Ἰσραηλίταςο
2667 988 2753 1042 ἵνα
2802 991 2943 1059 φανῇ
2995 989 3162 1044 αὑτοῦ
3228 992 3289 1045 τὸ
3319 991 3469 1062 ὠμὸν
3521 992 3623 1063 τῆς

2046 1076 2273 1148 γνώμης
2308 1076 2405 1130 καὶ
2452 1076 2707 1147 θεομισές
2727 1092 2743 1109 ’
2793 1080 2889 1133 καὶ
2921 1080 3016 1132 ἐπὶ⁸
3043 1079 3153 1134 τῶν
3179 1082 3355 1136 ἄλλων
3394 1083 3620 1153 ὁμοίως.

2052 1165 2209 1219 Ἐστι
2244 1166 2355 1237 γὰρ
2401 1166 2583 1237 εὑρεῖν
2628 1183 2681 1222 τι
2732 1169 2913 1238 χεῖρον
2958 1169 3067 1221 τῶν
3107 1169 3504 1241 ὑποκειμένων,
3558 1164 3622 1227 οὗ

368 1263 575 1330 aiquid
624 1262 876 1332 prmsenti
926 1262 1073 1316 malo
1123 1262 1280 1331 pejus
1307 1301 1324 1328 ,
1356 1263 1518 1329 cujus
1549 1260 1951 1331 perpetratione

2056 1257 2413 1327 μετασχόντες
2444 1259 2495 1312 οἱ
2525 1262 2951 1330 πονηρευόμενοι
2980 1261 3081 1325 τὰς
3106 1264 3224 1316 κατ’
3252 1265 3429 1318 ἐκεῖνο
3450 1281 3626 1335 προσ-

367 1350 461 1420 qui
503 1350 691 1420 inique
734 1358 1034 1419 operantur
1054 1349 1385 1404 conveniens
1407 1349 1728 1419 malignitati
1751 1365 1951 1405 nomen

2056 1347 2279 1417 ηγορίας
2312 1347 2668 1418 ἐπιδέχονται.

367 1441 661 1510 accipiunt.
693 1441 985 1495 Peccatum
1012 1451 1193 1495 autem
1224 1481 1240 1507 ,
1276 1455 1401 1495 cum
1428 1440 1557 1504 illo,
1596 1450 1654 1495 ut
1679 1440 1947 1511 diximus,

369 1532 504 1586 nihil
536 1533 692 1601 pejus
730 1532 964 1585 inveniri
1006 1541 1225 1601 potest,
1259 1532 1439 1603 ipsum
1490 1548 1549 1588 se
1583 1549 1677 1602 per
1709 1550 1769 1590 se
1807 1536 1954 1592 desi-

367 1634 532 1695 gnat;
565 1639 803 1677 amaram
838 1633 892 1677 et
923 1625 1178 1678 acerbam
1212 1624 1375 1679 simul
1403 1625 1744 1691 gravitatem,
1771 1636 1955 1697 tyran-

2748 1349 2873 1403 Ἐπὶ
2912 1349 2970 1403 δὲ
3010 1351 3109 1420 τῆς
3155 1350 3467 1421 ἁμαρτίας,
3503 1352 3628 1407 ἐπεὶ

2050 1439 2276 1511 ταύτης,
2295 1439 2372 1503 ὡς
2417 1441 2651 1513 ἐφημεν,
2682 1441 2783 1495 οὐκ
2821 1442 2937 1495 ἐστι
2987 1444 3172 1514 χεῖρον
3226 1443 3426 1512 εὑρεῖν·
3457 1443 3629 1513 αὑτῆς

2054 1529 2141 1599 ἐφ’
2176 1528 2374 1600 ἑαυτῆς
2406 1530 2773 1603 κατηγόρησε.
2813 1529 3035 1601 Πικρῶς
3092 1529 3205 1601 ἅμα
3249 1533 3345 1584 καὶ
3388 1531 3628 1601 δριμέως

2054 1619 2147 1674 τὸν
2191 1620 2357 1688 ὄγκον
2403 1620 2596 1691 αὑτῆς,
2634 1621 2731 1675 καὶ
2770 1620 2832 1674 τὸ
2871 1621 3191 1690 τυραννικὸν
3232 1622 3347 1692 ἅμα
3386 1624 3481 1675 καὶ
3526 1622 3627 1675 ἀν-

370 1716 657 1784 nicamque
707 1724 761 1769 et
800 1716 1059 1770 invictam
1096 1716 1203 1769 vim
1246 1717 1505 1771 ostendit.
1560 1716 1699 1771 Cum
1745 1720 1948 1775 certius

2056 1708 2396 1780 υπέρόλητον
2439 1710 2877 1781 ἐνδεικνύμενος.
2930 1710 3087 1764 Ἐπεὶ
3134 1711 3192 1764 δὲ
3224 1711 3630 1782 ἀσφαλέστερόν

368 1804 649 1859 censuerit
707 1804 814 1859 dici
868 1820 965 1874 per
1030 1806 1272 1860 nominis
1332 1807 1703 1876 tautologiam,
1753 1811 1949 1864 iterum

369 1906 565 1946 nomen
598 1892 895 1946 reassumit
916 1930 932 1955 ,
962 1892 1095 1946 dicit
1116 1892 1263 1946 enim
1295 1893 1585 1961 epithetice
1646 1910 1666 1948 :
1713 1893 1949 1953 Peccans

367 1989 659 2049 peccatum.
736 1982 1064 2037 Acerbitatis
1142 1981 1449 2052 designatio
1530 1985 1779 2041 absoluta
1842 1996 1947 2044 est.

364 2072 727 2144 Cognominat
755 2085 811 2127 et
843 2087 953 2127 non
992 2074 1220 2130 omnino
1252 2090 1283 2129 a
1331 2076 1549 2131 nomine
1584 2078 1860 2146 abscedit;
1893 2081 1949 2136 in

366 2179 476 2233 quo
520 2171 703 2218 autem
755 2162 954 2218 solutio
996 2179 1120 2219 esse
1174 2164 1408 2228 videtur,
1454 2165 1563 2220 vim
1612 2168 1766 2223 addit
1808 2170 1947 2240 adji-

364 2257 555 2319 ciens,
604 2270 765 2324 supra
794 2256 1045 2321 modum;
1102 2264 1156 2311 et
1185 2255 1261 2311 ita
1289 2258 1531 2326 apertius
1559 2259 1723 2315 simul
1750 2268 1806 2314 et
1838 2260 1949 2315 lor-

367 2347 478 2403 tius
497 2389 514 2413 ,
570 2347 920 2403 acerbitatem
949 2362 1169 2418 quoque
1194 2348 1531 2419 exprimente
1559 2364 1815 2409 sermone
1847 2355 1951 2409 uti-

369 2447 458 2493 tur
480 2439 669 2496 dicens
714 2438 850 2507 :,Ut
888 2439 985 2508 ﬁat
1017 2456 1181 2511 supra
1233 2439 1448 2495 modum
1488 2457 1714 2511 peccans
1769 2461 1949 2516 pecca-

369 2540 505 2584 tum.

437 2710 605 2766 Vens.
637 2710 725 2766 16.
761 2711 820 2766 Si
851 2724 1028 2766 autem
1056 2713 1194 2783 quod
1223 2715 1366 2780 nolo,
1400 2716 1535 2769 illud
1567 2716 1730 2786 facio.

443 2801 648 2856 Photii.
685 2802 769 2858 Tu
801 2818 928 2858 vero
960 2805 1090 2857 mihi
1124 2803 1204 2861 sic
1235 2807 1395 2861 verba
1428 2806 1745 2873 patefacias.
1784 2808 1946 2864 Post-

369 2909 536 2963 quam
567 2897 922 2950 venu'idatus
955 2904 1009 2950 et
1036 2896 1140 2951 sub
1169 2907 1394 2966 peccato
1422 2897 1599 2955 factus
1643 2907 1727 2954 est
1760 2899 1945 2966 homo,

372 3002 481 3041 non
510 2989 796 3059 cognoscit
827 2990 975 3059 quod
1023 2999 1305 3059 operatur,
1361 2991 1504 3060 turpi
1547 2992 1947 3047 consuetudine

372 3079 599 3133 omnino
632 3079 710 3132 illi
746 3079 1088 3146 dominante,
1152 3096 1328 3138 neque
1359 3080 1729 3136 consentiente
1771 3091 1833 3137 ut
1860 3082 1946 3135 vi-
1973 3061 2017 3119 σι

374 3169 498 3224 deat
559 3171 766 3224 malum
821 3186 943 3225 esse
991 3169 1137 3240 quod
1196 3173 1326 3242 agit.
1373 3173 1742 3238 Quamobrem
1799 3174 1947 3243 quod

374 3261 601 3325 odisset,
638 3262 685 3316 si
720 3262 975 3317 innoxius
1001 3271 1056 3317 et
1086 3262 1223 3317 liber
1255 3274 1422 3330 esset,
1455 3272 1511 3319 et
1538 3265 1683 3334 quod
1713 3280 1821 3319 non
1851 3266 1953 3319 eli-

377 3358 551 3420 geret,
610 3350 744 3405 illud
792 3352 962 3421 eligit.
1013 3349 1131 3405 Jam
1184 3354 1527 3407 venundatus
1582 3360 1636 3407 et
1675 3368 1784 3406 non
1817 3368 1951 3407 suus

378 3442 512 3511 agit.
545 3440 600 3495 Si
636 3457 766 3497 vero
798 3442 935 3497 liber
968 3451 1025 3497 et
1060 3443 1321 3499 innoxius
1350 3452 1403 3497 et
1430 3458 1585 3499 meus
1617 3442 1810 3509 forem,
1843 3458 1951 3498 non

379 3533 637 3601 eligerem
686 3548 808 3602 qua:
846 3547 994 3587 nunc
1043 3531 1205 3597 facio,
1250 3535 1514 3587 consentio
1562 3534 1663 3605 legi
1706 3535 1953 3603 quoniam

380 3623 515 3677 bona
541 3634 640 3677 est.
669 3623 765 3677 llla
780 3623 925 3678 enim
961 3631 1024 3678 ut.
1062 3622 1265 3695 fugiam
1308 3624 1439 3678 mihi
1472 3626 1767 3689 consentit,
1807 3641 1951 3695 quae,

378 3717 508 3772 dum
544 3732 643 3787 ego
678 3716 731 3770 in
780 3716 997 3786 propria
1047 3726 1253 3769 natura:
1306 3715 1557 3770 libertate
1596 3730 1813 3781 versor,
1863 3716 1954 3771 lu-

381 3809 575 3880 gienda
608 3810 801 3865 censui
832 3818 885 3864 et
922 3808 1148 3863 odibilia
1178 3823 1322 3863 esse.
1352 3806 1479 3861 Non
1501 3807 1738 3878 intelligo
1768 3808 1953 3878 igitur,

381 3902 662 3956 evidenter
686 3902 1038 3965 venundatus,
1063 3916 1166 3954 non
1185 3901 1321 3954 enim
1340 3900 1477 3970 quod
1502 3899 1638 3965 volo,
1664 3902 1789 3954 dum
1819 3901 1956 3955 liber

381 4010 526 4057 sum,
574 3992 671 4045 hoc
717 3992 855 4062 facio
910 4008 1077 4058 nunc,
1130 4008 1253 4048 cum
1303 3992 1631 4046 venundatus
1677 4007 1830 4058 sum;
1864 3994 1955 4047 sed

382 4087 524 4155 quod
576 4087 684 4149 odi,
732 4088 860 4140 dum
892 4087 1030 4139 liber
1064 4102 1208 4150 sum,
1247 4086 1381 4138 illud
1428 4086 1567 4155 facio
1595 4086 1722 4139 dum
1759 4102 1955 4139 venun-

383 4178 544 4230 datus
576 4193 721 4232 sum.
756 4178 817 4232 Si
852 4194 971 4231 vero
1000 4177 1139 4247 quod
1162 4177 1303 4243 nolo,
1334 4178 1463 4231 dum
1494 4177 1629 4231 liber
1655 4192 1797 4243 sum,
1822 4179 1957 4233 illud

385 4248 548 4338 facio,
586 4270 716 4324 dum
764 4271 1114 4325 venundatus
1149 4284 1297 4333 sum,
1347 4270 1615 4322 consentio
1661 4268 1785 4339 legi,
1829 4270 1954 4324 dum

2056 1818 2176 1863 πως
2221 1800 2399 1866 ἔδοξεν
2439 1801 2694 1872 εἰρῆσθαι
2732 1804 2799 1873 τῇ
2848 1801 3175 1873 ταυτολογίᾳ
3204 1801 3296 1854 τοῦ
3328 1801 3627 1870 ὀνόματοςσ

2053 1893 2217 1948 πάλιν
2248 1894 2307 1947 δέ
2339 1893 2890 1965 μεταλαμϐανομένου
2916 1893 3011 1947 τοῦ
3040 1893 3322 1964 ὀνόματος.
3351 1893 3496 1963 Ἔφη
3518 1894 3630 1964 γὰρ

2054 1986 2403 2057 παρωνύμως
2449 1986 2799 2055 ἁμαρτωλὸς
2854 1987 2894 2055 ἡ
2944 1987 3220 2055 ἁμαρτία.
3247 1987 3324 2039 Ἣ
3374 1985 3475 2054 τῆς
3510 1985 3629 2055 δριν-

2056 2077 2292 2149 μύτητος
2346 2077 2573 2144 ἔνδειξις
2631 2078 2903 2142 ἐξελύετο.
2958 2077 3339 2148 Παρονομάζει
3391 2076 3489 2149 μὲν
3535 2078 3630 2131 καὶ

2052 2170 2115 2222 οὑ
2160 2168 2380 2233 τελείως
2454 2168 2749 2237 ἀφίσταται
2804 2167 2900 2223 τοῦ
2962 2169 3243 2240 ὀνόματος.
3310 2168 3399 2222 Ἐν
3468 2162 3512 2235 ᾧ
3568 2168 3629 2222 δὲ

2052 2259 2369 2314 ἐκλελῦσθαι
2402 2260 2601 2326 ἐδόκει,
2648 2260 2803 2313 τόνον
2848 2259 3046 2329 ἐπάγει
3078 2262 3147 2332 τῇ
3193 2260 3482 2333 προσθήκῃ
3531 2258 3629 2313 τοῦ

2053 2353 2183 2408 καθ’
2205 2351 2549 2420 ὑπερϐολήν
2571 2367 2586 2382 ο
2618 2352 2716 2405 καὶ
2743 2348 2915 2415 οὕτως
2944 2350 3039 2404 ἐπὶ⁸
3065 2350 3127 2404 τὸ
3156 2351 3485 2423 σαφέστερον
3513 2351 3630 2419 ἅμα

2053 2443 2150 2497 καὶ
2192 2442 2427 2508 ἔντονον,
2484 2443 2577 2497 καὶ
2608 2442 2704 2495 τοῦ
2753 2441 2993 2512 δριμέως
3021 2442 3357 2512 ἐμφαντικὸν
3386 2442 3626 2512 μεταλα-

2054 2532 2163 2587 ϐὼν
2192 2533 2284 2587 τὸν
2313 2532 2471 2602 λόγον
2495 2533 2686 2603 φησιν’
2711 2532 2847 2588 Ἵνα
2865 2531 3109 2603 γένηται
3133 2532 3263 2588 καθ’
3284 2533 3630 2603 ὑπερϐολὴν

2053 2623 2404 2694 ἁμαρτωλὸς
2435 2624 2475 2693 ἡ
2506 2624 2782 2694 ἁμαρτία.

2070 2740 2077 2745 -
2366 2718 2436 2772 El
2465 2716 2535 2770 δὲ
2565 2716 2597 2771 ὃ
2628 2719 2699 2771 οὐ
2729 2716 2906 2783 θέλω,
2944 2716 3314 2773 τοῦτο’ποιῶ.

2122 2808 2368 2863 Φωτίου.
2402 2808 2476 2861 Σὺ
2523 2808 2580 2861 δέ
2612 2826 2702 2880 μοι
2740 2807 2885 2863 οὕτω
2927 2808 3283 2864 διαλεύκανον
3333 2810 3408 2862 τὰ
3462 2806 3626 2881 pucd-

2051 2902 2205 2957 Μετὰ
2238 2901 2300 2953 τὸ
2332 2899 2611 2971 πραθῆναι
2651 2901 2747 2955 καὶ
2773 2900 3028 2971 γενέσθαι
3062 2902 3169 2956 ὑπὸ
3209 2902 3310 2974 τὴν
3353 2899 3629 2972 ἁμαρτίαν

2051 2992 2145 3046 τὸν
2174 2990 2481 3063 ἄνθρωπον,
2537 2991 2600 3045 οὐ
2644 2992 2902 3061 γινώσκει
2950 2992 2981 3047 ὃ
3024 2993 3464 3064 κατεργάζεταν
3521 2992 3628 3063 τῆς

2051 3081 2339 3149 συνηθείας
2356 3080 2458 3151 τὴς
2475 3079 3028 3152 αίσχρᾶς,’παντελῶς
3046 3080 3212 3135 αὑτοῦ
3232 3078 3623 3151 κυριευσάσης,

2051 3171 2147 3225 καὶ
2194 3170 2270 3241 μὴ
2298 3169 2687 3242 συγχωρούσης
2714 3170 2911 3224 εἰδέναι
2939 3170 3021 3224 ὅτι
3044 3170 3215 3224 κακόν
3235 3168 3433 3230 ἐστιν,ὂ
3458 3169 3633 3239 πράσ-

2053 3278 2156 3315 σει.
2179 3260 2271 3314 Διὸ
2316 3260 2413 3314 καὶ
2439 3260 2469 3313 ὃ
2524 3260 2707 3330 ἐμίσει
2740 3260 2828 3327 ἂν,
2866 3260 2916 3313 εί
2953 3259 3200 3332 ἀπρατος
3230 3260 3323 3314 καὶ
3350 3258 3634 3331 ἐλεύθερος

2049 3348 2139 3424 ἦν,
2176 3353 2271 3407 καὶ
2303 3351 2333 3405 ὃ
2378 3352 2479 3405 οὑκ
2528 3351 2598 3406 ἂν
2664 3352 2859 3418 εἵλετο,
2898 3352 3056 3406 τοῦτο
3088 3352 3183 3406 καὶ
3234 3353 3492 3424 αἱρεῖται,
3529 3366 3633 3403 πε-

2053 3445 2333 3517 πραμένος
2359 3444 2458 3515 ήδη
2508 3442 2583 3497 ὢν
2616 3444 2711 3497 καὶ
2742 3444 2996 3514 πράττει.
3030 3445 3093 3498 El
3127 3444 3185 3498 δέ
3218 3444 3501 3515 ἐλεύθερος
3550 3442 3631 3496 ὢν

2053 3538 2148 3591 καὶ
2200 3537 2442 3607 ἄπρατος
2484 3535 2578 3589 καὶ
2600 3534 2741 3590 κατὰ
2764 3535 2948 3603 φύσιν,
2973 3538 3074 3590 οὑκ
3101 3538 3170 3590 ἂν
3193 3536 3417 3607 εἱλόμην
3457 3537 3494 3589 ἃ.
3526 3536 3625 3588 νῦν

2030 3628 2213 3695 ’ποιῶ,
2240 3628 2641 3698 Συμμαρτυρῶ
2671 3626 2753 3694 τῷ
2806 3629 2970 3697 νόμῳ
3016 3628 3105 3681 ὅτι
3150 3628 3359 3694 καλός.
3410 3626 3635 3680 Ἐκεῖνα

2054 3721 2162 3790 γάρ
2189 3736 2279 3789 μοι
2304 3719 2713 3790 συμψηφίζεται
2736 3722 2929 3789 φυγεῖν
2955 3757 2970 3782 ,
2995 3717 3031 3772 ἃ
3058 3718 3150 3772 καὶ
3178 3717 3289 3785 ἐγὼ
3310 3720 3368 3771 ἐν
3398 3720 3463 3787 τῇ
3491 3715 3637 3770 κατὰ

2056 3811 2219 3882 φύσιν
2243 3811 2523 3883 ἐλευθερίᾳ
2545 3812 2851 3882 τυγχάνων,
2887 3811 3077 3880 ἔκρινα
3106 3807 3346 3879 φευκτέα
3377 3800 3517 3862 εῖναι
3538 3808 3637 3861 καὶ

2060 3902 2288 3975 μισητά.
2323 3903 2406 3957 Οὐ
2432 3903 2703 3973 γινώσκω
2725 3898 2839 3967 οὖν,
2868 3901 3112 3970 πραθεὶς
3133 3901 3404 3971 δηλονότι·
3426 3901 3499 3954 οὐ
3525 3900 3639 3970 γὰρ

2056 3994 2089 4049 ὃ
2119 3994 2271 4049 θέλω
2296 3994 2576 4064 ἐλεύθερος
2606 3992 2704 4057 ὢν,
2750 3993 2927 4047 τοῦτο
2966 3992 3221 4061 πράσσω
3258 3990 3372 4055 νῦν,
3405 3992 3638 4059 πεπρα-

2050 4088 2237 4156 μένος
2264 4085 2339 4139 ὢν
2358 4102 2373 4117 ·
2400 4086 2538 4141 ἀλλ’
2566 4085 2599 4140 ὃ
2624 4083 2784 4156 μισῶ
2813 4084 3097 4152 ἐλεύθερος
3128 4084 3227 4148 ὢν,
3264 4084 3444 4138 τοῦτο
3483 4082 3640 4137 ποιῶ

2057 4177 2437 4246 πεπραμένος
2468 4175 2574 4230 ῶν.
2630 4177 2702 4229 Ei
2741 4175 2810 4228 δὲ
2838 4175 2870 4229 ὃ
2902 4177 2972 4229 οὐ
3014 4176 3167 4229 θέλω
3204 4174 3486 4243 ἐλεύθερος
3537 4174 3637 4237 ὣν,

2057 4269 2233 4323 τοῦτο
2312 4268 2567 4336 πράσσω
2653 4268 3008 4339 πεπραμένος
3063 4265 3161 4331 ὢν,
3234 4264 3645 4335 συμμαρτυρῶ

384 4361 522 4417 l'rber
555 4378 700 4425 sum,
736 4364 861 4431 quia
888 4362 1024 4415 bona
1049 4370 1150 4415 est.
1182 4359 1360 4430 Opera
1390 4359 1535 4414 enim
1567 4359 1701 4429 legis
1729 4360 1871 4424 volo,
1903 4369 1952 4416 et

2064 4360 2354 4432 ἐλεύθερος
2404 4359 2502 4427 ὢν,
2540 4360 2625 4413 ὅτι
2679 4359 2870 4424 καλὸς
2919 4361 2952 4413 d
3004 4360 3210 4427 νόμος.
3250 4359 3332 4412 Τὰ
3362 4358 3472 4429 γὰρ
3499 4358 3641 4411 αὐτὰ

384 4471 493 4509 non
529 4469 651 4523 quae
677 4468 823 4507 nunc
852 4453 1010 4507 facio.

386 4544 554 4598 Vens.
584 4544 678 4597 2i.
712 4541 927 4597 Invenio
967 4545 1135 4665 igitur
1165 4543 1347 4665 legent,
1383 4545 1577 4599 volenti
1612 4545 1740 4599 mihi
1787 4545 1961 4615 facere

1030 4631 1186 4665 onum
1208 4654 1225 4665 .
1253 4632 1283 4665 8
1310 4631 1359 4665 (Ξ.

1030 4631 1186 4667 οηιιηι
1208 4654 1225 4677 ,
1253 4626 1359 4669 etc.

460 4703 660 4761 Photii.
703 4704 977 4776 intelligas
997 4714 1176 4759 autem
1220 4706 1319 4761 sic.
1345 4705 1421 4759 Ex
1457 4706 1542 4761 his
1584 4722 1705 4776 quae
1737 4705 1872 4771 dixi,
1906 4707 1962 4762 in

387 4798 525 4866 quit,
547 4798 651 4853 hoc
669 4798 798 4852 mihi
818 4798 1178 4861 concluditur,
1198 4798 1397 4852 etillud
1418 4798 1622 4851 invenio
1644 4798 1805 4866 legem
1818 4810 1957 4863 esse,

390 4890 565 4958 legem
594 4889 648 4942 in
678 4889 880 4943 bonum
912 4889 1103 4943 volenti
1140 4890 1269 4942 mihi
1299 4888 1471 4958 facere
1501 4889 1692 4942 bonum
1710 4904 1730 4952 ;
1750 4899 1803 4942 et
1828 4887 1959 4942 illud

391 4982 570 5039 solum
618 4991 829 5052 gratum
881 4991 983 5037 est.
1016 4981 1217 5036 Malum
1251 4982 1397 5037 enim
1444 4981 1682 5046 invenio,
1710 4981 1961 5049 quoniam

393 5072 645 5129 similiter
672 5073 803 5126 mihi
834 5073 1078 5140 adjacet;
1106 5082 1160 5127 et
1193 5088 1299 5127 non
1333 5071 1525 5127 melior
1559 5071 1735 5127 factus
1782 5086 1958 5125 essem

389 5181 458 5220 ex
508 5165 647 5237 lege,
701 5165 809 5219 nisi
865 5166 1036 5235 magis
1088 5166 1369 5220 damnum.
1400 5202 1458 5221 ..
1486 5203 1540 5219 ..
1587 5163 1957 5234 recepissem,

391 5259 541 5328 «lilia,
571 5266 631 5313 ut
679 5258 928 5326 adjaceat
962 5258 1095 5312 mihi
1141 5269 1197 5313 et
1226 5256 1386 5326 quasi
1432 5255 1658 5326 propius
1708 5255 1843 5310 mihi
1891 5256 1961 5310 sit

392 5352 620 5415 malum,
650 5350 766 5406 haec
795 5350 1404 5420 praebuitoccasionem.
1430 5347 1540 5403 Lex
1564 5347 1750 5418 igitur,
1781 5347 1959 5403 solum

392 5444 480 5499 lex
510 5444 654 5499 facta
687 5454 774 5499 est
817 5444 951 5498 mihi
1007 5444 1059 5497 in
1112 5443 1339 5508 bonum,
1373 5441 1518 5495 aliud
1569 5449 1750 5496 autem
1803 5439 1962 5496 nihil.

394 5533 553 5591 Unde
585 5533 807 5590 evidens
836 5542 941 5597 est,
966 5532 1111 5603 quod
1143 5534 1342 5587 malum
1376 5531 1509 5587 mihi
1537 5532 1631 5587 tali
1674 5531 1835 5586 modo
1866 5531 1965 5584 ad-

2061 4452 2255 4523 ἐκείνῳ
2307 4451 2592 4522 βούλομαι,
2617 4450 2714 4504 καὶ
2732 4451 2832 4520 οὑχ
2862 4448 2900 4503 ἃ
2931 4449 3028 4503 νῦν
3055 4450 3215 4504 ποιῶ.

2057 4546 2333 4615 Εὑρίσκω
2357 4543 2473 4614 ἄρα
2507 4543 2618 4598 τὸν
2647 4538 2950 4666 rogarat/lu";
2975 4541 3213 4596 θέλοντι
3262 4538 3392 4610 ἐμοὶ
3446 4535 3642 4592 ποιεῖν

2688 4630 2719 4666 τ
2795 4630 2831 4666 κ
2952 4628 3011 4666 ν.

2688 4628 2755 4667 το
2795 4628 3011 4666 κανων.

2128 4706 2373 4761 Φωτίου.
2419 4702 2701 4768 Ἑκλάϐοις
2722 4701 2768 4757 δ’
2794 4704 2862 4757 ἂν
2881 4702 2977 4757 καὶ
3002 4700 3201 4765 οὕτως·
3242 4700 3334 4766 Ἐξ
3358 4692 3435 4755 ὧν
3461 4693 3637 4765 εἷπον,

2062 4800 2217 4869 φησι,
2242 4796 2405 4852 τοῦτό
2437 4813 2525 4866 μοι
2560 4794 3020 4865 συμπεραίνεται,
3050 4792 3326 4847 καὶτοῦτο
3356 4793 3644 4861 εὑρίσκω,

2062 4891 2123 4943 τὸ
2171 4886 2311 4941 εἶναι
2341 4888 2449 4941 τὸν
2478 4887 2688 4956 νόμον,
2713 4884 2876 4955 νόμον
2903 4886 2983 4947 εἰς
3010 4884 3072 4936 τὸ
3098 4884 3267 4937 καλὸν
3296 4882 3377 4949 τῷ
3404 4883 3646 4937 θέλοντι

2060 4979 2190 5050 ἐμοὶ
2232 4979 2423 5032 ποιεῖν
2463 4977 2529 5031 τὸ
2570 4977 2796 5031 καλόν
2827 4973 3108 5028 καὶτοῦτο
3139 4974 3300 5043 μόνον
3341 4973 3641 5045 χαριζόμε..

2063 5084 2173 5127 νον.
2209 5070 2283 5124 Τὸ
2304 5069 2415 5139 γὰρ
2455 5067 2623 5122 κακὸν
2660 5066 2917 5138 εὑρίσκω,
2943 5066 3033 5119 ὅτι
3060 5065 3262 5135 ὁμοίως
3288 5064 3417 5133 ἐμοὶ
3450 5065 3644 5133 παρά-

2063 5176 2281 5216 κειταισ
2340 5160 2435 5212 καὶ
2478 5158 2632 5211 ούδέν
2677 5156 3006 5226 ἐόελτιὼθην
3037 5158 3101 5209 ἐκ
3122 5155 3216 5209 τοῦ
3245 5156 3435 5226 νόμου.
3466 5156 3531 5208 El
3568 5156 3647 5225 μὴ

2064 5252 2161 5308 καὶ
2205 5251 2403 5323 μᾶλλον
2432 5250 2635 5322 βλάῦην
2655 5249 2683 5291 b
2706 5248 2993 5318 ἐδεξάμην,
3031 5248 3113 5301 ὅτι
3146 5247 3515 5318 παρακεῖσθαί
3552 5264 3643 5316 μοι

2066 5346 2161 5399 καὶ
2207 5339 2317 5398 οἷον
2363 5342 2601 5412 ἐγγίζειν
2648 5358 2736 5412 μοι
2765 5342 2825 5394 τὸ
2874 5341 3041 5395 κακὸν
3062 5341 3334 5410 παρέσχεν
3362 5338 3640 5408 ἀφορμήν.

2081 5436 2139 5489 ’0
2174 5436 2335 5505 νόμος
2381 5430 2475 5489 οὖν
2522 5434 2682 5506 μόνον
2710 5433 2873 5505 νόμος
2915 5431 3132 5500 ἐγένετό
3179 5448 3269 5502 μοι
3298 5432 3379 5494 είς
3408 5431 3470 5483 τὸ
3502 5432 3645 5499 ἀγα-

2070 5526 2192 5581 θόν’
2225 5526 2353 5582 ἄλλο
2395 5525 2454 5579 δὲ
2504 5526 2687 5580 οὐδέν·
2723 5524 2889 5579 πόθεν
2915 5523 3098 5592 δῆλον,
3135 5524 3217 5578 ὅτι
3250 5523 3308 5577 τὸ
3343 5522 3514 5575 κακόν
3549 5539 3648 5593 μοι

1684 5647 1912 5705 γλιιιβε
1953 5645 2350 5703 LECTIONES.

474 5745 503 5787 ιο
542 5744 640 5803 llic
664 5754 745 5801 cst
780 5745 835 5801 in
864 5744 985 5803 cod.
1020 5760 1229 5801 rasura.
