3978 6218
310 244 444 311 1241

1155 244 1621 308 FRAGMENTA
1659 245 1741 308 ΙΝ
1776 242 2199 306 EPISTOLAM
2240 242 2339 303 AD
2375 242 2759 306 ROMANOS.

3454 230 3592 297 1242

308 356 576 419 ὡσαύτως
606 352 963 424 παράκειται.
994 351 1064 405 Ἦ
1104 353 1202 406 καὶ
1244 351 1416 415 οὕτως
1446 369 1461 384 ·
1485 353 1763 420 Εὑρίσκω
1794 350 1909 417 ἄρα
1937 397 1942 409 .

2032 346 2184 413 iacet,
2213 356 2360 403 certe
2388 355 2443 402 et
2470 347 2543 402 ita
2575 358 2677 404 est.
2710 346 2927 403 Invenio
2972 345 3141 414 igitur
3169 343 3356 415 legem,
3388 340 3441 398 id
3485 350 3591 400 est.

310 448 421 501 τὸν
448 448 659 516 νόμον,
694 446 961 510 τουτέστι,
999 444 1306 512 κατενόησα
1358 444 1456 496 καὶ
1492 442 1910 512 κατελάμϐανον

310 540 415 604 τὴν
450 537 606 607 ἰσχὺν
643 536 738 590 καὶ
767 535 867 605 τὴν
898 534 1061 604 φύσιν
1090 532 1184 587 τοῦ
1225 532 1417 601 νόμον.
1459 530 1711 602 Ἐξεῦρον
1744 529 1909 583 αὑτὸν

314 627 597 698 ἀκριϐῶς·
635 628 720 682 ὅτι
770 628 927 681 οὐδέν
995 643 1088 697 μοι
1155 623 1422 696 βοηθῆσαι
1476 624 1695 693 ῐσχυσε·
1745 621 1911 675 πόθεν

317 719 515 789 δῆλον;
546 720 631 773 ὅτι
661 719 906 775 θέλοντί
934 736 1033 787 μοι
1061 716 1255 771 ποιεῖν
1282 718 1348 770 τὸ
1382 714 1765 781 ualde-mito?»
1792 715 1914 766 ἐπι-

320 816 542 882 κουρεῖ·
573 812 689 866 ἀλλ’
720 812 921 882 ὁμοίως
943 811 1002 864 τὸ
1054 810 1223 863 κακὸν
1266 809 1598 880 παράκειται
1630 804 1913 878 ἄπρακτόν

326 921 419 973 μοι
458 903 521 956 τὸ
569 902 745 956 θέλειν
780 900 987 955 ποιοῦν.
1028 900 1117 953 Ἐν
1149 901 1325 970 τούτῳ
1354 895 1448 952 οὖν
1480 892 1639 968 εὖρον
1671 897 1915 968 ἀκριϐῶς

323 995 435 1049 τὸν
457 994 648 1063 νόμον
675 995 799 1047 ὅσον
834 993 1029 1062 ἰσχύει,
1060 990 1158 1044 καλ⁵
1184 990 1269 1054 τίς
1302 991 1450 1043 ἐστιν
1476 991 1510 1060 ἡ
1535 987 1699 1058 φύσις
1734 988 1912 1058 αὐτῷ,

328 1088 387 1140 ὲν
426 1086 505 1157 τῷ
544 1086 670 1156 ἐμοὶ
698 1084 779 1150 τῷ
810 1084 1050 1139 θέλοντι
1072 1082 1269 1137 ποιεῖν
1292 1083 1361 1136 τὸ
1390 1081 1604 1145 καλὸν,
1638 1079 1916 1151 εὑρίσκειν

324 1177 409 1230 ἔτι
439 1176 501 1230 τὸ
530 1175 717 1230 κακόν.
774 1174 1113 1245 Παράκειται
1151 1172 1261 1243 γὰρ
1303 1173 1399 1227 καὶ
1442 1171 1542 1226 οὐκ
1582 1170 1918 1240 ἀπελήλαται

327 1269 421 1323 ὑπ’
452 1267 617 1323 αὑτοῦ
650 1268 708 1334 ἐξ
744 1264 901 1337 ἐμοῦ.
943 1265 1178 1318 Δυνατὸν
1204 1265 1261 1319 δὲ
1294 1264 1384 1318 καὶ
1414 1262 1588 1328 οὕτως
1618 1263 1915 1333 ἐγγύτερον

324 1361 428 1431 τῆς
456 1360 653 1427 λέξεως
683 1358 957 1414 ἐκλαϐεῖν.
983 1358 1262 1427 Εὑρίσκω
1284 1356 1399 1425 ἄρα
1420 1357 1501 1422 τῷ
1526 1356 1764 1410 θέλοντι
1785 1353 1915 1423 ἐμοὶ

327 1452 525 1507 ποιεῖν
553 1452 620 1506 τὸ
643 1450 838 1506 καλὸν
859 1449 1001 1504 κατὰ
1026 1450 1117 1504 τὸν
1150 1450 1337 1521 νόμον,
1361 1448 1445 1502 ὅτι
1476 1446 1604 1517 ἐμοὶ
1631 1445 1696 1500 τὸ
1730 1444 1920 1499 κακὸν

329 1540 701 1609 παράκειται.
722 1540 830 1595 Καὶ
850 1540 957 1612 γὰρ
978 1541 1026 1593 oi
1058 1538 1200 1593 κατά
1229 1538 1294 1592 τὸ
1320 1538 1651 1607 Εὑαγγέλιον
1677 1536 1921 1599 θέλοντες

331 1636 509 1688 ποιεῖν
568 1633 631 1686 τὸ
681 1632 869 1700 καλὸν,
923 1632 1025 1703 οὐχ
1064 1631 1414 1704 εὑρίσκουσιν
1450 1630 1532 1685 ὅτι
1582 1630 1919 1701 παράκειται

2017 438 2201 495 notavi
2237 449 2292 495 et
2339 438 2580 495 intellexi
2616 438 2725 493 vim
2772 448 2827 494 et
2868 448 3122 493 naturam
3160 436 3318 506 legis.
3350 433 3594 505 Cognovi

2008 529 2157 584 illam
2204 528 2463 598 perfecte,
2510 529 2656 600 quod
2704 528 2842 583 nihil
2897 528 3160 598 adjuvare
3209 527 3401 582 valuit.
3437 523 3598 581 Unde

2009 630 2221 677 certum
2254 621 2372 676 est?
2398 621 2527 691 quia
2582 621 2774 676 volenti
2822 621 2951 673 mihi
2998 621 3170 690 facere
3211 619 3425 680 bonum,
3483 634 3594 671 non

2011 715 2333 770 auxiliatur.
2367 712 2474 769 Sed
2508 713 2765 769 similiter
2812 712 3020 766 malum
3072 714 3285 782 adjacet
3331 711 3598 766 inutiliter

2013 807 2149 861 mihi
2180 807 2318 862 velle
2372 807 2609 863 faciens.
2660 805 2715 861 In
2774 805 2881 859 ltoc
2926 806 3091 875 igitur
3135 807 3309 860 inveni
3362 803 3598 875 perfecte

2015 896 2175 966 legem
2206 906 2475 966 quantum
2497 897 2697 963 valeat,
2728 903 2784 952 et
2806 911 2931 967 quae
2962 895 3033 951 sit
3056 895 3176 964 ejus
3209 906 3421 961 natura,
3450 894 3598 964 quod
3672 918 3673 921 η

2015 988 2148 1041 mihi
2181 988 2377 1042 volenti
2405 988 2579 1058 facere
2615 989 2846 1053 bonum,
2905 986 3128 1041 invenio
3159 986 3337 1040 adhuc
3369 986 3596 1040 malum.

2014 1078 2242 1150 Adjacet
2266 1082 2413 1136 enim
2444 1090 2498 1136 et
2522 1096 2631 1136 non
2660 1083 2727 1136 ab
2762 1081 2855 1135 illa
2882 1095 2948 1135 ex
2980 1094 3068 1135 me
3106 1091 3380 1133 movetur.
3416 1079 3602 1133 Potest

2016 1182 2196 1226 autem
2228 1173 2309 1227 sic
2342 1173 2568 1242 propior
2594 1172 2851 1227 dictionis
2881 1186 3081 1228 sensus
3104 1170 3355 1240 intelligi.
3386 1167 3602 1223 Invenio

2016 1263 2185 1335 igitur
2212 1264 2405 1319 uolenti
2448 1264 2579 1318 mihi
2611 1264 2787 1333 facere
2819 1263 3015 1317 bonum
3047 1262 3351 1318 secundum
3406 1262 3603 1331 legem,

2016 1355 2267 1425 quoniam
2284 1355 2486 1409 malum
2532 1356 2665 1410 mihi
2696 1354 2927 1425 adjacet.
2952 1353 3165 1411 Etenim
3184 1355 3276 1424 qui
3302 1354 3603 1408 secundum

2017 1445 2371 1518 Evangelium
2422 1448 2614 1504 volunt
2662 1446 2845 1504 facere
2878 1448 3105 1512 bonum,
3155 1460 3265 1501 non
3317 1446 3607 1499 inveniunt

2022 1538 2286 1607 quoniam
2319 1540 2533 1610 adjacet
2567 1540 2676 1595 illis
2729 1539 2978 1606 malum;
3008 1554 3107 1609 per
3147 1538 3417 1608 baptisma
3457 1535 3604 1590 enim

2020 1631 2264 1685 ablatum
2294 1639 2348 1686 et
2372 1642 2618 1687 amotum
2666 1644 2786 1698 est;
2832 1634 2906 1686 ita
2955 1642 3010 1686 ut
3046 1641 3299 1701 oporteat
3347 1630 3414 1685 ad
3446 1629 3607 1686 Cltri-

330 1725 517 1789 αὐτοῖς
542 1725 603 1779 τὸ
634 1725 825 1781 κακόν.
879 1724 986 1779 Διὰ
1022 1725 1118 1777 τοῦ
1166 1723 1539 1793 βαπτίσματος
1567 1721 1677 1792 7&9
1706 1720 1915 1790 ἐξώσθη

2032 1729 2175 1778 stum
2205 1740 2301 1795 per
2330 1726 2602 1795 baptisma
2639 1726 2873 1793 ingredi,
2903 1725 3072 1795 legem
3098 1725 3435 1779 deserentes.

330 1818 430 1873 καὶ
468 1818 795 1890 ἀπελήλατο.
838 1818 1003 1871 Ὥστε
1054 1817 1138 1870 δεῖ
1183 1815 1407 1887 Χριστῷ
1447 1815 1769 1887 προσελθεῖν
1819 1813 1908 1869 διὰ
1947 1814 2042 1868 τοῦ
2076 1817 2471 1889 βαπτίσματος,
2510 1818 2908 1880 καταλιπόντας
2938 1817 3029 1870 τὸν
3054 1816 3237 1887 νόμον.

346 1910 411 1965 '0
438 1910 583 1978 Θεὸς
622 1910 733 1965 τὸν
778 1909 995 1964 ἑαυτοῦ
1040 1910 1284 1977 πέμψας
1320 1908 1459 1962 nar
1503 1909 1574 1962 ἐν
1613 1905 1930 1978 ὁμοιώματι

2032 1908 2167 1967 Car.
2214 1910 2345 1968 Vlll.
2380 1912 2548 1967 Vens.
2589 1912 2643 1966 5.
2674 1912 2816 1965 Deus
2852 1909 3060 1963 Filium
3088 1925 3243 1962 suum
3286 1908 3498 1962 mittens
3552 1906 3609 1960 in

839 1979 1069 2048 σαρκὸς
1104 1979 1419 2049 ἁμαρτίας.

2387 1982 2794 2036 similitudinem
2827 1980 3005 2034 carnis
3032 1978 3254 2048 peccati.

404 2073 653 2127 Φωτίου.
707 2071 942 2125 Δυνατὸν
979 2070 1088 2141 γὰρ
1136 2071 1234 2125 καὶ
1285 2071 1428 2125 οὑτω
1466 2069 1743 2136 στίξαντα,
1790 2070 1925 2124 ἀνα-

2114 2070 2319 2128 Photii.
2356 2072 2544 2130 Potest
2599 2073 2744 2129 enim
2794 2071 3013 2143 punetis
3066 2071 3142 2125 ita
3199 2067 3405 2124 notatis
3455 2067 3609 2138 legi:

333 2167 556 2236 γνῶναι·
575 2166 637 2219 '0
660 2166 802 2232 Θειίς
823 2166 933 2219 τὸν
950 2164 1167 2220 ἑαυτοῦ
1194 2162 1439 2234 πέμψας
1470 2165 1608 2218 Υίὸν
1632 2162 1701 2216 ἐν
1726 2161 1927 2232 ὁμοιώ-

2034 2164 2176 2221 Deus
2229 2165 2432 2221 Filium
2480 2182 2633 2221 suum
2679 2165 2895 2219 mittens
2942 2164 2999 2218 in
3039 2161 3394 2217 similitudine
3435 2158 3611 2213 carnis

304 2276 472 2330 part
514 2258 744 2327 σαρκὸς
784 2258 1093 2327 ἁμαρτίας,
1124 2257 1225 2311 καὶ
1271 2255 1405 2324 περὶ
1452 2255 1771 2325 ἁμαρτίας-ο
1808 2250 1928 2310 εἶτα

2032 2260 2256 2329 peccati,
2291 2266 2343 2312 et
2378 2259 2442 2313 de
2474 2266 2724 2327 peccato;
2756 2255 2952 2311 deinde
2983 2251 3234 2308 addendo
3271 2266 3287 2305 :
3328 2248 3613 2303 Damnavit

335 2352 659 2419 ἐπαγαγεῖν,
694 2348 1004 2417 κατέκρινε
1036 2348 1154 2415 τὴν
1183 2348 1479 2417 ἁμαρτίαν
1507 2347 1578 2400 ἐν
1603 2344 1677 2415 τῇ
1707 2346 1889 2415 σαρκί
1910 2360 1926 2377 ο

332 2441 579 2515 τουτέστι
618 2440 709 2493 τὸν
734 2439 861 2492 Υίὸν
901 2439 1029 2510 περὶ
1078 2437 1387 2508 ἁμαρτίαςο
1424 2438 1592 2508 ἤγουν
1635 2435 1798 2489 ἕνεκα
1826 2434 1928 2505 τῆς

334 2534 634 2605 ἁμαρτίας,
666 2530 761 2583 τοῦ
802 2529 995 2597 ἐξᾶραι
1022 2530 1226 2599 αὐτήν·
1266 2529 1361 2582 καὶ
1389 2527 1748 2599 ἐλευθερῶσαι
1772 2528 1923 2598 ἡμᾶς

336 2625 447 2678 ἀπὸ
505 2624 729 2694 ταύτης.
782 2624 905 2685 Πῶς
950 2621 1042 2675 οῦν
1088 2620 1289 2693 ἐξῆρες
1321 2621 1675 2691 Κατακρίνας
1731 2619 1925 2690 αὑτήν.

334 2717 412 2771 Θὺ
450 2716 560 2786 γάρ
596 2714 784 2779 ἁπλῶς
834 2714 928 2769 καὶ
977 2714 1433 2779 ἐξουσιαστικῶςο
1467 2713 1585 2768 ἀλλ’
1616 2714 1722 2767 ὑπὸ
1772 2713 1929 2783 δίκην

335 2808 562 2878 ἀγαγὼν
612 2807 801 2877 αὐτὴν,
853 2808 949 2861 καὶ
991 2807 1172 2873 δείξας
1204 2805 1463 2861 ἀλοῦσαν.
1495 2806 1618 2870 Πῶς
1662 2804 1755 2859 οὖν
1785 2806 1928 2860 ἐάλω

332 2902 429 2955 καὶ
471 2902 740 2972 innatat;
780 2900 850 2954 ἐν
896 2898 975 2968 τῇ
1030 2897 1209 2969 σαρκί
1247 2897 1436 2952 αὐτοῦ.
1473 2898 1765 2969 Προσιέναι
1816 2899 1926 2971 γάρ

334 2992 662 3064 βουληθεῖσα
688 2991 782 3046 καὶ
808 2991 882 3062 μὴ
910 2991 1200 3061 ίσχύσασα,
1226 2990 1370 3043 ἑάλω
1405 2988 1502 3042 καὶ
1520 2989 1778 3059 ἥττηται.

410 3083 483 3138 Τὸ
516 3082 585 3135 δὲ
613 3084 898 3152 φρόνημα
920 3080 1029 3148 τῆς
1057 3080 1287 3149 σαρκὸς
1310 3080 1493 3150 ἐχθρὰ
1518 3084 1606 3147 εις
1632 3086 1801 3136 Θεόν.

404 3172 653 3226 Φωτίου.
687 3171 883 3234 Καλῶς
912 3166 1004 3223 οὖν
1040 3186 1259 3240 φησιν,
1291 3170 1373 3223 ὅτι
1414 3168 1479 3224 τὸ
1521 3169 1777 3241 φρόνημα
1826 3172 1927 3240 τῆς

336 3264 539 3335 σαρκὸς
566 3261 645 3334 τῷ
683 3262 835 3331 νόμῳ
866 3260 961 3314 τοῦ
992 3259 1230 3331 Χριστοῦ
1270 3260 1371 3332 οὐχ
1402 3261 1794 3316 ὑποτάσσεται.
1837 3262 1926 3313 Ἐν

335 3356 444 3427 ὅσῳ
508 3356 606 3426 μὲν
658 3352 768 3424 7&9
818 3353 961 3416 ἐστι,
1010 3352 1167 3423 δῆλον
1200 3352 1281 3405 ὃτι
1309 3352 1407 3422 οὐχ
1436 3351 1833 3406 ὑποτάσσεταιο
1870 3354 1927 3405 ἐν

334 3450 447 3517 ὅσῳ
472 3447 529 3501 δὲ
562 3446 810 3518 παρέλθῃ
841 3446 935 3498 καὶ
962 3444 1297 3513 ἀπογένηται
1344 3442 1441 3497 τοῦ
1487 3443 1799 3514 ἀνθρώπου,
1833 3444 1926 3496 οὐ·

334 3540 502 3602 δόλως
530 3538 677 3592 ἐστιν
700 3554 716 3570 ·
748 3537 889 3591 ὥστε
922 3536 1032 3591 οὐδ’
1066 3535 1452 3590 ὑποτάσσεται.
1475 3535 1600 3599 Πῶς
1634 3534 1741 3606 γάρ
1771 3535 1838 3590 ἂν
1867 3535 1929 3589 τὸ

340 3633 414 3701 μὴ
464 3630 603 3701 θν,ῆ
650 3629 1067 3700 ἀντιστήσεται,
1102 3627 1136 3697 ἢ
1175 3627 1423 3697 ὑποταγῇ
1484 3642 1629 3691 τινι;
1682 3626 1780 3691 Τίς
1836 3626 1931 3681 οῦν

340 3725 738 3790 ὑποτάσσεται;
776 3722 835 3776 '0
867 3720 1155 3792 ἄνθρωπος
1187 3722 1244 3772 ἐν
1274 3711 1399 3787 ᾧτὸ
1428 3717 1693 3788 σαρκικὺν
1728 3720 1929 3790 φρόνη-

341 3832 419 3886 μα
468 3814 682 3887 [Suppl.
733 3814 831 3866 οὑκ
870 3811 1044 3884 Ean];
1081 3810 1194 3865 ἀλλ’
1236 3808 1318 3862 ἔτι
1370 3808 1468 3879 μὲν
1499 3814 1592 3861 τοῦ
1661 3810 1927 3876 σαρκικοῦ

339 3907 607 3974 παρόντος
643 3906 993 3976 φρονήματος
1012 3943 1027 3967 ,
1072 3901 1196 3955 οὐδὲ
1222 3902 1450 3963 ἐκεῖνος.
1475 3899 1928 3970 Καταϐληθέντος

340 4001 397 4054 δέ
443 4000 531 4053 διά
568 3997 873 4067 μετανοίαςξ
894 3996 992 4051 καὶ⁵
1026 3995 1483 4066 ὑποχωρήσαντος
1505 4035 1520 4062 ,
1552 3994 1676 4046 τότε
1722 3993 1930 4054 ἐκεῖνος

340 4094 689 4164 ἀγαθοεργεῖ,
718 4091 814 4144 καὶ⁵
837 4088 1203 4143 ὑποτάσσεται
1231 4086 1313 4157 τῷ
1341 4087 1491 4157 νόμῳ
1513 4085 1607 4142 τοῦ
1629 4085 1786 4141 Θεοῦ.

493 4185 707 4249 Ἐλπίς
731 4182 800 4236 δὲ
826 4179 1181 4250 βλεπομένη
1229 4182 1341 4233 οὐκ
1372 4180 1546 4233 ἐστιν
1582 4179 1780 4242 ἐλπίς.

412 4279 661 4333 Φωτίου.
697 4276 763 4330 Τί
796 4275 906 4348 7&9
934 4275 1037 4329 οὐκ
1068 4273 1334 4344 ἐλάϐομεν
1363 4272 1566 4343 ταύτην
1595 4271 1682 4324 διά
1706 4270 1930 4340 τοῦιβα-
1965 4312 2008 4368 D
2102 4270 2149 4307 ι’
2151 4270 2457 4368 fam-310:1

344 4370 676 4440 πτίσματος;
726 4339 849 4439 οὐξι
876 4339 986 4422 ’καὶ
1035 4366 1200 4429 αὐτὸς
1236 4339 1355 4436 ’πρὸ
1408 4339 1608 4435 μικροῦ
1652 4363 1810 4432 ἔφης,
1837 4339 1927 4416 γὸτι

2033 4343 2181 4413 nem)
2200 4357 2292 4413 per
2314 4340 2583 4410 baptisma
2604 4339 2627 4392 Τ

344 4460 584 4531 Πνεῦμα
612 4458 917 4524 υἱοθεσίας
945 4456 1219 4519 ἐλάϐετε;
1250 4453 1381 4521 Ναὶ,
1426 4453 1610 4525 φησίν.
1638 4452 1805 4507 Ποίαν
1841 4453 1934 4507 οὖν

344 4554 795 4627 ἀπεκδεχόμεθα;
825 4552 937 4624 Τὴν
973 4550 1402 4622 φανερουμένην,
1434 4548 1619 4618 φησὶν,
1661 4547 1802 4601 κατά
1833 4546 1931 4607 τὴν

342 4647 722 4718 ἀπολύτρωσιν
755 4642 849 4699 τοῦ
886 4640 1139 4713 σώματος
1182 4640 1360 4711 ἡμῶν.
1405 4638 1608 4707 Ἀλλην
1653 4637 1807 4709 παρά
1832 4638 1931 4708 τὴν

346 4740 673 4811 εἰρημένηνς
701 4736 794 4807 Μὴ
820 4734 1051 4803 γένοιτο.
1098 4732 1241 4786 Ἀλλ’
1269 4729 1441 4803 αὐτὴν
1480 4730 1698 4796 ἐκείνην
1726 4730 1930 4783 τελειό-

343 4850 501 4904 τερον
540 4828 972 4901 φανερουμένην,
1000 4827 1097 4881 καὶ
1123 4826 1211 4879 διὰ
1240 4825 1438 4896 πείρας
1471 4824 1645 4891 αὑτῆς
1677 4824 1934 4892 ἐπιγινω-

349 4920 641 4993 σκομένην.
674 4918 830 4974 Maca
860 4918 967 4988 7&9
1000 4916 1100 4987 τὴν
1136 4913 1517 4985 ἀπολύτρωσιν
1538 4912 1631 4966 τοῦ
1656 4910 1929 4983 σώματος,

344 5016 464 5067 τότε
502 5014 536 5083 ἡ
569 5012 679 5065 τῶν
730 5008 952 5079 ἀγαθῶν
984 5006 1308 5069 ἀπόλαυσις.
1342 5006 1477 5058 Τότε
1517 5004 1697 5058 πάντα
1730 5004 1801 5057 τά
1833 5003 1932 5073 τῆς

346 5104 617 5167 υἱοθεσίας
661 5100 1021 5173 γνωρίσματα
1066 5101 1163 5153 καὶ
1214 5096 1653 5167 ἀποτελέσματα.
1692 5096 1803 5149 Καὶ
1834 5092 1932 5148 νῦν

344 5197 451 5267 7&9
480 5194 567 5248 ἐπ’
598 5193 775 5248 ἐλπίδι
797 5192 1003 5246 τούτων
1024 5191 1291 5261 ἐλάϐομεν
1322 5188 1421 5259 τὴν
1452 5185 1744 5239 υἱοθεσίαν.
1764 5183 1933 5247 Αὐτὸς

341 5289 399 5343 δὲ
430 5286 909 5360 ἐμφαντικώτερον
937 5282 1111 5351 εἶπεν,
1138 5282 1467 5351 ἐσώθημεν.
1500 5278 1622 5342 Πῶς
1649 5278 1743 5332 οῦν
1770 5278 1932 5349 ἠλπί-

347 5398 522 5451 σαμεν
572 5378 776 5441 ταῦτα,
842 5376 918 5447 μὴ
964 5377 1173 5430 τούτων
1262 5370 1721 5445 παραγεγονότων
1804 5370 1929 5440 ἤδη,

349 5471 471 5542 μηδ’
516 5472 608 5524 ὑπ’
645 5468 769 5538 ὄψιν
815 5466 975 5538 ἡμῶν
1025 5466 1320 5527 πεσόντων,
1360 5462 1487 5535 μηδ’
1528 5460 1637 5515 ὑπὸ
1696 5460 1930 5529 πεῖραν;

346 5560 564 5626 Καλῶς,
593 5560 784 5630 φησὶν,
810 5558 907 5612 καὶ
948 5556 1206 5627 εὐλόγως.
1239 5556 1303 5611 El
1329 5554 1438 5627 7&9
1468 5552 1559 5607 ὑπ’
1589 5551 1711 5622 ὄψιν
1755 5549 1932 5621 ἡμῶν,

347 5655 442 5710 καὶ
470 5654 576 5707 ὑπὸ
610 5652 808 5719 πεῖραν
825 5650 926 5721 ήδη
958 5650 1026 5703 τά
1060 5646 1392 5720 ἐλπίςόμενα
1438 5643 1620 5718 ἀγαθά
1666 5643 1931 5714 ἐγεγόνει,

346 5750 444 5803 οὑκ
474 5748 540 5804 ἂν
569 5742 639 5818 ἦν
663 5745 1012 5816 ἐλπιζόμενα.

2029 2359 2301 2421 peccatum
2333 2351 2387 2403 in
2421 2364 2600 2403 carne.
2648 2348 2707 2403 Id
2758 2356 2861 2413 est,
2892 2344 3095 2401 Filium
3143 2344 3211 2399 de
3242 2352 3485 2413 peccato,
3520 2348 3616 2395 aut

2029 2459 2194 2499 causa
2218 2443 2449 2514 peccati,
2485 2450 2547 2497 ut
2585 2440 2719 2495 illud
2751 2440 2985 2504 tolleret,
3019 2446 3075 2493 et
3110 2451 3211 2492 nos
3240 2436 3312 2491 ab
3356 2435 3450 2489 illo
3476 2434 3614 2488 libe-

2032 2548 2199 2591 raret.
2251 2534 2537 2602 Quomodo
2583 2549 2713 2604 ergo
2770 2533 2930 2588 tulit?
2968 2532 3237 2587 damnans
3289 2528 3448 2593 illud,
3505 2542 3613 2580 non

2034 2629 2362 2699 simpliciter
2389 2638 2445 2682 et
2478 2627 2816 2689 facultative,
2867 2625 2961 2680 sed
2993 2623 3048 2677 in
3076 2622 3170 2693 jus
3203 2621 3361 2684 illud,
3409 2634 3615 2674 vocans
3712 2682 3733 2691 _

2033 2732 2087 2776 et
2115 2719 2429 2775 convictum
2454 2717 2773 2773 ostendens.
2801 2712 3093 2782 Quomodo
3114 2713 3280 2784 igitur
3302 2711 3613 2767 convictum

2030 2822 2086 2868 et
2114 2812 2387 2867 devictum
2424 2809 2546 2865 est?
2581 2806 2649 2864 In
2679 2824 2838 2862 carne
2870 2807 3055 2872 illius;
3094 2818 3218 2860 cum
3259 2802 3407 2858 enim
3456 2801 3618 2856 intel-

2030 2903 2200 2974 ligere
2234 2902 2505 2958 voluisset
2531 2908 2586 2957 ct
2621 2915 2730 2955 non
2774 2899 3060 2965 valuisset,
3096 2894 3412 2952 convictum
3435 2905 3488 2950 et
3518 2892 3618 2949 de-

2028 2996 2235 3049 victum
2274 3003 2377 3050 est.

2100 3087 2264 3143 Vens.
2285 3087 2336 3141 7.
2373 3086 2634 3152 Quoniam
2660 3084 2922 3155 sapientia
2951 3084 3129 3138 carnis
3151 3083 3368 3137 inimica
3387 3089 3465 3135 est
3485 3079 3618 3135 Deo.

2099 3180 2300 3234 Photii.
2334 3178 2502 3234 Recte
2540 3194 2671 3250 ergo
2693 3178 2846 3241 dicit,
2871 3177 3121 3248 quoniam
3147 3175 3406 3245 sapientia
3441 3173 3618 3227 carnis

2028 3269 2128 3341 legi
2153 3269 2355 3326 Christi
2376 3286 2479 3323 non
2499 3268 2736 3339 subjecta
2768 3276 2866 3323 est.
2899 3264 3150 3334 Quandiu
3189 3264 3335 3320 enim
3367 3272 3472 3328 est,
3500 3262 3618 3318 evi-

2028 3366 2163 3419 dens
2199 3372 2281 3418 est
2310 3363 2557 3433 quoniam
2597 3378 2703 3416 non
2747 3361 2988 3429 subjecta
3057 3369 3182 3422 est;
3234 3356 3478 3428 quandiu
3521 3370 3619 3409 au-

2030 3467 2137 3510 tem
2163 3457 2344 3526 elapsa
2395 3463 2477 3510 est
2512 3462 2567 3508 et
2598 3452 2869 3509 abscessit
2918 3451 2988 3506 ab
3019 3450 3261 3514 homine,
3288 3449 3513 3506 evldens
3539 3457 3622 3504 est

2030 3544 2288 3615 quoniam
2316 3558 2423 3598 non
2446 3542 2690 3612 subjecta
2718 3548 2823 3595 est.
2847 3537 3137 3606 Quomodo
3170 3538 3313 3592 enim
3346 3537 3493 3609 quod
3514 3552 3619 3591 non

2030 3645 2115 3691 est
2153 3645 2246 3691 aut
2280 3634 2497 3689 resistet
2524 3628 3313 3701 autsubjicieturalicui?quis
3335 3641 3464 3698 ergo
3492 3627 3623 3681 sub-

2025 3727 2204 3797 jectus
2222 3722 2347 3780 est?
2372 3725 2629 3788 homone,
2652 3722 2705 3776 in
2736 3736 2848 3792 quo
2873 3719 3138 3790 sapientia
3163 3718 3347 3773 carnis
3363 3733 3470 3771 non
3490 3725 3573 3771 est
3599 3716 3625 3770 τ

2030 3819 2279 3887 sedjam,
2327 3816 2381 3870 in
2417 3831 2527 3885 quo
2562 3814 2842 3868 invenitur
2870 3811 3053 3866 carnis
3088 3809 3375 3879 sapientia,
3398 3823 3505 3863 non
3534 3808 3624 3862 ille

2030 3919 2129 3965 est.
2168 3909 2489 3963 lntmutatus
2504 3917 2683 3961 autem
2713 3921 2807 3975 per
2831 3904 3207 3974 pcenitentiam
3224 3911 3276 3955 et
3294 3915 3617 3966 conversus,

2030 4012 2163 4058 tunc
2193 4002 2283 4057 ille
2317 4001 2518 4056 bonum
2561 4007 2818 4068 operatur
2846 4004 2900 4051 et
2926 3995 3028 4066 legi
3079 3994 3171 4049 Dei
3203 3992 3482 4061 subjectus
3513 3999 3617 4047 est.

2101 4158 2268 4214 Vsus.
2298 4157 2390 4213 24.
2423 4154 2555 4227 Spes
2582 4163 2758 4210 autem
2787 4168 2906 4220 quae
2940 4150 3149 4206 videtur
3176 4165 3279 4203 non
3300 4157 3377 4203 est
3424 4164 3561 4218 spes.

2102 4251 2303 4307 Photii.
2339 4248 2481 4315 Quid
2518 4261 2649 4318 ergo
2679 4262 2786 4300 non
2816 4243 3130 4313 accepimus
3169 4241 3316 4295 illam
3346 4240 3624 4311 (adoptio-

2656 4351 2837 4391 nonne
2855 4343 2911 4390 et
2939 4335 3053 4403 ipse
3083 4333 3246 4402 paulo
3268 4341 3395 4386 ante
3411 4330 3623 4395 dixisti.

2040 4436 2169 4507 quia
2200 4434 2473 4503 accepistis
2504 4432 2752 4499 spiritum
2790 4428 3090 4497 adoptionis
3118 4426 3143 4480 Ρ
3172 4426 3247 4479 Ita
3283 4433 3386 4491 εει,
3424 4421 3621 4491 inquit.

2037 4530 2262 4597 Qualem
2291 4542 2422 4598 ergo
2447 4533 2831 4595 exspectamus
2864 4522 2888 4576 ἲ
2932 4521 3071 4575 hanc
3100 4534 3222 4589 qua:
3278 4516 3624 4571 manifestata

2036 4633 2140 4686 est,
2181 4624 2278 4685 ait,
2310 4637 2407 4691 per
2446 4618 2875 4687 redemptionem
2908 4615 3156 4685 corporis
3199 4612 3394 4667 nostri.
3442 4609 3621 4664 Aliam

2037 4730 2103 4771 ac
2125 4714 2270 4768 illam
2302 4727 2421 4783 quae
2453 4713 2599 4767 dicta
2642 4709 2794 4763 fuit?
2827 4707 3004 4775 absitil
3065 4704 3158 4759 sed
3190 4702 3437 4758 eamdem
3475 4701 3623 4755 illam

2036 4809 2311 4880 posterius
2365 4804 2787 4863 manilestatam,
2836 4810 2890 4856 et
2927 4814 3023 4869 per
3072 4797 3191 4865 ejus
3232 4794 3625 4865 experientiam

2036 4900 2332 4971 cognitam.
2368 4896 2604 4959 Etenim,
2662 4902 2788 4964 post
2846 4888 3276 4959 redemptionem
3337 4885 3624 4956 corporis,

2038 5004 2170 5050 tunc
2201 4994 2467 5049 bonorum
2497 4989 2603 5045 erit
2633 4984 2909 5058 possessio
2952 5000 2967 5049 ;
3005 4991 3134 5037 tunc
3164 4980 3350 5036 omnia
3400 4994 3629 5035 cernen-

2038 5095 2130 5141 tur
2162 5085 2475 5154 adoptionis
2503 5082 2658 5152 signa
2689 5087 2744 5134 et
2771 5076 3019 5132 ell'ectus.
3066 5071 3224 5127 Nunc
3254 5071 3398 5127 enim
3434 5070 3488 5123 in
3531 5084 3626 5138 spe

2037 5191 2228 5233 eorum
2281 5173 2592 5241 accepimus
2630 5167 2975 5239 adoptionem
3015 5181 3031 5231 ;
3084 5163 3378 5234 Apostolus
3441 5168 3623 5215 autem

2037 5271 2277 5340 apertius
2328 5266 2459 5321 dicit
2497 5281 2511 5317 :
2558 5262 2707 5317 Salvi
2734 5261 2864 5340 facti
2899 5274 3102 5314 sumus.
3154 5253 3442 5323 Quomodo
3492 5266 3624 5320 ergo

2039 5376 2325 5433 speramus
2355 5358 2467 5422 illa,
2517 5372 2641 5410 cum
2666 5354 2777 5424 jam
2806 5334 2921 5406 [non
2954 5351 3255 5414 evenerint,
3299 5360 3476 5416 neque
3502 5346 3621 5399 visu

2041 5464 2251 5521 nostro,
2279 5466 2455 5521 neque
2471 5450 2809 5519 experientia
2831 5446 3046 5516 cognita
3073 5445 3183 5499 sint
3203 5442 3225 5494 ?
3248 5441 3386 5496 bene
3405 5446 3457 5493 et
3477 5448 3625 5492 recte

2042 5544 2327 5613 loquitur;
2362 5541 2406 5595 si
2439 5539 2587 5593 enim
2632 5540 2753 5593 visu
2797 5547 3007 5601 nostro,
3044 5543 3099 5589 et
3142 5528 3474 5601 experientia
3510 5528 3622 5594 jam

2042 5652 2163 5708 quze
2210 5640 2497 5704 sperantur
2540 5629 2682 5685 bona
2741 5628 2958 5699 cognita
2992 5632 3196 5690 essent,
3245 5637 3351 5679 non
3411 5628 3628 5694 sperata

2045 5741 2220 5787 Ot'cItt.
