  <div class='ocr_page' id='page_1' title='image "/cluster/home/n/w/nwhite01/storage/ocr_20150623/101 pt.1/mdp.39015061955830/645.png"; bbox 0 0 3978 6218; ppageno 0'>
   <div class='ocr_carea' id='block_1_1' title="bbox 447 273 588 338">
    <p class='ocr_par' dir='ltr' id='par_1_1' title="bbox 447 273 588 338">
     <span class='ocr_line' id='line_1_1' title="bbox 447 273 588 338; baseline -0.043 0"><span class='ocrx_word' id='word_1_1' title='bbox 447 273 588 338; x_wconf 63' lang='grc'>1243</span> 
     </span>
    </p>
   </div>
   <div class='ocr_carea' id='block_1_2' title="bbox 377 385 1659 460">
    <p class='ocr_par' dir='ltr' id='par_1_2' title="bbox 377 385 1659 460">
     <span class='ocr_line' id='line_1_2' title="bbox 377 385 1659 460; baseline 0 -18"><span class='ocrx_word' id='word_1_2' title='bbox 377 455 384 460; x_wconf 88' lang='lat'><strong><em>_</em></strong></span> <span class='ocrx_word' id='word_1_3' title='bbox 496 387 658 444; x_wconf 77' lang='lat' dir='ltr'><strong>Vsus.</strong></span> <span class='ocrx_word' id='word_1_4' title='bbox 691 388 778 442; x_wconf 80' lang='lat'><strong>&#39;51.</strong></span> <span class='ocrx_word' id='word_1_5' title='bbox 821 385 963 453; x_wconf 89' lang='lat' dir='ltr'><strong>Quid</strong></span> <span class='ocrx_word' id='word_1_6' title='bbox 988 403 1107 457; x_wconf 89' lang='lat' dir='ltr'><strong>ergo</strong></span> <span class='ocrx_word' id='word_1_7' title='bbox 1146 387 1378 441; x_wconf 81' lang='lat' dir='ltr'><strong>dicemus</strong></span> <span class='ocrx_word' id='word_1_8' title='bbox 1408 386 1476 440; x_wconf 87' lang='lat' dir='ltr'><strong>ad</strong></span> <span class='ocrx_word' id='word_1_9' title='bbox 1498 388 1608 442; x_wconf 73' lang='lat' dir='ltr'><strong>hazc</strong></span> <span class='ocrx_word' id='word_1_10' title='bbox 1634 390 1659 442; x_wconf 70' lang='grc' dir='ltr'><em>Ρ</em></span> 
     </span>
    </p>
   </div>
   <div class='ocr_carea' id='block_1_3' title="bbox 488 477 2004 545">
    <p class='ocr_par' dir='ltr' id='par_1_3' title="bbox 488 477 2004 545">
     <span class='ocr_line' id='line_1_3' title="bbox 488 477 2004 545; baseline -0.002 -9"><span class='ocrx_word' id='word_1_11' title='bbox 488 478 686 536; x_wconf 82' lang='lat' dir='ltr'><strong>Pltotii.</strong></span> <span class='ocrx_word' id='word_1_12' title='bbox 710 479 870 536; x_wconf 86' lang='lat' dir='ltr'><strong>Certe</strong></span> <span class='ocrx_word' id='word_1_13' title='bbox 907 480 977 533; x_wconf 89' lang='lat' dir='ltr'><strong>ita</strong></span> <span class='ocrx_word' id='word_1_14' title='bbox 1001 487 1102 533; x_wconf 84' lang='lat' dir='ltr'><strong>est.</strong></span> <span class='ocrx_word' id='word_1_15' title='bbox 1137 479 1278 545; x_wconf 84' lang='lat' dir='ltr'><strong>Quid</strong></span> <span class='ocrx_word' id='word_1_16' title='bbox 1308 479 1540 534; x_wconf 81' lang='lat' dir='ltr'><strong>dicemus</strong></span> <span class='ocrx_word' id='word_1_17' title='bbox 1568 484 1634 534; x_wconf 89' lang='lat' dir='ltr'><strong>ad</strong></span> <span class='ocrx_word' id='word_1_18' title='bbox 1666 480 1775 534; x_wconf 65' lang='lat' dir='ltr'><strong>haec</strong></span> <span class='ocrx_word' id='word_1_19' title='bbox 1798 481 1822 533; x_wconf 85' lang='lat'><strong><em>?</em></strong></span> <span class='ocrx_word' id='word_1_20' title='bbox 1849 477 2004 545; x_wconf 85' lang='lat' dir='ltr'><strong>Quod</strong></span> 
     </span>
    </p>
   </div>
   <div class='ocr_carea' id='block_1_4' title="bbox 422 571 2005 646">
    <p class='ocr_par' dir='ltr' id='par_1_4' title="bbox 422 571 2005 646">
     <span class='ocr_line' id='line_1_4' title="bbox 422 571 2005 646; baseline -0.004 -15"><span class='ocrx_word' id='word_1_21' title='bbox 422 575 606 646; x_wconf 79' lang='lat' dir='ltr'><strong>elegit,</strong></span> <span class='ocrx_word' id='word_1_22' title='bbox 641 575 786 644; x_wconf 89' lang='lat' dir='ltr'><strong>quod</strong></span> <span class='ocrx_word' id='word_1_23' title='bbox 828 572 1060 636; x_wconf 86' lang='lat' dir='ltr'><strong>vocavit,</strong></span> <span class='ocrx_word' id='word_1_24' title='bbox 1109 573 1252 641; x_wconf 90' lang='lat' dir='ltr'><strong>quod</strong></span> <span class='ocrx_word' id='word_1_25' title='bbox 1279 571 1626 641; x_wconf 84' lang='lat' dir='ltr'><strong>justiﬁcavit,</strong></span> <span class='ocrx_word' id='word_1_26' title='bbox 1658 571 1804 642; x_wconf 91' lang='lat' dir='ltr'><strong>quod</strong></span> <span class='ocrx_word' id='word_1_27' title='bbox 1834 571 2005 640; x_wconf 82' lang='lat' dir='ltr'><strong>glori-</strong></span> 
     </span>
    </p>
   </div>
   <div class='ocr_carea' id='block_1_5' title="bbox 425 665 2003 734">
    <p class='ocr_par' dir='ltr' id='par_1_5' title="bbox 425 665 2003 734">
     <span class='ocr_line' id='line_1_5' title="bbox 425 665 2003 734; baseline -0.003 -12"><span class='ocrx_word' id='word_1_28' title='bbox 425 667 624 722; x_wconf 80' lang='lat' dir='ltr'><strong>ﬁcavit.</strong></span> <span class='ocrx_word' id='word_1_29' title='bbox 671 667 751 719; x_wconf 86' lang='lat' dir='ltr'><strong>Ad</strong></span> <span class='ocrx_word' id='word_1_30' title='bbox 799 675 1006 719; x_wconf 89' lang='lat' dir='ltr'><strong>tantam</strong></span> <span class='ocrx_word' id='word_1_31' title='bbox 1072 665 1458 720; x_wconf 83' lang='lat' dir='ltr'><strong>beneﬁciorum</strong></span> <span class='ocrx_word' id='word_1_32' title='bbox 1506 665 2003 734; x_wconf 81' lang='lat' dir='ltr'><strong>magniﬁcentiam,</strong></span> 
     </span>
    </p>
   </div>
   <div class='ocr_carea' id='block_1_6' title="bbox 426 756 2002 828">
    <p class='ocr_par' dir='ltr' id='par_1_6' title="bbox 426 756 2002 828">
     <span class='ocr_line' id='line_1_6' title="bbox 426 756 2002 828; baseline -0.001 -15"><span class='ocrx_word' id='word_1_33' title='bbox 426 759 556 828; x_wconf 91' lang='lat' dir='ltr'><strong>quid</strong></span> <span class='ocrx_word' id='word_1_34' title='bbox 580 756 860 813; x_wconf 84' lang='lat' dir='ltr'><strong>dicemus?</strong></span> <span class='ocrx_word' id='word_1_35' title='bbox 884 772 990 811; x_wconf 94' lang='lat' dir='ltr'><strong>non</strong></span> <span class='ocrx_word' id='word_1_36' title='bbox 1008 758 1198 828; x_wconf 78' lang='lat' dir='ltr'><strong>gratis,</strong></span> <span class='ocrx_word' id='word_1_37' title='bbox 1222 757 1416 826; x_wconf 91' lang='lat' dir='ltr'><strong>inquit,</strong></span> <span class='ocrx_word' id='word_1_38' title='bbox 1444 757 1620 812; x_wconf 80' lang='lat' dir='ltr'><strong>verbis</strong></span> <span class='ocrx_word' id='word_1_39' title='bbox 1639 758 2002 822; x_wconf 80' lang='lat' dir='ltr'><strong>abundamus,</strong></span> 
     </span>
    </p>
   </div>
   <div class='ocr_carea' id='block_1_7' title="bbox 427 848 2007 921">
    <p class='ocr_par' dir='ltr' id='par_1_7' title="bbox 427 848 2007 921">
     <span class='ocr_line' id='line_1_7' title="bbox 427 848 2007 921; baseline -0.001 -16"><span class='ocrx_word' id='word_1_40' title='bbox 427 867 600 921; x_wconf 91' lang='lat' dir='ltr'><strong>neque</strong></span> <span class='ocrx_word' id='word_1_41' title='bbox 676 866 902 920; x_wconf 81' lang='lat' dir='ltr'><strong>Operam</strong></span> <span class='ocrx_word' id='word_1_42' title='bbox 949 850 1329 904; x_wconf 88' lang='lat' dir='ltr'><strong>retributione.</strong></span> <span class='ocrx_word' id='word_1_43' title='bbox 1389 848 1536 903; x_wconf 82' lang='lat' dir='ltr'><strong>Talis</strong></span> <span class='ocrx_word' id='word_1_44' title='bbox 1595 858 1677 902; x_wconf 90' lang='lat' dir='ltr'><strong>est</strong></span> <span class='ocrx_word' id='word_1_45' title='bbox 1718 849 2007 904; x_wconf 81' lang='lat' dir='ltr'><strong>inetl‘abilis</strong></span> 
     </span>
    </p>
   </div>
   <div class='ocr_carea' id='block_1_8' title="bbox 349 925 2004 1012">
    <p class='ocr_par' dir='ltr' id='par_1_8' title="bbox 349 925 2004 1012">
     <span class='ocr_line' id='line_1_8' title="bbox 349 925 2004 1012; baseline -0.001 -17"><span class='ocrx_word' id='word_1_46' title='bbox 349 925 352 928; x_wconf 48' lang='grc'><em>’</em></span> <span class='ocrx_word' id='word_1_47' title='bbox 423 943 542 1010; x_wconf 74' lang='lat' dir='ltr'><strong>ejus</strong></span> <span class='ocrx_word' id='word_1_48' title='bbox 575 943 720 996; x_wconf 89' lang='lat' dir='ltr'><strong>circa</strong></span> <span class='ocrx_word' id='word_1_49' title='bbox 755 957 856 996; x_wconf 92' lang='lat' dir='ltr'><strong>nos</strong></span> <span class='ocrx_word' id='word_1_50' title='bbox 887 942 1080 1012; x_wconf 80' lang='lat' dir='ltr'><strong>gratia.</strong></span> <span class='ocrx_word' id='word_1_51' title='bbox 1111 940 1314 995; x_wconf 80' lang='lat' dir='ltr'><strong>Deinde</strong></span> <span class='ocrx_word' id='word_1_52' title='bbox 1343 942 1498 1009; x_wconf 87' lang='lat' dir='ltr'><strong>quasi</strong></span> <span class='ocrx_word' id='word_1_53' title='bbox 1529 941 1740 1011; x_wconf 87' lang='lat' dir='ltr'><strong>copiam</strong></span> <span class='ocrx_word' id='word_1_54' title='bbox 1779 954 2004 1009; x_wconf 87' lang='lat' dir='ltr'><strong>accepe-</strong></span> 
     </span>
    </p>
   </div>
   <div class='ocr_carea' id='block_1_9' title="bbox 421 1032 2007 1112">
    <p class='ocr_par' dir='ltr' id='par_1_9' title="bbox 421 1032 2007 1112">
     <span class='ocr_line' id='line_1_9' title="bbox 421 1032 2007 1112; baseline -0.002 -23"><span class='ocrx_word' id='word_1_55' title='bbox 421 1037 493 1089; x_wconf 87' lang='lat' dir='ltr'><strong>rit</strong></span> <span class='ocrx_word' id='word_1_56' title='bbox 523 1035 667 1101; x_wconf 88' lang='lat' dir='ltr'><strong>inde,</strong></span> <span class='ocrx_word' id='word_1_57' title='bbox 690 1033 834 1112; x_wconf 38' lang='lat' dir='ltr'><strong>.dicit</strong></span> <span class='ocrx_word' id='word_1_58' title='bbox 864 1053 876 1088; x_wconf 88' lang='lat'><strong>:</strong></span> <span class='ocrx_word' id='word_1_59' title='bbox 912 1032 968 1087; x_wconf 89' lang='lat' dir='ltr'><strong>Si</strong></span> <span class='ocrx_word' id='word_1_60' title='bbox 1001 1033 1138 1087; x_wconf 83' lang='lat' dir='ltr'><strong>Deus</strong></span> <span class='ocrx_word' id='word_1_61' title='bbox 1171 1050 1264 1102; x_wconf 88' lang='lat' dir='ltr'><strong>pro</strong></span> <span class='ocrx_word' id='word_1_62' title='bbox 1296 1034 1461 1098; x_wconf 86' lang='lat' dir='ltr'><strong>nobis,</strong></span> <span class='ocrx_word' id='word_1_63' title='bbox 1499 1035 1614 1102; x_wconf 82' lang='lat' dir='ltr'><strong>quis</strong></span> <span class='ocrx_word' id='word_1_64' title='bbox 1643 1044 1826 1085; x_wconf 80' lang='lat' dir='ltr'><strong>contra</strong></span> <span class='ocrx_word' id='word_1_65' title='bbox 1862 1049 1953 1086; x_wconf 87' lang='lat' dir='ltr'><strong>nos</strong></span> <span class='ocrx_word' id='word_1_66' title='bbox 1981 1032 2007 1086; x_wconf 87' lang='lat'><strong><em>?</em></strong></span> 
     </span>
    </p>
   </div>
   <div class='ocr_carea' id='block_1_10' title="bbox 424 1125 2003 1196">
    <p class='ocr_par' dir='ltr' id='par_1_10' title="bbox 424 1125 2003 1196">
     <span class='ocr_line' id='line_1_10' title="bbox 424 1125 2003 1196; baseline 0.001 -17"><span class='ocrx_word' id='word_1_67' title='bbox 424 1141 592 1180; x_wconf 90' lang='lat' dir='ltr'><strong>nemo</strong></span> <span class='ocrx_word' id='word_1_68' title='bbox 623 1143 638 1192; x_wconf 89' lang='lat'><strong>;</strong></span> <span class='ocrx_word' id='word_1_69' title='bbox 673 1127 927 1196; x_wconf 81' lang='lat' dir='ltr'><strong>quamvis</strong></span> <span class='ocrx_word' id='word_1_70' title='bbox 957 1127 1100 1180; x_wconf 91' lang='lat' dir='ltr'><strong>enim</strong></span> <span class='ocrx_word' id='word_1_71' title='bbox 1138 1125 1304 1194; x_wconf 81' lang='lat' dir='ltr'><strong>aliqui</strong></span> <span class='ocrx_word' id='word_1_72' title='bbox 1337 1140 1531 1180; x_wconf 83' lang='lat' dir='ltr'><strong>nocere</strong></span> <span class='ocrx_word' id='word_1_73' title='bbox 1560 1126 1860 1180; x_wconf 85' lang='lat' dir='ltr'><strong>niterentur</strong></span> <span class='ocrx_word' id='word_1_74' title='bbox 1893 1141 2003 1180; x_wconf 87' lang='lat' dir='ltr'><strong>non</strong></span> 
     </span>
    </p>
   </div>
   <div class='ocr_carea' id='block_1_11' title="bbox 425 1215 1205 1284">
    <p class='ocr_par' dir='ltr' id='par_1_11' title="bbox 425 1215 1205 1284">
     <span class='ocr_line' id='line_1_11' title="bbox 425 1215 1205 1284; baseline 0 -16"><span class='ocrx_word' id='word_1_75' title='bbox 425 1217 722 1280; x_wconf 85' lang='lat' dir='ltr'><strong>nocebunt,</strong></span> <span class='ocrx_word' id='word_1_76' title='bbox 759 1215 852 1270; x_wconf 77' lang='lat' dir='ltr'><strong>sed</strong></span> <span class='ocrx_word' id='word_1_77' title='bbox 886 1216 1205 1284; x_wconf 88' lang='lat' dir='ltr'><strong>proderunt.</strong></span> 
     </span>
    </p>
   </div>
   <div class='ocr_carea' id='block_1_12' title="bbox 421 1304 2002 1376">
    <p class='ocr_par' dir='ltr' id='par_1_12' title="bbox 421 1304 2002 1376">
     <span class='ocr_line' id='line_1_12' title="bbox 421 1304 2002 1376; baseline -0.002 -15"><span class='ocrx_word' id='word_1_78' title='bbox 421 1305 574 1361; x_wconf 82' lang='lat' dir='ltr'><strong>CAP.</strong></span> <span class='ocrx_word' id='word_1_79' title='bbox 615 1307 746 1360; x_wconf 78' lang='lat' dir='ltr'><strong>Vlll.</strong></span> <span class='ocrx_word' id='word_1_80' title='bbox 780 1306 938 1361; x_wconf 71' lang='lat' dir='ltr'><strong>Vsus.</strong></span> <span class='ocrx_word' id='word_1_81' title='bbox 979 1305 1069 1360; x_wconf 73' lang='lat'><strong>28.</strong></span> <span class='ocrx_word' id='word_1_82' title='bbox 1120 1304 1216 1359; x_wconf 84' lang='lat' dir='ltr'><strong>llis</strong></span> <span class='ocrx_word' id='word_1_83' title='bbox 1245 1306 1334 1376; x_wconf 85' lang='lat' dir='ltr'><strong>qui</strong></span> <span class='ocrx_word' id='word_1_84' title='bbox 1360 1306 1646 1359; x_wconf 86' lang='lat' dir='ltr'><strong>secundum</strong></span> <span class='ocrx_word' id='word_1_85' title='bbox 1678 1305 2002 1375; x_wconf 86' lang='lat' dir='ltr'><strong>propositum</strong></span> 
     </span>
    </p>
   </div>
   <div class='ocr_carea' id='block_1_13' title="bbox 1022 1399 1368 1449">
    <p class='ocr_par' dir='ltr' id='par_1_13' title="bbox 1022 1399 1368 1449">
     <span class='ocr_line' id='line_1_13' title="bbox 1022 1399 1368 1449; baseline 0 -2"><span class='ocrx_word' id='word_1_86' title='bbox 1022 1405 1142 1449; x_wconf 85' lang='lat' dir='ltr'><strong>sunt</strong></span> <span class='ocrx_word' id='word_1_87' title='bbox 1181 1399 1368 1449; x_wconf 79' lang='lat' dir='ltr'><strong>sancti.</strong></span> 
     </span>
    </p>
   </div>
   <div class='ocr_carea' id='block_1_14' title="bbox 497 1485 2000 1556">
    <p class='ocr_par' dir='ltr' id='par_1_14' title="bbox 497 1485 2000 1556">
     <span class='ocr_line' id='line_1_14' title="bbox 497 1485 2000 1556; baseline 0.003 -18"><span class='ocrx_word' id='word_1_88' title='bbox 497 1485 691 1540; x_wconf 84' lang='lat' dir='ltr'><strong>Photii.</strong></span> <span class='ocrx_word' id='word_1_89' title='bbox 719 1486 774 1539; x_wconf 93' lang='lat' dir='ltr'><strong>ld</strong></span> <span class='ocrx_word' id='word_1_90' title='bbox 794 1495 897 1551; x_wconf 89' lang='lat' dir='ltr'><strong>est,</strong></span> <span class='ocrx_word' id='word_1_91' title='bbox 919 1487 1005 1540; x_wconf 87' lang='lat' dir='ltr'><strong>his</strong></span> <span class='ocrx_word' id='word_1_92' title='bbox 1034 1491 1126 1556; x_wconf 91' lang='lat' dir='ltr'><strong>qui</strong></span> <span class='ocrx_word' id='word_1_93' title='bbox 1159 1492 1457 1541; x_wconf 87' lang='lat' dir='ltr'><strong>secundum</strong></span> <span class='ocrx_word' id='word_1_94' title='bbox 1490 1489 1786 1554; x_wconf 71' lang='lat' dir='ltr'><strong>dcet-etum,</strong></span> <span class='ocrx_word' id='word_1_95' title='bbox 1811 1504 2000 1543; x_wconf 75' lang='lat' dir='ltr'><strong>secun-</strong></span> 
     </span>
    </p>
   </div>
   <div class='ocr_carea' id='block_1_15' title="bbox 422 1567 2006 1652">
    <p class='ocr_par' dir='ltr' id='par_1_15' title="bbox 422 1567 2006 1652">
     <span class='ocr_line' id='line_1_15' title="bbox 422 1567 2006 1652; baseline -0.002 -16"><span class='ocrx_word' id='word_1_96' title='bbox 422 1583 551 1637; x_wconf 87' lang='lat' dir='ltr'><strong>dum</strong></span> <span class='ocrx_word' id='word_1_97' title='bbox 583 1581 948 1652; x_wconf 86' lang='lat' dir='ltr'><strong>propositum,</strong></span> <span class='ocrx_word' id='word_1_98' title='bbox 976 1567 1124 1650; x_wconf 75' lang='lat' dir='ltr'><strong>digni</strong></span> <span class='ocrx_word' id='word_1_99' title='bbox 1154 1580 1324 1634; x_wconf 84' lang='lat' dir='ltr'><strong>habiti</strong></span> <span class='ocrx_word' id='word_1_100' title='bbox 1354 1592 1483 1634; x_wconf 89' lang='lat' dir='ltr'><strong>sunt</strong></span> <span class='ocrx_word' id='word_1_101' title='bbox 1526 1581 1816 1634; x_wconf 80' lang='lat' dir='ltr'><strong>sanctitate</strong></span> <span class='ocrx_word' id='word_1_102' title='bbox 1846 1595 2006 1634; x_wconf 86' lang='lat' dir='ltr'><strong>voca-</strong></span> 
     </span>
    </p>
   </div>
   <div class='ocr_carea' id='block_1_16' title="bbox 424 1675 604 1730">
    <p class='ocr_par' dir='ltr' id='par_1_16' title="bbox 424 1675 604 1730">
     <span class='ocr_line' id='line_1_16' title="bbox 424 1675 604 1730; baseline -0.011 0"><span class='ocrx_word' id='word_1_103' title='bbox 424 1675 604 1730; x_wconf 87' lang='lat' dir='ltr'><strong>tionis.</strong></span> 
     </span>
    </p>
   </div>
   <div class='ocr_carea' id='block_1_17' title="bbox 421 1784 1999 1856">
    <p class='ocr_par' dir='ltr' id='par_1_17' title="bbox 421 1784 1999 1856">
     <span class='ocr_line' id='line_1_17' title="bbox 421 1784 1999 1856; baseline -0.003 -14"><span class='ocrx_word' id='word_1_104' title='bbox 421 1788 692 1844; x_wconf 62' lang='lat'><strong>“185.52.</strong></span> <span class='ocrx_word' id='word_1_105' title='bbox 736 1788 842 1853; x_wconf 89' lang='lat' dir='ltr'><strong>Qui</strong></span> <span class='ocrx_word' id='word_1_106' title='bbox 880 1789 1038 1842; x_wconf 88' lang='lat' dir='ltr'><strong>etiam</strong></span> <span class='ocrx_word' id='word_1_107' title='bbox 1065 1787 1280 1856; x_wconf 86' lang='lat' dir='ltr'><strong>proprio</strong></span> <span class='ocrx_word' id='word_1_108' title='bbox 1320 1784 1462 1839; x_wconf 84' lang='lat' dir='ltr'><strong>Filio</strong></span> <span class='ocrx_word' id='word_1_109' title='bbox 1496 1803 1590 1840; x_wconf 86' lang='lat' dir='ltr'><strong>suo</strong></span> <span class='ocrx_word' id='word_1_110' title='bbox 1620 1803 1718 1838; x_wconf 83' lang='lat' dir='ltr'><strong>non</strong></span> <span class='ocrx_word' id='word_1_111' title='bbox 1749 1787 1999 1854; x_wconf 84' lang='lat' dir='ltr'><strong>pepercit,</strong></span> 
     </span>
    </p>
   </div>
   <div class='ocr_carea' id='block_1_18' title="bbox 491 1857 2002 1929">
    <p class='ocr_par' dir='ltr' id='par_1_18' title="bbox 491 1857 2002 1929">
     <span class='ocr_line' id='line_1_18' title="bbox 491 1857 2002 1929; baseline -0.003 -17"><span class='ocrx_word' id='word_1_112' title='bbox 491 1863 579 1913; x_wconf 87' lang='lat' dir='ltr'><strong>sed</strong></span> <span class='ocrx_word' id='word_1_113' title='bbox 610 1876 704 1929; x_wconf 89' lang='lat' dir='ltr'><strong>pro</strong></span> <span class='ocrx_word' id='word_1_114' title='bbox 724 1859 873 1914; x_wconf 84' lang='lat' dir='ltr'><strong>nobis</strong></span> <span class='ocrx_word' id='word_1_115' title='bbox 901 1858 1139 1910; x_wconf 85' lang='lat' dir='ltr'><strong>omnibus</strong></span> <span class='ocrx_word' id='word_1_116' title='bbox 1169 1857 1385 1929; x_wconf 83' lang='lat' dir='ltr'><strong>tradidit</strong></span> <span class='ocrx_word' id='word_1_117' title='bbox 1406 1857 1591 1920; x_wconf 78' lang='lat' dir='ltr'><strong>illum;</strong></span> <span class='ocrx_word' id='word_1_118' title='bbox 1615 1857 1876 1929; x_wconf 74' lang='lat' dir='ltr'><strong>quomodo</strong></span> <span class='ocrx_word' id='word_1_119' title='bbox 1900 1874 2002 1909; x_wconf 84' lang='lat' dir='ltr'><strong>non</strong></span> 
     </span>
    </p>
   </div>
   <div class='ocr_carea' id='block_1_19' title="bbox 489 1928 1628 1983">
    <p class='ocr_par' dir='ltr' id='par_1_19' title="bbox 489 1928 1628 1983">
     <span class='ocr_line' id='line_1_19' title="bbox 489 1928 1628 1983; baseline -0.004 0"><span class='ocrx_word' id='word_1_120' title='bbox 489 1928 652 1983; x_wconf 87' lang='lat' dir='ltr'><strong>etiam</strong></span> <span class='ocrx_word' id='word_1_121' title='bbox 691 1946 809 1982; x_wconf 89' lang='lat' dir='ltr'><strong>cum</strong></span> <span class='ocrx_word' id='word_1_122' title='bbox 844 1929 936 1982; x_wconf 79' lang='lat' dir='ltr'><strong>illo</strong></span> <span class='ocrx_word' id='word_1_123' title='bbox 979 1931 1154 1980; x_wconf 83' lang='lat' dir='ltr'><strong>omnia</strong></span> <span class='ocrx_word' id='word_1_124' title='bbox 1191 1928 1337 1980; x_wconf 85' lang='lat' dir='ltr'><strong>nobis</strong></span> <span class='ocrx_word' id='word_1_125' title='bbox 1365 1928 1628 1980; x_wconf 82' lang='lat' dir='ltr'><strong>donavit?</strong></span> 
     </span>
    </p>
   </div>
   <div class='ocr_carea' id='block_1_20' title="bbox 491 2017 2004 2090">
    <p class='ocr_par' dir='ltr' id='par_1_20' title="bbox 491 2017 2004 2090">
     <span class='ocr_line' id='line_1_20' title="bbox 491 2017 2004 2090; baseline -0.001 -15"><span class='ocrx_word' id='word_1_126' title='bbox 491 2022 690 2075; x_wconf 80' lang='lat' dir='ltr'><strong>Pliotii.</strong></span> <span class='ocrx_word' id='word_1_127' title='bbox 733 2020 970 2089; x_wconf 81' lang='lat' dir='ltr'><strong>Apponit</strong></span> <span class='ocrx_word' id='word_1_128' title='bbox 1012 2019 1176 2089; x_wconf 81' lang='lat' dir='ltr'><strong>igitur</strong></span> <span class='ocrx_word' id='word_1_129' title='bbox 1211 2019 1385 2074; x_wconf 83' lang='lat' dir='ltr'><strong>illud:</strong></span> <span class='ocrx_word' id='word_1_130' title='bbox 1418 2017 1524 2084; x_wconf 80' lang='lat' dir='ltr'><strong>Qui</strong></span> <span class='ocrx_word' id='word_1_131' title='bbox 1581 2018 1741 2071; x_wconf 87' lang='lat' dir='ltr'><strong>etiam</strong></span> <span class='ocrx_word' id='word_1_132' title='bbox 1791 2021 2004 2090; x_wconf 78' lang='lat' dir='ltr'><strong>proprio</strong></span> 
     </span>
    </p>
   </div>
   <div class='ocr_carea' id='block_1_21' title="bbox 337 2110 2008 2182">
    <p class='ocr_par' dir='ltr' id='par_1_21' title="bbox 337 2110 2008 2182">
     <span class='ocr_line' id='line_1_21' title="bbox 337 2110 2008 2182; baseline -0.002 -14"><span class='ocrx_word' id='word_1_133' title='bbox 337 2121 340 2124; x_wconf 72' lang='grc'><strong>“</strong></span> <span class='ocrx_word' id='word_1_134' title='bbox 422 2113 566 2168; x_wconf 81' lang='lat' dir='ltr'><strong>Filio</strong></span> <span class='ocrx_word' id='word_1_135' title='bbox 590 2131 691 2166; x_wconf 87' lang='lat' dir='ltr'><strong>non</strong></span> <span class='ocrx_word' id='word_1_136' title='bbox 719 2112 968 2182; x_wconf 79' lang='lat' dir='ltr'><strong>pepercit.</strong></span> <span class='ocrx_word' id='word_1_137' title='bbox 1005 2111 1459 2174; x_wconf 85' lang='lat' dir='ltr'><strong>Sollicitudinem,</strong></span> <span class='ocrx_word' id='word_1_138' title='bbox 1479 2119 1540 2165; x_wconf 86' lang='lat' dir='ltr'><strong>ut</strong></span> <span class='ocrx_word' id='word_1_139' title='bbox 1570 2111 1830 2177; x_wconf 82' lang='lat' dir='ltr'><strong>diximus,</strong></span> <span class='ocrx_word' id='word_1_140' title='bbox 1867 2110 2008 2166; x_wconf 81' lang='lat' dir='ltr'><strong>inef-</strong></span> 
     </span>
    </p>
   </div>
   <div class='ocr_carea' id='block_1_22' title="bbox 423 2204 2005 2274">
    <p class='ocr_par' dir='ltr' id='par_1_22' title="bbox 423 2204 2005 2274">
     <span class='ocr_line' id='line_1_22' title="bbox 423 2204 2005 2274; baseline -0.003 -12"><span class='ocrx_word' id='word_1_141' title='bbox 423 2207 643 2262; x_wconf 75' lang='lat' dir='ltr'><strong>fabilem</strong></span> <span class='ocrx_word' id='word_1_142' title='bbox 669 2205 761 2260; x_wconf 89' lang='lat' dir='ltr'><strong>Dei</strong></span> <span class='ocrx_word' id='word_1_143' title='bbox 788 2207 930 2260; x_wconf 89' lang='lat' dir='ltr'><strong>circa</strong></span> <span class='ocrx_word' id='word_1_144' title='bbox 958 2221 1059 2260; x_wconf 90' lang='lat' dir='ltr'><strong>nos</strong></span> <span class='ocrx_word' id='word_1_145' title='bbox 1099 2204 1416 2266; x_wconf 89' lang='lat' dir='ltr'><strong>ostendens,</strong></span> <span class='ocrx_word' id='word_1_146' title='bbox 1463 2204 1760 2274; x_wconf 89' lang='lat' dir='ltr'><strong>simulque,</strong></span> <span class='ocrx_word' id='word_1_147' title='bbox 1792 2205 1837 2258; x_wconf 90' lang='lat' dir='ltr'><strong>si</strong></span> <span class='ocrx_word' id='word_1_148' title='bbox 1876 2205 2005 2274; x_wconf 89' lang='lat' dir='ltr'><strong>quid</strong></span> 
     </span>
    </p>
   </div>
   <div class='ocr_carea' id='block_1_23' title="bbox 423 2295 2006 2369">
    <p class='ocr_par' dir='ltr' id='par_1_23' title="bbox 423 2295 2006 2369">
     <span class='ocr_line' id='line_1_23' title="bbox 423 2295 2006 2369; baseline -0.002 -16"><span class='ocrx_word' id='word_1_149' title='bbox 423 2315 678 2369; x_wconf 67' lang='lat' dir='ltr'><strong>asperum</strong></span> <span class='ocrx_word' id='word_1_150' title='bbox 727 2300 796 2353; x_wconf 90' lang='lat' dir='ltr'><strong>ab</strong></span> <span class='ocrx_word' id='word_1_151' title='bbox 851 2298 1034 2367; x_wconf 89' lang='lat' dir='ltr'><strong>aliquo</strong></span> <span class='ocrx_word' id='word_1_152' title='bbox 1077 2297 1336 2364; x_wconf 86' lang='lat' dir='ltr'><strong>patimur,</strong></span> <span class='ocrx_word' id='word_1_153' title='bbox 1395 2295 1709 2350; x_wconf 81' lang='lat' dir='ltr'><strong>firmitatem</strong></span> <span class='ocrx_word' id='word_1_154' title='bbox 1761 2311 1854 2365; x_wconf 89' lang='lat' dir='ltr'><strong>per</strong></span> <span class='ocrx_word' id='word_1_155' title='bbox 1905 2297 2006 2350; x_wconf 89' lang='lat' dir='ltr'><strong>hoc</strong></span> 
     </span>
    </p>
   </div>
   <div class='ocr_carea' id='block_1_24' title="bbox 422 2388 2004 2461">
    <p class='ocr_par' dir='ltr' id='par_1_24' title="bbox 422 2388 2004 2461">
     <span class='ocr_line' id='line_1_24' title="bbox 422 2388 2004 2461; baseline -0.002 -16"><span class='ocrx_word' id='word_1_156' title='bbox 422 2393 730 2461; x_wconf 79' lang='lat' dir='ltr'><strong>exemplum</strong></span> <span class='ocrx_word' id='word_1_157' title='bbox 772 2393 1009 2444; x_wconf 84' lang='lat' dir='ltr'><strong>suadens</strong></span> <span class='ocrx_word' id='word_1_158' title='bbox 1037 2405 1052 2455; x_wconf 89' lang='lat'><strong>;</strong></span> <span class='ocrx_word' id='word_1_159' title='bbox 1096 2404 1204 2442; x_wconf 89' lang='lat' dir='ltr'><strong>non</strong></span> <span class='ocrx_word' id='word_1_160' title='bbox 1259 2389 1434 2442; x_wconf 88' lang='lat' dir='ltr'><strong>solum</strong></span> <span class='ocrx_word' id='word_1_161' title='bbox 1466 2398 1671 2452; x_wconf 88' lang='lat' dir='ltr'><strong>autem,</strong></span> <span class='ocrx_word' id='word_1_162' title='bbox 1709 2389 1804 2442; x_wconf 87' lang='lat' dir='ltr'><strong>sed</strong></span> <span class='ocrx_word' id='word_1_163' title='bbox 1835 2397 1889 2442; x_wconf 89' lang='lat' dir='ltr'><strong>et</strong></span> <span class='ocrx_word' id='word_1_164' title='bbox 1920 2388 2004 2442; x_wconf 87' lang='lat' dir='ltr'><strong>in-</strong></span> 
     </span>
    </p>
   </div>
   <div class='ocr_carea' id='block_1_25' title="bbox 422 2478 2006 2553">
    <p class='ocr_par' dir='ltr' id='par_1_25' title="bbox 422 2478 2006 2553">
     <span class='ocr_line' id='line_1_25' title="bbox 422 2478 2006 2553; baseline -0.001 -17"><span class='ocrx_word' id='word_1_165' title='bbox 422 2487 627 2540; x_wconf 88' lang='lat' dir='ltr'><strong>ducens</strong></span> <span class='ocrx_word' id='word_1_166' title='bbox 653 2493 706 2538; x_wconf 82' lang='lat' dir='ltr'><strong>et</strong></span> <span class='ocrx_word' id='word_1_167' title='bbox 731 2484 1039 2553; x_wconf 79' lang='lat' dir='ltr'><strong>injungens.</strong></span> <span class='ocrx_word' id='word_1_168' title='bbox 1061 2480 1118 2535; x_wconf 89' lang='lat' dir='ltr'><strong>Si</strong></span> <span class='ocrx_word' id='word_1_169' title='bbox 1145 2481 1288 2534; x_wconf 90' lang='lat' dir='ltr'><strong>enim</strong></span> <span class='ocrx_word' id='word_1_170' title='bbox 1313 2478 1480 2533; x_wconf 83' lang='lat' dir='ltr'><strong>Filius</strong></span> <span class='ocrx_word' id='word_1_171' title='bbox 1501 2488 1652 2534; x_wconf 86' lang='lat' dir='ltr'><strong>tanta</strong></span> <span class='ocrx_word' id='word_1_172' title='bbox 1674 2495 1772 2549; x_wconf 89' lang='lat' dir='ltr'><strong>pro</strong></span> <span class='ocrx_word' id='word_1_173' title='bbox 1803 2491 1853 2534; x_wconf 88' lang='lat' dir='ltr'><strong>te</strong></span> <span class='ocrx_word' id='word_1_174' title='bbox 1883 2495 2006 2549; x_wconf 85' lang='lat' dir='ltr'><strong>pas--</strong></span> 
     </span>
    </p>
   </div>
   <div class='ocr_carea' id='block_1_26' title="bbox 421 2570 2005 2642">
    <p class='ocr_par' dir='ltr' id='par_1_26' title="bbox 421 2570 2005 2642">
     <span class='ocr_line' id='line_1_26' title="bbox 421 2570 2005 2642; baseline -0.003 -13"><span class='ocrx_word' id='word_1_175' title='bbox 421 2593 517 2631; x_wconf 88' lang='lat' dir='ltr'><strong>sus</strong></span> <span class='ocrx_word' id='word_1_176' title='bbox 551 2587 654 2639; x_wconf 90' lang='lat' dir='ltr'><strong>est,</strong></span> <span class='ocrx_word' id='word_1_177' title='bbox 681 2575 809 2642; x_wconf 88' lang='lat' dir='ltr'><strong>quid</strong></span> <span class='ocrx_word' id='word_1_178' title='bbox 853 2583 903 2627; x_wconf 90' lang='lat' dir='ltr'><strong>te</strong></span> <span class='ocrx_word' id='word_1_179' title='bbox 933 2582 1146 2642; x_wconf 81' lang='lat' dir='ltr'><strong>Oportet</strong></span> <span class='ocrx_word' id='word_1_180' title='bbox 1177 2573 1285 2641; x_wconf 93' lang='lat' dir='ltr'><strong>pati</strong></span> <span class='ocrx_word' id='word_1_181' title='bbox 1319 2586 1417 2640; x_wconf 88' lang='lat' dir='ltr'><strong>pro</strong></span> <span class='ocrx_word' id='word_1_182' title='bbox 1443 2570 1578 2624; x_wconf 86' lang='lat' dir='ltr'><strong>illo?</strong></span> <span class='ocrx_word' id='word_1_183' title='bbox 1629 2580 1700 2633; x_wconf 89' lang='lat' dir='ltr'><strong>et,</strong></span> <span class='ocrx_word' id='word_1_184' title='bbox 1739 2571 1826 2624; x_wconf 86' lang='lat' dir='ltr'><strong>ille</strong></span> <span class='ocrx_word' id='word_1_185' title='bbox 1858 2581 2005 2624; x_wconf 85' lang='lat' dir='ltr'><strong>tanta</strong></span> 
     </span>
    </p>
   </div>
   <div class='ocr_carea' id='block_1_27' title="bbox 421 2663 2006 2738">
    <p class='ocr_par' dir='ltr' id='par_1_27' title="bbox 421 2663 2006 2738">
     <span class='ocr_line' id='line_1_27' title="bbox 421 2663 2006 2738; baseline -0.004 -17"><span class='ocrx_word' id='word_1_186' title='bbox 421 2670 653 2738; x_wconf 79' lang='lat' dir='ltr'><strong>patiens,</strong></span> <span class='ocrx_word' id='word_1_187' title='bbox 683 2678 921 2738; x_wconf 75' lang='lat' dir='ltr'><strong>paterna:</strong></span> <span class='ocrx_word' id='word_1_188' title='bbox 947 2665 1134 2738; x_wconf 72' lang='lat' dir='ltr'><strong>gloria:</strong></span> <span class='ocrx_word' id='word_1_189' title='bbox 1163 2675 1214 2718; x_wconf 80' lang='lat' dir='ltr'><strong>et</strong></span> <span class='ocrx_word' id='word_1_190' title='bbox 1240 2663 1545 2718; x_wconf 79' lang='lat' dir='ltr'><strong>divinitatis</strong></span> <span class='ocrx_word' id='word_1_191' title='bbox 1569 2663 1776 2717; x_wconf 90' lang='lat' dir='ltr'><strong>nullum</strong></span> <span class='ocrx_word' id='word_1_192' title='bbox 1804 2664 2006 2717; x_wconf 90' lang='lat' dir='ltr'><strong>donum</strong></span> 
     </span>
    </p>
   </div>
   <div class='ocr_carea' id='block_1_28' title="bbox 422 2752 2008 2827">
    <p class='ocr_par' dir='ltr' id='par_1_28' title="bbox 422 2752 2008 2827">
     <span class='ocr_line' id='line_1_28' title="bbox 422 2752 2008 2827; baseline -0.005 -15"><span class='ocrx_word' id='word_1_193' title='bbox 422 2757 718 2827; x_wconf 84' lang='lat' dir='ltr'><strong>recipiebat</strong></span> <span class='ocrx_word' id='word_1_194' title='bbox 745 2775 758 2811; x_wconf 91' lang='lat'>:</span> <span class='ocrx_word' id='word_1_195' title='bbox 787 2755 870 2809; x_wconf 86' lang='lat' dir='ltr'><strong>Tu</strong></span> <span class='ocrx_word' id='word_1_196' title='bbox 903 2771 1030 2810; x_wconf 81' lang='lat' dir='ltr'><strong>vero</strong></span> <span class='ocrx_word' id='word_1_197' title='bbox 1061 2771 1167 2810; x_wconf 92' lang='lat' dir='ltr'><strong>non</strong></span> <span class='ocrx_word' id='word_1_198' title='bbox 1201 2757 1423 2811; x_wconf 85' lang='lat' dir='ltr'><strong>omittas</strong></span> <span class='ocrx_word' id='word_1_199' title='bbox 1455 2756 1545 2808; x_wconf 89' lang='lat' dir='ltr'><strong>illa</strong></span> <span class='ocrx_word' id='word_1_200' title='bbox 1589 2753 1741 2824; x_wconf 88' lang='lat' dir='ltr'><strong>pati;</strong></span> <span class='ocrx_word' id='word_1_201' title='bbox 1783 2752 2008 2807; x_wconf 89' lang='lat' dir='ltr'><strong>omnino</strong></span> 
     </span>
    </p>
   </div>
   <div class='ocr_carea' id='block_1_29' title="bbox 419 2852 2006 2922">
    <p class='ocr_par' dir='ltr' id='par_1_29' title="bbox 419 2852 2006 2922">
     <span class='ocr_line' id='line_1_29' title="bbox 419 2852 2006 2922; baseline -0.005 -14"><span class='ocrx_word' id='word_1_202' title='bbox 419 2854 566 2909; x_wconf 88' lang='lat' dir='ltr'><strong>enim</strong></span> <span class='ocrx_word' id='word_1_203' title='bbox 601 2852 761 2907; x_wconf 88' lang='lat' dir='ltr'><strong>bonis</strong></span> <span class='ocrx_word' id='word_1_204' title='bbox 805 2853 1110 2922; x_wconf 86' lang='lat' dir='ltr'><strong>promissis,</strong></span> <span class='ocrx_word' id='word_1_205' title='bbox 1128 2861 1250 2921; x_wconf 85' lang='lat' dir='ltr'><strong>post</strong></span> <span class='ocrx_word' id='word_1_206' title='bbox 1283 2852 1593 2922; x_wconf 86' lang='lat' dir='ltr'><strong>passionem</strong></span> <span class='ocrx_word' id='word_1_207' title='bbox 1615 2858 1669 2905; x_wconf 89' lang='lat' dir='ltr'><strong>et</strong></span> <span class='ocrx_word' id='word_1_208' title='bbox 1698 2857 1824 2920; x_wconf 89' lang='lat' dir='ltr'><strong>post</strong></span> <span class='ocrx_word' id='word_1_209' title='bbox 1857 2861 2006 2902; x_wconf 88' lang='lat' dir='ltr'><strong>mor-</strong></span> 
     </span>
    </p>
   </div>
   <div class='ocr_carea' id='block_1_30' title="bbox 421 2943 1101 3014">
    <p class='ocr_par' dir='ltr' id='par_1_30' title="bbox 421 2943 1101 3014">
     <span class='ocr_line' id='line_1_30' title="bbox 421 2943 1101 3014; baseline 0 -16"><span class='ocrx_word' id='word_1_210' title='bbox 421 2951 530 2998; x_wconf 88' lang='lat' dir='ltr'><strong>tem</strong></span> <span class='ocrx_word' id='word_1_211' title='bbox 557 2943 756 3014; x_wconf 75' lang='lat' dir='ltr'><strong>dignus</strong></span> <span class='ocrx_word' id='word_1_212' title='bbox 790 2943 1101 3000; x_wconf 90' lang='lat' dir='ltr'><strong>habeberis.</strong></span> 
     </span>
    </p>
   </div>
   <div class='ocr_carea' id='block_1_31' title="bbox 496 3141 1931 3212">
    <p class='ocr_par' dir='ltr' id='par_1_31' title="bbox 496 3141 1931 3212">
     <span class='ocr_line' id='line_1_31' title="bbox 496 3141 1931 3212; baseline -0.006 -11"><span class='ocrx_word' id='word_1_213' title='bbox 496 3145 658 3201; x_wconf 71' lang='lat' dir='ltr'><strong>Vens.</strong></span> <span class='ocrx_word' id='word_1_214' title='bbox 703 3146 792 3200; x_wconf 74' lang='grc'><strong>55.</strong></span> <span class='ocrx_word' id='word_1_215' title='bbox 831 3146 962 3212; x_wconf 86' lang='lat' dir='ltr'><strong>Quis</strong></span> <span class='ocrx_word' id='word_1_216' title='bbox 989 3145 1261 3200; x_wconf 86' lang='lat' dir='ltr'><strong>accusabit</strong></span> <span class='ocrx_word' id='word_1_217' title='bbox 1289 3145 1537 3200; x_wconf 81' lang='lat' dir='ltr'><strong>adversus</strong></span> <span class='ocrx_word' id='word_1_218' title='bbox 1566 3143 1754 3200; x_wconf 82' lang='lat' dir='ltr'><strong>eiectos</strong></span> <span class='ocrx_word' id='word_1_219' title='bbox 1784 3141 1878 3195; x_wconf 90' lang='lat' dir='ltr'><strong>Dei</strong></span> <span class='ocrx_word' id='word_1_220' title='bbox 1906 3141 1931 3194; x_wconf 82' lang='lat'><strong>.’</strong></span> 
     </span>
    </p>
   </div>
   <div class='ocr_carea' id='block_1_32' title="bbox 494 3234 2008 3306">
    <p class='ocr_par' dir='ltr' id='par_1_32' title="bbox 494 3234 2008 3306">
     <span class='ocr_line' id='line_1_32' title="bbox 494 3234 2008 3306; baseline -0.002 -18"><span class='ocrx_word' id='word_1_221' title='bbox 494 3235 696 3291; x_wconf 84' lang='lat' dir='ltr'><strong>Photii.</strong></span> <span class='ocrx_word' id='word_1_222' title='bbox 729 3235 787 3290; x_wconf 88' lang='lat' dir='ltr'><strong>In</strong></span> <span class='ocrx_word' id='word_1_223' title='bbox 813 3237 900 3292; x_wconf 92' lang='lat' dir='ltr'><strong>his</strong></span> <span class='ocrx_word' id='word_1_224' title='bbox 921 3253 1043 3306; x_wconf 69' lang='lat' dir='ltr'><strong>qua:</strong></span> <span class='ocrx_word' id='word_1_225' title='bbox 1070 3253 1260 3306; x_wconf 87' lang='lat' dir='ltr'><strong>supra,</strong></span> <span class='ocrx_word' id='word_1_226' title='bbox 1302 3237 1518 3292; x_wconf 90' lang='lat' dir='ltr'><strong>locutus</strong></span> <span class='ocrx_word' id='word_1_227' title='bbox 1548 3245 1627 3291; x_wconf 88' lang='lat' dir='ltr'><strong>est</strong></span> <span class='ocrx_word' id='word_1_228' title='bbox 1656 3236 1723 3290; x_wconf 90' lang='lat' dir='ltr'><strong>de</strong></span> <span class='ocrx_word' id='word_1_229' title='bbox 1751 3234 2008 3288; x_wconf 88' lang='lat' dir='ltr'><strong>tentatio-</strong></span> 
     </span>
    </p>
   </div>
   <div class='ocr_carea' id='block_1_33' title="bbox 419 3325 2008 3399">
    <p class='ocr_par' dir='ltr' id='par_1_33' title="bbox 419 3325 2008 3399">
     <span class='ocr_line' id='line_1_33' title="bbox 419 3325 2008 3399; baseline -0.004 -14"><span class='ocrx_word' id='word_1_230' title='bbox 419 3331 584 3386; x_wconf 89' lang='lat' dir='ltr'><strong>nibus</strong></span> <span class='ocrx_word' id='word_1_231' title='bbox 615 3345 738 3399; x_wconf 73' lang='lat' dir='ltr'><strong>quae</strong></span> <span class='ocrx_word' id='word_1_232' title='bbox 760 3345 852 3399; x_wconf 88' lang='lat' dir='ltr'><strong>per</strong></span> <span class='ocrx_word' id='word_1_233' title='bbox 877 3330 1196 3385; x_wconf 84' lang='lat' dir='ltr'><strong>aﬂlictiones</strong></span> <span class='ocrx_word' id='word_1_234' title='bbox 1229 3340 1284 3384; x_wconf 92' lang='lat' dir='ltr'><strong>et</strong></span> <span class='ocrx_word' id='word_1_235' title='bbox 1319 3331 1596 3385; x_wconf 81' lang='lat' dir='ltr'><strong>cruciatus</strong></span> <span class='ocrx_word' id='word_1_236' title='bbox 1629 3329 1788 3393; x_wconf 82' lang='lat' dir='ltr'><strong>ﬁunt,</strong></span> <span class='ocrx_word' id='word_1_237' title='bbox 1821 3325 2008 3380; x_wconf 87' lang='lat' dir='ltr'><strong>dicen-</strong></span> 
     </span>
    </p>
   </div>
   <div class='ocr_carea' id='block_1_34' title="bbox 420 3419 2005 3485">
    <p class='ocr_par' dir='ltr' id='par_1_34' title="bbox 420 3419 2005 3485">
     <span class='ocr_line' id='line_1_34' title="bbox 420 3419 2005 3485; baseline -0.006 -9"><span class='ocrx_word' id='word_1_238' title='bbox 420 3423 535 3476; x_wconf 86' lang='lat' dir='ltr'><strong>do:</strong></span> <span class='ocrx_word' id='word_1_239' title='bbox 600 3422 730 3485; x_wconf 86' lang='lat' dir='ltr'><strong>Quis</strong></span> <span class='ocrx_word' id='word_1_240' title='bbox 779 3432 965 3474; x_wconf 86' lang='lat' dir='ltr'><strong>contra</strong></span> <span class='ocrx_word' id='word_1_241' title='bbox 1019 3423 1155 3474; x_wconf 83' lang='lat' dir='ltr'><strong>nos?</strong></span> <span class='ocrx_word' id='word_1_242' title='bbox 1185 3437 1330 3474; x_wconf 91' lang='lat' dir='ltr'><strong>nunc</strong></span> <span class='ocrx_word' id='word_1_243' title='bbox 1374 3421 1600 3474; x_wconf 88' lang='lat' dir='ltr'><strong>alteram</strong></span> <span class='ocrx_word' id='word_1_244' title='bbox 1643 3419 2005 3474; x_wconf 86' lang='lat' dir='ltr'><strong>tentationum</strong></span> 
     </span>
    </p>
   </div>
   <div class='ocr_carea' id='block_1_35' title="bbox 421 3511 2006 3583">
    <p class='ocr_par' dir='ltr' id='par_1_35' title="bbox 421 3511 2006 3583">
     <span class='ocr_line' id='line_1_35' title="bbox 421 3511 2006 3583; baseline -0.004 -14"><span class='ocrx_word' id='word_1_245' title='bbox 421 3514 658 3583; x_wconf 88' lang='lat' dir='ltr'><strong>speciem</strong></span> <span class='ocrx_word' id='word_1_246' title='bbox 690 3513 896 3567; x_wconf 89' lang='lat' dir='ltr'><strong>indicat</strong></span> <span class='ocrx_word' id='word_1_247' title='bbox 929 3531 942 3567; x_wconf 93' lang='lat'>:</span> <span class='ocrx_word' id='word_1_248' title='bbox 999 3514 1388 3575; x_wconf 82' lang='lat' dir='ltr'><strong>contumelias,</strong></span> <span class='ocrx_word' id='word_1_249' title='bbox 1419 3513 1895 3582; x_wconf 81' lang='lat' dir='ltr'><strong>exprobrationes,</strong></span> <span class='ocrx_word' id='word_1_250' title='bbox 1921 3511 2006 3563; x_wconf 68' lang='lat' dir='ltr'><strong>in~</strong></span> 
     </span>
    </p>
   </div>
   <div class='ocr_carea' id='block_1_36' title="bbox 418 3603 2006 3676">
    <p class='ocr_par' dir='ltr' id='par_1_36' title="bbox 418 3603 2006 3676">
     <span class='ocr_line' id='line_1_36' title="bbox 418 3603 2006 3676; baseline -0.003 -17"><span class='ocrx_word' id='word_1_251' title='bbox 418 3607 597 3675; x_wconf 85' lang='lat' dir='ltr'><strong>jurias</strong></span> <span class='ocrx_word' id='word_1_252' title='bbox 641 3607 844 3676; x_wconf 82' lang='lat' dir='ltr'><strong>quibus</strong></span> <span class='ocrx_word' id='word_1_253' title='bbox 893 3605 1181 3660; x_wconf 83' lang='lat' dir='ltr'><strong>credentes</strong></span> <span class='ocrx_word' id='word_1_254' title='bbox 1216 3620 1246 3659; x_wconf 88' lang='lat' dir='ltr'><strong>a</strong></span> <span class='ocrx_word' id='word_1_255' title='bbox 1295 3604 1785 3660; x_wconf 84' lang='lat' dir='ltr'><strong>non-credentibus</strong></span> <span class='ocrx_word' id='word_1_256' title='bbox 1832 3603 2006 3672; x_wconf 84' lang='lat' dir='ltr'><strong>impe-</strong></span> 
     </span>
    </p>
   </div>
   <div class='ocr_carea' id='block_1_37' title="bbox 425 3693 2007 3768">
    <p class='ocr_par' dir='ltr' id='par_1_37' title="bbox 425 3693 2007 3768">
     <span class='ocr_line' id='line_1_37' title="bbox 425 3693 2007 3768; baseline -0.003 -16"><span class='ocrx_word' id='word_1_257' title='bbox 425 3699 570 3752; x_wconf 85' lang='lat' dir='ltr'><strong>tendi</strong></span> <span class='ocrx_word' id='word_1_258' title='bbox 621 3708 771 3752; x_wconf 82' lang='lat' dir='ltr'><strong>sunt.</strong></span> <span class='ocrx_word' id='word_1_259' title='bbox 828 3695 965 3752; x_wconf 73' lang='lat' dir='ltr'><strong>illud</strong></span> <span class='ocrx_word' id='word_1_260' title='bbox 996 3712 1215 3768; x_wconf 87' lang='lat' dir='ltr'><strong>quoque</strong></span> <span class='ocrx_word' id='word_1_261' title='bbox 1253 3697 1498 3753; x_wconf 88' lang='lat' dir='ltr'><strong>ostendis</strong></span> <span class='ocrx_word' id='word_1_262' title='bbox 1541 3697 1772 3751; x_wconf 83' lang='lat' dir='ltr'><strong>dicendo</strong></span> <span class='ocrx_word' id='word_1_263' title='bbox 1801 3711 1816 3748; x_wconf 87' lang='lat'>:</span> <span class='ocrx_word' id='word_1_264' title='bbox 1845 3693 1848 3696; x_wconf 81' lang='grc'><em>’</em></span> <span class='ocrx_word' id='word_1_265' title='bbox 1875 3693 2007 3760; x_wconf 84' lang='lat' dir='ltr'><strong>Quis</strong></span> 
     </span>
    </p>
   </div>
   <div class='ocr_carea' id='block_1_38' title="bbox 420 3789 2008 3854">
    <p class='ocr_par' dir='ltr' id='par_1_38' title="bbox 420 3789 2008 3854">
     <span class='ocr_line' id='line_1_38' title="bbox 420 3789 2008 3854; baseline -0.001 -9"><span class='ocrx_word' id='word_1_266' title='bbox 420 3791 685 3846; x_wconf 84' lang='lat' dir='ltr'><strong>incusabit</strong></span> <span class='ocrx_word' id='word_1_267' title='bbox 712 3800 899 3844; x_wconf 83' lang='lat' dir='ltr'><strong>contra</strong></span> <span class='ocrx_word' id='word_1_268' title='bbox 923 3791 1113 3845; x_wconf 83' lang='lat' dir='ltr'><strong>eiectos</strong></span> <span class='ocrx_word' id='word_1_269' title='bbox 1143 3791 1238 3846; x_wconf 87' lang='lat' dir='ltr'><strong>Dei</strong></span> <span class='ocrx_word' id='word_1_270' title='bbox 1269 3791 1296 3845; x_wconf 72' lang='grc' dir='ltr'><strong><em>Ρ</em></strong></span> <span class='ocrx_word' id='word_1_271' title='bbox 1332 3799 1386 3846; x_wconf 90' lang='lat' dir='ltr'><strong>et</strong></span> <span class='ocrx_word' id='word_1_272' title='bbox 1438 3789 1755 3845; x_wconf 78' lang='lat' dir='ltr'><strong>manifestat</strong></span> <span class='ocrx_word' id='word_1_273' title='bbox 1808 3790 1903 3854; x_wconf 86' lang='lat' dir='ltr'><strong>ibi,</strong></span> <span class='ocrx_word' id='word_1_274' title='bbox 1951 3801 2008 3844; x_wconf 92' lang='lat' dir='ltr'><strong>ut</strong></span> 
     </span>
    </p>
   </div>
   <div class='ocr_carea' id='block_1_39' title="bbox 421 3882 2007 3953">
    <p class='ocr_par' dir='ltr' id='par_1_39' title="bbox 421 3882 2007 3953">
     <span class='ocr_line' id='line_1_39' title="bbox 421 3882 2007 3953; baseline -0.001 -15"><span class='ocrx_word' id='word_1_275' title='bbox 421 3884 474 3938; x_wconf 92' lang='lat' dir='ltr'><strong>in</strong></span> <span class='ocrx_word' id='word_1_276' title='bbox 521 3883 872 3953; x_wconf 85' lang='lat' dir='ltr'><strong>supradictis,</strong></span> <span class='ocrx_word' id='word_1_277' title='bbox 908 3883 962 3936; x_wconf 90' lang='lat' dir='ltr'><strong>in</strong></span> <span class='ocrx_word' id='word_1_278' title='bbox 1001 3899 1230 3950; x_wconf 79' lang='lat' dir='ltr'><strong>vanum,</strong></span> <span class='ocrx_word' id='word_1_279' title='bbox 1264 3883 1372 3937; x_wconf 90' lang='lat' dir='ltr'><strong>Deo</strong></span> <span class='ocrx_word' id='word_1_280' title='bbox 1409 3882 1770 3953; x_wconf 79' lang='lat' dir='ltr'><strong>justificante,</strong></span> <span class='ocrx_word' id='word_1_281' title='bbox 1800 3883 1867 3940; x_wconf 90' lang='lat' dir='ltr'><strong>iis</strong></span> <span class='ocrx_word' id='word_1_282' title='bbox 1900 3885 2007 3938; x_wconf 90' lang='lat' dir='ltr'><strong>lin-</strong></span> 
     </span>
    </p>
   </div>
   <div class='ocr_carea' id='block_1_40' title="bbox 419 3976 1747 4050">
    <p class='ocr_par' dir='ltr' id='par_1_40' title="bbox 419 3976 1747 4050">
     <span class='ocr_line' id='line_1_40' title="bbox 419 3976 1747 4050; baseline -0.002 -18"><span class='ocrx_word' id='word_1_283' title='bbox 419 3993 580 4050; x_wconf 69' lang='lat' dir='ltr'><strong>guam</strong></span> <span class='ocrx_word' id='word_1_284' title='bbox 613 3977 829 4047; x_wconf 89' lang='lat' dir='ltr'><strong>prurire</strong></span> <span class='ocrx_word' id='word_1_285' title='bbox 859 3976 953 4046; x_wconf 91' lang='lat' dir='ltr'><strong>qui</strong></span> <span class='ocrx_word' id='word_1_286' title='bbox 994 3985 1255 4031; x_wconf 88' lang='lat' dir='ltr'><strong>accusant</strong></span> <span class='ocrx_word' id='word_1_287' title='bbox 1278 3985 1332 4029; x_wconf 91' lang='lat' dir='ltr'><strong>et</strong></span> <span class='ocrx_word' id='word_1_288' title='bbox 1362 3976 1747 4030; x_wconf 87' lang='lat' dir='ltr'><strong>condemnant.</strong></span> 
     </span>
    </p>
   </div>
   <div class='ocr_carea' id='block_1_41' title="bbox 582 4066 1860 4136">
    <p class='ocr_par' dir='ltr' id='par_1_41' title="bbox 582 4066 1860 4136">
     <span class='ocr_line' id='line_1_41' title="bbox 582 4066 1860 4136; baseline 0.002 -14"><span class='ocrx_word' id='word_1_289' title='bbox 582 4068 734 4122; x_wconf 79' lang='lat' dir='ltr'><strong>CAP.</strong></span> <span class='ocrx_word' id='word_1_290' title='bbox 773 4067 864 4123; x_wconf 78' lang='lat' dir='ltr'><strong>lx.</strong></span> <span class='ocrx_word' id='word_1_291' title='bbox 908 4067 1073 4123; x_wconf 77' lang='lat' dir='ltr'><strong>Vsus.</strong></span> <span class='ocrx_word' id='word_1_292' title='bbox 1109 4068 1230 4123; x_wconf 79' lang='grc'><strong>1-5.</strong></span> <span class='ocrx_word' id='word_1_293' title='bbox 1271 4066 1553 4122; x_wconf 86' lang='lat' dir='ltr'><strong>Veritatem</strong></span> <span class='ocrx_word' id='word_1_294' title='bbox 1581 4068 1722 4136; x_wconf 88' lang='lat' dir='ltr'><strong>dico,</strong></span> <span class='ocrx_word' id='word_1_295' title='bbox 1753 4079 1860 4124; x_wconf 89' lang='lat' dir='ltr'><strong>etc.</strong></span> 
     </span>
    </p>
   </div>
   <div class='ocr_carea' id='block_1_42' title="bbox 494 4160 2008 4233">
    <p class='ocr_par' dir='ltr' id='par_1_42' title="bbox 494 4160 2008 4233">
     <span class='ocr_line' id='line_1_42' title="bbox 494 4160 2008 4233; baseline 0.003 -19"><span class='ocrx_word' id='word_1_296' title='bbox 494 4161 689 4215; x_wconf 83' lang='lat' dir='ltr'><strong>Photii.</strong></span> <span class='ocrx_word' id='word_1_297' title='bbox 727 4161 832 4216; x_wconf 89' lang='lat' dir='ltr'><strong>Sed</strong></span> <span class='ocrx_word' id='word_1_298' title='bbox 885 4160 1164 4231; x_wconf 92' lang='lat' dir='ltr'><strong>quomodo</strong></span> <span class='ocrx_word' id='word_1_299' title='bbox 1198 4160 1353 4226; x_wconf 87' lang='lat' dir='ltr'><strong>dicit,</strong></span> <span class='ocrx_word' id='word_1_300' title='bbox 1388 4176 1551 4230; x_wconf 82' lang='lat' dir='ltr'><strong>quem</strong></span> <span class='ocrx_word' id='word_1_301' title='bbox 1605 4161 1741 4216; x_wconf 81' lang='lat' dir='ltr'><strong>nihil</strong></span> <span class='ocrx_word' id='word_1_302' title='bbox 1790 4172 2008 4233; x_wconf 85' lang='lat' dir='ltr'><strong>separat</strong></span> 
     </span>
    </p>
   </div>
   <div class='ocr_carea' id='block_1_43' title="bbox 421 4254 2007 4325">
    <p class='ocr_par' dir='ltr' id='par_1_43' title="bbox 421 4254 2007 4325">
     <span class='ocr_line' id='line_1_43' title="bbox 421 4254 2007 4325; baseline 0.001 -17"><span class='ocrx_word' id='word_1_303' title='bbox 421 4269 451 4308; x_wconf 87' lang='lat' dir='ltr'><strong>a</strong></span> <span class='ocrx_word' id='word_1_304' title='bbox 486 4255 754 4310; x_wconf 85' lang='lat' dir='ltr'><strong>eharitate</strong></span> <span class='ocrx_word' id='word_1_305' title='bbox 800 4254 1032 4322; x_wconf 86' lang='lat' dir='ltr'><strong>Christi,</strong></span> <span class='ocrx_word' id='word_1_306' title='bbox 1066 4255 1212 4310; x_wconf 79' lang='lat' dir='ltr'><strong>hunc</strong></span> <span class='ocrx_word' id='word_1_307' title='bbox 1239 4255 1310 4308; x_wconf 84' lang='lat' dir='ltr'><strong>ob</strong></span> <span class='ocrx_word' id='word_1_308' title='bbox 1333 4263 1598 4325; x_wconf 62' lang='lat' dir='ltr'><strong>(angustos</strong></span> <span class='ocrx_word' id='word_1_309' title='bbox 1641 4256 1918 4325; x_wconf 79' lang='lat' dir='ltr'><strong>inquirere</strong></span> <span class='ocrx_word' id='word_1_310' title='bbox 1951 4266 2007 4311; x_wconf 84' lang='lat' dir='ltr'><strong>et</strong></span> 
     </span>
    </p>
   </div>
   <div class='ocr_carea' id='block_1_44' title="bbox 421 4347 2002 4417">
    <p class='ocr_par' dir='ltr' id='par_1_44' title="bbox 421 4347 2002 4417">
     <span class='ocr_line' id='line_1_44' title="bbox 421 4347 2002 4417; baseline 0.004 -19"><span class='ocrx_word' id='word_1_311' title='bbox 421 4357 614 4414; x_wconf 84' lang='lat' dir='ltr'><strong>optare</strong></span> <span class='ocrx_word' id='word_1_312' title='bbox 654 4348 725 4402; x_wconf 87' lang='lat' dir='ltr'><strong>ab</strong></span> <span class='ocrx_word' id='word_1_313' title='bbox 759 4347 850 4401; x_wconf 91' lang='lat' dir='ltr'><strong>illo</strong></span> <span class='ocrx_word' id='word_1_314' title='bbox 879 4347 1124 4417; x_wconf 79' lang='lat' dir='ltr'><strong>separari</strong></span> <span class='ocrx_word' id='word_1_315' title='bbox 1158 4347 1180 4399; x_wconf 86' lang='lat'><strong>?</strong></span> <span class='ocrx_word' id='word_1_316' title='bbox 1233 4362 1345 4401; x_wconf 91' lang='lat' dir='ltr'><strong>non</strong></span> <span class='ocrx_word' id='word_1_317' title='bbox 1375 4357 1504 4402; x_wconf 88' lang='lat' dir='ltr'><strong>sunt</strong></span> <span class='ocrx_word' id='word_1_318' title='bbox 1551 4349 1832 4403; x_wconf 77' lang='lat' dir='ltr'><strong>contraria</strong></span> <span class='ocrx_word' id='word_1_319' title='bbox 1876 4350 2002 4411; x_wconf 82' lang='lat' dir='ltr'><strong>ista.</strong></span> 
     </span>
    </p>
   </div>
   <div class='ocr_carea' id='block_1_45' title="bbox 1629 272 2570 334">
    <p class='ocr_par' dir='ltr' id='par_1_45' title="bbox 1629 272 2570 334">
     <span class='ocr_line' id='line_1_45' title="bbox 1629 272 2570 334; baseline 0 -1"><span class='ocrx_word' id='word_1_320' title='bbox 1629 273 1891 334; x_wconf 84' lang='lat' dir='ltr'><strong>PHOTII</strong></span> <span class='ocrx_word' id='word_1_321' title='bbox 1930 272 2435 333; x_wconf 68' lang='lat' dir='ltr'><strong>PATRIARCIMZ</strong></span> <span class='ocrx_word' id='word_1_322' title='bbox 2464 275 2570 333; x_wconf 77' lang='lat' dir='ltr'><strong>CI’.</strong></span> 
     </span>
    </p>
   </div>
   <div class='ocr_carea' id='block_1_46' title="bbox 2439 384 3344 456">
    <p class='ocr_par' dir='ltr' id='par_1_46' title="bbox 2439 384 3344 456">
     <span class='ocr_line' id='line_1_46' title="bbox 2439 384 3344 456; baseline -0.003 -14"><span class='ocrx_word' id='word_1_323' title='bbox 2439 392 2498 442; x_wconf 81' lang='grc' dir='ltr'>Τί</span> <span class='ocrx_word' id='word_1_324' title='bbox 2527 384 2642 443; x_wconf 85' lang='grc' dir='ltr'>οὖν</span> <span class='ocrx_word' id='word_1_325' title='bbox 2669 387 2920 456; x_wconf 80' lang='grc' dir='ltr'>ἐροῦμεν</span> <span class='ocrx_word' id='word_1_326' title='bbox 2949 387 3098 455; x_wconf 78' lang='grc' dir='ltr'>πρὸς</span> <span class='ocrx_word' id='word_1_327' title='bbox 3127 386 3313 440; x_wconf 83' lang='grc' dir='ltr'>ταῦτα</span> <span class='ocrx_word' id='word_1_328' title='bbox 3324 404 3344 450; x_wconf 88' lang='grc'><strong><em>;</em></strong></span> 
     </span>
    </p>
   </div>
   <div class='ocr_carea' id='block_1_47' title="bbox 2179 477 3695 548">
    <p class='ocr_par' dir='ltr' id='par_1_47' title="bbox 2179 477 3695 548">
     <span class='ocr_line' id='line_1_47' title="bbox 2179 477 3695 548; baseline -0.001 -15"><span class='ocrx_word' id='word_1_329' title='bbox 2179 479 2507 534; x_wconf 80' lang='grc' dir='ltr'>Φωτίου.“Η</span> <span class='ocrx_word' id='word_1_330' title='bbox 2531 481 2625 532; x_wconf 73' lang='grc' dir='ltr'><strong>καὶ</strong></span> <span class='ocrx_word' id='word_1_331' title='bbox 2661 479 2855 543; x_wconf 80' lang='grc' dir='ltr'>οὕτως’</span> <span class='ocrx_word' id='word_1_332' title='bbox 2909 479 2971 533; x_wconf 90' lang='grc' dir='ltr'><em>Τί</em></span> <span class='ocrx_word' id='word_1_333' title='bbox 3007 478 3260 548; x_wconf 80' lang='grc' dir='ltr'><strong>ἐροῦμεν</strong></span> <span class='ocrx_word' id='word_1_334' title='bbox 3289 477 3441 546; x_wconf 75' lang='grc' dir='ltr'>πρὸς</span> <span class='ocrx_word' id='word_1_335' title='bbox 3479 478 3695 545; x_wconf 62' lang='lat' dir='ltr'><strong>mitra;</strong></span> 
     </span>
    </p>
   </div>
   <div class='ocr_carea' id='block_1_48' title="bbox 2107 569 3695 643">
    <p class='ocr_par' dir='ltr' id='par_1_48' title="bbox 2107 569 3695 643">
     <span class='ocr_line' id='line_1_48' title="bbox 2107 569 3695 643; baseline -0.001 -18"><span class='ocrx_word' id='word_1_336' title='bbox 2107 571 2188 625; x_wconf 79' lang='grc' dir='ltr'>ὅτι</span> <span class='ocrx_word' id='word_1_337' title='bbox 2248 572 2576 643; x_wconf 80' lang='grc' dir='ltr'><strong>προώρισεν,</strong></span> <span class='ocrx_word' id='word_1_338' title='bbox 2641 571 2724 625; x_wconf 81' lang='grc' dir='ltr'>ὅτι</span> <span class='ocrx_word' id='word_1_339' title='bbox 2772 571 3052 633; x_wconf 73' lang='grc' dir='ltr'>ἐκάλεσεν,</span> <span class='ocrx_word' id='word_1_340' title='bbox 3101 570 3184 622; x_wconf 87' lang='grc' dir='ltr'>ὅτι</span> <span class='ocrx_word' id='word_1_341' title='bbox 3235 569 3580 635; x_wconf 78' lang='grc' dir='ltr'>ἐδικαίωσεν,</span> <span class='ocrx_word' id='word_1_342' title='bbox 3615 571 3695 623; x_wconf 84' lang='grc' dir='ltr'><strong>ὅτι</strong></span> 
     </span>
    </p>
   </div>
   <div class='ocr_carea' id='block_1_49' title="bbox 2109 659 3696 733">
    <p class='ocr_par' dir='ltr' id='par_1_49' title="bbox 2109 659 3696 733">
     <span class='ocr_line' id='line_1_49' title="bbox 2109 659 3696 733; baseline -0.003 -16"><span class='ocrx_word' id='word_1_343' title='bbox 2109 664 2366 728; x_wconf 82' lang='grc' dir='ltr'>ὲδόξασε·</span> <span class='ocrx_word' id='word_1_344' title='bbox 2424 663 2561 733; x_wconf 81' lang='grc' dir='ltr'>πρὸς</span> <span class='ocrx_word' id='word_1_345' title='bbox 2611 662 2870 732; x_wconf 80' lang='grc' dir='ltr'><strong>τοιαύτην</strong></span> <span class='ocrx_word' id='word_1_346' title='bbox 2935 661 3196 728; x_wconf 73' lang='grc' dir='ltr'>ἀφθονίαν</span> <span class='ocrx_word' id='word_1_347' title='bbox 3247 660 3606 732; x_wconf 81' lang='grc' dir='ltr'>εὐεργεσιῶν,</span> <span class='ocrx_word' id='word_1_348' title='bbox 3646 659 3696 712; x_wconf 86' lang='grc' dir='ltr'><strong>τί</strong></span> 
     </span>
    </p>
   </div>
   <div class='ocr_carea' id='block_1_50' title="bbox 2107 753 3696 828">
    <p class='ocr_par' dir='ltr' id='par_1_50' title="bbox 2107 753 3696 828">
     <span class='ocr_line' id='line_1_50' title="bbox 2107 753 3696 828; baseline -0.003 -19"><span class='ocrx_word' id='word_1_349' title='bbox 2107 757 2380 828; x_wconf 75' lang='grc' dir='ltr'>ἐροῦμενς</span> <span class='ocrx_word' id='word_1_350' title='bbox 2441 757 2574 810; x_wconf 77' lang='grc' dir='ltr'>Οὐδὲ</span> <span class='ocrx_word' id='word_1_351' title='bbox 2609 754 2965 827; x_wconf 76' lang='grc' dir='ltr'>εὐχαρίστων,</span> <span class='ocrx_word' id='word_1_352' title='bbox 2993 756 3180 822; x_wconf 65' lang='grc' dir='ltr'>φησιν,</span> <span class='ocrx_word' id='word_1_353' title='bbox 3221 753 3393 822; x_wconf 87' lang='grc' dir='ltr'>λόγων</span> <span class='ocrx_word' id='word_1_354' title='bbox 3432 753 3696 823; x_wconf 82' lang='grc' dir='ltr'>εὐποροῦ-</span> 
     </span>
    </p>
   </div>
   <div class='ocr_carea' id='block_1_51' title="bbox 2114 845 3695 922">
    <p class='ocr_par' dir='ltr' id='par_1_51' title="bbox 2114 845 3695 922">
     <span class='ocr_line' id='line_1_51' title="bbox 2114 845 3695 922; baseline -0.002 -19"><span class='ocrx_word' id='word_1_355' title='bbox 2114 869 2213 922; x_wconf 89' lang='grc' dir='ltr'><strong>μεν</strong></span> <span class='ocrx_word' id='word_1_356' title='bbox 2237 869 2252 884; x_wconf 65' lang='grc' dir='ltr'><strong>ν</strong></span> <span class='ocrx_word' id='word_1_357' title='bbox 2288 855 2360 922; x_wconf 89' lang='grc' dir='ltr'><strong>μή</strong></span> <span class='ocrx_word' id='word_1_358' title='bbox 2383 869 2433 903; x_wconf 92' lang='grc' dir='ltr'><strong>τι</strong></span> <span class='ocrx_word' id='word_1_359' title='bbox 2464 867 2528 918; x_wconf 90' lang='grc' dir='ltr'><strong>γε</strong></span> <span class='ocrx_word' id='word_1_360' title='bbox 2559 849 2736 920; x_wconf 74' lang='grc' dir='ltr'>ἔργων</span> <span class='ocrx_word' id='word_1_361' title='bbox 2776 847 3035 918; x_wconf 75' lang='grc' dir='ltr'>ἀμοιϐῆς.</span> <span class='ocrx_word' id='word_1_362' title='bbox 3073 845 3312 917; x_wconf 84' lang='grc' dir='ltr'>Τοιαύτη</span> <span class='ocrx_word' id='word_1_363' title='bbox 3361 848 3513 900; x_wconf 76' lang='grc' dir='ltr'>ἐστὶν</span> <span class='ocrx_word' id='word_1_364' title='bbox 3544 847 3695 914; x_wconf 78' lang='grc' dir='ltr'><strong>ἄφα-</strong></span> 
     </span>
    </p>
   </div>
   <div class='ocr_carea' id='block_1_52' title="bbox 2107 935 3693 1012">
    <p class='ocr_par' dir='ltr' id='par_1_52' title="bbox 2107 935 3693 1012">
     <span class='ocr_line' id='line_1_52' title="bbox 2107 935 3693 1012; baseline -0.002 -17"><span class='ocrx_word' id='word_1_365' title='bbox 2107 961 2198 1006; x_wconf 89' lang='grc' dir='ltr'><strong>τος</strong></span> <span class='ocrx_word' id='word_1_366' title='bbox 2225 942 2388 996; x_wconf 77' lang='grc' dir='ltr'>αὐτοῦ</span> <span class='ocrx_word' id='word_1_367' title='bbox 2422 943 2455 1012; x_wconf 81' lang='grc' dir='ltr'>ἡ</span> <span class='ocrx_word' id='word_1_368' title='bbox 2487 943 2614 1012; x_wconf 77' lang='grc' dir='ltr'>περὶ</span> <span class='ocrx_word' id='word_1_369' title='bbox 2647 942 2795 1010; x_wconf 78' lang='grc' dir='ltr'>ἡμᾶς</span> <span class='ocrx_word' id='word_1_370' title='bbox 2847 939 3027 1009; x_wconf 78' lang='grc' dir='ltr'>χάρις.</span> <span class='ocrx_word' id='word_1_371' title='bbox 3066 935 3198 992; x_wconf 73' lang='grc' dir='ltr'>Εἶτα</span> <span class='ocrx_word' id='word_1_372' title='bbox 3229 937 3416 1008; x_wconf 79' lang='grc' dir='ltr'>ὥσπερ</span> <span class='ocrx_word' id='word_1_373' title='bbox 3444 939 3693 1009; x_wconf 80' lang='grc' dir='ltr'>πόρισμα</span> 
     </span>
    </p>
   </div>
   <div class='ocr_carea' id='block_1_53' title="bbox 2107 1031 3696 1104">
    <p class='ocr_par' dir='ltr' id='par_1_53' title="bbox 2107 1031 3696 1104">
     <span class='ocr_line' id='line_1_53' title="bbox 2107 1031 3696 1104; baseline -0.002 -17"><span class='ocrx_word' id='word_1_374' title='bbox 2107 1034 2286 1088; x_wconf 79' lang='grc' dir='ltr'>λαϐὼν</span> <span class='ocrx_word' id='word_1_375' title='bbox 2313 1034 2583 1101; x_wconf 79' lang='grc' dir='ltr'>ἐντεῦθεν,</span> <span class='ocrx_word' id='word_1_376' title='bbox 2618 1034 2804 1104; x_wconf 68' lang='grc' dir='ltr'>φησιν,</span> <span class='ocrx_word' id='word_1_377' title='bbox 2851 1036 2918 1088; x_wconf 80' lang='lat' dir='ltr'><strong>El</strong></span> <span class='ocrx_word' id='word_1_378' title='bbox 2951 1037 2983 1087; x_wconf 85' lang='grc' dir='ltr'><strong><em>ό</em></strong></span> <span class='ocrx_word' id='word_1_379' title='bbox 3025 1033 3172 1098; x_wconf 86' lang='grc' dir='ltr'><strong>Θεὸς</strong></span> <span class='ocrx_word' id='word_1_380' title='bbox 3205 1031 3356 1100; x_wconf 84' lang='grc' dir='ltr'>ὑπὲρ</span> <span class='ocrx_word' id='word_1_381' title='bbox 3384 1031 3572 1100; x_wconf 80' lang='grc' dir='ltr'>ἡμῶν,</span> <span class='ocrx_word' id='word_1_382' title='bbox 3605 1034 3696 1098; x_wconf 84' lang='grc' dir='ltr'><strong>τίς</strong></span> 
     </span>
    </p>
   </div>
   <div class='ocr_carea' id='block_1_54' title="bbox 2107 1124 3694 1196">
    <p class='ocr_par' dir='ltr' id='par_1_54' title="bbox 2107 1124 3694 1196">
     <span class='ocr_line' id='line_1_54' title="bbox 2107 1124 3694 1196; baseline -0.001 -16"><span class='ocrx_word' id='word_1_383' title='bbox 2107 1127 2238 1181; x_wconf 76' lang='grc' dir='ltr'>καθ’</span> <span class='ocrx_word' id='word_1_384' title='bbox 2273 1125 2480 1196; x_wconf 69' lang='grc' dir='ltr'>ἡμῶνς</span> <span class='ocrx_word' id='word_1_385' title='bbox 2516 1127 2724 1185; x_wconf 80' lang='grc' dir='ltr'>Οὐδείς.</span> <span class='ocrx_word' id='word_1_386' title='bbox 2753 1125 2870 1180; x_wconf 80' lang='grc' dir='ltr'>Κᾶν</span> <span class='ocrx_word' id='word_1_387' title='bbox 2902 1126 3010 1196; x_wconf 88' lang='grc' dir='ltr'><strong>γάρ</strong></span> <span class='ocrx_word' id='word_1_388' title='bbox 3055 1142 3200 1187; x_wconf 85' lang='grc' dir='ltr'>τινες</span> <span class='ocrx_word' id='word_1_389' title='bbox 3262 1124 3522 1194; x_wconf 75' lang='grc' dir='ltr'>βλάπτειν</span> <span class='ocrx_word' id='word_1_390' title='bbox 3573 1126 3694 1178; x_wconf 76' lang='grc' dir='ltr'>ἑπι-</span> 
     </span>
    </p>
   </div>
   <div class='ocr_carea' id='block_1_55' title="bbox 2107 1217 3482 1290">
    <p class='ocr_par' dir='ltr' id='par_1_55' title="bbox 2107 1217 3482 1290">
     <span class='ocr_line' id='line_1_55' title="bbox 2107 1217 3482 1290; baseline 0 -20"><span class='ocrx_word' id='word_1_391' title='bbox 2107 1219 2460 1290; x_wconf 81' lang='grc' dir='ltr'>χειρήσωσιν,</span> <span class='ocrx_word' id='word_1_392' title='bbox 2485 1219 2546 1272; x_wconf 83' lang='grc' dir='ltr'><strong>οὐ</strong></span> <span class='ocrx_word' id='word_1_393' title='bbox 2579 1217 2894 1288; x_wconf 75' lang='grc' dir='ltr'>βλάψουσιν,</span> <span class='ocrx_word' id='word_1_394' title='bbox 2930 1217 3066 1270; x_wconf 85' lang='grc' dir='ltr'>ἀλλὰ</span> <span class='ocrx_word' id='word_1_395' title='bbox 3091 1217 3482 1288; x_wconf 78' lang='grc' dir='ltr'>ὠφελήσουσιν.</span> 
     </span>
    </p>
   </div>
   <div class='ocr_carea' id='block_1_56' title="bbox 2366 1325 3464 1400">
    <p class='ocr_par' dir='ltr' id='par_1_56' title="bbox 2366 1325 3464 1400">
     <span class='ocr_line' id='line_1_56' title="bbox 2366 1325 3464 1400; baseline -0.003 -14"><span class='ocrx_word' id='word_1_396' title='bbox 2366 1331 2496 1398; x_wconf 86' lang='grc' dir='ltr'><strong>Τοῖς</strong></span> <span class='ocrx_word' id='word_1_397' title='bbox 2533 1332 2687 1386; x_wconf 83' lang='grc' dir='ltr'>κατὰ</span> <span class='ocrx_word' id='word_1_398' title='bbox 2706 1333 2998 1400; x_wconf 78' lang='grc' dir='ltr'>πρόθεσιν</span> <span class='ocrx_word' id='word_1_399' title='bbox 3019 1329 3265 1397; x_wconf 83' lang='grc' dir='ltr'>κλητοῖς</span> <span class='ocrx_word' id='word_1_400' title='bbox 3303 1325 3464 1386; x_wconf 81' lang='grc' dir='ltr'>οὖσι.</span> 
     </span>
    </p>
   </div>
   <div class='ocr_carea' id='block_1_57' title="bbox 2178 1487 3692 1560">
    <p class='ocr_par' dir='ltr' id='par_1_57' title="bbox 2178 1487 3692 1560">
     <span class='ocr_line' id='line_1_57' title="bbox 2178 1487 3692 1560; baseline -0.003 -14"><span class='ocrx_word' id='word_1_401' title='bbox 2178 1493 2423 1546; x_wconf 75' lang='grc' dir='ltr'>Φωτίου.</span> <span class='ocrx_word' id='word_1_402' title='bbox 2449 1492 2491 1543; x_wconf 86' lang='grc' dir='ltr'>Τ</span> <span class='ocrx_word' id='word_1_403' title='bbox 2497 1491 2708 1544; x_wconf 85' lang='grc' dir='ltr'>ουτέστι</span> <span class='ocrx_word' id='word_1_404' title='bbox 2743 1493 2855 1556; x_wconf 88' lang='grc' dir='ltr'>τοῖς</span> <span class='ocrx_word' id='word_1_405' title='bbox 2881 1491 3024 1545; x_wconf 75' lang='grc' dir='ltr'>κατὰ</span> <span class='ocrx_word' id='word_1_406' title='bbox 3051 1489 3303 1560; x_wconf 79' lang='grc' dir='ltr'>γνώμην,</span> <span class='ocrx_word' id='word_1_407' title='bbox 3331 1488 3473 1544; x_wconf 80' lang='grc' dir='ltr'>κατὰ</span> <span class='ocrx_word' id='word_1_408' title='bbox 3499 1487 3692 1559; x_wconf 78' lang='grc' dir='ltr'>πρόοεο</span> 
     </span>
    </p>
   </div>
   <div class='ocr_carea' id='block_1_58' title="bbox 2110 1582 2932 1653">
    <p class='ocr_par' dir='ltr' id='par_1_58' title="bbox 2110 1582 2932 1653">
     <span class='ocr_line' id='line_1_58' title="bbox 2110 1582 2932 1653; baseline 0.001 -17"><span class='ocrx_word' id='word_1_409' title='bbox 2110 1601 2193 1638; x_wconf 90' lang='grc' dir='ltr'><strong>σιν</strong></span> <span class='ocrx_word' id='word_1_410' title='bbox 2235 1583 2511 1649; x_wconf 80' lang='grc' dir='ltr'>ἀξιωθεῖσι</span> <span class='ocrx_word' id='word_1_411' title='bbox 2538 1582 2638 1653; x_wconf 80' lang='grc' dir='ltr'><strong>τῆς</strong></span> <span class='ocrx_word' id='word_1_412' title='bbox 2663 1582 2932 1653; x_wconf 81' lang='grc' dir='ltr'>κλήσεως.</span> 
     </span>
    </p>
   </div>
   <div class='ocr_carea' id='block_1_59' title="bbox 2107 1769 3692 1854">
    <p class='ocr_par' dir='ltr' id='par_1_59' title="bbox 2107 1769 3692 1854">
     <span class='ocr_line' id='line_1_59' title="bbox 2107 1769 3692 1854; baseline -0.004 -15"><span class='ocrx_word' id='word_1_413' title='bbox 2107 1787 2210 1850; x_wconf 82' lang='grc' dir='ltr'><strong>’Ὧς</strong></span> <span class='ocrx_word' id='word_1_414' title='bbox 2244 1803 2308 1854; x_wconf 71' lang='grc' dir='ltr'><strong>γε</strong></span> <span class='ocrx_word' id='word_1_415' title='bbox 2337 1769 2640 1854; x_wconf 52' lang='grc' dir='ltr'><strong>τοῦίῖδίου⁴</strong></span> <span class='ocrx_word' id='word_1_416' title='bbox 2678 1781 2963 1854; x_wconf 38' lang='grc' dir='ltr'><strong>Υἱοῦ-οὑκ</strong></span> <span class='ocrx_word' id='word_1_417' title='bbox 3013 1781 3508 1854; x_wconf 37' lang='grc' dir='ltr'><strong>ιέέρνθείοίατοηἀλλ⁹</strong></span> <span class='ocrx_word' id='word_1_418' title='bbox 3541 1780 3692 1854; x_wconf 73' lang='grc' dir='ltr'>ὑπὲρ</span> 
     </span>
    </p>
   </div>
   <div class='ocr_carea' id='block_1_60' title="bbox 2177 1850 3694 1922">
    <p class='ocr_par' dir='ltr' id='par_1_60' title="bbox 2177 1850 3694 1922">
     <span class='ocr_line' id='line_1_60' title="bbox 2177 1850 3694 1922; baseline -0.003 -13"><span class='ocrx_word' id='word_1_419' title='bbox 2177 1850 2347 1922; x_wconf 61' lang='grc' dir='ltr'>ἡμῶν</span> <span class='ocrx_word' id='word_1_420' title='bbox 2380 1853 2621 1907; x_wconf 83' lang='grc' dir='ltr'>πάντων</span> <span class='ocrx_word' id='word_1_421' title='bbox 2660 1852 3003 1918; x_wconf 72' lang='grc' dir='ltr'>παρέδωκεν</span> <span class='ocrx_word' id='word_1_422' title='bbox 3027 1851 3235 1913; x_wconf 69' lang='grc' dir='ltr'>αὑτὸν,</span> <span class='ocrx_word' id='word_1_423' title='bbox 3269 1850 3392 1916; x_wconf 83' lang='grc' dir='ltr'><strong>πῶς</strong></span> <span class='ocrx_word' id='word_1_424' title='bbox 3421 1853 3555 1920; x_wconf 78' lang='grc' dir='ltr'><strong>οὐχὶ</strong></span> <span class='ocrx_word' id='word_1_425' title='bbox 3596 1852 3694 1905; x_wconf 72' lang='grc' dir='ltr'>καὶ</span> 
     </span>
    </p>
   </div>
   <div class='ocr_carea' id='block_1_61' title="bbox 2176 1922 3355 1991">
    <p class='ocr_par' dir='ltr' id='par_1_61' title="bbox 2176 1922 3355 1991">
     <span class='ocr_line' id='line_1_61' title="bbox 2176 1922 3355 1991; baseline -0.006 -12"><span class='ocrx_word' id='word_1_426' title='bbox 2176 1925 2299 1979; x_wconf 84' lang='grc' dir='ltr'>σὺν</span> <span class='ocrx_word' id='word_1_427' title='bbox 2318 1924 2479 1990; x_wconf 82' lang='grc' dir='ltr'>αὐτῷ</span> <span class='ocrx_word' id='word_1_428' title='bbox 2508 1924 2582 1977; x_wconf 80' lang='grc' dir='ltr'>τὰ</span> <span class='ocrx_word' id='word_1_429' title='bbox 2603 1923 2798 1976; x_wconf 78' lang='grc' dir='ltr'>πάντα</span> <span class='ocrx_word' id='word_1_430' title='bbox 2837 1922 2982 1991; x_wconf 70' lang='grc' dir='ltr'>ἡμῖν</span> <span class='ocrx_word' id='word_1_431' title='bbox 3005 1923 3311 1991; x_wconf 77' lang='grc' dir='ltr'>χαρίσεται</span> <span class='ocrx_word' id='word_1_432' title='bbox 3336 1937 3355 1984; x_wconf 92' lang='grc'><strong><em>;</em></strong></span> 
     </span>
    </p>
   </div>
   <div class='ocr_carea' id='block_1_62' title="bbox 2177 2011 3692 2084">
    <p class='ocr_par' dir='ltr' id='par_1_62' title="bbox 2177 2011 3692 2084">
     <span class='ocr_line' id='line_1_62' title="bbox 2177 2011 3692 2084; baseline -0.004 -11"><span class='ocrx_word' id='word_1_433' title='bbox 2177 2021 2422 2073; x_wconf 82' lang='grc' dir='ltr'>Φωτίου.</span> <span class='ocrx_word' id='word_1_434' title='bbox 2453 2018 2676 2070; x_wconf 83' lang='grc' dir='ltr'>Τέθεικε</span> <span class='ocrx_word' id='word_1_435' title='bbox 2703 2017 2884 2068; x_wconf 82' lang='grc' dir='ltr'>τοίνυν</span> <span class='ocrx_word' id='word_1_436' title='bbox 2911 2011 2991 2078; x_wconf 75' lang='grc' dir='ltr'><strong>τὸ,</strong></span> <span class='ocrx_word' id='word_1_437' title='bbox 3017 2016 3127 2081; x_wconf 83' lang='grc' dir='ltr'><strong>’Ὃς</strong></span> <span class='ocrx_word' id='word_1_438' title='bbox 3152 2032 3218 2084; x_wconf 73' lang='grc' dir='ltr'>τε</span> <span class='ocrx_word' id='word_1_439' title='bbox 3251 2015 3358 2069; x_wconf 87' lang='grc' dir='ltr'>τοῦ</span> <span class='ocrx_word' id='word_1_440' title='bbox 3391 2014 3542 2068; x_wconf 69' lang='grc' dir='ltr'>ἰδίου</span> <span class='ocrx_word' id='word_1_441' title='bbox 3556 2013 3692 2067; x_wconf 77' lang='grc' dir='ltr'>Υιοῦ</span> 
     </span>
    </p>
   </div>
   <div class='ocr_carea' id='block_1_63' title="bbox 2105 2102 3694 2180">
    <p class='ocr_par' dir='ltr' id='par_1_63' title="bbox 2105 2102 3694 2180">
     <span class='ocr_line' id='line_1_63' title="bbox 2105 2102 3694 2180; baseline -0.006 -14"><span class='ocrx_word' id='word_1_442' title='bbox 2105 2102 2542 2180; x_wconf 37' lang='grc' dir='ltr'>ουκγέφείσατο,</span> <span class='ocrx_word' id='word_1_443' title='bbox 2560 2109 2658 2178; x_wconf 83' lang='grc' dir='ltr'>τὴν</span> <span class='ocrx_word' id='word_1_444' title='bbox 2672 2107 3018 2178; x_wconf 77' lang='grc' dir='ltr'>κηδεμονίαν,</span> <span class='ocrx_word' id='word_1_445' title='bbox 3038 2107 3112 2170; x_wconf 86' lang='grc' dir='ltr'><strong>ώς</strong></span> <span class='ocrx_word' id='word_1_446' title='bbox 3127 2107 3230 2175; x_wconf 58' lang='lat' dir='ltr'><strong>lea</strong></span> <span class='ocrx_word' id='word_1_447' title='bbox 3238 2124 3357 2178; x_wconf 88' lang='grc' dir='ltr'>μεν,</span> <span class='ocrx_word' id='word_1_448' title='bbox 3377 2107 3475 2177; x_wconf 83' lang='grc' dir='ltr'><strong>τὴν</strong></span> <span class='ocrx_word' id='word_1_449' title='bbox 3490 2108 3694 2175; x_wconf 82' lang='grc' dir='ltr'>ἄφατον</span> 
     </span>
    </p>
   </div>
   <div class='ocr_carea' id='block_1_64' title="bbox 2104 2197 3693 2272">
    <p class='ocr_par' dir='ltr' id='par_1_64' title="bbox 2104 2197 3693 2272">
     <span class='ocr_line' id='line_1_64' title="bbox 2104 2197 3693 2272; baseline -0.003 -17"><span class='ocrx_word' id='word_1_450' title='bbox 2104 2201 2199 2256; x_wconf 83' lang='grc' dir='ltr'>τοῦ</span> <span class='ocrx_word' id='word_1_451' title='bbox 2226 2200 2360 2254; x_wconf 82' lang='grc' dir='ltr'>Θεοῦ</span> <span class='ocrx_word' id='word_1_452' title='bbox 2398 2201 2496 2272; x_wconf 78' lang='grc' dir='ltr'><strong>τήν</strong></span> <span class='ocrx_word' id='word_1_453' title='bbox 2523 2199 2651 2270; x_wconf 72' lang='grc' dir='ltr'>περὶ</span> <span class='ocrx_word' id='word_1_454' title='bbox 2678 2200 2824 2269; x_wconf 73' lang='grc' dir='ltr'>ἡμᾶς</span> <span class='ocrx_word' id='word_1_455' title='bbox 2852 2198 3289 2270; x_wconf 76' lang='grc' dir='ltr'>ἐνδεικνύμενος.</span> <span class='ocrx_word' id='word_1_456' title='bbox 3325 2201 3435 2251; x_wconf 63' lang='grc' dir='ltr'><strong>Καὶ</strong></span> <span class='ocrx_word' id='word_1_457' title='bbox 3475 2197 3596 2267; x_wconf 68' lang='grc' dir='ltr'><strong>ἅμα</strong></span> <span class='ocrx_word' id='word_1_458' title='bbox 3641 2199 3693 2251; x_wconf 77' lang='grc' dir='ltr'>ετ</span> 
     </span>
    </p>
   </div>
   <div class='ocr_carea' id='block_1_65' title="bbox 2105 2290 3690 2364">
    <p class='ocr_par' dir='ltr' id='par_1_65' title="bbox 2105 2290 3690 2364">
     <span class='ocr_line' id='line_1_65' title="bbox 2105 2290 3690 2364; baseline -0.004 -17"><span class='ocrx_word' id='word_1_459' title='bbox 2105 2311 2158 2347; x_wconf 89' lang='grc' dir='ltr'><strong>τι</strong></span> <span class='ocrx_word' id='word_1_460' title='bbox 2188 2291 2450 2364; x_wconf 81' lang='grc' dir='ltr'>δυσχερὲς</span> <span class='ocrx_word' id='word_1_461' title='bbox 2489 2293 2593 2346; x_wconf 80' lang='grc' dir='ltr'>ὑπό</span> <span class='ocrx_word' id='word_1_462' title='bbox 2614 2310 2758 2356; x_wconf 86' lang='grc' dir='ltr'>τινος</span> <span class='ocrx_word' id='word_1_463' title='bbox 2787 2294 3092 2363; x_wconf 79' lang='grc' dir='ltr'>πάσχομεν,</span> <span class='ocrx_word' id='word_1_464' title='bbox 3134 2293 3422 2362; x_wconf 80' lang='grc' dir='ltr'>καρτερεῖν</span> <span class='ocrx_word' id='word_1_465' title='bbox 3464 2291 3553 2344; x_wconf 71' lang='grc' dir='ltr'><strong>διὰ</strong></span> <span class='ocrx_word' id='word_1_466' title='bbox 3599 2290 3690 2342; x_wconf 76' lang='grc' dir='ltr'>τοῦ</span> 
     </span>
    </p>
   </div>
   <div class='ocr_carea' id='block_1_66' title="bbox 2107 2382 3692 2456">
    <p class='ocr_par' dir='ltr' id='par_1_66' title="bbox 2107 2382 3692 2456">
     <span class='ocr_line' id='line_1_66' title="bbox 2107 2382 3692 2456; baseline -0.003 -18"><span class='ocrx_word' id='word_1_467' title='bbox 2107 2385 2558 2456; x_wconf 80' lang='grc' dir='ltr'>παραδείγματος</span> <span class='ocrx_word' id='word_1_468' title='bbox 2599 2385 2899 2456; x_wconf 88' lang='grc' dir='ltr'>παραινῶν.</span> <span class='ocrx_word' id='word_1_469' title='bbox 2952 2385 3027 2437; x_wconf 74' lang='grc' dir='ltr'><strong>Οὐ</strong></span> <span class='ocrx_word' id='word_1_470' title='bbox 3089 2383 3248 2453; x_wconf 80' lang='grc' dir='ltr'>μόνον</span> <span class='ocrx_word' id='word_1_471' title='bbox 3296 2382 3375 2444; x_wconf 82' lang='grc' dir='ltr'><strong>δὲ,</strong></span> <span class='ocrx_word' id='word_1_472' title='bbox 3425 2382 3560 2436; x_wconf 75' lang='grc' dir='ltr'>ἀλλὰ</span> <span class='ocrx_word' id='word_1_473' title='bbox 3600 2382 3692 2436; x_wconf 75' lang='grc' dir='ltr'>καὶ</span> 
     </span>
    </p>
   </div>
   <div class='ocr_carea' id='block_1_67' title="bbox 2107 2473 3692 2547">
    <p class='ocr_par' dir='ltr' id='par_1_67' title="bbox 2107 2473 3692 2547">
     <span class='ocr_line' id='line_1_67' title="bbox 2107 2473 3692 2547; baseline -0.004 -18"><span class='ocrx_word' id='word_1_474' title='bbox 2107 2474 2488 2546; x_wconf 77' lang='grc' dir='ltr'>ἀνακτώμενος</span> <span class='ocrx_word' id='word_1_475' title='bbox 2520 2475 2613 2528; x_wconf 73' lang='grc' dir='ltr'><strong>καὶ</strong></span> <span class='ocrx_word' id='word_1_476' title='bbox 2639 2475 2994 2547; x_wconf 86' lang='grc' dir='ltr'>παρηγορῶν.</span> <span class='ocrx_word' id='word_1_477' title='bbox 3029 2474 3092 2526; x_wconf 83' lang='lat' dir='ltr'><strong>Ei</strong></span> <span class='ocrx_word' id='word_1_478' title='bbox 3114 2473 3224 2543; x_wconf 80' lang='grc' dir='ltr'><strong>γὰρ</strong></span> <span class='ocrx_word' id='word_1_479' title='bbox 3250 2475 3278 2526; x_wconf 85' lang='grc' dir='ltr'><strong>δ</strong></span> <span class='ocrx_word' id='word_1_480' title='bbox 3303 2473 3428 2536; x_wconf 75' lang='grc' dir='ltr'>Υἱὸς</span> <span class='ocrx_word' id='word_1_481' title='bbox 3453 2473 3692 2525; x_wconf 78' lang='grc' dir='ltr'>τοσαῦτα</span> 
     </span>
    </p>
   </div>
   <div class='ocr_carea' id='block_1_68' title="bbox 2107 2562 3692 2639">
    <p class='ocr_par' dir='ltr' id='par_1_68' title="bbox 2107 2562 3692 2639">
     <span class='ocr_line' id='line_1_68' title="bbox 2107 2562 3692 2639; baseline -0.005 -18"><span class='ocrx_word' id='word_1_482' title='bbox 2107 2568 2247 2639; x_wconf 85' lang='grc' dir='ltr'>ὑπὲρ</span> <span class='ocrx_word' id='word_1_483' title='bbox 2289 2567 2382 2620; x_wconf 77' lang='grc' dir='ltr'>σοῦ</span> <span class='ocrx_word' id='word_1_484' title='bbox 2413 2566 2602 2630; x_wconf 78' lang='grc' dir='ltr'>ἔπαθε,</span> <span class='ocrx_word' id='word_1_485' title='bbox 2633 2566 2684 2618; x_wconf 89' lang='grc' dir='ltr'><strong>τί</strong></span> <span class='ocrx_word' id='word_1_486' title='bbox 2710 2585 2767 2618; x_wconf 84' lang='grc' dir='ltr'><strong>σε</strong></span> <span class='ocrx_word' id='word_1_487' title='bbox 2802 2567 2908 2634; x_wconf 82' lang='grc' dir='ltr'><strong>χρὴ</strong></span> <span class='ocrx_word' id='word_1_488' title='bbox 2959 2565 3154 2618; x_wconf 79' lang='grc' dir='ltr'>παθεῖν</span> <span class='ocrx_word' id='word_1_489' title='bbox 3185 2565 3326 2632; x_wconf 78' lang='grc' dir='ltr'>ὑπὲρ</span> <span class='ocrx_word' id='word_1_490' title='bbox 3357 2562 3564 2622; x_wconf 61' lang='lat' dir='ltr'><strong>abso-5:</strong></span> <span class='ocrx_word' id='word_1_491' title='bbox 3597 2563 3692 2614; x_wconf 78' lang='grc' dir='ltr'>καὶ</span> 
     </span>
    </p>
   </div>
   <div class='ocr_carea' id='block_1_69' title="bbox 2107 2653 3691 2725">
    <p class='ocr_par' dir='ltr' id='par_1_69' title="bbox 2107 2653 3691 2725">
     <span class='ocr_line' id='line_1_69' title="bbox 2107 2653 3691 2725; baseline -0.003 -17"><span class='ocrx_word' id='word_1_492' title='bbox 2107 2659 2155 2710; x_wconf 78' lang='grc' dir='ltr'>ει</span> <span class='ocrx_word' id='word_1_493' title='bbox 2204 2659 2409 2719; x_wconf 80' lang='grc' dir='ltr'>ἐκεῖνος</span> <span class='ocrx_word' id='word_1_494' title='bbox 2449 2655 2675 2709; x_wconf 81' lang='grc' dir='ltr'>τοιαῦτα</span> <span class='ocrx_word' id='word_1_495' title='bbox 2715 2654 2935 2719; x_wconf 82' lang='grc' dir='ltr'>παθὼν,</span> <span class='ocrx_word' id='word_1_496' title='bbox 2979 2657 3080 2725; x_wconf 83' lang='grc' dir='ltr'>τῆς</span> <span class='ocrx_word' id='word_1_497' title='bbox 3123 2655 3400 2724; x_wconf 81' lang='grc' dir='ltr'>πατρικῆς</span> <span class='ocrx_word' id='word_1_498' title='bbox 3445 2653 3608 2723; x_wconf 72' lang='grc' dir='ltr'>δόξης</span> <span class='ocrx_word' id='word_1_499' title='bbox 3633 2671 3691 2705; x_wconf 84' lang='grc' dir='ltr'><strong>τε</strong></span> 
     </span>
    </p>
   </div>
   <div class='ocr_carea' id='block_1_70' title="bbox 2109 2745 3691 2818">
    <p class='ocr_par' dir='ltr' id='par_1_70' title="bbox 2109 2745 3691 2818">
     <span class='ocr_line' id='line_1_70' title="bbox 2109 2745 3691 2818; baseline -0.004 -16"><span class='ocrx_word' id='word_1_500' title='bbox 2109 2750 2200 2802; x_wconf 69' lang='grc' dir='ltr'>καὶ</span> <span class='ocrx_word' id='word_1_501' title='bbox 2218 2748 2474 2818; x_wconf 80' lang='grc' dir='ltr'>θεότητος</span> <span class='ocrx_word' id='word_1_502' title='bbox 2499 2748 2657 2801; x_wconf 73' lang='grc' dir='ltr'>οὐδέν</span> <span class='ocrx_word' id='word_1_503' title='bbox 2690 2765 2744 2799; x_wconf 87' lang='grc' dir='ltr'><strong>τι</strong></span> <span class='ocrx_word' id='word_1_504' title='bbox 2805 2747 3204 2817; x_wconf 76' lang='grc' dir='ltr'>καθυφειμένον</span> <span class='ocrx_word' id='word_1_505' title='bbox 3246 2745 3462 2810; x_wconf 75' lang='grc' dir='ltr'>ἐδέξατο</span> <span class='ocrx_word' id='word_1_506' title='bbox 3495 2763 3508 2779; x_wconf 88' lang='grc'><strong>·</strong></span> <span class='ocrx_word' id='word_1_507' title='bbox 3556 2745 3691 2815; x_wconf 82' lang='grc' dir='ltr'>μηδὲ</span> 
     </span>
    </p>
   </div>
   <div class='ocr_carea' id='block_1_71' title="bbox 2109 2837 3696 2910">
    <p class='ocr_par' dir='ltr' id='par_1_71' title="bbox 2109 2837 3696 2910">
     <span class='ocr_line' id='line_1_71' title="bbox 2109 2837 3696 2910; baseline -0.003 -17"><span class='ocrx_word' id='word_1_508' title='bbox 2109 2841 2174 2893; x_wconf 74' lang='grc' dir='ltr'><strong>σὺ</strong></span> <span class='ocrx_word' id='word_1_509' title='bbox 2236 2840 2581 2910; x_wconf 81' lang='grc' dir='ltr'>ὀλιγωρήσῃς</span> <span class='ocrx_word' id='word_1_510' title='bbox 2647 2839 2874 2910; x_wconf 83' lang='grc' dir='ltr'>πάσχων</span> <span class='ocrx_word' id='word_1_511' title='bbox 2921 2839 3120 2892; x_wconf 76' lang='grc' dir='ltr'>ταῦτα.</span> <span class='ocrx_word' id='word_1_512' title='bbox 3173 2839 3400 2900; x_wconf 79' lang='grc' dir='ltr'><strong>Πάντως</strong></span> <span class='ocrx_word' id='word_1_513' title='bbox 3445 2840 3559 2907; x_wconf 77' lang='grc' dir='ltr'>γὰρ</span> <span class='ocrx_word' id='word_1_514' title='bbox 3587 2837 3696 2889; x_wconf 84' lang='grc' dir='ltr'><strong>τῶν</strong></span> 
     </span>
    </p>
   </div>
   <div class='ocr_carea' id='block_1_72' title="bbox 2107 2929 3696 3002">
    <p class='ocr_par' dir='ltr' id='par_1_72' title="bbox 2107 2929 3696 3002">
     <span class='ocr_line' id='line_1_72' title="bbox 2107 2929 3696 3002; baseline -0.001 -17"><span class='ocrx_word' id='word_1_515' title='bbox 2107 2930 2554 3002; x_wconf 75' lang='grc' dir='ltr'>ἐπηγγελμένων,</span> <span class='ocrx_word' id='word_1_516' title='bbox 2637 2931 2734 2984; x_wconf 72' lang='grc' dir='ltr'><strong>καὶ</strong></span> <span class='ocrx_word' id='word_1_517' title='bbox 2780 2930 2919 3001; x_wconf 83' lang='grc' dir='ltr'>μετὰ</span> <span class='ocrx_word' id='word_1_518' title='bbox 2967 2931 3035 2984; x_wconf 76' lang='grc' dir='ltr'>τὰ</span> <span class='ocrx_word' id='word_1_519' title='bbox 3079 2929 3400 3000; x_wconf 84' lang='grc' dir='ltr'>παθήματα,</span> <span class='ocrx_word' id='word_1_520' title='bbox 3429 2929 3527 2982; x_wconf 79' lang='grc' dir='ltr'>καὶ</span> <span class='ocrx_word' id='word_1_521' title='bbox 3559 2932 3696 3000; x_wconf 72' lang='grc' dir='ltr'>μετὰ</span> 
     </span>
    </p>
   </div>
   <div class='ocr_carea' id='block_1_73' title="bbox 2109 3021 2821 3093">
    <p class='ocr_par' dir='ltr' id='par_1_73' title="bbox 2109 3021 2821 3093">
     <span class='ocr_line' id='line_1_73' title="bbox 2109 3021 2821 3093; baseline 0 -18"><span class='ocrx_word' id='word_1_522' title='bbox 2109 3022 2200 3076; x_wconf 79' lang='grc' dir='ltr'>τὸν</span> <span class='ocrx_word' id='word_1_523' title='bbox 2237 3021 2490 3085; x_wconf 82' lang='grc' dir='ltr'>θάνατον,</span> <span class='ocrx_word' id='word_1_524' title='bbox 2520 3021 2821 3093; x_wconf 75' lang='grc' dir='ltr'>ἅξιωθήσῃ.</span> 
     </span>
    </p>
   </div>
   <div class='ocr_carea' id='block_1_74' title="bbox 2333 3133 3517 3202">
    <p class='ocr_par' dir='ltr' id='par_1_74' title="bbox 2333 3133 3517 3202">
     <span class='ocr_line' id='line_1_74' title="bbox 2333 3133 3517 3202; baseline 0.002 -14"><span class='ocrx_word' id='word_1_525' title='bbox 2333 3135 2427 3200; x_wconf 84' lang='grc' dir='ltr'>Τίς</span> <span class='ocrx_word' id='word_1_526' title='bbox 2453 3133 2770 3202; x_wconf 74' lang='grc' dir='ltr'>ἐγκαλέσει</span> <span class='ocrx_word' id='word_1_527' title='bbox 2804 3135 2953 3188; x_wconf 83' lang='grc' dir='ltr'>κατὰ</span> <span class='ocrx_word' id='word_1_528' title='bbox 2985 3135 3287 3189; x_wconf 74' lang='grc' dir='ltr'>ἐκλεκτῶν</span> <span class='ocrx_word' id='word_1_529' title='bbox 3329 3135 3474 3190; x_wconf 87' lang='grc' dir='ltr'>Θεοῦ</span> <span class='ocrx_word' id='word_1_530' title='bbox 3499 3153 3517 3201; x_wconf 92' lang='grc'><em>;</em></span> 
     </span>
    </p>
   </div>
   <div class='ocr_carea' id='block_1_75' title="bbox 2185 3227 3698 3300">
    <p class='ocr_par' dir='ltr' id='par_1_75' title="bbox 2185 3227 3698 3300">
     <span class='ocr_line' id='line_1_75' title="bbox 2185 3227 3698 3300; baseline -0.001 -18"><span class='ocrx_word' id='word_1_531' title='bbox 2185 3231 2430 3284; x_wconf 82' lang='grc' dir='ltr'>Φωτίου.</span> <span class='ocrx_word' id='word_1_532' title='bbox 2475 3229 2566 3282; x_wconf 83' lang='grc' dir='ltr'>Ἐν</span> <span class='ocrx_word' id='word_1_533' title='bbox 2618 3232 2728 3292; x_wconf 80' lang='grc' dir='ltr'>τοῖς</span> <span class='ocrx_word' id='word_1_534' title='bbox 2768 3228 3079 3300; x_wconf 78' lang='grc' dir='ltr'>ἔμπροσθεν</span> <span class='ocrx_word' id='word_1_535' title='bbox 3125 3227 3181 3280; x_wconf 84' lang='grc' dir='ltr'>δὲ</span> <span class='ocrx_word' id='word_1_536' title='bbox 3219 3228 3389 3283; x_wconf 78' lang='grc' dir='ltr'>εἰπὼν</span> <span class='ocrx_word' id='word_1_537' title='bbox 3413 3229 3549 3292; x_wconf 78' lang='grc' dir='ltr'>τοὺς</span> <span class='ocrx_word' id='word_1_538' title='bbox 3582 3247 3698 3282; x_wconf 88' lang='grc' dir='ltr'>πει-</span> 
     </span>
    </p>
   </div>
   <div class='ocr_carea' id='block_1_76' title="bbox 2117 3319 3698 3392">
    <p class='ocr_par' dir='ltr' id='par_1_76' title="bbox 2117 3319 3698 3392">
     <span class='ocr_line' id='line_1_76' title="bbox 2117 3319 3698 3392; baseline -0.001 -20"><span class='ocrx_word' id='word_1_539' title='bbox 2117 3321 2359 3391; x_wconf 80' lang='grc' dir='ltr'>ρασμοὺς</span> <span class='ocrx_word' id='word_1_540' title='bbox 2378 3319 2503 3384; x_wconf 76' lang='grc' dir='ltr'>τοὺς</span> <span class='ocrx_word' id='word_1_541' title='bbox 2530 3321 2617 3373; x_wconf 76' lang='grc' dir='ltr'><strong>διὰ</strong></span> <span class='ocrx_word' id='word_1_542' title='bbox 2643 3319 2877 3390; x_wconf 72' lang='grc' dir='ltr'>θλίψεων</span> <span class='ocrx_word' id='word_1_543' title='bbox 2909 3320 3003 3374; x_wconf 77' lang='grc' dir='ltr'>καὶ</span> <span class='ocrx_word' id='word_1_544' title='bbox 3035 3319 3306 3389; x_wconf 82' lang='grc' dir='ltr'>βασάνων,</span> <span class='ocrx_word' id='word_1_545' title='bbox 3329 3322 3388 3373; x_wconf 85' lang='grc' dir='ltr'>ὲν</span> <span class='ocrx_word' id='word_1_546' title='bbox 3417 3320 3494 3392; x_wconf 86' lang='grc' dir='ltr'>τῷ</span> <span class='ocrx_word' id='word_1_547' title='bbox 3521 3323 3698 3374; x_wconf 82' lang='grc' dir='ltr'>εἰπεῖν</span> 
     </span>
    </p>
   </div>
   <div class='ocr_carea' id='block_1_77' title="bbox 2121 3409 3699 3484">
    <p class='ocr_par' dir='ltr' id='par_1_77' title="bbox 2121 3409 3699 3484">
     <span class='ocr_line' id='line_1_77' title="bbox 2121 3409 3699 3484; baseline 0 -18"><span class='ocrx_word' id='word_1_548' title='bbox 2121 3414 2214 3478; x_wconf 80' lang='grc' dir='ltr'>Τίς</span> <span class='ocrx_word' id='word_1_549' title='bbox 2246 3415 2372 3466; x_wconf 82' lang='grc' dir='ltr'>καθ’</span> <span class='ocrx_word' id='word_1_550' title='bbox 2396 3411 2563 3482; x_wconf 72' lang='grc' dir='ltr'>ἡμῶν</span> <span class='ocrx_word' id='word_1_551' title='bbox 2580 3429 2601 3477; x_wconf 84' lang='grc'><strong><em>;</em></strong></span> <span class='ocrx_word' id='word_1_552' title='bbox 2636 3413 2729 3467; x_wconf 76' lang='grc' dir='ltr'>νῦν</span> <span class='ocrx_word' id='word_1_553' title='bbox 2763 3413 2950 3484; x_wconf 74' lang='grc' dir='ltr'>ἕτερον</span> <span class='ocrx_word' id='word_1_554' title='bbox 2987 3409 3126 3475; x_wconf 78' lang='grc' dir='ltr'>εἶδος</span> <span class='ocrx_word' id='word_1_555' title='bbox 3154 3413 3477 3483; x_wconf 83' lang='grc' dir='ltr'>πειρασμῶν</span> <span class='ocrx_word' id='word_1_556' title='bbox 3501 3414 3655 3483; x_wconf 78' lang='grc' dir='ltr'>λέγει</span> <span class='ocrx_word' id='word_1_557' title='bbox 3681 3427 3699 3444; x_wconf 77' lang='grc'><strong>⁸</strong></span> 
     </span>
    </p>
   </div>
   <div class='ocr_carea' id='block_1_78' title="bbox 2113 3504 3694 3577">
    <p class='ocr_par' dir='ltr' id='par_1_78' title="bbox 2113 3504 3694 3577">
     <span class='ocr_line' id='line_1_78' title="bbox 2113 3504 3694 3577; baseline 0.003 -21"><span class='ocrx_word' id='word_1_558' title='bbox 2113 3505 2237 3567; x_wconf 74' lang='grc' dir='ltr'>τοὺς</span> <span class='ocrx_word' id='word_1_559' title='bbox 2289 3505 2647 3574; x_wconf 78' lang='grc' dir='ltr'>ὀνειδισμοὺς,</span> <span class='ocrx_word' id='word_1_560' title='bbox 2694 3505 2790 3568; x_wconf 75' lang='grc' dir='ltr'><strong>τὰς</strong></span> <span class='ocrx_word' id='word_1_561' title='bbox 2831 3505 3087 3575; x_wconf 67' lang='grc' dir='ltr'>μέμψεις,</span> <span class='ocrx_word' id='word_1_562' title='bbox 3142 3505 3240 3568; x_wconf 77' lang='grc' dir='ltr'><strong>τὰς</strong></span> <span class='ocrx_word' id='word_1_563' title='bbox 3287 3504 3581 3577; x_wconf 78' lang='grc' dir='ltr'>λοιδορίας,</span> <span class='ocrx_word' id='word_1_564' title='bbox 3633 3506 3694 3567; x_wconf 76' lang='grc' dir='ltr'>ἃ,</span> 
     </span>
    </p>
   </div>
   <div class='ocr_carea' id='block_1_79' title="bbox 2115 3596 3702 3668">
    <p class='ocr_par' dir='ltr' id='par_1_79' title="bbox 2115 3596 3702 3668">
     <span class='ocr_line' id='line_1_79' title="bbox 2115 3596 3702 3668; baseline 0 -18"><span class='ocrx_word' id='word_1_565' title='bbox 2115 3599 2372 3666; x_wconf 79' lang='grc' dir='ltr'>κατέχεον</span> <span class='ocrx_word' id='word_1_566' title='bbox 2403 3601 2449 3651; x_wconf 76' lang='grc' dir='ltr'>οἱ</span> <span class='ocrx_word' id='word_1_567' title='bbox 2501 3598 2718 3652; x_wconf 82' lang='grc' dir='ltr'>ἄπιστοι</span> <span class='ocrx_word' id='word_1_568' title='bbox 2766 3598 2872 3652; x_wconf 85' lang='grc' dir='ltr'><strong>τῶν</strong></span> <span class='ocrx_word' id='word_1_569' title='bbox 2914 3596 3140 3652; x_wconf 82' lang='grc' dir='ltr'>πιστῶν.</span> <span class='ocrx_word' id='word_1_570' title='bbox 3207 3597 3319 3650; x_wconf 72' lang='grc' dir='ltr'><strong>Καὶ</strong></span> <span class='ocrx_word' id='word_1_571' title='bbox 3364 3598 3527 3651; x_wconf 81' lang='grc' dir='ltr'>τοῦτο</span> <span class='ocrx_word' id='word_1_572' title='bbox 3552 3599 3702 3668; x_wconf 73' lang='grc' dir='ltr'>δηλοῖ</span> 
     </span>
    </p>
   </div>
   <div class='ocr_carea' id='block_1_80' title="bbox 2112 3685 3700 3756">
    <p class='ocr_par' dir='ltr' id='par_1_80' title="bbox 2112 3685 3700 3756">
     <span class='ocr_line' id='line_1_80' title="bbox 2112 3685 3700 3756; baseline 0.001 -19"><span class='ocrx_word' id='word_1_573' title='bbox 2112 3685 2198 3738; x_wconf 75' lang='grc' dir='ltr'><strong>διὰ</strong></span> <span class='ocrx_word' id='word_1_574' title='bbox 2245 3687 2338 3738; x_wconf 77' lang='grc' dir='ltr'>τοῦ</span> <span class='ocrx_word' id='word_1_575' title='bbox 2381 3687 2589 3755; x_wconf 79' lang='grc' dir='ltr'>λέγειν,</span> <span class='ocrx_word' id='word_1_576' title='bbox 2665 3688 2762 3752; x_wconf 80' lang='grc' dir='ltr'>Τίς</span> <span class='ocrx_word' id='word_1_577' title='bbox 2821 3687 3140 3756; x_wconf 76' lang='grc' dir='ltr'>ἐγκαλέσει</span> <span class='ocrx_word' id='word_1_578' title='bbox 3185 3687 3338 3741; x_wconf 82' lang='grc' dir='ltr'>κατὰ</span> <span class='ocrx_word' id='word_1_579' title='bbox 3395 3686 3700 3742; x_wconf 73' lang='grc' dir='ltr'>ἐκλεκτῶν</span> 
     </span>
    </p>
   </div>
   <div class='ocr_carea' id='block_1_81' title="bbox 2117 3775 3700 3849">
    <p class='ocr_par' dir='ltr' id='par_1_81' title="bbox 2117 3775 3700 3849">
     <span class='ocr_line' id='line_1_81' title="bbox 2117 3775 3700 3849; baseline 0.001 -21"><span class='ocrx_word' id='word_1_580' title='bbox 2117 3775 2265 3828; x_wconf 84' lang='grc' dir='ltr'>Θεοῦ</span> <span class='ocrx_word' id='word_1_581' title='bbox 2281 3792 2301 3839; x_wconf 83' lang='grc'><strong><em>;</em></strong></span> <span class='ocrx_word' id='word_1_582' title='bbox 2351 3779 2444 3830; x_wconf 73' lang='grc' dir='ltr'>καὶ</span> <span class='ocrx_word' id='word_1_583' title='bbox 2485 3777 2836 3832; x_wconf 86' lang='grc' dir='ltr'>ἀποδείκνυσι</span> <span class='ocrx_word' id='word_1_584' title='bbox 2880 3779 3190 3845; x_wconf 82' lang='grc' dir='ltr'>κάνταῦθα,</span> <span class='ocrx_word' id='word_1_585' title='bbox 3238 3778 3429 3849; x_wconf 85' lang='grc' dir='ltr'>ὥσπερ</span> <span class='ocrx_word' id='word_1_586' title='bbox 3477 3781 3578 3832; x_wconf 72' lang='grc' dir='ltr'>καὶ</span> <span class='ocrx_word' id='word_1_587' title='bbox 3610 3781 3700 3832; x_wconf 72' lang='grc' dir='ltr'>ἐπὶ</span> 
     </span>
    </p>
   </div>
   <div class='ocr_carea' id='block_1_82' title="bbox 2112 3870 3698 3944">
    <p class='ocr_par' dir='ltr' id='par_1_82' title="bbox 2112 3870 3698 3944">
     <span class='ocr_line' id='line_1_82' title="bbox 2112 3870 3698 3944; baseline 0.001 -24"><span class='ocrx_word' id='word_1_588' title='bbox 2112 3871 2220 3921; x_wconf 81' lang='grc' dir='ltr'><strong>τῶν</strong></span> <span class='ocrx_word' id='word_1_589' title='bbox 2276 3870 2601 3940; x_wconf 80' lang='grc' dir='ltr'>εἰρημένων,</span> <span class='ocrx_word' id='word_1_590' title='bbox 2665 3873 2746 3926; x_wconf 81' lang='grc' dir='ltr'>ὃτι</span> <span class='ocrx_word' id='word_1_591' title='bbox 2798 3870 2932 3925; x_wconf 81' lang='grc' dir='ltr'>Θεοῦ</span> <span class='ocrx_word' id='word_1_592' title='bbox 2990 3871 3347 3937; x_wconf 83' lang='grc' dir='ltr'>δικαιοῦντος,</span> <span class='ocrx_word' id='word_1_593' title='bbox 3405 3873 3485 3936; x_wconf 80' lang='grc' dir='ltr'><strong>είς</strong></span> <span class='ocrx_word' id='word_1_594' title='bbox 3521 3873 3698 3944; x_wconf 81' lang='grc' dir='ltr'>μάτην</span> 
     </span>
    </p>
   </div>
   <div class='ocr_carea' id='block_1_83' title="bbox 2113 3959 3591 4037">
    <p class='ocr_par' dir='ltr' id='par_1_83' title="bbox 2113 3959 3591 4037">
     <span class='ocr_line' id='line_1_83' title="bbox 2113 3959 3591 4037; baseline 0.003 -23"><span class='ocrx_word' id='word_1_595' title='bbox 2113 3959 2554 4037; x_wconf 78' lang='grc' dir='ltr'>γλωσσαλγοῦσιν</span> <span class='ocrx_word' id='word_1_596' title='bbox 2593 3962 2642 4014; x_wconf 79' lang='grc' dir='ltr'>οἱ</span> <span class='ocrx_word' id='word_1_597' title='bbox 2671 3961 2985 4034; x_wconf 71' lang='grc' dir='ltr'>αἰτιώμενοι</span> <span class='ocrx_word' id='word_1_598' title='bbox 3014 3965 3109 4016; x_wconf 75' lang='grc' dir='ltr'><strong>καὶ</strong></span> <span class='ocrx_word' id='word_1_599' title='bbox 3136 3964 3591 4035; x_wconf 84' lang='grc' dir='ltr'>κατακρίνοντες.</span> 
     </span>
    </p>
   </div>
   <div class='ocr_carea' id='block_1_84' title="bbox 2527 4076 3288 4146">
    <p class='ocr_par' dir='ltr' id='par_1_84' title="bbox 2527 4076 3288 4146">
     <span class='ocr_line' id='line_1_84' title="bbox 2527 4076 3288 4146; baseline 0.005 -16"><span class='ocrx_word' id='word_1_600' title='bbox 2527 4076 2829 4143; x_wconf 82' lang='grc' dir='ltr'>Ἀλήθειαν</span> <span class='ocrx_word' id='word_1_601' title='bbox 2861 4077 3042 4146; x_wconf 78' lang='grc' dir='ltr'>λέγω,</span> <span class='ocrx_word' id='word_1_602' title='bbox 3069 4095 3125 4133; x_wconf 87' lang='grc' dir='ltr'><strong>κ.</strong></span> <span class='ocrx_word' id='word_1_603' title='bbox 3160 4095 3210 4134; x_wconf 88' lang='grc' dir='ltr'><strong>τ.</strong></span> <span class='ocrx_word' id='word_1_604' title='bbox 3238 4076 3288 4135; x_wconf 91' lang='grc' dir='ltr'>λ.</span> 
     </span>
    </p>
   </div>
   <div class='ocr_carea' id='block_1_85' title="bbox 2181 4168 3702 4242">
    <p class='ocr_par' dir='ltr' id='par_1_85' title="bbox 2181 4168 3702 4242">
     <span class='ocr_line' id='line_1_85' title="bbox 2181 4168 3702 4242; baseline 0.001 -22"><span class='ocrx_word' id='word_1_605' title='bbox 2181 4169 2431 4223; x_wconf 82' lang='grc' dir='ltr'>Φωτίου.</span> <span class='ocrx_word' id='word_1_606' title='bbox 2477 4168 2638 4223; x_wconf 84' lang='grc' dir='ltr'>Ἀλλὰ</span> <span class='ocrx_word' id='word_1_607' title='bbox 2671 4169 2808 4236; x_wconf 82' lang='grc' dir='ltr'>πῶς,</span> <span class='ocrx_word' id='word_1_608' title='bbox 2843 4172 3030 4241; x_wconf 79' lang='grc' dir='ltr'>φησὶν,</span> <span class='ocrx_word' id='word_1_609' title='bbox 3063 4171 3123 4225; x_wconf 79' lang='grc' dir='ltr'>ὃν</span> <span class='ocrx_word' id='word_1_610' title='bbox 3153 4171 3306 4225; x_wconf 78' lang='grc' dir='ltr'>οὐδὲν</span> <span class='ocrx_word' id='word_1_611' title='bbox 3336 4172 3566 4242; x_wconf 80' lang='grc' dir='ltr'>χωρίζει</span> <span class='ocrx_word' id='word_1_612' title='bbox 3593 4172 3702 4226; x_wconf 77' lang='grc' dir='ltr'><strong>ἀπὸ</strong></span> 
     </span>
    </p>
   </div>
   <div class='ocr_carea' id='block_1_86' title="bbox 2108 4259 3701 4336">
    <p class='ocr_par' dir='ltr' id='par_1_86' title="bbox 2108 4259 3701 4336">
     <span class='ocr_line' id='line_1_86' title="bbox 2108 4259 3701 4336; baseline 0.004 -25"><span class='ocrx_word' id='word_1_613' title='bbox 2108 4259 2208 4328; x_wconf 82' lang='grc' dir='ltr'><strong>τῆς</strong></span> <span class='ocrx_word' id='word_1_614' title='bbox 2231 4260 2448 4328; x_wconf 71' lang='grc' dir='ltr'>ἀγάπης</span> <span class='ocrx_word' id='word_1_615' title='bbox 2514 4260 2609 4314; x_wconf 83' lang='grc' dir='ltr'>τοῦ</span> <span class='ocrx_word' id='word_1_616' title='bbox 2659 4261 2930 4334; x_wconf 61' lang='grc' dir='ltr'>Χριστοῦ,</span> <span class='ocrx_word' id='word_1_617' title='bbox 2997 4281 3151 4328; x_wconf 87' lang='grc' dir='ltr'>ουτος</span> <span class='ocrx_word' id='word_1_618' title='bbox 3197 4265 3364 4333; x_wconf 74' lang='grc' dir='ltr'>,ὑπὲρ</span> <span class='ocrx_word' id='word_1_619' title='bbox 3414 4267 3701 4336; x_wconf 82' lang='grc' dir='ltr'>συγγενῶν</span> 
     </span>
    </p>
   </div>
   <div class='ocr_carea' id='block_1_87' title="bbox 2109 4349 3702 4427">
    <p class='ocr_par' dir='ltr' id='par_1_87' title="bbox 2109 4349 3702 4427">
     <span class='ocr_line' id='line_1_87' title="bbox 2109 4349 3702 4427; baseline 0.005 -26"><span class='ocrx_word' id='word_1_620' title='bbox 2109 4349 2359 4422; x_wconf 75' lang='grc' dir='ltr'>ἐπιζητεῖ</span> <span class='ocrx_word' id='word_1_621' title='bbox 2387 4353 2481 4404; x_wconf 74' lang='grc' dir='ltr'><strong>καὶ</strong></span> <span class='ocrx_word' id='word_1_622' title='bbox 2528 4351 2748 4423; x_wconf 78' lang='grc' dir='ltr'>εὔχεται</span> <span class='ocrx_word' id='word_1_623' title='bbox 2787 4354 2978 4409; x_wconf 85' lang='grc' dir='ltr'>τούτου</span> <span class='ocrx_word' id='word_1_624' title='bbox 3017 4357 3383 4427; x_wconf 68' lang='grc' dir='ltr'>χωρισθῆναις</span> <span class='ocrx_word' id='word_1_625' title='bbox 3412 4359 3516 4412; x_wconf 78' lang='grc' dir='ltr'><strong>οὐκ</strong></span> <span class='ocrx_word' id='word_1_626' title='bbox 3551 4359 3702 4412; x_wconf 76' lang='grc' dir='ltr'>εστιν</span> 
     </span>
    </p>
   </div>
   <div class='ocr_carea' id='block_1_88' title="bbox 421 4438 2004 4519">
    <p class='ocr_par' dir='ltr' id='par_1_88' title="bbox 421 4438 2004 4508">
     <span class='ocr_line' id='line_1_88' title="bbox 421 4438 2004 4508; baseline 0 -14"><span class='ocrx_word' id='word_1_627' title='bbox 421 4439 517 4494; x_wconf 88' lang='lat' dir='ltr'><strong>sed</strong></span> <span class='ocrx_word' id='word_1_628' title='bbox 544 4449 599 4492; x_wconf 90' lang='lat' dir='ltr'><strong>et</strong></span> <span class='ocrx_word' id='word_1_629' title='bbox 628 4439 810 4508; x_wconf 86' lang='lat' dir='ltr'><strong>potius</strong></span> <span class='ocrx_word' id='word_1_630' title='bbox 860 4439 1214 4494; x_wconf 77' lang='lat' dir='ltr'><strong>concordant.</strong></span> <span class='ocrx_word' id='word_1_631' title='bbox 1242 4438 1346 4505; x_wconf 82' lang='lat' dir='ltr'><strong>Qui</strong></span> <span class='ocrx_word' id='word_1_632' title='bbox 1377 4439 1520 4493; x_wconf 83' lang='lat' dir='ltr'><strong>enim</strong></span> <span class='ocrx_word' id='word_1_633' title='bbox 1573 4439 1799 4496; x_wconf 80' lang='lat' dir='ltr'><strong>iratrem</strong></span> <span class='ocrx_word' id='word_1_634' title='bbox 1839 4457 2004 4496; x_wconf 80' lang='lat' dir='ltr'><strong>suum</strong></span> 
     </span>
    </p>
   </div>
   <div class='ocr_carea' id='block_1_89' title="bbox 2117 4438 3702 4519">
    <p class='ocr_par' dir='ltr' id='par_1_89' title="bbox 2117 4441 3702 4519">
     <span class='ocr_line' id='line_1_89' title="bbox 2117 4441 3702 4519; baseline 0.006 -27"><span class='ocrx_word' id='word_1_635' title='bbox 2117 4441 2332 4494; x_wconf 72' lang='grc' dir='ltr'>ἐναντία</span> <span class='ocrx_word' id='word_1_636' title='bbox 2389 4442 2583 4506; x_wconf 83' lang='grc' dir='ltr'>ταῦτα,</span> <span class='ocrx_word' id='word_1_637' title='bbox 2636 4443 2773 4497; x_wconf 81' lang='grc' dir='ltr'>ἀλλὰ</span> <span class='ocrx_word' id='word_1_638' title='bbox 2827 4447 2922 4498; x_wconf 74' lang='grc' dir='ltr'>καὶ</span> <span class='ocrx_word' id='word_1_639' title='bbox 2967 4447 3169 4516; x_wconf 81' lang='grc' dir='ltr'>μᾶλλον</span> <span class='ocrx_word' id='word_1_640' title='bbox 3219 4448 3458 4519; x_wconf 80' lang='grc' dir='ltr'>συνᾴδει.</span> <span class='ocrx_word' id='word_1_641' title='bbox 3503 4449 3566 4502; x_wconf 84' lang='grc' dir='ltr'><strong>Ὀ</strong></span> <span class='ocrx_word' id='word_1_642' title='bbox 3593 4450 3702 4518; x_wconf 78' lang='grc' dir='ltr'>γὰρ</span> 
     </span>
    </p>
   </div>
   <div class='ocr_carea' id='block_1_90' title="bbox 420 4525 2002 4598">
    <p class='ocr_par' dir='ltr' id='par_1_90' title="bbox 420 4525 2002 4598">
     <span class='ocr_line' id='line_1_90' title="bbox 420 4525 2002 4598; baseline 0 -15"><span class='ocrx_word' id='word_1_643' title='bbox 420 4528 617 4598; x_wconf 73' lang='lat' dir='ltr'><strong>diligit,</strong></span> <span class='ocrx_word' id='word_1_644' title='bbox 646 4528 814 4583; x_wconf 88' lang='lat' dir='ltr'><strong>Deum</strong></span> <span class='ocrx_word' id='word_1_645' title='bbox 839 4529 1015 4598; x_wconf 77' lang='lat' dir='ltr'><strong>diligit</strong></span> <span class='ocrx_word' id='word_1_646' title='bbox 1040 4546 1055 4594; x_wconf 91' lang='lat'><strong>;</strong></span> <span class='ocrx_word' id='word_1_647' title='bbox 1097 4525 1166 4580; x_wconf 77' lang='lat' dir='ltr'><strong>In</strong></span> <span class='ocrx_word' id='word_1_648' title='bbox 1192 4528 1288 4580; x_wconf 85' lang='lat' dir='ltr'><strong>hoc</strong></span> <span class='ocrx_word' id='word_1_649' title='bbox 1312 4528 1452 4581; x_wconf 83' lang='lat' dir='ltr'><strong>enim</strong></span> <span class='ocrx_word' id='word_1_650' title='bbox 1485 4540 1794 4598; x_wconf 81' lang='lat' dir='ltr'><strong>cognoscent</strong></span> <span class='ocrx_word' id='word_1_651' title='bbox 1826 4546 2002 4584; x_wconf 84' lang='lat' dir='ltr'><strong>omnes</strong></span> 
     </span>
    </p>
   </div>
   <div class='ocr_carea' id='block_1_91' title="bbox 420 4621 2005 4691">
    <p class='ocr_par' dir='ltr' id='par_1_91' title="bbox 420 4621 2005 4691">
     <span class='ocr_line' id='line_1_91' title="bbox 420 4621 2005 4691; baseline 0.001 -17"><span class='ocrx_word' id='word_1_652' title='bbox 420 4625 548 4691; x_wconf 83' lang='lat' dir='ltr'><strong>quia</strong></span> <span class='ocrx_word' id='word_1_653' title='bbox 597 4621 846 4691; x_wconf 82' lang='lat' dir='ltr'><strong>discipuli</strong></span> <span class='ocrx_word' id='word_1_654' title='bbox 894 4623 994 4675; x_wconf 84' lang='lat' dir='ltr'><strong>mei</strong></span> <span class='ocrx_word' id='word_1_655' title='bbox 1033 4621 1185 4686; x_wconf 82' lang='lat' dir='ltr'><strong>estis,</strong></span> <span class='ocrx_word' id='word_1_656' title='bbox 1221 4621 1268 4673; x_wconf 87' lang='lat' dir='ltr'><strong>si</strong></span> <span class='ocrx_word' id='word_1_657' title='bbox 1308 4621 1620 4675; x_wconf 81' lang='lat' dir='ltr'><strong>charitatem</strong></span> <span class='ocrx_word' id='word_1_658' title='bbox 1667 4622 1907 4676; x_wconf 75' lang='lat' dir='ltr'><strong>habeatis</strong></span> <span class='ocrx_word' id='word_1_659' title='bbox 1951 4624 2005 4676; x_wconf 86' lang='lat' dir='ltr'><strong>in</strong></span> 
     </span>
    </p>
   </div>
   <div class='ocr_carea' id='block_1_92' title="bbox 423 4713 2004 4783">
    <p class='ocr_par' dir='ltr' id='par_1_92' title="bbox 423 4713 2004 4783">
     <span class='ocr_line' id='line_1_92' title="bbox 423 4713 2004 4783; baseline -0.001 -12"><span class='ocrx_word' id='word_1_660' title='bbox 423 4718 764 4771; x_wconf 85' lang='lat' dir='ltr'><strong>alterutrum.</strong></span> <span class='ocrx_word' id='word_1_661' title='bbox 818 4715 892 4768; x_wconf 90' lang='lat' dir='ltr'><strong>Ita</strong></span> <span class='ocrx_word' id='word_1_662' title='bbox 937 4725 1041 4777; x_wconf 90' lang='lat' dir='ltr'><strong>est,</strong></span> <span class='ocrx_word' id='word_1_663' title='bbox 1082 4714 1302 4783; x_wconf 81' lang='lat' dir='ltr'><strong>inquit;</strong></span> <span class='ocrx_word' id='word_1_664' title='bbox 1347 4713 1442 4768; x_wconf 90' lang='lat' dir='ltr'><strong>sed</strong></span> <span class='ocrx_word' id='word_1_665' title='bbox 1495 4714 1567 4767; x_wconf 92' lang='lat' dir='ltr'><strong>ibi</strong></span> <span class='ocrx_word' id='word_1_666' title='bbox 1607 4714 1698 4768; x_wconf 91' lang='lat' dir='ltr'><strong>Dei</strong></span> <span class='ocrx_word' id='word_1_667' title='bbox 1750 4715 2004 4769; x_wconf 87' lang='lat' dir='ltr'><strong>charitati</strong></span> 
     </span>
    </p>
   </div>
   <div class='ocr_carea' id='block_1_93' title="bbox 420 4805 2003 4879">
    <p class='ocr_par' dir='ltr' id='par_1_93' title="bbox 420 4805 2003 4879">
     <span class='ocr_line' id='line_1_93' title="bbox 420 4805 2003 4879; baseline -0.001 -17"><span class='ocrx_word' id='word_1_668' title='bbox 420 4810 655 4879; x_wconf 64' lang='lat' dir='ltr'><strong>proximi</strong></span> <span class='ocrx_word' id='word_1_669' title='bbox 702 4809 1026 4862; x_wconf 88' lang='lat' dir='ltr'><strong>charitatem</strong></span> <span class='ocrx_word' id='word_1_670' title='bbox 1065 4807 1364 4876; x_wconf 84' lang='lat' dir='ltr'><strong>anteponit.</strong></span> <span class='ocrx_word' id='word_1_671' title='bbox 1411 4805 1517 4862; x_wconf 87' lang='lat' dir='ltr'><strong>Sed</strong></span> <span class='ocrx_word' id='word_1_672' title='bbox 1557 4807 1680 4861; x_wconf 88' lang='lat' dir='ltr'><strong>illos</strong></span> <span class='ocrx_word' id='word_1_673' title='bbox 1708 4807 2003 4878; x_wconf 79' lang='lat' dir='ltr'><strong>diligendo,</strong></span> 
     </span>
    </p>
   </div>
   <div class='ocr_carea' id='block_1_94' title="bbox 422 4896 2007 4968">
    <p class='ocr_par' dir='ltr' id='par_1_94' title="bbox 422 4896 2007 4968">
     <span class='ocr_line' id='line_1_94' title="bbox 422 4896 2007 4968; baseline -0.001 -14"><span class='ocrx_word' id='word_1_674' title='bbox 422 4900 644 4954; x_wconf 87' lang='lat' dir='ltr'><strong>Christo</strong></span> <span class='ocrx_word' id='word_1_675' title='bbox 689 4899 1110 4953; x_wconf 81' lang='lat' dir='ltr'><strong>identiﬁcamur.</strong></span> <span class='ocrx_word' id='word_1_676' title='bbox 1152 4896 1399 4954; x_wconf 88' lang='lat' dir='ltr'><strong>Ostendit</strong></span> <span class='ocrx_word' id='word_1_677' title='bbox 1425 4913 1556 4968; x_wconf 76' lang='lat' dir='ltr'><strong>ergo</strong></span> <span class='ocrx_word' id='word_1_678' title='bbox 1593 4899 2007 4968; x_wconf 89' lang='lat' dir='ltr'><strong>supereminen-</strong></span> 
     </span>
    </p>
   </div>
   <div class='ocr_carea' id='block_1_95' title="bbox 425 4992 2004 5062">
    <p class='ocr_par' dir='ltr' id='par_1_95' title="bbox 425 4992 2004 5062">
     <span class='ocr_line' id='line_1_95' title="bbox 425 4992 2004 5062; baseline 0.001 -17"><span class='ocrx_word' id='word_1_679' title='bbox 425 5003 531 5046; x_wconf 89' lang='lat' dir='ltr'><strong>tem</strong></span> <span class='ocrx_word' id='word_1_680' title='bbox 587 4993 928 5055; x_wconf 82' lang='lat' dir='ltr'><strong>charitatem,</strong></span> <span class='ocrx_word' id='word_1_681' title='bbox 959 4994 1014 5046; x_wconf 90' lang='lat' dir='ltr'><strong>in</strong></span> <span class='ocrx_word' id='word_1_682' title='bbox 1036 5007 1108 5046; x_wconf 89' lang='lat' dir='ltr'><strong>eo</strong></span> <span class='ocrx_word' id='word_1_683' title='bbox 1150 4992 1294 5062; x_wconf 90' lang='lat' dir='ltr'><strong>quod</strong></span> <span class='ocrx_word' id='word_1_684' title='bbox 1321 4992 1460 5048; x_wconf 89' lang='lat' dir='ltr'><strong>alios</strong></span> <span class='ocrx_word' id='word_1_685' title='bbox 1491 4993 1545 5046; x_wconf 90' lang='lat' dir='ltr'><strong>in</strong></span> <span class='ocrx_word' id='word_1_686' title='bbox 1575 5007 1634 5046; x_wconf 89' lang='lat' dir='ltr'><strong>se</strong></span> <span class='ocrx_word' id='word_1_687' title='bbox 1675 4992 1961 5062; x_wconf 77' lang='lat' dir='ltr'><strong>conjunxit</strong></span> <span class='ocrx_word' id='word_1_688' title='bbox 1989 5008 2004 5057; x_wconf 91' lang='lat'><strong>;</strong></span> 
     </span>
    </p>
   </div>
   <div class='ocr_carea' id='block_1_96' title="bbox 425 5084 2008 5155">
    <p class='ocr_par' dir='ltr' id='par_1_96' title="bbox 425 5084 2008 5155">
     <span class='ocr_line' id='line_1_96' title="bbox 425 5084 2008 5155; baseline -0.001 -17"><span class='ocrx_word' id='word_1_689' title='bbox 425 5084 499 5138; x_wconf 88' lang='lat' dir='ltr'><strong>ita</strong></span> <span class='ocrx_word' id='word_1_690' title='bbox 531 5085 682 5137; x_wconf 90' lang='lat' dir='ltr'><strong>enim</strong></span> <span class='ocrx_word' id='word_1_691' title='bbox 726 5085 953 5155; x_wconf 77' lang='lat' dir='ltr'><strong>intelligi</strong></span> <span class='ocrx_word' id='word_1_692' title='bbox 983 5085 1145 5140; x_wconf 89' lang='lat' dir='ltr'><strong>debet</strong></span> <span class='ocrx_word' id='word_1_693' title='bbox 1171 5084 1320 5154; x_wconf 92' lang='lat' dir='ltr'><strong>quod</strong></span> <span class='ocrx_word' id='word_1_694' title='bbox 1361 5084 1564 5139; x_wconf 91' lang='lat' dir='ltr'><strong>dicitur</strong></span> <span class='ocrx_word' id='word_1_695' title='bbox 1601 5103 1614 5140; x_wconf 91' lang='lat'><strong>:</strong></span> <span class='ocrx_word' id='word_1_696' title='bbox 1655 5085 1712 5139; x_wconf 92' lang='lat' dir='ltr'><strong>Si</strong></span> <span class='ocrx_word' id='word_1_697' title='bbox 1747 5086 2008 5155; x_wconf 83' lang='lat' dir='ltr'><strong>possibile</strong></span> 
     </span>
    </p>
   </div>
   <div class='ocr_carea' id='block_1_97' title="bbox 423 5178 2003 5250">
    <p class='ocr_par' dir='ltr' id='par_1_97' title="bbox 423 5178 2003 5250">
     <span class='ocr_line' id='line_1_97' title="bbox 423 5178 2003 5250; baseline 0 -18"><span class='ocrx_word' id='word_1_698' title='bbox 423 5190 569 5233; x_wconf 87' lang='lat' dir='ltr'><strong>esset</strong></span> <span class='ocrx_word' id='word_1_699' title='bbox 603 5193 697 5248; x_wconf 91' lang='lat' dir='ltr'><strong>per</strong></span> <span class='ocrx_word' id='word_1_700' title='bbox 737 5195 915 5233; x_wconf 88' lang='lat' dir='ltr'><strong>meam</strong></span> <span class='ocrx_word' id='word_1_701' title='bbox 969 5180 1328 5250; x_wconf 88' lang='lat' dir='ltr'><strong>perditionem</strong></span> <span class='ocrx_word' id='word_1_702' title='bbox 1372 5178 1650 5236; x_wconf 89' lang='lat' dir='ltr'><strong>Christum</strong></span> <span class='ocrx_word' id='word_1_703' title='bbox 1689 5181 2003 5249; x_wconf 78' lang='lat' dir='ltr'><strong>gloriﬁcari,</strong></span> 
     </span>
    </p>
   </div>
   <div class='ocr_carea' id='block_1_98' title="bbox 423 5270 2005 5341">
    <p class='ocr_par' dir='ltr' id='par_1_98' title="bbox 423 5270 2005 5341">
     <span class='ocr_line' id='line_1_98' title="bbox 423 5270 2005 5341; baseline 0.001 -16"><span class='ocrx_word' id='word_1_704' title='bbox 423 5279 478 5325; x_wconf 85' lang='lat' dir='ltr'><strong>et</strong></span> <span class='ocrx_word' id='word_1_705' title='bbox 509 5270 725 5327; x_wconf 61' lang='lat' dir='ltr'><strong>Jutlaios</strong></span> <span class='ocrx_word' id='word_1_706' title='bbox 762 5273 983 5334; x_wconf 76' lang='lat' dir='ltr'><strong>salvari,</strong></span> <span class='ocrx_word' id='word_1_707' title='bbox 1011 5287 1119 5326; x_wconf 92' lang='lat' dir='ltr'><strong>non</strong></span> <span class='ocrx_word' id='word_1_708' title='bbox 1148 5273 1280 5327; x_wconf 90' lang='lat' dir='ltr'><strong>illud</strong></span> <span class='ocrx_word' id='word_1_709' title='bbox 1315 5273 1676 5341; x_wconf 87' lang='lat' dir='ltr'><strong>deprecarer;</strong></span> <span class='ocrx_word' id='word_1_710' title='bbox 1711 5273 1820 5327; x_wconf 88' lang='lat' dir='ltr'><strong>alio</strong></span> <span class='ocrx_word' id='word_1_711' title='bbox 1841 5288 2005 5328; x_wconf 90' lang='lat' dir='ltr'><strong>sensu</strong></span> 
     </span>
    </p>
   </div>
   <div class='ocr_carea' id='block_1_99' title="bbox 423 5359 2006 5435">
    <p class='ocr_par' dir='ltr' id='par_1_99' title="bbox 423 5359 2006 5435">
     <span class='ocr_line' id='line_1_99' title="bbox 423 5359 2006 5435; baseline 0.005 -22"><span class='ocrx_word' id='word_1_712' title='bbox 423 5359 568 5413; x_wconf 83' lang='lat' dir='ltr'><strong>enim</strong></span> <span class='ocrx_word' id='word_1_713' title='bbox 597 5376 705 5415; x_wconf 93' lang='lat' dir='ltr'><strong>non</strong></span> <span class='ocrx_word' id='word_1_714' title='bbox 744 5361 876 5417; x_wconf 87' lang='lat' dir='ltr'><strong>dicit</strong></span> <span class='ocrx_word' id='word_1_715' title='bbox 905 5363 1183 5418; x_wconf 85' lang='lat' dir='ltr'><strong>anathema</strong></span> <span class='ocrx_word' id='word_1_716' title='bbox 1227 5365 1366 5432; x_wconf 76' lang='lat' dir='ltr'><strong>ﬁeri,</strong></span> <span class='ocrx_word' id='word_1_717' title='bbox 1406 5363 1456 5418; x_wconf 93' lang='lat' dir='ltr'><strong>id</strong></span> <span class='ocrx_word' id='word_1_718' title='bbox 1486 5375 1592 5426; x_wconf 88' lang='lat' dir='ltr'><strong>est,</strong></span> <span class='ocrx_word' id='word_1_719' title='bbox 1628 5366 1825 5419; x_wconf 87' lang='lat' dir='ltr'><strong>abhinc</strong></span> <span class='ocrx_word' id='word_1_720' title='bbox 1847 5381 2006 5435; x_wconf 83' lang='lat' dir='ltr'><strong>sepa-</strong></span> 
     </span>
    </p>
   </div>
   <div class='ocr_carea' id='block_1_100' title="bbox 426 5453 2002 5521">
    <p class='ocr_par' dir='ltr' id='par_1_100' title="bbox 426 5453 2002 5521">
     <span class='ocr_line' id='line_1_100' title="bbox 426 5453 2002 5521; baseline 0.004 -17"><span class='ocrx_word' id='word_1_721' title='bbox 426 5453 533 5506; x_wconf 88' lang='lat' dir='ltr'><strong>rari</strong></span> <span class='ocrx_word' id='word_1_722' title='bbox 583 5453 652 5508; x_wconf 86' lang='lat' dir='ltr'><strong>ab</strong></span> <span class='ocrx_word' id='word_1_723' title='bbox 701 5454 838 5521; x_wconf 89' lang='lat' dir='ltr'><strong>illo;</strong></span> <span class='ocrx_word' id='word_1_724' title='bbox 877 5454 930 5509; x_wconf 90' lang='lat' dir='ltr'><strong>id</strong></span> <span class='ocrx_word' id='word_1_725' title='bbox 964 5457 1108 5510; x_wconf 87' lang='lat' dir='ltr'><strong>enim</strong></span> <span class='ocrx_word' id='word_1_726' title='bbox 1158 5457 1396 5510; x_wconf 69' lang='lat' dir='ltr'><strong>maxime</strong></span> <span class='ocrx_word' id='word_1_727' title='bbox 1437 5455 1816 5509; x_wconf 84' lang='lat' dir='ltr'><strong>detestandum</strong></span> <span class='ocrx_word' id='word_1_728' title='bbox 1856 5469 1938 5510; x_wconf 90' lang='lat' dir='ltr'><strong>est</strong></span> <span class='ocrx_word' id='word_1_729' title='bbox 1988 5475 2002 5521; x_wconf 93' lang='lat'><strong>;</strong></span> 
     </span>
    </p>
   </div>
   <div class='ocr_carea' id='block_1_101' title="bbox 423 5546 2005 5618">
    <p class='ocr_par' dir='ltr' id='par_1_101' title="bbox 423 5546 2005 5618">
     <span class='ocr_line' id='line_1_101' title="bbox 423 5546 2005 5618; baseline 0.003 -19"><span class='ocrx_word' id='word_1_730' title='bbox 423 5546 520 5599; x_wconf 84' lang='lat' dir='ltr'><strong>sed</strong></span> <span class='ocrx_word' id='word_1_731' title='bbox 553 5547 835 5600; x_wconf 81' lang='lat' dir='ltr'><strong>anathema</strong></span> <span class='ocrx_word' id='word_1_732' title='bbox 869 5565 979 5602; x_wconf 90' lang='lat' dir='ltr'><strong>esse</strong></span> <span class='ocrx_word' id='word_1_733' title='bbox 1012 5591 1026 5615; x_wconf 95' lang='lat'><strong>,</strong></span> <span class='ocrx_word' id='word_1_734' title='bbox 1059 5551 1110 5604; x_wconf 90' lang='lat' dir='ltr'><strong>id</strong></span> <span class='ocrx_word' id='word_1_735' title='bbox 1139 5561 1243 5613; x_wconf 89' lang='lat' dir='ltr'><strong>est,</strong></span> <span class='ocrx_word' id='word_1_736' title='bbox 1275 5555 1582 5618; x_wconf 79' lang='lat' dir='ltr'><strong>separatum</strong></span> <span class='ocrx_word' id='word_1_737' title='bbox 1610 5548 1789 5604; x_wconf 85' lang='lat' dir='ltr'><strong>adhuc</strong></span> <span class='ocrx_word' id='word_1_738' title='bbox 1816 5564 2005 5603; x_wconf 86' lang='lat' dir='ltr'><strong>manc-</strong></span> 
     </span>
    </p>
   </div>
   <div class='ocr_carea' id='block_1_102' title="bbox 423 5640 2004 5707">
    <p class='ocr_par' dir='ltr' id='par_1_102' title="bbox 423 5640 2004 5707">
     <span class='ocr_line' id='line_1_102' title="bbox 423 5640 2004 5707; baseline 0.004 -17"><span class='ocrx_word' id='word_1_739' title='bbox 423 5651 503 5700; x_wconf 86' lang='lat' dir='ltr'><strong>re,</strong></span> <span class='ocrx_word' id='word_1_740' title='bbox 550 5653 725 5707; x_wconf 88' lang='lat' dir='ltr'><strong>neque</strong></span> <span class='ocrx_word' id='word_1_741' title='bbox 770 5640 835 5694; x_wconf 88' lang='lat' dir='ltr'><strong>ad</strong></span> <span class='ocrx_word' id='word_1_742' title='bbox 875 5641 1153 5695; x_wconf 83' lang='lat' dir='ltr'><strong>Christum</strong></span> <span class='ocrx_word' id='word_1_743' title='bbox 1205 5642 1425 5706; x_wconf 87' lang='lat' dir='ltr'><strong>adiisse,</strong></span> <span class='ocrx_word' id='word_1_744' title='bbox 1471 5641 1564 5694; x_wconf 84' lang='lat' dir='ltr'><strong>sed</strong></span> <span class='ocrx_word' id='word_1_745' title='bbox 1598 5640 1778 5696; x_wconf 86' lang='lat' dir='ltr'><strong>adhuc</strong></span> <span class='ocrx_word' id='word_1_746' title='bbox 1814 5642 1882 5696; x_wconf 90' lang='lat' dir='ltr'><strong>ab</strong></span> <span class='ocrx_word' id='word_1_747' title='bbox 1915 5643 2004 5696; x_wconf 83' lang='lat' dir='ltr'><strong>illo</strong></span> 
     </span>
    </p>
   </div>
   <div class='ocr_carea' id='block_1_103' title="bbox 424 5731 2002 5799">
    <p class='ocr_par' dir='ltr' id='par_1_103' title="bbox 424 5731 2002 5799">
     <span class='ocr_line' id='line_1_103' title="bbox 424 5731 2002 5799; baseline 0.002 -15"><span class='ocrx_word' id='word_1_748' title='bbox 424 5731 662 5799; x_wconf 81' lang='lat' dir='ltr'><strong>separari</strong></span> <span class='ocrx_word' id='word_1_749' title='bbox 691 5733 772 5797; x_wconf 90' lang='lat' dir='ltr'><strong>;si</strong></span> <span class='ocrx_word' id='word_1_750' title='bbox 794 5732 936 5788; x_wconf 83' lang='lat' dir='ltr'><strong>istud</strong></span> <span class='ocrx_word' id='word_1_751' title='bbox 967 5735 1032 5790; x_wconf 86' lang='lat' dir='ltr'><strong>ad</strong></span> <span class='ocrx_word' id='word_1_752' title='bbox 1061 5746 1293 5790; x_wconf 82' lang='lat' dir='ltr'><strong>vestram</strong></span> <span class='ocrx_word' id='word_1_753' title='bbox 1328 5735 1738 5788; x_wconf 81' lang='lat' dir='ltr'><strong>conversionem</strong></span> <span class='ocrx_word' id='word_1_754' title='bbox 1765 5746 1812 5789; x_wconf 79' lang='lat' dir='ltr'><strong>et</strong></span> <span class='ocrx_word' id='word_1_755' title='bbox 1845 5736 2002 5790; x_wconf 84' lang='lat' dir='ltr'><strong>tidem</strong></span> 
     </span>
    </p>
   </div>
   <div class='ocr_carea' id='block_1_104' title="bbox 2104 4533 3706 4613">
    <p class='ocr_par' dir='ltr' id='par_1_104' title="bbox 2104 4533 3706 4613">
     <span class='ocr_line' id='line_1_104' title="bbox 2104 4533 3706 4613; baseline 0.005 -28"><span class='ocrx_word' id='word_1_756' title='bbox 2104 4533 2332 4600; x_wconf 80' lang='grc' dir='ltr'>ἀγαπῶν</span> <span class='ocrx_word' id='word_1_757' title='bbox 2388 4535 2480 4588; x_wconf 78' lang='grc' dir='ltr'>τὸν</span> <span class='ocrx_word' id='word_1_758' title='bbox 2515 4536 2740 4605; x_wconf 79' lang='grc' dir='ltr'>ἀδελφὸν</span> <span class='ocrx_word' id='word_1_759' title='bbox 2789 4537 2978 4606; x_wconf 81' lang='grc' dir='ltr'>αὑτοῦ,</span> <span class='ocrx_word' id='word_1_760' title='bbox 3035 4539 3126 4592; x_wconf 85' lang='grc' dir='ltr'><strong>τὸν</strong></span> <span class='ocrx_word' id='word_1_761' title='bbox 3153 4540 3289 4594; x_wconf 83' lang='grc' dir='ltr'>Θεὸν</span> <span class='ocrx_word' id='word_1_762' title='bbox 3335 4543 3549 4613; x_wconf 81' lang='grc' dir='ltr'>ἀγαπᾷ.</span> <span class='ocrx_word' id='word_1_763' title='bbox 3601 4544 3706 4596; x_wconf 83' lang='grc' dir='ltr'>Ἐν</span> 
     </span>
    </p>
   </div>
   <div class='ocr_carea' id='block_1_105' title="bbox 2104 4626 3706 4703">
    <p class='ocr_par' dir='ltr' id='par_1_105' title="bbox 2104 4626 3706 4703">
     <span class='ocr_line' id='line_1_105' title="bbox 2104 4626 3706 4703; baseline 0.006 -26"><span class='ocrx_word' id='word_1_764' title='bbox 2104 4626 2291 4693; x_wconf 86' lang='grc' dir='ltr'>τούτῳ</span> <span class='ocrx_word' id='word_1_765' title='bbox 2345 4627 2456 4695; x_wconf 74' lang='grc' dir='ltr'>γὰρ</span> <span class='ocrx_word' id='word_1_766' title='bbox 2491 4627 2825 4696; x_wconf 79' lang='grc' dir='ltr'>γνώσονται</span> <span class='ocrx_word' id='word_1_767' title='bbox 2855 4631 3076 4698; x_wconf 78' lang='grc' dir='ltr'>πάντες</span> <span class='ocrx_word' id='word_1_768' title='bbox 3136 4631 3224 4686; x_wconf 85' lang='grc' dir='ltr'>ὅτι</span> <span class='ocrx_word' id='word_1_769' title='bbox 3278 4634 3406 4702; x_wconf 78' lang='grc' dir='ltr'>ἐμοὶ</span> <span class='ocrx_word' id='word_1_770' title='bbox 3433 4636 3706 4703; x_wconf 82' lang='grc' dir='ltr'>μαθηταί</span> 
     </span>
    </p>
   </div>
   <div class='ocr_carea' id='block_1_106' title="bbox 2103 4717 3704 4793">
    <p class='ocr_par' dir='ltr' id='par_1_106' title="bbox 2103 4717 3704 4793">
     <span class='ocr_line' id='line_1_106' title="bbox 2103 4717 3704 4793; baseline 0.005 -23"><span class='ocrx_word' id='word_1_771' title='bbox 2103 4717 2266 4782; x_wconf 83' lang='grc' dir='ltr'>ἐστε,</span> <span class='ocrx_word' id='word_1_772' title='bbox 2305 4719 2414 4772; x_wconf 84' lang='grc' dir='ltr'><strong>ἐὰν</strong></span> <span class='ocrx_word' id='word_1_773' title='bbox 2454 4720 2696 4790; x_wconf 79' lang='grc' dir='ltr'>ἀγάπην</span> <span class='ocrx_word' id='word_1_774' title='bbox 2741 4721 2920 4792; x_wconf 72' lang='grc' dir='ltr'>ἔχητε</span> <span class='ocrx_word' id='word_1_775' title='bbox 2956 4724 3107 4792; x_wconf 82' lang='grc' dir='ltr'>πρὸς</span> <span class='ocrx_word' id='word_1_776' title='bbox 3162 4726 3502 4792; x_wconf 75' lang='grc' dir='ltr'><strong>ἀλλήλους.</strong></span> <span class='ocrx_word' id='word_1_777' title='bbox 3569 4727 3704 4793; x_wconf 75' lang='grc' dir='ltr'>Ναὶ,</span> 
     </span>
    </p>
   </div>
   <div class='ocr_carea' id='block_1_107' title="bbox 2107 4811 3706 4888">
    <p class='ocr_par' dir='ltr' id='par_1_107' title="bbox 2107 4811 3706 4888">
     <span class='ocr_line' id='line_1_107' title="bbox 2107 4811 3706 4888; baseline 0.006 -27"><span class='ocrx_word' id='word_1_778' title='bbox 2107 4811 2307 4879; x_wconf 73' lang='grc' dir='ltr'>φησιν’</span> <span class='ocrx_word' id='word_1_779' title='bbox 2345 4811 2461 4865; x_wconf 82' lang='grc' dir='ltr'>ἀλλ’</span> <span class='ocrx_word' id='word_1_780' title='bbox 2499 4811 2731 4868; x_wconf 79' lang='grc' dir='ltr'>ἐνταῦθα</span> <span class='ocrx_word' id='word_1_781' title='bbox 2787 4817 3070 4886; x_wconf 87' lang='grc' dir='ltr'>προκρίνει</span> <span class='ocrx_word' id='word_1_782' title='bbox 3101 4818 3199 4888; x_wconf 81' lang='grc' dir='ltr'>τῆς</span> <span class='ocrx_word' id='word_1_783' title='bbox 3254 4819 3391 4888; x_wconf 64' lang='grc' dir='ltr'>πρὸς</span> <span class='ocrx_word' id='word_1_784' title='bbox 3435 4820 3531 4872; x_wconf 72' lang='grc' dir='ltr'><strong>τὸν</strong></span> <span class='ocrx_word' id='word_1_785' title='bbox 3571 4820 3706 4872; x_wconf 74' lang='grc' dir='ltr'>Θεὸν</span> 
     </span>
    </p>
   </div>
   <div class='ocr_carea' id='block_1_108' title="bbox 2105 4899 3703 4978">
    <p class='ocr_par' dir='ltr' id='par_1_108' title="bbox 2105 4899 3703 4978">
     <span class='ocr_line' id='line_1_108' title="bbox 2105 4899 3703 4978; baseline 0.008 -25"><span class='ocrx_word' id='word_1_786' title='bbox 2105 4899 2348 4972; x_wconf 85' lang='grc' dir='ltr'>ἀγάπης,</span> <span class='ocrx_word' id='word_1_787' title='bbox 2381 4903 2480 4974; x_wconf 81' lang='grc' dir='ltr'>τὴν</span> <span class='ocrx_word' id='word_1_788' title='bbox 2503 4903 2598 4957; x_wconf 86' lang='grc' dir='ltr'>τοῦ</span> <span class='ocrx_word' id='word_1_789' title='bbox 2629 4905 2879 4976; x_wconf 84' lang='grc' dir='ltr'>πλησίον.</span> <span class='ocrx_word' id='word_1_790' title='bbox 2921 4907 3082 4963; x_wconf 83' lang='grc' dir='ltr'>Ἀλλὰ</span> <span class='ocrx_word' id='word_1_791' title='bbox 3129 4909 3190 4963; x_wconf 83' lang='grc' dir='ltr'>τὸ</span> <span class='ocrx_word' id='word_1_792' title='bbox 3223 4911 3398 4978; x_wconf 71' lang='grc' dir='ltr'>φιλεῖν</span> <span class='ocrx_word' id='word_1_793' title='bbox 3429 4912 3703 4977; x_wconf 79' lang='grc' dir='ltr'>ἐκείνους,</span> 
     </span>
    </p>
   </div>
   <div class='ocr_carea' id='block_1_109' title="bbox 2105 4993 3700 5076">
    <p class='ocr_par' dir='ltr' id='par_1_109' title="bbox 2105 4993 3700 5076">
     <span class='ocr_line' id='line_1_109' title="bbox 2105 4993 3700 5076; baseline 0.006 -29"><span class='ocrx_word' id='word_1_794' title='bbox 2105 4993 2165 5048; x_wconf 87' lang='grc' dir='ltr'><strong>τδ</strong></span> <span class='ocrx_word' id='word_1_795' title='bbox 2216 4995 2495 5050; x_wconf 72' lang='grc' dir='ltr'>οἰκειῶσαι</span> <span class='ocrx_word' id='word_1_796' title='bbox 2541 4998 2620 5070; x_wconf 88' lang='grc' dir='ltr'>τῷ</span> <span class='ocrx_word' id='word_1_797' title='bbox 2659 4999 2880 5071; x_wconf 83' lang='grc' dir='ltr'>Χριστῷ</span> <span class='ocrx_word' id='word_1_798' title='bbox 2930 5003 3069 5054; x_wconf 72' lang='grc' dir='ltr'>ἐστι.</span> <span class='ocrx_word' id='word_1_799' title='bbox 3134 5003 3389 5056; x_wconf 85' lang='grc' dir='ltr'>Δείκνυσι</span> <span class='ocrx_word' id='word_1_800' title='bbox 3421 5005 3560 5072; x_wconf 81' lang='grc' dir='ltr'>γοῦν</span> <span class='ocrx_word' id='word_1_801' title='bbox 3595 5006 3700 5076; x_wconf 79' lang='grc' dir='ltr'><strong>τὴν</strong></span> 
     </span>
    </p>
   </div>
   <div class='ocr_carea' id='block_1_110' title="bbox 2107 5086 3707 5168">
    <p class='ocr_par' dir='ltr' id='par_1_110' title="bbox 2107 5086 3707 5168">
     <span class='ocr_line' id='line_1_110' title="bbox 2107 5086 3707 5168; baseline 0.007 -30"><span class='ocrx_word' id='word_1_802' title='bbox 2107 5086 2550 5158; x_wconf 78' lang='grc' dir='ltr'>ὑπερϐάλλουσαν</span> <span class='ocrx_word' id='word_1_803' title='bbox 2578 5090 2822 5160; x_wconf 83' lang='grc' dir='ltr'>ἀγάπην,</span> <span class='ocrx_word' id='word_1_804' title='bbox 2849 5093 2931 5145; x_wconf 85' lang='grc' dir='ltr'><strong>ὅτι</strong></span> <span class='ocrx_word' id='word_1_805' title='bbox 2974 5094 3068 5147; x_wconf 76' lang='grc' dir='ltr'><strong>καὶ</strong></span> <span class='ocrx_word' id='word_1_806' title='bbox 3111 5095 3332 5164; x_wconf 79' lang='grc' dir='ltr'>ἑτέρους</span> <span class='ocrx_word' id='word_1_807' title='bbox 3361 5097 3707 5168; x_wconf 74' lang='grc' dir='ltr'>συνήλαυνεν</span> 
     </span>
    </p>
   </div>
   <div class='ocr_carea' id='block_1_111' title="bbox 2105 5180 3709 5259">
    <p class='ocr_par' dir='ltr' id='par_1_111' title="bbox 2105 5180 3709 5259">
     <span class='ocr_line' id='line_1_111' title="bbox 2105 5180 3709 5259; baseline 0.007 -29"><span class='ocrx_word' id='word_1_808' title='bbox 2105 5180 2186 5240; x_wconf 76' lang='grc' dir='ltr'><strong>εἰς</strong></span> <span class='ocrx_word' id='word_1_809' title='bbox 2242 5181 2426 5233; x_wconf 78' lang='grc' dir='ltr'>αὐτόν.</span> <span class='ocrx_word' id='word_1_810' title='bbox 2470 5181 2625 5236; x_wconf 73' lang='grc' dir='ltr'>Οὕτω</span> <span class='ocrx_word' id='word_1_811' title='bbox 2675 5184 2782 5254; x_wconf 75' lang='grc' dir='ltr'>γὰρ</span> <span class='ocrx_word' id='word_1_812' title='bbox 2835 5185 2900 5236; x_wconf 84' lang='grc' dir='ltr'>ἂν</span> <span class='ocrx_word' id='word_1_813' title='bbox 2951 5188 3123 5238; x_wconf 82' lang='grc' dir='ltr'>νοοῖτο</span> <span class='ocrx_word' id='word_1_814' title='bbox 3191 5187 3254 5239; x_wconf 83' lang='grc' dir='ltr'><strong>τὸ</strong></span> <span class='ocrx_word' id='word_1_815' title='bbox 3295 5189 3458 5259; x_wconf 78' lang='grc' dir='ltr'>ῥητόν</span> <span class='ocrx_word' id='word_1_816' title='bbox 3498 5204 3516 5220; x_wconf 90' lang='grc'><strong>·</strong></span> <span class='ocrx_word' id='word_1_817' title='bbox 3545 5190 3610 5241; x_wconf 79' lang='lat' dir='ltr'><strong>Et</strong></span> <span class='ocrx_word' id='word_1_818' title='bbox 3639 5184 3709 5259; x_wconf 76' lang='grc' dir='ltr'>ἦν</span> 
     </span>
    </p>
   </div>
   <div class='ocr_carea' id='block_1_112' title="bbox 2103 5271 3711 5352">
    <p class='ocr_par' dir='ltr' id='par_1_112' title="bbox 2103 5271 3711 5352">
     <span class='ocr_line' id='line_1_112' title="bbox 2103 5271 3711 5352; baseline 0.009 -30"><span class='ocrx_word' id='word_1_819' title='bbox 2103 5271 2329 5324; x_wconf 79' lang='grc' dir='ltr'>δυνατὸν</span> <span class='ocrx_word' id='word_1_820' title='bbox 2366 5273 2454 5334; x_wconf 72' lang='grc' dir='ltr'>διὰ</span> <span class='ocrx_word' id='word_1_821' title='bbox 2479 5275 2576 5340; x_wconf 74' lang='grc' dir='ltr'>τῆς</span> <span class='ocrx_word' id='word_1_822' title='bbox 2603 5277 2744 5346; x_wconf 78' lang='grc' dir='ltr'>ἐμῆς</span> <span class='ocrx_word' id='word_1_823' title='bbox 2771 5277 3070 5344; x_wconf 80' lang='grc' dir='ltr'>ἀπωλείας,</span> <span class='ocrx_word' id='word_1_824' title='bbox 3093 5278 3417 5346; x_wconf 78' lang='grc' dir='ltr'>δοξασθῆναι</span> <span class='ocrx_word' id='word_1_825' title='bbox 3445 5281 3546 5334; x_wconf 74' lang='grc' dir='ltr'>τὸν</span> <span class='ocrx_word' id='word_1_826' title='bbox 3572 5283 3711 5352; x_wconf 84' lang='grc' dir='ltr'>Χρι-</span> 
     </span>
    </p>
   </div>
   <div class='ocr_carea' id='block_1_113' title="bbox 2109 5368 3709 5441">
    <p class='ocr_par' dir='ltr' id='par_1_113' title="bbox 2109 5368 3709 5441">
     <span class='ocr_line' id='line_1_113' title="bbox 2109 5368 3709 5441; baseline 0.006 -21"><span class='ocrx_word' id='word_1_827' title='bbox 2109 5368 2252 5432; x_wconf 75' lang='grc' dir='ltr'>στὸν,</span> <span class='ocrx_word' id='word_1_828' title='bbox 2291 5369 2384 5422; x_wconf 85' lang='grc' dir='ltr'><strong>καὶ</strong></span> <span class='ocrx_word' id='word_1_829' title='bbox 2431 5372 2672 5440; x_wconf 82' lang='grc' dir='ltr'>σωθῆναι</span> <span class='ocrx_word' id='word_1_830' title='bbox 2702 5375 2826 5436; x_wconf 80' lang='grc' dir='ltr'>τοὺς</span> <span class='ocrx_word' id='word_1_831' title='bbox 2893 5375 3208 5441; x_wconf 80' lang='grc' dir='ltr'>Ἰουδαίους,</span> <span class='ocrx_word' id='word_1_832' title='bbox 3266 5377 3388 5430; x_wconf 74' lang='grc' dir='ltr'>οὐδὲ</span> <span class='ocrx_word' id='word_1_833' title='bbox 3435 5379 3608 5432; x_wconf 81' lang='grc' dir='ltr'>τοῦτο</span> <span class='ocrx_word' id='word_1_834' title='bbox 3641 5382 3709 5432; x_wconf 87' lang='grc' dir='ltr'>Ξιν</span> 
     </span>
    </p>
   </div>
   <div class='ocr_carea' id='block_1_114' title="bbox 2108 5462 3707 5538">
    <p class='ocr_par' dir='ltr' id='par_1_114' title="bbox 2108 5462 3707 5538">
     <span class='ocr_line' id='line_1_114' title="bbox 2108 5462 3707 5538; baseline 0.006 -26"><span class='ocrx_word' id='word_1_835' title='bbox 2108 5462 2538 5533; x_wconf 79' lang='grc' dir='ltr'>παρῃτησάμην.</span> <span class='ocrx_word' id='word_1_836' title='bbox 2580 5465 2789 5529; x_wconf 76' lang='grc' dir='ltr'>’Λλλως</span> <span class='ocrx_word' id='word_1_837' title='bbox 2814 5483 2870 5518; x_wconf 84' lang='grc' dir='ltr'><strong>τε</strong></span> <span class='ocrx_word' id='word_1_838' title='bbox 2901 5466 3024 5518; x_wconf 68' lang='grc' dir='ltr'>οὐδὲ</span> <span class='ocrx_word' id='word_1_839' title='bbox 3051 5467 3198 5535; x_wconf 82' lang='grc' dir='ltr'>λέγει</span> <span class='ocrx_word' id='word_1_840' title='bbox 3229 5467 3502 5538; x_wconf 78' lang='grc' dir='ltr'>ἀνάθεμα</span> <span class='ocrx_word' id='word_1_841' title='bbox 3533 5470 3707 5537; x_wconf 83' lang='grc' dir='ltr'>-γενέ-</span> 
     </span>
    </p>
   </div>
   <div class='ocr_carea' id='block_1_115' title="bbox 2107 5551 3705 5629">
    <p class='ocr_par' dir='ltr' id='par_1_115' title="bbox 2107 5551 3705 5629">
     <span class='ocr_line' id='line_1_115' title="bbox 2107 5551 3705 5629; baseline 0.004 -25"><span class='ocrx_word' id='word_1_842' title='bbox 2107 5551 2252 5615; x_wconf 88' lang='grc' dir='ltr'>σθαι,</span> <span class='ocrx_word' id='word_1_843' title='bbox 2309 5557 2608 5620; x_wconf 75' lang='grc' dir='ltr'>τουτέστιν,</span> <span class='ocrx_word' id='word_1_844' title='bbox 2657 5557 2766 5610; x_wconf 81' lang='grc' dir='ltr'><strong>ἀπὸ</strong></span> <span class='ocrx_word' id='word_1_845' title='bbox 2827 5558 2922 5609; x_wconf 79' lang='grc' dir='ltr'>τοῦ</span> <span class='ocrx_word' id='word_1_846' title='bbox 2961 5556 3055 5612; x_wconf 77' lang='grc' dir='ltr'><strong>νῦν</strong></span> <span class='ocrx_word' id='word_1_847' title='bbox 3103 5558 3268 5612; x_wconf 65' lang='grc' dir='ltr'>αὐτοῦ</span> <span class='ocrx_word' id='word_1_848' title='bbox 3333 5561 3705 5629; x_wconf 78' lang='grc' dir='ltr'>χωρισθῆναι·</span> 
     </span>
    </p>
   </div>
   <div class='ocr_carea' id='block_1_116' title="bbox 2106 5643 3706 5719">
    <p class='ocr_par' dir='ltr' id='par_1_116' title="bbox 2106 5643 3706 5719">
     <span class='ocr_line' id='line_1_116' title="bbox 2106 5643 3706 5719; baseline 0.004 -24"><span class='ocrx_word' id='word_1_849' title='bbox 2106 5643 2265 5697; x_wconf 84' lang='grc' dir='ltr'>τοῦτο</span> <span class='ocrx_word' id='word_1_850' title='bbox 2315 5647 2423 5718; x_wconf 80' lang='grc' dir='ltr'>γὰρ</span> <span class='ocrx_word' id='word_1_851' title='bbox 2480 5649 2928 5703; x_wconf 76' lang='grc' dir='ltr'>ἁπευκτὸτατον’</span> <span class='ocrx_word' id='word_1_852' title='bbox 3000 5650 3138 5704; x_wconf 73' lang='grc' dir='ltr'>ἀλλὰ</span> <span class='ocrx_word' id='word_1_853' title='bbox 3203 5653 3473 5719; x_wconf 76' lang='grc' dir='ltr'>ἀνάθεμα</span> <span class='ocrx_word' id='word_1_854' title='bbox 3521 5651 3706 5719; x_wconf 69' lang='grc' dir='ltr'>εἶναι,</span> 
     </span>
    </p>
   </div>
   <div class='ocr_carea' id='block_1_117' title="bbox 2105 5737 3706 5817">
    <p class='ocr_par' dir='ltr' id='par_1_117' title="bbox 2105 5737 3706 5817">
     <span class='ocr_line' id='line_1_117' title="bbox 2105 5737 3706 5817; baseline 0.006 -30"><span class='ocrx_word' id='word_1_855' title='bbox 2105 5737 2372 5803; x_wconf 80' lang='grc' dir='ltr'>τουτέστι,</span> <span class='ocrx_word' id='word_1_856' title='bbox 2430 5743 2833 5812; x_wconf 78' lang='grc' dir='ltr'>κεχωρισμένον</span> <span class='ocrx_word' id='word_1_857' title='bbox 2892 5741 2972 5796; x_wconf 79' lang='grc' dir='ltr'>ἔτι</span> <span class='ocrx_word' id='word_1_858' title='bbox 3012 5737 3190 5808; x_wconf 77' lang='grc' dir='ltr'>εἶναι,</span> <span class='ocrx_word' id='word_1_859' title='bbox 3255 5745 3347 5798; x_wconf 70' lang='grc' dir='ltr'>καὶ</span> <span class='ocrx_word' id='word_1_860' title='bbox 3399 5746 3577 5817; x_wconf 71' lang='grc' dir='ltr'>μήπω</span> <span class='ocrx_word' id='word_1_861' title='bbox 3628 5748 3706 5814; x_wconf 81' lang='grc' dir='ltr'><strong>τῷ</strong></span> 
     </span>
    </p>
   </div>
  </div>
