3904 6218
227 225 372 290 1245

1084 220 1545 283 FRAGMENTA
1611 219 1695 279 IN
1724 216 2150 277 EPISTULAM
2187 213 2286 272 AD
2320 208 2700 273 ROMANOS.

3369 207 3506 274 12i6

221 342 452 417 Χριστῷ
495 340 834 412 προσελθεῖν,
891 340 1003 392 ἀλλ’
1063 339 1146 393 ἔτι
1195 338 1603 409 κεχωρισμένον
1653 335 1818 389 αὑτοῦ

1937 337 1982 386 in
2031 331 2182 385 illum
2233 331 2537 400 proliceret.
2593 328 2715 381 Non
2762 326 2906 381 enim
2939 324 3085 396 quod
3111 325 3179 380 ad
3225 324 3503 379 Christum

221 435 369 488 εἶναι
390 454 403 468 ·
445 434 493 487 εί
517 432 675 498 τοῦτο
710 435 788 496 εἰς
817 431 914 502 τὴν
959 431 1234 503 ὑμετέραν
1280 429 1486 484 εἴσοδον
1515 429 1611 481 καὶ
1637 427 1820 480 πίστιν

220 528 327 598 τὴν
355 529 437 590 εἰς
463 528 629 580 αὑτὸν
667 525 966 579 συνετέλει.
999 525 1091 595 Μὴ
1127 523 1238 594 γὰρ
1267 524 1348 576 ὅτι
1389 521 1701 591 προσῆλθον
1744 519 1822 590 τῷ

225 619 474 690 Χριστῷ,
509 619 598 672 διὰ
640 617 800 670 τοῦτο
824 615 921 669 καὶ
971 617 1114 686 ὑμᾶς
1145 633 1212 686 με
1244 611 1636 685 προκαλεῖσθαι
1667 612 1822 681 νομί-

227 727 387 779 σητε,
405 709 588 777 φησίν.
620 709 729 762 Καὶ
757 707 862 779 πρὸ
887 706 1021 778 ἐμοῦ
1051 706 1196 777 ὑμᾶς
1218 704 1530 775 ἠϐουλόμην
1557 701 1822 772 προσδρα-

230 819 358 870 μειν
379 819 549 870 αυτῳ.
613 860 616 863 _

266 913 406 968 Ἵνα
430 914 468 982 ἡ
505 912 634 966 κατ’
663 911 928 982 ἐκλογὴν
967 911 1074 966 τοῦ
1103 909 1253 966 Θεοῦ
1285 909 1571 978 πρόθεσις
1597 907 1779 979 μένῃ.

307 1071 552 1123 Φωτίου.
595 1065 666 1122 Ἦ
695 1069 950 1139 πρόθεσιν
991 1069 1182 1132 εἰπὼν,
1207 1068 1303 1123 τοῦ
1335 1068 1469 1121 Θεοῦ
1492 1069 1590 1138 τὴν
1627 1067 1823 1138 βουλὴν

228 1163 524 1234 ἐδήλωσεν·
587 1161 757 1215 εἰπὼν
791 1160 846 1215 δὲ
909 1167 1036 1217 κατ’
1067 1163 1355 1232 ἐκλογὴν,
1383 1161 1584 1225 ἔδειξεν
1613 1162 1696 1214 ὅτι
1726 1161 1820 1213 καὶ

227 1256 486 1326 διέφερον
514 1253 780 1323 ἀλλήλων.
831 1255 1020 1316 υίιδεὶς
1060 1254 1169 1323 γὰρ
1202 1253 1484 1318 ἐκλέγεται
1517 1251 1705 1320 ἓτερον
1731 1247 1824 1318 ἀφ’

230 1346 448 1415 ἐτέρου,
497 1343 546 1397 εί
575 1343 648 1414 μή
680 1361 730 1396 τι
758 1344 920 1397 αὑτοῦ
951 1344 1284 1398 διαλλάσσει.
1313 1341 1499 1397 Εἰπὼν
1526 1340 1583 1394 δὲ
1619 1343 1729 1394 οὐκ
1755 1340 1824 1403 ἐξ

228 1439 448 1508 ἔργων,
479 1433 763 1505 παρέδειξε
802 1435 864 1490 τὸ
909 1434 1139 1508 μέγεθος
1183 1437 1281 1506 τῆς
1317 1434 1562 1504 κλήσεως
1602 1433 1694 1484 καὶ
1725 1432 1824 1500 τῆς

228 1533 458 1601 χάριτος
487 1527 653 1583 αὑτοῦ
671 1545 685 1559 ·
717 1530 798 1582 ὅτι
821 1529 916 1582 καὶ
951 1528 1118 1599 μηδὲν
1147 1527 1490 1597 πραξάντων,
1539 1524 1824 1592 ἐκλέγεται

230 1622 334 1672 καὶ
375 1619 782 1688 προσκαλεῖται.
830 1617 969 1670 Ἀλλ’
1007 1618 1055 1670 εί
1104 1616 1268 1687 μηδὲν
1303 1613 1625 1686 πραξάντων
1669 1611 1822 1665 ἐκλέ-

1923 423 2212 488 adiverim,
2233 423 2356 477 ideo
2382 437 2477 476 vos
2510 436 2536 474 a
2568 435 2656 474 me
2675 419 2968 474 advocatos
2990 433 3112 473 esse
3138 417 3501 482 arbitremini,

1923 514 2101 583 inquit
2135 528 2150 578 ;
2181 514 2343 568 etiam
2378 522 2504 566 ante
2537 525 2624 564 me
2653 525 2750 565 vos
2786 510 3084 564 voluissem
3118 509 3185 564 ad
3224 508 3378 562 illum
3403 522 3507 560 eu—

1923 606 2183 662 currisse.

1923 897 2077 954 CAP.
2110 894 2196 950 IX.
2252 895 2418 950 Vens.
2466 895 2552 949 ii.
2615 892 2682 976 ζῖῑ
2728 895 3014 948 secundum
3067 895 3366 947 electionem
3415 893 3510 946 Dci

2426 974 2750 1035 propositum
2782 974 3033 1018 maneret.

2001 1057 2205 1112 Photii.
2274 1055 2435 1112 Certe
2479 1055 2708 1110 dicendo
2751 1055 3100 1124 prepositum,
3133 1053 3226 1108 Dei
3257 1053 3512 1107 volunta-

1925 1159 2032 1205 tem
2066 1150 2414 1221 signiiicavit.
2438 1148 2573 1203 Cum
2607 1158 2788 1203 autem
2815 1149 2970 1215 dicit,
2994 1148 3280 1201 secundum
3305 1147 3514 1201 electio-

1927 1258 2065 1304 nem,
2097 1243 2343 1298 ostendit
2374 1242 2487 1297 brec
2517 1243 2656 1296 inter
2690 1257 2748 1296 se
2781 1240 3013 1296 diﬂ‘erre.
3039 1240 3212 1296 Nemo
3237 1242 3380 1295 enim
3413 1241 3516 1295 eli-

1926 1335 2077 1405 gitur
2107 1335 2250 1390 alius
2283 1334 2350 1389 ab
2395 1335 2524 1400 alio,
2567 1326 2667 1388 nisi
2705 1334 2774 1389 ab
2829 1335 2919 1389 illo
2967 1333 3202 1389 dili'crat.
3251 1333 3511 1397 Dicendo,

1925 1441 2029 1481 non
2079 1444 2144 1482 ea:
2189 1429 2452 1497 operibus,
2483 1428 2728 1482 exhibuit
2774 1427 3061 1482 electionis
3091 1435 3142 1481 et
3189 1427 3278 1480 Dei
3325 1427 3514 1496 gratia:

1927 1519 2404 1588 magnitudinem;
2440 1521 2583 1589 quod
2618 1536 2723 1573 non
2752 1536 2817 1574 ex
2844 1519 3201 1589 operantibus
3232 1519 3426 1573 electio
3461 1528 3514 1572 et

1927 1613 2139 1666 vocatio
2160 1605 2237 1666 lit.
2265 1611 2391 1675 Sed,
2418 1613 2462 1667 si
2487 1627 2594 1666 non
2610 1629 2672 1667 ex
2692 1617 3048 1683 operantibus
3063 1614 3256 1668 electio
3275 1612 3356 1676 lit,
3379 1628 3515 1682 quo-

229 1726 416 1778 γεται,
452 1709 569 1771 πῶς
598 1709 920 1776 ἐκλέγεται;
965 1707 1030 1760 Ἡ
1079 1707 1178 1778 μὲν
1211 1706 1319 1776 γὰρ
1347 1703 1547 1775 ἐκλογὴ
1585 1704 1680 1755 ἐπὶ
1708 1700 1817 1754 τῶν

1943 1707 2084 1760 nodo
2106 1704 2370 1776 eligitur?
2406 1703 2610 1759 Electio
2649 1708 2792 1760 enim
2827 1706 2960 1759 litin
2994 1705 3080 1759 his
3109 1705 3201 1774 qui
3242 1706 3293 1758 in
3330 1706 3513 1772 aliquo

231 1799 383 1853 κατά
406 1799 688 1868 τιγίνεται
717 1797 1107 1868 διαφερόντων,
1130 1797 1178 1850 oi
1208 1794 1266 1850 δέ
1291 1794 1462 1865 μηδὲν
1491 1792 1819 1864 πράξαντες,

230 1893 291 1946 τί
339 1893 655 1964 διαφέρουσι
691 1908 705 1956 ;
737 1891 848 1944 Καὶ
882 1892 1048 1946 πάνυ.
1111 1887 1502 1960 Ἀνθρωπίνοις
1565 1886 1664 1957 μὲν
1715 1883 1825 1954 γὰρ

230 1982 535 2052 ὀφθαλμοῖς
603 1980 725 2034 ἐπεὶ
774 1981 924 2036 οὐδὲν
977 1978 1240 2051 ἔπραξαν,
1297 1979 1420 2033 οὐδὲ
1482 1976 1821 2047 διαφέρουσι.

230 2075 372 2146 Θείᾳ
393 2075 449 2128 δὲ
481 2073 786 2146 προγνώσει
825 2073 920 2127 τοῦ
971 2074 1276 2144 μέλλοντος,
1315 2072 1450 2126 πολὺ
1483 2069 1820 2138 διαφέρουσι.

231 2166 350 2220 Καὶ
380 2164 486 2236 γὰρ
517 2168 544 2218 ό
577 2165 675 2235 μὲν
708 2165 1045 2235 εὐηρέστησε
1072 2162 1148 2233 τῷ
1175 2160 1314 2232 Θεῷ,
1347 2164 1374 2214 ό
1405 2161 1481 2227 δὲ,
1506 2161 1709 2213 οὐκέτι.

450 2321 613 2392 Λέγω
645 2316 780 2384 οὖν,
806 2319 902 2388 Μὴ
933 2286 1361 2374 ἕπταισανίῖνα
1383 2317 1647 2383 πέσωσι;

310 2480 557 2532 Φωτίου.
602 2476 822 2548 Ἐπειδὴ
849 2476 906 2530 δὲ
952 2475 1063 2529 τῶν
1111 2476 1583 2547 προσπταιόντων,
1628 2477 1679 2529 oi
1726 2477 1826 2548 μὲν

231 2571 528 2633 πταίοντες
573 2566 1021 2632 ὑποσκελίζονται
1069 2567 1251 2638 μόνον,
1307 2568 1356 2620 οἱ
1413 2565 1469 2620 δὲ
1515 2566 1610 2620 καὶ
1652 2585 1825 2621 κατα-

231 2662 520 2725 πίπτουσι,
553 2660 723 2714 θέλων
761 2661 895 2730 τοὺς,
954 2658 1242 2722 Ἰουδαίους
1304 2658 1421 2726 ἅμα
1457 2657 1556 2728 μὲν
1607 2659 1688 2722 είς
1726 2658 1827 2728 τὴν

231 2754 422 2808 πίστιν
503 2751 829 2823 προτρέψαι,
875 2751 990 2820 ἅμα
1037 2750 1095 2803 δέ
1141 2751 1238 2804 καὶ
1292 2747 1825 2821 παραμυθήσασθαι,

234 2844 398 2914 φησὶ,
445 2842 527 2896 ὅτι
585 2841 646 2895 τὸ
687 2844 935 2910 πταῖσμα
983 2839 1162 2894 αὐτῶν
1216 2839 1316 2892 οὐκ
1345 2842 1423 2902 είς
1451 2829 1827 2908 Δκατάπτωσιν

232 2936 452 2990 τελείαν
503 2933 747 3003 γέγονεν,
801 2932 939 2987 ἀλλὰ
995 2933 1156 3003 μόνον
1183 2925 1295 2985 οἷον
1325 2930 1824 3002 ὑπεσκελίσθησαν.

1925 1791 2218 1859 dilicrunt;
2255 1793 2350 1864 qui
2381 1802 2560 1848 autem
2595 1810 2703 1848 non
2756 1806 3075 1864 operantur,
3113 1797 3165 1848 in
3217 1811 3325 1864 quo
3354 1795 3512 1848 dil‘fc-

1927 1885 2098 1939 runt?
2132 1885 2360 1939 Multum
2395 1887 2638 1955 quidem,
2673 1887 2928 1941 humanis
2957 1888 3103 1941 enim
3141 1888 3336 1949 oculis,
3388 1899 3510 1940 cum

1927 1977 2060 2030 nihil
2093 1977 2300 2047 operati
2331 1987 2481 2045 sunt,
2513 1993 2622 2032 non
2655 1975 2950 2044 differunt;
2981 1978 3168 2032 divina
3197 1989 3378 2032 autem
3417 1993 3510 2032 co-

1925 2069 2170 2139 gnitione
2213 2067 2456 2123 futurum
2507 2079 2784 2136 cernente,
2825 2071 3056 2124 multum
3093 2069 3372 2124 differunt.
3420 2071 3514 2124 lit-

1925 2161 2068 2215 enim
2105 2159 2196 2215 hic
2232 2161 2456 2231 quidem
2487 2163 2597 2218 Deo
2627 2163 2854 2232 placuit,
2886 2164 2976 2218 ille
3001 2175 3187 2219 autem
3213 2178 3344 2218 non.

1926 2317 2077 2373 CAP.
2108 2315 2200 2372 XI.
2237 2315 2404 2373 Vsus.
2440 2319 2527 2371 ll.
2589 2319 2717 2372 Dico
2746 2335 2869 2388 ergo
2901 2337 2919 2374 :
2952 2319 3205 2390 Nunquid
3246 2321 3324 2373 sic
3349 2319 3519 2388 o/fen-

2423 2391 2610 2443 dertmt
2645 2401 2700 2443 ut
2729 2391 2975 2444 caderent
2997 2392 3023 2444 .9

1996 2480 2202 2536 Photii.
2241 2483 2513 2550 Quoniam
2548 2492 2603 2539 et
2635 2482 2722 2538 bis
2754 2482 2851 2549 qui
2879 2481 3188 2547 oll'endunt,
3218 2482 3306 2537 alii
3343 2481 3519 2536 oll'en-

1926 2575 2108 2630 dendo
2139 2576 2398 2631 vacillant
2429 2584 2664 2642 tantum,
2695 2573 2789 2630 alii
2848 2589 3031 2629 autem
3076 2575 3299 2640 cadunt,
3327 2573 3519 2628 volens

1925 2667 2167 2733 Judaeos,
2199 2669 2364 2724 simul
2396 2670 2462 2724 ad
2497 2668 2656 2723 tidem
2691 2676 3035 2733 convertere,
3079 2668 3354 2737 simulque
3384 2683 3518 2721 con-

1929 2761 2307 2828 solari,dieit,
2336 2761 2484 2830 quod
2531 2761 2753 2816 illorum
2804 2760 3035 2815 oii'ensio
3085 2774 3191 2813 non
3244 2759 3516 2826 in,easum

1920 2846 2154 2902 omnino
2171 2847 2312 2903 facta
2339 2861 2440 2916 est,
2475 2850 2571 2904 sed
2593 2851 2740 2919 quod
2766 2850 3145 2905 tantummodo
3172 2850 3519 2903 vacillarunt.

1928 2938 1996 2992 Et
2025 2938 2079 2992 id
2126 2955 2349 3008 quoque
2381 2956 2477 3008 per
2525 2942 2818 3010 quamdam
2861 2943 3226 2996 oeconomiam
3280 2941 3521 3009 disposi-

232 3031 354 3086 Ka‘t
385 3027 546 3082 τοῦτο
573 3027 641 3080 δι’
665 3025 979 3096 οἰκονομίαν
1018 3026 1139 3079 τινὰ
1195 3024 1570 3096 συνεχωρήθη,
1633 3025 1719 3077 ἵνα
1749 3023 1826 3094 τῷ

1937 3038 2047 3084 tum
2074 3041 2196 3098 est;
2233 3042 2292 3086 ut
2322 3032 2540 3086 illorum
2573 3033 2773 3088 dilecto
2799 3032 3156 3103 ﬁatgeutium
3203 3033 3374 3099 salus,
3400 3033 3522 3087 illo-

232 3121 464 3176 ἐκείνων
494 3116 902 3188 παραπτώματι
949 3115 1175 3187 γένηται
1219 3115 1318 3185 μὲν
1366 3117 1399 3185 ή
1436 3113 1679 3184 σωτηρία
1718 3115 1830 3178 τοῖς

233 3214 446 3280 ἔθνεσι,
503 3213 728 3284 γένηται
778 3211 835 3263 δὲ
880 3210 973 3262 καὶ
1015 3207 1195 3261 αὐτῶν
1247 3206 1472 3261 ἐκείνων
1524 3204 1830 3275 διόρθωσις,

234 3306 706 3379 παραζηλούντων
773 3304 870 3357 καλ⁹
930 3302 1286 3374 μιμουμένων
1343 3300 1471 3363 τοὺς
1521 3298 1584 3364 ἐξ
1637 3298 1831 3353 ἐθνῶν.

237 3401 410 3453 ’Ὥστε
448 3399 512 3452 τὸ
542 3400 916 3466 προσπταῖσαι
951 3397 1149 3459 αὐτοὺς
1184 3395 1384 3466 τρόπον
1412 3393 1534 3446 τινὰ
1568 3394 1648 3457 είς
1674 3392 1835 3466 ἀνόρ-

234 3493 411 3545 θωσιν
444 3489 685 3544 συντελεῖ
709 3491 808 3558 τὴν
834 3489 1038 3542 αὐτῶν.
1076 3489 1249 3556 Εἴπερ
1281 3487 1351 3539 ὲν
1381 3487 1480 3554 μὲν
1519 3485 1599 3551 τῷ
1643 3499 1834 3554 παρα-

232 3583 508 3651 πτώματι
538 3579 739 3635 αὺτῶν
775 3581 811 3648 ἡ
842 3580 1106 3646 σωτηρία
1145 3577 1270 3643 τοῖς
1299 3579 1563 3638 ἔθνεσιν,
1608 3579 1664 3629 ἐν
1686 3577 1742 3629 δὲ
1765 3580 1830 3648 τῇ

237 3672 492 3742 σωτηρίᾳ
514 3671 790 3740 ἐκείνωνή
821 3668 1032 3722 τούτων
1061 3667 1452 3738 παραζήλωσις
1471 3683 1485 3696 ·
1521 3666 1610 3719 διὰ
1651 3666 1709 3720 δὲ
1732 3667 1833 3737 τῆς

233 3763 694 3834 παραζηλώσεως
738 3764 770 3833 ἡ
828 3762 936 3814 τῶν
1003 3761 1375 3813 πεπτωκότων
1431 3759 1830 3828 ἐπανόρθωσις.

234 3857 484 3925 Τοιαύτη
506 3855 614 3925 γὰρ
637 3857 669 3925 ὴ
701 3855 795 3907 τοῦ
820 3854 955 3907 Θεοῦ
987 3853 1236 3923 πρόνοια.
1270 3851 1360 3916 Ἐξ
1387 3850 1606 3920 ἀπόρων
1631 3850 1832 3920 πόρους

234 3951 499 4021 παρέχει,
553 3949 646 4002 καὶ
702 3951 766 4000 ἐκ
819 3948 928 4000 τῶν
981 3945 1238 3998 ἐναντίων
1269 3947 1337 3998 τὰ
1371 3943 1735 4015 χρηστότερα.
1767 3943 1831 3996 Οἱ

239 4046 348 4116 μὲν
395 4043 505 4113 γὰρ
584 4041 866 4103 Ἰουδαῖοι,
917 4039 1206 4100 ἔπταισαν,
1270 4037 1411 4091 ὥστε
1488 4039 1674 4089 πεσεῖν
1737 4037 1832 4088 καὶ

1929 3137 2164 3193 rumque
2191 3123 2438 3192 ipsorum
2487 3125 2818 3189 emendatio,
2857 3125 3240 3179 aemulantium
3292 3135 3348 3180 et
3393 3125 3524 3179 imi-

1933 3215 2162 3270 tantium
2188 3231 2285 3272 eos
2316 3215 2410 3286 qui
2461 3226 2589 3271 sunt
2632 3232 2696 3270 ex
2730 3217 3022 3287 gentibus;
3072 3217 3147 3272 ita
3186 3225 3247 3274 ut
3303 3217 3522 3271 illorum

1931 3307 2206 3362 vacillatio
2249 3309 2491 3362 medium
2521 3310 2796 3377 quoddam
2844 3310 2924 3364 eis
2957 3316 3176 3377 praestet
3223 3309 3289 3362 ad
3316 3309 3528 3363 revela-

1933 3401 2138 3453 tionem
2178 3416 2190 3451 :
2224 3398 2498 3468 siquidem
2527 3402 2582 3452 in
2614 3400 2829 3453 illorum
2861 3401 3057 3453 delicto
3085 3399 3236 3452 salus
3263 3399 3333 3451 sit
3356 3399 3529 3468 genti-

1933 3492 2067 3556 bus;
2103 3494 2154 3544 in
2189 3493 2364 3546 salute
2385 3502 2564 3548 autem
2592 3495 2856 3560 gentium,
2881 3491 3195 3549 Judaeorum
3227 3493 3528 3557 aemulatio,

1933 3595 1986 3639 et
2014 3601 2112 3670 pe'r
2177 3586 2319 3641 hanc
2362 3588 2766 3642 aemulationem
2819 3603 3014 3642 eorum
3071 3589 3164 3658 qui
3216 3589 3532 3642 ceciderunt

1932 3677 2117 3736 elatio.
2148 3676 2296 3735 Talis
2341 3682 2488 3734 enim
2537 3690 2623 3735 est
2666 3680 2759 3734 Dei
2811 3682 3172 3750 providentia.
3227 3679 3303 3734 Ex
3369 3680 3530 3735 inviis

1930 3768 2048 3822 vias
2083 3771 2308 3836 praebet,
2340 3781 2393 3824 et
2430 3787 2496 3824 ex
2527 3772 2824 3825 contrariis
2875 3772 3114 3824 utiliora.
3162 3770 3334 3824 Judaei
3379 3770 3526 3824 enim

1931 3857 2296 3926 oll'enderuut,
2329 3861 2400 3913 ita
2440 3869 2498 3913 ut
2541 3861 2849 3915 occiderent
2888 3873 2940 3915 et
2993 3862 3258 3930 iacerent,
3314 3872 3368 3915 et
3421 3875 3523 3916 nec

1939 3949 2042 4002 sibi
2089 3965 2270 4019 neque
2300 3951 2425 4004 aliis
2462 3951 2592 4006 utile
2639 3952 2899 4022 quiddam
2949 3961 3210 4022 praestare
3265 3962 3525 4021 possent;

1939 4041 2034 4095 sed
2061 4039 2340 4096 Christum
2373 4043 2596 4097 illorum
2628 4043 2850 4108 delicto,
2901 4057 2956 4100 et
3007 4046 3064 4099 in
3107 4045 3350 4115 gentium
3381 4046 3530 4098 salu-

235 4137 482 4199 κεῖσθαι,
527 4137 620 4190 καὶ
671 4136 809 4206 μήτε
839 4134 1082 4194 ιέαυτοῖς
1125 4133 1264 4202 μήτε
1321 4131 1529 4200 ἑτέροις
1587 4131 1827 4200 χρηστοῦ

1937 4141 2044 4186 tem
2069 4172 2083 4196 ,
2118 4141 2173 4186 et
2212 4133 2266 4187 in
2301 4134 2519 4189 illorum
2547 4136 2794 4205 ipsorum
2823 4139 3212 4192 relevationem
3247 4153 3382 4192 usus
3419 4145 3524 4190 est.

231 4250 387 4296 ⁸τινος
416 4230 670 4299 γενέσθαι
729 4228 911 4283 αἴτιοι.
952 4229 1008 4280 '0
1050 4226 1108 4280 δέ
1169 4227 1405 4293 Χριστὸς
1457 4225 1533 4293 τῷ
1588 4226 1768 4279 αὐτῶν
1820 4229 2248 4300 παραπτώματι,
2301 4231 2394 4284 καὶ
2440 4233 2520 4296 εἰς
2559 4236 2661 4302 τὴν
2712 4235 2822 4286 τῶν
2869 4234 3040 4287 ἐθνῶν
3084 4233 3384 4305 σωτηρίαν,
3433 4244 3526 4296 καὶ

234 4328 323 4402 εῖς
349 4323 448 4395 τὴν
477 4321 656 4376 αὐτῶν
685 4321 910 4378 ἐκείνων
930 4321 1202 4392 ἐχρήσατο
1230 4318 1634 4390 ἐπανόρθωσιν.

234 4462 312 4516 El
339 4459 449 4530 γὰρ
504 4459 542 4526 ἡ
601 4455 872 4524 ἀποϐολὴ
931 4452 1150 4576 amori,
1179 4451 1530 4524 καταλλαγὴ
1570 4453 1832 4522 κόσμου,

919 4543 973 4576 κ.
1012 4543 1062 4576 τ.
1139 4564 1152 4576 .

919 4543 973 4579 κ.
1012 4543 1062 4579 τ.
1106 4543 1152 4578 Α.

315 4645 564 4699 Φωτίου.
596 4643 794 4697 Ἰστέον
812 4660 875 4711 γε
913 4642 1038 4713 μὴν,
1071 4643 1152 4695 ὅτι
1176 4641 1258 4706 τὸ,
1281 4643 1347 4695 El
1367 4640 1473 4711 γὰρ
1500 4642 1539 4710 ἡ
1570 4640 1839 4707 ἀποϐολὴ

234 4735 466 4800 αὐτῶν,
489 4735 522 4805 ἢ
543 4734 881 4805 ἐπανάληψίς
916 4737 1030 4786 ἐστι
1052 4731 1169 4800 τοῦ,
1189 4736 1239 4786 εὶ
1271 4732 1340 4786 δὲ
1366 4733 1430 4785 τὸ
1473 4732 1843 4801 παράπτωμα

232 4827 466 4894 actor,
511 4828 586 4891 ὡς
639 4828 732 4882 καὶ
783 4827 1126 4898 προείρηται,
1183 4825 1215 4897 ἢ
1268 4825 1415 4878 αἰτία
1458 4827 1556 4897 τῆς
1611 4824 1841 4893 σπουδῆς

237 4920 460 4979 Παύλου
523 4924 622 4994 τῆς
664 4922 790 4993 περὶ
812 4921 872 4974 τὸ
903 4920 1145 4990 σωθῆναι
1206 4919 1532 4984 αὖτούς.”Ως
1575 4918 1642 4972 ἂν
1672 4919 1725 4971 εί
1759 4934 1844 4980 τις

235 5019 424 5082 ἔλεγε,
481 5013 546 5067 Τί
611 5014 884 5078 σπεύδεις,
937 5011 1141 5078 Παῦλε,
1199 5011 1337 5081 ὑπὲρ
1384 5011 1509 5064 ’τῶν
1546 5011 1843 5085 Ἰουδαίων,

233 5111 446 5176 λέγων,
481 5107 680 5172 Είπως
710 5103 1119 5175 παραζηλώσω
1152 5122 1273 5174 μου
1307 5105 1423 5172 τὴν
1469 5103 1690 5172 σάρκα,
1744 5103 1840 5155 καὶ

237 5198 429 5252 σώσω
475 5197 643 5261 τινὰς
667 5196 735 5259 ἐξ
775 5195 1012 5260 auctor;
1043 5196 1138 5260 Τίς
1171 5198 1317 5249 ἐστιν
1367 5198 1394 5249 ό
1443 5195 1700 5259 τοσοῦτός
1746 5212 1839 5248 σου

239 5288 435 5359 ἁγών;
466 5289 596 5355 Ναὶ,
640 5290 793 5358 φησὶ,
830 5291 1100 5360 προσήκει
1133 5307 1222 5358 μοι
1264 5288 1516 5342 σπεύδειν
1567 5287 1664 5341 καὶ
1690 5288 1840 5356 ἀγω-

240 5383 512 5448 νίζεσθαι.
577 5383 637 5435 ΕΞ
699 5381 807 5452 γὰρ
855 5382 951 5434 καὶ
1006 5383 1210 5436 τούτων
1265 5382 1626 5444 ἐκλιπόντων,
1690 5382 1838 5451 ὅμως

241 5475 570 5546 κατηλλάγη
626 5477 653 5527 ὁ
706 5475 836 5538 Θεὸς
857 5475 936 5544 τῷ
981 5476 1191 5545 κόσμῳ,
1255 5476 1352 5528 καὶ
1405 5474 1464 5526 τὸ
1524 5473 1838 5543 μεσότοιχον

242 5565 394 5637 ἤρθη
425 5567 522 5635 τῆς
570 5567 804 5630 παλαιᾶς
835 5567 1057 5637 ἔχθρας,
1089 5568 1140 5618 τί
1170 5566 1237 5619 ἂν
1265 5567 1326 5618 οὐ
1365 5567 1576 5634 γένοιτο
1603 5563 1838 5635 χρηστὸν

243 5661 348 5713 καὶ
405 5660 879 5731 ὑπερθαύμαστον,
939 5660 1035 5713 καὶ
1105 5660 1311 5713 τούτων
1388 5657 1669 5712 σωθέντων
1742 5658 1836 5711 καὶ

1949 4455 2114 4511 Vens.
2155 4455 2241 4512 15.
2278 4455 2340 4512 Si
2376 4459 2515 4512 enim
2565 4459 2782 4512 amissio
2832 4474 3010 4510 eorum
3051 4457 3410 4512 reconciliatio
3448 4469 3525 4513 est

2559 4530 2764 4594 ntundi,
2818 4539 2925 4584 etc.

2017 4640 2216 4700 Photii.
2250 4643 2543 4700 Sciendum
2599 4652 2683 4698 est
2727 4646 2870 4714 quod
2902 4641 3036 4697 illud
3072 4640 3170 4696 :Si
3200 4643 3336 4696 enim
3358 4645 3526 4698 amis-

1944 4737 2022 4789 sio
2045 4753 2247 4802 eorum,
2268 4738 2515 4808 repetitio
2537 4747 2620 4792 est
2641 4734 2808 4801 illius,
2828 4734 2967 4806 quod
2993 4736 3038 4788 si
3059 4735 3308 4789 delictum
3321 4752 3523 4792 eorum.

1945 4825 2015 4880 Ut
2057 4829 2198 4881 enim
2253 4843 2416 4896 supra
2470 4827 2672 4881 dictum
2726 4836 2831 4892 est,
2885 4840 3050 4880 causa
3101 4834 3185 4880 est
3231 4835 3524 4881 conatuum

1946 4918 2096 4972 Pauli
2134 4921 2202 4973 ob
2233 4919 2447 4972 illorum
2500 4921 2750 4972 salutem.
2801 4917 2857 4972 Si
2909 4918 3057 4973 enim
3113 4917 3238 4987 quis
3275 4917 3525 4974 diceret:
3567 4989 3572 4996 ⁴

1947 5011 2085 5078 Quid
2135 5013 2375 5077 conaris,
2430 5009 2615 5077 Paule,
2645 5013 2710 5066 de
2757 5009 2983 5075 Judaeis,
3008 5009 3279 5066 dicendo:
3314 5009 3374 5065 Si
3402 5027 3530 5082 quo-

1946 5105 2099 5157 modo
2132 5106 2200 5158 ad
2247 5103 2639 5157 (volutationem
2677 5119 2949 5171 provocem
2983 5119 3196 5156 carnem
3242 5087 3431 5165 meum,
3477 5110 3526 5152 et

1944 5199 2117 5252 σαίιιυιι
2147 5199 2348 5267 faciam
2378 5199 2582 5268 aliquos
2614 5214 2676 5251 ex
2729 5197 2859 5251 illis.
2893 5198 3159 5264 Quisnam
3205 5205 3288 5250 est
3343 5204 3524 5247 tantus

1944 5291 2047 5346 iste
2082 5293 2249 5345 ardor
2276 5291 2298 5344 ?
2331 5291 2423 5356 ita,
2455 5292 2607 5356 dicit,
2636 5289 3113 5346 decetmc’conari
3142 5295 3194 5340 et
3222 5285 3433 5338 ardere.
3464 5283 3519 5334 Si

1941 5381 2086 5435 enim
2137 5381 2220 5435 bis
2254 5381 2551 5444 derelictis,
2608 5381 2967 5436 nihilominus
3017 5373 3332 5431 reconciliet
3382 5368 3524 5476 Dcu‘s

1945 5474 2231 5536 niundum,
2265 5485 2318 5527 et
2356 5473 2567 5527 medius
2603 5474 2784 5542 paries
2829 5473 3047 5526 tollatur
3076 5465 3274 5520 veteris
3326 5462 3523 5516 intimi-‘-

1943 5566 2102 5631 citiaz,
2135 5566 2264 5634 quid
2303 5582 2412 5619 non
2451 5565 2590 5619 foret
2643 5567 2774 5618 utile
2804 5577 2857 5618 et
2896 5559 3234 5622 admirabile,
3289 5558 3374 5612 his
3415 5558 3526 5612 sal-

1944 5659 2086 5715 vatis
2123 5669 2176 5714 et
2224 5659 2522 5730 assumptis
2551 5662 2573 5712 ’ἒ
2605 5660 2735 5724 Quae
2775 5666 2858 5711 est
2904 5656 3066 5722 igitur
3094 5667 3284 5708 eorum
3315 5668 3521 5710 assum-
