3904 6218
426 267 562 334 124Ἰ

1594 255 1880 317 PHOTII'
1894 249 2398 314 PATRIABCHE
2423 249 2525 308 (ΖΡ.

3530 229 3672 296 1218

422 383 539 454 ptio
566 391 622 436 et
662 377 890 441 additio,
939 374 1044 431 nisi
1076 371 1315 445 perfecta
1363 378 1419 426 et
1461 369 1668 440 integra
1709 367 1918 430 laetitia,
1950 368 2003 422 in

2129 364 2561 437 ιροστεθέντωνς
2615 359 2698 422 τίς
2743 352 2837 410 οὖν
2869 355 3022 409 ἔσται
3069 351 3252 406 αὐτῶν
3299 349 3334 421 ἡ
3383 347 3689 419 πρόσληψις

424 476 530 531 hac
584 473 795 532 scilicet
838 469 1081 544 perfecta
1135 477 1189 522 et
1241 481 1380 520 nova
1446 465 1554 518 vita
1611 473 1667 517 et
1722 472 2003 516 resurrec—

423 568 575 630 tione
619 582 652 622 e
706 565 957 629 mortuis,
1019 560 1287 626 omnium,
1335 573 1441 612 non
1481 557 1654 612 solum
1705 555 1798 625 qui
1834 552 2006 608 oﬁen-

425 661 661 725 derunt,
703 657 796 713 sed
850 663 906 710 et
950 654 1044 725 qui
1092 667 1266 723 usque
1304 651 1369 706 ad
1428 661 1659 705 mortem
1725 655 1778 702 et
1816 643 2001 700 interi-

426 759 541 804 tum
589 747 946 805 ccciderunt?
1001 744 1068 799 Et
1113 745 1279 798 vide:
1313 741 1587 811 Incipiens
1637 736 2003 794 offensionem

427 841 716 911 appellavit
759 837 1071 893 Iudaeorum
1127 833 1586 895 incredulitatem,
1615 828 1810 884 deinde
1869 824 2006 879 deli-

428 946 599 984 crum.
628 929 763 983 Cum
816 937 996 982 autem
1047 927 1156 980 illis
1185 923 1504 990 ostenderit,
1538 923 1584 977 si
1632 920 1852 976 credere
1876 927 2002 973 tan-

431 1031 542 1073 tum
577 1019 788 1082 volunt,
814 1019 1082 1071 bonorum
1114 1013 1542 1085 magnitudinem
1572 1029 1588 1078 ;
1622 1023 1676 1066 et
1707 1011 1832 1065 illos
1856 1009 2006 1064 exci-

431 1109 649 1170 taverit,
703 1108 827 1161 illos
894 1105 1225 1160 nominando
1256 1103 1500 1173 gentium
1541 1100 1778 1161 divitias,
1816 1096 2007 1152 mundi

430 1199 954 1260 reconciliationem,
989 1205 1044 1249 et
1097 1209 1317 1250 carnem
1355 1208 1507 1248 suam
1543 1191 1843 1261 propriam,
1879 1197 2008 1243 tunc

433 1289 833 1345 incredulitatis
861 1286 1014 1341 nefas
1038 1296 1302 1355 quantum
1342 1285 1413 1338 sit
1456 1282 1731 1347 ostendit;
1763 1289 2008 1334 mortuos

437 1399 532 1450 per
563 1382 701 1435 hanc
732 1380 976 1433 eamdem
1023 1378 1139 1432 ﬁeri
1185 1377 1517 1447 signiﬁcans.
1554 1372 1661 1428 Sed
1697 1373 1800 1427 hoc
1831 1370 2007 1425 admi-

436 1474 678 1528 rabiliter
701 1473 940 1525 maxime
971 1480 1024 1525 ct
1053 1469 1334 1539 sapienter
1364 1467 1513 1522 facit.
1545 1467 1679 1519 Cum
1707 1465 1852 1519 enim
1888 1464 2008 1518 illos

434 1565 708 1633 appellare
737 1572 1000 1625 mortuos,
1033 1576 1281 1614 amarum
1310 1569 1363 1614 et
1415 1556 1881 1614 contumeliosum
1914 1557 2008 1622 sit,

435 1667 489 1711 et
525 1656 578 1709 in
611 1655 868 1725 injuriam
901 1653 1074 1723 magis
1112 1667 1276 1722 quam
1328 1653 1382 1706 in
1408 1650 1847 1706 exhortationem
1891 1657 2009 1703 ten-

435 1748 548 1810 dat,
583 1761 692 1800 non
728 1747 800 1799 ita
825 1745 970 1799 sicco
996 1743 1154 1797 modo
1181 1743 1233 1797 id
1276 1741 1550 1812 proponit,
1588 1740 1681 1794 sed
1715 1739 1925 1801 miscet,
1953 1746 2009 1792 et

436 1839 492 1893 in
526 1838 703 1892 laudis
740 1837 987 1891 ordinem
1022 1834 1244 1905 praefert
1273 1835 1460 1888 dicens
1495 1851 1509 1888 :
1541 1832 1674 1898 Qua:
1714 1831 2010 1898 assumptio

435 1949 637 1997 eorum,
672 1931 774 1985 nisi
805 1931 911 1984 vita
953 1945 1017 1982 ea:
1040 1927 1263 1982 mortuis
1292 1926 1315 1978 ’ἰ
1347 1941 1443 1995 per
1473 1925 1614 1978 hanc
1643 1937 1852 1985 vocem,
1881 1923 2010 1986 vita,

433 2023 741 2095 jucundum
801 2020 1092 2090 quoddam“
1128 2033 1366 2087 ponens;
1404 2031 1500 2086 per
1557 2015 1689 2069 illud
1735 2022 1937 2076 autem,
1985 2027 2014 2066 e

440 2116 663 2168 mortuis
705 2111 1019 2182 signiﬁcans
1060 2107 1503 2164 incredulitatem
1545 2120 1736 2162 eorum
1782 2111 2014 2161 mortem

439 2219 583 2261 esse.

441 2319 608 2377 Vsus.
653 2319 744 2375 28.
781 2317 1079 2373 Secundum
1134 2315 1482 2387 Evangelium
1527 2313 1759 2384 quidem,
1806 2311 2014 2366 inimici

1043 2397 1258 2456 propter
1291 2402 1403 2441 υοε.

520 2481 716 2537 Photii.
744 2481 960 2548 Quaeret
984 2479 1202 2549 aliquis,
1231 2477 1278 2534 si
1310 2476 1517 2532 inimici
1544 2475 1671 2531 facti
1696 2475 1805 2531 sint
1825 2471 2017 2539 Judaei,

443 2587 667 2648 propter
698 2576 821 2629 illos
855 2574 948 2642 qui
979 2589 1007 2628 e
1037 2573 1290 2643 gentibus
1342 2569 1715 2631 crediderunt,
1747 2565 2022 2637 quomodo

447 2668 699 2738 superius
725 2667 941 2730 dixerit,
978 2665 1231 2730 Quandiu
1276 2680 1370 2733 ego
1400 2678 1516 2716 sum
1541 2663 1778 2732 gentium
1806 2667 2022 2728 aposto-

447 2761 552 2821 lus,
579 2758 927 2811 ministerium
951 2771 1120 2809 meum
1151 2752 1534 2822 honoriﬁcabo.
1567 2749 1787 2817 Quare?
1817 2748 1873 2804 Si
1891 2765 2025 2819 quo-

449 2850 603 2903 modo
653 2848 720 2902 ad
780 2846 1173 2902 inmutationem
1233 2860 1505 2916 provocem
1565 2858 1776 2897 carnem
1830 2849 2022 2895 meam.

452 2941 511 2994 Si
529 2941 672 2995 enim
706 2941 776 2994 ob
803 2939 961 2993 tidem
989 2937 1233 3009 gentium
1282 2936 1614 2991 aemulantur
1657 2940 1712 2988 et
1743 2932 2028 2987 imitantur

2104 460 2198 512 καὶ
2228 459 2260 528 ἠ
2288 455 2596 527 προσθήκη,
2639 453 2688 504 εἰ
2729 450 2804 521 μὴ
2831 446 3011 502 τελεία
3041 446 3136 499 καὶ
3173 442 3470 510 ὁλόκληρος
3517 437 3688 508 χαρά,

2103 549 2178 611 ὡς
2207 548 2298 600 ἐπὶ
2343 545 2528 614 τελείᾳ
2572 542 2668 596 καὶ
2697 543 2858 611 καινῇ
2891 541 3001 609 ζωῇ
3029 537 3122 590 καὶ
3170 532 3465 588 ἀναϐιώσει
3495 531 3562 581 ὲκ
3598 544 3689 580 νε-

2103 639 2272 711 κρῶν,
2314 638 2550 702 πάντων,
2572 634 2630 687 ού
2666 633 2825 704 μόνον
2856 630 2966 683 τῶν
3009 624 3522 698 προσπταισάντων,
3551 618 3689 672 ἀλλὰ

2104 731 2199 785 καὶ
2227 730 2337 781 τῶν
2372 728 2531 798 μέχρι
2568 725 2798 779 θανάτου
2830 722 2926 777 καὶ
2970 718 3291 790 νεκρὼσεως
3341 711 3684 767 καταπεσόνο

2103 839 2248 889 των,
2283 823 2390 874 Καὶ
2425 821 2553 890 ὂραο
2605 817 2905 888 ἀρχόμενος
2955 814 3074 883 μὲν,
3114 811 3366 878 πταῖσμα
3405 805 3507 875 τὴν
3535 802 3688 856 ἀπεί-

2107 915 2257 968 θειαν
2307 912 2534 965 ἐκάλεσε
2581 909 2689 964 τῶν
2751 907 3018 961 Ἰουδαίων
3044 921 3062 937 ο
3120 899 3243 956 εἶτα.
3307 897 3688 970 παράπτωμα.

2118 1005 2339 1074 Ἐπειδὴ
2387 1003 2446 1057 δὲ
2501 1001 2698 1066 ἔδειξεν
2731 998 2956 1062 ⁸αὐτοῖς,
3017 994 3112 1048 ὲάν
3163 991 3466 1063 βούλωνται
3528 987 3690 1057 μόνον

2107 1097 2415 1166 πεισθῆναι,
2492 1093 2553 1146 τὸ
2610 1091 2839 1162 μέγεθος
2908 1089 3017 1141 τῶν
3071 1084 3324 1155 ἀγαθῶν,
3356 1081 3454 1136 καὶ
3487 1079 3691 1147 ἐπῆρεν

2107 1189 2324 1250 αὐτοὺς,
2387 1183 2618 1238 πλοῦτον
2677 1181 2850 1234 ὲθνῶν
2909 1177 3119 1242 καλῶν,
3187 1175 3282 1228 καὶ
3342 1170 3692 1238 καταλλαγὴν

2108 1281 2334 1348 κόσμου,
2369 1276 2462 1329 καὶ
2492 1275 2668 1345 σάρκα
2699 1271 2926 1325 οἰκείαν·
2983 1268 3102 1320 τότε
3143 1267 3236 1319 καὶ
3267 1265 3368 1334 τῆς
3405 1259 3691 1324 ἀπειθείας

2107 1371 2169 1425 τὸ
2201 1373 2400 1425 ἄτοπον
2431 1367 2617 1439 ἡλίκον
2660 1363 2778 1418 ἐστί
2820 1360 3074 1424 δεικνύει,
3125 1357 3354 1428 νεκροὺς
3391 1354 3562 1421 αὐτῆς
3603 1351 3693 1404 διὰ

2110 1461 2314 1532 ταύτης
2355 1461 2606 1530 γενέσθαι
2653 1453 3106 1525 ἀποφαινόμενος.
3169 1447 3333 1502 Ἀλλά
3379 1447 3476 1500 καὶ
3529 1443 3696 1498 τοῦτο

2107 1557 2229 1610 λίαν
2258 1553 2577 1626 θαυμασίως
2636 1553 2782 1604 ποιεῖ
2829 1548 2925 1602 καὶ
2974 1544 3174 1614 σοφῶς.
3219 1541 3443 1610 Ἐπειδὴ
3493 1538 3602 1626 γάρ
3631 1534 3698 1588 τὸ

2112 1648 2338 1719 νεκροὺς
2387 1644 2584 1708 αὐτοὺς
2652 1639 3045 1712 ὀνομασθῆναι,
3097 1635 3220 1689 λίαν
3276 1631 3476 1704 πικρὸν
3501 1625 3571 1700 ἦν
3597 1629 3699 1681 καὶ

2114 1738 2502 1810 καταφορικόψ
2570 1737 2665 1789 καὶ
2719 1738 2798 1796 εἰς
2844 1733 3001 1804 ὕϐριν
3051 1731 3252 1801 μᾶλλον
3299 1727 3334 1798 ἢ
3366 1723 3699 1795 παραίνεσιν

2111 1831 2416 1886 συντελοῦνο
2437 1830 2533 1898 οὐχ
2555 1827 2730 1889 οὕτως
2743 1824 2874 1879 αύτὸ
2901 1824 3085 1894 τίθησι
3110 1819 3311 1892 ξηρῶς,
3335 1817 3472 1871 ἀλλά
3500 1815 3701 1885 μίγνυ⁶

2113 1943 2197 1978 σιν
2213 1922 2474 1986 amoma).
2505 1922 2562 1974 ὲν
2586 1917 2984 1985 τάξειέπαίνου
3015 1913 3272 1984 προάγει,
3297 1911 3494 1977 λέγων,
3523 1907 3621 1972 Τίς
3657 1906 3699 1972 ἡ

2111 2013 2458 2081 πρόσληψις
2484 2006 2704 2064 αὐτῶν.
2725 2007 2776 2059 εί
2814 2004 2898 2074 μὴ
2932 2002 3042 2070 ζωὴ
3066 2003 3135 2054 ἐκ
3155 1997 3422 2067 νεκρῶνς
3468 1996 3558 2049 διά
3595 1993 3704 2081 μὲν

2111 2078 2230 2169 τοῦ,
2260 2078 2395 2168 Coiﬁ,
2417 2099 2477 2152 τὸ
2500 2097 2789 2167 εὐφραῖνον
2803 2092 2990 2154 τιθείς·
3007 2091 3095 2144 διὰ
3122 2089 3177 2141 δὲ
3199 2086 3318 2152 τοῦ,
3348 2087 3416 2138 ὲκ
3442 2078 3701 2169 νεκρῶν,

2114 2189 2524 2262 ὑποσημαίνων,
2563 2187 2645 2239 ὅτι
2673 2187 2708 2255 ἠ
2739 2182 2992 2237 ἀπείθεια
3037 2178 3220 2233 αὐτῶν
3273 2176 3543 2244 νέκρωσις
3602 2167 3698 2241 ἦν.

2219 2303 2380 2358 Κατὰ
2404 2300 2521 2370 μὲν
2544 2298 2611 2352 τὸ
2641 2293 3030 2365 Εὑαγτέλιον,
3055 2289 3257 2360 ἐχθροί
3307 2287 3380 2340 δι’
3411 2284 3590 2356 ὑμᾶς.

2186 2395 2433 2450 Φωτίου.
2457 2390 2727 2462 Ζητήσειε
2751 2387 2796 2441 δ’
2825 2387 2892 2441 ἄν
2939 2400 3048 2447 τις,
3077 2383 3129 2435 εἰ
3177 2380 3363 2451 ἐχθροὶ
3409 2379 3705 2446 γεγόνασιν

2129 2490 2395 2552 Ἰουδαῖοι,
2446 2485 2534 2539 διὰ
2573 2483 2699 2545 τοὺς
2755 2481 2814 2547 ἐξ
2865 2477 3036 2532 ὲθνῶν
3085 2471 3549 2533 πεπιστευκότας,
3580 2467 3704 2532 πῶς

2117 2580 2372 2650 ἀνωτέρω
2389 2577 2592 2644 ἔλεγεν,
2611 2573 2736 2641 Ἐφ’
2761 2571 2913 2625 ὅσον
2932 2568 3048 2638 εἰμί
3073 2565 3189 2636 ἐγὼ
3219 2562 3414 2619 ἐθνῶν
3440 2561 3706 2614 ἀπόστο-

2120 2676 2251 2738 λος,
2265 2671 2380 2738 τὴν
2391 2665 2704 2722 διακονίαν
2716 2680 2832 2733 μου
2846 2657 3090 2725 δοξάζω
3105 2655 3259 2710 Διατί
3277 2655 3490 2720 ;ει;εως
3509 2666 3703 2718 παρα-

2123 2760 2364 2831 ζηλώσω
2381 2775 2500 2827 μου
2530 2755 2645 2823 τὴν
2684 2752 2903 2821 σάρκα.
2948 2751 3010 2803 Εἰ
3053 2748 3164 2818 γὰρ
3211 2745 3300 2798 διά
3322 2745 3421 2814 τῆς
3463 2745 3706 2803 πίστεως

2123 2849 2432 2912 τῶνὲθνῶν
2457 2843 2860 2919 παραζηλοῦσι,
2889 2844 2984 2896 καὶ
3017 2837 3317 2910 μιμοῦνται
3349 2836 3400 2888 oi
3435 2834 3707 2896 Ἰουδαῖοι,

2127 2947 2222 3002 καὶ
2251 2943 2434 2998 πιστοί
2460 2940 2725 3010 γίνονται,
2768 2935 2886 2996 πῶς
2915 2933 2981 2987 δι’
3014 2931 3214 2993 αὐτοὺς
3235 2927 3425 3000 ἐχθροὶ
3463 2927 3709 2992 γίνονται

450 3029 647 3096 Judaei,
703 3039 757 3085 et
796 3029 981 3083 ﬁdeles
1018 3029 1175 3092 ﬁunt,
1206 3024 1479 3096 quomodo
1504 3033 1724 3093 propter
1753 3022 1876 3077 illos
1916 3021 2022 3076 ini-

2129 3037 2288 3091 πάλιν
2315 3035 2412 3106 τῆς
2435 3033 2667 3092 πίστεως
2697 3029 2793 3082 καὶ
2816 3026 2914 3082 τοῦ
2952 3021 3288 3092 Εύαγγελίου
3314 3038 3329 3087 ;
3365 3018 3531 3073 Ἀλλά
3563 3016 3710 3089 πρῶ-

454 3122 578 3178 mici
609 3137 796 3176 rursus
827 3119 952 3174 facti
1008 3128 1138 3174 sunt
1185 3116 1306 3172 ﬁdei
1341 3125 1395 3171 et
1425 3115 1742 3185 Evangelii?
1773 3112 2026 3183 Sed~pri—

455 3230 546 3270 mo
571 3215 806 3268 dicimus
870 3213 1020 3266 illum
1065 3227 1171 3266 non
1209 3210 1415 3264 dixisse
1461 3207 1531 3263 ob
1583 3206 1740 3260 ﬁdem
1782 3205 2026 3276 gentium

455 3305 702 3362 aemulari
736 3314 792 3359 et
835 3304 1038 3358 imitari
1069 3302 1307 3365 Judazos,
1343 3298 1438 3356 sed
1472 3297 1620 3368 quod
1659 3295 2030 3368 gloriﬁcentur

459 3408 515 3452 et
545 3398 836 3451 laudentur
861 3413 876 3461 ;
907 3394 1094 3450 Gloria
1123 3396 1269 3448 enim
1294 3400 1349 3446 et
1389 3391 1510 3445 laus
1537 3390 1591 3444 in
1623 3389 1747 3444 illos
1775 3388 1868 3458 qui
1903 3397 2034 3442 sunt

460 3503 526 3543 ex
559 3488 814 3555 gentibus
841 3487 1161 3547 incurrens,
1201 3483 1325 3537 illos
1399 3480 1659 3535 excitabit
1691 3479 1757 3534 ad
1805 3477 2033 3533 aemula-

464 3578 667 3631 tionem
720 3585 776 3630 et
823 3575 1219 3639 imitationem;
1268 3573 1342 3627 ita
1369 3579 1430 3627 ut
1493 3569 1850 3641 repugnantia
1892 3566 2034 3622 invi-

461 3685 580 3726 cem
617 3683 726 3722 non
751 3667 862 3722 sint
886 3680 1016 3734 quae
1035 3665 1182 3718 dicta
1213 3670 1342 3718 sunt
1375 3679 1391 3718 :
1425 3662 1666 3717 secundo
1689 3672 1889 3724 autem,
1924 3672 2034 3712 non

463 3759 762 3816 asserenda
790 3759 1016 3823 dixisse,
1043 3762 1105 3809 ut
1138 3753 1466 3808 tentulentur
1511 3751 1704 3815 Judaei,
1737 3750 1832 3803 sed
1877 3746 2037 3817 quasi

463 3851 790 3922 ambigendo
823 3859 877 3902 et
904 3845 1224 3901 dubitando.
1272 3845 1334 3900 Si
1377 3843 1656 3915 quomodo,
1692 3841 1824 3896 dicit
1867 3840 2038 3906 enim,

467 3945 539 3997 ad
589 3940 982 3997 wmulationem
1038 3952 1312 4006 provocem
1359 3950 1572 3989 carnem
1622 3949 1814 3988 meam.
1859 3931 2050 3996 Sirut,’

467 4036 719 4099 fortasse,
757 4033 970 4088 tametsi
1003 4031 1167 4086 etiam
1189 4029 1262 4084 ob
1284 4044 1474 4084 eorum
1504 4028 1687 4091 ﬁdem,
1715 4041 1824 4082 non
1855 4033 2037 4079 autem

467 4138 564 4194 per
608 4123 834 4194 gloriam
890 4129 942 4176 et
997 4119 1236 4184 laudem,
1269 4117 1478 4172 diceret
1516 4115 1582 4169 ad
1634 4114 2038 4170 aemulationem

469 4229 759 4286 provocare
813 4229 874 4268 se
915 4209 1152 4278 Iudaeos,
1190 4225 1302 4265 non
1334 4209 1408 4264 ita
1437 4208 1542 4264 sibi
1573 4215 1858 4277 pugnaret.
1904 4203 2040 4259 Nam

471 4323 594 4363 cum
626 4306 778 4368 dicit,
800 4305 1003 4359 inimici
1024 4312 1238 4374 propter
1256 4318 1372 4367 vos,
1407 4299 1720 4355 Judarorum
1749 4297 2044 4352 increduli-

2127 3129 2217 3184 τόν
2243 3142 2443 3196 φαμεν,
2462 3126 2545 3179 ὃτι
2566 3123 2668 3176 οὐκ
2697 3121 2801 3191 ἔφη
2825 3118 2914 3172 διὰ
2941 3117 3042 3186 τῆς
3090 3114 3332 3174 πίστεως
3380 3109 3491 3163 τῶν
3536 3107 3711 3161 ἐθνῶν

2128 3216 2475 3291 παραζηλοῦν
2505 3216 2599 3269 καὶ
2624 3211 2905 3284 μιμεῖσθαι
2939 3209 3065 3270 τοὺς
3093 3204 3387 3264 Ἰουδαίους
3416 3241 3432 3267 ,
3455 3199 3595 3254 ἀλλὰ
3623 3197 3713 3250 διὰ

2127 3289 2221 3364 τού
2255 3305 2574 3375 δοξάζεσθαι
2596 3305 2818 3366 αὐτοὺς,
2842 3301 2930 3355 διά
2969 3299 3062 3352 τοῦ
3097 3294 3465 3351 ἐπαινεῖσθαι.
3508 3290 3574 3344 Ἦ
3601 3289 3714 3360 γάρ

2128 3402 2254 3467 δόξα
2276 3401 2367 3454 καὶ
2393 3400 2421 3453 ὁ
2478 3398 2697 3458 ἔπαινος
2721 3397 2750 3447 ὁ
2767 3394 2846 3457 εἰς
2867 3392 2992 3453 τοὺς
3023 3389 3084 3454 ἐξ
3125 3386 3298 3442 ἐθνῶν
3347 3381 3692 3452 ἀνατρέχων,

2131 3491 2365 3563 ἐρεθίσει
2392 3487 2590 3550 αὐτοὺς
2618 3487 2710 3538 καῖ
2733 3485 2813 3545 εἰς
2835 3481 2994 3552 ζῆλον
3023 3478 3120 3532 καὶ
3151 3473 3591 3549 μίμησιν.Ὦστε
3613 3469 3716 3524 οὐκ

2133 3585 2349 3637 ἐναντία
2377 3579 2525 3634 ἐστὶν
2556 3577 2800 3646 ἀλλήλων
2828 3574 2898 3628 τὰ
2923 3570 3214 3644 εἰρημένα.
3233 3568 3500 3638 Δεύτερον
3529 3565 3611 3624 δὲ,
3633 3564 3716 3617 ἔτι

2132 3673 2195 3727 ού
2256 3671 2398 3726 κατὰ
2436 3670 2730 3738 ἀπόφασιν,
2781 3665 2910 3736 ἔφη,
2964 3659 3454 3733 παραζηλώσουσιν
3486 3658 3539 3709 οἰ
3585 3656 3722 3708 ἰουο

2134 3763 2294 3828 δαῖοι,
2323 3759 2438 3815 ἀλλ’
2488 3755 2805 3829 ἀμφιϐόλως
2838 3756 2931 3808 καὶ
2974 3750 3240 3815 διστάζων
3272 3765 3288 3779 ·
3322 3747 3396 3800 ει
3421 3762 3552 3811 πως
3579 3744 3718 3814 γὰρ,

2137 3854 2295 3923 φησὶ,
2357 3847 2764 3919 παραζηλώσω
2807 3863 2926 3915 μου
2977 3843 3096 3909 τὴν
3150 3840 3368 3909 σάρκα.
3398 3835 3527 3892 Οἶον
3561 3839 3720 3901 ῐσως,

2137 3945 2300 4015 τάχα,
2335 3943 2475 3996 ὥστε
2499 3943 2548 3994 εἰ
2579 3941 2674 3993 καὶ
2714 3937 2809 3992 διὰ
2835 3935 2936 4007 τῆς
2989 3934 3169 3988 αὐτῶν
3214 3932 3470 3995 πίστεως,
3495 3929 3626 4000 οὐχὶ
3668 3930 3725 3982 δὲ

2139 4035 2228 4089 διὰ
2252 4034 2352 4105 τῆς
2383 4033 2542 4101 δόξης
2592 4030 2686 4084 καὶ
2731 4027 2843 4080 τῶν
2904 4024 3167 4080 ἐπαίνων.
3214 4022 3412 4089 Ἔλεγε
3465 4021 3726 4091 παραζη-

2139 4126 2268 4180 λοῦν
2310 4126 2437 4187 τοὺς
2493 4121 2801 4184 Ἰουδαίους,
2839 4118 2946 4172 οὐδ’
2999 4116 3175 4178 οὕτως
3222 4113 3464 4184 ἐμάχετο
3515 4112 3724 4182 ἐαυτῷ.

2143 4219 2243 4271 Διά
2274 4217 2373 4286 μὲν
2403 4215 2510 4284 γὰρ
2537 4213 2631 4267 τοῦ
2671 4213 2867 4276 εἰπεῖν,
2905 4207 3108 4278 ἐχθροὶ
3135 4207 3208 4260 δι’
3233 4205 3410 4273 ὑμᾶς,
3428 4205 3541 4256 τῶν
3589 4205 3727 4257 Ἰου-

2144 4311 2307 4363 δαίων
2338 4308 2438 4380 τὴν
2481 4306 2739 4361 ἀπιστίαν
2758 4304 2930 4373 λέγει,
2961 4304 3054 4355 καὶ
3083 4300 3184 4371 τὴν
3199 4299 3382 4351 αἰτίαν
3411 4298 3481 4350 δι’
3500 4299 3568 4368 ἢν
3593 4314 3729 4366 σφο-

471 4407 636 4454 tatetn
661 4399 949 4470 signiﬁcat,
976 4405 1030 4451 et
1066 4410 1290 4451 causam
1351 4409 1454 4448 cur
1487 4392 1859 4448 vehementius
1915 4390 2026 4444 ﬁdei

2141 4401 2396 4471 δρότερον
2422 4397 2819 4468 ἀπεχθάνονται
2846 4397 2912 4465 τῇ
2945 4394 3145 4446 πίστει.
3167 4391 3265 4444 Διά
3280 4390 3339 4443 δὲ
3370 4389 3490 4452 τοῦ,
3517 4390 3577 4441 ετ
3601 4405 3729 4455 πως

471 4491 854 4556 adversentur;
876 4505 998 4543 eum
1031 4497 1211 4542 autem
1235 4487 1400 4542 dicit:
1422 4485 1482 4542 Si
1507 4487 1764 4558 quomodo
1794 4485 1862 4538 ad
1888 4499 2046 4539 temu-

473 4579 727 4635 lationem
766 4594 1037 4649 provocem
1087 4593 1297 4632 carnem
1354 4592 1564 4642 meam,
1613 4575 1861 4645 pr0prios
1905 4573 2048 4629 indi-

472 4679 563 4728 cat
587 4682 820 4727 cnnatus
844 4671 1046 4742 quibus
1097 4669 1308 4724 salvare
1335 4666 1551 4726 Judaeos
1589 4669 1780 4722 nititur
1802 4677 1856 4722 et
1887 4677 2045 4722 extra

477 4764 611 4819 illud
650 4763 812 4819 etiam
849 4762 999 4831 quod
1043 4759 1301 4825 diximus,
1340 4774 1446 4814 non
1522 4759 1596 4814 ita
1665 4766 2040 4829 repugnarent

478 4856 709 4924 apostoli
760 4855 938 4918 dieue,
971 4851 1225 4922 quamvis
1251 4859 1544 4922 utrumque
1592 4851 1918 4922 explicando
1966 4851 2051 4907 di-

479 4955 714 4997 ceretur.
745 4941 960 5000 Etenim
988 4943 1124 4997 nihil
1155 4951 1362 4998 vetaret
1390 4941 1687 5012 quominus
1722 4942 1887 5012 aliqui
1925 4955 2049 4997 cre-

379 5061 388 5070 -
480 5030 761 5097 dentium,
832 5034 936 5088 tide
998 5033 1239 5103 gentium
1302 5035 1562 5097 excitati,
1621 5034 1947 5089 aemulentur
1999 5041 2055 5088 et

483 5118 801 5184 imitentur;
832 5131 885 5175 et
906 5123 1063 5177 multi
1090 5124 1328 5180 vicissim
1357 5139 1464 5177 non
1511 5123 1872 5189 credentium,
1926 5124 2054 5180 odio

480 5209 702 5265 illorum
739 5211 831 5280 qui
897 5228 963 5267 ex
994 5216 1241 5286 gentibus
1285 5225 1417 5272 sunt
1455 5215 1845 5285 pertinaciores
1878 5223 1933 5270 et
1967 5216 2054 5270 in-

481 5302 820 5357 creduliores
857 5311 913 5356 et
952 5304 1283 5361 inlidcliores
1313 5308 1625 5376 evangelico
1665 5306 1937 5377 praeconio
1961 5306 2056 5362 ad-

485 5404 808 5451 versentur:
834 5395 978 5466 quod
1014 5397 1146 5467 ipsis
1177 5399 1338 5454 rebus
1361 5400 1531 5455 videri
1569 5410 1776 5470 potest;
1804 5400 2054 5469 quienim

457 5496 675 5556 .gentes
697 5487 996 5553 imitantur,
1032 5487 1114 5543 ad’
1150 5488 1310 5543 ﬁdem
1342 5491 1629 5555 accedunt,
1653 5498 1710 5545 et
1737 5491 2053 5558 salvantur;

487 5575 579 5646 qui
614 5587 792 5633 autem
842 5579 1095 5650 gentibus
1111 5580 1495 5649 adversantur,
1533 5582 1772 5639 acriores
1799 5583 1922 5639 ﬁdei
1953 5583 2058 5638 ini-

487 5672 613 5724 mici
649 5672 1076 5729 constituuntur.

2147 4484 2552 4556 παραζηλώσω
2599 4486 2716 4553 τὴν
2761 4482 2979 4552 σάρκα,
3025 4483 3126 4552 τὴν
3194 4480 3332 4534 ἰδίαν
3382 4478 3730 4531 ἐνδείκνυται

2149 4581 2403 4648 σπουδὴν,
2437 4581 2506 4651 ἢν
2554 4573 2700 4648 εῖχεν
2727 4579 2805 4641 είς
2850 4576 3121 4630 τδσῶσαι
3159 4573 3283 4637 τοὺς
3307 4572 3368 4636 ἐξ
3430 4571 3728 4626 Ἰουδαίων.

2149 4674 2260 4727 Καὶ
2284 4672 2454 4744 χωρὶς
2486 4671 2546 4725 δὲ
2574 4671 2684 4725 τῶν
2705 4669 3035 4740 εἰρημένων,
3054 4666 3164 4720 οὐδ’
3191 4664 3367 4726 οὕτως
3395 4663 3644 4733 ἐμάχετο
3666 4663 3736 4716 τὰ

2147 4763 2429 4834 λεχθέντα,
2463 4763 2566 4817 κᾶν
2613 4761 2782 4830 ἄμφω
2805 4755 3192 4828 ἀποφαντικῶς
3243 4755 3457 4826 είρητο.
3479 4753 3596 4807 Καὶ
3626 4755 3736 4822 γὰρ

2151 4856 2304 4909 οὐδὲν
2325 4855 2531 4908 ἐκώλυε
2555 4854 2708 4916 τινὰς
2737 4851 2837 4924 μὲν
2884 4850 2995 4904 τῶν
3041 4847 3513 4912 πεπιστευκότων,
3538 4845 3740 4918 ἀνερε-

2153 4945 2436 5010 θισθέντας
2463 4947 2532 5017 τῇ
2581 4944 2766 4998 πίστει
2807 4941 2916 4996 τῶν
2949 4939 3140 5006 ἐθνῶν,
3196 4937 3601 5010 παραζηλῶσαι
3644 4937 3741 4992 καὶ

2155 5036 2469 5092 πιστεῦσαι.
2497 5035 2611 5091 Καὶ
2653 5035 2763 5088 τῶν
2802 5033 2877 5106 μὴ
2909 5031 3355 5086 πεπιστευκότων
3405 5031 3575 5083 πάλιν
3609 5029 3743 5082 πολ-

2153 5126 2302 5194 λοὺς,
2340 5126 2487 5198 μίσει
2515 5123 2593 5196 τῷ
2641 5124 2778 5194 πρὸς
2799 5125 2925 5186 τοὺς
2983 5122 3046 5188 ἐξ
3083 5120 3275 5185 ἐθνῶν,
3334 5119 3742 5191 σκληροτέρους

2154 5216 2250 5270 καί
2285 5215 2676 5287 ἁπιστοτέρους
2702 5216 2797 5268 καὶ
2820 5212 3246 5282 ἀπειθέστέρους
3272 5209 3355 5281 τῷ
3396 5209 3744 5277 εὐαγγελικῷ

2155 5307 2421 5361 κινεῖσθαι
2461 5305 2796 5376 κηρύγματι.
2844 5307 2910 5360 '0
2960 5306 3054 5358 καὶ
3082 5305 3169 5356 ἐπ’
3199 5303 3383 5356 αὐτῶν
3439 5302 3572 5354 ἰδεῖν
3630 5302 3744 5352 ἐστι

2157 5398 2265 5450 τῶν
2305 5397 2670 5467 πραγμάτων.
2721 5398 2785 5449 Ol
2833 5396 2935 5467 μὲν
2977 5395 3087 5464 γάρ
3139 5391 3477 5465 μιμούμενοι
3524 5392 3652 5454 τοὺς
3688 5389 3747 5454 ἐξ

2159 5488 2348 5552 ἐθνῶν,
2378 5486 2772 5559 προσέρχονται
2835 5489 2901 5558 τῇ
2955 5485 3156 5550 πίστει,
3218 5485 3315 5537 καὶ
3366 5481 3744 5546 σώζονται.οί

2162 5582 2220 5635 δὲ
2275 5580 2487 5644 τούτοις
2519 5580 2974 5652 ἀπεχθανόμενοι,
3039 5578 3397 5651 σφοδρότεροι
3441 5576 3632 5649 ἐχθροὶ
3651 5574 3742 5645 τῆς

2164 5675 2397 5738 πίστεως
2417 5673 2789 5728 καθίστανται.
