3978 6218
258 275 399 339 1249
1121 275 1590 335 FRAGMENTA
1627 275 1710 332 IN

358 365 468 423 Καὶ
500 365 589 436 μὴ
640 357 1165 433 συσχηματίζεσθε
1198 359 1275 426 τῷ
1320 360 1489 415 αίῶνι
1522 361 1728 427 τούτῳ.

324 528 570 582 Φωτίου.
603 527 677 580 Ἦ
706 523 831 580 ἀντὶ
856 522 979 589 τοῦ,
1010 522 1097 595 Μὴ
1124 519 1597 592 συμμετατίθεσθε
1622 521 1743 582 ταῖς
1760 517 1841 570 δι-

249 620 573 681 δασκαλίαις
636 618 745 672 τῶν
774 620 837 671 ὲκ
874 616 971 671 τοῦ
1007 614 1202 677 αἰῶνος
1247 612 1435 666 τούτου
1481 608 1575 663 τοῦ
1628 609 1843 680 ῥέοντος

250 712 348 767 καὶ
379 712 478 780 οὐχ
541 711 838 778 ἱσταμένου
893 707 995 777 τὴν
1050 704 1399 759 διδασκαλίαν
1430 701 1841 774 προσαγόντων.

248 802 422 857 Τοῦτο
446 802 505 855 δὲ
533 800 705 854 εἰπὼν
743 799 834 853 ἴνα
868 799 942 869 μή
967 813 1113 861 τινες
1132 797 1242 850 τῶν
1286 794 1558 851 Ἰουδαίων
1587 794 1838 857 εἴπωσιν,

250 894 466 950 οὐκοῦν
514 892 744 955 οὑδόλως
794 890 874 944 δεῖ
918 891 1067 961 ἡμᾶς
1116 886 1707 961 μετασχηματίζεσθαι,
1734 886 1844 940 ἀπὸ

249 987 354 1055 τῆς
382 983 828 1055 παραδεδομένης
857 984 990 1054 ἡμῖν
1027 982 1121 1035 τοῦ
1156 980 1322 1051 νόμον
1353 979 1723 1047 διδασκαλίας,
1755 978 1844 1034 διὰ

252 1078 413 1133 τοῦτο
441 1077 660 1145 ὲπάγει,
688 1076 852 1132 ἀλλὰ
886 1074 1411 1145 μεταμορφοῦσθε,
1447 1072 1715 1139 τουτέστι,
1751 1074 1844 1126 Δεῖ

251 1169 417 1239 ἡμᾶς
444 1170 585 1224 κατὰ
608 1170 669 1224 τὸ
702 1169 916 1240 θέλημα
941 1167 1037 1221 τοῦ
1087 1167 1224 1220 Θεοῦ
1271 1165 1673 1238 μετατίθεσθαι.
1696 1165 1841 1220 Πολὺ

252 1262 313 1316 δὲ
341 1262 402 1315 τὸ
438 1261 603 1331 μέσον
626 1262 724 1330 τῆς
754 1260 864 1313 ἀπὸ
895 1259 989 1313 τοῦ
1023 1259 1190 1329 νόμον
1216 1258 1589 1323 διδασκαλίας,
1623 1259 1841 1327 καὶτῆς

252 1353 398 1407 κατὰ
428 1353 490 1405 τὸ
518 1352 730 1423 θέλημα
757 1349 851 1404 τοῦ
894 1349 1030 1403 Θεοῦ
1072 1350 1285 1421 σοφίας.
1328 1349 1393 1403 Ἡ
1451 1348 1551 1419 μὲν
1581 1348 1712 1420 γὰρ,
1745 1349 1840 1401 καὶ

253 1444 390 1496 αὐτὸ
415 1444 478 1495 τὸ
506 1442 691 1513 σχῆμα
717 1442 778 1495 τὸ
803 1441 1025 1511 νομικὸν
1048 1441 1364 1503 ἀπόλλυσιν,
1392 1442 1470 1503 εἰς
1501 1439 1628 1494 ἄλλο
1652 1440 1842 1511 σχῆμα

255 1533 458 1597 κακίας
482 1535 575 1586 καὶ
623 1532 925 1603 διαφθορᾶς
977 1532 1187 1600 ἄγουσα
1216 1547 1229 1563 ·
1262 1534 1296 1602 ἡ
1347 1531 1425 1597 δὲ,
1457 1531 1517 1584 οὺ
1558 1530 1717 1601 μόνον
1739 1531 1840 1582 οὐκ

252 1626 523 1681 ἀπόλλυσι
553 1626 615 1679 τὸ
646 1625 742 1697 τοῦ
779 1626 948 1696 νόμου
994 1626 1180 1696 σχῆμα
1209 1624 1288 1694 (ἐν
1321 1626 1559 1695 σχήματι
1612 1622 1721 1695 γὰρ
1746 1623 1840 1677 καὶ

254 1719 389 1789 σκιᾷ
405 1721 498 1772 καὶ
519 1722 711 1782 τύποις
744 1716 835 1771 τοῦ
865 1719 1031 1788 νόμου
1056 1718 1348 1788 ὑπῆρχεν),
1365 1717 1501 1770 άλλά
1528 1716 1622 1768 καὶ
1644 1715 1841 1768 τελειοῖ
1870 1758 1916 1818 Β

250 1811 388 1864 αὑτό
421 1826 436 1841 ο
464 1810 563 1880 τὴν
606 1810 934 1880 λειπομένην
970 1808 1119 1879 αὐτῷ
1176 1808 1391 1880 μορφὴν
1430 1808 1523 1860 καὶ
1557 1806 1617 1859 τὸ
1640 1806 1839 1869 κάλλος

254 1901 638 1972 ἁπαρτίζουσα
660 1902 756 1955 καὶ
782 1899 1196 1972 άναπληροῦσα.
1226 1900 1319 1953 Διὸ
1349 1899 1414 1971 δὴ
1436 1897 1617 1961 καλῶς
1653 1911 1839 1968 φησιν·

261 1995 365 2063 Μὴ
408 1992 951 2063 συσχηματίζεσθε,
1000 1994 1161 2048 ἀλλὰ
1198 1992 1717 2062 μεταμορφοῦσθε.
1770 1991 1844 2045 Τὸ

264 2087 370 2159 μὲν
411 2088 520 2159 γάρ
560 2088 710 2141 ἐστιν
770 2087 1038 2152 ἀπώλεια,
1089 2085 1152 2139 τὸ
1190 2086 1270 2150 δὲ,
1316 2086 1561 2156 σωτηρία
1603 2085 1698 2139 καὶ
1749 2101 1842 2137 τε·-

260 2178 501 2250 λειότης.

254 2270 424 2341 Λέτω
453 2270 563 2340 τὰρ
584 2270 684 2325 διὰ
704 2270 816 2338 τῆς
838 2261 1082 2341 χάριτος
1104 2269 1215 2338 τῆς
1231 2270 1514 2338 δοθείσης
1520 2288 1643 2339 μοι,
1660 2270 1841 2341 παντί

329 2342 411 2406 τῷ
432 2342 561 2423 ore}
600 2341 673 2394 ἐν
723 2340 886 2411 ὑμῖν,
916 2340 919 2341 ⁷
942 2341 1029 2411 μὴ
1081 2341 1487 2410 ὑπερφρονεῖν
1525 2342 1663 2409 παρ’
1694 2340 1726 2395 ὃ
1752 2340 1850 2394 δεῖ

327 2428 597 2481 φρονειν.

327 2505 657 2558 Φωτίου.Ἥ
681 2505 777 2558 καὶ
806 2503 979 2567 οὕτως
999 2504 1172 2573 λέγει·
1192 2504 1285 2576 Μὴ
1313 2503 1678 2575 ὑπερφρονεῖν
1696 2505 1843 2576 ὕμᾶς

252 2594 317 2648 ἒν
347 2593 513 2648 παντὶ
535 2594 834 2667 χαρίσματι
862 2593 941 2665 τῷ
984 2594 1098 2648 όντι
1136 2594 1195 2650 ἐν
1248 2595 1396 2666 ὑμῖν.
1458 2595 1675 2666 Ταύτην
1729 2595 1841 2665 γὰρ

251 2687 358 2758 τὴν
394 2686 581 2741 ἄνοιαν
614 2689 709 2741 καὶ
748 2687 818 2741 τὰ
870 2686 1190 2758 ὲπαγόμενα
1224 2686 1420 2758 δηλῶν,
1442 2689 1499 2742 ὲν
1537 2682 1619 2751 οἷς
1652 2704 1839 2758 φησιν,

266 2774 539 2845 Ἐκάστῳ
552 2778 675 2844 ὡςό
703 2780 848 2846 Θεὸς
866 2778 1127 2850 ἐμέρισε.
1152 2779 1341 2849 Σοφῶς
1364 2780 1421 2833 δὲ
1440 2779 1561 2833 λίαν
1588 2779 1685 2833 καὶ
1714 2795 1841 2833 συν-

253 2866 414 2942 ετῶς,
428 2868 716 2939 προέταξε,
762 2869 826 2923 τὸ
861 2869 961 2924 διὰ
987 2871 1097 2938 τῆς
1124 2868 1364 2939 χάριτος
1395 2870 1489 2924 τοῦ
1525 2870 1681 2937 Θεοῦ,
1717 2871 1843 2942 μέλ-

253 2957 367 3012 λων
397 2959 593 3023 αὐτοὺς
615 2959 888 3014 νουθετεῖν
906 2962 987 3025 είς
1013 2962 1073 3015 τὸ
1101 2963 1177 3033 μὴ
1196 2962 1582 3033 ὑπερφρονεῖν.
1617 2963 1839 3034 Ἐπειδὴ

253 3050 367 3121 γὰρ
396 3050 492 3103 καὶ
521 3049 581 3103 τὸ
606 3051 878 3105 νουθετεῖν
900 3053 994 3107 καὶ
1022 3053 1332 3106 ἐπιτάττειν
1359 3054 1540 3116 ἄλλοις
1582 3055 1753 3108 ἐνίοτε
1782 3055 1839 3121 ἐξ

254 3119 680 3213 ὑπερφροσύνης
706 3140 945 3211 γίνεται,
973 3143 1262 3214 προλαὸὼν
1290 3144 1480 3199 ίάσατο
1511 3146 1638 3209 τοὺς
1659 3119 1838 3199 τοιοιΰζ
1863 3119 1907 3182 C

255 3250 385 3297 τους
418 3234 732 3304 λογισμούς.
764 3237 878 3289 Οὐκ
902 3236 1017 3290 ἐστι
1044 3237 1173 3306 γὰρ,
1208 3237 1362 3307 φησι,
1386 3237 1444 3304 ἐξ
1471 3237 1613 3308 ἐμῆς
1661 3239 1838 3309 ὁρμῆς

254 3325 318 3378 τὸ
343 3326 615 3379 νουθετεῖν
642 3328 786 3397 ὑμᾶς
810 3342 825 3358 ο
849 3327 986 3383 ἀλλὰ
1006 3328 1125 3383 ἀπὸ
1150 3326 1257 3397 τῆς
1281 3329 1524 3399 χάριτος
1556 3328 1650 3384 τοῦ
1679 3329 1839 3396 Θεοῦ,

255 3417 425 3471 αὐτοῦ
456 3418 734 3490 διάταγμα
763 3419 978 3490 πληρῶ.
1015 3420 1270 3491 Ἐμέρισε
1325 3420 1384 3472 δὲ
1408 3419 1479 3474 τὰ
1521 3420 1842 3492 χαρίσματα

253 3511 318 3564 οὺ
350 3511 493 3564 κατὰ
548 3512 881 3582 φιλοτιμίαν,
912 3512 1050 3565 ἀλλὰ
1091 3513 1243 3567 κατὰ
1266 3513 1332 3566 τὸ
1366 3511 1587 3581 μέτρον
1614 3513 1715 3583 τῆς
1748 3512 1839 3566 πί-

259 3619 456 3666 στεως.
480 3604 722 3667 Πίστεως
746 3605 824 3669 δὲ,
847 3604 909 3658 οὐ
939 3604 1037 3675 τῆς
1078 3606 1219 3658 κατὰ
1240 3606 1337 3675 τὴν
1367 3604 1627 3676 λατρείαν
1653 3604 1839 3674 φησίν.

258 3696 470 3759 Πάντες
490 3697 600 3766 γὰρ
627 3696 807 3750 πιστοὶ
850 3699 945 3752 καὶ
969 3697 1165 3749 τέλειοι
1214 3699 1270 3749 ὲν
1320 3697 1459 3767 αὐτῇ
1490 3698 1600 3749 εἰσι
1648 3696 1841 3766 δηλον-

254 3784 360 3849 ότι,
394 3787 444 3839 οἱ
501 3788 856 3857 χαρισμάτων
898 3788 1244 3853 ἀξιωθέντες,
1280 3788 1418 3841 ἀλλά
1450 3787 1555 3858 τῆς
1588 3789 1731 3842 κατὰ
1772 3788 1843 3841 τὰ

254 3879 573 3951 χαρίσματα
598 3882 855 3947 πίστεως.
878 3881 1078 3945 Καθὼς
1106 3882 1198 3936 καὶ
1229 3883 1285 3935 ἐν
1310 3880 1662 3950 Εὑαγγελίοις
1688 3881 1840 3953 εῐρηο

254 3988 369 4037 ται,
392 3973 589 4041 Κύριε,
618 3977 881 4041 πρόσθες
915 3975 1060 4044 ἡμῖν
1091 3976 1300 4028 πίστιν
1326 3990 1342 4005 ⁶
1370 3975 1465 4029 καὶ
1495 3974 1837 4038 πάλιν,Ἐὰν

252 4063 439 4133 ἔχητε
462 4066 672 4120 πίστιν
689 4067 769 4133 ὡς
795 4069 1020 4121 κόκκον
1038 4067 1357 4134 σινάπεως.
1383 4067 1494 4121 Καὶ
1520 4066 1705 4132 πάλιν,
1732 4067 1835 4120 Διὰ

253 4156 373 4224 τὴν
415 4157 834 4226 ὀλιγοπιστίαν
866 4160 1056 4229 ὑμῶν.
1112 4160 1280 4229 Δῆλον
1332 4160 1461 4231 γάρ,
1517 4159 1592 4223 ὡς
1641 4159 1827 4229 ἕτερον

1121 271 1590 335 FRAGMENTA
1627 270 1711 332 IN
1741 265 2178 333 EPISTOLAM
2214 267 2315 330 AD
2353 265 2739 329 ROMANOS.

1862 357 2092 426 ACAP.
2141 355 2257 412 XII.
2319 355 2485 411 Vens.
2541 354 2598 406 2.
2657 356 2728 410 Et
2790 354 2955 412 nolite
3027 358 3357 427 conformari
3403 358 3526 412 huic

3386 262 3524 331 1250

2628 427 2841 482 secuto.

2013 520 2221 576 Photii.
2247 522 2409 578 Certe
2458 524 2612 591 quasi
2668 523 2898 587 diceret,
2952 520 3124 575 nolite
3184 517 3526 573 conformari

1942 614 2211 671 doctrinis
2237 629 2427 669 eorum
2451 617 2543 684 qui
2572 629 2637 669 ex
2681 613 2787 668 hoc
2837 615 3037 667 saeculo
3067 610 3217 682 quod
3239 610 3441 665 labitur
3470 619 3529 664 et

1944 721 2053 762 non
2086 706 2247 761 desiit
2302 707 2607 762 doctrinam
2642 704 2949 776 proferunt.
2990 705 3072 759 Ita
3104 718 3233 759 vero
3275 704 3518 763 locutus,

1944 807 2005 855 ut
2032 799 2166 854 nulli
2208 797 2519 854 Iudaeorum
2573 799 2779 863 dicant,
2814 813 2949 869 ergo
3002 812 3134 852 sane
3169 811 3279 852 non
3313 803 3525 867 oportet

1943 906 2046 948 nos
2066 891 2441 947 transformari
2475 892 2544 946 ab
2577 891 2668 945 illa
2697 904 2821 962 quae
2871 889 3032 944 nobis
3077 888 3273 944 tradita
3304 887 3409 943 fuit
3444 889 3526 943 Ie-

1944 983 2025 1055 εἰς
2057 984 2324 1049 doctrina,
2362 983 2495 1039 illud
2522 983 2696 1045 addit,
2744 983 2835 1037 sed
2883 982 3278 1051 reformamini,
3324 979 3377 1035 id
3416 986 3519 1045 est,

1941 1083 2157 1147 oportet
2188 1091 2280 1129 nos
2332 1075 2634 1131 secundum
2684 1073 2781 1129 Dei
2818 1073 3157 1129 voluntatem
3216 1070 3519 1125 immutari.

1940 1167 2198 1239 Magnum
2237 1167 2383 1223 enim
2429 1166 2774 1223 intervallum
2831 1176 2918 1223 est
2959 1166 3102 1220 inter
3134 1165 3305 1229 illam,
3346 1178 3467 1233 qua:
3492 1179 3527 1219 a

1940 1261 2057 1331 lege
2083 1261 2262 1324 datur,
2289 1260 2619 1322 doctrinam,
2652 1266 2713 1313 et
2748 1257 2917 1323 illam,
2946 1270 3068 1327 quae
3094 1255 3395 1311 secundum
3428 1255 3524 1311 Dei

1938 1353 2274 1406 voluntatem
2299 1358 2402 1413 est,
2433 1348 2778 1419 sapientiam.
2802 1347 2922 1403 Una
2973 1346 3146 1410 enim,
3179 1346 3355 1415 ipsam
3382 1345 3526 1399 hanc

1940 1444 2167 1515 legalem
2192 1441 2423 1495 formam
2448 1441 2703 1502 destruit,
2732 1440 2786 1495 in
2825 1440 2989 1495 aliam
3041 1438 3274 1493 formam
3305 1438 3528 1492 malitiae

1940 1539 2328 1611 etiperditionis
2353 1534 2846 1605 inducensﬁaltera
2866 1544 3045 1590 autem
3078 1548 3185 1588 non
3224 1533 3390 1588 modo
3413 1548 3525 1587 non

1939 1633 2172 1689 formam
2226 1630 2362 1701 legis
2410 1629 2667 1689 destruit,
2727 1628 2783 1682 in
2824 1625 3000 1681 forma
3047 1625 3191 1680 enim
3225 1632 3279 1679 et
3328 1624 3525 1678 umbra

1941 1735 1995 1782 et
2026 1725 2213 1797 ﬁguris
2237 1723 2373 1794 legis
2399 1730 2633 1785 constat,
2666 1722 2758 1777 sed
2822 1720 2971 1774 illam
3007 1716 3243 1787 perﬁcit,
3274 1716 3525 1771 relictam

1944 1818 2027 1874 illi
2054 1816 2290 1887 speciem
2325 1823 2382 1870 et
2422 1812 2889 1884 pulchritudinem
2940 1824 3277 1879 componens
3300 1816 3354 1864 et
3406 1822 3526 1863 am-

1945 1908 2219 1980 pliﬁcans.
2251 1906 2377 1961 Ideo
2411 1914 2560 1963 recte
2590 1905 2726 1961 dicit
2762 1923 2775 1960 :
2808 1924 2829 1957 ι
2872 1903 3053 1958 Nolite
3069 1902 3521 1973 conformari...“

1943 1997 2035 2050 sed
2072 1995 2462 2074 reformatnini.
2510 2013 2530 2046 ι
2580 1993 2720 2048 Illud
2778 1993 2926 2049 enim
2989 1992 3226 2062 perditio
3275 1998 3380 2057 est,
3417 1988 3525 2043 hoc

1944 2095 2125 2144 autem
2150 2086 2300 2143 salus
2323 2095 2379 2142 et
2410 2083 2693 2156 perfectio.

1943 2265 2112 2322 Vens.
2150 2264 2206 2321 3.
2234 2262 2363 2319 Dico
2387 2265 2526 2319 enim
2556 2279 2650 2333 per
2688 2265 2916 2334 gratiam
2942 2276 3058 2333 qua:
3087 2262 3227 2334 data
3255 2268 3333 2314 est
3370 2257 3524 2322 mihi,

2014 2337 2257 2391 omnibus
2308 2337 2397 2405 qui
2443 2330 2568 2388 sunt
2616 2330 2756 2387 inter
2804 2349 2891 2387 vos
2933 2330 2963 2386 ε’
3016 2346 3119 2384 non
3173 2330 3292 2400 plus
3340 2345 3530 2398 sapere

2013 2422 2174 2477 quam
2199 2415 2399 2477 oportet
2432 2420 2638 2472 sapere,
2678 2416 2785 2459 etc.

2014 2499 2219 2554 Photii.
2240 2498 2399 2556 Certe
2417 2509 2471 2554 et
2487 2499 2561 2552 ita
2586 2496 2740 2562 dicit,
2755 2509 2865 2551 non
2882 2494 3006 2567 plus
3022 2507 3213 2565 sapere
3226 2499 3315 2548 aut
3338 2506 3527 2562 super-

1943 2592 2065 2648 bire
2092 2606 2193 2646 vos
2221 2592 2273 2645 in
2307 2591 2456 2645 omni
2487 2589 2634 2644 dono
2659 2588 2803 2658 quod
2826 2587 2984 2643 estin
3009 2585 3188 2649 vobis,
3206 2584 3348 2639 hanc
3375 2583 3524 2639 enim

1943 2682 2231 2739 stultitiam
2254 2681 2340 2737 his
2369 2695 2492 2752 qua:
2513 2678 2848 2747 adjiciuntur
2867 2677 3183 2743 ostendens,
3223 2674 3317 2731 ubi
3354 2674 3522 2730 dicit:

1947 2793 1968 2830 ι
2008 2775 2299 2847 Unicuique
2354 2776 2492 2829 sicut
2526 2772 2673 2829 Deus
2701 2771 2903 2836 divisit,
2936 2770 3211 2840 sapienter
3273 2767 3420 2823 enim
3472 2776 3527 2822 et

1941 2868 2240 2940 prudenter
2286 2867 2568 2936 praevenit,
2596 2882 2689 2936 per
2710 2866 2939 2935 gratiam
2962 2862 3058 2918 Dei
3088 2860 3280 2919 seillos
3301 2859 3523 2920 debere,

1942 2977 2009 3016 ne
2068 2958 2388 3030 superbiant
2454 2972 2699 3014 monere.
2771 2955 2912 3011 Cum
2970 2954 3118 3009 enim
3181 2964 3406 3007 monere
3470 2959 3526 3007 et

1941 3055 2238 3125 praecipere
2287 3053 2411 3109 aliis
2439 3052 2732 3122 aliquando
2758 3066 2789 3105 e
2817 3048 3071 3120 superbia
3129 3045 3521 3118 proﬁciscitur,

1940 3154 2275 3218 praeverteris
2329 3145 2481 3199 hisce
2526 3144 2832 3199 rationibus
2862 3142 3132 3197 medetur.
3180 3138 3300 3194 Non
3347 3138 3520 3201 enim,

1942 3239 2141 3310 inquit,
2174 3254 2242 3294 ex
2267 3253 2391 3294 meo
2432 3248 2583 3293 motu
2623 3251 2721 3293 vos
2754 3250 2971 3302 moneo,
3014 3233 3113 3290 sed
3160 3248 3253 3305 per
3290 3234 3523 3305 gratiam

1945 3330 2063 3393 Dei,
2107 3329 2227 3400 ejus
2275 3340 2608 3399 praeceptum
2656 3328 2888 3398 impleo.‘
2920 3326 3115 3381 Divisit
3166 3332 3349 3380 autem
3381 3325 3522 3379 dona

1946 3437 2053 3477 non
2089 3421 2390 3477 secundum
2434 3408 2849 3483 liberalitatem,
2880 3418 2975 3474 sed
3014 3416 3319 3473 secundum
3377 3432 3524 3471 men-

1944 3531 2126 3570 suram
2152 3514 2317 3583 ﬁdei;
2346 3512 2470 3569 ﬁdei
2499 3525 2629 3567 vero
2658 3526 2763 3565 non
2802 3510 2947 3567 illius
2970 3524 3093 3580 quae
3120 3517 3205 3565 est
3224 3509 3524 3565 secundum

1944 3606 2292 3671 servitutem,
2326 3606 2506 3675 inquit
2527 3620 2541 3666 ;
2564 3619 2757 3660 omnes
2782 3606 2928 3659 enim
2961 3602 3145 3659 ﬁdeles
3165 3610 3219 3658 et
3244 3603 3525 3659 credentes

1941 3703 1995 3757 in
2018 3703 2106 3757 illa
2136 3711 2267 3756 sunt
2290 3702 2591 3765 evidenter,
2624 3702 2718 3771 qui
2746 3704 3014 3755 donorum
3040 3699 3188 3770 digni
3219 3700 3324 3754 visi
3367 3708 3523 3757 sunt:

1941 3793 2036 3848 sed
2061 3793 2232 3857 illius,
2285 3808 2408 3862 quae
2433 3792 2737 3847 secundum
2777 3792 2917 3846 dona
2956 3800 3043 3847 est
3080 3792 3214 3846 ﬁdes
3249 3809 3263 3845 :
3312 3790 3528 3845 sicutet

1941 3881 1997 3936 in
2024 3882 2332 3954 Evangeliis
2363 3883 2562 3937 dicitur
2596 3902 2606 3935 :
2639 3882 2887 3950 Domine,
2922 3882 3127 3952 adauqe
3152 3882 3299 3935 nobis
3327 3881 3525 3950 ﬁdem;

1943 3985 2001 4032 et
2038 3977 2234 4032 iterum
2272 3995 2284 4031 :
2314 3974 2376 4031 Si
2406 3975 2693 4030 habueritis
2727 3977 2884 4046 ﬁdem
2931 3987 2993 4029 ut
3018 3990 3246 4046 granum
3274 3974 3477 4044 sinapis
3504 3993 3523 4039 ,-

1942 4078 1999 4125 ει
2018 4069 2211 4124 iterum
2245 4085 2258 4122 :
2281 4067 2503 4136 Propter
2519 4067 2906 4136 parvamgﬁdem
2929 4080 3175 4122 vestram.
3207 4064 3364 4121 Patet
3378 4066 3524 4120 enim

1942 4162 2103 4215 aliam
2130 4162 2270 4215 hanc
2290 4160 2415 4214 tidei
2449 4159 2900 4230 signiﬁcationem
2929 4173 3030 4228 pro
3047 4158 3253 4228 pietate
3279 4158 3449 4213 sumi.

263 4248 427 4305 τοῦτο
455 4250 554 4319 τῆς
582 4250 817 4315 πίστεως
843 4252 904 4304 τὸ
933 4255 1336 4325 σημαινόμενον
1359 4256 1511 4325 παρὰ
1543 4258 1603 4308 τὸ
1635 4257 1731 4309 ἐπὶ
1760 4259 1862 4328 τῆς
1904 4255 2197 4319 εὐσεϐείας
2245 4254 2678 4326 λαμϐανόμενον.

397 4344 538 4397 Elea
588 4346 621 4397 ό
650 4342 1037 4411 παρακαλῶν,
1072 4346 1141 4399 ἐν
1178 4345 1254 4415 τῇ
1291 4346 1691 4415 παρακλήσει.

325 4436 574 4489 Φωτίου.
611 4436 805 4498 ’Ἄλλος
840 4436 896 4487 δὲ
948 4436 1069 4490 δυσὶ
1106 4439 1329 4509 τρόποις
1376 4439 1496 4492 ὅλον
1537 4439 1838 4511 ἐσχηματί-

257 4528 384 4582 σθαι
413 4528 472 4580 τὸ
494 4528 690 4599 χωρίον
720 4528 846 4600 ἔφη,
873 4531 977 4593 ἕως
1001 4530 1119 4592 τοῦ,
1157 4531 1294 4585 Εἴτε
1320 4535 1351 4585 ό
1374 4532 1741 4601 παρακαλῶν
1765 4534 1837 4587 ἐν

255 4620 330 4689 τῇ
363 4620 764 4689 παρακλήσει.
800 4622 980 4686 Ποίοις
1014 4623 1264 4692 τούτοις;
1298 4626 1376 4696 τῷ
1404 4627 1683 4697 λεγομένῳ
1731 4626 1841 4680 άπὸ

256 4712 441 4765 κοινοῦ
464 4712 562 4765 καὶ
605 4711 682 4782 τῷ
711 4713 1033 4785 ὲλλειπτικῷ
1070 4729 1083 4743 '
1113 4715 1208 4768 καὶ
1239 4717 1345 4787 γάρ
1368 4716 1429 4769 τὸ
1459 4719 1705 4787 ἔχοντες
1731 4719 1840 4771 ἀπὸ

257 4802 442 4858 κοινοῦ
480 4805 602 4859 καθ’
651 4805 880 4859 ἕκαστον
932 4807 1107 4862 κῶλον
1155 4810 1665 4881 παραλαμϐάνεται.
1690 4807 1837 4877 Οἷον,

256 4900 371 4951 εἴτε
415 4898 756 4970 προφητείαν
776 4900 903 4969 ἔχει
950 4916 1036 4963 τις
1069 4916 1084 4931 ’
1126 4900 1236 4955 εἴτε
1278 4902 1555 4957 διακονίαν
1579 4902 1692 4972 ἔχει
1730 4920 1836 4965 τις.

257 4991 429 5044 Τοῦτο
456 4990 515 5043 δὲ
557 4991 617 5043 τὸ
668 4990 777 5043 ἀπὸ
824 4990 1030 5055 κοινοῦ,
1066 4991 1163 5044 καὶ
1214 4992 1427 5063 ζεῦγμα
1461 4993 1725 5054 καλεῖται,
1756 4995 1839 5048 ὅτι

258 5080 515 5150 ζευγνύει
551 5081 937 5150 πληθυντικὸν,
974 5082 1160 5154 ἑνικῷ,
1198 5086 1293 5137 καὶ
1327 5085 1581 5155 μετοχὴν.
1609 5086 1833 5157 ῥήματι.

261 5173 447 5235 Οὕτως
474 5169 568 5227 οὖν
601 5173 709 5225 ἀπὸ
736 5174 917 5229 κοινοῦ
950 5174 1011 5228 τὸ
1049 5175 1298 5243 ἔχοντες
1345 5177 1489 5230 κατὰ
1529 5178 1590 5231 τὸ
1621 5178 1837 5248 ζεῦγμα

258 5260 688 5334 λαμϐανόμενον,
727 5266 1142 5339 ἀπηρτισμένην
1179 5267 1322 5321 κατὰ
1352 5268 1509 5321 τοῦτο
1556 5270 1695 5333 τέως
1737 5273 1837 5340 τὴν

259 5354 467 5410 ἔννοιαν
492 5357 585 5408 καὶ
637 5357 706 5409 τὰ
742 5359 916 5429 χωρία
944 5361 1110 5415 ποιεῖ.
1163 5360 1549 5425 Ἐλλειπιτκῶς
1577 5362 1635 5415 δὲ
1674 5362 1836 5417 πάλιν

259 5445 673 5518 ἐσχημάτισται,
706 5450 789 5502 ὃτι
815 5449 991 5505 λείπει
1027 5452 1164 5524 πρὸς
1196 5453 1538 5508 αὕτοτέλειαν
1565 5455 1660 5508 τοῦ
1709 5458 1835 5528 νοή-

263 5554 451 5607 ματος.
485 5533 608 5593 Οἷον
637 5541 717 5606 τὸ,
750 5543 973 5597 Μενέτω
1005 5548 1062 5601 ὲν
1089 5539 1133 5615 ᾧ
1183 5546 1365 5602 ιλαϐεν
1414 5547 1648 5613 ἕκαστος
1677 5550 1833 5620 χαρί-

262 5644 446 5700 σματι.
480 5631 551 5684 Ἢ
572 5632 918 5706 ἀρκείσθω,ἢ
944 5639 1248 5708 στοιχείιίω,
1270 5641 1303 5711 ἡ
1322 5640 1655 5696 τιτοιοῦτον.
1684 5636 1831 5708 Οἷον,

264 5726 362 5776 εἴτε
383 5724 721 5796 προφητείαν
749 5725 861 5795 ἔχει
879 5745 985 5792 τις,
1011 5730 1119 5783 εἴτε
1142 5730 1436 5801 διακονίαν,
1459 5734 1669 5803 μενέτω
1688 5734 1822 5790 ἔκα-

620 5820 892 5883 ΡΑτιιοι..
931 5825 1051 5886 Gn.
1135 5827 1230 5892 Cl.

2139 4350 2303 4404 Vens.
2340 4348 2394 4403 8.
2428 4346 2533 4413 Qui
2565 4349 2874 4403 exIwrtatur
2901 4351 2956 4403 in
2977 4350 3328 4404 exhortando.

2010 4441 2216 4497 Photii.
2257 4440 2415 4495 Alius
2450 4447 2632 4495 autem
2675 4439 2890 4494 duobus
2926 4440 3101 4496 modis
3132 4449 3303 4494 totum
3339 4440 3519 4495 locum

1942 4534 2086 4591 sumi
2122 4532 2279 4597 dixit,
2314 4548 2489 4602 usque
2522 4533 2590 4587 ad
2616 4533 2750 4588 illud
2786 4550 2799 4586 :
2839 4532 2959 4586 Sive
3002 4534 3092 4602 qui
3125 4535 3440 4589 exhortatur
3467 4540 3521 4589 in

1939 4623 2289 4681 exhortando.
2329 4622 2542 4690 Quibus
2583 4624 2796 4680 modis?
2839 4627 2892 4678 in
2953 4625 3258 4687 communi,
3300 4633 3357 4679 et
3398 4627 3521 4681 clli-

1940 4719 2100 4788 ptice.
2125 4717 2335 4774 Etenim
2365 4716 2427 4770 τὸ
2444 4717 2691 4771 habentes
2714 4716 2767 4770 in
2793 4717 3073 4772 communi
3104 4733 3201 4788 per
3216 4718 3521 4773 membrum

1941 4813 2198 4868 dictionis
2259 4813 2519 4882 quodque
2566 4810 2887 4882 intelligitur
2937 4830 2949 4866 :
2997 4820 3092 4874 ut,
3132 4813 3249 4867 sive
3288 4813 3524 4883 prephe-

1941 4907 2073 4961 tiam
2105 4905 2304 4975 aliquis
2334 4904 2519 4969 habet,
2554 4904 2671 4959 sive
2700 4904 3066 4959 ministerium
3094 4904 3293 4975 aliquis
3324 4906 3516 4970 habet;

1943 4998 2047 5053 hoc
2078 5004 2260 5051 autem
2283 4996 2426 5065 quod
2463 4997 2517 5051 in
2546 4997 2827 5052 communi
2852 5003 2955 5062 est,
2991 4996 3306 5066 coniunctio
3337 4998 3522 5068 appel-

1942 5087 2111 5154 latur;
2146 5085 2277 5155 quid
2314 5086 2519 5153 plurale
2559 5086 2823 5156 singulari
2864 5086 3169 5157 conjungit,
3208 5098 3261 5145 et
3295 5091 3519 5159 particio
3558 5094 3561 5097 '

1940 5182 2088 5249 pium
2133 5182 2316 5235 verbo.
2350 5181 2441 5236 Sic
2465 5180 2631 5250 igitur
2655 5182 2708 5235 in
2742 5183 3021 5234 communi
3055 5181 3116 5236 τό
3150 5182 3397 5236 habentes
3429 5199 3519 5237 se—

1938 5275 2181 5329 cundum
2241 5272 2693 5342 conjunctionem
2746 5272 3057 5342 sumptum,
3110 5273 3419 5341 adaptatam
3452 5288 3518 5324 eo

1938 5380 2101 5421 sensu
2134 5380 2307 5436 usque
2341 5365 2412 5419 ibi
2446 5365 2773 5420 sententiam
2799 5374 2852 5419 et
2880 5365 3060 5421 locum
3094 5363 3243 5418 facit.
3268 5363 3518 5432 Elliptice

1936 5467 2119 5515 autem
2162 5458 2356 5513 iterum
2381 5457 2634 5526 sumitur,
2670 5459 2799 5528 quia
2833 5458 2990 5514 deest
3012 5457 3213 5527 aliquid
3248 5456 3315 5511 ad
3354 5457 3518 5511 abso-

1937 5550 2110 5605 lutam
2145 5547 2534 5619 perfectionem
2563 5551 2848 5606 sententiae
2881 5569 2893 5605 :
2928 5559 2988 5604 ut
3023 5549 3178 5615 illud,
3209 5559 3427 5603 maneat
3459 5548 3518 5602 in

1937 5658 2048 5714 quo
2090 5642 2302 5713 accepit
2345 5642 2581 5714 quisque
2606 5643 2775 5707 dono,
2825 5652 2922 5698 aut
2972 5650 3262 5698 contentus
3288 5642 3377 5707 sit,
3424 5649 3518 5695 aut

1937 5735 2353 5805 conformetse,
2396 5746 2491 5791 aut
2533 5735 2681 5792 aliud
2709 5736 2840 5807 quid
2869 5735 3081 5801 simile;
3115 5745 3195 5800 ut,
3237 5738 3352 5791 sive
3394 5749 3519 5806 pro-

3135 5837 3211 5898 ῘιΟ
