3978 6218
339 286 478 359 1253

1190 280 1656 352 FRAGMENTA
1686 286 1770 350 IN
1815 282 2243 350 EPISTOLAM
2282 288 2383 350 AD
2420 288 2813 351 HEBRASOS.

3458 286 3596 352 I254

338 400 654 479 εὐχαριστεῖ
712 404 792 477 τῷ
850 405 972 479 Θεῷ
1022 408 1083 460 ἐν
1157 407 1237 479 τῷ
1307 408 1531 463 ἐσθίειν.
1597 407 1721 463 Ὀτι
1781 403 3050 475 ἔδω-Αηιθηάυεοηάοίιυοᾶᾶεόἰιιιοιηῑηίὒυε
3082 399 3593 458 viametsuilicien-

336 505 435 545 κεν
491 490 801 565 ἀνθρώποις
856 495 1024 567 πόρον
1081 497 1176 551 καὶ
1231 498 1510 568 συνέχειαν
1548 497 1715 567 ζωῆς.
1747 497 1856 551 Καὶ
1890 500 1918 552 ό

337 582 614 652 νηστεύων
661 586 995 656 εὐχαριστεῖ,
1023 588 1106 643 ὃτι
1132 588 1330 644 ἔδωκεν
1371 589 1682 661 ἀνθρώποις
1718 607 1915 662 καρτε-

342 673 464 745 ρίας
489 675 587 729 καὶ
623 676 903 747 μεθόδους,
953 679 1020 732 δι’
1049 672 1125 734 ὧν
1154 700 1237 746 τις
1267 682 1489 736 δύναται
1534 682 1919 753 περιγενέσθαι

338 764 451 821 τῶν
501 770 603 839 τῆς
662 770 866 839 σαρκὸς
926 772 1136 827 παθῶν.
1182 773 1241 829 '0
1273 774 1331 828 δὲ
1367 774 1544 838 ἄλλως
1578 776 1914 849 νηστεύωνῆ

338 858 559 925 ἐσθίων,
610 862 966 935 κατάκριτος,
1030 865 1221 939 ὥσπερ
1264 867 1374 922 τῶν
1418 868 1716 939 αἱρετικῶν
1746 888 1914 935 τινες.

340 944 529 1006 Ταῦτα
577 949 669 1008 οὖν
719 957 850 1028 περὶ
900 958 1011 1012 τῶν
1067 960 1434 1030 νηστευόντων
1485 960 1582 1016 καὶ
1630 962 1919 1018 ἐσθιόντων

345 1042 529 1107 ιδικῶς
581 1045 903 1129 ἐκληπτέον,
957 1049 1093 1105 ἀλλὰ
1137 1052 1211 1123 μὴ
1240 1054 1370 1123 περὶ
1414 1052 1593 1110 ἄλλων
1624 1055 1806 1109 τινῶν.
1838 1056 1918 1111 Οὐ

339 1131 450 1203 γὰρ
482 1134 574 1187 ἐπὶ
601 1135 811 1201 πάντας
839 1141 867 1192 ὁ
896 1139 1077 1195 κανὼν
1111 1136 1266 1207 οὗτος
1294 1145 1495 1215 διήκει.
1528 1146 1622 1199 Διὸ
1672 1146 1796 1200 οὐδὲ
1826 1147 1920 1201 ἐπὶ

340 1223 436 1277 τοῦ
472 1225 580 1295 προ
606 1229 806 1299 μικροῦ
834 1231 1124 1303 εἰρημένου
1158 1237 1457 1304 κεφαλαίου
1489 1238 1744 1311 ἁρμόζει.
1792 1234 1920 1295 Οἷον

341 1315 436 1369 ἐπὶ
484 1316 578 1371 τοῦ
627 1320 686 1371 ἐν
731 1323 846 1385 τοῖς
899 1323 1152 1394 βρώμασι
1201 1326 1775 1400 διακρινομένου.Καὶ
1811 1332 1921 1405 γὰρ

341 1409 547 1473 ἐκεῖνος
569 1410 646 1483 μὴ
674 1412 891 1481 ἐσθίων,
913 1417 1014 1470 οὐκ
1036 1419 1119 1481 είς
1147 1418 1304 1485 δόξαν
1323 1422 1422 1476 οὐκ
1449 1423 1622 1477 ἐσθίει
1643 1424 1739 1477 τοῦ
1760 1424 1918 1493 Θεοῦ,

342 1496 459 1551 ἀλλ’
484 1498 561 1563 ὡς
592 1501 922 1574 ἀστήρικτος
951 1506 1009 1559 ἐν
1037 1509 1102 1578 τῇ
1131 1508 1333 1565 πίστει.
1388 1510 1528 1565 Ἀλλ’
1566 1513 1780 1566 ἐκεῖνον
1818 1514 1920 1585 μέν

341 1591 404 1643 οὐ
462 1592 544 1644 δεῖ
600 1595 954 1667 κατακρίνειν
1000 1599 1091 1653 διὰ
1118 1601 1212 1654 τὸν
1245 1602 1436 1675 καιρόν
1457 1621 1471 1635 ο
1504 1605 1589 1659 ὅτι
1644 1606 1792 1678 ἀρχὴ
1823 1606 1919 1661 τοῦ

342 1682 702 1753 κηρύγματος
757 1681 847 1757 ἦν.
905 1688 1009 1743 Τὸν
1059 1690 1116 1745 δὲ
1171 1692 1419 1748 ἐσθίοντα
1461 1696 1785 1769 καθημέραν
1824 1699 1920 1753 καὶ

2020 496 2153 551 tiam
2195 495 2342 551 vitae.
2387 494 2454 548 Et
2491 494 2585 563 qui
2612 492 2827 562 jejunat
2850 493 3052 561 gratias
3091 491 3222 561 agit,
3264 489 3412 559 quod
3451 490 3597 545 dedit

2022 587 2339 643 hominibus
2381 587 2551 641 robur
2585 594 2639 639 et
2688 583 2886 648 media,
2930 584 3130 653 quibus
3174 581 3376 652 aliquis
3418 582 3594 651 possit

2019 681 2200 735 carnis
2233 679 2517 750 passiones
2539 691 2821 747 superare.
2856 674 2960 741 Qui
2992 684 3170 729 autem
3208 673 3426 728 aliunde
3446 672 3595 743 jeju—

2022 780 2239 829 natant
2272 774 2368 843 qui
2412 774 2705 828 manducat
2734 771 3151 834 condemnatus,
3192 769 3333 823 sicut
3375 767 3596 837 quidam

2019 863 2261 918 haeretici
2290 863 2499 929 dicunt,
2532 864 2648 919 haec
2673 864 2838 933 igitur
2868 860 3329 929 dejejunantibus
3357 868 3413 913 et
3435 872 3595 911 man-

2020 956 2346 1012 ducanlibus
2382 955 2606 1030 proprie
2648 970 2760 1011 non
2804 952 3150 1023 intelligenda
3201 959 3353 1013 sunt,
3400 947 3495 1005 sed
3531 948 3599 1002 de

2019 1048 2350 1118 quibusdam
2388 1047 2550 1115 aliis;
2592 1062 2704 1102 non
2754 1047 2901 1101 enim
2949 1045 3004 1100 in
3039 1057 3230 1099 omnes
3260 1041 3443 1111 regula
3494 1040 3598 1096 ista

2019 1139 2356 1197 extenditur.
2396 1138 2521 1196 Ideo
2548 1139 2685 1194 nihil
2718 1138 2774 1194 in
2800 1153 2865 1193 eo
2890 1135 3035 1208 quod
3059 1136 3221 1206 paulo
3246 1143 3373 1189 ante
3396 1133 3599 1189 dictum

2020 1242 2104 1290 est
2155 1234 2334 1305 capite
2385 1234 2660 1298 convenit,
2727 1230 3004 1303 quomodo
3058 1229 3114 1285 in
3166 1228 3259 1283 illo
3324 1226 3474 1297 quod
3533 1225 3602 1281 de

2020 1331 2164 1386 escis
2206 1331 2535 1386 declaratur.
2582 1328 2795 1384 Etenim
2842 1327 2930 1381 ille
2994 1325 3099 1396 qui
3135 1338 3244 1378 non
3285 1322 3602 1381 manducat,

2022 1436 2129 1477 non
2159 1421 2214 1476 in
2239 1421 2469 1492 gloriam
2506 1421 2598 1475 Dei
2628 1435 2738 1474 non
2768 1418 3086 1481 manducat,
3120 1415 3216 1471 sed
3252 1424 3507 1482 tanquam
3545 1411 3603 1464 in

2022 1514 2128 1571 ﬁde
2163 1514 2393 1581 debilis;
2420 1514 2576 1569 illum
2604 1520 2792 1568 autem
2816 1526 2928 1566 non
2955 1516 3166 1579 oportet
3187 1506 3435 1577 judicare
3472 1515 3602 1573 pro-

2021 1614 2150 1676 pter
2179 1614 2433 1676 tempus;
2469 1604 2618 1676 quod
2657 1603 2983 1675 principium
3003 1598 3263 1657 doctrinae
3308 1604 3446 1652 erat.
3497 1593 3601 1660 Qui

2024 1707 2206 1754 autem
2235 1698 2536 1753 manducat
2566 1695 2799 1766 singulis
2820 1693 3013 1749 diebus
3038 1702 3092 1748 et
3120 1691 3216 1762 qui
3244 1689 3452 1759 ieiunat
3485 1687 3605 1742 sin-

344 1773 674 1863 νηστεύοντα
706 1776 847 1847 ὑπὲρ
879 1779 1117 1851 ἡμέραν,
1154 1783 1215 1836 οὐ
1244 1784 1326 1838 δεῖ
1356 1785 1493 1850 ὅλως
1514 1757 1796 1859 οὐθέτερον
1826 1789 1919 1843 ού-

2030 1791 2169 1863 gulis
2199 1789 2413 1854 diebus,
2454 1804 2566 1844 non
2609 1797 2822 1859 oportet
2854 1787 3080 1842 omnino
3123 1791 3377 1839 neutrum
3421 1781 3603 1836 neutri

341 1862 544 1937 δετέρῳ
580 1869 792 1939 μέμψιν
848 1872 1113 1943 ἐπάγειν·
1167 1876 1249 1930 ὅτι
1289 1878 1382 1931 καὶ
1425 1877 1596 1950 ἄμφω
1634 1882 1715 1944 είς
1761 1881 1921 1946 δόξαν

346 1956 555 2027 Κυρίου
593 1960 840 2015 ποιοῦσιν
883 1964 1020 2035 ὅπερ
1057 1968 1321 2023 ποιοῦσιν.
1357 1970 1571 2038 Οὐδεὶς
1600 1973 1713 2042 γὰρ
1750 1974 1922 2043 ἡμῶν

338 2045 533 2115 ἑαυτῷ
564 2049 653 2119 ζῇ,
682 2054 782 2108 καὶ
799 2055 999 2124 οὐδεὶς
1026 2058 1217 2125 ἐαυτῷ
1249 2061 1644 2134 ἀποθνήσκει.
1683 2065 1828 2121 Ἐάν
1858 2085 1924 2122 τε

339 2140 453 2209 γὰρ
482 2138 689 2211 ζῶμεν,
724 2143 805 2210 τῷ
830 2150 1024 2215 Κυρίῳ
1055 2150 1261 2220 ζῶμεν,
1293 2152 1402 2210 ἐάν
1426 2171 1494 2209 τε
1528 2156 1924 2227 ἀποθνήσκωι-

336 2248 472 2300 μεν,
508 2232 590 2299 τῷ
638 2238 837 2305 Κυρίῳ
868 2240 1359 2314 ἀποθνήσκομεν.
1406 2243 1551 2301 Ἐάν
1612 2265 1678 2301 τε
1710 2246 1917 2318 ζῶμεν,

339 2320 452 2376 ἐάν
486 2340 553 2379 τε
575 2326 1073 2401 ἀποθνήσκωμεν,
1149 2336 1260 2391 τοῦ
1295 2338 1516 2406 Κυρίου
1563 2339 1770 2410 ἐσμέν.
1816 2344 1924 2408 Εις

340 2413 517 2469 τοῦτο
543 2417 657 2486 γὰρ
682 2421 939 2489 Χριστὸς
977 2425 1261 2495 ἀπέθανε,
1284 2431 1386 2485 καὶ
1416 2432 1643 2504 ἀνέστη
1673 2434 1771 2488 καὶ
1795 2433 1925 2505 ἔζη*

340 2519 475 2574 σον,
498 2507 599 2563 ἵνα
619 2506 849 2571 ζώντων
872 2517 971 2571 καὶ
1003 2517 1234 2587 νεκρῶν
1256 2525 1569 2596 κυριεύσῃ.

2023 1884 2427 1940 incusationem
2451 1882 2696 1953 injicere,
2727 1880 2857 1950 quia
2892 1888 3127 1948 uterque
3145 1877 3202 1931 in
3232 1875 3461 1947 gloriam
3492 1874 3605 1928 Do-

2024 1974 2162 2029 mini
2201 1972 2413 2029 i‘aciunt
2432 1971 2577 2043 quod
2613 1969 2845 2026 faciunt.
2869 1967 3042 2024 Nemo
3072 1968 3211 2021 enim
3241 1973 3481 2018 nostrum
3503 1960 3605 2016 sibi

2026 2067 2171 2133 vivit,
2202 2074 2252 2121 et
2290 2081 2440 2121 nemo
2478 2064 2581 2120 sibi
2609 2064 2857 2118 moritur.
2898 2060 3019 2117 Sive
3054 2059 3195 2115 enim
3226 2057 3471 2124 vivimus,
3497 2053 3609 2109 Do-

2028 2162 2174 2216 mino
2204 2160 2451 2225 vivimus;
2478 2159 2585 2214 sive
2613 2158 2895 2223 morimur,
2928 2154 3157 2210 Domino
3188 2151 3477 2215 morimur;
3504 2149 3612 2203 sive

2027 2253 2412 2318 vivimus,,sive
2436 2251 2718 2316 morimur,
2754 2247 2970 2303 Domini
2998 2260 3200 2300 sumus.
3239 2243 3307 2297 In
3346 2243 3442 2296 hoc
3469 2241 3609 2296 enim

2031 2344 2280 2403 Christus
2320 2353 2562 2400 mortuus
2591 2352 2670 2399 est
2703 2352 2754 2397 et
2784 2339 3073 2395 resurrexit
3106 2347 3157 2393 et
3191 2336 3348 2402 uixit,
3381 2345 3440 2389 ut
3471 2335 3613 2389 viro-

2030 2455 2148 2492 rum
2172 2447 2223 2492 et
2256 2446 2597 2492 mortuorum
2623 2434 2950 2490 dominetur.

1315 2638 1386 2695 II.
1420 2638 1490 2695 IN
1525 2639 1911 2701 EPISTOLAM
1946 2641 1991 2695 II
2027 2640 2121 2697 AD
2156 2637 2598 2696 CORINTHIOS.

1677 2756 1709 2793 ιι
1747 2756 1818 2794 ne

353 2813 429 2873 Ἦ
456 2816 571 2890 γὰρ
590 2820 743 2878 κατὰ
771 2824 921 2882 Θεὸν
948 2828 1116 2900 λύπη
1144 2830 1471 2905 μετάνοιαν
1498 2834 1585 2899 εὶς
1610 2739 1942 2905 (ξιιὲ-ηρῐίάνι

2030 2737 2538 2889 ἓῗέἶνειιε.
2605 2828 2692 2905 ἐς).
2729 2829 2861 2905 Qua:
2899 2828 3065 2905 enim_
3098 2828 3387 2881 secundum
3442 2824 3609 2879 Deum

917 2900 1347 2971 κατεργάζεται.

407 2980 609 3037 Λοιπὸν
637 2988 766 3056 περὶ
797 2990 896 3059 τῆς
924 2990 1101 3063 λύπης
1129 2993 1229 3060 τῆς
1276 2995 1417 3048 κατὰ
1447 2996 1581 3049 Θεὸν
1613 2997 1916 3067 φιλοσοφεῖ,

339 3069 565 3143 διαιρῶν
590 3076 759 3148 αὐτὴν
793 3079 894 3149 τῆς
919 3080 1014 3134 τοῦ
1054 3082 1261 3153 κόσμου
1291 3083 1492 3158 λύπης,
1514 3087 1607 3141 καί.
1644 3104 1829 3158 φησιν,
1850 3088 1923 3143 Ἡ

338 3161 451 3230 τὰρ
481 3164 632 3218 κατὰ
658 3168 807 3220 Θεὸν
826 3170 992 3238 λύπη
1016 3172 1468 3242 ἀμεταμέλητον
1486 3175 1917 3245 κατεργάζεται,

339 3254 422 3321 ὡς
446 3255 486 3325 ἢ
508 3258 701 3327 γετοῦ
738 3261 972 3332 κόσμου
1017 3260 1298 3334 θάνατον,
1336 3268 1465 3321 ὅταν
1513 3269 1603 3323 διὰ
1635 3271 1916 3340 χρήματα,

341 3347 473 3402 ὅταν
522 3350 611 3404 διὰ
659 3352 815 3420 δόξαν
866 3354 1105 3425 λυπῆται
1152 3376 1260 3422 τις.
1304 3359 1524 3432 Ἐπειδὴ
1559 3361 1666 3434 γὰρ
1698 3363 1760 3415 τὸ
1817 3362 1921 3433 τῆς

2140 2904 2377 2958 tristitia:
2396 2911 2492 2966 est,
2522 2901 2884 2971 paenitentiam
2907 2899 2963 2951 in
2984 2897 3210 2952 salutem
3233 2905 3501 2966 operatur.

2100 2993 2157 3049 In
2190 2996 2402 3065 reliquo
2440 2994 2507 3049 de
2550 2992 2767 3047 tristitia
2813 2991 3114 3046 secundum
3156 2988 3330 3046 Deum
3367 2987 3613 3063 philoso-

2023 3087 2248 3157 phatur,
2282 3088 2602 3152 discernens
2625 3100 2743 3139 eam
2793 3100 2823 3136 a
2860 3082 3078 3138 tristitia
3102 3084 3315 3149 smculi,
3364 3092 3419 3139 et
3454 3085 3608 3147 dicit.

2025 3179 2159 3243 Quae
2197 3180 2336 3232 enim
2363 3182 2651 3234 secundum
2680 3177 2850 3231 Deum
2882 3175 3104 3228 tristitia
3146 3186 3224 3230 est
3249 3178 3610 3246 paenitentiam

2029 3281 2301 3341 operatur,
2358 3272 2544 3327 saeculi
2593 3279 2770 3324 autem
2821 3270 3047 3325 tristitia
3085 3280 3344 3338 mortem,
3389 3273 3610 3341 quando

2025 3372 2247 3434 propter
2287 3364 2430 3418 bona
2475 3372 2572 3418 aut
2616 3373 2838 3433 propter
2882 3365 3150 3419 honorem
3209 3364 3360 3434 luget
3402 3363 3609 3435 aliquis

341 3440 521 3513 λύπης
547 3445 838 3516 φάρμακον
855 3449 935 3513 εἰς
961 3449 1022 3502 τὸ
1051 3451 1149 3514 τὰς
1163 3452 1437 3523 ἁμαρτίας
1463 3454 1754 3508 λυπεῖσθαι
1787 3473 1925 3509 κατ-

2030 3456 2162 3509 Cum
2195 3456 2339 3511 enim
2374 3457 2609 3511 tristitiae
2645 3458 2946 3512 remedium
2979 3457 3033 3509 in
3062 3454 3285 3510 tristitia
3315 3455 3382 3509 de
3411 3469 3609 3524 pecca-

342 3535 667 3592 εσκεύασται
724 3541 904 3611 μόνον,
961 3544 1019 3597 ἐν
1067 3545 1242 3616 τούτῳ
1273 3546 1434 3615 μόνον
1478 3550 1573 3599 καὶ
1606 3546 1827 3615 ὠφελεῖ,
1862 3551 1921 3603 ἐν

341 3624 400 3678 δὲ
430 3629 543 3691 τοῖς
576 3629 782 3695 λοιποῖς
813 3635 909 3687 καὶ
956 3634 1222 3705 βλάπτειο
1259 3636 1410 3705 παρὰ
1441 3638 1604 3706 φύσιν
1638 3638 1746 3710 γὰρ
1778 3640 1917 3711 αὐτῇ

342 3716 627 3789 χρώμεθα.
660 3720 801 3776 Οὔτε
852 3725 960 3795 γάρ
990 3728 1017 3779 ὁ
1052 3725 1317 3797 λυπηθεὶς
1379 3729 1523 3781 κατὰ
1560 3729 1692 3781 Θεὸν
1749 3746 1920 3799 μετα-

347 3809 606 3883 μεληθείη
634 3815 763 3868 ποτέ
783 3816 817 3887 ἢ
839 3818 1088 3887 κατέγνω
1112 3819 1329 3876 ἑαυτοῦ.
1360 3821 1425 3874 Τί
1452 3822 1651 3892 δήποτε
1682 3821 1921 3892 λελύπη-

343 3918 467 3971 ται;
501 3906 637 3978 ὅπερ
690 3908 784 3962 ἐπὶ
816 3910 913 3981 τῆς
963 3911 1059 3966 τοῦ
1112 3914 1323 3984 κόσμου
1374 3914 1551 3986 λύπης
1603 3914 1922 3986 συμϐαίνειν

345 3997 557 4057 εἴωθεν.

2026 3548 2098 3601 tis
2126 3546 2371 3601 habenda
2408 3548 2752 3603 solummodo
2779 3556 3149 3616 comparatur,
3182 3547 3236 3599 in
3274 3547 3378 3600 hoc
3404 3553 3613 3600 tantum

2028 3640 2272 3710 prodest,
2308 3640 2364 3694 in
2396 3640 2625 3710 reliquis
2649 3650 2831 3695 autem
2869 3641 2952 3696 vel
2984 3648 3164 3704 nocet,
3194 3640 3312 3695 haec
3339 3641 3486 3694 enim
3521 3655 3612 3694 se-

2029 3730 2271 3786 cundum
2298 3741 2551 3786 naturam
2577 3734 2797 3788 tristitia
2829 3742 2933 3789 est.
2977 3732 3096 3787 Non
3128 3733 3278 3787 enim
3319 3733 3416 3801 qui,
3439 3732 3612 3787 tristi-

2030 3822 2162 3875 tiam
2191 3821 2271 3876 sic
2298 3822 2463 3877 habet
2491 3823 2791 3877 secundum
2814 3822 2982 3878 Deum
3011 3822 3393 3893 pmnitentiant
3414 3821 3609 3876 admit-

2030 3921 2167 3968 teret
2196 3922 2291 3967 aut
2335 3928 2396 3969 se
2423 3913 2849 3979 condemnaret,
2881 3930 2982 3969 cur
3016 3929 3147 3985 ergo
3190 3914 3474 3968 tristitiam
3507 3914 3608 3971 ha-

2028 3992 2188 4064 buit?
2217 4005 2375 4074 Quod
2425 4007 2482 4061 in
2517 4005 2704 4063 saeculi
2729 4005 2951 4061 tristitia
2977 4006 3188 4061 versari
3220 4013 3477 4062 assuetus
3502 4014 3606 4069 est,

1397 4122 1485 4178 Ill.
1525 4122 1597 4177 IN
1636 4119 2024 4178 EPISTOLAM
2063 4118 2154 4172 AD
2192 4114 2561 4173 HEBREOS.

1614 4216 1879 4290 (Cusum.
1916 4228 1953 4271 t.
1995 4212 2101 4281 VII,
2129 4212 2339 4285 p.405.)

597 4325 747 4398 Ἐγὼ
781 4327 997 4400 ἔσομαι
1033 4331 1332 4399 πεποιθὼς
1369 4332 1464 4387 ἐπ’
1504 4332 1683 4400 αὐτῷ.

415 4483 661 4541 Φωτίου.
680 4487 754 4540 Τὸ
771 4487 853 4552 δὲ,
882 4488 1031 4559 Ἐγὼ
1057 4488 1273 4560 ἔσομαι
1305 4493 1603 4559 πεποιθὼς
1623 4493 1718 4547 ἐπ’
1741 4492 1923 4560 αὐτῷ,

343 4573 399 4627 τί
430 4574 714 4646 βούλεται;
757 4578 791 4650 ἢ
823 4579 965 4651 τάχα
1016 4581 1206 4653 ἐπειδὴ
1239 4583 1352 4637 ἄνω
1381 4578 1537 4639 εἶπεν
1568 4584 1733 4640 αὑτὸν
1762 4587 1921 4639 ἀδελ-

340 4666 446 4737 φὸν
465 4667 561 4721 καὶ
582 4668 733 4722 κάτω
755 4671 989 4743 πατέρα,
1028 4674 1086 4726 ἐν
1129 4674 1279 4744 μέσῳ
1312 4673 1603 4745 ἐσήμανεν,
1635 4677 1716 4730 ὄτι
1748 4676 1925 4733 ταῦτα

2070 4328 2224 4385 CAP.
2250 4327 2313 4385 II.
2355 4327 2520 4385 Vsus.
2552 4330 2641 4385 I3.
2676 4330 2747 4385 Et
2776 4332 2966 4385 iterum
2996 4346 3013 4384 :
3051 4330 3161 4401 Ego
3190 4347 3280 4384 ero
3308 4330 3476 4399 ﬁdens
3515 4330 3574 4385 its

2721 4418 2911 4458 eunL..

2102 4492 2303 4548 Photii.
2327 4492 2462 4549 Illud
2481 4494 2805 4566 autem,Ego
2820 4511 2908 4548 ero
2924 4493 3089 4562 ﬁdem
3106 4495 3159 4548 in
3171 4509 3309 4560 eum,
3324 4493 3453 4563 quid
3473 4492 3613 4546 vult?

2035 4594 2186 4641 certe
2213 4600 2339 4642 cum
2384 4587 2640 4656 superius
2677 4586 2814 4641 dixit
2853 4586 3008 4640 illum
3049 4585 3274 4640 fratrem
3303 4596 3357 4640 et
3382 4584 3611 4639 inferius

2033 4684 2267 4746 patrem,
2304 4677 2359 4732 in
2394 4677 2575 4733 medio
2608 4676 2955 4744 signiﬁcavit,
2985 4677 3128 4745 quod
3164 4676 3255 4729 illa
3288 4684 3414 4731 sunt
3442 4676 3611 4730 bene-

345 4756 450 4827 μέν
476 4759 889 4830 φιλανθρωπίας
936 4763 1181 4834 ὀνόματα
1210 4767 1308 4819 καὶ
1338 4767 1563 4838 χάριτος
1600 4770 1701 4841 τῆς
1725 4770 1916 4825 αὑτοῦ.

2030 4768 2284 4823 volentia:
2307 4769 2530 4824 nomina
2559 4777 2614 4824 et
2637 4769 2827 4839 gratiae
2858 4768 3026 4823 illius.
3065 4768 3199 4822 Illud
3230 4782 3379 4832 vero,
3415 4775 3611 4821 natura

343 4850 418 4904 Τὸ
444 4850 501 4905 δέ
524 4889 540 4914 ,
572 4851 733 4921 φύσει
779 4855 875 4909 καὶ
899 4854 1117 4924 ἀληθῶς
1140 4855 1272 4917 Θεὸς
1298 4856 1451 4929 ἔστη,
1487 4860 1640 4930 φησί.
1689 4860 1784 4923 Τίς
1810 4862 1917 4929 γὰρ

2030 4864 2083 4910 et
2106 4871 2231 4911 vere
2263 4855 2409 4913 Deus
2440 4858 2611 4923 stetit,
2644 4857 2843 4926 inquit.
2880 4856 3014 4911 Nam
3050 4857 3174 4925 quis
3206 4856 3321 4909 iiilit
3355 4856 3407 4909 in
3442 4855 3611 4909 alium

344 4942 604 4997 πέποιθεν
625 4945 719 4998 ἐπὶ
740 4944 911 5018 ἐτέρῳ
940 4945 1045 5000 τινὶ
1065 4947 1114 4999 εί
1144 4946 1219 5017 μὴ
1250 4948 1345 5001 ἐπὶ
1385 4950 1532 5021 μόνῳ
1569 4949 1721 5021 Θεῷ;
1778 4953 1927 5005 Ὠσεὶ

348 5032 537 5103 ἐλεγεο
568 5035 662 5107 Μὴ
723 5037 1015 5102 ἀκούοντες
1047 5038 1208 5092 αὐτὸν
1254 5040 1486 5110 ἀδελφὸν
1534 5043 1631 5097 καὶ
1689 5045 1925 5117 πατέρα,

352 5123 607 5195 νομίσητε
659 5126 754 5180 ἕνα
780 5123 922 5182 εἶναι
968 5129 1080 5183 τῶν
1130 5129 1361 5199 πολλῶν,
1394 5131 1525 5197 Θεός
1562 5134 1708 5188 ἐστιν
1739 5134 1823 5204 ἐφ’
1869 5135 1929 5190 ὃν

345 5211 656 5284 γέγραπται
682 5215 998 5303 πεποιθέναι
1022 5215 1217 5289 χρεών.

2027 4950 2287 5020 aliquem,
2321 4950 2426 5005 nisi
2460 4950 2514 5004 in
2540 4950 2717 5005 solum
2746 4949 2963 5005 Deum?
2994 4948 3149 5003 Sicut
3183 4947 3338 5012 dixit,
3371 4964 3479 5002 non
3510 4964 3609 5002 au-

2025 5040 2239 5096 dientes
2274 5042 2425 5096 illum
2468 5040 2695 5097 fratrem
2725 5052 2780 5096 et
2810 5050 3041 5111 patrem,
3074 5048 3259 5111 putate
3284 5054 3455 5094 unum
3489 5054 3613 5093 esse

2029 5149 2060 5188 e
2089 5134 2312 5203 multis;
2346 5133 2489 5191 Deus
2516 5143 2602 5191 est
2633 5136 2688 5190 in
2730 5148 2891 5206 quem
2919 5134 3182 5206 scriptum
3220 5142 3301 5189 est
3337 5132 3611 5187 ﬁdentium

2030 5243 2172 5284 ESSC.
