3904 6218
354 274 3597 321 xm

347 422 349 429 ⁴
1771 433 2181 498 MONITUM.

1986 652 2061 665 -η,

418 773 577 847 Quae
606 780 973 855 sequuntur
1004 774 1397 855 quaestiones
1426 775 1538 838 diu
1570 776 1793 840 multis
1822 781 2129 856 expensis
2175 781 2506 863 multaque
2536 782 2874 862 diligentia
2914 780 3153 848 frustra
3211 787 3571 864 quaesivere
3592 820 3622 835 -

343 894 507 938 mus.
552 880 750 941 Nobis
784 882 1066 957 tandem,
1113 881 1409 943 absoluto
1437 881 1569 961 jam
1628 883 1986 960 volumine,
2030 903 2139 949 eas
2175 888 2469 949 Venetiis
2507 887 2576 948 in
2618 886 2816 950 Codd.
2848 887 3046 948 Graec.
3085 888 3170 960 X,
3204 888 3318 959 XI,
3355 889 3475 949 XII
3512 889 3623 948 Bi-

340 976 680 1041 bliothecm
731 981 1071 1044 Marciana)
1109 983 1327 1045 datum
1368 989 1465 1045 est
1504 983 1832 1063 detegere.
1873 988 2071 1063 Quas,
2096 988 2257 1065 ﬁcum
2309 1004 2502 1051 suum
2537 988 2669 1069 jam
2724 1004 2854 1050 non
2888 987 3139 1067 possint
3179 987 3392 1050 locum
3447 990 3625 1053 obti-

341 1098 520 1153 nere,
558 1079 634 1141 ad
669 1081 906 1144 calcem
945 1082 1299 1147 voluminis
1329 1085 1655 1165 appositas
1692 1085 1865 1149 haud
1910 1085 2183 1167 ingrate,
2207 1105 2569 1169 speramus,
2600 1089 2801 1153 lector
2846 1088 3161 1153 inveniet.
3195 1090 3377 1151 Εοιτ.

365 1289 3628 1323 W

1342 1454 2637 1597 SUPPLEMENTUM

841 1714 992 1803 AD
1086 1713 1888 1821 QUIESTIONES
1980 1716 2749 1814 AMPHILOCHI
2781 1723 3113 1818 ANAS.

853 2061 1188 2115 EPoPHztz
1218 2060 1409 2117 PMH'.
1969 2064 2018 2128 Α

334 2155 403 2208 El
426 2151 496 2206 δὲ
526 2151 846 2220 ἀλλήλους
870 2152 1124 2206 δάκνετε
1152 2153 1251 2207 καὶ
1275 2153 1642 2219 κατεσθίετε,
1661 2155 1928 2222 ,Βλέπετε

646 2223 735 2293 μὴ
776 2226 878 2279 ὑπ’
904 2224 1197 2291 ἀλλήλων
1224 2224 1599 2293 ἀναλωθῆτε.

2505 2070 2840 2139 ΩΗᾹΞΞΤΙΟ
2886 2075 3169 2136 CXLVIII.

2360 2159 2543 2244 [_Dee_st
2580 2166 2633 2220 in
2672 2163 2850 2244 Coisl.
2873 2175 2922 2222 et
2949 2167 3114 2224 Taur.
3139 2167 3309 2244 _Cod.]

2037 2230 2192 2296 Quod
2209 2231 2259 2287 si
2272 2230 2597 2307 vos—invicem
2626 2239 2877 2292 mordetis
2897 2251 2945 2294 et
2964 2242 3263 2307 comeditis,
3291 2230 3460 2300 uidete
3480 2263 3544 2303 ne
3564 2248 3631 2303 ab

2418 2306 2637 2361 invicem
2685 2313 3074 2366 consumamini
3106 2314 3123 2345 ¹
3154 2306 3257 2385 (a).

406 2379 594 2434 Εἰπὼν
615 2380 643 2433 ὁ
669 2380 904 2447 Παῦλος,
936 2374 998 2433 οὗ
1022 2384 1053 2452 ἡ
1078 2381 1297 2451 γλῶττα
1329 2381 1425 2436 τοῦ
1462 2382 1731 2452 παναγίου
1754 2383 1931 2438 Πνεύ-

334 2492 508 2544 ματος
558 2474 813 2545 ὄργανον,
865 2473 1067 2543 ’Υμεῐς
1117 2472 1228 2543 γὰρ
1274 2475 1367 2528 ἐπ’
1390 2476 1703 2546 ἐλευθερίᾳ
1741 2477 1930 2547 ἐκλή-

330 2570 505 2635 θητε,
570 2566 848 2637 ἀδελφοὶ,
899 2569 998 2621 καὶ
1060 2567 1300 2635 διδάξας,
1346 2569 1422 2632 ὡς
1475 2570 1574 2640 οὐχ
1614 2571 1931 2625 ὑπόκεινται

328 2660 550 2731 δουλείᾳ
592 2659 920 2731 περιτομῆς,
948 2659 1072 2713 οὐδὲ
1115 2659 1197 2731 τῷ
1238 2659 1333 2714 τοῦ
1364 2660 1531 2731 νόμου
1560 2661 1711 2733 ζυγῷ
1759 2680 1933 2717 κατα-

325 2751 638 2819 τρίϐεσθαι,
670 2751 760 2806 ἴνα
790 2750 866 2822 μὴ
894 2752 996 2820 τὴν
1020 2749 1337 2821 ἐλευθερίαν
1374 2751 1580 2818 αὐτοῖς,
1613 2753 1707 2807 καὶ
1728 2753 1829 2807 ὅσα
1855 2753 1931 2825 μὴ

324 2841 433 2903 δεῖ,
478 2840 800 2911 χαρίζεσθαι
854 2840 1141 2913 νομίσωσι,
1225 2844 1321 2895 καὶ
1379 2841 1479 2915 τὴν
1503 2842 1759 2915 ἀφορμὴν
1825 2845 1928 2915 τῆς

2108 2396 2304 2455 Dicens
2356 2399 2583 2466 Paulus,
2621 2403 2782 2472 cujus
2817 2405 3001 2473 lingua
3056 2410 3234 2464 sancti
3282 2408 3521 2481 Spiritus
3546 2420 3633 2470 cst

2033 2502 2326 2559 organum,
2362 2490 2464 2547 Vos
2501 2495 2639 2548 enim
2676 2496 2732 2550 in
2778 2498 3073 2554 libertatem
3120 2503 3293 2557 vocati
3321 2506 3470 2568 estis,
3510 2506 3630 2572 fra-

2034 2588 2142 2635 tres
2167 2581 2211 2648 ¹,
2239 2592 2296 2637 et
2336 2584 2567 2650 docens,
2604 2586 2753 2657 quod
2800 2605 2910 2646 nou
2954 2592 3330 2664 subjiciuntur
3373 2601 3626 2657 servituti

2033 2674 2497 2744 circumcisionis,
2537 2696 2717 2751 neque
2745 2683 2877 2754 jugo
2907 2685 3041 2757 legis
3076 2698 3421 2759 premuntur,
3472 2702 3530 2748 ut
3561 2710 3630 2751 ne

2044 2763 2357 2823 libertatem
2390 2770 2516 2838 illis,
2546 2778 2602 2826 et
2631 2775 2813 2829 omnia
2843 2792 2967 2846 qua:
3010 2794 3123 2835 non
3151 2793 3389 2851 oportet,
3426 2784 3624 2856 largita

2034 2853 2206 2912 fuisse
2236 2867 2451 2929 putent,
2485 2871 2539 2917 et
2559 2878 2624 2916 ex
2647 2864 2771 2933 jure
2801 2866 3075 2925 libertatis
3105 2871 3375 2927 libertatis
3401 2853 3627 2944 injusti-

323 2937 650 3007 ἐλευθερίας
704 2935 863 3007 ὓϐριν
900 2936 1234 3005 ποιήσωνται
1279 2935 1381 3006 τῆς
1438 2935 1773 3007 ἐλευθερίας,
1804 2938 1934 2991 ὑπο-

319 3034 657 3104 τασσόμενοι
701 3035 767 3105 τῇ
824 3033 1009 3101 σαρκὶ,
1058 3033 1386 3100 ἐπήγαγεν
1674 3032 1772 3089 διὰ
1815 3033 1917 3130 τῆς

2032 3039 2250 3095 ritatem
2284 3045 2474 3099 servile
2528 3047 2770 3103 invicem.
2824 3049 3019 3109 Vocati
3079 3058 3237 3125 estis,
3303 3032 3505 3130 innuit,
3555 3061 3625 3117 ad

320 3125 573 3196 ἀγάπης
611 3125 934 3180 δουλεύετε
970 3125 1292 3194 ἀλλήλοις.
1337 3124 1728 3196 Ἀνεκλήθητε,
1768 3128 1917 3223 φησὶ,

2028 3128 2339 3187 libertatem
2366 3152 2381 3201 ;
2417 3135 2589 3208 fugite
2618 3142 2801 3197 carnis
2844 3145 3165 3201 servitutem
3189 3166 3204 3215 ;
3226 3124 3429 3206 carnis
3456 3124 3625 3223 porro

317 3219 471 3290 πρὸς
498 3217 835 3290 ἐλευθερίαν,
869 3216 1103 3287 φεύγετε
1133 3218 1231 3287 τῆς
1278 3217 1481 3287 σαρκὸς
1509 3217 1917 3316 τὴνῌδρυλείανμ·

2029 3226 2271 3280 servitus
2300 3228 2602 3284 multorum
2633 3242 2907 3300 estcausa
2952 3236 3203 3294 dolorum
3237 3252 3292 3297 et
3323 3246 3621 3316 malorum,

316 3312 351 3375 ἠ
384 3310 447 3363 δὲ
503 3309 606 3379 τῆς
636 3309 842 3381 σαρκὸς
865 3308 1083 3362 δουλεία
1111 3307 1322 3362 πολλῶν
1351 3309 1450 3379 μὲν
1483 3311 1577 3363 καὶ
1600 3309 1777 3364 ἄλλων
1799 3311 1916 3409 ἐστὶ

2029 3315 2315 3388 ipsamque
2358 3321 2685 3379 charitatem
2744 3327 2910 3382 mittit
2939 3328 3109 3387 foras.
3147 3330 3219 3387 Ut
3264 3352 3395 3409 ergo
3423 3307 3623 3397 caetera

312 3402 591 3476 πρόξενος
624 3401 814 3456 παθῶν
872 3400 967 3455 καὶ
1000 3400 1221 3466 κακίας,
1257 3400 1402 3469 ἀτάρ
1434 3399 1499 3471 δὴ
1524 3401 1620 3455 καὶ
1646 3399 1916 3502 τὴνᾳάγά-

2024 3410 2295 3477 omittam,
2327 3413 2430 3469 hoc
2460 3417 2660 3474 vulnus
2689 3434 2720 3474 e
2750 3436 2916 3478 carne
2959 3437 3150 3482 contra
3190 3445 3294 3487 nos
3326 3441 3540 3502 natum,
3567 3436 3623 3493 id

2031 2947 2173 3018 tiam,
2197 2948 2423 3020 faciant,
2476 2954 2740 3012 submissi
2774 2961 2952 3027 carni,
2994 2961 3148 3018 addit
3182 2982 3197 3019 :
3234 2965 3340 3020 Sed
3371 2983 3465 3037 per
3498 2968 3625 3023 cha-

310 3514 434 3568 πην
477 3494 801 3550 ἀπωθεῖται.
861 3495 985 3549 Ἵνα
1027 3495 1207 3548 τοίνυν
1245 3494 1313 3548 τά
1368 3494 1505 3549 ἄλλα
1558 3494 1697 3557 τέως
1750 3494 1916 3559 ἐάσω,

308 3589 531 3657 ταύτην
567 3586 667 3658 τὴν
702 3587 811 3640 ἀπὸ
855 3587 955 3657 τῆς
980 3586 1183 3657 σαρκὸς
1207 3585 1517 3657 ἐρχομένην
1550 3586 1766 3657 πληγὴν
1793 3586 1919 3641 καθ’

307 3680 505 3753 ἡμῶν,
547 3678 819 3742 τουτέστι,
853 3679 953 3750 τὴν
986 3678 1291 3750 νεκροῦσαν
1335 3677 1435 3749 τὴν
1460 3678 1704 3750 ἀγάπην’
1744 3680 1916 3752 ima“-

308 3773 443 3845 μῶς
479 3773 539 3823 ἐν
563 3771 774 3833 ἑαυτοῖς
806 3768 1097 3840 παρελθεῖν
1128 3770 1404 3839 πρόφασιν
1436 3769 1915 3841 ὑποκατακλιθῆτε

303 3864 527 3918 δοῦναι.
546 3860 716 3915 Τοῦτο
737 3860 794 3914 δέ
811 3859 963 3914 ἔσται
984 3859 1135 3926 πῶς;
1174 3861 1233 3912 Ei
1267 3859 1365 3913 διὰ
1381 3858 1493 3929 τῆς
1518 3859 1761 3931 ἀγάπης
1784 3859 1917 3916 δου-

301 3956 530 4012 λεύετε
550 3953 869 4022 ἀλλήλοιςο
896 3954 929 4024 ὴ
953 3952 1063 4024 γάρ
1090 3951 1179 4006 διὰ
1203 3955 1303 4024 τῆς
1331 3951 1554 4023 ἀγάπης
1573 3952 1791 4007 δουλεία
1816 3953 1914 4025 τὴν

300 4049 528 4105 ἀνωθεν
550 4045 990 4118 άρῤαὸωνίξεται
1027 4045 1277 4117 καθαρὰν
1310 4045 1653 4117 ἐλευθερίαν,
1681 4047 1778 4100 καὶ
1803 4045 1908 4119 τὴν

298 4141 547 4212 εἰρήνην
571 4140 691 4200 ταῖς
717 4134 1029 4206 ἀνθρώπων
1058 4136 1312 4207 καρδίαις
1345 4137 1747 4206 ἐγκατοικίζει.
1775 4133 1913 4193 Εἶτα

294 4229 557 4296 δεικνὺς,
586 4230 668 4282 ὅτι
693 4227 790 4280 καὶ
820 4227 987 4297 νόμου
1028 4226 1321 4298 κεφάλαιόν
1343 4228 1463 4281 ἐστι
1494 4227 1556 4281 τὸ
1586 4229 1808 4300 ἀγαπᾷν
1834 4229 1912 4294 ὡς

293 4320 512 4376 ἑαυτὸν
542 4319 633 4371 τὸν
660 4317 912 4387 πλησίον,
945 4316 1235 4389 καὶταύτῃ
1265 4317 1369 4387 τῆς
1394 4318 1619 4391 ἀγάπης
1659 4321 1722 4373 τὸ
1770 4319 1912 4391 ὕψη-

290 4417 393 4470 λὸν
434 4412 537 4467 καὶ
576 4391 855 4480 ὠφέλιμον
898 4409 1263 4480 παραστήσας
1298 4408 1409 4463 άπὸ
1440 4410 1550 4465 τῶν
1581 4412 1909 4483 παρεπομέ-

289 4524 410 4563 νων
444 4502 810 4575 ἀνθρωπίνων
835 4500 913 4573 τῷ
956 4500 1057 4573 βίῳ
1097 4504 1546 4573 συμπτωμάτων,
1583 4506 1906 4576 ἐπισφίγγει

282 4601 398 4672 τὴν
440 4593 830 4651 διδασκαλίαν·
867 4594 1058 4665 ἐπειδὴ
1104 4596 1214 4666 γὰρ
1244 4596 1275 4647 ό
1300 4595 1470 4660 πολὺς
1519 4596 1808 4669 ἄνθρωπος
1841 4600 1903 4654 οὐ

284 4688 568 4745 τοσοῦτον
613 4687 803 4757 νόμοις
851 4687 950 4740 καὶ
998 4685 1324 4759 [άπειλαῖς],
1372 4690 1494 4752 ταῖς
1543 4690 1902 4757 ἀπειλούσαις

2028 3510 2133 3567 est,
2155 3517 2278 3572 quat
2295 3505 2956 3579 mortificatcharitatem,
2974 3518 3202 3575 minime
3225 3523 3278 3577 in
3304 3528 3459 3584 vobis
3482 3532 3620 3603 ipsis

2029 3596 2381 3651 tentationem
2426 3598 2544 3653 ﬁeri
2575 3604 2927 3671 permittatis.
2972 3609 3258 3676 Quomodo
3285 3617 3432 3677 istud
3490 3596 3626 3683 fiet?

2027 3685 2086 3741 Si
2130 3704 2223 3757 per
2274 3690 2587 3747 charitatem
2652 3698 2896 3753 semiatis
2949 3702 3206 3771 invicem;
3239 3725 3339 3779 per
3378 3714 3622 3772 Charita-

2026 3782 2132 3830 tem
2149 3778 2801 3849 enimquaeestservitus,
2837 3803 2987 3856 pune
3016 3778 3310 3853 desursum
3351 3801 3622 3864 libertatis

2023 3875 2109 3921 est
2147 3870 2366 3939 pignus,
2401 3881 2455 3926 et
2482 3887 2671 3943 pacem
2703 3879 2963 3935 cordibus
2992 3883 3274 3942 hominum
3308 3890 3621 3955 inhabitare

2026 3955 2180 4014 facit.
2236 3958 2447 4017 Deinde
2507 3966 2826 4035 ostendens,
2869 3973 3017 4042 quod
3079 3976 3215 4049 legis
3267 3996 3483 4040 summa
3529 4000 3617 4046 est

2021 4045 2251 4120 diligere
2282 4052 2595 4121 proximum
2629 4058 2773 4114 sicut
2802 4062 3047 4132 seipsum
3074 4067 3114 4135 ⁸,
3136 4045 3339 4142 ἐίαιιιο
3368 4077 3616 4136 Charita-

2023 4140 2095 4196 tis
2126 4142 2295 4197 altum
2324 4153 2380 4199 et
2412 4147 2545 4203 utile
2588 4149 2858 4209 exhibens
2901 4171 2966 4212 ex
3016 4140 3412 4227 comitantibus
3440 4172 3612 4231 vitam

2019 4230 2317 4289 humanam
2364 4239 2674 4305 eventibus,
2727 4246 2971 4303 concinit
3010 4248 3423 4315 documentum.
3470 4261 3610 4319 Cum

2017 4327 2163 4380 enim
2202 4329 2384 4385 omnis
2410 4331 2574 4386 homo
2608 4350 2719 4392 non
2745 4337 2958 4410 legibus
3002 4352 3056 4400 et
3107 4348 3274 4406 minis
3314 4369 3509 4425 poenas
3545 4361 3612 4415 li-

2015 4416 2173 4473 nales
2213 4421 2618 4493 minitantibus,
2661 4429 2775 4483 vult
2807 4432 3047 4503 edoceri,
3085 4416 3613 4516 nuntiat-quantum

2013 4527 2079 4567 ex
2110 4520 2469 4583 praesentibus
2486 4530 2538 4575 et
2559 4521 2969 4584 imminentibus
2992 4534 3322 4602 supplicium
3348 4556 3363 4606 ;
3401 4551 3456 4596 et
3479 4559 3615 4599 con-

2011 4606 2185 4661 cludit
2201 4608 2327 4664 iude
2346 4610 2807 4671 exhortationem.
2829 4615 2885 4672 Si
2911 4636 3040 4676 vero
3072 4637 3251 4695 neque
3276 4627 3502 4689 libertas
3527 4651 3619 4689 vo.

2013 4697 2100 4751 bis
2137 4698 2334 4767 placet,
2361 4715 2539 4771 neque
2568 4704 2715 4775 quod
2745 4711 3006 4765 convenit
3046 4715 3257 4772 servire
3280 4717 3516 4779 invicem
3551 4726 3607 4782 in

280 4783 397 4847 τὰς
428 4779 755 4843 τελευταίας
780 4777 1052 4842 κολάσεις,
1095 4778 1529 4851 σωφρονίζεσθαι
1560 4780 1725 4849 θέλει,
1760 4800 1903 4857 παρ-

2024 4787 2303 4858 :haritate,
2340 4807 2524 4863 neque
2554 4797 2700 4865 quod
2727 4797 3141 4869 implementum
3171 4803 3307 4878 legis
3343 4777 3608 4881 perfectio

280 4873 569 4945 αγγέλλει
626 4872 753 4926 ὅσον
778 4871 890 4923 ἀπὸ
922 4870 1032 4924 τῶν
1064 4871 1420 4943 προσκαίρων
1444 4875 1539 4927 καὶ
1562 4875 1898 4944 ἐγγιζόντων

278 4968 371 5029 εἰς
420 4960 726 5033 τιμωρίαν,
783 4959 1038 5031 ἐπιφέρει
1084 4960 1183 5032 τὴν
1234 4963 1567 5033 παραίνεσιν
1617 4967 1895 5024 κάκεῖθεν.

280 5061 350 5111 Εἰ
381 5055 447 5109 δὲ
492 5053 629 5125 μήτε
675 5051 738 5105 τὸ
789 5051 892 5122 τῆς
950 5050 1267 5121 ἐλευθερίας
1301 5053 1448 5124 ὑμᾶς
1482 5055 1746 5123 δυσωπεῖ,
1773 5059 1901 5130 μηδ’

274 5156 369 5206 ὅτι
411 5147 669 5218 προσῆκε
713 5144 989 5199 δουλεύειν
1037 5143 1292 5217 ἀλλήλοις
1326 5148 1385 5201 ἐν
1424 5147 1635 5223 ἀγάπῃ,
1671 5150 1796 5222 μηδ’
1819 5153 1903 5206 ὅτι

277 5244 585 5315 πλήρωμα
621 5240 789 5311 νόμου
841 5238 902 5293 τὸ
952 5238 1292 5312 κατόρθωμα
1324 5242 1424 5311 τῆς
1474 5243 1717 5314 ἀγάπης,
1765 5245 1904 5301 ἀλλὰ

270 5337 474 5391 ταῦτα
510 5333 689 5386 πάντα
712 5332 929 5403 θέμενοι
976 5332 1130 5405 παρὰ
1176 5332 1399 5402 φαῦλον,
1440 5334 1768 5403 Ἀλλήλους
1799 5337 1905 5391 δά-

360 5500 378 5529 ¹
414 5494 606 5550 Galat.
639 5510 693 5562 v,
732 5493 820 5549 i5.
897 5497 917 5527 ²
950 5495 1082 5551 ibid.
1114 5498 1201 5552 13.
1278 5500 1299 5531 ³
1324 5499 1457 5555 ibid.
1503 5501 1589 5559 Η.

2012 4879 2337 4950 charitatis;
2412 4885 2506 4939 sed
2561 4887 2678 4942 hzec
2739 4891 2923 4945 omnia
2998 4894 3207 4954 nullius
3269 4879 3609 4966 aestimantes

2006 4972 2230 5027 invicem
2293 4991 2383 5030 vos
2431 4979 2686 5035 mordetis
2737 4990 2787 5037 et
2850 4986 3147 5053 comeditis,
3216 5000 3423 5067 tamen,
3501 5003 3606 5059 nisi

2005 5066 2151 5121 aliud
2179 5076 2234 5122 at
2275 5068 2329 5125 id
2371 5071 2563 5127 saltem
2605 5076 2952 5133 considerate
2997 5083 3145 5152 quod
3198 5085 3255 5141 in
3298 5091 3513 5147 ruinam
3549 5105 3607 5148 et

2007 5160 2285 5217 interitum
2351 5178 2594 5223 vestrum
2668 5171 2795 5228 talis
2861 5174 3007 5231 actio
3072 5189 3335 5239 vertetur.
3411 5182 3603 5239 Cavete

2007 5253 2173 5322 igitur
2203 5270 2266 5308 ne
2311 5256 2571 5311 excidatis
2616 5274 2647 5312 a
2688 5261 2989 5329 charitale;
3033 5269 3287 5324 excidere
3330 5272 3475 5325 enim
3523 5276 3592 5330 ab

2012 5341 2125 5405 illa.
2149 5342 2203 5396 in
2239 5359 2450 5415 pugnas
2478 5363 2574 5402 vos
2600 5358 2654 5404 et
2696 5357 3081 5411 contentiones
3116 5358 3288 5423 ducit,
3319 5372 3373 5415 ct
3405 5362 3595 5434 dispo-

348 5621 436 5709 (ιι)
481 5635 557 5691 De
594 5637 692 5691 hoc
737 5651 1060 5709 argumento
1100 5646 1221 5703 vide
1270 5648 1435 5705 etiam
1466 5654 1823 5721 quaestionem
1868 5656 1999 5710 LIV.
