3978 6218
274 239 412 304 127g
1543 227 2221 292 SUPPPLEMENTUM
3400 233 3550 300 Iaso

267 358 351 411 nit
391 350 691 410 adbostilia
761 361 913 404 arma
956 347 1219 402 sumenda
1257 363 1274 413 ;
1315 345 1433 400 haec
1483 359 1614 400 vero
1677 343 1829 398 interi

1972 357 2108 394 νετε
2155 337 2254 393 καί
2312 341 2676 408 κατεσθίετε,
2709 342 2817 396 κᾶν
2855 342 3007 412 γοῦν,
3065 343 3117 396 εί
3173 343 3248 415 μή
3307 361 3360 398 τι
3405 346 3554 406 me.

266 457 384 503 tum
453 453 698 500 vestrum
751 448 1084 512 praeparant.
1151 439 1252 494 Hic
1323 452 1488 508 porro
1549 443 1829 506 opportuni

1963 431 2122 484 τοῦτο
2171 434 2574 502 κατανοήσατε,
2611 435 2688 498 ὼς
2711 437 2790 499 εἰς
2825 436 3034 506 φθορὰν
3068 435 3224 507 ὑμῶν
3271 439 3369 491 καὶ
3411 440 3554 509 ἀφα-

265 537 586 595 cbaritatem
637 535 916 597 insinuat,
981 529 1423 586 circumcisionis
1501 527 1829 582 abolitionen

1963 524 2215 596 νισμὸνή
2245 525 2470 596 τοιαύτη
2529 527 2731 599 πρᾶξις
2781 529 3133 599 καταντήσει.
3188 529 3554 595 Φυλὰξασθε

265 632 416 702 prius
444 629 704 691 suadens,
742 637 796 681 et
837 625 972 680 illud
1003 625 1105 680 sibi
1141 637 1475 694 proponens,
1506 621 1724 675 scilicet
1777 628 1829 672 ut

1963 613 2078 671 οὖν
2113 615 2200 686 μὴ
2250 617 2566 672 διαπεσεῖν
2587 618 2698 687 τῆς
2727 619 2987 690 ἀγάπης.
3031 619 3105 673 Τὸ
3135 622 3244 692 γὰρ
3275 621 3555 676 διαπεσεῖν

264 718 460 774 divisis
501 719 642 772 inter
675 731 755 780 se,
783 724 837 770 et
885 713 1238 767 laudantibus
1269 710 1770 772 circumcisionem,
1802 723 1829 761 e

1967 709 2182 779 ἐκείνης
2220 711 2297 772 είς
2356 709 2535 780 μάχας
2592 711 2738 780 ὑμᾶς
2791 713 2887 765 καὶ
2939 713 3089 783 ἔρεις
3140 714 3422 785 διεγείρει,
3457 717 3555 767 καὶ

262 813 319 867 in
374 811 606 880 gratiam
677 809 812 879 legis
859 805 1014 861 Pauli
1056 805 1220 859 verba
1276 801 1693 862 adhibentibus,
1752 814 1822 853 no

1966 801 2087 854 κατ’
2120 800 2363 870 ἀλλήλων
2395 803 2712 868 ὁπλίζεσθαι
2741 806 3154 875 παρασκευάζει
3175 822 3190 836 ·
3220 808 3292 858 τὰ
3325 806 3406 870 δὲ,
3440 805 3542 876 τὴν

263 921 386 964 sese
410 903 680 970 dissidiis,
712 901 1038 956 tumultibus
1069 907 1123 954 et
1161 896 1356 966 pugnis
1401 893 1623 956 dedant,
1666 893 1829 962 quibu

1967 893 2174 964 φθορὰν
2201 893 2358 965 ὑμῶν
2391 896 2485 948 καὶ
2518 894 2798 950 ἀπώλειαν
2855 897 3393 966 συγκατασκευάζει.
3428 896 3548 949 Ἐν-

262 997 482 1054 facilius
507 998 652 1052 inter
682 1010 744 1051 se
768 994 1078 1057 destruant;
1102 990 1152 1044 id
1181 985 1328 1059 quod
1353 1001 1498 1055 saepe
1524 986 1723 1040 visum.
1742 982 1829 1037 tlte

1963 983 2143 1037 ταῦθα
2166 984 2223 1036 δὲ
2252 982 2349 1055 τὴν
2397 985 2620 1054 ἀγάπην
2648 987 2920 1056 εὐκαίρως
2944 987 3309 1057 παρενέϐαλε,
3342 986 3436 1040 καί
3467 1004 3552 1041 τοι

258 1105 474 1147 veroex
499 1086 914 1155 manuscriptis,
936 1084 1081 1140 sicut
1107 1080 1282 1152 potui,
1322 1076 1644 1146 transcripsi
1673 1092 1687 1143 ;
1710 1073 1829 1128 libri

1964 1078 2064 1146 τῆς
2095 1079 2398 1148 περιτομῆς
2449 1078 2709 1149 ἀθέτησιν
2760 1081 3191 1152 προηγουμένως
3223 1080 3555 1153 εἰσηγούμε-

258 1185 431 1255 enim,
503 1190 565 1237 ut
615 1180 721 1238 scit
769 1189 861 1234 tua
928 1174 1286 1233 sacerdotalis
1367 1171 1654 1235 celsitudo,
1725 1183 1829 1222 cun

1959 1185 2071 1233 νος,
2113 1171 2210 1224 καὶ
2264 1171 2472 1241 ταύτης
2529 1173 2681 1243 αὐτῷ
2712 1173 2814 1243 τῆς
2848 1174 3086 1244 σπουδῆς
3137 1174 3510 1246 προκειμένης
3535 1193 3550 1206 ·

258 1281 408 1345 aliis,
433 1293 502 1334 ex
529 1274 730 1346 quibus
759 1269 1022 1343 possibile
1058 1267 1255 1323 fuisset
1306 1267 1511 1330 vivere,
1564 1260 1829 1332 eaptivita:

1960 1261 2051 1314 ἵνα
2081 1262 2180 1332 μὴ,
2209 1262 2594 1334 διαιρεθέντων
2640 1267 2778 1337 πρὸς
2820 1267 3084 1338 ἀλλήλους
3113 1265 3222 1319 τῶν
3248 1284 3305 1319 τε
3330 1267 3430 1338 τὴν
3455 1285 3555 1320 πε-

257 1387 347 1428 me
370 1367 646 1440 spoliavit.

1961 1353 2189 1425 ριτομὴν
2220 1357 2608 1429 σεμνολόγημα
2639 1360 3004 1430 ποιουμένων,
3032 1359 3129 1413 καὶ
3164 1358 3272 1412 τῶν
3294 1359 3431 1429 πρὸς
3450 1360 3551 1430 τὴν

255 1461 582 1534 νομοθεσίαν
639 1458 751 1512 τῶν
808 1454 1022 1511 Παύλου
1096 1451 1362 1524 ῥημάτων
1405 1447 1754 1521 ἀνηγμένων,
1828 1447 2050 1501 στάσεσι
2106 1451 2227 1521 καὶ,
2246 1450 2496 1523 θορύϐοις
2551 1453 2648 1506 καὶ
2697 1453 2902 1525 μάχαις
2955 1453 3187 1517 ἑαυτοὺς
3251 1457 3552 1523 ποιήσωσιν

254 1556 529 1622 ἐκδότους,
559 1553 626 1607 δι’
654 1550 730 1607 ὧν
761 1552 860 1605 καὶ
887 1551 948 1603 τὸ
985 1547 1077 1602 ὑπ’
1108 1545 1354 1616 ἀλλήλων
1384 1541 1835 1611 καταναλωθῆναι
1878 1541 2074 1594 θᾶττόν
2104 1543 2167 1595 τέ
2227 1545 2346 1597 ἐστι
2413 1546 2511 1599 καὶ
2574 1546 2964 1618 καθορώμενον
3015 1549 3290 1621 συνήθως.
3365 1548 3553 1602 Ταῦτα

258 1649 358 1722 μὲν
395 1647 504 1701 ἀπὸ
555 1644 877 1717 σχεδαρίων,
936 1642 1012 1706 ὡς
1080 1638 1447 1710 ἠδυνήθημεν,
1487 1634 2036 1707 μετεγράψαμεν,τά
2062 1637 2120 1690 δὲ
2154 1635 2356 1707 βιϐλία,
2426 1639 2502 1702 ὡς
2568 1641 2725 1711 καὶὴ
2780 1639 2848 1712 σὴ
2912 1641 3274 1716 ἀρχιερατικὴ
3348 1642 3548 1696 τελειέ-

252 1761 353 1816 της
375 1740 788 1805 συνεπίσταται,
817 1737 956 1807 μετά
979 1735 1087 1788 τῶν
1117 1733 1313 1799 ἄλλων,
1341 1731 1400 1799 ἐξ
1427 1729 1502 1783 ὦν
1523 1726 1592 1800 ἦν
1613 1729 1837 1782 δυνατὸν
1876 1727 1998 1798 ζῇν,
2039 1731 2071 1800 ὴ
2105 1730 2454 1802 αίχμαλωσία
2475 1730 2718 1803 λάφυρον
2747 1732 2922 1788 ἔθετο,

251 1855 584 1928 ΩυᾹιῖὃΤΙΟ
621 1852 882 1910 CLXXV.
917 1850 1105 1925 [σοῖσι.
1139 1847 1351 1905 CCXVI
1388 1846 1555 1901 Taur.
1592 1843 1829 1915 ,CCVIl.]

2475 1847 2815 1901 ΕΡΩΤΗΣΙΣ
2854 1849 3025 1905 ΡΗΖ¹.

324 1973 438 2032 Cur
466 1971 646 2026 Filius
683 1985 808 2024 caro
837 1967 1013 2036 [actus
1049 1975 1150 2028 est,
1187 1981 1280 2020 nec
1335 1962 1449 2016 alia
1481 1960 1768 2016 Trinitatis

1943 1956 2043 2012 Διὰ
2065 1957 2122 2010 τί
2143 1959 2177 2012 ὁ
2206 1957 2338 2025 Υἱὸς
2358 1957 2693 2036 ἐσαρκῴθη,
2723 1961 2823 2014 καὶ
2844 1963 2958 2028 οὐχ
2981 1960 3156 2032 ἑτέρα
3171 1961 3282 2032 τῆς
3310 1962 3552 2034 Τριάδος

924 2054 1153 2105 persona
1177 2038 1203 2089 ?

322 2138 376 2193 1.
405 2136 520 2193 Cur
551 2147 738 2204 quaeso
766 2128 944 2184 Filius
967 2139 1020 2184 et
1045 2144 1152 2182 non
1181 2128 1284 2180 alia
1319 2134 1524 2183 sanctae
1543 2122 1836 2179 Trinitatis

251 2245 514 2304 persona,
549 2236 795 2283 nostram
861 2220 1146 2292 accipiens
1171 2226 1424 2274 naturam
1479 2231 1612 2272 caro
1659 2215 1838 2269 factus

248 2323 515 2381 est?Cur
548 2320 755 2392 igitur?
789 2315 860 2370 Ut
883 2325 996 2370 tum
1020 2313 1195 2367 Filius
1235 2313 1288 2365 in
1313 2311 1461 2374 altis,
1501 2318 1616 2363 tum
1660 2307 1833 2362 Filius

247 2418 302 2472 in
339 2416 464 2470 imis
493 2412 783 2477 manserit,
808 2411 1129 2463 incarnatus
1153 2421 1215 2459 ex
1264 2403 1562 2474 purissimo
1607 2409 1660 2455 et
1704 2401 1821 2455 vir-

243 2509 406 2580 gineo
429 2504 698 2574 sanguine
745 2509 798 2556 et
828 2508 889 2552 ut
937 2493 1300 2551 immutabilis
1366 2500 1562 2546 natura
1619 2487 1833 2543 nullam

245 2596 683 2654 vicissitudinem
713 2633 730 2658 ,
755 2600 900 2646 statu
928 2595 1199 2652 mutante,
1224 2585 1440 2642 subisse
1474 2583 1830 2637 mutationem

249 2696 595 2762 argueretur.
633 2685 752 2741 Una
789 2685 930 2739 ratio
957 2683 1096 2737 haec.

314 2783 372 2838 2.
398 2781 584 2836 Altera
639 2787 854 2834 autem:
903 2775 1194 2847 oportebat
1261 2773 1605 2834 Creatorem,
1649 2781 1828 2836 neque

243 2875 413 2931 alium
457 2870 1216 2945 sedipsum,comminutum
1268 2867 1548 2937 Opiﬁcium
1604 2874 1825 2919 restau-

241 2982 390 3023 rare.
431 2965 748 3030 Euimvero,
781 2962 826 3019 si
857 2963 998 3017 alius
1029 2959 1297 3020 condidit,
1341 2966 1508 3027 atque
1551 2954 1695 3008 alius
1738 2967 1829 3006 re-

244 3065 482 3122 staurat,
517 3057 662 3128 quod
691 3055 949 3110 conditor
973 3051 1167 3107 babuit
1210 3065 1312 3105 nec
1335 3049 1446 3118 jam
1507 3047 1694 3110 habet,
1735 3041 1828 3098 sed
1861 3082 1866 3084 -

241 3149 391 3218 quod
428 3147 707 3204 condonat
737 3154 1105 3206 restaurator,
1139 3144 1283 3212 quod
1320 3157 1429 3196 non
1467 3140 1669 3193 habere
1694 3152 1828 3189 cou-

242 3243 476 3296 ditorem
530 3240 836 3294 necessitas
893 3237 1127 3292 alterius
1155 3236 1530 3291 demonstrat.
1577 3233 1648 3284 At
1682 3230 1820 3283 nibil

245 3333 352 3386 tale
382 3331 437 3384 in
468 3329 658 3383 divine
687 3330 994 3397 imperante
1028 3333 1083 3379 et
1107 3327 1484 3395 omnipotente
1511 3321 1786 3375 Trinitate
1817 3336 1830 3372 :

248 3429 413 3478 creat
444 3421 640 3483 Filius,
671 3419 828 3473 adest
858 3427 914 3472 et
957 3416 1123 3471 Pater
1170 3425 1225 3470 et
1269 3414 1551 3481 Spiritus;
1606 3424 1828 3464 rursum

247 3517 526 3569 inslaurat
551 3511 746 3576 Filius,
778 3510 924 3566 favet
971 3521 1026 3565 et
1075 3509 1374 3580 participat
1435 3501 1830 3560 instaurationi

242 3616 297 3662 et
314 3606 475 3660 Pater
497 3613 551 3660 et
576 3604 845 3675 Spiritus.
878 3603 1001 3658 Una
1046 3603 1211 3657 trium
1251 3602 1526 3664 voluntas,
1575 3604 1823 3670 potestas

243 3715 375 3766 una,
402 3713 502 3754 nec
525 3699 700 3754 altera
722 3698 924 3762 virtus,
957 3711 1190 3768 regnum
1222 3709 1417 3749 unum.

312 3795 368 3848 5.
419 3792 661 3848 Rursum
712 3791 842 3861 quia
904 3787 1238 3843 conveniens
1293 3793 1413 3841 erat
1473 3791 1531 3839 ut
1569 3782 1830 3847 Verbum,

241 3887 418 3942 Filius
452 3885 656 3954 Patris,
688 3885 742 3939 in
790 3897 1037 3939 errorem
1092 3881 1277 3951 lapsos
1325 3888 1613 3935 revocaret
1696 3878 1832 3947 (ra-

243 3978 394 4031 tione
445 3977 592 4031 enim
659 3974 1027 4029 concinnatur
1075 3986 1250 4036 error,
1300 3976 1354 4023 et
1427 3969 1492 4023 ad
1557 3968 1829 4021 rationem

239 4068 484 4139 pertinet
527 4066 798 4136 {reductio
849 4073 905 4120 et
938 4065 1170 4118 directio
1201 4060 1614 4133 pecoatorum);
1645 4060 1829 4114 mani-

239 4162 381 4216 feste
438 4157 508 4214 ad
563 4159 736 4215 solam
777 4159 993 4228 generis
1044 4157 1270 4210 humani
1340 4155 1575 4210 salutem
1648 4151 1828 4221 respi-

240 4253 319 4307 cit
353 4251 662 4306 incarnatio
696 4249 848 4305 Filii.
884 4250 1051 4320 Atqui
1080 4251 1197 4305 sive
1240 4247 1430 4311 Pater,
1483 4245 1599 4300 sive
1647 4259 1829 4300 sacro-

247 4355 480 4402 sanctus
507 4345 751 4416 Spiritus
796 4343 1137 4414 suscepisset
1191 4341 1488 4396 bumanam
1541 4346 1825 4403 naturam,

240 4454 351 4494 non
380 4439 543 4494 modo
575 4452 923 4507 nequaquam
971 4434 1301 4490 redemisset
1335 4447 1511 4504 genus
1547 4440 1824 4495 nostrum,

2561 2031 2904 2098 ὑπόστασις
2923 2047 2945 2097 ;

1977 2120 2084 2174 fa].
2127 2121 2195 2173 Τί
2243 2121 2445 2192 δήποτε
2495 2124 2525 2175 6
2559 2122 2706 2187 Υἱὸς,
2740 2125 2836 2178 καὶ
2867 2125 2968 2195 οὐχ
3023 2125 3187 2198 ἑτέρα
3238 2128 3338 2198 τῆς
3389 2127 3554 2196 ἁγίας

1944 2208 2177 2280 Τριάδος
2206 2210 2537 2278 ὑπόστασις,
2566 2212 2665 2282 τὴν
2713 2214 2994 2285 ἡμετέραν
3049 2216 3338 2270 ἀναλαϐὼν
3383 2220 3550 2288 ἐσαρ-

1941 2303 2092 2374 κὼθη
2127 2303 2324 2373 φύσινς
2355 2305 2421 2358 Τί
2451 2305 2691 2376 δήποτε;
2746 2307 2834 2360 ἵνα
2861 2309 2890 2360 6
2923 2307 3035 2362 ἄνω
3068 2309 3217 2374 Υἱὸς,
3253 2311 3350 2364 καὶ
3393 2312 3549 2366 κάτω

1943 2397 2083 2470 μένῃ
2111 2397 2259 2462 Υἱὸς,
2298 2397 2362 2450 ἐκ
2406 2397 2514 2450 τῶν
2544 2400 2830 2468 ἀχράντων
2878 2402 2972 2452 καὶ
3017 2403 3367 2472 παρθενικῶν
3413 2421 3549 2475 σαρ-

1941 2489 2206 2560 κούμενος
2241 2489 2514 2560 αἱμάτων,
2545 2493 2640 2544 καὶ
2684 2493 2717 2561 ὴ
2764 2493 3128 2556 ἀναλλοίωτος
3160 2495 3322 2564 φύσις
3376 2498 3548 2566 μηδε-

1942 2583 2072 2653 μίαν
2105 2582 2462 2654 παραλλαγὴν
2487 2584 2595 2636 ἀπὸ
2622 2586 2721 2653 τῆς
2769 2587 3258 2657 παραλλαττούσης
3293 2589 3536 2658 σχέσεως

1937 2676 1969 2748 ἢ
2003 2676 2286 2730 ἀλλοίωσιν
2306 2676 2536 2746 ἐλεγχθῇ
2566 2675 2838 2748 δεξαμένη
2857 2693 2870 2707 ·
2909 2677 2968 2732 ἓν
2995 2680 3095 2748 μὲν
3127 2674 3222 2733 οὖν
3251 2680 3428 2736 τοῦτο.

2010 2772 2076 2842 β’.
2105 2771 2336 2842 Ἕτερον
2367 2771 2446 2835 δὲ,
2475 2771 2567 2823 τὸν
2597 2771 2939 2842 Δημιουργὸν
2974 2773 3083 2826 ἔδει
3108 2813 3123 2839 ,
3155 2773 3442 2844 συντριϐὲν
3485 2773 3548 2828 τὸ

1934 2864 2347 2935 δημιούργημα,
2370 2864 2470 2917 οὐκ
2500 2863 2681 2930 ἄλλον,
2709 2864 2825 2917 ἀλλ’
2847 2865 3011 2918 αὐτὸν
3035 2865 3345 2920 ἀναπλάσαι
3364 2883 3380 2899 ο
3411 2867 3460 2920 εί
3480 2866 3510 2918 δ
3528 2871 3544 2892 '

1934 2955 2092 3018 ἄλλος
2121 2955 2221 3025 μὲν
2250 2953 2508 3020 ἔπλασεν,
2537 2955 2694 3020 ἄλλος
2719 2955 2763 3009 δ’
2788 2956 3144 3024 ἀναπλάττει,
3165 2957 3192 3012 δ
3227 2959 3324 3028 μὲν
3349 2959 3378 3009 6
3397 2956 3541 3011 πλά-

1936 3065 2035 3110 σας
2084 3040 2252 3116 εῒχεν,
2284 3047 2386 3100 οὐκ
2411 3046 2545 3118 ἔχει,
2590 3047 2618 3100 ὃ
2667 3047 2724 3100 δὲ
2777 3049 2806 3101 ὁ
2855 3049 3177 3113 ἀναπλάσας
3235 3049 3541 3121 χαρίζεται,

1935 3139 2096 3192 τοῦτο
2151 3139 2226 3209 μὴ
2281 3137 2425 3208 ἔχειν
2479 3138 2571 3192 τὸν
2622 3139 2904 3193 πλάσαντα
2934 3142 2968 3208 ἡ
3003 3139 3097 3193 τοῦ
3150 3141 3340 3212 ἐτέρου
3375 3141 3538 3210 χρεία

1942 3230 2350 3301 παραδεικνύει.
2370 3230 2507 3283 Ἀλλ’
2531 3230 2684 3283 οὐδὲν
2708 3231 2951 3284 τοιοῦτον
2971 3233 3030 3285 ὲν
3056 3235 3121 3302 τῇ
3155 3232 3419 3303 θεαρχικῇ
3444 3231 3543 3286 καὶ

1944 3324 2420 3393 παντοκρατορικῇ
2451 3323 2678 3392 Τριάδιο
2719 3323 3046 3393 δημιουργεῖ
3098 3325 3128 3378 6
3183 3324 3312 3389 Υἱὸς
3338 3365 3354 3389 ,
3403 3342 3544 3395 συμ-

1941 3417 2174 3485 πάρεστι
2220 3415 2366 3468 καὶὸ
2396 3415 2588 3485 Πατὴρ
2633 3415 2728 3469 κα)⁵
2779 3415 2841 3468 τὸ
2894 3415 3153 3486 Πνεῦμα·
3205 3415 3544 3471 ἀναπλάττει

1941 3508 2104 3560 πάλιν
2125 3509 2154 3560 ὁ
2179 3507 2328 3571 Υἱὸς,
2362 3507 2575 3559 εὐδοκεῖ
2603 3509 2697 3560 καὶ
2727 3511 2982 3579 συνεργεῖ
3008 3513 3076 3579 τῇ
3113 3509 3420 3563 ἀναπλάσει
3444 3509 3538 3563 καὶ

1937 3598 1966 3649 6
2001 3596 2191 3666 Πατὴρ
2218 3597 2396 3650 καὶτὸ
2421 3596 2667 3667 Πνεῦμα.
2705 3599 2819 3651 Μία
2848 3599 2956 3652 τῶν
2985 3599 3154 3670 τριῶν
3186 3601 3218 3670 ἡ
3259 3599 3448 3672 βουλὴ,
3479 3599 3543 3654 τὸ

1938 3687 2140 3754 κράτος
2170 3684 2251 3752 ἓν,
2282 3687 2381 3756 οὐχ
2411 3687 2573 3758 ἑτέρα
2599 3690 2630 3756 ὴ
2667 3689 2940 3758 ἐνέργεια,
2968 3691 3000 3760 ἡ
3038 3690 3286 3760 βασιλεία
3319 3690 3440 3760 μία.

2009 3785 2082 3847 γ’.
2122 3779 2310 3844 Πάλιν,
2345 3780 2467 3832 ἐπεὶ
2499 3781 2672 3847 Λόγος
2698 3784 2726 3834 6
2756 3782 2884 3845 Υἱὸς
2916 3783 3012 3835 τοῦ
3048 3785 3283 3855 Πατρδς,
3310 3785 3438 3848 τοὺς
3457 3784 3542 3848 είς

1937 3867 2164 3938 ἀλογίαν
2218 3871 2631 3935 καταπεσόντας
2677 3871 2769 3925 τὸν
2817 3872 2990 3942 Λόγον
3035 3870 3105 3946 ἦν
3147 3877 3540 3932 ἀνακαλεῖσθαι

1938 3963 2218 4031 προσῆκον
2245 3961 2428 4032 (λόγῳ
2465 3962 2574 4034 γὰρ
2605 3964 2638 4034 ἡ
2671 3963 2863 4032 ἀλογία
2897 3965 3243 4037 ῥυθμίζεται,
3276 3971 3372 4023 καὶ
3403 3969 3543 4040 πρὸς

1936 4053 2028 4106 τὸν
2057 4053 2215 4122 λόγον
2244 4053 2343 4126 τὴν
2373 4058 2655 4128 ἀναφορὰν
2681 4060 2712 4128 ἡ
2737 4059 3025 4130 διόρθωσις
3053 4061 3164 4112 τῶν
3190 4063 3540 4116 ἐκπεσόντων

1935 4145 2036 4215 τῆς
2086 4147 2310 4217 χάριτος
2352 4147 2511 4217 ἔχει)·
2551 4149 2584 4218 ἡ
2631 4150 2910 4220 σάρκωσις
2938 4151 3031 4205 τοῦ
3064 4153 3195 4206 Υίοῦ
3246 4155 3408 4224 δῆλον
3452 4155 3537 4208 ὅτι.

1937 4236 2075 4307 πρὸς
2105 4238 2273 4308 μόνην
2324 4239 2423 4311 τὴν
2463 4240 2573 4293 τῶν
2603 4241 2913 4312 ἀνθρώπων
2941 4245 3122 4316 ἀφορᾷ
3148 4248 3446 4318 σωτηρίαν.
3475 4247 3539 4300 Εἰ

1937 4329 2118 4384 τοίνυν
2147 4333 2175 4383 6
2203 4331 2394 4402 Πατὴρ
2432 4333 2741 4405 προσέλαϐε
2772 4337 2872 4407 τὴν
2898 4337 3250 4407 ἀνθρωπίνην
3283 4338 3470 4408 φύσιν,
3504 4339 3540 4410 ἢ

1935 4423 1996 4476 τὸ
2030 4423 2296 4491 πανάγιον
2326 4425 2572 4495 Πνεῦμα,
2602 4425 2664 4479 οὐ
2700 4428 2861 4496 μόνον
2898 4429 3051 4483 οὐδὲν
3087 4429 3154 4484 ἂν
3197 4429 3454 4485 ἀπώνατο
3479 4432 3543 4485 τὸ

240 4531 340 4588 sed
387 4532 454 4586 ad
499 4529 755 4586 dil'licilus
791 4527 1134 4599 propositum
1169 4541 1228 4581 se
1255 4526 1616 4596 prmbuissent
1643 4523 1828 4576 inten-

1943 4517 2203 4610 ἡμέτερον
2238 4516 2417 4610 γένος,
2448 4517 2584 4572 ἀλλά
2618 4519 2713 4572 καὶ
2741 4521 2877 4588 πρὸς
2907 4521 2968 4575 τὸ
2996 4523 3380 4594 χαλεπώτερον
3409 4525 3543 4578 ἑαυ-

240 4632 349 4681 tos.
411 4621 626 4678 Etenim
682 4620 728 4676 si
789 4635 960 4675 carne
1008 4619 1235 4674 indutus
1285 4625 1339 4673 et
1391 4617 1519 4670 vitae
1581 4629 1827 4685 praesens

238 4717 506 4771 dixisset:
542 4713 656 4784 Ego
681 4730 798 4767 sum
817 4714 913 4768 Dei
940 4713 1127 4774 Pater,
1180 4719 1296 4774 aut,
1329 4708 1517 4764 carnis
1564 4707 1830 4762 crassitu-

239 4807 370 4861 dine
397 4814 716 4875 apparente,
754 4805 1028 4861 dixisset:
1065 4802 1176 4872 Ego
1211 4818 1329 4856 sum
1376 4799 1648 4869 Spiritus:
1685 4812 1826 4868 quo-

240 4899 406 4953 modo
450 4896 670 4952 Judmus
727 4912 837 4952 non
901 4895 1184 4950 rennisset
1237 4893 1358 4948 solo
1409 4889 1599 4944 auditu
1655 4887 1828 4958 ipsius

237 4990 392 5047 vocis
421 4991 666 5060 recipere
699 4990 944 5044 sonum?
973 4987 1174 5043 Verum
1224 4963 1531 5047 enimvero,
1595 4982 1666 5046 si,
1701 4995 1829 5035 cum

239 5083 497 5140 Salvator
524 5083 757 5139 dixisset
788 5097 848 5138 se
887 5097 1012 5138 esse
1049 5079 1249 5135 Filium
1289 5078 1382 5133 Dei
1420 5075 1588 5148 (quod
1647 5082 1831 5127 tamen

240 5188 296 5235 et
319 5179 430 5235 illis
456 5193 604 5247 saepe
626 5177 835 5232 dictum
876 5176 1044 5247 erat),
1080 5173 1136 5228 in
1163 5171 1428 5228 cordibus
1474 5169 1593 5224 suis
1619 5165 1833 5222 inﬂam-

238 5274 371 5330 mati
404 5287 469 5328 ex
494 5272 576 5326 ira
608 5271 676 5326 ad
703 5269 910 5326 caedem
963 5267 1107 5342 pulsi
1134 5267 1542 5322 vociferarunt:
1581 5261 1654 5316 De
1696 5259 1831 5314 bona

238 5384 391 5438 opere
411 5383 516 5421 non
541 5365 843 5434 lapidamus
869 5371 936 5429 te,
995 5359 1086 5416 sed
1115 5361 1244 5431 quia
1282 5367 1338 5411 tu
1388 5356 1543 5410 homo
1579 5370 1699 5408 cum
1730 5353 1827 5419 sis,

240 5461 379 5529 facis
422 5467 470 5513 te
497 5459 671 5527 ipsum
703 5457 874 5511 Deum
905 5453 950 5509 ³.
976 5451 1121 5521 Quid
1145 5465 1278 5521 ergo
1311 5446 1677 5503 absurditatis
1713 5458 1824 5498 non

240 5550 676 5616 commisissent,
705 5536 836 5620 quid
869 5561 999 5604 vero
1028 5560 1134 5602 non
1152 5543 1270 5599 ausi
1315 5548 1524 5606 essent,
1555 5549 1832 5608 quamque

311 5689 332 5720 ⁸
352 5687 512 5744 Joan.
549 5703 601 5755 ι,
639 5688 730 5742 55.

1938 4607 2064 4670 τοὺς
2101 4609 2364 4679 παρεῖχον
2397 4609 2872 4680 ἀποτεταμένους·
2903 4614 2950 4666 εί
2971 4614 3080 4686 γὰρ
3109 4617 3136 4668 ὁ
3167 4614 3347 4685 σάρκα
3379 4631 3544 4686 περι-

1937 4699 2190 4767 κείμενος
2241 4698 2336 4751 καὶ
2381 4697 2461 4768 τῷ
2509 4699 2609 4769 βίῳ
2657 4702 2851 4773 παρὼν
2900 4703 3118 4770 ἐλεγενο
3167 4705 3313 4776 Ἐγώ
3356 4708 3474 4776 είμι
3506 4708 3542 4761 δ

1937 4789 2142 4857 Πατὴρ
2181 4788 2289 4842 τοῦ
2327 4792 2496 4856 Θεοῦ,
2529 4791 2560 4861 ἦ
2587 4834 2597 4854 ,
2626 4793 2728 4862 τῆς
2757 4796 2816 4846 ἐν
2848 4797 3012 4868 σαρκὶ
3046 4797 3357 4867 παχύτητος
3406 4816 3540 4866 φαι-

1939 4879 2195 4948 νομένης,
2228 4879 2413 4947 ἔλεγεν
2438 4896 2450 4908 ·
2499 4881 2646 4950 Ἐγώ
2691 4885 2810 4953 ειμι
2860 4886 2924 4938 τὸ
2972 4888 3239 4957 Πνεῦμα,
3267 4890 3383 4953 πῶς
3415 4889 3483 4943 ἂν
3512 4891 3542 4942 6

1953 4975 2205 5040 Ἰουδαῖος
2233 4977 2367 5041 ὅλως
2399 4977 2660 5049 ἠνέσχετο
2694 4981 2790 5034 καὶ
2824 4981 2997 5050 αὐτῆς
3027 4985 3126 5053 τῆς
3176 4983 3363 5053 φωνῆς
3399 4984 3539 5055 ἀκοῇ

1937 5069 2076 5142 μόνῃ
2117 5069 2523 5139 παραδέξασθαι
2554 5071 2647 5123 τὸν
2678 5067 2845 5143 ἦχον;
2879 5073 2942 5126 Ei
2978 5073 3087 5148 γὰρ
3133 5074 3230 5128 τοῦ
3280 5075 3538 5146 Σωτῆρος

1930 5161 2181 5230 λέγοντος
2206 5161 2402 5214 ἑαυτὸν
2429 5161 2556 5215 Υίὸν
2587 5157 2726 5219 εἶναι
2759 5163 2852 5217 τοῦ
2896 5163 3033 5218 Θεοῦ
3073 5165 3092 5234 (
3110 5163 3138 5218 δ
3163 5164 3228 5237 δὴ
3262 5165 3539 5230 κάκείνοις

1932 5252 2195 5316 πολλάκις
2227 5252 2455 5324 ἐρρήθη,
2490 5255 2602 5318 τοῖς
2646 5255 2839 5324 θυμοῖς
2878 5255 3276 5325 ἀναφλέγοντες
3308 5257 3530 5324 αὐτοὺς,

1932 5347 2013 5412 εἰς
2047 5347 2209 5416 φόνον
2237 5346 2335 5416 τὴν
2365 5346 2536 5418 ὀργῆν
2565 5347 2784 5418 ἐξῆγον,
2805 5347 2901 5401 καὶ
2927 5348 3098 5402 ἐϐόων
3121 5365 3135 5378 ·
3173 5348 3313 5418 Περὶ
3343 5350 3538 5405 καλοῦ

1940 5441 2121 5512 ἔργου
2171 5442 2244 5495 οὐ
2284 5437 2604 5509 λιθάζομέν
2647 5441 2910 5505 σε,‹ἀλλ’
2955 5440 3045 5494 ὅτι
3093 5441 3175 5494 σὺ
3224 5442 3539 5511 ἄνθρωπος

1940 5535 2046 5602 ὢν,
2078 5533 2269 5600 ποιεῖς
2295 5533 2561 5590 σεαυτὸν
2589 5533 2759 5602 Θεὸν,
2790 5536 2844 5590 τί
2883 5535 2952 5592 ἂν
2994 5537 3101 5593 τῶν
3133 5537 3354 5594 ἀτόπων
3395 5553 3538 5609 παρ-
