3978 6218
268 228 405 296 1281

1227 233 1328 292 AD
1365 227 1862 302 QU/ESTIONES
1890 226 2588 290 AMPHILOCHIANAS.

3415 229 3554 297 1282

263 348 448 420 ἦλθον,
480 345 532 399 τί
563 345 607 399 δ’
641 345 743 399 οὐκ
783 343 1050 416 ἐτόλμων,
1079 342 1202 396 τίνα
1233 343 1290 396 δὲ
1322 342 1672 397 διδασκαλίαν
1706 343 1740 412 ἢ
1765 359 1856 395 νο-
1883 376 1895 404 λ

2003 341 2264 396 octrinam
2291 341 2772 413 legislationemve
2816 345 3064 416 accipere
3107 345 3366 404 tulissent
3395 349 3444 406 si
3483 363 3546 404 se

272 439 526 512 μοθεσίαν
557 436 858 508 ὑπέμειναν
889 433 1322 506 παραδέξασθαι,
1349 437 1396 488 εἰ
1426 434 1652 504 Πνεῦμα
1681 433 1856 502 ἆγιον,

266 532 300 603 ἢ
333 531 552 602 Πατέρα
580 528 675 582 τοῦ
701 528 837 582 Θεοῦ
874 529 901 580 6
932 529 1030 599 τὴν
1060 528 1336 598 σωτηρίαν
1365 526 1460 579 τοῦ
1494 527 1688 594 γένους
1718 542 1862 594 πρα-

266 625 680 695 γματευόμενος
725 622 919 677 ἑαυτὸν
977 621 1352 691 ἀνωμολόγει;
1414 618 1626 673 Οὐκοῦν
1681 617 1749 671 δι’
1799 609 1861 669 οὗ

272 717 472 788 μᾶλλον
499 717 875 787 συνηπίστατο
906 716 1003 783 τὴν
1043 715 1317 785 σωτηρίαν
1347 715 1494 784 ἡμᾶς
1537 711 1859 782 κερδαίνειν,

269 810 336 864 δι’
395 811 606 863 ἐκείνου
660 811 754 863 καὶ
816 809 915 880 τὴν
968 810 1241 878 σάρκωσιν
1285 809 1380 860 καὶ
1427 806 1526 876 τὴν
1565 804 1863 872 ἀνάκλησιν

272 904 430 974 ἡμῶν
461 907 494 972 ἠ
523 903 908 972 φιλάνθρωπος
953 902 1049 954 καὶ
1088 900 1334 967 παναγία
1365 897 1535 969 Τριάς
1568 897 1863 965 ὲμεθόδευ-

272 1012 387 1050 σεν.
428 996 640 1058 ’Ἀλλως
684 1011 742 1047 τε
785 993 865 1058 δὲ,
910 993 1038 1054 τοὺς
1073 994 1154 1055 εἰς
1185 991 1412 1060 ἀλογίαν
1458 989 1866 1052 ἀπονεῦσαντας

272 1090 370 1145 καὶ
400 1088 932 1160 παραπεπτωκότας,
973 1085 1304 1154 οἰκειότερον
1339 1078 1407 1152 ἦν
1437 1081 1526 1136 διὰ
1557 1081 1652 1134 τοῦ
1685 1082 1862 1148 Λόγου

274 1178 376 1247 τῆς
407 1178 630 1246 ἀλογίας
671 1176 1075 1244 ἀπαλλαγῆναι·
1112 1174 1200 1226 διὰ
1227 1171 1388 1224 τοῦτο
1422 1171 1532 1241 γὰρ
1563 1172 1867 1239 οἰκονομεῖ-

273 1287 371 1324 ται
401 1269 498 1323 καὶ
520 1273 586 1340 τῇ
611 1269 719 1322 τῶν
743 1268 952 1336 ἀλόγων
984 1264 1345 1335 ἀνακλιθῆναι
1372 1265 1546 1334 φάτνῃ
1574 1263 1602 1314 6
1631 1264 1742 1324 τοῖς
1765 1261 1869 1314 Χε-

277 1363 480 1433 ρουϐὶμ
526 1363 916 1433 ἐποχούμενος,
957 1361 1052 1414 καὶ
1101 1360 1264 1431 μέσον
1311 1357 1522 1424 ἀλόγων
1575 1357 1867 1409 ἀναπεσεῖν

278 1457 778 1528 ὲσπαργανωμένος
815 1457 842 1509 ό
885 1452 1221 1524 δημιουργὸς
1264 1450 1559 1521 συμπάσης
1601 1451 1701 1520 τῆς
1750 1448 1870 1501 κτί-

278 1568 439 1613 σεως.
509 1551 828 1620 Ἐννοήσαις
869 1549 916 1600 δ’
945 1547 1011 1600 ἂν
1047 1546 1294 1609 εἰκότως,
1343 1544 1419 1606 ὡς
1468 1543 1575 1596 ἔδει
1630 1543 1726 1595 καὶ
1771 1542 1869 1611 τὴν

274 1641 702 1713 ἀπαράλλακτον
736 1639 832 1693 καλ⁴
868 1639 1106 1709 φυσικὴν
1146 1637 1330 1690 εἰκόνα
1358 1635 1452 1688 τοῦ
1484 1634 1719 1703 Πατρὸς,
1744 1632 1871 1694 τοὺς

1967 432 2539 502 Spiritumsanctum,
2580 443 2675 489 aut
2706 436 2800 491 Dei
2842 435 3059 494 Patrem
3113 442 3334 510 generis
3400 443 3552 497 salu-

1966 532 2074 580 tem
2123 541 2361 596 operans
2412 526 2705 582 confessus
2753 531 2944 584 esset?
2979 531 3167 602 Atqui,
3226 547 3323 602 per
3380 549 3567 605 quem.

1965 618 2144 688 magis
2193 620 2402 674 sciebat
2452 635 2555 675 nos
2610 621 2840 676 salutem
2895 623 3243 691 lucrifacere,
3279 641 3378 696 per
3407 627 3553 682 hunc

1967 711 2208 766 hominis
2251 726 2440 767 amans
2468 723 2521 768 et
2551 722 2899 768 sacrosancta
2943 714 3185 772 Trinitas
3216 719 3554 773 incarnatio-

1965 818 2090 857 nem
2119 811 2174 857 et
2202 803 2607 859 revocationem
2635 815 2878 862 nostram
2909 808 3194 866 instruxit.
3228 810 3350 865 Alio
3389 813 3552 867 modo

1967 893 2022 946 in
2081 909 2326 948 errorem
2367 895 2659 952 inclinatos
2693 909 2744 953 et
2765 900 2876 970 jam
2919 901 3102 968 lapsos
3153 903 3310 970 quasi
3347 919 3552 960 conve-

1969 983 2210 1041 nientius
2277 997 2395 1042 erat
2470 988 2704 1044 Verbum
2741 1005 2770 1044 a
2813 1001 3041 1060 peccato
3100 994 3408 1063 reducere;
3471 998 3556 1051 id-

1969 1082 2123 1131 circo
2179 1077 2535 1146 dispensatur
2593 1082 2663 1135 ab
2702 1083 3108 1138 irrationalium
3135 1087 3358 1142 stabqu
3393 1103 3558 1144 revo-

1970 1183 2099 1220 care
2135 1169 2229 1238 qui
2258 1170 2800 1238 insidetChernbim,
2823 1184 2876 1228 et
2899 1175 3330 1232 discumberein
3371 1179 3553 1234 medio

1974 1260 2380 1315 irrationalium
2414 1263 2734 1318 Creatorem
2787 1265 2973 1321 omnis
3033 1277 3304 1343 creatura:
3357 1273 3558 1340 pannis

1973 1353 2302 1409 involutum.
2337 1354 2621 1426 Cogitabis
2646 1358 3001 1426 probabiliter
3017 1362 3145 1431 quia
3173 1365 3420 1432 oportuit
3443 1366 3552 1418 im-

1973 1449 2294 1502 mutabilem
2326 1459 2380 1504 et
2411 1451 2715 1505 naturalem
2749 1452 2929 1508 Patris
2965 1454 3280 1523 imaginem,
3314 1457 3380 1510 ad
3415 1457 3557 1512 ima-

1973 1540 2151 1608 ginem
2190 1539 2283 1594 Dei
2312 1553 2362 1596 et
2388 1543 2577 1610 gratiae
2609 1543 2941 1611 productos:
2970 1546 3342 1602 adulterantes
3373 1557 3558 1605 autem

1973 1640 2028 1685 et
2057 1631 2421 1701 depravantes
2452 1635 2896 1700 similitudinem,
2927 1653 3026 1708 per
3070 1641 3468 1696 immutabilem
3505 1650 3563 1696 et

271 1735 401 1790 κατ’
423 1735 611 1788 εἰκόνα
646 1734 742 1802 μὲν
773 1733 908 1785 Θεοῦ
941 1732 1036 1785 καὶ
1061 1731 1244 1801 χάριτι
1273 1729 1589 1798 γεγονότας,
1613 1743 1868 1795 παραχαο

2003 1725 2606 1795 naturalemimaginem
2660 1729 2728 1783 ad
2757 1730 3037 1801 antiquam
3095 1740 3149 1786 et
3193 1732 3555 1790 excellentem

277 1826 556 1897 ράξαντας
609 1826 666 1878 δὲ
714 1825 808 1878 καὶ
858 1821 1466 1892 κατακιόδηλεύσαντας
1499 1820 1560 1872 τὸ
1595 1817 1869 1888 ὁμοίωμα,

273 1921 368 1974 διὰ
427 1920 528 1990 τῆς
623 1918 1044 1990 ἀπαραλλάκτου
1113 1917 1210 1970 ml.
1268 1917 1505 1986 φυσικῆς
1569 1914 1778 1977 εἰκόνος
1829 1914 1909 1978 εἰς

275 2031 464 2068 πειαν.

350 2109 416 2162 δ’.
457 2108 529 2161 ΣΞ)
558 2107 615 2160 δὲ
643 2107 738 2160 καὶ
770 2106 931 2160 τοῦτο
962 2106 1203 2176 λογίζου.
1241 2105 1399 2159 Ἐπεὶ
1429 2106 1624 2177 κριτὴς
1651 2105 1872 2170 ζώντων

275 2201 375 2254 καὶ
408 2198 618 2268 νεκρῶν
646 2199 673 2250 6
703 2197 853 2259 Υἱὸς,
878 2197 997 2264 Τὴν
1029 2197 1140 2267 γὰρ
1171 2198 1376 2266 κρίσιν
1399 2194 1608 2250 πᾶσαν
1632 2194 1874 2259 δέδωκε,

278 2293 443 2363 φησι,
495 2287 576 2354 τῷ
633 2289 764 2354 Υἱῷ,
798 2287 888 2342 διὰ
917 2288 1075 2342 τοῦτο
1103 2290 1192 2342 τὸν
1228 2288 1492 2359 μέλλοντα
1530 2288 1737 2359 κρίνειν
1783 2289 1878 2340 καὶ

277 2384 532 2446 δικάζειν
563 2381 690 2446 τοὺς
726 2381 1081 2452 βεϐιωκότας,
1113 2382 1302 2434 τοῦτον
1335 2381 1498 2436 αὑτὸν
1533 2382 1627 2434 καὶ
1653 2379 1878 2450 νομοθέ-

279 2494 388 2546 την
430 2475 537 2529 ἔδει
572 2476 667 2528 καὶ
710 2475 1014 2545 εἰσηγητὴν
1062 2476 1293 2545 ὁρᾶσθαι
1324 2475 1432 2526 τῶν
1466 2474 1780 2546 πρακτέων,
1815 2473 1878 2525 οὑ

284 2571 506 2643 ῥήμασι
566 2568 703 2639 πρὸς
751 2567 848 2638 τὴν
881 2565 1112 2638 μίμησιν
1168 2567 1592 2637 παρακαλοῦντα
1642 2565 1880 2637 (πολλοῖς

281 2667 402 2736 γὰρ
446 2663 604 2718 τοῦτο
652 2663 745 2717 καὶ
777 2664 958 2726 ἄλλοις
995 2664 1196 2734 μελέτη
1237 2666 1330 2718 καὶ
1376 2665 1702 2734 σπούδασμα
1753 2680 1884 2718 κατ-

281 2757 450 2828 έστη,
481 2755 579 2810 καὶ
620 2756 797 2819 ἄλλως
823 2757 1269 2828 δυσκατόρθωτον
1305 2757 1381 2828 τῷ
1411 2758 1608 2828 πλήθει
1640 2759 1763 2819 τοὺς
1792 2756 1883 2810 λόο

282 2865 428 2918 γους
484 2847 632 2919 ἔργῳ
683 2847 1009 2917 περαίνειν),
1034 2847 1121 2900 διὰ
1146 2847 1202 2900 δὲ
1234 2847 1340 2901 τῶν
1378 2848 1523 2902 κατά
1554 2847 1654 2919 τὴν
1685 2847 1885 2918 πρᾶξιν

285 2941 736 3011 ὑποδειγμάτων,
764 2933 841 2995 ὧν
875 2940 940 2994 ἄν
969 2959 1052 3002 τις
1092 2941 1394 3011 αὐτουργὸς
1425 2942 1640 3010 γένοιτο
1679 2941 1774 2993 καὶ
1807 2940 1887 2993 δι-

283 3034 565 3097 δάσκαλος
600 3034 686 3086 διά
715 3032 808 3086 τοῦ
842 3031 980 3103 βίου,
1029 3031 1220 3104 ὥσπερ
1278 3033 1378 3096 τάς
1440 3034 1743 3105 προφάσεις
1794 3031 1886 3084 τοῦ

289 3125 741 3199 παρολισθαίνειν
807 3125 986 3186 πάσας
1048 3122 1298 3194 ἀφαιρῶν
1356 3125 1384 3177 6
1432 3124 1716 3194 παραινῶν
1765 3123 1894 3192 ὁρᾶς

287 3237 415 3282 ται,
463 3216 683 3286 mit-ip:
713 3216 948 3287 μίμησιν
993 3215 1393 3286 εὐχερεστέραν
1429 3215 1685 3286 παρέχει.
1731 3213 1895 3268 Ἀ).λά

295 3313 405 3365 καὶ
440 3309 500 3362 τὸ
531 3308 775 3378 φίλτρον,
801 3307 830 3360 ὃ
880 3309 993 3370 τοῖς
1017 3306 1349 3375 μανθάνουσι
1395 3307 1518 3377 ttat}
1539 3307 1901 3378 μιμουμένοις

291 3399 587 3467 διασώζει,
637 3397 840 3471 μᾶλλον
905 3399 1078 3470 ταύτῃ
1144 3398 1474 3467 γινώσκεται
1523 3397 1896 3468 ἐπιδεδειγμέ-

298 3514 422 3561 νος.

375 3588 446 3642 ε’.
479 3587 587 3640 Ναὶ
616 3585 682 3656 δὴ
727 3588 821 3640 καὶ
846 3585 981 3640 διότι
1029 3587 1193 3656 σοφία
1217 3584 1312 3641 ml.
1344 3584 1507 3639 εἰκὼν
1539 3584 1783 3655 ἔμψυχος
1812 3586 1907 3638 καὶ

295 3679 735 3752 ἀπαράλλακτος
796 3677 890 3730 τοῦ
957 3679 1169 3748 Πατρὸς
1211 3679 1239 3730 6
1290 3678 1440 3741 Υἰὸς,
1498 3676 1607 3729 ἔδει
1636 3677 1736 3746 τὴν
1788 3676 1907 3729 κατ’

293 3771 500 3826 εἰκόνα
537 3768 635 3840 μὲν
663 3768 798 3821 Θεοῦ
846 3769 1290 3841 μεμορφωμένην
1335 3770 1431 3821 καὶ
1487 3767 1912 3838 ὲξωραῖσθεῖσαν

296 3862 520 3936 ψυχὴν,
555 3861 736 3924 νόθοις
764 3859 820 3912 δὲ
847 3859 1044 3930 βαφαῖς
1086 3861 1183 3914 καὶ
1215 3858 1490 3929 κιὸδῆλοις
1512 3858 1802 3930 χρώμασιν
1835 3860 1914 3922 εἰς

300 3957 374 4014 τὸ
429 3957 531 4027 τῆς
592 3955 873 4026 ἁμαρτίας
911 3953 1151 4018 δυσειδὲς
1188 3972 1244 4007 τε
1292 3954 1387 4006 καὶ
1443 3953 1691 4024 ἄμορφον
1747 3969 1916 4022 μετα-

304 4046 730 4122 μορφωθεῖσαν,
809 4045 898 4099 διὰ
963 4046 1122 4099 τοῦτο
1205 4044 1394 4098 τοῦτον
1481 4045 1646 4115 ἐχρῆν
1715 4044 1918 4116 ταύτην

303 4138 633 4205 ἀπαλλάξαι
698 4138 793 4191 τοῦ
868 4138 1112 4207 αἴσχους,
1169 4140 1264 4191 καὶ
1333 4133 1422 4190 οἶα
1477 4137 1754 4206 γραφικὴν
1802 4138 1922 4189 ἐπι-

310 4234 566 4288 ϐαλόντα
629 4233 786 4302 χεῖρα
822 4228 899 4298 τῷ
958 4228 1306 4299 ὃιερῤυηκότι
1367 4227 1464 4281 καὶ
1523 4225 1920 4297 λελυμασμένῳ

307 4325 666 4400 χαρακτῆρι,
703 4322 1099 4393 ἀναμορφῶσαί
1124 4339 1182 4374 τε
1216 4322 1310 4374 καὶ
1339 4322 1420 4384 είς
1446 4321 1504 4373 τὸ
1530 4321 1757 4390 ἀρχαῖον
1786 4321 1918 4372 ἀνα-

1979 1815 2212 1870 formam
2247 1817 2531 1875 reducere.

1985 1915 2084 1984 τὴν
2154 1914 2391 1985 ἀρχαίαν
2465 1917 2838 1991 ἐπαναχθῆναι
2908 1921 3125 1992 μορφὴν
3197 1921 3292 1976 ml.
3360 1923 3566 1996 εὐπρέ-

2044 2104 2099 2158 4.
2134 2104 2237 2160 Sed
2261 2113 2314 2160 et
2331 2105 2463 2161 illud
2485 2108 2686 2179 cogita.
2715 2108 2848 2163 Cum
2876 2110 3126 2165 vivorum
3149 2119 3204 2166 et
3221 2121 3564 2169 mortuorum

1958 2198 2134 2267 .judex
2195 2200 2267 2255 sit
2321 2200 2494 2257 Filius
2537 2221 2551 2257 :
2589 2202 2756 2259 Omne
2783 2205 2950 2272 enim,
3005 2206 3103 2270 ait,
3143 2207 3414 2277 judicium
3479 2210 3573 2264 de-

1976 2292 2053 2344 dit
2087 2289 2232 2346 Filio
2274 2293 2296 2324 ⁸
2327 2309 2342 2345 :
2395 2294 2539 2361 ideo,
2566 2297 2962 2366 quiajudicare
2981 2298 3352 2367 etjustiiicare
3378 2318 3572 2358 omnes

1983 2385 2077 2452 qui
2101 2384 2364 2440 vixerunt
2414 2389 2617 2454 veniet,
2663 2391 2950 2458 oportebat
2986 2391 3165 2462 ipsum
3199 2394 3569 2465 legislatorem

1984 2484 2037 2529 et
2061 2475 2386 2531 monitorem
2418 2478 2595 2533 videri
2628 2478 2922 2548 factorum,
2964 2499 3076 2539 non
3117 2486 3304 2541 verbis
3333 2487 3402 2542 ad
3448 2489 3573 2543 imi-

1986 2567 2244 2621 tationem
2279 2568 2591 2624 hortantem
2647 2572 2858 2642 (multis
2894 2575 3041 2628 enim
3101 2576 3226 2632 aliis
3273 2579 3389 2634 haec
3435 2595 3572 2637 cura

1985 2664 2040 2709 et
2084 2653 2360 2726 diligentia
2395 2658 2522 2726 fuit,
2560 2668 2616 2715 et
2689 2661 3023 2727 sicJantum
3074 2665 3372 2722 multitudo
3409 2671 3573 2725 verba

1988 2748 2297 2805 actionibus
2355 2750 2685 2807 conﬁrmare
2738 2754 3073 2822 consuevit);
3138 2761 3404 2830 exemplis
3479 2777 3573 2817 au-

1991 2849 2096 2893 tem
2129 2842 2386 2898 exhibitis
2463 2859 2558 2914 per
2607 2860 2730 2916 quae
2784 2857 2839 2902 et
2898 2847 3084 2918 opifex
3137 2859 3221 2920 et,‘
3264 2864 3574 2923 praeceptor

1996 2936 2284 3002 cxstititlet
2316 2937 2693 3006 errorisjviam
2719 2939 2954 2996 destruit
2983 2951 3038 2998 et
3085 2943 3432 3000 imitantibus
3467 2925 3586 2999 me:

1998 3028 2222 3083 thodum
2281 3041 2570 3086 monstrat.
2627 3031 2735 3088 Sed
2793 3036 3123 3092 amatorium
3182 3039 3444 3106 poculum
3499 3051 3586 3093 est

1997 3121 2142 3188 quod
2196 3120 2482 3191 discipulis
2538 3131 2595 3179 et
2643 3125 3015 3186 imitatoribus
3059 3139 3266 3198 servat,
3314 3147 3426 3204 quo
3471 3147 3586 3186 ma-

1999 3209 2081 3281 gis
2107 3209 2518 3270 demonstratus
2545 3215 2840 3272 revelatur.

2084 3583 2136 3637 5.
2166 3582 2327 3637 Certe
2359 3584 2526 3656 igitur
2544 3592 2599 3640 et
2633 3584 2762 3656 quia
2798 3586 3070 3658 sapientia
3109 3596 3166 3644 et
3198 3589 3380 3662 imago
3420 3593 3592 3662 spiri-

2013 3677 2178 3730 tualis
2214 3676 2682 3747 immutabilisque
2708 3675 2907 3744 Patris,
2943 3677 3135 3745 Filius,
3169 3680 3404 3738 debebat
3439 3684 3589 3738 illam

2015 3769 2254 3821 animam
2307 3767 2376 3822 ad
2433 3768 2727 3840 imaginem
2761 3769 2857 3825 Dei
2896 3772 3188 3828 formatam
3222 3783 3276 3830 et
3321 3787 3594 3841 ornatam,

2015 3866 2072 3914 et
2118 3873 2240 3927 qua:
2268 3859 2514 3912 colorum
2555 3858 3046 3916 dehonestamento
3080 3864 3289 3932 peccati
3345 3873 3600 3922 natmau

2019 3962 2083 4002 ac
2114 3946 2344 4002 formam
2380 3962 2562 4017 praise
2590 3946 2823 4013 ferebat,
2854 3949 3001 4004 illam
3024 3953 3092 4007 ab
3131 3951 3433 4024 ignominia
3469 3957 3610 4011 lihe-

2023 4056 2166 4096 rare.
2192 4040 2330 4095 Hinc
2371 4047 2489 4096 arte
2517 4042 2748 4110 pictoria
2775 4051 3017 4098 utentem
3043 4045 3331 4115 oportebat
3361 4062 3487 4102 eum
3509 4064 3610 4103 na—

2025 4141 2162 4186 turae
2191 4133 2488 4203 deperdita:
2515 4140 2569 4188 et
2601 4137 2897 4190 maculatae
2923 4136 2998 4192 ita
3021 4137 3249 4200 mederi.
3281 4148 3339 4194 ut
3361 4141 3610 4210 pulchri-

2028 4226 2161 4279 tudo
2191 4240 2256 4280 ac
2295 4227 2554 4282 nobilitas
2594 4228 2867 4297 primitiva
2908 4239 3350 4299 regeneraretur.
3396 4232 3454 4287 Si
3481 4248 3614 4305 ergo

2030 4319 2268 4390 Spiritus
2315 4329 2410 4375 aut
2448 4318 2610 4376 Pater
2639 4337 2737 4390 pro
2786 4323 2982 4388 nobis,
3025 4333 3207 4380 autem
3244 4323 3621 4382 Filiusincar-

310 4417 695 4491 ζωγραφῆσαι
755 4415 973 4478 κάλλος,
1031 4413 1124 4465 ml.
1187 4413 1285 4484 τὴν
1341 4412 1742 4482 φιλανθρώπως
1819 4411 1895 4480 μὲ¹

2029 4421 2192 4468 natus
2222 4419 2386 4478 esset,
2421 4413 2555 4467 nihil
2588 4413 2813 4470 fecisset
2844 4424 3082 4486 utquam
3117 4416 3354 4473 maxime
3376 4419 3616 4473 humana

309 4495 838 4581 διαμορφωθεῖσαν,
876 4505 1126 4575 ἀφρόνως
1194 4505 1251 4556 δὲ
1318 4502 1800 4573 περιϋϐρισθεῖσαν
1831 4519 1895 4554 κα

2039 4504 2357 4562 inﬁrmitate
2390 4506 2572 4574 lapsos
2619 4515 2712 4560 aut
2759 4515 2942 4563 mente
2973 4508 3039 4561 ad
3082 4509 3287 4564 malum
3324 4523 3615 4578 perversos

329 4601 785 4674 ἁμαυρωθεῖσαν
837 4599 1044 4661 εἰκόνα,
1102 4598 1236 4667 πρὸς
1270 4595 1464 4648 ἑαυτόν
1485 4611 1545 4647 τε
1585 4595 1886 4664 ὲπιστρέψα

2039 4597 2091 4649 in
2127 4596 2356 4651 Salutem
2411 4607 2718 4652 revocaret.
2770 4598 3060 4665 Quomodo
3105 4601 3251 4656 enim
3305 4598 3620 4655 Iudaeorum

2039 4700 2201 4740 aures
2224 4701 2418 4755 capere
2453 4689 2719 4757 potuisset
2754 4689 2800 4742 si
2831 4705 3071 4759 praesens
3127 4690 3181 4744 in
3215 4704 3384 4746 carne
3434 4692 3628 4746 Salva-

2041 4786 2128 4832 tor
2187 4777 2416 4833 dixisset
2446 4779 2593 4849 quod
2627 4783 2717 4851 qui
2757 4781 2925 4854 Moysi
2979 4784 3262 4839 oraculum
3299 4783 3536 4840 reddens
3571 4785 3626 4840 in

2043 4881 2226 4926 monte
2256 4870 2386 4926 Sina
2412 4882 2466 4928 et
2495 4872 2656 4929 Pater
2682 4877 2926 4929 omnium
2953 4883 3006 4929 et
3036 4876 3294 4948 cognitus
3318 4878 3462 4933 etab
3494 4877 3632 4949 ipsis

2043 4964 2330 5020 invocatus
2371 4966 2487 5034 ipse
2519 4966 2641 5032 iste,
2687 4977 2744 5022 ut
2780 4967 2942 5022 homo
2985 4981 3112 5022 cum
3147 4968 3462 5025 hominibus
3492 4983 3632 5025 con-

2048 5063 2300 5113 versatur
2314 5064 2368 5112 et
2393 5057 2510 5128 ipse
2542 5058 2630 5114 ille
2655 5066 2804 5115 esset
2825 5059 2915 5130 qui
2941 5058 3220 5130 quondam
3241 5060 3460 5117 divinas
3484 5059 3632 5131 leges

2051 5148 2254 5205 tabulis
2275 5148 2446 5218 digito
2470 5150 2779 5221 insculptas
2825 5151 3068 5222 scripsit,
3103 5160 3160 5208 et
3197 5152 3376 5223 plagis
3410 5161 3635 5222 propter

2048 5257 2144 5298 eos
2193 5240 2830 5315 1Egyptumﬂagellavit,
2879 5252 2935 5302 et
2982 5241 3082 5316 per
3133 5247 3302 5300 maris
3340 5245 3625 5300 humidam

2053 5342 2307 5390 naturam
2339 5335 2651 5392 immadidis
2682 5335 2912 5408 pedibus
2948 5338 3052 5393 iter
3083 5336 3264 5392 facere
3289 5337 3370 5392 eis
3405 5350 3635 5398 conces-

2053 5428 2162 5491 sit,
2205 5435 2259 5483 et
2307 5442 2535 5498 quaeque
2587 5437 2646 5483 ut
2720 5443 2816 5486 eos
2878 5429 2944 5483 ad
2996 5429 3250 5500 pietatem
3293 5442 3423 5498 erga
3467 5427 3640 5482 Deum

2057 5520 2364 5590 reduceret.
2424 5521 2747 5579 mirabiliter
2809 5520 2975 5579 fecit?
3036 5521 3343 5593 .Qnomodo
3407 5521 3460 5575 ei
3514 5520 3649 5576 talia

320 4699 437 4752 καὶ
471 4698 552 4757 είς
587 4694 684 4764 τὴν
711 4692 946 4764 ἀρχαίαν
988 4693 1152 4746 πάλιν
1207 4689 1490 4758 εὐγένειαν
1542 4689 1933 4758 ἀποκαταστῆ-

315 4808 452 4845 σαι.
493 4786 655 4840 Ἀλλὰ
680 4787 790 4856 γὰρ
821 4785 874 4837 εἴ
902 4802 965 4852 γε
992 4785 1054 4837 τὸ
1083 4783 1308 4852 Πνεῦμα
1337 4824 1350 4848 ,
1386 4782 1417 4852 ἢ
1478 4782 1506 4834 6
1550 4779 1739 4852 Πατὴρ
1791 4780 1932 4849 ὑπὲρ

324 4880 531 4955 ἡμῶν,
596 4877 710 4930 ἀλλ’
745 4878 842 4948 οὐχ
881 4883 910 4930 6
942 4876 1067 4939 Υἱὸς
1121 4876 1492 4946 ἐσεσάρκωτο,
1534 4875 1689 4930 οὐδὲν
1746 4875 1935 4928 ἂνόσα

319 4994 397 5047 γε
435 4975 540 5044 τῆς
573 4973 922 5044 ἀνθρωπίνης
949 4970 1386 5039 ἀντιπιπτούσης
1419 4968 1734 5033 ἀσθενείας,
1771 4969 1801 5039 ἢ
1836 4970 1938 5038 τῆς

317 5067 584 5143 γνώμης
609 5068 688 5130 εἰς
718 5067 778 5119 τὸ
827 5067 1157 5137 κακουργεῖν
1215 5062 1658 5133 ὑποφερομένης,
1715 5060 1822 5114 τῶν
1857 5061 1944 5124 εἰς

329 5159 632 5230 σωτηρίαν
669 5159 867 5221 αὐτοὺς
901 5156 1364 5226 ἀνακαλουμένων
1384 5155 1757 5224 διεπέπρακτο
1785 5169 1797 5184 ⁸
1824 5152 1940 5217 πῶς

320 5257 408 5326 γά
420 5272 459 5325 ρ
506 5251 775 5306 Ἰουδαίων
809 5254 999 5314 ἀκοαῖς
1029 5253 1258 5304 ἀνεκτὸν
1286 5244 1373 5320 ἦν,
1399 5249 1448 5301 εἰ
1481 5247 1645 5316 σαρκὶ
1675 5243 1868 5316 παρὼν
1907 5247 1936 5298 6

325 5350 568 5408 σώσων,
599 5345 807 5414 ἔλεγεν,
843 5345 918 5408 di";
939 5346 967 5396 6
1000 5343 1079 5413 τῷ
1111 5344 1302 5396 Μωσεῖ
1331 5337 1681 5412 χρηματίσας
1725 5339 1783 5391 ἐν
1820 5335 1938 5407 ὄρει

327 5441 509 5512 Σινᾷ,
536 5439 632 5492 ml.
676 5439 869 5510 Πατὴρ
897 5437 1006 5491 τῶν
1039 5437 1176 5492 ὅλων
1209 5436 1303 5490 καὶ
1319 5433 1726 5504 γινωσκόμενος
1756 5431 1941 5493 αὐτοῖς

329 5536 451 5594 καὶ
526 5533 991 5603 ἀνακαλούμενος,
1085 5529 1249 5594 αὐτὸς
1325 5520 1500 5596 οὗτος,
1556 5526 1662 5590 ιὼς
1725 5523 1943 5596 ἀνθρω-

424 5713 452 5743 δ
473 5708 633 5764 Joan.
672 5723 724 5769 ν,
748 5706 838 5759 2'2.

568 5804 841 5878 PA'I‘BQL.
883 5800 999 5858 (in.
1034 5798 1127 5857 Cl.

3218 5783 3291 5842 Μ
