3978 6218
375 223 511 292 1283
1652 231 1952 290 SUPPIEJ

2059 229 2278 294 NTUM
3531 233 3669 298 1284

379 343 581 397 dicenti
620 339 1037 394 ohcdivisscut?
1066 338 1219 406 Quod
1268 339 1594 394 miraculum
1627 340 1695 395 ab
1732 342 1823 393 illo
1858 356 1945 394 ιιοι

2080 359 2199 405 πος,
2250 342 2364 405 τοῖς
2411 339 2749 414 ἀνθρώποις,
2779 343 3309 414 συναναστρέφεται,
3373 344 3470 398 καὶ
3505 348 3669 411 αὐτὸς

373 432 734 503 exegissent?
787 432 846 486 Si
906 433 1053 487 cnim
1121 431 1318 485 Filium
1383 430 1636 486 Salvator
1685 448 1745 487 se
1783 432 1952 502 ipsun

2073 435 2284 501 ἐκεῖνος
2348 435 2434 508 εἴη
2487 437 2517 490 ὁ
2573 436 2743 491 πάλαι
2805 436 2904 502 τὰς
2957 437 3192 501 πλάκας,
3254 439 3311 492 αἶ
3330 439 3456 502 τοὺς
3489 440 3670 506 θείους

374 523 538 590 dixit,
594 524 698 581 etsi
757 523 876 595 ipse
951 524 1154 594 saepius
1240 523 1565 580 invenustus
1622 530 1675 578 et
1736 523 1952 580 inscitus

2074 528 2308 600 θεσμοὺς
2371 528 2590 601 ἔφερον,
2643 528 2894 600 δακτύλῳ
2940 528 3270 601 διαγράψας,
3300 533 3396 585 καὶ
3426 531 3666 603 πληγαῖς

375 615 546 671 lsrael
581 615 724 671 ﬁlius
757 615 1147 686 appellaretur,
1179 615 1258 670 illi
1307 615 1372 671 ad
1409 615 1552 670 hanc
1592 629 1780 671 vocem
1817 616 1967 671 insa-

369 707 580 764 liebant
647 719 702 764 et
769 709 1268 764 obmurmurabant
1321 716 1376 764 et
1433 709 1748 778 blaSphema
1783 710 1969 764 dicere

369 802 714 872 arguebant;
751 803 816 856 ad
849 810 1118 871 quantum
1159 803 1328 872 igitur
1357 803 1625 856 malorum
1683 802 1964 872 fastigium

373 907 479 945 non
516 893 905 956 incurrissent,
938 893 986 947 si
1022 908 1082 949 se
1135 894 1314 962 ipsum
1344 891 1560 948 Patrem
1603 893 1966 963 prazdicassct

370 985 655 1054 accipiens
702 993 950 1042 nostram
980 1001 1226 1052 carnem,
1261 987 1312 1040 iu
1360 987 1578 1056 generis
1613 986 1839 1040 humani
1877 1002 1967 1042 sa-

377 1075 548 1130 lutem
593 1075 774 1132 factus
823 1076 1115 1131 Salvator?
1171 1075 1411 1148 Ideoque
1461 1076 1626 1147 igitur
1673 1076 1960 1148 (quantum

376 1169 693 1224 rationibus
722 1170 978 1225 humanis
1015 1169 1165 1225 lubet
1199 1170 1514 1241 concipere)
1560 1185 1664 1226 non
1697 1169 1858 1225 Pater
1906 1169 1962 1223 ﬁt

367 1262 555 1328 homo,
584 1262 679 1320 sed
699 1262 895 1328 Filius,
915 1273 973 1318 ut
991 1279 1155 1335 quam
1185 1266 1417 1320 maxime
1441 1265 1793 1334 acceptabilis
1814 1265 1966 1320 ticret

371 1352 695 1408 hominibus
745 1355 1008 1410 salutaris
1051 1356 1390 1426 praedicatio,
1425 1364 1479 1411 et
1518 1367 1576 1411 ut
1619 1357 1960 1411 Dominicum

369 1445 800 1519 hominibusque
829 1448 1125 1518 benignum
1157 1463 1296 1518 OpllS
1335 1463 1529 1504 omnes
1567 1447 1959 1503 misericordiae

367 1546 423 1593 et
443 1540 800 1609 providentia:
821 1540 1067 1596 rationes
1090 1540 1364 1596 excedens
1381 1541 1447 1595 ad
1470 1540 1818 1611 ﬁnetn__suum
1838 1555 1962 1612 per-

366 1631 602 1687 veniret.

2069 621 2171 691 τὴν
2200 619 2488 690 Αίγυπτον
2517 619 2661 690 ὑπὲρ
2685 619 2868 674 αὐτῶν
2905 621 3191 691 μαστίξας,
3227 622 3325 675 καὶ
3353 615 3454 694 τὴν
3487 623 3663 692 ὑγρὰν

2071 711 2171 781 τῆς
2206 711 2488 783 θαλάσσης
2547 713 2712 783 φύσιν
2764 713 3093 785 πεζοπορείν
3157 715 3412 787 ἀϐρόχως
3463 716 3665 782 αὐτοὺς

2070 803 2382 874 χαριτὼσας
2406 846 2421 870 ,
2451 805 2547 858 καὶ
2565 805 2664 858 ὅσα
2693 804 2829 860 ἀλλα
2858 805 2996 877 πρὸς
3025 806 3320 878 ἀναγωγὴν
3347 806 3662 868 θεοσεϐείας

2068 897 2130 949 τὸ
2168 896 2314 950 θεῖον
2338 897 2523 959 αὐτοῖς
2563 897 2915 969 ἐδημιούργει
2942 896 3165 967 θαῦμα;
3225 898 3344 960 πῶς
3378 899 3444 953 ἂν
3483 899 3660 954 ταῦτα

2069 987 2340 1056 λέγοντος,
2369 987 2648 1041 ἐπείθοντο
2677 1005 2692 1055 ;
2723 988 2776 1041 τί
2796 990 2853 1042 δὲ
2874 988 2984 1043 τῶν
3021 989 3240 1043 ἀτόπων
3265 991 3532 1062 πράττειν
3557 994 3659 1048 οὐκ

2070 1081 2140 1136 ἀν
2174 1080 2489 1153 ἠρεθίζοντο
2510 1099 2524 1147 ;
2548 1081 2598 1133 εί
2619 1080 2884 1152 γάρ,Υίδν
2902 1081 3152 1150 λέγοντος
3169 1083 3359 1136 ἑαυτὸν
3372 1082 3467 1136 τοῦ
3479 1084 3656 1155 Σωτῆ-

2071 1191 2190 1246 ρος,
2235 1173 2414 1228 καίτοι
2441 1190 2506 1242 γε
2543 1175 2640 1227 καὶ
2673 1173 2836 1234 αὐτὸς
2863 1174 2892 1226 ὁ
2923 1175 3217 1246 ἀχάριστος
3250 1177 3347 1230 καὶ
3384 1175 3659 1248 ἀγνώμων

2081 1267 2296 1339 Ἰσραὴλ
2346 1265 2611 1330 πολλάκις
2657 1266 2774 1330 υίδς
2809 1266 3150 1338 ὠνομάζετο,
3207 1268 3257 1321 οἱ
3309 1267 3368 1321 δὲ
3397 1270 3661 1340 καὶπρὸς

2077 1359 2288 1429 ταύτην
2352 1358 2452 1427 τὴν
2514 1357 2701 1428 φωνὴν
2757 1359 3070 1427 ἑπεπήδων,
3123 1359 3216 1413 καὶ
3255 1359 3357 1430 τῆς
3401 1361 3663 1429 ἀληθείας

2067 1447 2496 1516 κατεγόγγυζον,
2528 1447 2623 1501 καὶ
2685 1445 3039 1518 βλασφημίας
3095 1447 3280 1501 αίτίαν
3352 1445 3661 1518 περιῆπτον

2065 1539 2145 1611 τῷ
2184 1541 2418 1608 λέγοντι,
2447 1540 2526 1603 είς
2555 1541 2707 1593 ποῖον
2764 1539 2833 1593 ἂν
2867 1539 3156 1609 κολοφῶνα
3184 1539 3372 1594 κακῶν
3398 1540 3501 1593 οὐκ
3558 1539 3656 1594 ἀν-

2066 1632 2325 1703 έδραμον,
2384 1632 2433 1685 εί
2523 1631 2746 1704 Πατέρα
2814 1631 3007 1686 ἑαυτὸν
3056 1631 3424 1702 ἀνεκήρυττεν
3473 1633 3502 1686 ὁ
3556 1630 3660 1703 τὴν

362 1724 642 1794 ἡμετέραν
685 1724 973 1781 ἀναλαϐὼν
1008 1727 1209 1800 σάρκα,
1258 1726 1352 1780 καὶ
1387 1725 1560 1780 σῶσαι
1597 1724 1993 1797 παραγεγονὼς
2038 1724 2099 1778 τὸ
2131 1724 2514 1797 ἀνθρώπινονς
2566 1725 2667 1778 Διά
2694 1723 2856 1778 τοῦτο
2897 1722 3078 1778 τοίνυν
3117 1725 3241 1794 (ὅσα
3275 1741 3339 1792 γε
3368 1724 3656 1795 λογισμοῖς

363 1819 735 1889 ἀνθρωπίνοις
757 1823 966 1893 λαϐεῖν)
1002 1825 1102 1895 οὐχ
1131 1826 1159 1877 ὁ
1193 1823 1381 1894 Πατὴρ
1405 1823 1692 1894 ἄνθρωπος
1721 1821 1960 1892 γίνεται,
1999 1822 2115 1875 ἀλλ’
2144 1823 2172 1875 ὅ
2203 1839 2264 1890 γε
2299 1821 2449 1885 Υἱὸς,
2512 1821 2590 1884 ὡς
2653 1819 2720 1874 ἂν
2773 1819 3013 1890 μάλιστα
3070 1817 3477 1888 εὐπαράδεκτον
3539 1821 3658 1886 τοῖς

360 1913 680 1987 ἀνθρώποις
736 1918 799 1971 τὸ
844 1920 1116 1990 σωτήριον
1173 1919 1403 1989 γένηται
1458 1920 1742 1990 κήρυγμα,
1772 1919 1864 1972 καὶ
1892 1918 1955 1972 τὸ
1993 1919 2312 1972 δεσποτικὸν
2375 1919 2472 1972 καὶ
2529 1915 2922 1990 φιλάνθρωπον
2950 1915 3112 1987 ἔργον
3138 1915 3232 1969 καὶ
3280 1915 3460 1971 πάντα
3487 1914 3656 1984 λόγον

359 2009 685 2082 οἰκτιρμῶν,
735 2011 830 2064 καὶ
880 2012 1142 2083 προνοίας
1202 2013 1574 2084 ὑπερϐαῖνον,
1632 2013 1713 2074 είς
1769 2011 1944 2081 πέρας
1983 2011 2411 2082 έξενηνεγμένον
2446 2011 2556 2082 εἴη.

437 2107 494 2162 6.
539 2105 811 2161 Similiter
855 2123 986 2163 vero
1031 2109 1077 2163 si
1130 2109 1353 2179 quidem
1420 2109 1662 2180 Spiritus
1722 2117 1950 2166 sanctus

2130 2109 2204 2176 ς’,
2247 2109 2520 2172 Ὡσαύτως
2541 2109 2597 2162 δὲ
2623 2107 2716 2162 καὶ
2748 2108 2798 2162 εί
2825 2107 2884 2161 τὸ
2907 2104 3132 2178 Πνεῦμα
3157 2105 3220 2161 τὸ
3249 2105 3406 2174 ἀγιον
3433 2104 3651 2177 ὑπέστη

360 2213 590 2255 carnem
649 2196 943 2267 induisset,
983 2209 1097 2254 tum
1145 2196 1353 2255 Judaais
1383 2198 1580 2255 fuisset
1636 2201 1948 2270 iniquitatis

360 2297 418 2346 et
467 2288 804 2345 inﬁdelitatis
833 2290 974 2346 idem
1015 2299 1313 2362 praetextus
1360 2301 1416 2348 et
1467 2293 1697 2349 moleste
1747 2293 1957 2349 ferendi

360 2382 820 2451 repugnandique
857 2383 1143 2438 excusatio
1209 2393 1264 2438 et
1298 2385 1610 2439 avertenda:
1668 2383 1960 2441 calumniae

357 2473 531 2531 ﬁctio.
596 2475 653 2530 Si
705 2477 852 2531 enim
914 2475 969 2531 in
1021 2478 1309 2533 sententiis
1359 2478 1474 2534 suis
1560 2478 1958 2535 subobscuram

356 2567 600 2638 aliquam
658 2571 998 2626 sacrosancti
1048 2570 1287 2642 Spiritus
1331 2573 1687 2643 proferebant
1732 2573 1956 2640 famam,

356 2676 491 2717 sane
533 2664 658 2734 quia
723 2665 1112 2735 prophetarum
1163 2665 1473 2721 doctrinam
1534 2668 1820 2723 audientes
1873 2669 1959 2722 di-

360 2754 617 2812 dicerant
665 2759 861 2813 melius
909 2774 1036 2814 esse
1090 2770 1286 2815 natura
1321 2760 1585 2827 humana,
1628 2761 1764 2816 nihil
1796 2775 1953 2815 com-

359 2863 528 2904 mune
576 2851 730 2904 carni
780 2860 834 2906 et
870 2851 1111 2923 spiritui,
1168 2862 1224 2908 et
1271 2851 1458 2907 divina
1498 2855 1722 2908 oracula
1765 2854 1954 2925 aliquo

356 2943 520 2997 modo
560 2943 663 3000 sibi
709 2946 1220 3019 reprmsentabatit;
1279 2945 1434 3002 Isaia:
1485 2947 1630 3002 enim
1677 2949 1956 3019 pr0pheta:

358 3033 524 3087 verba
591 3051 608 3090 :
699 3033 934 3104 Spiritus
984 3018 1199 3092 Domini
1254 3055 1412 3109 super
1472 3057 1583 3102 me,
1629 3041 1746 3095 ideo
1787 3018 1951 3095 iunxit

355 3139 441 3178 me
484 3123 526 3187 ⁸,
583 3134 676 3179 aut
741 3125 960 3184 Davidis
1004 3128 1336 3185 clamantis:
1393 3127 1657 3198 Spiritum
1707 3143 1952 3186 sanctum

357 3222 508 3267 tuum
553 3230 618 3267 ne
669 3214 887 3282 auferas
961 3232 993 3270 a
1038 3233 1119 3270 me
1151 3219 1206 3280 ’,
1295 3229 1389 3272 aut
1421 3217 1623 3287 Moysis
1679 3221 1946 3290 originem

2059 2205 2158 2274 τὴν
2211 2202 2577 2274 σάρκωσιν,ή
2625 2200 2764 2271 αὑτὴ
2817 2201 2884 2256 ἂν
2941 2195 3012 2272 ἦν
3070 2201 3184 2264 τοῖς
3229 2199 3507 2262 Ἰουδαίοις
3552 2202 3653 2270 τῆς

2057 2293 2455 2367 ἀγνωμοσύνης
2489 2294 2584 2348 καί⁵
2617 2293 2878 2355 ἀπιστίας
2917 2293 3182 2363 γινομένη
3219 2291 3518 2362 πρόφασις,
3554 2292 3654 2346 καὶ

2056 2388 2151 2442 τοῦ
2185 2387 2561 2458 δυσχεραίνειν
2593 2387 2690 2440 καὶ
2722 2383 3189 2449 ἀπαυθαδίζεσθαι
3221 2381 3534 2454 καταφυγὴ,
3560 2381 3652 2435 δο-

2060 2480 2233 2535 κοῦσα
2291 2479 2390 2552 τὴν
2450 2479 2704 2552 διαϐολὴν
2761 2476 3204 2549 ἀποτρέπεσθαι·
3269 2476 3318 2530 εί
3383 2474 3496 2546 γὰρ
3559 2474 3657 2529 καὶ

2063 2573 2316 2647 ἀμυδράν
2345 2591 2468 2627 τινα
2490 2573 2588 2644 τὴν
2623 2572 2752 2644 περὶ
2779 2570 2875 2625 τοῦ
2909 2571 3176 2640 παναγίου
3211 2568 3530 2640 Πνεύματος
3563 2568 3656 2621 δό-

2065 2663 2162 2728 ξαν
2187 2662 2310 2726 ταῖς
2347 2661 2560 2715 έαυτῶν
2592 2659 2857 2724 διανοίαις
2908 2662 3257 2732 περιέφερον,
3285 2659 3401 2715 ἀλλ’
3432 2655 3528 2713 οὖν
3567 2659 3656 2713 ὅτι

2061 2756 2312 2825 κρεῖττον
2347 2754 2446 2826 τῆς
2491 2751 2843 2826 ἀνθρωπίνης
2879 2750 3116 2824 φύσεως,
3148 2753 3244 2808 καὶ
3286 2750 3467 2806 κοινὸν
3498 2751 3656 2805 οὐδὲν

2062 2847 2229 2918 σαρκὶ
2280 2847 2376 2900 καὶ
2427 2845 2724 2916 πνεύματι,
2753 2845 2881 2909 τούς
2927 2863 2989 2900 τε
3028 2846 3140 2900 τῶν
3168 2844 3469 2917 προφητῶν
3510 2861 3653 2916 χρη·-

2062 2937 2237 3007 σμοὺς
2283 2935 2579 3001 ἀκούοντες
2632 2934 3028 3008 ἀνεμάνθανον,
3084 2936 3181 2990 καὶ
3227 2934 3486 3007 θειότητά
3525 2952 3652 2989 τινα

2058 3047 2125 3083 πε
2136 3030 2187 3099 pi
2220 3027 2387 3082 αὑτοῦ
2416 3028 2798 3097 ἐφαντάζοντο,
2821 3027 2982 3082 τοῦτο
3009 3027 3127 3099 μὲν,
3158 3027 3400 3098 Πνεῦμα
3427 3027 3652 3097 Κυρίου

2056 3123 2150 3176 ἐπ’
2185 3121 2309 3192 ἐμὲ,
2337 3116 2410 3178 οὗ
2440 3122 2674 3176 εἵνεκεν
2723 3120 2934 3191 ἐχριαέ
2986 3137 3080 3189 με,
3111 3118 3206 3173 τοῦ
3253 3119 3477 3173 Ἡσαΐου
3521 3136 3653 3174 κατ-

2057 3213 2433 3284 αγγέλλοντος,
2465 3212 2624 3266 τοῦτο
2655 3211 2714 3268 δὲ
2763 3210 2860 3266 τοῦ
2887 3211 3073 3276 Δαϐὶδ,
3128 3211 3200 3266 Τὸ
3237 3209 3486 3281 Πνεῦμά
3533 3227 3651 3265 σου

356 3303 550 3357 mundi
593 3303 962 3361 describentis
1003 3324 1018 3361 :
1056 3325 1074 3358 ο
1116 3305 1353 3376 Spiritus
1397 3307 1496 3362 Dei
1512 3283 1814 3390 '[erebutu'r
1864 3327 1952 3366 su-

2059 3307 2121 3360 τὸ
2171 3305 2346 3374 ἅγιον
2387 3304 2474 3375 μὴ
2503 3304 2864 3375 ἀντανέλῃς,
2898 3303 3000 3359 ἀπ’
3040 3303 3212 3373 ἐμοῦ,
3243 3303 3362 3370 καί,
3403 3303 3651 3373 Πνεῦμα

353 3411 446 3465 per
511 3411 678 3465 aquas
734 3396 794 3459 ⁸,
861 3404 914 3451 et
980 3407 1242 3452 sexcenta
1301 3399 1407 3452 alia
1451 3399 1807 3468 hujusmodi,
1884 3416 1952 3456 ex

353 3488 558 3559 quibus
597 3487 925 3544 diviniorem
960 3505 1126 3560 quam
1176 3492 1479 3547 secundum
1523 3492 1798 3548 hominem
1836 3491 1954 3564 Spi-

357 3581 498 3635 ritus
549 3588 804 3635 naturam
856 3582 1208 3646 inducebant,
1241 3585 1346 3640 etsi
1395 3601 1507 3640 non
1550 3601 1687 3656 pure
1734 3587 1800 3641 ad
1828 3587 1950 3658 ejus

352 3671 683 3742 theologiam
757 3673 958 3728 exinde
1047 3674 1677 3748 ducerentur:quanto
1774 3679 1948 3749 magis

353 3761 642 3818 Sadducaii
677 3764 1004 3820 derisissent
1047 3774 1102 3821 et
1140 3768 1397 3823 manibus
1429 3769 1800 3842 dentibusque
1828 3787 1949 3843 my-

347 3861 578 3917 sterium
637 3860 999 3929 lacerassent,
1056 3863 1104 3920 si
1151 3864 1277 3934 quis
1327 3864 1408 3919 eis
1459 3865 1730 3930 dedisset,
1779 3881 1950 3937 appa-

348 3960 556 4004 rentem
598 3950 651 4004 in
683 3965 851 4006 carne
889 3953 1336 4023 discerpsissent,
1363 3953 1483 4023 ejus
1510 3955 1944 4009 incarnationem

349 4051 408 4097 ut
443 4049 498 4098 et
532 4043 849 4112 angelorum
893 4045 1273 4100 exsistentiam
1307 4054 1572 4116 negantes
1603 4049 1646 4100 ⁸.
1677 4047 1811 4101 (tum
1848 4047 1948 4115 igi-

349 4145 440 4190 tur
477 4145 529 4190 et
571 4135 751 4193 Patris
781 4145 832 4193 et
865 4136 1104 4208 Spiritus
1139 4139 1447 4194 iucarnatio
1485 4137 1692 4194 Judtcis
1721 4141 1946 4194 omnino

346 4230 762 4299 inacceptabilis
809 4245 954 4287 esset
1002 4241 1055 4287 et
1102 4232 1252 4287 salus
1295 4233 1532 4302 generis,
1578 4248 1700 4302 quae
1745 4249 1946 4302 scopus

345 4329 398 4376 et
434 4322 781 4393 providentia
818 4322 910 4378 Dei
948 4331 1150 4378 eratet
1193 4338 1289 4394 per
1335 4339 1498 4394 quam
1537 4325 1818 4379 evacuatio
1856 4324 1942 4377 in-

342 4416 703 4482 evacuabilis,
753 4416 876 4471 linis
926 4431 1088 4486 quem
1127 4417 1317 4470 habuit
1359 4418 1412 4470 in
1450 4415 1588 4471 Filio
1633 4417 1942 4481 incarnato,

343 4507 518 4560 multa
577 4506 846 4575 indigeret
885 4508 1263 4577 arceptatioue
1310 4514 1363 4560 et
1415 4505 1772 4576 probabiliter
1812 4520 1940 4576 pro-

341 4603 463 4664 pter
509 4594 734 4648 multam
770 4596 930 4648 aliain
986 4596 1311 4665 sapientiam
1350 4594 1698 4660 ineffabilem,
1744 4605 1797 4649 et
1833 4595 1941 4649 hu-

341 4686 522 4742 manis
576 4688 883 4744 ratiociniis
930 4689 1538 4759 incomprehensihilcm
1566 4729 1581 4754 ,
1625 4686 1798 4745 Filius
1845 4689 1941 4744 de-

339 4787 490 4834 creto
522 4777 722 4846 Patris,
763 4783 964 4836 virtute
1008 4781 1348 4837 sacrosancti
1393 4781 1651 4852 Spiritus,
1692 4791 1937 4836 nostram

339 4872 576 4928 iutluens
603 4890 848 4942 carnem,
886 4877 1101 4948 generis
1149 4877 1372 4933 humani
1413 4891 1761 4932 communem
1790 4873 1938 4931 salu-

339 4971 450 5018 tem
487 4965 734 5035 perfecit.

2057 3398 2207 3453 Θεοῦ
2235 3399 2558 3468 ἐπεφέρετο
2592 3397 2793 3452 ἐπάνω
2847 3397 2954 3452 τοῦ
3001 3396 3242 3465 ὕδατος,
3269 3396 3518 3459 Μωσέως
3550 3399 3650 3461 τὴν

2054 3492 2448 3563 κοσμογένειαν
2477 3491 2911 3562 ἀναγράφοντας,
2945 3490 3041 3543 καὶ
3079 3489 3252 3561 μυρία
3273 3488 3410 3543 ἀλλα
3429 3504 3444 3520 ο
3481 3489 3540 3555 ἐξ
3569 3481 3649 3541 ὧν

2054 3583 2334 3656 θειοτέραν
2375 3585 2474 3654 μὲν
2509 3585 2541 3654 ἢ
2573 3583 2715 3638 κατὰ
2751 3581 3042 3653 ἄνθρωπον
3071 3581 3171 3653 τὴν
3201 3581 3298 3635 τοῦ
3328 3579 3650 3651 Πνεύματος

2053 3673 2218 3744 φύσιν
2247 3673 2642 3744 ἀνελογίζοντο,
2673 3675 2722 3726 εἰ
2761 3673 3019 3742 καὶπρὸς
3049 3670 3147 3743 τὴν
3188 3670 3355 3724 αὐτοῦ
3389 3669 3649 3740 καθαρῶς

2053 3768 2335 3837 θεολογίαν
2382 3768 2484 3821 οὐκ
2513 3767 2798 3837 ἀνήγοντο.
2827 3766 3048 3820 Μᾶλλον
3099 3765 3158 3818 δὲ
3193 3765 3244 3818 οί
3296 3764 3648 3818 Σαδδουκαῖοι

2050 3857 2308 3928 διεγέλων
2343 3857 2408 3911 ἂν
2437 3855 2534 3911 καὶ
2559 3854 2904 3927 διεχλεύαζον
2934 3855 2994 3908 τὸ
3028 3855 3347 3926 μυστήριον,
3383 3854 3479 3908 καὶ
3514 3870 3648 3925 χερ-

2053 3951 2140 4004 σὶν
2178 3950 2244 4003 ἂν
2286 3950 2382 4003 καὶ
2410 3947 2645 4014 ὀδοῦσιν,
2682 3948 2841 4012 εἴτις
2867 3934 3049 4011 αὐτοῖς
3075 3947 3270 4011 ἐδίδου,
3304 3946 3395 4000 τὸν
3445 3948 3649 4015 ἐπιφαι-

2051 4043 2211 4096 νέντα
2259 4042 2497 4096 διέσπων
2552 4058 2614 4094 τε
2660 4042 2757 4096 καὶ⁴
2804 4041 3229 4112 διεσπάρασσον,
3267 4040 3364 4095 ἀτε
3407 4040 3532 4112 μηδ’
3563 4042 3648 4101 εἰς

2052 4134 2284 4206 ὓπαρξιν
2310 4134 2448 4197 ὅλως
2471 4131 2670 4199 ἐλθεῖν,
2702 4132 2894 4204 ὥσπερ
2921 4132 3044 4205 μηδ’
3069 4131 3320 4201 ἀγγέλων
3347 4131 3530 4202 φύσιν,
3555 4131 3648 4185 ἀν-

2048 4227 2330 4298 εχομένοις
2349 4227 2548 4292 λέγειν,
2571 4225 2606 4297 ἢ
2636 4224 2919 4296 λογισμοῖς
2941 4223 3317 4295 ἀναδέχεσθαι.
3357 4222 3512 4276 Ἐπεὶ
3548 4219 3644 4277 οὖν

2048 4320 2082 4390 ἥ
2133 4335 2194 4372 τε
2238 4317 2334 4372 τοῦ
2385 4318 2600 4387 Πατρὸς
2637 4318 2734 4372 καὶ
2782 4319 2816 4388 ἡ
2851 4315 2946 4370 τοῦ
2991 4317 3314 4387 Πνεύματος
3363 4315 3644 4386 σάρκωσις

2045 4413 2158 4474 τοῖς
2197 4409 2472 4475 Ἰουδαίοις
2507 4409 2787 4472 παντελῶς
2817 4405 2887 4480 ἦν
2916 4409 3443 4481 ἀπαράδεκτος,-καὶ
3467 4409 3501 4478 ή
3536 4422 3643 4461 σω-

2046 4503 2208 4576 τηρία
2236 4503 2332 4557 τοῦ
2362 4505 2573 4573 γένους,
2605 4503 2744 4571 ὅπερ
2780 4498 2850 4574 ἦν
2894 4504 2922 4556 ὁ
2950 4501 3154 4566 σκοπὸς
3193 4501 3291 4555 καὶ
3337 4502 3371 4574 ἡ
3406 4500 3640 4572 πρόνοια

2048 4597 2141 4649 τοῦ
2190 4596 2372 4659 Θείου,
2429 4596 2524 4649 καὶ
2591 4595 2659 4650 δι’
2699 4597 2766 4667 ἢν
2823 4596 2856 4666 ἡ
2911 4594 3142 4657 κένωσις
3198 4593 3291 4647 τοῦ
3357 4593 3637 4647 ἀκενώτου

2049 4691 2225 4762 πέρας
2275 4685 2388 4744 οἷον
2445 4689 2595 4761 έσχε,
2655 4687 3032 4759 σαρκωθέντος
3081 4686 3175 4741 τοῦ
3230 4685 3386 4752 Υἰοῦ,
3453 4685 3638 4756 πολλῴ

2047 4781 2216 4834 ἐνέδει
2239 4780 2333 4834 τοῦ
2362 4781 2640 4848 δέξασθαι,
2672 4781 2899 4843 είκότως
2939 4780 2967 4832 ὁ
2995 4778 3120 4843 Υἱὸς
3141 4781 3236 4833 καὶ
3269 4779 3412 4833 κατά
3435 4777 3636 4851 πολλὴν

2045 4874 2213 4944 ἄλλην
2267 4874 2482 4944 σοφίαν,
2537 4873 2779 4946 ἇρρητόν
2826 4889 2887 4925 τε
2929 4873 3024 4927 καὶ
3069 4872 3440 4944 ἀνθρωπίνοις
3488 4871 3635 4940 λογι-

2045 4969 2204 5036 σμοῖς
2233 4965 2642 5038 ἀκατάληπτον,
2671 4965 2893 5037 εὑδοκίᾳ
2937 4965 3037 5036 μὲν
3065 4965 3161 5018 τοῦ
3210 4964 3443 5036 Πατρδς,
3483 4966 3634 5036 ἐνερ-

337 5059 466 5131 γείᾳ
521 5060 578 5114 δὲ
643 5062 741 5116 τοῦ
821 5064 1094 5134 παναγίου
1146 5065 1492 5138 Πνεύματος,
1545 5064 1648 5137 τὴν
1701 5064 1981 5137 ἡμετέραν
2035 5061 2322 5117 ἀναλαϐὼν
2369 5063 2570 5131 σάρκα,
2611 5061 2711 5135 τὴν
2758 5061 2944 5134 κοινὴν
2989 5060 3084 5115 τοῦ
3124 5062 3320 5132 γένους
3353 5063 3630 5134 σωτηρίαν

409 5282 744 5353 ΩΟΛΞΞΤΙΟ
771 5289 1100 5346 CCXXVIH.
1132 5290 1322 5365 [CoisL
1361 5293 1528 5352 Taur.
1566 5292 1833 5367 LXXVH

790 5404 867 5460 De
894 5418 1090 5461 natura
1119 5415 1168 5462 et
1209 5424 1458 5478 persona.

338 5492 356 5516 ²
397 5513 686 5586 Apparens
715 5520 768 5573 in
797 5518 1041 5584 Christo,
1073 5521 1203 5592 quid
1229 5522 1393 5578 erat?
1423 5530 1620 5578 natura
1653 5530 1748 5578 aut
1785 5537 1915 5593 per-

398 5718 548 5772 ‘lsa.
587 5734 699 5786 ut,
766 5718 815 5771 l.
897 5720 916 5749 ⁷
959 5717 1104 5776 l’sal.
1156 5721 1330 5787 ι,11.
1410 5721 1598 5777 “Gen.
1661 5738 1698 5790 ι,
1751 5723 1807 5776 9..

2047 5159 2562 5233 ἐπραγματεύσατο.

2570 5295 2909 5352 ΕΡΩΤΗΣΙΣ
2943 5299 3124 5352 ΣΚΙΡ.

2329 5406 2470 5477 Περὶ
2508 5408 2749 5478 φύσεως
2787 5409 2887 5465 καὶ
2924 5409 3342 5478 ὑποστάσεως.

2100 5523 2174 5576 Τὸ
2208 5523 2533 5596 φαινόμενον
2569 5522 2664 5579 τοῦ
2694 5523 2959 5597 Χριστοῦ,
2989 5524 3042 5579 τί
3071 5519 3176 5598 ἧν;
3210 5523 3375 5596 φύσις
3415 5524 3449 5597 ἢ
3479 5521 3626 5594 ,ὑπόο

1861 5724 1910 5794 _'
1949 5721 2069 5776 Act.
2109 5738 2268 5789 mu,
2326 5722 2380 5777 8.
3587 5775 3618 5789 ..
