3978 6218
353 270 497 338 1285

1315 272 1418 333 AD
1452 271 1951 345 QU/ESTIONES
1990 272 2713 340 'AlilPIIlLOCHIA‘t‘IAS.1

3511 279 3649 344 1286

350 406 580 457 στασις;
631 385 748 443 ἀλλ’
778 385 828 441 εἰ
867 386 966 459 μὲν
1006 386 1328 454 ὑπόστασις,
1357 388 1475 443 ἔστι
1524 390 1584 444 δὲ
1632 389 1727 444 καὶ
1773 392 1835 445 τὸ
1872 393 1935 463 μὲ

2052 391 2227 446 sona?
2268 389 2324 447 Si
2369 392 2591 462 quidem
2626 406 2883 463 persona,
2910 393 3114 465 quippe
3143 409 3267 466 quae
3288 403 3373 451 est
3410 410 3515 450 non
3553 411 3650 465 ap-

347 482 695 551 φαινόμενον,
728 481 848 553 ἦτοι
896 482 930 551 ή
975 480 1071 535 τοῦ
1114 481 1290 549 Λόγου
1323 484 1646 549 ὑπόστασις,
1679 485 1772 539 δύο
1813 484 1941 556 ἄρα,

345 578 484 647 ὅπερ
512 575 735 629 ἄτοπον.
763 577 825 629 El
852 575 909 629 δὲ
937 575 1099 645 φύσις
1120 617 1136 641 ,
1172 576 1344 631 πλείω
1373 579 1440 633 τά
1466 578 1642 633 ἄτοπα
1663 595 1676 608 ·
1713 580 1945 635 καθόλου

344 686 405 722 τε
433 668 541 738 γάρ
565 669 661 723 καὶ
688 668 991 739 ὀφθαλμοῖς
1020 670 1120 724 οὑκ
1154 669 1301 725 ἔστιν
1330 673 1502 742 ὁρατὴ
1529 673 1813 742 (ἐννοεῖται
1837 673 1945 745 γὰρ

344 760 443 815 καὶ
475 761 618 815 κατὰ
646 760 952 833 πλειόνων)·
987 762 1106 826 πῶς
1137 762 1250 832 δὲῆ
1278 768 1651 834 κυοφορείται,
1679 765 1713 836 ἢ
1749 766 1945 835 γεννᾶ-

343 870 434 906 ται
462 852 658 921 φύσις;
706 854 802 906 καὶ
854 854 1027 923 μυρία
1071 854 1229 909 ἄλλα.
1263 854 1403 909 Οὔτε
1434 856 1619 924 φύσις,
1652 856 1777 912 οὕτε
1807 860 1945 913 ὑπό-

345 962 556 1009 στασις,
580 946 717 999 ἀλλὰ
750 946 916 1017 μέρος
949 948 1051 1017 τῆς
1081 948 1177 1002 τοῦ
1212 949 1385 1019 Λόγου
1420 950 1673 1004 συνθέτου
1702 952 1944 1006 ὑποστάο

344 1052 506 1104 σεως,
532 1038 670 1109 ὅπερ
707 1038 857 1092 ἐστὶν
890 1040 1278 1095 ὲνυπόστατον.
1327 1042 1387 1095 Ei
1426 1042 1483 1095 δὲ
1520 1044 1615 1097 καὶ
1648 1044 1946 1100 ὑπόστασίν

341 1146 428 1193 τις
455 1129 589 1183 αὑτὸ
618 1129 718 1183 οὑκ
744 1130 912 1201 ἀλλην
937 1133 1089 1203 παρὰ
1116 1133 1215 1204 τὴν
1240 1133 1338 1186 τοῦ
1368 1134 1564 1203 Λόγου,
1600 1136 1859 1206 προσθεὶς
1887 1140 1945 1191 ὲν

340 1222 408 1291 τῇ
438 1221 752 1293 ἀποκρίσει,
788 1224 1047 1297 ἀποφήνῃ
1067 1266 1081 1291 ,
1116 1225 1259 1294 τάχα
1286 1224 1351 1279 ἂν
1377 1226 1439 1279 οὑ
1474 1228 1659 1291 κακῶς
1693 1231 1780 1300 εἴη
1811 1234 1946 1305 πρός

340 1329 406 1380 γε
456 1314 857 1386 Νεστοριανοὺς
920 1318 1370 1390 ἀποκρινόμενος.
1417 1322 1747 1393 Ἀχώριστός
1795 1328 1944 1379 εστιν

341 1406 606 1478 ὲαυτῆςή
642 1409 834 1476 Τριὰς,
871 1409 904 1480 ἢ
952 1413 1047 1464 καὶ
1096 1412 1351 1483 ίδιώμασι
1398 1415 1494 1468 καὶ
1538 1415 1717 1483 λόγοις
1762 1418 1945 1487 μόνοις

340 1499 657 1570 χωρίζεται,
693 1504 788 1555 καὶ
819 1503 917 1556 οὑκ
943 1503 1058 1556 ἔστι
1082 1503 1191 1557 τῶν
1216 1504 1387 1558 ὄντων
1416 1507 1591 1574 οὐδὲν,
1618 1509 1675 1562 ὲν
1704 1503 1749 1578 ᾧ
1776 1511 1809 1578 ή
1846 1512 1945 1580 μὲν

340 1590 608 1661 Πατρικὴ
638 1592 902 1665 πάρεστιν
934 1595 1255 1660 ὑπόστασις,
1281 1597 1480 1652 ἄπεστι
1510 1600 1566 1652 δὲ
1596 1601 1629 1670 ἡ
1656 1601 1749 1654 τοῦ
1782 1601 1940 1668 Υἱοῦ,

338 1682 373 1752 ἢ
408 1685 440 1753 ἡ
474 1682 569 1738 τοῦ
600 1687 966 1756 Πνεύματος,
1000 1688 1116 1741 ἀλλ’
1146 1690 1247 1743 ὅσα
1278 1690 1581 1762 πληροῦται
1611 1692 1711 1763 τῆς
1734 1696 1943 1762 Πατρι-

2054 500 2277 553 parens,
2311 486 2525 541 scilicet
2552 484 2713 541 Verbi
2737 502 2997 556 persona,
3022 489 3130 543 duo
3172 504 3327 557 ergo,
3364 488 3513 559 quod
3550 491 3649 543 ab‘
3738 498 3743 509 λ

2053 576 2279 629 surdum
2291 574 2375 645 .ISi
2401 590 2531 630 vero
2555 586 2773 643 natura,
2793 578 3089 633 absurdum
3111 580 3399 647 accrescit,
3421 585 3647 652 necjam

2053 674 2225 719 totum
2254 666 2356 721 hoc
2377 666 2651 737 inspicere
2683 678 2916 737 possunt
2946 670 3089 723 oculi
3123 670 3473 740 (intelligitur
3495 673 3642 727 enim

2051 758 2199 811 circa
2238 759 2441 827 plura);
2484 760 2705 829 ecquid,
2747 776 2878 814 num
2916 761 2971 815 in
3023 771 3178 816 utero
3209 772 3481 831 gestatur,
3513 779 3647 817 num

2052 850 2295 919 gignitur
2330 851 2572 905 natura?
2617 860 2672 907 et
2707 862 2969 907 sexcenta
3021 852 3146 906 alia.
3192 854 3386 924 Neque
3425 864 3644 920 natura,

2052 958 2489 1011 nequepersona,
2537 944 2631 998 sed
2664 960 2915 1014 personm
2965 945 3292 1000 coadunatae
3326 946 3488 1001 Verbi
3518 962 3647 1016 pars

2052 1049 2172 1104 qua:
2196 1044 2279 1089 est
2312 1033 2720 1105 personilicata.
2753 1034 2886 1103 Qua:
2920 1051 3051 1091 vero
3092 1036 3137 1089 si
3178 1038 3303 1106 quis
3343 1053 3447 1091 non
3499 1038 3648 1093 aliud

2050 1145 2173 1183 esse
2209 1143 2374 1199 quam
2416 1126 2575 1184 Verbi
2613 1144 2924 1199 personam,
2975 1145 3239 1199 responso
3267 1131 3520 1200 ampliori
3556 1147 3647 1187 re-

2052 1222 2214 1287 velet,
2250 1237 2349 1275 nec
2408 1221 2549 1274 male
2577 1221 2743 1275 etiam
2778 1222 2842 1273 ad
2868 1218 3232 1277 Nestorianos
3268 1224 3643 1292 responderit.

2049 1315 2202 1368 Anne
2225 1314 2573 1368 indivisibilis
2597 1322 2679 1368 est
2703 1313 2756 1366 in
2787 1329 2845 1367 se
2869 1312 3130 1376 Trinitas,
3154 1323 3249 1368 aut
3296 1316 3649 1385 proiirietati-

2050 1407 2174 1470 bus,
2207 1414 2302 1460 aut
2338 1406 2617 1460 ationibus
2645 1412 2858 1458 tantum
2888 1405 3184 1472 dividitur;
3219 1422 3320 1461 nec
3344 1418 3430 1463 est
3481 1410 3647 1479 quid-

2050 1498 2181 1567 quid
2217 1500 2493 1553 exsistens
2520 1500 2573 1552 iu
2602 1513 2709 1567 quo
2738 1505 2845 1552 stet
2880 1497 3065 1552 Patris
3092 1514 3348 1569 persona,
3383 1501 3527 1557 absit
3550 1518 3644 1557 au-

2050 1600 2156 1646 tem
2200 1588 2370 1656 Filii,
2406 1591 2489 1645 vel
2526 1588 2761 1658 Spiritus
2811 1606 3080 1661 persona;
3131 1591 3223 1645 sed
3251 1632 3264 1654 ,
3307 1608 3429 1661 qum
3472 1595 3648 1663 replet

2053 1683 2259 1749 Patris,
2307 1699 2370 1738 ea
2408 1684 2580 1753 replet
2608 1684 2771 1737 etiarn
2818 1684 3148 1739 alterutrius
3177 1685 3410 1738 aliorum
3449 1701 3639 1755 perso-

338 1772 457 1841 κῆς
486 1774 844 1840 ὑποστάσεως
864 1816 880 1840 ,
912 1780 1005 1832 καὶ
1035 1780 1303 1850 ἑκατέρας
1330 1758 1442 1834 τῶν
1476 1758 1935 1856 ἄλλωννπληροῦ-

2053 1793 2119 1829 na
2139 1785 2192 1830 et
2219 1777 2572 1847 reciprociter
2593 1776 2771 1831 iNum
2790 1777 3027 1831 dicimus
3053 1795 3065 1832 :
3095 1777 3335 1831 Persona
3362 1776 3494 1832 Filii
3515 1795 3647 1834 caro

336 1882 449 1929 ται,
480 1868 572 1920 καὶ
598 1866 659 1920 τὸ
690 1869 961 1923 ἀνάπαλιν
989 1888 1003 1936 ;
1049 1871 1193 1937 Πῶς,
1221 1872 1473 1941 λέγοντες
1517 1876 1615 1945 τὴν
1666 1876 1760 1929 τοῦ
1803 1878 1941 1931 Υἱοῦ

339 1957 725 2028 σεσαρκῶσθαι
764 1960 860 2012 καὶ
886 1962 1250 2032 γεγεννῆσθαι
1274 1964 1595 2033 ὑπόστασιν,
1627 1969 1658 2043 ἢ
1684 1969 1744 2021 οὑ
1770 1970 1942 2040 χωρὶς

340 2050 441 2119 μὲν
489 2050 591 2120 τῆς
630 2051 725 2106 τοῦ
759 2054 989 2121 Πατρός
1033 2058 1127 2109 καὶ
1178 2056 1276 2110 τοῦ
1323 2060 1671 2129 Πνεύματος
1701 2062 1942 2116 ὑποστά-

337 2159 509 2210 σεως,
548 2144 581 2215 ἢ
630 2147 891 2210 κάκείνας
918 2150 1249 2221 γεννηθῆναι
1282 2152 1376 2205 καὶ
1410 2154 1763 2224 σαρκωθῆναι
1811 2173 1942 2224 συγ-

334 2234 693 2303 χιι)ρήσομεν;
739 2236 864 2288 Ἐπὶ
885 2237 993 2290 τῶν
1016 2240 1232 2307 γενέσει
1256 2240 1349 2295 καὶ
1373 2242 1549 2314 φθορᾷ
1573 2245 1797 2299 δυνατόν
1822 2248 1939 2301 ἐστι

334 2325 504 2390 δεῖξαι
550 2326 729 2395 τοῦτο,
768 2329 855 2382 ἵνα
886 2332 981 2385 καὶ
1016 2332 1297 2404 ἀχώριστά
1342 2336 1458 2389 ἐστι
1502 2340 1569 2408 τῇ
1616 2339 1936 2406 ὑποστάσει,

335 2420 431 2471 καὶ
458 2421 579 2482 ἐνὸς
610 2421 818 2477 τούτων
843 2425 1130 2492 ποιοῦντος
1157 2469 1172 2494 ,
1204 2430 1237 2501 ἢ
1269 2431 1594 2503 πάσχοντος,
1639 2437 1805 2505 μηδὲν
1831 2438 1941 2490 τῶν

335 2510 537 2565 λοιπῶν
562 2514 621 2567 τὸ
649 2516 784 2569 αὑτὸ
817 2520 1022 2591 ποιεῖῆ
1056 2521 1276 2592 πάσχει,
1312 2524 1493 2593 πολλῴ
1526 2526 1635 2597 ἄρα
1685 2529 1815 2599 ῥᾷον
1846 2530 1940 2582 ἐπὶ

334 2603 445 2657 τῶν
482 2606 709 2663 ἀπαθῶν
752 2612 849 2664 καὶ
887 2613 1186 2683 ἀκηράτων
1220 2616 1575 2672 ὑποστάσεων
1616 2619 1777 2673 τοῦτο
1810 2638 1940 2689 συγ-

335 2699 555 2767 χωρεῖν.
591 2701 952 2774 Παράδειγμα
981 2704 1061 2769 δὲ,
1093 2706 1186 2760 τοῦ
1214 2708 1405 2778 ίπυρὸς
1436 2710 1469 2781 ή
1504 2712 1809 2784 φωτιστικὴ
1845 2715 1939 2768 καὶ

336 2790 604 2861 καυστικὴ
640 2792 865 2861 ποιότης
886 2810 899 2823 ·
936 2798 1083 2849 ποιεῖ
1109 2797 1217 2867 γὰρ
1243 2798 1449 2852 τούτων
1481 2801 1719 2873 ἑκατέρα
1741 2841 1756 2867 ,
1790 2800 1938 2872 ἀχώ-

337 2897 521 2951 ριστος
561 2882 695 2937 οὖσα
741 2886 843 2956 τῆς
883 2886 1099 2958 λοιπῆς,
1132 2891 1225 2943 καὶ
1274 2891 1440 2961 μηδὲν
1490 2892 1727 2964 θατέρας
1770 2897 1828 2947 ὲν
1859 2894 1939 2965 τῷ

336 2974 510 3024 ποιεῖν
536 2974 636 3045 τῆς
668 2975 865 3045 ἑτέρας
896 2978 1405 3050 ποιοὺσης.Ἀλλως
1434 2981 1489 3035 δὲ
1522 2983 1649 3036 εἰτὸ
1669 2983 1936 3055 γεννηθῆ-

334 3082 424 3118 ναι
462 3066 553 3120 τδν
584 3068 713 3122 Υίὸν
740 3072 805 3124 ὲκ
830 3072 923 3125 τοῦ
960 3074 1174 3145 Πατρὸς
1203 3075 1264 3129 οὑ
1296 3076 1396 3147 τὴν
1425 3076 1732 3147 ἀχώριστον
1764 3077 1939 3148 ὑπαρ-

334 3156 418 3224 ξιν
446 3161 548 3229 τῆς
583 3160 764 3214 αὑτῶν
792 3163 1166 3231 ὑποστάσεως,
1204 3166 1435 3238 ἢτόπῳ,
1468 3168 1500 3237 ἢ
1538 3168 1735 3238 χρόνῳ,
1773 3167 1806 3238 ἢ
1853 3169 1935 3221 ὲν-

333 3252 527 3325 spreta
576 3256 824 3327 χωρίζει,
855 3258 1018 3328 μόνον
1066 3260 1123 3313 δὲ
1173 3261 1235 3314 τὸ
1290 3261 1492 3333 ἰδίωμα
1534 3262 1632 3333 τῆς
1684 3261 1780 3315 τοῦ
1814 3261 1941 3315 Υἱοῦ

332 3345 668 3418 παρίστησιν
700 3351 1073 3420 ὑποστάσεως,
1103 3356 1227 3409 οὑδὲ
1256 3356 1317 3410 τὸ
1351 3356 1701 3429 σαρκωθῆναι
1750 3356 1845 3410 καὶ
1877 3357 1942 3410 ὲκ

335 3437 617 3509 Παρθένου
658 3445 920 3515 τεχθῆναι
969 3447 1198 3516 χωρίσει
1253 3449 1468 3517 Πατρὸς
1516 3448 1548 3520 ἢ
1599 3447 1939 3518 Πνεὺματοςν

2052 1868 2198 1922 facta
2226 1876 2280 1923 et
2319 1870 2523 1939 genita,
2561 1877 2657 1923 aut
2686 1870 2807 1923 sine
2831 1867 3016 1922 Patris
3038 1878 3092 1925 et
3124 1869 3364 1939 Spiritus
3398 1886 3637 1940 persona

2061 1968 2156 2013 aut
2188 1961 2567 2031 illas-quoque
2591 1976 2819 2015 carnem
2856 1962 3027 2016 factas
3053 1973 3105 2016 et
3138 1964 3351 2033 genitas
3381 1965 3644 2019 concedi-

2054 2053 2210 2108 mus?
2254 2052 2311 2106 In
2350 2056 2624 2108 creaturis
2672 2062 2728 2107 et
2768 2053 3049 2122 corruptis
3097 2055 3397 2111 ostendere
3442 2072 3644 2127 possu-

2053 2162 2176 2200 mus
2198 2144 2329 2215 quia
2357 2154 2487 2200 suut
2512 2160 2748 2215 persona
2773 2145 3152 2211 intlivisibilis,
3203 2155 3279 2208 et,
3314 2162 3379 2200 ex
3424 2147 3504 2203 eis
3531 2164 3642 2201 uno

2053 2248 2272 2308 agente,
2326 2237 2411 2292 vel
2465 2238 2727 2307 patiente,
2757 2249 3091 2292 caeterorum
3154 2238 3293 2293 nihil
3327 2238 3471 2293 idem
3527 2240 3644 2301 agit

2049 2328 2133 2382 vel
2178 2310 2429 2398 patitur;
2485 2328 2639 2397 atqui
2696 2328 2869 2381 multo
2903 2326 3117 2382 facilius
3157 2336 3242 2383 est
3289 2329 3645 2400 impassibili-

2054 2421 2155 2475 bus
2174 2421 2584 2488 etincorruptis
2610 2419 2867 2489 personis
2908 2419 3042 2472 illud
3067 2420 3395 2474 concedere.
3447 2419 3645 2475 Exem-

2054 2515 2200 2583 plum
2243 2513 2314 2567 sit
2336 2512 2389 2565 in
2424 2513 2549 2581 igne
2574 2512 2765 2566 lucens
2793 2520 2847 2565 et
2874 2527 3040 2566 urens
3067 2513 3310 2581 qualitas
3338 2531 3351 2566 :
3410 2523 3646 2582 utraque

2049 2606 2196 2659 enim
2230 2619 2419 2658 earum
2461 2602 2574 2672 agit
2602 2601 2840 2657 indivise
2885 2601 2953 2655 ab
2986 2601 3182 2665 altera,
3220 2616 3320 2655 nec
3368 2601 3642 2657 alterutra

2050 2699 2162 2763 agit
2198 2697 2251 2750 in
2280 2696 2496 2750 actione
2537 2694 2767 2749 alterius
2791 2694 3032 2765 agentis.
3064 2693 3187 2747 Alio
3230 2692 3393 2748 modo
3419 2694 3467 2748 si
3493 2696 3643 2765 quod

2049 2789 2224 2846 Filius
2258 2806 2287 2844 a
2328 2788 2490 2843 Patre
2528 2788 2797 2859 gignitur,
2844 2803 2951 2841 non
3018 2788 3142 2841 ideo
3172 2786 3407 2842 indivisa
3444 2802 3640 2842 eorum

2051 2899 2301 2955 persona:
2330 2880 2655 2937 exsistetitia
2677 2879 2949 2934 dividitur
2970 2880 3053 2934 vel
3084 2880 3230 2945 loco,
3258 2881 3340 2934 vel
3371 2891 3637 2953 temporc,

2049 2979 2131 3030 vel
2171 2976 2394 3040 virtute,
2423 2974 2518 3029 sed
2552 2974 2668 3027 sola
2701 2988 2953 3044 persona:
2989 2971 3113 3026 Filii
3146 2972 3492 3045 significatur
3512 2990 3641 3044 pro-

2048 3074 2292 3143 prietas;
2329 3072 2432 3126 tsic
2487 3069 2635 3139 quod
2692 3085 2825 3123 caro
2882 3068 3065 3123 lactus
3102 3078 3187 3125 est
3222 3080 3278 3125 et
3336 3086 3366 3126 e
3403 3070 3636 3143 Virgine

2053 3177 2238 3228 natus,
2269 3180 2377 3219 non
2400 3164 2522 3217 ideo
2550 3180 2577 3217 a
2611 3162 2798 3229 Patre,
2844 3163 2934 3217 vel
2958 3161 3169 3233 Spiritu
3219 3164 3514 3231 dividitur,
3541 3165 3639 3221 sed

2060 3259 2175 3312 Sola
2208 3255 2335 3310 Filii
2367 3255 2685 3309 coadunatm
2711 3270 2961 3326 personae
2997 3255 3347 3327 significatur
3380 3258 3635 3327 proprie-

2046 3359 2152 3405 tus.
2190 3348 2418 3404 Ferrum
2447 3348 2592 3401 enim
2619 3363 2743 3402 cum
2779 3348 3003 3402 cnditur
3030 3360 3087 3404 et
3116 3351 3170 3403 in
3196 3350 3377 3419 aliqua
3411 3366 3637 3405 suarum

2047 3444 2376 3514 qualitatum
2412 3439 2729 3502 all‘ectatur,
2762 3440 2817 3494 in
2845 3443 3117 3511 gravitate
3149 3457 3257 3498 non
3305 3441 3627 3499 allectatur.

335 3530 533 3603 ἰδίωμα
564 3532 621 3586 δὲ
651 3535 813 3604 μόνον
840 3537 941 3607 τῆς
968 3536 1063 3590 τοῦ
1094 3536 1227 3593 Υίοῦ
1275 3540 1535 3593 συνθέτου
1578 3538 1935 3600 ὑποστάσεως
1973 3534 2351 3605 παραστήσει·
2401 3534 2430 3587 ὁ
2478 3531 2697 3603 σίδηρος
2726 3529 2835 3604 γάρ
2862 3531 3201 3603 τυπτόμενος
3264 3534 3357 3587 καὶ
3411 3528 3641 3606 πάσχων

292 3700 301 3706 ,
332 3629 476 3683 κατά
502 3646 629 3684 τινα
666 3629 777 3684 τῶν
822 3632 882 3684 ὲν
930 3633 1079 3704 αὑτῷ
1105 3635 1431 3707 ποιοτήτων,
1459 3635 1519 3689 οὑ
1551 3635 1751 3707 πάσχει
1780 3633 1923 3688 κατὰ
1965 3632 2269 3703 βαρύτητα.

1696 3774 2028 3846 QUAZSTIO
2068 3771 2357 3830 CCXXIX.

1111 3895 1287 3968 Hujus
1323 3898 1632 3969 quies-tionis
1672 3915 1798 3969 pars
1823 3898 1971 3968 prior
1997 3896 2113 3964 jam
2143 3901 2317 3947 exstat
2350 3905 2514 3959 supra
2555 3888 2657 3943 col.
2692 3887 2852 3945 1025.

404 4007 471 4079 β’.
508 4009 667 4072 Τινὲς
705 4009 764 4063 δὲ
815 4009 926 4063 τῶν
954 4010 1203 4083 ἀρχαίων
1228 4015 1350 4067 οὑδὲ
1393 4014 1649 4068 σύνθετον
1680 4014 1923 4066 ὑπόστα-

332 4119 439 4167 σιν,
471 4101 663 4173 ῶσπερ
689 4102 811 4157 οὐδὲ
836 4102 1093 4158 σύνθετον
1113 4106 1295 4176 φύσιν,
1321 4108 1632 4177 εἰρήκασιν,
1667 4106 1806 4160 ἀλλά
1834 4123 1926 4159 σε-

332 4194 697 4265 σαρκωμένην
726 4195 826 4265 μὲν
852 4195 948 4249 τοῦ
982 4196 1158 4265 Λόγου
1191 4198 1491 4252 ὑπόστασιν
1531 4200 1626 4252 καὶ
1656 4200 1921 4269 ἅσαρκον,

332 4283 591 4338 σύνθετον
646 4284 704 4340 δὲ
756 4285 964 4339 οὐκέτι.
999 4289 1062 4341 Oi
1118 4289 1175 4342 δὲ
1227 4290 1483 4359 νεώτεροι
1528 4291 1619 4342 καὶ
1648 4289 1922 4357 σύνθετον,

328 4371 508 4442 οἶμαι,
542 4376 666 4429 ἀντὶ
690 4376 784 4430 τοῦ
814 4379 1238 4449 σεσαρκωμένου
1273 4381 1368 4434 καὶ
1394 4379 1557 4450 μόνου
1595 4381 1755 4435 τοῦτο
1783 4381 1922 4452 λαμ-

329 4470 609 4532 ϐάνοντες.
655 4470 816 4523 Ἀλλά
852 4471 987 4540 φασί
1014 4489 1161 4537 τινες
1186 4491 1199 4504 ο
1239 4473 1363 4539 Πῶς
1397 4472 1491 4530 οὖν
1550 4475 1610 4528 τὸ
1664 4475 1918 4530 σύνθετον

328 4561 528 4614 ταύτὸν
552 4561 631 4631 τῷ
660 4560 847 4632 άπλῷ;
890 4564 985 4616 καὶ
1027 4563 1140 4634 γάρ
1178 4563 1303 4618 οὔτε
1332 4567 1393 4619 τὸ
1414 4567 1653 4632 ἁπλοῦν,
1696 4567 1833 4639 ὅπερ
1866 4567 1925 4621 τὸ

331 4654 610 4718 σύνθετον,
647 4655 775 4709 οὔτε
802 4657 863 4709 τὸ
894 4656 1173 4725 σύνθετον,
1210 4659 1350 4730 ὅπερ
1374 4659 1434 4713 τὸ
1478 4660 1711 4715 ἁπλοῦν·
1749 4662 1926 4715 ἄτοπα

329 4748 387 4801 δὲ
414 4745 608 4801 ταῦτα.
646 4746 835 4811 Οὕτως
864 4750 960 4801 καὶ
990 4752 1050 4803 ὲν
1083 4752 1150 4822 τῇ
1185 4751 1333 4821 ἁπλῇ
1358 4750 1452 4804 τοῦ
1478 4753 1658 4819 Λόγου
1685 4752 1927 4805 ὑποστά-

331 4856 415 4892 σει
446 4840 508 4893 τὸ
536 4841 879 4912 πρόσκαιρον
912 4843 1007 4895 καὶ
1029 4844 1308 4914 ἠργμένον
1331 4886 1344 4904 ,
1379 4844 1570 4915 ὥσπερ
1610 4849 1667 4899 ὲν
1704 4850 1770 4916 τῇ
1801 4863 1928 4899 συν-

330 4929 501 5001 θέτῳο
540 4932 636 4984 καὶ
666 4932 802 4986 ἄλλα
836 4933 1027 5004 μυρία.
1066 4934 1176 4987 Καὶ
1208 4935 1266 4988 ὲν
1292 4938 1363 5006 τῇ
1399 4934 1639 5007 συνθέτῳ
1681 4935 1845 4989 πάλιν
1867 4935 1927 4988 τὸ

332 5024 502 5095 μηδὲν
530 5025 810 5095 ἠργμένον
840 5024 1095 5096 ὁρᾶσθαι,
1130 5026 1226 5079 καὶ
1259 5026 1415 5090 τέλος
1469 5027 1604 5097 μηδὲ
1643 5026 1927 5099 σεσαρκῶ-

330 5118 456 5172 σθαι
475 5136 489 5150 ο
512 5118 689 5173 ταῦτα
721 5119 833 5191 γὰρ
863 5121 896 5190 ή
922 5120 1103 5189 ἁπλῆ·
1146 5122 1241 5175 καὶ
1275 5121 1364 5175 διὰ
1395 5121 1569 5177 ταῦτα
1599 5124 1694 5177 καὶ
1718 5122 1789 5176 τά
1815 5140 1927 5176 τοι·

330 5210 469 5266 αὕτα
488 5213 538 5265 oi
572 5212 796 5265 παλαιοὶ
821 5212 884 5266 τὸ
912 5212 1170 5266 σύνθετον
1206 5214 1573 5286 παρῃτοῦντο.
1617 5216 1689 5268 Ἢ
1721 5214 1818 5268 καὶ
1850 5215 1925 5286 μὴ

330 5301 585 5356 σύνθετον
637 5301 888 5373 λέγομεν,
921 5303 1038 5356 ἀλλ’
1053 5303 1230 5370 ἁπλῆν
1256 5304 1361 5369 ἀεὶ,
1382 5304 1624 5376 ἄσαρκόν
1641 5306 1696 5359 δὲ
1728 5306 1820 5360 καὶ
1839 5323 1923 5359 σε·

330 5396 693 5468 σαρκωμένην
706 5395 1097 5467 λαμϐάνοντες,
1120 5397 1294 5451 ταύτὰ
1316 5396 1588 5468 ἕψεταιοεί
1602 5398 1710 5469 γάρ
1732 5398 1926 5469 ἐστινὴ

328 5486 465 5555 αὐτὴ
491 5486 789 5550 ὑπόστασις
815 5488 909 5541 καὶ
946 5486 1041 5558 μία
1071 5490 1105 5559 ἠ
1139 5490 1377 5560 ἄσαρκος
1402 5492 1470 5562 τῇ
1505 5491 1924 5563 σεσαρκωμένῃ,

328 5578 362 5649 ἢ
387 5578 456 5632 τὰ
480 5578 577 5648 τῆς
602 5578 992 5649 άσάρκου,ζτῆς
1026 5582 1476 5653 σεσαρκωμένης,
1505 5583 1602 5638 καὶ
1624 5586 1693 5638 τά
1717 5587 1816 5655 τῆς
1847 5602 1928 5637 σε·

330 5670 699 5742 σαρκωμένης
725 5671 822 5741 τῆς
836 5672 1079 5742 άσάρκου
1101 5674 1276 5741 ἔσται,
1305 5675 1359 5746 ἢ,
1390 5678 1439 5729 εί
1466 5676 1561 5731 καὶ
1654 5678 1793 5749 αὑτὴ
1832 5678 1927 5731 καὶ

334 5762 432 5831 μία
450 5763 596 5818 ἐστὶν
618 5764 963 5835 ὑπόστασιςῆ
989 5783 1045 5819 τε
1068 5766 1308 5839 ἄσαρκος
1331 5767 1424 5823 καὶ
1451 5769 1484 5839 ἡ
1507 5771 1920 5843 σεσαρκωμένη,

2097 4008 2154 4062 2.
2205 4005 2344 4060 Sunt
2390 4016 2636 4060 veterum
2681 4002 2903 4074 quidam
2935 4002 3028 4073 qui
3058 4018 3233 4074 neque
3262 4005 3632 4074 compositam

2030 4100 2395 4172 bypostasim,
2444 4115 2620 4168 neque
2676 4097 3038 4166 compositam
3064 4105 3316 4152 naturam
3355 4114 3500 4166 csse,
3535 4101 3631 4156 sed

2030 4192 2371 4245 incantatam
2404 4188 2569 4243 Verbi
2622 4188 2969 4260 hypostasim
3003 4198 3055 4243 et
3092 4205 3201 4245 non
3236 4190 3583 4248 incarnalam
3616 4234 3632 4256 ,

2030 4299 2136 4337 non
2214 4297 2344 4337 vero
2388 4281 2746 4352 compositam
2780 4296 2904 4336 csse
2945 4281 3223 4338 dixerunt.
3274 4283 3630 4342 Rccentiores

2028 4386 2212 4430 autem
2273 4376 2685 4445 compositum,
2748 4381 2807 4426 ut
2858 4373 3118 4437 videtur,
3177 4391 3277 4445 pro
3341 4376 3630 4431 incarnato

2028 4468 2375 4523 solummodo
2469 4468 2802 4523 habuerunt.
2888 4468 2959 4522 At
3052 4468 3242 4522 dicunt
3326 4470 3626 4524 nonnulli:

2030 4560 2277 4625 Quonam
2304 4559 2465 4614 modo
2497 4560 2862 4629 compositum
2911 4576 3078 4613 unum
3126 4570 3181 4614 ct
3231 4560 3371 4615 idem
3405 4576 3468 4615 ac
3496 4560 3629 4616 sitn-

2033 4654 2149 4721 plex
2177 4653 2198 4704 ’ί
2231 4649 2479 4721 Namque
2514 4668 2689 4721 neque
2721 4652 2955 4721 simplex
2984 4654 3291 4722 composito
3315 4654 3625 4719 consimile,

2030 4761 2208 4815 neque
2283 4744 2651 4815 compositum
2725 4746 3026 4814 simplici:
3091 4762 3213 4815 quae
3290 4746 3448 4816 plane
3523 4748 3625 4802 ab-

2029 4839 2217 4892 surda.
2240 4837 2506 4893 Similiter
2537 4838 2590 4892 in
2627 4838 2863 4909 simplici
2886 4838 3050 4893 Verbi
3086 4839 3370 4910 ltypostasi
3406 4841 3626 4897 exsistit

2030 4932 2365 5000 contingens
2398 4939 2452 4985 et
2484 4940 2754 4998 creatum,
2791 4939 2851 4985 ut
2904 4933 2957 4986 in
3001 4932 3347 5001 composito;
3396 4942 3451 4987 et
3505 4950 3626 4989 sex-

2030 5034 2191 5079 centa
2220 5024 2350 5078 alia.
2382 5021 2450 5077 Et
2499 5022 2554 5077 in
2588 5023 2915 5093 composito,
2955 5039 3132 5092 neque
3164 5023 3334 5077 ullum
3376 5034 3621 5079 creatum

2031 5114 2330 5178 invenitur,
2370 5128 2548 5185 neque
2578 5114 2931 5169 incarnatum
2973 5115 3189 5169 videtur
3223 5132 3237 5169 :
3278 5124 3406 5170 sunt
3440 5124 3620 5169 autem

2032 5206 2147 5261 lucc
2176 5206 2227 5259 iu
2271 5205 2548 5272 simplici;
2592 5207 2718 5260 talia
2766 5215 2897 5262 sunt
2946 5207 3267 5277 similiaque
3308 5207 3481 5260 multa
3533 5221 3623 5259 ar-

2028 5308 2287 5368 gumenta
2321 5298 2524 5368 quibus
2560 5308 2773 5353 veteres
2821 5301 3190 5369 compositum
3232 5298 3616 5367 repudiarunt.

2029 5391 2200 5448 Visne
2257 5409 2366 5445 non
2422 5394 2785 5462 compositam
2846 5395 3127 5458 dicamus,
3168 5393 3263 5446 sed
3311 5394 3615 5463 simplicem

2030 5501 2264 5556 semper,
2302 5486 2638 5540 incarnatam
2678 5496 2731 5541 et
2770 5504 2878 5542 non
2926 5489 3265 5541 incarnatam
3309 5488 3623 5557 ponentes?

2032 5587 2335 5650 sequentur
2362 5580 2553 5634 eadem
2593 5600 2605 5636 :
2639 5596 2877 5651 namque
2904 5581 2947 5634 si
2986 5597 3090 5635 non
3123 5580 3407 5634 incarnata
3440 5588 3494 5633 ct
3537 5582 3625 5633 in-

2030 5681 2255 5729 carnata
2310 5674 2623 5743 liyposlasis
2669 5686 2798 5728 sunt
2844 5690 3011 5729 unum
3066 5682 3120 5730 et
3160 5672 3326 5736 idem,
3368 5681 3462 5726 aut
3509 5690 3615 5726 non

2032 5768 2338 5825 iucat'uuttc
2369 5767 2588 5838 propria
2621 5769 2837 5823 incruut
2868 5766 3187 5833 incarnutm,
3235 5775 3287 5821 ct
3320 5766 3614 5819 int-arnatte
