3978 6218
365 229 507 298 1287
1652 252 2272 347 SUPPLEMENTUM
2682 248 2699 277 -'
3516 249 3657 317 1283

356 350 593 422 propria
628 367 740 411 non
769 352 1105 431 ineat-nata;
1158 377 1298 437 aut,
1342 370 1391 425 si
1440 370 1751 428 substantia
1782 371 1961 426 incar-

2071 371 2173 424 οὐκ
2194 369 2412 441 ἀνάγκη
2426 368 2657 424 ἕπεσθαι
2681 368 2752 426 τὰ
2773 370 2894 442 ειρη
2903 366 3160 440 μένα.ζοὑ
3181 366 3288 440 γὰρ
3306 366 3495 441 ἐπειδὴ
3510 371 3538 423 6
3553 369 3665 422 Πέ-

368 451 500 498 nata
529 450 593 549 et.
616 460 729 502 non
763 447 1047 508 incarnata
1088 471 1261 513 unum
1292 470 1423 517 sunt
1444 471 1499 519 et
1537 463 1703 530 idem,
1732 463 1960 519 minime

2069 478 2189 535 τρος
2225 463 2318 516 καὶ
2357 462 2775 535 ἐσταυρωμένος
2805 462 2903 516 καὶ
2927 461 3301 534 ἀσταύρωτος,
3334 463 3369 533 ἡ
3398 460 3537 533 αὑτὴ
3560 461 3660 516 καὶ

370 545 713 605 propositum
755 545 911 614 sequi
946 562 1177 607 necesse
1226 562 1334 612 est.
1365 556 1663 614 Enimvero
1701 559 1829 630 quia
1864 559 1961 615 Pe-

2069 554 2163 626 μια
2179 555 2327 609 ἐστὶν
2349 555 2669 619 ὑπόστασις,
2689 554 2722 627 ἢ
2740 553 3131 627 ὀξάσταύρωτος
3151 553 3661 627 τῷὲσταυρωμένῳ,

366 632 488 681 trus
517 631 825 690 cruciﬁxus
872 645 928 693 et
979 641 1100 697 non‘
1130 646 1433 701 cruciﬁxus
1474 649 1665 703 eadem
1702 660 1787 705 est
1831 652 1963 705 sub-

369 720 573 775 8tantia
613 732 665 779 et
711 741 844 795 una,
883 746 994 787 non
1047 734 1173 792 inde
1202 740 1454 808 sequitur
1485 755 1593 795 non
1635 741 1961 796 cruciﬁxum

367 812 636 870 cruciﬁxo
680 819 917 876 similem
968 839 1113 893 esse,
1156 832 1237 885 vel
1284 846 1394 886 non
1448 834 1712 888 cruciﬁxo
1779 837 1964 891 cruci-

370 898 565 958 ﬁxum.
602 906 730 972 Aut,
771 911 819 964 si
855 912 949 969 tibi
996 917 1196 986 placet,
1226 922 1352 990 quia
1385 924 1477 992 qui
1513 927 1732 994 negavit
1777 934 1830 979 et
1871 927 1963 997 qui

371 1008 475 1049 suo
519 999 793 1069 sanguine
823 1014 1058 1065 testatus
1098 1021 1151 1064 et
1199 1013 1491 1071 confessus
1528 1025 1632 1080 est,
1667 1026 1797 1073 sunt
1832 1020 1966 1074 sub-

354 1089 581 1144 stantia
616 1107 721 1146 una
763 1096 1055 1166 eteadem,
1080 1117 1210 1156 num
1258 1104 1383 1160 ideo
1416 1105 1568 1163 dices
1609 1107 1861 1163 conﬁteri
1914 1117 1970 1163 et

372 1195 586 1253 negare
623 1187 825 1242 similia
874 1205 1023 1257 esse,
1058 1202 1152 1247 aut
1181 1212 1305 1265 quae
1355 1198 1408 1252 in
1460 1208 1697 1255 testante
1749 1202 1972 1256 homine

369 1271 736 1331 observantur
758 1279 1250 1356 inreninnturque,
1287 1288 1403 1345 haec
1435 1291 1625 1345 eadem
1652 1292 1706 1345 in
1737 1302 1973 1361 negante

372 1363 658 1422 observari
692 1377 747 1425 et
774 1371 1013 1430 inveniri
1042 1378 1066 1430 ?
1100 1394 1278 1450 neque
1315 1382 1461 1436 enim
1497 1383 1639 1438 idem
1673 1393 1759 1439 est
1789 1385 1976 1441 dicere

371 1453 717 1527 bypostasim
766 1479 933 1519 unam
980 1476 1034 1522 et
1063 1472 1312 1525 eamdem
1358 1489 1502 1541 esse,
1540 1484 1593 1529 et
1635 1491 1756 1545 quae
1789 1476 1840 1529 in
1880 1477 1978 1549 hy-

366 1549 581 1615 postasi
600 1549 819 1609 diversa
850 1556 1129 1626 videntur,
1164 1578 1334 1617 unum
1366 1575 1418 1618 et
1445 1565 1587 1619 idem
1608 1581 1760 1627 esse;
1795 1569 1977 1638 qualia

368 1639 596 1708 quidem
630 1655 891 1702 sexcenta
925 1661 1057 1706 sunt
1095 1667 1439 1725 argumenta.
1472 1656 1564 1712 Sic
1586 1658 1785 1714 Petrus
1818 1659 1981 1714 indu-

2063 646 2097 717 ἢ
2137 650 2165 701 6
2192 648 2607 719 ἐσταυρωμένος
2637 648 2716 720 τῷ
2768 648 3109 719 ἀσταυρώτῳ
3136 648 3233 716 (5).
3261 648 3418 713 Ἦ,εῐ
3456 646 3659 718 βούλει,

2065 737 2253 805 ἐπειδὴ
2286 740 2313 790 6
2334 738 2714 809 ἀρνησάμενος
2749 740 2841 792 καὶ
2881 739 2911 791 6
2952 737 3020 791 δι’
3052 738 3285 808 αἵματος
3315 737 3661 810 ὁμολογήσας

2065 832 2160 884 καὶ
2194 833 2550 901 μαρτυρήσας
2587 833 2620 902 ἡ
2664 832 2801 901 αὐτὴ
2848 828 2991 903 [καὶ]
3022 830 3122 900 μία
3152 830 3299 883 ἐστὶν
3334 829 3658 896 ὑπόστασις,

2066 921 2154 976 διὰ
2192 921 2350 976 τοῦτο
2405 923 2604 977 ταύτὸν
2651 927 2846 994 φήσεις
2897 925 2993 976 καὶ
3021 923 3082 976 τὸ
3115 924 3413 993 μαρτυρεῖν
3442 921 3519 994 τῷ
3555 924 3663 991 ἀρ-

2069 1015 2298 1082 νεῖσθαι,
2328 1016 2360 1087 ἢ
2388 1017 2459 1071 τὰ
2487 1020 2543 1070 ὲν
2572 1016 2651 1087 τῷ
2685 1014 3054 1087 μαρτυροῦντι
3079 1014 3349 1085 ὁραθέντα
3380 1015 3475 1069 καὶ
3507 1016 3666 1087 εὑρε-

2073 1104 2235 1159 θέντα
2284 1105 2519 1177 ὁρᾶσθαι
2577 1106 2673 1159 καὶ
2711 1104 3067 1175 εὑρίσκεσθαι
3112 1107 3172 1158 ὲν
3200 1104 3279 1174 τῷ
3318 1104 3665 1177 ἀρνουμένῳ.

2073 1198 2148 1250 Οὐ
2194 1198 2302 1269 γάρ
2335 1199 2453 1250 ἐστι
2500 1197 2698 1251 ταύτὸν
2729 1196 2789 1249 τὸ
2829 1196 3015 1263 λέγειν
3061 1195 3161 1265 τὴν
3196 1195 3496 1247 ὑπόστασιν
3530 1196 3664 1264 μίαν

2075 1288 2170 1341 καὶ
2202 1287 2300 1358 τὴν
2335 1287 2507 1358 αὐτὴν
2559 1284 2724 1350 εἶναι,
2751 1287 2846 1340 καὶ
2879 1285 2946 1339 τὸ
2970 1285 3040 1340 τὰ
3070 1286 3200 1356 περὶ
3231 1285 3330 1357 τὴν
3364 1285 3664 1340 ὑπόστασιν

2075 1381 2328 1452 ὁρώμενα
2357 1380 2631 1453 διαφόρως
2656 1379 2713 1433 ἓν
2736 1381 2831 1433 καὶ
2853 1379 3029 1433 ταῦτα
3056 1375 3198 1432 εἷναι
3217 1395 3233 1409 ·
3269 1378 3440 1450 μυρία
3457 1378 3514 1432 δέ
3544 1379 3666 1433 ἐστι

2080 1473 2519 1542 παραδείγματα.
2559 1472 2617 1524 '0
2648 1470 2997 1542 ἐνδεδυμένος
3025 1470 3252 1539 Πέτρος,
3276 1471 3325 1523 εἰ
3368 1469 3543 1541 τύχοι,
3568 1471 3668 1523 καὶ

2081 1565 2109 1618 6
2130 1565 2357 1635 γυμνὸς,
2378 1566 2406 1618 6
2437 1564 2728 1633 φιλόσοφος
2757 1565 3053 1635 Σωκράτης
3082 1564 3177 1617 καὶ⁸
3197 1565 3226 1616 6
3246 1562 3320 1634 μὴ
3350 1563 3665 1633 φιλόσοφος,

2084 1662 2113 1714 6
2142 1659 2409 1731 πρότερον
2439 1658 2677 1726 διώκτης
2718 1657 2950 1722 Παῦλος,
2981 1659 3077 1712 καὶ
3108 1660 3136 1712 6
3176 1656 3373 1730 κῆρυξ,
3406 1656 3501 1710 καὶ
3530 1655 3669 1710 ἄλλα

367 1735 483 1826 tus,
502 1731 549 1786 si
580 1745 747 1800 esset,
789 1749 844 1794 et
876 1743 1080 1811 nudus,
1105 1746 1364 1801 bocrates
1389 1748 1748 1821 philosophus
1784 1758 1837 1805 et
1864 1766 1961 1805 nor

2080 1752 2309 1823 ἄπειρα,
2336 1746 2412 1803 ὧν
2444 1752 2542 1821 μία
2578 1750 2676 1822 μέν
2702 1752 2852 1804 ἐστιν
2886 1753 2920 1823 ἡ
2954 1751 3252 1814 ὑπόστασις
3309 1750 3407 1803 κιύ⁸
3439 1750 3474 1821 ἡ
3503 1747 3669 1817 αὑτὴν

374 1822 766 1897 philosophus,
825 1830 1032 1889 Paulus
1097 1846 1255 1892 antea
1332 1849 1678 1909 persecutor,
1739 1841 1967 1911 posthac

2075 1839 2146 1894 τὰ
2170 1841 2226 1893 δὲ
2256 1842 2384 1912 περὶ
2416 1841 2520 1913 τὴν
2543 1841 2842 1897 ὑπόστασιν
2878 1842 3000 1912 οὐχὶ
3029 1841 3220 1896 ταύτά.

367 1917 726 1988 praedicator.
769 1932 824 1978 et
868 1928 1150 1996 complura
1200 1931 1321 2021 alia
1369 1947 1648 2026 quorum.
1689 1950 1801 1992 una
1840 1942 1930 1991 est
1992 1942 2048 1991 et
2086 1934 2277 1989 eadem
2329 1935 2669 2007 bypostasis,
2729 1948 2963 2005 quorum
3013 1949 3147 1989 vero
3199 1933 3266 1989 ad
3328 1929 3671 2005 hypostasim

377 2012 567 2089 contin
586 2015 791 2085 gentia,
819 2016 1126 2077 dissimilia.

374 2111 708 2182 QUESTIO
771 2121 1033 2179 ccxxx.
1091 2124 1298 2197 [CoisL
1360 2128 1527 2190 Taur.
1592 2130 1978 2205 LXXXVlll.]

977 2216 1054 2272 De
1095 2220 1399 2278 divinitate.

444 2301 498 2359 1.
528 2303 724 2362 Utrum
757 2306 1019 2367 divinitas
1038 2323 1091 2367 et
1139 2312 1283 2371 Deus
1334 2332 1503 2370 ttnttm
1536 2331 1605 2372 an
1666 2317 1973 2374 dilTerens?

372 2392 441 2451 Et
466 2397 511 2452 si
545 2397 824 2468 diﬁerens,
858 2405 989 2473 quid
1022 2414 1108 2461 est
1137 2405 1264 2475 hoc,
1330 2416 1385 2464 et
1416 2411 1547 2481 quid
1578 2419 1733 2466 extra
1793 2412 1964 2468 Deum

373 2487 681 2545 divinitas?
709 2489 765 2546 Si
799 2509 992 2562 unum,
1029 2497 1408 2573 hypostasium
1442 2518 1672 2572 quaeque
1710 2503 1853 2562 Deus
1876 2515 1962 2563 est

369 2589 424 2636 et
441 2582 722 2638 divinitas.
756 2584 955 2642 Errant
976 2592 1209 2646 maxime
1231 2596 1323 2661 qui
1342 2593 1592 2651 vocabuli
1615 2595 1845 2650 formam
1871 2614 1962 2652 ar-

370 2682 546 2744 guunt
567 2676 695 2747 quia
728 2677 991 2736 divinitas
1027 2680 1289 2738 feminina
1329 2697 1414 2742 est
1447 2703 1573 2752 vox,
1605 2704 1715 2743 non
1778 2698 1960 2745 autem

368 2766 745 2837 hypostases:
789 2771 862 2825 ita
896 2773 1043 2827 enim
1095 2790 1203 2829 non
1243 2776 1453 2847 justum
1508 2787 1629 2833 erat
1695 2780 1959 2850 Spiritum

364 2857 536 2913 Deum
589 2859 696 2916 dici
733 2879 750 2919 :
798 2864 1002 2936 quippe
1047 2866 1275 2923 alterum
1306 2869 1488 2924 neutri
1545 2873 1787 2941 generis,
1824 2873 1959 2926 alte-

366 2967 490 3006 rum
545 2955 873 3024 masculini;
923 2974 1099 3030 neque
1147 2959 1386 3027 Putrem,
1432 2959 1636 3016 Filium
1684 2972 1739 3017 ct
1777 2961 1957 3033 Spiri-

373 3048 485 3094 tum
514 3044 1075 3116 unamhypostasim:
1109 3051 1311 3120 quippe
1373 3067 1608 3121 quorum
1669 3052 1945 3106 absimilia

377 3141 510 3188 sunt
544 3135 936 3191 vocabulorum
969 3155 1202 3207 genera;
1246 3157 1427 3212 neque
1486 3143 1766 3198 hominem
1835 3143 1959 3197 ani-

374 3226 482 3278 mal
514 3226 596 3281 vel
626 3243 725 3284 ens
758 3230 1019 3301 appellari
1050 3250 1065 3301 ;
1096 3243 1149 3288 et
1183 3236 1265 3289 sic
1292 3236 1398 3290 alia
1422 3237 1613 3291 multa.
1643 3235 1761 3292 Non
1793 3239 1959 3309 igitur

376 3334 641 3386 genuerunt
667 3322 956 3377 distinctio
989 3339 1154 3381 causa
1187 3335 1275 3383 est
1330 3344 1430 3383 cur
1476 3327 1692 3383 Patrem
1730 3340 1822 3383 aut
1866 3327 1958 3384 Fi-

368 3409 503 3462 lium
540 3420 636 3465 aut
694 3410 960 3482 Spiritum
1015 3415 1358 3472 divinitatem
1419 3420 1693 3474 nominari
1742 3421 1960 3475 dubite-

363 3517 514 3556 mus.
568 3500 737 3560 Recte
769 3506 977 3562 dixeris
1026 3508 1141 3563 haec
1193 3509 1334 3564 idem
1384 3525 1603 3575 sonare,
1635 3513 1959 3567 sicuthomo

367 3602 424 3647 et
460 3594 796 3661 humanitas,
827 3607 920 3653 aut
951 3600 1097 3656 sicut
1131 3616 1515 3672 nuncnpamns
1537 3601 1820 3658 Socratem
1857 3606 1958 3659 ho-

367 3685 571 3740 minem
592 3703 698 3743 non
725 3699 906 3745 autem
935 3692 1366 3763 humanitatem;
1388 3696 1551 3766 idque
1568 3698 1734 3752 etiam
1761 3699 1828 3753 de
1849 3698 1959 3754 Deo

361 3786 416 3832 et
440 3778 726 3835 divinitate
754 3783 945 3852 patet?
975 3784 1169 3841 Nonne
1193 3796 1278 3843 est
1308 3789 1411 3843 hoc
1447 3789 1816 3845 diﬁieultatcm
1848 3807 1958 3846 non

363 3871 653 3939 solventis,
686 3876 780 3929 sed
821 3877 1003 3944 potius
1053 3882 1339 3951 augentis?
1384 3880 1515 3935 Nam
1554 3882 1600 3937 si
1642 3892 1956 3938 consonant

361 3961 527 4020 homo
561 3974 616 4019 et
651 3966 985 4036 humanitas,
1019 3986 1120 4025 cur
1143 3986 1273 4036 non,
1302 3988 1424 4026 cum
1450 3972 1613 4028 homo
1642 3974 1953 4042 adhibetur,

364 4055 683 4115 humanitas
746 4077 966 4133 quoque
1023 4064 1389 4120 adhibeatur?
1452 4064 1679 4122 Videtur
1734 4069 1955 4138 quidem

373 4152 660 4212 nonnullis
693 4156 832 4209 nihil
890 4158 1177 4228 impedire,
1231 4170 1285 4216 et
1343 4162 1522 4231 idem“
1551 4177 1673 4218 esse
1709 4162 1875 4215 homo
1905 4172 1957 4217 et

367 4241 706 4314 humanitas,
738 4247 882 4304 Deus
911 4260 964 4305 et
1006 4253 1289 4321 divinitas,
1313 4263 1366 4309 et
1403 4257 1631 4311 aitcrius
1665 4256 1782 4310 vice
1814 4257 1951 4311 alte-

363 4349 484 4388 rum
510 4337 758 4400 adhiberi
789 4360 802 4395 :
838 4343 1044 4412 quippe
1076 4345 1240 4399 homo
1278 4356 1332 4399 et
1362 4347 1603 4403 hominis
1640 4360 1858 4410 natura,
1902 4356 1956 4402 et

2622 2135 2961 2189 ΕΡΩΤΗΣΙΣ
3000 2133 3126 2189 ΣΛ’.

2633 2225 2767 2294 Περὶ
2800 2226 3102 2293 θεότητος.

2140 2327 2206 2376 α’.
2236 2320 2493 2393 Πότερον,
2538 2320 2573 2386 ὴ
2611 2317 2803 2388 θεότης
2845 2319 2940 2371 καὶ
2968 2317 3028 2371 τὸ
3069 2315 3202 2380 Θεὸς
3245 2314 3444 2369 ταύτόν
3492 2316 3667 2383 ἐστιν,

2066 2413 2098 2485 ἢ
2130 2414 2353 2485 ἓτερονς
2384 2415 2435 2467 ει
2471 2414 2568 2483 μὲν
2615 2412 2723 2483 γὰρ
2761 2410 2974 2479 ἕτερον,
3009 2410 3062 2463 τί
3098 2408 3278 2474 τοῦτο,
3305 2409 3397 2461 καὶ
3421 2409 3473 2461 τι
3512 2410 3668 2480 παρὰ

2069 2506 2160 2560 τὸν
2191 2506 2323 2559 Θεὸν
2355 2506 2388 2576 ὴ
2417 2504 2649 2576 θεότης;
2707 2506 2755 2557 εἰ
2805 2503 2862 2557 δὲ
2922 2503 3140 2567 ταύτὸν,
3201 2501 3318 2556 ἔστι
3347 2501 3403 2555 δὲ
3454 2502 3665 2573 ἑκάστη

2064 2596 2174 2652 τῶν
2197 2597 2551 2651 ὑποστάσεων
2618 2595 2725 2650 τῶν
2786 2596 2954 2667 τριῶν
2990 2595 3145 2659 Θεὸς,
3170 2595 3265 2648 καὶ
3309 2593 3499 2663 θεότης
3526 2593 3658 2665 ἄρα.

2065 2689 2129 2745 Οἱ
2161 2690 2258 2760 μὲν
2294 2684 2388 2743 οὖν
2413 2688 2475 2741 τὸ
2501 2688 2689 2758 σχῆμα
2750 2686 2848 2757 τῆς
2884 2685 3080 2753 λέξεως
3135 2682 3475 2755 αἰτιώμενοι,
3510 2686 3593 2738 ὅτι
3626 2685 3662 2752 ἡ

2067 2784 2167 2851 μὲν
2192 2782 2386 2852 θεότης
2456 2779 2711 2849 θηλυκῶς
2758 2779 3117 2851 προφέρεται,
3166 2779 3264 2847 οὐχ
3318 2776 3492 2840 οὕτως
3510 2777 3568 2830 δὲ
3605 2779 3663 2831 αξ

2065 2872 2417 2935 ὑποστάσεις,
2462 2871 2802 2924 πλανῶνται·
2836 2871 2943 2924 ἔδει
2987 2869 3098 2942 γὰρ
3140 2871 3275 2940 μηδὲ
3305 2870 3367 2923 τὸ
3416 2869 3665 2939 Πνεῦμα

2068 2962 2323 3031 λέγεσθαι
2353 2964 2517 3016 Θεόν⁸
2550 2963 2609 3015 τὸ
2646 2964 2744 3033 μὲν
2774 2963 2884 3035 γὰρ
2924 2962 3226 3034 οὐδέτερον,
3259 2962 3320 3015 τὸ
3345 2962 3399 3016 δὲ
3438 2964 3663 3033 σχήμαδ

2064 3075 2152 3121 τος
2177 3056 2468 3128 ἀρσενικοῦ
2493 3073 2507 3088 ·
2545 3056 2627 3111 ἔτι
2655 3055 2776 3110 οὐδὲ
2827 3055 2920 3109 τὸν
2963 3055 3204 3123 Πατέρα
3256 3056 3352 3109 καὶ
3388 3053 3478 3108 τὸν
3522 3056 3664 3108 Υἱὸν

2062 3152 2156 3205 καὶ
2197 3152 2257 3206 τὸ
2312 3153 2556 3221 Πνεῦμα
2607 3152 2734 3223 μίαν
2772 3151 2998 3205 ούσίαν·
3044 3150 3398 3221 ἀνομοιογενῆ
3451 3148 3561 3219 γὰρ
3590 3149 3660 3201 τὰ

2062 3243 2301 3313 ὀνόματα
2324 3260 2338 3275 ·
2375 3244 2496 3297 οὐδὲ
2535 3244 2628 3296 τὸν
2673 3243 2987 3315 ἄνθρωπον,
3027 3242 3165 3307 ζῶον
3188 3283 3203 3306 ,
3246 3241 3279 3313 ἢ
3311 3240 3525 3305 ούσῐαν,
3559 3239 3657 3292 καὶ

2062 3338 2199 3391 ἄλλα
2224 3337 2451 3407 ἄπειρα.
2510 3337 2624 3393 Ούκ
2658 3338 2769 3409 ἄρα
2802 3337 2864 3389 τὸ
2897 3335 3305 3406 ἀνομοιογενὲς,
3359 3334 3534 3387 αῐτιον
3561 3330 3660 3385 τοῦ

2065 3430 2139 3500 μὴ
2171 3429 2426 3498 λέγεσθαι
2455 3430 2544 3483 τὸν
2580 3430 2825 3497 Πατέρα.
2872 3429 2905 3500 ἢ
2936 3429 3028 3482 τὸν
3067 3428 3224 3491 Υἱὸν,
3257 3426 3289 3496 ἢ
3315 3427 3377 3478 τὸ
3407 3425 3656 3491 Πνεῦμα

2063 3519 2315 3591 θεότητα,
2371 3520 2563 3590 ὥσπερ
2615 3520 2767 3574 Θεόν.
2825 3521 2895 3573 Ἣ
2928 3519 3077 3572 ἐστιν
3107 3519 3305 3579 εἰπεῖν,
3350 3517 3432 3569 ὅτι
3460 3512 3661 3567 ταύτόν

2061 3608 2177 3660 ἐστι
2199 3607 2393 3673 ταῦτα,
2431 3608 2621 3680 ὥσπερ
2644 3609 2706 3662 τὸ
2727 3608 3015 3679 ἅνθρωπος
3049 3607 3144 3659 καὶ
3176 3606 3237 3659 τὸ
3271 3603 3657 3676 ἀνθρωπότης,

2060 3700 2175 3754 ἀλλ’
2205 3699 2396 3772 ὥσπερ
2426 3702 2661 3771 λέγομεν
2713 3700 2807 3753 τὸν
2852 3699 3152 3771 Σωκράτην
3202 3698 3490 3769 ἄνθρωπον
3538 3697 3658 3768 μὲν,

2060 3796 2159 3848 ούκ
2211 3796 2612 3867 ἀνθρωπότητοι
2671 3794 2750 3856 δὲ,
2802 3794 2977 3858 οὕτως
3009 3794 3103 3846 καὶ
3128 3794 3220 3846 ἐπὶ
3249 3792 3344 3845 τοῦ
3401 3791 3536 3854 Θεὸς
3561 3793 3659 3845 καὶ

2061 3886 2271 3955 θεότης.
2303 3888 2373 3939 Ἢ
2399 3886 2554 3939 τοῦτο
2576 3888 2637 3938 ού
2674 3886 2914 3948 λύοντος,
2944 3884 3057 3936 ἀλλ’
3098 3883 3350 3948 αὔξοντός
3393 3885 3510 3935 ἐστι
3558 3880 3659 3951 τὴν

2060 3981 2331 4052 ἁπορίαν;
2364 3980 2411 4031 εἰ
2436 3979 2544 4049 γὰρ
2569 3978 2768 4032 ταύτὸν
2794 3979 2822 4029 6
2843 3976 3130 4046 ἄνθρωπος
3155 3975 3248 4028 καὶ
3273 3973 3656 4045 ἀνθρωπότης,

2062 4073 2177 4135 πῶς
2218 4073 2313 4142 μὴ,
2352 4066 2536 4140 ἐφ’ὦν
2581 4070 2641 4124 τὸ
2699 4070 2991 4139 ἄνθρωπος
3046 4068 3291 4135 λέγεται,
3318 4063 3407 4117 ἐπ’
3427 4064 3659 4117 ἐκείνων

2062 4165 2254 4235 ῥηθείη
2288 4165 2382 4215 καὶ
2416 4164 2450 4233 ή
2482 4162 2881 4233 ἀνθρωπότης;
2918 4162 3089 4214 Φασ“ιν
3128 4158 3222 4212 οὖν
3250 4174 3420 4220 τινες,
3460 4157 3541 4207 ὅτι
3568 4155 3661 4207 ού-

2058 4257 2147 4309 δὲν
2166 4255 2365 4308 κωλύει
2397 4257 2492 4308 καὶ
2519 4255 2718 4307 ταύτὸν
2745 4250 2885 4306 εἶναι
2916 4254 2975 4306 τὸ
3004 4253 3291 4323 ἅνθρωπος
3314 4250 3408 4303 καὶ
3443 4246 3661 4317 ἀνθρω-

2061 4348 2255 4415 πότης,
2293 4349 2388 4400 καὶ
2444 4347 2503 4399 τὸ
2561 4346 2695 4409 Θεὸς
2750 4348 2846 4399 καὶ
2880 4345 3094 4416 θεότης,
3132 4344 3225 4396 καὶ
3264 4342 3359 4412 μὴ,
3386 4340 3472 4408 ἐφ’
3507 4332 3571 4393 οὗ
3595 4338 3660 4392 τὸ

367 4426 610 4485 hominis
636 4431 851 4500 species
883 4433 1023 4488 idem
1054 4437 1284 4501 est;sed
1342 4447 1522 4493 tamen
1561 4440 1725 4495 homo
1768 4440 1822 4493 in
1853 4439 1954 4493 So-

2069 4443 2267 4513 ἕτερον,
2301 4443 2396 4494 καὶ
2453 4441 2514 4494 τὸ
2547 4441 2733 4512 ἕτερον
2766 4439 3059 4507 λέγεσθαι·
3117 4437 3320 4490 αὐτίκα
3350 4435 3460 4503 γὰρ
3504 4435 3533 4486 6
3563 4432 3659 4485 ἄν·

375 4526 529 4574 crate
564 4521 774 4583 dicitur
802 4523 948 4579 (nam
979 4526 1142 4581 homo
1165 4537 1250 4583 est
1288 4531 1453 4583 etiam
1505 4531 1807 4595 Socrates),
1842 4548 1947 4585 non

374 4618 559 4667 autem
619 4626 814 4671 natura
860 4620 945 4677 vel
1003 4622 1249 4691 species:
1305 4640 1482 4693 neque
1531 4626 1675 4679 enim
1720 4626 1958 4682 hominis

373 4717 633 4763 naturam
677 4712 794 4767 sive
824 4714 1062 4784 speciem
1095 4716 1332 4773 dicimus
1357 4718 1663 4773 Socratem.
1708 4718 1814 4773 Sed
1850 4735 1956 4772 non

368 4804 651 4874 prwtlictis
694 4805 874 4863 simile
916 4818 1032 4877 est,
1083 4828 1317 4876 namque
1360 4824 1587 4877 natura,
1634 4821 1683 4868 ei
1723 4815 1955 4883 species,

371 4905 427 4951 et
465 4899 734 4969 essentia,
767 4908 821 4955 et
857 4903 959 4957 alia
1004 4907 1341 4970 consimilia,
1380 4922 1505 4961 cum
1567 4906 1742 4977 logica
1786 4921 1953 4961 voca-

376 4990 503 5057 hula
538 4987 669 5060 sint,
696 5009 1039 5066 nequaquam
1077 5014 1253 5069 usque
1288 4999 1350 5052 ad
1396 5010 1644 5063 extrema
1708 5000 1959 5056 adhiberi

377 5095 631 5153 possunt,
675 5087 769 5142 sed
799 5088 866 5144 de
896 5090 962 5144 iis
998 5090 1175 5146 solum
1229 5092 1432 5160 quibus
1480 5092 1745 5146 dicuntur
1784 5092 1959 5145 inhae-

371 5183 531 5256 rent;
562 5177 826 5246 divinitas
861 5191 1040 5249 autem
1071 5194 1127 5238 et
1156 5185 1471 5241 humanitas
1498 5202 1607 5247 non
1637 5192 1767 5239 sunt
1829 5184 1960 5258 logi-

372 5287 459 5338 ca,
484 5274 580 5330 sed
623 5274 957 5331 naturalium
987 5293 1169 5331 rerum
1203 5279 1486 5335 voeabula.

2060 4534 2298 4605 θρωπος,
2335 4534 2427 4586 καὶ
2459 4533 2491 4603 ἡ
2521 4532 2618 4586 τοῦ
2678 4531 2968 4601 ἀνθρώπου
3002 4531 3183 4599 φύσις,
3216 4529 3312 4581 καὶ
3340 4527 3405 4580 τὸ
3440 4525 3535 4579 τοῦ
3561 4526 3659 4578 6v-

2060 4627 2283 4698 θρώπου
2343 4623 2484 4689 εἶδος
2545 4624 2744 4679 ταύτόν
2800 4627 2970 4681 ἐστιν,
3026 4624 3144 4675 ἀλλ’
3179 4622 3331 4691 ὅμως
3368 4617 3659 4689 ἄνθρωπος

2059 4720 2199 4773 κατὰ
2225 4718 2319 4773 τοῦ
2370 4718 2696 4788 Σωκράτους
2742 4718 3132 4786 κατηγορεῖται
3180 4712 3491 4783 (ἄνθρωπος
3540 4708 3648 4776 γάρ

2058 4813 2175 4865 ἐστι
2222 4812 2251 4863 6
2310 4809 2653 4879 Σωκράτης),
2712 4809 2895 4862 οὑκέτι
2926 4809 3043 4879 δὲή
3100 4807 3285 4875 φύσις,
3315 4805 3348 4876 ῆ
3376 4804 3438 4856 τὸ
3486 4798 3654 4864 εἶδος·

2067 4904 2191 4960 οὒτε
2224 4903 2332 4974 γὰρ
2351 4902 2637 4975 ἀνθρώπου
2665 4902 2848 4973 φύσιν,
2886 4902 3009 4955 οὔτε
3039 4899 3179 4967 εἶδός
3210 4921 3393 4976 φαμεν
3418 4908 3510 4960 τὸν
3544 4909 3661 4961 Σω-

2070 4997 2315 5070 κράτηνο
2345 4996 2459 5050 ἀλλ’
2492 4997 2591 5049 οὐκ
2641 4996 2789 5048 ἔστιν
2836 4997 3021 5066 ὅμοιον
3060 4999 3175 5060 τοῖς
3195 5002 3619 5070 προειρημένοις
3642 5017 3659 5032 ·

2070 5093 2105 5163 ἡ
2137 5090 2235 5160 μὲν
2261 5088 2371 5159 γὰρ
2398 5088 2583 5159 φύσις,
2615 5089 2708 5142 καὶ
2766 5087 2827 5141 τὸ
2855 5082 3017 5153 εἶδος,
3048 5089 3145 5142 καὶ
3177 5089 3240 5142 τὸ
3269 5092 3445 5158 γένος,
3473 5094 3570 5145 καὶ
3593 5093 3659 5145 τὰ

2071 5185 2254 5256 ὅμοια,
2288 5183 2482 5253 λογικὰ
2534 5182 2777 5253 ὀνόματα
2805 5181 2955 5243 ὄντα,
2986 5182 3048 5235 ού
3080 5182 3303 5237 δύναται
3332 5185 3660 5239 διικνεῖσθαι

2070 5280 2233 5349 μέχρι
2280 5277 2387 5331 τῶν
2447 5275 2712 5346 ἐσχάτων,
2756 5275 2871 5328 ἀλλ’
2898 5274 2986 5327 ἐπ’
3009 5274 3232 5328 ἐκείνων
3266 5276 3533 5344 ἵστανται,
3568 5258 3657 5349 ἐφ’

371 5362 448 5425 ὧν
487 5369 776 5441 λέγονται·
832 5372 867 5442 ἡ
900 5372 958 5427 δὲ
1024 5372 1215 5454 θεότης
1248 5373 1342 5427 καὶ
1369 5376 1401 5446 ἡ
1437 5373 1796 5448 ἁνθρωπὸτης
1824 5374 1924 5428 ούκ
1954 5373 2069 5427 ἔστι
2096 5371 2314 5440 λογικὰ,
2347 5371 2485 5425 ἀλλὰ
2512 5369 2758 5439 φυσικῶν
2784 5369 3127 5440 πραγμάτων
3146 5370 3405 5440 ὀνόματα.

443 5479 501 5533 2.
529 5478 635 5533 Sed
674 5478 776 5533 etsi
803 5478 908 5533 hoc
943 5496 1130 5537 verum
1158 5491 1266 5545 est,
1302 5484 1659 5547 nihilominus
1688 5485 1967 5541 invenitur

377 5583 566 5636 eadem
620 5590 744 5630 esse
804 5574 972 5630 homo
1029 5586 1083 5632 et
1128 5576 1369 5633 hominis
1434 5586 1674 5644 natura,
1729 5595 1965 5648 quorum

381 5686 552 5724 nnmn
622 5684 722 5739 pro
772 5665 1001 5725 Socrate
1056 5668 1283 5732 dicitur,
1355 5685 1462 5724 non
1524 5685 1653 5729 vero
1710 5673 1964 5733 alterum.

388 5759 531 5828 Quid
582 5774 714 5832 ergo
762 5757 991 5831 impedit
1019 5759 1153 5830 quin
1215 5758 1359 5815 idem
1416 5760 1486 5815 ad
1519 5770 1716 5816 caetera
1767 5778 1966 5835 argua-

2145 5479 2209 5551 β’.
2253 5477 2395 5533 Ἀλλ’
2432 5479 2481 5531 εἰ
2518 5476 2612 5530 καί
2647 5475 2806 5530 τοῦτο
2842 5476 3060 5546 ἀληθὲς,
3095 5478 3249 5532 οὐδὲν
3284 5473 3447 5550 ἦττον
3490 5479 3659 5552 εὕρη-

2071 5593 2160 5629 ται
2183 5574 2351 5629 ταύτὰ
2378 5573 2525 5638 ὄντα,
2555 5574 2582 5626 6
2609 5571 2893 5644 ἄνθρωπος
2926 5572 3021 5625 καὶ
3072 5574 3106 5643 ἡ
3146 5572 3437 5645 ἀνθρώπου
3478 5575 3657 5643 φύσις,

2072 5663 2148 5723 ὧν
2186 5669 2246 5721 τὸ
2271 5668 2370 5737 μὲν
2388 5669 2529 5720 κατὰ
2559 5667 2652 5719 τοῦ
2685 5664 3009 5736 Σωκράτους
3033 5664 3276 5735 λέγεται,
3315 5667 3375 5719 τὸ
3411 5666 3467 5719 δὲ
3527 5667 3656 5720 οὑκ-

2074 5761 2176 5817 ἑτι.
2218 5760 2283 5815 Τί
2321 5756 2415 5817 οὖν
2466 5759 2666 5815 κωλύει
2713 5757 2807 5812 καὶ
2853 5758 2939 5812 ἐπ’
2968 5758 3144 5814 ἄλλων
3168 5759 3331 5813 ταύτὸ
3361 5758 3656 5813 ἐπακολου-
