3904 6218
276 282 418 348 1289

1208 277 1332 344 'AD
1371 281 1869 356 QUXESTIONES
1907 281 2613 346 AMPHILOCHIANAS:

3426 284 3568 352 I290

275 398 390 452 θεῖν
407 395 600 465 τοῦτος
623 395 684 452 06
718 395 830 468 γὰρ
857 394 1004 451 ἐστιν
1023 396 1200 453 εἰπεῖν
1225 398 1379 464 ἴσως,
1424 398 1502 464 ὡς
1529 400 1558 452 6
1585 398 1871 470 ἄνθρωπος

1984 397 2148 454 mus?
2194 397 2330 454 Nam
2378 415 2488 457 non
2523 402 2706 460 dicere
2734 401 2864 462 licet
2914 403 3084 461 homo
3111 410 3168 461 et
3193 403 3437 464 hominis
3468 424 3566 465 ιιι-τ

273 488 378 544 καὶ
414 488 562 560 ήτοῦ
592 489 883 560 ἀνθρώπου
908 488 1074 560 φύσις
1105 491 1228 561 οὐχὶ
1258 491 1456 545 ταύτόν
1479 509 1495 524 ο
1526 490 1608 545 ἔτι
1653 492 1712 545 δέ
1766 509 1873 561 (pa-

281 599 405 652 μεν,
451 581 529 646 ὡς
577 583 606 634 6
661 582 947 655 ἄνθρωπος
999 584 1096 638 καὶ
1147 584 1210 638 τὸ
1255 584 1393 648 ζῶον
1429 585 1649 653 λογικὸν
1678 583 1875 654 θνητὸν

274 673 497 738 ταύτὸν,
531 675 620 729 ναὶ
643 674 859 747 μήνκαὶ
895 676 958 729 τὸ
985 677 1307 744 γελαστικὸν
1332 677 1410 750 τῷ
1439 678 1722 749 ἄνθρωπος
1741 679 1876 731 ταύ-

275 769 370 822 τόν
401 785 417 800 ’
443 768 542 822 καὶ
571 769 668 839 οὐχ
698 771 799 823 ὅσα
831 769 1052 838 λέγεται
1082 772 1211 842 περὶ
1243 772 1380 836 ἑνὸς,
1411 773 1586 824 ταῦτα
1618 773 1713 825 καὶ
1747 771 1878 843 περὶ

277 860 389 914 τῶν
408 861 610 914 λοιπῶν
647 862 946 933 ῥηθήσεται
979 879 996 896 ο
1019 863 1080 915 τὸ
1117 863 1344 934 μὲνγὰρ
1368 864 1713 933 γελαστικὸν,
1746 865 1875 918 [διον

277 953 374 1008 τοῦ
403 953 715 1027 ἀνθρώπου,
752 957 940 1010 οὐκέτι
967 957 1078 1018 δὲζὸ
1111 958 1422 1029 ἄνθρωπος,
1457 959 1588 1011 ῐδιον
1643 958 1738 1012 τοῦ
1778 959 1876 1011 ἀν-

281 1044 504 1116 θρώπου
538 1062 554 1078 ο
577 1049 675 1100 καὶ
706 1047 767 1100 τὸ
797 1048 896 1118 μὲν
929 1048 1066 1113 ζῶον
1105 1050 1320 1120 λογικὸν
1364 1049 1577 1120 θνητὸν,
1613 1053 1739 1121 ὅρος
1790 1053 1880 1105 ἁν-

283 1137 527 1208 θρὼπου,
550 1139 734 1193 οὐκέτι
757 1140 814 1194 δὲ
841 1141 870 1193 ὁ
888 1140 1176 1212 ἄνθρωπος
1231 1143 1356 1214 ὄρος
1383 1143 1672 1214 ἀνθρώπου
1697 1161 1711 1176 ο
1757 1143 1880 1197 καῑν

279 1248 364 1284 τοι
395 1231 537 1286 κατὰ
558 1231 620 1285 τὸ
654 1234 891 1302 μάλιστα
914 1235 1088 1289 ταύτά
1113 1235 1428 1291 εἰσιταῦτα.
1461 1237 1520 1289 Et
1545 1238 1601 1289 δέ
1631 1255 1713 1301 τις
1741 1239 1880 1295 κάπὶ

277 1324 486 1378 τούτων
501 1325 601 1389 τὰς
623 1326 850 1389 λογικὰς
895 1329 1078 1396 φωνὰς
1105 1329 1435 1398 αἰτιάσαιτο,
1484 1325 1595 1385 οἷον
1645 1332 1706 1385 τὸ
1749 1331 1880 1384 ἴδιον

278 1418 380 1473 καὶ
413 1419 505 1472 τὸν
526 1419 751 1489 ὁρισμὸν
776 1419 1002 1491 (τούτων
1029 1421 1138 1493 γὰρ
1168 1423 1574 1495 ἀφαιρούμενα,
1601 1425 1740 1496 ὅπερ
1761 1426 1880 1479 ἐστὶ

277 1514 342 1566 τὸ
374 1513 584 1584 ἕτερον,
610 1513 835 1566 ἐστικαὶ
854 1513 915 1567 τὸ
944 1513 1170 1585 λοιπὸν),
1218 1515 1335 1568 ἀλλ’
1375 1516 1470 1571 οὖν
1512 1518 1605 1570 ἐπὶ
1651 1517 1879 1583 τούτων,

284 1605 339 1658 τί
373 1604 440 1658 ἂν
473 1605 780 1659 αἰτιάσαιτο
816 1623 830 1674 ;
868 1607 929 1660 ’0
955 1606 1055 1678 μὲν
1081 1608 1192 1678 γὰρ
1215 1607 1503 1681 ἄνθρωπός
1526 1613 1674 1663 ἐστιν
1721 1612 1880 1665 οὐσία

281 1698 379 1752 καὶ
430 1698 590 1764 ζῶον,
631 1698 692 1752 τὸ
727 1699 788 1777 δὲ,
813 1699 1137 1768 γελαστικὸν
1167 1701 1292 1756 οὔτε
1323 1704 1501 1770 οὐσία,
1527 1703 1650 1758 οὔτε
1683 1705 1822 1770 ζῶον
1859 1722 1873 1735 ·

1981 493 2123 558 tura}
2149 508 2257 547 non
2289 502 2376 549 est
2431 495 2614 552 simile
2648 513 2661 550 :
2711 497 2816 551 hoc
2845 497 3011 553 etiam
3040 498 3301 566 dicimus,
3348 501 3564 556 scilicet

1978 581 2143 637 homo
2195 593 2249 637 et
2307 584 2513 638 animal
2585 585 2851 640 rationale
2900 586 3182 653 mortale,
3246 587 3389 642 idem
3447 596 3566 655 est;

1977 688 2050 741 et,
2093 676 2280 732 ridens
2309 677 2517 731 animal
2544 679 2798 744 mortale,
2855 679 2998 734 idem
3033 689 3118 734 est
3152 688 3314 750 atque
3344 680 3511 734 homo
3547 699 3560 734 :

1979 777 2034 823 at
2073 785 2205 836 non,
2249 771 2619 848 quodcunque
2646 772 2714 826 de
2753 788 2895 838 uno,
2957 773 3026 827 de
3070 774 3192 830 aliis
3238 774 3380 829 idem
3427 775 3574 829 dice-

1979 869 2102 926 tur;
2139 877 2373 932 namque
2409 863 2551 918 risus
2591 863 2830 920 hominis
2879 866 3182 934 proprium,
3231 881 3340 921 non
3384 873 3568 920 autem

1981 957 2146 1011 homo
2186 959 2460 1027 hominis;
2511 961 2638 1014 item
2672 979 2685 1014 :
2753 962 2957 1015 animal
2997 963 3266 1018 rationale
3307 962 3566 1025 mortale,

1982 1046 2222 1101 hominis
2257 1055 2343 1103 est
2370 1047 2690 1117 discretiva,
2725 1064 2834 1103 nou
2889 1057 3071 1106 autem
3112 1051 3275 1104 homo
3327 1047 3571 1103 hominis

1981 1139 2379 1195 discretivum:
2426 1151 2804 1197 verumtamen
2853 1153 2980 1198 sunt
3030 1143 3219 1198 eadem
3257 1142 3576 1212 plerumque

1961 1233 2206 1287 similia.
2250 1231 2355 1287 Sed
2415 1233 2460 1288 si
2499 1235 2623 1304 quis
2658 1235 2711 1288 in
2761 1235 2848 1290 his
2874 1236 3120 1290 materiis
3166 1237 3371 1306 logicas
3408 1250 3570 1289 voces

1982 1336 2266 1395 exposcat,
2298 1326 2481 1394 qualia
2517 1335 2648 1380 sunt
2697 1327 2939 1397 speciale
2976 1337 3032 1383 et
3075 1328 3430 1382 discretivum
3465 1327 3574 1395 (his

1982 1418 2129 1471 enim
2157 1417 2416 1483 sublatis,
2445 1419 2679 1474 alterum
2709 1420 2936 1491 reliquis
2969 1420 3260 1475 consimile
3281 1421 3413 1491 est),
3439 1418 3574 1490 quid

1982 1522 2115 1578 ergo
2159 1507 2213 1562 in
2251 1509 2338 1564 his
2385 1510 2762 1579 exposceret?
2807 1510 3012 1581 quippe
3059 1510 3226 1564 homo
3261 1517 3347 1565 est
3376 1525 3477 1564 ens
3520 1515 3576 1562 et

1969 1602 2210 1668 animal,
2265 1603 2360 1658 sed
2416 1605 2562 1659 risus
2607 1619 2719 1658 non
2751 1619 2851 1659 ens
2886 1604 2970 1659 vel
3001 1605 3224 1670 animal,
3258 1601 3406 1673 quod
3459 1603 3574 1672 plu-

1986 1693 2123 1748 rima
2174 1706 2361 1750 essent
2422 1695 2568 1750 entia
2616 1703 2710 1750 aut
2759 1695 3018 1750 animalia
3077 1696 3262 1751 homo.
3327 1694 3572 1750 Tametsi

277 1791 405 1844 ἐπεὶ
435 1790 628 1844 πολλαὶ
658 1791 725 1845 ἂν
763 1793 954 1863 εἴησαν
991 1795 1020 1846 6
1048 1793 1335 1863 ἄνθρωπος
1372 1797 1552 1850 οὐσίαι
1593 1798 1686 1851 καὶ
1737 1797 1870 1862 ζῶα.

1984 1803 2110 1842 vero
2151 1787 2266 1842 haec
2315 1802 2442 1841 vera
2485 1795 2636 1852 sunt,
2685 1803 2795 1842 non
2857 1796 3038 1842 tatnen
3092 1801 3221 1844 sunt
3270 1788 3570 1857 pranuissis

279 1884 354 1938 Ἥ
376 1885 425 1937 εἰ
457 1884 743 1939 καὶταῦτα
769 1886 867 1956 μὲν
896 1885 1092 1956 ἀληθῆ,
1121 1887 1220 1959 οὐχ
1247 1889 1408 1958 ὅμοια
1437 1889 1494 1941 δὲ
1526 1893 1638 1953 τοῖς
1681 1891 1740 1956 ἐξ
1775 1894 1876 1962 ἀρ-

276 1975 384 2046 χῆς
414 1976 803 2048 προκειμένοις
831 1993 846 2008 ⁶
880 1978 907 2030 ὁ
930 1981 1039 2049 γὰρ
1074 1979 1362 2050 ἅνθρωπος
1385 1983 1482 2036 καὶ
1509 1984 1542 2055 ἠ
1589 1982 1875 2054 ἀνθρωπό-

275 2081 380 2135 της
421 2065 516 2119 καὶ
553 2067 613 2118 τὸ
651 2065 784 2129 Θεὸς
810 2071 904 2121 καὶ
953 2068 1164 2141 θεότης,
1199 2071 1356 2141 εἴπερ
1397 2073 1516 2125 ἐστὶ
1547 2073 1741 2135 ταύτὰ,
1776 2075 1877 2128 οὐκ

267 2157 398 2210 ’ἔστι
452 2157 596 2211 κατὰ
637 2159 934 2231 ὁμοιότητα
988 2160 1099 2215 τῶν
1163 2163 1473 2234 εἰρημένων
1514 2167 1720 2220 ταὺτάο
1751 2166 1876 2220 οὔτε

277 2251 390 2322 γὰρ
427 2252 556 2305 ἴδιον
579 2252 805 2323 θάτερον
823 2253 1076 2324 θατέρου,
1106 2253 1232 2308 οὔτε
1257 2255 1403 2326 ὅρος,
1427 2256 1544 2310 ἀλλ’
1585 2257 1777 2329 ὥσπερ
1810 2259 1876 2312 ἂν

277 2346 427 2399 εἴποι
447 2363 554 2409 τις,
579 2345 819 2416 ὀνόματα
846 2345 941 2400 δύο
964 2347 1092 2418 περὶ
1136 2348 1194 2401 ἓν
1243 2349 1625 2420 ὑποκείμενον,
1657 2352 1753 2404 καὶ
1801 2354 1877 2416 ὡς

276 2439 485 2493 λώπιον
506 2440 599 2492 καὶ
625 2441 840 2510 ἱμάτιον
861 2457 877 2472 ·
924 2440 1044 2505 πῶς
1069 2438 1163 2496 οὖν
1191 2444 1292 2496 οὐκ
1331 2443 1417 2513 ἐφ’
1437 2437 1513 2496 ὧν
1567 2445 1630 2498 τὺ
1665 2445 1874 2516 ἕτερον,

277 2535 377 2586 καὶ
431 2533 492 2587 τὸ
530 2533 736 2604 ἕτερον,
789 2533 822 2606 ἢ
869 2534 972 2589 ὅσα
1016 2535 1095 2607 τῷ
1138 2535 1329 2608 ἑτέρῳ,
1353 2537 1474 2608 οὐχὶ
1509 2539 1604 2592 καὶ
1628 2538 1876 2608 θατέρῳ;

276 2626 467 2696 Φαμὲν
516 2626 631 2692 οὖν,
679 2628 763 2681 ὅτι
808 2627 987 2682 ταύτὰ
1038 2628 1137 2699 μέν
1166 2630 1272 2683 εἰσι
1306 2629 1368 2683 τὸ
1408 2631 1694 2704 ἅνθρωπος
1722 2634 1875 2704 καὶὴ

278 2719 381 2774 ἀνθ
393 2719 660 2791 ρωπότης,
694 2720 770 2783 ὡς
801 2721 967 2774 ταὺτὸ
985 2721 1346 2792 ὑποκείμενον
1374 2725 1468 2776 καὶ
1497 2727 1731 2796 πρᾶγμα
1785 2725 1878 2798 δη-

278 2812 500 2877 λοῦντα,
571 2813 670 2883 οὐχ
720 2813 982 2878 ὡσαύτως
1033 2813 1089 2867 δὲ
1124 2814 1492 2886 λαμϐάνονται
1531 2833 1546 2847 ⁸
1575 2815 1691 2869 ἀλλ’
1717 2817 1880 2886 ἡνίκα

281 2904 386 2975 μὲν
409 2903 693 2974 ἄνθρωπός
723 2922 926 2976 φαμεν,
952 2906 1052 2974 τὴν
1084 2904 1376 2978 ἀνθρώπου
1433 2905 1595 2975 φύσιν
1662 2907 1874 2960 ἐννοοῦ-

1978 1881 2182 1936 similia
2216 1898 2230 1934 :
2263 1896 2503 1950 namque
2542 1881 2707 1936 homo
2743 1890 2799 1935 et
2848 1881 3185 1946 humanitas,
3220 1880 3361 1936 Deus
3394 1888 3450 1935 et
3487 1882 3575 1935 di-

1979 1973 2206 2038 vinitas,
2237 1973 2496 2043 quamvis
2527 1973 2715 2028 eadem
2743 1975 2875 2038 sint,
2899 1989 3010 2027 non
3041 1985 3169 2028 sunt
3209 1975 3400 2030 eadem
3435 1989 3574 2046 qua-

1979 2075 2140 2121 tenus
2169 2065 2468 2136 praedicta;
2502 2080 2677 2135 neque
2718 2066 2864 2119 enim
2900 2066 3135 2119 alterum
3173 2065 3405 2121 alterius
3445 2081 3573 2136 pro-

1981 2158 2185 2228 prium,
2225 2171 2402 2226 neque
2446 2156 2843 2219 distiuctivum,
2871 2163 2931 2209 ut
2953 2156 2996 2210 si
3025 2156 3148 2226 quis
3170 2157 3280 2210 duo
3307 2157 3573 2212 vocabula

1973 2265 2079 2319 pro
2103 2264 2212 2304 uno
2232 2248 2482 2318 subjecto
2507 2249 2785 2312 adhibeat,
2807 2248 2965 2318 quasi
2995 2263 3237 2318 pannum
3261 2258 3314 2301 et
3338 2256 3568 2302 vestem.

1978 2342 2292 2415 Curitaquc
2311 2358 2419 2397 non
2440 2358 2551 2413 quo
2581 2343 2700 2398 loco
2726 2342 2985 2406 alterum,
3013 2340 3400 2412 aliudpariter
3433 2356 3576 2395 nun-

1979 2445 2300 2504 cuparetur,
2344 2442 2397 2489 et
2456 2447 2800 2503 quacunque
2852 2433 3016 2488 unius
3068 2448 3177 2486 non
3233 2433 3400 2487 etiam
3438 2432 3576 2485 alte-

1981 2529 2098 2584 rius
2159 2527 2390 2584 essent?
2449 2525 2692 2582 Dicimus
2736 2540 2869 2597 ergo
2918 2525 3108 2580 eadem
3161 2539 3287 2580 esse
3324 2525 3488 2578 homo
3519 2531 3576 2579 et

1981 2622 2319 2683 humanitas,
2353 2631 2626 2690 quatenus
2655 2619 2800 2674 idem
2845 2618 3157 2688 subjectum
3210 2619 3572 2687 eamdemque

1982 2731 2097 2770 rem
2130 2713 2495 2779 declarantia,
2537 2727 2646 2766 non
2692 2721 2875 2767 autem
2919 2711 3207 2782 aequaliter
3243 2725 3574 2780 nuncupan-

1981 2817 2107 2875 tur;
2145 2809 2347 2879 quippe
2367 2823 2492 2861 cum
2531 2807 2698 2861 homo
2741 2806 2994 2870 dicimus,
3031 2804 3271 2858 hominis
3312 2812 3570 2858 naturam

1983 2902 2404 2972 complectimur
2435 2908 2494 2954 ut
2536 2897 2930 2970 hypostasibus
2956 2897 3402 2966 incorporatum;
3444 2908 3570 2949 cum

283 3013 388 3066 μεν
417 2997 492 3059 ὡς
525 2999 1082 3068 ὲγκατατεταγμένην
1106 3001 1227 3062 ταῖς
1265 2997 1630 3052 ὑποστάσεσιν
1659 3014 1674 3029 ο
1717 2998 1879 3068 ἡνίκα

1984 3009 2114 3050 vero
2148 2995 2462 3049 humanitas
2500 2993 2761 3056 dicimus,
2806 2997 3060 3044 naturam
3092 2989 3270 3060 ipsam
3307 2987 3574 3052 heminis,

276 3087 339 3141 δὲ
374 3088 790 3159 ἀνθρωπότητα,
830 3090 930 3158 τὴν
965 3089 1136 3162 αὐτὴν
1199 3091 1298 3161 μὲν
1346 3089 1634 3163 ἀνθρώπου
1693 3090 1876 3161 φύσιν,
1909 3127 1951 3184 C

275 3183 382 3250 οὐχ
408 3181 671 3244 ὡσαύτως
698 3183 774 3246 δὲ,
807 3183 926 3235 ἀλλ’
955 3185 1300 3256 ὲξῃρημὲνην
1331 3185 1440 3238 τῶν
1476 3186 1716 3256 ἀτόμων,
1783 3201 1880 3252 καὶ

277 3273 386 3326 καθ
405 3273 418 3293 ⁹
440 3273 640 3340 ἑαυτὴν
664 3273 1087 3345 λαμϐανομένην
1121 3277 1496 3349 ἀφορίζοντες.
1551 3278 1737 3332 Ταύτὰ
1781 3278 1881 3351 μὲν

275 3361 376 3420 οὖν
396 3368 424 3420 ὁ
450 3365 739 3438 ἄνθρωπος
765 3368 861 3421 καὶ
889 3370 922 3438 ἡ
956 3369 1334 3443 ἀνθρωπὸτης,
1366 3373 1466 3443 οὐχ
1503 3371 1768 3437 ὡσαύτως
1823 3373 1882 3427 δὲ

275 3458 691 3530 λαμϐανόμενα.
713 3460 803 3512 Διὸ
825 3461 924 3513 οὐκ
948 3461 1032 3530 ἐφ’
1056 3455 1132 3515 ὧν
1151 3463 1212 3516 τὸ
1233 3463 1423 3535 ἕτερον
1448 3465 1542 3517 καὶ
1573 3463 1818 3537 θάτερον,
1846 3465 1880 3536 ἢ

276 3555 351 3621 ἐφ
368 3552 383 3574 ’
407 3545 484 3606 ὧν
519 3552 614 3623 μὲν
637 3551 698 3604 τὸ
719 3553 905 3624 ἓτερον
935 3554 1029 3606 καὶ
1065 3555 1124 3607 τὸ
1148 3555 1356 3625 ἕτερον,
1387 3557 1776 3626 οὐχζὼσαύτως
1801 3557 1878 3610 δέ.

273 3644 493 3700 Αὐτίκα
524 3645 616 3698 ἐπὶ
643 3645 736 3698 τοῦ
765 3644 1088 3717 Σωκράτους
1112 3648 1208 3700 καὶ
1230 3650 1256 3700 6
1279 3647 1564 3718 ἄνθρωπος
1596 3648 1690 3701 καὶ
1721 3649 1753 3718 ἡ
1782 3650 1878 3702 ἁν-

275 3735 571 3807 θρωπότης
588 3736 824 3806 λέγεται,
843 3740 941 3810 οὐχ
967 3738 1226 3802 ὡσαύτως
1238 3739 1314 3792 δέ’
1334 3739 1622 3807 ἄνθρωπον
1638 3740 1748 3811 γάρ
1778 3757 1881 3808 φα-

280 3845 386 3900 μεν
417 3823 558 3882 εἶναι
593 3829 684 3882 τὸν
718 3831 1039 3902 Σωκράτην,
1069 3831 1394 3902 ἀνθρωπότη
1408 3850 1467 3884 τα
1495 3832 1552 3884 6‘s
1579 3833 1680 3884 οὐκ
1715 3829 1879 3898 εἶναι,

276 3922 398 3976 ἀλλ’
457 3922 600 3994 ἔχειν
633 3941 647 3953 ·
688 3925 783 3978 καὶ
833 3925 932 3996 τὴν
975 3925 1376 3996 ἁνθρωπότητα
1421 3925 1479 3978 δὲ
1526 3925 1685 3978 πάλιν
1721 3925 1881 3992 φύσιν

275 4012 424 4070 εἶναι
457 4015 552 4068 τοῦ
579 4017 906 4088 Σωκράτους
938 4019 1140 4088 φαμὲν,
1158 4020 1263 4071 ,καὶ
1284 4019 1394 4072 τῶν
1437 4019 1613 4072 ἄλλων
1637 4019 1880 4089 έὰνθρὼ-

275 4127 424 4172 πων,
448 4111 542 4162 καὶ
567 4109 917 4181 περιεκτικὴν
949 4109 1088 4164 εἶναι
1112 4111 1220 4164 τῶν
1241 4112 1612 4182 καθ’,ἒκαστσν
1640 4113 1758 4165 οὐδὲ
1773 4112 1881 4182 γάρ

274 4219 334 4254 τι
373 4199 578 4254 τούτων
608 4201 713 4268 ἔξω
742 4202 945 4273 ταύτης
970 4203 1178 4257 πίπτει.
1211 4205 1372 4258 Ὥστε
1401 4206 1451 4258 εἰ
1498 4207 1593 4259 καὶ
1663 4207 1736 4274 μὴ
1795 4206 1883 4260 ἀεὶ

273 4292 566 4357 ὡσαύτως,
592 4293 705 4346 ἀλλ’
723 4292 805 4363 ἐφ’
825 4287 886 4346 οὗ
913 4295 1130 4364 λέγεται
1158 4296 1186 4347 6
1218 4295 1762 4366 ἄνθρωπος,δύναται
1787 4295 1883 4349 καὶ

275 4384 316 4453 ἡ
341 4381 696 4457 ἀνθρωπότης
720 4383 980 4455 ἁρμόσαι.
1026 4385 1088 4437 Εἰ
1119 4382 1212 4441 οὖν
1237 4386 1387 4439 ἐστιν
1415 4384 1621 4456 ἀληθὴς
1646 4387 1673 4437 ὁ
1700 4384 1878 4453 λόγος,

1984 3104 2094 3142 non
2151 3088 2373 3158 quidem
2407 3085 2634 3139 onmiuo
2668 3090 3064 3146 consonanter,
3117 3081 3211 3135 sed
3249 3079 3453 3134 atomis
3483 3079 3570 3133 di-

1986 3181 2267 3240 stinctam,
2305 3189 2359 3232 et
2394 3177 2448 3230 in
2481 3177 2662 3246 seipsa
2695 3173 2978 3228 deﬁnitam
3017 3172 3400 3242 intelligimus.
3427 3171 3575 3226 Sun:

1983 3289 2116 3344 ergo
2184 3271 2326 3326 idem
2373 3270 2538 3324 homo
2583 3277 2640 3324 et
2675 3268 3014 3332 humanitas,
3045 3280 3146 3320 nec
3198 3275 3381 3319 tamen
3436 3279 3576 3318 cou-

1984 3372 2245 3420 souauter
2296 3370 2634 3432 nuncupata.
2704 3361 2829 3416 ideo
2886 3375 2992 3414 non
3033 3358 3180 3414 aliud
3224 3374 3324 3428 pro
3356 3358 3463 3412 alio
3497 3355 3581 3410 di-

1984 3457 2148 3518 citur,
2206 3455 2252 3510 si
2280 3470 2453 3524 irvero'
2480 3453 2880 3514 dicatur,‘non
2937 3451 3100 3520 plane
3152 3449 3397 3519 quidem.
3449 3449 3573 3503 Tali

1983 3547 2148 3600 modo
2205 3547 2260 3600 in
2314 3543 2542 3600 Socrate
2579 3545 2741 3599 homo
2782 3551 2947 3613 atque
2976 3542 3298 3596 humanitas
3344 3540 3573 3606 dicitur,

1985 3653 2092 3691 non
2120 3651 2250 3692 vero
2275 3643 2651 3691 consonanter
2675 3677 2688 3699 ,
2722 3635 2926 3704 quippe
2963 3633 3240 3687 hominem
3291 3629 3578 3686 Socratem

1985 3729 2242 3791 dicimus,
2268 3743 2376 3781 non
2403 3735 2586 3781 autem
2615 3727 3012 3779 humanitatem
3036 3739 3180 3788 esse,
3217 3722 3310 3778 sed
3338 3723 3577 3788 habere;

1967 3820 2384 3873 immanitatem
2427 3832 2558 3871 vero
2597 3816 2837 3871 dicimus
2872 3830 2995 3870 esse
3026 3821 3282 3867 naturam
3328 3811 3578 3866 Socratis

1983 3920 2037 3965 et
2061 3919 2387 3964 cancrorum
2423 3909 2732 3970 hominum,
2763 3914 2818 3961 et
2852 3906 3106 3976 singulos
3132 3919 3383 3975 quosque
3420 3918 3579 3957 com»

1983 4005 2350 4076 plectentem;
2384 4017 2511 4056 nam
2549 4001 2686 4055 nihil
2740 4015 2930 4055 eorum
2971 4006 3128 4054 extra
3156 4013 3276 4054 eam
3306 3997 3567 4061 exsistit;

1985 4098 2059 4152 ita
2102 4104 2195 4160 :ut,
2240 4095 2286 4151 si
2338 4111 2447 4149 non
2509 4107 2728 4163 semper
2789 4101 3186 4153 consonanter,
3237 4099 3294 4143 at
3351 4089 3577 4158 quidem

1989 4205 2098 4260 quo
2128 4190 2251 4244 loco
2285 4188 2448 4242 homo
2482 4186 2708 4250 dicitur,
2740 4192 2921 4254 potest
2957 4183 3273 4238 humanitas
3304 4180 3578 4251 adoptari.

1983 4282 2143 4336 Nunc
2174 4281 2224 4335 si
2273 4279 2378 4332 hoc
2437 4277 2561 4346 jure
2608 4274 2878 4343 arguitur,
2935 4271 3121 4326 forsan
3181 4271 3338 4327 uobis
3397 4268 3582 4323 licebit

1985 4376 2154 4432 etiam
2193 4373 2260 4427 de
2301 4371 2410 4426 Deo
2467 4378 2522 4424 et
2554 4368 2844 4425 divinitate
2891 4367 3182 4437 (quantum
3218 4363 3272 4417 in
3321 4362 3580 4416 humanis

276 4478 418 4539 ἴσως
441 4478 576 4548 ἡμῖν
614 4479 708 4531 καὶ¹
736 4477 830 4531 ἐπὶ
865 4478 959 4530 τοῦ
986 4478 1118 4543 Θεὸς
1147 4479 1240 4532 καὶ
1281 4478 1471 4550 θεότης
1501 4479 1657 4550 (ὅσον,
1703 4481 1760 4531 ὲν
1790 4480 1879 4530 ἁν-

1988 4476 2225 4540 possunt
2279 4465 2503 4536 ligurari
2557 4461 2766 4531 divina)
2808 4459 3180 4514 diﬂicultatem
3228 4456 3467 4511 solvere.

251 4569 578 4641 ’θρωπίνοις
607 4569 1012 4642 παραδείγμασι
1043 4569 1419 4641 φαντασθῆναι
1448 4570 1518 4623 τὰ
1546 4569 1685 4639 θεῖα)
1720 4570 1884 4622 εὐπο-

282 4660 413 4733 ρίαν
468 4661 574 4714 τῶν
626 4663 995 4734 ἠπορημένων
1038 4665 1277 4733 ποιήσει.

357 4751 447 4836 γ’.λ
486 4756 549 4807 Et
602 4758 667 4825 τῇ
721 4755 869 4827 ψυχῇ
931 4757 1026 4810 καὶ
1083 4755 1878 4836 τῷζσώματιντοῦΔ-Χριστοῦ,

278 4849 409 4922 ἦτοι
547 4850 814 4920 Κυριακῴ
843 4849 1138 4922 ἀνθρώπῳ,
1273 4830 1632 4924 τοῦ
1659 4837 1756 4907 καὶ
1785 4832 1879 4907 τοῦ

279 4941 608 5012 Πνεύματος
639 4943 822 5013 παρῆν
860 4943 1158 5007 ὑπόστασις
1199 4943 1371 5015 (οὐδὲν
1399 4945 1510 5014 γὰρ
1543 4944 1653 4998 τῶν
1684 4944 1876 5008 ὄντων,

278 5029 368 5097 οἷς
390 5033 467 5104 μὴ
490 5035 757 5104 πάρεστιν
773 5035 1066 5090 ὲπιστατοῦ
1077 5054 1143 5090 σα
1161 5039 1254 5091 καὶ
1277 5039 1585 5108 προνοοῦσα
1605 5042 1637 5108 ἡ
1665 5040 1878 5108 Τριὰς),

279 5125 507 5194 λέγεται
546 5125 604 5178 δὲ
635 5127 663 5178 6
686 5126 814 5191 Υἱὸς
863 5127 939 5197 τῷ
967 5130 1222 5197 παρεῖναι
1257 5128 1477 5192 πάντως
1526 5129 1883 5200 σαρκωθῆναι

281 5220 386 5276 καὶ
411 5219 857 5290 ὲνανθρωπῆσαι,
887 5221 1002 5284 πῶς
1029 5222 1150 5291 οὐχὶ
1180 5224 1207 5274 6
1233 5221 1421 5291 Πατὴρ
1458 5223 1554 5275 καὶ
1577 5224 1636 5275 τὸ
1660 5222 1886 5291 Πνεῦμα

280 5311 467 5367 ταῦτα
495 5311 690 5382 ῥηθείη
720 5312 821 5378 civ;
857 5314 924 5366 Ἢ
950 5313 1012 5365 τὸ
1040 5317 1315 5386 παρεῖναι,
1346 5314 1522 5366 διττόν
1543 5331 1557 5344 ·
1581 5316 1642 5367 τὸ
1674 5315 1793 5385 μὲν,
1813 5314 1888 5378 ὡς

291 5404 564 5476 προνοοῦν
616 5405 820 5475 (καθὼς
878 5406 1139 5477 εἴρηται),
1202 5405 1322 5459 καθ’
1353 5405 1381 5459 ὂ
1420 5406 1822 5476 σημαινόμενον
1849 5409 1883 5476 ἡ

285 5498 466 5570 Τριὰς
501 5500 758 5569 παρεῖναι
819 5498 897 5568 τῷ
928 5499 1189 5570 Κυριακῴ
1220 5497 1516 5569 ἀνθρώπῳ,
1568 5497 1758 5567 ὥσπερ
1791 5498 1886 5549 καὶ

289 5594 408 5652 τοῖς
441 5586 592 5643 οὖσιν
621 5591 790 5644 ἅπασι
820 5591 1056 5659 λέγεται,
1099 5591 1214 5646 ἀλλ’
1247 5590 1434 5661 ὥσπερ
1480 5591 1634 5644 οὐδὲν
1666 5591 1774 5642 τῶν
1800 5590 1889 5642 ὄν-

286 5705 422 5747 των,
449 5686 537 5738 διὰ
581 5683 642 5737 τὸ
697 5687 952 5754 παρεῖναι
1008 5684 1242 5749 τούτοις,
1280 5683 1611 5753 γεγενῆσθαι
1641 5683 1882 5752 λέγεται,

296 5779 478 5842 ούτως
507 5775 628 5830 οὐδὲ
674 5776 1025 5848 σαρκωοῆναι
1050 5818 1063 5844 ,
1100 5777 1133 5848 ἢ
1171 5776 1612 5848 ἐνανθρωπῆσαι.
1649 5775 1885 5845 Λέγεται

2064 4754 2137 4818 5.?
2151 4751 2205 4807 Si
2229 4752 2407 4807 inerat
2430 4748 2633 4804 Christi
2658 4748 2854 4802 animae
2873 4755 2925 4800 et
2944 4743 3182 4812 corpori,
3199 4744 3252 4798 id
3269 4751 3354 4799 est
3373 4742 3581 4798 homini

1995 4845 2309 4908 Dominico,
2339 4845 2524 4900 Patris
2539 4851 2593 4898 et
2618 4842 2865 4913 Spiritus
2893 4841 3207 4912 hypostasis
3245 4837 3403 4910 (nihil
3435 4835 3583 4892 enim

1988 4941 2199 4995 entium
2224 4947 2330 5001 est,
2362 4938 2452 4992 cui
2473 4951 2580 4990 non
2610 4936 2762 4991 adest
2786 4935 3042 5005 praelecta
3060 4942 3112 4987 et
3143 4931 3437 5002 pr0vidcns
3463 4929 3584 4984 Tri-

1982 5031 2174 5100 nitas),
2204 5032 2250 5085 si
2267 5042 2400 5083 vero
2419 5028 2617 5081 dicitur
2640 5024 2816 5078 Filius
2836 5033 3100 5094 praesente
3117 5021 3386 5076 Trinitate
3405 5021 3587 5076 incar-

1986 5132 2150 5178 natus
2182 5123 2353 5177 fuisse
2394 5129 2450 5176 et
2475 5121 2640 5173 homo
2667 5118 2871 5183 factus,
2897 5133 2996 5172 cur
3040 5131 3146 5170 non
3172 5115 3314 5170 idem
3340 5113 3503 5168 Pater
3532 5119 3588 5164 et

1991 5218 2232 5288 Spiritus
2259 5216 2431 5269 fuisse
2460 5212 2820 5268 dicerentur?
2848 5210 3057 5265 Dicitur
3074 5217 3282 5270 autem,
3312 5205 3457 5274 quod
3489 5201 3586 5254 ad-

1993 5319 2098 5375 est,
2133 5310 2332 5378 duplici
2352 5307 2512 5362 modo
2539 5324 2551 5359 :
2578 5306 2817 5376 primum
2843 5304 3139 5374 providens
3159 5303 3239 5371 (ut
3267 5310 3429 5364 supra
3452 5291 3588 5345 dixi-

1997 5404 2165 5470 mus),
2191 5399 2494 5456 secundum
2521 5413 2685 5468 quam
2710 5397 3166 5467 signiﬁcationem
3191 5387 3432 5442 Trinitas
3454 5382 3589 5436 dici-

1994 5504 2085 5548 tur
2108 5496 2305 5549 adesse
2325 5492 2609 5546 i)ominico
2632 5490 2862 5552 homini,
2886 5489 3028 5544 sicut
3051 5483 3254 5538 dicitur
3273 5479 3435 5532 etiam
3461 5489 3583 5530 om-

1994 5590 2159 5642 nibus
2182 5587 2438 5652 entibus;
2477 5585 2570 5640 sed
2613 5581 3070 5654 quemadmodum
3107 5590 3170 5629 ex
3197 5586 3262 5626 eo
3287 5569 3434 5640 quod
3464 5583 3586 5623 om-

1997 5679 2165 5733 nibus
2194 5677 2372 5742 adest,
2407 5675 2644 5730 Trinitas
2666 5688 2776 5728 non
2796 5670 2996 5726 dicitur
3022 5665 3188 5719 ullum
3208 5663 3416 5716 entium
3443 5658 3585 5713 facta

1999 5775 2085 5830 sic
2113 5787 2218 5828 nec
2266 5772 2548 5826 incarnata
2594 5768 2680 5825 vel
2723 5768 2886 5822 homo
2919 5757 3084 5815 facta.
3139 5756 3348 5812 Dicitur
3402 5761 3587 5809 autem
