3904 6218
381 263 516 332 1291

1655 270 2281 332 SUPPLEMENTUM

3537 270 3673 335 1292

379 385 576 439 adesse
617 396 787 437 unum
832 380 1016 449 alteri,
1072 388 1134 438 ut
1162 381 1345 438 anima
1407 384 1649 456 corpori,
1707 386 1968 458 quoniam

2095 390 2131 443 se
2159 389 2417 461 παρετναι
2463 388 2654 460 ἕτερον
2710 387 2907 460 ἑτέρῳ,
2949 387 3053 454 ὡςζ
3076 390 3113 461 ὴ
3143 388 3292 461 ψυχὴ
3322 388 3403 460 τῷ
3435 390 3672 461 σώματι,

380 477 545 533 ambo
581 476 637 532 in
676 490 840 531 unam
877 476 1207 547 hypostasin
1270 490 1699 547 convenerunt;
1773 495 1977 535 secun-

380 568 510 623 dum
566 584 733 641 quam
782 568 1270 639 signiﬁcationem
1334 570 1540 625 Filium
1590 572 1979 628 tantummodo

380 662 665 719 Dominico
714 663 921 719 homini
978 664 1177 720 adesse
1240 662 1505 732 dicimus,
1566 665 1795 721 minime
1848 682 1980 722 vero

381 756 602 812 Patrem
659 766 755 812 aut
804 757 1090 829 Spiritum.
1144 758 1441 823 Praeterea,
1484 761 1791 816 secundum
1855 761 1979 831 pri-

383 863 529 903 mam
578 849 1063 919 signiﬁcatiouem,
1144 851 1411 908 omnibus
1466 852 1677 917 aderat,
1738 862 1798 908 ut
1830 853 1979 907 dixi-

384 955 529 1005 mus,
570 940 913 1007 hominihus,
960 951 1015 997 et
1052 944 1384 1014 generaliter
1440 945 1701 1000 omnibus
1758 945 1979 1001 entibus

382 1031 551 1101 Verbi
610 1035 947 1106 hypostasis,
1000 1041 1095 1092 sed
1135 1037 1445 1091 secundum
1504 1037 1977 1109 signiﬁcationem

384 1128 618 1183 alteram
680 1128 947 1195 minime;
982 1129 1080 1183 sed
1131 1130 1235 1184 soli
1289 1127 1597 1194 Dominico,
1652 1131 1881 1201 perinde
1919 1146 1983 1186 ac

384 1235 545 1274 mens
592 1235 713 1290 quae
765 1221 924 1276 nobis
958 1221 1218 1277 omnibus
1248 1222 1410 1285 inest,
1435 1223 1619 1277 omnia
1645 1224 1807 1279 obvia
1834 1240 1987 1280 com—

385 1314 634 1384 plectens
678 1314 895 1384 illisque
940 1315 1251 1378 attendens,
1295 1316 1661 1373 nihilominus
1707 1318 1761 1371 in
1817 1334 1979 1374 ence-

386 1402 550 1474 phalo
569 1404 790 1472 residet,
815 1405 917 1468 vel,
937 1406 982 1460 si
999 1405 1100 1461 hoc
1124 1406 1220 1461 tibi
1242 1407 1517 1477 displicet,
1543 1409 1597 1462 in
1622 1408 1857 1478 quadam
1876 1410 1983 1464 alia

388 1495 639 1566 corporis
664 1506 852 1566 parte;
880 1513 1059 1569 neque
1080 1508 1164 1553 est
1189 1500 1477 1569 praesentia
1511 1500 1710 1556 similis
1734 1519 1749 1567 ;
1774 1502 1981 1572 quippe

386 1588 563 1642 altera
598 1597 683 1643 est
714 1591 1018 1646 secundum
1047 1593 1375 1662 contingens
1398 1601 1453 1648 et
1492 1595 1802 1660 materiam,
1866 1596 1979 1651 sci-

386 1680 515 1737 licet
538 1682 590 1737 in
611 1692 764 1753 parte
781 1684 1015 1755 quadam
1035 1700 1299 1756 corporea
1325 1685 1572 1751 deﬁnita,
1588 1688 1759 1743 altera
1782 1704 1980 1744 secun-

393 1775 525 1831 dum
558 1778 732 1831 solam
767 1788 1003 1833 mentem
1036 1794 1133 1848 per
1159 1779 1634 1849 anticipationem.

457 1867 515 1921 4.
576 1865 770 1923 Utrum
812 1868 971 1925 Verbi
1037 1871 1351 1941 hyposmsis
1378 1909 1393 1936 ,
1449 1873 1663 1928 scilicet
1696 1872 1985 1929 Christus

386 1958 532 2016 idem
575 1969 662 2018 est
722 1972 887 2032 atque
938 1962 1060 2032 ejus
1114 1963 1237 2018 duo:
1290 1974 1522 2030 naturae,
1566 1980 1636 2020 an
1688 1964 1987 2021 diﬂ‘ereus?

389 2049 698 2124 Utrumque
723 2054 1022 2111 obscurum
1056 2074 1068 2110 :
1099 2070 1227 2111 nam
1256 2057 1303 2113 si
1342 2056 1507 2124 idem,
1546 2073 1671 2113 cum
1713 2058 1828 2114 sint
1866 2057 1987 2114 duae

387 2154 644 2212 natura,
699 2156 860 2202 erunt
921 2163 1054 2219 ergo
1117 2150 1240 2206 duae
1298 2150 1679 2221 hypostases;
1749 2159 1803 2208 et
1860 2168 1985 2207 cum

387 2253 498 2293 una
547 2240 854 2310 composita
911 2240 1267 2313 hypoctasis,
1324 2244 1430 2299 erit
1482 2260 1615 2315 ergo
1664 2260 1771 2300 una
1829 2260 1984 2300 como

388 2330 571 2401 posita
600 2340 834 2398 natura;
915 2333 962 2388 si
996 2349 1125 2389 vero
1180 2333 1464 2399 dill'erens,
1534 2335 1649 2389 haec
1699 2337 1812 2392 alia
1856 2343 1986 2392 sunt

388 2421 534 2477 Deus
586 2430 643 2477 et
673 2422 837 2478 homo
877 2435 1081 2495 ωσι-κο
1144 2424 1458 2496 hypostasis
1516 2434 1572 2481 et
1609 2435 1805 2482 natura
1876 2443 1984 2483 non

396 2522 530 2569 sunt
553 2514 729 2584 idem;
757 2516 902 2586 quod
925 2517 1145 2587 quidem
1183 2518 1348 2574 etiam
1368 2519 1685 2588 [absurdius
1712 2528 1859 2577 esset
1884 2536 1987 2585 ;ex

393 2614 628 2677 utraque
660 2607 805 2663 enim
833 2608 1121 2679 hypothesi
1149 2609 1303 2679 plura
1332 2610 1436 2664 alia
1470 2611 1709 2667 absurda
1741 2627 1986 2668 nascun-

389 2704 503 2754 tur.
571 2696 817 2754 Dicimus
883 2715 1015 2772 ergo
1076 2700 1497 2765 concludentes,
1564 2718 1677 2756 non
1756 2704 1985 2759 omnino

389 2789 533 2845 idem
584 2806 728 2857 esse,
763 2807 941 2861 neque
972 2794 1202 2848 omnino
1247 2794 1531 2862 diliereus,
1601 2797 1695 2850 sed
1738 2796 1983 2866 quodam

393 2878 557 2934 modo
612 2880 778 2948 idem,
837 2883 1079 2953 quodam
1144 2885 1308 2940 modo
1359 2885 1657 2954 ditl‘erens;
1709 2902 1837 2943 nam
1890 2904 1979 2944 se-

390 2970 637 3027 cundum
690 2976 1015 3029 essentiales
1085 2977 1332 3035 rationes
1387 2987 1739 3045 naturarum,
1821 2980 1985 3036 Chri-

2011 1750 2059 1811 B

2082 480 2247 553 ηνίκα
2298 480 2469 551 ἄμφω
2521 483 2602 545 είς
2660 481 2794 551 μίαν
2833 480 3098 550 συνῆλθεν
3122 481 3463 534 ὑπόστασιν-
3489 484 3613 535 καθ’
3645 486 3674 538 6

2082 572 2488 643 σημαινόμενον
2521 571 2686 642 μόνον
2709 572 2801 625 τὸν
2830 572 2960 627 Υίὸν
2982 573 3062 643 τῷ
3086 574 3354 644 Κυριακῷ
3376 592 3564 645 φαμεν
3582 577 3676 629 ἀν-

2080 665 2286 737 θρώπῳ
2336 667 2634 734 παρεῖναι,
2702 665 2887 719 οὐκέτι
2939 665 3001 719 δὲ
3041 665 3134 719 τὸν
3185 666 3457 731 Πατέρα,
3519 668 3555 738 ἢ
3618 669 3677 722 τὸ

2080 756 2326 828 Πνεῦμα.
2352 759 2463 812 Καὶ
2487 756 2633 811 κατα
2660 756 2760 827 μὲν
2784 756 2845 811 τὸ
2867 757 3087 826 πρῶτον
3108 759 3516 828 σημαινόμενον
3544 762 3676 814 πᾶσι

2080 850 2285 921 παρῆν,
2315 850 2506 920 ὥσπερ
2554 848 2787 919 ἔφημεν,
2813 848 3149 920 ἀνθρώποις,
3190 851 3284 904 καὶ
3325 851 3521 915 ἁπλῶς
3566 857 3677 917 τοῖς

2079 937 2233 995 οὖσιν
2261 944 2292 1011 ἡ
2325 940 2420 996 τοῦ
2445 943 2621 1009 Λόγου
2649 941 2951 1005 ὑπόστασις
2974 958 2987 973 ο
3035 942 3180 995 κατά
3230 942 3288 995 δὲ
3325 943 3388 996 τὺ
3421 944 3679 1015 δεύτερον

2081 1033 2288 1097 οὐκέτι,
2319 1033 2459 1087 ἀλλά
2489 1032 2637 1104 μόνῳ
2681 1032 2758 1103 τῷ
2780 1032 3079 1104 Κυριακῷ·
3111 1031 3303 1105 ὥσπερ
3363 1037 3461 1090 καὶ
3496 1037 3528 1089 6
3555 1038 3680 1102 νοῦς

2083 1129 2112 1181 6
2141 1130 2199 1180 ὲν
2223 1128 2355 1197 ἡμῖν
2381 1126 2614 1199 πάρεστι
2646 1126 2745 1198 μὲν
2777 1127 2967 1191 πᾶσιν,
2999 1122 3080 1190 οἷς
3107 1128 3442 1193 ἐπιϐάλλων,
3469 1131 3678 1184 τούτων

2083 1217 2552 1289 ἀντιλαμϐάνεται
2606 1219 2702 1271 καὶ
2756 1221 2887 1281 νοετ,
2925 1220 3162 1289 πάρεστι
3190 1220 3248 1273 δὲ
3276 1221 3374 1275 καὶ
3401 1221 3481 1291 τῷ
3519 1224 3679 1285 ἐγκε-

2084 1312 2262 1381 φάλῳ,
2295 1311 2352 1382 ἦ,
2382 1314 2430 1365 εί
2484 1312 2559 1382 μὴ
2614 1310 2816 1382 βούλει,
2850 1311 2999 1383 ἄλλῳ
3034 1314 3144 1367 τινὶ
3168 1314 3347 1385 μορίῳ
3366 1314 3449 1385 τῷ
3490 1332 3679 1384 σωμα-

2081 1405 2254 1475 τικῷ·
2289 1408 2384 1459 καὶ
2413 1407 2514 1459 οὐκ
2562 1406 2709 1460 ἐστιν
2757 1407 2920 1477 ὁμοία
2956 1409 2991 1477 ἡ
3019 1408 3330 1479 παρουσίαν
3363 1412 3400 1480 ἡ
3435 1411 3537 1479 μὲν
3574 1414 3679 1481 γὰρ

2084 1498 2206 1551 κατ’
2228 1496 2419 1550 οὐσίαν
2443 1496 2539 1550 καὶ
2564 1496 2824 1567 ὓπαρξιν,
2848 1500 2881 1566 ἡ
2909 1498 2967 1550 ἐν
2994 1499 3074 1570 τῷ
3102 1502 3480 1571 ἀφωρισμένφ
3510 1503 3683 1572 μορίῳ

2086 1590 2409 1662 σωματικῷ,
2445 1593 2478 1660 ἡ
2521 1591 2578 1645 δὲ
2601 1591 2742 1646 κατά
2772 1591 2943 1662 μόνην
2971 1591 3156 1663 νόησιν
3184 1596 3278 1647 καὶ
3309 1594 3625 1663 ἀντίληψιν.
3671 1641 3680 1662 ,

2161 1857 2227 1913 δ’.
2283 1859 2556 1929 Πότερον,
2609 1860 2645 1928 ἠ
2688 1858 2782 1912 τοῦ
2838 1858 3016 1926 Λόγου
3072 1860 3397 1927 ὑπόστασις,
3435 1864 3613 1933 ἤγουν
3655 1864 3683 1915 6

2088 1950 2349 2022 Χριστὸς,
2385 1951 2584 2006 ταύτόν
2612 1953 2730 2005 ἐστι
2755 1951 2878 2014 ταῖς
2911 1950 3078 2004 αὑτοῦ
3105 1951 3357 2020 φύσεσιν,
3392 1954 3428 2025 ἢ
3459 1956 3681 2025 ἒτερον;

2090 2043 2435 2115 ἑκατέρωθεν
2476 2043 2586 2114 γὰρ
2640 2043 2848 2113 ἄπορον
2899 2037 3042 2095 εἶναι
3107 2047 3294 2097 ποιεῖ·
3348 2048 3399 2099 εἰ
3440 2047 3543 2115 μὲν
3581 2048 3685 2117 γὰρ

2087 2138 2305 2203 ταύτὸν,
2333 2137 2442 2190 εἰσλ⁸
2467 2137 2523 2190 δὲ
2556 2135 2650 2190 δύο
2685 2138 2900 2207 φύσεις,
2931 2138 3031 2192 καὶ⁹
3057 2139 3393 2202 ὑποστάσεις
3426 2139 3540 2209 ἀρα
3562 2140 3681 2193 δύο*

2087 2230 2122 2301 ἢ
2154 2228 2443 2296 ἀνάπαλιν,
2476 2230 2669 2283 ἔστιδὲ
2695 2232 2794 2301 μία
2828 2230 3083 2295 σύνθετος
3112 2231 3439 2297 ὑπόστασις,
3470 2234 3571 2285 καὶ
3592 2233 3685 2302 μία

2088 2325 2199 2395 ἄρα
2222 2323 2477 2387 σύνθετος
2496 2323 2658 2393 φύσις
2679 2340 2694 2357 ο
2722 2326 2771 2377 εἰ
2791 2323 2837 2377 δ’
2866 2325 3073 2393 ἕτερον.
3103 2324 3220 2377 ἐστι
3248 2325 3308 2378 δὲ
3333 2327 3528 2379 ὲκείνα
3559 2325 3688 2388 Θεὸς

2089 2418 2185 2471 καὶ
2207 2417 2517 2489 ἄνθρωπος’
2548 2418 2650 2471 οὑκ
2671 2417 3107 2488 ἄραὺπόστασις
3131 2417 3249 2491 [καὶ
3275 2418 3465 2492 φύσις]
3490 2420 3685 2484 ταυτὰ,

2088 2507 2117 2561 6
2141 2509 2235 2561 καὶ
2266 2507 2614 2577 ἀτοπώτερον
2634 2524 2649 2538 '
2677 2508 2964 2561 ἀκολουθεῖ
2988 2508 3032 2561 δ’
3062 2508 3307 2579 ἑκατέρα
3350 2508 3467 2562 τῶν
3500 2509 3688 2562 ὑποθέ⁴

2090 2618 2229 2654 σεων
2263 2601 2357 2653 καὶ
2388 2600 2523 2673 ἀλλα
2552 2600 2776 2653 πλείονα
2824 2600 3027 2655 ἄτοπα.
3093 2601 3279 2670 Φαμὲν
3315 2596 3436 2667 οὖν,
3472 2601 3686 2654 ἐπιλυό-

2093 2710 2265 2763 μενοι,
2296 2691 2372 2756 ὡς
2402 2692 2528 2746 οὔτε
2581 2692 2782 2746 ταύτὸν
2837 2692 3047 2756 ἁπλῶς,
3085 2692 3211 2746 οὔτε
3265 2693 3483 2763 ἕτερον,
3551 2694 3689 2747 ἀλλὰ

2090 2790 2289 2856 τρόπον
2318 2786 2418 2857 μέν
2446 2803 2565 2840 τινα
2592 2786 3040 2858 ταὺτὸν,¹τρόπον
3062 2787 3119 2839 δέ
3144 2804 3266 2839 τινα
3295 2787 3487 2856 ἓτερον
3508 2804 3521 2816 ⁸
3547 2788 3688 2841 κατὰ

2092 2879 2192 2949 μὲν
2210 2878 2319 2950 γάρ
2342 2881 2470 2942 τοὺς
2497 2879 2779 2943 οὐσιῶδεις
2806 2878 2999 2947 λόγους
3022 2880 3132 2933 τῶν
3162 2880 3406 2949 φύσεων,
3426 2882 3625 2935 ταύτὸν
3658 2883 3690 2934 ὁ

2089 2974 2328 3045 Χριστὸς
2355 2974 2475 3038 ταῖς
2505 2972 2703 3027 ἑαυτοῦ
2740 2973 2970 3042 φύσεσι·
2999 2975 3122 3028 καθ’
3157 2974 3186 3027 ὃ
3219 2974 3277 3027 δὲ
3311 2975 3374 3027 τὸ
3402 2975 3529 3043 μὲν,
3561 2976 3687 3031 ἀτοο

391 3072 513 3119 stus
573 3064 716 3121 idem
771 3076 858 3123 est
907 3077 1073 3138 atque
1122 3068 1247 3125 dua:
1311 3078 1560 3138 naturae,"
1614 3071 1712 3127 sed
1784 3087 1981 3128 secun-

2096 3084 2216 3137 μον,
2242 3066 2311 3119 τὰ
2340 3066 2396 3120 δὲ
2429 3066 2571 3120 κατὰ
2600 3066 2866 3121 πλειόνων
2885 3066 3141 3122 δύνανται
3160 3067 3427 3135 λέγεσθαι
3451 3070 3570 3133 (καὶ
3590 3070 3689 3122 ὅσα

389 3156 522 3212 dum
570 3170 853 3229 quaesout
884 3162 1089 3228 atomi,
1155 3170 1212 3218 et
1262 3178 1385 3234 quae
1442 3172 1557 3219 tum
1610 3164 1809 3235 plurali
1873 3165 1982 3221 dici

390 3262 628 3321 possunt
664 3250 738 3323 (et
770 3270 1114 3325 quaecunque
1142 3256 1231 3312 his
1268 3257 1518 3327 similia),
1550 3257 1831 3315 dill'ereus.
1866 3257 1986 3314 Non

390 3342 571 3398 solum
634 3347 899 3416 mysterio
942 3346 1174 3413 Christi,
1231 3348 1278 3403 si
1334 3349 1460 3418 quis
1518 3349 1792 3420 ejusmodi
1835 3366 1987 3418 qua:-

392 3435 631 3489 stionem
670 3446 963 3507 praponat,
1054 3440 1261 3494 solutio
1329 3440 1591 3511 praedicta
1660 3442 1986 3509 conveniet,

394 3525 493 3580 sed
563 3526 730 3580 etiam
800 3529 1131 3598 generaliter
1200 3532 1460 3587 omnibus
1516 3533 1822 3602 inquibus
1890 3533 1990 3589 atl-

394 3615 572 3672 hiberi
628 3628 858 3688 possunt
934 3622 1200 3678 vocabula
1266 3636 1460 3679 natura
1520 3635 1572 3681 et
1617 3626 1985 3698 hypostasis:

393 3711 557 3779 quasi
597 3712 856 3770 Socrates
906 3724 961 3771 et
1001 3733 1182 3788 equus
1240 3734 1341 3775 sua
1378 3729 1575 3775 natura
1610 3737 1719 3776 non
1764 3723 1991 3777 omnino

395 3814 528 3861 sunt
547 3806 713 3873 idem,
746 3824 847 3864 nec
872 3810 1101 3867 omnino
1124 3811 1405 3877 diﬂ‘erens.
1442 3814 1537 3870 scd
1564 3816 1801 3885 quodam
1828 3817 1992 3872 modo

394 3906 563 3971 idem,
596 3908 742 3963 sicut
781 3908 1042 3977 diximus,
1085 3911 1325 3981 quodam
1367 3912 1528 3967 modo
1567 3911 1848 3968 differens.
1920 3924 1935 3983 ,

504 4014 836 4081 QUIESTIO
867 4018 1153 4076 CCXXXI.
1198 4019 1392 4093 [CoisL
1420 4022 1586 4077 Taur.
1622 4022 1863 4077 LXXIX.

472 4104 665 4162 Utrum
690 4106 940 4166 Christus
977 4114 1039 4189 ἰηΔ
1064 4115 1371 4189 universum
1408 4115 1673 4189 hominem
1719 4120 1918 4189 accepit

962 4184 1039 4237 vel
1068 4186 1423 4254 singulatim?

473 4270 526 4324 1.
580 4271 824 4329 Dicimus
876 4291 1052 4345 neque
1114 4277 1168 4331 in
1231 4278 1594 4346 universum,
1647 4298 1824 4353 neque
1877 4284 1995 4339 sin-

399 4362 662 4431 gulatim;
725 4381 903 4435 neque
967 4368 1114 4423 enim
1179 4371 1508 4426 alterutrum
1569 4389 1635 4427 ex
1699 4375 1822 4432 istis
1872 4393 1996 4433 esse

2092 3161 2303 3223 τούτοις
2335 3159 2544 3233 ὅμοια),
2570 3160 2778 3231 ἕτερον.
2800 3162 2915 3214 Οὑκ
2946 3161 3040 3214 ἐπὶ
3077 3161 3171 3215 τοῦ
3198 3162 3339 3215 κατᾶ
3373 3164 3613 3233 Χριστὸν
3634 3163 3688 3217 δὲ

2098 3254 2421 3325 μυστηρίου,
2448 3253 2501 3327 εἴ
2533 3270 2618 3317 τις
2646 3255 2707 3306 τὸ
2743 3252 2993 3307 τοιοῦτον
3030 3255 3296 3326 ἐρώτημα
3336 3255 3688 3324 προκομίζει,

2094 3349 2127 3417 ἡ
2164 3347 2459 3417 ἀπόκρισις
2506 3346 2539 3415 ἡ
2593 3346 2860 3416 εἰρημένη
2895 3346 3153 3417 ἁρμόσει,
3193 3345 3329 3398 ἀλλὰ
3370 3347 3469 3399 καί
3507 3347 3689 3410 ἁπλῶς

2096 3442 2187 3493 ἐπὶ
2215 3441 2457 3504 πάντων,
2479 3441 2565 3509 ἐφ’
2589 3434 2666 3495 ὧν
2694 3439 2920 3493 δύναται
2952 3438 3208 3508 λέγεσθαι
3234 3438 3402 3505 φύσις
3441 3442 3542 3493 ita).
3562 3440 3691 3492 ὑπό-

2098 3550 2288 3598 στασις
2309 3551 2323 3564 ο
2356 3534 2452 3587 καὶ
2482 3534 2589 3605 γὰρ
2621 3534 2649 3585 6
2683 3532 2982 3603 Σωκράτης
3020 3534 3087 3602 τῇ
3134 3531 3302 3585 αὑτοῦ
3328 3524 3519 3600 ⁵φύσει
3554 3522 3645 3584 καὶ
3666 3532 3696 3584 6

2100 3627 2265 3690 ῐππο;
2298 3625 2423 3680 οὔτε
2472 3627 2671 3681 ταύτόν
2710 3629 2857 3680 ἐστιν
2888 3626 3097 3688 ἁπλῶς,
3133 3624 3257 3678 οὔτε
3303 3624 3520 3695 ἕτερον,
3560 3625 3696 3677 ἀλλα

2096 3722 2296 3791 τρόπον
2359 3721 2459 3792 μέν
2491 3738 2614 3775 τινα
2663 3720 2882 3784 ταύτὸν,
2906 3718 3099 3789 ὥσπερ
3146 3718 3391 3790 εἰρηται,
3421 3718 3627 3788 τρόπον
3651 3716 3695 3770 δ’

2096 3815 2254 3871 ἄλλον
2286 3813 2372 3867 ’ἐτε
2380 3832 2493 3886 ρον.

2616 4014 2953 4071 ΕΡΩἸῚΙΣΙΣ
2985 4010 3155 4067 ΣΛΑ’.

2099 4113 2385 4182 Πότερον,
2419 4114 2453 4166 ὁ
2486 4108 2901 4182 Χριστὸςᾼτόγ
2938 4108 3204 4182 καᾷόλου
3232 4103 3559 4171 ἄνθρωπον
3593 4104 3700 4157 dr-

2456 4181 2725 4243 ελάϐετο,
2750 4178 2788 4247 ἢ
2822 4178 2932 4231 τὸν
2952 4177 3053 4230 ἐπὶ
3073 4176 3334 4246 μέρους;

2178 4276 2248 4333 α’,
2281 4276 2468 4347 Φαμὲν
2508 4272 2634 4327 οὔτε
2677 4271 2768 4323 τὸν
2797 4268 3195 4334 καθόλου,οὑτε
3227 4267 3322 4320 τὸν
3350 4268 3448 4320 ἐπὶ
3471 4267 3697 4337 piper);-

2101 4372 2225 4428 οὐδὲ
2255 4371 2364 4441 γὰρ
2392 4369 2453 4433 ἐξ
2501 4367 2750 4435 ἀνάγκης
2780 4362 3006 4432 θάτερον
3037 4359 3243 4414 τούτων
3280 4359 3559 4430 ὑπάρχειν
3591 4360 3696 4411 δεῖ·

401 4472 469 4509 ex
509 4460 842 4514 necessitate
876 4460 1070 4527 debet;
1104 4478 1208 4517 non
1240 4464 1387 4519 enim
1421 4468 1727 4522 secundum
1762 4480 1986 4524 eontra-

2100 4468 2159 4522 οὑ
2188 4465 2298 4533 γὰρ
2324 4460 2465 4515 κατὰ
2489 4457 2780 4527 ἀντίφασιν
2810 4456 2844 4527 ἡ
2878 4455 3169 4526 ἐρώτησις.
3220 4452 3283 4505 Εἰ
3332 4453 3436 4521 μὲν
3468 4454 3582 4523 γὰρ
3610 4454 3699 4506 τὸν

401 4548 698 4606 dicliouem
763 4555 1001 4622 quaestio
1055 4556 1167 4611 illa.
1228 4556 1523 4613 Enimvero
1576 4561 1620 4614 si
1665 4561 1718 4614 in
1768 4563 1993 4617 univer-

401 4659 523 4695 sum
558 4646 774 4715 accepit
806 4647 1084 4703 hominem
1109 4649 1389 4716 Christus,
1419 4660 1549 4720 puta
1585 4656 1771 4708 nonin
1809 4670 1999 4710 essen-

403 4737 558 4796 tiam,
593 4754 772 4809 neque
805 4739 920 4794 ﬁeri
955 4741 1233 4797 hominem
1263 4743 1316 4796 in
1345 4760 1538 4808 sensu,
1590 4746 1684 4801 sed
1717 4747 1771 4800 in
1833 4747 1999 4801 intel-

403 4826 550 4880 lectu
580 4836 794 4884 tantum
836 4838 883 4886 et
922 4833 1314 4903 imaginatione
1339 4833 1478 4907 (haec
1509 4845 1593 4892 est
1649 4838 1799 4892 enim
1874 4839 1999 4893 uni-

400 4919 545 4970 versi
577 4924 865 4993 essentia),
892 4925 1115 4995 alioque
1136 4926 1302 4981 modo
1335 4936 1391 4982 et
1426 4929 1577 4983 ἱιιιιιιι
1632 4946 1740 4984 non
1781 4946 1913 4986 esse
1940 4931 1994 4985 iu

404 5009 527 5064 loco
557 5011 1039 5086 circumscriptum
1106 5020 1415 5076 secundum
1488 5022 1853 5079 humanitatis
1898 5041 1998 5078 na-

408 5108 624 5169 turam;
660 5103 793 5159 nihil
821 5110 967 5162 enim
998 5126 1181 5165 rerum
1223 5114 1277 5166 in
1304 5114 1623 5170 universum
1652 5117 1867 5171 ratione
1891 5116 1997 5173 loci

405 5196 903 5253 circumscribitur.
937 5200 1164 5273 Insuper
1190 5206 1311 5261 etsi
1355 5206 1410 5260 in
1453 5207 1771 5262 universum
1824 5208 2001 5264 Immi-

410 5304 532 5342 nem
556 5292 769 5362 accepit
801 5290 1069 5359 Christus,
1100 5312 1225 5351 cum
1267 5299 1322 5352 iu
1365 5301 1709 5364 universum,
1735 5303 1786 5356 id
1821 5311 1906 5358 est
1931 5302 1985 5357 in

410 5383 598 5437 turritis
630 5385 882 5454 personis
906 5387 1346 5456 consideratum,
1383 5393 1489 5447 erit
1541 5394 1803 5449 Christus
1835 5399 1917 5461 (ut
1945 5395 1999 5449 in

414 5476 734 5532 universum
760 5485 1036 5550 acceperit
1061 5481 1363 5555 hominem)
1407 5501 1657 5555 personae
1703 5488 1888 5542 multae
1918 5488 2000 5543 vel

408 5569 594 5636 potius
614 5570 858 5628 inﬁnitae.
892 5573 1204 5632 Concludas
1226 5589 1408 5632 autem
1434 5586 1488 5632 et
1526 5579 1679 5634 illum
1709 5581 1870 5636 nobis
1893 5596 2000 5634 non

409 5676 534 5711 esse
566 5666 1135 5735 consubstantialem;
1192 5685 1318 5725 eum
1360 5671 1507 5724 enim
1565 5672 1621 5726 in
1681 5674 2000 5729 universum

411 5750 692 5810 hominem
728 5757 871 5817 Deus
914 5760 1151 5819 Verbum
1201 5763 1531 5834 accepisset,
1578 5779 1679 5820 nec
1732 5765 1845 5836 jam
1900 5784 2000 5823 uos

2100 4558 2329 4614 καθόλου
2384 4553 2673 4622 ἄνθρωπον
2704 4547 2997 4602 ἀνελάϐετο
3029 4548 3057 4599 ὁ
3086 4544 3347 4616 Χριστὸς,
3404 4545 3699 4614 συμϐαίνει

2099 4647 2262 4699 αὑτὸν
2289 4643 2362 4714 μὴ
2394 4642 2519 4695 καθ’
2555 4636 2813 4710 ὓπαρξιν,
2866 4635 2989 4707 μηδ’
3025 4637 3083 4688 ὲν
3134 4636 3394 4705 αἰσθήσει
3444 4636 3698 4702 γενέσθαι

2099 4740 2410 4807 ἄνθρωπον,
2432 4734 2546 4787 ἀλλ’
2572 4731 2789 4802 ἐπινοίᾳ
2814 4730 2951 4800 μόνῃ
2984 4728 3077 4781 καὶ
3100 4728 3375 4799 φαντασία
3404 4728 3570 4799 (αὕτη
3594 4731 3701 4799 γὰρ

2100 4837 2133 4902 ἡ
2160 4831 2254 4885 τοῦ
2291 4829 2518 4884 καθόλου
2548 4825 2806 4898 ὕπαρξις,
2832 4822 3009 4883 ἄλλως
3038 4838 3096 4874 τε
3126 4820 3183 4873 δὲ
3212 4823 3306 4874 καὶ
3332 4822 3409 4893 μὴ
3438 4818 3581 4874 εἶναι
3602 4823 3698 4875 αὑ-

2100 4929 2192 4980 τὶν
2218 4927 2274 4978 ἐν
2300 4926 2449 4992 τόπῳ
2475 4917 2955 4991 περιγραφόμενον
2984 4914 3128 4968 κατά
3152 4914 3251 4985 τὴν
3281 4915 3383 4984 τῆς
3414 4915 3700 4987 ἀνθρωπά-

2100 5035 2263 5089 τητος
2307 5015 2470 5086 φύσιν
2501 5032 2514 5046 ·
2544 5012 2697 5066 οὐδὲν
2723 5011 2832 5079 γὰρ
2869 5007 2977 5061 τῶν
3002 5006 3232 5060 καθόλου
3268 5008 3514 5071 τοπικῶς
3544 5026 3698 5077 περι-

2102 5112 2398 5183 γράφεται.
2451 5106 2575 5158 Ἔτι
2600 5104 2656 5157 δὲ
2687 5104 2783 5157 καὶ
2825 5103 2873 5155 εί
2904 5100 2997 5153 τὸν
3025 5100 3258 5152 καθόλου
3286 5101 3581 5171 ἄνθρωπον
3610 5102 3699 5153 ἀν·

2102 5203 2329 5257 ελάὸετο
2376 5201 2401 5253 6
2433 5199 2708 5269 Χριστὸς,
2746 5196 2807 5251 τὸ
2840 5197 2897 5253 δὲ
2934 5197 3165 5253 καθόλου
3198 5191 3360 5247 τοῦτό
3386 5195 3527 5257 ἐστι,
3556 5194 3616 5246 τὺ
3642 5195 3697 5244 ἐν

2105 5297 2328 5358 πολλαῖς
2368 5296 2700 5348 ὑποστάσεσι
2736 5292 3135 5365 θεωρούμενον,
3198 5288 3351 5341 ἔσται
3399 5290 3429 5340 6
3465 5287 3697 5359 Χριστὸς

2105 5389 2253 5458 (ἐπεὶ
2301 5388 2395 5441 τὸν
2425 5386 2657 5439 καθόλου
2688 5384 2979 5453 ἀνείληφεν
3014 5380 3324 5451 ἄνθρωπον)
3372 5379 3698 5440 ὑποστάσεις

2106 5482 2322 5545 πολλαὶ,
2359 5480 2560 5551 μᾶλλον
2595 5479 2672 5541 δὲ,
2727 5479 2969 5548 ἄπειροι.
3022 5472 3325 5543 Συμὸαίνει
3380 5472 3438 5525 δὲ
3501 5473 3593 5524 καὶ
3625 5474 3696 5537 μὴ

2106 5574 2246 5631 εἶναι
2292 5577 2427 5647 ἡμῖν
2475 5574 2639 5628 αὑτὸν
2671 5572 2985 5643 ὁμοούσιον·
3022 5565 3433 5635 ἀναληφθέντος
3461 5566 3571 5636 γάρ
3608 5560 3697 5615 τοῦ

2107 5669 2342 5723 καθόλου
2375 5666 2668 5739 ἀνθρώπου
2725 5667 2784 5717 ὲν
2837 5663 2917 5734 τῷ
2956 5661 3075 5733 Θεῷ
3105 5660 3287 5731 Λόγῳ,
3322 5658 3512 5711 οὐκέτι
3544 5657 3697 5727 ἡμεῖς

2109 5765 2389 5838 ἄνθρωποι
2441 5761 2803 5833 λεχθείημενο
2868 5756 3036 5810 πόθεν
3085 5754 3191 5827 γὰρ
3252 5752 3417 5806 τοῦτο
3474 5749 3697 5821 ὑπάρξει
