3904 6218
272 213 413 279 1293

1219 213 1321 274 AD
1359 206 1859 284 QUIESTIONES
1889 204 2594 271 AMPHILOCHIANAS.

3419 206 3557 274 1294

264 338 421 405 ἡμῖν,
457 334 552 389 καὶ
602 333 748 389 κατά
792 333 847 387 τί
882 332 1291 405 κοινωνήσομεν
1319 333 1399 404 τῷ
1427 332 1683 404 Χριστῷ;
1714 331 1860 402 Πρὸς

1971 330 2096 385 dicti
2116 345 2365 387 essemus
2403 332 2688 396 homines;
2717 330 2864 387 unde
2916 329 3063 387 enim
3103 330 3207 387 hoc
3265 343 3413 389 esset
3459 351 3559 389 nn-

260 428 309 482 δ’
336 427 405 483 αὗ
433 430 549 492 τοῖς
578 426 896 499 εἰρημένοις
946 429 1044 481 καὶ
1072 425 1263 498 ἕτερον
1294 425 1529 497 ὑπάρξει
1572 425 1748 497 ἀτόπη
1759 442 1857 495 μα,

258 521 324 575 τὸ
351 520 462 574 τῶν
490 519 801 591 ἀνθρώπων
852 519 1089 574 ἕκαστον
1116 520 1214 573 καὶ
1264 520 1554 591 ἄνθρωπον
1590 515 1731 573 εἶναι
1762 517 1861 571 καὶ

263 613 343 685 μὴ
378 612 696 685 ἄνθρωπονο
756 613 989 675 ἕκαστος
1034 611 1143 685 γὰρ
1188 612 1349 684 ήμιῖιν
1387 611 1531 666 κατὰ
1556 611 1649 665 τὸν
1681 610 1859 682 ἀληθῆ

258 704 422 774 λόγον
454 704 744 776 ἄνθρωπός
764 705 884 759 ἐστι
910 722 972 759 τε
1002 706 1099 758 καὶ
1126 704 1455 776 ὀνομάζεται
1482 721 1497 735 ’
1527 704 1623 757 τοῦ
1643 704 1699 758 δὲ
1721 703 1857 756 καθ-

263 797 413 863 όλου,
445 798 568 853 καθ’
598 798 629 852 δ
661 798 868 861 πάντες
896 798 1180 869 ἄνθρωποι.
1218 794 1364 853 εῖναι
1394 798 1666 868 ἐλέγοντο,
1704 798 1860 869 παρά

260 889 357 943 τοῦ
378 890 514 944 Θεοῦ
554 890 732 959 Λόγου
758 890 1189 961 ἀναληφθέντος,
1218 890 1338 955 πῶς
1376 890 1614 961 ὲσὸμεθα
1642 890 1858 961 ἀνθρω·

262 997 388 1047 ποι;
416 980 517 1035 Διά
540 977 634 1035 οὖν
658 980 836 1035 ταῦτα
869 981 1050 1036 πάντα
1089 983 1186 1035 καὶ
1227 981 1393 1051 ἕτερα
1424 980 1647 1034 πλείονα
1672 980 1733 1033 ού
1768 978 1859 1032 λέ-

260 1090 432 1143 γομεν
459 1072 806 1145 ἀνειληφέναι
865 1073 956 1127 τὸν
982 1075 1219 1146 Χριστὸν
1260 1074 1353 1127 τὸν
1384 1074 1612 1127 καθόλου
1649 1073 1859 1145 ἅνθρω-

262 1184 385 1221 πον.
428 1165 569 1220 Ἀλλ’
599 1166 721 1220 οὐδὲ
754 1166 847 1220 τὸν
876 1167 968 1220 ἐπὶ
996 1169 1199 1238 μέρους
1224 1166 1513 1238 ἄνθρωπον
1531 1164 1860 1225 δίκαιον,,ἂν

259 1259 350 1328 εἴη
402 1257 590 1327 λέγειν
641 1258 736 1312 τὸν
773 1259 1011 1333 Χριστὸν
1047 1258 1435 1330 ἀνειληφέναι·
1483 1260 1532 1311 εἰ
1565 1257 1676 1327 γὰρ
1698 1258 1859 1312 τοῦτο

259 1348 468 1421 δοθείη,
491 1350 552 1403 οὐ
578 1349 679 1421 μία
708 1349 861 1404 ἔσται
888 1352 915 1404 ὁ
954 1350 1192 1424 Χριστὸς
1223 1350 1543 1414 ὑπόστασις,
1570 1348 1707 1402 ἀλλά
1729 1347 1822 1401 δύο
1842 1364 1856 1378 ⁸

259 1442 383 1496 τότε
412 1443 523 1515 γὰρ
552 1440 845 1497 ἀναλαϐεῖν
873 1442 1091 1511 ἐλέγετο
1126 1444 1155 1497 ὀ
1184 1444 1443 1512 Χριστύς
1488 1444 1580 1496 τὸν
1613 1444 1671 1497 έν
1699 1443 1857 1514 μέρει

260 1533 571 1605 ἄνθρωπον,
602 1535 657 1588 εἰ
679 1552 743 1605 γε
774 1535 875 1605 τὴν
908 1536 1071 1607 φύσιν
1104 1537 1242 1604 μετὰ
1272 1536 1379 1590 τῶν
1427 1536 1735 1606 ἰδιωμάτων
1761 1536 1858 1588 ἀνι

261 1624 488 1680 ἅλαϐεν·
520 1626 659 1698 αὐτὴ
686 1627 742 1681 δὲ
768 1627 921 1681 οὐδὲν
944 1626 1132 1700 ἕτερόν
1164 1626 1335 1694 ἐστιν,
1368 1627 1402 1699 ἢ
1436 1627 1756 1691 ὑπόστασις.
1793 1626 1860 1679 Τί

261 1712 356 1771 οὖν
406 1717 699 1771 ἀνελάόετο
729 1717 758 1771 ὁ
784 1718 1045 1788 Χριστὸς,
1096 1718 1215 1790 ὲρεί
1247 1736 1352 1783 τις,
1408 1720 1568 1787 εἴπερ
1605 1717 1730 1771 οὕτε
1764 1716 1856 1771 τὸν

261 1816 493 1871 καθόλου
526 1817 836 1890 ἄνθρωπον,
867 1815 993 1870 οὔτε
1022 1816 1115 1870 τὸν
1141 1819 1198 1871 έν
1238 1817 1395 1888 μέρει
1427 1815 1727 1888 ἀνείληφε;
1756 1815 1859 1868 Λέ-

260 1926 454 1981 γομεν,
486 1911 568 1964 ὅτι
595 1909 893 1965 ἀνελάϐετο
916 1910 1017 1982 μὲν
1052 1910 1152 1982 τὴν
1181 1908 1531 1979 ἀνθρωπείαν
1558 1907 1743 1978 φύσιν,
1797 1906 1858 1973 ἐξ

261 2005 459 2059 ἑαυτοῦ
481 2005 539 2059 δὲ
567 2003 597 2055 δ
626 2005 799 2075 Λόγος
832 2003 1077 2075 παρέσχε
1114 2002 1185 2057 τά
1216 2000 1506 2074 ἰδιώματα,
1539 1999 1638 2056 καὶ
1674 1998 1854 2065 οὓτως

259 2096 491 2168 οὐδεμία
510 2095 708 2150 ἀτοπία
732 2094 1233 2168 παρακολουθήσει.

264 2374 389 2440 σίας
414 2374 530 2428 έστί
564 2372 922 2445 σημαντικὸν,
972 2370 1231 2441 καθάπερ
1273 2367 1619 2440 ἀνθρωποςῆ
1653 2366 1858 2433 ἴπποςς

263 2464 406 2521 Οθτε
430 2468 558 2538 ὅρου
581 2465 813 2537 δύναμιν
837 2463 973 2536 ἔχει,
1000 2460 1123 2516 οὒτε
1144 2461 1335 2524 οὐσίας
1358 2461 1475 2513 ἐστὶ
1500 2459 1858 2530 σημαντικὸν,

264 2559 598 2633 πράγματος
631 2558 689 2612 δέ
722 2575 870 2622 τινος
924 2555 1217 2627 δηλοῦντος
1274 2555 1591 2627 ἐνέργειαν
1643 2555 1707 2607 τὸ
1750 2553 1862 2622 γὰρ

263 2650 523 2718 Χριστὸς
568 2650 740 2719 ὄνομα
786 2648 914 2721 μίαν
971 2648 1275 2702 ὑπόστασιν
1326 2646 1605 2718 σημαίνει,
1653 2645 1769 2700 ἀλλ’
1799 2644 1862 2698 οὐ

266 2744 401 2815 μίαν
440 2743 622 2814 φύσιν
647 2743 909 2811 Χριστὸς
972 2743 1081 2812 γάρ
1119 2739 1471 2812 μονοτρόπως
1506 2740 1568 2792 οὐ
1617 2740 1861 2808 λέγεται,

263 2832 381 2888 ἀλλ’
406 2835 464 2886 ὲν
480 2832 629 2903 αὐτῷ
644 2832 723 2903 τῷ
747 2832 999 2901 ὀνόματι,
1025 2831 1105 2883 ένὶ
1126 2830 1263 2892 ὄντι,
1293 2829 1574 2901 ἑκατέρων
1599 2831 1863 2902 πραγμά-

262 2945 376 2980 των
403 2926 711 2980 δείκνυνται
730 2925 998 2995 σημασία,
1029 2923 1282 2993 θεότητος
1311 2923 1405 2975 καὶ
1422 2922 1863 2995 ἀνθρωπότητοςο

1962 422 2072 487 his,
2096 429 2151 477 et
2183 422 2237 477 in
2273 437 2384 492 quo
2424 437 2750 479 communes
2772 422 2997 481 Christo
3038 424 3235 480 redditi
3261 428 3555 482 essemus?

1963 512 2214 570 Rursum
2259 515 2315 570 in
2349 516 2516 572 dictis
2544 516 2735 573 subest
2752 524 2808 573 et
2830 518 2935 572 alia
2964 518 3304 585 absurditas,
3337 521 3555 576 scilicet

1962 620 2417 675 unumquemque
2438 606 2727 662 hominum
2756 617 2813 663 et
2844 610 3119 665 hominem
3186 625 3312 666 esse
3343 620 3398 667 et
3443 626 3554 665 non

1962 694 2243 749 hominem
2270 713 2286 762 ;
2318 697 2705 767 unusquisque
2728 698 2877 752 enim
2904 700 3081 755 nostri
3109 702 3413 756 secundum
3459 716 3558 756 ve-

1961 802 2084 841 rum
2117 803 2429 843 sermonem
2453 798 2509 844 et
2555 789 2721 844 homo
2750 798 2833 845 est
2862 790 3171 858 etdicitnr;
3206 791 3301 847 sed
3332 792 3553 848 homine

1962 878 2018 932 in
2056 881 2377 935 universum
2408 881 2713 936 secundum
2735 897 2899 952 quem
2932 897 3125 939 omnes
3150 883 3402 939 homines
3428 900 3555 939 esse

1962 973 2295 1029 dicebantur
2357 975 2501 1046 apud
2558 974 2727 1030 Deum
2782 974 3024 1031 Verbum
3082 984 3350 1047 accepto.
3404 993 3548 1047 quo-

1962 1069 2127 1122 modo
2174 1068 2381 1122 erimus
2422 1067 2707 1123 homines?
2752 1067 2986 1139 Pr0pter
3014 1067 3131 1123 haec
3173 1070 3338 1140 igitur
3364 1070 3551 1125 omnia

1961 1169 2016 1217 et
2046 1162 2151 1214 alia
2181 1162 2417 1231 plurima
2482 1176 2591 1216 non
2646 1161 2886 1217 dicimus
2941 1163 3226 1232 accepisse
3267 1161 3552 1219 Christum

1972 1254 2254 1309 hominem
2294 1257 2346 1309 in
2382 1255 2730 1310 universum.
2752 1252 2859 1309 Sed
2887 1271 3065 1325 neque
3098 1256 3421 1326 singulatim
3450 1256 3554 1310 ho-

1962 1347 2169 1401 minem
2207 1347 2422 1418 justum
2451 1356 2537 1403 est
2565 1349 2751 1403 dicere
2774 1346 3055 1404 Christum
3098 1351 3413 1420 accepisse;
3451 1352 3558 1409 hoc

1964 1440 2112 1494 enim
2151 1441 2197 1495 si
2236 1441 2656 1507 concederetur,
2684 1458 2791 1497 non
2824 1459 2931 1496 una
2955 1451 3099 1498 esset
3130 1442 3389 1499 Christus
3420 1459 3550 1513 per-

1961 1546 2120 1598 sona,
2149 1532 2245 1587 sed
2290 1532 2436 1599 duo;
2469 1542 2599 1588 tunc
2628 1534 2771 1588 enim
2810 1534 3085 1588 diceretur
3121 1533 3367 1589 Christus
3404 1535 3553 1589 acci-

1964 1638 2095 1693 pere
2122 1624 2401 1680 hominem
2432 1626 2739 1698 sigillatim,
2787 1628 2831 1681 si
2857 1636 3112 1683 naturam
3136 1644 3262 1683 cum
3292 1628 3546 1699 proprie-

1967 1716 2173 1771 tatibus
2210 1717 2517 1787 acciperet,
2553 1734 2677 1789 quae
2717 1719 2854 1773 nihil
2893 1719 3046 1775 aliud
3100 1728 3377 1790 estquam
3426 1737 3555 1791 pcr-

1964 1824 2129 1865 sona.
2164 1808 2307 1876 Quid
2340 1826 2473 1882 ergo
2506 1810 2719 1882 accepit
2754 1812 3033 1876 Christus,
3073 1813 3217 1869 dicet
3244 1813 3466 1884 aliquis,
3500 1814 3547 1869 si

1971 1902 2194 1974 quidem
2230 1920 2409 1975 neque
2442 1905 2495 1959 in
2527 1906 2851 1961 universum
2881 1904 3184 1971 hominem,
3221 1920 3399 1977 neque
3440 1905 3556 1959 sin-

1964 1995 2195 2067 gulatim
2224 1997 2483 2068 accepit?
2543 1996 2815 2059 Dicimus,
2853 1996 2984 2066 quia
3045 1994 3265 2065 quidem
3328 1995 3546 2066 accepit

1884 2158 1921 2167 _
1964 2091 2270 2144 humanam
2305 2100 2586 2156 naturam,
2617 2106 2683 2145 ex
2728 2089 2846 2161 ipsa
2896 2097 3078 2143 autem
3120 2087 3358 2144 Verbum
3422 2102 3558 2159 prae-

1878 2200 1888 2221 ι
1965 2181 2086 2238 buit
2114 2182 2491 2253 proprietates
2525 2190 2581 2237 et
2611 2182 2693 2239 sic
2727 2182 2877 2235 nulla
2906 2189 3171 2251 sequetur
3213 2180 3555 2237 absurditas.

338 2278 404 2352 β’.
435 2280 511 2334 Τδ
534 2278 792 2349 Χριστὸς
815 2277 987 2349 ὄνομα
1020 2276 1149 2348 ὅρου
1203 2274 1434 2345 δύναμιν
1472 2272 1585 2345 ἔχει
1608 2313 1624 2338 ,
1680 2272 1715 2344 ἢ
1766 2272 1860 2326 οὐ·
1921 2292 1925 2297 τ

2033 2275 2095 2331 2.
2119 2274 2329 2331 Nomen
2355 2275 2601 2332 Christus
2629 2292 2761 2330 num
2798 2276 3016 2330 termini
3050 2276 3336 2341 virtutem,
3366 2275 3451 2330 vel
3472 2291 3562 2332 es-

1966 2369 2159 2426 sentia!
2176 2368 2554 2439 signiﬁcanda:
2573 2368 2678 2421 vim
2702 2367 2887 2431 habet,
2903 2368 3046 2421 sicut
3064 2366 3227 2423 homo
3244 2367 3332 2424 vel
3350 2382 3527 2438 equus
3543 2366 3568 2422 ἲ

1965 2463 2156 2535 Neque
2184 2463 2411 2519 termini
2444 2463 2731 2526 virtutem,
2776 2478 2955 2533 neque
3009 2462 3271 2518 essentia:
3335 2460 3554 2533 signiﬁ-

1966 2560 2159 2614 canda:
2188 2558 2296 2614 vim
2333 2560 2516 2626 habet,
2570 2557 2665 2613 sed
2690 2556 2931 2626 alicujus
2981 2555 3061 2610 rei
3114 2553 3562 2611 demonstranda

1967 2652 2324 2713 facultatem:
2356 2667 2553 2707 nomen
2584 2651 2732 2707 enim
2774 2648 3024 2706 Christus
3057 2663 3223 2703 unam
3261 2662 3557 2719 personam
3652 2644 3655 2649 ”

1969 2744 2266 2817 signiﬁcat,
2310 2759 2421 2799 non
2485 2753 2669 2799 autem
2733 2757 2903 2797 unam
2964 2748 3254 2807 naturam;
3299 2738 3560 2796 Christus

1967 2838 2115 2895 enim
2152 2853 2261 2892 non
2290 2837 2619 2907 simpliciter
2647 2836 2872 2899 dicitur,
2919 2834 3015 2891 sed
3062 2834 3117 2889 in
3151 2834 3274 2904 ipso
3308 2832 3555 2896 nomine,

1969 2946 2097 2987 cum
2129 2947 2302 2986 unum
2326 2932 2420 2997 sit,
2487 2931 2722 2985 duarum
2758 2944 2939 2985 rerum
2987 2927 3301 2984 ostenditur
3355 2924 3565 2997 signiﬁ-

269 3019 354 3073 διὸ
386 3020 483 3072 καὶ
516 3018 649 3081 Θεὸς
679 3017 897 3085 λέγεται
928 3018 956 3070 ὁ
1006 3015 1269 3085 Χριστὸς
1302 3014 1399 3068 καὶ
1427 3014 1737 3087 ἄνθρωπος,
1770 3016 1862 3070 καὶ

1974 3036 2155 3091 catus,
2187 3023 2494 3080 divinitatis
2515 3032 2571 3079 et
2614 3021 3018 3086 humanitatis;
3074 3020 3284 3075 idcirco
3332 3026 3387 3074 et
3419 3018 3564 3073 Deus

262 3104 349 3174 εἷς
380 3110 531 3165 ἐστιν
551 3110 580 3163 ό
611 3108 893 3177 Χριστός.

798 3219 1135 3274 ΕΡΩΤΗΣΙΣ
1184 3220 1333 3276 ΤΙΘ’.

270 3333 336 3390 Τί
368 3332 651 3403 σημαίνει
676 3331 717 3401 ἡ
746 3332 855 3387 τοῦ
900 3332 1151 3388 Ἀϐεσσα
1164 3334 1283 3406 ιὼμ
1324 3333 1406 3402 τῷ
1432 3335 1611 3406 πατρὶ
1640 3334 1865 3390 ἐπαγά-

949 3421 1172 3473 στασις
1198 3422 1217 3471 ;

340 3519 412 3572 Ἣ
437 3519 537 3589 τὴν
565 3517 676 3572 τῶν
713 3518 987 3574 Ἰουδαίων
1026 3518 1286 3582 εἰκονίζει
1318 3517 1463 3572 κατά
1493 3518 1588 3573 τοῦ
1612 3518 1865 3591 Σωτῆρος

263 3613 639 3667 ἐπανάστασιν
673 3612 791 3683 (καὶ
820 3613 929 3683 γάρ
974 3612 1109 3678 Υἱὸς
1136 3613 1514 3677 πρωτότοκος
1544 3613 1578 3667 ό
1599 3612 1864 3681 Ἰσραὴλ,

267 3705 387 3771 καὶ,
425 3704 598 3771 Υιοὺς
617 3704 919 3774 ἐγέννησα
939 3704 1039 3758 καί
1060 3705 1283 3772 ὕψωσα
1316 3705 1410 3757 καὶ
1431 3702 1570 3775 τὸν).
1592 3743 1607 3758 .
1633 3740 1649 3758 .
1674 3742 1692 3760 .
1721 3699 1866 3757 οὗτοι.

268 3796 678 3861 ἐπαναστάντες
734 3797 1029 3869 διήνεγκαν
1089 3795 1342 3859 θάνατον,
1396 3795 1717 3866 Ῥωμαῖκῆς
1762 3811 1868 3865 μα-

267 3888 490 3960 χαίρας,
521 3892 570 3943 εἰ
599 3890 695 3944 καὶ
728 3889 867 3959 μετά
898 3888 1101 3959 πολλὴν
1138 3886 1546 3959 μακροθυμίαν,
1578 3887 1865 3957 γεγονότες

267 3981 672 4053 παρανάλωμα.
713 3983 837 4035 Ὀτι
871 3980 1034 4035 Δαυῒδ
1079 3981 1353 4036 κωλύεται
1381 3979 1476 4033 τὸν
1507 3980 1635 4034 ναὸν
1659 3978 1866 4032 οἰκοδο-

271 4072 468 4145 μῆσαι,
498 4073 822 4141 ταμιεύεται
851 4073 908 4125 δὲ
934 4072 995 4124 τὸ
1019 4072 1181 4144 ἔργον
1208 4073 1287 4135 εἰς
1314 4072 1407 4124 τὸν
1446 4068 1507 4134 ἐξ
1535 4068 1703 4124 αὐτοῦ
1742 4084 1867 4137 γεν-

266 4164 503 4235 νηθέντα
532 4165 875 4235 Σολομῶντα,
900 4165 959 4229 ὃς
985 4162 1352 4235 ἑρμηνεύεται
1380 4161 1699 4231 εἰρηνικὸς,
1733 4160 1867 4214 διότι

268 4273 379 4327 περ
424 4257 458 4326 ή
508 4257 875 4321 ἰνυπόστατος
927 4257 1143 4328 εἰρήνη,
1184 4254 1420 4327 Χριστὸς
1461 4256 1489 4307 ὁ
1518 4254 1649 4318 Θεὸς
1681 4251 1864 4325 ήμῶν,

266 4348 496 4418 ἔμελλεν
534 4348 596 4401 οὐ
622 4348 701 4415 τῷ
734 4349 1002 4402 Ἰουδαίων
1031 4348 1176 4401 ἔθνει
1204 4348 1387 4417 μόνον,
1422 4345 1558 4401 ἀλλά
1586 4348 1681 4399 καὶ
1700 4346 1867 4399 παντὶ

264 4442 347 4512 τῷ
378 4443 524 4511 γένει
568 4445 694 4497 ναὸν
745 4443 1099 4513 οἰκοδομῆσαι
1140 4440 1477 4511 ἁγιωσύνης,
1520 4436 1581 4492 οἵ)
1628 4440 1678 4492 οἰ
1725 4457 1859 4492 κατ-

263 4534 578 4606 ἀξιούμενοι
605 4529 681 4590 ὧν
713 4552 771 4589 τε
804 4535 1016 4589 δέονται
1054 4534 1407 4604 τυγχάνουσι,
1449 4533 1545 4586 καὶ
1587 4532 1858 4603 κάθαρσιν

264 4629 377 4680 τῶν
408 4627 900 4698 πλημμελημάτων
922 4627 1291 4699 εὑρίσκουσιν.
1338 4626 1493 4678 Ἐπεὶ
1522 4626 1729 4695 κυρίως
1763 4627 1860 4679 καὶ

264 4720 389 4789 οὐχὶ
417 4718 527 4772 τῶν
562 4720 809 4790 αἱμάτων
839 4719 1000 4791 χάριν
1031 4718 1359 4784 κεκώλυται,
1398 4720 1447 4771 εἰ
1490 4719 1586 4772 καὶ
1616 4718 1857 4790 εἴρηται,

266 4810 384 4865 ἀλλ’
406 4811 486 4864 ὅτι
514 4811 591 4883 τῷ
615 4812 771 4885 τύπῳ
805 4812 1136 4882 ἐφυλάττετο
1166 4812 1261 4865 καὶ
1296 4810 1396 4883 ὅλη
1427 4808 1507 4883 τῷ
1533 4810 1689 4882 τύπῳ
1722 4828 1860 4883 συμ-

269 4903 656 4976 περιείληπτο.
868 4934 878 4943 ι
898 4932 901 4935 ·

823 5042 1162 5098 ΕΡΩΤΗΣΙΣ
1185 5043 1318 5100 TK'.

275 5156 339 5211 Τί
395 5156 528 5212 ἐστι
577 5158 645 5212 τὸ
677 5157 1106 5284 ξφοιόήσατῦθειι
1161 5157 1261 5215 καί
1299 5156 1656 5229 φιλάκρωμα
1706 5171 1869 5225 περι-

1006 5245 1191 5284 ειναις
1524 5268 1546 5284 .

1006 5245 1191 5293 errat;

342 5320 418 5375 Τὸ
450 5321 548 5393 μὲν
571 5322 982 5393 φοιϐήσασθαι
1015 5270 1187 5393 λέγει,
1210 5322 1331 5376 ἀντὶ
1355 5318 1451 5374 τοῦ
1479 5268 1554 5391 μή
1588 5317 1871 5391 μαντείαις

347 5508 390 5539 ίι
426 5506 600 5566 Exod.
632 5523 707 5575 ιν,
749 5505 839 5561 22.
919 5505 963 5536 ¹²
1006 5503 1115 5560 Isa.
1147 5519 1186 5569 ι,
1221 5503 1279 5558 2.

347 5631 426 5701 (l)
489 5629 619 5685 Vide
688 5630 850 5685 etiam
901 5625 961 5684 S.
1004 5626 1262 5682 Damasc.
1334 5621 1560 5680 Orthod.
1598 5620 1692 5690 βά.
1760 5615 1851 5686 III,

271 5704 463 5759 “~55.

1976 3116 2183 3172 dicitur
2212 3116 2553 3179 Christus;et
2581 3114 2768 3176 homo,
2788 3125 2842 3169 et
2874 3129 3019 3169 unus
3049 3121 3134 3168 est
3174 3111 3429 3167 Christus
3450 3110 3555 3183 (1).

2111 3229 2444 3298 ρυλεετιυ
2469 3227 2729 3286 CCCXIX
2760 3226 2952 3301 [CoisL
2986 3225 3031 3282 T
3035 3242 3158 3280 aur.
3200 3222 3419 3297 XCIV].

2042 3342 2188 3411 Quid
2223 3345 2494 3416 signiﬁcat
2550 3341 2833 3399 Absalom’s
2868 3343 2925 3397 in
2953 3352 3161 3413 patrem
3189 3340 3443 3397 rebellio‘
3473 3339 3499 3395 τ

2040 3524 2151 3579 Aut
2180 3521 2497 3579 .Iudaeorum
2522 3521 2721 3593 ﬁgurat
2750 3519 2807 3574 in
2842 3517 3181 3573 Salvatorem
3210 3513 3564 3571 rebellionem

1970 3614 2232 3686 (etenim:
2261 3611 2305 3666 F
2309 3613 2430 3668 ilius
2456 3613 2840 3684 primogenitus
2861 3609 3038 3664 Israel
3055 3611 3094 3641 ¹¹
3119 3617 3201 3676 ;et
3220 3606 3395 3662 Filios
3410 3605 3569 3681 genui

1967 3717 2017 3759 et
2055 3707 2291 3759 exaltavi
2323 3706 2366 3736 ¹²
2405 3723 2425 3756 ι
2460 3712 2515 3757 et
2543 3702 2621 3771 (2)
2655 3742 2670 3756 .
2702 3740 2718 3757 .
2751 3742 2767 3758 .
2802 3741 2817 3757 .
2852 3741 2866 3756 .
2899 3741 2914 3757 .
2952 3740 2968 3756 .
2992 3701 3045 3755 hi
3074 3700 3403 3755 rebellantes
3422 3714 3570 3752 mor-

1970 3805 2079 3851 tem
2115 3796 2437 3859 subierunt,
2470 3792 2721 3848 Romano
2756 3793 3010 3847 districto
3040 3790 3253 3861 gladio,
3292 3789 3398 3843 etsi
3438 3787 3567 3859 qui-

1969 3888 2095 3942 dem
2130 3896 2255 3958 post
2283 3887 2511 3940 multam
2561 3884 2879 3956 superbiam
2915 3883 3224 3955 perierunt.
3269 3879 3408 3947 Quia
3459 3878 3569 3932 Da-

1968 3982 2060 4037 vid
2111 3979 2436 4051 prohibetur
2491 3993 2519 4033 a
2556 3978 2759 4048 templo
2803 3976 3155 4039 aediﬁcando,
3207 3983 3572 4031 conservatur

1970 4088 2111 4143 opus
2149 4083 2279 4127 nato
2309 4072 2431 4139 ejus
2464 4069 2745 4125 Salomoni
2775 4068 2842 4136 ¹³,
2872 4068 3016 4138 quod
3054 4067 3453 4137 interpretatur
3480 4082 3573 4136 pa-

1970 4169 2178 4238 ciﬁcus,
2210 4166 2340 4236 quia
2373 4162 2763 4235 personitirata
2793 4178 2897 4231 pax
2918 4160 3173 4217 Christus
3202 4158 3348 4215 Deus
3382 4168 3572 4215 noster

1972 4260 2205 4315 debebat
2252 4258 2527 4313 aediﬁcare
2570 4269 2680 4310 non
2721 4261 2932 4308 tantum
2970 4251 3215 4307 Judaicze
3258 4252 3433 4322 genti,
3465 4251 3563 4307 sed

1974 4354 2138 4409 etiam
2191 4351 2342 4407 omni
2412 4350 2561 4421 genti
2608 4347 2942 4416 ,sanctitatis
3009 4345 3326 4416 templum;
3403 4342 3567 4411 cujus

1973 4447 2067 4516 qui
2097 4453 2226 4501 sunt
2255 4445 2403 4514 digni
2437 4452 2493 4498 et
2518 4442 2719 4513 quibus
2753 4440 3001 4511 indigent
3027 4437 3299 4500 obtinent,
3335 4442 3390 4489 et
3424 4433 3567 4489 deli-

1967 4549 2183 4594 ctorum
2221 4535 2662 4607 puriﬁcationem
2698 4533 3009 4587 inveniunt.
3051 4527 3321 4595 Quoniam
3355 4525 3567 4596 princi-

1966 4629 2163 4700 paliter
2194 4638 2249 4683 et
2279 4626 2356 4699 (3)
2392 4642 2501 4680 non
2541 4624 2874 4695 sanguinum
2900 4622 3078 4693 gratia
3110 4619 3563 4691 impedimentum

1963 4720 2196 4787 exstitit,
2218 4721 2319 4775 etsi
2342 4720 2579 4785 dicatur,
2601 4719 2694 4774 sed
2712 4717 2856 4788 quod
2886 4716 3126 4786 inﬁgura
3142 4711 3574 4770 conservabatur

1965 4825 2021 4871 et
2050 4815 2106 4871 in
2141 4814 2318 4886 ﬁgura
2363 4813 2824 4885 comprehensum
2863 4809 2987 4864 fuit.

2114 5034 2452 5107 QUIESTIO
2483 5031 2731 5091 CCCXX‘
2767 5031 2962 5106 [CoisL
2994 5029 3160 5086 Taur.
3189 5024 3430 5099 XCVII].

2149 5153 2293 5221 Qutd
2318 5162 2395 5210 est
2421 5152 2722 5224 phoebizarc
2751 5160 2801 5206 et
2822 5148 3092 5206 calvitiem
3121 5146 3337 5201 induere
3364 5144 3389 5196 7

2047 5311 2363 5369 Phaebizare
2411 5309 2546 5368 dicit
2598 5323 2722 5382 pro,
2762 5305 3103 5364 divinatione
3147 5299 3247 5356 uti.
3282 5292 3565 5354 Calvitiem

1400 5499 1446 5532 ¹³
1477 5497 1517 5552 ΙΙ
1546 5497 1683 5569 Reg.
1726 5510 1890 5559 mn,
1930 5508 2057 5548 xxrv
2110 5506 2265 5561 seqq.

2038 5613 2115 5685 (2)
2150 5613 2324 5668 Lmsio
2355 5612 2583 5685 codicis.

2038 5680 2118 5759 (3)
2151 5680 2371 5756 Miquid
2407 5686 2585 5740 deest.
