2067 3225
538 302 638 378 ΙΝ
727 298 1049 378 OPERA
1122 302 1460 381 PHOTII

744 447 851 480 NUNC
872 448 1031 480 PRIMUM
1053 448 1263 481 COLLECTA

237 536 577 593 EDITOBUM
617 537 1050 593 PATROLOGIZE
1088 540 1340 594 GBZECIE
1378 541 1744 595 PB/EFATIO.

908 638 1106 646 .__.._.__

753 686 773 714 Ι.
784 703 820 709 -
836 687 875 715 De
890 696 1003 723 persona
1022 693 1048 716 et
1067 689 1148 724 gestis
1165 688 1267 716 Pliottt'.

218 738 334 768 Photiu
350 739 518 775 scriptorum
532 747 647 768 suorum
660 742 740 777 copia
755 747 783 770 et
794 743 919 772 doctrina
934 743 1061 778 celebris,
1087 749 1115 772 at
1133 745 1314 778 facinoribus,
1332 746 1435 781 quibus
1450 746 1498 772 diu
1514 745 1663 773 Ecclesiam
1683 746 1827 780 perturba—

179 783 234 814 vit.
248 784 459 812 «teterrimum
474 785 594 813 scltisma
615 785 801 821 inauguravit,
817 788 898 823 longe
922 788 1057 816 celebrior
1071 790 1167 817 evasit.
1183 789 1269 824 Cujus
1291 790 1389 817 indolis
1406 794 1433 816 et
1454 790 1553 824 agendi
1575 790 1689 817 rationis
1705 790 1826 817 notitiam

183 832 215 854 ut
227 827 313 855 lector
324 828 360 854 ab
369 827 452 855 initio
466 833 639 863 perspectam
654 830 766 864 habeat,
785 836 861 866 gesta
877 831 938 866 ejus
950 831 1122 860 brevissimis
1140 834 1231 861 verbis
1247 833 1450 861 enarrabimns.

222 870 343 907 Ignalius
359 871 503 899 Michaelis
517 872 701 909 Curopalatte,
718 876 893 909 imperatoris
903 875 1199 911 Constantinopolitani
1223 878 1307 910 filius,
1320 877 1366 904 sed
1383 877 1418 904 ab
1438 876 1553 904 infantia
1570 884 1585 903 a
1602 876 1693 905 Leone
1709 877 1828 903 Artneno

181 916 318 948 eviratus,
334 915 441 950 nejura
460 917 538 952 regni
557 917 609 945 sibi
630 926 752 953 unquam
776 919 938 952 vindicaret,
960 920 1108 949 monachus
1134 921 1163 949 S.
1189 921 1279 957 Satyri
1301 926 1328 948 et
1349 921 1478 948 sacerdos
1503 921 1600 954 factus,
1625 928 1699 947 anno
1722 921 1785 951 846,
1802 922 1828 947 in

181 959 369 994 patriarcham
384 960 723 996 (Ionstautinopolitanum
747 963 850 992 electus
863 969 916 996 est,
930 969 957 991 et
973 965 1063 993 sedem
1087 965 1298 999 patriarcltalem
1320 965 1403 993 Nova:
1424 965 1527 997 Romze,
1554 965 1677 992 omnium
1696 967 1827 992 virtutum

180 1003 397 1031 sacerdotalium
413 1004 561 1039 splendore
577 1006 735 1034 illustravit.
751 1006 831 1034 'l‘unc
845 1009 977 1043 temporis
999 1009 1143 1044 imperium
1159 1009 1380 1042 administrabat,
1401 1010 1484 1037 veluti
1505 1009 1553 1036 lilii
1569 1010 1612 1037 sui
1639 1010 1721 1036 tutrix
1740 1009 1828 1036 Theo-

181 1047 262 1080 dora,
275 1046 418 1075 Michaelis
432 1047 504 1076 ebrii
519 1054 617 1082 mater,
635 1058 697 1085 quae
710 1059 783 1078 anno
808 1051 871 1083 842,
894 1052 1021 1081 haeresim
1045 1054 1290 1086 lconoclastarum,
1318 1059 1465 1089 postquam
1489 1062 1536 1089 per
1556 1061 1644 1082 annos
1668 1059 1778 1081 centum
1801 1059 1829 1081 et

181 1091 278 1126 viginti
297 1092 404 1119 vineam
422 1091 533 1120 Domini
549 1099 696 1126 vastasset,
713 1095 823 1122 tandem
840 1096 998 1124 suifocavit.

217 1134 344 1168 Michael,
365 1143 429 1163 cum
449 1144 552 1165 annum
574 1138 737 1174 vigesimum
762 1141 879 1174 primum
894 1142 982 1168 artatis
999 1149 1055 1169 sua:
1075 1142 1222 1176 attigisset,
1242 1150 1314 1169 anno
1338 1142 1442 1171 scilicet
1463 1142 1527 1175 857,
1551 1149 1634 1169 suasu
1650 1141 1745 1169 Bardse
1761 1141 1821 1168 (hc-

179 1179 266 1212 caris,
291 1184 319 1208 et
343 1181 475 1208 avunculi
500 1182 554 1216 sui,
577 1183 692 1210 tutelam
717 1184 813 1211 matris
838 1185 969 1218 excussit,
992 1190 1021 1213 et
1042 1194 1098 1220 quo
1123 1186 1231 1213 facilius
1251 1186 1343 1221 pravis
1362 1187 1421 1214 suis
1437 1187 1637 1221 cupiditatibus
1662 1186 1825 1220 indulgeret,

182 1229 301 1251 matrem
320 1228 349 1251 et
367 1231 478 1253 sorores
501 1226 528 1253 in
552 1228 751 1254 monasterium
776 1228 885 1256 detrudi
920 1238 952 1257 ac
982 1230 1087 1257 tonderi
1110 1230 1202 1266 jussit.
1224 1232 1259 1257 At
1284 1231 1385 1266 iniqua:
1410 1240 1467 1258 sua:
1499 1231 1641 1259 sententia:
1671 1231 1828 1257 consentire

180 1267 274 1294 uoluit
288 1266 410 1302 lgnatius
426 1269 596 1304 patriarcha,
610 1270 652 1298 vir
667 1271 729 1306 pius
748 1272 887 1306 etjustus,
902 1273 948 1307 qui
964 1274 1016 1301 hac
1030 1274 1064 1301 de
1094 1282 1177 1302 causa
1198 1275 1359 1303 lilichaelem
1381 1275 1555 1302 vehementer
1566 1275 1679 1302 odendit
1693 1278 1720 1300 et
1733 1282 1747 1300 a
1763 1275 1829 1301 sede

181 1311 374 1346 patriarchali,
386 1312 431 1340 die
444 1312 481 1340 9.3
494 1312 658 1343 Novembris
671 1322 744 1343 anno
756 1316 819 1349 857,
831 1324 886 1343 non
899 1318 958 1345 sine
970 1318 1009 1350 vi,
1022 1319 1152 1353 expulsus
1167 1324 1221 1346 est.

220 1354 341 1384 Sceleris
355 1356 439 1392 hujus
455 1358 584 1393 praecipui
601 1364 729 1387 auctores
746 1359 858 1388 fuerunt
874 1361 977 1389 Bardas
990 1362 1082 1390 Caesar
1096 1367 1123 1390 et
1135 1362 1250 1390 Michael
1273 1368 1440 1398 Imperator;
1456 1368 1483 1390 at
1497 1363 1621 1398 ejusdem
1636 1366 1830 1397 cooperatores

180 1403 266 1426 erant
280 1398 404 1435 Photius,
417 1401 508 1429 adhuc
520 1402 621 1434 laicus,
645 1403 692 1438 qui
709 1404 802 1432 sedem
818 1406 1027 1440 patriarclialem
1041 1406 1174 1438 ambibat,
1190 1412 1215 1433 et
1228 1407 1378 1442 Gregorius
1390 1408 1501 1440 Abeste,
1517 1407 1662 1442 cpiscopus
1680 1407 1828 1442 Syracusa-

182 1451 249 1477 nus,
261 1451 346 1480 quem
362 1444 496 1480 lgnatius,
510 1453 556 1473 an.
572 1446 637 1479 847,
650 1447 685 1475 ob
703 1447 826 1476 facinora
845 1457 905 1482 sua,
921 1450 1069 1486 episcopali
1084 1451 1215 1486 dignitate
1228 1452 1402 1486 spoliaverat.
1414 1451 1572 1486 Gregorius,
1585 1451 1664 1486 jussu
1682 1451 1831 1485 imperato-

183 1488 235 1521 ris,
249 1487 380 1516 Photium
391 1489 505 1522 iaicum,
518 1491 535 1518 5
547 1490 654 1518 dierum
665 1492 754 1527 spatio
768 1493 802 1519 ad
818 1500 913 1521 sacros
925 1493 1035 1522 ordines
1051 1499 1077 1522 et
1091 1495 1124 1522 ad
1141 1494 1230 1529 ipsum
1247 1496 1447 1530 episcopatum,
1462 1495 1489 1521 in
1505 1500 1690 1530 contetnptum
1710 1494 1762 1521 SS.
1780 1502 1829 1522 ca-

182 1538 303 1567 nonum,
318 1534 466 1568 promovit,
481 1534 518 1561 ita
533 1540 562 1562 ut
575 1534 691 1563 Photius
705 1536 749 1564 die
765 1537 800 1564 25
816 1537 972 1566 Decembris
980 1539 1102 1573 ejusdem
1119 1539 1183 1566 anni
1195 1539 1248 1566 857
1257 1540 1386 1567 thronum
1401 1539 1612 1574 patriarchalem
1623 1539 1832 1567 conscenderet.

220 1574 351 1612 Episcopi
373 1578 524 1612 provincia:
546 1578 857 1615 Constantinopolitano:
882 1589 989 1615 omnes,
1012 1584 1135 1618 exceptis
1168 1588 1274 1610 tantum
1299 1584 1394 1619 viginti
1418 1588 1445 1610 et
1466 1591 1533 1616 uno,
1565 1591 1627 1609 mox
1658 1583 1685 1609 in
1714 1583 1830 1610 ecclesia

184 1618 218 1647 Β.
245 1619 339 1648 lrenes
358 1620 598 1657 Constantinopoli
625 1630 822 1658 convenerunt,
848 1630 876 1653 et
892 1625 1020 1655 Photinm
1049 1633 1180 1662 tanquam
1200 1618 1338 1654 canonum
1355 1631 1570 1662 contemptorem
1591 1631 1618 1654 ct
1643 1628 1716 1655 sedis
1732 1627 1828 1654 alienae

182 1664 355 1698 tonsorem,
369 1664 557 1701 deposuerunt
573 1671 600 1694 et
612 1668 789 1696 anathemate
804 1675 1012 1704 percusserunt.

219 1709 258 1737 At
277 1708 395 1739 Photius
419 1712 585 1740 auctoritate
604 1712 700 1741 Bardte
709 1718 738 1742 et
759 1714 898 1743 Michaelis
927 1716 1023 1750 fretus,
1036 1716 1132 1752 viginti
1153 1720 1179 1743 ct
1197 1723 1280 1743 unum
1305 1715 1449 1750 episcopos
1463 1715 1515 1743 sibi
1530 1716 1702 1743 adhaerentes
1717 1723 1830 1750 congre-

182 1753 262 1788 gavit
275 1752 304 1780 in
319 1754 423 1789 templo
438 1753 491 1782 SS.
508 1755 712 1791 Apostolorum,
728 1762 754 1785 et
777 1757 910 1794 lgnatium
929 1760 964 1787 ob
979 1759 1042 1788 ficta
1058 1761 1175 1787 crimina
1193 1759 1329 1795 deposuit,
1346 1759 1427 1793 eique
1448 1760 1593 1787 anathema
1608 1760 1687 1786 dixit.

221 1795 384 1826 Conventus
399 1798 439 1825 illi
452 1799 519 1832 duo,
531 1806 604 1827 anno
619 1800 672 1828 859
682 1800 810 1829 celebrati
827 1807 902 1836 sunt;
915 1808 944 1830 at
956 1804 1053 1831 nedum
1065 1812 1159 1839 pacem
1172 1807 1371 1836 restaurarent,
1387 1803 1552 1831 discordiam
1565 1804 1642 1831 novis
1655 1803 1831 1830 incrementis

183 1849 221 1869 Ill
225 1847 337 1871 xerunt.

224 1886 290 1915 Ideo
301 1886 417 1916 Photius
435 1888 627 1917 auctoritatem
642 1890 738 1925 prima:
753 1891 826 1919 sedis
840 1892 894 1919 sibi
913 1892 1113 1921 conciliandam
1133 1900 1195 1921 esse
1211 1893 1327 1928 putavit,
1344 1900 1400 1928 quo
1419 1892 1528 1920 tandem
1553 1892 1724 1919 adversarios
1737 1891 1832 1926 oppri-

163 1960 168 1965 _
184 1935 289 1963 meret,
302 1936 329 1959 et
342 1931 436 1967 quiete
449 1939 499 1960 sua
515 1934 695 1969 usurpatione
708 1934 848 1962 frueretur

223 1975 300 2004 Misit
313 1976 408 2011 itaque
421 1976 456 2005 ad
468 1976 613 2005 Nicolaum
629 1978 639 2005 l
654 1978 810 2007 Romanum
832 1981 989 2015 pontiﬁcem
1003 1981 1109 2009 litteras
1127 1982 1323 2014 venerationis,
1342 1980 1509 2008 humilitatis
1528 1988 1559 2007 ac
1580 1979 1758 2014 subjectionis
1774 1980 1831 2013 μια-

186 2027 252 2052 nas,
272 2019 376 2055 quibus
389 2021 538 2056 postulavit
553 2026 583 2050 ut
597 2029 725 2051 summus
746 2023 871 2058 pontifex
891 2024 1158 2061 Constantinopolim
1174 2025 1280 2061 legatos
1295 2026 1427 2058 mitteret,
1441 2026 1489 2060 qui
1514 2024 1677 2051 diSsidentes
1689 2024 1834 2058 cpiseopos

185 2064 326 2096 audirent.
338 2069 367 2092 et
378 2065 566 2100 perturbatam
587 2074 683 2102 pacem
697 2068 882 2095 restituerent.

222 2107 358 2137 Nicolaus
365 2108 438 2137 votis
449 2108 539 2137 Pbotii
548 2111 645 2137 annuit
658 2115 696 2143 et,
707 2118 779 2138 anno
791 2110 855 2143 860,
866 2112 949 2147 hujus
964 2113 1065 2149 negotii
1082 2112 1217 2141 tractandi
1231 2121 1313 2141 causa
1327 2111 1594 2146 Constantinopolim
1607 2110 1681 2138 misit
1692 2109 1834 2137 Rliodoal-

184 2153 253 2180 dum
266 2157 294 2180 et
304 2152 467 2180 Zachariam
480 2154 634 2190 episcopos,
646 2155 694 2190 qui
709 2163 772 2183 cum
790 2165 803 2182 a
816 2155 914 2183 Photio
933 2156 1050 2185 fuissent
1069 2157 1259 2190 circumventi,
1280 2157 1378 2191 partim
1390 2164 1424 2183 ex
1436 2156 1546 2187 timore,
1560 2155 1657 2190 partim
1672 2162 1704 2182 ex
1720 2155 1832 2189 pusilla-

186 2196 325 2228 nimitate,
337 2197 365 2224 in
385 2197 504 2224 concilio
520 2198 573 2226 518
583 2199 774 2234 episcoporum
785 2207 855 2234 quos
865 2199 979 2228 Photius
994 2206 1204 2234 convocaverat,
1219 2201 1244 2228 in
1256 2201 1456 2236 depositioncm
1468 2199 1565 2235 lgnatii
1585 2204 1795 2227 consenserunt.

223 2241 260 2268 At
275 2240 375 2269 eodem
392 2248 464 2268 anno
478 2241 542 2274 86l,
553 2241 694 2277 Nicolaus,
712 2249 857 2279 postquam
872 2246 1023 2282 legatorum
1038 2253 1150 2273 suorum
1161 2245 1413 2280 praevaricationem
1428 2244 1613 2279 cognovisset,
1626 2242 1720 2270 Romae
1737 2242 1832 2269 conci-

185 2283 255 2312 lium
275 2283 443 2312 coadunavit
453 2289 490 2317 et,
504 2293 598 2314 coram
613 2287 703 2321 legato
717 2287 857 2316 Hichaelis
871 2289 1047 2324 imperatoris
1063 2288 1129 2322 CP.,
1145 2289 1296 2317 declaravit
1317 2296 1346 2317 se
1360 2296 1427 2316 suos
1442 2289 1545 2323 legatos
1563 2286 1831 2321 Constantinopolim

186 2335 243 2356 non
259 2328 374 2356 misisse
385 2332 415 2356 ιιι
431 2327 631 2363 depositionem
651 2330 749 2365 Ignatii
762 2336 790 2359 et
803 2333 1009 2368 usurpationem
1023 2333 1114 2361 Pliotii
1130 2339 1206 2361 ratas
1218 2334 1361 2365 haberent,
1377 2333 1423 2361 sed
1438 2338 1470 2360 ut
1487 2337 1588 2360 statum
1604 2339 1697 2358 rerum
1719 2331 1834 2365 indaga-

166 2378 248 2412 ι,ιιξιιι
261 2378 292 2402 et
305 2373 341 2402 de
358 2374 487 2402 remediis
506 2374 540 2402 ad
561 2377 713 2404 sanandam
736 2377 805 2405 cleri
828 2378 993 2406 discordiam
1015 2379 1086 2414 aptis
1105 2379 1267 2406 sententiam
1294 2377 1458 2413 proferrent.
1481 2392 1517 2397 ——
1538 2376 1642 2404 Deinde
1667 2379 1728 2410 post
1754 2375 1833 2402 bien-

185 2418 279 2451 nium,
301 2425 367 2446 cttm
389 2417 504 2446 Pliotius
523 2427 539 2446 a
558 2418 677 2462 fovendo
692 2421 841 2449 schismate
856 2422 1169 2458 Constantinopolitano.
1194 2426 1221 2450 et
1234 2422 1269 2449 ab
1288 2421 1441 2450 exercenda
1468 2420 1610 2456 tyrannide
1627 2427 1680 2446 non
1700 2423 1831 2450 cessaret,

186 2460 322 2490 Nicolaus
334 2463 357 2495 1,
373 2469 419 2490 an.
435 2462 500 2495 863,
514 2463 543 2491 in
558 2460 677 2492 concilio
688 2464 825 2499 Romano,
839 2474 870 2494 ea
887 2474 947 2501 qua:
956 2475 1002 2494 an.
1017 2467 1065 2493 861
1082 2471 1176 2494 contra
1201 2465 1334 2501 lgnatium
1352 2470 1412 2493 acta
1425 2465 1535 2491 fuerant
1551 2463 1692 2496 rescindit,
1707 2463 1832 2490 Photium

185 2511 384 2542 usurpatorem
408 2506 506 2534 alienae
527 2507 602 2536 sedis
616 2507 776 2543 declaravit,
793 2513 821 2537 et
840 2510 946 2546 legatos
969 2517 1046 2543 suos,
1060 2511 1106 2546 qui
1128 2510 1385 2545 praevaricaverant,
1412 2509 1572 2544 episcopatu
1594 2512 1625 2535 et
1637 2507 1834 2535 communione

185 2549 377 2578 ecclesiastica
389 2550 518 2585 privavit.

221 2593 334 2622 Nodum
350 2593 464 2623 Photius
474 2602 612 2631 supremae
627 2597 798 2626 auctoritatis
810 2597 927 2632 judicio,
939 2599 1013 2633 quod
1028 2603 1236 2634 provocaverat,
1248 2597 1446 2633 acquiesceret,
1458 2597 1484 2623 in
1497 2597 1561 2624 illud
1571 2597 1704 2624 audacter
1718 2595 1833 2623 rebella-

185 2638 236 2671 vit,
245 2642 277 2666 et
289 2645 325 2666 eo
338 2639 502 2667 temeritatis
512 2639 634 2674 devenit,
649 2645 680 2668 ut
699 2642 812 2676 proprio
825 2648 913 2670 marte
927 2648 988 2670 acta
1000 2643 1144 2678 cujusdam
1159 2642 1268 2671 concilii
1282 2642 1446 2670 aecumenici
1458 2649 1491 2668 ex
1502 2641 1590 2676 capite
1605 2641 1729 2676 ﬁngeret,
1742 2640 1768 2666 in
1778 2648 1834 2675 quo

185 2681 336 2711 Nicolaum
355 2682 368 2710 ι
388 2684 652 2719 excontmouicaret,
672 2684 822 2714 Ecclesiam
852 2686 977 2714 Latinam
1000 2688 1132 2716 cenviciis
1156 2692 1184 2715 et
1204 2686 1351 2714 calumniis
1369 2686 1524 2721 impeteret,
1548 2684 1740 2720 exprobrando
1767 2684 1834 2720 ipsis

187 2728 262 2762 quod
276 2727 442 2764 Symbolum
460 2727 524 2756 ﬁdei
537 2734 724 2764 mutaverant,
746 2735 902 2767 ceteraque
914 2733 1077 2768 gravamina
1094 2732 1151 2768 jam
1166 2731 1283 2767 prolata,
1309 2731 1512 2766 exaggerando.
1533 2730 1571 2758 De
1591 2729 1690 2758 Photio
1709 2729 1834 2757 scribens

187 2775 358 2804 Anastasius
373 2774 603 2806 Bibliotheearius
620 2786 629 2805 :

191 2823 194 2825 “
225 2820 349 2850 IVerum
356 2820 409 2850 iste
422 2821 565 2858 falsarios,
574 2823 623 2857 ait,
634 2823 766 2853 falsorum
775 2833 939 2854 excessuum
947 2825 1080 2853 adversus
1095 2825 1231 2852 insontem
1240 2824 1382 2853 absentem
1394 2828 1422 2851 et
1435 2823 1580 2857 invictum,
1587 2823 1748 2851 mendacem
1757 2823 1837 2850 codi-

186 2872 250 2894 cem
263 2865 410 2898 concitat,
427 2865 505 2894 mille
515 2867 628 2896 circiter
644 2868 801 2897 antistitum
820 2869 1041 2905 subscriptiones
1057 2869 1142 2897 falsas
1152 2869 1301 2903 interserit,
1311 2869 1364 2898 sibi
1380 2869 1493 2896 nemine
1504 2875 1621 2903 prorsus
1640 2872 1831 2895 coiisentn-nu

290 2913 433 2946 Panos.
453 2913 512 2945 Gn.
535 2914 586 2946 Ci.
1593 2923 1614 2943 α
