4134 6448
485 361 520 404 li
1561 355 1956 416 ΡΒΛΞΕΑΤΙΟ
1991 355 2070 416 ΙΝ
2111 356 2117 417 ἶ

1561 355 1956 416 ΡΒιῈιθΑΤΙΟ
1991 355 2070 416 ΙΝ
2111 354 2373 418 ΡΠΟΤΙΙ
2410 359 2678 421 OPERA.

482 485 562 541 vel
589 485 976 542 cunscribcnte
1023 501 1089 541 ex
1121 485 1209 540 illa
1242 500 1535 542 numerosa
1571 487 1961 558 episcoporum
1999 486 2374 554 multitudine,
2414 491 2520 546 nisi
2553 506 2664 546 uno
2700 498 2754 546 et
2799 490 2994 561 viginti
3045 489 3397 561 prmsulibus.
3435 487 3592 544 Unde
3620 488 3733 557 jam

477 574 758 644 profusius
793 575 972 629 sancti
1010 574 1228 629 habitus
1260 576 1361 632 viri
1409 592 1534 632 eum
1571 576 1807 645 fugiunt,
1844 585 1899 631 et
1930 577 2088 645 quasi
2125 577 2441 646 squalorem
2476 580 2768 648 quemdam
2804 580 3102 644 declinant,
3149 581 3382 634 alterum
3416 578 3735 631 Dioscorum

477 665 623 716 hunc
663 663 1021 732 appellantes,
1053 670 1109 717 et
1148 679 1542 732 praecursorem
1575 663 1926 727 Antichristi,
1960 663 2070 718 imo
2119 664 2300 734 ipsum
2331 666 2733 722 Antichristum
2771 668 3174 733 existimantes,
3201 683 3363 736 quem
3399 665 3608 720 scilicet
3640 667 3739 717 ho-

475 751 674 803 minem
708 750 914 819 peccati
943 749 1224 819 liliumque
1253 750 1576 820 perditionis
1602 751 1895 820 Apostolus
1927 752 2276 822 appellasset,
2307 756 2401 825 qui
2433 754 2678 825 profecto
2698 756 3060 812 extollerctur
3089 771 3256 825 supra
3289 769 3451 809 omne
3475 751 3619 824 quod
3655 752 3739 805 di-

473 838 622 890 citur
659 837 799 892 Deus
826 845 920 890 aut
951 838 1098 906 quod
1127 839 1331 892 colitur
1363 837 1394 870 *
1429 839 1524 908 (a).
1547 857 1573 890 θ

546 926 801 997 Episcopi
827 926 1092 991 Orientis,
1127 928 1370 998 exceptis
1401 929 1589 999 viginti
1636 939 1690 984 et
1724 944 1857 994 uno,
1898 939 2091 985 contra
2143 931 2428 986 audaciam
2488 931 2666 986 Photii
2715 931 3101 998 reclamaruut,
3149 932 3395 986 dicentes
3436 928 3741 984 inauditum

471 1033 617 1085 csse,
652 1035 751 1073 nec
791 1019 1022 1087 justum,
1062 1020 1388 1074 sententiam
1428 1021 1497 1078 ab
1544 1019 1789 1076 inferiori
1829 1021 1884 1076 in
1937 1023 2273 1091 superiorem
2324 1022 2490 1090 ferri;
2539 1024 2632 1078 sed
2669 1023 2894 1082 Pltotius
2926 1024 2996 1079 ab
3038 1024 3288 1093 inemptis
3316 1037 3424 1076 non
3457 1021 3742 1098 abstinuit,

473 1107 570 1162 sed
595 1108 650 1161 in
681 1107 985 1176 pervicacia
1018 1107 1274 1176 perstitit,
1299 1108 1472 1165 donec
1501 1109 1662 1178 paulo
1690 1117 1814 1180 post
1840 1118 2049 1164 mutato
2079 1125 2262 1164 rerum
2310 1121 2479 1176 statu,
2526 1110 2751 1164 l’hotius
2777 1126 2807 1165 a
2843 1109 3046 1165 Basilio
3076 1109 3371 1166 Macedone
3416 1125 3484 1165 ex
3514 1109 3744 1164 ecclesia

474 1197 581 1253 ΕΡ.
631 1197 840 1266 ejectus
888 1207 994 1252 est.
1029 1197 1188 1252 Anno
1233 1199 1441 1254 scilicet
1486 1199 1612 1262 867,
1648 1215 1754 1269 quo
1789 1199 2017 1254 Photius
2037 1198 2169 1254 Acta
2191 1199 2613 1268 pseudoconcilii
2670 1199 2925 1264 finxerat,
2969 1199 3204 1255 Michael
3253 1199 3568 1268 imperator,
3597 1198 3744 1268 gravi

477 1285 793 1356 suspicione
824 1293 1025 1352 motus,
1056 1284 1288 1340 Bardam
1335 1287 1663 1343 avunculum
1700 1287 1993 1342 trucidavit
2034 1301 2195 1356 opera
2229 1285 2414 1340 Basilii
2455 1286 2786 1350 Macedonis,
2819 1302 2982 1356 quem
3033 1302 3156 1340 eum
3195 1286 3423 1356 imperio
3461 1301 3561 1339 suo
3592 1300 3745 1339 asso-

473 1374 698 1440 ciasset,
725 1372 1126 1428 interfectorem
1170 1385 1428 1444 expertus
1453 1384 1557 1430 est.
1606 1374 1842 1430 Basilius
1872 1390 2084 1430 summa
2130 1374 2455 1429 auctoritate
2504 1375 2731 1444 potitus,
2773 1373 3028 1428 Photium
3061 1374 3242 1443 ejecit,
3275 1382 3328 1427 et
3376 1373 3643 1443 lgnatium
3675 1373 3745 1426 ab

473 1461 672 1515 exsilio
702 1469 1013 1515 revocatum
1044 1460 1159 1515 sedi
1201 1462 1548 1531 patriarchali
1579 1462 1838 1528 restituit,
1875 1476 2115 1529 moxque
2167 1459 2500 1514 Hadrianum
2536 1461 2599 1527 Il,
2629 1461 2724 1531 qui
2776 1461 2970 1514 eodem
3015 1475 3162 1515 anno
3187 1459 3288 1514 867
3322 1459 3545 1513 Nicolao
3571 1457 3590 1511 l
3615 1475 3742 1514 suc-

474 1555 738 1614 cesserat,
771 1547 924 1614 adiit,
956 1559 1017 1601 ut
1041 1547 1226 1603 missis
1257 1549 1449 1618 legatis
1489 1557 1689 1603 statum
1723 1549 1971 1603 ecclesia:
1999 1547 2179 1613 C.-P.,
2211 1548 2332 1602 diro
2367 1549 2662 1603 schismate
2694 1547 3094 1618 perturbatum,
3119 1556 3496 1616 componeret.

549 1633 874 1704 Postquam,
909 1644 1208 1690 convocato
1254 1635 1490 1690 concilio
1537 1633 1810 1700 Romano,
1842 1634 2150 1691 Hadrianus
2205 1635 2485 1702 Photium,
2535 1637 2608 1692 ob
2654 1637 3068 1707 pronuntiatum
3115 1636 3170 1690 in
3205 1635 3486 1692 Nicolaum
3531 1635 3575 1700 l,
3610 1651 3744 1689 ana-

477 1721 682 1786 thema,
707 1720 938 1776 solemni
965 1721 1234 1776 sententia
1279 1722 1832 1788 excommunicasset,
1862 1732 1912 1777 et
1962 1738 2028 1778 ea
2068 1737 2190 1792 quae
2216 1739 2312 1794 pro
2347 1739 2478 1794 pace
2525 1723 2781 1780 Ecclesia:
2835 1724 3458 1792 Constantinopolitatne
3489 1737 3518 1775 a
3560 1731 3748 1774 sancta

475 1808 604 1865 sede
638 1808 936 1878 apostolica
967 1808 1179 1863 decreta
1221 1808 1456 1876 fuerant,
1487 1811 1889 1874 confirmasset,
1909 1809 2439 1882 Constantinopolim
2476 1812 2682 1882 legatos
2710 1811 2882 1877 misit,
2921 1821 2980 1867 ut
3016 1811 3345 1865 interessent
3383 1817 3578 1864 octavo
3613 1822 3747 1863 con-

473 1895 602 1951 cilio
644 1896 1004 1958 meumenico,
1031 1897 1175 1965 quod
1201 1896 1306 1952 (ΣΡ.
1331 1898 1661 1952 celebratum
1693 1905 1776 1952 est
1806 1912 1834 1950 a
1862 1897 1949 1952 die
1982 1897 2017 1952 5
2042 1898 2294 1953 Octobris
2326 1915 2416 1954 an.
2447 1900 2576 1966 869,
2604 1901 2671 1954 ad
2696 1900 2766 1955 28
2790 1899 3068 1954 Februarii
3107 1914 3198 1952 an.
3229 1897 3357 1954 870.

548 1983 604 2036 In
636 1997 702 2036 eo
733 1983 989 2047 concilio,
1013 1983 1168 2052 juxta
1194 1984 1424 2039 formam
1461 2001 1490 2040 a
1520 1986 1696 2040 sacris
1722 1984 2024 2040 canonibus
2053 1987 2444 2056 praescriptam,
2469 1985 2698 2042 Photius
2723 2002 2752 2041 a
2775 1987 3145 2057 patriarchatu
3173 1993 3227 2041 et
3261 2002 3289 2038 a
3320 1983 3626 2039 sacerdotio
3655 1997 3750 2038 so-

472 2067 733 2126 lemniter
769 2070 1050 2140 depositus
1085 2073 1204 2138 fuit,
1225 2082 1278 2126 et
1294 2072 1360 2126 ad
1384 2073 1823 2126 couuuunionem
1859 2072 2051 2126 laieam
2089 2073 2361 2140 redactus,
2391 2073 2687 2129 dummodo
2715 2075 3074 2143 resipisceret.
3102 2075 3235 2128 Cum
3263 2082 3444 2127 autem
3463 2087 3521 2126 sc
3555 2083 3750 2127 aucto-

475 2156 623 2211 ritati
659 2157 878 2211 concilii
915 2158 1184 2226 subjicere
1217 2160 1509 2223 reuuisset,
1557 2161 1902 2213 anathemate
1930 2161 2215 2230 perculsus
2239 2169 2344 2217 est.
2371 2159 2427 2215 In
2471 2162 2700 2232 singulis
2745 2162 3080 2216 sessionibus
3109 2160 3296 2216 Patres
3327 2161 3428 2230 ipsi
3459 2160 3752 2215 anathema

477 2243 808 2309 indixerunt,
842 2244 928 2300 his
975 2245 1156 2300 verbis
1185 2261 1200 2300 :
1253 2247 1448 2302 Photio
1482 2247 1740 2308 invasori,
1769 2245 1964 2301 Photio
2012 2248 2260 2302 smculari
2291 2257 2346 2303 et
2375 2247 2601 2316 forensi,
2652 2249 2847 2304 Photio
2879 2249 3149 2320 necphyto
3172 2257 3225 2303 et
3257 2259 3511 2318 tyranno,
3555 2247 3751 2303 l'hotio

473 2331 826 2386 schismatico
846 2341 900 2387 et
928 2333 1208 2398 damnato,
1229 2333 1420 2390 Photio
1445 2335 1660 2389 mtecho
1676 2344 1728 2388 ct
1752 2335 2056 2404 parricidae,
2081 2335 2272 2390 Photio
2293 2335 2606 2388 fabricatori
2643 2335 3068 2402 mendaciorum,
3094 2333 3288 2389 PhOtio
3311 2335 3557 2390 adultero
3578 2345 3632 2392 et
3660 2335 3752 2389 in-

471 2416 772 2480 terfectori,
797 2417 993 2474 Photio
1029 2420 1699 2492 inventoriperversorum
1734 2421 2288 2492 dogmatum.Photio
2325 2436 2466 2476 novo
2491 2421 2772 2488 Dioscoro,
2808 2421 3001 2475 Photio
3036 2436 3180 2476 novo
3213 2419 3385 2490 Judaa,
3425 2424 3748 2477 anathema!

547 2505 684 2561 Cum
719 2505 916 2563 Photio
944 2511 1404 2566 exconmiunicati
1436 2521 1490 2566 et
1524 2511 1757 2582 depositi
1785 2521 1916 2566 sunt
1947 2511 2190 2565 nonnulli
2219 2509 2486 2580 episcopi,
2514 2509 2608 2578 qui
2651 2524 2873 2564 causam
2905 2525 3070 2564 suam
3123 2525 3152 2562 a
3191 2525 3360 2565 causa
3400 2511 3522 2580 ejus
3561 2512 3754 2579 sejun-

484 2608 611 2664 gere
643 2595 971 2664 noluerunt;
1001 2599 1093 2652 sed
1127 2615 1228 2666 pax
1266 2600 1476 2655 interea
1506 2601 1763 2656 restituta
1785 2609 1891 2662 est,
1924 2599 2099 2654 donec
2130 2598 2338 2666 lgnatio
2369 2599 2478 2650 vita
2512 2595 2721 2659 functo,
2754 2594 2984 2652 Photius
3028 2598 3189 2654 novis
3240 2599 3460 2654 artibus
3507 2599 3751 2658 benevo-

474 2679 697 2736 lentiam
729 2683 1076 2753 imperatoris
1121 2685 1308 2741 Basilii
1337 2689 1596 2757 captavit,
1627 2698 1678 2742 et
1712 2688 1781 2741 ab
1815 2688 1932 2756 ipso
1973 2686 2210 2740 obtinuit
2240 2693 2300 2738 ut
2335 2685 2389 2738 in
2428 2683 2610 2738 sedem
2650 2684 3068 2754 patriarchalem
3105 2686 3506 2741 restitueretur.
3557 2687 3614 2742 Id
3653 2702 3747 2758 an.

477 2767 583 2822 877
620 2772 986 2842 accidit,jam
1031 2789 1139 2828 non
1173 2775 1475 2830 obsistente
1506 2774 1719 2830 Joanne
1760 2774 1878 2830 Vlll
1921 2774 2169 2830 Romano
2203 2772 2480 2842 pontifice,
2527 2772 2644 2842 qui,
2692 2772 2764 2826 ob
2812 2771 3154 2841 iniquitatem
3213 2783 3518 2843 temporum
3571 2783 3627 2830 i-t
3679 2777 3749 2829 ad

474 2857 723 2911 cavenda
754 2858 963 2928 majora
999 2861 1171 2925 mala,
1210 2859 1470 2916 Photium
1506 2864 1718 2918 restitui
1755 2863 2024 2933 permisit,
2055 2879 2120 2917 eo
2163 2869 2346 2914 tamen
2385 2869 2567 2928 pacto,
2599 2869 2658 2914 ut
2689 2861 3089 2927 praatcritoruni
3128 2859 3430 2914 facinorum
3467 2864 3681 2916 veniam
3715 2879 3747 2917 a

473 2944 713 3000 concilio
746 2957 958 3015 peteret
984 2958 1037 3002 et
1063 2949 1354 3004 obtineret.
1390 2947 1448 3003 In
1477 2951 1712 3019 genuina
1742 2950 1889 3006 enim
1918 2949 2144 3019 cpistola
2177 2962 2341 3016 quam
2364 2944 2604 3001 Joannes
2647 2944 2762 3001 Vlll
2808 2946 2873 3000 ad
2901 2946 3186 3016 episcopos
3223 2945 3459 3003 Orientis
3504 2951 3746 3019 scripsit,

477 3031 553 3087 ita
594 3041 832 3089 mentem
872 3049 1028 3089 suam
1064 3035 1282 3105 aperit:
1321 3054 1339 3089 ι
1367 3035 1526 3092 Nunc
1567 3038 1748 3107 itaque
1777 3037 1900 3094 aliis
1935 3036 2280 3107 patriarcbis,
2329 3033 2696 3089 Alexandrino
2721 3033 2972 3090 videlicet
2999 3043 3053 3089 et
3099 3035 3439 3091 Antiocheno
3469 3045 3524 3090 et
3554 3036 3748 3093 Hiero-

484 3118 842 3190 solymitano,
882 3129 1049 3191 atque
1075 3123 1336 3179 omnibus
1371 3123 1800 3194 archiepiscopis
1828 3122 2212 3193 metropolitis,
2243 3122 2516 3192 episcopis
2545 3131 2600 3177 et
2630 3122 3030 3189 sacerdotibus,
3060 3128 3368 3191 cunctoque
3413 3123 3560 3178 clero
3599 3123 3747 3180 Con-

473 3207 971 3278 stantinopolitanae
1021 3210 1212 3278 sedis,
1263 3211 1357 3281 qui
1401 3211 1469 3268 de
1511 3212 1857 3268 ordinatione
1909 3211 2083 3268 beatae
2123 3213 2402 3268 memoriae
2451 3211 2708 3267 Methodii
2751 3219 2806 3266 et
2871 3211 3105 3280 lgnatii,
3160 3213 3744 3270 reverendissimorum

472 3295 937 3365 patriarcharum,
973 3298 1271 3364 exsistunt,
1301 3314 1408 3354 una
1439 3300 1739 3366 voluntate,
1777 3300 2009 3371 parique
2048 3310 2178 3356 voto
2209 3301 2704 3367 consentientibus,
2747 3300 2988 3355 eumdem
3032 3299 3280 3354 Photium
3328 3302 3738 3369 satisfaciendo,

473 3384 898 3440 misericordiam
925 3404 1106 3442 coram
1142 3388 1371 3459 synodo,
1402 3392 1690 3444 secundum
1719 3391 2151 3445 consuetudinem
2182 3389 2570 3458 postulantem,
2615 3388 2667 3441 in
2702 3403 2830 3442 vera
2862 3386 3155 3442 dilectione
3193 3387 3441 3455 fratrem,
3469 3389 3522 3442 in
3556 3392 3743 3458 ponti-

470 3473 613 3526 ficali
656 3474 838 3528 officio
878 3477 1348 3540 comministrum,
1383 3486 1550 3546 atque
1586 3494 1766 3532 corant
1799 3479 1997 3550 synodo
2033 3477 2455 3531 misericordiam
2481 3476 2788 3544 qumrendo,
2815 3475 2868 3527 in
2901 3475 3162 3542 pastorali
3192 3476 3510 3545 magisterio
3544 3491 3747 3534 consa-

473 3559 776 3626 cerdotcm,
811 3576 912 3630 pro
941 3563 1200 3618 Ecclesiae
1233 3563 1327 3616 Dei
1359 3579 1491 3632 pace
1521 3573 1576 3618 et
1599 3565 1835 3620 utilitate
1864 3565 2063 3620 amodo
2097 3563 2319 3618 Christo
2343 3564 2577 3630 favente,
2608 3562 2904 3631 recipimus
2934 3569 2988 3616 et
3023 3561 3288 3617 habemus
3325 3562 3426 3633 (b).
3467 3581 3486 3615 ι

549 3644 806 3712 Photius,
834 3647 990 3718 jussa
1027 3647 1257 3705 Romani
1292 3651 1573 3706 Pontificis
1608 3651 1745 3705 nihil
1777 3660 2045 3716 moratus,
2079 3651 2364 3722 epistolam
2417 3649 2647 3706 Joannis
2678 3649 2793 3704 Vill
2838 3651 3161 3721 suppressit,
3197 3658 3251 3704 et
3274 3665 3470 3705 novam
3497 3651 3655 3707 finxit
3689 3653 3742 3709 in

471 3746 580 3802 qua
614 3730 894 3790 ltornanus
940 3737 1184 3805 pontifex
1216 3752 1464 3793 summas
1526 3737 1721 3794 laudes
1761 3738 1957 3794 Photio
1993 3738 2206 3803 tribuit,
2245 3747 2505 3807 tanquam
2555 3738 2676 3792 viro
2709 3737 3061 3808 integerrimo
3111 3747 3165 3792 et
3215 3738 3514 3807 inculpato,
3554 3755 3584 3793 a
3632 3755 3744 3809 quo

473 3821 718 3891 episcopi
782 3822 913 3876 olim
953 3821 1161 3893 lgnatio
1204 3825 1545 3881 adhaarentes
1590 3827 1805 3881 veniam
1850 3837 2036 3897 petere
2085 3826 2305 3892 debent,
2345 3826 2551 3896 quique
2595 3826 2664 3880 ab
2708 3825 2966 3881 omnibus
3013 3825 3180 3881 veluti
3225 3825 3502 3895 legitimus
3553 3837 3746 3898 pastor

469 3908 681 3978 absque
725 3910 1054 3981 ambagibus
1084 3913 1470 3983 suscipiendus
1505 3922 1609 3969 est.
1657 3913 1866 3970 Deinde
1896 3915 2039 3968 idem
2073 3913 2324 3980 l’hotius,
2367 3930 2491 3970 cum
2539 3913 2738 3969 fuisset
2768 3914 3058 3969 restitutus
3092 3913 3146 3969 in
3181 3914 3364 3969 sedem
3404 3915 3744 3984 patriarcha-

469 3996 575 4052 lem
603 3997 734 4061 ΕΡ..
768 3997 953 4054 denuo
976 4014 1042 4055 ex
1075 4016 1176 4056 suo
1208 4001 1386 4071 capite
1429 4003 1587 4057 finxit
1618 4010 1741 4058 acta
1785 4002 1982 4075 synodi
2031 4001 2409 4067 meumenicm,
2451 4016 2518 4057 eo
2563 4009 2774 4055 tantum
2830 4001 2937 4055 fine
2983 4010 3043 4056 ut
3094 4003 3479 4057 auctoritatem
3522 4004 3742 4060 concilii

469 4085 802 4140 meumenici
841 4085 1022 4142 octavi
1053 4089 1317 4157 aboleret,
1347 4099 1402 4145 et
1431 4091 1616 4146 omnia
1647 4107 1771 4162 quae
1801 4100 1992 4149 contra
2026 4091 2205 4160 ipsum
2239 4089 2370 4144 olim
2402 4088 2669 4144 canonice
2701 4096 2824 4143 acta
2860 4087 3075 4143 fuerant
3106 4090 3461 4145 rescinderet.
3494 4089 3651 4144 Hunc
3684 4092 3742 4148 in

473 4173 636 4226 linem
674 4188 845 4229 ausus
877 4184 962 4230 est
989 4177 1153 4231 etiam
1187 4176 1392 4247 ﬁngere
1424 4177 1873 4234 circumstantias
1899 4193 2022 4249 qua:
2056 4193 2166 4233 non
2200 4185 2416 4232 tantum
2485 4192 2515 4231 a
2549 4177 2799 4243 veritate,
2827 4177 2922 4233 sed
2953 4177 3120 4231 etiam
3149 4177 3219 4233 ab
3247 4179 3393 4233 omni
3437 4179 3551 4233 veri
3585 4179 3743 4234 simi-

470 4258 697 4313 litudine
724 4262 916 4317 alienae
941 4272 1094 4319 sunt.
1141 4264 1383 4329 lnduxit,
1413 4266 1650 4336 exempli
1683 4266 1880 4336 gratia,
1922 4266 2132 4338 legatos
2165 4263 2398 4320 Joannis
2432 4263 2547 4319 Vlll
2581 4263 2847 4329 dicentes,
2872 4264 3160 4334 episcopos
3185 4267 3280 4336 qui
3301 4267 3357 4320 in
3392 4266 3740 4322 (ecumenica

467 4350 678 4418 synodo
735 4366 831 4406 vnt
886 4351 1068 4407 locum
1123 4354 1560 4424 patriarcharum
1595 4355 1974 4421 Alexandrini,
2005 4353 2329 4409 Antiocheni
2366 4362 2422 4407 et
2465 4351 2945 4423 llierosolymitani
2978 4359 3164 4407 tenere
3194 4353 3581 4417 censebantur,
3625 4368 3739 4408 non

467 4438 536 4490 ab
564 4438 811 4494 ecclesiis
840 4439 936 4495 sed
965 4455 993 4494 a
1024 4441 1315 4498 Saracenis
1354 4445 1554 4499 missos
1583 4442 1755 4498 fuisse
1796 4460 1810 4498 :
1863 4442 2030 4512 idque
2072 4442 2277 4498 dictum
2315 4441 2487 4496 fuisse
2543 4440 2700 4494 ﬁnxit
2736 4455 2922 4496 coram
2958 4440 3089 4510 ipsis
3137 4441 3330 4511 legatis
3371 4442 3464 4511 qui
3513 4441 3740 4496 nomine

469 4524 906 4594 patriarcharum
955 4537 1163 4584 octava:
1196 4529 1391 4602 synodi
1441 4529 1834 4586 interfuerantl
1887 4529 2195 4585 Falsarium
2238 4530 2436 4584 Photio
2484 4529 2839 4584 audaciorem
2888 4538 2943 4584 et
2988 4529 3473 4599 impudentiorem,
3523 4529 3736 4585 nullum

464 4623 902 4669 commemorant
931 4615 1191 4673 Ecclesia:
1223 4618 1472 4672 annales.
1521 4617 1659 4672 Acta
1703 4616 1896 4688 synodi
1931 4632 2092 4686 quam
2127 4631 2274 4671 anno
2318 4615 2423 4670 867
2472 4631 2598 4670 eum
2633 4615 2784 4670 mille
2825 4615 3328 4684 subscriptionibus
3369 4616 3739 4688 supposititiis

465 4702 697 4756 finxerat
715 4712 769 4757 et
793 4704 1095 4760 artificiose
1125 4706 1366 4762 describi
1404 4715 1715 4771 curaverat,
1747 4706 1802 4760 in
1837 4705 2078 4760 concilio
2103 4720 2200 4760 VIII
2231 4715 2470 4758 cremata
2498 4711 2625 4756 sunt
2651 4719 2664 4754 :
2686 4702 2776 4756 sed
2809 4713 2929 4756 acta
2961 4703 3392 4774 pseudo-synodi
3432 4720 3554 4774 quae
3589 4718 3738 4759 anno

466 4785 570 4841 878
605 4804 673 4842 cx
705 4790 884 4860 capite
928 4793 1263 4862 composuit,
1294 4794 1564 4848 hactenus
1601 4792 1906 4859 habentur;
1944 4793 2054 4847 imo
2102 4807 2201 4862 pro
2251 4792 2387 4846 actis
2437 4791 2611 4860 ipsius
2655 4801 2860 4845 octavae
2907 4792 3101 4861 synodi
3149 4793 3542 4862 meumenicaca
3590 4796 3735 4862 apud

463 4873 685 4930 Graecos
714 4877 1101 4934 schismaticos
1147 4880 1473 4950 plerumque
1520 4880 1889 4950 recipiuntur,
1924 4880 2210 4948 repudiata
2259 4893 2388 4933 vera
2439 4877 2648 4949 synodo
2701 4891 2893 4933 octava
2940 4879 2992 4932 in
3033 4895 3140 4948 qua
3190 4877 3420 4935 Photius
3472 4881 3738 4936 canonice

463 4962 746 5031 depositus
791 4975 846 5020 ct
875 4969 1385 5024 exeommunieatus
1415 4977 1520 5027 est.
1577 4968 1750 5025 Porro
1808 4977 1930 5026 acta
1975 4970 2066 5024 illa
2131 4967 2353 5036 legenti,
2420 4966 2463 5022 si
2526 4964 2702 5020 Photii
2749 4965 3024 5021 scribendi
3071 4975 3127 5021 et
3174 4966 3412 5035 fingendi
3464 4969 3733 5022 rationem

469 5063 810 5120 perspectam
849 5056 1066 5121 habeat,
1096 5058 1214 5127 ipsa
1245 5057 1434 5114 lictitia
1469 5073 1612 5124 esse,
1645 5060 1766 5128 ipso
1795 5073 1898 5114 suo
1945 5066 2203 5113 contextu
2251 5054 2624 5109 manifestant.
2674 5052 2838 5108 Juvat
2882 5062 3062 5108 tamen
3107 5054 3360 5111 conferre
3404 5057 3733 5110 docmuenta

466 5142 700 5207 genuina
754 5158 878 5211 qua:
922 5156 1161 5212 exstant,
1207 5162 1334 5201 cum
1385 5147 1590 5202 eisdem
1643 5147 1991 5202 documentis
2029 5163 2061 5201 a
2105 5143 2302 5198 Photio
2348 5141 2517 5207 fictis,
2575 5150 2636 5195 ut
2679 5156 2769 5195 ex.
2841 5157 2925 5212 gr.
2984 5140 3270 5211 epistolam
3333 5141 3564 5198 Joannis
3619 5139 3732 5196 VIII

469 5241 674 5291 veram,
711 5244 834 5297 quae
869 5230 1058 5287 Latine
1087 5245 1302 5288 servata
1332 5245 1438 5299 est,
1474 5249 1599 5289 cum
1631 5234 1861 5305 epistola
1891 5232 2122 5290 Joannis
2154 5231 2365 5301 flctitia,
2393 5246 2558 5302 quam
2602 5231 2830 5287 Photius
2863 5230 3000 5286 actis
3035 5230 3153 5286 suis
3180 5230 3437 5299 inseruit,
3467 5241 3526 5287 ut
3552 5233 3732 5302 impu-

461 5314 644 5367 dentia
678 5315 880 5370 falsarii
915 5319 1029 5374 sole
1065 5321 1267 5377 clarius
1291 5323 1551 5377 lucescat.
3679 5383 3689 5390 .

536 5400 616 5456 Ne
639 5414 821 5459 autem
863 5408 1103 5476 partium
1133 5411 1313 5466 studio
1344 5410 1552 5480 abrepti
1582 5410 1886 5475 videamur,
1913 5408 2042 5478 quid
2065 5406 2132 5462 de
2157 5405 2354 5461 Photio
2381 5406 2659 5461 senserint
2689 5406 2950 5462 coaetanei
2982 5416 3037 5462 et
3068 5416 3345 5478 gestorum
3372 5407 3493 5478 ejus
3520 5408 3728 5463 oculati

463 5493 647 5553 testes,
678 5490 730 5545 in
764 5495 941 5547 medio
967 5495 1210 5563 proferre
1242 5498 1519 5553 volumus.
1554 5496 1786 5552 Mentem
1822 5497 2041 5551 concilii
2077 5495 2403 5550 mcumeniei
2445 5495 2648 5557 octavi,
2675 5511 2740 5549 ex
2777 5495 3265 5565 imprecationibus
3311 5509 3366 5552 et
3407 5499 3728 5551 anathema-

462 5576 665 5642 tismis,
696 5595 862 5650 supra
898 5583 1210 5651 recensitis,
1244 5587 1626 5657 unusquisque
1655 5585 1941 5657 intelliget.
1975 5586 2043 5638 At
2076 5598 2256 5654 operae
2300 5582 2535 5654 pretium
2576 5592 2661 5638 est
2710 5583 2818 5638 huc
2865 5584 3030 5639 etiam
3080 5585 3352 5641 adducere
3397 5586 3727 5641 sententiam

531 5689 563 5721 "‘
594 5690 634 5743 ll
663 5691 858 5747 Thess.
893 5708 952 5748 It.

531 5785 607 5846 fu)
638 5784 828 5843 Anast.
864 5785 996 5843 bibl.
1036 5785 1198 5855 Prw].
1236 5785 1398 5844 Conc.
1429 5804 1616 5843 (reum.
1669 5785 1798 5842 VII.
1837 5784 2004 5842 llard.
2041 5784 2105 5853 V,
2142 5784 2266 5840 752.
2351 5784 2425 5856 (ὁ)
2481 5785 2593 5842 Act.
2630 5788 2833 5846 Concil.
2871 5787 3015 5846 VIII
3042 5806 3228 5848 arcum.
3268 5791 3432 5850 llard.
3468 5792 3532 5860 V,
3569 5790 3724 5848 1166.
