4134 6482
1528 409 1928 473 eamme
1963 411 2047 475 IN
2083 412 2350 475 PHOTII
2381 398 2666 477 OPERA.‘
3669 400 3732 461 ut

445 513 655 572 Hiceta
685 510 1083 584 Paphlagonis,
1109 512 1213 569 viri
1249 512 1349 584 pii,
1394 512 1564 579 docti,
1598 517 1869 573 moderati
1918 516 2121 588 ingenii
2162 526 2217 574 et
2270 525 2330 577 ut
2373 520 2590 575 videtur
2629 534 2861 591 prorsus
2906 518 3156 589 ingenui,
3197 518 3313 591 qui,
3360 516 3492 573 dum
3561 515 3733 569 vitam

444 604 774 676 patriarcha
803 601 993 672 lgnatii
1017 602 1209 658 sedulo
1233 610 1287 657 et
1316 611 1573 658 accurate
1603 602 1959 670 describeret,
2005 605 2074 662 de
2103 608 2314 664 meritis
2347 624 2413 663 ac
2442 609 2592 664 vitiis
2638 609 2815 663 Photii
2852 618 3033 663 tacere
3075 624 3184 663 non
3233 607 3428 677 potuit.
3478 605 3527 660 ls
3585 602 3721 674 quid

450 692 658 746 valeret
690 689 919 746 Photius
949 690 1248 753 natalibus,
1279 690 1486 754 studio,
1537 690 1789 747 doctrina
1828 704 1883 749 et
1916 694 2185 758 moribus,
2239 704 2431 766 sponte
2463 703 2710 761 enarrat,
2739 695 2833 751 sed
2866 704 3057 766 postea
3097 695 3263 750 etiam
3294 693 3351 748 in
3391 708 3503 764 quo
3544 705 3739 762 pecca-

454 782 601 834 verit
622 780 838 835 sincere
865 780 1113 849 exponit.
1147 778 1417 833 Audiatur
1443 778 1617 849 igitur
1663 780 1757 836 ille
1799 782 1959 838 testis
1992 798 2155 853 quem
2207 796 2311 839 nec
2354 782 2543 838 odium
2592 798 2694 840 nec
2737 798 2914 850 amor,
2944 782 3057 838 sed
3104 783 3357 838 veritatis
3403 780 3741 851 exponenda

452 873 782 927 desiderium
813 873 976 927 unice
1007 870 1200 926 movit.

534 986 553 1019 ι
591 963 811 1036 Ἐπειδὴ
833 964 1016 1019 τοίνυν
1040 963 1091 1016 οἱ
1125 963 1278 1034 παρά
1311 962 1407 1018 τοῦ
1438 963 1704 1035 βασιλέως
1728 966 1849 1021 τότε
1877 966 2050 1022 πολλὰ

452 1061 840 1132 πειράσαντες,
904 1056 967 1110 τὸ
1026 1054 1165 1127 πρὸς
1225 1056 1577 1129 παρανομίαν
1612 1057 1896 1129 ἐνδόσιμον
1946 1059 2048 1131 οὐχ

451 1146 619 1206 οἷοίτε
645 1149 994 1219 ἐγεγόνεισαν
1033 1147 1186 1218 παρά
1230 1146 1326 1202 τοῦ
1366 1147 1635 1216 Ἰγνατίου
1688 1150 1893 1218 λαϐεῖν,
1920 1168 2051 1221 γεν-

454 1244 640 1306 ναίαις
669 1241 958 1295 ὲνστάσεσι
997 1238 1444 1311 παραιτήσασθαι
1473 1240 1552 1313 μὴ
1581 1242 2049 1314 καταδεξαμένου,

455 1335 590 1406 παρ’
624 1332 837 1387 ἑαυτῶν
866 1330 1063 1384 ἔλαϐον
1091 1329 1249 1383 τοῦτο
1278 1329 1467 1385 λοιπόν
1497 1347 1513 1364 ο
1540 1332 1633 1386 καὶ
1674 1332 1906 1388 πλεῖστα
1925 1336 2052 1390 καθ’

455 1428 689 1489 ἑαυτοὺς
714 1423 1142 1495 συσκεψάμενοι,
1186 1422 1282 1477 καὶ
1321 1424 1504 1478 πᾶσαν
1535 1427 1891 1493 κεκινηκότες
1924 1427 2053 1499 βου-

454 1517 578 1588 λὴν,
621 1516 827 1570 Φώτιον
854 1514 1357 1585 πρωτοσπαθάριὸν
1390 1532 1454 1568 τε
1508 1514 1643 1572 ὄντα
1679 1517 1777 1572 καὶ
1825 1537 2053 1591 πρωτα-

458 1610 750 1680 σηκρῆτιν,
781 1608 864 1670 είς
899 1605 1163 1679 ἀρχιερέα
1210 1606 1309 1675 τῆς
1341 1604 1617 1677 βασιλίδος
1675 1610 2053 1682 προχειρίζον.

452 1718 569 1754 ται,
597 1698 705 1753 Ἦν
723 1700 780 1753 δὲ
800 1690 959 1764 οὗτος
1002 1698 1033 1751 δ
1065 1696 1269 1761 Φώτιος
1294 1697 1355 1751 οὐ
1388 1697 1502 1752 τῶν
1567 1699 1817 1769 ἀγεννῶν
1864 1721 1927 1757 τε
1954 1705 2050 1759 καὶ

454 1792 780 1863 ἀνωνύμων,
797 1792 937 1848 ἀλλά
953 1793 1051 1847 καὶ
1074 1792 1185 1847 τῶν
1203 1793 1447 1864 εὐγενῶν
1460 1796 1604 1851 κατὰ
1621 1796 1820 1867 σάρκα,
1844 1799 1937 1853 καὶ
1956 1817 2054 1854 πε-

458 1886 725 1955 ριφανῶν,
762 1888 926 1959 σοφίᾳ
955 1904 1015 1941 τε
1034 1890 1271 1961 κοσμικῇ
1300 1891 1397 1943 καὶ
1430 1891 1645 1945 συνέσει
1671 1891 1781 1945 τῶν
1798 1893 1859 1947 ὲν
1873 1896 1940 1966 τῇ
1957 1911 2057 1949 πο-

456 1975 637 2043 λιτείᾳ
688 1979 1079 2047 στρεφομένων
1128 1979 1565 2051 εὐδοκιμώτατος
1604 1981 1827 2037 πάντων
1872 1985 2055 2056 ἐνομί-

461 2068 609 2131 ζετο.
646 2069 1054 2139 Γραμματικῆς
1093 2072 1322 2146 μὲνγὰρ
1363 2075 1462 2128 καὶ
1506 2076 1802 2148 ποιήσεως,
1833 2079 2057 2150 ῥητορι-

457 2161 566 2229 κῆς
615 2178 676 2215 τε
737 2164 831 2217 καὶ
888 2163 1232 2235 φιλοσοφίας,
1273 2167 1368 2220 ναὶ⁵
1395 2167 1461 2238 δὴ
1490 2169 1586 2223 καὶ
1622 2170 1903 2242 ίατρικῆς,
1958 2173 2055 2227 καὶ¹

456 2253 645 2324 πάσης
671 2254 855 2324 ὀλίγου
914 2256 1026 2311 δεῖν
1048 2259 1368 2333 ἐπιστήμης
1399 2260 1510 2314 τῶν
1536 2261 1772 2335 θύραθεν
1800 2264 2053 2320 τοσοῦτον

455 2346 612 2417 αύτῷ
673 2347 735 2400 τὸ
787 2348 1003 2419 περιὸν,
1055 2350 1133 2415 ὡς
1164 2352 1239 2423 μὴ
1295 2353 1460 2423 μόνον
1492 2354 1680 2425 σχεδδν
1722 2356 1890 2425 φάναι
1945 2358 2055 2413 τῶν

456 2439 602 2492 κατά
632 2438 732 2509 τὴν
767 2439 932 2493 αὑτοῦ
980 2440 1178 2509 γενεάν
1227 2443 1453 2499 πάντων
1484 2445 1805 2515 διενεγκεῖν,
1840 2448 1942 2520 ήδη
1996 2449 2055 2504 δὲ

457 2530 556 2583 καὶ
581 2529 718 2600 πρὸς
747 2532 873 2592 τοὺς
912 2531 1182 2596 παλαιοὺς
1212 2534 1379 2589 αὑτὸν
1426 2534 1837 2608 διαμιλλᾶσθαι.
1868 2539 2057 2595 Πάντα

456 2621 572 2693 γὰρ
614 2622 935 2693 συνέτρεχεν
982 2624 1073 2676 ἐπ’
1103 2624 1273 2695 αὐτῷ,
1315 2626 1351 2694 ἡ
1408 2626 1792 2701 ἐπιτηδειότης
1829 2631 1931 2701 τῆς
1954 2630 2058 2701 φύ-

459 2732 623 2779 σεως,
662 2718 695 2785 ἡ
754 2716 979 2787 σπουδὴ,
1032 2719 1061 2771 ό
1090 2716 1343 2783 πλοῦτος,
1408 2719 1478 2773 δι’
1512 2718 1572 2772 ὃν
1604 2721 1695 2773 καὶ
1726 2720 1909 2791 βίϐλος
1947 2723 2039 2776 ἐπ’

456 2807 627 2861 αὐτὸν
666 2809 817 2879 ἔρρει
871 2810 1021 2861 nim
1049 2825 1064 2838 '
1119 2809 1366 2864 πλέον·δὲ
1420 2810 1645 2866 πάντων
1686 2813 1714 2865 ὁ
1760 2812 1865 2884 τῆς
1896 2813 2058 2887 δόξης

456 2899 640 2969 ἔρως,
692 2899 758 2952 δι’
817 2897 877 2951 ὃν
933 2899 1084 2970 αύτῷ
1154 2902 1249 2954 καὶ
1298 2901 1495 2966 νύκτες
1544 2904 1742 2956 ἄϋπνοι
1782 2905 1912 2977 περὶ
1959 2906 2060 2977 τὴν

457 2992 775 3058 ἀνάγνωσιν
813 2991 1071 3062 ἐμμελῶς
1132 2992 1478 3063 ὲσχολακότι.
1519 2995 1674 3049 Ἐπεὶ
1702 2997 1759 3050 δὲ
1796 2997 1893 3051 καὶ
1923 2998 2061 3070 πρὸς

458 3081 565 3149 τὴν
594 3081 928 3152 Ἐκκλησίαν
980 3083 1176 3155 αὐτὴν,
1219 3084 1297 3149 ὠς
1339 3086 1416 3157 μὴ
1460 3085 1692 3157 ὤφελεν,
1722 3090 2061 3145 ἐπεισελθεῖν

459 3172 595 3238 ἔδει,
627 3175 723 3228 καὶ
757 3176 865 3229 τῶν
890 3177 1368 3247 ἐκκλησιαστικῶν
1399 3179 1485 3235 διὰ
1519 3180 1680 3235 τοῦτο
1714 3181 1937 3252 βιϐλίων
1963 3184 2063 3254 τῆς

459 3267 828 3334 ἀναγνώσεως
850 3269 911 3322 ού
946 3269 1089 3323 κατὰ
1123 3270 1403 3343 πάρεργον
1432 3272 1768 3344 ὲπεμελήθη’
1803 3273 2064 3345 ἀγνόημα

464 3359 529 3412 δὲ
558 3360 851 3431 ἠγνόησεν,
886 3362 953 3416 ἵν’
981 3364 1125 3416 εἴπω
1148 3362 1499 3431 θεολογικῶς,
1528 3364 1736 3438 σφόδρα
1763 3366 1866 3437 τῆς
1895 3367 2063 3421 αὐτοῦ

467 3451 663 3520 σοφίας
696 3455 938 3518 ἀνάξιον.
973 3456 1049 3509 Οὐ
1086 3454 1196 3527 γὰρ
1225 3455 1458 3527 ἠθέλησε
1483 3457 1775 3528 προσέχειν
1802 3458 1895 3512 τὸν
1915 3458 2062 3521 νοῦν,

462 3544 572 3598 ὅτι·
625 3544 697 3598 El
728 3563 819 3613 τις
848 3545 1009 3602 θέλει
1065 3546 1260 3617 σοφὸς
1316 3552 1599 3617 γενέσθαι
1642 3550 1713 3604 ἐν
1769 3549 1851 3617 τῷ
1897 3550 2068 3611 αὶῷνι

468 3640 689 3705 τούτῳ,
712 3640 910 3709 μωρὸς
941 3639 1232 3710 γενέσθω,
1262 3642 1364 3696 ἵνα
1394 3640 1642 3713 γένηται
1671 3643 1892 3714 σοφός.
1926 3646 2065 3699 Οὐδὲ

464 3732 573 3799 τὴν
632 3730 753 3785 ὁδὸν
777 3732 955 3785 είλετο
985 3735 1086 3803 τῆς
1122 3734 1653 3806 ταπεινοφροσύνης,
1682 3735 1750 3789 δι’
1782 3730 1849 3809 ἧς
1876 3739 1910 3808 ἡ
1972 3755 2069 3807 με·

470 3820 621 3891 γάλη
683 3820 776 3875 τοῦ
807 3821 948 3875 Θεοῦ
997 3823 1178 3894 χάρις,
1211 3824 1307 3878 καὶ
1341 3826 1374 3894 ἡ
1400 3824 1612 3895 ἀληθὴς
1665 3826 1827 3895 σοφία
1862 3827 2068 3882 δίδοται

466 3916 571 3969 καὶ
589 3914 951 3987 κατορθοῦται
986 3932 1001 3947 ·
1032 3916 1153 3970 οὐδὲ
1196 3917 1508 3987 στραφῆναι
1533 3918 1630 3970 καὶ
1677 3918 1934 3987 γενέσθαι
1993 3920 2071 3983 ὡς

466 4009 538 4063 τὸ
577 4010 789 4062 παιδίον
834 4009 922 4063 διὰ
961 4008 1061 4081 τὴν
1102 4009 1198 4063 τοῦ
1250 4010 1388 4063 Θεοῦ
1443 4011 1745 4082 βασιλείαν,
1796 4011 1874 4076 ὡς
1902 4014 1935 4082 ή
1968 4013 2065 4066 τοῦ

469 4102 684 4175 Κυρίου
709 4102 1100 4173 διαμαρτυρία,
1140 4101 1466 4169 κατεδέξατο
1498 4119 1513 4133 ⁸
1551 4105 1668 4158 ἀλλ’
1698 4105 1823 4159 οὐδὲ
1860 4106 2071 4176 σκάψαι

466 4195 577 4265 τὴν
627 4194 779 4266 αὐτῷ
806 4195 1010 4266 ψυχὴν,
1044 4195 1140 4249 καὶ
1178 4194 1408 4265 βαθῦναι
1447 4196 1549 4268 τὴν
1572 4197 1813 4254 διάνοιαν
1851 4199 1941 4252 διὰ
1966 4199 2072 4252 πά-

469 4304 581 4358 σης
622 4288 929 4359 ὑποταγῆς,
957 4287 1101 4341 κατά
1150 4289 1377 4357 Κύριον,
1412 4289 1510 4342 καὶ
1560 4289 1896 4359 ἀτιμοτέρας
1925 4291 2075 4359 ἀγω-

466 4382 579 4451 γῆς
609 4380 704 4435 καὶ
732 4380 1183 4452 ταπεινόφρονος,
1218 4380 1315 4435 καὶ
1337 4382 1405 4435 δι’
1422 4380 1697 4445 ἀπαθείας
1726 4380 1870 4435 οὕτω
1894 4385 1959 4453 τῇ
1982 4383 2073 4435 τεέ-

467 4492 582 4546 rp;
631 4473 1001 4546 προσεγγίσαι
1030 4475 1274 4547 Χριστῷ,
1328 4475 1423 4529 καὶ
1451 4475 1540 4529 ἐπ’
1572 4476 1721 4546 αὐτῷ
1762 4474 1934 4529 θεῖναι
1985 4477 2074 4529 θε-

470 4571 663 4643 μέλιον
727 4570 965 4635 πίστεως
1004 4572 1246 4643 ἀρραγῆ,
1298 4572 1394 4626 καὶ
1436 4571 1509 4625 δι’
1534 4570 1760 4640 ἀγαθῶν
1812 4572 2068 4644 πράξεων

469 4663 618 4717 οὕτω
660 4662 766 4733 τῆς
824 4662 1018 4733 σοφίας
1040 4661 1151 4735 [Ion
1188 4665 1253 4735 τῇ
1305 4661 1493 4735 σοφία]
1520 4663 1716 4717 ἑαυτὸν
1741 4664 2067 4735 οἰκοδομεῖν.

470 4756 552 4810 Ού
582 4754 755 4810 ταῦτα
780 4755 1121 4826 διανενόηται
1149 4755 1177 4807 ὁ
1218 4754 1382 4825 σοφός
1411 4769 1426 4783 ⁶
1465 4753 1664 4807 πολλοῦ
1700 4770 1766 4823 γε
1819 4754 1902 4807 δεῖ
1933 4770 1947 4786 ·
1971 4753 2070 4808 καὶ

469 4844 631 4898 οὐδὲν
659 4844 867 4900 τούτων
892 4846 985 4900 ἐπὶ
1006 4843 1133 4900 νοῦν
1168 4840 1335 4917 ἦλθεν
1397 4844 1571 4916 αὐτῷ,
1608 4844 1725 4899 ἀλλ’
1758 4844 1853 4898 ἐπὶ
1884 4844 2070 4917 σαθρῷ

469 4938 717 5009 θεμελίῳ
778 4938 875 4991 καὶ
928 4936 1297 5019 ἀμμώδει,τῇ
1331 4939 1575 5008 κοσμικῇ
1622 4935 1812 5008 σοφίᾳ,
1864 4935 1960 4990 καὶ
2001 4938 2069 5007 τῇ

469 5032 770 5103 ἀλαζονείᾳ
796 5032 890 5086 τοῦ
928 5033 1003 5104 μὴ
1040 5031 1185 5086 κατά
1244 5030 1482 5104 Χριστὸν
1511 5030 1952 5101 πεπαιδευμένου
1982 5030 2072 5083 λό-

470 5144 577 5196 γου
605 5125 706 5197 τὴν
752 5125 950 5179 ἑαυτοῦ
986 5125 1216 5196 καρδίαν
1242 5122 1506 5195 στηρίξας
1546 5123 1645 5178 καὶ
1667 5122 1758 5176 τὸν
1789 5121 1937 5190 νοῦν,
1976 5123 2073 5175 κα)⁸

474 5220 590 5279 τοῖς
631 5218 810 5280 κενοῖς
837 5214 947 5269 τῶν
971 5215 1276 5285 ἀνθρώπων
1314 5215 1561 5278 ἐπαίνοις
1595 5213 1690 5267 καὶ
1719 5213 1939 5285 κρότοις
1964 5230 2069 5281 φυ-

470 5308 787 5377 σιούμενος.
842 5308 941 5362 καὶ
997 5308 1091 5361 ἐπὶ
1118 5307 1255 5362 πολὺ
1283 5309 1351 5379 τῇ
1415 5305 1694 5378 κενοδοξία
1737 5306 2073 5379 μετεωριζό-

472 5417 664 5472 μενος,
715 5400 783 5453 δι’
837 5400 1010 5470 αὐτῆς
1053 5403 1121 5474 τῇ
1180 5376 1355 5472 ὲχθρᾷ
1409 5398 1506 5454 τοῦ
1555 5376 1691 5453 Θεοῦ
1720 5376 2074 5471 ύτξερηφανίςι

476 5494 879 5563 προσεπέλασε,
913 5491 1060 5567 δι’ἦς
1084 5495 1424 5567 κακουργίαν
1459 5512 1518 5549 τε
1542 5497 1745 5560 πᾶσαν,
1778 5494 1875 5548 καλ⁸
1890 5494 2073 5548 πᾶσαν

471 5588 796 5642 σκανδάλων
828 5590 1089 5642 ὑπόθεσιν
1116 5591 1585 5661 μυσταγωγεῖται.
1612 5588 1779 5643 Ὅθεν
1808 5588 2071 5658 ἀδόκιμον

473 5680 629 5752 αὐτῷ
653 5681 753 5752 τὴν
774 5681 878 5752 τῆς
908 5682 1192 5755 ἱεραρχιας
1225 5682 1671 5753 καταϐαλόμενος
1724 5681 1922 5754 ἀρχὴν,
1944 5680 2072 5735 ἀκό-

548 5852 567 5867 ⁹
596 5846 612 5901 l
639 5846 768 5901 Cor.
797 5860 878 5901 ιιι.
960 5848 999 5865 “
1020 5841 1211 5899 Matth.
1242 5856 1397 5897 mu.

2232 987 2253 1022 ι
2276 968 2575 1042 Postquam
2601 971 2765 1043 igitur
2782 970 3092 1027 administri
3117 969 3250 1042 regii
3267 984 3411 1038 saepe
3425 974 3632 1023 tentata
3656 980 3740 1031 re,

2155 1078 2265 1118 non
2298 1073 2597 1136 potuerunt
2634 1064 2855 1121 ﬂectere
2885 1064 3151 1136 lgnatium
3192 1064 3259 1118 ad
3288 1063 3341 1117 id
3375 1061 3520 1132 quod
3555 1061 3743 1129 inique

2155 1160 2435 1229 petebant,
2469 1174 2627 1216 suam
2666 1159 2760 1217 illo
2794 1158 3123 1230 dignitatem
3151 1156 3368 1213 fortiter
3400 1166 3454 1210 et
3477 1163 3742 1210 constan-

2156 1259 2238 1305 ter
2266 1260 2473 1318 tuente,
2491 1266 2521 1304 a
2547 1268 2609 1307 se
2625 1252 2727 1322 ipsi
2751 1251 3047 1306 consilium
3069 1250 3137 1304 de
3162 1256 3362 1304 catero
3386 1246 3693 1316 petiverunt
3724 1259 3741 1309 ;

2155 1341 2434 1413 rebusque
2464 1342 2609 1399 inter
2646 1357 2707 1398 se
2738 1341 2831 1397 diu
2870 1342 3111 1413 agitatis,
3158 1351 3489 1407 omnemque
3526 1335 3581 1389 in
3621 1351 3746 1404 par«

2158 1438 2266 1487 tem
2296 1431 2554 1499 versatis,
2587 1431 2810 1487 tandem
2846 1429 3100 1485 Photium
3128 1425 3659 1501 protospatharium,
3692 1433 3747 1476 et

2156 1523 2396 1593 primum
2424 1538 2454 1577 a
2487 1523 2740 1586 secretis,
2789 1522 3160 1594 patriarcham
3195 1520 3347 1576 urbis
3401 1517 3560 1588 regia
3594 1515 3747 1570 desi-

2157 1618 2367 1682 gnant;
2412 1610 2689 1665 hominem
2716 1626 2851 1665 sane
2882 1610 3109 1664 minime
3135 1608 3429 1663 obscurum
3460 1613 3515 1661 et
3542 1602 3749 1673 ignobi-

2159 1706 2286 1771 lem,
2315 1704 2411 1761 sed
2441 1705 2612 1759 claris
2652 1719 2717 1759 ac
2745 1703 3059 1760 illustribus
3100 1701 3398 1759 oriundum
3442 1698 3744 1759 natalibus,

2158 1812 2456 1866 rerumque
2483 1795 2726 1850 civilium
2753 1803 2806 1849 et
2834 1795 3180 1866 puliticarum
3206 1808 3328 1859 usu,
3349 1789 3748 1862 prudentiaque

2157 1898 2213 1946 et
2238 1889 2470 1946 scientia
2505 1887 2898 1944 clarissimum.
2926 1884 3310 1941 Grammatica
3336 1880 3504 1950 enim,
3538 1880 3750 1935 littera-

2160 1993 2297 2039 tura
2325 1993 2379 2038 et
2401 1982 2664 2037 cartniuis
2697 1980 2989 2051 pangendi,
3020 1977 3351 2046 dicendique
3390 1975 3575 2037 laude,
3610 1972 3746 2042 quin

2159 2085 2214 2130 et
2243 2072 2607 2143 philosophia
2634 2082 2688 2128 et
2724 2070 3031 2138 medicina,
3056 2080 3111 2126 et
3135 2068 3379 2125 omnium
3418 2080 3589 2137 prope
3612 2064 3747 2118 libe-

2161 2164 2359 2218 raliqu
2394 2162 2815 2232 disciplinarum
2857 2170 3213 2215 externarum
3249 2155 3434 2213 studio
3473 2154 3747 2225 cognitio-

2158 2270 2337 2325 neque
2363 2262 2651 2324 tantopere
2681 2253 2935 2319 ﬂorebat,
2977 2260 3035 2308 ut
3059 2250 3161 2306 avi
3187 2250 3274 2306 sui
3307 2248 3467 2304 facile
3494 2246 3749 2315 princeps

2158 2349 2476 2410 haberetur,
2500 2348 2612 2402 imo
2641 2354 2697 2403 et
2743 2360 2868 2401 cum
2901 2345 3182 2400 veteribus
3231 2342 3346 2413 jam
3374 2348 3586 2396 certare
3616 2354 3749 2409 pos-

2158 2452 2262 2499 set.
2304 2440 2501 2497 Omnia
2541 2441 2746 2512 quippc
2778 2439 2833 2493 in
2883 2437 2979 2492 illo
3023 2441 3419 2493 concurrerant
3453 2452 3468 2489 :
3504 2430 3751 2504 aptitudo

2159 2536 2406 2606 quaedam
2432 2543 2488 2589 et
2521 2541 2731 2587 natura
2772 2532 2858 2587 vis
2882 2546 2946 2587 ac
2996 2529 3253 2596 felicitas,
3296 2526 3559 2591 studium,
3592 2537 3749 2594 opes,

2159 2629 2361 2699 quibus
2419 2627 2524 2682 sibi
2582 2626 2850 2681 librorum
2908 2623 3155 2678 omnium
3211 2621 3505 2676 maximam
3536 2616 3750 2687 copiam

2160 2719 2519 2792 comparabat
2549 2738 2564 2777 :
2605 2727 2684 2783 et,
2717 2718 2864 2789 quod
2902 2731 3016 2788 prae
3055 2715 3295 2781 cunctis,
3326 2711 3512 2784 gloria
3541 2709 3752 2765 laudis-

2160 2830 2269 2886 que
2298 2812 2524 2883 cupido,
2549 2827 2658 2883 qua
2696 2810 2962 2865 incensus
2998 2816 3144 2863 totas
3192 2813 3406 2869 noctes,
3449 2810 3511 2857 ut
3534 2801 3750 2859 lectioni

2163 2908 2385 2964 assidue
2414 2911 2663 2969 vacaret,
2694 2902 2930 2959 ducebat
2982 2901 3292 2971 insomnes.
3320 2896 3591 2965 Quoniam
3625 2909 3755 2949 vero

2164 3014 2384 3056 sacrum
2415 2998 2582 3053 etiam
2616 2995 2785 3067 (quod
2819 2996 3027 3050 utinam
3058 3004 3337 3061 nunquam
3363 2986 3581 3058 fuisset)
3603 2985 3756 3039 thro—

2166 3107 2299 3148 num
2336 3089 2597 3147 Ecclesia
2631 3100 3045 3144 conscensurus
3075 3090 3216 3149 erat,
3251 3094 3411 3136 sacra
3454 3091 3674 3148 quoque
3705 3088 3757 3130 et

2163 3181 2545 3239 ecclesiastica
2573 3179 2851 3235 volumina
2882 3177 3130 3233 studiose
3151 3173 3320 3243 capit
3359 3170 3629 3226 lectitare.
3659 3166 3758 3221 Ve.

2166 3290 2288 3331 rum
2315 3282 2376 3329 ut
2397 3272 2658 3343 Theologi
2692 3269 3024 3326 Nazianzeni
3054 3268 3167 3322 ritu
3196 3266 3413 3334 loquar,
3445 3260 3594 3332 quod
3625 3274 3759 3316 sane

2168 3368 2343 3440 ipsius
2378 3365 2645 3436 sapientia
2676 3363 2961 3435 indignum
3000 3360 3123 3426 fuit,
3162 3357 3565 3432 ignorationem
3598 3354 3758 3425 igno-

2170 3463 2328 3516 ravit.
2379 3458 2570 3513 Noluit
2618 3457 2765 3512 enim
2815 3452 3279 3519 animadvertere,
3329 3448 3645 3520 quoniam:
3696 3444 3758 3499 Si

2168 3552 2286 3624 quis
2306 3551 2416 3605 vult
2441 3552 2651 3620 sapiens
2693 3548 2811 3619 ﬁeri
2839 3549 2893 3603 in
2922 3546 3018 3601 hoc
3070 3543 3293 3610 mundo,
3334 3542 3531 3597 stultus
3573 3540 3660 3602 sit,
3698 3548 3761 3593 ut

2167 3643 2375 3712 sapiens
2402 3643 2555 3712 ﬁat“.
2576 3640 2765 3711 Neque
2792 3642 2935 3695 viam
2974 3637 3258 3693 modestia
3283 3642 3338 3691 et
3368 3631 3760 3691 submissionis

2168 3738 2457 3807 ingressus
2483 3742 2588 3801 est,
2621 3748 2733 3804 qua
2760 3731 2828 3787 ad
2855 3731 3139 3787 caelestem
3168 3728 3405 3800 gratiam
3459 3738 3761 3793 veramque

2170 3829 2497 3900 sapientiam
2528 3827 2882 3899 pervenitur:
2918 3838 3096 3895 neque
3126 3822 3377 3892 deposito
3412 3817 3555 3874 fastu
3588 3816 3762 3871 voluit

2170 3921 2439 3987 converti,
2475 3928 2531 3976 et
2564 3920 2679 3974 fieri
2711 3928 2770 3973 ut
2802 3916 3091 3990 parvulus,
3122 3922 3348 3985 propter
3379 3926 3606 3983 regnum
3644 3908 3759 3972 Dei,

2166 4016 2325 4087 juxta
2352 4014 2565 4069 Domini
2584 4014 2863 4068 vocem“:
2886 4024 3066 4081 neque
3084 4009 3322 4061 animam
3345 4020 3500 4060 suam
3525 4011 3579 4058 et
3609 4017 3764 4055 men-

2174 4120 2281 4166 tem
2313 4109 2481 4163 altius
2534 4105 2746 4170 fodere,
2773 4112 2827 4160 et
2861 4103 3012 4158 omni
3063 4098 3409 4171 subiectione
3446 4095 3759 4156 demittere,

2172 4211 2235 4259 ut
2256 4203 2415 4273 jubet
2449 4200 2738 4263 Dominus,
2771 4212 2868 4267 per
2894 4194 3253 4263 abjectinrem
3296 4188 3765 4256 humilioremque

2172 4297 2425 4353 semitam
2456 4310 2472 4360 ;
2514 4302 2678 4364 atque
2706 4290 2780 4345 ita
2817 4304 2915 4362 per
2954 4288 3250 4344 all'ectuum
3281 4281 3763 4339 mortificationem

2171 4396 2342 4462 petra
2372 4386 2595 4443 Christo
2624 4382 2908 4455 conjungi,
2950 4390 3005 4438 et
3054 4395 3222 4451 super
3249 4378 3427 4450 ipsum
3463 4376 3766 4430 inconcus-

2174 4493 2296 4533 sum
2334 4477 2460 4532 fidei
2510 4475 2932 4530 fundamentum
2978 4484 3208 4542 ponere,
3251 4475 3308 4523 et
3351 4466 3457 4537 piis
3501 4462 3766 4536 operibus

2175 4574 2419 4643 seipsum
2464 4568 2803 4624 domicilium
2866 4564 3152 4637 sapientiae
3194 4561 3561 4617 constituere.
3621 4555 3765 4611 Nihil

2173 4668 2372 4724 horum
2419 4665 2551 4720 huic
2581 4663 2735 4718 venit
2770 4661 2827 4715 in
2881 4667 3145 4719 mentem,
3181 4656 3287 4710 alia
3333 4653 3520 4709 omnia
3558 4651 3767 4721 cogita-

2173 4761 2264 4817 bat
2293 4777 2308 4827 ;
2344 4758 2523 4828 fragili
2553 4764 2608 4812 et
2634 4768 2893 4817 areuoso,
2920 4767 3075 4806 vana
3092 4747 3448 4822 profanaque
3486 4743 3769 4813 sapientiae

2175 4853 2536 4910 fundamento
2563 4860 2620 4904 et
2646 4843 2979 4911 insolentia,
3012 4858 3122 4898 non
3145 4837 3448 4896 secundum
3481 4834 3765 4889 Christum

2175 4946 2444 5003 doctrina
2472 4958 2570 4999 cor
2617 4956 2777 4997 suum
2824 4946 3175 5005 mentemque
3204 4935 3563 4993 confirmans,
3605 4918 3768 4983 vanis

2179 5040 2462 5096 hominum
2494 5034 2753 5091 laudibus
2787 5041 2839 5089 et
2870 5030 3155 5102 plausibus
3208 5024 3454 5090 inflatus,
3480 5022 3769 5089 elatusque

2177 5130 2327 5187 inani
2350 5128 2548 5201 gloria,
2579 5142 2678 5197 per
2732 5126 2908 5195 ipsam
2946 5120 3183 5176 inimica
3231 5115 3342 5171 Deo
3389 5109 3665 5183 superbia
3707 5122 3769 5163 se

2180 5223 2472 5294 conjunxit
2509 5240 2524 5277 :
2570 5237 2636 5276 ex
2686 5234 2797 5290 quo
2826 5216 3007 5273 omnis
3046 5209 3369 5282 impietatis,
3410 5208 3769 5271 omniumque

2182 5314 2550 5372 offensionum
2592 5310 2880 5367 materiem
2906 5307 3138 5363 edoctus
3166 5310 3273 5359 est.
3307 5300 3450 5370 Ergo
3477 5296 3644 5367 jactis
3674 5307 3768 5347 sa-

2182 5405 2416 5461 cerdotii
2480 5403 2565 5459 sui
2622 5399 3002 5471 improbandis
3064 5392 3463 5456 fundamentis,
3517 5395 3770 5441 extrema

2186 5499 2355 5554 initiis
2380 5504 2751 5552 consentanea
2785 5493 3017 5549 sortitus
3045 5501 3148 5547 est.
3186 5487 3296 5543 Nec
3327 5485 3472 5540 enim
3506 5478 3769 5550 repudia-

2185 5590 2262 5644 vit
2293 5587 2623 5654 Ecclesiam,
2676 5596 2939 5656 tanquam
2986 5599 3017 5638 a
3065 5579 3315 5654 profanis
3355 5571 3771 5647 magistratibus

2183 5681 2414 5754 profane
2448 5688 2503 5738 ct
2525 5680 2794 5753 sacrilege
2824 5677 2931 5736 sibi
2953 5673 3340 5734 demandatam
3369 5688 3384 5741 ;
3416 5681 3595 5740 neque
3622 5662 3772 5720 velut
