4134 6450
430 377 486 418 ιν
1488 366 1891 429 PR/EFATIO
1931 368 2015 431 IN
2048 368 2313 432 PIIOTII
2348 352 2633 433 orem.

427 481 583 535 altcrl
611 480 731 535 viro
773 484 1023 549 nuptam,
1060 477 1163 534 sibi
1195 491 1295 549 per
1324 476 1656 534 adulterium
1682 478 2015 549 desponderi

428 575 634 630 veritus
658 583 763 639 est,
796 570 1101 637 sed,contra
1133 571 1318 640 potius
1362 570 1824 635 exsultabundus,
1861 571 2020 626 avide

429 665 882 735 impudenterque
909 664 962 717 in
997 663 1143 718 illius
1191 662 1535 734 complexum
1586 662 1723 726 ruit,
1757 662 2021 717 alienam-

428 773 537 825 que
586 766 846 826 tanquam
890 755 1169 826 prepriam
1214 755 1397 827 palam
1448 756 1754 826 arrogavit,
1808 770 2023 826 suaque

431 850 663 905 infantia
695 860 749 904 et
790 848 1062 903 dedecore
1101 846 1466 919 gloriabatur,
1502 855 1559 903 et
1602 848 1934 903 laudabatur
1964 849 2020 903 in

431 944 722 1015 iniquitate
768 957 909 1007 sua;
959 943 1221 1012 intraque
1269 957 1364 998 sex
1418 956 1527 997 non
1586 942 1825 1013 amplius
1878 943 2021 1010 dies,

431 1034 690 1090 manibus
734 1034 1020 1089 hominum
1065 1032 1336 1099 initiatus,
1380 1034 1728 1105 concupitam
1777 1035 2025 1091 ecclesiae

432 1128 752 1183 cathedram
791 1126 1014 1182 invasit.
1042 1125 1286 1195 Eratque
1324 1141 1453 1182 vere
1478 1140 1727 1192 cernere,
1761 1135 1822 1181 ut
1852 1126 2026 1182 fertur

433 1220 653 1290 adagio,
676 1219 1104 1291 extemporalem
1138 1217 1526 1290 timidumque,
1544 1234 1641 1275 seu
1674 1228 2025 1289 personatum

438 1321 718 1367 sanctum.
750 1309 885 1365 Nam
913 1311 1091 1382 primo
1111 1310 1199 1365 die
1227 1310 1536 1367 monachus
1566 1325 1631 1367 ex
1657 1310 1824 1377 laico,
1854 1313 2029 1368 altero

437 1401 631 1463 lector,
667 1407 783 1453 tum
816 1399 1260 1471 hypodiaconns.
1290 1414 1357 1454 ac
1382 1400 1674 1465 diaconus,
1714 1410 1769 1457 et
1798 1403 2030 1474 presby-

438 1499 525 1547 ter
559 1508 573 1545 :
607 1498 765 1546 sexto
794 1490 1012 1557 deinde,
1044 1490 1138 1561 qui
1170 1490 1274 1544 fuit
1302 1490 1506 1547 Christi
1560 1492 1785 1556 natalis,
1818 1500 1873 1547 et
1914 1492 2031 1562 ipse

440 1599 662 1641 sacrum
691 1582 1074 1639 conscendens
1106 1582 1374 1649 tribunal,
1409 1597 1600 1653 pacem
1635 1583 1865 1654 populo,
1887 1584 2031 1640 nihil

439 1687 569 1728 vera
597 1688 729 1742 pace
766 1673 993 1744 dignum
1020 1673 1289 1743 cogitans,
1320 1670 1593 1727 nuntiavit
1614 1671 1743 1743 (σ).›

2121 480 2309 535 λουοον
2351 480 2474 553 ἔσχε
2503 485 2571 553 τῇ
2601 482 2743 554 ἀρχῇ
2776 482 2836 536 τὸ
2868 480 3039 547 τέλος.
3082 483 3157 538 Οὐ
3187 482 3299 556 γάρ
3350 487 3709 560 παρῃτήσατο

2120 571 2220 641 τὴν
2247 570 2322 633 ὡς
2343 571 2497 641 παρὰ
2523 571 2806 642 κοσμικῶν
2838 572 3119 644 ἀρχόντων
3158 574 3421 644 ἀκόσμως
3448 577 3598 648 αὐτῷ
3618 580 3712 633 καὶ

2121 661 2378 731 ἀθέσμως
2411 660 2751 733 ἐνδιδομένην
2771 662 3127 733 Ἐκκλησίαν,
3161 664 3273 717 οὐδ’
3301 664 3380 729 ὡς
3406 666 3579 737 ἑτέρῳ
3616 669 3713 722 ἀν-

2122 752 2211 823 δρὶ
2242 752 2711 825 καθηρμοσμένην
2745 754 3007 825 μοιχικὼς
3055 755 3237 826 ἑαυτῷ
3299 760 3714 828 κατεγγυᾶσθαι

2122 844 2408 917 ηὑλαὸήθη
2445 860 2460 875 ·
2516 845 2831 901 τούναντίον
2867 847 2968 914 μὲν
3019 843 3114 902 οὖν
3149 850 3245 903 καὶ⁵
3278 849 3618 922 περιχαριῖκ,
3677 852 3711 923 ἦ

2123 936 2359 1000 ἀναιδῶς
2409 935 2633 1009 μᾶλλον,
2686 938 3096 1009 κατησπάζετο,
3152 942 3247 993 καὶ
3293 940 3370 1005 ὡς
3433 942 3573 1007 ίδίας
3616 943 3715 1013 τῆς

2126 1029 2419 1102 ἀλλοτρίας
2479 1030 2670 1101 σαφῶς
2704 1032 3069 1097 ἀντεποιεῖτο,
3123 1032 3221 1089 καί
3242 1036 3301 1089 ὲν
3350 1038 3419 1107 τῇ
3482 1035 3716 1108 αἰσχύνῃ

2126 1122 2278 1194 αὐτῷ
2312 1124 2542 1195 ὲγαυρία
2573 1122 2952 1195 δοξαζόμενος,
3012 1127 3109 1179 καὶ
3145 1127 3205 1181 ὲν
3231 1129 3298 1198 τῇ
3324 1126 3513 1200 ἀδικίᾳ
3537 1126 3705 1181 αὑτοῦ

2128 1214 2465 1284 ὲνευλογεῖτο
2514 1216 2608 1269 καὶ
2654 1216 2712 1269 ὲν
2762 1214 2822 1283 ἐξ
2868 1219 2991 1281 ταῖς
3037 1217 3189 1282 ὅλαις
3241 1218 3484 1291 ἡμέραις
3520 1219 3710 1291 χερσὶν

2129 1306 2436 1378 ἀνθρώπων
2478 1307 2879 1379 τελειούμενος,
2938 1309 3038 1378 τῆς
3093 1310 3544 1383 ὲπιθυμουμένης
3614 1312 3716 1364 ἐπ-

2128 1399 2475 1469 ελαμόἀνετο
2500 1399 2793 1475 καθέδρας.
2842 1402 2954 1455 Καὶ
2985 1398 3053 1473 ἦν
3076 1402 3292 1474 ἀληθῶς
3331 1405 3539 1457 ἐκεῖνον
3586 1405 3718 1476 ὀρᾷν

2133 1491 2448 1563 αὑθήμερον
2471 1491 2628 1560 ἆγιον
2650 1493 3024 1563 πλαττόμενον
3082 1496 3225 1549 κατά
3257 1496 3357 1566 τὴν
3384 1496 3709 1568 παροιμίαν.

2135 1585 2335 1657 Πρώτη
2364 1584 2474 1656 γὰρ
2500 1586 2683 1658 ἡμέρᾳ
2706 1588 2940 1658 μοναχὸς
2966 1588 3089 1642 ἀντὶ
3129 1588 3343 1657 λαῖκοῦ,
3383 1592 3448 1661 τῇ
3491 1589 3719 1660 δευτέρᾳ

2135 1678 2193 1731 δὲ
2216 1678 2597 1749 ἀναγνώστης,
2622 1682 2719 1734 καί⁵
2740 1682 3096 1747 ὑποδιάκονος
3126 1686 3192 1754 τῇ
3251 1682 3403 1754 ἑξῆς,
3444 1678 3564 1738 εἶτα
3612 1683 3703 1736 διὰ.

439 1785 617 1835 κονος,
647 1763 767 1821 εἶτα
796 1767 1167 1839 πρεσϐύτερος
1192 1784 1207 1796 ·
1246 1767 1440 1820 ἔπειτα
1464 1769 1533 1838 τῇ
1556 1765 1695 1839 ἕκτῃ
1726 1781 1745 1800 ⁸
1775 1768 2018 1840 Χριστοῦ
2046 1769 2103 1824 δὲ
2122 1766 2192 1841 ἦν
2214 1772 2284 1826 τὰ
2335 1774 2589 1841 γενέθλια
2619 1792 2633 1807 ·
2699 1776 2807 1829 καὶ·
2842 1776 3005 1839 αὐτὸς
3027 1775 3106 1846 τῷ
3157 1777 3418 1848 ἱερατικῷ
3471 1776 3717 1848 προσϐὰς

450 1867 649 1938 θρόνῳ,
678 1867 775 1936 τὴν
804 1866 1031 1937 εἰρήνην
1053 1864 1132 1935 τῷ
1163 1863 1280 1935 λαῷ
1320 1863 1686 1935 προσεφώνει,
1720 1865 1889 1936 μηδὲν
1916 1866 2017 1936 τῆς
2040 1868 2307 1940 ἀληθινῆς
2332 1872 2557 1943 είρήνης
2578 1871 2727 1939 ἀξιον
2755 1873 3128 1944 ἐννοούμενος.
3171 1894 3193 1927 ι

514 1985 802 2041 Nectarius
839 1982 1147 2055 patriarcha
1184 1979 1716 2053 Hierosolymitanus
1749 1981 1843 2052 qui
1883 1982 2088 2039 saeculo
2136 2000 2273 2051 xvu,
2315 1985 2371 2041 in
2410 1986 2551 2042 libro
2577 1987 2652 2043 De
2682 1988 2904 2057 imperio
2934 2004 3108 2059 papaz,
3141 2004 3253 2059 quo
3283 1989 3521 2044 schisma
3552 1988 3700 2045 fovet

438 2092 498 2137 ct
526 2095 585 2135 se
614 2077 825 2132 Latinis
855 2074 1274 2131 infestissimum
1309 2074 1551 2141 exhibet,
1582 2074 1815 2131 candide
1848 2074 2053 2131 fatetur
2083 2074 2339 2133 Photium
2372 2095 2439 2135 ex
2471 2096 2621 2135 mera
2655 2080 2957 2137 ambitione
3008 2081 3309 2137 Ecclesium
3346 2083 3711 2138 universalem

446 2186 541 2241 per
571 2156 768 2221 multos
798 2180 973 2220 annos
998 2163 1349 2218 vehementer
1375 2163 1748 2233 perturbasse.

518 2255 671 2312 Mitto
703 2264 928 2311 caeteros
957 2253 1251 2322 scriptores
1281 2250 1537 2307 Ecclesia:
1578 2250 1785 2308 Graeca
1826 2253 1920 2323 qui
1965 2269 2065 2325 pro
2097 2254 2303 2310 unione
2330 2253 2722 2321 Ecclesiarum,
2758 2263 2881 2326 post
2918 2266 3109 2311 natum
3141 2255 3433 2311 dissidium
3469 2256 3719 2311 laboran-

446 2344 818 2411 tes,Photium
851 2340 1021 2397 veluti
1052 2340 1326 2395 malorum
1362 2340 1612 2395 omnimn
1641 2355 1866 2398 causam
1900 2352 2198 2410 accusant;
2226 2343 2398 2399 solius
2428 2341 2614 2404 Vecci,
2664 2345 2993 2414 patriarcha:
3021 2343 3129 2398 ΟΡ.
3169 2343 3349 2399 medio
3380 2343 3583 2399 saeculo
3627 2360 3720 2399 xm

446 2432 774 2489 sententiam
809 2429 1103 2501 proferam,
1129 2430 1223 2498 qui
1259 2428 1461 2484 asserit
1486 2429 1741 2484 Photium
1777 2430 2015 2499 primum
2074 2431 2129 2485 in
2168 2432 2402 2487 ecclesia
2444 2429 2713 2487 Orientali
2746 2432 2997 2500 posuisse
3031 2430 3362 2487 fermentum
3401 2432 3722 2503 pessimum,

444 2521 591 2594 quod
632 2518 865 2575 Michael
906 2516 1237 2573 Canularius
1271 2524 1394 2587 post
1419 2527 1640 2571 centum
1667 2524 1722 2570 et
1770 2518 2116 2588 septuaginta
2146 2534 2323 2574 annos
2352 2520 2536 2575 denuo
2568 2522 2846 2577 excitavit.

1478 2632 1546 2687 II.
1581 2661 1651 2671 —
1680 2631 1757 2687 De
1787 2635 2031 2689 doctrina
2061 2647 2111 2691 et
2138 2638 2436 2693 eruditione
2466 2638 2667 2693 Photii.

519 2728 647 2783 Haec
676 2728 743 2782 de
772 2725 972 2781 Photio
1002 2725 1233 2781 dicenda
1256 2732 1435 2788 erant,
1465 2738 1533 2778 ne
1560 2724 1645 2779 vir
1670 2724 1831 2794 cujus
1862 2727 2069 2796 scripta
2092 2726 2205 2797 jam
2241 2728 2566 2798 collegimus
2605 2745 2634 2784 a
2664 2728 2824 2784 nobis
2858 2737 3055 2799 praeter
3088 2729 3345 2783 meritum
3391 2736 3487 2783 aut
3518 2729 3725 2798 vitupe-

447 2821 558 2875 rari
600 2827 697 2872 aut
730 2814 944 2870 laudari
983 2814 1285 2869 videretur.
1319 2812 1511 2868 Fuerit
1535 2813 1725 2883 utique
1756 2814 2010 2880 callidus,
2046 2816 2349 2887 hypocrita,
2386 2816 2735 2881 ambitiosus,
2774 2816 3052 2881 falsarios,
3094 2816 3502 2882 schismaticus,
3538 2826 3727 2888 tyran-

448 2921 578 2970 nus,
609 2913 851 2958 attamcn
887 2901 1111 2973 ingenio
1140 2909 1197 2954 et
1234 2900 1549 2955 eruditione
1578 2916 1688 2955 non
1717 2903 1919 2963 caruit,
1961 2916 2026 2957 ac
2060 2914 2347 2974 propterea
2371 2922 2401 2960 e
2434 2906 2605 2960 choro
2630 2906 2961 2975 scriptorum
2994 2906 3087 2975 qui
3135 2905 3293 2960 libris
3327 2905 3444 2961 suis
3472 2904 3728 2959 Ecclesiae

447 2996 783 3067 profuerunt
822 3010 933 3048 non
966 2993 1193 3049 omnino
1223 2991 1528 3062 ejiciendus
1557 3002 1663 3047 est.
1706 2991 1911 3046 Praeter
1953 2992 2239 3061 epistolam
2271 3002 2326 3046 et
2355 2993 2553 3046 librum
2585 3009 2727 3062 quos
2758 2991 2827 3046 ad
2857 2991 3286 3062 impugnandam
3321 2991 3728 3060 processiouem

448 3084 695 3154 Spiritus
727 3081 904 3137 sancti
932 3081 1098 3135 etiam
1126 3095 1154 3134 a
1191 3078 1333 3134 Filio
1358 3080 1626 3146 exaravit,
1648 3087 1703 3133 et
1734 3088 1857 3134 acta
1889 3079 2344 3149 pseudo-concilii
2375 3080 2458 3135 sui
2487 3095 2614 3135 cum
2643 3080 2992 3133 documentis
3009 3078 3237 3133 adnexis
3262 3093 3387 3147 quae
3410 3093 3477 3133 ex
3502 3076 3730 3131 arbitrio

445 3182 503 3230 et
534 3173 673 3228 satis
705 3170 957 3240 imperite
992 3169 1170 3235 tinxit,
1201 3169 1338 3223 nihil
1367 3167 1482 3224 fere
1511 3168 1566 3223 in
1604 3184 1828 3224 causam
1856 3169 2170 3225 schismatis
2204 3169 2466 3239 scripsit;
2505 3177 2560 3223 et
2594 3168 2798 3238 scripta
2841 3167 2964 3237 ejus
2994 3166 3175 3233 hodie,
3209 3175 3270 3221 ut
3306 3166 3466 3222 nobis
3496 3165 3731 3231 videtur,

447 3276 624 3331 neque
652 3258 891 3323 veritati,
929 3272 1108 3328 neque
1152 3257 1271 3326 paci
1308 3255 1567 3313 Ecclesia:
1592 3257 1705 3313 ulla
1735 3258 1949 3312 ratione
1975 3258 2169 3313 obesse
2204 3266 2454 3326 possunt,
2501 3257 2631 3311 dum
2667 3271 2698 3311 e
2727 3264 2918 3311 contra
2954 3254 3021 3309 ad
3058 3254 3344 3309 historiam
3372 3252 3643 3323 degmatis
3675 3264 3731 3307 et

444 3347 856 3403 vicissitudines
901 3343 1217 3400 schismatis
1250 3343 1604 3401 delineandas
1642 3345 1783 3400 mire
1830 3345 2159 3401 inserviunt.
2201 3343 2325 3396 Ideo
2365 3358 2496 3398 sane
2522 3351 2643 3397 acta
2684 3340 3115 3413 pseudo-synodi
3156 3341 3438 3396 Photiana:
3487 3355 3610 3411 qua:
3665 3340 3733 3393 ad

445 3450 653 3492 annum
680 3433 785 3490 877
814 3432 1072 3498 refertur,
1105 3433 1346 3501 primum
1378 3433 1591 3503 integra
1621 3432 1765 3489 edita
1790 3442 1920 3488 sunt
1942 3449 1972 3486 a
2005 3431 2072 3488 ll.
2107 3432 2165 3485 ι’.
2198 3429 2478 3486 [lat-duino
2508 3430 2788 3486 societatis
2806 3429 2938 3485 Jesu
2978 3429 3326 3501 presbytero,
3350 3444 3476 3486 cum
3501 3442 3732 3483 assensu

444 3521 750 3581 Clementis
786 3520 859 3575 XI
882 3520 1085 3574 summi
1119 3520 1397 3588 pootilieis
1426 3519 1529 3589 (d).

519 3614 640 3670 Non
676 3622 762 3669 est
787 3612 958 3683 igitur
999 3625 1101 3666 cur
1128 3611 1258 3681 quis
1287 3611 1546 3666 formidet
1582 3625 1655 3666 ne
1696 3624 1861 3683 opera
1898 3609 2081 3665 Photii
2122 3618 2218 3664 aut
2254 3608 2471 3665 veritati
2504 3609 2793 3665 catholicae
2821 3610 3030 3677 obsint,
3058 3618 3157 3665 aut
3195 3622 3379 3664 causae
3418 3605 3734 3663 schismatis

449 3703 715 3775 prodesse
748 3701 982 3772 possint.

521 3789 889 3857 Quaeretquis
912 3786 1149 3842 fortasse
1177 3785 1457 3855 quomodo
1512 3784 1894 3840 orthodoxiam
1942 3784 2142 3850 Photii,
2184 3784 2240 3837 in
2282 3784 2509 3854 scriptis
2549 3800 2673 3855 qum
2737 3786 2803 3840 ad
2836 3785 3077 3841 schisma
3094 3780 3736 3853 nonpertlnent,anobis

448 3887 743 3942 assertam,
775 3875 1135 3931 conciliemus
1168 3889 1295 3929 cum
1329 3874 1835 3938 actisconciliivnt,
1865 3874 2010 3943 quod
2033 3872 2086 3926 in
2108 3871 2363 3927 Photium
2404 3874 3425 3945 perveneruntdogmatuminventorem
3446 3869 3736 3925 anathema

455 3964 876 4038 pronuntiavit?

525 4048 634 4105 Res
673 4048 823 4104 ornni
856 4046 1175 4102 dillicultate
1205 4055 1375 4100 caret.
1410 4045 1609 4099 Narrat
1633 4046 1780 4101 enim
1807 4047 2131 4102 Anastasius
2178 4047 2638 4107 Bibliothecarius
2663 4067 2769 4121 qua
2810 4051 2951 4106 mira
2994 4050 3315 4115 calliditate,
3348 4064 3454 4102 non
3489 4047 3555 4101 ad
3582 4060 3734 4101 assc-

454 4138 687 4192 rendam
721 4151 876 4191 suam
907 4135 1249 4204 opinionem,
1282 4134 1379 4187 sed
1411 4132 1479 4187 ad
1518 4133 1834 4188 tentandam
1866 4136 2195 4203 pastoralem
2226 4138 2563 4208 vigilantiam
2601 4137 2814 4210 lgnatii,
2851 4138 3083 4194 Photius
3115 4154 3241 4192 cum
3303 4136 3547 4190 maximo
3568 4149 3732 4189 scan-

456 4225 583 4280 dalo
626 4223 863 4279 fidelium
904 4221 1152 4277 docuerit
1209 4220 1480 4291 singulas,
1528 4219 1784 4276 homines
1850 4220 1989 4277 duas
2026 4224 2225 4280 habere
2272 4227 2525 4293 animas,
2569 4244 2733 4282 unam
2776 4227 3096 4283 rationalem
3127 4235 3183 4281 et
3222 4226 3384 4280 aliam
3424 4224 3738 4278 animalem.

534 4336 553 4368 ι
578 4316 872 4379 Praeterea,
905 4316 981 4368 ait
1008 4313 1357 4378 Anastasius,
1392 4322 1448 4368 et
1474 4312 1623 4367 aliud
1656 4313 1963 4383 iniquitatis
1990 4331 2104 4370 suae
2128 4317 2473 4385 retiaculum,
2504 4336 2612 4389 quo
2635 4329 2847 4375 mentes
2875 4314 3207 4388 simpliCium
3238 4322 3478 4385 caperet,
3516 4323 3731 4377 texens,

460 4409 732 4475 quotquot
771 4400 838 4454 ad
900 4401 1231 4455 exteriorem
1262 4399 1331 4453 ab
1368 4415 1434 4454 eo
1471 4399 1824 4471 disciplinam
1861 4402 2165 4458 instruendi
2212 4407 2529 4472 veniebant,
2576 4406 2802 4479 proprio
2853 4407 3062 4476 scripto
3098 4404 3371 4475 spondere
3426 4402 3657 4474 cogebat
3680 4416 3742 4455 se

460 4488 767 4547 secundum
811 4490 968 4543 [idem
1004 4487 1182 4541 Photii
1213 4487 1293 4542 .de
1339 4494 1539 4543 caetero
1586 4488 1897 4542 credituros
1931 4507 1947 4557 ;
1988 4492 2146 4560 quasi
2187 4492 2311 4547 duae
2361 4494 2498 4550 fides
2537 4502 2747 4561 essent,
2795 4510 2904 4548 una
2944 4493 3158 4549 scilicet
3194 4490 3424 4556 Christi,
3463 4499 3520 4545 et
3570 4491 3742 4541 altera

462 4577 644 4632 Photii
679 4595 694 4632 :
748 4584 804 4630 et
861 4575 965 4630 hoc
1001 4575 1361 4629 nihilominus
1398 4574 1599 4630 callide
1632 4578 1882 4640 molitus,
1915 4587 1975 4632 ut
2016 4585 2422 4638 communionis
2474 4599 2588 4640 suae
2619 4598 2980 4654 quoscunque
3014 4583 3100 4637 vel
3123 4580 3623 4651 quomodocunque
3656 4578 3737 4629 Ia-

462 4666 621 4737 queis
647 4665 887 4720 irretiret
919 4681 935 4731 ;
962 4673 1017 4719 et
1044 4672 1191 4718 esset
1217 4663 1559 4734 impossibile
1590 4679 1651 4719 se
1674 4679 1914 4733 unquam
1944 4668 2121 4733 evelli,
2152 4686 2316 4740 quem
2349 4672 2610 4727 nimirum
2635 4680 2915 4727 constaret
2946 4678 3026 4726 tot
3059 4670 3181 4724 lixis
3200 4670 3409 4723 haerere
3434 4664 3741 4729 radicibus,

463 4755 595 4811 dum
635 4755 723 4809 his
756 4767 858 4808 nec
890 4752 1053 4806 aliam
1088 4749 1270 4818 fidem,
1301 4750 1408 4805 nisi
1436 4766 1603 4820 quam
1630 4751 1748 4821 ipse
1780 4760 2013 4819 teneret,
2043 4755 2244 4813 habere
2276 4774 2501 4829 quoquo
2531 4759 2694 4814 modo
2727 4759 2975 4814 licuisset
3007 4776 3023 4814 :
3063 4756 3212 4829 quod
3237 4755 3539 4809 maximum
3576 4767 3739 4808 scan-

462 4840 650 4895 dalum
688 4840 1022 4895 mortalibus
1050 4838 1332 4905 excitavit,
1367 4836 1720 4894 dicentibus:
1751 4839 1925 4902 Itane,
1959 4842 2009 4894 si
2039 4840 2268 4900 Photius
2301 4845 2667 4901 hmresiarcha
2704 4846 2892 4911 fuerit,
2924 4845 3126 4900 debent
3156 4844 3251 4898 lilii
3284 4842 3461 4897 nostri
3487 4848 3582 4893 aut
3616 4838 3743 4892 fidei

465 4929 755 4983 catholica:
786 4929 1103 4983 desertores
1161 4942 1306 4991 esse,
1341 4937 1435 4980 aut
1462 4926 1766 4996 juramenti
1795 4930 1878 4982 vel
1907 4928 1993 4983 sui
2024 4929 2378 4997 chirographi
2412 4928 2901 5000 transgressores?
2931 4936 3091 4983 erant
3134 4928 3280 4981 enim
3311 4925 3453 4978 inter
3473 4937 3570 4977 eos
3604 4936 3744 4975 non-

466 5018 605 5072 nulli
652 5018 982 5074 clarissimis
1029 5017 1307 5072 natalibus
1358 5016 1579 5071 oriundi
1614 5034 1628 5071 :
1660 5032 1787 5071 nam
1820 5026 1876 5071 et
1916 5027 2043 5072 ante
2086 5031 2262 5073 annos
2296 5018 2511 5086 aliquot
2560 5016 2705 5071 idem
2742 5016 2973 5071 Photius
3022 5015 3258 5070 duarum
3288 5022 3744 5080 unumquemque

467 5105 743 5161 hominem
774 5105 1086 5159 animarum
1121 5106 1431 5159 consistere
1485 5105 1837 5174 praedicabat.
1864 5104 1968 5171 Qui
2001 5121 2128 5160 cum
2169 5123 2197 5159 a
2228 5106 2593 5160 Constantino
2628 5104 2960 5175 phil050pho
2993 5117 3206 5173 magnae
3257 5099 3568 5157 sanctitatis
3598 5098 3741 5163 viro,

470 5195 780 5250 fortissimo
805 5195 925 5264 ejus
952 5196 1155 5259 amico,
1182 5196 1501 5266 increpatus
1531 5193 1731 5251 fuisset
1764 5195 1978 5251 dicente
1999 5213 2014 5249 :
2034 5195 2150 5250 Cur
2177 5202 2391 5249 tantum
2423 5209 2672 5249 errorem
2702 5194 2759 5247 in
2804 5192 3064 5263 populum
3096 5204 3384 5262 spargens,
3419 5194 3500 5242 tot
3529 5185 3744 5239 animas

472 5282 848 5338 interfecisti?
881 5283 1164 5352 reapondit
1198 5298 1215 5337 :
1254 5281 1373 5337 Non
1401 5281 1591 5338 studio
1613 5297 1945 5353 quemquam
1974 5282 2228 5348 laedendi,
2261 5282 2423 5349 talia,
2454 5282 2655 5352 inquit,
2699 5282 2843 5336 dicta
2867 5280 3151 5351 proposui,
3179 5276 3276 5333 sed
3310 5274 3577 5346 probandi
3609 5272 3741 5340 quid

470 5370 791 5438 patriarcha
816 5368 1058 5440 lgnatius
1090 5378 1297 5441 ageret,
1330 5370 1377 5424 si
1409 5385 1510 5425 suo
1533 5377 1782 5440 tempore
1811 5370 2070 5439 quaelibet
2101 5369 2327 5425 haeresis
2357 5384 2455 5439 per
2484 5370 2835 5441 syllogismos
2870 5367 3326 5439 philosophorum
3361 5373 3553 5417 exorta
3594 5371 3743 5429 pate-

468 5467 673 5524 sceret,
702 5461 795 5528 qui
831 5459 1045 5514 scilicet
1077 5460 1228 5515 viros
1256 5458 1557 5514 exterioris
1585 5459 1871 5528 sapientiae
1905 5459 2199 5528 repulisset
2234 5476 2247 5513 :
2282 5475 2473 5515 verum
2523 5460 2771 5530 ignoravi
2811 5477 2897 5514 me
2927 5458 3032 5513 sub
3064 5456 3230 5526 hujus
3260 5454 3451 5509 fomite
3490 5451 3745 5520 proposi-

468 5544 637 5601 tionis
670 5554 747 5601 tot
773 5547 989 5602 animas
1025 5546 1144 5603 fore
1164 5547 1446 5603 laesurum.
1484 5545 1562 5600 Ad
1588 5546 1736 5617 quod
1764 5546 1855 5602 ille
1886 5564 1901 5603 :
1937 5547 1982 5601 0
2018 5547 2291 5618 sapientia
2325 5548 2514 5603 mundi
2544 5564 2667 5618 quae
2705 5546 3010 5602 infatuatur
3051 5554 3107 5601 et
3138 5543 3440 5599 destruitur
3468 5540 3481 5593 l
3516 5536 3745 5593 Jactasti

544 5683 615 5750 (ι’)
662 5683 787 5737 Vita
837 5682 897 5737 S.
930 5681 1154 5754 lgnatii,
1193 5699 1281 5755 ap.
1310 5681 1477 5740 Hard.
1511 5684 1645 5738 Acta
1676 5700 1829 5739 conc.
1859 5682 1923 5749 V,
1952 5684 2056 5741 959

466 5762 524 5805 α
544 5770 987 5895 (tquheveregius
1018 5824 1073 5879 in
1115 5823 1399 5879 Pandectis
1428 5840 1691 5879 canonum
1711 5866 1724 5890 ,
1761 5834 1796 5879 t.
1833 5824 1896 5890 ll,
1927 5837 2050 5882 acta

2166 5684 2258 5741 illa
2293 5687 2641 5757 supposititia
2663 5700 2728 5740 ex
2755 5694 2908 5754 parte
2937 5684 3203 5757 ediderat.
3232 5679 3628 5757 Harduinusea
3662 5675 3747 5729 in-

2166 5766 2311 5829 tegra
2344 5748 2553 5828 primus
2585 5748 2812 5829 protulit
2836 5757 2976 5811 Inter
3008 5754 3142 5808 Acta
3174 5754 3365 5809 consil.
3398 5750 3482 5814 Vl,
3513 5748 3637 5803 215.
