2067 3221
751 189 950 219 ΡΒᾸΞΕΑΤΙΟ
967 189 1008 220 IN
1027 188 1162 219 PHOTII
1175 189 1228 219 ΟΡ]

1056 188 1162 219 HOTII
1175 189 1312 220 OPERA.
1847 193 1863 212 '

221 243 337 279 sagittas
351 244 380 271 tn
393 241 598 270 multitudinem
614 241 733 276 copiosa:
746 241 845 273 turbae,
859 246 886 270 et
899 241 1031 278 ignorasti
1046 243 1194 278 quemlibet
1212 251 1245 270 ex
1260 243 1300 270 his
1312 243 1442 273 omnibus
1454 244 1665 274 vulnerandum.
1679 243 1760 272 Certe
1772 243 1864 271 omni-

219 289 274 317 bus
291 288 388 324 liquet,
401 288 467 324 quia
486 288 559 316 sicut
570 287 655 321 oculi,
669 287 876 323 quantumlibet
898 288 952 315 sint
972 284 1063 322 magni
1078 292 1103 314 et
1118 287 1216 322 aperti,
1232 288 1255 314 si
1269 288 1360 316 fumus
1374 289 1515 324 palearum
1543 288 1743 324 interiacuerit,
1772 288 1865 316 videre

221 334 295 361 ultra
308 340 364 361 non
379 337 496 368 possunt
510 340 519 365 ;
534 331 571 359 ita
586 331 659 359 oculi
677 331 821 366 sapientia:
836 336 900 364 tute,
915 331 1119 366 quantumlibet
1132 332 1190 359 sint
1208 332 1300 367 magni
1315 336 1343 360 et
1358 333 1456 368 patuli,
1470 333 1593 361 avaritiae
1610 337 1701 360 tamen
1715 336 1742 360 et
1754 331 1864 359 invidia:

221 377 299 405 fumo
311 377 423 413 penitus
435 376 578 408 obcaecati,
595 376 734 403 tramitem
749 375 866 410 iustitiae
880 376 974 404 videre
989 384 1044 403 non
1061 381 1178 411 possunt
1193 385 1201 409 ;
1215 384 1247 403 ac
1261 384 1309 411 per
1326 377 1352 404 id
1366 384 1463 405 verum
1478 382 1522 405 est
1541 377 1615 412 quod
1628 376 1710 409 dicis,
1726 376 1863 404 nemim-m

222 423 281 450 ictu
291 426 339 450 tuo
357 425 471 457 putasse
484 427 547 449 esse
559 419 726 451 ledendum,
738 428 802 448 cum
819 421 860 448 sic
875 421 1043 448 obcaecatum
1059 429 1171 449 sensum
1198 422 1340 457 praedictis
1354 422 1500 451 adversum
1518 423 1704 459 patriarcbam
1725 421 1863 459 passioni-

221 467 276 495 bus
292 466 406 499 habens,
423 473 474 494 nec
487 464 554 500 quid
571 465 859 501 emiserisprevidisti
879 465 925 500 (ε).
947 475 956 491 ι

259 521 318 549 Non
330 521 427 549 dubito
438 521 504 556 quin
517 521 550 548 ad
564 520 622 548 haec
636 518 726 547 Photii
741 519 870 547 scandala
888 519 990 546 alludat
1005 519 1152 547 concilium
1168 528 1269 548 (ecum.
1283 527 1343 555 vnt,
1365 521 1411 549 tibi
1432 521 1560 549 Pltotium
1574 520 1657 553 veluti
1670 527 1862 556 perversorum

220 566 383 601 dogntatum
399 565 570 592 inventorem
586 563 755 599 perstringit.
766 562 853 591 Porro
867 571 954 598 neque
967 563 1000 591 de
1011 563 1080 591 falsa
1101 564 1152 591 hac
1167 564 1226 599 eius
1242 564 1378 597 doctrina,
1393 573 1445 593 ttec
1456 565 1491 593 de
1501 565 1563 604 aliis
1576 564 1713 600 perversis
1726 563 1863 599 dogmati-

219 610 274 638 bus
290 610 318 638 in
329 609 408 638 libris
417 609 476 645 eius
489 609 583 643 editis,
594 608 668 643 quod
685 608 784 641 sciam,
801 608 954 643 quidquam
973 607 1105 635 occurrit.
1122 607 1257 635 lnoll'enso
1273 608 1355 643 igitur
1368 609 1435 644 pede
1452 609 1576 645 percurri
1593 612 1720 645 possunt.

630 664 675 693 111.
690 679 727 686 --
739 665 778 692 De
795 665 903 692 tentalis
916 664 1078 692 editionibua
1098 664 1217 691 omnium
1231 672 1340 699 operum
1355 664 1457 693 Photii.

254 713 363 748 Quanta
376 720 392 741 e
413 717 510 742 contra
528 712 634 740 utilitas
651 720 685 740 ex
699 712 799 740 iisdem
820 711 929 747 scriptis
941 711 1045 738 hauriri
1060 711 1157 746 possit,
1176 716 1312 739 testantur
1332 711 1411 747 iuges
1437 715 1553 741 conatus
1568 712 1694 740 virorum
1713 711 1860 740 doctorum

217 760 331 794 saepius,
345 758 393 787 sed
409 757 511 786 frustra
523 758 552 785 in
563 757 615 785 hoc
630 757 759 792 impensi,
773 761 802 784 ut
817 757 920 791 scripta
932 755 1022 783 Photii
1039 756 1066 783 in
1084 764 1168 783 ttnum
1181 755 1265 783 veluti
1277 756 1378 791 corpus
1390 756 1504 785 collecta
1518 757 1677 791 ederentur,
1690 760 1720 785 et
1730 757 1861 785 emenda-

218 804 275 832 tius
287 810 371 838 quam
388 802 494 837 pridem
512 803 541 828 in
556 801 646 829 lucem
663 801 817 837 prodirent.

254 847 345 875 Testis
356 851 399 875 est
415 846 445 874 D.
459 845 683 881 Hergenrmtlter,
699 845 727 872 in
746 844 940 873 dissertatione
951 851 1033 879 quam
1048 844 1119 871 infra
1130 844 1248 876 edimus,
1266 844 1416 872 Antonium
1435 843 1598 878 Catilorum,
1622 843 1687 872 huic
1704 844 1780 879 operi
1794 844 1860 872 olim

216 891 371 919 insudasse.
396 899 406 916 ε
422 889 559 917 Antonius
574 888 714 916 Catiforus
730 887 908 924 Zacyntltius,
924 888 974 921 ait,
992 889 1061 916 mira
1083 896 1145 915 cum
1163 888 1327 916 assiduitate
1345 888 1476 916 universa
1497 888 1588 916 Photii
1604 895 1688 924 opera
1705 887 1859 923 colligenda

215 935 343 968 curavit;
362 934 514 962 editionem
531 938 623 961 tamen
636 932 780 968 diligenter
791 938 972 968 praeparatam
992 933 1025 960 ad
1041 932 1122 959 linem
1140 932 1291 967 perducere
1308 940 1362 960 non
1378 932 1468 968 potuit
1481 932 1527 969 (1).
1544 942 1555 959 ›
1576 932 1683 967 Scripta
1702 931 1817 960 Catil‘ori
1833 930 1861 959 et

215 987 301 1014 opera
321 979 356 1006 ab
369 986 402 1006 eo
419 978 562 1009 translata.
579 977 607 1005 in
623 977 791 1005 bibliotheca
804 977 834 1005 S.
850 977 934 1005 Marci
949 977 1070 1005 Venetiis
1092 981 1247 1009 servantur,
1264 976 1312 1004 ubi
1328 976 1360 1004 D.
1374 976 1587 1012 Hergenrcether
1599 976 1694 1003 eadem
1710 975 1859 1005 consuluit.

213 1022 301 1051 Nobis
314 1027 405 1050 tamen
421 1023 516 1050 datum
531 1029 586 1049 non
600 1026 654 1053 est,
667 1021 703 1048 ob
720 1021 876 1056 angustiam
893 1021 1035 1055 temporis,
1050 1025 1077 1048 et
1094 1021 1221 1048 locorum
1233 1020 1405 1054 distantiam,
1419 1028 1453 1049 ex
1470 1019 1611 1049 laboribus
1619 1019 1773 1048 doctissimi
1786 1019 1861 1047 Cati-

214 1071 282 1102 fori.
297 1069 443 1097 utilitatem
457 1069 577 1104 aliquam
592 1068 621 1096 in
637 1069 709 1096 hanc
721 1069 871 1096 editionem
885 1072 1008 1095 nostram
1024 1068 1164 1095 derivare.

250 1116 288 1143 Ex
300 1115 451 1143 Annalibus
465 1114 698 1142 Trivultiensibus
714 1122 780 1141 ann.
798 1113 867 1140 1724
888 1113 1015 1141 novimus
1031 1112 1179 1139 editionem
1195 1111 1320 1139 omnium
1346 1118 1461 1147 operum
1485 1111 1578 1140 Photii
1593 1115 1660 1139 tunc
1677 1110 1812 1147 temporis
1825 1110 1860 1138 ab

211 1161 309 1196 Anglis
319 1160 403 1188 fuisse
419 1164 554 1195 paratam,
569 1167 631 1194 quae
643 1164 734 1186 tamen
750 1159 783 1185 ad
801 1165 918 1193 unguem
936 1157 1069 1192 perducta
1085 1163 1140 1182 ll0n
1157 1159 1205 1182 est
1221 1154 1270 1190 (g).

247 1205 380 1233 Martinus
390 1203 551 1235 Gerbet‘tus,
568 1203 655 1230 abbas
669 1202 897 1237 Congregationis
915 1201 944 1228 S.
964 1201 1047 1228 Blasii
1067 1200 1095 1227 in
1111 1199 1184 1226 Silva
1199 1198 1294 1234 Nigra,
1317 1205 1392 1226 anno
1414 1198 1484 1226 1759
1506 1199 1559 1226 lter
1573 1197 1709 1226 Gallicum
1725 1197 1859 1233 suscepit,

211 1251 239 1278 in
255 1257 311 1285 quo
327 1249 426 1277 editori
443 1248 568 1276 omnium
581 1254 695 1282 operum
711 1246 801 1273 Photii
815 1246 941 1273 incurrit.
960 1245 1099 1272 Enarrans
1112 1245 1185 1271 enim
1201 1251 1233 1271 ca
1253 1251 1314 1278 quae
1328 1242 1443 1271 Parisiis
1453 1243 1659 1275 observaverat,
1680 1243 1720 1269 sic
1731 1241 1831 1270 scribit
1848 1252 1853 1267 :

211 1305 220 1319 ι
246 1294 277 1323 Ρ.
296 1293 388 1321 Castel
405 1300 518 1328 operam
540 1293 586 1319 dat
609 1291 725 1320 editioni
742 1291 848 1321 Photii,
873 1290 921 1318 sed
935 1298 981 1325 per
997 1290 1144 1317 decursum
1162 1289 1273 1316 dcntttm
1295 1288 1444 1316 multorum
1462 1295 1598 1316 annorum
1613 1287 1802 1323 perfecturum
1825 1294 1856 1315 se

208 1343 304 1375 sperat
318 1339 359 1366 vir
373 1339 401 1366 in
419 1338 486 1365 ﬂore
503 1337 592 1364 aetatis
608 1336 794 1368 constitutus;
808 1335 841 1362 de
855 1342 910 1369 quo
926 1342 977 1370 ego
994 1334 1113 1369 insignia
1128 1334 1230 1368 quaevis
1243 1334 1382 1361 ominatus
1395 1340 1457 1361 sum
1479 1340 1514 1361 ex
1524 1332 1631 1361 erudita
1650 1333 1853 1369 placidissima-

208 1392 266 1420 que
284 1383 494 1412 conversatione
506 1381 536 1409 in
547 1380 716 1409 monasterio
740 1380 770 1407 S.
792 1379 914 1415 Dionysii
934 1386 995 1407 cum
1011 1386 1043 1406 eo
1060 1379 1151 1406 habita
1169 1378 1221 1412 (It).
1242 1387 1251 1403 ι

245 1436 381 1468 Tandem,
395 1439 462 1464 teste
477 1435 554 1463 card.
568 1433 602 1462 A.
618 1433 683 1466 Mai,
699 1433 876 1462 doctissimus
887 1432 1037 1465 Morellius,
1052 1432 1081 1458 itt
1098 1431 1227 1464 Calalogo
1244 1430 1365 1457 codicum
1379 1429 1549 1463 Venetorum,
1566 1437 1628 1466 pag.
1643 1429 1689 1463 95,
1705 1436 1787 1465 quem
1812 1429 1854 1457 itt-

208 1481 319 1517 spicere
334 1480 414 1509 nobis
427 1487 484 1508 non
499 1478 579 1507 licuit
592 1487 600 1507 :
618 1487 628 1504 c
646 1478 832 1513 Conspectum
848 1476 974 1504 editionis
985 1476 1111 1503 omnium
1125 1482 1241 1510 operutn
1263 1473 1350 1501 Photii
1367 1474 1557 1502 concinnavit.
1572 1483 1583 1500 ι

623 1533 667 1562 IV.
684 1548 719 1555 —-
734 1533 770 1560 De
785 1534 873 1568 prima
888 1533 937 1560 hac
956 1533 1071 1560 editione
1086 1532 1204 1558 omnium
1220 1539 1328 1565 operum
1342 1530 1444 1559 Photii.

246 1585 333 1613 Nemo
345 1584 428 1620 igitur
444 1584 579 1611 hactenus
595 1589 679 1618 Opera
692 1582 784 1610 omnia
802 1581 895 1609 'Photii
915 1582 1026 1616 collegit
1044 1589 1050 1607 :
1070 1581 1142 1615 quod
1159 1587 1221 1612 nos,
1236 1580 1326 1614 quoad
1340 1580 1428 1613 licuit,
1440 1579 1497 1614 iam
1520 1583 1695 1615 praestamus.
1710 1579 1749 1608 Ea
1765 1584 1856 1608 autem

207 1631 239 1658 in
251 1629 374 1665 quinque
383 1632 477 1664 partes
487 1626 646 1660 divisimus,
661 1633 778 1661 quarum
791 1626 880 1661 pritna
890 1626 1082 1660 complectitur
1100 1632 1182 1659 opera
1202 1624 1228 1650 in
1243 1623 1273 1651 S.
1291 1623 1462 1659 Scripturam
1476 1631 1525 1651 seu
1540 1624 1699 1659 exegetica;
1718 1624 1853 1654 secunda.

208 1679 296 1707 opera
309 1669 481 1706 dogmatica;
499 1668 592 1702 tertia,
607 1675 689 1703 opera
703 1668 886 1703 paraenetica;
902 1672 1011 1702 quarta,
1033 1676 1117 1703 opera
1138 1668 1269 1695 historica
1287 1676 1294 1701 ;
1315 1667 1411 1703 quinta
1425 1675 1508 1703 opera
1519 1668 1654 1696 canonica
1671 1675 1678 1694 :
1696 1668 1790 1695 omnia
1803 1676 1852 1695 au-

208 1722 266 1744 tem
276 1719 394 1752 quatuor
406 1713 594 1743 voluminibus
605 1734 613 1746 ,
628 1713 670 1745 Cl,
685 1712 739 1745 Cll,
753 1711 809 1740 Cll]
823 1717 851 1740 et
861 1711 929 1745 ειν,
944 1711 1110 1747 Patrologim
1122 1717 1223 1739 nostrm
1240 1711 1341 1739 Graecas
1355 1711 1560 1740 describentur.

247 1761 287 1791 De
300 1762 417 1799 singulis
434 1762 562 1797 quaedam
585 1762 755 1796 notabimus,
776 1761 876 1789 dicturi
891 1762 1032 1796 deinceps,
1049 1761 1083 1788 de
1094 1761 1222 1796 operibus
1233 1760 1336 1795 Photii,
1354 1760 1478 1792 ineditis,
1492 1759 1653 1795 deperditis,
1674 1763 1757 1794 atque
1771 1760 1854 1788 etiatn

208 1808 246 1837 de
259 1807 381 1840 omissis,
395 1806 439 1835 vel
449 1805 515 1842 quia
530 1806 681 1842 argumenti
698 1813 774 1834 mere
787 1805 896 1841 profani
927 1811 1004 1839 sunt,
1025 1806 1074 1834 vel
1088 1806 1162 1842 quod
1178 1807 1232 1834 alio
1247 1806 1359 1834 nomine
1370 1805 1428 1842 iam
1440 1813 1456 1834 a
1471 1805 1552 1834 nobis
1573 1805 1647 1834 edita
1662 1806 1730 1834 sint.

715 1861 749 1890 ν.
765 1878 799 1883 -
811 1862 849 1890 De
861 1863 947 1898 primo
967 1864 1098 1892 volumine
1114 1864 1193 1898 huius
1212 1863 1348 1891 editionis.

246 1917 380 1946 Volumen
393 1918 513 1953 primum
529 1917 587 1945 sola
604 1923 686 1952 opera
700 1916 728 1944 in
744 1916 774 1944 S.
791 1916 961 1951 Scripturam
977 1918 1108 1951 continet,
1131 1918 1201 1945 inter
1215 1925 1275 1953 qua:
1288 1916 1408 1945 eminent
1424 1915 1595 1953 Qtttestiones
1608 1916 1856 1952 Amphilocltlana',

206 1971 273 2000 qua:
290 1963 353 1997 etsi,
372 1963 463 1999 quoad
476 1961 608 1997 maiorem
622 1966 738 1997 partem,
755 1961 828 1989 circa
845 1961 874 1988 S.
887 1961 1058 1996 Scripturam
1075 1966 1228 1993 versentur,
1242 1960 1372 1988 nonnulla
1385 1965 1477 1990 tamen
1493 1966 1653 1996 argumenta
1665 1961 1855 1996 philosophica

206 2013 236 2036 et
249 2007 384 2036 historica
400 2007 552 2042 attingunt.
565 2005 646 2034 Nullo
659 2005 733 2034 enim
751 2005 859 2038 ordine,
876 2005 930 2033 nisi
943 2005 1063 2034 fortasse
1082 2006 1214 2040 temporis
1231 2013 1287 2041 quo
1299 2005 1410 2040 scriptae
1424 2004 1547 2038 fuerunt,
1561 2004 1590 2032 in
1603 2004 1748 2033 codicibus
1760 2004 1854 2040 dispo-

207 2056 331 2084 nuntur,
344 2050 393 2080 sed
407 2051 573 2086 promiscue,
587 2049 625 2077 ita
640 2053 670 2077 ut
688 2056 744 2076 non
761 2053 864 2076 temere
879 2048 1115 2084 inquisiverimus,
1129 2049 1204 2084 quid,
1219 2048 1349 2076 omnibus
1361 2048 1514 2083 perpensis,
1527 2047 1616 2083 magis
1634 2048 1788 2083 expediret,
1808 2053 1854 2075 aut

205 2095 319 2124 codices
342 2095 424 2124 cacis
451 2094 540 2122 oculis
568 2093 725 2122 exscribere
748 2097 776 2120 et
797 2093 886 2128 sequi,
910 2098 958 2120 aut
981 2094 1148 2129 qumstiones
1178 2092 1422 2128 Amphilochianas
1453 2091 1533 2127 iuxta
1563 2090 1690 2119 ordinem
1722 2091 1856 2119 librorum

207 2140 240 2169 S.
254 2140 415 2175 Scriptura,
429 2139 531 2175 quibus
544 2138 721 2175 respondent,
734 2138 901 2173 disponere?

244 2195 340 2225 Primo
350 2197 422 2232 apud
439 2203 489 2225 nos
503 2196 556 2224 hoc
569 2196 709 2232 posterius
721 2195 868 2224 consilium
883 2194 1039 2230 praevaluit,
1053 2193 1117 2230 quia
1132 2193 1194 2221 libri
1207 2201 1274 2221 usus
1292 2192 1399 2221 facilior
1409 2191 1522 2221 futurus
1533 2191 1689 2225 videbatur,
1706 2191 1730 2220 si
1740 2192 1853 2227 quidem

207 2240 270 2270 fere
284 2246 342 2270 tota
353 2240 482 2269 collectio
494 2240 709 2269 Commentariis
724 2240 753 2267 in
770 2238 801 2266 S.
817 2239 987 2273 Scripturam
1010 2243 1132 2272 constat;
1150 2243 1207 2265 tum
1223 2238 1306 2265 etiam
1336 2238 1402 2273 quia
1417 2237 1518 2265 mirum
1535 2236 1623 2265 videri
1645 2240 1754 2272 poterat
1776 2244 1852 2271 quae.

206 2285 316 2314 stiones
331 2284 474 2321 profanas,
497 2288 546 2313 aut
556 2284 772 2320 philosophicas.
788 2276 988 2318 quaestionibus
1003 2282 1216 2318 scripturisticis
1231 2282 1331 2317 passim
1344 2281 1466 2310 misceri.

245 2340 434 2369 Nihilominus
450 2339 561 2369 tandem
573 2340 718 2376 praevaluit
730 2340 826 2376 opinio
838 2339 991 2368 doctissimi
1005 2338 1227 2374 Hergenroether,
1241 2338 1288 2373 qui
1308 2345 1372 2366 cum
1389 2336 1630 2372 diligentissimam
1643 2343 1754 2373 operam
1768 2337 1852 2365 collo-

206 2388 301 2413 casset
317 2385 346 2412 in
359 2383 532 2420 colligendis,
546 2383 728 2412 emendandis
739 2388 768 2412 et
784 2383 956 2411 elucidandis
982 2382 1073 2411 Photii
1090 2382 1290 2418 quaestionibus
1308 2381 1556 2417 Ampltilocltianis,
1569 2380 1681 2409 facilius
1698 2380 1852 2416 diiudicare

205 2428 300 2464 potuit
313 2435 440 2463 quanam
454 2427 539 2456 fuerit
554 2428 676 2455 auctoris
694 2435 773 2455 mens
790 2432 817 2455 et
829 2427 955 2455 intentio.
974 2426 1010 2460 Is,
1027 2427 1178 2462 quaestione
1195 2430 1304 2453 mature
1317 2433 1463 2461 perpensa,
1480 2426 1587 2461 putavit
1607 2425 1733 2453 ordinem
1749 2425 1851 2454 codicis

205 2472 336 2500 Vaticani
346 2472 394 2508 qui
403 2472 527 2500 omnium
539 2471 786 2507 praestantissimus
796 2471 878 2499 estad
886 2471 1017 2498 amussim
1030 2470 1199 2505 sequendum
1209 2477 1280 2503 esse,
1293 2474 1320 2497 et
1335 2473 1447 2497 secutus
1458 2474 1511 2503 est,
1523 2470 1660 2505 praecipue
1668 2469 1733 2505 quia
1742 2468 1854 2496 Plautius

204 2517 269 2552 ipse
277 2516 444 2552 quaestiones
458 2523 475 2544 a
484 2523 514 2544 se
527 2515 645 2549 solutas,
655 2515 707 2543 hoc
724 2515 821 2543 ordine
834 2522 868 2542 ex
880 2515 1015 2543 industria
1026 2515 1199 2550 disposuisse
1214 2515 1330 2548 videtur,
1343 2521 1398 2549 quo
1412 2514 1545 2542 varietate
1561 2514 1653 2550 potius
1664 2521 1747 2549 quam
1762 2513 1850 2548 rigore

205 2559 334 2588 methodi
347 2559 443 2588 lectori
460 2559 619 2595 placerent;
646 2559 739 2587 minus
763 2566 830 2587 sane
850 2559 997 2593 placitura,
1014 2559 1038 2587 si
1054 2560 1181 2594 quamvis
1196 2559 1230 2586 ad
1244 2559 1315 2586 idem
1333 2558 1500 2586 eruditionis
1511 2565 1599 2593 genus
1615 2562 1751 2592 spectent,
1768 2557 1851 2585 veluti

207 2603 337 2632 membra
349 2604 433 2632 unius
443 2603 570 2640 corporis
584 2603 734 2639 discerpta,
754 2603 881 2631 diversas
901 2608 930 2631 et
950 2604 1090 2637 sejunctas
1109 2604 1188 2631 sedes
1208 2602 1280 2630 inter
1296 2602 1418 2630 auctoris
1431 2608 1515 2637 opera
1527 2607 1722 2636 occupassent.
1738 2601 1854 2629 Accedit

205 2648 296 2684 quod,
313 2655 367 2685 ope
379 2647 547 2682 tabularum,
558 2655 628 2683 quas
639 2647 670 2675 D.
686 2647 900 2682 Hergenrmther
915 2647 1146 2682 confecit,omnia
1158 2647 1303 2675 commoda
1320 2645 1426 2673 ordinis
1440 2645 1588 2673 methodici
1601 2645 1719 2673 obtineri
1734 2644 1843 2681 possint

1058 2746 1229 2774 scribebatur
1250 2755 1257 2773 :
1278 2754 1288 2772 ι
1306 2743 1346 2773 οη
1372 2744 1496 2773 travaille
1514 2744 1548 2774 icl
1572 2744 1588 2773 ὲ
1611 2751 1667 2772 une
1689 2743 1791 2772 édition
1816 2744 1847 2772 dc

1057 2782 1173 2809 l’ltotius
1192 2782 1253 2816 plus
1275 2781 1365 2816 ample
1380 2788 1433 2815 que
1449 2785 1538 2809 toutes
1555 2781 1638 2809 celles
1650 2780 1733 2815 qu'on
1753 2787 1769 2807 a
1783 2787 1851 2816 gues

1055 2815 1199 2852 iusqu'tci,
1217 2826 1226 2842 ι
1246 2815 1386 2843 Méntiu'res
1399 2816 1432 2843 de
1453 2816 1584 2848 Tréuouat,
1603 2816 1682 2850 I724,
1704 2823 1768 2852 pag,
1786 2815 1846 2843 765.

1093 2851 1131 2887 (lt)
1143 2851 1251 2880 Martini
1267 2851 1390 2879 Gerberti
1403 2852 1477 2884 abb.,
1488 2857 1538 2881 etc.
1546 2872 1554 2885 ,
1562 2851 1620 2879 Iter
1628 2851 1846 2887 Alemannictou,

1057 2889 1157 2925 accedit
1173 2887 1304 2925 [laticum
1318 2887 1505 2925 ct_§_allt'oum,
1523 2896 1550 2925 ν.
1565 2887 1629 2921 522,
1653 2887 1719 2916 edit.
1734 2886 1778 2914 29.
1795 2886 1845 2922 Tit,-

1056 2925 1099 2959 pis
1114 2923 1302 2951 Sattblasianis
1320 2923 1399 2951 I773.

203 2745 383 2811 ὢἚῇ
400 2745 486 2775 Bard.
499 2746 566 2775 Actu
577 2746 674 2774 comit.
690 2745 794 2780 V,752,
808 2746 870 2780 75.5,
884 2746 911 2774 in
926 2746 1006 2774 Praef.

243 2818 286 2854 (7])
306 2815 367 2845 νῆα.
381 2817 452 2845 intra
465 2817 659 2854 Proleggmena
679 2817 881 2854 adquwstiones
898 2818 1008 2854 Amp/ti-

204 2852 360 2889 lochium,
386 2861 426 2889 pL
441 2853 488 2887 14,
514 2852 676 2882 υιἜεὺῐὶο.
699 2853 771 2883 Bibl.
796 2853 891 2882 erca
914 2859 934 2881 t.
959 2853 1005 2887 Xl,

206 2897 238 2925 p.
254 2887 395 2925 5A7Aedil;
404 2887 482 2916 “ari.

247 2924 286 2960 (9)
305 2923 346 2952 Ex
370 2923 496 2952 Londino
524 2924 676 2954 editoribus
704 2925 853 2953 Annaliqu
886 2924 1003 2953 Trivult.
