4134 6448
473 374 525 414 vt
1568 366 1965 429 PR/EFATIO
2003 367 2083 429 IN
2116 368 2378 430 PHOTII
2411 368 2681 433 OPERA.

554 476 741 531 Secuti
783 492 975 533 sumus
1008 492 1141 549 ergo
1187 478 1440 533 ordinem
1475 478 1683 535 codicis
1718 478 1967 534 Vaticani
1993 478 2088 549 qui
2125 480 2265 536 1925
2291 481 2561 549 signatus,
2614 481 2883 549 omnium,
2920 494 2978 539 ut
3013 484 3074 536 Ι).
3104 479 3526 552 llergcnrather
3572 492 3734 540 autu-

477 572 610 631 mat,
641 566 1098 633 prastantissimi,
1147 566 1241 635 qui
1290 567 1490 621 saeulo
1535 583 1632 622 xm
1681 576 1937 623 exaratus
1971 574 2075 635 est,
2106 572 2159 620 et
2186 564 2515 634 quastiones
2556 564 2661 620 515
2709 566 2954 621 continet
2985 604 3001 630 ,
3051 575 3250 637 prater
3291 565 3426 620 alias
3458 568 3747 622 nonnullas

478 666 600 718 qua
636 667 863 706 numero
910 664 1122 708 carent.
1175 653 1467 723 Nunquam
1521 664 1703 710 tamen
1750 655 2044 710 ascendent
2083 652 2150 708 ad
2191 666 2480 706 numerum
2512 650 2618 706 444
2643 667 2805 721 quem
2840 652 3141 708 Cotelerius
3167 667 3226 708 se
3252 651 3521 721 reperisse
3554 653 3745 708 scribit

480 738 535 791 in
571 740 761 796 codice
800 740 1117 795 Coibertino
1164 741 1226 811 (ἱ)
1251 756 1266 808 ;
1296 741 1415 805 sed,
1452 742 1507 795 ni
1539 741 1718 808 fallor,
1749 741 2103 798 doctissimus
2150 740 2233 795 vir
2262 754 2554 795 numerum
2600 740 2971 811 quastionum
3030 741 3286 797 incautus
3334 740 3585 797 confudit
3616 757 3742 797 cum

482 844 713 883 numero
741 844 851 898 quo
877 828 992 898 ipse
1017 829 1191 883 codex
1227 830 1280 884 in
1322 830 1659 886 bibliotheca
1697 830 2012 887 Colhertina
2040 830 2481 898 inseribebatur;
2518 843 2681 886 nemo
2715 830 2862 888 enim
2896 838 3104 887 tantam
3133 829 3500 901 quastionum
3530 832 3743 901 copiam

479 917 538 971 in
592 916 718 970 ullis
762 915 1046 971 codicibus
1078 916 1410 973 observavit.

551 1004 698 1072 Quot
724 1005 1059 1077 quaestiones
1082 1006 1360 1074 sigillatim
1387 1021 1417 1059 a
1444 1003 1667 1070 Wolfio,
1702 1003 1771 1062 ab
1805 1004 1935 1058 Ant.
1966 1002 2178 1069 Scotto,
2211 1019 2241 1059 a
2272 1005 2424 1060 card.
2459 1003 2621 1071 Maio,
2653 1004 2813 1060 edita
2856 1003 3102 1071 fuerunt,
3134 1019 3246 1077 quo
3272 1019 3421 1061 anno
3450 1013 3507 1062 et
3538 1015 3741 1075 quanta

478 1094 645 1147 cura?
671 1104 803 1163 quot
834 1094 1164 1162 quastiones
1197 1094 1313 1163 ipse
1350 1092 1413 1147 D.
1448 1092 1875 1163 Hergenrcether
1904 1106 1972 1146 ex
2018 1090 2298 1146 codicibus
2321 1091 2712 1162 manuscriptis
2745 1091 2835 1146 hic
2858 1091 3097 1163 primum
3126 1091 3373 1162 profert?
3403 1101 3537 1163 quot
3566 1093 3743 1148 adhuc

478 1180 703 1237 edenda
724 1192 1037 1249 supersunt,
1066 1180 1300 1247 reperiet
1328 1180 1501 1235 lector
1528 1180 1581 1233 in
1614 1177 2048 1235 luculentissima
2076 1176 2138 1231 D.
2160 1175 2585 1248 liergenroether
2611 1178 3028 1247 dissertatione,
3052 1193 3219 1249 quam
3242 1180 3422 1251 primo
3450 1180 3570 1235 loco
3596 1180 3740 1235 inter

478 1269 863 1339 prolegomena
906 1268 1069 1337 primi
1104 1267 1403 1321 voluminis
1430 1283 1659 1338 operum
1700 1266 1879 1322 Photii
1909 1264 2201 1321 edidimus.

550 1356 873 1412 Notabimus
921 1365 1156 1422 tantum,
1206 1366 1403 1426 prater
1431 1356 1649 1412 codices
1690 1354 2115 1425 manuscriptos.
2159 1353 2216 1407 in
2262 1352 2466 1423 quibus
2496 1351 2828 1423 quastiones
2867 1352 3340 1423 Amphilochiana
3376 1354 3740 1411 continentur

476 1453 531 1499 et
562 1459 593 1497 a
630 1444 693 1497 D.
735 1443 1158 1513 Hergenrmthcr
1183 1443 1346 1508 intra,
1380 1459 1500 1514 pag.
1535 1443 1623 1507 14,
1658 1449 2032 1506 recensentur,
2065 1440 2181 1494 dari
2217 1440 2438 1496 codices
2485 1441 2781 1497 nonnullos
2814 1456 2957 1512 quos
3002 1442 3088 1497 his
3123 1442 3309 1497 verbis
3346 1451 3739 1497 commemorat

482 1531 544 1586 1).
585 1529 726 1585 llase
755 1531 809 1585 in
840 1531 981 1586 notis
1016 1532 1131 1587 suis
1160 1532 1226 1586 ad
1255 1531 1530 1601 dialogum
1587 1547 1750 1601 quem
1796 1529 2008 1585 Manuel
2047 1526 2382 1598 Palaologus
2410 1526 2829 1597 Constantinop.
2860 1527 3156 1597 imperator
3183 1528 3412 1598 Ancyra
3440 1527 3494 1581 in
3527 1527 3739 1582 Galatia

479 1620 669 1674 habuit
687 1635 811 1674 cum
838 1621 1074 1691 quodam
1093 1619 1279 1685 Persa,
1305 1621 1371 1676 de
1400 1620 1716 1691 prastantia
1744 1618 2023 1690 religionis
2042 1614 2367 1671 ChriStiana
2399 1623 2453 1669 et
2470 1613 2705 1669 falsitate
2736 1614 3292 1673 fideiMahumetana.
3314 1633 3333 1667 ι
3358 1614 3737 1686 Amphilochia

476 1706 680 1769 Phatii,
720 1709 818 1774 ait,
848 1722 878 1763 a
910 1708 1098 1763 multis
1146 1708 1365 1763 laudata
1390 1717 1445 1763 et
1469 1717 1696 1773 tentata,
1731 1708 1826 1763 sed
1858 1706 1925 1760 ad
1950 1705 2053 1759 hoc
2082 1713 2296 1772 tempus
2326 1700 2439 1773 (an.
2469 1700 2631 1771 1807)
2664 1716 2946 1772 nunquam
2974 1703 3142 1769 edita,
3174 1710 3392 1758 exstant
3416 1702 3473 1758 in
3504 1711 3738 1773 quatuor

478 1797 638 1852 bonis
676 1799 962 1854 codicibus
994 1800 1339 1855 bibliotheca
1383 1799 1590 1855 Caesar.
1638 1796 1965 1853 Pnrisiensis
2003 1789 2407 1854 :Coisliniano,
2455 1796 2515 1842 n°
2552 1787 2658 1842 270
2688 1789 2908 1859 optima
2948 1798 3115 1858 nota,
3152 1789 3351 1846 Photio
3390 1788 3503 1845 fere
3531 1804 3735 1857 coavo,

474 1885 545 1940 de
575 1901 685 1954 quo
714 1884 1103 1944 Montefalcon.
1144 1885 1407 1943 Biblioth.
1437 1885 1600 1942 Coisl.
1631 1886 1807 1941 Paris.
1847 1885 1913 1938 17
1926 1882 2008 1948 l5,
2035 1897 2089 1951 p.
2130 1878 2268 1944 325;
2308 1877 2479 1931 altero
2509 1874 2701 1948 Regio,
2725 1894 2783 1932 η.
2805 1878 2965 1945 1928,
2999 1894 3124 1935 sae.
3161 1894 3249 1945 xt;
3282 1879 3442 1935 tertio
3470 1880 3599 1935 item
3630 1878 3738 1933 Re-

386 1962 391 1967 ’
474 1972 567 2041 gio
601 1972 760 2039 H29,
807 1972 1086 2043 descripto
1128 1988 1196 2027 ex
1244 1973 1371 2028 cod.
1404 1973 1610 2027 montis
1642 1972 1808 2037 Atho,
1848 1970 2008 2041 jussu
2025 1965 2317 2037 Chrysanti
2355 1962 2595 2029 Notara,
2635 1966 2730 2036 qui
2780 1975 2899 2020 erat
2944 1965 3344 2039 Hierosolymis
3394 1968 3736 2038 patriarcha,

475 2075 570 2115 an.
619 2061 759 2115 1717
791 2069 810 2130 (
828 2060 945 2116 Vid.
989 2059 1063 2114 Le
1089 2059 1285 2127 Quien,
1312 2060 1500 2115 Oriens
1521 2060 1720 2115 Christ.
1751 2058 1929 2115 Paris.
1966 2056 2126 2122 1740,
2154 2062 2193 2107 t.
2224 2051 2310 2117 Ill,
2335 2052 2443 2107 col.
2472 2051 2632 2122 526);
2660 2060 2877 2123 quarto,
2908 2069 2963 2108 n.
2992 2052 3077 2124 60⁸
3096 2054 3497 2125 Supplementi,
3523 2053 3737 2110 duobus

476 2143 663 2206 tomis,
699 2144 970 2213 descripto
1000 2158 1226 2199 avorum
1261 2153 1575 2200 nostrorum
1619 2151 1798 2208 atate,
1828 2157 1893 2197 ex
1936 2140 2104 2212 Regio
2135 2139 2296 2203 1228,
2318 2153 2483 2209 quem
2519 2154 2688 2209 supra
2712 2139 2823 2193 dixi
2865 2139 2999 2211 (j).s

552 2229 741 2285 Codex
778 2232 1073 2285 Vaticanus
1116 2230 1257 2285 l923
1306 2246 1464 2299 quem
1496 2230 1782 2300 sequimur
1825 2231 1968 2284 inter
2006 2228 2337 2298 quastiones
2406 2227 2896 2297 Amphilochianas
2926 2228 3148 2283 exhibet
3174 2243 3283 2284 non
3332 2243 3536 2299 paucas
3559 2226 3739 2283 Photii

477 2319 759 2390 epistolas,
785 2335 921 2388 quas
971 2319 1339 2376 Montacutius
1401 2319 1570 2375 veluti
1614 2319 1876 2389 epistolas
1912 2316 2100 2373 edidit.
2133 2312 2208 2368 Ut
2247 2314 2419 2369 series
2450 2314 2821 2384 quastionum
2875 2315 3263 2386 compleretur,
3309 2316 3571 2387 epistolas
3617 2316 3740 2372 illas

473 2422 541 2459 ex
576 2406 717 2461 libro
746 2406 1104 2476 epistolarum
1138 2407 1281 2460 inter
1301 2407 1633 2476 quaestiones
1654 2404 2138 2475 Amphilochianas
2161 2402 2544 2459 transtulimus
2570 2410 2625 2459 et
2650 2417 2751 2460 suo
2780 2402 2902 2460 loco
2925 2403 3233 2473 edidimus;
3268 2404 3530 2475 epistolas
3554 2413 3734 2461 autem

475 2494 737 2563 reliquas,
768 2503 828 2549 ut
860 2494 1045 2549 statim
1077 2494 1345 2558 dicemus,
1395 2508 1539 2548 novo
1566 2493 1759 2549 ordine
1789 2492 2191 2562 disposuimus.

544 2579 601 2635 In
650 2582 735 2636 his
775 2581 1173 2651 quastionihus
1215 2580 1690 2651 Amphilochianis
1741 2578 2041 2646 solvendis,
2081 2578 2312 2635 Photius
2364 2592 2473 2634 non
2519 2592 2737 2650 semper
2766 2594 2835 2635 ex
2882 2580 3108 2652 proprio
3155 2578 3306 2637 fonte
3347 2579 3736 2650 responsiones

476 2667 684 2732 hausit,
721 2668 815 2723 sed
843 2667 911 2722 ab
955 2668 1276 2723 auctoribus
1309 2669 1402 2738 qui
1440 2677 1568 2723 ante
1599 2668 1779 2739 ipsum
1812 2669 2157 2739 scripserunt
2197 2682 2294 2722 eas
2324 2674 2613 2722 mutuatus
2661 2674 2766 2723 est.
2801 2668 3137 2724 Theodoreti
3185 2668 3489 2739 prasertim
3533 2670 3736 2737 scripta

472 2756 700 2827 expilut,
735 2756 869 2826 quin
899 2772 1024 2811 eum
1056 2757 1344 2823 nominet;
1380 2756 1520 2813 alios
1572 2756 1897 2827 interpretes
1934 2755 1994 2811 S.
2030 2754 2330 2828 Scriptura
2359 2755 2429 2811 ad
2455 2755 2693 2811 litteram
2719 2758 3006 2827 exscribit,
3044 2756 3212 2813 tacito
3241 2772 3432 2814 eorum
3478 2758 3735 2824 nomine;

474 2843 722 2913 adeoque
750 2843 914 2914 plagii
946 2859 1073 2899 reus
1103 2859 1225 2899 esse
1257 2844 1495 2901 videtur.

538 2931 697 2987 Absit
722 2941 780 2987 ut
804 2931 1058 2986 Photium
1081 2931 1149 2986 ab
1172 2932 1321 2986 omni
1348 2932 1527 3003 plagio
1558 2932 1791 2988 liberum
1814 2948 1936 2990 esse
1960 2936 2159 3004 dicam,
2183 2955 2309 2995 eum
2340 2954 2371 2994 a
2402 2938 2551 2994 furto
2578 2938 2831 2994 excusari
2854 2952 2962 2993 non
2982 2936 3174 3007 possit,
3198 2936 3251 2992 id
3273 2936 3418 3007 quod
3439 2937 3492 2992 in
3515 2935 3735 2992 Petrum

477 3018 725 3074 Siculum
751 3020 1050 3085 commisit,
1077 3030 1136 3075 ut
1166 3021 1308 3075 infra
1344 3022 1660 3089 ostendam;
1689 3031 1743 3079 et
1774 3034 2036 3092 praterea
2056 3037 2290 3095 veteres,
2325 3026 2636 3099 suppressis
2667 3026 3008 3093 nominibus,
3037 3025 3479 3090 trauscribendo,
3505 3039 3726 3095 gravem

474 3109 849 3182 suspicionem
885 3109 952 3165 de
982 3110 1124 3165 bona
1164 3110 1270 3166 ﬁde
1296 3126 1397 3167 sua
1427 3112 1745 3167 omnimoda
1787 3113 2025 3169 excitet!

543 3220 910 3277 Nihilominus
944 3222 1012 3277 ad
1043 3220 1364 3278 elevandam
1407 3223 1815 3280 accusationem
1848 3223 1902 3279 in
1940 3225 2117 3293 ipsum
2143 3225 2309 3281 latam
2350 3224 2503 3295 facit,
2555 3225 2701 3298 quod
2728 3225 3063 3298 quastiones
3105 3240 3228 3296 qua
3268 3222 3738 3294 Amphilochiana

475 3310 841 3379 appellantur,
882 3324 992 3365 non
1032 3325 1225 3365 omnes
1252 3310 1323 3364 ab
1364 3309 1749 3380 Amphilochio
1780 3312 1885 3381 ipsi
1919 3314 2209 3384 proposita
2235 3313 2458 3381 fuerint,
2490 3316 2584 3371 sed
2614 3314 2682 3369 ab
2707 3314 2832 3370 aliis
2864 3314 2996 3369 viris
3039 3313 3155 3369 sive
3203 3311 3596 3368 ecclesiasticis
3622 3311 3738 3366 sive

470 3396 849 3461 sacularibus,
874 3396 967 3467 qui
998 3398 1053 3451 in
1082 3396 1433 3452 meditatione
1458 3413 1741 3453 sacrarum
1765 3398 2119 3468 Litterarum,
2138 3402 2221 3457 vel
2246 3402 2429 3457 studio
2458 3402 2740 3473 theologia
2761 3412 2857 3457 aut
2882 3402 3143 3466 historia,
3166 3400 3477 3467 haerebant;
3507 3399 3740 3469 ideoque

471 3499 541 3540 ex
572 3492 815 3556 tempore
851 3485 1182 3553 respondere
1216 3485 1425 3550 debuit,
1460 3485 1594 3553 quin
1638 3485 1705 3541 ad
1749 3486 2112 3559 indagandam
2144 3493 2428 3553 veritatem
2460 3491 2838 3549 necessarium
2872 3502 3087 3560 tempus
3127 3490 3373 3556 haberet,
3410 3505 3473 3545 ac
3505 3489 3738 3559 proinde

472 3573 708 3627 aliorum
752 3573 1060 3628 doctrinam
1091 3574 1145 3627 in
1177 3574 1397 3643 propria
1439 3588 1703 3643 responsa
1733 3575 2003 3632 derivare.
2032 3578 2169 3634 Cum
2206 3590 2417 3645 autem,
2457 3580 2514 3634 in
2541 3579 2768 3635 edendis
2798 3579 3103 3649 responsis,
3140 3578 3596 3649 interrogantium
3622 3577 3735 3631 uti-

471 3659 610 3714 litati
646 3661 887 3715 maxime
918 3660 1277 3730 prospiceret,
1309 3660 1607 3716 verisimile
1632 3677 1743 3716 non
1776 3672 1861 3718 est
1888 3678 2014 3718 eum
2040 3674 2170 3721 tunc
2196 3666 2401 3721 famam
2437 3667 2583 3722 docti
2624 3666 2943 3737 interpretis
2970 3666 3290 3731 ambivisse,
3324 3675 3417 3721 aut
3440 3681 3499 3721 se
3525 3665 3736 3720 meritis

473 3747 711 3802 aliorum
761 3763 961 3802 ornare
994 3748 1257 3805 voluisse.
1290 3746 1385 3804 llla
1427 3758 1586 3804 atate
1626 3749 1749 3804 libri
1799 3752 2040 3809 rariores
2087 3765 2244 3810 erant
2276 3770 2440 3825 quam
2477 3763 2537 3808 ut
2573 3756 2808 3825 quisque
2862 3757 2928 3810 ad
2973 3770 3068 3811 eos
3114 3753 3481 3809 consulendos
3524 3753 3737 3808 hortari

470 3848 688 3905 posset;
721 3852 828 3890 non
858 3837 1003 3891 enim
1039 3836 1285 3891 omnium
1325 3836 1584 3891 manibus
1614 3837 1971 3905 terebantur;
2012 3841 2107 3910 qui
2134 3858 2325 3897 eorum
2354 3842 2736 3898 auctoritatem
2771 3842 3033 3899 adhibere
3079 3840 3352 3912 cupiebat,
3396 3841 3515 3897 loca
3544 3855 3737 3896 eorum

471 3921 744 3978 laudanda
772 3924 1082 3979 necessario
1121 3924 1433 3983 exscribere
1459 3923 1713 3979 debebat.
1744 3923 1987 3981 Tandem
2022 3928 2109 3982 vix
2144 3929 2304 3989 credi
2364 3938 2544 4000 potest
2594 3928 2849 3986 Photium
2905 3931 2980 3985 ita
3034 3929 3360 4000 sibimetipsi
3404 3928 3642 3984 illusisse
3676 3933 3739 3981 ut

472 4019 716 4079 speraret
743 4020 951 4065 tantum
988 4011 1225 4081 plagium
1254 4021 1521 4080 quantum
1568 4010 1622 4065 in
1652 4012 1871 4081 scriptis
1909 4011 2242 4071 Theodoreti
2272 4018 2624 4074 commisisse
2654 4025 2993 4085 censeretur,
3036 4017 3132 4073 diu
3164 4016 3357 4073 doctos
3386 4015 3536 4071 viros
3566 4014 3739 4069 latere

468 4106 526 4152 et
555 4099 778 4168 impune
805 4098 1108 4168 perpetrari
1159 4098 1427 4167 potuisse.
1460 4096 1560 4153 His
1592 4098 1762 4169 igitur
1784 4100 1855 4155 de
1883 4102 2071 4159 causis
2096 4103 2326 4160 Photius
2357 4104 2706 4177 aliquatenus
2729 4121 2761 4160 a
2786 4105 2967 4177 plagio
3002 4105 3259 4161 excusari
3301 4118 3468 4176 posse
3495 4103 3736 4158 videtur.

540 4183 608 4239 Et
637 4187 753 4240 hac
795 4188 860 4240 de
890 4185 1288 4256 quaestionibus
1316 4186 1437 4254 ejus
1468 4186 1949 4255 Amphilochianis
1987 4189 2132 4246 dicta
2164 4192 2295 4248 sint.

544 4271 746 4327 Pratcr
775 4272 897 4328 illas
928 4274 1280 4341 qua-stiones,
1318 4272 1574 4327 volumen
1605 4274 1844 4343 primum
1876 4291 2107 4347 operum
2152 4274 2334 4331 Photii
2373 4277 2623 4333 continet
2646 4274 2955 4347 fragmenta
3001 4275 3280 4347 exegetica
3313 4273 3580 4345 ejusdem,
3613 4287 3742 4343 qua

471 4378 537 4419 ex
568 4361 780 4415 Catenis
802 4358 1030 4413 Patrum
1051 4360 1277 4415 collecta
1300 4368 1450 4425 sunt,
1481 4368 1535 4415 et
1557 4362 1829 4433 praecipue
1848 4364 2013 4419 breve
2043 4363 2511 4419 Commentarium
2541 4364 2597 4419 in
2619 4373 2866 4418 sanctum
2895 4362 3122 4429 Lucam,
3158 4378 3322 4434 quem
3348 4361 3499 4419 card.
3534 4361 3599 4415 A.
3629 4358 3743 4415 Mai

474 4456 688 4527 primus
731 4453 903 4510 edidit
930 4454 986 4507 in
1020 4453 1199 4523 prima
1229 4450 1469 4508 editione
1494 4453 1657 4522 primi
1708 4456 2008 4512 voluminis
2032 4455 2395 4512 Collectionis
2441 4455 2772 4525 scriptorum
2821 4464 3089 4511 veterum.

1440 4540 1527 4596 Vl.
1553 4572 1622 4581 —
1643 4542 1717 4597 De
1752 4546 1981 4598 secundo
2018 4544 2284 4599 volumine
2314 4543 2472 4613 hujus
2507 4542 2777 4598 editionis.

534 4629 850 4687 Secundum
882 4630 1136 4684 volumen
1171 4627 1333 4697 hujus
1375 4629 1634 4685 editionis;
1667 4632 1910 4687 continet
1936 4648 2101 4702 opera
2131 4632 2465 4702 dogmatica,
2500 4631 2826 4703 paranetica
2874 4639 2929 4685 et
2964 4629 3225 4685 historica
3270 4629 3471 4696 Photii,
3511 4638 3740 4698 excepta

470 4720 823 4785 Biblimheca,
873 4718 925 4773 id
959 4728 1043 4773 est
1076 4735 1090 4771 :
1126 4718 1330 4773 Contra
1374 4718 1698 4773 Manis/trees
1728 4719 1898 4775 libros
1932 4729 2192 4790 quatuor,
2239 4728 2294 4776 ct
2345 4719 2548 4775 librum
2574 4718 2651 4773 De
2681 4716 2918 4785 Spiritus
2961 4718 3138 4771 sancti
3168 4715 3529 4789 Mystagogia,
3555 4716 3742 4771 homi-

471 4809 573 4863 lias
598 4809 863 4877 quinque,
899 4807 1033 4861 odas
1077 4814 1210 4872 tres,
1252 4815 1306 4860 et
1358 4805 1727 4876 Epistolarum
1762 4808 1932 4861 libros
1976 4819 2108 4864 tres.

548 4894 625 4949 De
670 4904 908 4965 quatuor
953 4894 1110 4949 libris
1161 4903 1351 4948 contra
1391 4893 1745 4961 Manichaos,
1789 4911 1818 4948 a
1850 4896 2051 4965 quibus
2071 4894 2326 4949 volumen
2358 4892 2594 4958 orditur,
2637 4907 2951 4949 sermonem
2990 4892 3227 4963 primum
3256 4893 3625 4948 instituemus.

540 4985 766 5039 Constat
792 4982 1090 5037 Historiam
1125 4980 1548 5036 Manio/uvarum
1574 4998 1669 5038 seu
1710 4983 2173 5049 Paulicianorum,
2214 4998 2337 5052 qua
2385 4982 2441 5037 iu
2475 4981 2759 5037 codicibus
2785 4997 2919 5035 mss.
2958 4979 3120 5036 Petro
3173 4979 3360 5037 Siculo
3391 4982 3740 5047 inscribitur,

466 5081 523 5127 et
546 5072 649 5127 sub
681 5071 823 5125 Petri
865 5069 1086 5124 nomine
1133 5084 1165 5122 a
1209 5068 1271 5124 P.
1321 5068 1538 5124 Radero
1564 5070 1709 5125 edita
1749 5079 1852 5134 est,
1896 5070 2010 5126 fere
2029 5072 2112 5139 _'ad
2142 5071 2370 5126 verbum
2416 5084 2725 5125 consonare
2754 5084 2879 5123 eum
2919 5068 3060 5123 libro
3090 5069 3268 5139 primo
3296 5083 3461 5139 quem
3507 5068 3740 5123 Photius

467 5168 659 5214 contra
683 5157 1012 5211 Manichaos
1051 5156 1315 5211 exaravit.
1334 5157 1388 5211 Id
1416 5171 1542 5211 cum
1577 5157 1923 5213 observasset
1958 5158 2108 5213 card.
2146 5157 2212 5212 A.
2254 5157 2379 5225 Mai,
2426 5156 2713 5227 inquisivit
2756 5166 2938 5211 utrum
2983 5155 3178 5213 Petrus
3228 5157 3447 5213 Siculus
3481 5157 3742 5210 Photium

467 5247 839 5315 exscripserit,
866 5245 946 5300 vel
976 5260 1007 5298 e
1040 5259 1308 5299 converso
1332 5244 1559 5299 Photius
1582 5243 1823 5309 Petrum,
1860 5256 1914 5301 et
1945 5246 2231 5302 manifeste
2265 5246 2424 5301 l‘etro
2458 5244 2624 5309 favet,
2670 5245 2930 5301 Photium
2955 5244 3118 5316 plagii
3151 5243 3414 5299 indirecte
3439 5259 3733 5300 accusans.

547 5335 841 5392 Sententia
878 5334 1030 5389 card.
1066 5334 1172 5387 Mai
1213 5334 1481 5389 adhareo.
1513 5334 1581 5388 At
1609 5345 1739 5404 puto
1773 5337 2102 5403 quaestiones
2131 5334 2386 5405 restringi
2430 5334 2631 5389 debere
2662 5333 2731 5388 ad
2760 5332 3000 5402 primum
3047 5334 3252 5389 librum
3284 5330 3503 5400 Photii;
3543 5332 3719 5387 libro-

469 5439 593 5479 rum
636 5424 781 5478 enim
823 5424 1075 5488 secundi,
1108 5422 1249 5477 tertii
1290 5431 1344 5476 et
1380 5422 1560 5491 quarti
1590 5422 1732 5491 apud
1767 5421 2001 5477 Petrum-
2026 5423 2271 5479 Siculum
2314 5425 2521 5479 nullum
2556 5427 2800 5481 occurrit
2834 5427 3143 5496 vestigium.
3177 5428 3233 5483 Si
3266 5425 3515 5493 Photius,
3558 5426 3612 5480 in
3646 5424 3736 5481 his

468 5512 761 5566 cxarandis
786 5513 936 5567 libris
970 5510 1292 5582 plagiarium
1319 5511 1449 5580 egit,
1474 5521 1622 5565 certe
1655 5509 1818 5566 Petro
1839 5510 2024 5566 Siculo
2044 5510 2145 5566 hac
2168 5514 2222 5569 in
2251 5522 2403 5583 parte
2420 5513 2556 5568 nihil
2579 5513 2760 5581 debet,
2789 5515 2883 5570 sed
2908 5515 3062 5570 alteri
3099 5515 3357 5585 scriptori
3381 5515 3514 5569 mihi
3547 5515 3737 5583 ignoto

542 5648 602 5716 (ἱ)
625 5644 796 5716 Cptel.
817 5643 1162 5697 Monumenta
1187 5641 1390 5698 Eccles.
1412 5642 1630 5708 (ἕνωσιν,
1662 5652 1701 5697 t.
1721 5641 1813 5708 111,
1834 5658 1887 5712 p.
1913 5642 2038 5698 556.
2156 5640 2319 5716 ρπβ.
2369 5638 2732 5716 liase,_Paris_
2769 5640 2925 5716 18110.
2944 5670 3022 5716 _—-
3045 5634 3236 5716 Notice
3266 5640 3392 5716 diun
3425 5658 3648 5716 onvrage
3671 5644 3741 5698 de

542 5708 606 5788 tj)
648 5715 1274 5788 Rgecueildchmetnoires
1306 5732 1398 5788 sar
1434 5716 1710 5788 iii/ferenti
1732 5708 2049 5768 manuscn'ts
2159 5714 2469 5781 l’cmpereur
2514 5708 2728 5788 dianae!
2773 5712 3110 5788 l’nléologue,
3138 5713 3355 5788 int-itali:
3376 5729 3407 5788 ,ε
3434 5708 3734 5768 lintre-tiens

470 5782 630 5845 Greca
666 5786 730 5842 de
778 5786 832 5840 la
870 5784 1216 5851 bibliothéqne
1257 5782 1528 5854 t'nq.-ét'iulit
1560 5786 1620 5838 de
1663 5783 1889 5852 France,
1945 5799 2044 5855 par
2154 5799 2274 5838 avet:
2314 5799 2385 5836 un
2422 5782 2723 5849 profcsseur
2759 5783 3111 5851 ntuhontétan,
3168 5800 3291 5851 pag.
3324 5784 3416 5840 54.
