4134 6500
1434 410 1868 475 ῬΒΛΞΡΑΤΙΟ
1898 408 1981 470 ΙΝ
2015 405 2282 469 ΡΗΟΤΙΙ
2315 404 2597 466 OPERA.

2036 405 2282 468 ?HOTII
2315 404 2597 466 OPERA.
3593 417 3668 459 vn

457 532 617 605 Quod
662 532 729 589 ad
763 530 1000 603 primum
1029 527 1230 586 librum
1265 536 1461 582 contra
1500 526 1832 581 Manichaos
1859 530 2090 593 spectat,
2133 519 2313 575 sentio
2336 516 2594 573 letium
2625 515 2990 605 exscripsisse
3012 515 3309 575 Historiam
3342 516 3674 575 Manichaeo-

388 604 515 681 rum
549 640 580 678 a
608 622 773 677 Petro
799 619 986 675 Siculo
1014 614 1404 687 compositam;
1436 615 1599 684 idque
1640 613 1840 683 colligo
1887 626 1997 666 non
2026 624 2092 663 ex
2117 621 2183 664 eo
2208 614 2421 661 tantum
2456 605 2603 675 quod
2636 604 2833 662 Petrus
2861 605 3084 662 Siculus
3114 607 3312 662 Photio
3337 609 3529 663 senior
3564 619 3672 677 est,

388 713 665 783 siquidem
701 706 885 763 medio
918 705 1120 761 saculo
1154 718 1210 757 ιι
1240 701 1446 762 floruit.
1475 710 1537 756 ut
1567 701 1779 756 notavit
1808 698 2102 769 Mongitore
2144 694 2245 766 (De
2266 696 2515 763 scriptor.
2547 690 2773 783 Siculis,
2806 702 2848 749 t.
2893 692 2966 760 ll,
3001 709 3055 765 p.
3087 694 3211 765 158)
3236 695 3407 783 ;Ῠ(1υηι
3442 693 3675 751 Pbotius

388 782 569 869 usque
618 796 686 852 ad
733 796 870 850 fines
898 792 1143 865 ejusdem
1180 790 1366 846 saculi
1412 788 1668 846 ﬂoruisse
1687 789 1952 853 creditur,
1988 800 2183 856 nempe
2217 784 2286 839 ad
2348 798 2556 838 annum
2586 782 2687 837 891
2721 799 2736 849 ;
2769 783 2862 837 scd
2886 783 3053 838 etiam
3080 783 3210 852 quia
3248 782 3444 840 Petrus
3473 784 3527 839 in
3555 786 3675 854 ipsa

392 885 634 941 Historia
665 897 765 939 sua
796 887 989 936 narrat
1019 893 1081 935 se
1108 877 1434 932 relationem
1471 876 1619 931 illam
1662 876 1954 947 scripsisse
1998 882 2318 945 postquam,
2353 873 2501 927 circa
2545 869 2698 925 initia
2734 870 2886 941 regni
2921 869 3110 926 Basilii
3162 871 3510 942 imperatoris
3564 870 3674 928 CP.

390 974 447 1028 in
471 971 730 1026 Armenia
768 968 898 1025 etin
924 967 1061 1022 urbe
1087 964 1307 1020 Tibrica
1335 980 1364 1019 a
1399 963 1712 1019 Mauichais
1745 964 2033 1029 adilicata,
2063 964 2284 1034 publica
2308 962 2587 1033 legatione
2634 959 2863 1016 functus
2911 961 3126 1029 fuisset,
3154 970 3207 1016 et
3239 962 3667 1016 Manichaeorum

388 1062 646 1129 dogmata
675 1065 732 1114 et
763 1070 966 1122 mores,
997 1068 1240 1126 prasens
1268 1052 1573 1111 didicisset.
1600 1053 1716 1107 [mo
1753 1052 1820 1107 ad
1850 1051 2166 1123 episcopum
2205 1051 2473 1121 Bulgaria
2497 1051 2692 1107 scribit
2718 1066 2777 1107 se
2809 1050 2929 1119 ejus
2952 1049 3206 1120 precibus
3233 1059 3444 1104 motum
3478 1050 3671 1115 fuisse,

391 1162 455 1206 ut
492 1152 639 1207 illam
670 1148 958 1206 historiam
989 1153 1363 1215 componeret.
1390 1140 1606 1213 Ubique
1638 1140 1884 1212 loquitur
1912 1140 2082 1196 veluti
2123 1141 2378 1196 oculatus
2407 1140 2587 1205 testis,
2618 1150 2675 1195 et
2701 1141 2863 1212 quasi
2894 1155 2982 1196 res
3012 1148 3297 1195 enarratas
3327 1138 3442 1208 ipse
3466 1137 3673 1208 gessis~

389 1249 497 1294 set.
522 1238 699 1294 Totus
728 1238 894 1310 igitur
915 1242 1209 1291 contextus
1236 1230 1461 1286 Petrum
1496 1231 1745 1286 Siculum
1774 1229 1941 1285 veluti
1973 1229 2095 1285 libri
2130 1236 2411 1283 auctorem
2441 1228 2688 1284 exhibet.

468 1323 546 1379 Ea
575 1332 760 1379 autem
787 1337 911 1392 qua
937 1334 1129 1375 verum
1155 1326 1437 1372 auctorem
1467 1316 1757 1389 designant
1786 1316 1990 1371 omittit
2014 1314 2285 1384 Photius;
2319 1325 2516 1373 catera
2546 1316 2662 1374 fere
2687 1316 2757 1373 ad
2788 1315 3019 1373 verbum
3050 1315 3382 1372 transcribit
3412 1331 3428 1382 ;
3465 1327 3575 1383 qua
3606 1312 3677 1369 de

390 1427 565 1468 causa
596 1427 627 1465 a
650 1410 832 1482 plagio
859 1408 949 1464 vix
979 1405 1235 1462 excusari
1266 1413 1467 1477 potest.
2798 1426 2799 1429 η

470 1521 579 1575 Pro
601 1520 726 1589 jure
752 1516 897 1571 Petri
929 1514 1103 1571 Siculi
1132 1513 1343 1569 faciunt
1374 1513 1537 1569 etiam
1565 1522 1677 1568 tres
1700 1528 1988 1571 sermones
2019 1523 2207 1570 contra
2250 1514 2625 1579 Paulicianos,
2661 1530 2802 1586 quos
2826 1515 2977 1572 card.
3000 1517 3065 1571 A.
3124 1514 3227 1570 Mai
3259 1516 3471 1586 primus
3508 1513 3679 1571 edidit

395 1612 455 1665 in
484 1618 634 1665 torno
661 1606 729 1661 IV
764 1605 931 1663 Nova
963 1606 1312 1660 Bibliotheca:
1335 1603 1608 1670 Patrum;
1650 1604 1728 1659 illi
1774 1605 1919 1659 enim
1952 1619 2239 1661 sermones
2291 1605 2536 1661 historia
2565 1604 3007 1661 Paulicianorum
3041 1605 3221 1675 aliqua
3258 1607 3472 1660 ratione
3499 1608 3679 1661 coha-

402 1708 549 1763 rent,
572 1708 629 1752 et
652 1695 844 1751 eodem
879 1693 1159 1750 scribendi
1187 1707 1387 1763 genere
1410 1692 1663 1758 elucent;
1684 1692 1786 1748 etsi
1812 1694 1994 1763 quoad
2034 1692 2250 1763 copiam
2280 1692 2542 1749 doctrinae
2574 1702 2630 1750 et
2659 1695 2768 1749 vim
2810 1693 3083 1749 ratiocinii
3131 1693 3357 1747 minime
3388 1693 3673 1763 conspicui

399 1787 714 1839 videantur.
743 1783 887 1837 Sane
914 1781 1317 1851 aliquantulum
1359 1780 1485 1850 plus
1521 1779 1672 1834 nervi
1709 1787 1766 1834 et
1805 1780 2012 1851 vigoris
2056 1781 2290 1837 habetur
2321 1781 2374 1835 in
2406 1782 2562 1837 libris
2586 1796 2646 1847 ιι,
2686 1783 2747 1836 in
2772 1790 2827 1836 et
2858 1797 2911 1835 IV
2962 1778 3164 1846 Photii,
3204 1796 3370 1851 quam
3407 1783 3461 1835 in
3493 1781 3675 1837 tribus

402 1872 759 1929 sermonibus
788 1869 937 1925 Petri
984 1870 1189 1938 Siculi;
1223 1884 1540 1940 quanquam
1580 1883 1680 1923 nec
1729 1868 1851 1923 libri
1879 1868 2061 1925 Pbotii
2102 1870 2435 1940 aquiparari
2480 1871 2696 1942 possint
2744 1870 2902 1925 libris
2950 1885 3091 1940 quos
3120 1879 3312 1924 contra
3344 1868 3683 1924 Manichacus

400 1962 537 2015 olim
567 1960 859 2014 ediderunt
883 1958 1213 2022 Archelaus,
1251 1955 1538 2028 Didymus,
1570 1956 1878 2013 Alexander
1896 1956 2329 2030 Lyc0politauus
2351 1968 2405 2014 et
2437 1967 2661 2016 sanctus
2687 1961 3049 2031 Augustinus.
3083 1961 3344 2014 Attamen
3384 1958 3535 2014 omni
3556 1974 3685 2030 pre-
3778 2007 3782 2011 .

403 2050 485 2103 tio
506 2062 615 2103 non
644 2056 773 2101 sunt
794 2046 1064 2111 destituti,
1096 2046 1403 2116 prasertim
1433 2043 1563 2113 quia
1591 2052 1792 2099 statum
1819 2047 2211 2101 controversia
2239 2047 2333 2102 illa
2364 2056 2523 2102 atate
2553 2049 2771 2116 agitata
2796 2047 3105 2102 declarant.

478 2135 702 2191 Librum
732 2137 970 2206 primum
998 2136 1182 2191 Photii
1210 2134 1325 2206 jam
1356 2133 1569 2205 pridem
1601 2131 2005 2189 Graec-Latine
2036 2134 2282 2189 ediderat
2304 2133 2367 2189 D.
2422 2134 2498 2189 De
2528 2133 2880 2190 Montfaucon
2916 2136 2971 2189 in
3004 2133 3331 2189 Bibliotheca
3356 2149 3455 2190 sua
3481 2133 3685 2188 Cuisli-

401 2225 593 2278 niana.
627 2223 690 2279 D.
724 2223 984 2289 Wolﬁus,
1018 2224 1112 2295 qui
1142 2233 1380 2293 quatuor
1407 2221 1579 2277 libros
1600 2221 1765 2276 simul
1797 2222 1968 2277 edidit
1999 2221 2055 2276 in
2077 2224 2193 2278 suis
2229 2223 2533 2290 Anecdotis,
2567 2223 2979 2279 translationem
3010 2221 3262 2278 Latinam
3292 2221 3686 2279 Montfaueonii

404 2329 532 2380 qua
568 2312 746 2369 facilis
773 2324 829 2369 et
852 2313 1073 2384 elegans
1101 2318 1186 2368 est
1216 2311 1518 2383 adoptavit.
1542 2308 1744 2367 Tribus
1771 2310 1999 2380 reliquis
2020 2311 2180 2367 libris
2210 2312 2465 2382 apposuit
2511 2312 2926 2368 translationem
2964 2311 3257 2367 obscuram
3280 2318 3334 2367 et
3359 2326 3502 2382 sape
3534 2311 3690 2365 intri-

403 2410 588 2457 catam
621 2412 673 2457 et
703 2403 1048 2473 impeditam.
1281 2397 1284 2401 ’

481 2492 657 2548 Tanta
686 2492 994 2547 eruditione
1013 2492 1081 2547 de
1111 2491 1251 2547 libro
1272 2490 1449 2546 Photii
1480 2487 1832 2560 qui'Spiritus
1856 2487 2027 2543 sancti
2047 2485 2383 2557 Mystagogia
2412 2486 2751 2553 inscribitur,
2780 2484 3004 2542 disserit
3032 2486 3098 2541 D.
3149 2485 3573 2557 Hergcnratber
3593 2484 3690 2557 qui

404 2597 549 2651 opus
580 2581 685 2635 hoc
717 2580 931 2650 primus
958 2594 1106 2635 anno
1138 2578 1278 2635 i857
1301 2594 1368 2634 ex
1390 2577 1673 2633 codicibus
1695 2591 1831 2631 mss.
1863 2576 1919 2630 in
1948 2576 2224 2648 publicam
2257 2580 2433 2632 lucem
2463 2576 2711 2647 protulit,
2734 2589 2794 2631 ut
2819 2577 2887 2631 de
2917 2592 2984 2632 eo
3016 2578 3190 2632 multa
3234 2578 3505 2633 disserere
3529 2575 3693 2648 plane

404 2683 879 2741 supervacaneum
908 2669 998 2724 sit.
1278 2675 1282 2679 ‘
1832 2731 1846 2744 .
2698 2672 2699 2675 η

475 2759 731 2813 Attamen
772 2772 952 2827 opera
997 2755 1236 2827 pretium
1267 2755 1372 2810 erit
1404 2763 1459 2813 et
1530 2752 1620 2809 hic
1657 2766 2090 2809 commemorare
2115 2753 2473 2825 quaestionem
2512 2770 2679 2825 quam
2728 2754 3082 2813 doctissimus
3135 2755 3313 2811 editor
3361 2751 3692 2822 sibimetipsi

405 2845 721 2915 proposuit,
749 2860 817 2901 ne
857 2845 1075 2915 piorum
1109 2852 1324 2900 mentes
1354 2842 1584 2898 nimium
1611 2850 1979 2912 praoccupet.
2011 2838 2247 2912 lnquirit
2293 2858 2487 2914 nempe
2536 2854 2719 2899 utrum
2753 2846 2857 2901 sibi
2891 2846 3129 2910 licuerit,
3180 2857 3371 2903 necne,
3424 2842 3478 2895 in
3509 2840 3689 2895 lucem

409 2931 659 3002 proferre
708 2933 906 2989 librum
955 2933 1051 3003 qui
1097 2942 1293 2989 contra
1342 2934 1538 3002 dogma
1598 2931 1724 2985 fidei
1751 2938 1807 2985 et
1837 2930 2143 2985 doctrinam
2170 2929 2433 2985 Ecclesia
2465 2932 2742 3003 dirigitur,
2773 2941 2827 2989 et
2856 2932 3182 2987 alIirmative
3216 2929 3537 2999 respondet,
3574 2936 3691 2981 tum

407 3020 544 3090 quia
584 3030 906 3089 argumenta
938 3020 1120 3075 Photii
1148 3020 1407 3089 infirma,
1442 3018 1703 3074 omnibus
1728 3027 1886 3082 nota,
1916 3026 1972 3073 et
2011 3018 2220 3088 piurics
2244 3019 2478 3074 contrita
2509 3030 2657 3085 sunt,
2689 3030 2803 3075 tum
2832 3021 2961 3092 quia
2989 3037 3056 3076 ex
3081 3020 3313 3075 lectione
3354 3016 3543 3087 scripti
3578 3017 3694 3070 ori-

408 3107 635 3177 ginalis,
678 3108 904 3163 historia
950 3109 1340 3164 controversia
1390 3110 1564 3165 multo
1589 3107 1808 3163 facilius
1847 3105 2109 3162 elucidari
2148 3115 2345 3175 potest.
2383 3105 2438 3160 ld
2480 3108 2679 3162 merito
2709 3108 3000 3163 asseritur.
3031 3107 3297 3161 Praeterea
3349 3103 3403 3158 in
3432 3102 3690 3159 editionis

408 3210 532 3252 sua
568 3193 938 3250 defensionem
967 3195 1178 3265 profert
1207 3196 1516 3264 exemplum
1540 3200 1692 3251 card.
1722 3196 1789 3249 A.
1828 3193 1955 3261 Mai,
2020 3196 2111 3264 qui
2139 3194 2347 3265 scripta
2386 3195 2664 3267 Origcnis,
2719 3196 2925 3267 Didymi
2956 3234 2971 3261 ,
3019 3193 3293 3249 Theodori
3324 3190 3693 3262 Mopsuesteni

408 3290 472 3337 ct
503 3282 732 3337 aliorum
776 3283 1163 3339 haereticorum
1202 3298 1235 3339 e
1274 3283 1499 3340 latebris
1532 3284 1783 3340 codicum
1821 3283 1876 3337 in
1919 3283 2192 3354 publicam
2231 3283 2412 3339 lucem
2443 3287 2609 3339 traxit
2642 3285 2763 3340 sine
2789 3284 3096 3356 dispendio,
3122 3283 3234 3337 imo
3264 3296 3390 3337 cum
3439 3279 3691 3352 profectu

413 3370 687 3426 veritatis.
722 3371 788 3425 Et
815 3385 950 3426 sane
978 3386 1045 3426 ex
1074 3371 1359 3428 erroribus
1384 3371 1648 3428 obsoletis
1678 3372 1806 3444 quis
1838 3371 2228 3428 detrimentum
2261 3376 2521 3444 caperet?
2553 3374 2689 3442 Quis
2718 3375 2893 3445 decipi
2922 3372 3150 3445 posset?
3180 3371 3325 3439 Quis
3356 3387 3465 3427 non
3497 3370 3696 3426 trium-

417 3458 590 3528 phum
623 3459 871 3514 veritatis
900 3454 1199 3530 agnosciti,

492 3544 671 3615 Viget,
711 3546 966 3617 equidem
999 3545 1196 3611 fateor,
1237 3546 1505 3603 hactenus
1530 3546 1665 3603 falsa
1695 3547 1881 3619 opinio
1907 3547 2117 3614 Photii;
2151 3546 2247 3604 sed
2297 3551 2633 3622 argumentis
2666 3567 2698 3607 a
2730 3551 2927 3607 Photio
2949 3550 3178 3621 prolatis
3210 3548 3320 3620 iam
3352 3547 3448 3602 diu
3474 3545 3692 3602 defendi

414 3632 651 3689 minime
673 3642 872 3703 potest,
904 3649 1007 3690 nec
1028 3650 1217 3690 revera
1243 3633 1580 3692 defenditur.
1617 3633 2006 3691 Controversia
2029 3635 2176 3690 enim
2199 3651 2229 3690 a
2260 3636 2455 3693 Photio
2485 3641 2729 3694 excitata
2766 3648 2877 3694 tota
2902 3638 3231 3694 versabatur
3262 3637 3316 3691 in
3350 3634 3693 3708 argumentis

415 3736 547 3790 qua
566 3734 630 3776 ex
653 3722 870 3777 ratione
903 3722 1211 3794 theologica
1230 3721 1649 3793 depromuntur,
1667 3722 2039 3793 proponendis
2061 3733 2114 3779 et
2130 3726 2435 3795 agitandis;
2468 3729 2582 3784 hac
2606 3737 2789 3783 autem
2811 3725 3129 3797 disputandi
3146 3726 3304 3790 ratio,
3329 3733 3695 3794 praterquam

414 3809 567 3880 quod
597 3810 655 3864 in
684 3813 985 3866 scrutando
1012 3810 1274 3881 mysterio
1301 3810 1403 3867 SS.
1428 3810 1714 3866 Trinitatis
1752 3811 2054 3866 vanissima
2084 3821 2190 3878 est,
2219 3822 2332 3869 tota
2359 3822 2416 3869 et
2439 3815 2648 3886 integra
2682 3815 3024 3872 subvertitur
3079 3822 3135 3869 et
3160 3813 3413 3869 obruitur
3458 3812 3700 3866 auctori-

413 3907 536 3953 tate
585 3898 1085 3954 vetustissimorum
1134 3897 1362 3955 Patrum
1386 3901 1503 3971 qui,
1530 3899 1625 3954 diu
1661 3908 1788 3956 ante
1812 3900 1997 3956 Photii
2025 3910 2295 3971 tempora,
2325 3904 2690 3971 quastionem
2716 3904 2785 3960 de
2811 3901 3169 3975 processione
3199 3902 3439 3972 Spiritus
3467 3898 3640 3955 sancti
3663 3914 3695 3955 a

413 3986 585 4043 Patre
616 3994 672 4042 et
696 4001 729 4042 a
760 3984 925 4053 Filio,
976 4001 1073 4043 seu
1101 4002 1132 4042 a
1156 3984 1319 4043 Patre
1372 4002 1468 4058 per
1516 3987 1741 4057 Filium,
1776 3988 1925 4059 quod
1967 3988 2111 4043 idem
2153 3998 2259 4058 est,
2288 4006 2398 4046 non
2430 4000 2643 4048 tantum
2671 3993 2969 4064 agitarunt,
3004 3992 3100 4050 sed
3126 3992 3400 4064 expressis
3434 3992 3616 4048 verbis
3641 3993 3697 4047 in

424 4088 658 4128 sensum
698 4071 961 4129 Ecclesia
1005 4074 1362 4130 occidentalis
1412 4074 1765 4131 definierunt.
1800 4075 1873 4132 Ut
1898 4076 1966 4131 de
2000 4074 2102 4131 SS.
2131 4076 2390 4137 Patribus
2426 4080 2638 4139 Latinis
2692 4092 3000 4146 taceamus,
3044 4098 3281 4153 quorum
3316 4083 3697 4138 auctoritatem

420 4159 846 4231 praetermittere
866 4176 978 4216 non
1000 4169 1233 4231 possunt
1254 4161 1583 4229 Orientales,
1619 4171 1774 4219 certo
1802 4164 2008 4220 certius
2036 4173 2125 4222 est
2152 4176 2405 4223 sanctum
2433 4166 2822 4237 Athanasium,
2850 4177 3102 4225 sanctum
3127 4169 3415 4237 Basilium,
3446 4176 3701 4225 sanctum

420 4250 751 4320 Gregorium
777 4248 1109 4322 Nyssenum,
1136 4260 1390 4308 sanctum
1422 4251 1789 4323 Epiphanium
1812 4260 1867 4309 et
1891 4260 2140 4309 sanctum
2169 4254 2436 4327 Cyrillum
2467 4255 2923 4324 Alexandrinum,
2952 4257 3008 4312 in
3034 4268 3382 4314 antecessum
3407 4258 3703 4321 damnasse

420 4341 747 4412 opinionem
787 4354 820 4395 a
852 4340 1060 4398 Gracis
1080 4350 1481 4413 propugnatam
1509 4342 1577 4398 dc
1610 4345 1968 4415 processione
1994 4341 2235 4414 Spiritus
2261 4344 2436 4401 sancti
2460 4360 2491 4399 a
2521 4345 2642 4401 solo
2678 4343 2861 4401 Patre.

493 4452 731 4520 Quando
779 4461 1029 4510 veterum
1051 4451 1383 4523 scriptorum
1429 4452 1767 4520 testimonia,
1792 4440 1993 4509 Photio
2016 4453 2201 4522 ignota
2228 4461 2324 4508 aut
2344 4454 2415 4509 ab
2457 4456 2581 4526 ipso
2615 4455 2810 4512 callide
2835 4455 3182 4513 dissimulata
3207 4495 3224 4523 ,
3253 4455 3309 4511 in
3334 4456 3702 4512 controversia

417 4542 671 4612 primum
709 4541 924 4611 prolata
955 4541 1201 4607 fuerunt,
1228 4541 1617 4598 intellexerunt
1638 4541 1957 4598 schismatis
1977 4541 2216 4613 patroni,
2235 4551 2560 4613 argumenta
2583 4541 2764 4600 Photii
2797 4559 2925 4601 vere
2970 4545 3116 4600 lutea
3144 4553 3199 4599 et
3225 4545 3521 4600 straminea
3557 4559 3704 4610 esse,

419 4638 478 4685 et
513 4630 583 4683 ad
614 4638 974 4685 monumenta
1005 4630 1316 4687 traditionis
1341 4630 1447 4687 sibi
1468 4630 1864 4685 recurrendum
1902 4644 2048 4695 esse,
2072 4644 2185 4700 quo
2219 4630 2607 4687 auctoritatem
2624 4641 2870 4688 veterum
2910 4632 3019 4688 sibi
3062 4632 3474 4689 adversantium
3519 4631 3703 4687 elude-

421 4726 570 4773 rent.
591 4717 750 4784 Quod
780 4732 905 4774 cum
940 4719 1076 4789 ipsis
1119 4734 1219 4790 pro
1264 4719 1411 4775 votis
1448 4734 1560 4774 non
1599 4720 1838 4783 cederet,
1878 4717 2197 4774 testimonia
2218 4734 2251 4774 a
2281 4719 2572 4777 catholicis
2602 4721 2828 4777 laudata
2863 4736 2895 4778 e
2927 4721 3215 4778 codicibus
3240 4722 3445 4792 passim
3475 4721 3703 4775 eradere

422 4814 739 4875 caperent,
768 4814 830 4860 ut
875 4806 1255 4863 controversia
1304 4808 1371 4862 de
1406 4806 1765 4878 processione
1795 4805 2036 4877 Spiritus
2089 4808 2268 4864 sancti
2312 4808 2369 4864 in
2413 4812 2854 4868 controversiam
2894 4811 2963 4867 de
3009 4811 3426 4867 authenticitate
3454 4809 3705 4865 codicum

422 4902 759 4947 verteretur.
797 4892 906 4950 Sed
939 4894 1068 4965 quia
1103 4908 1298 4950 omnes
1328 4892 1551 4951 codices
1574 4908 1930 4965 corrumpere
1960 4908 2073 4949 non
2114 4906 2431 4967 potuerunt,
2469 4913 2574 4956 nec
2604 4900 2787 4957 omnia
2833 4910 3080 4956 veterum
3132 4899 3360 4956 Patrum
3392 4899 3706 4955 testimonia

422 4981 539 5039 sibi
586 4983 865 5039 contraria
898 4984 1142 5051 eradere,
1196 4994 1522 5056 argumenta
1561 4998 1595 5039 a
1618 4983 1908 5041 catholicis
1950 4982 2161 5055 prolata
2211 4985 2477 5043 invictum
2518 4989 2766 5061 vigorem
2796 4990 3171 5054 retinuerunt,
3206 4998 3262 5045 et
3301 4986 3564 5058 iniquitas
3591 4988 3707 5044 visa

424 5078 511 5126 est
550 5071 877 5140 sibimetipsi
901 5072 1141 5131 mentiri.
1171 5072 1284 5129 Has
1316 5072 1732 5129 vicissitudines
1752 5074 1869 5144 jam
1910 5073 2158 5129 subierat
2204 5077 2587 5134 controversia
2620 5080 2803 5135 medio
2831 5080 3035 5137 sacqu
3064 5095 3187 5145 xm,
3222 5087 3279 5134 ut
3314 5079 3505 5133 videre
3531 5086 3618 5133 est
3650 5077 3706 5133 in

424 5160 659 5224 scriptis
706 5159 1010 5215 doctissimi
1066 5167 1122 5217 et
1167 5160 1515 5217 celeberrimi
1567 5157 1757 5225 Vecci,
1802 5160 2132 5231 patriarcha
2186 5161 2811 5238 Constantinopolitani,
2842 5167 2936 5239 qui
2966 5183 3067 5239 pro
3107 5167 3314 5224 unione
3335 5166 3704 5225 ecclesiarum

426 5261 601 5317 quam
632 5247 784 5301 cordi
814 5246 1071 5315 habebat,
1103 5248 1276 5304 multa
1304 5248 1567 5319 praclare
1594 5248 1815 5318 scripsit
1846 5246 1943 5319 (lt),
1971 5263 2072 5305 nec
2110 5265 2310 5321 parvas
2334 5253 2677 5311 calamitates
2699 5263 2755 5311 et
2780 5254 3192 5326 persecutiones
3214 5269 3411 5326 passus
3440 5266 3546 5310 est.

501 5340 812 5407 Postquam
851 5336 1096 5395 fautores
1118 5339 1439 5396 schismatis
1466 5354 1648 5409 neque
1694 5340 1972 5410 corruptis
2011 5340 2299 5400 codicibus
2331 5341 2567 5400 feliciter
2590 5344 2707 5414 jam
2745 5360 2992 5416 pugnare
3015 5354 3264 5415 possent,
3300 5345 3368 5400 ad
3398 5345 3708 5402 incredibi-

429 5429 516 5483 les
548 5426 883 5482 subtilitates
916 5435 973 5483 et
1002 5428 1286 5484 inauditas
1332 5427 1803 5499 aquivocationes
1848 5428 2237 5500 confugerunt,
2273 5448 2513 5504 quarum
2538 5435 2844 5505 pracipuas
2890 5432 3027 5505 ipsis
3054 5433 3708 5506 suppeditavitGeorgiut

432 5513 697 5585 Cyprius,
737 5526 865 5584 post
913 5513 1151 5570 Veccum
1186 5514 1505 5586 patriarcha
1538 5515 2219 5588 Constantinopolitanus,
2268 5530 2325 5576 et
2351 5521 2598 5591 ejusdem
2636 5520 2798 5578 Vecci
2838 5522 3153 5594 pracipuus
3196 5524 3570 5581 adversarius.
3608 5522 3707 5579 Ser

429 5620 621 5676 neque
654 5606 772 5661 hac
800 5616 1123 5677 argumenta
1146 5606 1332 5663 virum
1364 5621 1396 5664 a
1440 5606 1626 5665 studio
1676 5606 1916 5679 partium
1957 5607 2199 5668 alienum
2234 5625 2458 5668 movere
2507 5625 2750 5681 unquam
2790 5620 3049 5682 poterunt
3088 5630 3100 5665 :
3132 5627 3263 5683 ergo
3302 5612 3478 5670 multo
3530 5613 3708 5669 minus

428 5702 763 5767 argumenta
794 5694 999 5750 Photii.

504 5831 580 5903 (Β)
602 5831 882 5902 Praecipua
915 5830 1035 5903 ejus
1063 5818 1265 5903 scripta
1288 5829 1505 5903 collegit
1537 5828 1772 5888 Allatius
1801 5830 1858 5891 in
1893 5831 1917 5885 Ι
1956 5839 2011 5887 et
2037 5828 2082 5886 ll
2116 5844 2231 5887 sua
2260 5828 2477 5887 Graecia:
2506 5826 2813 5891 orthodoxa:
2845 5836 3017 5889 tomo,
3050 5825 3239 5883 Roma
3266 5826 3424 5883 1656.
