4134 6486
1303 367 1705 430 PR/EFATIO
1745 366 1826 429 IN
1860 364 2129 427 ΡΠΟΤῙΙ
2172 365 2450 427 OPERA.

1875 365 2129 427 ΡΠΟΤῙΙ
2172 365 2450 427 OPERA.
3451 372 3507 414 ΙΧ

230 485 365 543 bene
394 485 627 544 selectis.
658 484 994 557 Opusculnm
1036 484 1141 538 hoc
1180 483 1565 539 brevissimum
1627 483 1835 552 primus
1890 481 1944 535 lu
1984 481 2161 535 lucem
2193 482 2462 549 protraxlt
2522 478 2757 536 Foutani
2786 481 2866 551 (in
2901 477 3064 534 Novis
3092 476 3305 533 deliciis
3330 479 3513 531 erudi-

233 584 430 639 torum,
454 582 493 629 t.
525 572 587 638 i,
635 590 691 643 p.
724 572 841 638 20),
878 574 973 643 qui
1018 586 1144 626 cum
1189 571 1375 625 lurore
1409 569 1805 633 JanseniStico,
1829 578 1885 622 et
1908 569 2149 638 pessimo
2181 569 2395 624 inlluxu
2447 569 2628 639 legum
2677 570 3225 625 autichristianarum
3260 568 3513 623 obctrca-

234 669 406 726 retur,
457 661 633 715 eidem
687 662 895 715 addidit
937 658 1315 730 praefationem
1353 668 1409 712 et
1457 667 1636 721 notas,
1686 671 1796 711 non
1846 668 2060 713 tantum
2112 658 2423 725 sacerdote,
2481 658 2576 713 sed
2636 660 2834 730 quovis
2875 660 3191 715 Christiano
3235 658 3512 728 indignas.

230 750 333 805 Eas
388 750 588 806 nullius
614 750 785 821 l'rugis
815 765 936 805 esse
967 748 1324 813 credidimus,
1365 762 1429 802 ac
1459 747 1686 817 proinde
1718 748 2044 815 abjecitnus.

294 838 505 893 (ἔξιθι-ιι
561 840 766 910 scripta
801 838 1068 895 canonica
1100 836 1282 893 Photii
1320 836 1517 891 merito
1556 836 1741 890 laudat
1774 835 2133 894 doctissimus
2168 836 2222 892 J.
2251 837 2313 893 S.
2340 837 2629 893 Assemani
2675 838 2728 893 in
2755 836 2890 892 lure
2930 852 3030 891 sun
3062 853 3185 890 catt.
3224 834 3512 895 Orientali,

237 940 273 982 t.
299 924 351 991 l,
384 942 439 996 p.
474 926 545 981 35
571 934 626 983 et
680 944 828 998 seq.,
873 927 964 981 ubi
998 925 1240 982 ostendit
1267 925 1459 992 quanti
1500 924 1617 980 haec
1650 925 1851 994 scripta
1900 926 2088 982 fecerit
2125 929 2437 991 Balsamon,
2489 927 2725 999 insignis
2771 927 3085 982 Graecorum
3117 925 3429 988 canonista,
3459 932 3516 978 et

232 1023 336 1068 tota
379 1013 630 1070 Ecclesia
666 1015 991 1079 Orientalis,
1050 1029 1175 1084 quae
1218 1014 1275 1068 in
1332 1013 1534 1068 tuenda
1588 1013 1878 1078 disciplina
1927 1016 2340 1079 ecclesiastica,
2396 1015 2670 1085 praecipue
2717 1014 3001 1070 codicibus
3048 1013 3251 1078 Photii,
3298 1013 3510 1067 ctrteris

232 1103 514 1171 neglectis,
556 1119 652 1158 usa
675 1112 782 1159 est.
824 1103 1083 1159 Notitiam
1125 1101 1414 1158 Assemani
1449 1101 1688 1172 complet
1721 1092 1968 1170 praal'alio
2009 1119 2039 1158 a
2073 1103 2228 1158 card.
2262 1101 2367 1158 Mai
2416 1102 2759 1174 Syntagmati
2791 1102 3100 1173 praunissa,
3144 1116 3310 1171 quam
3342 1102 3513 1155 lector

233 1204 327 1241 suo
362 1188 489 1243 loco
513 1190 769 1258 reperiet.

298 1276 362 1330 Et
385 1278 505 1333 haec
530 1278 603 1333 de
635 1275 817 1333 lelii
850 1276 1074 1346 scriptis
1103 1291 1134 1331 a
1174 1274 1337 1331 nobis
1367 1275 1530 1331 editis
1561 1274 1709 1329 dicta
1736 1275 1867 1330 sint.

298 1363 454 1421 Nunc
480 1364 550 1421 de
571 1364 893 1435 depcrditis,
923 1363 1327 1434 prmtermissis,
1357 1362 1597 1428 inedilis,
1620 1371 1716 1418 aut
1742 1361 1879 1418 falso
1898 1365 2334 1435 ascriptislihris
2357 1379 2529 1435 pauca
2557 1363 2900 1419 admouenda
2926 1371 3245 1432 supersunt.

902 1471 1034 1528 Vill.
1067 1500 1138 1514 —-
1172 1472 1244 1527 De
1274 1471 1519 1541 operibus
1552 1471 1728 1528 Photii
1757 1472 2065 1542 deperditis,
2112 1475 2483 1543 prtelermissis
2513 1482 2563 1527 et
2592 1473 2830 1526 inedilis.

298 1560 350 1614 l°
382 1559 619 1617 Pliotius
661 1562 882 1633 scripsit
911 1572 1031 1616 acta
1076 1561 1266 1616 ﬁctilia
1302 1558 1525 1614 concilii
1554 1560 1918 1625 meumenici,
1950 1563 2096 1631 quod
2140 1577 2418 1631 nunquam
2446 1570 2807 1615 ronvocatum
2844 1559 2965 1614 l'nil.
3012 1558 3082 1613 lis
3117 1560 3265 1614 mille
3292 1559 3514 1615 circiter

238 1649 663 1720 subscriptiones
703 1650 861 1705 ﬁctas
900 1649 1127 1715 addidit,
1158 1657 1219 1702 ul
1245 1655 1439 1703 narrat
1460 1647 1787 1701 Anastasius
1818 1646 2274 1703 Bibliothecarins
2298 1663 2463 1718 supra
2493 1648 2770 1701 laudatus.
2797 1647 2889 1699 Illa
2914 1655 3032 1700 acta
3062 1662 3187 1699 cum
3219 1648 3272 1699 in
3295 1647 3512 1701 duobus

236 1737 509 1793 codicibus
554 1737 982 1809 elegantissimis
1031 1746 1088 1792 et
1132 1735 1367 1807 depictis
1422 1734 1625 1805 scripta
1671 1734 1925 1802 fuissent,
1952 1737 2006 1789 in
2056 1736 2293 1790 concilio
2337 1749 2431 1790 rut
2479 1735 2697 1805 publice
2743 1732 2979 1788 ﬂammis
3020 1733 3215 1788 tradita
3258 1747 3409 1799 sunt,
3450 1751 3515 1791 ac

239 1827 454 1896 proinde
483 1842 597 1881 non
627 1835 868 1883 exstant.

296 1912 351 1967 2°
374 1911 610 1967 Photius
631 1927 695 1967 ex
724 1912 903 1982 capite
932 1924 1037 1967 suo
1094 1911 1405 1980 composuit
1435 1911 1571 1966 Acta
1606 1908 1825 1966 concilii
1856 1908 2000 1979 quod
2043 1908 2196 1979 lingit
2226 1923 2370 1963 anno
2403 1908 2508 1963 878
2541 1908 2871 1963 celebratum
2902 1908 3073 1964 fuisse
3107 1924 3294 1963 coram
3322 1909 3515 1980 legatis

241 1998 454 2053 Romani
494 1998 774 2069 pontificis
808 2008 861 2053 et
891 2008 1211 2054 ctelerorum
1234 1998 1668 2067 patriarcharum
1697 1996 1936 2053 Orientis
1962 2006 2013 2050 et
2049 1994 2289 2066 Egypti.
2315 1996 2636 2065 Quanquam
2677 2007 2807 2050 tunc
2842 1996 3085 2065 synodus
3123 1996 3305 2050 habita
3328 1997 3511 2058 fuerit,

240 2097 373 2141 certo
394 2088 606 2141 certius
635 2101 699 2141 ea
723 2086 953 2140 minime
981 2086 1095 2157 egit
1118 2085 1204 2140 vel
1235 2086 1507 2153 toleravit,
1540 2101 1662 2156 qua:
1685 2100 1804 2138 eam
1836 2085 2009 2152 egisse
2037 2096 2092 2139 et
2119 2086 2385 2139 tolerasse
2418 2094 2603 2139 narrat
2630 2083 2881 2139 letius.
2902 2083 3052 2139 lianc
3078 2086 3258 2139 Photii
3283 2087 3517 2155 pseudo-

242 2176 491 2245 synodutn
522 2173 706 2230 Graeci
737 2189 837 2244 pro
865 2183 1064 2229 octavo
1089 2174 1327 2229 concilio
1365 2174 1709 2229 oecumenico
1749 2174 1968 2237 habent,
2012 2174 2294 2242 repudiato
2335 2182 2528 2227 octavo
2575 2172 2813 2228 concilio
2846 2187 3006 2239 vero,
3031 2173 3083 2226 in
3129 2189 3241 2242 quo
3286 2174 3516 2229 l’hotius

242 2261 503 2330 depositus
531 2269 598 2315 et
624 2262 1137 2316 excommunicatus
1161 2272 1267 2317 est.
1296 2260 1553 2315 Nonnulli
1586 2271 1765 2315 tamen
1799 2276 1899 2315 nec
1924 2277 2111 2315 verum
2142 2263 2437 2316 cont-ilium
2469 2278 2588 2325 vnt,
2611 2263 2742 2316 anni
2765 2261 2892 2325 869,
2922 2278 3026 2317 nec
3053 2261 3300 2325 ﬁctilium
3334 2263 3513 2317 Photii

244 2348 468 2402 anni878
494 2357 848 2418 receperunt,
888 2348 1153 2418 siquidem
1173 2350 1443 2420 synodum
1467 2348 1834 2403 Florentinam
1851 2350 2250 2403 (nolunt-nicum
2291 2348 2584 2405 concilium
2610 2358 2862 2403 octavum
2890 2349 3181 2417 appellent.
3217 2349 3307 2404 Sic
3338 2367 3518 2420 neque

245 2436 437 2490 concilii
468 2434 865 2506 Lugdunensis
895 2452 956 2503 ιι,
983 2452 1083 2492 nec
1114 2435 1458 2499 ViennenSis,
1481 2451 1584 2491 nec
1602 2436 2047 2493 Lateranensium
2070 2440 2230 2491 ullam
2248 2440 2518 2493 rationem
2543 2438 2774 2502 habent;
2803 2437 2897 2491 sed
2928 2437 3208 2492 immerito
3253 2449 3314 2494 ut
3346 2450 3512 2509 patet.

310 2525 431 2578 Arta
459 2527 869 2596 pscudosynodi
902 2525 1077 2581 Photii
1112 2527 1242 2581 anni
1265 2526 1391 2591 878,
1421 2527 1524 2582 etsi
1559 2526 1743 2582 ﬁctilia
1775 2527 1907 2590 sint,
1932 2542 1997 2580 ex
2029 2529 2218 2581 codice
2256 2526 2540 2589 Vaticano,
2560 2542 2685 2581 cum
2715 2526 3081 2595 permissione
3111 2526 3406 2584 Clementis
3426 2529 3531 2593 X|,a

249 2622 300 2666 ut
338 2631 496 2685 supra
524 2617 643 2685 jam
683 2615 1014 2681 notavimus,
1048 2631 1079 2670 a
1110 2614 1172 2671 P.
1202 2614 1483 2671 Harduino
1528 2615 1671 2672 edita
1718 2626 1884 2680 sunt;
1935 2615 2027 2670 sed
2081 2617 2209 2684 quia
2247 2616 2389 2669 inter
2428 2614 2565 2670 Acta
2597 2614 2952 2669 cenciliornm
3004 2616 3279 2684 pronriam
3333 2619 3516 2672 sedent

254 2702 456 2762 habrnt.
481 2717 531 2756 et
567 2704 645 2757 ab
674 2704 863 2757 iisdem
896 2704 1107 2772 seiungi
1146 2720 1255 2757 non
1292 2711 1542 2773 possunt,
1587 2705 1774 2758 eadem
1812 2703 1902 2759 hic
1963 2703 2433 2773 pra:termis:mus.
2469 2700 2671 2773 Supra,
2699 2703 2865 2756 variis
2896 2705 3237 2773 argumentis
3266 2707 3516 2760 ostendi-

249 2806 356 2843 mus
376 2789 508 2844 Acta
542 2791 637 2844 illa
669 2806 774 2844 non
803 2791 1065 2861 genuina,
1092 2791 1187 2846 sed
1217 2806 1362 2845 mere
1388 2790 1576 2846 ﬁctilia
1608 2805 1755 2847 esse.

310 2880 364 2934 5⁸
390 2879 565 2932 l’hotii
605 2876 922 2949 Synagogen
944 2895 1209 2931 canonum
1237 2879 1531 2935 omisimus
1578 2878 1650 2934 ob
1692 2892 1890 2934 causas
1920 2894 2059 2948 quas
2089 2894 2254 2949 supra
2284 2878 2665 2949 allegavimus.

315 2968 369 3020 6⁸
399 2966 634 3021 Photius
672 2967 895 3035 scripsit
931 2966 1187 3020 humilius
1238 2966 1505 3035 plurimas
1541 2982 1777 3036 quorum
1818 2967 2107 3021 elenchum
2154 2983 2219 3021 ex
2256 2967 2591 3022 Combeﬁsio
2627 2968 2921 3024 edidimus.
2981 2965 3290 3033 Quominus
3324 2984 3521 3026 omnes

250 3055 519 3107 sileremus
550 3052 706 3106 nulla
739 3052 845 3106 alia
876 3067 1046 3106 causa
1083 3051 1207 3117 fuit,
1247 3069 1412 3122 quam
1447 3054 1593 3122 quod
1621 3054 1830 3107 nullum
1870 3055 2149 3124 exemplar
2176 3070 2366 3109 earum
2404 3057 2567 3111 nobis
2594 3071 2914 3125 comparare
2954 3058 3315 3126 potuerimus.

313 3140 365 3195 5°
394 3139 632 3195 Photius
660 3139 862 3195 dicitur
891 3140 959 3194 de
985 3140 1135 3193 cultu
1174 3139 1273 3194 SS.
1307 3140 1603 3210 imaginum
1639 3143 1951 3212 scripsisse,
1977 3143 2068 3197 sed
2101 3142 2345 3211 ejusdem
2378 3144 2566 3214 scripti
2593 3144 2802 3197 nullum
2829 3146 3118 3214 vestigium
3145 3144 3349 3208 inveni,
3384 3161 3535 3213 prae—-

252 3228 556 3283 ti-rtitulum
583 3236 942 3296 sequentem,
969 3244 1130 3297 quem
1164 3227 1415 3291 Bandini,
1448 3231 1500 3282 in
1538 3228 1720 3283 Catal.
1757 3230 1999 3285 biblioth.
2029 3230 2287 3288 Laurent.
2324 3233 2565 3286 Florent.
2607 3245 2644 3286 t.
2684 3234 2727 3299 l,
2762 3250 2815 3304 p.
2855 3234 2985 3295 454,
3022 3235 3214 3289 reeitat
3243 3237 3529 3309 εΧρήσεις

256 3318 376 3371 κατὰ
411 3318 809 3388 Εἰκονομάχων
845 3319 911 3370 ὲκ
944 3317 1053 3370 τῶν
1077 3317 1527 3389 συγγραμμάτων
1574 3318 1900 3390 Νεκηφόρου
1948 3322 2043 3373 καὶ
2089 3321 2320 3386 Φωτιου,
2352 3320 2462 3373 τῶν
2507 3322 2863 3393 πατριαρχῶν
2895 3325 3523 3390 Κωνσταντινουπόλεως

254 3406 333 3457 καὶ
360 3405 640 3477 Θεοδώρου
671 3404 953 3460 Στυδίτου.
1002 3404 1143 3461 Hinc
1163 3420 1297 3461 sane
1326 3421 1486 3461 nemo
1520 3408 1735 3476 colliget
1761 3407 1886 3462 l’hol

1902 3409 2011 3461 ium
2041 3423 2106 3462 ex
2153 3408 2418 3464 industria
2448 3409 2514 3463 de
2541 3410 2789 3464 colendis
2824 3410 3161 3481 imaginibus
3202 3412 3528 3483 scripsisse.

256 3491 378 3548 Fieri
404 3493 551 3548 enim
588 3493 773 3563 potuit
809 3502 871 3549 ut
903 3507 971 3549 ex
1002 3493 1163 3549 libris
1192 3508 1332 3564 quos
1362 3495 1430 3549 de
1458 3494 1566 3549 alio
1596 3506 1923 3565 argumento
1946 3507 2288 3562 exaraverat,
2320 3497 2447 3567 quis
2471 3498 2715 3568 Ιχρήσεις
2739 3497 2862 3551 illas
2888 3499 3279 3568 composuerit.

311 3580 364 3635 6°
390 3581 591 3637 Nescio
627 3596 697 3636 an
734 3596 766 3635 a
792 3580 935 3637 libro
969 3598 999 3637 a
1023 3581 1289 3638 ‘Bandino
1327 3589 1514 3638 notato
1538 3583 1788 3639 diversus
1822 3585 1893 3638 sit
1917 3586 2006 3638 ille
2038 3600 2199 3654 quem
2235 3585 2583 3649 Lambecius,
2609 3585 2660 3639 in
2692 3584 2982 3641 Comment.
3028 3587 3080 3639 in
3116 3585 3255 3640 Bibl.
3294 3584 3529 3645 Vindob.

253 3670 324 3726 ed.
358 3669 684 3733 Kollurii,:‘t.
718 3667 888 3740 Νη).
921 3670 1053 3734 535,
1084 3671 1152 3726 ad
1176 3671 1301 3727 cod.
1333 3671 1463 3736 157,
1503 3671 1637 3737 n.5,
1664 3673 1741 3727 ita
1781 3672 1885 3726 exh

1897 3671 2004 3727 ibet
2031 3691 2044 3727 :
2075 3673 2283 3727 Φωτίου
2314 3673 2657 3744 πατριάρχου
2680 3674 2775 3726 καὶ
2801 3671 3082 3743 Θεοδώρου
3116 3673 3209 3726 τοῦ
3242 3674 3529 3730 Στυδίτουν·

257 3756 417 3811 Εἰκὼν
440 3756 666 3827 λέγεται
704 3758 859 3830 παρὰ
882 3758 942 3811 τὸ
981 3758 1158 3812 ἔοικεν
1178 3758 1340 3821 σξᾶλλο
1366 3758 1426 3812 δὲ
1478 3760 1685 3831 φυσικὴ
1734 3758 1889 3813 εἰκὼν

1908 3800 1922 3822 ,
1959 3762 2053 3813 καὶ
2089 3761 2219 3816 ἄλλο
2269 3763 2544 3833 μιμητική
2577 3777 2590 3790 ·
2629 3779 2684 3817 κ.
2724 3779 2775 3814 τ.
2798 3762 2851 3815 λ.
2915 3780 2933 3813 ι
2972 3762 3152 3817 Photii
3198 3765 3535 3831 patriarchas

253 3845 346 3900 ΕΡ.
368 3855 421 3901 et
463 3847 741 3902 Theodori
766 3845 996 3901 Studitc
1042 3847 1357 3903 testimonia
1390 3848 1458 3899 de
1478 3847 1653 3901 sacris
1684 3846 2011 3918 imaginibus
2040 3849 2182 3903 etde
2207 3848 2517 3903 diﬂerentia
2552 3848 2696 3903 inter
2717 3862 2905 3905 sacras
2934 3850 3199 3921 imagines
3221 3860 3275 3905 et
3300 3853 3464 3909 idola.
3496 3872 3525 3907 s

315 3933 369 3985 7°
396 3934 665 3988 Senebier
692 3933 746 3987 in
774 3932 1068 4004 Catalogue
1097 3934 1347 3988 raisonné
1377 3934 1468 3989 des
1490 3935 1812 3988 manuscrits
1838 3935 1900 3989 de
1931 3936 2150 4002 Genére,
2190 3953 2241 4008 p.
2268 3937 2359 4003 42,
2393 3936 2613 3992 Genéve
2637 3936 2776 3992 1779
2802 3939 2913 4007 (ap.
2945 3935 2996 3991 J.
3028 3938 3093 3992 A.
3124 3937 3340 3994 Fabric.
3375 3940 3529 3997 Bibl.

260 4016 343 4075 Cr.
368 4030 408 4074 t.
441 4020 535 4085 XI,
566 4038 622 4091 p.
670 4020 782 4092 i9),
837 4022 1024 4078 laudat
1053 4020 1523 4089 PholiiHomilias
1568 4030 1702 4087 tres,
1751 4031 1806 4079 et
1844 4023 2150 4095 fragmenta
2196 4024 2387 4094 scripti
2416 4024 2706 4094 cujusdam
2748 4035 2939 4080 contra
2986 4025 3337 4093 Manichaeos,
3376 4031 3533 4099 quod.

257 4119 430 4163 utrum
460 4108 680 4163 differat
726 4124 760 4164 a
808 4109 967 4165 libris
1021 4111 1265 4166 secundo
1298 4111 1575 4165 volumine
1621 4111 1787 4180 hujus
1821 4112 2081 4169 editionis
2150 4112 2312 4168 editis
2354 4127 2553 4179 necne,
2602 4112 2863 4183 indagare
2912 4128 3022 4167 non
3063 4114 3240 4183 potui,
3289 4124 3342 4170 et
3390 4116 3534 4172 inihi

256 4198 648 4267 incompertum
672 4208 774 4253 est.

321 4286 375 4340 8°
430 4286 628 4355 ignoro
682 4285 884 4355 pariter
941 4300 1011 4341 an
1064 4284 1245 4341 Photii
1292 4287 1621 4356 Argumenta
1675 4284 1958 4341 duodecim
1993 4286 2322 4358 syllogistica
2370 4297 2559 4342 contra
2626 4287 3013 4357 processionem
3064 4287 3297 4356 Spiritus
3350 4277 3532 4345 sancti

257 4374 410 4426 etiam
434 4389 464 4426 a
493 4372 654 4437 Filio,
694 4374 760 4428 de
782 4373 985 4444 quibus
1016 4373 1244 4428 Bandini
1279 4373 1457 4430 Catal.
1499 4373 1755 4428 Laurent.
1782 4383 1821 4429 t.
1853 4373 1942 4442 lli,
1974 4393 2025 4447 p.
2058 4376 2183 4441 526,
2215 4378 2550 4432 conveniant
2582 4392 2705 4433 cum
2736 4379 3077 4448 argumentis
3110 4395 3139 4431 a
3162 4376 3340 4433 Vecco
3374 4378 3527 4433 relu-

260 4460 383 4515 talis
410 4470 464 4515 et
494 4474 526 4516 a
559 4461 720 4516 nobis
751 4462 839 4518 hic
868 4462 1051 4528 editis,
1080 4463 1159 4517 rel
1185 4464 1511 4533 opusculum
1541 4464 1864 4519 distinctum
1900 4467 2261 4521 constituant.
2290 4464 2432 4520 Puto
2463 4480 2527 4520 ea
2554 4465 2789 4521 identica
2814 4481 2959 4521 esse.

328 4548 384 4605 9°
406 4551 657 4607 Oudinus
687 4552 890 4608 indicat
914 4570 929 4607 :
961 4552 1190 4607 Φωτιου.
1230 4593 1245 4607 .
1284 4594 1299 4608 .
1333 4552 1580 4623 Ἀγωγαὶ
1596 4555 1691 4608 καὶ
1712 4554 2015 4618 ἀποδείξεις
2038 4553 2287 4626 ἀκριὸεἶς
2314 4553 2730 4624 συνειλεγμέναι
2762 4554 2824 4607 ἐκ
2843 4570 2902 4607 τε
2924 4553 3218 4609 συνοδικῶν
3247 4556 3343 4610 καὶ
3378 4556 3525 4610 ἱστο-

272 4647 437 4716 ρικῶν
467 4646 715 4719 γραφῶν.
754 4648 1073 4715 (Comment.
1102 4649 1167 4703 de
1197 4648 1400 4717 Script.
1430 4648 1612 4705 nectes.
1642 4658 1685 4703 t.
1711 4649 1776 4717 ll,
1805 4664 1857 4719 p.
1883 4649 1904 4703 Ε

1906 4648 2036 4718 ιονι),
2060 4663 2199 4719 quas
2228 4664 2257 4701 a
2282 4645 2333 4701 Χ
2356 4648 2861 4719 interrogationibus
2883 4648 2947 4702 de
2976 4650 3305 4717 patriar-citis
3329 4650 3538 4720 injuste

261 4736 437 4804 ejectis
474 4734 883 4805 distinguendas
904 4752 1029 4792 esse
1054 4746 1328 4791 autumat.

332 4824 421 4879 ιοο
456 4822 601 4880 Idem
635 4825 906 4887 Oudinus.
973 4820 1431 4896 symbolum’ﬁdei
1480 4833 1711 4881 testatur
1749 4825 1803 4880 in
1857 4824 1982 4880 cod.
2031 4838 2168 4881 mss.
2202 4832 2421 4880 exstare
2463 4838 2495 4880 a
2539 4822 2733 4880 Photio
2780 4825 3126 4893 compositum
3164 4841 3260 4894 pro
3312 4824 3380 4881 iis
3433 4827 3535 4896 qui

262 4913 542 4967 ordinandi
568 4914 968 4983 sunt’episcopi,
1003 4914 1069 4967 de
1105 4929 1216 4983 quo
1247 4913 1588 4977 Lambecius,
1619 4914 1656 4969 Ι.
1685 4929 1805 4979 νιιι,
1847 4928 1899 4984 p.
1932 4914 2058 4970 455.

334 5000 422 5053 Ηο
466 4998 713 5071 Epitome
747 4999 1006 5056 Historia:
1023 5001 1395 5057 ecclesiastica
1432 5002 1803 5073 Pltitostorgii,
1827 5002 1938 5057 ἀπὸ
1984 5002 2168 5073 φωνῆς
2197 5000 2378 5057 Photii
2408 5001 2737 5072 patriarchae
2763 5010 2943 5056 exstat
2970 5000 3114 5056 inter
3141 5001 3263 5056 cod.
3283 5016 3418 5059 mss.
3440 5001 3534 5057 bi-

265 5085 545 5142 bliothecae
599 5088 906 5147 Bodleiante
962 5091 1209 5160 (Barocc.
1254 5090 1377 5144 cod.
1421 5090 1547 5158 142,
1579 5097 1645 5144 n0
1677 5090 1733 5157 7,
1782 5105 1840 5161 p.
1888 5090 2055 5159 245);
2100 5091 2316 5146 diversa
2362 5089 2433 5145 ab
2502 5089 2593 5145 illa
2636 5105 2761 5161 qua:
2804 5088 2858 5143 iu
2907 5088 3247 5161 Myrioltiblio
3287 5091 3537 5145 occurrit

266 5184 314 5228 ct
349 5175 582 5245 amplior
620 5174 864 5247 (Oudin.,
894 5185 937 5233 t.
970 5177 1036 5244 ll,
1060 5177 1162 5232 col.
1197 5176 1353 5248 208).

337 5284 423 5338 l9:
461 5283 776 5341 uichaelem
816 5287 1058 5343 Psellum
1131 5286 1414 5359 Synopsim
1462 5286 1860 5343 A'omocanonis
1889 5287 2069 5345 Photii
2106 5288 2360 5344 rersilus
2397 5287 2692 5359 scripsisse
2717 5286 2919 5343 lerunt.
2944 5286 3092 5344 inter
3122 5286 3366 5358 quinque
3398 5286 3527 5342 Car‘

269 5372 404 5427 ruina
425 5374 645 5444 politica
676 5376 833 5433 Pselli
867 5378 1122 5450 Synopsis
1154 5380 1244 5433 illa
1278 5388 1535 5449 quartum
1569 5378 1750 5433 locum
1780 5393 2053 5447 occupare
2086 5376 2313 5431 dicitur.

610 5483 702 5538 IX.
734 5514 802 5526 —
830 5486 903 5541 De
937 5484 1177 5555 operibus
1201 5484 1380 5539 Photii
1402 5501 1517 5556 qua:
1551 5484 1671 5537 alio
1694 5484 1904 5537 nomine
1932 5498 2086 5552 quam
2112 5500 2144 5535 a
2173 5480 2321 5535 nobis
2357 5479 2504 5534 edita
2535 5489 2679 5545 sunt,
2719 5479 3188 5549 circumferuntur.

344 5576 430 5629 13-
472 5573 709 5630 Libellus
737 5575 799 5629 de
825 5585 1018 5642 septem
1053 5575 1269 5644 synodi;
1303 5574 1396 5644 qui
1431 5574 1631 5640 passim
1679 5571 1937 5638 occurrit,
1967 5580 2258 5640 excerptas
2292 5579 2382 5627 est
2429 5585 2496 5625 ex
2546 5567 2727 5625 Photii
2762 5569 2923 5640 epist.
2958 5576 3081 5635 Vw,
3121 5568 3187 5623 ad
3216 5567 3537 5624 Michaech

278 5662 536 5733 Bulgaria:
566 5662 889 5733 principem,
919 5678 1043 5733 qua!
1084 5662 1138 5716 in
1175 5662 1275 5717 hac
1300 5661 1542 5717 editione
1570 5661 1860 5731 reperitur,
1894 5669 1934 5715 ι.
1962 5658 2028 5724 ll,
2060 5660 2166 5714 col.
2205 5659 2329 5713 651.

338 5750 432 5804 H0
472 5749 699 5807 Libellus
718 5751 785 5806 de
809 5749 1168 5804 consolatione
1186 5749 1255 5803 ad
1285 5749 1589 5813 Eusebium,
1613 5764 1776 5820 quem
1807 5747 2048 5803 Conrad.
2082 5746 2495 5812 Ritterhnsius,
2517 5762 2663 5802 anno
2695 5746 2854 5814 l60l,
2881 5746 2977 5805 Gr.
3012 5745 3135 5804 Lat.
3166 5740 3544 5816 Nurenbcngii

280 5838 435 5899 edidit
458 5844 562 5901 sub
591 5843 814 5901 nomine
839 5842 1043 5911 Photii,
1075 5842 1420 5914 cstejusilem
1456 5841 1633 5900 Photii
1663 5840 1899 5915 epistola
1933 5840 2063 5908 245,
2092 5839 2239 5912 apud
2278 5839 2703 5898 Moulacutium.
