4134 6506
491 397 523 435 κ
1548 378 1943 441 PR/EFATIO
1973 377 2057 440 IN
2089 376 2355 463 PHO‘I‘II
2384 378 2655 442 OPERA.

563 497 661 551 15°
702 495 1038 568 ()pusculum
1088 494 1163 549 De
1213 494 1536 565 patriai-citis
1567 495 1767 564 injuste
1786 495 1992 564 ejectis,
2024 494 2171 563 quod
2218 493 2405 549 laudat
2432 492 2483 550 J.
2516 495 2585 547 A.
2616 492 2924 558 Fabricius,
2964 507 3073 548 non
3122 492 3568 565 distinguendum
3600 507 3685 555 est
3712 516 3740 558 a

487 587 677 641 decem
705 582 1241 654 lnterrogationibus,
1268 598 1408 653 quas
1434 599 1500 637 ex
1535 581 1705 637 Novis
1738 582 1943 636 deliciis
1973 582 2304 635 eruditorum
2331 580 2563 636 Fontani
2599 582 2665 635 ad
2706 581 2865 635 linem
2894 581 3134 652 Operum
3166 583 3341 637 l’botii
3379 585 3673 641 edidimus.

554 677 644 730 16°
684 675 865 729 Photii
891 676 1157 743 Excerpta
1184 688 1250 727 ea:
1275 672 1524 738 Asteriis,
1556 687 1678 741 qua:
1715 669 2083 725 Combelisius
2107 669 2297 735 edidit,
2337 684 2405 723 ex
2443 668 2624 723 Phonii
2657 668 2989 724 Bibliotheca
3016 672 3305 740 desumpta
3334 682 3489 726 sunt.

554 765 647 819 17⁰
682 763 988 818 Cotelerins
1023 762 1076 816 in
1113 761 1470 815 Monumentis
1510 759 1768 815 Εεειεεὶω
1802 758 2022 821 ϐτιεεω,
2061 764 2104 813 t.
2155 756 2244 818 Ill.
2269 772 2323 827 p.
2354 757 2479 821 104,
2512 759 2725 827 primus
2760 758 2991 828 protulit
3035 760 3362 829 opusculum
3421 762 3495 814 ita
3545 761 3741 817 inseri-

480 861 630 924 ptum
663 872 674 906 :
712 850 865 916 Quod
895 867 999 905 non
1032 860 1271 920 oporteat
1296 851 1364 903 ad
1394 858 1675 920 prementes
1703 849 1824 902 vita:
1851 846 2121 901 molestias
2148 848 2436 899 attendere.
2465 843 2602 911 Quia
2636 845 2764 900 olim
2797 846 2939 901 inter
2955 845 3131 900 Pliotii
3166 846 3438 916 Epistolas
3462 858 3739 904 servatum

479 949 586 1005 est,
623 939 752 994 illud
785 939 853 994 ad
888 939 1051 993 tinem
1086 937 1207 992 libri
1238 939 1382 992 tertii
1415 936 1775 1008 epistolarum
1810 936 1864 988 in
1893 940 2078 988 nostra
2108 931 2344 985 editiooe
2375 931 2793 987 collocavimus.

552 1029 649 1083 18°
690 1028 964 1090 Labbeus,
996 1027 1051 1080 in
1078 1026 1259 1080 Catal.
1293 1026 1412 1080 cod.
1447 1041 1598 1090 mss.,
1629 1039 1685 1093 p.
1718 1022 1843 1085 ‘IM,
1875 1021 2063 1076 laudat
2092 1017 2271 1073 I’botii
2305 1018 2589 1089 Synopsim
2638 1018 2820 1089 logica!
2844 1018 3218 1086 Aristotelian,
3247 1032 3302 1077 et
3332 1022 3638 1089 Fabricius,
3672 1037 3736 1079 ex

477 1115 718 1179 Oudiuo,
754 1115 955 1170 asserit
998 1113 1176 1168 Pbotii
1204 1111 1489 1182 Synopsim
1530 1110 1920 1182 categoriarum
1971 1108 2269 1163 immistam
2312 1124 2430 1164 esse
2463 1108 2887 1163 Commentariis
2917 1107 3205 1179 Philoponi
3248 1121 3304 1166 et
3341 1111 3615 1166 Ammonii
3679 1111 3734 1168 in

477 1204 853 1259 Aristotelem.
888 1202 965 1256 llli
993 1209 1243 1255 auctores
1272 1198 1471 1254 Pbotio
1502 1199 1675 1255 multo
1704 1198 2044 1269 antiquiores
2070 1205 2219 1251 sunt.
2250 1194 2423 1251 Card.
2458 1195 2565 1250 Mai
2591 1195 2791 1266 Script.
2814 1209 2976 1263 ceter,
3007 1207 3046 1251 t.
3077 1197 3118 1261 Ι,
3146 1198 3299 1269 praef.
3330 1215 3383 1270 p.
3411 1216 3524 1266 xiv,
3550 1210 3743 1257 monet

476 1293 596 1347 illas
621 1290 879 1362 Synopses
927 1304 1034 1345 non
1079 1288 1498 1357 distiuguendas
1539 1303 1663 1343 esse
1699 1303 1730 1343 a
1773 1284 2170 1354 Quiestionibus
2217 1285 2696 1354 Amphilochianis.
2730 1287 2795 1340 Et
2836 1301 3025 1341 revera
3066 1288 3404 1357 quaestiones
3446 1289 3734 1359 Amphilo-

477 1382 693 1435 cliianie
723 1379 826 1433 157
856 1376 925 1432 ad
952 1377 1051 1431 M7
1087 1376 1235 1432 circa
1263 1376 1369 1431 hoc
1399 1384 1784 1445 argumentum
1821 1382 2137 1429 versantur.
2161 1373 2284 1437 Hic,
2324 1382 2362 1428 t.
2398 1376 2441 1439 1,
2472 1374 2577 1429 col.
2610 1374 2714 1428 759
2738 1382 2790 1428 et
2823 1390 2941 1446 seq.

1415 1464 1485 1521 Χ.
1518 1495 1590 1505 --
1627 1463 1706 1519 De
1730 1463 1975 1534 operibus
2005 1460 2187 1515 Pliotii
2214 1463 2513 1530 argumenti
2537 1461 2775 1531 profani.

505 1556 596 1611 19°
638 1554 876 1611 Joannes
921 1551 1200 1608 Gerardus
1237 1550 1467 1608 Vossius
1504 1552 1557 1607 in
1582 1567 1748 1622 opere
1798 1550 1873 1605 De
1910 1548 2197 1613 Historicis
2233 1547 2455 1614 ercis,
2500 1550 2594 1604 lib.
2638 1566 2696 1615 ιι,
2729 1565 2782 1605 c.
2815 1550 2887 1607 25
2918 1550 3129 1623 (Oper.,
3173 1560 3213 1606 t.
3252 1549 3343 1615 IV,
3381 1565 3433 1621 p.
3493 1552 3619 1620 N7)
3657 1555 3727 1610 ita

469 1643 659 1700 scribit
691 1660 705 1697 :
748 1661 767 1694 ι
807 1641 981 1697 Pliotii
1018 1641 1345 1711 patriarcha:
1389 1638 1693 1693 Historiam
1723 1639 1788 1693 de
1818 1637 2117 1693 rhetoribus
2154 1638 2332 1692 decem
2363 1646 2581 1694 exstare
2624 1639 2743 1710 lego
2774 1640 2829 1694 in
2867 1641 3281 1696 nomenclatore
3319 1639 3546 1697 Ilobcrti
3575 1642 3728 1697 Con-

470 1732 719 1789 stantini.
754 1751 771 1782 ι
814 1730 890 1782 De
921 1730 1026 1783 hoc
1053 1730 1191 1783 libro
1219 1729 1382 1783 aliam
1409 1727 1659 1781 notitiam
1690 1726 1896 1780 nullam
1929 1726 2131 1796 reperi.

531 1821 623 1872 20°
657 1817 886 1871 Lexicon
917 1815 1162 1871 Graecum
1202 1815 1305 1870 sub
1341 1816 1566 1869 nomine
1601 1812 1783 1868 Photii
1815 1814 1994 1868 forma
2035 1813 2089 1868 in
2117 1814 2196 1881 4°,
2225 1830 2372 1870 anno
2399 1814 2559 1883 I808,
2594 1816 2793 1887 Lipsiae
2813 1818 2985 1874 edidit
3016 1819 3079 1874 D.
3106 1821 3407 1878 Hermann.
3438 1822 3597 1879 Liber
3628 1840 3727 1879 au-

464 1917 569 1963 tem
599 1908 761 1977 paulo
792 1916 916 1976 post
943 1906 1138 1961 iterum
1172 1905 1315 1977 typis
1342 1904 1645 1973 impressus
1676 1911 1762 1958 est
1789 1903 1895 1957 hoc
1931 1902 2090 1957 titulo

2113 1920 2126 1956 :
2151 1903 2357 1958 Φωτίου
2380 1904 2475 1958 τοῦ
2500 1906 2842 1977 πατριάρχου
2874 1907 3089 1973 Λέξεων
3116 1910 3417 1981 Συναγωγή
3436 1952 3449 1974 ,
3490 1929 3518 1966 e
3548 1912 3723 1966 codice

464 1997 698 2050 Guleano
732 1995 1015 2064 descripsit
1058 1992 1322 2047 Ricardus
1354 1991 1651 2059 Porsontts,
1688 1992 1724 2045 2
1745 1991 1855 2048 vol.
1883 1990 1963 2056 8°,
1991 1989 2357 2063 Cantabrigia:
2391 1992 2545 2049 1822.
2582 1993 2865 2051 Porsonus
2891 1997 2943 2050 in
2974 1997 3157 2052 Lexici
3190 1999 3510 2069 prail'atione
3541 2011 3727 2055 monet

464 2085 529 2139 D.
560 2083 862 2148 Blomlield,
905 2084 958 2135 in
990 2081 1256 2137 Censoris
1282 2078 1676 2144 Edinensibus,
1706 2087 1861 2150 parte
1911 2094 2047 2147 sui,
2078 2080 2146 2136 de
2179 2080 2375 2135 Photio
2419 2083 2680 2150 praeclare
2714 2085 3023 2154 scripsisse.
3043 2086 3241 2142 Oudin.
3268 2090 3336 2154 (t.
3365 2086 3430 2153 Il,
3454 2089 3559 2143 col.
3592 2088 3722 2159 206)

460 2171 653 2226 scribit
676 2170 850 2224 Photii
879 2168 1109 2223 Lexicou
1137 2169 1300 2233 in-L‘,
1328 2168 1534 2223 editum
1564 2166 1758 2237 fuisse,
1787 2166 2015 2234 Kilouii,
2038 2184 2131 2224 an.
2164 2168 2324 2234 1706.
2354 2178 2410 2225 et
2448 2170 2501 2224 in
2548 2170 2712 2227 codd.
2747 2187 2885 2229 mss.
2914 2173 3140 2230 inscribi
3172 2178 3503 2247 quandoque
3539 2174 3725 2233 Pbotii

462 2268 606 2327 patr.
639 2255 747 2312 GP.
782 2254 1211 2327 Elymologicum
1238 2271 1507 2325 magnum.

1183 2340 1276 2397 λι.
1300 2371 1371 2383 —-
1397 2341 1475 2397 De
1504 2343 1570 2398 iis
1602 2343 1695 2415 qui
1728 2343 1783 2397 in
1811 2341 2145 2414 elucidandis
2175 2342 2419 2413 operibus
2444 2341 2624 2399 Photii
2655 2342 2995 2399 insudarunt.

523 2439 618 2492 9.l°
657 2436 859 2490 Praeter
887 2449 987 2489 eos
1013 2434 1106 2504 qui
1143 2434 1537 2490 Collectionem
1566 2434 1809 2505 ()perum
1842 2433 2021 2488 Pliotii
2065 2442 2468 2502 prmpararunt,
2503 2432 2760 2487 laudandi
2788 2446 2917 2490 sunt
2960 2435 3127 2490 etiam
3157 2437 3196 2491 ii
3223 2437 3319 2506 qui
3354 2454 3519 2509 opera
3548 2443 3721 2511 parti-

457 2525 666 2584 cularia
692 2526 987 2580 emendare
1020 2523 1103 2578 vel
1120 2523 1397 2579 elucidare
1437 2525 1620 2579 conati
1638 2531 1790 2579 sunt.
1821 2521 1877 2577 Si
1913 2522 2048 2576 lides
2077 2519 2373 2574 Annalibus
2420 2518 2882 2587 Trivultiensibus,
2911 2520 3218 2580 Bocrnerus
3251 2526 3318 2580 de
3351 2531 3720 2599 componenda

457 2631 594 2670 nova
623 2613 981 2669 translatione
998 2611 1192 2667 Latina
1210 2611 1565 2683 Myriobiblii,
1590 2627 1689 2668 seu
1712 2609 2054 2665 Bibliotheca:
2073 2606 2275 2674 Photii,
2296 2607 2574 2677 cogitavit.
2598 2606 2902 2679 (Mémoires
2927 2612 2990 2665 de
3018 2611 3278 2677 Trévoux,
3306 2615 3465 2674 1701,
3492 2634 3543 2688 p.
3568 2619 3721 2687 28C.)

522 2701 617 2756 22‘
652 2701 905 2756 Eamdeiu
933 2710 1174 2770 spartam
1206 2714 1406 2755 ornare
1434 2707 1673 2769 coeperat
1694 2698 1957 2753 Claudius
1990 2696 2323 2766 Caperonier
2352 2696 2704 2762 Parisiensis,
2733 2698 2954 2766 adjutus
2978 2707 3019 2754 ra
3055 2699 3217 2756 Patre
3260 2701 3625 2761 Tom-nemine
3662 2720 3715 2762 et

452 2789 623 2845 Ellies
645 2788 1036 2858 l)upin,etjam
1064 2787 1464 2857 quinquaginta
1501 2785 1628 2841 folia
1658 2785 2232 2859 typisimpresseraut,
2255 2785 2479 2854 quando
2494 2782 2556 2838 E.
2582 2784 2754 2855 Dupin
2784 2788 2839 2841 iu
2874 2790 3125 2844 exsilium
3159 2792 3357 2846 missus
3404 2804 3484 2848 est
3527 2802 3581 2848 et
3607 2797 3717 2850 edi-

451 2882 528 2933 tio
546 2877 825 2932 derelicta.
848 2874 996 2949 (για.
1026 2876 1307 2946 Supplem.
1333 2874 1528 2929 Moreri
1552 2874 1713 2940 1749,
1736 2885 1776 2930 t.
1805 2875 1847 2938 l,
1871 2890 1925 2944 p.
1947 2872 2054 2927 δὶεὸ
2090 2881 2145 2927 et
2175 2874 2235 2927 Ι).
2260 2872 2477 2929 Cellicr.
2502 2871 2755 2928 Hist.des
2786 2877 2947 2930 ecriv.
2979 2878 3191 2941 ecclés.,
3218 2889 3256 2935 t.
3288 2879 3407 2933 XIX
3438 2920 3453 2945 ,
3483 2898 3533 2948 p.
3564 2883 3717 2956 431‘.)

519 2965 614 3021 23°
651 2961 963 3019 Translatio
989 2962 1380 3018 Gallica‘trium
1402 2964 1713 3019 orationum
1747 2962 1923 3017 Pbotii
1957 2976 2085 3015 cum
2142 2962 2310 3027 notis,
2370 2962 2628 3017 inseritur
2668 2963 2821 3032 operi
2872 2965 3015 3034 quod
3065 2965 3385 3021 inscribitur
3418 2985 3431 3020 :
3478 2968 3716 3026 Histoire

447 3054 510 3107 de
529 3052 854 3106 l'Académie
886 3052 976 3105 des
999 3052 1340 3120 inscription:
1370 3062 1420 3105 et
1455 3051 1848 3117 belles-lettres,
1882 3060 1923 3105 t.
1955 3048 2094 3117 XVI,
2118 3065 2173 3120 p.
2196 3048 2287 3105 98.
2313 3048 2492 3116 Paris,
2534 3050 2692 3107 l75l.
2721 3052 2793 3107 De
2826 3050 3025 3109 Pbotio
3074 3068 3257 3109 sermo
3283 3055 3514 3111 habetur
3541 3058 3596 3113 in
3624 3075 3711 3114 ea-

450 3142 575 3195 dem
608 3139 949 3205 colleelione,
986 3147 1025 3194 t.
1059 3136 1198 3202 XIV,
1239 3153 1295 3209 p.
1324 3138 1426 3193 180
1454 3147 1508 3195 et
1536 3153 1653 3209 seq.
1682 3138 1857 3205 Paris,
1887 3139 2050 3194 1745.

507 3230 601 3286 24⁸
640 3231 869 3285 Annales
903 3227 1275 3283 Trivullt'enses
1298 3228 1604 3301 (Memoires
1631 3230 1695 3285 de
1725 3228 1984 3295 Trévoux,
2019 3244 2074 3301 p.
2108 3228 2268 3296 1944,
2300 3245 2391 3286 an.
2440 3229 2947 3302 {722)1l‘ragmenta
2983 3236 3304 3292 easeribunt
3343 3239 3711 3297 translationis

444 3320 664 3374 Gallicae
694 3318 1053 3387 epistolarum
1082 3317 1145 3371 It
1180 3327 1235 3372 et
1260 3318 1328 3372 12
1354 3318 1423 3373 ad
1462 3318 1773 3375 Micliaelem
1799 3318 1862 3373 Ill
1886 3318 2153 3388 Bulgaria:
2175 3322 2503 3390 principem,
2525 3336 2691 3391 quam
2726 3325 2975 3380 versibus
3002 3327 3267 3396 scriptam
3300 3328 3471 3382 edidit
3516 3341 3708 3383 auctor

444 3409 632 3465 Gallus
656 3409 758 3462 hoc
786 3407 948 3461 titulo
982 3424 996 3460 :
1033 3425 1052 3457 ι
1101 3404 1366 3460 Maxime:
1405 3424 1539 3476 pour
1572 3409 1628 3462 la
1653 3409 1902 3462 conduite
1928 3407 2002 3461 du
2047 3408 2231 3476 prince
2269 3406 2482 3472 Micliel,
2522 3409 2603 3462 roi
2624 3410 2687 3466 de
2715 3409 3006 3483 Bulgarie,
3039 3429 3137 3483 par
3171 3414 3421 3471 Bcruard
3452 3417 3708 3487 Tlieatin,

449 3498 611 3555 olIert
636 3497 671 3552 s
700 3496 867 3552 Louis
888 3493 1007 3562 XV,
1033 3493 1212 3560 Paris,
1232 3494 1430 3551 1718.»

1279 3582 1395 3639 XII.
1420 3612 1492 3623 ——
1520 3583 1600 3640 De
1636 3587 1703 3640 iis
1731 3589 1820 3657 qui
1852 3597 1974 3643 acta
2009 3596 2059 3643 et
2091 3590 2292 3657 scripta
2331 3589 2511 3645 Pliotii
2540 3590 2899 3645 elucidarunt.

509 3674 777 3727 Auctores
799 3684 1121 3725 enumerare
1152 3670 1243 3738 qui
1273 3672 1341 3725 de
1376 3673 1515 3728 actis
1538 3686 1593 3729 ct
1622 3676 1840 3745 scriptis
1870 3676 2045 3732 Photii
2075 3677 2322 3732 n0titiam
2348 3678 2627 3741 exhibent,
2658 3679 2743 3730 vix
2779 3676 3037 3746 possibile
3090 3686 3194 3734 est.
3237 3678 3519 3751 Quotquot
3554 3682 3699 3737 enim

445 3761 743 3816 Histeriam
772 3758 1031 3814 Ecclesiae
1053 3758 1136 3813 vel
1173 3757 1469 3814 Historiam
1502 3762 1831 3829 scriptorum
1862 3764 2360 3819 ecclesiasticarum
2395 3765 2734 3833 attigerunt,
2772 3763 2948 3819 Photii
2983 3775 3133 3834 gesta
3171 3777 3506 3823 enarraruut
3552 3778 3609 3822 et
3636 3772 3705 3828 de

444 3850 567 3919 ejus
595 3848 749 3903 libris
775 3848 1101 3903 sententiam
1130 3848 1495 3917 protulerunt.
1530 3849 1672 3907 Inter
1702 3861 1912 3908 veteres
1957 3867 2119 3907 nemo
2141 3888 2158 3915 ,
2194 3850 2336 3906 inter
2374 3851 2709 3909 recentiores
2744 3854 2845 3908 soli
2889 3862 3250 3922 protestantes
3290 3870 3414 3910 eum
3453 3856 3706 3915 laudibus

447 3936 720 4007 prosecuti
755 3945 911 3999 sunt,
945 3948 1051 3990 non
1081 3935 1228 4007 quod
1263 3934 1419 3992 laude
1450 3938 1651 4009 dignus
1682 3939 1772 4007 sit,
1807 3940 1898 3997 sed
1925 3942 2054 4011 quia
2091 3939 2277 3994 sedem
2313 3942 2670 4010 apostolicam
2694 3980 2710 4007 ,
2735 3956 2898 4012 quam
2933 3941 3038 4011 ipsi
3075 3941 3202 3997 odio
3229 3943 3464 4009 habent,
3526 3949 3703 4002 auda-

448 4032 563 4076 cter
586 4034 878 4090 aggressus
906 4027 1010 4076 est.

514 4109 587 4162 Ea
613 4123 735 4178 quae
762 4124 791 4162 a
824 4108 1018 4164 Photio
1046 4109 1130 4165 vel
1166 4110 1220 4165 in
1252 4111 1374 4183 ejus
1403 4126 1571 4168 causa
1600 4119 1750 4183 gesta
1796 4123 1926 4170 sunt
1959 4112 2080 4172 fuse
2105 4126 2328 4172 enarrat
2365 4117 2654 4183 Baronius,
2690 4119 2851 4190 cujus
2896 4120 3040 4176 dicta
3090 4123 3381 4177 conﬁrmat
3417 4120 3617 4194 Pagius
3650 4125 3703 4179 in

442 4196 585 4251 notis
615 4195 731 4251 suis
758 4196 825 4250 ad
854 4196 1050 4251 Annal.
1081 4197 1316 4264 Baronii,
1348 4199 1570 4256 Multam
1599 4201 1774 4257 lucem
1806 4202 1891 4258 his
1918 4205 2083 4275 gestis
2111 4206 2400 4261 allundunt
2430 4208 2594 4262 etiam
2624 4219 2744 4263 aeta
2774 4209 3157 4265 conciliorum.

508 4283 584 4339 De
609 4284 766 4340 libris
796 4284 973 4341 Pliotii
998 4295 1253 4343 accurate
1282 4287 1621 4357 scripserunt
1647 4287 1918 4356 Labbeus,
1954 4292 2119 4358 Cave,
2151 4293 2420 4358 Oudinus,
2450 4295 2506 4352 .I.
2530 4299 2597 4351 A.
2626 4296 2930 4362 Fabricius,
2966 4298 3164 4368 Dupin,
3206 4300 3340 4354 llom
3365 4299 3583 4364 Ccllicr,
3611 4312 3663 4357 et
3686 4342 3702 4368 ,

440 4382 501 4427 ut
534 4372 717 4438 audio,
764 4373 933 4428 etiam
980 4374 1269 4430 Dositheus
1304 4377 1614 4446 patriarcha
1657 4376 2207 4451 Hicrosolymitanus,
2234 4398 2333 4455 pro
2382 4382 2607 4453 Graecis,
2634 4385 2689 4439 in
2736 4384 3060 4440 Przet‘ationc
3107 4389 3403 4444 voluminis
3436 4390 3582 4459 quod
3619 4391 3671 4445 in

443 4459 704 4515 scribitur
731 4460 909 4534 Τόμος
933 4463 1133 4533 χαρᾶς,
1168 4478 1314 4518 anno
1348 4461 1488 4518 1705
1522 4465 1664 4536 typis
1692 4465 1853 4522 editi.

1158 4568 1165 4571 ·
2290 4559 2468 4629 B“‘“,
2509 4561 2543 4618 8
2577 4561 2790 4617 deceml

2290 4559 2468 4629 B“‘“,
2509 4561 2543 4618 8
2577 4561 2881 4617 decembris
2936 4562 3098 4620 1860.
