  <div class='ocr_page' id='page_1' title='image "/cluster/home/n/w/nwhite01/storage/ocr_20150623/101:no.1/coo.31924054870054/033.png"; bbox 0 0 4134 6474; ppageno 0'>
   <div class='ocr_carea' id='block_1_1' title="bbox 483 382 3788 456">
    <p class='ocr_par' dir='ltr' id='par_1_1' title="bbox 483 382 3788 456">
     <span class='ocr_line' id='line_1_1' title="bbox 483 382 3788 456; baseline 0.004 -18"><span class='ocrx_word' id='word_1_1' title='bbox 483 385 548 452; x_wconf 69' lang='lat'><strong>11</strong></span> <span class='ocrx_word' id='word_1_2' title='bbox 1648 388 1726 446; x_wconf 76' lang='lat' dir='ltr'><strong>IN</strong></span> <span class='ocrx_word' id='word_1_3' title='bbox 1766 389 1898 446; x_wconf 67' lang='lat' dir='ltr'><strong>Mli</strong></span> <span class='ocrx_word' id='word_1_4' title='bbox 1930 382 2306 449; x_wconf 70' lang='lat' dir='ltr'><strong>tumcum</strong></span> <span class='ocrx_word' id='word_1_5' title='bbox 2341 388 2604 450; x_wconf 81' lang='lat' dir='ltr'><strong>PHOTII</strong></span> <span class='ocrx_word' id='word_1_6' title='bbox 3719 387 3788 456; x_wconf 65' lang='lat' dir='ltr'><strong>ta</strong></span> 
     </span>
    </p>
   </div>
   <div class='ocr_carea' id='block_1_2' title="bbox 475 495 3788 572">
    <p class='ocr_par' dir='ltr' id='par_1_2' title="bbox 475 495 3788 572">
     <span class='ocr_line' id='line_1_2' title="bbox 475 495 3788 572; baseline 0 -18"><span class='ocrx_word' id='word_1_7' title='bbox 475 513 602 554; x_wconf 83' lang='lat' dir='ltr'><strong>rum</strong></span> <span class='ocrx_word' id='word_1_8' title='bbox 632 496 1098 553; x_wconf 80' lang='lat' dir='ltr'><strong>ctcatboliCartun</strong></span> <span class='ocrx_word' id='word_1_9' title='bbox 1139 495 1506 567; x_wconf 76' lang='lat' dir='ltr'><strong>Epistolarum</strong></span> <span class='ocrx_word' id='word_1_10' title='bbox 1534 509 1909 567; x_wconf 78' lang='lat' dir='ltr'><strong>exponuntur.</strong></span> <span class='ocrx_word' id='word_1_11' title='bbox 1941 499 2079 553; x_wconf 70' lang='grc' dir='ltr'>1⁵1ιί-</span> <span class='ocrx_word' id='word_1_12' title='bbox 2107 502 2159 562; x_wconf 79' lang='grc' dir='ltr'>Α</span> <span class='ocrx_word' id='word_1_13' title='bbox 2182 502 2400 558; x_wconf 82' lang='lat' dir='ltr'><strong>ratione</strong></span> <span class='ocrx_word' id='word_1_14' title='bbox 2442 517 2542 557; x_wconf 89' lang='lat' dir='ltr'><strong>nec</strong></span> <span class='ocrx_word' id='word_1_15' title='bbox 2571 501 2688 572; x_wconf 86' lang='lat' dir='ltr'><strong>pari</strong></span> <span class='ocrx_word' id='word_1_16' title='bbox 2721 500 2979 556; x_wconf 83' lang='lat' dir='ltr'><strong>felicitate</strong></span> <span class='ocrx_word' id='word_1_17' title='bbox 3017 502 3406 568; x_wconf 86' lang='lat' dir='ltr'><strong>enucleantur,</strong></span> <span class='ocrx_word' id='word_1_18' title='bbox 3432 501 3788 572; x_wconf 81' lang='lat' dir='ltr'><strong>quemadmo-</strong></span> 
     </span>
    </p>
   </div>
   <div class='ocr_carea' id='block_1_3' title="bbox 478 591 2086 662">
    <p class='ocr_par' dir='ltr' id='par_1_3' title="bbox 478 591 2086 662">
     <span class='ocr_line' id='line_1_3' title="bbox 478 591 2086 662; baseline 0.002 -16"><span class='ocrx_word' id='word_1_19' title='bbox 478 591 743 662; x_wconf 87' lang='lat' dir='ltr'><strong>lologicas</strong></span> <span class='ocrx_word' id='word_1_20' title='bbox 782 607 924 660; x_wconf 83' lang='lat' dir='ltr'><strong>s:epe</strong></span> <span class='ocrx_word' id='word_1_21' title='bbox 957 593 1374 646; x_wconf 86' lang='lat' dir='ltr'><strong>observationes</strong></span> <span class='ocrx_word' id='word_1_22' title='bbox 1428 591 1635 660; x_wconf 85' lang='lat' dir='ltr'><strong>profert</strong></span> <span class='ocrx_word' id='word_1_23' title='bbox 1668 593 1894 648; x_wconf 84' lang='lat' dir='ltr'><strong>Photius</strong></span> <span class='ocrx_word' id='word_1_24' title='bbox 1941 593 2086 662; x_wconf 75' lang='lat'><strong>(69).</strong></span> 
     </span>
    </p>
   </div>
   <div class='ocr_carea' id='block_1_4' title="bbox 487 688 2085 759">
    <p class='ocr_par' dir='ltr' id='par_1_4' title="bbox 487 688 2085 759">
     <span class='ocr_line' id='line_1_4' title="bbox 487 688 2085 759; baseline 0.003 -19"><span class='ocrx_word' id='word_1_25' title='bbox 487 688 752 756; x_wconf 76' lang='lat' dir='ltr'><strong>reliquias</strong></span> <span class='ocrx_word' id='word_1_26' title='bbox 783 688 1075 741; x_wconf 87' lang='lat' dir='ltr'><strong>nonnullas</strong></span> <span class='ocrx_word' id='word_1_27' title='bbox 1102 688 1457 758; x_wconf 87' lang='lat' dir='ltr'><strong>antiquarum</strong></span> <span class='ocrx_word' id='word_1_28' title='bbox 1493 690 1814 743; x_wconf 89' lang='lat' dir='ltr'><strong>versionum</strong></span> <span class='ocrx_word' id='word_1_29' title='bbox 1850 690 2085 759; x_wconf 73' lang='lat' dir='ltr'><strong>Aquilae,</strong></span> 
     </span>
    </p>
   </div>
   <div class='ocr_carea' id='block_1_5' title="bbox 480 779 2091 851">
    <p class='ocr_par' dir='ltr' id='par_1_5' title="bbox 480 779 2091 851">
     <span class='ocr_line' id='line_1_5' title="bbox 480 779 2091 851; baseline 0.003 -18"><span class='ocrx_word' id='word_1_30' title='bbox 480 779 796 850; x_wconf 84' lang='lat' dir='ltr'><strong>Symmachi</strong></span> <span class='ocrx_word' id='word_1_31' title='bbox 833 790 887 833; x_wconf 92' lang='lat' dir='ltr'><strong>et</strong></span> <span class='ocrx_word' id='word_1_32' title='bbox 917 779 1314 838; x_wconf 81' lang='lat' dir='ltr'><strong>&#39;l‘lieodotionis</strong></span> <span class='ocrx_word' id='word_1_33' title='bbox 1338 782 1495 834; x_wconf 83' lang='lat' dir='ltr'><strong>nobis</strong></span> <span class='ocrx_word' id='word_1_34' title='bbox 1526 783 1838 851; x_wconf 78' lang='lat' dir='ltr'><strong>suppeditat</strong></span> <span class='ocrx_word' id='word_1_35' title='bbox 1863 783 2006 851; x_wconf 82' lang='grc'>(78),</span> <span class='ocrx_word' id='word_1_36' title='bbox 2036 795 2091 838; x_wconf 92' lang='lat' dir='ltr'><strong>et</strong></span> 
     </span>
    </p>
   </div>
   <div class='ocr_carea' id='block_1_6' title="bbox 481 868 2091 941">
    <p class='ocr_par' dir='ltr' id='par_1_6' title="bbox 481 868 2091 941">
     <span class='ocr_line' id='line_1_6' title="bbox 481 868 2091 941; baseline 0.002 -18"><span class='ocrx_word' id='word_1_37' title='bbox 481 868 726 923; x_wconf 83' lang='lat' dir='ltr'><strong>sobriam</strong></span> <span class='ocrx_word' id='word_1_38' title='bbox 791 870 1119 938; x_wconf 88' lang='lat' dir='ltr'><strong>plerumque</strong></span> <span class='ocrx_word' id='word_1_39' title='bbox 1179 872 1432 936; x_wconf 75' lang='lat' dir='ltr'><strong>sequitur</strong></span> <span class='ocrx_word' id='word_1_40' title='bbox 1487 872 1881 941; x_wconf 84' lang='lat' dir='ltr'><strong>interpretandi</strong></span> <span class='ocrx_word' id='word_1_41' title='bbox 1918 874 2091 927; x_wconf 75' lang='lat' dir='ltr'><strong>ratio-</strong></span> 
     </span>
    </p>
   </div>
   <div class='ocr_carea' id='block_1_7' title="bbox 481 962 2090 1034">
    <p class='ocr_par' dir='ltr' id='par_1_7' title="bbox 481 962 2090 1034">
     <span class='ocr_line' id='line_1_7' title="bbox 481 962 2090 1034; baseline 0.004 -22"><span class='ocrx_word' id='word_1_42' title='bbox 481 976 632 1026; x_wconf 87' lang='lat' dir='ltr'><strong>nem,</strong></span> <span class='ocrx_word' id='word_1_43' title='bbox 660 977 768 1030; x_wconf 87' lang='lat' dir='ltr'><strong>qua</strong></span> <span class='ocrx_word' id='word_1_44' title='bbox 803 962 1244 1031; x_wconf 81' lang='lat' dir='ltr'><strong>allegoristarum</strong></span> <span class='ocrx_word' id='word_1_45' title='bbox 1276 964 1750 1017; x_wconf 81' lang='lat' dir='ltr'><strong>immmlerantiam</strong></span> <span class='ocrx_word' id='word_1_46' title='bbox 1779 975 1830 1018; x_wconf 90' lang='lat' dir='ltr'><strong>et</strong></span> <span class='ocrx_word' id='word_1_47' title='bbox 1862 981 2090 1034; x_wconf 80' lang='lat' dir='ltr'><strong>perver-</strong></span> 
     </span>
    </p>
   </div>
   <div class='ocr_carea' id='block_1_8' title="bbox 481 1053 2091 1126">
    <p class='ocr_par' dir='ltr' id='par_1_8' title="bbox 481 1053 2091 1126">
     <span class='ocr_line' id='line_1_8' title="bbox 481 1053 2091 1126; baseline 0.002 -18"><span class='ocrx_word' id='word_1_48' title='bbox 481 1053 698 1108; x_wconf 86' lang='lat' dir='ltr'><strong>sitatcm</strong></span> <span class='ocrx_word' id='word_1_49' title='bbox 718 1055 998 1124; x_wconf 77' lang='lat' dir='ltr'><strong>respuitac</strong></span> <span class='ocrx_word' id='word_1_50' title='bbox 1011 1055 1239 1125; x_wconf 78' lang='lat' dir='ltr'><strong>castigat</strong></span> <span class='ocrx_word' id='word_1_51' title='bbox 1257 1055 1387 1126; x_wconf 83' lang='lat'><strong>(7!).</strong></span> <span class='ocrx_word' id='word_1_52' title='bbox 1405 1072 1578 1125; x_wconf 88' lang='lat' dir='ltr'><strong>neque</strong></span> <span class='ocrx_word' id='word_1_53' title='bbox 1599 1067 1775 1109; x_wconf 86' lang='lat' dir='ltr'><strong>tamen</strong></span> <span class='ocrx_word' id='word_1_54' title='bbox 1797 1060 2091 1126; x_wconf 75' lang='lat' dir='ltr'><strong>mysticum</strong></span> 
     </span>
    </p>
   </div>
   <div class='ocr_carea' id='block_1_9' title="bbox 483 1146 2092 1217">
    <p class='ocr_par' dir='ltr' id='par_1_9' title="bbox 483 1146 2092 1217">
     <span class='ocr_line' id='line_1_9' title="bbox 483 1146 2092 1217; baseline 0.002 -16"><span class='ocrx_word' id='word_1_55' title='bbox 483 1162 708 1201; x_wconf 89' lang='lat' dir='ltr'><strong>sensum</strong></span> <span class='ocrx_word' id='word_1_56' title='bbox 758 1147 1036 1217; x_wconf 87' lang='lat' dir='ltr'><strong>reprobat.</strong></span> <span class='ocrx_word' id='word_1_57' title='bbox 1071 1146 1188 1201; x_wconf 82' lang='lat' dir='ltr'><strong>luto</strong></span> <span class='ocrx_word' id='word_1_58' title='bbox 1240 1164 1618 1216; x_wconf 64' lang='lat' dir='ltr'><strong>saepenumero</strong></span> <span class='ocrx_word' id='word_1_59' title='bbox 1651 1150 1865 1204; x_wconf 82' lang='lat' dir='ltr'><strong>Veteris</strong></span> <span class='ocrx_word' id='word_1_60' title='bbox 1890 1148 2092 1204; x_wconf 85' lang='lat' dir='ltr'><strong>Testa-</strong></span> 
     </span>
    </p>
   </div>
   <div class='ocr_carea' id='block_1_10' title="bbox 485 1237 2093 1311">
    <p class='ocr_par' dir='ltr' id='par_1_10' title="bbox 485 1237 2093 1311">
     <span class='ocr_line' id='line_1_10' title="bbox 485 1237 2093 1311; baseline 0.002 -19"><span class='ocrx_word' id='word_1_61' title='bbox 485 1237 658 1292; x_wconf 90' lang='lat' dir='ltr'><strong>menti</strong></span> <span class='ocrx_word' id='word_1_62' title='bbox 693 1239 802 1309; x_wconf 82' lang='lat' dir='ltr'><strong>typi</strong></span> <span class='ocrx_word' id='word_1_63' title='bbox 839 1239 944 1292; x_wconf 83' lang='lat' dir='ltr'><strong>late</strong></span> <span class='ocrx_word' id='word_1_64' title='bbox 975 1238 1272 1293; x_wconf 82' lang='lat' dir='ltr'><strong>admodum</strong></span> <span class='ocrx_word' id='word_1_65' title='bbox 1295 1239 1796 1311; x_wconf 76' lang='lat' dir='ltr'><strong>illustrantur(72),</strong></span> <span class='ocrx_word' id='word_1_66' title='bbox 1818 1250 1870 1296; x_wconf 90' lang='lat' dir='ltr'><strong>ct</strong></span> <span class='ocrx_word' id='word_1_67' title='bbox 1896 1242 2093 1296; x_wconf 70' lang='lat' dir='ltr'><strong>littera:</strong></span> 
     </span>
    </p>
   </div>
   <div class='ocr_carea' id='block_1_11' title="bbox 494 1329 2092 1403">
    <p class='ocr_par' dir='ltr' id='par_1_11' title="bbox 494 1329 2092 1403">
     <span class='ocr_line' id='line_1_11' title="bbox 494 1329 2092 1403; baseline 0.003 -23"><span class='ocrx_word' id='word_1_68' title='bbox 494 1329 762 1398; x_wconf 80' lang='lat' dir='ltr'><strong>spiritus,</strong></span> <span class='ocrx_word' id='word_1_69' title='bbox 815 1330 1106 1400; x_wconf 75' lang='grc' dir='ltr'><strong>γράμματι</strong></span> <span class='ocrx_word' id='word_1_70' title='bbox 1162 1329 1400 1399; x_wconf 78' lang='grc' dir='ltr'><strong>πνεῦμα,</strong></span> <span class='ocrx_word' id='word_1_71' title='bbox 1455 1329 1740 1400; x_wconf 55' lang='lat' dir='ltr'><strong>praefertur</strong></span> <span class='ocrx_word' id='word_1_72' title='bbox 1777 1332 1914 1403; x_wconf 83' lang='lat'><strong>(75).</strong></span> <span class='ocrx_word' id='word_1_73' title='bbox 1975 1331 2092 1386; x_wconf 83' lang='lat' dir='ltr'><strong>Non</strong></span> 
     </span>
    </p>
   </div>
   <div class='ocr_carea' id='block_1_12' title="bbox 484 1422 2097 1493">
    <p class='ocr_par' dir='ltr' id='par_1_12' title="bbox 484 1422 2097 1493">
     <span class='ocr_line' id='line_1_12' title="bbox 484 1422 2097 1493; baseline 0.002 -18"><span class='ocrx_word' id='word_1_74' title='bbox 484 1422 917 1490; x_wconf 84' lang='lat' dir='ltr'><strong>cunctaquidetn</strong></span> <span class='ocrx_word' id='word_1_75' title='bbox 955 1422 1634 1492; x_wconf 73' lang='lat' dir='ltr'><strong>solide,veruinpleraque</strong></span> <span class='ocrx_word' id='word_1_76' title='bbox 1667 1425 1954 1493; x_wconf 77' lang='lat' dir='ltr'><strong>perspicue</strong></span> <span class='ocrx_word' id='word_1_77' title='bbox 2002 1441 2097 1479; x_wconf 77' lang='lat' dir='ltr'><strong>cx-</strong></span> 
     </span>
    </p>
   </div>
   <div class='ocr_carea' id='block_1_13' title="bbox 491 1517 2094 1590">
    <p class='ocr_par' dir='ltr' id='par_1_13' title="bbox 491 1517 2094 1590">
     <span class='ocr_line' id='line_1_13' title="bbox 491 1517 2094 1590; baseline 0.006 -25"><span class='ocrx_word' id='word_1_78' title='bbox 491 1517 818 1584; x_wconf 83' lang='lat' dir='ltr'><strong>planantur;</strong></span> <span class='ocrx_word' id='word_1_79' title='bbox 849 1518 1087 1572; x_wconf 75' lang='lat' dir='ltr'><strong>varietas</strong></span> <span class='ocrx_word' id='word_1_80' title='bbox 1112 1527 1295 1572; x_wconf 89' lang='lat' dir='ltr'><strong>tamen</strong></span> <span class='ocrx_word' id='word_1_81' title='bbox 1332 1530 1385 1572; x_wconf 91' lang='lat' dir='ltr'><strong>et</strong></span> <span class='ocrx_word' id='word_1_82' title='bbox 1427 1530 1688 1573; x_wconf 78' lang='lat' dir='ltr'><strong>constans</strong></span> <span class='ocrx_word' id='word_1_83' title='bbox 1717 1520 2094 1590; x_wconf 84' lang='lat' dir='ltr'><strong>antiquiorum</strong></span> 
     </span>
    </p>
   </div>
   <div class='ocr_carea' id='block_1_14' title="bbox 487 1609 2094 1680">
    <p class='ocr_par' dir='ltr' id='par_1_14' title="bbox 487 1609 2094 1680">
     <span class='ocr_line' id='line_1_14' title="bbox 487 1609 2094 1680; baseline 0.004 -20"><span class='ocrx_word' id='word_1_84' title='bbox 487 1623 622 1661; x_wconf 88' lang='lat' dir='ltr'><strong>usus</strong></span> <span class='ocrx_word' id='word_1_85' title='bbox 653 1609 753 1663; x_wconf 91' lang='lat' dir='ltr'><strong>hos</strong></span> <span class='ocrx_word' id='word_1_86' title='bbox 779 1610 1206 1665; x_wconf 85' lang='lat' dir='ltr'><strong>commentarios</strong></span> <span class='ocrx_word' id='word_1_87' title='bbox 1228 1627 1346 1664; x_wconf 75' lang='lat' dir='ltr'><strong>exui</strong></span> <span class='ocrx_word' id='word_1_88' title='bbox 1365 1620 1593 1674; x_wconf 81' lang='lat' dir='ltr'><strong>nant,ex</strong></span> <span class='ocrx_word' id='word_1_89' title='bbox 1616 1612 1815 1680; x_wconf 83' lang='lat' dir='ltr'><strong>quilms</strong></span> <span class='ocrx_word' id='word_1_90' title='bbox 1837 1613 2094 1680; x_wconf 89' lang='lat' dir='ltr'><strong>plurima,</strong></span> 
     </span>
    </p>
   </div>
   <div class='ocr_carea' id='block_1_15' title="bbox 488 1701 2096 1773">
    <p class='ocr_par' dir='ltr' id='par_1_15' title="bbox 488 1701 2096 1773">
     <span class='ocr_line' id='line_1_15' title="bbox 488 1701 2096 1773; baseline 0.005 -19"><span class='ocrx_word' id='word_1_91' title='bbox 488 1717 610 1770; x_wconf 73' lang='lat' dir='ltr'><strong>qute</strong></span> <span class='ocrx_word' id='word_1_92' title='bbox 637 1701 791 1756; x_wconf 84' lang='lat' dir='ltr'><strong>Pauli</strong></span> <span class='ocrx_word' id='word_1_93' title='bbox 840 1702 1110 1773; x_wconf 82' lang='lat' dir='ltr'><strong>Epistolas</strong></span> <span class='ocrx_word' id='word_1_94' title='bbox 1138 1705 1433 1770; x_wconf 90' lang='lat' dir='ltr'><strong>illustrant,</strong></span> <span class='ocrx_word' id='word_1_95' title='bbox 1457 1706 1666 1761; x_wconf 84' lang='lat' dir='ltr'><strong>scholia</strong></span> <span class='ocrx_word' id='word_1_96' title='bbox 1697 1706 1751 1760; x_wconf 90' lang='lat' dir='ltr'><strong>in</strong></span> <span class='ocrx_word' id='word_1_97' title='bbox 1770 1705 2096 1762; x_wconf 70' lang='lat' dir='ltr'><strong>(Ecumenii</strong></span> 
     </span>
    </p>
   </div>
   <div class='ocr_carea' id='block_1_16' title="bbox 490 1796 1326 1851">
    <p class='ocr_par' dir='ltr' id='par_1_16' title="bbox 490 1796 1326 1851">
     <span class='ocr_line' id='line_1_16' title="bbox 490 1796 1326 1851; baseline 0.006 -5"><span class='ocrx_word' id='word_1_98' title='bbox 490 1796 919 1849; x_wconf 84' lang='lat' dir='ltr'><strong>commentarios</strong></span> <span class='ocrx_word' id='word_1_99' title='bbox 967 1796 1326 1851; x_wconf 87' lang='lat' dir='ltr'><strong>transierunt.</strong></span> 
     </span>
    </p>
   </div>
   <div class='ocr_carea' id='block_1_17' title="bbox 2193 594 3788 665">
    <p class='ocr_par' dir='ltr' id='par_1_17' title="bbox 2193 594 3788 665">
     <span class='ocr_line' id='line_1_17' title="bbox 2193 594 3788 665; baseline 0.002 -18"><span class='ocrx_word' id='word_1_100' title='bbox 2193 594 2324 650; x_wconf 90' lang='lat' dir='ltr'><strong>dum</strong></span> <span class='ocrx_word' id='word_1_101' title='bbox 2352 611 2452 650; x_wconf 92' lang='lat' dir='ltr'><strong>nec</strong></span> <span class='ocrx_word' id='word_1_102' title='bbox 2483 596 2683 650; x_wconf 86' lang='lat' dir='ltr'><strong>desunt</strong></span> <span class='ocrx_word' id='word_1_103' title='bbox 2717 595 3008 658; x_wconf 75' lang='lat' dir='ltr'><strong>Diatribw,</strong></span> <span class='ocrx_word' id='word_1_104' title='bbox 3039 595 3092 649; x_wconf 92' lang='lat' dir='ltr'><strong>in</strong></span> <span class='ocrx_word' id='word_1_105' title='bbox 3125 596 3328 665; x_wconf 82' lang='lat' dir='ltr'><strong>quibus</strong></span> <span class='ocrx_word' id='word_1_106' title='bbox 3363 595 3594 650; x_wconf 79' lang='lat' dir='ltr'><strong>Photius</strong></span> <span class='ocrx_word' id='word_1_107' title='bbox 3626 595 3788 650; x_wconf 78' lang='lat' dir='ltr'><strong>nimis</strong></span> 
     </span>
    </p>
   </div>
   <div class='ocr_carea' id='block_1_18' title="bbox 2193 689 3782 759">
    <p class='ocr_par' dir='ltr' id='par_1_18' title="bbox 2193 689 3782 759">
     <span class='ocr_line' id='line_1_18' title="bbox 2193 689 3782 759; baseline -0.002 -16"><span class='ocrx_word' id='word_1_108' title='bbox 2193 703 2297 743; x_wconf 88' lang='lat' dir='ltr'><strong>suo</strong></span> <span class='ocrx_word' id='word_1_109' title='bbox 2328 689 2545 759; x_wconf 83' lang='lat' dir='ltr'><strong>ingenio</strong></span> <span class='ocrx_word' id='word_1_110' title='bbox 2564 689 2807 758; x_wconf 84' lang='lat' dir='ltr'><strong>indulget</strong></span> <span class='ocrx_word' id='word_1_111' title='bbox 2825 699 2881 744; x_wconf 89' lang='lat' dir='ltr'><strong>et</strong></span> <span class='ocrx_word' id='word_1_112' title='bbox 2909 689 3072 743; x_wconf 90' lang='lat' dir='ltr'><strong>modo</strong></span> <span class='ocrx_word' id='word_1_113' title='bbox 3093 689 3377 744; x_wconf 84' lang='lat' dir='ltr'><strong>brevitatis</strong></span> <span class='ocrx_word' id='word_1_114' title='bbox 3394 689 3599 752; x_wconf 88' lang='lat' dir='ltr'><strong>studio,</strong></span> <span class='ocrx_word' id='word_1_115' title='bbox 3622 690 3782 741; x_wconf 82' lang='lat' dir='ltr'><strong>modo</strong></span> 
     </span>
    </p>
   </div>
   <div class='ocr_carea' id='block_1_19' title="bbox 2194 777 3787 850">
    <p class='ocr_par' dir='ltr' id='par_1_19' title="bbox 2194 777 3787 850">
     <span class='ocr_line' id='line_1_19' title="bbox 2194 777 3787 850; baseline -0.003 -16"><span class='ocrx_word' id='word_1_116' title='bbox 2194 780 2486 835; x_wconf 79' lang='lat' dir='ltr'><strong>verborum</strong></span> <span class='ocrx_word' id='word_1_117' title='bbox 2503 781 3011 850; x_wconf 91' lang='lat' dir='ltr'><strong>sententiarumque</strong></span> <span class='ocrx_word' id='word_1_118' title='bbox 3027 782 3180 850; x_wconf 86' lang='lat' dir='ltr'><strong>copia</strong></span> <span class='ocrx_word' id='word_1_119' title='bbox 3203 781 3475 834; x_wconf 88' lang='lat' dir='ltr'><strong>obscurus</strong></span> <span class='ocrx_word' id='word_1_120' title='bbox 3501 780 3578 835; x_wconf 86' lang='lat' dir='ltr'><strong>fit.</strong></span> <span class='ocrx_word' id='word_1_121' title='bbox 3603 777 3787 848; x_wconf 86' lang='lat' dir='ltr'><strong>Neque</strong></span> 
     </span>
    </p>
   </div>
   <div class='ocr_carea' id='block_1_20' title="bbox 2196 872 3785 944">
    <p class='ocr_par' dir='ltr' id='par_1_20' title="bbox 2196 872 3785 944">
     <span class='ocr_line' id='line_1_20' title="bbox 2196 872 3785 944; baseline -0.004 -16"><span class='ocrx_word' id='word_1_122' title='bbox 2196 873 2470 928; x_wconf 88' lang='lat' dir='ltr'><strong>scribendi</strong></span> <span class='ocrx_word' id='word_1_123' title='bbox 2521 888 2695 944; x_wconf 91' lang='lat' dir='ltr'><strong>genus</strong></span> <span class='ocrx_word' id='word_1_124' title='bbox 2719 873 2910 927; x_wconf 88' lang='lat' dir='ltr'><strong>eodem</strong></span> <span class='ocrx_word' id='word_1_125' title='bbox 2953 872 3185 941; x_wconf 89' lang='lat' dir='ltr'><strong>jndicari</strong></span> <span class='ocrx_word' id='word_1_126' title='bbox 3231 874 3393 926; x_wconf 88' lang='lat' dir='ltr'><strong>tnodo</strong></span> <span class='ocrx_word' id='word_1_127' title='bbox 3429 880 3640 940; x_wconf 84' lang='lat' dir='ltr'><strong>potest.</strong></span> <span class='ocrx_word' id='word_1_128' title='bbox 3675 880 3785 924; x_wconf 91' lang='lat' dir='ltr'><strong>tum</strong></span> 
     </span>
    </p>
   </div>
   <div class='ocr_carea' id='block_1_21' title="bbox 2196 964 3791 1036">
    <p class='ocr_par' dir='ltr' id='par_1_21' title="bbox 2196 964 3791 1036">
     <span class='ocr_line' id='line_1_21' title="bbox 2196 964 3791 1036; baseline -0.003 -17"><span class='ocrx_word' id='word_1_129' title='bbox 2196 967 2340 1036; x_wconf 88' lang='lat' dir='ltr'><strong>quod</strong></span> <span class='ocrx_word' id='word_1_130' title='bbox 2369 981 2433 1019; x_wconf 78' lang='lat' dir='ltr'><strong>ex</strong></span> <span class='ocrx_word' id='word_1_131' title='bbox 2464 974 2543 1019; x_wconf 90' lang='lat' dir='ltr'><strong>tot</strong></span> <span class='ocrx_word' id='word_1_132' title='bbox 2583 964 2903 1019; x_wconf 78' lang='lat' dir='ltr'><strong>auctoribus</strong></span> <span class='ocrx_word' id='word_1_133' title='bbox 2943 965 3104 1034; x_wconf 88' lang='lat' dir='ltr'><strong>plane</strong></span> <span class='ocrx_word' id='word_1_134' title='bbox 3130 965 3362 1019; x_wconf 88' lang='lat' dir='ltr'><strong>diversis</strong></span> <span class='ocrx_word' id='word_1_135' title='bbox 3413 965 3791 1033; x_wconf 68' lang='lat' dir='ltr'><strong>singularique</strong></span> 
     </span>
    </p>
   </div>
   <div class='ocr_carea' id='block_1_22' title="bbox 2195 1051 3788 1123">
    <p class='ocr_par' dir='ltr' id='par_1_22' title="bbox 2195 1051 3788 1123">
     <span class='ocr_line' id='line_1_22' title="bbox 2195 1051 3788 1123; baseline -0.005 -13"><span class='ocrx_word' id='word_1_136' title='bbox 2195 1055 2527 1110; x_wconf 88' lang='lat' dir='ltr'><strong>elocutionis</strong></span> <span class='ocrx_word' id='word_1_137' title='bbox 2547 1054 2722 1110; x_wconf 89' lang='lat' dir='ltr'><strong>forma</strong></span> <span class='ocrx_word' id='word_1_138' title='bbox 2742 1055 3016 1109; x_wconf 83' lang='lat' dir='ltr'><strong>distinctis</strong></span> <span class='ocrx_word' id='word_1_139' title='bbox 3037 1054 3267 1123; x_wconf 88' lang='lat' dir='ltr'><strong>plurima</strong></span> <span class='ocrx_word' id='word_1_140' title='bbox 3285 1053 3528 1108; x_wconf 82' lang='lat' dir='ltr'><strong>derivata</strong></span> <span class='ocrx_word' id='word_1_141' title='bbox 3546 1051 3788 1112; x_wconf 90' lang='lat' dir='ltr'><strong>fuerunt,</strong></span> 
     </span>
    </p>
   </div>
   <div class='ocr_carea' id='block_1_23' title="bbox 2198 1144 3789 1219">
    <p class='ocr_par' dir='ltr' id='par_1_23' title="bbox 2198 1144 3789 1219">
     <span class='ocr_line' id='line_1_23' title="bbox 2198 1144 3789 1219; baseline -0.003 -17"><span class='ocrx_word' id='word_1_142' title='bbox 2198 1158 2314 1203; x_wconf 88' lang='lat' dir='ltr'><strong>tum</strong></span> <span class='ocrx_word' id='word_1_143' title='bbox 2341 1150 2486 1219; x_wconf 88' lang='lat' dir='ltr'><strong>quod</strong></span> <span class='ocrx_word' id='word_1_144' title='bbox 2521 1149 2636 1217; x_wconf 92' lang='lat' dir='ltr'><strong>ipse</strong></span> <span class='ocrx_word' id='word_1_145' title='bbox 2660 1149 2912 1209; x_wconf 84' lang='lat' dir='ltr'><strong>Photius,</strong></span> <span class='ocrx_word' id='word_1_146' title='bbox 2941 1147 3034 1216; x_wconf 89' lang='lat' dir='ltr'><strong>qui</strong></span> <span class='ocrx_word' id='word_1_147' title='bbox 3062 1157 3171 1201; x_wconf 90' lang='lat' dir='ltr'><strong>tam</strong></span> <span class='ocrx_word' id='word_1_148' title='bbox 3215 1146 3492 1215; x_wconf 75' lang='lat' dir='ltr'><strong>ingentem</strong></span> <span class='ocrx_word' id='word_1_149' title='bbox 3524 1144 3789 1198; x_wconf 89' lang='lat' dir='ltr'><strong>librorum</strong></span> 
     </span>
    </p>
   </div>
   <div class='ocr_carea' id='block_1_24' title="bbox 2199 1238 3793 1311">
    <p class='ocr_par' dir='ltr' id='par_1_24' title="bbox 2199 1238 3793 1311">
     <span class='ocr_line' id='line_1_24' title="bbox 2199 1238 3793 1311; baseline -0.006 -14"><span class='ocrx_word' id='word_1_150' title='bbox 2199 1243 2410 1311; x_wconf 64' lang='lat' dir='ltr'><strong>cltpiam</strong></span> <span class='ocrx_word' id='word_1_151' title='bbox 2439 1242 2737 1301; x_wconf 85' lang='lat' dir='ltr'><strong>evolverat.</strong></span> <span class='ocrx_word' id='word_1_152' title='bbox 2771 1257 2800 1294; x_wconf 91' lang='lat' dir='ltr'><strong>a</strong></span> <span class='ocrx_word' id='word_1_153' title='bbox 2851 1240 3053 1310; x_wconf 79' lang='lat' dir='ltr'><strong>seipse,</strong></span> <span class='ocrx_word' id='word_1_154' title='bbox 3079 1239 3225 1309; x_wconf 91' lang='lat' dir='ltr'><strong>quod</strong></span> <span class='ocrx_word' id='word_1_155' title='bbox 3251 1239 3318 1292; x_wconf 87' lang='lat' dir='ltr'><strong>ad</strong></span> <span class='ocrx_word' id='word_1_156' title='bbox 3343 1238 3638 1292; x_wconf 86' lang='lat' dir='ltr'><strong>dictionem</strong></span> <span class='ocrx_word' id='word_1_157' title='bbox 3665 1250 3793 1303; x_wconf 84' lang='lat' dir='ltr'><strong>spe-</strong></span> 
     </span>
    </p>
   </div>
   <div class='ocr_carea' id='block_1_25' title="bbox 2198 1329 3791 1398">
    <p class='ocr_par' dir='ltr' id='par_1_25' title="bbox 2198 1329 3791 1398">
     <span class='ocr_line' id='line_1_25' title="bbox 2198 1329 3791 1398; baseline -0.003 -14"><span class='ocrx_word' id='word_1_158' title='bbox 2198 1341 2329 1390; x_wconf 91' lang='lat' dir='ltr'><strong>ctat.</strong></span> <span class='ocrx_word' id='word_1_159' title='bbox 2351 1329 2625 1383; x_wconf 89' lang='lat' dir='ltr'><strong>interdum</strong></span> <span class='ocrx_word' id='word_1_160' title='bbox 2649 1331 2940 1398; x_wconf 82' lang='lat' dir='ltr'><strong>discrepat.</strong></span> <span class='ocrx_word' id='word_1_161' title='bbox 2967 1331 3110 1383; x_wconf 82' lang='lat' dir='ltr'><strong>Sane</strong></span> <span class='ocrx_word' id='word_1_162' title='bbox 3129 1329 3534 1398; x_wconf 80' lang='lat' dir='ltr'><strong>nemoiguorat,</strong></span> <span class='ocrx_word' id='word_1_163' title='bbox 3553 1333 3791 1397; x_wconf 84' lang='lat' dir='ltr'><strong>quanto-</strong></span> 
     </span>
    </p>
   </div>
   <div class='ocr_carea' id='block_1_26' title="bbox 2199 1418 3790 1486">
    <p class='ocr_par' dir='ltr' id='par_1_26' title="bbox 2199 1418 3790 1486">
     <span class='ocr_line' id='line_1_26' title="bbox 2199 1418 3790 1486; baseline 0.003 -19"><span class='ocrx_word' id='word_1_164' title='bbox 2199 1434 2326 1486; x_wconf 86' lang='lat' dir='ltr'><strong>pere</strong></span> <span class='ocrx_word' id='word_1_165' title='bbox 2356 1418 2762 1470; x_wconf 70' lang='lat' dir='ltr'><strong>eruditissimus</strong></span> <span class='ocrx_word' id='word_1_166' title='bbox 2801 1422 2880 1470; x_wconf 88' lang='lat' dir='ltr'><strong>vir</strong></span> <span class='ocrx_word' id='word_1_167' title='bbox 2907 1432 2936 1469; x_wconf 90' lang='lat' dir='ltr'><strong>a</strong></span> <span class='ocrx_word' id='word_1_168' title='bbox 2967 1418 3197 1472; x_wconf 89' lang='lat' dir='ltr'><strong>candida</strong></span> <span class='ocrx_word' id='word_1_169' title='bbox 3233 1418 3540 1486; x_wconf 90' lang='lat' dir='ltr'><strong>priscorum</strong></span> <span class='ocrx_word' id='word_1_170' title='bbox 3574 1419 3790 1471; x_wconf 80' lang='lat' dir='ltr'><strong>Attico-</strong></span> 
     </span>
    </p>
   </div>
   <div class='ocr_carea' id='block_1_27' title="bbox 2201 1507 3793 1580">
    <p class='ocr_par' dir='ltr' id='par_1_27' title="bbox 2201 1507 3793 1580">
     <span class='ocr_line' id='line_1_27' title="bbox 2201 1507 3793 1580; baseline 0.003 -20"><span class='ocrx_word' id='word_1_171' title='bbox 2201 1523 2322 1561; x_wconf 92' lang='lat' dir='ltr'><strong>rum</strong></span> <span class='ocrx_word' id='word_1_172' title='bbox 2370 1508 2722 1576; x_wconf 85' lang='lat' dir='ltr'><strong>simplicitate</strong></span> <span class='ocrx_word' id='word_1_173' title='bbox 2755 1517 2809 1561; x_wconf 89' lang='lat' dir='ltr'><strong>et</strong></span> <span class='ocrx_word' id='word_1_174' title='bbox 2855 1508 3125 1577; x_wconf 80' lang='lat' dir='ltr'><strong>elegantia</strong></span> <span class='ocrx_word' id='word_1_175' title='bbox 3157 1507 3472 1571; x_wconf 82' lang='lat' dir='ltr'><strong>deﬂexerit,</strong></span> <span class='ocrx_word' id='word_1_176' title='bbox 3511 1525 3793 1580; x_wconf 87' lang='lat' dir='ltr'><strong>quamque</strong></span> 
     </span>
    </p>
   </div>
   <div class='ocr_carea' id='block_1_28' title="bbox 2200 1599 3792 1671">
    <p class='ocr_par' dir='ltr' id='par_1_28' title="bbox 2200 1599 3792 1671">
     <span class='ocr_line' id='line_1_28' title="bbox 2200 1599 3792 1671; baseline 0.003 -18"><span class='ocrx_word' id='word_1_177' title='bbox 2200 1616 2326 1653; x_wconf 85' lang='lat' dir='ltr'><strong>raro</strong></span> <span class='ocrx_word' id='word_1_178' title='bbox 2360 1601 2634 1669; x_wconf 87' lang='lat' dir='ltr'><strong>puriorem</strong></span> <span class='ocrx_word' id='word_1_179' title='bbox 2667 1599 2818 1652; x_wconf 93' lang='lat' dir='ltr'><strong>illum</strong></span> <span class='ocrx_word' id='word_1_180' title='bbox 2845 1599 3062 1653; x_wconf 85' lang='lat' dir='ltr'><strong>dicendi</strong></span> <span class='ocrx_word' id='word_1_181' title='bbox 3086 1601 3306 1654; x_wconf 91' lang='lat' dir='ltr'><strong>modum</strong></span> <span class='ocrx_word' id='word_1_182' title='bbox 3337 1601 3603 1669; x_wconf 81' lang='lat' dir='ltr'><strong>attigerit,</strong></span> <span class='ocrx_word' id='word_1_183' title='bbox 3628 1617 3792 1671; x_wconf 83' lang='lat' dir='ltr'><strong>quem</strong></span> 
     </span>
    </p>
   </div>
   <div class='ocr_carea' id='block_1_29' title="bbox 2202 1691 3796 1762">
    <p class='ocr_par' dir='ltr' id='par_1_29' title="bbox 2202 1691 3796 1762">
     <span class='ocr_line' id='line_1_29' title="bbox 2202 1691 3796 1762; baseline 0 -15"><span class='ocrx_word' id='word_1_184' title='bbox 2202 1709 2260 1747; x_wconf 91' lang='lat' dir='ltr'><strong>se</strong></span> <span class='ocrx_word' id='word_1_185' title='bbox 2292 1693 2506 1762; x_wconf 87' lang='lat' dir='ltr'><strong>plurimi</strong></span> <span class='ocrx_word' id='word_1_186' title='bbox 2565 1691 2744 1746; x_wconf 89' lang='lat' dir='ltr'><strong>facere</strong></span> <span class='ocrx_word' id='word_1_187' title='bbox 2780 1706 3158 1760; x_wconf 70' lang='lat' dir='ltr'><strong>saapenumero</strong></span> <span class='ocrx_word' id='word_1_188' title='bbox 3212 1702 3568 1760; x_wconf 88' lang='lat' dir='ltr'><strong>protestatur,</strong></span> <span class='ocrx_word' id='word_1_189' title='bbox 3601 1708 3796 1762; x_wconf 81' lang='lat' dir='ltr'><strong>quem-</strong></span> 
     </span>
    </p>
   </div>
   <div class='ocr_carea' id='block_1_30' title="bbox 2203 1785 3798 1859">
    <p class='ocr_par' dir='ltr' id='par_1_30' title="bbox 2203 1785 3798 1859">
     <span class='ocr_line' id='line_1_30' title="bbox 2203 1785 3798 1859; baseline 0.003 -21"><span class='ocrx_word' id='word_1_190' title='bbox 2203 1801 2310 1854; x_wconf 91' lang='lat' dir='ltr'><strong>que</strong></span> <span class='ocrx_word' id='word_1_191' title='bbox 2339 1785 2618 1852; x_wconf 87' lang='lat' dir='ltr'><strong>discipulis</strong></span> <span class='ocrx_word' id='word_1_192' title='bbox 2667 1794 2929 1854; x_wconf 89' lang='lat' dir='ltr'><strong>tanquam</strong></span> <span class='ocrx_word' id='word_1_193' title='bbox 2976 1788 3282 1842; x_wconf 89' lang='lat' dir='ltr'><strong>studiorum</strong></span> <span class='ocrx_word' id='word_1_194' title='bbox 3312 1796 3513 1842; x_wconf 89' lang='lat' dir='ltr'><strong>metam</strong></span> <span class='ocrx_word' id='word_1_195' title='bbox 3540 1789 3798 1859; x_wconf 85' lang='lat' dir='ltr'><strong>proponit</strong></span> 
     </span>
    </p>
   </div>
   <div class='ocr_carea' id='block_1_31' title="bbox 560 1858 2097 1956">
    <p class='ocr_par' dir='ltr' id='par_1_31' title="bbox 560 1881 2089 1956">
     <span class='ocr_line' id='line_1_31' title="bbox 560 1881 2089 1956; baseline 0.009 -22"><span class='ocrx_word' id='word_1_196' title='bbox 560 1881 650 1935; x_wconf 82' lang='grc'><strong>12.</strong></span> <span class='ocrx_word' id='word_1_197' title='bbox 692 1882 772 1934; x_wconf 88' lang='lat' dir='ltr'><strong>Ad</strong></span> <span class='ocrx_word' id='word_1_198' title='bbox 817 1883 1046 1938; x_wconf 87' lang='lat' dir='ltr'><strong>alteram</strong></span> <span class='ocrx_word' id='word_1_199' title='bbox 1084 1885 1282 1940; x_wconf 89' lang='lat' dir='ltr'><strong>seriem</strong></span> <span class='ocrx_word' id='word_1_200' title='bbox 1317 1886 1462 1956; x_wconf 86' lang='lat' dir='ltr'><strong>quod</strong></span> <span class='ocrx_word' id='word_1_201' title='bbox 1509 1887 1724 1955; x_wconf 88' lang='lat' dir='ltr'><strong>attinet,</strong></span> <span class='ocrx_word' id='word_1_202' title='bbox 1764 1890 1986 1944; x_wconf 84' lang='lat' dir='ltr'><strong>circiter</strong></span> <span class='ocrx_word' id='word_1_203' title='bbox 2019 1891 2089 1947; x_wconf 85' lang='lat'><strong>50</strong></span> 
     </span>
    </p>
   </div>
   <div class='ocr_carea' id='block_1_32' title="bbox 2200 1858 3797 1956">
    <p class='ocr_par' dir='ltr' id='par_1_32' title="bbox 2204 1858 3797 1951">
     <span class='ocr_line' id='line_1_32' title="bbox 2204 1858 3797 1951; baseline 0 -19"><span class='ocrx_word' id='word_1_204' title='bbox 2204 1879 2672 1950; x_wconf 86' lang='lat' dir='ltr'><strong>prosequendum.</strong></span> <span class='ocrx_word' id='word_1_205' title='bbox 2711 1879 2902 1934; x_wconf 86' lang='lat' dir='ltr'><strong>Oratio</strong></span> <span class='ocrx_word' id='word_1_206' title='bbox 2931 1879 3053 1948; x_wconf 88' lang='lat' dir='ltr'><strong>ejus</strong></span> <span class='ocrx_word' id='word_1_207' title='bbox 3085 1896 3227 1950; x_wconf 66' lang='lat' dir='ltr'><strong>szepe</strong></span> <span class='ocrx_word' id='word_1_208' title='bbox 3275 1881 3543 1949; x_wconf 88' lang='lat' dir='ltr'><strong>ampullas</strong></span> <span class='ocrx_word' id='word_1_209' title='bbox 3579 1858 3797 1951; x_wconf 69' lang='lat' dir='ltr'><strong>proiicit</strong></span> 
     </span>
    </p>
   </div>
   <div class='ocr_carea' id='block_1_33' title="bbox 489 1974 2087 2051">
    <p class='ocr_par' dir='ltr' id='par_1_33' title="bbox 489 1974 2087 2051">
     <span class='ocr_line' id='line_1_33' title="bbox 489 1974 2087 2051; baseline 0.009 -28"><span class='ocrx_word' id='word_1_210' title='bbox 489 1974 826 2041; x_wconf 77' lang='lat' dir='ltr'><strong>qtnestiones</strong></span> <span class='ocrx_word' id='word_1_211' title='bbox 862 1988 1186 2046; x_wconf 89' lang='lat' dir='ltr'><strong>argumenta</strong></span> <span class='ocrx_word' id='word_1_212' title='bbox 1227 1978 1536 2049; x_wconf 83' lang='lat' dir='ltr'><strong>dogmatica</strong></span> <span class='ocrx_word' id='word_1_213' title='bbox 1570 1992 2003 2051; x_wconf 90' lang='lat' dir='ltr'><strong>prosequuntur.</strong></span> <span class='ocrx_word' id='word_1_214' title='bbox 2027 1983 2087 2039; x_wconf 87' lang='lat' dir='ltr'><strong>In</strong></span> 
     </span>
    </p>
   </div>
   <div class='ocr_carea' id='block_1_34' title="bbox 491 2068 2086 2150">
    <p class='ocr_par' dir='ltr' id='par_1_34' title="bbox 491 2068 2086 2150">
     <span class='ocr_line' id='line_1_34' title="bbox 491 2068 2086 2150; baseline 0.008 -28"><span class='ocrx_word' id='word_1_215' title='bbox 491 2068 576 2123; x_wconf 89' lang='lat' dir='ltr'><strong>his</strong></span> <span class='ocrx_word' id='word_1_216' title='bbox 607 2072 869 2142; x_wconf 80' lang='lat' dir='ltr'><strong>mysteria</strong></span> <span class='ocrx_word' id='word_1_217' title='bbox 891 2071 1177 2130; x_wconf 83' lang='lat' dir='ltr'><strong>Trinitatis</strong></span> <span class='ocrx_word' id='word_1_218' title='bbox 1198 2085 1252 2129; x_wconf 92' lang='lat' dir='ltr'><strong>et</strong></span> <span class='ocrx_word' id='word_1_219' title='bbox 1283 2075 1680 2133; x_wconf 86' lang='lat' dir='ltr'><strong>incarnationis</strong></span> <span class='ocrx_word' id='word_1_220' title='bbox 1712 2079 1952 2150; x_wconf 90' lang='lat' dir='ltr'><strong>primum</strong></span> <span class='ocrx_word' id='word_1_221' title='bbox 1981 2080 2086 2135; x_wconf 88' lang='lat' dir='ltr'><strong>sibi</strong></span> 
     </span>
    </p>
   </div>
   <div class='ocr_carea' id='block_1_35' title="bbox 491 2161 2092 2243">
    <p class='ocr_par' dir='ltr' id='par_1_35' title="bbox 491 2161 2092 2243">
     <span class='ocr_line' id='line_1_35' title="bbox 491 2161 2092 2243; baseline 0.007 -28"><span class='ocrx_word' id='word_1_222' title='bbox 491 2161 674 2216; x_wconf 79' lang='lat' dir='ltr'><strong>locum</strong></span> <span class='ocrx_word' id='word_1_223' title='bbox 705 2163 1001 2230; x_wconf 86' lang='lat' dir='ltr'><strong>vindicant,</strong></span> <span class='ocrx_word' id='word_1_224' title='bbox 1031 2167 1098 2220; x_wconf 90' lang='lat' dir='ltr'><strong>de</strong></span> <span class='ocrx_word' id='word_1_225' title='bbox 1120 2167 1320 2234; x_wconf 88' lang='lat' dir='ltr'><strong>quibus</strong></span> <span class='ocrx_word' id='word_1_226' title='bbox 1349 2173 1549 2243; x_wconf 71' lang='lat' dir='ltr'><strong>smpius</strong></span> <span class='ocrx_word' id='word_1_227' title='bbox 1582 2173 1718 2243; x_wconf 73' lang='grc'>(71),</span> <span class='ocrx_word' id='word_1_228' title='bbox 1778 2173 1882 2227; x_wconf 89' lang='lat' dir='ltr'><strong>etsi</strong></span> <span class='ocrx_word' id='word_1_229' title='bbox 1924 2173 2092 2227; x_wconf 83' lang='lat' dir='ltr'><strong>inter-</strong></span> 
     </span>
    </p>
   </div>
   <div class='ocr_carea' id='block_1_36' title="bbox 491 2255 2092 2335">
    <p class='ocr_par' dir='ltr' id='par_1_36' title="bbox 491 2255 2092 2335">
     <span class='ocr_line' id='line_1_36' title="bbox 491 2255 2092 2335; baseline 0.007 -28"><span class='ocrx_word' id='word_1_230' title='bbox 491 2255 619 2309; x_wconf 90' lang='lat' dir='ltr'><strong>dum</strong></span> <span class='ocrx_word' id='word_1_231' title='bbox 675 2257 931 2312; x_wconf 89' lang='lat' dir='ltr'><strong>subtilius</strong></span> <span class='ocrx_word' id='word_1_232' title='bbox 965 2275 1131 2329; x_wconf 83' lang='lat' dir='ltr'><strong>quam</strong></span> <span class='ocrx_word' id='word_1_233' title='bbox 1187 2262 1372 2317; x_wconf 88' lang='lat' dir='ltr'><strong>verius</strong></span> <span class='ocrx_word' id='word_1_234' title='bbox 1395 2301 1411 2327; x_wconf 90' lang='lat'><strong>,</strong></span> <span class='ocrx_word' id='word_1_235' title='bbox 1443 2263 1770 2330; x_wconf 89' lang='lat' dir='ltr'><strong>disseritur;</strong></span> <span class='ocrx_word' id='word_1_236' title='bbox 1806 2265 2092 2335; x_wconf 68' lang='lat' dir='ltr'><strong>poleniicm</strong></span> 
     </span>
    </p>
   </div>
   <div class='ocr_carea' id='block_1_37' title="bbox 493 2348 2092 2427">
    <p class='ocr_par' dir='ltr' id='par_1_37' title="bbox 493 2348 2092 2427">
     <span class='ocr_line' id='line_1_37' title="bbox 493 2348 2092 2427; baseline 0.01 -32"><span class='ocrx_word' id='word_1_237' title='bbox 493 2361 713 2416; x_wconf 65' lang='lat' dir='ltr'><strong>quoque</strong></span> <span class='ocrx_word' id='word_1_238' title='bbox 743 2349 794 2401; x_wconf 92' lang='lat' dir='ltr'><strong>in</strong></span> <span class='ocrx_word' id='word_1_239' title='bbox 820 2348 1042 2406; x_wconf 79' lang='lat' dir='ltr'><strong>Latinos</strong></span> <span class='ocrx_word' id='word_1_240' title='bbox 1068 2351 1322 2408; x_wconf 69' lang='lat' dir='ltr'><strong>Diatribae</strong></span> <span class='ocrx_word' id='word_1_241' title='bbox 1343 2370 1450 2407; x_wconf 90' lang='lat' dir='ltr'><strong>non</strong></span> <span class='ocrx_word' id='word_1_242' title='bbox 1471 2355 1687 2419; x_wconf 89' lang='lat' dir='ltr'><strong>desunt,</strong></span> <span class='ocrx_word' id='word_1_243' title='bbox 1711 2358 1916 2427; x_wconf 85' lang='lat' dir='ltr'><strong>quibus</strong></span> <span class='ocrx_word' id='word_1_244' title='bbox 1941 2373 2092 2426; x_wconf 63' lang='lat' dir='ltr'><strong>qure-</strong></span> 
     </span>
    </p>
   </div>
   <div class='ocr_carea' id='block_1_38' title="bbox 492 2439 2093 2515">
    <p class='ocr_par' dir='ltr' id='par_1_38' title="bbox 492 2439 2093 2515">
     <span class='ocr_line' id='line_1_38' title="bbox 492 2439 2093 2515; baseline 0.009 -26"><span class='ocrx_word' id='word_1_245' title='bbox 492 2439 618 2492; x_wconf 91' lang='lat' dir='ltr'><strong>dam</strong></span> <span class='ocrx_word' id='word_1_246' title='bbox 647 2456 835 2494; x_wconf 80' lang='lat' dir='ltr'><strong>eorum</strong></span> <span class='ocrx_word' id='word_1_247' title='bbox 867 2441 934 2496; x_wconf 89' lang='lat' dir='ltr'><strong>de</strong></span> <span class='ocrx_word' id='word_1_248' title='bbox 959 2446 1310 2513; x_wconf 90' lang='lat' dir='ltr'><strong>proccssione</strong></span> <span class='ocrx_word' id='word_1_249' title='bbox 1343 2444 1580 2515; x_wconf 89' lang='lat' dir='ltr'><strong>Spiritus</strong></span> <span class='ocrx_word' id='word_1_250' title='bbox 1620 2449 1801 2504; x_wconf 88' lang='lat' dir='ltr'><strong>sancti</strong></span> <span class='ocrx_word' id='word_1_251' title='bbox 1829 2466 1898 2502; x_wconf 85' lang='lat' dir='ltr'><strong>ex</strong></span> <span class='ocrx_word' id='word_1_252' title='bbox 1932 2448 2093 2504; x_wconf 86' lang='lat' dir='ltr'><strong>Patre</strong></span> 
     </span>
    </p>
   </div>
   <div class='ocr_carea' id='block_1_39' title="bbox 492 2527 2095 2606">
    <p class='ocr_par' dir='ltr' id='par_1_39' title="bbox 492 2527 2095 2606">
     <span class='ocr_line' id='line_1_39' title="bbox 492 2527 2095 2606; baseline 0.007 -25"><span class='ocrx_word' id='word_1_253' title='bbox 492 2527 740 2600; x_wconf 79' lang='lat' dir='ltr'><strong>Filioque</strong></span> <span class='ocrx_word' id='word_1_254' title='bbox 763 2543 1088 2602; x_wconf 74' lang='lat' dir='ltr'><strong>argumenta</strong></span> <span class='ocrx_word' id='word_1_255' title='bbox 1115 2535 1456 2604; x_wconf 89' lang='lat' dir='ltr'><strong>impetuntur</strong></span> <span class='ocrx_word' id='word_1_256' title='bbox 1495 2537 1631 2606; x_wconf 80' lang='grc'>(75).</span> <span class='ocrx_word' id='word_1_257' title='bbox 1655 2537 1945 2593; x_wconf 89' lang='lat' dir='ltr'><strong>Tractatus</strong></span> <span class='ocrx_word' id='word_1_258' title='bbox 1962 2555 2095 2594; x_wconf 90' lang='lat' dir='ltr'><strong>vero</strong></span> 
     </span>
    </p>
   </div>
   <div class='ocr_carea' id='block_1_40' title="bbox 494 2621 2097 2701">
    <p class='ocr_par' dir='ltr' id='par_1_40' title="bbox 494 2621 2097 2701">
     <span class='ocr_line' id='line_1_40' title="bbox 494 2621 2097 2701; baseline 0.007 -26"><span class='ocrx_word' id='word_1_259' title='bbox 494 2621 574 2676; x_wconf 78' lang='lat' dir='ltr'><strong>De</strong></span> <span class='ocrx_word' id='word_1_260' title='bbox 613 2625 976 2679; x_wconf 74' lang='lat' dir='ltr'><strong>voluntatibus</strong></span> <span class='ocrx_word' id='word_1_261' title='bbox 1021 2629 1282 2697; x_wconf 78' lang='lat' dir='ltr'><strong>gnomicis</strong></span> <span class='ocrx_word' id='word_1_262' title='bbox 1321 2629 1510 2683; x_wconf 88' lang='lat' dir='ltr'><strong>subtili</strong></span> <span class='ocrx_word' id='word_1_263' title='bbox 1561 2631 1983 2701; x_wconf 80' lang='lat' dir='ltr'><strong>argumentandi</strong></span> <span class='ocrx_word' id='word_1_264' title='bbox 2043 2640 2097 2686; x_wconf 89' lang='lat' dir='ltr'><strong>ct</strong></span> 
     </span>
    </p>
   </div>
   <div class='ocr_carea' id='block_1_41' title="bbox 494 2716 2092 2792">
    <p class='ocr_par' dir='ltr' id='par_1_41' title="bbox 494 2716 2092 2792">
     <span class='ocr_line' id='line_1_41' title="bbox 494 2716 2092 2792; baseline 0.008 -26"><span class='ocrx_word' id='word_1_265' title='bbox 494 2716 804 2784; x_wconf 84' lang='lat' dir='ltr'><strong>argutiendi</strong></span> <span class='ocrx_word' id='word_1_266' title='bbox 844 2719 1006 2772; x_wconf 90' lang='lat' dir='ltr'><strong>modo</strong></span> <span class='ocrx_word' id='word_1_267' title='bbox 1054 2717 1217 2774; x_wconf 84' lang='lat' dir='ltr'><strong>facile</strong></span> <span class='ocrx_word' id='word_1_268' title='bbox 1265 2729 1497 2776; x_wconf 68' lang='lat' dir='ltr'><strong>caeteros</strong></span> <span class='ocrx_word' id='word_1_269' title='bbox 1523 2733 1766 2792; x_wconf 88' lang='lat' dir='ltr'><strong>superat.</strong></span> <span class='ocrx_word' id='word_1_270' title='bbox 1821 2723 2092 2779; x_wconf 71' lang='lat' dir='ltr'><strong>Przcterca</strong></span> 
     </span>
    </p>
   </div>
   <div class='ocr_carea' id='block_1_42' title="bbox 494 2808 2096 2883">
    <p class='ocr_par' dir='ltr' id='par_1_42' title="bbox 494 2808 2096 2883">
     <span class='ocr_line' id='line_1_42' title="bbox 494 2808 2096 2883; baseline 0.008 -24"><span class='ocrx_word' id='word_1_271' title='bbox 494 2808 694 2878; x_wconf 84' lang='lat' dir='ltr'><strong>dogma</strong></span> <span class='ocrx_word' id='word_1_272' title='bbox 743 2811 810 2864; x_wconf 92' lang='lat' dir='ltr'><strong>de</strong></span> <span class='ocrx_word' id='word_1_273' title='bbox 843 2813 1151 2866; x_wconf 81' lang='lat' dir='ltr'><strong>:eternitate</strong></span> <span class='ocrx_word' id='word_1_274' title='bbox 1195 2829 1486 2883; x_wconf 60' lang='lat' dir='ltr'><strong>pugnarum</strong></span> <span class='ocrx_word' id='word_1_275' title='bbox 1535 2815 1884 2882; x_wconf 80' lang='lat' dir='ltr'><strong>defenditur,</strong></span> <span class='ocrx_word' id='word_1_276' title='bbox 1933 2819 2096 2872; x_wconf 87' lang='lat' dir='ltr'><strong>realis</strong></span> 
     </span>
    </p>
   </div>
   <div class='ocr_carea' id='block_1_43' title="bbox 493 2889 2093 2979">
    <p class='ocr_par' dir='ltr' id='par_1_43' title="bbox 493 2889 2093 2979">
     <span class='ocr_line' id='line_1_43' title="bbox 493 2889 2093 2979; baseline 0.008 -25"><span class='ocrx_word' id='word_1_277' title='bbox 493 2889 704 2955; x_wconf 81' lang='lat' dir='ltr'><strong>Christi</strong></span> <span class='ocrx_word' id='word_1_278' title='bbox 764 2903 819 2956; x_wconf 93' lang='lat' dir='ltr'><strong>in</strong></span> <span class='ocrx_word' id='word_1_279' title='bbox 875 2904 1225 2962; x_wconf 85' lang='lat' dir='ltr'><strong>Eucharislia</strong></span> <span class='ocrx_word' id='word_1_280' title='bbox 1275 2910 1606 2978; x_wconf 79' lang='lat' dir='ltr'><strong>praesentia,</strong></span> <span class='ocrx_word' id='word_1_281' title='bbox 1673 2911 1979 2979; x_wconf 89' lang='lat' dir='ltr'><strong>baptismns</strong></span> <span class='ocrx_word' id='word_1_282' title='bbox 2041 2913 2093 2966; x_wconf 91' lang='lat' dir='ltr'><strong>in</strong></span> 
     </span>
    </p>
   </div>
   <div class='ocr_carea' id='block_1_44' title="bbox 495 2989 2094 3071">
    <p class='ocr_par' dir='ltr' id='par_1_44' title="bbox 495 2989 2094 3071">
     <span class='ocr_line' id='line_1_44' title="bbox 495 2989 2094 3071; baseline 0.009 -28"><span class='ocrx_word' id='word_1_283' title='bbox 495 2989 785 3048; x_wconf 80' lang='lat' dir='ltr'><strong>Trinitatis</strong></span> <span class='ocrx_word' id='word_1_284' title='bbox 823 3003 1036 3050; x_wconf 86' lang='lat' dir='ltr'><strong>tantum</strong></span> <span class='ocrx_word' id='word_1_285' title='bbox 1070 2998 1294 3053; x_wconf 89' lang='lat' dir='ltr'><strong>nomine</strong></span> <span class='ocrx_word' id='word_1_286' title='bbox 1315 2999 1811 3066; x_wconf 89' lang='lat' dir='ltr'><strong>administrandus,</strong></span> <span class='ocrx_word' id='word_1_287' title='bbox 1836 3011 2094 3071; x_wconf 81' lang='lat' dir='ltr'><strong>perpetua</strong></span> 
     </span>
    </p>
   </div>
   <div class='ocr_carea' id='block_1_45' title="bbox 494 3081 2098 3166">
    <p class='ocr_par' dir='ltr' id='par_1_45' title="bbox 494 3081 2098 3166">
     <span class='ocr_line' id='line_1_45' title="bbox 494 3081 2098 3166; baseline 0.007 -28"><span class='ocrx_word' id='word_1_288' title='bbox 494 3081 670 3140; x_wconf 69' lang='lat' dir='ltr'><strong>beata:</strong></span> <span class='ocrx_word' id='word_1_289' title='bbox 726 3085 909 3142; x_wconf 67' lang='lat' dir='ltr'><strong>Mariae</strong></span> <span class='ocrx_word' id='word_1_290' title='bbox 947 3089 1232 3166; x_wconf 75' lang='lat' dir='ltr'><strong>virginitas</strong></span> <span class='ocrx_word' id='word_1_291' title='bbox 1290 3089 1436 3146; x_wconf 85' lang='lat' dir='ltr'><strong>haud</strong></span> <span class='ocrx_word' id='word_1_292' title='bbox 1478 3091 1775 3162; x_wconf 90' lang='lat' dir='ltr'><strong>incongrue</strong></span> <span class='ocrx_word' id='word_1_293' title='bbox 1818 3093 2098 3148; x_wconf 87' lang='lat' dir='ltr'><strong>vindican-</strong></span> 
     </span>
    </p>
   </div>
   <div class='ocr_carea' id='block_1_46' title="bbox 497 3177 764 3244">
    <p class='ocr_par' dir='ltr' id='par_1_46' title="bbox 497 3177 764 3244">
     <span class='ocr_line' id='line_1_46' title="bbox 497 3177 764 3244; baseline 0.015 -16"><span class='ocrx_word' id='word_1_294' title='bbox 497 3185 589 3231; x_wconf 90' lang='lat' dir='ltr'><strong>tur</strong></span> <span class='ocrx_word' id='word_1_295' title='bbox 624 3177 764 3244; x_wconf 84' lang='grc'>(70).</span> 
     </span>
    </p>
   </div>
   <div class='ocr_carea' id='block_1_47' title="bbox 568 3267 2092 3348">
    <p class='ocr_par' dir='ltr' id='par_1_47' title="bbox 568 3267 2092 3348">
     <span class='ocr_line' id='line_1_47' title="bbox 568 3267 2092 3348; baseline 0.006 -25"><span class='ocrx_word' id='word_1_296' title='bbox 568 3269 659 3323; x_wconf 85' lang='grc'><strong>15.</strong></span> <span class='ocrx_word' id='word_1_297' title='bbox 696 3267 883 3324; x_wconf 91' lang='lat' dir='ltr'><strong>Tertio</strong></span> <span class='ocrx_word' id='word_1_298' title='bbox 905 3271 1123 3327; x_wconf 88' lang='lat' dir='ltr'><strong>demum</strong></span> <span class='ocrx_word' id='word_1_299' title='bbox 1144 3273 1263 3329; x_wconf 87' lang='lat' dir='ltr'><strong>loco</strong></span> <span class='ocrx_word' id='word_1_300' title='bbox 1291 3273 1524 3330; x_wconf 88' lang='lat' dir='ltr'><strong>veniunt</strong></span> <span class='ocrx_word' id='word_1_301' title='bbox 1549 3275 1750 3331; x_wconf 89' lang='lat' dir='ltr'><strong>diversi</strong></span> <span class='ocrx_word' id='word_1_302' title='bbox 1783 3280 2092 3348; x_wconf 84' lang='lat' dir='ltr'><strong>argumenti</strong></span> 
     </span>
    </p>
   </div>
   <div class='ocr_carea' id='block_1_48' title="bbox 494 3363 2096 3439">
    <p class='ocr_par' dir='ltr' id='par_1_48' title="bbox 494 3363 2096 3439">
     <span class='ocr_line' id='line_1_48' title="bbox 494 3363 2096 3439; baseline 0.007 -23"><span class='ocrx_word' id='word_1_303' title='bbox 494 3363 847 3433; x_wconf 64' lang='lat' dir='ltr'><strong>quaestiones.</strong></span> <span class='ocrx_word' id='word_1_304' title='bbox 883 3364 1040 3419; x_wconf 86' lang='lat' dir='ltr'><strong>Modo</strong></span> <span class='ocrx_word' id='word_1_305' title='bbox 1078 3365 1396 3422; x_wconf 85' lang='lat' dir='ltr'><strong>Aristotelis</strong></span> <span class='ocrx_word' id='word_1_306' title='bbox 1430 3369 1735 3438; x_wconf 84' lang='lat' dir='ltr'><strong>categorias</strong></span> <span class='ocrx_word' id='word_1_307' title='bbox 1768 3370 1905 3439; x_wconf 90' lang='grc'>(77),</span> <span class='ocrx_word' id='word_1_308' title='bbox 1932 3373 2096 3427; x_wconf 87' lang='lat' dir='ltr'><strong>modo</strong></span> 
     </span>
    </p>
   </div>
   <div class='ocr_carea' id='block_1_49' title="bbox 494 3453 2098 3535">
    <p class='ocr_par' dir='ltr' id='par_1_49' title="bbox 494 3453 2098 3535">
     <span class='ocr_line' id='line_1_49' title="bbox 494 3453 2098 3535; baseline 0.006 -26"><span class='ocrx_word' id='word_1_309' title='bbox 494 3453 722 3510; x_wconf 83' lang='lat' dir='ltr'><strong>Patrum</strong></span> <span class='ocrx_word' id='word_1_310' title='bbox 757 3457 831 3526; x_wconf 91' lang='lat' dir='ltr'><strong>(et</strong></span> <span class='ocrx_word' id='word_1_311' title='bbox 861 3459 1080 3527; x_wconf 91' lang='lat' dir='ltr'><strong>quidem</strong></span> <span class='ocrx_word' id='word_1_312' title='bbox 1113 3459 1363 3532; x_wconf 81' lang='lat' dir='ltr'><strong>Gregorii</strong></span> <span class='ocrx_word' id='word_1_313' title='bbox 1411 3461 1772 3526; x_wconf 79' lang='lat' dir='ltr'><strong>Nazianzeni,</strong></span> <span class='ocrx_word' id='word_1_314' title='bbox 1816 3463 2005 3535; x_wconf 77' lang='lat' dir='ltr'><strong>Cyrilli</strong></span> <span class='ocrx_word' id='word_1_315' title='bbox 2044 3473 2098 3519; x_wconf 91' lang='lat' dir='ltr'><strong>et</strong></span> 
     </span>
    </p>
   </div>
   <div class='ocr_carea' id='block_1_50' title="bbox 493 3547 2095 3621">
    <p class='ocr_par' dir='ltr' id='par_1_50' title="bbox 493 3547 2095 3621">
     <span class='ocr_line' id='line_1_50' title="bbox 493 3547 2095 3621; baseline 0.006 -21"><span class='ocrx_word' id='word_1_316' title='bbox 493 3547 721 3613; x_wconf 64' lang='lat' dir='ltr'><strong>Joannis</strong></span> <span class='ocrx_word' id='word_1_317' title='bbox 765 3549 1014 3617; x_wconf 82' lang='lat' dir='ltr'><strong>Climaci)</strong></span> <span class='ocrx_word' id='word_1_318' title='bbox 1059 3549 1203 3620; x_wconf 86' lang='lat' dir='ltr'><strong>dicta</strong></span> <span class='ocrx_word' id='word_1_319' title='bbox 1237 3552 1354 3621; x_wconf 79' lang='grc'>(78)</span> <span class='ocrx_word' id='word_1_320' title='bbox 1411 3563 1812 3608; x_wconf 80' lang='lat' dir='ltr'><strong>commentatur</strong></span> <span class='ocrx_word' id='word_1_321' title='bbox 1850 3553 2095 3608; x_wconf 89' lang='lat' dir='ltr'><strong>Photius.</strong></span> 
     </span>
    </p>
   </div>
   <div class='ocr_carea' id='block_1_51' title="bbox 495 3639 2099 3722">
    <p class='ocr_par' dir='ltr' id='par_1_51' title="bbox 495 3639 2099 3722">
     <span class='ocr_line' id='line_1_51' title="bbox 495 3639 2099 3722; baseline 0.006 -29"><span class='ocrx_word' id='word_1_322' title='bbox 495 3639 580 3694; x_wconf 87' lang='lat' dir='ltr'><strong>Ad</strong></span> <span class='ocrx_word' id='word_1_323' title='bbox 626 3642 910 3695; x_wconf 85' lang='lat' dir='ltr'><strong>historiam</strong></span> <span class='ocrx_word' id='word_1_324' title='bbox 941 3641 1260 3696; x_wconf 88' lang='lat' dir='ltr'><strong>litterariam</strong></span> <span class='ocrx_word' id='word_1_325' title='bbox 1295 3653 1544 3714; x_wconf 89' lang='lat' dir='ltr'><strong>spectant</strong></span> <span class='ocrx_word' id='word_1_326' title='bbox 1581 3662 1702 3722; x_wconf 68' lang='lat' dir='ltr'><strong>quae</strong></span> <span class='ocrx_word' id='word_1_327' title='bbox 1754 3645 1821 3700; x_wconf 92' lang='lat' dir='ltr'><strong>de</strong></span> <span class='ocrx_word' id='word_1_328' title='bbox 1865 3648 2099 3702; x_wconf 84' lang='lat' dir='ltr'><strong>Asteriis</strong></span> 
     </span>
    </p>
   </div>
   <div class='ocr_carea' id='block_1_52' title="bbox 498 3732 2094 3812">
    <p class='ocr_par' dir='ltr' id='par_1_52' title="bbox 498 3732 2094 3812">
     <span class='ocr_line' id='line_1_52' title="bbox 498 3732 2094 3812; baseline 0.006 -28"><span class='ocrx_word' id='word_1_329' title='bbox 498 3743 554 3804; x_wconf 85' lang='lat' dir='ltr'><strong>et</strong></span> <span class='ocrx_word' id='word_1_330' title='bbox 579 3732 646 3786; x_wconf 87' lang='lat' dir='ltr'><strong>de</strong></span> <span class='ocrx_word' id='word_1_331' title='bbox 680 3732 920 3787; x_wconf 82' lang='lat' dir='ltr'><strong>Eusebio</strong></span> <span class='ocrx_word' id='word_1_332' title='bbox 949 3732 1278 3801; x_wconf 66' lang='lat' dir='ltr'><strong>Caesariensi</strong></span> <span class='ocrx_word' id='word_1_333' title='bbox 1308 3736 1554 3804; x_wconf 88' lang='lat' dir='ltr'><strong>disputat</strong></span> <span class='ocrx_word' id='word_1_334' title='bbox 1589 3737 1737 3807; x_wconf 79' lang='lat'><strong>(79);</strong></span> <span class='ocrx_word' id='word_1_335' title='bbox 1781 3739 1847 3792; x_wconf 90' lang='lat' dir='ltr'><strong>ad</strong></span> <span class='ocrx_word' id='word_1_336' title='bbox 1881 3740 2094 3812; x_wconf 82' lang='lat' dir='ltr'><strong>mytho-</strong></span> 
     </span>
    </p>
   </div>
   <div class='ocr_carea' id='block_1_53' title="bbox 501 3825 2101 3902">
    <p class='ocr_par' dir='ltr' id='par_1_53' title="bbox 501 3825 2101 3902">
     <span class='ocr_line' id='line_1_53' title="bbox 501 3825 2101 3902; baseline 0.005 -24"><span class='ocrx_word' id='word_1_337' title='bbox 501 3825 700 3894; x_wconf 69' lang='lat' dir='ltr'><strong>logiam</strong></span> <span class='ocrx_word' id='word_1_338' title='bbox 737 3842 859 3896; x_wconf 71' lang='lat' dir='ltr'><strong>qua:</strong></span> <span class='ocrx_word' id='word_1_339' title='bbox 899 3830 965 3880; x_wconf 89' lang='lat' dir='ltr'><strong>dc</strong></span> <span class='ocrx_word' id='word_1_340' title='bbox 1013 3825 1245 3881; x_wconf 87' lang='lat' dir='ltr'><strong>Hercule</strong></span> <span class='ocrx_word' id='word_1_341' title='bbox 1285 3828 1588 3884; x_wconf 50' lang='lat' dir='ltr'><strong>Amalthea).</strong></span> <span class='ocrx_word' id='word_1_342' title='bbox 1629 3847 1800 3886; x_wconf 89' lang='lat' dir='ltr'><strong>cornu</strong></span> <span class='ocrx_word' id='word_1_343' title='bbox 1853 3843 2101 3902; x_wconf 86' lang='lat' dir='ltr'><strong>gestante</strong></span> 
     </span>
    </p>
   </div>
   <div class='ocr_carea' id='block_1_54' title="bbox 501 3918 2099 3994">
    <p class='ocr_par' dir='ltr' id='par_1_54' title="bbox 501 3918 2099 3994">
     <span class='ocr_line' id='line_1_54' title="bbox 501 3918 2099 3994; baseline 0.006 -24"><span class='ocrx_word' id='word_1_344' title='bbox 501 3918 744 3980; x_wconf 87' lang='lat' dir='ltr'><strong>disserit,</strong></span> <span class='ocrx_word' id='word_1_345' title='bbox 779 3920 844 3973; x_wconf 89' lang='lat' dir='ltr'><strong>ad</strong></span> <span class='ocrx_word' id='word_1_346' title='bbox 874 3919 1228 3990; x_wconf 84' lang='lat' dir='ltr'><strong>philologiam</strong></span> <span class='ocrx_word' id='word_1_347' title='bbox 1263 3922 1446 3977; x_wconf 87' lang='lat' dir='ltr'><strong>brevis</strong></span> <span class='ocrx_word' id='word_1_348' title='bbox 1477 3925 1543 3978; x_wconf 85' lang='lat' dir='ltr'><strong>de</strong></span> <span class='ocrx_word' id='word_1_349' title='bbox 1576 3925 1723 3978; x_wconf 88' lang='lat' dir='ltr'><strong>verbi</strong></span> <span class='ocrx_word' id='word_1_350' title='bbox 1750 3925 1864 3994; x_wconf 81' lang='grc' dir='ltr'><strong>εἰμι</strong></span> <span class='ocrx_word' id='word_1_351' title='bbox 1894 3926 2099 3980; x_wconf 83' lang='lat' dir='ltr'><strong>redon-</strong></span> 
     </span>
    </p>
   </div>
   <div class='ocr_carea' id='block_1_55' title="bbox 502 4010 2102 4086">
    <p class='ocr_par' dir='ltr' id='par_1_55' title="bbox 502 4010 2102 4086">
     <span class='ocr_line' id='line_1_55' title="bbox 502 4010 2102 4086; baseline 0.004 -22"><span class='ocrx_word' id='word_1_352' title='bbox 502 4010 688 4064; x_wconf 86' lang='lat' dir='ltr'><strong>dantia</strong></span> <span class='ocrx_word' id='word_1_353' title='bbox 706 4017 972 4064; x_wconf 79' lang='lat' dir='ltr'><strong>tractatus</strong></span> <span class='ocrx_word' id='word_1_354' title='bbox 1002 4010 1140 4077; x_wconf 89' lang='grc'><strong>(80).</strong></span> <span class='ocrx_word' id='word_1_355' title='bbox 1167 4010 1427 4068; x_wconf 82' lang='lat' dir='ltr'><strong>Rationes</strong></span> <span class='ocrx_word' id='word_1_356' title='bbox 1445 4015 1932 4085; x_wconf 87' lang='lat' dir='ltr'><strong>quadragesimalis</strong></span> <span class='ocrx_word' id='word_1_357' title='bbox 1959 4017 2102 4086; x_wconf 86' lang='lat' dir='ltr'><strong>jeju-</strong></span> 
     </span>
    </p>
   </div>
   <div class='ocr_carea' id='block_1_56' title="bbox 503 4105 2101 4179">
    <p class='ocr_par' dir='ltr' id='par_1_56' title="bbox 503 4105 2101 4179">
     <span class='ocr_line' id='line_1_56' title="bbox 503 4105 2101 4179; baseline 0.004 -20"><span class='ocrx_word' id='word_1_358' title='bbox 503 4105 582 4159; x_wconf 91' lang='lat' dir='ltr'><strong>nii</strong></span> <span class='ocrx_word' id='word_1_359' title='bbox 607 4114 661 4158; x_wconf 92' lang='lat' dir='ltr'><strong>et</strong></span> <span class='ocrx_word' id='word_1_360' title='bbox 689 4113 906 4160; x_wconf 77' lang='lat' dir='ltr'><strong>statutae</strong></span> <span class='ocrx_word' id='word_1_361' title='bbox 946 4106 1016 4160; x_wconf 89' lang='lat' dir='ltr'><strong>ab</strong></span> <span class='ocrx_word' id='word_1_362' title='bbox 1049 4105 1294 4162; x_wconf 87' lang='lat' dir='ltr'><strong>Ecclesia</strong></span> <span class='ocrx_word' id='word_1_363' title='bbox 1349 4109 1770 4179; x_wconf 89' lang='lat' dir='ltr'><strong>irregularitatis</strong></span> <span class='ocrx_word' id='word_1_364' title='bbox 1792 4127 1856 4166; x_wconf 83' lang='lat' dir='ltr'><strong>ex</strong></span> <span class='ocrx_word' id='word_1_365' title='bbox 1887 4113 2101 4166; x_wconf 83' lang='lat' dir='ltr'><strong>defectu</strong></span> 
     </span>
    </p>
   </div>
   <div class='ocr_carea' id='block_1_57' title="bbox 503 4198 2103 4276">
    <p class='ocr_par' dir='ltr' id='par_1_57' title="bbox 503 4198 2103 4276">
     <span class='ocr_line' id='line_1_57' title="bbox 503 4198 2103 4276; baseline 0.003 -24"><span class='ocrx_word' id='word_1_366' title='bbox 503 4198 756 4266; x_wconf 88' lang='lat' dir='ltr'><strong>corporis</strong></span> <span class='ocrx_word' id='word_1_367' title='bbox 781 4200 1044 4268; x_wconf 83' lang='lat' dir='ltr'><strong>exquirit,</strong></span> <span class='ocrx_word' id='word_1_368' title='bbox 1073 4201 1140 4256; x_wconf 90' lang='lat' dir='ltr'><strong>de</strong></span> <span class='ocrx_word' id='word_1_369' title='bbox 1169 4200 1306 4256; x_wconf 88' lang='lat' dir='ltr'><strong>ideis</strong></span> <span class='ocrx_word' id='word_1_370' title='bbox 1345 4199 1647 4259; x_wconf 77' lang='lat' dir='ltr'><strong>i‘latonicis</strong></span> <span class='ocrx_word' id='word_1_371' title='bbox 1669 4245 1683 4267; x_wconf 89' lang='lat'><strong>,</strong></span> <span class='ocrx_word' id='word_1_372' title='bbox 1720 4204 1788 4258; x_wconf 90' lang='lat' dir='ltr'><strong>de</strong></span> <span class='ocrx_word' id='word_1_373' title='bbox 1821 4220 2022 4276; x_wconf 85' lang='lat' dir='ltr'><strong>genere</strong></span> <span class='ocrx_word' id='word_1_374' title='bbox 2049 4212 2103 4258; x_wconf 87' lang='lat' dir='ltr'><strong>et</strong></span> 
     </span>
    </p>
   </div>
   <div class='ocr_carea' id='block_1_58' title="bbox 507 4291 2101 4368">
    <p class='ocr_par' dir='ltr' id='par_1_58' title="bbox 507 4291 2101 4368">
     <span class='ocr_line' id='line_1_58' title="bbox 507 4291 2101 4368; baseline 0.004 -23"><span class='ocrx_word' id='word_1_375' title='bbox 507 4292 710 4360; x_wconf 81' lang='lat' dir='ltr'><strong>specie,</strong></span> <span class='ocrx_word' id='word_1_376' title='bbox 739 4292 804 4345; x_wconf 90' lang='lat' dir='ltr'><strong>de</strong></span> <span class='ocrx_word' id='word_1_377' title='bbox 841 4291 1172 4364; x_wconf 79' lang='lat' dir='ltr'><strong>Sibyllarum</strong></span> <span class='ocrx_word' id='word_1_378' title='bbox 1196 4310 1449 4360; x_wconf 90' lang='lat' dir='ltr'><strong>numero,</strong></span> <span class='ocrx_word' id='word_1_379' title='bbox 1482 4296 1551 4350; x_wconf 93' lang='lat' dir='ltr'><strong>de</strong></span> <span class='ocrx_word' id='word_1_380' title='bbox 1589 4309 1864 4368; x_wconf 86' lang='lat' dir='ltr'><strong>magnete,</strong></span> <span class='ocrx_word' id='word_1_381' title='bbox 1891 4297 1957 4352; x_wconf 90' lang='lat' dir='ltr'><strong>de</strong></span> <span class='ocrx_word' id='word_1_382' title='bbox 1973 4297 2101 4352; x_wconf 89' lang='lat' dir='ltr'><strong>anni</strong></span> 
     </span>
    </p>
   </div>
   <div class='ocr_carea' id='block_1_59' title="bbox 503 4383 2104 4462">
    <p class='ocr_par' dir='ltr' id='par_1_59' title="bbox 503 4383 2104 4462">
     <span class='ocr_line' id='line_1_59' title="bbox 503 4383 2104 4462; baseline 0.004 -24"><span class='ocrx_word' id='word_1_383' title='bbox 503 4383 700 4446; x_wconf 86' lang='lat' dir='ltr'><strong>initiis,</strong></span> <span class='ocrx_word' id='word_1_384' title='bbox 721 4384 790 4438; x_wconf 87' lang='lat' dir='ltr'><strong>de</strong></span> <span class='ocrx_word' id='word_1_385' title='bbox 808 4383 1086 4454; x_wconf 82' lang='lat' dir='ltr'><strong>Kalendis,</strong></span> <span class='ocrx_word' id='word_1_386' title='bbox 1118 4385 1290 4444; x_wconf 83' lang='lat' dir='ltr'><strong>Nonis</strong></span> <span class='ocrx_word' id='word_1_387' title='bbox 1314 4398 1368 4443; x_wconf 90' lang='lat' dir='ltr'><strong>et</strong></span> <span class='ocrx_word' id='word_1_388' title='bbox 1397 4388 1582 4444; x_wconf 86' lang='lat' dir='ltr'><strong>Idibus</strong></span> <span class='ocrx_word' id='word_1_389' title='bbox 1609 4391 1843 4462; x_wconf 89' lang='lat' dir='ltr'><strong>aliisque</strong></span> <span class='ocrx_word' id='word_1_390' title='bbox 1867 4393 2104 4453; x_wconf 82' lang='lat' dir='ltr'><strong>breviter</strong></span> 
     </span>
    </p>
   </div>
   <div class='ocr_carea' id='block_1_60' title="bbox 507 4476 2101 4553">
    <p class='ocr_par' dir='ltr' id='par_1_60' title="bbox 507 4476 2101 4553">
     <span class='ocr_line' id='line_1_60' title="bbox 507 4476 2101 4553; baseline 0.005 -23"><span class='ocrx_word' id='word_1_391' title='bbox 507 4476 621 4547; x_wconf 83' lang='lat' dir='ltr'><strong>agit</strong></span> <span class='ocrx_word' id='word_1_392' title='bbox 653 4476 786 4547; x_wconf 79' lang='grc'>(81).</span> <span class='ocrx_word' id='word_1_393' title='bbox 821 4477 929 4552; x_wconf 75' lang='lat' dir='ltr'><strong>Tot</strong></span> <span class='ocrx_word' id='word_1_394' title='bbox 981 4493 1045 4533; x_wconf 91' lang='lat' dir='ltr'><strong>ac</strong></span> <span class='ocrx_word' id='word_1_395' title='bbox 1097 4488 1207 4544; x_wconf 83' lang='lat' dir='ltr'><strong>tam</strong></span> <span class='ocrx_word' id='word_1_396' title='bbox 1253 4481 1470 4536; x_wconf 89' lang='lat' dir='ltr'><strong>diversa</strong></span> <span class='ocrx_word' id='word_1_397' title='bbox 1521 4494 1846 4552; x_wconf 79' lang='lat' dir='ltr'><strong>argumenta</strong></span> <span class='ocrx_word' id='word_1_398' title='bbox 1905 4484 2101 4553; x_wconf 85' lang='lat' dir='ltr'><strong>partim</strong></span> 
     </span>
    </p>
   </div>
   <div class='ocr_carea' id='block_1_61' title="bbox 2191 1970 3796 2043">
    <p class='ocr_par' dir='ltr' id='par_1_61' title="bbox 2191 1970 3796 2043">
     <span class='ocr_line' id='line_1_61' title="bbox 2191 1970 3796 2043; baseline 0.002 -17"><span class='ocrx_word' id='word_1_399' title='bbox 2191 1981 2555 2042; x_wconf 90' lang='lat' dir='ltr'><strong>ornatumque</strong></span> <span class='ocrx_word' id='word_1_400' title='bbox 2598 1972 2829 2026; x_wconf 91' lang='lat' dir='ltr'><strong>nimium</strong></span> <span class='ocrx_word' id='word_1_401' title='bbox 2868 1970 3126 2038; x_wconf 78' lang='lat' dir='ltr'><strong>all‘ccmt;</strong></span> <span class='ocrx_word' id='word_1_402' title='bbox 3169 1974 3296 2026; x_wconf 89' lang='lat' dir='ltr'><strong>alibi</strong></span> <span class='ocrx_word' id='word_1_403' title='bbox 3342 1973 3528 2027; x_wconf 88' lang='lat' dir='ltr'><strong>rudior</strong></span> <span class='ocrx_word' id='word_1_404' title='bbox 3563 1983 3796 2043; x_wconf 80' lang='lat' dir='ltr'><strong>apparet</strong></span> 
     </span>
    </p>
   </div>
   <div class='ocr_carea' id='block_1_62' title="bbox 2197 2065 3795 2137">
    <p class='ocr_par' dir='ltr' id='par_1_62' title="bbox 2197 2065 3795 2137">
     <span class='ocr_line' id='line_1_62' title="bbox 2197 2065 3795 2137; baseline 0.002 -18"><span class='ocrx_word' id='word_1_405' title='bbox 2197 2075 2363 2136; x_wconf 86' lang='lat' dir='ltr'><strong>atque</strong></span> <span class='ocrx_word' id='word_1_406' title='bbox 2395 2065 2546 2119; x_wconf 88' lang='lat' dir='ltr'><strong>humi</strong></span> <span class='ocrx_word' id='word_1_407' title='bbox 2589 2066 2984 2136; x_wconf 88' lang='lat' dir='ltr'><strong>propemodum</strong></span> <span class='ocrx_word' id='word_1_408' title='bbox 3014 2069 3482 2137; x_wconf 82' lang='lat' dir='ltr'><strong>repens;Concisa</strong></span> <span class='ocrx_word' id='word_1_409' title='bbox 3518 2068 3795 2122; x_wconf 88' lang='lat' dir='ltr'><strong>interdum</strong></span> 
     </span>
    </p>
   </div>
   <div class='ocr_carea' id='block_1_63' title="bbox 2200 2159 3792 2228">
    <p class='ocr_par' dir='ltr' id='par_1_63' title="bbox 2200 2159 3792 2228">
     <span class='ocr_line' id='line_1_63' title="bbox 2200 2159 3792 2228; baseline 0.001 -16"><span class='ocrx_word' id='word_1_410' title='bbox 2200 2159 2613 2214; x_wconf 88' lang='lat' dir='ltr'><strong>dialecticorum</strong></span> <span class='ocrx_word' id='word_1_411' title='bbox 2648 2175 2820 2220; x_wconf 89' lang='lat' dir='ltr'><strong>more.</strong></span> <span class='ocrx_word' id='word_1_412' title='bbox 2855 2160 2991 2213; x_wconf 90' lang='lat' dir='ltr'><strong>alias</strong></span> <span class='ocrx_word' id='word_1_413' title='bbox 3020 2162 3302 2213; x_wconf 88' lang='lat' dir='ltr'><strong>rhetorum</strong></span> <span class='ocrx_word' id='word_1_414' title='bbox 3332 2161 3657 2228; x_wconf 68' lang='lat' dir='ltr'><strong>posterioris</strong></span> <span class='ocrx_word' id='word_1_415' title='bbox 3689 2163 3792 2215; x_wconf 56' lang='lat' dir='ltr'><strong>aevi</strong></span> 
     </span>
    </p>
   </div>
   <div class='ocr_carea' id='block_1_64' title="bbox 2194 2251 3795 2322">
    <p class='ocr_par' dir='ltr' id='par_1_64' title="bbox 2194 2251 3795 2322">
     <span class='ocr_line' id='line_1_64' title="bbox 2194 2251 3795 2322; baseline 0.002 -17"><span class='ocrx_word' id='word_1_416' title='bbox 2194 2251 2422 2306; x_wconf 84' lang='lat' dir='ltr'><strong>floribus</strong></span> <span class='ocrx_word' id='word_1_417' title='bbox 2455 2251 2595 2305; x_wconf 90' lang='lat' dir='ltr'><strong>haud</strong></span> <span class='ocrx_word' id='word_1_418' title='bbox 2643 2253 2780 2305; x_wconf 87' lang='lat' dir='ltr'><strong>bene</strong></span> <span class='ocrx_word' id='word_1_419' title='bbox 2810 2252 3078 2321; x_wconf 86' lang='lat' dir='ltr'><strong>colligatis</strong></span> <span class='ocrx_word' id='word_1_420' title='bbox 3114 2268 3280 2322; x_wconf 88' lang='lat' dir='ltr'><strong>supra</strong></span> <span class='ocrx_word' id='word_1_421' title='bbox 3317 2253 3539 2306; x_wconf 87' lang='lat' dir='ltr'><strong>modum</strong></span> <span class='ocrx_word' id='word_1_422' title='bbox 3570 2268 3795 2308; x_wconf 79' lang='lat' dir='ltr'><strong>omnem</strong></span> 
     </span>
    </p>
   </div>
   <div class='ocr_carea' id='block_1_65' title="bbox 2196 2344 3799 2414">
    <p class='ocr_par' dir='ltr' id='par_1_65' title="bbox 2196 2344 3799 2414">
     <span class='ocr_line' id='line_1_65' title="bbox 2196 2344 3799 2414; baseline 0.002 -16"><span class='ocrx_word' id='word_1_423' title='bbox 2196 2344 2419 2410; x_wconf 87' lang='lat' dir='ltr'><strong>referta,</strong></span> <span class='ocrx_word' id='word_1_424' title='bbox 2447 2345 2610 2398; x_wconf 87' lang='lat' dir='ltr'><strong>modo</strong></span> <span class='ocrx_word' id='word_1_425' title='bbox 2638 2344 2784 2399; x_wconf 88' lang='lat' dir='ltr'><strong>clara</strong></span> <span class='ocrx_word' id='word_1_426' title='bbox 2821 2345 3048 2398; x_wconf 90' lang='lat' dir='ltr'><strong>omnino</strong></span> <span class='ocrx_word' id='word_1_427' title='bbox 3080 2353 3133 2400; x_wconf 90' lang='lat' dir='ltr'><strong>et</strong></span> <span class='ocrx_word' id='word_1_428' title='bbox 3160 2345 3472 2414; x_wconf 86' lang='lat' dir='ltr'><strong>perspicua,</strong></span> <span class='ocrx_word' id='word_1_429' title='bbox 3501 2346 3662 2398; x_wconf 89' lang='lat' dir='ltr'><strong>modo</strong></span> <span class='ocrx_word' id='word_1_430' title='bbox 3690 2346 3799 2401; x_wconf 83' lang='lat' dir='ltr'><strong>ob-</strong></span> 
     </span>
    </p>
   </div>
   <div class='ocr_carea' id='block_1_66' title="bbox 2194 2437 3793 2509">
    <p class='ocr_par' dir='ltr' id='par_1_66' title="bbox 2194 2437 3793 2509">
     <span class='ocr_line' id='line_1_66' title="bbox 2194 2437 3793 2509; baseline 0.001 -17"><span class='ocrx_word' id='word_1_431' title='bbox 2194 2438 2513 2494; x_wconf 66' lang='lat' dir='ltr'><strong>scurissima</strong></span> <span class='ocrx_word' id='word_1_432' title='bbox 2539 2448 2592 2492; x_wconf 87' lang='lat' dir='ltr'><strong>et</strong></span> <span class='ocrx_word' id='word_1_433' title='bbox 2618 2438 2766 2491; x_wconf 89' lang='lat' dir='ltr'><strong>otnni</strong></span> <span class='ocrx_word' id='word_1_434' title='bbox 2797 2439 2970 2508; x_wconf 83' lang='lat' dir='ltr'><strong>gratia</strong></span> <span class='ocrx_word' id='word_1_435' title='bbox 2993 2439 3250 2493; x_wconf 89' lang='lat' dir='ltr'><strong>destituta</strong></span> <span class='ocrx_word' id='word_1_436' title='bbox 3288 2438 3424 2509; x_wconf 85' lang='lat'><strong>(82).</strong></span> <span class='ocrx_word' id='word_1_437' title='bbox 3455 2437 3793 2508; x_wconf 74' lang='lat' dir='ltr'><strong>V&#39;ersipellex</strong></span> 
     </span>
    </p>
   </div>
   <div class='ocr_carea' id='block_1_67' title="bbox 2198 2529 3168 2603">
    <p class='ocr_par' dir='ltr' id='par_1_67' title="bbox 2198 2529 3168 2603">
     <span class='ocr_line' id='line_1_67' title="bbox 2198 2529 3168 2603; baseline 0 -19"><span class='ocrx_word' id='word_1_438' title='bbox 2198 2531 2366 2586; x_wconf 91' lang='lat' dir='ltr'><strong>homo</strong></span> <span class='ocrx_word' id='word_1_439' title='bbox 2396 2532 2537 2603; x_wconf 77' lang='lat' dir='ltr'><strong>stylo</strong></span> <span class='ocrx_word' id='word_1_440' title='bbox 2570 2546 2789 2601; x_wconf 86' lang='lat' dir='ltr'><strong>quoque</strong></span> <span class='ocrx_word' id='word_1_441' title='bbox 2817 2545 2940 2586; x_wconf 89' lang='lat' dir='ltr'><strong>sese</strong></span> <span class='ocrx_word' id='word_1_442' title='bbox 2963 2529 3168 2601; x_wconf 88' lang='lat' dir='ltr'><strong>prodit.</strong></span> 
     </span>
    </p>
   </div>
   <div class='ocr_carea' id='block_1_68' title="bbox 2271 2709 3799 2772">
    <p class='ocr_par' dir='ltr' id='par_1_68' title="bbox 2271 2709 3799 2772">
     <span class='ocr_line' id='line_1_68' title="bbox 2271 2709 3799 2772; baseline 0.002 -8"><span class='ocrx_word' id='word_1_443' title='bbox 2271 2711 2359 2766; x_wconf 79' lang='grc'><strong>15.</strong></span> <span class='ocrx_word' id='word_1_444' title='bbox 2401 2709 2538 2765; x_wconf 90' lang='lat' dir='ltr'><strong>Illud</strong></span> <span class='ocrx_word' id='word_1_445' title='bbox 2575 2709 2796 2765; x_wconf 90' lang='lat' dir='ltr'><strong>demum</strong></span> <span class='ocrx_word' id='word_1_446' title='bbox 2847 2709 3223 2772; x_wconf 90' lang='lat' dir='ltr'><strong>mouendum,</strong></span> <span class='ocrx_word' id='word_1_447' title='bbox 3264 2711 3529 2765; x_wconf 89' lang='lat' dir='ltr'><strong>nonnulla</strong></span> <span class='ocrx_word' id='word_1_448' title='bbox 3565 2725 3675 2765; x_wconf 88' lang='lat' dir='ltr'><strong>non</strong></span> <span class='ocrx_word' id='word_1_449' title='bbox 3728 2709 3799 2767; x_wconf 82' lang='lat' dir='ltr'><strong>ad</strong></span> 
     </span>
    </p>
   </div>
   <div class='ocr_carea' id='block_1_69' title="bbox 2200 2805 3802 2860">
    <p class='ocr_par' dir='ltr' id='par_1_69' title="bbox 2200 2805 3802 2860">
     <span class='ocr_line' id='line_1_69' title="bbox 2200 2805 3802 2860; baseline 0 0"><span class='ocrx_word' id='word_1_450' title='bbox 2200 2806 2483 2860; x_wconf 74' lang='lat' dir='ltr'><strong>catholicae</strong></span> <span class='ocrx_word' id='word_1_451' title='bbox 2515 2805 2776 2858; x_wconf 77' lang='lat' dir='ltr'><strong>doctrina:</strong></span> <span class='ocrx_word' id='word_1_452' title='bbox 2824 2820 3070 2858; x_wconf 86' lang='lat' dir='ltr'><strong>normam</strong></span> <span class='ocrx_word' id='word_1_453' title='bbox 3110 2821 3213 2859; x_wconf 87' lang='lat' dir='ltr'><strong>nec</strong></span> <span class='ocrx_word' id='word_1_454' title='bbox 3257 2816 3514 2859; x_wconf 74' lang='lat' dir='ltr'><strong>accurate</strong></span> <span class='ocrx_word' id='word_1_455' title='bbox 3555 2814 3610 2859; x_wconf 92' lang='lat' dir='ltr'><strong>ct</strong></span> <span class='ocrx_word' id='word_1_456' title='bbox 3640 2814 3802 2860; x_wconf 82' lang='lat' dir='ltr'><strong>caute</strong></span> 
     </span>
    </p>
   </div>
   <div class='ocr_carea' id='block_1_70' title="bbox 2201 2897 3802 2968">
    <p class='ocr_par' dir='ltr' id='par_1_70' title="bbox 2201 2897 3802 2968">
     <span class='ocr_line' id='line_1_70' title="bbox 2201 2897 3802 2968; baseline -0.001 -16"><span class='ocrx_word' id='word_1_457' title='bbox 2201 2900 2339 2953; x_wconf 87' lang='lat' dir='ltr'><strong>satis</strong></span> <span class='ocrx_word' id='word_1_458' title='bbox 2371 2897 2640 2968; x_wconf 87' lang='lat' dir='ltr'><strong>disputari</strong></span> <span class='ocrx_word' id='word_1_459' title='bbox 2665 2908 2718 2950; x_wconf 88' lang='lat' dir='ltr'><strong>et</strong></span> <span class='ocrx_word' id='word_1_460' title='bbox 2753 2897 3004 2952; x_wconf 86' lang='lat' dir='ltr'><strong>abstrusa</strong></span> <span class='ocrx_word' id='word_1_461' title='bbox 3033 2897 3279 2966; x_wconf 74' lang='lat' dir='ltr'><strong>qutedam</strong></span> <span class='ocrx_word' id='word_1_462' title='bbox 3307 2914 3372 2951; x_wconf 81' lang='lat' dir='ltr'><strong>ex</strong></span> <span class='ocrx_word' id='word_1_463' title='bbox 3406 2897 3802 2968; x_wconf 83' lang='lat' dir='ltr'><strong>areopagiticis</strong></span> 
     </span>
    </p>
   </div>
   <div class='ocr_carea' id='block_1_71' title="bbox 2203 2991 3793 3064">
    <p class='ocr_par' dir='ltr' id='par_1_71' title="bbox 2203 2991 3793 3064">
     <span class='ocr_line' id='line_1_71' title="bbox 2203 2991 3793 3064; baseline -0.002 -15"><span class='ocrx_word' id='word_1_464' title='bbox 2203 2995 2421 3064; x_wconf 89' lang='lat' dir='ltr'><strong>scriptis</strong></span> <span class='ocrx_word' id='word_1_465' title='bbox 2470 2997 2666 3048; x_wconf 87' lang='lat' dir='ltr'><strong>hausta</strong></span> <span class='ocrx_word' id='word_1_466' title='bbox 2723 2993 2775 3045; x_wconf 93' lang='lat' dir='ltr'><strong>in</strong></span> <span class='ocrx_word' id='word_1_467' title='bbox 2813 2992 3139 3062; x_wconf 78' lang='lat' dir='ltr'><strong>Dogmaticis</strong></span> <span class='ocrx_word' id='word_1_468' title='bbox 3189 2991 3436 3045; x_wconf 81' lang='lat' dir='ltr'><strong>diatribis</strong></span> <span class='ocrx_word' id='word_1_469' title='bbox 3486 2993 3793 3055; x_wconf 89' lang='lat' dir='ltr'><strong>contineri,</strong></span> 
     </span>
    </p>
   </div>
   <div class='ocr_carea' id='block_1_72' title="bbox 2200 3085 3791 3157">
    <p class='ocr_par' dir='ltr' id='par_1_72' title="bbox 2200 3085 3791 3157">
     <span class='ocr_line' id='line_1_72' title="bbox 2200 3085 3791 3157; baseline 0.001 -21"><span class='ocrx_word' id='word_1_470' title='bbox 2200 3104 2321 3157; x_wconf 65' lang='lat' dir='ltr'><strong>quae</strong></span> <span class='ocrx_word' id='word_1_471' title='bbox 2361 3103 2549 3141; x_wconf 76' lang='lat' dir='ltr'><strong>Sanam</strong></span> <span class='ocrx_word' id='word_1_472' title='bbox 2601 3089 3145 3156; x_wconf 78' lang='lat' dir='ltr'><strong>interpretationem,</strong></span> <span class='ocrx_word' id='word_1_473' title='bbox 3193 3085 3294 3140; x_wconf 93' lang='lat' dir='ltr'><strong>etsi</strong></span> <span class='ocrx_word' id='word_1_474' title='bbox 3323 3101 3429 3139; x_wconf 92' lang='lat' dir='ltr'><strong>non</strong></span> <span class='ocrx_word' id='word_1_475' title='bbox 3465 3086 3791 3150; x_wconf 76' lang='lat' dir='ltr'><strong>excludere,</strong></span> 
     </span>
    </p>
   </div>
   <div class='ocr_carea' id='block_1_73' title="bbox 2123 3180 3799 3268">
    <p class='ocr_par' dir='ltr' id='par_1_73' title="bbox 2123 3180 3799 3268">
     <span class='ocr_line' id='line_1_73' title="bbox 2123 3180 3799 3268; baseline -0.002 -28"><span class='ocrx_word' id='word_1_476' title='bbox 2123 3211 2164 3268; x_wconf 70' lang='grc' dir='ltr'>ο</span> <span class='ocrx_word' id='word_1_477' title='bbox 2202 3195 2445 3240; x_wconf 88' lang='lat' dir='ltr'><strong>attamen</strong></span> <span class='ocrx_word' id='word_1_478' title='bbox 2476 3185 2753 3240; x_wconf 71' lang='lat' dir='ltr'><strong>difﬁcilem</strong></span> <span class='ocrx_word' id='word_1_479' title='bbox 2789 3183 3015 3237; x_wconf 88' lang='lat' dir='ltr'><strong>omnino</strong></span> <span class='ocrx_word' id='word_1_480' title='bbox 3056 3182 3280 3237; x_wconf 78' lang='lat' dir='ltr'><strong>rediere</strong></span> <span class='ocrx_word' id='word_1_481' title='bbox 3311 3181 3624 3236; x_wconf 83' lang='lat' dir='ltr'><strong>videantur.</strong></span> <span class='ocrx_word' id='word_1_482' title='bbox 3675 3180 3799 3236; x_wconf 84' lang='lat' dir='ltr'><strong>Non</strong></span> 
     </span>
    </p>
   </div>
   <div class='ocr_carea' id='block_1_74' title="bbox 2205 3272 3803 3346">
    <p class='ocr_par' dir='ltr' id='par_1_74' title="bbox 2205 3272 3803 3346">
     <span class='ocr_line' id='line_1_74' title="bbox 2205 3272 3803 3346; baseline -0.006 -13"><span class='ocrx_word' id='word_1_483' title='bbox 2205 3296 2268 3333; x_wconf 90' lang='lat' dir='ltr'><strong>ea</strong></span> <span class='ocrx_word' id='word_1_484' title='bbox 2297 3287 2544 3336; x_wconf 87' lang='lat' dir='ltr'><strong>tantum.</strong></span> <span class='ocrx_word' id='word_1_485' title='bbox 2595 3293 2719 3346; x_wconf 62' lang='lat' dir='ltr'><strong>qua:</strong></span> <span class='ocrx_word' id='word_1_486' title='bbox 2772 3277 2838 3329; x_wconf 91' lang='lat' dir='ltr'><strong>ad</strong></span> <span class='ocrx_word' id='word_1_487' title='bbox 2893 3275 3326 3330; x_wconf 89' lang='lat' dir='ltr'><strong>controversiam</strong></span> <span class='ocrx_word' id='word_1_488' title='bbox 3367 3272 3595 3328; x_wconf 87' lang='lat' dir='ltr'><strong>Latinos</strong></span> <span class='ocrx_word' id='word_1_489' title='bbox 3657 3273 3803 3327; x_wconf 88' lang='lat' dir='ltr'><strong>inter</strong></span> 
     </span>
    </p>
   </div>
   <div class='ocr_carea' id='block_1_75' title="bbox 2205 3365 3800 3438">
    <p class='ocr_par' dir='ltr' id='par_1_75' title="bbox 2205 3365 3800 3438">
     <span class='ocr_line' id='line_1_75' title="bbox 2205 3365 3800 3438; baseline -0.005 -14"><span class='ocrx_word' id='word_1_490' title='bbox 2205 3379 2368 3438; x_wconf 88' lang='lat' dir='ltr'><strong>atque</strong></span> <span class='ocrx_word' id='word_1_491' title='bbox 2397 3368 2619 3423; x_wconf 80' lang='lat' dir='ltr'><strong>Graecos</strong></span> <span class='ocrx_word' id='word_1_492' title='bbox 2663 3370 2946 3437; x_wconf 87' lang='lat' dir='ltr'><strong>agitatam,</strong></span> <span class='ocrx_word' id='word_1_493' title='bbox 2983 3381 3102 3428; x_wconf 89' lang='lat' dir='ltr'><strong>seu,</strong></span> <span class='ocrx_word' id='word_1_494' title='bbox 3133 3373 3194 3418; x_wconf 90' lang='lat' dir='ltr'><strong>ut</strong></span> <span class='ocrx_word' id='word_1_495' title='bbox 3238 3365 3444 3418; x_wconf 87' lang='lat' dir='ltr'><strong>rectius</strong></span> <span class='ocrx_word' id='word_1_496' title='bbox 3480 3365 3800 3434; x_wconf 83' lang='lat' dir='ltr'><strong>loquantur,</strong></span> 
     </span>
    </p>
   </div>
   <div class='ocr_carea' id='block_1_76' title="bbox 2206 3454 3801 3531">
    <p class='ocr_par' dir='ltr' id='par_1_76' title="bbox 2206 3454 3801 3531">
     <span class='ocr_line' id='line_1_76' title="bbox 2206 3454 3801 3531; baseline -0.004 -14"><span class='ocrx_word' id='word_1_497' title='bbox 2206 3463 2272 3517; x_wconf 88' lang='lat' dir='ltr'><strong>ad</strong></span> <span class='ocrx_word' id='word_1_498' title='bbox 2300 3464 2494 3531; x_wconf 87' lang='lat' dir='ltr'><strong>dogma</strong></span> <span class='ocrx_word' id='word_1_499' title='bbox 2532 3462 2598 3514; x_wconf 91' lang='lat' dir='ltr'><strong>de</strong></span> <span class='ocrx_word' id='word_1_500' title='bbox 2633 3459 2870 3528; x_wconf 78' lang='lat' dir='ltr'><strong>Spiritus</strong></span> <span class='ocrx_word' id='word_1_501' title='bbox 2897 3457 3070 3511; x_wconf 79' lang='lat' dir='ltr'><strong>Sancti</strong></span> <span class='ocrx_word' id='word_1_502' title='bbox 3104 3472 3169 3511; x_wconf 81' lang='lat' dir='ltr'><strong>ex</strong></span> <span class='ocrx_word' id='word_1_503' title='bbox 3204 3457 3363 3510; x_wconf 83' lang='lat' dir='ltr'><strong>Patre</strong></span> <span class='ocrx_word' id='word_1_504' title='bbox 3389 3454 3642 3526; x_wconf 84' lang='lat' dir='ltr'><strong>Filioque</strong></span> <span class='ocrx_word' id='word_1_505' title='bbox 3669 3472 3801 3526; x_wconf 84' lang='lat' dir='ltr'><strong>pro-</strong></span> 
     </span>
    </p>
   </div>
   <div class='ocr_carea' id='block_1_77' title="bbox 2207 3549 3800 3619">
    <p class='ocr_par' dir='ltr' id='par_1_77' title="bbox 2207 3549 3800 3619">
     <span class='ocr_line' id='line_1_77' title="bbox 2207 3549 3800 3619; baseline -0.005 -9"><span class='ocrx_word' id='word_1_506' title='bbox 2207 3555 2459 3610; x_wconf 89' lang='lat' dir='ltr'><strong>cessione</strong></span> <span class='ocrx_word' id='word_1_507' title='bbox 2487 3554 2822 3615; x_wconf 88' lang='lat' dir='ltr'><strong>referuntur,</strong></span> <span class='ocrx_word' id='word_1_508' title='bbox 2851 3565 3040 3604; x_wconf 89' lang='lat' dir='ltr'><strong>verum</strong></span> <span class='ocrx_word' id='word_1_509' title='bbox 3079 3559 3134 3604; x_wconf 90' lang='lat' dir='ltr'><strong>et</strong></span> <span class='ocrx_word' id='word_1_510' title='bbox 3163 3553 3415 3619; x_wconf 59' lang='lat' dir='ltr'><strong>quandam</strong></span> <span class='ocrx_word' id='word_1_511' title='bbox 3449 3549 3577 3612; x_wconf 85' lang='lat' dir='ltr'><strong>alia,</strong></span> <span class='ocrx_word' id='word_1_512' title='bbox 3598 3564 3721 3618; x_wconf 60' lang='lat' dir='ltr'><strong>quae</strong></span> <span class='ocrx_word' id='word_1_513' title='bbox 3745 3549 3800 3602; x_wconf 89' lang='lat' dir='ltr'><strong>in</strong></span> 
     </span>
    </p>
   </div>
   <div class='ocr_carea' id='block_1_78' title="bbox 2209 3641 3804 3717">
    <p class='ocr_par' dir='ltr' id='par_1_78' title="bbox 2209 3641 3804 3717">
     <span class='ocr_line' id='line_1_78' title="bbox 2209 3641 3804 3717; baseline -0.004 -15"><span class='ocrx_word' id='word_1_514' title='bbox 2209 3647 2360 3703; x_wconf 90' lang='lat' dir='ltr'><strong>hisce</strong></span> <span class='ocrx_word' id='word_1_515' title='bbox 2387 3645 2785 3717; x_wconf 84' lang='lat' dir='ltr'><strong>qua-stionibus</strong></span> <span class='ocrx_word' id='word_1_516' title='bbox 2815 3651 3137 3704; x_wconf 89' lang='lat' dir='ltr'><strong>occurrunt,</strong></span> <span class='ocrx_word' id='word_1_517' title='bbox 3171 3642 3289 3695; x_wconf 91' lang='lat' dir='ltr'><strong>suis</strong></span> <span class='ocrx_word' id='word_1_518' title='bbox 3311 3641 3634 3710; x_wconf 89' lang='lat' dir='ltr'><strong>plerumque</strong></span> <span class='ocrx_word' id='word_1_519' title='bbox 3666 3641 3804 3696; x_wconf 89' lang='lat' dir='ltr'><strong>locis</strong></span> 
     </span>
    </p>
   </div>
   <div class='ocr_carea' id='block_1_79' title="bbox 2207 3734 3804 3804">
    <p class='ocr_par' dir='ltr' id='par_1_79' title="bbox 2207 3734 3804 3804">
     <span class='ocr_line' id='line_1_79' title="bbox 2207 3734 3804 3804; baseline -0.008 -8"><span class='ocrx_word' id='word_1_520' title='bbox 2207 3742 2276 3796; x_wconf 88' lang='lat' dir='ltr'><strong>ab</strong></span> <span class='ocrx_word' id='word_1_521' title='bbox 2299 3739 2608 3794; x_wconf 88' lang='lat' dir='ltr'><strong>editoribus</strong></span> <span class='ocrx_word' id='word_1_522' title='bbox 2631 3738 2893 3791; x_wconf 88' lang='lat' dir='ltr'><strong>adnotata</strong></span> <span class='ocrx_word' id='word_1_523' title='bbox 2925 3751 2954 3788; x_wconf 92' lang='lat' dir='ltr'><strong>a</strong></span> <span class='ocrx_word' id='word_1_524' title='bbox 2982 3735 3244 3804; x_wconf 84' lang='lat' dir='ltr'><strong>gravibus</strong></span> <span class='ocrx_word' id='word_1_525' title='bbox 3275 3748 3340 3786; x_wconf 88' lang='lat' dir='ltr'><strong>ac</strong></span> <span class='ocrx_word' id='word_1_526' title='bbox 3369 3734 3612 3787; x_wconf 83' lang='lat' dir='ltr'><strong>conlatis</strong></span> <span class='ocrx_word' id='word_1_527' title='bbox 3644 3735 3804 3787; x_wconf 80' lang='lat' dir='ltr'><strong>theo-</strong></span> 
     </span>
    </p>
   </div>
   <div class='ocr_carea' id='block_1_80' title="bbox 2209 3825 3804 3902">
    <p class='ocr_par' dir='ltr' id='par_1_80' title="bbox 2209 3825 3804 3902">
     <span class='ocr_line' id='line_1_80' title="bbox 2209 3825 3804 3902; baseline -0.004 -16"><span class='ocrx_word' id='word_1_528' title='bbox 2209 3832 2349 3902; x_wconf 86' lang='lat' dir='ltr'><strong>logis</strong></span> <span class='ocrx_word' id='word_1_529' title='bbox 2385 3831 2484 3886; x_wconf 89' lang='lat' dir='ltr'><strong>hac</strong></span> <span class='ocrx_word' id='word_1_530' title='bbox 2517 3832 2570 3884; x_wconf 91' lang='lat' dir='ltr'><strong>in</strong></span> <span class='ocrx_word' id='word_1_531' title='bbox 2623 3840 2777 3898; x_wconf 90' lang='lat' dir='ltr'><strong>parte</strong></span> <span class='ocrx_word' id='word_1_532' title='bbox 2821 3828 3236 3897; x_wconf 78' lang='lat' dir='ltr'><strong>perstringenda</strong></span> <span class='ocrx_word' id='word_1_533' title='bbox 3283 3837 3432 3880; x_wconf 91' lang='lat' dir='ltr'><strong>sunt.</strong></span> <span class='ocrx_word' id='word_1_534' title='bbox 3469 3825 3804 3880; x_wconf 87' lang='lat' dir='ltr'><strong>Locutiones</strong></span> 
     </span>
    </p>
   </div>
   <div class='ocr_carea' id='block_1_81' title="bbox 2210 3919 3806 3993">
    <p class='ocr_par' dir='ltr' id='par_1_81' title="bbox 2210 3919 3806 3993">
     <span class='ocr_line' id='line_1_81' title="bbox 2210 3919 3806 3993; baseline -0.003 -16"><span class='ocrx_word' id='word_1_535' title='bbox 2210 3941 2351 3993; x_wconf 65' lang='lat' dir='ltr'><strong>saepe</strong></span> <span class='ocrx_word' id='word_1_536' title='bbox 2374 3924 2442 3977; x_wconf 89' lang='lat' dir='ltr'><strong>ab</strong></span> <span class='ocrx_word' id='word_1_537' title='bbox 2471 3923 2843 3976; x_wconf 84' lang='lat' dir='ltr'><strong>ecclesiastico</strong></span> <span class='ocrx_word' id='word_1_538' title='bbox 2877 3921 3134 3990; x_wconf 87' lang='lat' dir='ltr'><strong>loquendi</strong></span> <span class='ocrx_word' id='word_1_539' title='bbox 3180 3935 3280 3973; x_wconf 89' lang='lat' dir='ltr'><strong>usu</strong></span> <span class='ocrx_word' id='word_1_540' title='bbox 3307 3919 3562 3972; x_wconf 75' lang='lat' dir='ltr'><strong>dilfernnt</strong></span> <span class='ocrx_word' id='word_1_541' title='bbox 3595 3929 3649 3972; x_wconf 85' lang='lat' dir='ltr'><strong>et</strong></span> <span class='ocrx_word' id='word_1_542' title='bbox 3673 3919 3806 3974; x_wconf 74' lang='lat' dir='ltr'><strong>dim-</strong></span> 
     </span>
    </p>
   </div>
   <div class='ocr_carea' id='block_1_82' title="bbox 2209 4011 3806 4082">
    <p class='ocr_par' dir='ltr' id='par_1_82' title="bbox 2209 4011 3806 4082">
     <span class='ocr_line' id='line_1_82' title="bbox 2209 4011 3806 4082; baseline -0.004 -10"><span class='ocrx_word' id='word_1_543' title='bbox 2209 4016 2506 4072; x_wconf 86' lang='lat' dir='ltr'><strong>cultatihus</strong></span> <span class='ocrx_word' id='word_1_544' title='bbox 2537 4023 2666 4069; x_wconf 87' lang='lat' dir='ltr'><strong>sunt</strong></span> <span class='ocrx_word' id='word_1_545' title='bbox 2694 4013 2962 4075; x_wconf 65' lang='lat' dir='ltr'><strong>obnoxiae,</strong></span> <span class='ocrx_word' id='word_1_546' title='bbox 2992 4026 3225 4082; x_wconf 81' lang='lat' dir='ltr'><strong>quarum</strong></span> <span class='ocrx_word' id='word_1_547' title='bbox 3262 4019 3442 4064; x_wconf 90' lang='lat' dir='ltr'><strong>tamen</strong></span> <span class='ocrx_word' id='word_1_548' title='bbox 3480 4011 3654 4080; x_wconf 80' lang='lat' dir='ltr'><strong>major</strong></span> <span class='ocrx_word' id='word_1_549' title='bbox 3678 4027 3806 4080; x_wconf 72' lang='lat' dir='ltr'><strong>pars</strong></span> 
     </span>
    </p>
   </div>
   <div class='ocr_carea' id='block_1_83' title="bbox 2210 4102 3805 4178">
    <p class='ocr_par' dir='ltr' id='par_1_83' title="bbox 2210 4102 3805 4178">
     <span class='ocr_line' id='line_1_83' title="bbox 2210 4102 3805 4178; baseline -0.003 -16"><span class='ocrx_word' id='word_1_550' title='bbox 2210 4117 2518 4178; x_wconf 84' lang='lat' dir='ltr'><strong>Opportune</strong></span> <span class='ocrx_word' id='word_1_551' title='bbox 2553 4123 2617 4159; x_wconf 74' lang='lat' dir='ltr'><strong>ex</strong></span> <span class='ocrx_word' id='word_1_552' title='bbox 2653 4105 2779 4158; x_wconf 86' lang='lat' dir='ltr'><strong>aliis</strong></span> <span class='ocrx_word' id='word_1_553' title='bbox 2822 4104 3003 4156; x_wconf 87' lang='lat' dir='ltr'><strong>Photii</strong></span> <span class='ocrx_word' id='word_1_554' title='bbox 3044 4103 3182 4156; x_wconf 82' lang='lat' dir='ltr'><strong>locis</strong></span> <span class='ocrx_word' id='word_1_555' title='bbox 3222 4102 3423 4171; x_wconf 82' lang='lat' dir='ltr'><strong>exponi</strong></span> <span class='ocrx_word' id='word_1_556' title='bbox 3466 4103 3684 4171; x_wconf 92' lang='lat' dir='ltr'><strong>poterit.</strong></span> <span class='ocrx_word' id='word_1_557' title='bbox 3713 4103 3805 4158; x_wconf 90' lang='lat' dir='ltr'><strong>Sic</strong></span> 
     </span>
    </p>
   </div>
   <div class='ocr_carea' id='block_1_84' title="bbox 2210 4193 3800 4271">
    <p class='ocr_par' dir='ltr' id='par_1_84' title="bbox 2210 4193 3800 4271">
     <span class='ocr_line' id='line_1_84' title="bbox 2210 4193 3800 4271; baseline -0.003 -17"><span class='ocrx_word' id='word_1_558' title='bbox 2210 4201 2432 4271; x_wconf 86' lang='lat' dir='ltr'><strong>quando</strong></span> <span class='ocrx_word' id='word_1_559' title='bbox 2462 4201 2527 4254; x_wconf 90' lang='lat' dir='ltr'><strong>de</strong></span> <span class='ocrx_word' id='word_1_560' title='bbox 2553 4199 2776 4254; x_wconf 88' lang='lat' dir='ltr'><strong>Christo</strong></span> <span class='ocrx_word' id='word_1_561' title='bbox 2812 4197 3063 4266; x_wconf 89' lang='lat' dir='ltr'><strong>loquens.</strong></span> <span class='ocrx_word' id='word_1_562' title='bbox 3111 4213 3129 4245; x_wconf 77' lang='grc' dir='ltr'>ι</span> <span class='ocrx_word' id='word_1_563' title='bbox 3158 4193 3274 4248; x_wconf 87' lang='lat' dir='ltr'><strong>Non</strong></span> <span class='ocrx_word' id='word_1_564' title='bbox 3302 4206 3483 4249; x_wconf 83' lang='lat' dir='ltr'><strong>tamen</strong></span> <span class='ocrx_word' id='word_1_565' title='bbox 3527 4196 3800 4250; x_wconf 89' lang='lat' dir='ltr'><strong>hominem</strong></span> 
     </span>
    </p>
   </div>
   <div class='ocr_carea' id='block_1_85' title="bbox 2210 4289 3806 4369">
    <p class='ocr_par' dir='ltr' id='par_1_85' title="bbox 2210 4289 3806 4369">
     <span class='ocr_line' id='line_1_85' title="bbox 2210 4289 3806 4369; baseline -0.003 -19"><span class='ocrx_word' id='word_1_566' title='bbox 2210 4295 2385 4350; x_wconf 85' lang='lat' dir='ltr'><strong>Deum</strong></span> <span class='ocrx_word' id='word_1_567' title='bbox 2445 4294 2695 4358; x_wconf 85' lang='lat' dir='ltr'><strong>facimus,</strong></span> <span class='ocrx_word' id='word_1_568' title='bbox 2763 4291 2961 4369; x_wconf 89' lang='lat' dir='ltr'><strong>inquit,</strong></span> <span class='ocrx_word' id='word_1_569' title='bbox 3024 4290 3167 4346; x_wconf 90' lang='lat' dir='ltr'><strong>absit</strong></span> <span class='ocrx_word' id='word_1_570' title='bbox 3223 4289 3372 4358; x_wconf 81' lang='grc'>(85),</span> <span class='ocrx_word' id='word_1_571' title='bbox 3407 4309 3427 4341; x_wconf 73' lang='grc' dir='ltr'><strong><em>ι</em></strong></span> <span class='ocrx_word' id='word_1_572' title='bbox 3471 4290 3521 4344; x_wconf 93' lang='lat' dir='ltr'><strong>id</strong></span> <span class='ocrx_word' id='word_1_573' title='bbox 3582 4290 3806 4346; x_wconf 85' lang='lat' dir='ltr'><strong>sinistre</strong></span> 
     </span>
    </p>
   </div>
   <div class='ocr_carea' id='block_1_86' title="bbox 2212 4381 3804 4458">
    <p class='ocr_par' dir='ltr' id='par_1_86' title="bbox 2212 4381 3804 4458">
     <span class='ocr_line' id='line_1_86' title="bbox 2212 4381 3804 4458; baseline -0.006 -14"><span class='ocrx_word' id='word_1_574' title='bbox 2212 4387 2387 4458; x_wconf 87' lang='lat' dir='ltr'><strong>accipi</strong></span> <span class='ocrx_word' id='word_1_575' title='bbox 2434 4387 2647 4457; x_wconf 81' lang='lat' dir='ltr'><strong>nequit,</strong></span> <span class='ocrx_word' id='word_1_576' title='bbox 2673 4399 2796 4439; x_wconf 91' lang='lat' dir='ltr'><strong>cum</strong></span> <span class='ocrx_word' id='word_1_577' title='bbox 2829 4384 3102 4443; x_wconf 80' lang='lat' dir='ltr'><strong>sexcentis</strong></span> <span class='ocrx_word' id='word_1_578' title='bbox 3132 4382 3270 4436; x_wconf 91' lang='lat' dir='ltr'><strong>locis</strong></span> <span class='ocrx_word' id='word_1_579' title='bbox 3299 4381 3525 4436; x_wconf 84' lang='lat' dir='ltr'><strong>Photius</strong></span> <span class='ocrx_word' id='word_1_580' title='bbox 3552 4397 3708 4436; x_wconf 89' lang='lat' dir='ltr'><strong>suam</strong></span> <span class='ocrx_word' id='word_1_581' title='bbox 3736 4382 3804 4435; x_wconf 84' lang='lat' dir='ltr'><strong>de</strong></span> 
     </span>
    </p>
   </div>
   <div class='ocr_carea' id='block_1_87' title="bbox 2214 4473 3804 4544">
    <p class='ocr_par' dir='ltr' id='par_1_87' title="bbox 2214 4473 3804 4544">
     <span class='ocr_line' id='line_1_87' title="bbox 2214 4473 3804 4544; baseline -0.004 -10"><span class='ocrx_word' id='word_1_582' title='bbox 2214 4479 2590 4534; x_wconf 89' lang='lat' dir='ltr'><strong>incarnatione</strong></span> <span class='ocrx_word' id='word_1_583' title='bbox 2629 4476 2935 4532; x_wconf 88' lang='lat' dir='ltr'><strong>doctrinam</strong></span> <span class='ocrx_word' id='word_1_584' title='bbox 2987 4474 3297 4528; x_wconf 85' lang='lat' dir='ltr'><strong>luculenter</strong></span> <span class='ocrx_word' id='word_1_585' title='bbox 3336 4484 3592 4544; x_wconf 81' lang='lat' dir='ltr'><strong>exponat.</strong></span> <span class='ocrx_word' id='word_1_586' title='bbox 3651 4473 3804 4543; x_wconf 75' lang='lat' dir='ltr'><strong>Sa&#39;pe</strong></span> 
     </span>
    </p>
   </div>
   <div class='ocr_carea' id='block_1_88' title="bbox 507 4563 3804 4650">
    <p class='ocr_par' dir='ltr' id='par_1_88' title="bbox 507 4563 3804 4650">
     <span class='ocr_line' id='line_1_88' title="bbox 507 4563 3804 4650; baseline -0.003 -26"><span class='ocrx_word' id='word_1_587' title='bbox 507 4569 837 4626; x_wconf 86' lang='lat' dir='ltr'><strong>brevissima</strong></span> <span class='ocrx_word' id='word_1_588' title='bbox 868 4571 1230 4640; x_wconf 89' lang='lat' dir='ltr'><strong>responsione</strong></span> <span class='ocrx_word' id='word_1_589' title='bbox 1259 4575 1454 4643; x_wconf 83' lang='lat' dir='ltr'><strong>partim</strong></span> <span class='ocrx_word' id='word_1_590' title='bbox 1480 4576 1696 4646; x_wconf 79' lang='lat' dir='ltr'><strong>prolixa</strong></span> <span class='ocrx_word' id='word_1_591' title='bbox 1717 4578 2104 4633; x_wconf 89' lang='lat' dir='ltr'><strong>dissertatione</strong></span> <span class='ocrx_word' id='word_1_592' title='bbox 2137 4591 2185 4650; x_wconf 80' lang='grc' dir='ltr'>ι)</span> <span class='ocrx_word' id='word_1_593' title='bbox 2209 4572 2416 4627; x_wconf 83' lang='lat' dir='ltr'><strong>erroris</strong></span> <span class='ocrx_word' id='word_1_594' title='bbox 2456 4570 2665 4624; x_wconf 61' lang='lat' dir='ltr'><strong>umbrae</strong></span> <span class='ocrx_word' id='word_1_595' title='bbox 2688 4569 2934 4636; x_wconf 69' lang='lat' dir='ltr'><strong>quaedam</strong></span> <span class='ocrx_word' id='word_1_596' title='bbox 2960 4567 3216 4622; x_wconf 89' lang='lat' dir='ltr'><strong>lectorem</strong></span> <span class='ocrx_word' id='word_1_597' title='bbox 3254 4563 3478 4628; x_wconf 87' lang='lat' dir='ltr'><strong>feriunt,</strong></span> <span class='ocrx_word' id='word_1_598' title='bbox 3522 4581 3646 4618; x_wconf 87' lang='lat' dir='ltr'><strong>raro</strong></span> <span class='ocrx_word' id='word_1_599' title='bbox 3677 4581 3804 4618; x_wconf 82' lang='lat' dir='ltr'><strong>vero</strong></span> 
     </span>
    </p>
   </div>
   <div class='ocr_carea' id='block_1_89' title="bbox 505 4663 2105 4738">
    <p class='ocr_par' dir='ltr' id='par_1_89' title="bbox 505 4663 2105 4738">
     <span class='ocr_line' id='line_1_89' title="bbox 505 4663 2105 4738; baseline 0.004 -20"><span class='ocrx_word' id='word_1_600' title='bbox 505 4663 614 4737; x_wconf 78' lang='lat' dir='ltr'><strong>hoc</strong></span> <span class='ocrx_word' id='word_1_601' title='bbox 645 4665 1154 4734; x_wconf 85' lang='lat' dir='ltr'><strong>Amphilochiorum</strong></span> <span class='ocrx_word' id='word_1_602' title='bbox 1187 4683 1352 4738; x_wconf 87' lang='lat' dir='ltr'><strong>opere</strong></span> <span class='ocrx_word' id='word_1_603' title='bbox 1391 4667 1624 4725; x_wconf 84' lang='lat' dir='ltr'><strong>Photius</strong></span> <span class='ocrx_word' id='word_1_604' title='bbox 1663 4671 1868 4736; x_wconf 86' lang='lat' dir='ltr'><strong>evolvit</strong></span> <span class='ocrx_word' id='word_1_605' title='bbox 1894 4681 1949 4726; x_wconf 92' lang='lat' dir='ltr'><strong>et</strong></span> <span class='ocrx_word' id='word_1_606' title='bbox 1974 4671 2105 4725; x_wconf 89' lang='lat' dir='ltr'><strong>illu-</strong></span> 
     </span>
    </p>
   </div>
   <div class='ocr_carea' id='block_1_90' title="bbox 508 4757 1776 4815">
    <p class='ocr_par' dir='ltr' id='par_1_90' title="bbox 508 4757 1776 4815">
     <span class='ocr_line' id='line_1_90' title="bbox 508 4757 1776 4815; baseline -0.001 0"><span class='ocrx_word' id='word_1_607' title='bbox 508 4757 724 4815; x_wconf 88' lang='lat' dir='ltr'><strong>stravit.</strong></span> <span class='ocrx_word' id='word_1_608' title='bbox 1594 4769 1599 4775; x_wconf 90' lang='lat'><strong><em>&#39;</em></strong></span> <span class='ocrx_word' id='word_1_609' title='bbox 1773 4765 1776 4770; x_wconf 86' lang='grc'><em>’</em></span> 
     </span>
    </p>
   </div>
   <div class='ocr_carea' id='block_1_91' title="bbox 582 4851 2107 4925">
    <p class='ocr_par' dir='ltr' id='par_1_91' title="bbox 582 4851 2107 4925">
     <span class='ocr_line' id='line_1_91' title="bbox 582 4851 2107 4925; baseline 0.007 -23"><span class='ocrx_word' id='word_1_610' title='bbox 582 4851 671 4910; x_wconf 77' lang='grc'>14.</span> <span class='ocrx_word' id='word_1_611' title='bbox 716 4851 770 4904; x_wconf 88' lang='lat' dir='ltr'><strong>lu</strong></span> <span class='ocrx_word' id='word_1_612' title='bbox 807 4861 958 4906; x_wconf 85' lang='lat' dir='ltr'><strong>tanta</strong></span> <span class='ocrx_word' id='word_1_613' title='bbox 996 4867 1178 4907; x_wconf 83' lang='lat' dir='ltr'><strong>rerum</strong></span> <span class='ocrx_word' id='word_1_614' title='bbox 1205 4853 1776 4925; x_wconf 79' lang='lat' dir='ltr'><strong>diseeptationumque</strong></span> <span class='ocrx_word' id='word_1_615' title='bbox 1805 4857 1952 4912; x_wconf 90' lang='lat' dir='ltr'><strong>mole</strong></span> <span class='ocrx_word' id='word_1_616' title='bbox 1999 4858 2107 4912; x_wconf 86' lang='lat' dir='ltr'><strong>mi-</strong></span> 
     </span>
    </p>
   </div>
   <div class='ocr_carea' id='block_1_92' title="bbox 503 4946 2110 5020">
    <p class='ocr_par' dir='ltr' id='par_1_92' title="bbox 503 4946 2110 5020">
     <span class='ocr_line' id='line_1_92' title="bbox 503 4946 2110 5020; baseline 0.004 -20"><span class='ocrx_word' id='word_1_617' title='bbox 503 4959 632 5000; x_wconf 82' lang='lat' dir='ltr'><strong>rum</strong></span> <span class='ocrx_word' id='word_1_618' title='bbox 659 4960 793 5013; x_wconf 85' lang='lat' dir='ltr'><strong>sane</strong></span> <span class='ocrx_word' id='word_1_619' title='bbox 827 4946 972 5009; x_wconf 84' lang='lat' dir='ltr'><strong>haud</strong></span> <span class='ocrx_word' id='word_1_620' title='bbox 1003 4956 1108 5011; x_wconf 90' lang='lat' dir='ltr'><strong>est,</strong></span> <span class='ocrx_word' id='word_1_621' title='bbox 1133 4950 1280 5017; x_wconf 90' lang='lat' dir='ltr'><strong>quod</strong></span> <span class='ocrx_word' id='word_1_622' title='bbox 1314 4963 1427 5004; x_wconf 89' lang='lat' dir='ltr'><strong>non</strong></span> <span class='ocrx_word' id='word_1_623' title='bbox 1457 4949 1643 5018; x_wconf 79' lang='lat' dir='ltr'><strong>omnia</strong></span> <span class='ocrx_word' id='word_1_624' title='bbox 1668 4949 1856 5004; x_wconf 87' lang='lat' dir='ltr'><strong>eadem</strong></span> <span class='ocrx_word' id='word_1_625' title='bbox 1881 4966 2110 5020; x_wconf 82' lang='lat' dir='ltr'><strong>prorsus</strong></span> 
     </span>
    </p>
   </div>
   <div class='ocr_carea' id='block_1_93' title="bbox 584 5094 1382 5168">
    <p class='ocr_par' dir='ltr' id='par_1_93' title="bbox 584 5094 1382 5168">
     <span class='ocr_line' id='line_1_93' title="bbox 584 5094 1382 5168; baseline 0.005 -18"><span class='ocrx_word' id='word_1_626' title='bbox 584 5094 697 5168; x_wconf 64' lang='lat' dir='ltr'><strong>(ea)</strong></span> <span class='ocrx_word' id='word_1_627' title='bbox 735 5095 797 5168; x_wconf 75' lang='lat' dir='ltr'><strong>v.</strong></span> <span class='ocrx_word' id='word_1_628' title='bbox 826 5113 906 5167; x_wconf 85' lang='lat' dir='ltr'><strong>gr.</strong></span> <span class='ocrx_word' id='word_1_629' title='bbox 939 5115 996 5168; x_wconf 90' lang='lat' dir='ltr'><strong>q.</strong></span> <span class='ocrx_word' id='word_1_630' title='bbox 1037 5097 1214 5167; x_wconf 66' lang='lat'><strong>1,21,</strong></span> <span class='ocrx_word' id='word_1_631' title='bbox 1255 5097 1382 5165; x_wconf 73' lang='lat' dir='ltr'><strong>iss.</strong></span> 
     </span>
    </p>
   </div>
   <div class='ocr_carea' id='block_1_94' title="bbox 583 5167 1115 5237">
    <p class='ocr_par' dir='ltr' id='par_1_94' title="bbox 583 5167 1115 5237">
     <span class='ocr_line' id='line_1_94' title="bbox 583 5167 1115 5237; baseline 0.009 -19"><span class='ocrx_word' id='word_1_632' title='bbox 583 5167 700 5237; x_wconf 86' lang='grc'>(70)</span> <span class='ocrx_word' id='word_1_633' title='bbox 740 5167 802 5221; x_wconf 88' lang='lat' dir='ltr'><strong>V.</strong></span> <span class='ocrx_word' id='word_1_634' title='bbox 837 5167 1000 5237; x_wconf 75' lang='lat' dir='ltr'><strong>gr.q.</strong></span> <span class='ocrx_word' id='word_1_635' title='bbox 1026 5171 1115 5224; x_wconf 70' lang='grc'><strong>42.</strong></span> 
     </span>
    </p>
   </div>
   <div class='ocr_carea' id='block_1_95' title="bbox 1289 5241 1494 5312">
    <p class='ocr_par' dir='ltr' id='par_1_95' title="bbox 1289 5241 1494 5312">
     <span class='ocr_line' id='line_1_95' title="bbox 1289 5241 1494 5312; baseline 0.005 -18"><span class='ocrx_word' id='word_1_636' title='bbox 1289 5257 1344 5310; x_wconf 92' lang='lat' dir='ltr'><strong>p.</strong></span> <span class='ocrx_word' id='word_1_637' title='bbox 1379 5241 1494 5312; x_wconf 83' lang='grc'>85).</span> 
     </span>
    </p>
   </div>
   <div class='ocr_carea' id='block_1_96' title="bbox 583 5237 1255 5304">
    <p class='ocr_par' dir='ltr' id='par_1_96' title="bbox 583 5237 1255 5304">
     <span class='ocr_line' id='line_1_96' title="bbox 583 5237 1255 5304; baseline 0.007 -13"><span class='ocrx_word' id='word_1_638' title='bbox 583 5238 698 5302; x_wconf 67' lang='grc'>(71)</span> <span class='ocrx_word' id='word_1_639' title='bbox 731 5237 797 5302; x_wconf 85' lang='lat' dir='ltr'><strong>Q.</strong></span> <span class='ocrx_word' id='word_1_640' title='bbox 821 5238 891 5304; x_wconf 85' lang='lat' dir='ltr'><strong>7O</strong></span> <span class='ocrx_word' id='word_1_641' title='bbox 923 5239 1072 5302; x_wconf 80' lang='lat' dir='ltr'><strong>(Mai,</strong></span> <span class='ocrx_word' id='word_1_642' title='bbox 1113 5240 1150 5295; x_wconf 89' lang='grc'><strong>1.</strong></span> <span class='ocrx_word' id='word_1_643' title='bbox 1181 5256 1255 5304; x_wconf 87' lang='lat' dir='ltr'><strong>c.,</strong></span> 
     </span>
    </p>
   </div>
   <div class='ocr_carea' id='block_1_97' title="bbox 483 5303 2000 5384">
    <p class='ocr_par' dir='ltr' id='par_1_97' title="bbox 483 5303 2000 5384">
     <span class='ocr_line' id='line_1_97' title="bbox 483 5303 2000 5384; baseline 0.004 -24"><span class='ocrx_word' id='word_1_644' title='bbox 483 5318 486 5321; x_wconf 92' lang='grc'>·</span> <span class='ocrx_word' id='word_1_645' title='bbox 583 5309 697 5384; x_wconf 65' lang='lat' dir='ltr'><strong>(3a)</strong></span> <span class='ocrx_word' id='word_1_646' title='bbox 731 5311 798 5384; x_wconf 73' lang='grc' dir='ltr'><strong>ρ.</strong></span> <span class='ocrx_word' id='word_1_647' title='bbox 835 5303 1120 5384; x_wconf 54' lang='lat' dir='ltr'><strong>aiataiat,</strong></span> <span class='ocrx_word' id='word_1_648' title='bbox 1167 5303 2000 5384; x_wconf 15' lang='lat' dir='ltr'><strong>p.156);‘2957(t\iai,p.7149).</strong></span> 
     </span>
    </p>
   </div>
   <div class='ocr_carea' id='block_1_98' title="bbox 585 5379 1925 5454">
    <p class='ocr_par' dir='ltr' id='par_1_98' title="bbox 585 5379 1925 5454">
     <span class='ocr_line' id='line_1_98' title="bbox 585 5379 1925 5454; baseline 0.004 -23"><span class='ocrx_word' id='word_1_649' title='bbox 585 5381 704 5454; x_wconf 69' lang='grc'>(75)</span> <span class='ocrx_word' id='word_1_650' title='bbox 734 5383 800 5446; x_wconf 77' lang='lat' dir='ltr'><strong>Q.</strong></span> <span class='ocrx_word' id='word_1_651' title='bbox 831 5379 1079 5454; x_wconf 80' lang='lat' dir='ltr'><strong>(Mai,</strong></span> <span class='ocrx_word' id='word_1_652' title='bbox 1108 5379 1322 5452; x_wconf 47' lang='lat' dir='ltr'><strong>p.&#39;67):</strong></span> <span class='ocrx_word' id='word_1_653' title='bbox 1354 5381 1463 5438; x_wconf 75' lang='grc'>265</span> <span class='ocrx_word' id='word_1_654' title='bbox 1497 5383 1645 5454; x_wconf 88' lang='lat' dir='ltr'><strong>(Mai,</strong></span> <span class='ocrx_word' id='word_1_655' title='bbox 1691 5379 1925 5451; x_wconf 54' lang='lat' dir='ltr'><strong>p.129).</strong></span> 
     </span>
    </p>
   </div>
   <div class='ocr_carea' id='block_1_99' title="bbox 587 5451 2112 5526">
    <p class='ocr_par' dir='ltr' id='par_1_99' title="bbox 587 5451 2112 5526">
     <span class='ocr_line' id='line_1_99' title="bbox 587 5451 2112 5526; baseline -0.001 -20"><span class='ocrx_word' id='word_1_656' title='bbox 587 5451 700 5526; x_wconf 70' lang='lat'><strong>(&#39;74)</strong></span> <span class='ocrx_word' id='word_1_657' title='bbox 735 5454 801 5518; x_wconf 72' lang='grc' dir='ltr'>ρ.</span> <span class='ocrx_word' id='word_1_658' title='bbox 836 5451 962 5526; x_wconf 79' lang='grc'>171,</span> <span class='ocrx_word' id='word_1_659' title='bbox 1020 5453 1116 5506; x_wconf 79' lang='grc'><strong>181</strong></span> <span class='ocrx_word' id='word_1_660' title='bbox 1153 5451 1294 5524; x_wconf 86' lang='lat' dir='ltr'><strong>seq.,</strong></span> <span class='ocrx_word' id='word_1_661' title='bbox 1330 5455 1460 5518; x_wconf 82' lang='grc'>195,</span> <span class='ocrx_word' id='word_1_662' title='bbox 1496 5451 1620 5521; x_wconf 77' lang='grc'>195,</span> <span class='ocrx_word' id='word_1_663' title='bbox 1655 5455 1783 5519; x_wconf 79' lang='grc'>225,</span> <span class='ocrx_word' id='word_1_664' title='bbox 1815 5453 1945 5524; x_wconf 74' lang='grc'>225,</span> <span class='ocrx_word' id='word_1_665' title='bbox 1973 5452 2112 5506; x_wconf 72' lang='lat'><strong>238-</strong></span> 
     </span>
    </p>
   </div>
   <div class='ocr_carea' id='block_1_100' title="bbox 511 5519 2111 5666">
    <p class='ocr_par' dir='ltr' id='par_1_100' title="bbox 511 5519 2111 5666">
     <span class='ocr_line' id='line_1_100' title="bbox 511 5519 2111 5666; baseline 0.003 -24"><span class='ocrx_word' id='word_1_666' title='bbox 511 5519 704 5666; x_wconf 39' lang='lat' dir='ltr'><strong>?szﬁ)</strong></span> <span class='ocrx_word' id='word_1_667' title='bbox 739 5591 833 5666; x_wconf 78' lang='lat' dir='ltr'><strong>Sic</strong></span> <span class='ocrx_word' id='word_1_668' title='bbox 856 5591 1108 5666; x_wconf 85' lang='lat' dir='ltr'><strong>refellere</strong></span> <span class='ocrx_word' id='word_1_669' title='bbox 1132 5605 1365 5651; x_wconf 89' lang='lat' dir='ltr'><strong>conatur</strong></span> <span class='ocrx_word' id='word_1_670' title='bbox 1382 5605 1769 5666; x_wconf 81' lang='lat' dir='ltr'><strong>argumentum</strong></span> <span class='ocrx_word' id='word_1_671' title='bbox 1795 5611 1858 5666; x_wconf 81' lang='lat' dir='ltr'><strong>ex</strong></span> <span class='ocrx_word' id='word_1_672' title='bbox 1884 5594 2111 5649; x_wconf 85' lang='lat' dir='ltr'><strong>Patrum</strong></span> 
     </span>
    </p>
   </div>
   <div class='ocr_carea' id='block_1_101' title="bbox 516 5661 2115 5736">
    <p class='ocr_par' dir='ltr' id='par_1_101' title="bbox 516 5661 2115 5736">
     <span class='ocr_line' id='line_1_101' title="bbox 516 5661 2115 5736; baseline 0.003 -22"><span class='ocrx_word' id='word_1_673' title='bbox 516 5661 1278 5736; x_wconf 20' lang='lat' dir='ltr'><strong>loc&#39;utionibusidesumptum,</strong></span> <span class='ocrx_word' id='word_1_674' title='bbox 1304 5661 1506 5736; x_wconf 86' lang='lat' dir='ltr'><strong>quibus</strong></span> <span class='ocrx_word' id='word_1_675' title='bbox 1525 5667 1762 5736; x_wconf 89' lang='lat' dir='ltr'><strong>Spiritus</strong></span> <span class='ocrx_word' id='word_1_676' title='bbox 1792 5665 1913 5720; x_wconf 86' lang='lat' dir='ltr'><strong>Filii</strong></span> <span class='ocrx_word' id='word_1_677' title='bbox 1935 5667 2115 5736; x_wconf 81' lang='lat' dir='ltr'><strong>imago</strong></span> 
     </span>
    </p>
   </div>
   <div class='ocr_carea' id='block_1_102' title="bbox 521 5733 2119 5808">
    <p class='ocr_par' dir='ltr' id='par_1_102' title="bbox 521 5733 2119 5808">
     <span class='ocr_line' id='line_1_102' title="bbox 521 5733 2119 5808; baseline 0.002 -21"><span class='ocrx_word' id='word_1_678' title='bbox 521 5733 830 5808; x_wconf 57' lang='lat' dir='ltr'><strong>diciturtq.</strong></span> <span class='ocrx_word' id='word_1_679' title='bbox 854 5733 996 5801; x_wconf 76' lang='lat'><strong>255;</strong></span> <span class='ocrx_word' id='word_1_680' title='bbox 1025 5733 1155 5798; x_wconf 85' lang='lat' dir='ltr'><strong>Mai,</strong></span> <span class='ocrx_word' id='word_1_681' title='bbox 1191 5753 1246 5808; x_wconf 88' lang='lat' dir='ltr'><strong>p.</strong></span> <span class='ocrx_word' id='word_1_682' title='bbox 1287 5733 1436 5806; x_wconf 84' lang='grc'>115),</span> <span class='ocrx_word' id='word_1_683' title='bbox 1477 5733 1863 5808; x_wconf 75' lang='lat' dir='ltr'><strong>argumentum</strong></span> <span class='ocrx_word' id='word_1_684' title='bbox 1891 5753 1956 5793; x_wconf 78' lang='lat' dir='ltr'><strong>ex</strong></span> <span class='ocrx_word' id='word_1_685' title='bbox 1988 5733 2119 5790; x_wconf 76' lang='lat' dir='ltr'><strong>mis-</strong></span> 
     </span>
    </p>
   </div>
   <div class='ocr_carea' id='block_1_103' title="bbox 523 5801 2114 5878">
    <p class='ocr_par' dir='ltr' id='par_1_103' title="bbox 523 5801 2114 5878">
     <span class='ocr_line' id='line_1_103' title="bbox 523 5801 2114 5878; baseline 0.003 -22"><span class='ocrx_word' id='word_1_686' title='bbox 523 5801 1022 5878; x_wconf 65' lang='lat' dir='ltr'><strong>sionederivatum</strong></span> <span class='ocrx_word' id='word_1_687' title='bbox 1058 5808 1138 5876; x_wconf 92' lang='lat' dir='ltr'><strong>(q.</strong></span> <span class='ocrx_word' id='word_1_688' title='bbox 1166 5801 1288 5874; x_wconf 62' lang='grc'>1⁷88)</span> <span class='ocrx_word' id='word_1_689' title='bbox 1321 5801 1635 5863; x_wconf 65' lang='grc' dir='ltr'><strong>θοίἱθῐηῖιιη</strong></span> <span class='ocrx_word' id='word_1_690' title='bbox 1690 5809 1823 5861; x_wconf 88' lang='lat' dir='ltr'><strong>illud</strong></span> <span class='ocrx_word' id='word_1_691' title='bbox 1870 5823 2114 5878; x_wconf 88' lang='lat' dir='ltr'><strong>quoque,</strong></span> 
     </span>
    </p>
   </div>
   <div class='ocr_carea' id='block_1_104' title="bbox 527 5874 2114 5952">
    <p class='ocr_par' dir='ltr' id='par_1_104' title="bbox 527 5874 2114 5952">
     <span class='ocr_line' id='line_1_104' title="bbox 527 5874 2114 5952; baseline 0.003 -24"><span class='ocrx_word' id='word_1_692' title='bbox 527 5875 671 5952; x_wconf 68' lang='lat' dir='ltr'><strong>quod</strong></span> <span class='ocrx_word' id='word_1_693' title='bbox 695 5875 747 5928; x_wconf 89' lang='lat' dir='ltr'><strong>in</strong></span> <span class='ocrx_word' id='word_1_694' title='bbox 776 5874 1042 5935; x_wconf 79' lang='lat' dir='ltr'><strong>Pliotiana</strong></span> <span class='ocrx_word' id='word_1_695' title='bbox 1069 5874 1363 5951; x_wconf 80' lang='lat' dir='ltr'><strong>hypothesi</strong></span> <span class='ocrx_word' id='word_1_696' title='bbox 1386 5877 1585 5934; x_wconf 89' lang='lat' dir='ltr'><strong>Filium</strong></span> <span class='ocrx_word' id='word_1_697' title='bbox 1618 5887 1671 5934; x_wconf 89' lang='lat' dir='ltr'><strong>et</strong></span> <span class='ocrx_word' id='word_1_698' title='bbox 1703 5874 1969 5950; x_wconf 81' lang='lat' dir='ltr'><strong>Spiritum</strong></span> <span class='ocrx_word' id='word_1_699' title='bbox 1997 5874 2114 5932; x_wconf 80' lang='lat' dir='ltr'><strong>fra-</strong></span> 
     </span>
    </p>
   </div>
   <div class='ocr_carea' id='block_1_105' title="bbox 2209 4659 3807 4736">
    <p class='ocr_par' dir='ltr' id='par_1_105' title="bbox 2209 4659 3807 4736">
     <span class='ocr_line' id='line_1_105' title="bbox 2209 4659 3807 4736; baseline -0.006 -14"><span class='ocrx_word' id='word_1_700' title='bbox 2209 4665 2384 4736; x_wconf 87' lang='lat' dir='ltr'><strong>aperti</strong></span> <span class='ocrx_word' id='word_1_701' title='bbox 2415 4678 2653 4719; x_wconf 88' lang='lat' dir='ltr'><strong>errores.</strong></span> <span class='ocrx_word' id='word_1_702' title='bbox 2691 4662 2796 4715; x_wconf 83' lang='lat' dir='ltr'><strong>Sed</strong></span> <span class='ocrx_word' id='word_1_703' title='bbox 2846 4663 2959 4729; x_wconf 88' lang='lat' dir='ltr'><strong>jam</strong></span> <span class='ocrx_word' id='word_1_704' title='bbox 2995 4660 3061 4713; x_wconf 89' lang='lat' dir='ltr'><strong>ad</strong></span> <span class='ocrx_word' id='word_1_705' title='bbox 3093 4659 3392 4728; x_wconf 87' lang='lat' dir='ltr'><strong>pleniorem</strong></span> <span class='ocrx_word' id='word_1_706' title='bbox 3424 4660 3598 4714; x_wconf 87' lang='lat' dir='ltr'><strong>nostri</strong></span> <span class='ocrx_word' id='word_1_707' title='bbox 3625 4660 3807 4729; x_wconf 82' lang='lat' dir='ltr'><strong>operis</strong></span> 
     </span>
    </p>
   </div>
   <div class='ocr_carea' id='block_1_106' title="bbox 2210 4751 3804 4823">
    <p class='ocr_par' dir='ltr' id='par_1_106' title="bbox 2210 4751 3804 4823">
     <span class='ocr_line' id='line_1_106' title="bbox 2210 4751 3804 4823; baseline -0.006 -12"><span class='ocrx_word' id='word_1_708' title='bbox 2210 4759 2482 4822; x_wconf 86' lang='lat' dir='ltr'><strong>notitiam,</strong></span> <span class='ocrx_word' id='word_1_709' title='bbox 2518 4757 2586 4820; x_wconf 86' lang='lat' dir='ltr'><strong>ad</strong></span> <span class='ocrx_word' id='word_1_710' title='bbox 2609 4771 2670 4810; x_wconf 86' lang='lat' dir='ltr'><strong>ea</strong></span> <span class='ocrx_word' id='word_1_711' title='bbox 2719 4769 2841 4823; x_wconf 69' lang='lat' dir='ltr'><strong>quae</strong></span> <span class='ocrx_word' id='word_1_712' title='bbox 2871 4753 2936 4806; x_wconf 91' lang='lat' dir='ltr'><strong>ad</strong></span> <span class='ocrx_word' id='word_1_713' title='bbox 2965 4761 3286 4822; x_wconf 69' lang='lat' dir='ltr'><strong>prmseiiteni</strong></span> <span class='ocrx_word' id='word_1_714' title='bbox 3308 4751 3602 4805; x_wconf 92' lang='lat' dir='ltr'><strong>editionem</strong></span> <span class='ocrx_word' id='word_1_715' title='bbox 3621 4751 3804 4805; x_wconf 89' lang='lat' dir='ltr'><strong>subsi-</strong></span> 
     </span>
    </p>
   </div>
   <div class='ocr_carea' id='block_1_107' title="bbox 2208 4836 3806 4917">
    <p class='ocr_par' dir='ltr' id='par_1_107' title="bbox 2208 4836 3806 4917">
     <span class='ocr_line' id='line_1_107' title="bbox 2208 4836 3806 4917; baseline -0.004 -15"><span class='ocrx_word' id='word_1_716' title='bbox 2208 4847 2298 4902; x_wconf 86' lang='lat' dir='ltr'><strong>dia</strong></span> <span class='ocrx_word' id='word_1_717' title='bbox 2352 4836 2517 4917; x_wconf 77' lang='lat' dir='ltr'><strong>atque</strong></span> <span class='ocrx_word' id='word_1_718' title='bbox 2555 4845 2887 4899; x_wconf 88' lang='lat' dir='ltr'><strong>adminicula</strong></span> <span class='ocrx_word' id='word_1_719' title='bbox 2932 4844 3325 4914; x_wconf 62' lang='lat' dir='ltr'><strong>priestiterunt,</strong></span> <span class='ocrx_word' id='word_1_720' title='bbox 3382 4843 3630 4896; x_wconf 89' lang='lat' dir='ltr'><strong>animum</strong></span> <span class='ocrx_word' id='word_1_721' title='bbox 3685 4858 3806 4896; x_wconf 86' lang='lat' dir='ltr'><strong>ver-</strong></span> 
     </span>
    </p>
   </div>
   <div class='ocr_carea' id='block_1_108' title="bbox 2212 4949 2413 4995">
    <p class='ocr_par' dir='ltr' id='par_1_108' title="bbox 2212 4949 2413 4995">
     <span class='ocr_line' id='line_1_108' title="bbox 2212 4949 2413 4995; baseline 0 -1"><span class='ocrx_word' id='word_1_722' title='bbox 2212 4949 2413 4995; x_wconf 88' lang='lat' dir='ltr'><strong>tamus.</strong></span> 
     </span>
    </p>
   </div>
   <div class='ocr_carea' id='block_1_109' title="bbox 2211 5095 3052 5168">
    <p class='ocr_par' dir='ltr' id='par_1_109' title="bbox 2211 5095 3052 5168">
     <span class='ocr_line' id='line_1_109' title="bbox 2211 5095 3052 5168; baseline 0.001 -18"><span class='ocrx_word' id='word_1_723' title='bbox 2211 5104 2325 5166; x_wconf 76' lang='lat' dir='ltr'><strong>tres</strong></span> <span class='ocrx_word' id='word_1_724' title='bbox 2357 5096 2472 5150; x_wconf 88' lang='lat' dir='ltr'><strong>fore</strong></span> <span class='ocrx_word' id='word_1_725' title='bbox 2503 5097 2784 5152; x_wconf 87' lang='lat' dir='ltr'><strong>contendit</strong></span> <span class='ocrx_word' id='word_1_726' title='bbox 2820 5095 2898 5168; x_wconf 83' lang='lat' dir='ltr'><strong>(q.</strong></span> <span class='ocrx_word' id='word_1_727' title='bbox 2936 5096 3052 5166; x_wconf 81' lang='lat'><strong>28).</strong></span> 
     </span>
    </p>
   </div>
   <div class='ocr_carea' id='block_1_110' title="bbox 2287 5168 3033 5237">
    <p class='ocr_par' dir='ltr' id='par_1_110' title="bbox 2287 5168 3033 5237">
     <span class='ocr_line' id='line_1_110' title="bbox 2287 5168 3033 5237; baseline 0 -15"><span class='ocrx_word' id='word_1_728' title='bbox 2287 5168 2401 5237; x_wconf 82' lang='lat'><strong>(76)</strong></span> <span class='ocrx_word' id='word_1_729' title='bbox 2439 5168 2503 5233; x_wconf 77' lang='grc' dir='ltr'>ρ.</span> <span class='ocrx_word' id='word_1_730' title='bbox 2535 5169 2621 5226; x_wconf 76' lang='lat'><strong>13.</strong></span> <span class='ocrx_word' id='word_1_731' title='bbox 2655 5169 2747 5227; x_wconf 66' lang='lat'><strong>45.</strong></span> <span class='ocrx_word' id='word_1_732' title='bbox 2775 5169 2866 5230; x_wconf 79' lang='lat'><strong>75,</strong></span> <span class='ocrx_word' id='word_1_733' title='bbox 2907 5168 3033 5222; x_wconf 82' lang='lat' dir='ltr'><strong>m.</strong></span> 
     </span>
    </p>
   </div>
   <div class='ocr_carea' id='block_1_111' title="bbox 2285 5239 2809 5309">
    <p class='ocr_par' dir='ltr' id='par_1_111' title="bbox 2285 5239 2809 5309">
     <span class='ocr_line' id='line_1_111' title="bbox 2285 5239 2809 5309; baseline 0.004 -19"><span class='ocrx_word' id='word_1_734' title='bbox 2285 5239 2397 5309; x_wconf 75' lang='grc'>(77)</span> <span class='ocrx_word' id='word_1_735' title='bbox 2427 5239 2492 5304; x_wconf 87' lang='lat' dir='ltr'><strong>Q.</strong></span> <span class='ocrx_word' id='word_1_736' title='bbox 2530 5240 2650 5303; x_wconf 81' lang='lat' dir='ltr'><strong>t57,</strong></span> <span class='ocrx_word' id='word_1_737' title='bbox 2688 5239 2809 5293; x_wconf 71' lang='lat'><strong>147.</strong></span> 
     </span>
    </p>
   </div>
   <div class='ocr_carea' id='block_1_112' title="bbox 2286 5308 3114 5378">
    <p class='ocr_par' dir='ltr' id='par_1_112' title="bbox 2286 5308 3114 5378">
     <span class='ocr_line' id='line_1_112' title="bbox 2286 5308 3114 5378; baseline -0.001 -13"><span class='ocrx_word' id='word_1_738' title='bbox 2286 5308 2398 5378; x_wconf 82' lang='lat'><strong>(78)</strong></span> <span class='ocrx_word' id='word_1_739' title='bbox 2439 5316 2505 5376; x_wconf 72' lang='grc' dir='ltr'><strong>υ.</strong></span> <span class='ocrx_word' id='word_1_740' title='bbox 2543 5311 2633 5374; x_wconf 86' lang='lat'><strong>78,</strong></span> <span class='ocrx_word' id='word_1_741' title='bbox 2660 5310 2788 5373; x_wconf 86' lang='grc'>255,</span> <span class='ocrx_word' id='word_1_742' title='bbox 2823 5308 2950 5373; x_wconf 66' lang='grc'>245,</span> <span class='ocrx_word' id='word_1_743' title='bbox 2985 5308 3114 5364; x_wconf 80' lang='grc'>275.</span> 
     </span>
    </p>
   </div>
   <div class='ocr_carea' id='block_1_113' title="bbox 2287 5381 2811 5450">
    <p class='ocr_par' dir='ltr' id='par_1_113' title="bbox 2287 5381 2811 5450">
     <span class='ocr_line' id='line_1_113' title="bbox 2287 5381 2811 5450; baseline 0.006 -16"><span class='ocrx_word' id='word_1_744' title='bbox 2287 5383 2399 5450; x_wconf 75' lang='grc'>(79)</span> <span class='ocrx_word' id='word_1_745' title='bbox 2437 5387 2501 5446; x_wconf 74' lang='grc' dir='ltr'>ρ.</span> <span class='ocrx_word' id='word_1_746' title='bbox 2535 5381 2660 5446; x_wconf 70' lang='lat'><strong>512,</strong></span> <span class='ocrx_word' id='word_1_747' title='bbox 2685 5381 2811 5436; x_wconf 71' lang='lat'><strong>221.</strong></span> 
     </span>
    </p>
   </div>
   <div class='ocr_carea' id='block_1_114' title="bbox 2288 5452 2812 5516">
    <p class='ocr_par' dir='ltr' id='par_1_114' title="bbox 2288 5452 2812 5516">
     <span class='ocr_line' id='line_1_114' title="bbox 2288 5452 2812 5516; baseline -0.002 -11"><span class='ocrx_word' id='word_1_748' title='bbox 2288 5453 2397 5516; x_wconf 85' lang='grc'>(80)</span> <span class='ocrx_word' id='word_1_749' title='bbox 2436 5452 2500 5516; x_wconf 81' lang='lat' dir='ltr'><strong>Q.</strong></span> <span class='ocrx_word' id='word_1_750' title='bbox 2541 5452 2812 5514; x_wconf 86' lang='grc'>106,107.</span> 
     </span>
    </p>
   </div>
   <div class='ocr_carea' id='block_1_115' title="bbox 2286 5521 3520 5590">
    <p class='ocr_par' dir='ltr' id='par_1_115' title="bbox 2286 5521 3520 5590">
     <span class='ocr_line' id='line_1_115' title="bbox 2286 5521 3520 5590; baseline -0.005 -11"><span class='ocrx_word' id='word_1_751' title='bbox 2286 5523 2400 5589; x_wconf 84' lang='grc'>(81)</span> <span class='ocrx_word' id='word_1_752' title='bbox 2435 5524 2500 5587; x_wconf 72' lang='grc' dir='ltr'>ρ.</span> <span class='ocrx_word' id='word_1_753' title='bbox 2535 5523 2658 5586; x_wconf 86' lang='grc'>150,</span> <span class='ocrx_word' id='word_1_754' title='bbox 2691 5525 2780 5590; x_wconf 84' lang='grc'><strong>20,</strong></span> <span class='ocrx_word' id='word_1_755' title='bbox 2812 5522 2898 5587; x_wconf 89' lang='grc'><strong>77,</strong></span> <span class='ocrx_word' id='word_1_756' title='bbox 2936 5521 3211 5587; x_wconf 72' lang='grc'>15,0,151,</span> <span class='ocrx_word' id='word_1_757' title='bbox 3241 5523 3365 5582; x_wconf 66' lang='grc'>551,</span> <span class='ocrx_word' id='word_1_758' title='bbox 3391 5521 3520 5575; x_wconf 81' lang='grc'>242.</span> 
     </span>
    </p>
   </div>
   <div class='ocr_carea' id='block_1_116' title="bbox 2287 5589 3804 5664">
    <p class='ocr_par' dir='ltr' id='par_1_116' title="bbox 2287 5589 3804 5664">
     <span class='ocr_line' id='line_1_116' title="bbox 2287 5589 3804 5664; baseline -0.001 -17"><span class='ocrx_word' id='word_1_759' title='bbox 2287 5595 2400 5664; x_wconf 84' lang='grc'>(82)</span> <span class='ocrx_word' id='word_1_760' title='bbox 2433 5592 2518 5664; x_wconf 81' lang='lat' dir='ltr'><strong>Cf.</strong></span> <span class='ocrx_word' id='word_1_761' title='bbox 2542 5610 2749 5664; x_wconf 77' lang='lat' dir='ltr'><strong>eaquae</strong></span> <span class='ocrx_word' id='word_1_762' title='bbox 2779 5595 3020 5664; x_wconf 78' lang='lat' dir='ltr'><strong>diximus</strong></span> <span class='ocrx_word' id='word_1_763' title='bbox 3052 5595 3101 5646; x_wconf 88' lang='lat' dir='ltr'><strong>in</strong></span> <span class='ocrx_word' id='word_1_764' title='bbox 3127 5591 3716 5664; x_wconf 85' lang='lat' dir='ltr'><strong>Animadversionibus</strong></span> <span class='ocrx_word' id='word_1_765' title='bbox 3738 5589 3804 5646; x_wconf 79' lang='lat' dir='ltr'><strong>ad</strong></span> 
     </span>
    </p>
   </div>
   <div class='ocr_carea' id='block_1_117' title="bbox 2216 5663 3802 5789">
    <p class='ocr_par' dir='ltr' id='par_1_117' title="bbox 2216 5663 3802 5789">
     <span class='ocr_line' id='line_1_117' title="bbox 2216 5663 3802 5789; baseline -0.002 -67"><span class='ocrx_word' id='word_1_766' title='bbox 2216 5665 2396 5789; x_wconf 49' lang='lat' dir='ltr'><strong>Pingui</strong></span> <span class='ocrx_word' id='word_1_767' title='bbox 2463 5663 2542 5718; x_wconf 86' lang='lat' dir='ltr'><strong>De</strong></span> <span class='ocrx_word' id='word_1_768' title='bbox 2589 5663 2802 5734; x_wconf 79' lang='lat' dir='ltr'><strong>Spiritu</strong></span> <span class='ocrx_word' id='word_1_769' title='bbox 2848 5663 2909 5719; x_wconf 90' lang='lat' dir='ltr'><strong>S.</strong></span> <span class='ocrx_word' id='word_1_770' title='bbox 2971 5676 3304 5736; x_wconf 77' lang='lat' dir='ltr'><strong>niystagogia</strong></span> <span class='ocrx_word' id='word_1_771' title='bbox 3362 5664 3588 5730; x_wconf 89' lang='lat' dir='ltr'><strong>librum,</strong></span> <span class='ocrx_word' id='word_1_772' title='bbox 3664 5663 3694 5738; x_wconf 65' lang='grc' dir='ltr'>ᾗ</span> <span class='ocrx_word' id='word_1_773' title='bbox 3748 5664 3802 5734; x_wconf 66' lang='grc'><strong>1,</strong></span> 
     </span>
     <span class='ocr_line' id='line_1_118' title="bbox 2217 5755 2364 5789; baseline 0 0"><span class='ocrx_word' id='word_1_774' title='bbox 2217 5755 2273 5789; x_wconf 91' lang='lat' dir='ltr'><strong>n.</strong></span> <span class='ocrx_word' id='word_1_775' title='bbox 2352 5776 2364 5789; x_wconf 94' lang='lat'><strong>.</strong></span> 
     </span>
    </p>
   </div>
   <div class='ocr_carea' id='block_1_118' title="bbox 2217 5755 2364 5792">
    <p class='ocr_par' dir='ltr' id='par_1_118' title="bbox 2217 5755 2364 5792">
     <span class='ocr_line' id='line_1_119' title="bbox 2217 5755 2364 5792; baseline -0.02 0"><span class='ocrx_word' id='word_1_776' title='bbox 2217 5755 2273 5792; x_wconf 81' lang='lat' dir='ltr'><strong>ll.</strong></span> <span class='ocrx_word' id='word_1_777' title='bbox 2312 5755 2364 5790; x_wconf 84' lang='grc' dir='ltr'><strong>δ.</strong></span> 
     </span>
    </p>
   </div>
   <div class='ocr_carea' id='block_1_119' title="bbox 2288 5806 2769 5879">
    <p class='ocr_par' dir='ltr' id='par_1_119' title="bbox 2288 5806 2769 5879">
     <span class='ocr_line' id='line_1_120' title="bbox 2288 5806 2769 5879; baseline 0.008 -20"><span class='ocrx_word' id='word_1_778' title='bbox 2288 5806 2400 5879; x_wconf 69' lang='grc' dir='ltr'>(εδ)</span> <span class='ocrx_word' id='word_1_779' title='bbox 2431 5806 2515 5863; x_wconf 84' lang='lat' dir='ltr'><strong>cr.</strong></span> <span class='ocrx_word' id='word_1_780' title='bbox 2547 5823 2602 5878; x_wconf 90' lang='lat' dir='ltr'><strong>q.</strong></span> <span class='ocrx_word' id='word_1_781' title='bbox 2649 5808 2769 5872; x_wconf 71' lang='lat' dir='ltr'><strong>l8/t.</strong></span> 
     </span>
    </p>
   </div>
  </div>
