4134 6456
304 366 372 433 11
1634 375 1901 435 PROLEt

2002 375 2222 437 “ENA.
3520 375 3593 441 18

300 481 355 535 in
394 495 450 534 re
484 480 823 551 praestiterit,
877 481 1116 536 nondum
1159 483 1440 553 potuimus
1486 490 1746 553 reperire.
1776 487 1875 541 Re-
1913 496 1958 549 Α
1992 488 2018 560 §
2053 487 2140 543 Vl.
2172 486 2335 543 —De
2362 486 2611 557 prementi
2638 485 3203 560 Amphilochianarum
3236 488 3615 557 quaestionum

301 573 415 643 ipsa
462 574 663 628 saeculo
721 574 929 628 jecinto
972 585 1171 631 octavo
1206 585 1440 632 exeunte
1478 577 1583 632 1:28
1640 579 1890 634 diatribae

298 682 364 719 cx
402 665 783 734 Amphilochis
815 667 1105 737 prlicatae
1132 667 1348 724 fuerunt
1387 688 1402 725 :
1433 669 1489 723 7|
1549 671 1692 742 apud
1739 671 1890 726 Mono

300 762 562 811 tacutium
607 774 621 810 :
661 758 853 825 Sapuii
878 755 929 811 .l.
963 757 1288 829 Basnagium
1319 758 1457 828 (501.
1485 759 1521 814 2
1552 760 1696 831 apud
1723 761 1889 816 Com-

302 848 573 913 hefisiu'n,
620 865 727 904 una
758 853 903 921 apud
960 849 1439 907 Montefalconium
1472 853 1609 925 (51),
1645 854 1714 909 46
1744 854 1889 926 apud

305 935 587 991 Wolﬁnm.

367 1030 458 1084 ‘23.
485 1030 697 1086 Saecqu
716 1029 935 1085 demum
962 1040 1153 1087 nostro
1178 1032 1244 1088 Α.
1269 1032 1493 1091 Scottus
1515 1035 1625 1107 (7.2)
1651 1035 1887 1106 ptimum

302 1121 363 1173 17
398 1123 732 1191 quaestiones
780 1138 950 1179 navas
1001 1123 1150 1179 dedit
1198 1142 1307 1181 una
1365 1142 1490 1182 cum
1544 1127 1674 1189 alia,
1720 1143 1887 1197 quam

296 1214 662 1271 tiombelisius
693 1216 942 1271 mutilam
973 1217 1219 1283 dederat,
1244 1232 1604 1287 quaestionem
1635 1219 1891 1275 videlicet

294 1314 485 1359 eontra
526 1303 848 1376 Ubiqnistas
904 1305 1035 1373 (55).
1099 1309 1342 1379 Angelus
1402 1325 1531 1364 vero
1592 1310 1890 1365 cardinalis

295 1398 469 1455 Maius
506 1398 608 1454 1Ξο
657 1415 829 1454 novas
870 1400 1204 1469 quaestiones
1245 1402 1520 1473 evolgavit
1566 1404 1718 1473 (Si);
1767 1419 1890 1474 quae

295 1505 425 1543 vero
458 1491 637 1558 reipsa
674 1492 853 1545 solum
887 1490 991 1545 147
1036 1491 1407 1558 constituunt,
1439 1508 1563 1547 cum
1605 1494 1749 1547 inter
1792 1495 1889 1549 has

295 1580 535 1648 tresjam
563 1589 725 1635 antea
757 1581 962 1635 fuerint
992 1568 1281 1651 publicatae
1308 1584 1444 1655 (53).
1471 1582 1610 1638 lliuc
1639 1599 1671 1638 a
1697 1587 1893 1640 Scotto

291 1683 345 1724 et
384 1670 528 1724 Maio
564 1671 664 1726 164
697 1674 1026 1741 quaestiones
1070 1674 1212 1728 datae
1244 1683 1396 1739 sunt,
1441 1690 1567 1745 qua:
1595 1690 1724 1731 cum
1771 1675 1887 1732 illis

298 1764 397 1817 128
433 1764 539 1833 jam
574 1777 735 1818 antea
767 1766 929 1819 editis
962 1765 1170 1820 faciunt
1206 1766 1337 1821 29:2.

2665 558 2923 613 editione.

2061 738 2153 792 ‘26.
2191 736 2683 792 Eminentissimus
2723 735 2897 791 Maius
2927 746 3236 807 postremas
3266 746 3487 792 centum
3537 747 3594 793 ct

1989 831 2215 899 triginta
2248 828 2581 897 quaestiones
2615 827 2757 897 typis
2806 827 3076 881 mandans
3118 829 3407 881 censuisse
3436 826 3589 882 vide-

1992 930 2101 985 tur,
2131 935 2192 974 se
2242 934 2389 974 nunc
2437 919 2647 979 omnia,
2697 932 2819 985 quae
2868 917 3109 971 nondum
3153 920 3298 972 edita
3349 917 3593 982 fuerant,

1990 1011 2364 1082 Amphilochia
2412 1008 2614 1079 publici
2660 1008 2804 1078 juris
2850 1006 3049 1064 fecisse
3106 1016 3397 1078 totumque
3444 1008 3595 1063 hunc

1989 1103 2440 1159 dissertationum
2474 1101 2798 1156 thesaurum
2830 1100 3135 1155 absolvisse
3171 1100 3310 1169 (59).
3344 1099 3450 1154 Sed
3476 1116 3592 1154 rem

1989 1211 2098 1250 non
2127 1196 2197 1249 ita
2226 1210 2285 1249 se
2322 1193 2545 1257 habere,
2582 1208 2651 1248 ex
2684 1192 2934 1248 Vaticani
2989 1193 3199 1247 codicis
3252 1192 3597 1261 inspectione

1988 1295 2044 1340 et
2099 1284 2297 1339 iudicis
2348 1284 2677 1340 Coisliniani
2727 1300 2759 1338 a
2816 1283 3247 1338 Montefalconio
3328 1283 3595 1354 descripti

1990 1378 2284 1432 collatione
2324 1377 2461 1433 satis
2500 1378 2678 1433 edocti
2705 1377 2819 1445 jam
2860 1377 2989 1431 alibi
3032 1377 3147 1447 (40)
3195 1376 3510 1440 docuimus,
3542 1384 3601 1430 et

1989 1472 2194 1542 pariter
2214 1470 2558 1529 ostendimus
2617 1472 2811 1527 saltem
2844 1471 3071 1541 triginta
3101 1471 3239 1525 duas
3263 1470 3600 1539 quaestiones

1990 1563 2173 1617 adhuc
2226 1562 2565 1617 remansisse
2618 1562 2876 1623 ineditas,
2931 1570 2987 1615 et
3043 1575 3225 1628 neque
3274 1556 3597 1612 Vaticanum

1990 1656 2237 1711 eodirem
2272 1655 2363 1720 iis,
2405 1672 2530 1727 quae
2574 1654 2753 1711 Maius
2812 1654 3075 1722 dederat,
3134 1654 3308 1709 fuisse
3357 1652 3601 1707 exhaus-

1998 1757 2141 1801 tum.

364 1855 457 1909 24.
517 1854 783 1910 Eum-Jem
838 1857 1212 1925 quaestionum
1267 1859 1542 1915 editarum
1598 1874 1892 1914 numerum
1924 1848 1968 1904 Β
2057 1862 2151 1916 27.
2194 1861 2267 1916 Ut
2318 1871 2521 1932 quanta
2574 1860 2817 1915 maxima
2864 1859 2983 1913 ﬁeri
3036 1867 3215 1928 potest
3266 1856 3601 1912 certitudine

289 1947 399 2013 jam
436 1946 680 2002 Gieseler
701 1947 812 2017 (56)
863 1957 1247 2016 annotaverat,
1273 1951 1366 2005 sed
1398 1968 1462 2007 ex
1495 1952 1633 2006 falso
1664 1951 1892 2007 omnino

291 2040 533 2105 calculo;
572 2056 698 2093 nam
762 2040 985 2097 omissis
1038 2052 1247 2111 septem
1295 2043 1719 2111 quaestionibus,
1770 2062 1895 2115 quae

294 2147 419 2184 vere
471 2146 665 2185 omnes
714 2132 854 2185 inter
881 2132 1144 2201 epistolas
1190 2134 1450 2206 leguntur
1482 2135 1619 2206 (57),
1661 2137 1891 2193 totidem

294 2223 431 2276 alias
464 2222 551 2277 bis
583 2224 863 2277 recensuit
897 2224 1034 2293 (58).

360 2317 451 2371 25.
495 2315 611 2371 Non
642 2329 725 2371 est
750 2317 913 2387 hujus
956 2319 1058 2373 loci
1107 2319 1457 2389 singulorum
1490 2321 1762 2376 editorum
1806 2323 1892 2377 vel

293 2411 490 2464 merita
544 2411 808 2465 extollere
866 2412 947 2465 vel
1009 2413 1369 2483 negligentias
1431 2430 1716 2471 accusare.
1771 2415 1889 2471 Non

293 2518 490 2559 omnes
543 2503 735 2558 iisdem
790 2504 1075 2561 codicibus
1121 2506 1514 2576 manuscriptis
1570 2509 1889 2573 utebantur,

294 2612 395 2651 nec
422 2596 615 2651 eadem
644 2597 904 2652 methodo
936 2598 1305 2667 procedebant
1341 2615 1441 2653 nee
1482 2600 1597 2669 pari
1630 2601 1893 2671 ἀκριϐείᾳ

294 2688 568 2741 editiones
598 2687 1003 2757 praeparabant.
1038 2688 1230 2754 Quoad
1270 2688 1349 2743 rei
1391 2697 1572 2743 tamen
1618 2706 1890 2745 summam

297 2779 503 2833 utiliter
523 2793 717 2833 omnes
746 2793 971 2848 Operam
1007 2779 1279 2834 navabant
1321 2780 1521 2834 illustri
1568 2796 1701 2836 sane
1752 2781 1895 2837 inter

297 2874 633 2943 posteriores
658 2873 879 2928 Graecos
913 2874 1195 2944 scriptori,
1234 2891 1396 2945 quem
1431 2875 1522 2930 alii
1565 2876 1754 2931 nimiis
1792 2892 1891 2931 ex-

296 2968 541 3023 tulerunt
570 2968 844 3034 laudibus,
888 2969 978 3023 alii
1021 2969 1173 3039 justo
1214 2969 1437 3026 lcrioris
1470 2972 1626 3039 pretii
1655 2971 1894 3025 aestima-

299 3068 449 3122 runt,
472 3059 755 3130 aperique,
782 3060 928 3129 quod
955 3060 1097 3114 inter
1125 3060 1430 3130 theologica
1460 3061 1632 3130 ipsius
1666 3062 1890 3131 scripta,

298 3155 553 3221 quamvis
586 3168 692 3206 non
726 3153 997 3221 integrum
1033 3168 1099 3206 ex
1128 3153 1249 3223 ejus
1278 3153 1521 3229 .ingenio
1556 3153 1888 3223 profectum,
1922 3205 1962 3229 η

301 3245 538 3314 primunt
573 3253 753 3299 tamen
784 3246 968 3300 locum
1018 3246 1212 3301 merito
1241 3246 1471 3301 obtinet.
1507 3247 1613 3301 Γ1ὀι
1651 3264 1779 3302 vero
1809 3248 1894 3301 in-

298 3340 486 3410 signes
518 3339 639 3406 1111,
675 3340 767 3410 qui
805 3340 856 3393 in
890 3340 993 3394 hoc
1013 3356 1153 3411 opus
1182 3356 1281 3396 sua
1310 3341 1665 3396 contulerunt
1690 3342 1898 3409 Studia,

300 3434 475 3511 ipsius
498 3449 719 3504 quoque
740 3449 953 3503 magnae
980 3444 1107 3490 sunt
1143 3435 1630 3491 commendationi.

301 3601 340 3644 t.
364 3587 461 3652 XI,
487 3604 539 3657 p.
569 3589 641 3644 26
664 3597 815 3643 notat
840 3589 945 3644 ista
973 3588 1089 3656 εςΜ.
1112 3589 1162 3644 J.
1194 3588 1558 3660 Justus’Spier
1589 3590 1641 3644 in
1671 3589 1904 3645 Witten-

302 3661 571 3732 bergische
625 3660 1027 3732 Amnerkungen
1083 3662 1239 3714 ueber
1294 3663 1665 3732 lheologisrhe,
1730 3664 1905 3731 philo-

302 3730 597 3799 sophischc,
665 3731 1004 3795 historisrhe,
1067 3730 1612 3801 philologischeiund
1655 3730 1905 3787 krttische

304 3804 590 3858 Materien.
620 3813 661 3873 ι.
690 3802 734 3863 1,
789 3801 1198 3873 Wittembergae
1254 3803 1409 3867 1758,
1453 3803 1507 3857 8.
1545 3803 1703 3871 (Vide
1736 3803 1903 3873 Epheo

305 3874 477 3933 merid
501 3873 603 3927 litt.
642 3871 792 3942 Lips.
848 3874 1009 3933 1758.
1065 3890 1099 3943 p
1127 3871 1250 3944 8695
1280 3876 1422 3943 seq.)
1456 3871 1907 3928 ediditobserva-

307 3948 485 4000 tiones
518 3948 569 3997 in
597 3944 772 3998 Photii
819 3945 1186 4013 Amphilochia
1216 3946 1345 3998 etin
1388 3946 1494 3999 fine
1548 3946 1798 4014 quietiam
1838 3962 1903 3999 ex

306 4018 414 4071 illis
447 4016 832 4085 Amphilochiis
854 4018 1094 4070 nondum
1137 4017 1433 4084 publicata.
1465 4014 1670 4070 Confer
1699 4015 1908 4070 Kordes

306 4090 357 4143 in
381 4088 533 4153 Lips.
566 4086 953 4157 Allegemeiner
984 4086 1349 4141 literarischer
1387 4088 1666 4157 Anzeiger,
1708 4104 1761 4139 n.
1813 4088 1905 4147 97.

308 4176 357 4227 p.
401 4158 509 4212 92³1
540 4174 655 4227 seq.
693 4156 765 4222 'a,
813 4157 972 4220 1801,
1024 4160 1113 4211 ubi
1164 4159 1320 4227 plura
1355 4158 1419 4212 de
1473 4156 1672 4226 Spirio.
1707 4157 1909 4211 Confer

306 4239 360 4282 et
383 4229 826 4299 supplementum
869 4228 936 4282 ad
963 4229 1407 4282 introductiouem
1432 4228 1573 4282 Hist.
1599 4228 1771 4299 lingu.
1811 4227 1907 4283 Gr.

309 4299 373 4364 11,
411 4297 468 4363 p.
497 4300 619 4354 47.)
656 4330 727 4341 -
764 4297 960 4353 Verum
1014 4302 1201 4353 mirari
1251 4300 1420 4363 subit,
1468 4300 1612 4364 quod
1678 4298 1911 4352 Wolfius

310 4373 516 4426 nullam
549 4371 881 4424 mentionem
911 4371 1099 4425 fecerit
1142 4369 1307 4439 hujus
1350 4369 1515 4433 Spirii
1559 4370 1792 4439 ejusque
1831 4370 1912 4423 la-

311 4444 533 4502 borum.
564 4453 616 4495 et
643 4440 820 4495 Maius
880 4441 1135 4496 observat
1185 4456 1245 4496 se
1299 4443 1488 4496 nullibi
1538 4442 1785 4494 notitiam
1845 4442 1915 4495 de

311 4515 505 4569 iisdem
536 4513 783 4566 nancisci
839 4512 1103 4580 potuisse.
1138 4512 1247 4566 Nos
1304 4514 1448 4566 haud
1505 4512 1781 4566 feliciores
1815 4510 1914 4564 fui-

1995 1970 2289 2010 numerum
2322 1955 2515 2008 harum
2549 1953 2913 2023 quaestionum
2953 1953 3471 2012 determinaremus,
3502 1966 3600 2004 co-

1995 2045 2150 2100 dices
2185 2045 2430 2115 potiores
2477 2044 2739 2099 conferen
2764 2045 2842 2097 los
2894 2059 3018 2098 esse
3070 2042 3389 2097 statuimus.
3446 2041 3599 2095 Illico

1996 2137 2293 2208 apparebat
2336 2135 2733 2191 Taurinensem
2764 2135 3005 2190 codicem
3040 2149 3206 2188 unam
3258 2134 3437 2189 solum
3469 2149 3604 2188 con-

1994 2230 2174 2284 tinere
2220 2230 2584 2299 quaestionem
2636 2228 2772 2298 (41),
2822 2242 2945 2295 qua:
2991 2227 3207 2281 caeteris
3262 2226 3439 2291 desit;
3500 2226 3602 2279 hac

1995 2323 2213 2391 dempta
2246 2322 2641 2376 Coislinianutn
2666 2320 2850 2374 omnia
2877 2319 3247 2388 suppeditare,
3269 2334 3393 2388 quae
3418 2317 3470 2371 in
3506 2317 3603 2370 illo

1995 2422 2234 2481 exstant;
2261 2428 2523 2483 praeterea
2542 2412 2969 2475 Coislinianum,
2993 2412 3121 2466 licet
3146 2410 3253 2465 308
3267 2410 3605 2480 quaestiones

1996 2515 2410 2570 recenscantur,
2458 2517 2639 2559 tamen
2700 2504 2921 2558 nonnisi
2998 2502 3106 2557 306
3186 2503 3367 2570 reipsa
3446 2500 3607 2554 exhi-

1995 2600 2126 2655 bere
2156 2599 2301 2670 (ﬂ);
2331 2598 2659 2653 Vatii-auum
2695 2613 2823 2652 Vero
2856 2598 2996 2651 ultra
3028 2596 3134 2650 515
3174 2611 3285 2665 pra:
3342 2610 3401 2649 se
3436 2592 3601 2653 ferre.

1995 2709 2230 2763 quarum
2307 2693 2492 2762 plures
2557 2708 2587 2745 a
2631 2691 2970 2745 Coisliniano
3038 2690 3268 2755 absunt;
3339 2701 3604 2741 numeros

1999 2787 2223 2841 demum
2248 2786 2390 2855 apud
2417 2785 2620 2838 Maium
2652 2791 2873 2838 notatos
2900 2783 2953 2836 in
2988 2782 3238 2852 pluribus
3260 2795 3380 2835 esse
3412 2779 3604 2833 turba-

1996 2888 2104 2944 tos,
2140 2895 2262 2932 cum
2298 2878 2440 2931 idem
2476 2892 2741 2931 numerus
2777 2874 3007 2928 diversis
3039 2871 3444 2943 quaestionibus
3485 2868 3607 2923 fue-

1997 2972 2070 3027 rit
2100 2972 2435 3041 assiguatus.
2475 2969 2657 3036 Quare
2692 2978 2813 3038 post
2840 2977 2920 3022 tot
2950 2968 3293 3021 eruditorum
3319 2964 3467 3019 circa
3500 2963 3605 3017 hoc

1997 3082 2139 3137 opus
2188 3066 2405 3120 labores
2478 3067 2719 3118 nondum
2792 3063 2973 3132 potuit
3034 3061 3203 3116 totius
3262 3059 3607 3115 collectionis

1998 3157 2133 3210 ordo
2172 3171 2237 3210 ac
2279 3156 2451 3211 series
2515 3168 2694 3223 neque
2763 3167 3029 3207 numerus
3093 3150 3464 3219 quaestionum
3535 3147 3606 3202 ad

2002 3248 2271 3303 amussim
2333 3248 2447 3319 (15)
2529 3246 2909 3301 determinari.
2960 3245 3330 3313 Sperabamus
3384 3242 3609 3312 quidem

2005 3342 2332 3411 promissam
2366 3341 2575 3395 dudum
2602 3338 2850 3394 omnium
2890 3337 3385 3406 Amphilochiorum
3412 3334 3611 3389 editio-

2004 3448 2153 3498 nem,
2193 3448 2357 3503 quam
2384 3431 2439 3487 in
2470 3430 2696 3486 Graeciae
2723 3445 2894 3499 regno
2919 3427 3321 3482 ConStantiuus
3354 3424 3611 3481 (Econo-

2004 3608 2129 3649 cum
2166 3591 2281 3657 illa,
2317 3606 2439 3661 quae
2466 3597 2649 3661 exstat
2687 3588 2828 3661 apud
2864 3586 3213 3661 Gallandinm
3248 3585 3286 3639 l.
3312 3600 3363 3639 c.
3398 3600 3450 3653 p.
3478 3583 3609 3661 7117.

2005 3682 2060 3734 q.
2098 3663 2212 3734 99;
2247 3680 2300 3731 q.
2336 3656 2455 3734 ί172
2494 3660 2632 3734 Nov.
2671 3656 2807 3734 coll.
2851 3668 2892 3714 t.
2934 3659 3058 3734 I,_p.
3093 3658 3211 3734 A‘5_l9
3242 3673 3359 3734 seq.
3404 3656 3610 3734 eadem

2006 3724 2368 3815 (mephitin
2433 3731 2665 3803 cpistola
2726 3730 2818 3795 51,
2866 3746 2919 3801 p.
2985 3724 3190 3793 90-94,
3252 3726 3342 3782 ed.
3403 3724 3617 3779 Londi-

2009 3821 2223 3861 IlellSIS.

2043 3877 2195 4002 ι1136)
2250 3874 2457 3958 llistor.
2513 3871 2714 3928 Eccles.
2757 3880 2799 3926 ι.
2837 3869 2901 3936 ll,
2952 3877 3091 3925 sect.
3150 3868 3202 3934 1,
3234 3868 3261 3940 §
3288 3868 3377 3932 15,
3415 3883 3469 3938 p.
3508 3865 3615 3921 318

2083 3958 2141 4000 it.
2198 3957 2373 4000 ertue.

2009 3948 2141 4002 edit.
2176 3948 2373 4000 tertiae.

2080 4017 2192 4088 (57)
2227 4018 2449 4071 Scilicet
2492 4014 2753 4069 Wolfium
2801 4021 3046 4088 secutus,
3086 4010 3180 4080 qui
3236 4008 3307 4063 65
3350 4006 3624 4088 epistolas

2012 4078 2395 4155 Amphilochits
2425 4089 2662 4141 insertas
2693 4084 2926 4152 putavit,
2974 4078 3116 4155 cuth
3144 4096 3333 4155 revera
3377 4078 3613 4155 sintu'il.

2013 4149 2173 4227 (Vide
2198 4174 2368 4227 supra
2401 4168 2514 4211 not.
2541 4156 2635 4223 24)
2669 4149 2765 4209 sex
2813 4153 3153 4227 quaestiones
3188 4149 3619 4227 hujus-‘ordinis

2014 4218 2241 4295 omisit;
2273 4218 2566 4297 septimam
2618 4218 2750 4280 vero
2792 4218 2898 4277 non
2948 4224 3118 4287 novit,
3162 4238 3288 4297 cum
3342 4218 3629 4290 Basnagio,

2015 4316 2116 4371 pro
2138 4294 2279 4371 octo
2299 4294 2461 4371 editis
2482 4308 2695 4371 septem
2726 4308 2939 4371 tantum
2970 4294 3251 4371 ascripsit:

2083 4372 2198 4440 ('58)
2238 4359 2663 4440 Montcfatlconio
2687 4368 2881 4440 tribuit
2907 4365 2963 4430 4,
2998 4359 3335 4440 Coniltelisio
3353 4361 3421 4440 :2,
3445 4359 3619 4440 _Wot-

2016 4431 2101 4496 lio‘
2132 4431 2221 4504 46,
2252 4442 2441 4495 Scotto
2480 4441 2566 4503 i8,
2615 4438 2758 4492 Maio
2817 4436 2919 4490 150
2949 4435 3302 4503 quaestiones.
3352 4431 3458 4485 Sed
3489 4450 3629 4504 inita,

2019 4503 2318 4567 Scottiest
2359 4512 2548 4565 eadem
2598 4526 2721 4565 cuin
2760 4506 3077 4561 Cotnbelisii
3110 4522 3205 4573 qu.
3256 4513 3448 4557 contra
3484 4503 3620 4558 ΗΜ.

310 4601 470 4639 mus:
520 4576 1083 4653 invenimus-quidem
1116 4584 1344 4638 citatqu
1402 4583 1474 4637 ab
1514 4581 1796 4637 Harlessio
1816 4581 1912 4635 1η-
1945 4594 1988 4649 [1
2017 4586 2250 4653 quistas,
2278 4593 2389 4637 tres
2429 4600 2457 4635 a
2487 4582 2625 4635 Maio
2653 4581 2814 4653 editae
2844 4579 2957 4653 jam
3007 4578 3067 4653 iu
3091 4577 3212 4653 aliis
3243 4576 3394 4653 fuere
3423 4591 3621 4626 1111111υη

308 4656 598 4714 dicatorent
626 4652 975 4723 Lipsiensem,
1024 4655 1080 4709 d.
1129 4656 1185 4710 (Ι.
1238 4655 1307 4709 29
1337 4654 1485 4710 Junii
1518 4655 1674 4718 1801,
1713 4670 1769 4707 11.
1815 4653 1906 4716 97,

310 4743 363 4796 p.
402 4726 508 4780 926
543 4741 683 4795 seq.,
723 4724 816 4779 sed
856 4726 924 4779 de
950 4742 1006 4780 re
1035 4727 1174 4795 ipsa,
1215 4742 1339 4796 quae
1386 4726 1441 4780 111
1473 4727 1776 4794 quaestione
1801 4734 1907 4791 est,

311 4798 446 4851 nihil
481 4797 619 4851 certi
658 4796 930 4865 expiscari
971 4798 1273 4866 potuimus.

378 4868 495 4937 ('50)
521 4867 791 4921 Nimirum
814 4865 1131 4923 dissertatio
1159 4877 1354 4938 quarta
1381 4867 1522 4936 apud
1554 4865 1909 4937 Basnaginm,

310 4941 365 4999 in
402 4939 807 5006 Amphilochus,
838 4938 889 4990 iu
925 4949 1033 4993 tres
1069 4950 1216 4994 secta
1244 4950 1324 4995 est
1357 4939 1692 5009 quaestiones
1721 4948 1774 4991 et
1795 4938 1910 4992 dis-

310 5012 540 5065 sertatio
572 5010 769 5079 prima,
804 5019 991 5077 utpote
1016 5012 1195 5064 solum
1241 5011 1429 5065 Latine
1469 5010 1637 5073 edita,
1678 5009 1767 5062 hic
1802 5024 1908 5062 non

308 5091 395 5137 est
426 5083 793 5135 numeranda.
845 5079 984 5134 Hinc
1026 5096 1133 5134 una
1168 5098 1293 5136 cum
1338 5081 1643 5150 quaestione
1671 5080 1738 5134 de
1773 5096 1914 5149 gno-

310 5154 475 5208 niicis
505 5152 880 5206 voluntatibus
908 5152 961 5216 8,
992 5167 1183 5207 revera
1217 5155 1510 5206 habentur.

382 5224 500 5293 (³51)
538 5223 858 5294 8611κ11111ρ11
883 5223 1087 5277 inedita
1121 5222 1193 5276 De
1218 5224 1459 5294 Sibyllis,
1496 5238 1548 5291 p.
1584 5222 1706 5294 159.

348 5291 625 5419 8(3)?)4Ex
678 5291 857 5348 l’hotii
915 5291 1607 5365 Ampliilochiis'quwdam
1666 5292 1910 5363 Neapoli,

386 5437 501 5507 (33)
538 5438 606 5504 ρ.
639 5437 707 5492 ‘58
735 5455 749 5503 ;
786 5434 995 5499 Scotto,
1023 5453 1077 5506 q.
1109 5436 1214 5507 57,
1236 5452 1291 5503 p.
1316 5436 1384 5507 88
1416 5452 1536 5504 seq.

386 5505 503 5579 (54)
543 5509 785 5562 Veterum
818 5505 1137 5577 scriptorum
1168 5505 1301 5560 Nov.
1347 5506 1593 5570 Cellach,
1629 5516 1668 5563 l.
1704 5509 1745 5571 1,
1764 5506 1916 5579 dedit

314 5578 388 5633 20
426 5577 764 5649 quaestiones
790 5596 895 5630 una
930 5596 1055 5634 cum
1082 5581 1335 5633 versione
1365 5580 1586 5644 Latina;
1614 5589 1651 5633 t.
1674 5595 1801 5634 vero
1822 5577 1912 5643 IX,

318 5650 447 5716 150,
481 5653 617 5704 alias
657 5653 732 5719 (p.
760 5649 962 5719 1-158),
993 5652 1342 5703 solummodo
1365 5651 1575 5705 Graece.

390 5721 508 5793 (55)
543 5721 698 5775 Nam.
726 5738 781 5791 (ι.
814 5721 941 5785 259,
978 5720 1114 5776 ft'ov.
1149 5719 1286 5775 Coll.
1318 5730 1359 5775 t.
1394 5720 1482 5781 IX,
1512 5721 1693 5793 p.71”
1723 5720 1914 5793 eadem

319 5802 405 5857 cst
438 5808 565 5846 Cum
612 5793 916 5863 quaestione
962 5796 1106 5847 edita
1155 5798 1295 5863 aliud
1351 5792 1721 5853 Gatllattdiunt,
1778 5792 1815 5844 Ι.
1861 5808 1914 5846 c.

322 5881 374 5943 ρ-
411 5861 757 5943 ’105,‹ι.’87;
790 5881 845 5936 q.
872 5864 977 5935 ‘24}
1013 5865 1146 5929 Non.
1180 5861 1318 5919 Call.
1352 5864 1385 5917 l.
1414 5879 1463 5919 c.
1505 5881 1557 5934 ρ.
1593 5865 1690 5919 illi
1723 5863 1913 5920 eadem

2019 4645 2174 4717 ratze,
2226 4645 2336 4709 tres
2387 4670 2416 4707 a
2477 4645 2907 4706 Montefalronio
2980 4649 3276 4719 publicatae
3325 4645 3439 4715 jam
3493 4661 3627 4704 cum.

2014 4726 2263 4796 epistolis
2290 4734 2591 4796 numeratae
2623 4731 2804 4796 erant.

2088 4798 2201 4868 (59)
2254 4796 2387 4852 Vide
2435 4792 2575 4847 Nov.
2636 4791 2860 4848 συιιισι.
2920 4798 2964 4845 t.
3018 4788 3114 4851 IX,
3172 4804 3227 4860 p.
3294 4786 3434 4851 158,
3501 4795 3629 4851 not.

2016 4868 2173 4923 ﬁnal.

2089 4939 2202 5006 (40)
2248 4937 2307 4992 In
2363 4934 2779 5006 dissertatione,
2807 4930 3260 5006 (Ep/temeridibns
3292 4929 3627 5006 (theologicis

2020 5002 2367 5080 Tubittgianis
2392 5016 2598 5080 inserta
2623 5004 2946 5080 (Tnebinger
2967 5002 3340 5080 Theologische
3367 5002 3629 5066 Quarta!-

2015 5075 2249 5151 schriﬂ),
2289 5094 2435 5133 anno
2466 5076 2639 5151 1838;
2677 5078 2867 5129 l'aseic.
2901 5075 2973 5151 ll,
3014 5090 3069 5142 p.
3100 5075 3230 5151 281Ζ

2091 5144 2219 5221 (41)
2241 5151 2373 5221 5011.
2416 5167 2470 5221 q:
2510 5150 2633 5213 190,
2671 5164 2793 5217 qua:
2824 5146 2984 5221 nobis
3006 5157 3090 5221 est
3124 5161 3180 5213 q.
3214 5144 3342 5197 5'24.

2092 5212 2205 5292 (42)
2246 5220 2383 5275 Nant
2429 5212 2662 5275 Coislin.
2690 5212 2894 5292 'q._90,
2938 5212 3483 5292 cadent'estcutttq.
3522 5212 3633 5292 169.

2020 5284 2106 5366 (111
2143 5284 2466 5366 vatirLesL
2487 5307 2594 5366 una
2626 5306 2682 5357 q.
2905 5296 2961 5342 et
2993 5286 3167 5340 Coisl.
3210 5302 3268 5355 (ι.
3298 5284 3407 5339 255
3436 5289 3628 5339 eadem

2018 5360 2144 5421 cum
2173 5382 2228 5434 (ι.
2260 5364 2359 5417 271
2401 5360 2600 5434 (Vatic.
2629 5376 2686 5434 ρ.
2710 5360 2825 5434 90.)

2093 5428 2205 5505 (45)
2239 5434 2316 5487 Ex
2354 5428 2420 5487 eo
2454 5432 2598 5502 quod
2629 5430 2863 5505 Pltotius
2892 5430 2945 5483 in
2984 5428 3321 5505 Bibliotheca
3351 5434 3641 5505 tet'centos,

2021 5500 2197 5561 libros
2229 5500 2517 5561 recensere
2563 5503 2757 5564 Voluit,
2817 5517 3057 5571 quorum
3100 5500 3321 5553 nonnisi
3354 5500 3462 5551 280
3500 5514 3633 5566 pus-

2021 5578 2290 5637 sidemus.
2335 5577 2587 5642 aliosque
2616 5573 2798 5626 adhuc
2828 5572 3201 5626 recensemlos
3246 5572 3462 5630 statuit,
3496 5585 3631 5622 con-

2020 5651 2163 5703 cludi
2191 5666 2324 5702 sane
2354 5655 2588 5717 poterat,
2618 5661 2726 5697 non
2762 5642 2934 5697 fuisse
2959 5644 3243 5717 praefigunt
3281 5655 3494 5717 certum
3530 5655 3634 5691 nti-

2022 5737 2236 5774 merum
2263 5730 2316 5773 et
2343 5712 2727 5773 collectionem
2761 5716 2938 5787 ipsam
2962 5712 3193 5771 ’sensitn
3227 5712 3432 5769 additis
3468 5725 3635 5767 nows

2020 5792 2277 5848 diali-ibis
2306 5790 2572 5848 crevisse.
