4134 6416
497 335 564 406 19
1640 326 1723 386 IN
1764 322 2090 386 AMPHILC

2192 321 2292 380 [ΙΑ
2349 320 2616 382 PHOTII
3723 319 3808 383 ΞΟ

485 460 610 502 unus
641 456 829 498 mense
869 438 1058 493 Martio
1093 437 1222 492 anni
1264 437 1398 491 1857
1429 437 1540 492 vita
1571 436 1796 494 functus
1843 451 2069 509 parasse
2098 439 2150 496 Λ
2243 436 2336 490 29.
2373 433 2478 490 Sed
2511 435 2559 490 is
2579 450 2688 489 non
2725 434 2880 491 solus
2904 434 3116 491 exstitit
3151 434 3369 490 fructus
3390 434 3496 490 mci
3529 435 3800 492 itineris.

485 538 770 593 dicebatur
817 535 950 599 (11),
1004 534 1055 586 iuu
1087 533 1265 587 lucem
1318 533 1694 600 prodituram;
1759 533 1867 585 huc
1904 544 2078 600 usque

487 638 695 684 tamcnt
726 644 786 682 ea
829 643 951 696 spes
991 626 1043 679 in
1091 639 1204 678 rem
1238 624 1380 678 haud
1427 624 1662 678 transiit.
1699 622 2077 693 Equidemuliuu

486 724 851 780 desideratam
884 719 1177 775 editionem
1212 715 1414 771 frustra
1441 716 1790 786 przestolatus
1813 715 1925 784 jam
1952 724 2079 769 ante

493 815 818 884 collegerant
855 825 976 880 qua:
1011 817 1320 878 opportuna
1363 817 1522 861 erant
1572 807 1638 861 ad
1667 807 1980 861 accuratius
2013 807 2080 859 de

490 902 592 956 hoc
616 918 779 972 opere
811 901 1077 969 judicium
1126 899 1437 960 ferendum,
1472 912 1536 951 ac
1579 897 1800 952 tandem
1835 897 2079 952 occasio-

491 1012 614 1050 nem
660 1006 856 1049 nactus
891 1010 1012 1047 sum
1061 994 1332 1048 cditaruun
1377 992 1742 1062 quaestionum
1789 1006 2078 1045 numerum

493 1087 790 1158 aunpliandi
831 1097 885 1140 ct
914 1087 1171 1158 augendi.
1206 1087 1362 1152 Quod
1406 1101 1516 1155 quo
1543 1094 1702 1156 pacto
1750 1085 1954 1139 factum
1988 1083 2080 1147 sit,

489 1179 604 1249 jam
636 1179 824 1246 pana-is
859 1186 944 1232 est
975 1178 1368 1232 enarrandum.

563 1272 652 1327 ‘28.
691 1271 827 1325 Cum
861 1284 1046 1324 uuense
1073 1267 1296 1323 Octobri
1328 1273 1454 1324 anni
1500 1269 1637 1324 1857
1690 1269 1881 1324 Roma:
1933 1270 2084 1324 Vati-

495 1380 664 1418 eanos
694 1363 963 1433 quosdam
1019 1363 1237 1418 codices
1283 1363 1631 1433 iuuspicerem,
1686 1364 1913 1418 citatuun
1967 1365 2082 1434 jam

497 1457 738 1512 codicem
768 1473 823 1510 n.
877 1455 1017 1509 1925
1058 1464 1328 1520 notatuum,
1378 1471 1490 1524 quo
1554 1455 1672 1508 Em.
1725 1456 1904 1508 Maius
1949 1471 2084 1510 usus

496 1548 694 1615 fuerat,
741 1547 1064 1617 perlustrari
1111 1555 1166 1601 et
1209 1547 1522 1601 uuniversam
1579 1547 1944 1616 quaestionum
2000 1560 2087 1602 se-

496 1641 631 1697 riem
694 1656 800 1696 una
831 1656 955 1696 cuum
989 1640 1196 1709 aliquuot
1229 1640 1468 1693 nonduunu
1506 1638 1669 1693 editis
1703 1639 1867 1707 hujus
1903 1639 2086 1704 operis

496 1735 745 1806 partibus
779 1733 1068 1801 descripsi.
1106 1733 1212 1786 Sed
1249 1731 1544 1786 Novembri
1587 1746 1774 1786 mense
1805 1729 1987 1785 medio
2027 1732 2080 1785 in

2179 526 2326 596 quod
2357 527 2420 580 21
2462 526 2795 596 quaestiones
2834 543 2983 582 nunc
3010 527 3247 597 primuuuuu
3289 528 3513 581 edenda:
3551 529 3694 584 mihi
3739 529 3802 583 in

2181 628 2436 690 promptu
2468 629 2637 680 sunt;
2679 636 2868 674 veruum
2904 628 2958 675 et
2986 635 3052 675 ex
3081 621 3276 674 ordine
3317 637 3381 676 ac
3432 623 3574 677 serie
3623 639 3806 693 quaa-

2183 712 2424 766 stionum
2463 712 2780 766 earumdem
2858 727 3150 766 numerum
3219 713 3639 782 probabiiiorem
3693 715 3807 768 de-

2185 814 2365 874 tegere
2392 805 2575 860 licuit.
2602 804 2658 858 1n
2683 803 2954 860 Vaticano
2984 820 3149 875 porro
3172 816 3301 860 sunt
3334 807 3395 859 t7
3425 811 3802 877 qt.:PSliuplu~s,

2183 899 2382 968 quibus
2413 898 2790 954 Coislinianus
2831 908 2982 954 caret
3036 899 3176 971 (47),
3224 909 3278 955 et
3324 899 3622 956 Vaticanus
3693 918 3807 956 sex

2183 991 2501 1046 destituitur
2531 992 2960 1060 quaestionibus,
2989 1007 3112 1063 qua:
3171 993 3224 1047 in
3271 992 3613 1048 Coisliniano
3657 1010 3810 1064 pro-

2186 1092 2333 1138 stant
2367 1083 2480 1154 (48)
2515 1093 2569 1138 et
2599 1099 2708 1138 una
2746 1084 2860 1148 illa,
2889 1098 3057 1152 quam
3098 1082 3458 1139 Taurinensis
3498 1085 3804 1155 propriam

2187 1193 2352 1248 supra
2383 1177 2628 1232 diximus
2660 1177 2795 1249 (19).
2846 1177 2902 1232 Si
2936 1176 3194 1233 addimuus
3227 1178 3568 1233 Coisliniauo
3599 1177 3807 1232 codici

2184 1289 2347 1343 quem
2383 1272 2486 1326 506
2510 1272 2775 1326 diatribas
2808 1273 3161 1343 suppeditare
3188 1271 3470 1333 norimus,
3503 1272 3588 1339 ’17
3629 1273 3686 1325 in
3726 1285 3806 1324 eo

2185 1368 2500 1421 delicientes
2534 1382 2602 1420 ex
2648 1365 2912 1422 Vaticano
2962 1375 3015 1421 et
3064 1381 3228 1420 unam
3293 1382 3359 1420 ex
3423 1364 3801 1427 Taurinensi,

2186 1459 2292 1514 5'24
2330 1460 2662 1530 quaestiones
2688 1459 3031 1515 habebimus.
3060 1459 3272 1514 Pariter
3307 1461 3350 1514 si
3376 1459 3642 1514 Vaticano
3694 1473 3807 1512 co-

2186 1551 2294 1606 dici
2321 1550 2566 1606 unembra
2598 1551 2908 1606 deﬁcientia
2942 1551 3218 1614 addimus,
3255 1552 3321 1606 ad
3369 1552 3619 1606 euundeun
3674 1567 3805 1604 nu-

2188 1659 2400 1698 merum
2433 1643 2758 1698 deducimur
2795 1643 2930 1715 (50).
2981 1643 3054 1700 Ut
3098 1658 3231 1698 vero
3274 1643 3460 1698 varius
3524 1643 3802 1698 codicum

2188 1733 2322 1786 ordo
2359 1732 2553 1788 nueliuus
2583 1732 2777 1802 dispici
2806 1742 2994 1803 queat,
3042 1735 3271 1800 indices,
3322 1735 3526 1806 quibus
3558 1735 3702 1790 inter
3733 1751 3804 1790 se

496 1801 728 1896 patriam
767 1823 949 1880 redire
984 1833 1209 1878 coactus
1241 1822 1624 1892 imperfectum
1661 1822 1905 1876 laborem
1951 1821 2082 1874 reli-
2117 1801 2158 1856 Β
2187 1835 2598 1893 comparantur,
2629 1801 2799 1879 textui
2824 1801 3210 1896 isubjecimus.

497 1919 900 1989 qui.Sequenti
948 1935 1093 1973 anno
1153 1917 1396 1972 Venetiis
1455 1917 1512 1971 in
1563 1915 1835 1970 Marciana
1885 1914 2087 1969 biblio-

497 2014 656 2067 theca
686 2013 930 2081 ejusdem
965 2010 1214 2065 Vaticani
1243 2009 1453 2066 codicis
1480 2010 1860 2080 apographum
1894 2015 2087 2060 nactus

497 2121 644 2170 suum,
675 2108 820 2177 quod
853 2106 955 2160 sibi
1008 2106 1280 2159 Antonius
1317 2101 1598 2158 Catilorus
1644 2108 2084 2171 comparaverat,

497 2200 673 2269 quiet
736 2198 980 2253 Latinam
1030 2198 1336 2251 versionem
1391 2195 1637 2250 omnium
1715 2195 2084 2264 quaestionum

497 2292 790 2362 diligenter
826 2289 1072 2345 exaravit
1102 2299 1155 2343 et
1189 2288 1639 2343 adnotationibus
1674 2287 1848 2341 auxit.
1877 2284 2089 2339 Exinde

495 2402 560 2441 ea
581 2400 703 2455 qua:
724 2384 856 2438 unilui
889 2385 942 2438 in
979 2383 1322 2452 longioribus
1348 2381 1654 2452 prmsertim
1689 2381 2088 2450 quaestionibus

498 2480 725 2534 deerant
757 2477 1026 2546 complevi
1093 2485 1412 2544 textumque
1449 2474 1701 2529 Grmcum
1751 2473 1935 2543 quoad
1981 2489 2088 2527 un-

499 2569 679 2624 decim
739 2569 806 2622 de
867 2567 1161 2638 Categoriis
1219 2567 1534 2621 Aristotelis
1597 2567 2090 2620 commentationes

500 2677 696 2716 rursus
752 2662 1070 2731 recognovi,
1111 2675 1249 2729 quas
1301 2670 1432 2713 tunc
1485 2658 1634 2711 solas
1680 2658 1842 2712 edere
1889 2672 2092 2726 propo-

500 2769 737 2816 Suueu'am,
771 2754 1076 2822 eodemque
1113 2763 1357 2821 tempore
1381 2761 1435 2804 et
1472 2750 1723 2804 Latinam
1775 2751 2087 2802 versionem

501 2845 867 2914 quaestionum
903 2844 1316 2910 quatuordecim
1347 2843 1466 2913 (15)
1518 2843 1763 2897 nonduuu
1815 2844 2088 2896 edilarum

503 2937 978 2993 transcribendam
1013 2938 1204 3007 majori
1232 2954 1297 2991 ex
1339 2946 1491 3007 parte
1529 2936 1741 3001 curavi,
1792 2952 1916 3005 quae
1970 2937 2092 2990 luce

502 3030 728 3084 omnino
760 3031 922 3100 digna
953 3030 1068 3084 visa
1102 3039 1207 3083 est.
1240 3027 1332 3082 Sic
1379 3027 1598 3082 tandem
1651 3028 1847 3081 iterato
1902 3027 2091 3080 labore

2261 1916 2351 1969 50.
2396 1913 2515 1969 Jam
2569 1931 2700 1970 vero
2747 1925 2875 1970 ante
2925 1931 3026 1971 nos
3083 1917 3354 1970 edilarum
3410 1917 3799 1987 quaestionum

2190 2018 2395 2064 textum
2432 2024 2821 2079 recognoscere
2848 2025 3148 2080 omnesque
3173 2025 3267 2065 eas
3281 2009 3473 2064 Latina
3501 2011 3799 2066 instruere

2190 2103 2443 2159 versione
2473 2119 2572 2158 nec
2603 2103 2866 2174 teunporis
2914 2105 3057 2159 ratio
3111 2120 3213 2160 nec
3263 2115 3577 2160 n0strorum
3613 2122 3799 2176 nego-

2192 2198 2393 2251 tioruum
2427 2198 2720 2251 uuuuluitudo
2751 2197 2987 2264 sinebat;
3032 2198 3158 2253 luinc
3202 2200 3314 2267 jaun
3357 2199 3631 2269 publicata
3669 2199 3798 2255 fere

2191 2292 2378 2344 omnia
2415 2291 2618 2346 intacta
2651 2291 3036 2360 relinquimus.
3071 2292 3324 2347 Altamen
3361 2293 3484 2347 data
3525 2305 3800 2364 opportu-

2193 2385 2363 2437 nitate
2393 2384 2636 2439 codicem
2670 2383 3050 2439 Mouacensem
3075 2385 3203 2448 555,
3228 2386 3321 2455 quui
3347 2385 3527 2440 Photii
3563 2385 3799 2455 Episto-

2191 2477 2274 2531 las
2312 2477 2556 2531 continet
2582 2478 2716 2547 (51),
2755 2493 2880 2532 cum
2932 2477 3266 2532 Lonulinensi
3311 2478 3553 2532 editione
3591 2478 3797 2534 confe-

2192 2570 2369 2634 u-enuli,
2405 2570 2697 2625 nonnullas
2729 2571 3102 2624 correctiones
3136 2578 3192 2624 et
3224 2570 3497 2625 variantes
3521 2570 3796 2626 lectiones

2193 2661 2566 2730 suggessimus
2614 2661 2797 2731 quoad
2838 2662 3173 2730 quaestiones
3208 2677 3275 2716 ex
3307 2661 3487 2716 Photii
3533 2664 3800 2733 epistolis

2195 2755 2248 2809 iuu
2277 2755 2644 2825 Amphilochia
2694 2757 3014 2810 translatas.
3045 2755 3317 2811 Caeterum
3349 2765 3402 2810 et
3431 2757 3564 2811 alibi
3611 2757 3794 2812 adno-

2193 2851 2451 2912 tavimus,
2516 2866 2639 2920 quae
2660 2851 2817 2906 nobis
2855 2849 2997 2904 iuuter
3042 2851 3146 2904 alia
3193 2851 3369 2905 studia
3417 2851 3794 2906 occurrebant

2195 2945 2311 3001 suis
2339 2944 2476 2998 locis
2526 2952 2835 3013 opportune
2887 2943 3396 2997 animadvertenda.
3437 2941 3605 3009 Igitur
3657 2958 3789 2997 cum

2194 3035 2318 3090 aliis
2350 3035 2575 3089 distenti
2626 3035 2910 3089 laboribus
2968 3049 3068 3088 nec
3125 3033 3280 3102 priuus
3334 3049 3489 3088 novre
3555 3033 3794 3088 editioni

502 3121 690 3192 viginti
721 3133 768 3175 et
806 3137 967 3176 unam
1023 3121 1386 3190 quaestionem
1417 3119 1530 3188 (46)
1558 3117 1744 3173 Graace
1773 3118 1906 3173 milui
1937 3134 2090 3174 com-

2200 3127 2690 3198 Amphilochiorum
2739 3126 2931 3180 intcuuti
2993 3127 3297 3181 aunieuruuun
3333 3127 3554 3181 luortatu
3593 3128 3658 3181 ad
3703 3127 3793 3181 in-

501 3233 844 3290 paraveram,
874 3234 996 3287 qua:
1027 3217 1271 3271 uuonduun
1319 3216 1554 3286 vulgata:
1592 3214 1779 3279 fuere;
1834 3215 1904 3270 ob
1957 3224 2097 3269 tenu-

502 3312 655 3383 poris
695 3313 979 3381 angustias
1011 3327 1118 3365 uuon
1155 3326 1348 3364 omnes
1382 3309 1618 3364 iueditas
1649 3309 1909 3378 colligere
1939 3309 2097 3362 licuit

501 3417 556 3462 et
589 3406 828 3476 reliquas
860 3405 1038 3461 solum
1071 3420 1134 3460 ea
1181 3413 1361 3458 mente
1397 3403 1627 3472 perlegi,
1689 3413 1753 3457 ut
1796 3404 1863 3457 de
1913 3402 2094 3456 Photii

501 3499 762 3569 operibus
797 3507 1044 3564 acturus,
1073 3497 1202 3566 quid
1229 3497 1461 3567 singula:
1512 3497 1882 3559 continerent,
1930 3496 2094 3550 habe-

503 3605 618 3644 rem
647 3590 1027 3659 exploratum;
1059 3590 1190 3643 hinc
1217 3606 1390 3659 pauca
1428 3589 1562 3643 mihi
1592 3589 1645 3642 iuu
1673 3588 1893 3644 schedis
1922 3589 2096 3643 adno-

509 3681 618 3735 tavi
654 3681 782 3735 huic
808 3681 1130 3736 suuliicientia
1157 3697 1350 3749 scopo,
1381 3689 1578 3737 caetera
1619 3680 1672 3734 in
1699 3680 1877 3734 'aliam
1932 3695 2097 3734 occa-

505 3777 717 3830 sionem
755 3775 1060 3835 remittens,
1094 3789 1201 3842 quua
1227 3771 1506 3840 Venetias,
1556 3773 1747 3828 urbem
1787 3773 1920 3827 mihi
1965 3772 2098 3826 clua-

505 3867 820 3935 rissimam',
881 3875 938 3922 et
1001 3866 1331 3921 Marcianum
1402 3865 1834 3927 bibliothecam,
1894 3864 2096 3934 insigni

506 3962 821 4016 urbanitate
850 3961 1145 4017 clarissimi
1185 3960 1246 4018 D.
1289 3959 1637 4016 Valentinclli
1672 3959 1918 4028 ejusdem
1955 3973 2097 4028 pra:-

504 4052 632 4109 fecti
664 4054 842 4108 adhuue
866 4054 1316 4124 gratiorem,Deo
1347 4052 1588 4124 propitio
1622 4051 2098 4122 reprterem.Qu:e

469 4164 634 4218 'spes
675 4149 782 4203 luuc
813 4164 986 4220 usquue
1032 4148 1088 4202 in
1150 4163 1267 4204 rem
1317 4164 1427 4203 non
1461 4147 1702 4201 transiit.
1757 4145 1916 4201 Nune
1963 4161 2096 4200 vero

507 4239 710 4310 scripta
752 4255 894 4305 mea,
921 4255 1044 4309 quae
1073 4254 1139 4294 ex
1165 4249 1399 4309 utroque
1453 4238 1652 4293 itinere
1688 4237 1877 4292 Italico
1907 4251 2096 4306 repor-

507 4341 773 4396 taveram,
806 4329 1131 4400 recolligcns
1155 4327 1442 4385 commode
1473 4326 1746 4381 editaruum
1777 4327 1881 4380 huc
1919 4338 2097 4394 usquue

506 4422 1093 4494 Amphilochianaruun
1124 4421 1487 4492 quaestionum
1518 4435 1807 4473 numerum
1834 4433 1972 4471 nova
2001 4431 2095 4470 ac-

2198 3223 2406 3292 signem
2432 3221 2572 3275 hanc
2611 3219 2830 3273 Patrum
2883 3217 3498 3288 ccclesiasuicoruumque
3549 3219 3792 3287 scripto-

2196 3332 2316 3371 rum
2358 3314 2736 3370 collectionem
2771 3311 3022 3368 conferre
3080 3311 3286 3382 aliquuid
3323 3328 3420 3382 pro
3450 3311 3660 3366 viribuus
3689 3327 3796 3366 no—

2195 3406 2326 3462 stris
2379 3405 2598 3459 tandem
2655 3402 3066 3457 decreverimus
3135 3418 3148 3454 :
3213 3417 3273 3456 ea
3333 3417 3454 3472 qua:
3502 3401 3659 3456 nobis
3731 3401 3788 3453 iuu

2198 3505 2452 3566 prounptu
2480 3502 2658 3558 erant,
2686 3493 2873 3548 libcuuti
2905 3493 3089 3548 auuimo
3143 3495 3611 3564 suppeditavimus
3661 3495 3794 3548 Am-

2195 3587 2487 3660 philochia,
2518 3601 2641 3657 qua:
2663 3602 2810 3641 nuunc
2831 3585 3064 3656 primum
3081 3602 3188 3640 una
3209 3602 3331 3640 eum
3357 3585 3520 3641 editis
3541 3589 3789 3642 nondum

2197 3683 2305 3738 luuc
2336 3696 2510 3750 usque
2542 3681 2596 3735 in
2626 3695 2796 3734 unuuun
2828 3679 3072 3734 collectis
3123 3679 3177 3732 in
3206 3679 3446 3734 mediuun
3491 3681 3788 3750 prodeunt.

2197 3775 2402 3831 Deinde
2431 3786 2484 3829 et
2512 3772 2767 3828 undecim
2820 3771 2940 3827 illas
2995 3773 3350 3842 quaestiones,
3392 3787 3517 3842 qua:
3565 3775 3789 3830 edendae

2197 3876 2514 3937 supersunt,
2538 3864 2653 3921 suis
2681 3864 3025 3936 signavimus
3067 3865 3338 3930 numeris,
3401 3874 3461 3919 ut
3514 3873 3570 3920 et
3621 3867 3788 3921 totius

2196 3960 2380 4030 operis
2403 3967 2727 4030 prospectus
2761 3958 2956 4028 planus
2987 3957 3081 4012 ﬁat
3112 3967 3166 4012 et
3198 3957 3336 4012 ordo
3386 3956 3639 4013 Vaticani
3692 3976 3788 4014 co-

2196 4053 2354 4115 dicis,
2410 4051 2590 4122 quoad
2625 4051 2744 4121 ejus
2776 4051 2890 4106 ﬁeri
2922 4051 3117 4120 possit,
3161 4059 3539 4120 conseryetur.
3586 4051 3790 4120 Super-

2196 4155 2272 4201 est
2311 4154 2392 4212 ut,
2426 4145 2471 4201 si
2503 4144 2636 4215 quid
2669 4145 2773 4200 hoc
2811 4145 2865 4198 in
2898 4158 3063 4213 opere
3097 4158 3195 4214 pro
3231 4144 3497 4213 temporis
3528 4142 3792 4199 brevitate

2199 4239 2380 4292 uninuus
2403 4247 2710 4292 correctuum
2747 4245 2800 4291 et
2821 4235 3124 4304 expolitum
3156 4236 3496 4300 dederimus,
3567 4238 3614 4292 si
3657 4236 3791 4306 quid

2198 4333 2254 4386 in
2282 4347 2343 4386 ea
2373 4334 2679 4402 provincia,
2725 4347 2890 4401 quuaun
2940 4331 3308 4398 suscepimus,
3364 4333 3789 4402 neglexerimuus,

2199 4426 2345 4495 quod
2383 4426 2608 4481 minime
2653 4434 2772 4479 erat
2834 4426 3295 4496 praetereundum,
3357 4426 3505 4479 docti
3573 4424 3792 4479 lectoris

507 4515 761 4572 cessione
811 4530 842 4568 a
893 4529 980 4568 me
1018 4513 1202 4580 augeri
1239 4527 1402 4582 posse
1455 4511 1816 4566 animadverti
1875 4520 1929 4564 et
1970 4525 2090 4564 cum

2205 4519 2418 4573 veniam
2477 4519 2875 4587 iunploreunus,
2942 4532 3104 4586 quem
3163 4516 3546 4571 diﬂicultatem
3608 4517 3685 4571 rei
3738 4523 3793 4569 et

507 4627 594 4676 ea,
625 4626 748 4681 quae
799 4615 1125 4678 supererant
1161 4606 1394 4673 edenda,
1439 4606 1624 4660 omnia
1672 4604 1804 4659 dare
1845 4603 2100 4674 nequive-

507 4706 637 4767 rim,
663 4703 944 4772 complura
993 4710 1175 4755 taunen
1216 4700 1594 4770 majoremque
1647 4708 1854 4766 partem
1919 4696 2096 4750 danda

507 4795 838 4852 existimavi.
861 4793 995 4860 Quae
1022 4794 1148 4848 licet
1177 4792 1507 4847 brevissimo
1547 4799 1790 4859 tempore
1821 4805 1886 4843 ex
1911 4805 2100 4842 exeun-

508 4888 755 4959 plaribuus
820 4885 1214 4956 manuscriptis
1265 4885 1458 4937 hausta
1525 4898 1633 4935 non
1700 4882 1913 4950 ingraua
1985 4880 2100 4934 fore

510 4979 740 5035 eruditis
765 4992 949 5050 spero,
983 4977 1185 5048 quibus
1219 4991 1369 5030 nunc
1399 4975 1505 5029 515
1530 4973 1862 5044 quaestiones
1897 4983 2097 5042 praesto

510 5084 690 5130 erunt.

585 5299 696 5372 (44)
727 5299 859 5355 Vide
885 5297 1264 5372 Ephemerides_
1286 5297 1647 5372 Augustanas,
1679 5323 1751 5336 -
1774 5292 2097 5363 Allgemeine

513 5366 757 5442 Zu'itung,
792 5366 940 5425 anno
968 5371 1126 5432 1857,
1157 5386 1209 5423 n.
1245 5369 1348 5442 101)
1374 5366 1655 5442 S_u_ppl_eun.

582 5437 873 5511 (45)'Sunt
900 5443 1230 5511 quaestiones
1263 5440 1348 5495 15.
1394 5437 1482 5500 77,
1525 5437 1620 5511 78,
1648 5444 2096 5511 et‘gmteraase-

513 5505 849 5636 ἓῗξιιιὲὲρω
881 5505 1162 5568 recensita:
1191 5521 1406 5581 praeter,
1433 5524 1489 5578 q.
1519 5507 1643 5573 145,
1675 5507 1800 5570 147,
1825 5505 2094 5570 151,226,

517 5617 563 5636 ..ί
629 5623 642 5636 α
750 5601 801 5636 ί).

513 5585 642 5645 2η,
676 5583 801 5636 245.

613 5654 701 5722 46)
733 5652 866 5706 Suum
899 5651 1104 5722 (μιΛᾶ
1139 5651 1226 5712 77,
1261 5649 1634 5718 78,157-147,
1664 5649 1788 5718 151,
1818 5645 2094 5713 926,255,

514 5721 807 5804 249,349.
838 5723 963 5804 243.
994 5721 1122 5804 ετξε

590 5783 704 5867 (17)
735 5793 877 5850 Suuuut
926 5783 1018 5864 qq.
1071 5789 1468 5860 15,112,118,
1505 5787 1780 5856 163,221,
1806 5789 1935 5858 eas,
1966 5783 2098 5848 eius.

2201 4611 2339 4665 tanti
2409 4611 2607 4680 negotii
2673 4611 2897 4673 molem,
2949 4624 3060 4678 quuo
3129 4608 3382 4678 dispersa
3447 4609 3793 4678 disjectaquue

2205 4704 2447 4756 unembra
2486 4698 2540 4754 iuu
2588 4715 2757 4753 uuuuun
2811 4715 3015 4768 corpuus
3082 4699 3419 4769 colliguntur
3479 4714 3543 4754 ac
3602 4714 3794 4754 recens

2201 4796 2450 4850 detectis.
2482 4803 2772 4863 augentur,
2818 4792 2955 4848 satis
2997 4793 3112 4862 jaun
3183 4792 3384 4847 habere
3453 4801 3790 4862 perspectam

2203 4887 2555 4942 conﬁdunus.

2202 5290 2466 5354 252-254,
2495 5289 2622 5354 275,
2655 5287 2784 5350 276.
2819 5289 2951 5354 287,
2987 5288 3246 5343 511-517.

2208 5431 2230 5487 ί
2277 5362 2387 5499 (18))
2425 5361 2566 5417 infra
2593 5377 2652 5432 q.
2683 5360 2925 5415 518-525
2957 5364 3034 5431 (q.
3063 5360 3254 5428 95-97,
3291 5359 3414 5426 108,
3455 5360 3585 5415 288.
3621 5358 3796 5417 Mont-

2230 5448 2352 5486 auc.

2230 5448 2352 5486 811C.

2280 5504 2391 5572 (to)
2428 5503 2494 5568 ρ.
2535 5502 2664 5559 seu.
2829 5513 2832 5517 λ

2279 5573 2391 5644 (51))
2436 5573 2706 5628 Nimirum
2740 5574 2938 5637 517+
2955 5573 2985 5626 7
3000 5594 3073 5625 τ..
3091 5574 3217 5630 521.

2278 5645 2389 5713 (5|)
2425 5645 2515 5700 Est
2548 5647 2875 5701 charlacens
2916 5646 2969 5698 iu
3010 5648 3065 5702 4.
3108 5659 3232 5702 sa‘c.
3264 5661 3330 5699 xv
3367 5655 3422 5699 et
3455 5659 3569 5703 xvz,
3596 5659 3624 5697 a
3657 5643 3794 5696 uluuo-

2206 5715 2312 5771 bus
2335 5717 2569 5770 diversis
2600 5717 2969 5782 conscriptus.
2995 5715 3083 5771 (1f.
3119 5719 3186 5772 de
3215 5733 3281 5769 eo
3304 5717 3523 5770 Arctin:
3555 5715 3824 5784 Beitrtige.

2210 5803 2307 5844 sur
2341 5785 2645 5844 Geschichte
2674 5787 2768 5843 der
2800 5786 3094 5857 Lilcratur,
3126 5796 3168 5844 t.
3203 5789 3294 5856 IX,
3329 5804 3383 5859 p.
3413 5787 3672 5842 839-906.
