4134 6462
337 352 405 414 ει
1694 367 2283 433 PROLEGOMENA.
2684 331 2691 338 ’
3552 376 3625 437 22

1942 488 2023 550 ll.

618 640 775 703 JOS.
817 641 1417 711 CHRISTOPHORI
1456 648 1759 709 WOLFII
1793 650 2220 713 PRZEFATIO
2288 654 2369 714 IN
2423 655 2702 716 PHOTII
2764 656 3303 721 PA'I‘RIARCH/‘E

799 746 1330 824 QUIESTIONES
1372 750 1964 812 AMPHILOCHIAI‘

2053 754 2092 813 S
2136 754 2344 827 QUAS
2387 757 2664 816 EDIDIT
2707 758 2817 817 AD
2862 759 3181 820 CALCEM

1106 848 1292 910 VOL.
1343 848 1393 909 V
1429 850 1819 911 CURARUM
1856 852 2062 911 PHIL.
2113 854 2213 912 ET
2260 854 2471 916 CRIT.
2507 856 2586 916 IN
2618 858 2692 917 N.
2732 860 2804 919 Τ.

1695 957 2059 1018 BASILEZE
2106 959 2284 1019 17M.

409 1266 684 1336 Quidquid
717 1266 922 1321 interea
960 1267 1055 1321 otii
1088 1268 1237 1339 (dum
1279 1268 1449 1325 Curas
1484 1272 1833 1344 philologicas
1868 1289 1916 1331 et
1950 1280 1994 1337 A
2024 1276 2197 1331 visum
2247 1276 2348 1331 fuit
2399 1277 2596 1333 Franc.
2630 1278 2983 1345 Combelisio,
3038 1280 3130 1349 qui
3173 1297 3496 1350 responsum
3535 1284 3627 1347 37,

340 1362 557 1415 critiras
590 1362 642 1414 in
675 1360 749 1414 Ν.
788 1360 851 1415 Τ.
888 1362 1257 1431 scripsissem)
1294 1366 1564 1435 reliquum
1611 1372 1742 1425 mihi
1792 1385 1933 1442 erat,

341 1448 393 1501 ld
434 1449 502 1501 ad
530 1448 916 1517 divulgandam
948 1458 1155 1518 partem
1207 1452 1695 1520 Amphilochiorum
1730 1459 1931 1527 Photii,

340 1538 525 1592 adhuc
579 1539 905 1599 ἁνεκδότων,
956 1557 1121 1610 quam
1181 1542 1234 1595 in
1289 1544 1438 1597 calce
1492 1549 1769 1616 conspicis
1801 1567 1936 1606 con-

343 1630 464 1684 tuli.
509 1628 582 1683 De
637 1630 739 1684 hoc
790 1646 954 1700 opere
996 1632 1069 1686 ita
1106 1632 1265 1687 habe.
1297 1633 1493 1689 Exstat
1530 1638 1661 1693 illud
1708 1641 1936 1701 Parisiis

342 1734 535 1784 manu,
563 1736 686 1789 qua:
712 1720 977 1774 sarculum
1015 1737 1066 1774 xu
1109 1721 1293 1789 refert,
1338 1736 1627 1781 exaratum
1661 1729 1715 1782 in
1748 1734 1937 1788 codice

343 1815 767 1871 membmnaceo
822 1815 929 1869 270
982 1816 1330 1872 bibliothecae
1374 1817 1748 1889 Coislinianze,
1804 1827 1935 1881 olim

346 1903 722 1975 Seguerianae,
755 1907 917 1976 cujus
969 1906 1293 1978 Catalogum
1342 1910 1631 1968 indefessa:
1665 1926 1935 1985 praestan-

347 1998 551 2053 tissimi
587 1998 853 2053 Bcrnardi
886 1998 1295 2055 Montefalconii
1331 2002 1617 2060 industria:
1650 2008 1936 2069 debemus.

346 2090 657 2159 Inscriptio,
694 2107 759 2146 ex
799 2092 903 2147 fide
942 2092 1186 2162 Catalogi
1245 2094 1410 2161 illius,
1455 2112 1510 2166 ι),
1551 2098 1678 2164 526,
1725 2101 1799 2156 ξω
1843 2104 1941 2156 ha-

347 2180 477 2234 bet:
520 2179 603 2232 Τὰ
640 2179 989 2250 Ἀμφιλὸχια,
1032 2182 1065 2253 ἢ
1106 2183 1280 2252 λόγων
1338 2187 1500 2256 ἱερῶν
1542 2191 1634 2242 καὶ
1687 2191 1939 2263 ζητημά-

343 2290 452 2325 των
484 2272 780 2341 ἱερολογὶαι
818 2274 955 2344 πρὸς
987 2275 1359 2345 Ἀμφιλὸχιυν,
1391 2279 1481 2331 τὸν
1508 2281 1804 2336 ὁσιώτατον
1838 2303 1942 2356 μη-

344 2366 675 2435 τροπολίτην
708 2365 969 2430 Νυξίκου,
1022 2369 1078 2419 ὲν
1114 2369 1190 2439 τῷ
1230 2371 1404 2442 καιρῴ
1438 2374 1546 2425 τῶν
1591 2378 1939 2449 πειρασμῶν,

346 2459 683 2531 ζητημάτων
712 2462 1012 2533 διαφόρων,
1049 2466 1125 2527 εἰς
1160 2464 1394 2536 ἀριθμὸν
1437 2472 1772 2538 τριακοσίων
1816 2490 1941 2525 συν-

344 2553 637 2606 τεινόντων
658 2555 905 2607 ἐπίλυσιν
935 2557 1326 2626 αἰτησάμενον.
1344 2560 1397 2613 ld
1420 2572 1522 2625 est,
1546 2563 1937 2633 Amphilochia,

344 2663 437 2700 seu
462 2663 726 2701 sermones
756 2661 803 2702 et
836 2651 1152 2719 qumstiones
1180 2668 1349 2705 sacra:
1378 2654 1447 2705 ad
1480 2655 1936 2723 Amphilochium,
1972 2634 2013 2688 Β

346 2740 748 2793 sanctissimum
802 2739 985 2809 Cyzici
1040 2742 1469 2811 metropolitani,
1522 2747 1636 2813 qui,
1690 2756 1927 2814 tempore

347 2832 724 2896 tentationum,
755 2834 1113 2901 quwstionnm
1161 2836 1453 2901 variarum,
1504 2854 1623 2905 qua:
1661 2854 1944 2891 numerum

346 2924 454 2979 500
488 2926 799 2993 conﬁciunt,
832 2926 1151 2979 solutionem
1181 2929 1492 2997 expetierat.
1514 2930 1799 2999 Inscriptio
1833 2933 1946 2985 hinc

346 3016 543 3070 eadem
586 3017 802 3071 ratione
840 3017 893 3070 in
935 3020 1123 3072 codice
1172 3016 1553 3086 Neapolitano,
1583 3021 1650 3073 de
1680 3036 1789 3089 quo
1818 3036 1945 3074 mox

347 3111 621 3168 dicemus,
642 3110 908 3176 legituriu
939 3109 1375 3177 Ephemeridibns
1404 3110 1685 3165 litterariis
1716 3110 1943 3177 l'enetis,

348 3200 535 3254 ltalice
574 3200 763 3266 editis,
800 3210 937 3255 tom.
976 3199 1191 3263 XXXII,
1222 3217 1344 3271 pag.
1378 3202 1468 3254 7:2.

419 3315 498 3370 Ex
548 3316 639 3370 illa
680 3332 810 3371 vero
868 3326 1116 3386 apparet,
1163 3318 1511 3388 Ἀμφιλόχια,
1552 3320 1656 3383 vel,
1697 3329 1755 3373 ut
1797 3320 1948 3375 Alla-

350 3411 461 3464 tius
491 3410 751 3479 appellat,
810 3410 1187 3481 Ἀμφιλόχεια,
1240 3412 1343 3473 vel,
1402 3423 1459 3464 ut
1508 3413 1624 3477 alii,
1682 3414 1945 3483 Ἀμφιλό-

352 3503 504 3575 χικὰ,
548 3504 671 3557 idco
724 3506 1012 3574 appellari,
1056 3504 1200 3574 quod
1262 3503 1533 3573 Responsa
1593 3506 1681 3560 illa
1716 3508 1782 3561 ad
1816 3505 1946 3561 Am-

352 3598 720 3667 philochium,
772 3598 1060 3668 prmsulem
1113 3598 1465 3669 Cyzicenum,
1499 3609 1793 3669 petentem,
1836 3601 1947 3654 sint

350 3693 686 3761 perscripta.
715 3692 862 3745 Cave
891 3707 1026 3746 vero
1055 3693 1269 3755 credas,
1316 3693 1384 3746 de
1418 3694 1678 3747 omnibus
1720 3695 1789 3749 ita
1825 3709 1947 3747 esse

357 3784 695 3839 habendum.
733 3784 791 3837 In
822 3784 1075 3853 Epistolis
1106 3785 1306 3849 Photii,
1347 3801 1375 3837 a
1418 3785 1577 3839 llich.
1612 3784 1948 3841 Montacutio

353 3873 542 3939 editis,
583 3890 678 3929 sex
733 3876 962 3928 omnino
994 3875 1365 3947 Amphilochii
1426 3890 1626 3928 nomen
1676 3875 1945 3931 referunt.

2040 1368 2113 1424 De
2143 1370 2606 1441 incircumscripta
2648 1371 2779 1427 Filii
2824 1372 3032 1428 Deitate
3076 1374 3218 1428 inter
3258 1374 3627 1443 Amphilochii

2039 1463 2324 1536 Excerpta,
2356 1484 2412 1537 p.
2440 1467 2546 1521 226
2598 1484 2825 1538 operum
2858 1469 2979 1538 ejus
3032 1469 3303 1536 exhibuit,
3334 1479 3481 1524 recte
3509 1470 3631 1525 ideo

2039 1570 2261 1614 uolatus
2293 1560 2361 1614 ab
2397 1560 2597 1614 Allatio
2626 1562 2701 1615 De
2737 1565 3079 1617 consensione
3110 1562 3316 1617 Eccles.
3357 1562 3543 1619 Occid.
3582 1573 3631 1616 et

2042 1643 2246 1700 Orient.
2279 1662 2332 1716 p.
2366 1648 2491 1703 576.
2524 1650 2594 1702 At
2619 1649 2736 1720 ipse
2772 1651 3142 1708 Comhclisius
3186 1668 3429 1706 errorem
3468 1668 3631 1705 suum

2040 1743 2263 1807 agnovit
2290 1740 2342 1794 in
2378 1740 2670 1797 Recensitis
2702 1747 3008 1799 auctoribus
3036 1746 3376 1801 Bibliotheca:
3404 1746 3632 1799 Patrum

2041 1830 2491 1899 Concionatorite,
2527 1852 2581 1905 p.
2610 1836 2736 1902 152,
2768 1838 2863 1908 qui
2895 1838 3113 1893 libellus
3151 1839 3387 1893 seorsim
3434 1837 3635 1907 prodiit

2038 1922 2272 1980 Parisiis
2309 1926 2468 1990 166⁸2.
2498 1928 2554 1983 8.

2111 2037 2266 2104 Quod
2295 2040 2361 2092 ad
2410 2048 2798 2110 argumentum
2832 2041 3176 2097 collectionis
3211 2045 3380 2112 hujus
3404 2054 3633 2114 spectat,

2040 2133 2280 2187 maxima
2316 2133 2471 2188 illius
2509 2151 2637 2203 pars
2666 2135 2719 2188 iu
2759 2136 3103 2191 illustraudis
3139 2136 3350 2193 Veteris
3396 2149 3449 2193 et
3498 2138 3635 2194 Novi

2040 2226 2395 2280 lustrumenti
2432 2228 2670 2283 oraculis
2717 2229 3116 2285 difﬁcilioribus
3158 2242 3479 2300 occupatur.
3520 2232 3634 2289 Re-

2042 2318 2189 2387 liqua
2224 2334 2352 2387 pars
2382 2336 2527 2373 nunc
2552 2321 2883 2391 theologica,
2918 2338 3061 2375 nunc
3088 2325 3469 2394 philosophica
3498 2326 3635 2379 varii

2042 2411 2281 2479 generis,
2332 2428 2479 2465 nunc
2533 2414 2915 2481 grammatica,
2970 2431 3117 2469 nunc
3170 2415 3429 2472 Historia:
3472 2418 3639 2472 eccle-

2042 2504 2278 2558 siastica:
2309 2514 2356 2558 et
2388 2505 2669 2560 litterariw
2701 2507 2879 2575 capita
2916 2510 3283 2577 persequitur.

2116 2596 2376 2651 Collectio
2429 2597 2545 2666 ipsa
2609 2613 2886 2667 nunquam
2954 2600 3127 2653 lucem
3189 2601 3340 2664 vidit,
3382 2602 3639 2670 quamvis

2049 2705 2213 2743 manu
2246 2698 2469 2742 exarata
2502 2691 2553 2742 in
2592 2691 2759 2744 variis
2786 2690 3130 2744 bibliothecis
3161 2701 3356 2745 exstet.
3383 2691 3439 2744 In
3463 2691 3636 2746 Gallia

2049 2783 2277 2836 Parisiis
2303 2782 2660 2837 bibliotheca}
2685 2782 3005 2836 Colbertina
3030 2793 3083 2837 et
3116 2783 3459 2837 Cnisliniana
3492 2784 3641 2839 illius

2048 2874 2260 2942 capiam
2296 2872 2528 2926 faciunt.
2564 2872 2721 2924 Prior
2755 2871 2809 2924 in
2840 2872 3028 2925 codice
3073 2872 3200 2937 Ml,
3224 2864 3392 2939 quem
3437 2872 3511 2924 ita
3546 2870 3643 2924 de-

2049 2966 2242 3022 scribit
2294 2964 2379 3019 Jo.
2435 2965 2678 3035 Baptista
2738 2963 3047 3019 Cotelerius
3108 2965 3161 3017 in
3224 2962 3381 3018 Notis
3431 2964 3497 3018 ad
3554 2972 3643 3018 to-

2048 3075 2198 3113 mum
2229 3058 2297 3112 Ill
2326 3058 2787 3112 Monnmentorum
2818 3056 3071 3109 Ecclesia:
3101 3055 3322 3122 Crazcw,
3361 3071 3484 3126 pag.
3512 3054 3638 3111 556:

2055 3170 2073 3202 ι
2121 3150 2400 3205 Adversus
2433 3149 2832 3204 Manichaicam
2863 3150 3095 3203 lia-resin
3119 3149 3490 3203 Paulicianam
3516 3148 3641 3203 libri

2047 3237 2226 3293 Photii
2275 3247 2536 3309 quatuor,
2582 3238 2876 3309 Euthymio
2934 3237 3210 3308 Zigabeno
3258 3238 3381 3300 visi,
3424 3247 3645 3293 exstant

2048 3333 2170 3387 eod.
2197 3332 2513 3386 Colbertiuo
2552 3332 2678 3395 141,
2716 3347 2823 3384 una
2865 3346 2991 3384 cum
3038 3330 3287 3399 ejusdem
3334 3330 3642 3385 doctissimi

2048 3425 2149 3479 viri
2206 3424 2614 3492 Antphilochiis,
2675 3433 2732 3477 ut
2787 3423 3116 3477 certissimis
3168 3422 3389 3477 indiciis
3448 3423 3643 3491 depre-

2049 3516 2516 3586 hendi,quam\'is
2564 3516 2752 3576 titulo,
2798 3516 2997 3584 capite,
3039 3514 3211 3568 cauda
3272 3524 3465 3568 trunca
3511 3514 3641 3567 sint.

2048 3608 2406 3663 Postcriorin
2442 3608 2631 3663 codice
2664 3608 2793 3672 270,
2846 3606 2979 3659 olim
3037 3606 3139 3659 159
3196 3622 3261 3659 ex
3311 3621 3444 3675 quo,
3495 3606 3641 3674 quod

2052 3700 2215 3754 modo
2253 3699 2595 3761 monuimus,
2646 3696 2962 3751 Bernardus
3000 3695 3464 3750 lllonlefalconius
3496 3706 3549 3749 et
3576 3696 3646 3749 ti-

2053 3793 2196 3847 tulos
2221 3802 2273 3845 et
2303 3791 2454 3845 initia
2501 3791 2607 3845 308
2655 3788 3071 3858 Rosponsorum
3112 3789 3367 3841 exhibuit
3400 3790 3453 3841 in
3487 3789 3647 3841 Cata-

2050 3886 2175 3955 logo
2202 3883 2462 3937 Biblioth.
2487 3882 2857 3946 Coisliniame,
2886 3897 3008 3951 pag.
3036 3881 3142 3933 525
3165 3896 3343 3949 seqq.,
3362 3880 3644 3947 subjectis,

357 3967 432 4022 Ex
469 3968 555 4021 his
592 3976 703 4021 tres
736 3977 946 4021 tantum
976 3977 1194 4023 exstant
1229 3968 1282 4021 in
1310 3967 1717 4037 Amphilochiis,
1750 3985 1945 4038 nempe
1973 3980 2016 4039 ο
2050 3976 2368 4048 spec-lminis
2417 3977 2561 4041 loco,
2604 3984 2841 4043 quatuor
2888 3973 3213 4043 Responsis,
3264 3988 3318 4042 p.
3354 3974 3458 4028 546
3487 3989 3645 4042 seqq.

351 4075 477 4130 epp.
514 4059 639 4126 l57,
681 4059 803 4118 165.
836 4060 960 4124 178,
996 4076 1120 4114 cum
1162 4062 1361 4131 quibus
1394 4070 1582 4115 exacte
1610 4062 1947 4115 cooveniunt

349 4170 616 4224 responsa
655 4155 776 4221 162,
932 4164 985 4209 et
1019 4155 1141 4209 178.
1175 4156 1311 4211 'l‘i-es
1340 4165 1552 4211 caetera:
1582 4170 1711 4209 vero
1750 4171 1946 4225 nempe

356 4247 484 4312 I68,
524 4248 627 4301 I98
671 4256 726 4301 et
763 4248 869 4300 207
914 4248 1058 4302 inter
1090 4246 1361 4317 Responsa
1406 4249 1497 4302 illa
1542 4248 1945 4303 desiderantur.

352 4341 436 4394 Ah
463 4341 637 4395 altera
682 4350 837 4410 parte
883 4341 935 4395 in
984 4341 1376 4410 Amphilochiis
1431 4342 1779 4411 Responsum
1814 4340 1942 4408 HI,

354 4435 502 4503 quod
536 4434 703 4487 habes
740 4433 879 4487 infra
920 4450 973 4503 p.
1009 4433 1136 4496 708,
1189 4434 1508 4488 inscribitur
1535 4433 1943 4503 Amphilochio,

355 4528 500 4596 quod
536 4526 739 4581 frustra
766 4526 968 4597 qumris
992 4527 1132 4581 inter
1156 4526 1454 4596 Epistolas.
1484 4525 1756 4580 Praeterea
1782 4527 1949 4581 niulta

358 4619 656 4688 Responsa,
702 4620 755 4673 in
806 4620 1191 4689 Amphilochiis
1223 4622 1517 4683 exstantia,
1544 4621 1707 4674 etiam
1741 4619 1796 4675 in
1828 4620 1949 4689 epi-

356 4716 516 4770 stolis
550 4718 670 4781 (ceu
709 4730 834 4768 mox
860 4713 1235 4785 ostendemus)
1270 4715 1542 4783 leguntur,
1593 4713 1686 4767 sed
1713 4714 1947 4767 aliorum

359 4808 677 4862 nominibus
709 4808 991 4876 inscripta.
1022 4807 1102 4861 Ita
1136 4808 1303 4876 Resp.
1333 4806 1435 4860 166
1463 4816 1545 4861 est
1564 4807 1792 4876 epistola
1828 4806 1949 4871 155,

357 4916 486 4969 qua:
536 4910 719 4953 tamen
771 4900 844 4952 ibi
900 4899 1247 4953 Constantini
1288 4898 1472 4953 fratris
1516 4914 1714 4952 nomen
1763 4896 1948 4951 refert.

356 4991 660 5062 PrOpIeI-ea
696 4992 767 5045 ita
809 4992 993 5060 pmius
1020 4991 1368 5046 statuendum
1408 4997 1561 5059 puto,
1596 4988 1742 5059 quod
1785 4989 1952 5042 variae

355 5084 543 5138 Photii
570 5085 820 5153 epistola:
846 5084 977 5138 hinc
1014 5085 1139 5137 inde
1172 5082 1285 5137 sint
1307 5078 1570 5145 collectae,
1596 5092 1650 5135 et
1676 5081 1953 5150 Amphilo-

359 5179 609 5230 chiorum
643 5177 867 5231 nomine
918 5176 1212 5245 insignite,
1250 5176 1393 5239 ideo,
1441 5174 1585 5244 quod
1616 5175 1811 5227 Photio
1837 5171 1951 5227 fre-

358 5288 540 5343 quens
591 5272 896 5323 Iitterarum
945 5285 1071 5323 cum
1122 5269 1508 5336 Amphilochio
1561 5268 1954 5323 commercium

2057 4083 2179 4137 quae
2227 4083 2351 4120 mox
2415 4066 2839 4135 appellabimus.
2893 4065 2951 4119 lu
3008 4065 3159 4119 Italia
3215 4066 3388 4120 lloma
3446 4066 3647 4135 duplex

2058 4159 2239 4229 operis
2276 4160 2587 4228 exemplum
2620 4158 2877 4219 exhibet;
2929 4157 3163 4211 alterum
3212 4158 3264 4210 in
3306 4158 3647 4212 Bibliotheca

2058 4250 2345 4315 Vaticana,
2380 4250 2612 4302 alterum
2643 4248 2696 4301 in
2739 4246 3060 4311 Barberiua,
3093 4261 3259 4317 atque
3292 4249 3395 4305 hoc
3417 4250 3644 4319 quidem

2059 4342 2340 4397 Francisci
2393 4340 2619 4395 Arcudii
2657 4356 2822 4395 manu
2868 4342 3227 4410 descriptum.
3288 4340 3361 4395 De
3412 4354 3650 4410 utroque

2058 4434 2213 4489 testis
2240 4444 2323 4488 est
2356 4432 2467 4485 Leo
2495 4432 2727 4487 Allatius
2767 4432 2820 4485 in
2853 4432 3008 4486 libris
3044 4430 3108 4485 III
3148 4432 3217 4487 de
3250 4431 3503 4486 Ecclesia:
3546 4432 3650 4486 0c-

2061 4528 2339 4582 cidentalis
2370 4537 2418 4582 et
2445 4527 2737 4583 Orientalis
2772 4537 3021 4596 perpetua
3046 4529 3409 4591 consensione,
3439 4528 3532 4582 lib.
3585 4544 3647 4587 ιι,

2061 4635 2110 4675 c.
2137 4620 2191 4686 6,
2218 4635 2271 4689 p.
2299 4620 2426 4673 576.
2469 4637 2486 4669 ί
2528 4615 2677 4688 Opus
2716 4628 2822 4681 est,
2855 4619 3054 4687 inquit,
3089 4618 3307 4671 varium
3352 4627 3407 4671 et
3466 4617 3650 4669 multi-

2058 4713 2201 4783 plice
2248 4712 2559 4767 eruditione
2600 4712 2855 4780 plenum,
2909 4710 3181 4781 theologis
3231 4725 3295 4764 ac
3349 4709 3651 4778 Scriptura:

2060 4803 2470 4873 expositorihus
2522 4802 2762 4856 maxime
2812 4802 3215 4865 necessarium,
3266 4815 3443 4867 eoque
3477 4799 3651 4867 magis

2061 4893 2526 4964 aiuplecteudum,
2557 4892 2704 4962 quod
2738 4907 2846 4946 non
2878 4892 3034 4955 alibi,
3072 4906 3237 4959 quam
3268 4889 3321 4942 in
3360 4888 3649 4950 Vaticana,

2064 5003 2208 5042 nunc
2230 4998 2567 5056 postremum
2590 5001 2653 5039 ex
2677 4986 2830 5038 libris
2852 4982 3137 5047 Lollianis,
3163 4982 3264 5036 sub
3286 4979 3511 5035 Urbano
3532 4978 3650 5033 VIII

2064 5078 2361 5138 invectum,
2396 5076 2541 5145 quod
2576 5076 2691 5143 ipse
2714 5073 2910 5135 sciam,
2944 5079 3143 5125 exstet.
3179 5088 3198 5120 ι
3241 5068 3308 5121 Ει
3346 5067 3537 5137 paucis
3568 5067 3653 5119 in-

2066 5168 2311 5238 terjectis
2341 5184 2355 5221 :
2395 5186 2413 5217 ‹
2458 5163 2607 5234 Opus
2639 5172 2750 5217 tam
2784 5162 3009 5233 dignum
3037 5169 3092 5213 et
3130 5160 3375 5219 doctum,
3415 5173 3445 5209 a
3476 5154 3655 5207 Fran-

2064 5264 2216 5319 cisco
2262 5259 2552 5323 Arcudio,
2594 5254 2855 5309 Nuscano
2904 5253 3126 5307 demum
3189 5249 3482 5318 episcopo,
3538 5246 3654 5298 viro

361 5362 761 5418 intercesserit.
797 5361 977 5415 Taceo
1028 5361 1291 5415 nonnulla
1355 5361 1407 5413 iu
1454 5360 1540 5414 his
1590 5358 1804 5422 haberi,
1838 5374 1957 5428 quae
1992 5334 2035 5388 θ
2068 5356 2273 5412 Graecis
2319 5351 2641 5418 Latinisque
2678 5347 2874 5401 litteris
2908 5346 3071 5413 longe
3114 5340 3460 5400 doctissimo,
3493 5336 3656 5390 mihi-

361 5472 475 5510 non
513 5467 621 5509 tam
648 5454 940 5522 Responsa,
987 5470 1152 5523 quam
1206 5454 1468 5521 Excerpta
1513 5453 1763 5522 quietiam
1812 5451 1961 5505 refe-

363 5558 520 5616 runt,
550 5566 673 5617 quae
703 5547 935 5602 Photius
956 5564 1019 5601 ex
1057 5549 1203 5613 aliis,
1227 5565 1277 5601 ν.
1301 5564 1350 5603 c.
1383 5548 1803 5617 Chrysostomo,
1826 5554 1958 5611 etc.,

365 5646 543 5719 petiit.
568 5642 705 5697 Vide
737 5657 802 5694 ex
833 5657 916 5712 gr.
945 5641 1083 5693 infra
1116 5658 1169 5711 ιι.
1210 5641 1333 5701 750,
1367 5641 1492 5694 800.
1530 5640 1587 5694 ld
1612 5649 1823 5693 certum
1853 5646 1962 5699 est,

365 5734 778 5805 Amphilochia,
828 5733 1084 5803 episcopo
1132 5734 1445 5796 lconiensi,
1506 5749 1614 5787 non
1670 5731 1959 5786 tribuenda

366 5846 516 5895 csse,
569 5843 690 5898 qua:
735 5826 789 5880 in
845 5825 1229 5898 Amphilochiis
1262 5828 1536 5898 leguntur.
1574 5824 1689 5880 lloc
1734 5824 1956 5896 quidem

2069 5465 2176 5519 que
2217 5444 2529 5501 studiorum
2569 5440 2940 5495 familiaritate
2980 5433 3460 5503 conjunctissimo,
3498 5429 3657 5483 bien-

2070 5542 2216 5596 nium
2252 5548 2377 5593 ante
2400 5536 2513 5590 fato
2542 5534 2752 5597 functo,
2777 5528 3195 5585 ebaracteribus
3226 5520 3658 5593 elegantissimis

2072 5630 2491 5703 diligentissime
2525 5626 2882 5693 descriptum,
2923 5622 2981 5675 in
3011 5635 3108 5674 sua
3134 5616 3468 5672 bibliotheca
3500 5626 3658 5679 repo-

2072 5725 2181 5779 suit
2232 5724 2501 5776 bonarum
2557 5716 2803 5770 omnium
2861 5712 3064 5767 artium
3120 5717 3175 5764 ct
3234 5706 3654 5775 disciplinarum

2070 5824 2432 5882 restaurator,
2487 5810 2819 5870 Franciscus
2874 5804 3231 5870 Barberinus,
3273 5798 3508 5874 publica:
3536 5809 3658 5855 om-
