4134 6448
551 381 620 446 27
1724 366 1809 427 ΙΝ
1851 364 2059 425 ΑΜΡΗ
2071 361 2381 423 ILOCllIA
2412 360 2637 420 PlIOTI
2648 361 2671 419 Ι
3765 358 3839 419 23

549 488 893 551 tlatholicos,
942 490 985 539 si
1028 491 1223 539 cmtera
1267 481 1512 552 ejusdem
1555 480 1798 535 auctoris
1844 479 2048 548 scripta
2093 479 2145 531 in
2180 483 2220 535 Α
2254 476 2573 544 scriptores,
2602 491 2666 529 ac
2708 474 3094 545 l‘hotiusipsc,
3130 483 3325 528 auctor
3351 474 3559 545 alioqui
3591 474 3846 530 disertis-

554 585 757 647 lucem,
804 590 1200 650 aspectumque
1244 576 1631 647 producerent,
1679 573 2014 627 novissimus
2054 572 2143 625 illc

558 674 914 730 delirantium
964 671 1342 726 Grieculorum
1376 668 1609 723 malleus
1644 666 1755 721 Leo
1788 666 2020 720 Allatius
2056 664 2142 718 di-

559 770 866 824 siertissime
898 766 1087 820 docuit
1119 766 1221 834 (4),

626 861 833 915 Deinde
882 860 1279 929 praeclarorum
1330 854 1694 926 quorumdam
1746 853 1990 906 virorum
2058 865 2145 904 me

550 953 864 1021 exemplum
906 952 1250 1005 conlirtuavit
1305 966 1318 1001 :
1374 964 1498 1002 cum
1562 947 1704 999 enim
1772 960 1869 1013 per
1914 942 2141 995 Franci-

552 1059 707 1098 scum
744 1043 1133 1097 Combellsium
1194 1042 1303 1111 (5),
1388 1037 1729 1091 Bernardutn
1799 1033 2143 1087 Montfanco-

552 1137 704 1191 nium
742 1139 839 1206 (li),
880 1147 932 1189 et
957 1137 1417 1203 tjhristophorutn
1444 1130 1702 1183 Woltium
1740 1129 1818 1199 (7)
1852 1127 2145 1179 nonnullas

553 1231 759 1298 pariter
794 1228 1264 1297 Amphilochianas
1303 1225 1635 1290 anstiones
1687 1222 1739 1274 in
1790 1234 2141 1275 communem

552 1336 715 1374 usum
742 1319 929 1373 Graece
975 1330 1029 1372 et
1058 1318 1250 1371 Latine
1280 1315 1524 1386 prolatas
1552 1314 1807 1367 vidissem
1843 1328 1856 1363 :
1891 1325 1955 1362 ac
1988 1309 2140 1377 plura

552 1412 890 1481 reliquarqu
925 1410 1375 1479 ἀποσπασμάτια
1404 1424 1433 1461 a
1476 1422 1651 1475 nuper
1680 1404 1901 1458 laudato
1943 1402 2143 1455 Allatio

550 1504 650 1573 (8),
702 1515 755 1558 et
806 1521 835 1557 a
878 1503 1178 1557 Francisco
1216 1501 1491 1554 Turriano
1525 1498 1603 1569 (9)
1649 1498 1702 1551 in
1752 1496 1932 1549 medio
1961 1494 2141 1564 posita

550 1612 659 1649 non
694 1597 1075 1666 ignorasscm;
1129 1608 1434 1663 eorumque
1477 1590 1719 1645 editores
1759 1588 1925 1650 bona,
1966 1598 2027 1641 ut
2067 1587 2139 1639 ita

547 1686 751 1753 dicam,
800 1690 974 1758 gratia
1013 1687 1083 1741 ab
1132 1687 1438 1740 litterarum
1480 1699 1597 1754 rep.
1629 1682 2137 1737 animadvertissem

547 1789 809 1849 exceptos
851 1799 864 1833 :
913 1796 1012 1849 par
1081 1794 1412 1849 atquumque
1454 1776 1586 1830 duxi
1630 1774 1698 1829 ad
1738 1774 1985 1827 eamdem
2016 1786 2139 1839 gra-

2247 567 2445 631 simus,
2483 584 2511 620 ιι
2554 567 2732 636 prisca
2781 566 3138 638 Ἀττικισμοῦ
3183 568 3451 635 elegantia
3484 566 3841 627 desciverint,

2247 669 2303 714 et
2332 670 2535 729 quanta
2568 660 2804 729 denique
2830 660 3171 715 obscuritate
3196 674 3260 713 ex
3294 660 3485 713 eodem
3523 660 3845 729 scriptionis

2245 752 2380 804 vitio
2407 766 2688 804 sermones
2708 750 3009 820 praesertim
3037 749 3409 802 διδασκαλικοὶ
3440 749 3842 802 obvolvantur.

2250 838 2425 894 Verba
2475 842 2622 893 enim
2666 842 2915 910 τεχνικὰ.
2954 841 3259 909 etquidem
3312 840 3667 909 σχολαστικὰ,
3719 858 3845 909 quae

2248 943 2378 987 tunc
2441 936 2702 1004 temporis
2758 936 3224 1004 percrebuerant;
3293 938 3842 1004 argumentationum

2249 1026 2775 1095 cavillationumque
2816 1028 3173 1090 subtilitates,
3217 1028 3422 1096 quibus
3474 1027 3674 1097 ingenii
3708 1043 3847 1079 aru-

2247 1132 2371 1168 nn-n
2430 1132 2551 1170 sese
2595 1117 2875 1186 jactabat;
2925 1133 2989 1171 ac
3029 1120 3377 1187 periodorum
3436 1119 3843 1189 μεγαλοκώὶων

2246 1211 2525 1281 implicata
2574 1214 2885 1283 prolixitas,
2936 1215 2987 1267 in
3038 1229 3146 1283 qua
3199 1215 3511 1283 praecipuus
3566 1216 3844 1268 orationis

2246 1306 2428 1359 cultus
2461 1306 2919 1372 constituebatur,
2954 1319 3083 1361 sunt
3119 1308 3371 1376 quantam
3402 1309 3566 1360 vclnti
3603 1308 3844 1375 impedi.

2247 1411 2461 1463 menta,
2523 1417 2647 1471 qua:
2706 1401 2895 1455 lectori
2960 1402 3026 1454 ad
3071 1417 3294 1455 sensum
3351 1413 3498 1456 recte
3542 1402 3840 1455 tenendum

2245 1492 2538 1548 identidem
2572 1493 2932 1562 objiciuntur.
2958 1493 3079 1559 Quo
3107 1493 3311 1545 factum
3336 1502 3420 1546 est
3477 1500 3534 1545 ttt
3575 1493 3640 1545 ad
3668 1508 3840 1545 unutn

2243 1600 2437 1639 omnes
2485 1586 2715 1638 istorum
2769 1584 3086 1639 Graecorum
3132 1583 3479 1653 interpretes,
3526 1586 3657 1638 dum
3701 1600 3844 1653 prae-

2244 1677 2451 1741 fantur,
2496 1677 2695 1730 bonatu
2739 1691 2769 1728 a
2818 1675 3117 1729 lectoribus
3155 1684 3449 1743 precentur
3490 1675 3727 1737 veniant,
3780 1683 3843 1729 ut

2242 1769 2345 1825 sibi
2390 1768 2783 1839 παροράματα,
2812 1766 2867 1821 in
2899 1783 3020 1837 qua:
3043 1782 3140 1836 pro
3181 1766 3569 1820 vertendorum
3604 1782 3840 1836 Operum

546 1874 1016 1939 tiamincundam,
1049 1873 1405 1927 viribuslicet
1430 1869 1752 1939 imparibus,
1772 1866 2131 1919 contendere.
2170 1855 2211 1911 Β
2241 1861 2557 1916 dilIicultate
2600 1860 2914 1925 inciderint,
2968 1860 3199 1913 libenter
3254 1858 3561 1928 ignoscant.
3605 1860 3842 1913 Accedit

543 1962 798 2019 Profecto
839 1965 940 2019 hac
977 1968 1029 2018 in
1063 1981 1120 2018 re
1146 1964 1273 2017 illud
1295 1977 1395 2031 ego
1420 1960 1706 2015 censilium
1729 1965 1950 2013 secutus
1986 1971 2131 2019 sum,

544 2056 693 2123 quod
732 2054 951 2124 plurimi
992 2056 1104 2123 jam
1147 2056 1355 2122 pridem
1388 2053 1689 2120 scriptorcs
1738 2055 2132 2116 susceperant;

547 2152 609 2195 ut
641 2144 854 2197 scilicet
884 2160 1051 2212 quam
1087 2142 1453 2197 celebritatem
1494 2140 1710 2194 libellus
1740 2155 1897 2193 mens
1921 2156 1985 2192 ex
2015 2138 2135 2191 edi-

546 2235 682 2289 toris
719 2237 915 2288 merito
958 2251 1064 2288 non
1109 2246 1294 2304 posset
1347 2235 1451 2287 sibi
1497 2234 1812 2296 vindicare,
1862 2232 2003 2285 hanc
2040 2244 2137 2301 per

542 2324 724 2379 Photii
756 2343 952 2381 nomen
984 2328 1273 2396 acquirere
1301 2326 1597 2379 rideretur.

615 2421 904 2474 Postremo
936 2421 985 2475 id
1019 2421 1275 2485 accessit,
1307 2420 1358 2473 in
1389 2434 1519 2489 quo,
1567 2416 1787 2472 tametsi
1816 2416 1973 2471 multi
2006 2431 2138 2486 pue-

544 2513 701 2565 rilem
743 2514 1037 2581 quamdam
1066 2515 1304 2567 sentient
1334 2512 1640 2576 levitatem;
1695 2520 1751 2563 tu
1793 2520 1999 2573 tamen,
2056 2509 2135 2561 le-

542 2615 665 2659 ctor
694 2605 1112 2667 humanissime,
1148 2604 1241 2674 qui
1276 2604 1556 2658 hominum
1581 2610 1815 2655 mentem
1847 2601 2138 2656 levissimis

543 2698 818 2752 interdum
865 2699 1171 2771 rationibus
1216 2698 1445 2755 moveri.
1492 2712 1557 2750 ac
1584 2696 1792 2750 versari
1834 2709 1941 2748 non
1975 2695 2139 2749 dubi-

547 2797 653 2853 tas,
672 2798 882 2841 tantum
908 2788 1096 2856 utique
1120 2788 1377 2856 ponderis
1403 2800 1695 2854 agnosces,
1727 2794 1991 2852 quantum
2016 2782 2139 2835 ani-

542 2897 635 2935 mo
678 2882 933 2934 titubanti
969 2882 1034 2933 ad
1069 2879 1470 2934 decernendum
1516 2881 1649 2932 satis
1683 2892 1807 2931 esse
1846 2890 2139 2945 perspexe-

543 2976 641 3029 ris.
671 2972 825 3028 Nosti
861 2972 1121 3027 nimirum
1167 2972 1231 3026 ad
1284 2972 1612 3041 praclarum
1660 2970 1789 3022 illud
1827 2967 2010 3023 Photii
2041 2968 2138 3019 Φι-

541 3065 879 3135 λοτέχνημα,
914 3066 1060 3134 quod
1098 3063 1490 3134 Μυριόὸιὸλον,
1534 3078 1631 3117 seu
1676 3060 2011 3115 Bibliotheca
2055 3060 2140 3113 itt-

541 3159 825 3224 scribitur,
870 3157 1368 3226 interpretandum,
1404 3164 1528 3225 post
1556 3154 1803 3209 Graacam
1830 3150 2135 3207 {locst-lieni

539 3249 836 3305 editionem
898 3249 1132 3303 alterum
1206 3248 1454 3303 Scottum
1501 3246 1724 3317 optimis
1759 3246 2024 3316 auspiciis
2057 3246 2141 3299 in-

540 3344 799 3398 cubuisse
833 3340 946 3413 (10)
983 3356 995 3394 ;
1030 3349 1206 3395 necte
1233 3341 1391 3401 fallit,
1425 3355 1589 3409 quam
1642 3340 1779 3393 bene
1819 3353 1882 3392 ea
1928 3349 2140 3407 tempe-

543 3447 689 3491 state
716 3437 768 3489 in
816 3434 1070 3488 ΦΩΤΙΟΥ
1119 3450 1185 3489 ac
1212 3432 1537 3487 ΣΚΟῚἽὈΥ
1566 3431 1885 3486 nominibus
1912 3430 2145 3483 luserint

548 3529 748 3583 eruditi
788 3528 925 3599 (11).
957 3527 1093 3581 Cum
1124 3528 1305 3595 itaque
1338 3529 1453 3580 hinc
1482 3541 1583 3595 ego
1606 3541 1831 3594 quoque
1858 3536 2142 3593 perspecta

557 3623 843 3685 haberem,
892 3622 946 3673 in
985 3620 1234 3673 eamdem
1272 3634 1495 3671 arenam
1535 3618 1669 3671 mihi
1700 3618 2141 3670 descendendum

548 3715 776 3784 putavi;
817 3722 871 3766 et
908 3720 1058 3766 certe
1112 3711 1399 3763 universas
1450 3707 1765 3777 ltnjnsmodi
1807 3706 2081 3761 Diatribas
2113 3724 2144 3761 e

544 3804 817 3859 Vaticano
847 3804 1039 3858 codice
1080 3803 1390 3871 exscriptus
1425 3799 1572 3854 faciti
1609 3801 1828 3870 negotio
1873 3800 2144 3854 obtinuis-

545 3913 685 3962 scm,
740 3896 1216 3965 prodidisscmque
1276 3894 1332 3947 iIt
1390 3893 1593 3955 lucem,
1648 3893 1755 3945 nisi
1820 3890 1962 3946 votis
2004 3891 2142 3947 meis

545 3990 715 4042 multa
746 3999 793 4041 et
816 3988 1003 4057 gravia
1032 3985 1380 4039 obstitissent
1412 3985 1825 4053 impedimenta.

618 4077 713 4131 lla-
747 4090 929 4133 autent
976 4077 1335 4147 quaestiones,
1370 4086 1430 4129 ut
1457 4076 1509 4129 in
1539 4074 1795 4130 Latinutn
1834 4092 2141 4131 sermonem

548 4169 1001 4232 transferrentur,
1032 4179 1301 4239 quantum
1359 4168 1653 4222 habuerint
1694 4168 2036 4223 dillicultatis
2078 4185 2143 4222 ac

544 4261 773 4325 laboris,
808 4260 885 4312 illi
914 4260 1104 4329 utique
1136 4259 1489 4329 perspicient,
1524 4258 1618 4327 qui
1670 4258 1821 4327 ipsas
1869 4274 1974 4310 non
2015 4272 2143 4326 rap-

547 4367 665 4423 t.m,
697 4354 790 4409 scd
815 4364 1020 4408 attente
1046 4354 1265 4423 legent;
1300 4368 1402 4407 nec
1433 4356 1625 4421 quales
1644 4363 1768 4422 post
1800 4364 2041 4421 apertam
2072 4350 2144 4405 ad

545 4463 772 4501 sensum
802 4451 944 4498 viam
973 4446 1284 4509 videantur,
1315 4446 1411 4499 sed
1444 4444 1636 4515 quales
1664 4445 1889 4510 fuerint,
1917 4446 2046 4498 dum
2079 4460 2142 4497 ca

2240 1956 2387 2025 quod
2435 1953 2667 2008 Photius
2702 1954 2754 2007 in
2786 1952 3038 2023 epistola,
3073 1968 3237 2022 quam
3273 1968 3399 2006 cum
3435 1953 3586 2006 hisce
3621 1952 3842 2007 Disser-

2240 2048 2541 2102 tationibus
2579 2046 2648 2101 ad
2694 2046 3137 2115 Amphilochium
3186 2046 3371 2110 mittit,
3420 2047 3535 2115 ipse
3598 2047 3839 2117 ingenue

2242 2139 2446 2193 fatetur
2497 2154 2557 2193 se
2605 2154 2707 2189 non
2752 2138 3084 2191 elaboratam
3133 2137 3474 2204 locutionem,
3534 2141 3624 2192 sed
3682 2139 3840 2192 obvia

2237 2249 2457 2304 qua'que
2511 2231 2764 2285 vocabula
2822 2232 3137 2285 adhibuisse
3186 2232 3298 2301 (l2)
3370 2250 3385 2285 :
3457 2244 3517 2285 ut
3585 2232 3843 2288 fortassis

2238 2328 2433 2381 inInIat
2478 2335 2798 2378 accuratam
2846 2342 2904 2379 se
2966 2325 3269 2392 neglexisse
3316 2324 3633 2387 dictionem,
3670 2337 3843 2396 atque

2239 2417 2377 2471 adeo
2404 2416 2701 2471 lectoribus
2728 2417 2853 2486 plus
2905 2416 3111 2470 laboris
3169 2416 3455 2487 reliquisse
3512 2417 3841 2488 impenden-

2242 2510 2312 2562 du
2325 2525 2397 2561 III.

2312 2603 2446 2666 Quae
2495 2617 2621 2656 cum
2672 2601 2743 2655 ita
2782 2616 2841 2656 se
2886 2599 3139 2667 habeant,
3195 2601 3473 2656 nonnullis
3503 2602 3555 2656 iu
3589 2602 3749 2669 locis,
3781 2612 3843 2658 ut

2241 2692 2398 2748 Fabii
2437 2694 2619 2747 verbis
2656 2706 2800 2757 utar,
2846 2694 3317 2763 περιφραστικῶς,
3372 2712 3463 2748 seu
3505 2696 3748 2764 pluribus
3784 2698 3841 2751 id

2241 2788 2432 2850 verbis,
2474 2787 2613 2857 quod
2640 2803 2741 2839 uno
2784 2786 2864 2840 vel
2928 2788 3268 2855 paucioribus
3296 2789 3403 2840 dici
3427 2791 3709 2857 potuisset,
3746 2805 3842 2844 em-

2240 2881 2550 2949 plicandum
2585 2882 2769 2934 curavi
2808 2882 2941 2949 (l3).
2984 2881 3169 2951 Neque
3209 2882 3441 2948 hujusce
3487 2899 3575 2935 Inc
3617 2884 3841 2937 consilii

2242 2974 2507 3043 pmnitet;
2536 2991 2658 3029 sum
2700 2976 2845 3029 cnim
2880 2974 3045 3029 Tullii
3078 2978 3388 3045 exeniplum
3437 2986 3684 3043 secutus,
3738 2978 3837 3047 qui

2242 3083 2336 3119 nec
2370 3076 2568 3131 tamen,
2617 3068 2816 3136 inquit,
2859 3070 3085 3136 exprimi
3126 3071 3337 3121 verbum
3372 3084 3399 3122 e
3442 3072 3595 3122 verbo
3634 3086 3843 3123 necesse

2242 3161 2363 3221 erit,
2392 3170 2449 3211 ut
2480 3160 2793 3229 interpretes
2826 3162 3072 3214 indiserti
3105 3163 3310 3227 solent;
3338 3178 3458 3215 cum
3486 3164 3558 3215 sit
3602 3166 3839 3231 verbum,

2244 3250 2382 3319 quod
2420 3250 2554 3303 idem
2586 3252 2817 3305 declaret
2854 3254 3021 3321 magis
3088 3253 3324 3306 minusve
3358 3254 3639 3307 usitatum.
3672 3252 3843 3325 hqui-

2246 3348 2360 3397 dem
2392 3345 2534 3398 soleo
2568 3346 2754 3408 etiam,
2787 3346 2926 3414 quod
2959 3362 3062 3398 uno
3095 3346 3288 3412 Grieci,
3322 3349 3369 3400 si
3398 3347 3557 3400 aiiter
3582 3365 3686 3403 non
3720 3366 3843 3419 pos-

2244 3452 2384 3501 sum,
2411 3436 2551 3490 idem
2578 3437 2827 3505 plurimis
2858 3439 3025 3491 verbis
3057 3455 3313 3508 exponere
3341 3440 3477 3509 (14).
3506 3439 3697 3511 Itaque
3721 3459 3842 3497 ver-

2246 3530 2459 3583 sionem
2499 3530 2640 3583 κατὰ
2669 3530 2836 3597 λέξιν,
2910 3542 3099 3601 utpote
3128 3536 3310 3587 minus
3347 3546 3713 3604 opportunam
3755 3535 3844 3590 in~

2248 3620 2463 3673 terdum
2509 3621 2694 3689 rejcci,
2742 3632 2857 3675 tum
2903 3624 3032 3693 quia
3071 3624 3400 3679 Graecanica:
3437 3626 3637 3692 lingua:
3686 3627 3841 3697 inge-

2247 3714 2396 3766 nium
2440 3729 2469 3767 a
2503 3712 2697 3767 Latiali
2732 3716 3033 3769 abhorrere
3070 3716 3378 3781 videbatur,
3404 3728 3521 3771 tum
3551 3719 3680 3787 quia
3714 3735 3842 3790 per-

2253 3807 2535 3875 spicuitati
2568 3807 2767 3862 melius
2796 3809 3110 3874 consulere,
3159 3825 3225 3863 ac
3268 3810 3515 3865 molestis
3544 3811 3837 3865 verborum

2247 3900 2577 3971 ambagibus
2609 3900 2866 3956 lectorem
2902 3918 3008 3956 non
3059 3912 3314 3973 torquere
3359 3905 3494 3959 mihi
3538 3920 3843 3977 proposue-

2248 4010 2388 4048 ram.
2418 3994 2571 4049 Hanc
2593 3996 2762 4049 etiam
2786 3997 2857 4051 ob
2881 4012 3105 4051 causam
3137 4013 3537 4069 nonnunquam
3564 4002 3615 4053 in
3640 4004 3840 4056 verbo-

2246 4102 2367 4139 rum
2394 4088 2632 4151 delectu,
2668 4096 2723 4141 et
2760 4088 3143 4154 collocatione,
3193 4099 3251 4143 ut
3281 4090 3581 4159 planiorem
3614 4094 3842 4162 legenti-

2246 4180 2351 4235 bus
2411 4197 2635 4236 sensum
2698 4198 3066 4253 exponerem,
3132 4185 3202 4239 ab
3272 4186 3594 4257 incorrupta
3660 4188 3839 4243 Latini

2247 4277 2525 4329 sermonis
2552 4275 2865 4346 integritate
2899 4277 3152 4333 consulto
3193 4281 3397 4333 recessi
3431 4295 3443 4331 :
3473 4281 3744 4350 siquidem
3772 4284 3840 4337 ab

2247 4365 2567 4436 huiusmodi
2633 4369 2893 4437 operibus
2955 4386 3063 4424 non
3131 4371 3460 4427 elocutionis
3519 4373 3705 4439 flores,
3744 4378 3837 4431 sed

2246 4461 2539 4514 veritatem
2585 4459 2805 4517 fructus
2846 4472 3169 4532 exspectant
3216 4466 3436 4519 eruditi.
3480 4464 3547 4519 Et
3576 4467 3837 4522 nimirum

546 4541 928 4604 delitescebat,
968 4538 1261 4609 diligenter
1309 4543 1639 4608 expendunt.
1675 4538 2031 4608 Compertum
2062 4546 2139 4592 est

2248 4550 2506 4607 Clemens
2552 4554 2965 4610 Alexandrinus
3020 4567 3207 4625 aperte
3265 4561 3630 4628 protiteltatur
3673 4576 3733 4616 se
3784 4563 3835 4616 in

546 4636 695 4689 enim
748 4634 828 4687 vel
881 4633 1016 4702 ipsis
1066 4632 1510 4698 adolescentulis,
1541 4632 1635 4701 qui
1672 4629 1890 4685 Grato-as
1931 4633 2139 4685 litteras

546 4734 633 4783 vix
659 4745 689 4783 a
720 4728 909 4781 limine
946 4727 1279 4789 salutarunt,
1327 4735 1597 4796 quantum
1635 4726 1700 4779 ad
1737 4726 2131 4795 manuscripto~

548 4837 693 4886 rum,
724 4824 1117 4890 qUiBIIOIItlUIII
1145 4818 1322 4873 lucem
1367 4829 1724 4889 aspexerunt,
1789 4828 1995 4873 rectam
2060 4819 2137 4873 lc-

547 4916 783 4968 ctionem
804 4917 1153 4965 statuendam
1180 4909 1502 4964 insudentus
1531 4926 1544 4961 :
1569 4920 1836 4979 quantum
1857 4909 2019 4963 medii
2038 4909 2138 4963 arvi

619 5026 696 5100 (4)
728 5026 800 5080 De
832 5025 1087 5100 Ecclesia:
1134 5026 1319 5079 Occid.
1362 5033 1411 5079 et
1462 5022 1668 5079 Orient.
1707 5024 2047 5077 consensione
2099 5024 2135 5079 l.

549 5115 609 5161 Il,
632 5098 695 5151 ἰς.
729 5103 782 5160 ὓ,
820 5114 873 5163 p.
908 5098 1031 5151 576.

620 5168 696 5239 (5)
731 5166 795 5239 In
838 5167 1216 5237 Ampliiloc'ltii,
1242 5168 1469 5223 Andrea:
1494 5168 1782 5233 Cretensis,
1811 5176 1860 5222 et
1880 5164 2139 5220 Met/radii

549 5238 706 5308 Oper.
770 5238 1108 5309 Responsum
1166 5241 1235 5293 57
1287 5242 1385 5295 luit
1442 5242 1649 5293 editum
1715 5256 1836 5309 pag.
1895 5240 2021 5301 226,
2086 5252 2139 5293 et

548 5310 894 5434 Resp-on?qu
933 5310 1055 5374 125,
1084 5314 1137 5364 in
1167 5315 1377 5367 Asteria
1411 5312 1466 5367 in
1491 5326 1641 5367 catce
1669 5310 1734 5365 ν.
1756 5313 1998 5364 ductarii
2026 5309 2140 5364 Νο-

548 5396 666 5434 vum
700 5391 736 5433 t.
799 5422 813 5434 .

546 5396 666 5435 vum
700 5391 736 5433 ι.
777 5391 813 5434 Ι.

618 5454 696 5521 (ὓ)
731 5451 785 5504 In
825 5450 1085 5523 Catalogo
1130 5453 1460 5509 bibliotheca:
1494 5454 1838 5509 Coisliniana:
1866 5454 2139 5510 habentur

547 5532 786 5599 quatuor
836 5524 1161 5599 ΙιιιηῇιιειιιιιηϋΔ
1193 5541 1459 5599 responsa
1511 5527 1801 5599 diligenter
1860 5530 2028 5592 edita,
2081 5535 2136 5581 et

546 5594 916 5666 Lat_ine_vcr_sa
952 5612 1065 5665 pag.
1101 5597 1204 5649 546
1225 5594 1459 5666 θιίδυψ).

640 5663 694 5739 7)
737 5662 793 5716 In
819 5662 972 5718 Curis
1002 5662 1333 5737 p'ltilologicis
1383 5662 1433 5721 ct
1464 5670 1688 5734 criticis,
1732 5679 1863 5722 tom.
1910 5666 1974 5731 V,
2010 5684 2133 5739 pag.

546 5734 648 5815 51⁵51
674 5745 734 5815 .et
758 5751 915 5815 seqq.
950 5738 1047 5815 ubi
1068 5734 1493 5809 sunt'responsa
1525 5742 1649 5807 1‘23,
1682 5748 1779 5795 sed
1822 5734 2045 5805 nasus,
2082 5734 2137 5793 ut

546 5806 866 5876 plurimum,
904 5806 1175 5862 breviora.

2241 4640 2531 4695 scribendo
2571 4642 2896 4712 elegantiam
2965 4646 3104 4716 μήτε
3167 4647 3630 4719 μεμελετηκέναι,
3694 4653 3836 4722 μήτε

2244 4728 2731 4802 ὲπιτηδεύειν......
2788 4738 2915 4800 τοὺς
2939 4739 3048 4809 γὰρ
3105 4738 3214 4790 τῶν
3263 4739 3465 4805 λέξεων
3513 4743 3834 4812 ἐχομένους,

2241 4826 2336 4878 καὶ
2359 4843 2423 4879 πε
2434 4826 2489 4898 pl.
2512 4828 2685 4884 ταῦτα
2711 4831 3141 4903 ἀσχολουμένους
3166 4833 3532 4905 διαδιδράσκει
3564 4840 3632 4891 τὰ
3660 4840 3838 4911 πράγ-

2244 4937 2411 4989 ματα,
2452 4938 2612 4992 neque
2651 4924 2950 4992 affectasse,
2985 4943 3078 4979 nec
3122 4925 3289 4993 fuisse
3352 4940 3704 4986 sectatum...
3749 4950 3836 4988 eos

2294 5031 2391 5111 .(8)
2433 5031 2503 5116 γ’..
2539 5033 2833 5116 Syntagma
2899 5039 2962 5092 de
3019 5037 3480 5113 Engustrimytlto,
3535 5061 3655 5116 cap.
3687 5047 3720 5100 ‘2
3762 5047 3836 5103 De

2244 5098 2609 5178 Simeonibus',
2648 5098 2769 5178 pag.
2802 5110 2855 5163 5.

2316 5175 2389 5257 (9)
2437 5176 2681 5257 ρειὲιιδιο
2724 5175 3097 5257 Epistolarum
3149 5185 3480 5253 pontiﬁcum,
3534 5204 3654 5257 pag.
3682 5190 3753 5243 24
3780 5200 3835 5243 et

2427 5245 2501 5300 De
2552 5248 2677 5315 jure
2725 5245 3009 5307 ordinandi
3074 5245 3346 5309 ministros
3398 5245 3669 5327 Ecclesiie,
3706 5278 3829 5332 pag.

2277 5336 2364 5369 ao.

2277 5336 2364 5370 υἱ).

2313 5388 2424 5456 (10)
2464 5387 2599 5444 Vide
2625 5392 2919 5448 editionem
2954 5394 3197 5451 Coloniae
3228 5414 3319 5452 an.
3356 5400 3513 5454 1611.

2278 5460 2424 5545 ,(11)
2462 5458 2732 5545 ~.lamotius
2779 5469 3103 5545 praesertim,
3140 5484 3203 5522 ac
3233 5468 3642 5545 Pici-sentimus,
3695 5489 3836 5545 quos

2238 5531 2383 5610 vide,
2420 5534 2523 5610 nisi
2566 5535 2731 5602 piget,
2778 5531 2831 5591 in
2862 5535 3273 5610 Prolegomcnis
3305 5543 3371 5595 ad
3398 5531 3695 5599 editionem
3713 5531 3771 5600 in

2238 5603 2308 5655 do
2345 5601 2640 5658 laudatam.

2312 5674 2425 5748 illa)
2462 5673 2592 5748 \iide
2626 5677 2879 5748 paginam
2915 5679 2969 5733 5.

2312 5745 2429 5824 (lo)
2471 5743 2835 5824 lttstti._orat.
2870 5751 2964 5804 lib.
2996 5766 3116 5815 VIII,
3152 5768 3201 5807 c.
3230 5754 3283 5823 ὃ,
3310 5765 3365 5812 et
3396 5755 3491 5812 lib.
3534 5768 3691 5824 Ix,c.
3719 5758 3781 5815 2.

2308 5819 2422 5885 (14)
2460 5816 2532 5870 De
2564 5819 2785 5889 ﬁnibus,
2816 5822 2910 5877 lib.
2938 5837 3020 5889 III,
3045 5839 3094 5879 c.
3121 5824 3209 5881 15.
