4134 6454
301 377 371 439 29
1639 368 2234 429 PROLEGOMENA.
3508 377 3584 439 30

299 493 458 550 unm,
498 485 588 550 qui
619 501 651 538 a
684 483 1006 538 dictionibus
1044 483 1292 551 pendent,
1341 492 1390 537 ct
1429 483 1485 536 in
1511 484 1578 538 iis
1619 499 1888 553 occupan-
1919 495 1962 546 Α
1995 483 2067 535 ibi
2105 489 2254 548 situt,
2293 493 2351 535 nt
2379 481 2498 552 ipsa
2538 484 2714 551 capita
2751 493 3160 542 recenseantur.
3197 486 3268 541 At
3299 502 3399 558 ego
3430 530 3446 556 ,
3477 491 3584 544 nisi

301 592 406 638 tur.
441 581 573 648 ipsa:
606 593 687 631 res
728 577 990 647 effugiunt
1031 575 1168 646 (15).
1217 575 1358 629 Alibi
1406 590 1629 646 quoque
1670 575 1788 645 ipse
1831 575 1895 629 de

300 688 378 738 se,
422 670 598 742 Ἐμοὶ,
633 669 831 739 inquit,
864 669 1154 739 πρόκειται
1191 666 1522 736 εὐγλωττίαν
1565 668 1777 739 μήποτε
1803 667 1902 736 ζη⁸

299 765 518 829 λοῦντα,
542 763 835 835 ἀρκεῖσθαι
861 765 1010 834 μόνῳ
1043 762 1122 832 τῷ
1156 760 1468 826 αἰνίξασθαι
1498 761 1558 814 τὸ
1583 761 1895 828 νοούμενονο

299 859 468 929 ὁποίῳ
501 857 558 910 δὲ
590 859 814 927 ὀνόματι
847 856 1107 928 δηλοῦται
1142 857 1322 918 τοῦτο,
1361 857 1499 926 ὅπερ
1541 853 1897 926 παραστῆσαι

303 951 584 1022 βούλομαι,
637 949 798 1004 οὐθέν
841 967 932 1020 μοι
981 949 1156 1020 μέλει.
1230 948 1364 1002 Mihi
1443 950 1769 1016 propositum
1820 955 1898 1000 est

299 1053 358 1096 ut
401 1043 754 1096 elocutionem
786 1059 1056 1112 nunquam
1089 1042 1346 1110 affectans
1405 1051 1681 1094 contentus
1705 1043 1826 1104 sint,
1851 1039 1897 1093 si

299 1132 587 1200 cogitatum
630 1149 804 1185 meum
837 1133 1100 1185 declarent
1119 1148 1139 1198 ;
1173 1148 1409 1202 quanam
1442 1148 1558 1184 vero
1607 1132 1751 1185 istud
1780 1148 1899 1186 voce

297 1223 610 1292 explicetur,
634 1225 775 1292 quod
793 1239 1050 1292 exponere
1073 1225 1212 1286 volo,
1247 1222 1378 1276 nihil
1398 1240 1512 1276 mea
1531 1225 1745 1278 interest
1761 1225 1896 1296 (Hi).

297 1315 454 1380 Quod
512 1325 694 1369 autem
727 1316 900 1386 stylus
932 1317 1278 1385 potissimum
1312 1317 1365 1370 in
1397 1317 1658 1371 curandis
1687 1318 1897 1371 versio-

300 1408 468 1462 nibus
506 1407 574 1460 ad
621 1407 940 1472 huiusmodi
983 1411 1226 1476 regulam
1273 1410 1596 1479 dirigendus
1645 1409 1737 1476 sit,
1777 1408 1898 1465 fuse

296 1499 483 1554 docuit
531 1498 594 1552 Ι).
631 1499 999 1570 Hieronymus
1025 1499 1162 1570 (l7).

367 1589 481 1645 Nec
519 1593 703 1646 minus
741 1591 974 1648 fortasse
1009 1591 1219 1662 profuit
1247 1591 1630 1664 παρενοέσεις,
1669 1607 1794 1662 quae
1839 1591 1893 1646 in

298 1681 636 1754 abtoypdstp
669 1682 921 1751 deerant,
971 1699 1074 1754 pro
1120 1700 1180 1739 re
1218 1695 1348 1738 nata
1379 1685 1709 1763 interserere
1736 1725 1750 1750 ,
1792 1700 1893 1740 nec

298 1793 404 1832 non
454 1786 513 1832 et
565 1777 731 1832 verba
777 1793 1063 1833 sacrarum
1135 1777 1492 1845 Litterarum,
1550 1778 1898 1848 aliorumque

299 1871 655 1940 scriptorum,
699 1869 816 1924 sive
847 1869 1117 1942 ἀκριϐῶς,
1154 1871 1270 1926 sive
1302 1870 1767 1942 μεταφραστικῶς
1795 1872 1896 1925 ad-

299 1961 460 2014 ducta
505 1963 738 2025 cursivo,
794 1969 854 2015 ut
906 1962 1082 2028 aiunt,
1128 1965 1450 2018 charactere
1496 1965 1813 2019 exscribere
1873 1981 1888 2019 :

301 2049 404 2103 hoc
429 2049 602 2116 enim,
631 2049 777 2118 quod
823 2050 954 2102 mihi
991 2065 1100 2104 non
1136 2052 1368 2106 multum
1418 2053 1617 2123 negotii
1641 2053 1888 2119 faceSsit,

301 2139 537 2196 fortasse
585 2141 788 2195 alicubi
832 2141 1026 2197 lectori
1079 2146 1187 2198 erit
1238 2144 1578 2213 adiumento.
1625 2143 1894 2201 Praeterea

301 2235 396 2289 abs
430 2250 492 2288 re
529 2249 638 2289 non
675 2236 806 2289 duxi
844 2235 985 2302 loca,
1033 2237 1178 2291 unde
1229 2237 1344 2307 ipsa
1389 2240 1554 2293 verba
1604 2238 1894 2307 desumpta

301 2339 446 2390 sunt,
482 2327 540 2381 in
571 2327 677 2380 ima
711 2329 924 2398 paginae
945 2342 1043 2382 ora
1070 2328 1317 2384 indicare
1346 2349 1359 2384 :
1397 2345 1462 2384 ac
1492 2330 1738 2400 denique
1765 2346 1893 2386 ver-

300 2423 513 2477 sionem
551 2418 694 2475 I.XX
726 2420 1009 2475 seniorum
1038 2437 1069 2474 a
1098 2419 1299 2476 Photio
1329 2422 1578 2489 allatam,
1604 2439 1731 2478 cum
1789 2439 1894 2479 no-

305 2525 416 2567 stra
438 2513 692 2583 Vulgata,
727 2527 894 2583 quam
919 2513 1037 2581 tibi,
1073 2513 1268 2581 lector,
1303 2513 1717 2570 fainiliariorem
1742 2532 1890 2586 reor,

299 2618 682 2660 commutare:
711 2607 902 2675 paucis
939 2615 1150 2662 tantum
1185 2609 1433 2678 exceptis
1482 2609 1637 2673 locis,
1675 2609 1730 2664 in
1767 2611 1895 2680 qui-

299 2700 421 2765 bus,
455 2703 532 2754 uti
565 2699 936 2767 manebimus,
985 2701 1255 2757 orationis
1282 2711 1574 2757 contextus
1600 2704 1886 2759 adversari

302 2795 602 2848 videbatur.

371 2888 543 2942 Ρωϊυ
589 2904 694 2958 ego
751 2899 1018 2958 punctum
1075 2887 1232 2954 illud,
1278 2889 1425 2959 quod
1475 2888 1638 2957 ﬁnale
1676 2897 1895 2954 vocant,

298 2990 510 3050 quoties
537 2981 837 3050 perfectus,
878 2983 1300 3052 contpletusque
1327 2980 1621 3035 verborum
1655 2982 1897 3036 ambitus

301 3073 566 3128 absoluta:
594 3075 849 3146 περιόδου
878 3077 1096 3146 signum
1133 3075 1470 3145 postulabat,
1505 3090 1628 3130 meo
1653 3075 1778 3145 jure
1808 3075 1895 3128 in-

301 3169 518 3239 terjeci;
569 3170 720 3241 quod
773 3171 997 3241 quidem
1048 3186 1158 3225 non
1210 3171 1381 3225 semel
1429 3170 1704 3241 agendum
1758 3169 1893 3224 mihi

2002 575 2182 640 fallor,
2230 575 2283 628 in
2333 576 2656 631 minutiores
2695 577 2882 646 utique
2932 588 3116 648 partes
3160 588 3331 635 totam
3379 583 3585 637 oratio-

2002 683 2125 722 nem
2178 666 2434 722 distribui
2480 685 2494 722 :
2535 684 2699 738 quam
2732 669 3132 724 institutionem
3166 670 3281 741 jam
3322 689 3492 743 usque
3517 674 3586 728 ab

1999 761 2228 816 exordio
2256 772 2593 830 susceptam,
2618 772 3056 816 consentaneum
3088 762 3190 818 fuit
3218 765 3301 819 vel
3329 765 3383 818 in
3411 783 3583 835 nuper

2001 863 2304 908 menmrato
2345 852 2648 924 fragmento
2701 856 2994 924 persequi;
3045 869 3208 924 atque
3257 858 3393 912 adeo
3437 861 3583 930 quod

2001 959 2108 997 uno
2158 942 2404 997 Vaticani
2457 943 2665 998 codicis
2718 945 2897 1014 capite
2937 947 3275 1013 centinetur,
3331 949 3382 1002 id
3434 966 3580 1019 saepe

2000 1033 2218 1087 duobus
2238 1033 2292 1086 in
2311 1043 2500 1088 nostra
2521 1033 2762 1087 editione
2794 1035 3080 1104 eripiendis
3106 1037 3578 1094 accommodatur.

1999 1123 2221 1178 Scilicet
2257 1139 2582 1194 persuasum
2617 1135 2702 1179 est
2749 1126 2881 1179 mihi
2932 1142 3053 1180 eam
3102 1128 3437 1198 voluptatem
3491 1147 3585 1199 per

2000 1216 2314 1284 hujusmodi
2377 1217 2652 1286 κεφάλαια
2695 1219 3000 1274 lectoribus
3044 1222 3350 1288 conciliari,
3419 1240 3584 1294 quam

2001 1323 2096 1377 per
2121 1309 2328 1378 lapides
2359 1309 2615 1363 milliaria
2645 1319 2899 1367 notantes
2930 1313 3214 1384 percipere
3246 1316 3424 1370 solent
3467 1317 3588 1370 via-

2000 1411 2145 1457 tores
2177 1400 2313 1472 (18).
3190 1409 3194 1413 ’

2069 1490 2190 1546 Jam
2211 1508 2340 1547 vero
2363 1491 2625 1563 quidquid
2659 1492 3018 1559 Coisliniano,
3051 1493 3399 1564 Taurinensi,
3437 1496 3590 1552 Vati-

2000 1601 2163 1648 cano,
2205 1601 2271 1640 ac
2322 1585 2626 1641 Barberino
2674 1603 2811 1642 mss.
2845 1599 3130 1658 acceptum
3179 1591 3489 1654 referimus.
3531 1593 3589 1645 in

1998 1679 2204 1734 notulis
2234 1695 2335 1734 suo
2363 1679 2484 1734 loco
2511 1679 2771 1746 subjectis
2799 1679 3205 1750 proﬁtehimur.
3235 1682 3308 1736 At
3333 1684 3442 1738 duo
3465 1683 3590 1753 qui;

2001 1773 2122 1827 dem
2159 1774 2341 1842 priora
2366 1773 2686 1828 studuimus
2719 1775 2786 1828 de
2821 1774 2928 1828 illis
2955 1776 3337 1830 tantummodo
3365 1777 3588 1830 dubita-

1931 1870 1972 1924 Β
2001 1866 2244 1921 tionibus
2280 1868 2599 1932 consulere,
2625 1883 2764 1938 quas
2811 1869 2969 1924 nobis
3012 1869 3170 1939 primi
3220 1871 3590 1940 quaestionum

2001 1978 2192 2017 versus
2232 1963 2571 2028 attulerunt;
2617 1979 2744 2016 cum
2803 1963 2905 2018 hos
2957 1963 3225 2017 duntaxat
3272 1963 3590 2020 Bernardtts

1996 2056 2442 2111 Montl‘auconius
2474 2055 2608 2126 (19),
2642 2072 2705 2110 ac
2725 2053 3002 2126 Josephus
3023 2054 3281 2112 Pasinius
3324 2055 3436 2127 (20)
3473 2057 3592 2112 edi-

1996 2148 2180 2202 derint
2217 2162 2232 2200 :
2280 2146 2582 2215 posteriora
2620 2155 2803 2199 autem
2839 2147 2892 2199 in
2928 2145 3142 2201 caeteris
3175 2145 3592 2200 diﬁicultatibus

2002 2238 2205 2291 mirum
2243 2245 2511 2307 quantum
2552 2235 2964 2304 nosjuverunt;
3003 2236 3274 2306 siquidem
3315 2236 3416 2291 viri
3449 2249 3592 2306 prae-

1997 2329 2294 2384 clarissimi
2335 2345 2510 2396 aeque,
2559 2339 2722 2396 atque
2783 2328 3174 2384 humanissimi
3225 2329 3593 2400 Hieronymus

1996 2421 2248 2476 Amatius
2276 2419 2548 2476 Vaticana:
2590 2421 2928 2476 bibliothecae
2965 2423 3224 2492 scriptor,
3271 2432 3323 2476 et
3363 2419 3582 2476 Joachi-

1997 2531 2120 2569 ntus
2162 2513 2256 2568 Pla
2295 2512 2606 2569 Bal'bCI‘ilt'd:
2633 2514 2920 2584 praefectus
2963 2531 3045 2581 ea,
3079 2531 3200 2584 quae
3231 2516 3298 2570 ad
3330 2515 3580 2570 lectionis

1997 2608 2460 2674 emendationem,
2489 2618 2596 2676 aut
2642 2609 3105 2678 complementum
3147 2609 3175 2660 ὁ
3200 2608 3342 2661 πάνυ
3368 2607 3597 2662 Andre-

1997 2700 2112 2754 sius
2175 2702 2570 2770 postulaverat,
2651 2717 2773 2757 cum
2837 2718 2903 2756 eo
2971 2718 3186 2756 summa
3259 2701 3595 2771 benignitate

1999 2799 2504 2851 cornmunirarunt.
2563 2795 2834 2851 Caeterum
2899 2796 2990 2850 ubi
3050 2795 3313 2866 σφάλμα,
3366 2795 3597 2865 ejusque

2000 2888 2282 2960 διὸροωμα
2321 2887 2468 2943 facili
2516 2889 2734 2959 negotio
2781 2889 3060 2958 patebant,
3097 2896 3190 2941 aut
3233 2888 3300 2941 ad
3333 2887 3591 2942 lacunam

1998 2982 2323 3051 explendam
2370 2997 2568 3036 sensus
2597 2997 2698 3049 .me
2745 2994 2893 3036 recte
2935 2980 3202 3046 ducebat;
3245 2979 3597 3036 nolui-viros

1999 3072 2137 3126 adeo
2175 3072 2506 3141 conspicuos
2535 3088 2633 3142 pro
2677 3088 2734 3126 re
2771 3074 2920 3142 parvi
2959 3072 3219 3126 momenti
3258 3071 3583 3135 obtundere.

2002 3166 2097 3221 sed
2138 3166 2407 3220 medicam
2447 3166 2562 3234 ipse
2594 3181 2816 3220 manum
2859 3167 3034 3220 codici
3073 3166 3314 3226 admovi.
3351 3175 3510 3236 atque
3542 3165 3596 3220 id

300 3259 423 3330 fuit,
453 3277 582 3317 cum
631 3263 688 3318 in
729 3261 922 3317 codice
952 3270 1169 3327 nostro,
1201 3261 1280 3315 uti
1322 3271 1376 3316 et
1407 3261 1462 3315 in
1495 3261 1710 3316 caeteris
1753 3259 1902 3329 ejus-
1929 3251 1974 3313 C
2007 3257 2073 3312 de
2101 3274 2222 3312 meo
2257 3259 2494 3320 restitui,
2518 3260 2664 3328 quod
2691 3269 2743 3312 et
2775 3259 2828 3312 in
2871 3259 3081 3329 paginae
3110 3259 3264 3313 calce
3296 3259 3597 3312 indicatum

299 3356 416 3412 dem
451 3356 650 3422 aetatis,
700 3370 825 3409 rara
863 3354 1167 3409 admodum
1199 3355 1357 3423 signa
1400 3352 1777 3409 distinctionis
1807 3367 1903 3406 oe-

299 3458 544 3502 currant.
580 3447 724 3513 Quin
747 3447 916 3500 etiam
949 3445 1372 3500 dissertationes
1399 3444 1645 3514 singulas
1674 3443 1728 3498 in
1749 3458 1902 3514 quae-

300 3545 421 3598 dam
455 3543 623 3598 veluti
675 3543 924 3613 capitula
972 3541 1368 3611 dispescendas
1417 3539 1640 3604 curavi;
1677 3547 1792 3594 tum
1833 3553 1902 3593 ne

298 3638 544 3692 diversas
578 3634 761 3690 Photii
788 3634 1327 3695 animadversiones,
1367 3632 1900 3688 commentationes-

299 3745 402 3799 que
436 3729 600 3784 unica
626 3729 896 3800 συνεπείᾳ
938 3727 1195 3799 legendas
1235 3741 1635 3796 proponerent;
1679 3735 1794 3778 tum
1831 3737 1901 3778 ne

299 3823 581 3894 iniparitas
615 3825 757 3894 ipsa,
785 3838 910 3893 quae
943 3821 1087 3877 inter
1118 3829 1305 3875 textus
1366 3834 1433 3874 ac
1468 3819 1742 3874 versionis
1765 3832 1896 3889 pro-

297 3916 562 3972 lixitatem
589 3916 913 3987 plerumque
963 3914 1274 3977 intercedit,
1312 3922 1425 3968 tota
1473 3911 1528 3966 in
1575 3911 1894 3966 earumdem

299 4010 754 4066 dissertationum
807 4010 1105 4064 terminum
1154 4008 1514 4077 rejiceretur,
1563 4015 1728 4076 atque
1761 4006 1893 4060 illud

301 4107 483 4161 nescio
521 4106 655 4176 quid
693 4105 959 4160 abnorme
994 4103 1327 4160 intuentium
1370 4101 1565 4158 oculos
1597 4110 1782 4170 posset
1808 4098 1894 4152 of-

301 4198 539 4252 fendere.
599 4196 712 4252 Hos
774 4205 958 4252 autem
1015 4195 1440 4269 διαμερισμοὺς,
1491 4192 1694 4263 quibus
1741 4198 1894 4246 caret

301 4277 572 4357 nostrum,
613 4289 668 4344 in
703 4289 973 4345 Vaticano
999 4305 1128 4354 ms.,
1161 4287 1307 4342 unde
1343 4299 1598 4354 magnam
1631 4281 1892 4353 quaestio-

300 4383 381 4437 nis
409 4383 478 4438 53
511 4391 720 4454 partem
744 4382 1108 4446 obtinuimus,
1135 4381 1240 4435 rite
1268 4393 1370 4449 ego
1400 4386 1650 4433 servatos
1676 4374 1890 4444 reperi;

301 4485 408 4534 imo
445 4491 592 4534 notae
636 4477 889 4549 quaedam
937 4475 1234 4531 numericae
1275 4473 1330 4528 in
1369 4469 1620 4541 margine
1665 4467 1898 4539 appictae

2004 3352 2334 3421 conspicies.
2366 3353 2518 3407 Alias
2547 3353 2743 3408 deinde
2780 3364 2940 3407 notas
2976 3352 3236 3421 reperies,
3279 3361 3333 3407 et
3359 3351 3600 3406 fortasse

2003 3460 2110 3498 non
2145 3444 2512 3514 importnitas,
2542 3445 2745 3513 quibus
2771 3444 2976 3512 aliquid
3004 3446 3070 3497 de
3105 3443 3374 3496 Photiana
3452 3458 3601 3510 quae-

2003 3540 2204 3596 stionis
2224 3539 2501 3595 solutione
2529 3539 2820 3602 disserant,
2854 3548 2907 3592 et
2946 3538 3076 3605 quid
3107 3537 3392 3592 catholij
3417 3535 3602 3590 Eceie~

2002 3631 2097 3686 siae
2130 3631 2366 3700 δόγμασι
2398 3641 2684 3701 repugnet,
2716 3631 2848 3700 quid
2885 3631 3150 3684 adversus
3176 3638 3453 3682 novatore:
3494 3644 3596 3682 no-

2002 3725 2088 3779 bis
2116 3723 2379 3793 prodesse
2404 3723 2600 3793 possit,
2642 3724 2773 3793 quid
2811 3723 3050 3792 denique
3081 3719 3384 3793 ὀρθοδόξων
3421 3722 3599 3792 scrip-

1999 3828 2186 3874 torum
2220 3819 2376 3873 scitis
2401 3817 2750 3887 suffragetur,
2779 3832 2874 3884 ea,
2924 3831 3034 3887 qua
3061 3831 3162 3887 par
3182 3816 3290 3871 erit
3331 3815 3603 3872 brevitate

2001 3909 2318 3986 expediam.

2073 3999 2351 4071 Quidquid
2388 4007 2569 4054 autem
2603 4000 2705 4054 hac
2739 3998 2805 4053 de
2839 4014 2897 4052 re
2924 3998 3015 4065 sit,
3059 4015 3079 4050 ι
3119 3997 3275 4066 Quod
3307 3997 3445 4065 dixi,
3485 4017 3504 4049 ι
3544 4007 3598 4052 ιιι

2000 4096 2063 4150 D.
2099 4095 2362 4151 Bel-nardi
2391 4094 2571 4149 verbis
2622 4103 2765 4157 utar,
2805 4111 2823 4143 ι
2861 4093 3070 4162 absque
3095 4091 3414 4162 pra-judicio
3467 4107 3602 4145 sane

1998 4188 2144 4242 dicta
2201 4186 2314 4240 sint
2355 4184 2547 4240 sanius
2632 4184 2920 4254 sapientis.
2981 4181 3244 4238 Romana
3299 4184 3600 4254 praesertim

2002 4279 2262 4334 Ecclesiae
2289 4277 2625 4342 auctoritati,
2655 4286 2817 4347 atque
2850 4277 3090 4332 examini
3139 4285 3315 4332 totum
3356 4278 3598 4332 hoc......

2001 4387 2255 4438 reservo;
2291 4371 2487 4441 ipsius,
2535 4371 2579 4426 si
2622 4371 2753 4441 quid
2795 4371 2953 4426 aliter
2989 4370 3166 4444 sapio,
3200 4380 3427 4443 paratus
3456 4371 3604 4442 judi-

2003 4470 2090 4520 cio
2115 4464 2406 4519 emendare
2453 4462 2591 4534 (21).
2633 4481 2653 4516 ι

1917 4625 2026 4688 1V.

417 4765 899 4832 CARDINALIS
971 4762 1269 4825 ANGELI
1329 4761 1482 4824 MAI
1548 4755 1895 4820 PRJEFATL

2041 4753 2121 4814 IN
2167 4752 2698 4827 QUASSTIONES
2758 4749 3484 4814 AMPHILOCHIANAS

650 4873 922 4935 PHOTII
959 4865 1500 4932 PATRIARCHJE
1543 4861 1752 4940 QUAS
1797 4859 2094 4922 PRIMUS
2135 4858 2417 4918 EDIDIT
2469 4857 2548 4918 IN
2581 4856 2812 4919 IVOL.
2862 4856 3158 4918 SCRIPT.

942 4975 1126 5038 \"ET.
1160 4972 1386 5036 NOVA
1418 4970 1648 5033 COLL.
1683 4963 1876 5029 VAT.

1998 4966 2058 5027 δί.
2097 4964 2253 5027 1825
2289 4966 2387 5026 ΕΤ
2417 4965 2692 5026 DENUO
2738 4963 2916 5025 1831.

361 5240 404 5296 Ι.
448 5238 630 5296 Codex
659 5238 779 5294 Vat.
812 5236 1299 5302 Amphilochiorum
1331 5231 1530 5286 Photii.
1556 5228 1898 5296 Quaestioues

298 5334 769 5406 Amphilochiana:
847 5341 1060 5387 tantam
1141 5327 1534 5400 propemodum
1593 5323 1648 5377 in
1720 5325 1896 5382 sacris

298 5428 472 5484 Photii
504 5427 748 5499 scriptis,
783 5435 1050 5497 quantam
1094 5421 1217 5493 ejus
1250 5419 1585 5475 Bibliotheca
1620 5416 1675 5470 in
1708 5416 1894 5486 profa-

367 5539 479 5605 (15)
517 5537 772 5602 Stromat,
800 5534 897 5590 lib.
931 5549 994 5597 ll,
1019 5549 1148 5605 pag.
1182 5529 1311 5586 265.

367 5602 480 5684 (tu)
517 5608 659 5684 _l_bi_d.
696 5609 860 5684 l_ih._t,
891 5602 1197 5684 pagi‘ilﬁ."
1431 5669 1480 5684 Η

399 5669 481 5750 ιτ)
517 5678 744 5744 Epistol.
764 5669 928 5750 Ᾱςξὲι
1057 5669 1604 5750 ad_!’amntacliitim.

399 5681 481 5750 l7)
517 5681 744 5744 Epistol.
777 5681 844 5730 49
875 5688 928 5731 et
955 5681 1022 5729 57
1057 5681 1122 5729 ad
1159 5681 1604 5727 l’ammacluum.

369 5681 482 5818 iis;
522 5750 581 5805 Id
605 5749 804 5804 cecinit
836 5746 1077 5802 Rutilius
1133 5741 1506 5799 Numatianus
1549 5738 1742 5795 I-tiner.
1793 5741 1890 5797 lib.

303 5833 365 5884 It,
393 5835 534 5875 νυιε.
562 5819 592 5872 7
622 5829 676 5874 et
714 5834 868 5890 seqq.

393 5835 534 5875 vws.
564 5835 590 5872 'l
622 5835 676 5874 et
714 5835 868 5944 seqq;
1295 5885 1305 5896 .
1368 5887 1379 5895 ν
1425 5883 1436 5894 ε

372 5890 482 5964 (19)
516 5890 804 5963 Catalogus
867 5886 1160 5945 ibliotheca'
1209 5884 1578 5951 Corslnuana',
1633 5898 1754 5956 pag.
1788 5884 1892 5940 59.8

2008 5231 2117 5296 nis,
2156 5230 2359 5284 famam
2389 5230 2662 5284 obtinent.
2703 5228 2928 5284 Primus
2960 5227 3105 5283 sacri
3142 5226 3325 5298 operis
3363 5226 3503 5296 (sive
3553 5227 3602 5280 id

2006 5322 2404 5394 Amphilochia,
2425 5322 2541 5378 sive
2564 5321 3036 5392 Atnpltilochianas
3064 5319 3394 5386 Quwstiones
3421 5315 3606 5374 dicere

2009 5415 2208 5488 mavis)
2240 5415 2496 5470 notitiam
2531 5414 2775 5485 vulgavit
2822 5413 2930 5468 Leo
2959 5412 3195 5469 Allatius
3230 5413 3308 5483 (l)
3370 5411 3609 5482 lisitqre

2003 5539 2512 5670 Cl(Sﬁigqllatalogua
2538 5595 2870 5653 bibliotheca
2908 5595 3276 5662 Taurinensis,
3313 5604 3354 5652 t.
3395 5592 3437 5660 l,
3479 5610 3604 5666 pag.

2000 5671 2390 5812 “(‘iie)l
2454 5737 2891 5812 ad-anonicosi
2921 5737 3321 5812 Lugdunenses,
3371 5753 3494 5812 quae
3523 5745 3608 5794 cst

2000 5809 2277 5882 i7i,rpag.
2316 5811 2417 5866 179
2443 5812 2572 5866 edit.
2610 5809 2789 5882 Paris,
2832 5809 3020 5882 i7l9.:
3389 5809 3408 5812 “
3499 5851 3502 5854 ,

2075 5881 2260 5956 (1)“οε
2295 5898 2444 5953 perp.
2470 5898 2614 5937 cons.
2643 5881 2709 5948 ll,
2735 5882 2792 5950 (ἲ,
2826 5899 2878 5952 p.
2913 5881 3040 5936 576.
