4134 6468
572 406 638 469 31
1742 398 1824 458 IN
1861 395 2389 457 AMPIIILOCHIA
2428 396 2693 456 PHOTII
3774 396 3844 463 32

572 500 715 589 opus
739 513 950 569 varium
988 520 1040 566 ct
1063 509 1351 581 multiplici
1384 508 1690 563 eruditione
1721 509 1962 579 plenum,
1997 510 2151 563 theov
2182 516 2231 573 Α
2263 524 2384 577 qum.
2417 525 2523 563 non
2557 510 2843 564 librarium
2890 508 3267 563 tantummodo
3294 509 3569 565 diversum
3606 512 3841 574 exhibet,

575 611 713 680 legis
742 623 807 661 ac
858 605 1149 674 Scripturte
1182 602 1574 671 interpretibus
1617 602 1856 655 maxime
1905 616 2160 656 necessa-

2266 616 2457 653 verum
2507 601 2668 654 etiam
2724 604 2979 671 supinum
3038 600 3320 670 Crzecique
3364 603 3634 656 sermonis
3681 620 3843 675 prope

576 704 770 756 rium:
816 695 962 767 quod
1004 710 1105 765 ego
1160 693 1466 749 doctissimi
1527 694 1709 747 Allatii
1762 694 1830 747 de
1892 692 2162 748 Pbotiano
2263 692 2539 761 ignarum.
2594 693 2739 762 gitur
2783 692 3115 747 exscribeuti
3163 693 3293 746 tnihi
3336 694 3696 761 quaestionem
3731 698 3843 764 pri—

577 793 783 862 scripto
846 789 1154 859 judicium,
1213 787 1478 841 neoterici
1532 786 1710 840 critici
1770 785 2165 839 malevolentia:

576 883 731 937 valde
780 878 1047 933 antefero.
1095 877 1237 931 Idem
1276 877 1508 931 Allalius
1570 893 1670 931 nos
1708 876 1893 929 docuit
1923 876 1990 929 de
2031 893 2168 946 prte-

579 978 728 1030 claro
760 973 1250 1043 Amphilochiorum
1279 971 1463 1024 codice
1495 968 1777 1034 Vaticano,
1808 969 2026 1024 Urbano
2052 967 2163 1023 VIII

578 1066 833 1136 pontiﬁce
864 1064 1105 1118 maximo
1137 1079 1165 1117 e
1200 1061 1395 1116 Lollini
1434 1061 1657 1115 Feltrini
1686 1063 1921 1130 episcopi
1968 1062 2166 1115 biblio-

580 1162 739 1214 theca
786 1160 839 1211 in
888 1155 1207 1211 Vaticauam
1256 1156 1529 1223 migravit.
1580 1155 1936 1207 l-Ixislimabat
1983 1164 2163 1207 autem

578 1253 813 1306 Allatius
848 1250 1070 1303 unicum
1118 1263 1242 1302 esse
1291 1247 1779 1315 Amplnlocltiorum
1822 1246 1965 1300 hunc
2013 1246 2165 1299 codi-

581 1358 723 1403 cem,
757 1342 975 1408 dempto
1020 1335 1401 1406 Neapolitano,
1450 1338 1516 1390 de
1558 1352 1668 1405 quo
1715 1352 1841 1389 mox
1895 1337 2165 1400 dicemus,

584 1434 909 1503 fragmento.
964 1430 1155 1484 Postea
1208 1438 1388 1482 tamen
1427 1430 1633 1497 aliquot
1666 1430 1754 1482 alii
1788 1430 2165 1491 innotueruut,

584 1523 747 1576 veluti
764 1520 1117 1575 Taurinensis
1132 1518 1332 1589 Regius
1350 1520 1408 1572 3|
1432 1521 1529 1590 (:2);
1552 1520 1920 1575 Coislinianus
1938 1522 2043 1576 270
2066 1523 2165 1591 (5);

583 1614 931 1668 Colbertinus
981 1611 1087 1665 444
1131 1613 1367 1680 priscus,
1419 1620 1477 1665 ut
1516 1613 1689 1674 aiunt,
1741 1614 1924 1667 smculi
1964 1628 2041 1675 ιι,
2074 1614 2168 1682 qui

587 1722 730 1761 nunc
765 1716 849 1759 est
886 1704 1086 1773 Regius
1134 1703 1444 1757 Parisiacus
1490 1704 1628 1758 1577
1674 1705 1789 1774 (4);
1839 1705 2169 1759 Sevinianus

586 1814 774 1851 recens
804 1796 1138 1859 Parisiacus,
1188 1796 1382 1849 deinde
1413 1804 1467 1849 et
1506 1797 1621 1865 ipse
1649 1795 1849 1866 Regius
1876 1797 1975 1865 (5).
2019 1798 2169 1850 Mitto

586 1889 967 1959 apographum
1010 1904 1039 1940 e
1073 1888 1333 1941 Vaticano
1369 1887 1437 1940 ab
1479 1888 1721 1941 Areudio
1770 1888 1899 1941 olim
1940 1903 2167 1957 expres-

591 1998 738 2046 sum,
767 1983 833 2037 de
883 1998 991 2052 quo
1038 1981 1271 2035 Allatius
1321 1980 1438 2033 loco
1474 1981 1729 2049 praedicto
1769 1999 1781 2033 :
1835 1981 1991 2035 mitto
2038 1981 2167 2035 item

587 2075 963 2145 apographurn
1023 2092 1052 2128 a
1103 2079 1399 2129 tLamusato
1447 2087 1695 2129 curatum
1751 2090 1781 2127 e
1829 2074 2171 2129 Coisliniano

584 2184 697 2238 quo
722 2167 956 2223 Wollius
996 2184 1137 2223 usus
1162 2180 1240 2222 est
1276 2169 1356 2237 (6)
1393 2187 1404 2221 :
1438 2169 1593 2221 mitto
1624 2166 1857 2233 denique
1899 2164 2172 2219 Miscellos

584 2260 922 2313 diversatum
958 2260 1410 2313 bibliothecarum
1440 2260 1678 2321 codices,
1712 2259 1764 2311 in
1796 2257 1998 2326 quibus
2038 2272 2171 2325 ope-

590 2351 663 2405 ris
694 2350 978 2420 particulae
1017 2350 1223 2418 aliquot
1265 2350 1470 2415 insunt,
1514 2350 1679 2402 veluti
1731 2346 1979 2401 Tilianus
2008 2348 2172 2400 (Iom-

585 2442 758 2496 Ilcﬁsii
792 2441 908 2511 (7);
959 2440 1255 2496 Bavaricus
1295 2456 1326 2495 a
1372 2440 1568 2495 Wolﬁo
1613 2439 1990 2507 Andresioque
2023 2454 2173 2490 cum-

586 2543 922 2587 memoratus
955 2534 1071 2603 (8);
1122 2532 1566 2588 Vindobouensis
1608 2531 1678 2586 29
1710 2532 1809 2601 (9),
1857 2530 1908 2582 iu
1941 2544 2051 2599 quo
2086 2538 2173 2582 est

587 2622 769 2677 l’hotii
822 2626 1077 2694 synopsis
1138 2625 1542 2695 categoriarum
1602 2622 1942 2683 Aristotelis,
2002 2637 2168 2691 quant

589 2714 837 2779 nonnulli
874 2715 1036 2784 (quos
1068 2715 1209 2770 inter
1237 2715 1491 2783 Cavaaus)
1536 2713 1605 2768 ab
1641 2713 2019 2782 Amp/tiloclu'is
2070 2712 2173 2765 im-

589 2812 786 2863 merito
839 2810 1217 2879 distinguunt:
1257 2810 1495 2880 denique
1534 2821 1587 2863 et
1632 2807 1878 2862 Vaticani
1924 2807 2171 2862 nonnulli

587 2900 805 2954 codices
836 2902 1138 2971 fragmenta
1170 2902 1383 2971 aliquot
1411 2901 1899 2970 Amphilorhiorum
1942 2899 2172 2954 fortuito

586 2991 870 3046 continent
924 2995 974 3046 ιιι
1019 2991 1325 3049 MiSceIlis:
1377 2994 1443 3047 de
1499 2995 1699 3064 quibus
1744 2992 1999 3045 omnibus
2052 2992 2172 3045 sive

590 3083 905 3152 longinquis
935 3085 1049 3138 sive
1079 3085 1244 3139 etiam
1291 3084 1556 3139 Romanis
1595 3100 1788 3153 parum
1843 3084 1973 3136 mihi
2018 3084 2172 3137 labo-

2267 800 2409 837 matn
2461 783 2998 853 Amphilochianam,
3054 784 3120 837 ad
3170 794 3352 837 vetera
3404 783 3495 837 illa
3544 784 3843 853 fragmenta

2266 877 2667 947 respiciendum
2721 892 2827 931 non
2870 876 3038 930 semel
3091 876 3191 929 fuit
3254 878 3399 945 (quae
3456 876 3509 929 in
3570 878 3845 931 volumine

2266 978 2587 1024 conservata
2606 971 2716 1039 jam
2752 970 2911 1035 dixi),
2959 979 3019 1023 ut
3066 970 3273 1023 librarii
3316 970 3439 1024 novi
3488 970 3699 1025 mendis
3727 987 3847 1039 gra-

2268 1066 2505 1119 vissimis
2534 1067 2859 1120 medicinam
2896 1064 3150 1120 laterem.
3184 1078 3414 1132 meaque
3446 1063 3685 1117 editione
3708 1064 3841 1116 hanc

2269 1159 2443 1212 labent
2484 1158 2854 1211 excluderem.
2887 1156 3069 1209 Codex
3113 1170 3245 1224 ergo
3296 1153 3591 1209 Vaticanus
3642 1156 3844 1225 plenis‘

2268 1248 2444 1301 sinms
2482 1244 2823 1311 Qua-stiones
2869 1243 3357 1311 Amphilochianas
3409 1243 3515 1296 515
3580 1244 3842 1297 centinet.

2270 1334 2405 1387 Exin
2438 1334 2489 1387 in
2512 1333 2699 1387 codice
2728 1341 3035 1401 sequuntur
3059 1332 3161 1384 alia
3208 1333 3390 1387 Pbotii
3426 1331 3639 1401 Opera;
3682 1334 3845 1387 nimis

2270 1442 2390 1481 rum
2430 1426 2499 1495 I.)
2532 1424 2771 1480 Ineditus
2805 1435 2857 1479 et
2886 1425 3222 1479 acatbolicus
3246 1426 3313 1479 de
3341 1427 3577 1494 Spiritus
3608 1426 3780 1479 sancti
3816 1443 3844 1479 a

2270 1522 2388 1574 solo
2420 1518 2577 1572 Patre
2619 1518 2965 1587 processioue
3012 1518 3170 1577 liber.
3208 1519 3275 1571 de
3312 1534 3423 1586 quo
3464 1534 3566 1572 nos
3598 1519 3737 1573 infra
3767 1523 3847 1573 Io-

2270 1629 2524 1683 quemur.
2558 1612 2640 1681 2.)
2682 1612 2837 1667 Alius
2871 1612 2937 1665 de
2977 1611 3167 1665 eodem
3209 1623 3534 1680 argumento
3572 1611 3751 1666 Pbotii
3787 1615 3849 1666 li-

2271 1705 2465 1764 bellus,
2499 1718 2692 1771 nempe
2724 1704 2840 1773 ipsa
2872 1704 3111 1757 secunda
3150 1702 3402 1771 epistola.
3449 1718 3572 1773 quae
3612 1702 3665 1757 in
3698 1704 3850 1757 Mon-

2275 1798 2462 1852 lacutii
2513 1797 2752 1851 editione
2805 1795 3065 1859 occurrit,
3111 1794 3200 1849 hic
3259 1804 3442 1849 autem
3494 1810 3637 1849 novo
3692 1797 3850 1850 titulo

2273 1891 2607 1947 instruitur:
2647 1889 2841 1959 Ἑτέρα⁴
2883 1888 3093 1950 ἔκδοσις
3141 1886 3271 1957 περὶ
3325 1887 3422 1939 τοῦ
3485 1888 3643 1954 ἁγίου
3674 1888 3850 1940 Ilvati-

2274 2000 2460 2055 ματος
2480 1980 2725 2051 Ἐξεδόθη
2753 1982 2810 2032 ὲν
2838 1980 2917 2049 τῷ
2942 1978 3322 2050 πατριαρχειῳ
3354 1977 3492 2048 μετὰ
3516 1981 3614 2048 τὴν
3650 1982 3851 2032 suaves

2270 2076 2357 2128 δον
2387 2075 2485 2144 τῆς
2510 2072 2760 2141 ἑξορίαςς
2790 2071 3027 2138 scriptus
3054 2072 3313 2123 tnmirum
3347 2087 3375 2123 a
3413 2068 3608 2124 Pbotio
3634 2070 3853 2125 libellus

2277 2177 2397 2237 post
2427 2167 2657 2219 reditum
2684 2164 2753 2217 ab
2783 2163 3000 2217 exsilio.
3036 2163 3116 2230 5.)
3150 2161 3390 2217 [οἰκετεινὶ
3424 2162 3477 2216 in
3509 2164 3699 2216 codice
3724 2175 3854 2215 sunt

2274 2260 2394 2311 libri
2422 2257 2599 2311 Pbotii
2646 2267 2883 2325 quatuor
2922 2254 3185 2310 adversus
3219 2254 3571 2318 Manicba'os,
3614 2272 3851 2324 quorum

2273 2352 2508 2421 priunnn
2570 2348 3007 2403 Montfauconius
3053 2363 3085 2402 e
3133 2350 3320 2403 codice
3348 2347 3684 2402 Coisliuiano
3715 2350 3853 2417 (ll),

2272 2452 2384 2497 tres
2432 2444 2668 2513 reliquos
2711 2441 2943 2497 Wolﬁus
2999 2443 3168 2496 edidit
3220 2440 3332 2508 (12)
3381 2456 3446 2493 ex
3498 2438 3855 2493 Ilolsteuiano

2272 2536 2478 2602 codice,
2511 2551 2672 2604 quem
2726 2551 2755 2589 a
2798 2534 3064 2588 Vaticano
3123 2543 3311 2588 nostro
3368 2532 3538 2588 fuisse
3592 2532 3853 2590 haustum

2273 2628 2588 2696 suspicatur
2623 2627 2926 2680 rectissime
2968 2627 3170 2691 editor,
3220 2642 3320 2696 ego
3362 2641 3491 2680 vero
3528 2627 3715 2681 nullus
3754 2630 3856 2682 du-

2272 2717 2406 2780 bito,
2464 2717 2907 2785 quandoquidem
2961 2716 3127 2769 etiam
3176 2715 3445 2777 clausula,
3493 2731 3615 2784 quae
3656 2715 3854 2769 \VoIIio

2274 2808 2588 2878 imperfecta
2618 2808 2852 2874 videtur,
2907 2822 3015 2861 non
3071 2807 3175 2861 alia
3222 2808 3275 2860 itt
3326 2806 3516 2861 codice
3566 2805 3853 2873 Vaticano,

2271 2915 2436 2969 quam
2474 2899 2525 2951 in
2552 2897 2734 2952 Wollli
2765 2899 3010 2953 editione
3040 2908 3146 2953 est.

2344 2991 2407 3045 Il.
2473 2990 2611 3045 Pars
2679 2991 3167 3059 Amphilochiorum
3233 2990 3452 3045 antehac
3492 2990 3659 3045 edita.
3714 2989 3853 3045 Cum

2274 3085 2457 3152 plures
2487 3085 2652 3154 igitur
2678 3094 2959 3138 exstarent
2989 3085 3041 3138 itt
3073 3085 3307 3152 Europa:
3346 3083 3689 3138 bibliothecis
3724 3088 3847 3137 Am.

590 3174 821 3228 randum
858 3184 961 3240 est,
991 3176 1083 3245 qui
1138 3177 1285 3229 nttlla
1339 3176 1533 3228 horum
1578 3190 1681 3242 ope
1734 3189 1889 3243 egeo,
1924 3174 2171 3242 quando-
2200 3194 2242 3248 η
2273 3174 2652 3243 philochiorum
2683 3174 2919 3238 codices,
2948 3176 3156 3242 primus
3190 3174 3518 3229 Frauctscus
3551 3173 3855 3228 Tun-ianus

587 3267 810 3338 quidem
859 3266 1180 3322 Vaticanum
1218 3283 1380 3337 quem
1430 3282 1595 3337 supra
1632 3267 1741 3321 dixi
1797 3267 2175 3335 plenissimum

591 3359 788 3414 habeo.
843 3358 941 3412 Est
989 3369 1167 3413 autem
1219 3360 1303 3415 hic
1360 3358 1720 3429 bombycinus
1768 3356 1945 3413 in-l'ol.
1994 3358 2177 3411 saeculi

600 3449 773 3504 ferme
815 3465 935 3513 xui,
970 3450 1156 3505 Cra-ca
1207 3467 1372 3504 manu
1419 3451 1693 3519 eleganter
1737 3451 1996 3518 scriptus.
2036 3447 2177 3501 Olim

597 3553 783 3597 tamen
826 3543 954 3596 huic
993 3542 1170 3595 codici
1236 3542 1436 3596 damna
1486 3543 1596 3595 duo
1644 3543 2020 3611 contigerant;
2071 3542 2181 3610 pri-

597 3650 749 3689 mum
783 3635 928 3703 quod
956 3633 1075 3702 ejus
1106 3632 1235 3687 folia
1278 3633 1347 3687 ab
1390 3634 1589 3687 inscito
1625 3634 1933 3703 bibliopego
1966 3645 2180 3701 pertur-

592 3724 719 3778 Irata
749 3722 1024 3792 susdeque
1072 3722 1320 3787 fuerant;
1354 3721 1550 3775 iterum
1591 3724 1733 3791 quod
1788 3724 1907 3792 ejus
1942 3725 2175 3779 Iudicem

594 3818 944 3886 primumque
971 3814 1153 3883 Operis
1184 3814 1374 3866 lolium
1410 3814 1593 3867 blatta:
1632 3823 1727 3867 aut
1756 3816 1947 3868 mador
1981 3820 2175 3884 partim

594 3915 996 3975 corruperant:
1043 3920 1168 3958 mox
1219 3914 1397 3959 tamen
1451 3904 1648 3959 doctus
1700 3906 1897 3973 aliquis
1939 3910 2177 3962 materia:

594 3997 841 4051 ordinent
877 3996 1228 4060 instauravit,
1280 3996 1334 4049 in
1382 3996 1730 4066 marginibus
1773 3998 2024 4051 scribens
2072 4014 2176 4067 qua

594 4090 851 4158 quodque
899 4088 1086 4141 lolium
1135 4089 1261 4142 sede
1306 4098 1454 4143 esset
1484 4088 1861 4143 collocandum
1898 4108 1909 4144 :
1948 4102 2057 4142 tum
2100 4092 2174 4145 illi

594 4180 751 4234 initio
798 4181 1169 4249 pessumdato,
1217 4196 1321 4249 ope
1366 4182 1595 4236 alterius
1641 4183 1992 4251 exemplaris,
2050 4198 2178 4252 sup-

596 4277 929 4343 plententum
977 4272 1105 4327 fecit
1155 4276 1358 4327 recenti
1408 4289 1597 4338 manu,
1654 4273 1707 4327 in
1741 4274 1950 4343 vulgari
1987 4273 2173 4327 charta

594 4366 860 4433 scriptum
894 4380 908 4419 :
947 4365 1026 4418 sic
1061 4374 1240 4418 tamen
1280 4374 1338 4418 ut
1380 4375 1625 4419 veterum
1659 4381 1878 4435 quoque
1918 4366 2171 4441 [oliorum

595 4458 821 4513 lacinias
851 4459 1077 4512 seorsim
1119 4457 1173 4511 in
1200 4457 1473 4512 volumine
1510 4459 1915 4513 conservandas
1950 4474 2176 4513 curave-

2282 3268 2338 3323 S.
2366 3265 2415 3321 J.
2446 3283 2476 3321 e
2511 3265 2772 3321 Bavarico
2834 3268 3021 3321 codice
3058 3266 3540 3335 Amphilochianas
3581 3283 3674 3321 sex
3714 3284 3859 3337 qua.»

2280 3359 2485 3414 stiones
2516 3360 3032 3429 iuterpretatusest;
3069 3374 3271 3425 easque
3300 3357 3519 3412 Canisio
3544 3373 3689 3411 anno
3724 3358 3856 3411 1674

2279 3451 2334 3504 in
2379 3451 2729 3520 Antiquarum
2785 3449 3092 3504 Lectionum
3143 3452 3350 3521 sylloge
3398 3448 3593 3503 Latine
3642 3461 3851 3503 tantum

2278 3544 2515 3597 edendas
2555 3545 2828 3598 concessit
2860 3545 2993 3614 (1⁸5).
3030 3542 3120 3598 Ea:
3171 3552 3302 3597 sunt
3349 3545 3401 3596 in
3454 3541 3720 3597 Vaticano
3762 3560 3856 3598 eo-

2277 3637 2397 3690 dice
2425 3636 2549 3701 ISU,
2575 3636 2701 3702 181,
2729 3636 2850 3704 182,
2879 3637 3002 3700 185,
3036 3636 3172 3701 186;
3200 3653 3323 3690 nam
3348 3632 3599 3689 Turriani
3626 3640 3852 3703 primam

2280 3729 2333 3783 in
2377 3730 2563 3783 codice
2615 3745 2721 3783 non
2775 3729 3026 3793 invenio;
3064 3745 3234 3799 quare
3274 3739 3329 3783 et
3373 3728 3677 3797 Basnagius
3729 3745 3853 3782 cum

2278 3834 2423 3873 anno
2462 3818 2601 3873 1725
2626 3818 2905 3873 Canisium
2934 3828 3221 3889 repeteret,
3276 3829 3329 3872 et
3356 3819 3600 3871 Graecum
3632 3829 3858 3872 caetera-

2280 3929 2401 3965 runt
2454 3921 2659 3965 textum
2696 3910 2879 3965 ederet
2912 3912 3045 3980 (14),
3083 3910 3313 3979 primam
3368 3909 3557 3963 Latine
3611 3921 3855 3962 tanturn-

2277 4003 2440 4056 modo
2459 4004 2658 4072 posuit,
2684 4004 2810 4072 quia
2840 4002 3025 4057 Grtece
3048 4018 3158 4055 non
3190 4002 3401 4056 habuit.
3434 4000 3605 4054 Porro
3629 4001 3727 4055 'l'ui
3745 4003 3856 4055 ria-

2278 4110 2380 4148 nus
2399 4094 2525 4147 alibi
2543 4108 2760 4162 quoque
2772 4092 3129 4160 Amphilochia
3153 4102 3564 4156 memoraverat,
3583 4108 3773 4161 nempe
3790 4093 3855 4147 λιι

2278 4184 2451 4253 Epist.
2477 4194 2622 4252 rout.
2644 4183 2844 4254 p.194,
2873 4183 2995 4245 I65,
3015 4185 3080 4237 ad
3105 4182 3287 4235 Const.
3317 4200 3403 4251 ap.
3426 4198 3542 4245 vni,
3560 4182 3615 4249 6,
3644 4182 3718 4235 De
3738 4184 3853 4252 jur.

2276 4282 2391 4334 0rd.
2416 4280 2622 4349 p.155;
2647 4278 2791 4348 quod
2810 4278 3229 4347 ernditijaunliu
3246 4278 3517 4331 dixerunt.
3545 4279 3675 4333 Post
3692 4279 3856 4332 Cani-

2275 4373 2414 4425 sium
2431 4388 2573 4425 anno
2592 4370 2722 4425 1616
2735 4369 2926 4424 Petrus
2944 4370 3259 4424 Stewartius
3275 4366 3389 4422 SJ.
3406 4370 3666 4438 prolixam
3683 4370 3854 4423 Photii

2276 4462 2785 4530 Amphilocbianam
2822 4461 2890 4515 de
2925 4460 3129 4515 Christi
3180 4461 3549 4514 voluntatibus
3590 4462 3856 4531 gnomicis

593 4553 688 4614 rit,
726 4565 826 4605 nec
860 4550 1161 4619 quidquam
1197 4550 1397 4631 veteris
1438 4550 1722 4619 scripturae
1767 4551 1945 4620 perire
1978 4567 2172 4621 passus
2205 4548 2246 4601 D
2279 4560 2421 4627 (qua:
2448 4558 2500 4608 in
2526 4556 2645 4610 cod.
2671 4553 2786 4608 Vat.
2816 4566 2899 4608 est
2913 4552 3467 4623 octogesima)eodem
3486 4552 3756 4607 Turriano
3775 4555 3857 4606 in-

593 4643 686 4695 sit.
720 4640 1015 4694 Instaurati
1047 4640 1251 4694 codicis
1277 4641 1530 4693 meritum
1552 4640 1856 4697 Andresius
1884 4642 1995 4711 (10)
2021 4643 2166 4696 Alla-

592 4743 670 4786 ιο
705 4732 915 4785 tribuit.
966 4729 1100 4784 Illud
1154 4740 1334 4783 tamen
1392 4728 1688 4787 falsissime
1742 4747 1773 4785 a
1827 4734 2013 4787 nescio
2063 4749 2172 4803 quo

592 4827 825 4882 relatore
860 4827 1065 4881 dictum
1112 4827 1379 4880 Andresio
1407 4826 1528 4891 fuit,
1558 4828 1792 4881 recentia
1818 4828 2024 4882 scilicet
2061 4831 2174 4883 hate

597 4919 981 4990 Supplementa
1018 4919 1274 4973 Allatium
1309 4934 1469 4973 manu
1498 4936 1595 4975 sua
1622 4922 2053 4991 conscripsisse:
2092 4933 2175 4976 est

595 5017 739 5064 enim
790 5012 924 5064 mihi
966 5011 1238 5081 vulgoque
1293 5011 1578 5065 notissirua
1630 5012 1808 5064 Allatii
1869 5027 2087 5075 manus,
2142 5028 2172 5066 a

595 5101 752 5170 Cujus
775 5101 955 5155 indole
982 5101 1143 5171 longe
1167 5099 1321 5153 abest
1350 5101 1853 5170 supplementorum
1884 5100 2173 5168 scriptura,

665 5269 743 5338 (2)
782 5269 1023 5337 Catalog.
1048 5285 1099 5338 p.
1129 5267 1255 5326 108.

662 5338 740 5410 (5)
774 5341 1064 5395 Moutlauc.
1093 5340 1231 5410 Bibl.
1269 5344 1433 5400 Coisl.
1463 5356 1515 5408 p.
1552 5338 1678 5395 525.

669 5407 1016 5492 (l)_(10tel_er.
1036 5409 1293 5492 Μυρτίω.
1327 5407 1476 5492 tom;
1495 5407 1816 5492 Ill,hp_.n556,
1840 5414 1894 5463 et
1927 5408 2173 5479 Catalog.

597 5480 729 5535 mss.
762 5480 895 5551 Reg.
928 5481 1102 5535 Paris.
1134 5480 1228 5537 Gr.
1253 5496 1382 5539 tom.
1421 5483 1488 5546 Il,
1517 5498 1567 5550 p.
1593 5480 1717 5534 259.

671 5552 747 5603 l5)
777 5550 1070 5603 Montl'auc.
1104 5551 1243 5603 Bibl.
1288 5574 1411 5603 nias-
1449 5570 1501 5603 n.
1538 5550 1694 5603 1051.

671 5552 747 5620 (5)
777 5552 1070 5606 Montfauc.
1104 5552 1243 5607 Bibl.
1288 5574 1411 5609 ruas.
1449 5570 1501 5623 p.
1538 5552 1694 5605 1031.

662 5622 740 5694 (li)
770 5622 927 5694 Ifrtef.
960 5623 1023 5675 ad
1056 5622 1184 5676 Cur.
1218 5626 1470 5694 plu'lolog.
1499 5634 1631 5694 tum.
1666 5621 1758 5686 III,
1788 5635 1839 5687 p.
1872 5620 1926 5675 7.

671 5690 747 5761 (7)
774 5690 915 5761 Bibl.
942 5708 1087 5745 conc.
1132 5690 1264 5749 tom.
1298 5696 1340 5759 l,
1376 5690 1532 5747 Praef.
1562 5709 1614 5760 p.
1644 5707 1879 5745 xxxvnt.

668 5759 745 5831 (8)
773 5759 942 5815 Wolf.
1000 5761 1160 5816 Praei.
1205 5780 1257 5834 p.
1313 5781 1375 5832 v;
1429 5759 1598 5817 Andr.
1642 5764 1916 5830 prodrom.
1951 5761 2016 5817 ad
2048 5775 2178 5816 mss.

597 5829 763 5887 Neap.
791 5848 842 5887 n.
884 5834 972 5886 81.

645 5847 763 5906 cap.
788 5848 842 5903 p.
884 5847 972 5886 δι.

2274 4660 2505 4719 terprete
2521 4647 2813 4718 edidit(15)
2833 4648 3019 4714 ;cujus
3035 4644 3281 4701 Graecum
3298 4647 3488 4701 deinde
3502 4657 3704 4700 textum
3725 4647 3855 4701 Bas-

2274 4742 2467 4811 nagius
2498 4740 2867 4809 suppeditavit
2894 4738 3032 4808 (16).
3078 4737 3197 4791 Jam
3238 4739 3366 4806 quia
3402 4736 3655 4791 Curtisius
3694 4746 3855 4806 atque

2275 4834 2597 4888 Stewartius
2624 4833 2954 4903 quzestiones
2982 4832 3082 4885 bas
3111 4833 3214 4885 sub
3256 4829 3433 4884 Photii
3468 4830 3710 4899 quidem,
3746 4844 3851 4883 non

2273 4935 2453 4980 tamen
2509 4923 3031 4993 Amphilochiorum,
3090 4921 3311 4975 nomine
3367 4921 3674 4984 ediderunt,
3732 4920 3856 4972 hinc

2274 5018 2472 5072 accidit
2497 5016 2669 5085 utqui
2693 5015 2889 5068 eruditi
2917 5014 3171 5081 deinceps
3196 5012 3262 5064 de.
3292 5012 3666 5080 Amphilochiis
3693 5011 3853 5064 verba

2277 5110 2542 5174 fecerunt,
2580 5109 2614 5163 ii
2652 5107 3035 5178 pra-dictarunt
3063 5116 3267 5175 septetu
3312 5108 3603 5160 editionem
3646 5105 3853 5160 nescire

2352 5267 2426 5337 (9)
2453 5265 2708 5321 Lambec.
2742 5278 2781 5320 t.
2816 5262 3013 5337 V'll,p.
3043 5263 3165 5318 146.

2350 5336 2462 5409 (l0)
2490 5337 2852 5409 Prodrom.pp.
2894 5336 2982 5409 ὃς).

2376 5405 2464 5475 11)
2494 5406 2632 5461 Bibl.
2662 5407 2810 5461 coisl.
2845 5422 2897 5475 p.
2924 5405 3027 5459 ’549
3054 5420 3136 5475 sq.

2374 5474 2460 5549 1‘2)
2492 5478 2686 5549 ᾼηεεά.
2716 5474 2855 5531 tom.
2884 5474 2903 5528 I
2928 5488 2989 5549 et
3010 5477 3075 5530 Il.

2494 5548 2591 5621 Ed.
2622 5558 2732 5621 vel.
2765 5558 2898 5601 lout.
2928 5546 2993 5612 ν,
3024 5564 3073 5617 p.
3100 5544 3384 5621 l_8§bseqq.

2352 5615 2467 5689 (l4)
2497 5618 2652 5672 Tum.
2683 5619 2750 5684 ll,
2780 5629 2918 5689 part.
2957 5615 3101 5687 tt,'p.
3127 5615 3251 5669 420.

2354 5690 2464 5801 (:5)
2498 5690 2713 5777 {luctata
2751 5705 2801 5757 p.
2836 5688 2960 5742 457.

2412 5765 2465 5801 hl
2516 5763 2633 5801 l‘nm
2687 5761 2724 5801 II
2781 5769 2960 5801 nar-LI

2382 5755 2465 5815 I6)
2503 5763 2656 5815 Tom.
2684 5755 2764 5827 II,_
2780 5769 2921 5828 part.
2948 5775 3008 5826 ll,
3034 5773 3086 5827 p.
3111 5755 3235 5811 439.
