4134 6446
360 262 431 327 33
922 254 925 255 ⁷
1717 254 2011 317 PROLEG
2020 254 2304 315 OMENA-
2646 310 2657 317 .
3573 256 3644 320 34

362 377 690 441 videantur;
736 388 975 445 quarunt
1022 371 1075 427 in
1118 386 1350 426 nurnero
1386 377 1517 426 sunt
1568 368 1959 435 Combetisius,
1991 376 2034 429 A
2068 370 2173 424 tuit
2218 368 2328 442 (19)
2365 388 2378 425 :
2410 383 2657 440 superest
2701 370 2866 442 igitur
2906 380 2965 427 ut
3008 369 3450 428 Montl‘auconins
3499 374 3640 428 scri-

360 472 617 536 Allatitts,
652 467 1113 530 lllontfauconius,
1144 465 1403 530 Wolfius,
1453 464 1798 525 Gallandius.
1833 465 1950 518 An-

358 564 601 628 dresins,
650 560 899 615 Scottus.
942 558 1099 615 Unus
1152 557 1385 611 fortasse
1433 555 1721 612 Fabricius
1768 557 1820 610 in
1855 555 1951 611 Gr.

360 655 688 709 bibliotheca
735 653 1144 707 lucubrationes
1193 651 1315 703 illas
1350 650 1415 704 ad
1458 649 1953 719 amphiloehiorum

358 750 602 819 syllogen
692 744 968 815 pertinere
1065 743 1379 812 suspicatus
1485 750 1590 795 est.
1672 739 1954 794 Pctavium

357 839 596 906 denique
652 837 832 907 ipsum
888 834 1089 901 miror,
1160 833 1253 903 qui
1323 847 1450 886 cum
1516 832 1570 886 in
1633 830 1807 901 Opere
1856 846 1958 884 suo

359 930 665 1000 theologieo
708 927 821 998 (17)
876 927 945 982 de
1007 925 1389 981 monothelitis
1450 924 1640 979 tanditt
1697 924 1955 988 disserat,

356 1023 539 1078 Photii
586 1032 767 1076 tamen
822 1019 1161 1091 Opusculum
1206 1020 1271 1074 de
1327 1017 1692 1075 voluntatibus
1750 1016 1958 1072 Christi

354 1113 638 1185 gnomicis,
689 1111 835 1182 quod
886 1112 1008 1180 ejus
1057 1119 1383 1183 argumento
1444 1109 1954 1165 commodissimum

355 1216 500 1271 erat,
531 1206 749 1277 penitus
780 1205 1132 1276 ignoraverit,
1178 1212 1258 1279 tot
1309 1204 1437 1258 licet
1482 1211 1611 1258 ante
1658 1218 1835 1257 annos
1884 1202 1955 1257 ab

354 1300 481 1367 ejus
506 1298 787 1355 sodalibus
820 1306 873 1351 et
909 1296 1163 1351 Latinum
1210 1294 1419 1350 factum
1456 1304 1511 1348 et
1552 1294 1779 1348 editum.
1823 1291 1959 1347 Ter-

356 1394 472 1446 tius
517 1390 1026 1461 Amphilochiornm
1062 1388 1243 1443 editor
1293 1386 1662 1442 Combcﬁsius
1710 1395 1816 1449 est,
1861 1383 1957 1455 qui

358 1500 511 1538 anno
540 1484 678 1539 1644
699 1498 728 1538 e
758 1482 1044 1538 Gallicano
1066 1480 1190 1535 Tilii
1224 1479 1416 1535 codice
1440 1477 1955 1548 Amphilochianam

355 1578 721 1648 quaestionem
752 1576 980 1646 protulit
1026 1584 1217 1630 contra
1252 1560 1577 1642 ubiquistas,
1610 1586 1733 1641 quae
1756 1570 1808 1624 in
1852 1570 1957 1624 Va-

358 1672 548 1725 ticano
572 1670 759 1724 codice
800 1668 1079 1723 tricesima
1115 1676 1308 1721 octava
1351 1674 1454 1720 est.
1487 1664 1738 1719 Graviter
1772 1670 1954 1717 tamen

2056 462 2402 532 ptiunculam
2434 463 2502 518 de
2554 462 2774 535 Sihyllis
2816 464 3028 534 primus
3080 465 3388 534 protulerit.
3445 463 3641 520 Utrum

2058 557 2310 623 quintum
2330 556 2836 627 Amphilochiornm
2860 558 3128 612 editorem
3150 555 3423 626 Spierittnt
3440 558 3643 625 dicam,

2060 648 2205 703 haud
2248 650 2381 703 satis
2413 650 2557 715 scio;
2587 658 2640 703 et
2672 650 2868 705 merito
2922 650 2974 705 id
3022 649 3232 706 dubito.
3285 650 3421 705 Nam
3461 650 3644 706 Theo-

2060 736 2243 807 philus
2273 738 2491 807 quidem
2539 736 2823 793 Ilarlesius
2865 740 3033 795 semel
3064 751 3117 794 et
3159 741 3357 796 iterum
3398 742 3475 797 ait
3528 742 3643 812 (20)

2060 846 2078 880 t
2121 826 2337 883 Justum
2397 828 2667 899 Spierium
2717 846 2861 885 anno
2918 832 3059 886 1758
3109 833 3346 902 quodam
3400 835 3453 889 in
3503 835 3645 891 libro

2059 919 2386 975 Germanica
2433 923 2614 991 lingua
2648 923 2851 993 scripto
2898 923 3115 978 dedisse
3154 927 3533 982 adnotationes
3577 930 3643 982 ad

2062 1012 2241 1067 Photii
2264 1014 2662 1085 Amphilochia,
2691 1024 2747 1070 et
2781 1016 2835 1069 in
2868 1015 2974 1069 line
3003 1016 3249 1084 quaedam
3281 1033 3347 1071 ex
3389 1019 3473 1074 his
3521 1021 3646 1072 Am-

2059 1105 2340 1175 philochiis
2367 1109 2608 1161 nondum
2651 1108 2817 1162 edita.
2860 1127 2879 1159 ι
2914 1107 3032 1162 Jam
3067 1124 3198 1164 vero
3235 1110 3365 1180 quid
3400 1110 3647 1181 Spierius

2061 1196 2115 1251 in
2143 1212 2209 1252 eo
2239 1196 2568 1253 Germanico
2595 1199 2757 1263 libro,
2789 1215 2900 1269 quo
2925 1216 3087 1255 careo
3114 1204 3379 1271 posuerit,
3412 1207 3595 1262 nescio
3627 1227 3644 1262 :

2061 1290 2154 1345 sed
2181 1290 2438 1360 quoniam
2467 1292 2629 1346 video
2654 1292 2984 1349 Germanum
3022 1295 3296 1350 hominem
3339 1297 3648 1354 eruditissi-

2061 1395 2212 1434 mum
2264 1379 2524 1435 Wollium
2582 1383 2821 1439 triennio
2878 1394 3000 1454 post
3053 1385 3252 1455 Spicrii
3306 1385 3507 1441 librum
3553 1388 3647 1442 vix

2060 1472 2246 1541 elapso
2287 1473 2770 1542 Amphilochiauas
2810 1479 3139 1547 quaestiones
3168 1479 3512 1549 depromere,
3556 1481 3647 1535 ni-

2061 1564 2252 1635 hilque
2282 1566 2349 1621 de
2398 1565 2598 1635 Spierii
2645 1569 2817 1632 curis,
2860 1569 2913 1623 in
2952 1568 3276 1626 I’razfatione
3311 1572 3646 1644 creteroquin

2061 1658 2302 1723 curiosa,
2331 1659 2534 1724 dicere,
2571 1662 2778 1725 nescio,
2827 1662 3073 1732 inquam.
3123 1665 3255 1730 quid
3295 1679 3395 1735 ego
3424 1665 3645 1720 demum

356 1763 568 1816 erravit
621 1776 731 1815 non
788 1759 1065 1814 intellecto
1110 1757 1319 1813 codicis
1371 1756 1532 1810 titulo
1569 1754 1953 1819 Cumbelisius,
1987 1731 2030 1788 Β
2061 1750 2396 1819 temporibus
2425 1750 2655 1821 locoque
2685 1731 2910 1809 distans
2928 1754 2994 1808 de
3045 1753 3243 1824 Spicrii
3290 1731 3454 1826 opere
3493 1757 3646 1825 judi-

360 1854 436 1905 ita
468 1858 525 1903 ut
551 1849 808 1918 scriptam
839 1847 906 1901 ad
933 1844 1379 1916 Amphilochium
1410 1859 1440 1898 a
1464 1842 1661 1896 Photio
1693 1843 1957 1912 qurestio-

362 1957 515 2006 nent,
545 1956 641 2010 pro
681 1938 1047 2007 Amphilochii
1080 1939 1285 2007 scripto
1317 1936 1644 2004 vulgaverit.
1694 1935 1801 1990 Sed
1829 1936 1956 1990 dein

359 2032 679 2087 admonitus
710 2031 777 2085 ab
816 2030 1012 2084 Allatio
1042 2028 1412 2084 Gombelisius
1458 2030 1776 2084 retractavit
1804 2044 1959 2084 erro-

362 2138 503 2186 rem,
536 2132 697 2190 atque
725 2120 952 2175 alteram
992 2119 1064 2173 ab
1101 2121 1293 2174 eodem
1337 2119 1541 2172 Allatio
1573 2127 1856 2189 acceptam
1888 2118 1957 2173 de

360 2212 599 2269 Asteriis
632 2212 775 2282 (qua:
802 2211 855 2265 in
885 2210 1011 2267 cod.
1044 2208 1163 2264 Vat.
1199 2218 1284 2264 est.
1313 2209 1441 2280 512)
1474 2210 1644 2263 edidit
1679 2208 1959 2279 Amphilo-

357 2307 617 2362 chianam
655 2306 709 2358 in
748 2304 1067 2358 Auctarium
1106 2302 1353 2369 Patrum,
1384 2303 1593 2373 p.279;
1640 2318 1754 2357 rem
1797 2310 1957 2357 caete-

360 2398 524 2469 roqui
567 2407 675 2452 tam
718 2412 910 2468 parum
947 2396 1128 2450 adhuc
1160 2397 1409 2458 edoctus.
1458 2406 1519 2451 ut
1555 2398 1798 2452 scribere
1843 2412 1953 2452 non

360 2489 646 2543 erubuerit
685 2488 962 2554 ambigere
993 2502 1053 2542 se
1082 2488 1338 2559 quisnam
1372 2489 1463 2543 hic
1497 2486 1730 2544 Photius
1766 2488 1954 2555 fuerit,

361 2580 460 2653 qui
486 2579 551 2634 ad
579 2578 1022 2650 Amphilochium
1059 2577 1391 2649 quaestiones
1420 2579 1649 2633 miserit.
1671 2577 1959 2649 lgnorahat

360 2674 577 2730 scilicet
611 2673 992 2739 Gotnbelisius,
1026 2688 1147 2743 quae
1175 2671 1408 2727 Allatius
1444 2673 1498 2725 in
1549 2672 1688 2726 libro
1722 2671 1794 2725 De
1828 2688 1957 2726 con-

360 2783 523 2821 sensu
556 2782 711 2836 super
738 2763 1125 2833 Amphilochiis
1160 2764 1487 2832 scripserat;
1522 2764 1647 2833 quia
1696 2763 1955 2817 nimirum

361 2861 558 2915 eodem
590 2874 736 2913 anno
769 2858 902 2912 1648
931 2866 1042 2911 tum
1067 2856 1434 2910 Combelisius
1462 2856 1803 2919 Auctarium,
1840 2864 1955 2910 tum

360 2954 599 3008 Allatius
632 2952 888 3005 volumen
934 2965 1095 3004 suum
1139 2949 1216 3004 De
1248 2966 1505 3003 consensu
1544 2949 1957 3018 imprimebant.

2059 1853 2200 1905 cem,
2233 1841 2382 1910 quod
2411 1849 2571 1896 aetate
2614 1858 2713 1912 par
2741 1852 2795 1899 et
2836 1844 2890 1898 in
2933 1844 3123 1901 limine
3157 1862 3385 1902 versans
3414 1846 3648 1904 Wolfius

2057 1945 2168 1985 non
2204 1934 2448 2003 agnovit.
2485 1931 2745 2003 Sequitur
2770 1935 2883 2005 jam
2912 1945 3099 1992 sextus
3151 1938 3325 1992 multo
3372 1939 3649 2009 praedictis

2058 2025 2337 2095 copiosior
2357 2026 2869 2096 Amphilochiorum
2897 2028 3074 2083 editor
3102 2028 3357 2097 Wollius,
3390 2047 3419 2085 a
3448 2048 3558 2102 quo
3589 2032 3645 2087 in

2057 2116 2403 2185 philologicis
2428 2118 2578 2172 curis
2608 2117 3085 2188 Amphilochianze
3125 2122 3461 2192 quaestiones
3505 2140 3679 2194 quam

2058 2208 2311 2279 draginta
2351 2225 2446 2265 sex
2499 2209 2551 2280 (a
2590 2211 2659 2266 74
2692 2212 2758 2266 ad
2805 2213 2930 2283 119)
2981 2229 3125 2267 anno
3170 2213 3302 2269 1741
3356 2216 3647 2283 publicata)

2060 2299 2322 2367 fuerunt;
2372 2317 2495 2371 qua:
2535 2302 2728 2358 deinde
2786 2318 2933 2358 anno
2977 2304 3116 2359 1779
3171 2305 3225 2359 in
3282 2305 3648 2362 Gallandiana

2060 2392 2389 2447 Bibliotheca
2416 2403 2455 2449 t.
2502 2393 2639 2458 XIII,
2664 2397 2906 2466 repetitae
2932 2406 3079 2452 sunt.
3110 2399 3178 2453 Et
3202 2399 3422 2469 quidem
3448 2402 3648 2457 adver-

2061 2502 2157 2542 sus
2192 2486 2538 2542 Gallandium
2567 2489 2927 2558 expostulare
2960 2490 3171 2554 liceret,
3204 2507 3304 2546 cur
3334 2502 3523 2547 contra
3562 2492 3648 2548 in-

2060 2580 2313 2634 stitutum
2347 2596 2508 2635 suum
2544 2581 2758 2637 minora
2793 2582 3016 2637 Patrum
3050 2582 3226 2654 Opera
3261 2588 3645 2654 coaeervandi,

2060 2673 2391 2744 quaestiones
2441 2690 2471 2729 a
2528 2673 2724 2731 Wollio
2780 2676 2958 2731 editas
3014 2679 3299 2745 receperit,
3364 2680 3649 2750 antiquius

2059 2766 2237 2821 editas
2285 2766 2732 2835 prtetermiserit;
2788 2768 2891 2821 nisi
2938 2768 3051 2839 jam
3106 2769 3368 2825 dixissem
3434 2772 3650 2843 ignotas

2062 2854 2349 2911 Gallandio
2397 2857 2567 2913 fuisse
2623 2868 2885 2926 czt-tcras,
2932 2859 2983 2913 id
3036 2861 3181 2930 quod
3245 2860 3366 2930 ejus
3429 2877 3652 2932 quoque

2062 2945 2319 3002 Przrfatio
2345 2947 2480 3001 satis
2500 2948 2856 3004 demonstrat.
2890 2950 3035 3004 Inter
3067 2966 3162 3007 eos
3205 2953 3298 3022 qui
3330 2953 3397 3009 de
3424 2953 3651 3023 Amphi-

361 3045 611 3111 Quanus
693 3043 1183 3113 Amphilochium";
1258 3043 1437 3097 editor
1515 3041 1960 3098 Montiaucouius
1987 3079 2035 3139 α
2066 3037 2252 3092 lochiis
2296 3038 2585 3109 vulgandis
2624 3040 2842 3095 solliciti
2883 3039 3126 3108 fuerunt,
3169 3045 3450 3113 proximus
3491 3045 3651 3100 nobis

359 3146 453 3191 est
487 3136 618 3204 (I8),
662 3137 755 3206 qui
789 3152 935 3189 anno
988 3135 1125 3189 1715
1178 3134 1417 3205 vulgavit
1457 3146 1716 3205 quatuor,
1764 3150 1960 3203 nempe

361 3229 438 3282 de
472 3228 697 3282 Ilercule
729 3226 1035 3280 Amaltheae
1079 3242 1251 3280 cornu
1296 3236 1568 3295 gestante,
1607 3226 1674 3280 de
1716 3225 1959 3296 Sibyllis,

364 3318 441 3373 de
461 3316 819 3373 Caesariensis
854 3315 1074 3371 Eusebii
1116 3316 1335 3380 haeresi,
1367 3315 1436 3369 de
1469 3315 1703 3370 Asteriis
1734 3316 1810 3382 (in
1838 3314 1960 3370 Vat.

365 3410 495 3465 cod.
534 3409 655 3471 107.
687 3410 812 3473 150,
852 3410 981 3475 921,
1019 3409 1171 3478 512).
1217 3406 1472 3464 Profecto
1520 3406 1963 3462 Montfauconius

364 3502 440 3554 tle
465 3501 720 3556 universo
757 3499 1024 3553 Photiano
1048 3514 1215 3569 opere
1246 3499 1382 3553 bene
1409 3500 1639 3553 meritus
1663 3507 1768 3562 est,
1802 3496 1964 3567 cujus

367 3592 648 3661 integrum
696 3589 990 3659 descripsit
1036 3589 1298 3655 indicem,
1335 3589 1709 3659 qumstionum
1756 3587 1966 3642 scilicet

364 3692 497 3737 octo
528 3692 581 3736 et
612 3690 981 3736 trecentarum
1018 3695 1031 3731 :
1065 3681 1161 3735 sed
1192 3680 1338 3735 idem
1373 3694 1707 3749 magnopere
1736 3681 1963 3747 erravit,

369 3777 608 3845 primum
642 3773 773 3843 quia
802 3788 862 3828 se
901 3773 1038 3828 dixit
1070 3773 1233 3828 edere
1279 3788 1347 3826 ex
1374 3770 1783 3842 Amphilochiis
1813 3786 1963 3841 quae-

366 3873 581 3928 stiones
617 3871 757 3934 illas,
786 3885 907 3939 quae
933 3869 1159 3939 majoris
1182 3871 1443 3925 momenti
1463 3883 1585 3923 esse
1609 3867 1965 3935 videbantur;

367 3982 484 4037 quo
509 3964 719 4035 judicio
754 3961 887 4017 nihil
912 3961 1392 4026 inconsideratius,
1439 3960 1574 4014 nihil
1624 3958 1819 4015 falsius
1848 3960 1965 4014 ﬁeri

368 4058 575 4128 potuit.
611 4053 750 4108 Nam
792 4053 837 4108 si
875 4053 999 4123 quis
1020 4052 1407 4121 Amphilochia
1439 4068 1466 4103 a
1506 4066 1592 4105 me
1620 4066 1767 4105 nunc
1796 4049 1965 4115 edita,

367 4151 611 4217 itemque
648 4148 737 4200 illa
771 4160 801 4199 a
840 4143 1029 4198 Scotto
1063 4142 1374 4213 Wollioqne
1423 4142 1664 4212 vulgata,
1703 4157 1830 4195 cum
1882 4141 1967 4195 his

368 4241 669 4299 breviculis
697 4255 763 4294 ac
798 4239 955 4293 valde
1001 4237 1218 4293 levibus
1268 4235 1663 4290 Montfauconii
1699 4233 1965 4297 conferet,

370 4345 765 4407 przeposteratn
795 4332 988 4387 llercle
1010 4331 1226 4387 laudem
1252 4330 1604 4400 praedicatum
1639 4328 1965 4399 contperiet.

2066 3141 2226 3187 aetate
2254 3132 2360 3187 fuit
2385 3131 2680 3204 πολυΐστορ
2705 3133 3027 3203 Andresius,
3054 3137 3138 3190 vir
3164 3153 3397 3209 magnus
3437 3140 3654 3210 meique

2065 3223 2194 3277 dum
2227 3223 2365 3277 vixit
2401 3224 2835 3288 amantissimus,
2873 3228 2966 3296 qtti
3000 3228 3067 3282 de
3097 3229 3377 3284 anecdotis
3399 3230 3651 3300 Neapoli-

2066 3323 2209 3370 tanae
2254 3315 2599 3371 bibliothecae
2649 3316 3007 3372 Prodromum
3059 3318 3332 3387 scribens,
3359 3319 3651 3391 Amphilo-

2065 3409 2316 3463 chiorum
2350 3409 2625 3478 quoddam
2678 3410 3043 3478 fragmentum
3082 3412 3175 3467 diu
3226 3416 3650 3481 commendavit,

2066 3508 2231 3569 atque
2277 3508 2338 3554 ut
2381 3500 2503 3553 luce
2547 3500 2867 3564 donaretur,
2914 3516 3253 3573 magnopere
3286 3515 3480 3559 auctor
3526 3504 3650 3560 fuit.

2067 3592 2221 3661 Quod
2251 3600 2433 3649 autem
2465 3592 2580 3647 fieri
2604 3593 2813 3663 optavit
2837 3593 3160 3660 Andresius,
3199 3594 3252 3650 id
3295 3612 3423 3651 mox
3456 3612 3655 3667 magna

2067 3705 2192 3745 eum
2251 3689 2412 3743 laude
2470 3688 2726 3759 praestitit
2792 3689 2876 3743 vir
2945 3688 3356 3746 illttstrissimUS
3414 3692 3654 3762 Angelus

2070 3781 2313 3844 Scottus,
2347 3780 2690 3835 bibliotheca:
2718 3788 2841 3850 post.
2866 3779 3195 3835 Andresium
3223 3798 3449 3852 praeses,
3476 3794 3529 3839 et
3564 3800 3655 3841 re-

2068 3874 2279 3943 giorum
2322 3871 2631 3942 principum
2676 3870 2731 3925 in
2777 3871 2973 3925 litteris
3034 3871 3333 3927 institutor.
3382 3872 3656 3928 Nimirum

2070 3965 2138 4031 is,
2171 3964 2265 4035 qui
2307 3964 2524 4035 septimi
2553 3963 2780 4018 editoris
2806 3963 2989 4017 locum
3017 3964 3247 4029 obtinet,
3286 3966 3657 4031 amphilochia

2070 4058 2466 4130 duodeviginti.
2504 4068 2700 4129 praeter
2733 4056 3137 4125 Praefationem,
3171 4075 3296 4114 cum
3346 4076 3441 4115 sua
3492 4062 3659 4117 inter-

2070 4149 2375 4220 pretatione
2405 4150 2750 4218 Scholiisque
2789 4148 3014 4219 Neapoli
3056 4150 3196 4220 typis
3239 4150 3487 4218 excudit;
3523 4166 3657 4208 usus

2070 4242 2235 4297 etiam
2268 4240 2513 4296 Vaticani
2560 4242 2768 4318 codicis
2825 4242 3094 4312 suppetiis
3137 4242 3368 4314 aliquot,
3420 4260 3559 4314 quas
3585 4246 3655 4299 cl.

2073 4343 2260 4391 noster
2321 4333 2575 4390 Amatius
2626 4333 2693 4387 ad
2743 4348 2869 4388 eum
2938 4332 3213 4389 submisit.
3276 4334 3658 4403 Amphilochia

367 4429 513 4483 Num
542 4443 672 4493 ergo
697 4424 1143 4479 Montfauconius
1172 4439 1335 4494 quem
1363 4426 1601 4494 vulgavit
1631 4423 1864 4478 iudicem
1894 4422 1964 4476 ab
1996 4426 2041 4485 Ι)
2071 4427 2234 4498 igitur
2281 4436 2410 4482 ante
2455 4442 2543 4482 me
2586 4440 2682 4481 sex
2729 4425 2897 4480 edidit
2942 4426 3219 4490 Canisius,
3264 4426 3588 4484 Stewartius
3618 4424 3659 4493 I,

367 4521 699 4575 antanuensi
739 4520 926 4587 aliquo
955 4516 1188 4586 accepit,
1241 4517 1359 4585 ipse
1405 4530 1534 4569 vero
1588 4515 1833 4569 codicem
1873 4514 1965 4568 vix

369 4612 616 4683 aspexit?
658 4609 915 4678 Alioquin
951 4608 1042 4661 vix
1082 4606 1197 4661 lieri
1244 4614 1459 4676 poterat
1505 4613 1563 4659 ut
1591 4604 1673 4659 vir
1713 4620 1965 4659 summus

369 4719 456 4763 tot
480 4706 831 4778 longissintas
872 4713 1038 4774 atque
1066 4703 1305 4773 optimas
1338 4702 1580 4756 lustrans
1610 4701 1962 4771 qutestiones,

368 4802 639 4873 neglectis
673 4800 781 4865 his,
814 4797 1095 4853 breviores
1124 4796 1247 4850 illas
1280 4810 1342 4849 ac
1375 4795 1681 4850 levidenses
1721 4794 1965 4865 eligeret,

367 4909 585 4963 suoque
627 4891 900 4961 prteconio
928 4899 1094 4959 atque
1122 4889 1329 4942 honore
1375 4900 1629 4957 typorum
1680 4895 1964 4941 mactaret.

369 4985 483 5040 Sed
519 5000 585 5038 en
635 4999 824 5037 rursus
879 4978 1329 5035 Montfanconius
1381 4978 1631 5050 peccavit
1677 4978 1808 5031 dum
1868 4978 1969 5032 has

366 5075 808 5148 quzestiuuculas
849 5090 947 5128 ceu
981 5073 1218 5129 ineditas
1259 5086 1451 5128 omnes
1498 5071 1761 5143 vulgavit.
1803 5070 1967 5141 Atqui

366 5175 441 5229 de
466 5171 700 5226 Asteriis
734 5171 1095 5240 quaestionem
1130 5168 1243 5239 jam
1284 5166 1485 5238 publici
1513 5165 1655 5234 juris
1698 5164 1971 5221 Combeti~

367 5268 491 5321 sius
526 5264 765 5320 fecerat:
819 5263 1157 5333 quaestiones
1187 5260 1257 5316 de
1303 5260 1501 5315 heresi
1550 5258 1771 5315 Eusebii
1810 5266 1866 5313 et
1904 5257 1971 5312 de

370 5355 607 5410 llercule
634 5356 687 5408 in
713 5353 892 5408 Photii
921 5353 1171 5423 epistolis
1209 5352 1382 5405 multo
1414 5361 1540 5407 ante
1571 5366 1601 5405 a
1633 5348 1970 5406 lllontacutio

366 5447 535 5503 editis
561 5447 963 5513 occurrebant;
997 5446 1049 5500 id
1073 5444 1218 5515 quod
1255 5443 1515 5499 Woltium
1559 5452 1707 5500 certe
1745 5458 1853 5498 non
1887 5443 1969 5497 la-

479 5582 561 5653 l7)
599 5581 902 5653 Qeincaru.
941 5581 1034 5635 lib.
1067 5597 1144 5653 tx.

480 5649 561 5715 181
595 5652 737 5706 Btbl.
774 5650 937 5707 Coisl.
974 5669 1025 5722 p.
1055 5649 1318 5707 546—348.

476 5724 569 5797 19)
605 5723 764 5778 Praef.
800 5724 866 5777 ad
896 5719 1024 5777 Ctt'r.
1059 5722 1124 5777 T.
1162 5722 1251 5781 Ill.
1280 5738 1313 5791 p
1359 5719 1413 5777 7.

718 5822 987 5883 PATROL.
1028 5820 1147 5881 Gn.
1200 5820 1298 5881 Cl.

2074 4519 2438 4576 Combelisius
2487 4518 2553 4582 ll,
2590 4516 3034 4574 Montfauronius
3068 4517 3111 4583 I,
3153 4517 3388 4574 Wolfius
3419 4519 3662 4589 quadra-

2076 4610 2223 4680 ginta
2274 4625 2369 4665 sex
2402 4610 2676 4677 breviora,
2712 4611 2934 4666 Scottus
2986 4611 3381 4682 duodeviginti.
3436 4612 3662 4667 Summa

2077 4705 2260 4771 itaque
2289 4711 2416 4757 ante
2444 4718 2529 4758 me
2548 4703 2820 4758 editorum
2844 4702 3356 4772 Amphilochiorum,
3389 4702 3474 4757 74.
3501 4701 3666 4758 Octa-

2079 4813 2179 4853 vus
2217 4797 2437 4852 demunt
2468 4797 2645 4853 editor
2688 4812 2790 4867 ego
2839 4813 2986 4862 sum,
3031 4796 3125 4867 qni
3170 4796 3358 4867 viginti
3390 4796 3663 4866 amphilo-

2076 4890 2200 4944 chia
2260 4890 2366 4945 hoc
2411 4889 2689 4945 volumine
2741 4889 2977 4944 exhibeo
3029 4906 3044 4943 :
3098 4904 3271 4958 quare
3315 4888 3665 4943 centonarius

2073 4980 2186 5047 jam
2223 4996 2487 5035 numerus
2535 4979 2931 5051 propemodum
2975 4979 3244 5049 expletur.
3284 4977 3449 5047 Atqui
3492 4978 3666 5032 codex

2081 5072 2382 5130 Vaticanus
2425 5073 2685 5129 tredecim
2735 5073 2977 5127 continet
3029 5086 3195 5141 supra
3245 5077 3507 5124 trecenta.
3559 5067 3665 5124 Sed

2082 5174 2262 5219 tamen
2296 5167 2502 5219 scimus
2547 5164 2756 5234 reliqua
2794 5178 2861 5218 ex
2913 5162 2999 5217 his
3038 5161 3318 5231 complura
3364 5166 3507 5214 inter
3548 5159 3668 5229 epi-

2081 5256 2251 5312 stolas
2280 5272 2311 5310 a
2346 5254 2681 5311 Montacutio
2709 5255 2882 5310 editas
2916 5252 3129 5324 jamdiu
3162 5262 3401 5308 exstare.
3440 5249 3669 5321 Insuper

2079 5362 2181 5418 ego
2212 5346 2333 5402 dedi
2370 5362 2593 5415 Operam
2626 5355 2686 5400 ut
2715 5344 3083 5412 Amphilochia
3115 5344 3437 5415 plerumque
3462 5340 3669 5412 longis-

2080 5441 2244 5508 sima,
2284 5440 2467 5497 dilatis
2512 5439 2883 5504 brevioribus,
2921 5438 2987 5494 ad
3036 5436 3307 5493 edendum
3347 5435 3666 5506 deligerent.

2155 5575 2268 5699 (20.)
2301 5574 2600 5657 Supplem:
2618 5575 2685 5630 ad
2723 5574 2936 5632 I-utmd.
2970 5572 3399 5658 hist._liug.‘6r.
3436 5583 3568 5629 tom.
3602 5573 3669 5653 I_l,

2193 5647 2228 5699 4
2288 5663 2303 5699 :
2360 5655 2415 5699 et
2476 5645 2647 5699 addit.
2712 5647 2779 5699 ad
2837 5645 3000 5699 Fahr.
3052 5645 3194 5699 Bibl.
3246 5645 3341 5699 Gr.
3394 5657 3524 5699 tom.
3574 5643 3669 5699 I.\.

2078 5643 2304 5771 p.47;
2360 5643 2435 5703 et
2476 5645 2647 5702 addit.
2712 5647 2779 5702 ad
2837 5645 3000 5703 Fahr.
3052 5643 3341 5701 BiblﬁGr.
3394 5657 3524 5701 tom.
3574 5643 3669 5711 IX,

2080 5734 2132 5772 υ.
2219 5737 2253 5771 ›.

3263 5815 3301 5872 2
