4134 6450
532 248 603 310 35
1698 239 1782 301 IN
1825 236 2115 300 AMPHIL

2217 236 2355 299 HIA
2398 240 2663 303 ΡΗΟΤΙΙ
3741 248 3814 312 36

528 360 743 427 Quibus
793 357 896 414 rite
946 354 1253 428 perpensis,
1300 353 1582 411 dimidiam
1637 354 1751 409 fere
1790 352 1983 423 Operis
2011 354 2210 419 par-A
2240 365 2352 409 tum
2387 356 2729 420 vicesimam,
2789 363 2900 412 tum
2953 356 3091 414 alias
3140 356 3370 430 aliquot,
3422 365 3537 414 tum
3579 359 3814 431 denique

531 464 638 507 lem
672 460 793 522 post
822 465 905 503 me
934 449 1112 503 adhuc
1145 448 1405 502 ineditam
1432 462 1721 517 superesse
1751 444 1955 515 judico.

604 549 690 603 lll.
738 548 809 601 De
839 563 952 599 mea
981 546 1231 600 editione.
1253 543 1369 598 lam
1395 544 1656 598 editionis
1680 556 1813 595 mete
1843 540 1981 593 ratio
2010 538 2117 593 etsi

529 642 758 709 simplex
786 650 890 701 est,
918 640 1103 692 labore
1134 649 1316 691 tamen
1338 652 1402 690 ac
1420 636 1738 689 dillicultate
1767 649 1876 687 non
1914 632 2115 687 caruit.

530 733 663 786 Nam
716 733 768 785 in
823 732 1018 801 primis
1058 738 1263 783 tantam
1316 728 1499 796 aperis
1542 736 1749 795 partem
1797 741 1860 778 ex
1886 723 2117 792 antiquo

527 826 715 879 codice
730 824 1070 884 exscribere,
1100 829 1225 891 apte
1255 820 1526 887 digerere,
1561 817 1952 887 orthographia
1980 829 2117 884 pau-

526 920 716 987 sisque
755 917 1167 985 interpungere,
1217 912 1432 966 mendis
1454 912 1617 965 etiam
1656 910 1866 979 aliquot
1895 922 2120 977 perpur-

526 1028 674 1082 gare,
710 1026 820 1063 non
860 1008 1200 1062 levissimum
1251 1004 1530 1073 negotium
1579 1001 1702 1056 fuit.
1764 1000 1841 1053 Eo
1889 997 2122 1053 accessit

527 1103 733 1157 Latinae
786 1098 1257 1170 interpretationis
1284 1096 1655 1160 elucubratio,
1706 1110 1810 1164 qua
1865 1092 2116 1147 Photium

527 1195 844 1251 necessario
874 1192 1260 1247 declarandum
1315 1190 1542 1259 putavi,
1603 1197 1825 1258 propter
1882 1202 1976 1241 eos
2025 1184 2120 1255 qui

526 1287 716 1341 Graece
761 1286 1009 1339 nesciunt
1057 1284 1141 1337 vel
1196 1284 1287 1353 qui
1343 1282 1529 1338 Graece
1571 1297 1630 1335 se
1663 1281 1803 1334 scire
1836 1278 2117 1333 simulant.

532 1381 639 1435 Sed
689 1391 870 1434 tamen
920 1390 976 1432 ut
1022 1378 1184 1433 citior
1229 1376 1407 1430 editor
1439 1377 1645 1438 fierem,
1673 1370 2120 1443 pauloincultior

528 1474 799 1543 interpres
831 1472 995 1526 videri
1045 1471 1213 1525 malui
1244 1487 1259 1523 :
1298 1469 1464 1539 igitur
1508 1466 1775 1536 quidquid
1808 1464 1973 1518 menti
2008 1462 2120 1532 pri-

528 1582 676 1619 mum
698 1564 959 1627 occurrit,
996 1562 1050 1617 id
1085 1563 1195 1617 fere
1218 1562 1433 1616 calamo
1459 1560 1636 1629 pinxi,
1669 1556 1900 1627 expoliri
1930 1564 2115 1609 autem

527 1674 711 1711 sermo
770 1672 877 1711 non
938 1666 1137 1727 potest,
1192 1654 1294 1709 nisi
1325 1670 1489 1723 quem
1522 1653 1723 1707 decens
1760 1665 1912 1704 mora
1949 1648 2112 1701 lima-

528 1752 687 1804 verit.
728 1748 927 1803 Curavi
964 1758 1143 1803 tamen
1169 1748 1395 1816 ubique,
1434 1753 1495 1799 ut
1534 1744 1781 1799 Grazcam
1824 1739 2114 1795 verit-atem

529 1842 718 1895 Latina
750 1851 995 1897 servaret
1027 1842 1336 1895 translatio.
1386 1837 1782 1891 Adnotationes
1808 1848 1964 1887 raras
1986 1830 2119 1886 sub-

533 1935 715 1999 texui;
780 1934 866 1988 his
905 1934 1051 1988 enim
1087 1935 1326 1986 lectores
1351 1944 1540 1984 carere
1576 1927 1789 1981 facilius
1822 1931 2112 1995 poterant:

529 2027 854 2082 lliblicarum
894 2036 1073 2079 autem
1108 2024 1519 2085 auctoritatum,
1556 2035 1679 2089 qure
1737 2027 1816 2072 tot
1860 2033 1890 2071 a
1925 2014 2119 2069 Photio

522 2122 841 2187 laudantur,
893 2121 1051 2175 sedes
1113 2117 1362 2187 pr0prias
1407 2116 1462 2169 in
1491 2114 1614 2168 libri
1652 2109 1994 2181 marginibus
2024 2106 2119 2160 de-

526 2211 853 2267 monstravi.
915 2209 1261 2278 Qumstiones
1292 2210 1462 2278 ipsas,
1513 2222 1634 2277 qua:
1674 2205 1727 2258 in
1759 2202 1949 2257 codice
1979 2214 2116 2254 con-

526 2309 765 2361 tinenter
815 2306 1159 2369 scribuntur,
1217 2305 1271 2357 in
1307 2300 1570 2363 articulus
1596 2298 1839 2353 minores
1860 2293 2112 2355 distinxi,

526 2414 638 2469 quo
676 2397 888 2451 scilicet
936 2395 1318 2466 perspicuitati
1355 2391 1632 2449 sermonis
1662 2388 2031 2448 consulerem,
2064 2392 2120 2439 et

528 2492 596 2543 iis
638 2490 728 2556 qui
788 2490 941 2543 locos
1002 2489 1254 2543 cilabunt
1293 2502 1408 2541 rem
1454 2483 1803 2541 commodam
1849 2479 2114 2533 facerem.

524 2581 831 2649 Caetcroqui
875 2579 1177 2633 ordinalem
1240 2593 1555 2639 numerum,
1614 2590 1723 2645 quo
1774 2584 2118 2640 unaquaeque

526 2674 758 2743 quaestio
811 2680 1035 2725 notatur
1074 2672 1127 2723 in
1174 2670 1387 2733 codice,
1434 2668 1641 2723 idcirco
1690 2666 1927 2727 servavi,
1964 2674 2118 2717 utne

528 2774 644 2817 tum
681 2763 903 2833 quidem
932 2760 1136 2816 citandi
1178 2760 1319 2814 ratio
1348 2760 1616 2820 varietur,
1643 2773 1766 2811 cum
1795 2755 2115 2808 universum

527 2872 667 2926 opus
713 2853 975 2908 exstabit.
1034 2850 1169 2906 Illud
1218 2850 1503 2904 verissime
1534 2848 1721 2903 testari
1743 2862 1904 2916 queo,
1935 2860 2021 2898 me
2050 2843 2118 2897 de

526 2948 714 3001 codice
739 2944 1009 2999 Vaticano
1044 2942 1421 3013 Amphilochia
1466 2941 1715 2995 omnium
1757 2938 1927 2992 ferme
1955 2936 2121 3005 potis-

528 3040 668 3092 sima
699 3038 1039 3107 dcccrpsisse
1063 3052 1075 3101 ;
1100 3051 1225 3105 quae
1262 3034 1519 3088 nimirum
1548 3032 1631 3085 vel
1667 3032 1783 3101 ipsa
1808 3030 2117 3100 prolixitate

526 3150 647 3198 sua,
719 3132 801 3185 vel
842 3139 1166 3200 argumento
1190 3129 1341 3201 gravi
1377 3137 1431 3183 et
1470 3126 1816 3198 theologico,
1870 3123 1957 3178 vel
2010 3122 2115 3177 do-

525 3226 720 3279 ctrina:
747 3223 1060 3285 altitudine,
1088 3222 1166 3275 vel
1188 3222 1429 3275 novitate
1456 3220 1637 3287 aliqua
1656 3213 2121 3273 commendaban-

526 3334 635 3383 tur,
665 3329 719 3374 et
758 3335 877 3388 quzc
926 3332 1102 3385 neque
1130 3331 1251 3370 cum
1292 3312 1684 3381 Amphilochiis
1715 3310 1900 3373 editis,
1941 3320 2120 3377 neque

527 3427 861 3467 I‘lll‘aUSClllll
895 3409 1146 3478 epistolis
1180 3406 1579 3477 congruebant.
1632 3401 1890 3457 Profecto
1938 3400 1993 3453 in
2031 3399 2117 3452 his

526 3512 674 3560 tanta
705 3505 780 3556 rei
817 3503 975 3555 bonae
1024 3498 1183 3567 copia
1234 3508 1340 3559 est,
1407 3507 1466 3551 ut
1513 3511 1653 3566 quas
1701 3494 1767 3548 de
1800 3495 1902 3547 hoc
1932 3490 2118 3561 Opere

525 3600 715 3653 laudes
737 3597 994 3655 Allatius.
1020 3592 1280 3655 Wolfius,
1310 3591 1637 3654 Andresius,
1672 3590 1897 3644 Scottus
1914 3588 2118 3656 aliique

524 3693 685 3762 pleno
733 3704 827 3743 ore
876 3688 1351 3757 pnedicaverunt,
1415 3700 1511 3738 eas
1572 3698 1758 3745 nemo,
1809 3690 1869 3735 ut
1926 3692 2113 3749 spero,

525 3783 721 3838 nimias
749 3780 1096 3851 judicaturus
1129 3778 1222 3833 sit.
1284 3775 1415 3831 Mihi
1457 3792 1588 3831 vero
1619 3775 1881 3845 cogitanti
1914 3772 2117 3843 permi-

526 3891 647 3930 rqu
680 3872 850 3927 videri
886 3871 1045 3937 solet,
1108 3870 1206 3940 qui
1257 3869 1373 3923 fieri
1428 3867 1671 3938 potuerit
1705 3876 1762 3921 ut
1793 3864 2021 3919 Photius
2060 3862 2113 3917 in

523 3966 883 4023 s:ccularibus
917 3964 1065 4019 euris
1092 3962 1381 4017 muneribu
1404 3976 1541 4031 sque
1559 3969 1805 4015 versatus
1835 3972 2014 4028 usque
2047 3956 2115 4011 ad

522 4059 922 4129 episcopatum,
981 4056 1047 4110 ad
1095 4070 1259 4126 quem
1324 4054 1499 4108 laicus
1531 4053 1715 4110 subito
1745 4064 1967 4107 evectus
1988 4050 2111 4113 fuit,

524 4160 726 4206 tantam
754 4149 1063 4204 divinarum
1102 4146 1513 4216 Scripturarum
1556 4155 1721 4216 atque
1752 4142 2113 4201 abstrusioris

524 4240 809 4309 theologia}
863 4240 1110 4292 notitiam
1166 4237 1595 4307 facultatemque
1645 4236 1879 4306 adeptus
1922 4235 2109 4288 fuerit.

523 4330 658 4386 Tres
716 4341 899 4385 tamen
953 4331 1007 4383 in
1064 4330 1270 4384 Latinis
1330 4337 1633 4383 occurrunt
1664 4327 1937 4392 Patribus,
1968 4342 2110 4397 quos

520 4438 677 4493 aequo
702 4422 829 4493 jure
858 4420 1036 4475 Photii
1072 4420 1293 4491 ingenio
1330 4436 1711 4489 opponamus;
1763 4420 1929 4488 hique
1980 4426 2111 4472 sunt

520 4516 849 4588 Cyprianus,
882 4514 1227 4574 Ambrosius,
1263 4521 1428 4580 atque
1467 4512 1843 4580 Augustinus;
1871 4527 2108 4580 quorum

520 4611 734 4680 primus
774 4623 805 4661 a
846 4607 967 4661 foro
998 4615 1053 4660 et
1086 4605 1389 4659 honoribus
1430 4605 1494 4658 ad
1530 4605 1901 4658 sanetum-ium
1928 4604 2111 4657 subito

521 4701 762 4767 transiit,
808 4708 863 4754 et
889 4707 1072 4752 tamen
1107 4698 1160 4750 in
1194 4697 1533 4751 acutissimis
1562 4694 1817 4751 Ecclesiae
1845 4696 2111 4766 theologis

522 4802 827 4864 reputatur.
852 4790 1143 4846 Secundus
1183 4804 1212 4843 a
1240 4789 1488 4843 saeculari
1522 4788 1756 4857 Liguriae
1788 4789 2111 4857 praefectura

520 4891 586 4943 ad
619 4888 825 4943 infulas
850 4892 1074 4952 repente
1113 4891 1323 4953 raptus,
1363 4882 1727 4936 nihilominus
1754 4890 1957 4935 tantam
1987 4900 2111 4937 mox

520 4982 743 5035 edidicit
802 4994 975 5034 sacrae
1031 4977 1295 5031 doctrinae
1343 4977 1595 5045 copiam,
1657 4987 1917 5045 quantam
1968 4979 2111 5034 edita

521 5074 645 5146 ejus
672 5087 837 5141 opera
871 5072 1285 5135 demonstrant;
1339 5079 1536 5139 praeter
1592 5070 1681 5124 illa
1727 5086 1848 5141 quae
1870 5072 2112 5127 celeber-

522 5168 663 5221 rima
687 5166 840 5228 olim,
868 5179 1014 5218 nunc
1035 5162 1237 5217 amissa
1267 5164 1578 5233 querimur.
1615 5163 1959 5235 Augustinus
1983 5165 2111 5220 item

522 5254 771 5325 profanis
800 5253 1001 5309 studiis
1034 5268 1209 5326 usque
1235 5252 1302 5306 ad
1356 5252 1596 5306 adultam
1629 5264 1841 5308 mtatem
1874 5256 2114 5310 innutri-

526 5359 634 5413 tus,
664 5346 815 5401 brevi
850 5362 975 5399 mox
1028 5345 1331 5399 maximum
1384 5345 1566 5400 omnis
1610 5346 1897 5415 theol0giae
1928 5346 2112 5401 lumen

525 5438 801 5495 inclaruit.
857 5437 980 5491 Jaru
1023 5438 1115 5505 qui
1177 5453 1349 5491 sacra:
1383 5438 1815 5493 llermenenticaa
1873 5454 2113 5495 canones

525 5543 855 5601 cognoscere
902 5538 1058 5595 avet,
1110 5528 1155 5583 is
1199 5527 1378 5583 Photii
1437 5531 1671 5599 primam
1725 5532 2111 5603 quaestionem,

593 5686 707 5760 (at)
740 5685 873 5739 Bibl.
910 5686 1002 5743 Gr.
1036 5689 1122 5746 ed.
1158 5703 1277 5744 nov.
1317 5697 1355 5741 ι.
1395 5689 1485 5756 x1,
1518 5706 1572 5759 p.
1607 5690 1697 5746 ετ.

2220 450 2408 504 "260"In
2440 452 2620 507 adeat.
2688 451 2988 506 Bibliorum
3040 453 3191 507 locos
3243 454 3335 520 qui
3388 456 3813 523 repugnantium

2224 544 2462 611 Speciem
2497 544 2721 606 habent,
2765 555 2911 598 recte
2940 545 3242 598 conciliant
3268 547 3580 615 complures
3629 563 3693 602 ex
3726 546 3814 601 his

2220 632 2580 701 quaestiones,
2628 633 2764 698 ut6,
2807 634 2900 697 ‘23,
2944 646 3051 688 etc.
3114 634 3307 689 Nonne
3358 637 3474 705 ipsa
3524 637 3815 704 theologia:

2221 728 2520 795 penetralia
2551 729 2831 783 cernimus
2880 731 2931 781 in
2973 728 3373 798 quaestionibus
3415 729 3482 783 de
3536 729 3817 800 baptismo

2223 819 2367 873 etde
2395 820 2517 873 vita»
2546 821 2821 874 termino?
2870 818 3068 891 Utique
3089 830 3140 875 et
3196 821 3298 875 illae
3341 821 3408 875 de
3448 838 3817 891 personarum

2221 910 2535 965 divinarum
2564 912 2991 981 proprietatibus
3046 913 3376 983 persnbtiles
3420 930 3624 983 perque
3647 931 3819 970 accu-

2225 1013 2355 1057 rata:
2383 1014 2533 1059 sunt.
2584 1003 2776 1060 Nonne
2837 1008 3057 1061 demum
3125 1009 3519 1077 componendis
3565 1010 3822 1064 moribus

2225 1107 2457 1166 prosunt
2497 1099 2603 1152 illae
2649 1099 2716 1151 de
2748 1098 3110 1165 Eucharistia,
3148 1112 3200 1155 et
3234 1102 3303 1157 de
3343 1103 3718 1165 Providentia,
3761 1112 3821 1158 et

2220 1187 2289 1241 de
2320 1188 2671 1256 sempiternis
2701 1190 2968 1244 scelerum
2997 1192 3214 1261 pinnis?

2293 1278 2381 1334 IV.
2444 1281 2834 1337 Controversia:
2880 1284 3083 1353 aliquot
3132 1286 3197 1338 de
3248 1289 3641 1356 ainphilochiia.
3700 1290 3820 1359 Age

2224 1388 2355 1429 vero
2385 1374 2513 1444 quia
2563 1377 2663 1429 hoc
2693 1391 2833 1445 opus
2874 1378 2941 1432 ad
2976 1380 3422 1448 Amphilochium
3457 1382 3622 1435 scribi
3657 1380 3816 1436 vidc-

2223 1482 2365 1531 mus,
2427 1484 2589 1523 nemo
2630 1470 2935 1535 existimet,
2988 1488 3149 1526 omne
3204 1474 3253 1527 id
3306 1475 3548 1543 quresitis
3603 1476 3671 1528 ab
3707 1474 3819 1529 hoc

2223 1558 2442 1613 homine
2478 1560 2616 1615 forte
2648 1564 2945 1633 propositis
2979 1566 3329 1633 respondere.
3399 1566 3491 1619 Est
3529 1566 3673 1619 etiim
3722 1566 3817 1619 hic

2222 1652 2485 1707 solemnis
2539 1656 3013 1724 προσφωνούντων
3070 1673 3210 1721 mos,
3268 1667 3326 1712 ut
3373 1659 3445 1711 ob
3476 1657 3815 1727 captandam

2222 1746 2495 1800 scribendi
2525 1762 2738 1809 ansam,
2765 1764 2878 1803 rem
2904 1750 3177 1819 ejusmodi
3216 1753 3441 1821 fingant.
3496 1750 3589 1803 Sic
3635 1750 3815 1805 Euse-

2221 1840 2372 1894 bium
2412 1841 2760 1897 simulavisse
2804 1857 2956 1912 pulo,
2993 1844 3123 1898 dum
3168 1846 3233 1898 ad
3274 1843 3612 1914 Stephanum
3647 1846 3816 1900 Mari-

2221 1944 2462 1999 numque
2502 1916 2793 1987 scriberet.
2863 1933 2957 1987 Sic
3002 1933 3330 1990 Theodorus
3360 1934 3810 2007 Mopsuestenus,

2219 2032 2360 2077 teste
2396 2022 2661 2078 Ebediesu
2716 2026 2769 2079 in
2814 2024 3099 2095 Catalogo,
3146 2028 3362 2097 singula
3412 2046 3578 2099 prope
3641 2044 3811 2099 opera

2219 2114 2285 2167 ad
2314 2114 2521 2169 amicos
2555 2116 2725 2179 misit,
2756 2118 2917 2186 quasi
2952 2117 3021 2171 ab
3081 2118 3148 2172 iis
3190 2130 3415 2188 rogatus
3466 2120 3660 2175 fuisset
3705 2139 3719 2173 :
3754 2130 3815 2175 et

2220 2206 2301 2259 sic
2328 2205 2395 2258 ab
2418 2206 2539 2259 aliis
2569 2204 2823 2261 Ecclesia:
2845 2206 3124 2273 Patribus,
3168 2224 3269 2263 nec
3310 2225 3418 2263 non
3467 2226 3497 2264 a
3526 2210 3814 2280 scriptori-

2220 2298 2323 2353 bus
2389 2300 2623 2353 ethuicis
2674 2300 2985 2355 factitatum
3047 2302 3281 2358 scimus.
3324 2302 3579 2358 Profecto
3621 2302 3810 2357 Photii

2222 2394 2320 2446 has
2338 2392 2667 2459 quaestiones
2700 2394 2900 2447 nonad
2944 2410 3114 2448 unum
3137 2396 3336 2450 missas
3365 2394 3535 2451 fuisse
3564 2397 3648 2449 vel
3682 2397 3817 2453 inde

2220 2492 2387 2552 patet,
2433 2483 2582 2552 quod
2641 2500 2704 2539 ex
2734 2485 2821 2540 his
2874 2487 3187 2555 complures
3225 2487 3277 2540 in
3340 2488 3590 2558 epistolis
3616 2492 3683 2543 ad
3712 2505 3813 2541 ra-

2220 2572 2336 2625 rios
2360 2575 2654 2627 mittuntur
2678 2574 2967 2630 homines:
2994 2586 3107 2630 tum
3141 2577 3304 2631 etiam
3336 2580 3482 2648 quod
3514 2580 3617 2635 loci
3652 2582 3811 2634 multi

2220 2665 2275 2719 in
2310 2664 2739 2723 Commentariis
2770 2669 2988 2725 hiblicis
3024 2685 3052 2723 a
3079 2668 3279 2725 Photio
3313 2672 3555 2735 tractati,
3608 2674 3811 2728 deinde

2220 2760 2272 2813 in
2304 2759 2675 2828 Amphilochia
2710 2764 2954 2817 translati
2994 2764 3234 2820 fuerunt.
3284 2765 3424 2837 Ergo
3452 2782 3523 2820 ex
3555 2768 3639 2821 his
3661 2778 3813 2823 recte

2218 2851 2588 2917 concluditur,
2648 2852 2902 2908 Pbotium
2957 2871 3081 2910 cum
3133 2856 3299 2912 multa
3342 2858 3393 2910 in
3424 2859 3697 2928 epistolis,
3753 2860 3809 2913 in

2220 2946 2803 3013 commentationibus,
2867 2948 2921 3003 in
2966 2949 3229 3013 homiliis,
3272 2950 3338 3004 de
3366 2966 3523 3005 sacra
3555 2952 3811 3006 doctrina

2224 3036 2613 3102 disseruisset,
2700 3040 2767 3093 ad
2834 3050 3141 3096 extremum
3202 3043 3462 3112 prteclarc
3500 3054 3553 3097 et
3600 3044 3812 3098 utiliter

2222 3128 2550 3199 cogitavisse
2577 3130 2645 3184 de
2676 3132 2950 3187 universis
3002 3133 3225 3203 scriptis
3263 3134 3347 3190 his
3384 3134 3436 3189 in
3477 3151 3645 3189 unum
3685 3152 3808 3190 cor-

2220 3237 2323 3293 pus
2350 3224 2773 3289 coaeervandis;
2811 3225 2962 3295 quod
2989 3241 3114 3279 cum
3141 3227 3383 3281 mitteret
3415 3226 3640 3281 honoris
3678 3243 3811 3299 ergo

2221 3314 2286 3367 ad
2318 3314 2554 3368 amicum
2594 3317 3065 3384 Amphilochium,
3110 3334 3310 3373 nomen
3354 3320 3479 3375 inde
3517 3320 3809 3375 sobortum

2217 3414 2321 3470 est,
2358 3407 2442 3461 vel
2487 3406 2666 3462 Photii
2726 3409 2903 3479 ipsius
2964 3411 3049 3465 vel
3100 3422 3445 3481 posterorum
3500 3413 3810 3480 voluntate,

2217 3496 2610 3566 Amphilochia.
2646 3499 2869 3556 Iamdiu
2923 3503 3145 3571 quidem
3180 3505 3456 3560 dubitavit
3519 3506 3808 3564 Fabricius

2218 3589 2332 3661 (‘21)
2365 3608 2493 3646 num
2538 3601 2790 3647 auctores
2835 3605 3153 3650 catenarum
3185 3598 3624 3667 evangelicarum
3660 3601 3811 3653 locos

2224 3686 2424 3749 Photii,
2459 3701 2598 3754 quos
2636 3686 2936 3742 identidem
2971 3688 3276 3758 proferunt,
3325 3706 3393 3745 ex
3425 3692 3808 3761 Amphilochiis

2216 3780 2448 3834 mutuati
2470 3780 2601 3844 sint,
2653 3795 2723 3835 an
2761 3780 2944 3850 potius
2980 3783 3049 3835 ab
3087 3782 3335 3851 ejusdem
3382 3785 3473 3853 qui
3506 3783 3811 3853 aliquando

2214 3873 2524 3927 exstiterint
2545 3872 2972 3929 Commentariis
2999 3876 3341 3945 evangelicis.
3377 3874 3488 3947 Ego
3514 3886 3810 3948 utrumque

2216 3964 2667 4035 factumjudico;
2719 3983 2897 4037 neque
2947 3968 3125 4023 solum
3170 3969 3268 4023 abs
3318 3977 3637 4023 catenarum
3705 3985 3808 4023 au-

2213 4063 2481 4127 ctoribus,
2514 4076 2703 4115 verum
2744 4062 2812 4115 ab
2847 4061 2966 4130 ipso
2997 4059 3192 4115 Photio
3228 4062 3513 4116 materiam
3556 4063 3806 4117 eamdem

2216 4173 2324 4211 non
2354 4171 2467 4211 uno
2498 4155 2551 4209 in
2582 4155 2703 4208 loco
2729 4170 2905 4223 neque
2940 4154 3108 4209 semel
3140 4164 3460 4223 usurpatam
3522 4156 3805 4212 existimo.

2212 4250 2347 4305 Nam
2381 4258 2435 4305 et
2465 4250 2517 4303 in
2550 4248 2763 4303 catenis
2813 4264 3005 4317 reapse
3038 4250 3223 4317 plures
3276 4248 3380 4303 loci
3420 4247 3677 4303 Photiani
3710 4266 3807 4303 oc-

2214 4353 2465 4408 currunt,
2522 4343 2616 4413 qui
2675 4342 2730 4396 in
2791 4341 3200 4411 Amphilochiis,
3258 4357 3380 4412 quae
3418 4358 3567 4397 nunc
3617 4343 3803 4397 omnia

2140 4444 2187 4500 ι)
2219 4435 2491 4497 novimus,
2533 4449 2639 4487 non
2687 4441 3030 4501 comparent.
3092 4430 3159 4486 Et
3205 4434 3426 4503 quidem
3453 4432 3802 4488 Scholiornm

2214 4525 2394 4580 Photii
2447 4525 2512 4579 ad
2545 4524 2749 4579 Lucam
2808 4525 3138 4579 ineditorum
3200 4540 3301 4596 ego
3344 4525 3462 4595 ipse
3521 4526 3575 4580 in
3625 4526 3805 4596 prima

2216 4617 2381 4685 hujus
2427 4617 2718 4671 voluminis
2775 4616 3013 4671 editione
3065 4618 3343 4686 specimen
3411 4617 3635 4672 exhibui
3680 4630 3806 4689 post

2212 4709 2613 4778 Apollinarium
2652 4726 2666 4774 ;
2704 4709 2857 4777 plura
2892 4710 3145 4768 daturus.
3202 4710 3311 4765 nisi
3345 4712 3603 4781 pleraque
3635 4728 3806 4781 agno-

2214 4806 2415 4857 vissent
2450 4802 2502 4855 in
2538 4802 2922 4870 Amphilochiis
2971 4804 3055 4857 vel
3116 4804 3170 4857 in
3219 4802 3474 4872 Epistolis
3523 4820 3691 4874 prope
3735 4806 3804 4860 ad

2215 4897 2439 4951 verbum
2496 4897 2689 4966 repeti.
2747 4897 2923 4961 Quam
2972 4912 3087 4952 rem
3134 4906 3192 4951 ut
3231 4897 3529 4952 lectoribus
3555 4898 3805 4967 probem,

2216 4988 2427 5041 idoneis
2458 4988 2794 5057 argumentis
2818 4990 3153 5057 parcendum
3179 5002 3284 5041 non
3314 5001 3425 5044 est.

2287 5081 2340 5134 l.
2374 5079 2609 5134 Matthzei
2652 5079 2832 5135 locum
2873 5095 2953 5143 ιιι,
2998 5080 3086 5141 l7,
3118 5096 3228 5149 quo
3256 5080 3410 5135 aiunt
3450 5082 3603 5152 pueri
3658 5082 3807 5138 Ceci-

2214 5172 2391 5227 nimus
2426 5174 2590 5235 vobis,
2614 5183 2720 5226 etc.
2750 5172 3140 5241 interpretatur
3168 5174 3360 5227 iisdem
3380 5176 3562 5229 verbis
3579 5174 3806 5231 Photius

2216 5274 2331 5320 tum
2388 5267 2440 5319 in
2504 5266 2712 5320 Catena
2769 5264 3035 5320 Vaticana
3077 5268 3199 5320 eod.
3235 5266 3361 5329 758,
3390 5284 3444 5338 p.
3477 5269 3569 5333 28,
3606 5280 3720 5324 tum
3751 5270 3805 5325 in

2217 5358 2662 5427 Amphilochiana
2711 5359 3017 5428 quaesdone
3044 5359 3134 5423 54,
3165 5375 3194 5413 a
3225 5359 3418 5414 Scotto
3445 5361 3613 5415 edita.

2285 5453 2339 5505 2.
2374 5449 2537 5505 Luca:
2565 5451 2721 5507 locus
2746 5467 2808 5517 It,
2840 5453 2908 5507 55
2958 5471 2971 5507 :
3023 5452 3091 5505 Et
3144 5464 3293 5506 tuam
3347 5455 3518 5522 ipsius
3566 5456 3805 5509 animam

2215 5544 2583 5614 pertransibit,
2609 5555 2743 5614 etc.,
2770 5546 3071 5603 illustratur
3097 5563 3127 5602 a
3158 5547 3357 5603 Photio
3388 5551 3572 5604 tumin
3599 5548 3807 5604 Catena
