4134 6446
151 405 225 465 37
1513 402 2080 465 PROLEGOMENA
2092 450 2105 463 .
3381 410 3455 472 38

125 517 427 577 ,Vaticana
461 510 585 568 cod.
620 508 780 576 1955,
801 525 855 580 p.
888 508 979 575 05,
1046 517 1160 564 tum
1213 509 1380 564 etiam
1424 488 1493 565 in
1524 512 1755 583 Amphi-

1864 513 1970 566 τῶν
2001 514 2441 586 σταυρωσάντων
2492 515 2900 589 ἐκκαλούμενοι»
2948 519 3323 591 μυσάττεσθαι
3355 522 3455 593 τὴν

154 606 413 662 lochiana
443 602 750 674 quaestione
783 599 905 655 176.

223 700 280 752 5.
316 699 448 752 Luc.
508 711 633 755 xm.
694 692 761 747 14
810 711 823 746 :
889 691 1226 760 Respondeas
1284 692 1757 764 archisynagogus.

148 788 321 845 Verbi
339 786 705 858 ἀποκρίνομαι
726 784 978 838 notiones
998 784 1163 837 varia:
1186 786 1547 839 enucleantur
1567 800 1596 839 a
1624 784 1759 839 Pbo-

150 878 228 935 tio
257 878 495 933 breviter
512 876 564 930 in
582 874 785 930 Catena
824 873 1082 928 Vaticana
1110 875 1260 938 1055,
1283 891 1336 945 p.
1354 875 1478 937 568,
1496 885 1609 929 tum
1633 891 1760 945 pro-

150 976 323 1030 lixius
367 981 419 1026 et
473 971 690 1025 doctius
736 968 1267 1038 inAmphilochiana
1310 984 1340 1023 a
1384 986 1470 1023 me
1499 970 1639 1025 edita
1666 969 1758 1026 21.

224 1068 280 1119 4.
317 1064 451 1120 Luc.
508 1078 623 1125 xvi,
674 1060 768 1124 26,
828 1060 895 1114 de
949 1061 1184 1130 epuloue
1225 1070 1278 1115 et
1326 1061 1531 1115 Lazaro
1578 1060 1759 1115 Photii

151 1161 313 1214 locus
348 1167 433 1211 est
463 1157 516 1211 in
554 1158 757 1210 Catena
790 1152 1057 1208 Vaticana
1084 1154 1208 1217 759,
1244 1169 1297 1223 p.
1335 1154 1425 1221 66,
1472 1154 1567 1225 qui
1616 1154 1758 1209 scri-

151 1252 305 1307 bitur
336 1250 390 1305 in
422 1248 655 1320 epistola
691 1248 833 1302 edita
865 1247 957 1301 52.
1020 1246 1195 1302 Porro
1224 1257 1276 1301 ct
1301 1248 1456 1303 locus
1490 1247 1757 1303 adversus

154 1343 417 1412 Origenis
479 1355 725 1395 errorem
772 1339 840 1393 de
871 1338 1052 1407 ptenis
1111 1347 1466 1408 peccatorum
1529 1340 1758 1394 minime

155 1434 404 1497 arternis,
455 1433 550 1503 qui
605 1432 805 1486 ibidem
859 1429 1051 1500 paucis
1082 1431 1268 1486 verbis
1299 1430 1351 1484 in
1380 1440 1573 1487 catena
1602 1431 1758 1502 poni-

158 1539 266 1592 tur,
304 1526 379 1591 is,
400 1527 648 1596 inquam,
682 1522 1187 1592 prietermittitnrin
1219 1522 1449 1593 epistola
1466 1522 1555 1588 52,
1582 1523 1675 1579 sed
1691 1523 1757 1578 de

154 1638 220 1676 eo
253 1620 479 1691 cepiose
513 1618 566 1672 in
598 1617 772 1686 prima
804 1614 1117 1671 disseritur.

230 1715 283 1770 5.
314 1714 453 1768 Luc.
492 1726 629 1775 xxii,
661 1708 729 1763 56
775 1724 788 1761 :
838 1706 996 1760 Nunc
1024 1707 1113 1777 qui
1142 1707 1295 1761 habet
1323 1706 1619 1773 sacculum,
1645 1716 1751 1762 elc.

163 1807 370 1864 Locum
421 1806 572 1860 hunc
601 1810 797 1856 tractat
829 1799 1057 1856 Photius
1096 1802 1149 1855 in
1186 1798 1389 1853 Catena
1422 1797 1544 1853 Vat.
1591 1799 1750 1865 1955,

165 1918 222 1971 p.
269 1899 423 1963 557,
488 1898 729 1965 itemque
794 1892 1130 1964 amplissime
1180 1891 1233 1945 in
1296 1872 1831 1960 AmphilochianaB

165 1993 336 2065 prima
366 1992 670 2061 quaestione
702 1987 889 2042 iisdem
920 1984 1035 2039 fere
1070 1983 1255 2037 verbis
1282 1992 1461 2037 ntens.

230 2084 284 2138 0.
314 2081 449 2137 Luc.
484 2096 621 2143 xxii,
645 2078 737 2140 44,
769 2078 947 2132 locum
972 2076 1039 2130 de
1061 2075 1261 2129 sudore
1290 2073 1493 2129 Christi
1519 2073 1750 2142 sangui-

164 2187 285 2238 neo,
318 2169 636 2225 ineamdem
662 2168 989 2222 sententiam
1039 2166 1343 2233 iisdemque
1372 2164 1555 2219 verbis
1577 2164 1753 2235 expli-

162 2275 247 2319 cat
292 2264 527 2318 Photius
564 2272 678 2317 tum
712 2262 765 2316 in
809 2259 1029 2315 Catenis
1051 2257 1174 2312 Vat.
1208 2256 1337 2324 759,
1401 2274 1456 2327 p.
1500 2258 1643 2325 211;
1694 2265 1752 2313 et

162 2357 322 2421 1955,
349 2371 407 2426 p.
442 2354 569 2418 562,
598 2363 714 2408 tum
745 2354 796 2406 in
824 2351 1054 2422 epistola
1083 2350 1205 2405 138.

231 2450 282 2501 7.
317 2447 453 2502 Luc.
511 2461 673 2512 χχιιι,
711 2444 805 2499 25.
864 2443 1097 2498 Disserit
1139 2440 1371 2498 Photius
1437 2441 1491 2495 in
1540 2439 1748 2497 Catena

160 2541 281 2595 Vat.
314 2541 444 2603 758,
478 2556 529 2609 p.
576 2537 666 2605 78,
712 2538 778 2592 de
802 2535 1007 2591 Christi
1058 2535 1326 2605 sanguine
1358 2534 1755 2605 redemptionis

162 2634 357 2703 pretio,
394 2622 539 2703 quod
582 2630 762 2700 ipsutn
811 2629 1007 2684 iisdem
1058 2627 1171 2682 fere
1217 2626 1403 2682 verbis
1445 2628 1505 2680 tit
1546 2626 1599 2679 in
1635 2625 1756 2678 Am-

168 2726 517 2797 philochiana
545 2723 615 2777 2i

232 2818 283 2871 8.
331 2816 471 2870 Luc.
502 2829 653 2878 xxiv,
685 2812 774 2873 51,
823 2809 987 2865 verba
1025 2809 1209 2879 Aperti
1241 2817 1364 2862 sunt
1396 2808 1540 2861 oculi
1569 2823 1751 2861 eorum

167 2911 355 2967 eodem
411 2909 573 2963 modo
618 2906 971 2976 explicantur
1004 2920 1033 2959 a
1066 2904 1266 2959 Photio
1310 2902 1363 2956 in
1390 2900 1594 2957 Catena
1629 2901 1751 2955 Vat.

172 3004 290 3069 759,
338 3017 394 3071 p.
428 2999 558 3063 255,
613 3008 779 3067 atque
832 2998 885 3049 in
936 2994 1399 3065 Amphilochiana
1449 2993 1755 3063 quaestione

174 3094 404 3150 nondum
434 3092 577 3146 edita
615 3090 702 3143 14.

239 3183 288 3238 9.
322 3182 459 3236 Luc.
495 3196 654 3242 xxiii,
682 3178 771 3240 50,
804 3178 870 3232 de
894 3174 1136 3246 Josepho
1164 3175 1233 3229 ab
1264 3173 1594 3229 Arimathaaa
1626 3189 1754 3227 nar-

175 3275 305 3329 ratio
351 3283 439 3327 est
483 3278 623 3342 apud
654 3271 909 3326 Photium
948 3269 1103 3323 initio
1129 3265 1380 3335 epistolae
1405 3266 1495 3320 9|.
1554 3266 1755 3320 Verum

172 3370 351 3421 i-adrm
391 3366 653 3420 scribitur
697 3367 749 3418 in
778 3363 983 3419 Catena
1008 3362 1129 3416 Vat.
1162 3361 1286 3423 759,
1320 3360 1518 3430 ρ.2Η.
1575 3360 1754 3427 Atque

174 3476 268 3527 ego
293 3460 377 3513 vix
407 3458 599 3512 dubito
634 3457 766 3526 quin
801 3472 864 3509 ex
902 3455 989 3508 illa
1027 3453 1207 3507 Pbotii
1256 3451 1518 3506 Oratione
1551 3450 1603 3502 in
1650 3449 1760 3503 Do-

178 3550 303 3604 mini
336 3549 705 3619 sepulturam,
734 3561 900 3616 quam
933 3544 1297 3598 Combeﬁsius
1336 3540 1548 3624 (‘22)‘in
1574 3538 1757 3593 Maza-

178 3644 390 3697 iiuiano
430 3642 619 3697 codice
646 3640 801 3704 vidit,
823 3637 915 3693 sed
944 3637 1070 3707 quia
1096 3635 1314 3691 carebat
1341 3634 1567 3687 exordio
1596 3632 1761 3686 cdere

176 3736 363 3797 noluit.
395 3736 490 3790 vix
537 3735 759 3803 inquam
796 3732 984 3785 dubito
1030 3729 1161 3799 quin
1191 3729 1295 3783 hoc
1328 3725 1510 3780 Photii
1541 3724 1761 3793 elegans

180 3830 629 3899 ἀποσπασμέηιον
678 3825 745 3880 de
789 3822 1027 3893 Josepbo
1078 3823 1148 3875 ab
1178 3820 1506 3874 Ariniathaaa
1540 3817 1763 3872 Vatica-

182 3941 278 3980 nus
309 3923 623 3994 eclogarius
664 3917 1026 3987 decerpserit,
1082 3914 1230 3985 quod
1269 3913 1588 3980 Speciminis
1640 3912 1761 3965 loco

186 4033 284 4070 non
327 4032 412 4070 me
458 4016 604 4085 piget
636 4010 970 4066 exscribere.
1023 4007 1209 4076 Pergit
1246 4006 1394 4060 enim
1421 4004 1491 4059 ad
1524 4002 1759 4057 Pilatum

186 4105 466 4176 Joseplius,
506 4117 744 4172 euntque
770 4110 825 4154 ut
857 4100 961 4154 sibi
998 4097 1207 4153 Christi
1252 4112 1456 4165 c0rpus
1496 4093 1764 4149 concedat

185 4200 479 4269 composita
509 4197 757 4252 oratione
796 4194 875 4249 sic
928 4194 1256 4260 deprecatur
1286 4190 1419 4252 :Ad;
1450 4205 1563 4259 μοι,
1596 4186 1764 4256 φησιν

185 4296 211 4346 ὁ
248 4293 465 4365 Ἰωσὴφ,
497 4292 547 4344 εἰ
588 4289 802 4360 βούλει,
833 4285 1006 4356 θάψαι
1056 4285 1148 4337 τὸν
1192 4282 1387 4354 νεκρὸν
1419 4280 1517 4335 τοῦ
1562 4279 1761 4351 Ἰησοῦ,

183 4388 237 4439 ὃν
263 4389 311 4440 0i
348 4385 582 4454 γνωστοὶ
616 4383 819 4443 πάντες
857 4378 1064 4449 ᾤχοντο
1098 4374 1517 4438 καταλιπόντες,
1551 4366 1613 4426 οὗ
1636 4372 1765 4425 πολ-

1868 604 2164 675 ὼμότητα·
2204 605 2328 660 οὐδὲ
2371 606 2471 676 τὴν
2516 608 2801 680 Καίσαρος
2854 611 3193 665 ὲπισείσουσι
3250 610 3456 681 φιλίαν,

1869 696 1982 749 Οὐκ
2007 690 2061 749 εἴ
2092 697 2266 766 φίλος,
2294 697 2568 768 λέγοντες,
2610 700 2701 754 τοῦ
2735 702 3034 773 Καίσαρος,
3067 706 3116 758 εἰ
3142 705 3343 776 νεκρὰν
3372 706 3455 759 δί-

1866 784 1972 849 δως
2004 789 2071 857 τῇ
2100 790 2169 857 γῇ
2216 787 2649 859 κατορύττεσθαι
2672 806 2686 818 ⁸
2712 791 3146 863 ἀπροφάσιστος,
3178 796 3226 847 εὶ
3273 794 3455 865 βούλει

1871 877 2113 948 μόνον,ή
2149 878 2434 950 πλήρωσις
2485 880 2586 951 τῆς
2636 882 2933 952 αἰτήσεως.
2963 884 3187 948 Τούτοις
3231 885 3330 956 τὴν
3358 887 3455 939 cui”)

1868 969 2103 1023 Πιλάτου
2135 971 2462 1042 κατεπᾴδων
2486 972 2690 1043 ψυχὴν,
2706 975 2966 1044 τυγχάνει
2992 977 3086 1029 τοῦ
3110 979 3337 1043 σκοποῦ,
3362 982 3456 1033 καὶ

1867 1061 2134 1131 λαμϐάνει
2166 1062 2493 1135 καθαιρεθὲν
2547 1065 2612 1118 τὸ
2642 1065 2803 1135 σῶμα
2852 1066 2946 1120 τοῦ
2994 1068 3194 1140 Ἰησοῦ,
3228 1072 3324 1125 καὶ
3355 1076 3456 1140 τῆς

1869 1154 2133 1225 συνήθους
2156 1154 2300 1222 ἀξιοῖ
2327 1156 2628 1227 φροντίδος.

1937 1244 2004 1300 V.
2064 1245 2318 1301 Jamvero
2369 1256 2430 1302 ut
2484 1263 2514 1302 a
2562 1248 2744 1319 seipso
2788 1250 2957 1305 multa
3008 1251 3313 1321 sumpsisse
3336 1250 3451 1324 (25)

1866 1337 2121 1393 Photium
2162 1339 2416 1395 'vidimus
2466 1342 2617 1411 (nam
2645 1342 2804 1410 plura
2849 1343 3009 1398 nobis
3056 1345 3313 1414 persequi
3342 1362 3449 1400 non

1864 1428 2137 1502 vacabat),
2163 1432 2234 1486 ita
2261 1447 2386 1487 eum
2422 1448 2528 1487 non
2557 1449 2730 1503 pauca
2753 1450 2974 1504 quoque
3006 1437 3073 1491 ab
3102 1437 3243 1501 aliis,
3261 1453 3360 1507 pro
3390 1453 3450 1491 re

1863 1532 1991 1577 nata
2023 1522 2106 1577 vel
2142 1533 2300 1594 prout
2328 1525 2595 1579 inStitutaa
2627 1542 2742 1580 sure
2772 1528 3093 1598 scriptionis
3149 1531 3289 1583 ratio
3346 1544 3451 1600 po-

1862 1616 2068 1679 scebat,
2087 1615 2252 1671 taeito
2268 1616 2696 1685 licetjauctorum
2717 1620 2957 1685 nomine,
2977 1620 3277 1689 sumpsisse
3294 1636 3451 1676 com-

1862 1708 2125 1777 perimus.
2182 1707 2240 1761 ln
2295 1708 2523 1762 exordio
2574 1708 2895 1779 quzeStionis
2941 1711 3007 1765 de
3068 1712 3448 1767 voluntatibus

1861 1800 2149 1873 gnomieis,
2178 1800 2253 1855 ait
2276 1801 2505 1855 Photius
2531 1816 2589 1856 se
2621 1801 2823 1857 idcirco
2845 1802 3443 1859 hanclucnhrationem

1865 1895 2154 1958 instruere,
2181 1892 2309 1963 quia
2340 1908 2498 1947 nemo
2531 1908 2561 1947 e
2605 1894 2813 1949 sanctis
2847 1894 3139 1966 dignisque
3177 1898 3446 1966 obsequio

1856 1986 2113 2042 Patribus
2165 2002 2287 2041 eam
2332 1986 2399 2040 ad
2452 1986 2714 2056 liquidam
2751 1989 3113 2057 perduxisset,
3150 1991 3232 2045 vel
3280 1992 3446 2060 quid-

1855 2095 2022 2150 quam
2058 2078 2199 2149 frugi
2220 2079 2286 2135 de
2324 2080 2426 2133 hoc
2468 2088 2798 2150 argumento
2829 2080 3076 2142 dixisset,
3102 2095 3301 2151 magno
3327 2082 3444 2136 Ma-

1856 2172 2006 2227 ximo
2030 2182 2281 2241 excepto.
2334 2170 2507 2226 Porro
2551 2173 2736 2226 statim
2772 2171 3001 2227 Ph0tius
3042 2171 3201 2240 plane
3222 2173 3289 2226 ad
3321 2189 3446 2227 vcr-

1855 2263 1985 2318 bum
2008 2264 2252 2333 expilare
2283 2263 2475 2333 incipit
2519 2265 2696 2320 sancti
2723 2262 2952 2317 Joannis
2970 2262 3288 2319 Damasceni
3306 2280 3446 2334 opus

1856 2356 1924 2411 de
1968 2355 2076 2410 fide
2124 2356 2456 2420 orthodoxa,
2508 2370 2808 2425 suppresso
2854 2356 3099 2410 auctoris
3146 2355 3445 2425 Operisque

1858 2445 2249 2514 titulo:qnam
2303 2460 2418 2499 rem
2464 2444 2880 2514 deprehendere
2937 2443 3065 2497 licet
3121 2454 3446 2513 comparato

1857 2535 2037 2591 Pbotii
2065 2544 2213 2589 textu
2271 2551 2395 2590 cum
2426 2534 2767 2589 Damasceno
2801 2534 3051 2603 Lequinii
3091 2542 3132 2589 t.
3163 2533 3205 2599 l,
3245 2550 3297 2603 p.
3346 2535 3443 2589 187

1858 2645 2012 2698 δρψι.
2046 2627 2256 2698 Nequid
2289 2629 2357 2683 de
2386 2628 2661 2683 Anastasii
2711 2626 2937 2682 Sinaitze
2986 2626 3203 2697 llodego
3236 2628 3444 2694 dicam,

1856 2721 2017 2791 cujus
2050 2736 2205 2790 aeque
2233 2720 2585 2775 definitiones
2616 2719 2756 2773 clam
2797 2718 3025 2773 Photius
3061 2719 3261 2773 sectari
3292 2719 3446 2772 vidc-

1857 2824 1966 2869 tur.
2022 2812 2221 2883 Utique
2279 2811 2508 2869 Photius
2560 2813 2611 2867 in
2648 2812 3107 2881 Amphilochiana
3144 2811 3446 2881 quaestione

1857 2907 1947 2974 10,
1983 2920 2261 2977 anonymo
2314 2914 2539 2960 auctore
2588 2920 2648 2960 se
2701 2905 2778 2958 uti
2823 2905 2976 2967 dicit,
3011 2918 3174 2973 quem
3238 2902 3444 2957 Dama-

1858 3014 2083 3055 scenum
2132 2997 2536 3068 intelligendum
2569 3012 2691 3052 esse
2738 2996 3055 3067 tempestive
3099 2996 3313 3049 monuit
3343 3010 3446 3050 nos

1858 3089 2039 3144 Pbotii
2074 3090 2346 3159 interpres
2381 3089 2452 3143 cl.
2486 3089 2732 3144 Scottus.
2792 3088 3167 3154 Qumstionem
3215 3087 3446 3157 Amphi-

1860 3183 2173 3238 lochianaiu
2201 3182 2600 3253 amplissimam
2637 3183 2762 3248 M9,
2803 3182 2871 3236 de
2894 3182 3019 3235 vita:
3049 3180 3285 3235 termino
3320 3179 3447 3233 uni-

1859 3289 2074 3328 versam
2109 3274 2259 3327 nullo
2290 3272 2458 3327 verbo
2486 3280 2825 3327 commutato
2862 3269 3092 3325 Photius
3127 3286 3156 3323 e
3188 3270 3447 3325 Germani

1860 3365 2187 3438 patriarcha:
2217 3381 2358 3436 penu
2392 3365 2459 3418 ad
2491 3379 2550 3420 se
2578 3364 2721 3418 clam
2755 3364 3056 3417 transtulit.
3126 3364 3262 3417 Item
3295 3379 3451 3433 qua:-

1862 3457 2192 3512 stiunculam
2226 3456 2331 3510 152
2367 3459 2433 3511 de
2474 3456 2814 3511 obscuritate
2857 3454 2915 3509 S.
2955 3455 3254 3524 Scriptura:
3286 3455 3452 3510 tacite

1862 3550 1929 3604 ad
1959 3550 2185 3605 verbum
2211 3550 2449 3619 sumpsit
2481 3547 2716 3603 Phatius
2763 3564 2793 3603 e
2833 3548 3186 3620 Polychronii
3223 3548 3450 3618 prologo

1862 3642 1927 3695 ad
1953 3639 2151 3695 Johum
2187 3657 2200 3695 :
2236 3656 2360 3710 qua:
2383 3640 2565 3694 brevis
2604 3639 2931 3703 lucubratio,
2965 3638 3095 3707 quia
3129 3654 3235 3692 non
3269 3648 3454 3693 exstat

1863 3748 1989 3787 cum
2033 3732 2245 3788 eaeteris
2277 3730 2625 3802 Polychronii
2663 3730 2729 3784 ad
2751 3728 2953 3784 Jobutn
2984 3730 3281 3800 excerptis,
3311 3746 3341 3784 a
3366 3748 3454 3785 tne

1863 3826 2099 3881 libenter
2147 3825 2292 3879 edita
2337 3825 2457 3879 fuit.
2534 3823 2781 3893 Denique
2826 3823 3189 3892 quaestionem
3245 3822 3348 3878 154
3386 3826 3454 3878 ile

1868 3918 2033 3972 variis
2079 3916 2381 3970 Bibliorum
2440 3931 2731 3972 sacrorum
2788 3916 3125 3971 editionibus
3189 3919 3351 3971 tacite
3384 3920 3453 3971 ad

1864 4010 2093 4064 verbum
2124 4008 2421 4078 exscripsit
2473 4009 2701 4063 Photius
2754 4023 2817 4062 ex
2853 4008 2994 4062 edita
3036 4010 3456 4078 pseudo-Atha-

1866 4102 2007 4156 nasii
2049 4102 2377 4170 quastione,
2412 4100 2528 4155 sive
2561 4100 2727 4155 etiam
2761 4117 2823 4154 ex
2861 4098 3151 4170 Epiphanii
3178 4099 3452 4154 l’anario:

1867 4194 1917 4247 id
1954 4192 2098 4262 quod
2122 4207 2223 4261 ego
2254 4192 2518 4257 sentiens,
2551 4193 2818 4261 scriptum
2840 4193 3185 4262 przetermisi.
3218 4194 3459 4249 Caetero-

1866 4286 1959 4355 qui
1989 4301 2055 4340 ne
2083 4286 2304 4355 gravius
2334 4300 2599 4339 accusare
2631 4283 2892 4339 Photium
2925 4286 3137 4350 videar,
3187 4287 3290 4341 hoc
3313 4304 3455 4356 quo-

1866 4393 1974 4447 que
2026 4377 2430 4433 observandum
2489 4387 2607 4441 est,
2679 4374 2937 4431 Photium
2994 4378 3172 4447 ipsum
3240 4378 3293 4433 in
3354 4395 3458 4434 suo

184 4477 259 4529 λοὶ
290 4478 384 4546 μὲν
416 4474 714 4545 συνέρῤεον
745 4471 840 4523 ἐπὶ
857 4469 935 4540 τῷ
965 4468 1132 4522 πάθει
1158 4468 1370 4532 θεαταὶ,
1395 4465 1491 4518 νῦν
1512 4465 1557 4519 δ’
1585 4463 1761 4525 οὐδεὶς

1869 4466 2359 4538 Amphilochiorum
2404 4466 2706 4532 Procemio,
2770 4476 2883 4523 tum
2939 4470 3104 4523 etiam
3150 4472 3460 4540 quiestione

187 4570 498 4639 ὑπέμεινεν,
555 4564 679 4617 οὐδὲ
726 4563 837 4616 τῶν
868 4561 1059 4630 φίλων,
1113 4558 1521 4628 ὲνταςριαστής·
1565 4555 1764 4611 ἄπεστί

186 4677 262 4712 σοι
283 4659 447 4728 φόϐος
482 4655 765 4727 βασιλείας
790 4670 803 4684 ·
833 4653 1100 4723 τέθνηκεν
1134 4653 1163 4704 ὁ
1195 4650 1259 4703 τὸ
1300 4650 1504 4720 κράτος
1537 4648 1636 4719 μὲν
1662 4647 1764 4716 τῆς

185 4753 420 4819 ἐξουσίας
450 4751 700 4823 ἁρπάσαι
728 4744 1231 4817 κατηγορούμενος,
1274 4742 1437 4812 μέχρι
1459 4740 1515 4792 δὲ
1544 4740 1637 4793 καὶ
1664 4739 1763 4792 αὺ-

184 4848 274 4918 τῆς
304 4847 638 4917 προφάσεως
667 4840 847 4903 ἀθῶος
897 4837 1085 4908 ὀφθεὶς
1142 4835 1346 4897 παντὸς
1385 4832 1762 4904 ἀδικήματος·

182 4940 237 4991 ὃν
266 4936 711 5009 πρεφητοκῑόνος
742 4930 964 4999 γλῶσσα
988 4930 1081 4982 καὶ
1107 4926 1262 4996 φωνὴ
1292 4925 1389 4978 καὶ
1426 4928 1628 4996 χεῖρες,
1662 4922 1757 4974 σοῦ

184 5031 457 5095 δοκοῦντος
492 5030 685 5101 φέρειν
714 5022 1241 5095 φιλανθρωποτέραν
1265 5019 1467 5089 ψῆφον,
1500 5018 1606 5070 ὑπὸ
1634 5016 1762 5085 κρί-

189 5144 262 5178 σιν
290 5126 495 5196 ἧγαγον
528 5121 793 5176 οανάτου’
826 5118 915 5181 δός
946 5132 1039 5187 μοι
1065 5116 1229 5186 χάριν
1263 5114 1570 5181 ὁμολογεῖν,
1601 5110 1669 5163 δι’
1694 5104 1763 5180 ἦς

190 5220 396 5289 ἐτέρους
446 5216 601 5271 οὐδὲν
649 5213 906 5284 ζημιοῖςο
944 5210 1067 5263 οὐδὲ
1118 5207 1231 5278 γὰρ
1279 5205 1388 5261 οὐδ’
1422 5207 1450 5258 ὁ
1477 5204 1588 5257 τῶν
1629 5204 1763 5256 Ἰου-

188 5312 343 5365 δαίων
386 5310 544 5381 ὄχλος
580 5307 868 5361 ἀπώσεται
904 5306 973 5375 γῇ
1006 5301 1275 5372 μαθόντες
1306 5299 1397 5352 τὸν
1432 5296 1628 5369 ἐχθρὸν
1658 5312 1764 5348 κα-

188 5403 532 5473 λυπτόμενον.
558 5398 780 5454 Μᾶλλον
812 5398 910 5469 μὲν
947 5391 1042 5450 οὖν
1077 5391 1500 5464 δυσχεραίνουσι
1544 5388 1642 5442 καὶ
1673 5404 1763 5439 νε-

191 5497 312 5565 κῴν
359 5495 451 5547 τὸν
482 5493 573 5547 ὑπ’
613 5490 798 5547 αὐτῶν
844 5489 1180 5561 μισούμενον
1227 5485 1559 5557 βλέποντες’
1603 5480 1764 5535 τοῦτο

196 5588 285 5655 μὲν
332 5588 430 5656 τὴν
474 5585 657 5639 αὐτῶν
703 5582 1018 5655 μιαιφονίαν
1058 5579 1135 5651 τῷ
1186 5576 1407 5648 σταυρῷ
1463 5574 1760 5647 θριαμϐεύο

193 5696 333 5743 οντα,
358 5679 514 5733 τοῦτο
534 5678 592 5731 δὲ
621 5676 731 5730 τῶν
763 5674 1021 5745 ὁρώντων
1043 5673 1134 5727 τὸν
1180 5671 1330 5725 ἔλεον
1373 5670 1624 5735 ἕλκοντα,
1672 5667 1769 5721 καὶ

259 5796 363 5866 (22,
398 5796 618 5851 Auctar.
644 5812 761 5849 nov.
798 5793 909 5866 PP_.
938 5809 995 5862 p.
1038 5792 1196 5847 1605.

1868 4562 1908 4626 Ι,
1948 4576 2070 4632 cap.
2102 4560 2168 4615 10
2200 4562 2332 4634 (quo
2360 4553 2638 4631 postremo
2685 4561 2807 4617 loco
2857 4561 2927 4616 de
2958 4562 3339 4631 superioribus
3369 4563 3460 4617 Bi-

1867 4653 2103 4707 bliorutn
2125 4654 2516 4724 interpretibus
2534 4654 2673 4708 mira
2696 4671 2820 4709 eum
2844 4655 3150 4710 reverentia
3168 4656 3457 4728 loquitur),

1869 4747 2159 4801 manifeste
2202 4747 2407 4810 dicere,
2466 4763 2524 4803 se
2558 4749 2801 4817 acceptis
2829 4763 2895 4803 ex
2931 4748 3023 4803 illa
3065 4757 3338 4803 vetustate
3372 4765 3462 4803 se-

1868 4839 2135 4902 minibus,
2187 4838 2349 4909 longe
2399 4840 2771 4896 aceuratiores
2820 4841 3321 4896 contradictionem
3365 4856 3459 4894 SU-

1871 4934 2111 4988 lutioncs
2142 4932 2194 4985 in
2222 4931 2463 4987 medium
2498 4932 2764 5002 proferre.
2828 4932 2995 5004 quue
3031 4934 3211 4989 Pbotii
3249 4936 3457 4990 dictum

1872 5039 2050 5095 neque
2084 5022 2307 5089 falsum,
2352 5032 2408 5078 nt
2434 5032 2591 5094 puto,
2624 5041 2803 5096 neque
2835 5042 3097 5096 arrogans
3127 5038 3248 5094 est;
3280 5044 3459 5098 quan-

1872 5116 2163 5187 doquidem
2215 5117 2297 5171 lue
2347 5116 2528 5171 Photii
2573 5119 2909 5186 quaastiones
2965 5134 3062 5174 seu
3114 5120 3325 5175 biblieze
3361 5137 3457 5177 scu

1874 5208 2211 5279 theologicaa,
2250 5208 2353 5262 etsi
2392 5224 2499 5263 non
2537 5224 2729 5264 omnes
2757 5209 2871 5279 pari
2904 5209 3145 5280 pondere
3177 5225 3241 5266 ac
3280 5211 3461 5281 digni-

1874 5312 1982 5357 tate
2015 5311 2164 5365 sunt,
2221 5310 2405 5355 tamen
2458 5309 2702 5357 veterum
2748 5302 3045 5356 multorum
3091 5304 3157 5357 de
3189 5303 3355 5357 simili
3393 5318 3455 5358 re

1875 5394 2265 5466 scriptionibus
2298 5402 2556 5465 praestare
2581 5394 2835 5449 videntur
2865 5413 2878 5450 :
2917 5404 2971 5449 et
2994 5395 3240 5465 quidem,
3266 5410 3461 5450 exem-

1872 5486 1947 5556 pli
2024 5484 2198 5555 gratia
2238 5524 2255 5550 ,
2345 5483 2681 5539 Cmsarensis
2773 5484 2991 5539 Eusebii
3067 5486 3461 5556 quaestionibus

1872 5574 2225 5645 evangelicis,
2296 5572 2596 5643 quominus
2645 5574 2745 5630 has
2784 5574 3079 5646 photianas
3134 5571 3463 5643 anteferam,

1876 5668 2059 5724 nullus
2090 5666 2332 5740 ambigo.

264 5853 373 5933 (23)
416 5869 473 5924 ιιι
500 5868 698 5924 fatetur
730 5866 847 5937 ipse
877 5853 1109 5920 Piiotius
1162 5877 1394 5933 procem.
1450 5856 1791 5930 Amploilocli.
1835 5857 1977 5928 apud
2008 5856 2076 5913 cl.
2119 5853 2393 5910 Scottum.
