4134 6502
773 443 845 507 ω
1914 441 1993 499 IN
2024 440 2544 500 AMPHILOCHIA
2584 442 2847 503 PHOTII
3897 459 3951 517 ιθ

1014 670 1369 732 EIUSDEM
1420 669 1654 730 CARD.
1702 668 1849 728 MAI
1894 668 2309 729 ΡΒᾸΞΡΑΪΙΟ
2350 672 2431 731 LV
2487 671 3011 743 QCESTIONES
3053 676 3770 745 AMPHILOCHIANAS

768 774 973 849 ριῗΑε
1016 776 1303 836 ΕΗᾸΞΕΕ
1336 774 1605 833 EDIDIT
1637 774 1713 832 ΙΝ
1746 774 2250 833 SCRIPTORL'M
2284 776 2463 836 VET.
2498 777 2687 836 NOV.
2723 777 2899 838 COL.
2933 780 3005 837 Τ.
3052 778 3254 851 ΙΧ,Ρ.
3294 785 3502 845 1-158.
3530 786 3945 855 ΒΟΜᾸΞΛΒΞΠ,

838 898 913 952 De
954 897 1129 950 Pbotii
1176 898 1327 963 Amp?
1358 898 1643 949 ειυιλιλεω
1690 900 2081 964 quzstor:lbus
2128 899 2323 966 partim
2355 907 2403 959 Α

764 992 925 1042 e'ilis
972 990 1165 1055 par‘itn
1214 990 1335 1039 ined
1364 990 1469 1043 tis.
1516 990 1687 1053 deque
1742 990 1979 1055 ipsarum
2022 988 2211 1057 viginti
2258 1003 2323 1041 ex

764 1084 951 1135 codice
971 1079 1277 1132 Vaticanoa
1304 1096 1387 1131 me
1408 1080 1731 1145 jampridem
1754 1082 2062 1146 divulgalis,
2086 1080 2321 1141 abunde,

766 1182 825 1224 ut
860 1184 1011 1240 puto.
1062 1172 1291 1223 disserui
1332 1172 1381 1221 in
1426 1172 1717 1220 voluminis
1766 1171 1925 1237 primi
1978 1168 2323 1223 Prziatione.

768 1262 919 1315 Nunc
943 1266 1254 1314 earumdem
1284 1262 1643 1328 qutstionum
1672 1264 2051 1329 apograplium
2080 1279 2145 1314 ex
2178 1262 2294 1313 Vati

766 1370 906 1407 cano
970 1356 1159 1407 codice
1212 1364 1487 1417 sumptum
1547 1351 1689 1405 forte
1767 1364 1995 1415 nactus,
2064 1356 2324 1405 constitui

764 1448 997 1514 denique
1020 1444 1281 1514 quidquid
1309 1444 1551 1513 praeclari
1576 1444 1753 1511 operis
1780 1445 1955 1496 adhuc
1984 1446 2322 1512 invulgatum

766 1548 1063 1605 supererat,
1096 1538 1233 1603 typis
1266 1536 1643 1597 committere;
1675 1538 1916 1602 exceptis
1953 1537 2040 1597 iis,
2070 1552 2190 1603 qur
2219 1538 2322 1590 etsi

764 1630 977 1681 titulum
1041 1630 1525 1693 Amphilochiorum
1590 1630 1887 1693 gerebant,
1964 1631 2325 1685 nihilominus

760 1721 907 1782 alibi,
943 1729 1069 1788 puta
1110 1720 1251 1771 inter
1284 1717 1461 1771 Photii
1506 1718 1801 1785 Epistolas,
1842 1721 1953 1788 jam
1988 1722 2320 1774 exstabant:

758 1827 1068 1882 quanquam
1122 1827 1228 1864 non
1269 1812 1341 1865 ita
1394 1811 1469 1864 fui
1519 1826 1790 1873 mfer:US,
1845 1820 1904 1864 ut
1957 1812 2003 1865 si
2057 1827 2145 1865 res
2193 1813 2321 1866 alibi

760 1910 1055 1966 interdum,
1106 1906 1447 1959 brevioribus
1501 1913 1597 1957 aut
1653 1905 1882 1957 diversis
1925 1906 2130 1964 verbis.
2175 1906 2320 1959 dicta

758 2000 837 2052 vel
862 1999 1177 2050 adumbrata
1207 1995 1419 2056 inissa,
1446 2012 1562 2047 eam
1592 1996 1793 2048 idcirco
1822 1997 2316 2065 prziemitterem.

757 2091 1003 2144 Latinam
1040 2100 1219 2142 autem
1248 2090 1609 2157 quzstionum
1656 2089 2163 2157 interpretationem
2208 2104 2318 2142 non

754 2182 973 2245 addidi,
1024 2181 1153 2250 quia
1213 2196 1299 2233 me
1356 2178 1615 2233 festinare
1668 2182 1959 2248 oportebat
2008 2197 2022 2231 :
2074 2191 2316 2234 attamen

754 2284 1071 2343 argumenta
1105 2272 1294 2326 saltem
1334 2270 1421 2323 hic
1469 2268 1660 2324 Latine
1700 2285 1993 2338 exponam,
2031 2281 2091 2324 ut
2129 2270 2317 2325 Graece
2350 2252 2391 2306 Β

756 2365 927 2438 ignari
962 2380 1073 2418 rem
1110 2364 1323 2416 interim
1364 2362 1593 2415 summis
1627 2362 1796 2416 labris
1839 2362 2101 2416 delibent.
2146 2363 2317 2417 Porro

752 2474 806 2511 in
840 2458 1077 2510 editione
1105 2456 1323 2525 quidem
1366 2454 1687 2507 numerandi
1732 2454 2001 2517 ordinem,
2036 2465 2097 2507 ut
2130 2466 2215 2509 est
2258 2455 2313 2508 in

751 2550 1069 2609 codicibus,
1122 2546 1481 2609 conservavi,
1548 2557 1605 2600 ut
1663 2549 1709 2600 si
1775 2547 2069 2616 aliquando
2138 2558 2314 2601 totum

753 2640 1232 2709 Amphilochiorum
1262 2654 1397 2705 opus
1428 2652 1539 2691 uno
1568 2638 1846 2695 volumine
1888 2629 2317 2711 comprehenda-

752 2740 859 2793 tur,
884 2747 1039 2785 suum
1068 2746 1405 2800 uuaquzque
1453 2730 1684 2799 qmtio
1709 2731 1887 2784 locum
1921 2742 2147 2801 occupet
2175 2751 2189 2786 :
2224 2734 2317 2788 hic

750 2836 929 2876 tamen
962 2821 1147 2875 Latina
1160 2832 1467 2890 argutat-uta
1495 2822 1820 2876 continuatis
1848 2825 2089 2877 numeris
2110 2824 2313 2879 scribo.

751 2933 931 2987 Photii
950 2952 1011 3003 qu
1021 2935 1293 2986 restionem
1318 2934 1357 2985 Α
1370 2935 1871 2997 mphilochianarum
1892 2934 2313 3000 CXXX,quibtta

823 3008 1051 3078 universi
1077 3008 1245 3071 operis
1288 3006 1449 3057 editio
1479 3021 1617 3057 nunc
1664 3007 1873 3058 demum
1900 3008 2188 3060 absolvitur
2210 3010 2311 3078 (t),

820 3076 959 3144 Αἴθη
969 3092 1076 3127 men
1087 3086 1160 3126 ta.

816 3190 867 3242 1.
912 3190 967 3242 Si
1002 3188 1236 3258 septimo
1255 3187 1343 3242 die
1371 3187 1640 3257 requievit
1665 3186 1806 3242 Deus
1833 3203 1862 3242 a
1888 3188 2098 3242 cunctis
2132 3188 2313 3255 operi-

952 3281 1054 3333 bus
1108 3280 1259 3343 suis,
1315 3280 1587 3348 quomodo
1650 3280 1889 3333 salutare
1943 3279 2119 3333 Patris
2172 3277 2310 3332 Ver-

952 3371 1079 3425 bum
1113 3376 1190 3424 ait
1218 3388 1232 3423 :
1268 3370 1428 3423 Pater
1470 3387 1615 3423 meus
1644 3387 1805 3440 usque
1844 3370 1995 3425 modo
2024 3382 2305 3438 operatur,

949 3470 999 3514 et
1030 3477 1123 3529 ego
1159 3477 1366 3529 operor.

812 3551 865 3604 2.
905 3549 1016 3603 Cur
1073 3549 1335 3605 Dominus
1378 3551 1476 3605 luti
1537 3566 1679 3614 usu,
1730 3566 1839 3604 non
1892 3550 1998 3605 alia
2053 3551 2305 3615 ratione,

951 3642 1080 3695 caeci
1112 3641 1299 3696 oculos
1332 3642 1661 3711 persanavit.

810 3736 863 3789 3.
903 3733 1040 3802 Quid
1089 3744 1193 3797 est,
1240 3736 1485 3790 odientes
1532 3737 1699 3790 etiam
1748 3737 2023 3791 carnalem
2067 3736 2307 3790 macula-

954 3837 1062 3880 tam
1096 3828 1357 3879 tunicam.

812 3918 864 3971 4.
906 3916 961 3971 Si
995 3918 1260 3986 quidquid
1297 3917 1607 3972 necessitati
1634 3918 1899 3986 subjacet,
1932 3918 2158 3971 invitum
2194 3918 2305 3970 vio-

948 4009 1126 4063 lentiae
1163 4018 1337 4078 paret,
1366 4016 1741 4077 praetereaque
1771 4023 1995 4062 necesse
2032 4019 2115 4063 est
2141 4024 2301 4063 scan-

944 4102 1066 4155 dala
1103 4101 1156 4155 in
1196 4101 1326 4155 orbe
1369 4100 1514 4163 lieri,
1554 4100 1698 4153 haud
1734 4099 1881 4169 juste
1906 4100 2037 4154 diris
2072 4102 2303 4156 devove-

947 4202 1035 4246 tur
1065 4193 1159 4261 qui
1185 4192 1305 4263 fuit;
1325 4202 1568 4259 coactus,
1609 4194 1693 4246 vel
1726 4206 1883 4261 paena
1910 4193 2116 4261 peccati
2145 4194 2211 4247 de
2236 4208 2304 4247 eo

944 4286 1198 4338 sumitur.

808 4373 861 4425 5.
902 4370 958 4426 Si
989 4374 1125 4426 lines
1168 4372 1494 4427 saeculorum
1529 4371 1639 4441 jam
1677 4372 1731 4425 in
1766 4388 1865 4427 nos
1908 4383 2298 4442 pervenerunt,

945 4464 1274 4532 quibusnam
1338 4463 1554 4516 seculis
1616 4462 1819 4516 divitia:
1877 4462 2081 4518 Christi
2142 4465 2300 4519 nobis

942 4555 1323 4609 ostendentur.

803 4646 853 4699 ὕ.
898 4647 1009 4701 Cur
1060 4644 1152 4699 Dei
1204 4645 1296 4699 lilii
1338 4644 1596 4698 dicuntur
1641 4659 1989 4714 nequaquam
2033 4661 2296 4715 peccare;

941 4737 1041 4789 hos
1094 4744 1274 4788 autem
1322 4732 1604 4802 Scriptura
1654 4748 1775 4787 esse
1826 4735 2023 4789 asserit
2063 4736 2155 4805 qui
2204 4753 2301 4806 per

940 4840 1137 4894 aquam
1186 4834 1241 4878 et
1296 4826 1545 4893 spiritum
1596 4824 1761 4893 geniti
1805 4835 1969 4892 sunt;
2014 4836 2068 4881 et
2112 4835 2297 4882 tamen

940 4917 1141 4970 multos
1170 4916 1486 4980 cernimus,
1539 4914 1653 4983 qui,
1701 4915 1917 4970 etiamsi
1967 4917 2294 4986 baptismate
2328 4928 2369 4982 ι)

937 5006 1285 5075 adoptionem
1336 5005 1615 5060 consecuti
1660 5004 1882 5071 fuerint,
1937 5009 2295 5065 nihilominus

940 5106 1185 5167 peccant.

797 5196 850 5247 7.
891 5193 1177 5259 Quomodo
1229 5193 1514 5260 tlit-opatre
1562 5192 1777 5248 dicente
1832 5192 2066 5261 Davidc,
2120 5194 2297 5248 Homo

935 5286 1070 5337 sicut
1102 5285 1277 5351 fenum
1300 5285 1411 5338 die:
1444 5284 1580 5351 ejus,
1622 5294 1752 5349 etc.,
1784 5285 1928 5340 ﬁlius
1956 5286 2099 5340 illius
2139 5286 2295 5341 Salo-

939 5391 1064 5430 mon
1101 5376 1242 5431 hanc
1278 5376 1503 5447 protulit
1549 5377 1872 5431 sententiam
1906 5394 1919 5431 :
1954 5377 2062 5434 Res
2097 5395 2292 5450 magna

946 5468 1130 5534 homo,
1161 5476 1214 5523 et
1240 5471 1538 5539 pretiosum
1568 5469 1771 5540 aliquid
1802 5479 1886 5525 est
1911 5471 2015 5526 vir.

797 5562 848 5614 8.
890 5559 1000 5614 Cur
1038 5559 1366 5615 (laenioniaco
1417 5561 1607 5615 morbo
1639 5573 1919 5632 correptos
1960 5564 2292 5633 evangelista

800 5676 875 5742 tl)
914 5672 1269 5728 Doctissimus
1322 5675 1406 5727 vir
1486 5681 1637 5742 putat
1692 5683 1860 5729 totam
1911 5676 2289 5731 collectionem

734 5740 1233 5813 Amphilochiorum
1284 5745 1367 5798 his
1412 5740 1574 5797 editis
1631 5746 2030 5824 quaesitionibus‘
2053 5746 2285 5813 absolvi,

2634 900 2869 968 appellat
2898 900 3186 955 lunaticos.

2494 989 2549 1043 9.
2590 988 2722 1051 Cur,
2744 992 2961 1043 etiamsi
2992 993 3160 1043 Adam
3194 994 3456 1061 peceavit,
3483 1003 3535 1047 et
3562 994 3765 1062 penali
3797 1000 3950 1050 mortis

2638 1079 2859 1132 decreto
2910 1083 3191 1149 percul~us
3247 1082 3386 1143 luit,
3454 1086 3806 1139 nihilominus
3858 1089 3951 1155 ejus

2640 1173 2787 1224 ﬁlius
2815 1173 3079 1227 innocens
3102 1188 3461 1243 pramorqu
3488 1188 3591 1230 est.

2460 1263 2548 1314 10.
2585 1261 2740 1326 Quod
2770 1266 2994 1317 minime
3020 1282 3321 1334 repugnant
3346 1268 3491 1321 dicta
3527 1268 3650 1325 (etsi
3688 1269 3834 1321 aliter
3854 1272 3951 1337 qui-

2638 1352 2866 1406 busdam
2898 1357 3131 1423 videtur)
3166 1374 3179 1409 :
3214 1356 3325 1425 Ego
3370 1362 3481 1411 τειί
3512 1371 3568 1411 ut
3618 1360 3855 1411 mundani
3880 1359 3953 1426 ju-

2639 1443 2841 1503 dicent;
2878 1446 3152 1514 itemque:
3196 1447 3317 1499 .Von
3366 1452 3478 1501 teni
3516 1461 3573 1501 ut
3620 1456 3856 1501 mundum
3882 1450 3955 1517 ju-

2658 1536 2848 1597 dicent,
2890 1542 2979 1589 scd
3010 1550 3065 1589 ut
3092 1544 3316 1591 mundus
3340 1558 3432 1604 per
3455 1558 3532 1593 me
3556 1543 3800 1593 salrctur.

2460 1626 2547 1679 H.
2592 1626 2730 1691 Quid
2753 1638 2857 1687 est,
2887 1630 3067 1694 Λικινιὶ
3092 1640 3213 1682 sunt
3241 1632 3378 1681 oculi
3406 1648 3583 1682 eorum
3601 1632 3625 1683 .’
3645 1641 3695 1683 et
3717 1631 3957 1699 quomodo

2638 1718 2892 1787 praecepti
2932 1719 3296 1789 transgressio
3345 1720 3451 1772 vim
3497 1719 3772 1788 aperiendi
3797 1719 3956 1774 oculos

2634 1809 2843 1863 habuit.

2463 1898 2553 1953 12.
2592 1898 2707 1953 Cur
2756 1900 3007 1954 tellurem
3054 1898 3265 1971 Moyses
3305 1900 3629 1954 invisibilem
3675 1898 3957 1969 appellavit.

2461 1994 2549 2047 t5.
2590 1992 2703 2046 Cur
2747 1990 2892 2046 Deus
2944 2007 3100 2044 esum
3144 1993 3390 2045 carnium
3437 2009 3466 2044 a
3514 1991 3642 2046 feris
3688 1992 3962 2061 discerpta-

2636 2100 2756 2137 rum
2788 2084 3103 2137 hominibus
3130 2084 3428 2137 interdixit.

2460 2170 2550 2225 H.
2592 2169 2878 2237 Quomodo
2912 2171 3322 2239 intelligendum
3351 2170 3479 2224 illud
3511 2188 3525 2224 :
3556 2168 3679 2224 Non
3709 2170 3960 2239 apparebit

2628 2278 2823 2314 παραυ
2857 2278 3036 2314 εοηιηι
3066 2278 3167 2314 αι.

2458 2352 2545 2408 15.
2586 2351 2868 2419 Quomodo
2910 2369 3018 2407 non
3073 2361 3376 2422 repugnant
3417 2352 3559 2406 dicta
3609 2354 3745 2417 hac,
3791 2367 3964 2422 nempe

2633 2444 2829 2499 Omnia
2852 2457 3002 2498 erant
3037 2445 3188 2498 ralde
3214 2452 3347 2497 bona
3368 2461 3387 2507 ;
3417 2445 3612 2499 deinde
3640 2461 3767 2500 vero
3789 2446 3961 2499 distiu-

2624 2540 2755 2603 ctio,
2789 2555 2896 2606 qua
2938 2538 3047 2591 alia
3091 2537 3346 2591 animalia
3387 2537 3529 2591 dicta
3575 2547 3706 2591 sunt
3757 2535 3960 2601 munda,

2627 2630 2730 2683 alia
2765 2628 3067 2683 immunda.

2452 2718 2537 2774 16.
2578 2719 2687 2774 Cur
2735 2721 2817 2773 vir
2861 2723 2927 2773 ab
2979 2718 3170 2773 haeresi
3211 2719 3479 2786 resiliens,
3525 2720 3571 2775 si
3614 2724 3780 2775 modo
3815 2721 3962 2773 vitam

2625 2812 2958 2881 inculpatam
2987 2812 3199 2871 habeat.
3231 2810 3297 2863 ad
3336 2810 3705 2865 sacerdotium
3742 2813 3963 2865 admixti-

2624 2912 2746 2965 tur;
2798 2902 2893 2971 qui
2956 2912 3135 2955 autem
3195 2902 3482 2969 corporeis
3542 2903 3771 2958 maculis
3822 2901 3965 2955 fuerit

2626 2995 2969 3064 inquinatus,
3006 2993 3220 3047 etiamsi
3256 2994 3437 3061 pravis
3467 2996 3678 3049 actibus
3709 2995 3966 3050 abstinue-

2626 3088 2715 3149 rit,
2769 3086 3128 3140 nihilominus
3168 3086 3236 3139 ad
3280 3087 3645 3141 sacerdmium
3698 3102 3809 3142 non
3856 3099 3965 3157 pro-

2621 3190 2891 3230 ωυνειυιο.

2449 3268 2537 3324 17.
2580 3270 2821 3323 Curnam
2852 3280 3143 3339 antequam
3165 3269 3362 3341 Joseph
3385 3271 3454 3325 de
3474 3270 3793 3325 dimittenda
3817 3269 3968 3323 Maria

2618 3362 2900 3430 cogitaret,
2934 3362 3077 3414 haud
3116 3364 3288 3416 astitit
3332 3362 3555 3430 angelus
3595 3362 3967 3432 cogitationem

2621 3466 2742 3506 eam
2788 3462 3169 3519 antevertens;
3202 3469 3385 3506 verum
3428 3466 3713 3521 postquam
3767 3476 3793 3509 δ
3831 3450 3966 3517 ροξί-

2621 3545 2829 3597 tatione
2874 3546 2939 3597 ad
2973 3556 3152 3598 actum
3193 3546 3282 3599 ille
3306 3545 3469 3609 venit,
3499 3556 3627 3599 tunc
3663 3544 3877 3599 astitit?
3910 3543 3969 3597 Et

2618 3653 2717 3691 cur
2748 3638 3035 3707 virginem,
3069 3638 3290 3705 Josephi
3322 3651 3549 3691 uxorem
3580 3636 3743 3691 dixit.

2446 3728 2530 3783 18.
2573 3727 2719 3795 Quid
2759 3729 3071 3797 signiﬁcant
3110 3729 3314 3783 verba:
3349 3727 3482 3782 Ecce
3520 3729 3690 3782 Adam
3725 3739 3965 3797 tanquam

2623 3836 2760 3873 unus
2802 3836 2866 3873 ea;
2916 3821 3064 3873 nobis
3110 3821 3283 3890 factus
3330 3832 3429 3887 est,
3465 3822 3534 3874 ad
3577 3824 3698 3873 boui
3732 3821 3969 3891 pravique

2615 3911 2986 3980 cognitionem.

2444 4001 2528 4057 l9.
2568 4000 2710 4068 Quid
2767 4002 3079 4072 signiﬁcant
3131 4002 3221 4056 illa
3269 4004 3412 4057 dicta
3465 4021 3479 4057 :
3539 4002 3698 4057 Omni
3753 4015 3972 4070 tempore

2614 4105 2777 4147 vestes
2816 4103 2921 4147 tua:
2956 4097 3066 4148 sint
3103 4094 3364 4160 candidae,
3412 4111 3575 4165 neque
3621 4096 3802 4148 oleum
3847 4096 3973 4149 desit

2614 4187 2780 4255 capiti
2815 4196 2942 4251 tuo;
2977 4195 3027 4239 et
3058 4187 3201 4239 oculi
3232 4190 3493 4256 sapienter
3534 4188 3587 4239 in
3624 4191 3805 4255 capite
3837 4188 3969 4255 ejus.

2436 4278 2529 4335 20.
2572 4277 2768 4343 Verba,
2815 4278 3074 4344 Quaenam
3130 4288 3205 4330 est
3256 4290 3424 4329 mater
3470 4294 3604 4341 mea,
3657 4288 3710 4331 et
3760 4280 3975 4346 quinam

2610 4380 2735 4423 sunt
2802 4371 2995 4439 fratres
3051 4371 3193 4432 mei,
3254 4370 3527 4439 quomodo
3584 4370 3972 4439 intelligenda?

2610 4464 2765 4519 Multi
2780 4464 2924 4519 enim
2942 4464 3067 4517 hinc
3078 4462 3383 4517 ol'l'eniliculi
3399 4480 3581 4519 ansam
3596 4475 3971 4533 sumpserunt.

2439 4555 2533 4611 Ἡ.
2575 4554 2864 4622 Quomodo
2900 4555 3104 4609 dictum
3137 4556 3267 4608 illud
3302 4556 3541 4625 antiquis
3571 4574 3585 4609 :
3619 4555 3853 4611 Oculum
3883 4570 3971 4623 pro

2614 4646 2787 4710 oculo,
2836 4656 2887 4700 et
2934 4644 3140 4699 dentem
3185 4663 3280 4715 pro
3327 4649 3501 4711 dente,
3550 4664 3658 4702 non
3710 4654 3975 4717 repugnat

2610 4737 2741 4792 huic
2780 4736 2928 4790 dicto
2959 4755 2972 4790 :
3010 4735 3117 4806 Ego
3151 4746 3324 4789 autem
3359 4737 3476 4789 dico
3518 4738 3688 4804 vobis,
3727 4754 3795 4791 ne
3832 4736 3971 4789 man

2615 4830 2915 4895 resistatis;
2943 4829 3033 4883 sed
3066 4829 3112 4880 si
3139 4829 3256 4898 quis
3282 4829 3335 4881 in
3365 4828 3581 4881 dextera
3605 4846 3747 4899 gena
3784 4839 3832 4883 te
3862 4845 3975 4897 per-

2608 4922 2854 4981 cusserit,
2887 4921 2935 4973 ei
2959 4920 3183 4989 prtcbeto
3209 4921 3369 4972 etiam
3394 4920 3642 4974 alteram.

2436 5014 2526 5067 22.
2569 5013 2708 5068 Cum
2750 5012 3014 5066 Dominus
3054 5011 3261 5065 dixerit
3303 5028 3317 5065 :
3372 5011 3472 5066 Vos
3523 5016 3649 5068 estis
3706 5031 3779 5068 ex
3834 5024 3981 5084 patre

2611 5104 2833 5167 diaboli,
2868 5103 3130 5169 quaeritur
3167 5118 3457 5171 quemnam
3484 5104 3771 5161 diabolum
3811 5109 3978 5168 diezit.

2610 5201 2663 5248 et
2698 5208 2990 5263 quemnam
3028 5192 3229 5245 diaboli
3276 5203 3508 5262 patrem.

2433 5285 2525 5341 23.
2567 5285 2841 5353 Quotnam
2889 5285 2992 5338 illa:
3032 5285 3161 5350 sint,
3198 5300 3318 5353 qua:
3358 5285 3647 5340 Dominum
3692 5297 3983 5359 unguento

2610 5383 2906 5430 unxerunt.

2428 5466 2519 5522 94.
2562 5466 2849 5534 Quomodo
2880 5465 3286 5536 intelligendum
3320 5465 3450 5518 illud
3484 5483 3498 5519 :
3528 5466 3821 5531 Quodlibet
3865 5486 3985 5538 pec-

2608 5568 2786 5611 catum
2839 5559 3139 5612 remittetur
3197 5557 3532 5622 hominibus;
3584 5557 3984 5628 blasphemanti

2392 5675 2484 5729 sed
2520 5674 2747 5737 fallitur,
2794 5682 2855 5727 ut
2903 5673 3099 5742 probat
3132 5672 3479 5743 tlovtissimus
3533 5672 3981 5743 Hergem‘oether

2392 5745 2446 5799 in
2479 5761 2578 5799 sua
2617 5744 3007 5799 Dissertatione
3036 5758 3196 5812 supra
3224 5744 3387 5796 edita.
3428 5742 3586 5799 Eoi'r.
