4134 6472
244 406 319 471 tl
1590 383 2175 449 PROLEGOMENA.
3444 375 3515 438 42

466 526 644 570 autem
694 515 942 568 adversus
986 508 1246 580 Spiritum
1286 514 1528 563 sanetum
1586 516 1746 571 neque
1784 500 1838 552 in
1869 506 1914 558 Α
1993 500 2023 534 ⁸
2155 496 2209 548 in
2248 509 2345 547 sua
2375 492 2640 562 injustitia
2668 508 2999 561 permanens.

468 610 564 663 hoc
593 609 787 663 sceculo
817 606 967 660 venia
999 602 1215 657 dabitur
1246 615 1407 665 neque
1437 599 1490 650 in
1524 597 1728 665 futuro.
1975 586 2072 641 42.
2114 586 2397 650 Quomodo
2433 585 2841 652 intelligendum
2887 583 3019 638 illud
3050 600 3063 637 :
3102 583 3161 638 Si
3209 593 3388 638 autent
3429 586 3522 639 in-

278 702 379 757 25.
422 699 561 755 Cum
613 699 809 753 beatus
859 696 1079 749 Marcus
1122 691 1459 762 evangelista
1507 684 1834 756 scripserit:
2142 679 2363 748 justitia
2394 691 2574 732 nostra
2612 678 2705 731 Dei
2729 679 3000 747 justitiam
3038 680 3389 736 commendat.

468 793 729 846 Exierunt
772 788 983 858 cognati
1017 787 1132 855 ejus
1174 794 1230 837 ut
1274 799 1392 837 eum
1431 777 1836 848 compreltende—
1974 773 2062 827 45.
2109 772 2171 828 Si
2222 773 2455 841 genuerit
2508 773 2625 842 quis
2668 782 2875 826 centum
2933 772 3148 837 liberos,
3202 785 3249 826 et
3320 774 3515 826 multos

468 891 610 945 rent,
642 881 889 934 dicebant
933 879 1073 931 enim
1114 877 1289 945 ipsum
1331 873 1608 936 insanire;
1642 884 1835 939 quem-
2151 879 2315 916 annos
2363 864 2572 927 vixerit,
2617 873 2666 916 et
2706 873 3138 932 quantuscunque
3176 866 3285 918 dies
3341 868 3517 917 a'tatis

469 988 596 1028 nam
645 987 872 1026 sensum
922 969 1052 1023 huic
1085 967 1379 1021 verborum
1411 972 1701 1017 structurae
1740 961 1837 1015 tri-
2151 954 2412 1017 habuerit,
2461 970 2564 1007 non
2607 955 2892 1007 satiabitur
2929 954 3203 1022 felicitate,
3245 973 3406 1025 neque
3436 957 3519 1010 illi

470 1067 719 1127 buentes,
756 1063 897 1118 haud
937 1060 1129 1132 procul
1166 1059 1481 1130 evangelica
1522 1056 1838 1111 narratione
2148 1048 2419 1114 sepultura
2457 1048 2575 1100 erit.
2615 1047 2737 1100 Dixi
2786 1047 2971 1101 melius
3012 1064 3120 1100 esse
3166 1050 3276 1117 ipso
3319 1048 3518 1101 aborti-

468 1156 763 1211 abibimus.
2156 1156 2298 1198 vum.
2352 1139 2489 1209 quod
2537 1142 2803 1193 incassum
2848 1140 3008 1202 venit,
3062 1139 3278 1208 ejusque
3331 1156 3517 1193 nomen

278 1248 384 1302 26.
424 1247 534 1304 Cur
547 1247 860 1317 paradisum
884 1242 1377 1305 Deusconseverit,
1399 1239 1668 1311 siquidem
1689 1237 1838 1293 illico
2153 1232 2415 1288 occulitur
2442 1231 2686 1296 tenebris,
2722 1248 2881 1302 neque
2910 1232 3045 1286 enim
3071 1235 3232 1285 solem
3268 1233 3395 1286 vidit
3421 1244 3515 1287 aut

471 1342 746 1396 hominem
776 1355 843 1394 ex
880 1355 945 1393 eo
977 1338 1309 1408 depulsurus
1338 1345 1476 1392 erat.
2149 1328 2314 1379 novit.
2371 1324 2510 1380 Huic
2558 1324 2734 1393 magis
2785 1340 2950 1394 quam
3005 1325 3081 1378 illi
3137 1324 3353 1393 requies
3401 1334 3506 1380 est.

279 1433 379 1488 27.
432 1434 563 1489 Divo
597 1441 853 1487 monente
893 1432 1183 1497 apostolo:
1218 1427 1279 1484 Si
1303 1428 1547 1483 esurierit
1588 1427 1835 1481 inimicus
2146 1416 2354 1488 Nempe
2407 1417 2511 1470 hoc
2549 1416 2753 1470 dictum
2797 1415 3073 1485 quodnam
3106 1415 3374 1485 judicium
3423 1425 3516 1471 aut

472 1535 615 1588 tuus,
651 1524 769 1577 ciba
808 1523 1000 1580 illum:
1031 1522 1078 1574 si
1111 1521 1358 1584 sitiverit,
1389 1527 1569 1587 potum
1600 1517 1710 1582 da;
1739 1517 1836 1568 hoc
2148 1510 2423 1565 notionem
2459 1508 2718 1562 exhibere
2749 1516 2950 1577 potest.

471 1613 612 1666 enim
644 1626 826 1678 agens,
850 1611 1027 1676 igneos
1056 1606 1309 1661 carbones
1341 1621 1499 1675 super
1528 1611 1683 1673 caput
1720 1603 1834 1671 ejus
1972 1602 2063 1659 44.
2105 1600 2244 1669 Quid
2278 1600 2591 1667 signiﬁcant
2627 1602 2788 1653 verba
2822 1616 2837 1654 ς
2873 1598 2997 1653 Vive
3044 1600 3100 1651 in
3134 1615 3287 1664 oono,
3314 1608 3362 1653 et
3404 1600 3515 1654 vide

468 1717 747 1771 congeres;
790 1700 1067 1770 quomodo
1114 1697 1483 1767 intelligemus
1509 1694 1665 1761 illud,
1697 1692 1834 1749 Car-
2146 1697 2203 1750 in
2230 1696 2318 1749 die
2360 1694 2542 1758 mala;
2580 1694 2724 1761 vide,
2773 1694 3041 1763 siquidem
3074 1696 3178 1749 hoc
3208 1710 3512 1750 consonum

467 1796 623 1849 bones
656 1795 829 1865 igneos
865 1808 1110 1862 congeres
1135 1808 1292 1861 super
1318 1799 1475 1859 caput
1501 1790 1636 1859 ejus.
2150 1789 2223 1844 illi
2273 1787 2400 1843 fecit
2448 1787 2594 1843 Deus
2642 1788 2788 1842 circa
2855 1786 3167 1856 loquelam,
3224 1804 3291 1842 ne
3349 1790 3514 1842 homo

281 1884 381 1941 28.
418 1885 704 1952 Quomodo
752 1885 1157 1954 intelligendum
1207 1882 1413 1937 dictum
1456 1881 1586 1936 illud
1643 1896 1673 1935 a
1713 1878 1826 1934 Deo
1864 1867 1908 1922 Β
2148 1880 2448 1950 quidquam
2488 1889 2605 1950 post
2635 1895 2695 1934 se
2724 1879 2984 1949 reperiat.

468 1979 682 2050 Moysi:
719 1977 852 2032 Ecce
895 1978 1148 2032 constitui
1197 1986 1245 2031 te
1289 1976 1591 2030 Pharaonis
1641 1974 1825 2029 Deum.
1967 1972 2056 2027 45.
2099 1971 2363 2039 Quaenam
2420 1971 2790 2041 intelligenda:
2839 1972 2953 2025 sint
3005 1970 3246 2041 pellicere
3289 1970 3508 2036 tunica),

287 2070 388 2125 ‘29.
432 2071 720 2138 Quomodo
752 2070 1162 2139 intelligendum
1193 2068 1549 2137 apostolicum
1582 2067 1827 2121 dictum:
2142 2063 2340 2134 quibus
2386 2062 2558 2116 Adam
2612 2072 2667 2117 et
2707 2061 2816 2116 Era
2853 2073 2975 2132 post
3008 2061 3509 2132 prmvaricationem

466 2162 620 2228 Quod
680 2163 727 2216 si
784 2162 1008 2216 invicem
1067 2160 1323 2214 mordetis
1403 2175 1467 2212 ac
1523 2158 1828 2224 devoratis,
2147 2154 2318 2210 induti
2352 2153 2591 2209 fuerunt.

464 2266 638 2310 cavete
685 2271 749 2309 ne
782 2255 999 2308 invicem
1027 2252 1437 2312 consumamini,
1473 2260 1581 2306 etc.
1969 2246 2059 2302 46.
2102 2248 2182 2300 Ad
2243 2262 2538 2317 quamnam
2609 2248 2934 2302 sententiam
3006 2262 3105 2302 nos
3163 2255 3365 2301 vocant
3419 2246 3508 2301 illa

276 2349 381 2405 '50.
427 2348 686 2416 Quaenam
723 2345 989 2400 sententia
1025 2344 1200 2399 subsit
1232 2343 1318 2399 his
1350 2342 1568 2397 verbis:
1601 2340 1832 2395 Ubicun-
2151 2340 2314 2393 verba
2348 2357 2361 2392 :
2394 2336 2514 2391 Non
2541 2349 2680 2393 recte
2708 2339 2980 2404 obtuleris,
3022 2349 3156 2393 recte
3190 2350 3366 2395 autem
3406 2357 3510 2394 non

462 2456 558 2513 que
577 2438 922 2508 prtedicatum
956 2437 1114 2507 fuerit
1138 2434 1610 2505 Evangeliumhoc,
1630 2436 1834 2488 dicetur
2144 2431 2424 2495 diviseris;
2453 2433 2726 2501 peccasti?
2763 2433 2990 2502 quiesce,
3024 2440 3129 2486 etc.

460 2532 668 2603 etquod
693 2533 802 2585 [nec
832 2530 957 2598 fecit
981 2529 1195 2591 mulier,
1252 2529 1305 2581 iu
1346 2529 1653 2580 memoriam
1692 2526 1829 2595 ejus.
1968 2518 2057 2575 47.
2101 2519 2234 2573 Divo
2276 2518 2445 2575 Paulo
2474 2521 2729 2575 dicente:
2765 2522 2933 2574 Adam
2979 2538 3081 2575 non
3114 2532 3191 2575 est
3228 2522 3508 2590 deceptus,

282 2626 387 2680 3|.
433 2625 665 2689 Quinam
709 2621 1095 2691 congruentior
1129 2620 1521 2688 lionestiorque
1564 2634 1758 2672 sensus
1800 2633 1833 2673 a
2145 2614 2336 2668 mulier
2362 2625 2538 2667 autent
2573 2615 2787 2683 decepta
2825 2615 2879 2669 in
2907 2619 3348 2684 pra’varicatione
3368 2619 3507 2687 fuit;

464 2710 623 2764 nobis
672 2709 970 2778 excogitari
1006 2708 1180 2777 possit
1226 2708 1515 2761 verborum
1562 2708 1779 2762 illorum
1813 2725 1827 2762 :
2147 2715 2501 2760 verumtamen
2536 2717 2748 2775 propter
2773 2706 2963 2760 liberos
3010 2708 3290 2776 patiendus
3330 2725 3512 2763 serva-

467 2798 583 2852 Tibi
612 2799 712 2853 soli
743 2799 973 2867 peccavi,
1005 2809 1052 2851 et
1082 2796 1284 2850 malum
1316 2813 1494 2850 coram
1522 2806 1569 2850 te
1596 2798 1719 2863 feci,
1771 2805 1827 2850 ut
2144 2798 2323 2862 bitur;
2386 2799 2661 2867 quomodo
2718 2798 3061 2869 intelligenda
3116 2808 3244 2854 sunt
3302 2801 3466 2856 verba
3492 2842 3508 2868 ,

452 2895 764 2965 justi/iceris
799 2894 852 2949 in
892 2894 1221 2948 sermonibus
1264 2893 1392 2959 tuis,
1423 2901 1471 2947 et
1502 2894 1681 2948 vincas
1706 2909 1826 2947 cum
2142 2900 2357 2959 propter
2381 2891 2571 2944 liberos
2601 2892 2883 2959 pariendos
2921 2892 3237 2945 servabitur.

462 2987 741 3051 iudicaris.
1966 2983 2055 3038 48.
2104 2982 2390 3051 Quomodo
2422 2982 2565 3038 Deus
2605 2984 2807 3053 ubique
2846 2999 2968 3039 esse
3000 2987 3235 3053 dicitur;
3267 2994 3320 3040 et
3363 3002 3507 3055 quo-

268 3078 374 3133 32.
413 3078 527 3133 Cur
554 3077 966 3147 baptizantibus
996 3076 1303 3133 Servatoris
1329 3076 1638 3146 discipulis,
1660 3076 1829 3132 Joan-
2145 3077 2312 3131 modo
2361 3077 2589 3131 dissolvi
2651 3087 2885 3147 possunt
2929 3079 3297 3133 dubitationes
3324 3120 3338 3142 ,
3388 3094 3511 3148 quae

462 3185 560 3224 nes
594 3170 771 3225 adhuc
803 3169 1133 3238 baptizabat.
1852 3201 1897 3262 ο
2145 3169 2411 3224 adversus
2437 3170 2581 3224 hanc
2624 3170 2953 3225 sententiam
3002 3187 3033 3225 a
3078 3172 3355 3227 nonnullis
3388 3186 3512 3240 pro-

266 3261 370 3315 55.
417 3260 531 3315 Cur
558 3261 610 3315 in
637 3259 834 3315 Genesi
862 3260 1075 3331 Moyses
1107 3260 1408 3329 principum
1434 3259 1654 3314 lamilia:
1679 3257 1823 3314 Esau
1863 3257 1896 3262 ﬁ
2148 3258 2418 3316 feruntur.
2926 3269 2931 3271 ’

467 3352 810 3423 genealogias
864 3367 1179 3418 recensens,
1230 3361 1556 3406 caaterorum
1606 3352 1825 3422 quidem
1871 3358 1873 3360 ’
1968 3352 2058 3405 49.
2099 3352 2237 3407 Cum
2272 3351 2414 3409 Deus
2438 3355 2556 3424 ipse
2577 3351 2902 3408 Hebraicum
2935 3353 3194 3423 populum
3224 3353 3277 3408 in
3311 3352 3509 3407 Sama-

461 3445 605 3499 nuda
634 3446 787 3514 ponit
823 3446 1082 3510 nomina;
1114 3444 1179 3497 ad
1220 3442 1421 3498 [Euam
1453 3455 1632 3498 autem
1663 3445 1827 3499 deve-
2147 3444 2367 3499 riticum
2396 3456 2449 3501 et
2475 3445 2765 3501 Judaicnm
2802 3446 3071 3513 diviserit,
3106 3447 3247 3500 sicut
3279 3446 3510 3516 ipsemet

462 3537 652 3592 niens:
686 3536 810 3601 Hic,
843 3536 1037 3607 inquit.
1074 3538 1265 3589 invenit
1299 3537 1482 3589 Jamin
1517 3536 1573 3589 in
1600 3537 1827 3600 deserto,
2143 3536 2421 3593 Salomoni
2465 3553 2527 3594 se
2572 3539 2841 3593 facturum
2883 3540 3037 3602 dixit,
3065 3554 3163 3593 cur
3186 3554 3285 3594 nos
3300 3556 3393 3595 eos
3424 3556 3508 3593 re-

462 3632 587 3684 dum
619 3630 864 3701 Scegonis
892 3632 1063 3700 patris
1092 3632 1177 3685 sui
1205 3630 1512 3700 subiugalia
1546 3630 1829 3699 pasceret?
2132 3628 2521 3697 prehendimus
2555 3629 2819 3699 quiaDeo
2839 3631 3160 3685 divisionem
3193 3631 3336 3700 passi
3361 3640 3508 3686 sunt.

456 3724 715 3793 quidnam
749 3739 882 3793 ergo
935 3724 981 3778 is
1028 3724 1275 3779 invenit?
1313 3734 1368 3779 et
1409 3738 1509 3777 cur
1561 3726 1828 3780 memoria
1970 3719 2059 3773 50.
2101 3718 2388 3785 Quomodo
2410 3720 2536 3775 cceli
2566 3729 2825 3775 enat-rant
2855 3721 3080 3789 gloriam
3110 3720 3225 3774 Dei.

458 3815 654 3885 dignus
691 3815 941 3870 habetur.
1967 3810 2055 3865 5|.
2103 3810 2241 3876 Quid
2266 3820 2347 3864 est
2379 3808 2716 3880 :Increpasti
2740 3820 2935 3881 gentes,
2969 3820 3017 3865 et
3040 3812 3195 3878 periit
3221 3812 3437 3881 impius.

262 3906 370 3964 54.
413 3906 554 3973 Quid
609 3906 887 3974 signiﬁcat
932 3907 988 3961 in
1043 3905 1468 3962 Deuteronomio
1510 3925 1526 3964 :
1571 3907 1726 3973 Quod
1782 3907 1829 3961 si
1968 3901 2057 3955 52.
2094 3902 2394 3973 Cujusnam
2415 3913 2495 3957 est
2519 3903 2609 3956 illa
2640 3902 2933 3968 voszuis
2956 3914 3031 3957 est
3054 3905 3152 3957 iste
3177 3919 3268 3957 rea:
3295 3904 3515 3973 gloriw?

459 3998 803 4067 aediﬁcaveris
846 4016 1035 4054 novam
1074 4001 1290 4054 domum
1338 4002 1487 4072 eique
1528 4003 1830 4056 coronidem
1970 3996 2059 4051 55.
2100 3996 2212 4051 Cur
2258 3995 2455 4065 jejunii
2523 4006 2738 4066 tempus
2797 3998 3232 4068 quadragenaiio
3297 3998 3510 4054 dierum

455 4090 789 4159 imposueris,
827 4096 929 4143 non
957 4090 1123 4159 facies
1152 4092 1347 4144 cwdem
1378 4091 1524 4144 domi
1552 4101 1678 4146 tum.
2144 4103 2375 4142 numero
2400 4089 2721 4158 praelinitur.

262 4183 368 4240 55.
410 4183 522 4237 Cur
566 4191 783 4237 vetante
829 4183 944 4254 lege
992 4182 1190 4253 leprosi
1237 4192 1589 4251 contactum;
1642 4199 1825 4251 secus,
1968 4181 2058 4236 54.
2098 4180 2233 4243 Cum
2254 4183 2669 4252 primogenitum
2697 4181 3108 4239 Deuslsraelem
3141 4185 3509 4254 appellaverit.

457 4276 730 4346 impurum
765 4275 880 4330 fore
910 4275 1001 4345 qui
1027 4276 1287 4345 tetigerit,
1324 4292 1498 4345 usque
1532 4277 1598 4329 ad
1640 4291 1830 4346 vcspe-
1969 4275 2058 4330 55.
2098 4273 2174 4329 De
2217 4275 2562 4329 ethnicorum
2611 4277 2919 4341 sententiis,
2970 4293 3093 4347 quae
3137 4278 3191 4331 in
3228 4275 3512 4349 Scriptura

451 4367 980 4433 ram;cumquidem
1012 4368 1284 4437 leprosum
1315 4369 1525 4423 sanavit
1556 4367 1831 4434 Servatur,
2049 4365 2061 4376 '
2149 4376 2337 4422 nostra
2376 4367 2746 4437 reperiuntur.

452 4459 633 4528 ipsum
680 4460 891 4528 tetigit,
922 4459 1136 4513 etiamsi
1162 4460 1330 4513 verbo
1375 4475 1570 4514 sanare
1601 4470 1829 4528 poterat.
1970 4463 2062 4521 56.
2102 4462 2340 4527 Tiaram,
2386 4464 2583 4534 inquit,
2627 4463 2931 4535 Scriptura,
2966 4465 3020 4521 in
3057 4467 3234 4537 capite
3266 4467 3511 4539 pontifex

267 4550 374 4606 56.
417 4551 556 4618 Quid
584 4552 895 4622 significant
916 4551 1079 4606 verba
1110 4571 1121 4606 :
1152 4551 1374 4619 Sperare
1400 4553 1544 4616 licet,
1575 4553 1823 4608 viventem
1856 4554 1901 4611 D
2141 4556 2381 4627 gerebat.

486 4660 639 4697 auem
661 4656 917 4712 prteslare
948 4645 1085 4697 leoni
1122 4646 1398 4699 exstincto.
1966 4648 2056 4704 57.
2100 4646 2391 4714 Quomodo
2420 4649 2633 4720 legatus
2666 4651 2812 4704 venit
2844 4651 3099 4707 Christus
3135 4668 3162 4703 a
3204 4650 3382 4707 Patre.

265 4736 372 4793 57.
415 4734 555 4803 Quid
618 4737 890 4805 signiﬁcat
948 4737 1296 4795 Ecclesiasten
1353 4741 1557 4795 dictum
1609 4759 1622 4793 :
1676 4739 1828 4795 Mitte
1969 4739 2058 4794 58.
2102 4738 2214 4793 Cur
2263 4740 2465 4795 omissa
2506 4741 2716 4796 visione
2764 4742 2931 4797 Isaias
2962 4742 3029 4798 de
3080 4742 3218 4797 cmlo
3263 4752 3513 4815 terraque

453 4846 640 4899 panem
688 4839 835 4882 tuum
871 4830 926 4883 in
959 4834 1288 4901 superﬁciem
1339 4852 1511 4905 aquw,
1546 4837 1736 4889 etenim
1774 4836 1827 4888 in
2141 4832 2381 4886 disserit.

454 4922 799 4977 multitudine
826 4924 1031 4979 dierum
1059 4928 1283 4995 reperies
1314 4928 1486 4981 illum.
1970 4922 2065 4979 59.
2105 4923 2392 4991 Quomodo
2413 4924 2824 4996 intelligendum
2851 4926 2985 4981 illud
3011 4927 3078 4982 de
3106 4927 3243 4983 Jobo
3265 4928 3469 4984 dictum
3495 4946 3509 4983 :

256 5014 367 5069 58.
411 5012 552 5079 Quid
604 5014 922 5084 signiﬁcat:
963 5019 1054 5087 qui
1089 5018 1299 5072 foveam
1337 5020 1494 5086 fodit,
1552 5022 1604 5076 in
1645 5023 1819 5092 ipsam
2144 5016 2432 5071 Maledicta
2454 5017 2565 5071 dies
2594 5034 2697 5087 qua
2727 5031 2886 5071 natus
2918 5036 3055 5073 sum.

452 5106 677 5161 incidet.
1964 5107 2055 5166 60.
2095 5106 2235 5176 Quid
2264 5118 2347 5165 est
2376 5110 2509 5164 illud
2539 5128 2553 5165 :
2584 5108 2687 5164 Per
2714 5112 3073 5180 memetipsum
3095 5112 3302 5181 juravi,
3335 5115 3510 5186 inquit

258 5201 366 5255 59.
409 5199 645 5265 Quinam
689 5211 771 5256 est
813 5218 1009 5259 sensus
1036 5204 1329 5259 verborum
1378 5206 1519 5275 apud
1552 5205 1823 5262 Ecclesia-
2142 5201 2423 5257 Dominus.

450 5302 590 5347 stem
626 5308 641 5345 :
675 5291 780 5358 Qui
810 5294 955 5365 ligna
979 5296 1182 5363 fundit,
1214 5299 1552 5365 periclitatur
1591 5300 1645 5353 in
1676 5300 1821 5369 ipsis,
1964 5294 2052 5349 61.
2094 5293 2231 5361 Quid
2256 5305 2339 5350 est
2374 5315 2387 5349 ε
2423 5294 2493 5349 Et
2516 5304 2663 5348 tuam
2695 5296 2863 5366 ipsius
2887 5297 3121 5350 animum
3146 5298 3359 5369 gladius
3388 5318 3509 5371 per-

452 5384 499 5436 si
561 5384 698 5451 forte
754 5388 954 5441 securis
1007 5388 1302 5451 exciderit,
1360 5401 1407 5443 et
1474 5391 1581 5459 ipse
1631 5392 1825 5458 faciem

782 5388 954 5441 ecuris
1007 5388 1302 5451 exciderit,
1360 5401 1407 5443 et
1474 5391 1581 5459 ipse
1631 5392 1825 5458 faciem
2144 5383 2414 5436 ιναηδὶόὶι.

455 5476 719 5539 turbavit,
761 5486 810 5530 et
859 5478 993 5532 vires
1036 5478 1343 5544 roborabit;
1398 5490 1447 5534 et
1491 5482 1825 5536 abundantia
1964 5472 2054 5528 6‘2.
2096 5473 2236 5540 Quid
2284 5485 2367 5529 est
2399 5492 2412 5528 :
2446 5474 2627 5530 Nolite
2672 5477 3016 5545 ingemiscere
3065 5481 3119 5533 in
3161 5482 3502 5551 alterutrum,

452 5566 577 5631 viri,
608 5569 888 5635 sapientia.
2141 5582 2203 5619 ne
2234 5567 2454 5621 invicem
2481 5567 2821 5637 judicemini.

261 5652 369 5709 ιο.
407 5652 529 5721 Quo
574 5667 821 5726 spectant
852 5661 1017 5715 verba
1051 5679 1064 5716 :
1093 5660 1373 5716 Generatio
1417 5661 1547 5726 abit,
1583 5674 1632 5717 et
1672 5681 1821 5734 gene-
1964 5660 2051 5716 65.
2095 5660 2329 5726 Quinam
2361 5672 2489 5715 sunt
2520 5662 2718 5715 mteclii
2746 5671 2799 5716 ct
2835 5664 3080 5719 tumelias.

456 5749 596 5801 ratio
628 5752 803 5815 venit;
837 5760 980 5805 terra
1013 5765 1192 5807 autem
1218 5765 1477 5816 internum,
1500 5764 1630 5809 stat.
1963 5755 2051 5811 64.
2094 5755 2233 5823 Quid
2285 5766 2369 5809 est
2422 5755 2782 5825 apostolicum
2840 5757 2968 5811 illud
3014 5776 3027 5812 :
3064 5758 3299 5828 Sutrjecti
3343 5770 3508 5816 estote

263 5834 364 5892 41.
409 5835 712 5903 Quemnam
748 5857 971 5898 sensum
1021 5844 1305 5900 continent
1343 5848 1505 5900 verba
1540 5864 1553 5901 :
1588 5846 1686 5899 Est
1735 5846 1819 5911 ju-
2142 5848 2286 5903 omni
2337 5849 2581 5903 humanm
2628 5860 2886 5905 creaturae
2929 5862 3141 5923 propter
3190 5852 3503 5922 Dominum,

448 5939 561 5984 stus
591 5933 680 5998 qui
714 5933 764 5986 in
790 5935 1010 6004 justitia
1048 5953 1146 5990 sua
1180 5938 1351 6006 perit;
1395 5946 1443 5992 et
1473 5950 1549 5993 est
1584 5940 1813 6007 injustas
2141 5952 2391 6013 tanquam
2418 5941 2658 5999 libertate
2699 5952 2919 6001 utentes.
