4134 6444
477 422 554 488 4g
1509 423 1610 482 AD
1649 422 2246 484 AMPHILOCHIUM
2284 425 2635 497 QUESTIO
2676 430 2724 487 Ι.
3689 436 3758 499 50

477 542 695 604 τούτοις
723 539 883 609 μόνον
920 537 1054 593 πολὺ
1087 537 1182 592 καὶ
1212 536 1440 607 ἄπειρον
1471 537 1769 608 ύπονοηθὲν
1800 537 1862 590 τὸ
1883 537 2062 607 διάφο-

2185 549 2393 595 veteres
2441 541 2722 596 doctrinas
2761 543 3096 614 promendas
3143 555 3196 602 et
3247 548 3553 607 rhetoricas
3609 563 3759 608 artes

480 651 599 706 ρον,
629 632 854 705 ὕστερον
876 631 1164 702 ἀκριϐείας
1187 630 1540 700 δικαζούσης,
1569 630 1834 700 διαφορᾶς
1863 629 2063 701 άφείθη

477 725 779 795 ἐλεύθερα·
809 723 945 777 ἀλλὰ
995 723 1092 776 καὶ
1134 724 1192 776 ὲν
1240 723 1379 792 αύτῇ
1423 739 1488 791 γε
1530 725 1596 794 τῇ
1630 721 2064 792 καθωμιλημένῃ

477 818 592 870 τῶν
626 816 836 870 πολλῶν
863 815 1061 886 χρήσει
1088 814 1258 868 πολλὰ
1291 816 1387 886 μὲν
1421 813 1608 877 ἁπλῶς
1633 811 1808 877 οὕτως
1834 813 2065 867 ἀκοῦσαι

477 909 732 978 φαίνεται
774 909 1064 979 μάχεσθαι’
1102 907 1401 978 κριθέντων
1431 907 1507 970 δὲ,
1554 907 1634 969 είς
1670 905 1989 976 συμφωνίαν
2028 909 2062 977 ἡ

479 1003 630 1070 μάχη
664 1001 984 1070 μετέπεσεν.
1014 998 1082 1052 Et
1103 1015 1187 1061 τις
1209 993 1301 1052 οῦν
1328 997 1428 1068 τὴν
1463 998 1562 1066 μὲν
1589 997 1647 1049 ὲν
1677 1000 1742 1066 τῇ
1776 997 1880 1049 άνὰ
1909 999 2068 1068 χεῖρα

472 1092 664 1162 ὁμιλίᾳ
693 1091 1025 1160 φαινομένην
1055 1091 1244 1146 στάσιν
1271 1091 1372 1160 τῆς
1395 1089 1632 1160 ἀληθοῦς
1663 1092 1843 1162 μάχης
1871 1090 2069 1144 ἀδεκά-

475 1199 592 1252 στῳ
621 1183 817 1254 γνώμη
845 1183 1131 1254 διακρίνει,
1162 1181 1412 1254 ἀφορίζει
1435 1183 1490 1236 δὲ
1517 1183 1621 1236 κᾶν
1648 1186 1762 1246 τοῖς
1793 1183 1886 1236 τὸν
1915 1181 2066 1252 φιλό-

474 1292 642 1344 σοφον
671 1275 766 1327 καὶ
797 1275 1003 1346 ῥήτορα
1024 1274 1140 1345 βίον
1161 1275 1522 1345 άσκουμένοις
1549 1275 1616 1328 τὰ
1649 1273 1937 1346 μαχόμενα
1955 1275 2063 1328 τῶν

471 1367 844 1435 φαινομένων,
880 1366 976 1418 ἐπὶ
1013 1366 1071 1419 δὲ
1118 1367 1218 1436 τῆς
1264 1367 1413 1439 ἱερᾶς
1447 1366 1605 1436 ἡμῶν
1645 1365 1966 1435 φιλοσοφίας
1997 1366 2060 1418 οὐ

468 1457 569 1511 τὸν
596 1457 760 1511 αὑτὸν
801 1457 1060 1522 διασώζει
1101 1458 1288 1529 νόμον,
1320 1457 1458 1512 ἀλλὰ
1499 1459 1593 1513 καὶ
1615 1459 1715 1529 τὴν
1741 1458 2063 1512 ἐπιπόλαιον

467 1545 790 1614 ἀντιλογίαν
811 1548 890 1610 εἰς
921 1547 1187 1600 ἄσπονδον
1215 1547 1552 1612 ἐκϐιάζεται,
1589 1541 1747 1612 οὗτος
1776 1551 1871 1603 καὶ
1894 1549 2062 1621 χωρίς

465 1655 618 1701 τινος
643 1639 974 1708 αἰτιωμένου
1011 1641 1354 1712 συκοφάντην
1378 1642 1573 1696 ἑαυτὸν
1598 1641 1693 1694 καὶ
1716 1641 1919 1712 φαῦλον
1949 1659 2064 1714 κρι·

463 1732 572 1800 τὴν
603 1730 918 1798 ἀποφαίνει.

2170 633 2503 688 exercendas
2527 634 2630 689 sibi
2649 646 3025 705 sun-ipseruut,
3053 640 3278 694 multam
3306 641 3358 695 in
3381 644 3464 696 his
3485 653 3651 712 atque
3674 645 3758 696 in-

2173 723 2379 777 finitam
2412 722 2751 780 discordiam
2780 743 3008 784 cernere
3033 731 3139 785 sibi
3172 734 3441 803 principio
3478 735 3757 802 videntur,

2172 830 2295 884 qua).
2325 829 2449 869 mox
2479 832 2569 870 res
2595 818 2886 888 diligenter
2919 835 3203 891 perpensa:
3247 826 3314 878 ab
3347 827 3494 880 omni
3534 839 3758 882 contra-

2173 906 2414 961 diCIione
2461 909 2848 977 absolvuntur;
2887 928 3076 966 verum
3127 914 3292 968 etiam
3341 917 3393 970 in
3438 918 3556 987 ipso
3597 918 3758 972 fatui-

2173 998 2293 1051 liari
2345 999 2488 1068 vulgi
2524 1015 2626 1054 usu
2663 1001 2807 1055 haud
2839 1019 3011 1074 pauca
3049 1005 3226 1073 primo
3276 1009 3465 1062 auditu
3506 1010 3758 1064 videntur

2173 1104 2502 1159 repugnare,
2528 1091 2730 1161 quibus
2762 1094 2828 1147 ad
2851 1097 3110 1150 trutinam
3146 1099 3437 1164 revocatis,
3469 1101 3758 1156 conﬂictus

2171 1181 2225 1236 in
2256 1185 2606 1239 concordiam
2633 1188 2881 1242 vertitur.
2916 1189 2971 1243 Si
3009 1191 3134 1260 quis
3171 1191 3336 1261 igitur
3366 1208 3549 1247 rerum
3574 1195 3759 1264 qunti.

2169 1275 2455 1330 diauarum
2487 1289 2838 1347 apparentem
2857 1281 3193 1346 dissensum,
3223 1285 3541 1355 incorrupto
3560 1286 3758 1340 mentis

2162 1369 2396 1439 judicio,
2437 1387 2468 1426 a
2518 1388 2642 1426 vera
2701 1373 3008 1430 differentia
3060 1377 3358 1447 discernit;
3412 1379 3651 1450 itemque
3703 1382 3757 1434 in

2171 1460 2564 1531 philosophicis
2588 1465 2895 1536 disciplinis
2923 1477 3089 1539 atque
3124 1472 3179 1525 in
3212 1471 3530 1538 rhetoricis,
3584 1489 3612 1525 a
3671 1473 3758 1527 di-

2170 1550 2454 1604 scordibus
2477 1551 2529 1605 in
2573 1554 2812 1620 speciem
2845 1560 3143 1626 pugnantia
3183 1574 3310 1614 vere
3349 1560 3668 1630 distinguit;
3703 1561 3756 1615 in

2167 1657 2323 1698 sacra
2342 1659 2472 1698 vero
2497 1656 2686 1699 nostra
2714 1645 2960 1702 doctrina
2989 1651 3178 1704 eodem
3203 1652 3327 1719 jure
3348 1668 3456 1706 non
3488 1653 3633 1722 agit;
3659 1653 3757 1706 sed

2165 1735 2250 1788 vel
2288 1738 2724 1806 superficiariam
2749 1742 3048 1810 quamlibet
3082 1744 3377 1799 verborum
3425 1760 3660 1814 pugnam
3690 1744 3757 1799 ad

467 1823 822 1880 insolubilem
872 1835 1090 1881 vertere
1143 1825 1337 1880 nititur
1387 1827 1916 1894 contradictionem;
1949 1827 2061 1893 hic,
2105 1827 2366 1899 inquam,
2398 1831 2531 1901 quin
2557 1847 2698 1902 opus
2743 1845 3068 1890 accusatore
3093 1837 3202 1902 sit,
3276 1837 3668 1909 sycophantam
3698 1851 3759 1892 se

465 1917 1042 1986 ntalutnquejudicem
1068 1931 1192 1972 esse
1223 1919 1425 1988 prodit.

545 2011 612 2081 β’.
641 2012 849 2064 Αὐτίκα
871 2011 1002 2081 γοῦν
1024 2012 1112 2067 ἵνα
1142 2013 1253 2067 άπὸ
1275 2013 1378 2084 τῆς
1405 2014 1513 2068 τῶν
1535 2015 1748 2069 πολλῶν
1775 2015 2062 2085 συνηθείας

2244 2011 2302 2068 2.
2343 2010 2596 2068 Profecto
2628 2022 2690 2068 ut
2723 2030 2755 2068 a
2786 2029 2846 2068 re
2873 2009 3010 2070 satis
3039 2017 3320 2071 communi
3357 2017 3634 2082 exordiar,
3659 2017 3761 2072 ho-

463 2105 747 2176 ἄρξωμαι,
782 2105 810 2158 ὁ
847 2106 1006 2174 φόνος
1041 2106 1226 2170 αὐτοῖς
1261 2108 1356 2160 καὶ
1388 2107 1667 2172 πολιτείας
1697 2109 1815 2162 ἐστὶ
1861 2108 2058 2177 φύλαξ.

464 2198 568 2250 καὶ
599 2197 802 2267 μύσους
828 2197 1088 2260 ὑπόθεσις
1114 2214 1129 2228 ’
1165 2199 1257 2250 καὶ
1287 2197 1354 2268 δὴ
1379 2201 1474 2252 καὶ
1507 2202 1540 2270 ἡ
1579 2201 1822 2271 ὲμπορία
1857 2202 2064 2272 κόσμος

462 2294 536 2359 τῇ
564 2290 741 2352 πόλει,
774 2290 870 2344 καὶ
901 2289 1061 2362 ὕϐρις
1091 2291 1191 2344 οὐκ
1221 2291 1467 2346 ἔλαττον.
1501 2294 1611 2347 Καὶ
1637 2293 1756 2358 πῶς
1784 2295 1884 2347 ούκ
1915 2296 2064 2347 ὲνανυ

463 2383 562 2436 τία
585 2383 758 2437 ταῦτα
781 2399 797 2450 ;
824 2384 944 2438 Ὀτι
969 2383 1218 2452 φονεύειν
1249 2385 1348 2454 μὲν
1377 2386 1480 2439 ούκ
1507 2386 1718 2452 ἔξεστιν
1741 2387 2060 2458 εὐεργέτην,

462 2475 593 2528 οὐδὲ
628 2475 853 2544 πολίτην
883 2475 1071 2529 εὔνουν
1113 2479 1179 2547 τῇ
1213 2476 1369 2530 πόλει
1392 2494 1406 2509 ⁸
1447 2477 1560 2530 οὐδ’
1585 2479 1636 2531 εί
1667 2495 1749 2542 τις
1785 2479 2060 2542 ἀναίτιοςο

463 2569 732 2639 πολέμιον
755 2569 811 2622 δὲ
837 2572 931 2623 καί
953 2569 1267 2641 κακοῦργον
1291 2573 1385 2624 καὶ
1418 2571 1686 2642 προδότην
1716 2571 1892 2636 ἄλλως
1919 2571 2062 2626 ἔνδι-

467 2679 570 2716 κον
609 2660 882 2717 τεθνάναι.
911 2662 1024 2717 Καὶ⁸
1057 2662 1122 2734 δὴ
1154 2664 1248 2718 καὶ
1274 2665 1365 2716 τὸν
1403 2664 1722 2735 ἀλλοτρίους
1747 2666 1962 2735 γάμους
1983 2665 2064 2719 δι-

463 2756 789 2825 ορύττοντα,
819 2759 907 2812 ἐπ’
936 2756 1226 2829 αύτοφόρῳ
1254 2757 1472 2823 ἁλόντα,
1503 2759 1694 2830 κύριός
1718 2761 1866 2813 ἐστιν
1893 2762 1921 2813 ό
1947 2760 2064 2829 ἠδι-

465 2850 714 2919 κημένος
757 2849 854 2902 καὶ
897 2849 991 2903 τοῦ
1035 2851 1460 2922 εἰσπράττεσθαι
1489 2850 1588 2924 τὴν
1621 2852 1778 2922 δίκην
1805 2867 1819 2882 ο
1861 2851 1966 2918 ἔξω
2003 2851 2062 2905 δὲ

462 2945 567 2997 τοῦ
602 2943 809 3014 μύσους
837 2941 1042 3006 λαϐὼν,
1071 2943 1333 3012 δικαστὴν
1370 2942 1530 2998 ἄλλον
1560 2943 1814 3014 ἐπιζητεί
1843 2942 1938 2997 τοῦ
1968 2945 2062 3012 ὲγ-

465 3037 769 3107 κλήματος.
819 3035 988 3089 Πάλιν
1021 3036 1136 3090 ὅσοι
1179 3035 1239 3088 τὸ
1264 3035 1519 3088 ταπεινὸν
1546 3036 1734 3106 σχῆμα
1766 3035 1868 3106 τῆς
1905 3035 2062 3088 πολι-

460 3128 622 3192 τείας
653 3126 1000 3191 ὑποδύονται,
1030 3127 1329 3196 ἐμπορίαις
1359 3125 1459 3198 τὴν
1493 3127 1650 3180 πόλιν
1680 3126 2058 3191 συναύξουσιν·

462 3221 520 3274 οἰ
569 3220 625 3272 δὲ
671 3218 1071 3290 στρατηγείνῆ
1114 3217 1468 3288 δημαγωγεῖν
1512 3218 1545 3289 ἢ
1589 3218 1659 3271 τὰ
1689 3218 1917 3271 τοιαῦτα
1963 3235 2060 3270 ταο

462 3314 710 3385 χθέντες,
774 3315 854 3375 εἰς
909 3310 1128 3381 εκείνην
1188 3310 1612 3375 καταϐαίνοντες
1669 3311 1770 3381 τὴν
1831 3311 2055 3380 πρᾶξιν,

2164 2104 2448 2159 micidium
2478 2117 2533 2160 et
2557 2105 2870 2174 reipublicae
2895 2108 3063 2162 tutela
3094 2109 3338 2164 creditur
3369 2111 3511 2178 apud
3539 2111 3756 2181 vulgus,

2165 2198 2424 2268 idemque
2469 2199 2700 2253 materia
2749 2200 2995 2256 sceleris.
3033 2199 3173 2256 Tum
3207 2212 3517 2258 mercatura
3571 2205 3758 2259 decori

2163 2291 2330 2346 simul
2373 2291 2607 2358 civibus,
2640 2293 2916 2360 simulque
2939 2294 3196 2349 dedecori
3219 2305 3323 2350 est.
3360 2295 3559 2362 Quidni
3591 2296 3758 2366 igitur

2164 2383 2281 2438 haec
2309 2386 2588 2440 contraria
2631 2386 2802 2441 sunt?
2833 2387 2962 2456 quia
3007 2387 3258 2443 videlicet
3297 2405 3475 2460 neque
3504 2390 3760 2445 beneme-

2163 2476 2330 2531 ritum
2368 2480 2617 2534 occidere
2644 2479 2768 2534 licet
2793 2480 2993 2544 civem,
3029 2497 3208 2550 neque
3238 2483 3391 2537 urbis
3413 2484 3747 2544 studiosum.

2163 2583 2264 2623 nec
2293 2569 2546 2639 quemvis
2581 2570 2914 2624 innocuum:
2952 2572 3163 2627 hostem
3197 2589 3328 2628 vero
3359 2583 3410 2628 ct
3445 2575 3757 2630 maleticum

2163 2672 2218 2716 et
2238 2664 2511 2732 przcciptte
2548 2662 2906 2733 proditorem,
2952 2679 3171 2733 aequum
3205 2673 3290 2719 est
3322 2666 3578 2720 interﬁci.
3613 2666 3761 2721 Prte-

2165 2762 2312 2807 terea
2339 2755 2430 2824 qui
2465 2754 2675 2810 alienos
2700 2755 2971 2811 thalamos
2993 2756 3182 2819 violat,
3217 2758 3263 2811 si
3291 2760 3344 2811 in
3379 2758 3627 2813 facinore
3670 2760 3760 2813 de-

2165 2847 2557 2918 prehendatur,
2589 2849 2716 2902 licet
2745 2849 2966 2919 conjugi
3007 2851 3138 2904 laeso
3176 2866 3370 2920 pteuas
3417 2852 3486 2906 de
3533 2852 3626 2904 illo
3667 2867 3760 2906 su-

2162 2954 2347 2994 mere:
2378 2941 2423 2995 si
2460 2949 2638 2995 tamen
2674 2941 2896 2997 aliunde
2931 2941 3147 2998 facinus
3172 2953 3558 3014 cognoscatur,
3588 2942 3757 2996 alium

2159 3031 2400 3101 judicem
2440 3047 2612 3088 causa
2647 3035 2912 3104 postulat.
2962 3035 3179 3089 Rursus
3222 3036 3477 3090 homines
3518 3036 3760 3090 obscuro

2162 3123 2288 3177 vita:
2316 3124 2501 3192 generi
2540 3124 2728 3189 dediti,
2768 3126 3140 3181 mercimoniis
3182 3127 3301 3182 suis
3343 3127 3582 3182 civitatis
3605 3143 3760 3181 com-

2165 3216 2328 3270 moda
2360 3227 2561 3288 augent
2590 3235 2604 3272 :
2634 3217 2729 3287 qui
2774 3233 2906 3272 vero
2940 3227 3036 3273 aut
3061 3219 3283 3276 ordines
3324 3221 3619 3283 militares,
3664 3230 3761 3276 aut

2164 3308 2353 3362 civiles
2386 3309 2776 3379 magistratus,
2803 3319 2898 3364 aut
2937 3310 3138 3367 sinniia
3177 3329 3404 3368 munera
3435 3322 3670 3385 gerunt,
3703 3315 3760 3370 hi

459 3406 572 3476 τῆς
620 3403 896 3468 πολιτείας
957 3402 1302 3474 ἐξυϐρίζουσι
1360 3407 1424 3456 τὸ
1475 3402 1726 3472 ἀξίωμα·
1791 3405 1888 3457 καὶ
1948 3403 2058 3456 τῶν

2163 3399 2210 3455 si
2237 3401 2413 3456 adilla
2449 3405 2666 3472 negotia
2698 3418 2757 3458 se
2789 3403 2926 3458 forte
2958 3405 3271 3471 demittant,
3292 3406 3415 3460 vita:
3437 3421 3552 3461 sua:
3574 3407 3758 3477 digni-

463 3499 934 3569 παραδειγμάτων
976 3497 1078 3550 οὐκ
1109 3496 1225 3550 ἔστι
1263 3495 1443 3568 πέρας
1484 3495 1564 3566 τῷ
1601 3494 1911 3566 βουλομένῳ
1945 3495 2063 3548 δια-

462 3591 836 3664 περάνασθαι.
874 3591 1037 3663 Ὁρᾷς
1083 3589 1161 3653 ὼς
1220 3589 1392 3643 πολλὰ
1439 3590 1536 3662 μὲν
1579 3588 1882 3658 φαντασίαν
1917 3605 2062 3660 παρ-

464 3685 652 3755 έχεται
693 3682 1044 3747 ἀντιθέσεως,
1081 3682 1451 3752 ἐξεταζόμενα
1493 3681 1552 3734 δὲ
1592 3681 1692 3752 τὴν
1739 3680 2062 3751 συμφωνίαν

463 3776 811 3841 deﬁge-cat;
870 3774 1057 3840 Οὕτως
1115 3773 1208 3827 οὖν
1254 3775 1351 3827 καὶ
1393 3774 1488 3826 ἐπὶ
1537 3772 1641 3843 τῆς
1699 3773 1851 3842 ἱερεῖς
1903 3771 2061 3843 ήμῶν

462 3869 689 3938 Γραφῆς
721 3868 841 3920 δέον
868 3867 1118 3938 θεωρεῖν,
1141 3860 1208 3936 ἧς
1238 3866 1401 3936 ῥητὸν
1425 3867 1518 3920 καὶ
1544 3865 1605 3918 τὸ
1629 3863 1721 3918 σὸν
1744 3863 2060 3936 πρόϐλημα,

462 3960 605 4030 πρὸς
653 3960 682 4013 ὃ
730 3960 977 4029 δηλονότι
1031 3956 1346 4029 διετυπώθη
1380 3959 1477 4011 καὶ
1510 3957 1569 4011 τὸ
1599 3957 1720 4011 ὅλον
1764 3955 1860 4011 τοῦ
1896 3956 2060 4025 λόγου

463 4055 776 4127 προοίμιον.

535 4149 607 4217 γ’.
650 4148 857 4219 Μωσῆς
899 4147 927 4200 ό
955 4147 1253 4218 νομοθέτης
1287 4140 1429 4207 εἷπε,
1486 4141 1688 4214 μᾶλλον
1730 4141 1777 4195 δ’
1805 4143 1834 4194 ὁ
1881 4139 2062 4204 κοινὸς

460 4243 560 4296 καὶ
601 4241 848 4311 πλάστης
885 4241 979 4294 καὶ
1012 4239 1308 4311 νομοθέτης
1353 4237 1422 4291 δι’
1451 4236 1638 4297 αὐτοῦ,
1681 4254 1701 4288 ι
1745 4235 1822 4288 Ού
1863 4233 2061 4304 φονεύς

463 4351 619 4397 σειςο
661 4352 678 4384 ι
733 4333 832 4387 καί
889 4331 1090 4385 πάλιν·
1142 4349 1162 4382 ι
1199 4330 1373 4383 esse:
1425 4329 1657 4390 ἕκαστος
1705 4327 1808 4396 τὴν
1863 4325 2060 4379 ἑαυτοῦ

465 4427 744 4498 ῥομφαίαν
788 4428 881 4479 ἐπὶ
921 4427 1015 4480 τὸν
1054 4424 1250 4497 μηρὸν,
1281 4423 1377 4477 καὶ
1410 4421 1651 4475 διέλθετε
1683 4421 1777 4474 καὶ
1807 4421 2062 4490 ἀνακάμσ·

459 4524 601 4590 φατε
629 4523 738 4575 ἀπὸ
767 4520 944 4590 πύλης
976 4520 1058 4583 είς
1087 4519 1266 4588 πύλην
1295 4517 1384 4570 διά
1410 4517 1511 4583 τῆς
1538 4515 1920 4586 παρεμϐολῆς,
1963 4514 2060 4568 καί⁵

462 4613 823 4667 ἀποκτείνατε
851 4613 1082 4676 ἕκαστος
1104 4612 1196 4664 τὸν
1228 4609 1456 4678 ἀδελφὸν
1486 4607 1677 4675 αὑτοῦ,
1708 4607 1800 4662 καὶ
1827 4607 2060 4668 ἕκαστος

459 4706 557 4761 τὸν
589 4706 820 4778 πλησίον
841 4704 1032 4770 αὑτοῦ,
1063 4704 1156 4758 καὶ
1179 4703 1409 4765 ἕκαστος
1437 4700 1530 4754 τὸν
1561 4701 1790 4768 ἔγγιστα
1814 4697 2001 4752 αὐτοῦ.
2027 4717 2046 4750 ι

459 4799 588 4863 Πῶς
618 4795 713 4853 οῦν
739 4792 903 4852 αὗται
932 4800 988 4851 αἱ
1013 4797 1189 4866 φωναὶ
1227 4797 1328 4867 τὴν
1365 4793 1612 4865 ἀλλήλων
1639 4793 1700 4846 ού
1728 4790 2054 4863 νομοθετοῦο

459 4911 550 4947 σιν
571 4893 856 4963 ἀναίρεσιν
881 4909 896 4959 ;
930 4893 1000 4944 Ἦ
1027 4889 1273 4961 δηλονότι
1307 4891 1368 4942 ού
1399 4889 1684 4958 φονεύσεις
1713 4886 1810 4956 μὲν
1840 4885 1932 4937 τὸν
1964 4886 2060 4938 ἁν-

456 4988 638 5041 αίτιον
663 5003 676 5016 ·
701 4985 792 5038 τὸν
822 4985 878 5037 δέ
904 5002 966 5054 γε
1001 4984 1236 5037 θανάτου
1270 4981 1476 5051 ἔνοχον,
1511 4980 1606 5033 καί
1635 4977 1727 5030 τὸν
1765 4975 2060 5046 πατρῴους

455 5081 676 5150 νόμους
702 5079 1083 5150 ἐνυϐρίσαντα,
1105 5075 1346 5138 εἰδώλοις
1375 5091 1436 5127 τε
1468 5074 1529 5127 τὸ
1557 5071 1652 5125 τοῦ
1679 5071 1926 5125 Πλάστου
1963 5067 2058 5122 σέέ

457 5173 568 5234 ϐας
596 5170 968 5242 ἀναψάμενον,
1010 5169 1156 5239 φόνῳ
1202 5166 1474 5230 κολάσεις.
1529 5163 1746 5217 Ἐάσειν
1793 5178 1884 5231 μοι
1914 5159 2058 5214 δοκῶ

453 5264 544 5316 τὸο
579 5283 596 5314 ι
635 5263 711 5316 Ού
743 5262 1070 5334 μοιχεύσεις,
1104 5279 1124 5313 ι
1153 5261 1247 5314 καὶ
1271 5258 1352 5312 τό’
1390 5277 1408 5309 ι
1436 5256 1584 5311 Λάϐε
1616 5252 1831 5323 σεαυτῷ
1869 5255 2060 5322 γυναῖ-

456 5371 536 5409 κα
570 5353 828 5424 πορνείας
855 5353 950 5406 καὶ
974 5353 1142 5407 τέκνα
1178 5349 1454 5422 πορνείας.
1491 5367 1509 5400 ι
1550 5348 1704 5417 Ἔχει
1731 5345 1842 5415 γάρ
1871 5360 1926 5395 τι
1961 5343 2058 5396 καὶ

456 5445 559 5501 τσῦ
589 5447 924 5517 ζητουμένου
964 5445 1265 5515 βαθύτερον
1293 5442 1372 5510 (8)
1399 5458 1412 5473 ο
1441 5440 1581 5512 πλὴν
1615 5442 1699 5493 ὅτι
1727 5439 2056 5508 περίστασις

457 5540 744 5596 κάνταῦθα
777 5539 1040 5611 ποιεῖτὴν
1071 5535 1410 5608 φαινομένην
1443 5535 1623 5606 μάχην
1657 5532 1730 5603 μὴ
1758 5530 2050 5602 μάχεσθαι’

2167 3499 2331 3543 tatem
2365 3490 2718 3546 dedecorant.
2750 3491 2942 3548 Nullus
2973 3495 3348 3562 exemplorum
3395 3496 3522 3549 linis
3551 3498 3674 3561 erit,
3711 3497 3759 3551 si

2169 3583 2296 3651 quis
2326 3582 2512 3636 omnia
2546 3585 2798 3654 persequi
2832 3586 2984 3641 velit.
3009 3584 3203 3640 Viden’
3231 3597 3289 3640 ut
3319 3587 3488 3640 multa
3519 3589 3758 3655 Speciem

2164 3689 2276 3744 pra:
2317 3690 2377 3730 se
2427 3675 2609 3730 ferunt
2649 3677 3096 3743 contrarietatis,
3147 3695 3273 3751 qua:
3319 3694 3445 3734 mox
3491 3695 3758 3751 perpensa

2163 3769 2513 3823 concordiam
2557 3771 2825 3825 tuentur?
2863 3770 2957 3827 llis
3013 3772 3179 3840 igitur
3229 3775 3762 3829 consideratiouilnts

2165 3860 2218 3914 in
2246 3875 2405 3916 sacra
2434 3878 2655 3933 quoque
2695 3863 2978 3934 Scriptura
3009 3875 3196 3921 nostra
3227 3867 3308 3920 uti
3335 3877 3573 3936 Oportet,
3599 3869 3760 3937 cujus

2163 3954 2482 4009 estcﬂ‘atum
2507 3955 2637 4011 illud
2663 3958 2809 4028 quod
2846 3967 2903 4012 tu
2933 3958 3066 4012 mihi
3087 3959 3303 4029 objicis,
3331 3971 3384 4016 et
3403 3960 3565 4031 cujus
3583 3963 3760 4030 gratia

2175 4054 2351 4101 totum
2382 4049 2654 4105 sermonis
2673 4050 2834 4116 hujus
2862 4053 3145 4121 przemium
3174 4053 3500 4109 adornatum
3524 4055 3644 4112 fuit.

2236 4140 2290 4194 ὃ.
2328 4137 2637 4210 Legislator
2658 4141 2837 4198 Moses
2861 4145 2994 4213 (imo
3017 4160 3147 4199 vero
3174 4149 3486 4203 communis
3508 4150 3756 4204 omnium

2163 4239 2382 4282 creator
2412 4239 2467 4283 et
2495 4229 2776 4299 legislator
2807 4245 2903 4285 ore
2947 4231 3067 4302 ejus
3116 4233 3367 4305 loquens)
3399 4236 3518 4289 ait:
3555 4254 3574 4288 ι
3633 4235 3758 4289 Non

2163 4321 2386 4375 occides
2420 4320 2493 4373 ³⁸.
2536 4340 2556 4375 ι
2584 4321 2904 4392 Rursusque
2935 4339 2950 4378 :
2981 4343 3000 4376 ι
3041 4327 3322 4397 Accingite
3371 4328 3751 4398 unusquisque

2165 4414 2312 4468 latus
2349 4429 2510 4482 ense;
2541 4417 2672 4471 itote
2701 4432 2766 4470 ac
2813 4418 3102 4474 circumito
3157 4429 3470 4475 castrorum
3529 4433 3754 4493 portas;

2162 4507 2418 4562 occidant
2455 4509 2652 4577 singuli
2683 4508 2904 4564 fratrem
2947 4526 3110 4566 suum
3160 4523 3215 4567 et
3263 4519 3636 4569 necessarium
3690 4531 3761 4569 ac

2162 4602 2472 4671 proximum
2503 4602 2545 4654 ⁸.
2594 4620 2614 4654 ι
2671 4602 2872 4669 Quidni
2925 4606 3095 4674 igitur
3151 4606 3296 4661 dicta
3356 4608 3474 4663 haec
3536 4618 3761 4664 mutuas

2162 4695 2338 4750 caedes
2369 4695 2486 4766 lege
2513 4697 2806 4752 sanciunt?
2858 4698 2964 4752 nisi
3015 4699 3146 4768 quia
3210 4700 3568 4770 intelligimus
3629 4718 3756 4771 par-

2156 4789 2390 4842 cendum
2422 4804 2544 4845 esse
2579 4790 2844 4858 innoxio;
2880 4793 3076 4848 mortis
3112 4803 3296 4848 autem
3332 4811 3510 4858 reum,
3551 4803 3606 4849 ct
3655 4795 3751 4865 qui

2155 4883 2364 4951 patrias
2394 4883 2540 4954 leges
2580 4883 2824 4949 violavit,
2882 4885 3239 4956 debitumque
3294 4887 3542 4943 Creatori
3585 4889 3751 4945 obse-

2154 4975 2346 5043 quium
2387 4974 2454 5028 ad
2486 4973 2630 5028 idola
2666 4977 2966 5042 transtulit,
2995 4978 3166 5039 hunc,
3198 4979 3446 5048 inquam,
3474 4981 3590 5034 neci
3627 4997 3752 5036 esse

2155 5063 2510 5123 tradendum.
2542 5064 2804 5122 Libenter
2833 5069 3030 5123 omitto
3054 5071 3219 5124 verba
3253 5089 3272 5122 ι
3305 5072 3652 5126 Adulteriqu
3681 5087 3751 5126 ne

2155 5155 2367 5225 facito;
2413 5178 2431 5211 ι
2469 5169 2568 5215 et:
2613 5179 2632 5213 ι
2661 5161 2808 5232 Cape
2834 5163 2933 5217 tibi
2965 5163 3227 5218 feminam
3272 5166 3640 5232 meretricem,
3684 5183 3748 5222 ac

2154 5250 2357 5307 liberos
2407 5253 2606 5309 nothos
2663 5271 2787 5310 crea
2817 5256 2867 5320 ³;
2926 5275 2944 5308 ι
3019 5257 3221 5312 habent
3285 5259 3432 5312 enim
3493 5260 3744 5321 altiorem

2155 5346 2414 5412 praesenti
2445 5347 2750 5416 quaestione
2777 5363 3000 5403 sensum
3029 5367 3043 5404 :
3079 5350 3174 5404 sed
3201 5360 3382 5405 tamen
3410 5352 3497 5406 hic
3527 5369 3746 5422 quoque

2152 5433 2567 5490 circumstantia
2599 5437 2750 5498 facit,
2785 5447 2845 5492 ut
2877 5454 3149 5509 apparens
3201 5457 3379 5512 pugna
3409 5459 3603 5512 reapse
3634 5459 3744 5498 non

2156 5538 2380 5597 pugnet.
2417 5527 2571 5584 Haud
2598 5531 2726 5587 licet
2779 5529 2875 5587 Dei
2921 5534 3246 5604 prophetam
3295 5550 3485 5602 manu,
3537 5534 3746 5607 lingua,

535 5676 590 5710 “‘
623 5675 795 5731 Exod.
839 5673 1051 5740 xx,15.
1128 5674 1148 5705 ³
1193 5669 1365 5725 Exod.
1408 5683 1582 5732 χχχιι,
1629 5665 1724 5720 27.
1797 5666 1818 5698 ³
1853 5665 1992 5720 Osee
2022 5679 2061 5726 ι,
2094 5662 2151 5717 2.

1975 5779 2207 5838 NOTAE.

532 5900 612 5974 (8)
649 5900 857 5962 Videsis
901 5897 1177 5960 Theodori
1219 5897 1590 5971 Mopsucsteni
1636 5899 2146 5970 interpretationem
2178 5895 2335 5955 Oscae
2368 5896 2662 5972 prophetsc.
