4134 6506
427 462 490 528 51
1590 435 1857 497 PHOTII
1883 435 2396 498 PATRIARCHE
2435 438 2546 501 CP.
3667 436 3756 502 5?.

426 557 594 614 modo
620 556 882 628 quolibet,
914 554 1130 611 violari.
1183 553 1282 610 Rei
1316 562 1486 612 testes
1538 554 1792 610 illusores
1835 554 2015 624 pueri,
2046 603 2052 614 Α

2149 553 2244 607 )ύκ
2279 553 2491 619 ἔξεστιν
2528 554 2612 618 είς
2651 550 2790 608 Θεοῦ
2824 554 3116 625 προφήτην
3149 551 3418 626 ὑϐρίζειν,
3453 552 3516 608 ού
3543 554 3752 624 χειρὶ,

426 653 522 724 qui
557 668 682 706 cum
710 651 1028 721 prophetam
1064 649 1200 705 risui
1247 649 1594 711 habuissent,
1639 647 1888 702 convicia
1919 662 2019 701 sua

2149 644 2182 698 κύ
2215 645 2472 717 γλώσσῃ,
2514 647 2615 718 οὐχ
2657 644 2835 718 ἑτέρῳ
2873 646 3061 717 τρόπῳ
3094 644 3222 700 τινί·
3263 647 3358 700 καὶ
3387 645 3750 717 μαρτύριον,

427 759 724 816 corporum
760 742 1050 814 suppliciis
1087 742 1310 796 luerunt
1337 741 1380 796 ⁸.
1431 740 1740 809 Ceteroqui
1772 749 1826 793 et
1847 739 2018 794 alium

2149 741 2317 804 παῖδες
2353 740 2652 812 άθύροντες
2683 741 2780 795 καὶ
2811 741 3102 812 προφήτην
3135 739 3455 811 ποιούμενοι
3479 739 3753 808 γέλωτα,

430 839 698 902 invenies,
733 838 826 908 qui
861 836 989 906 quia
1024 835 1301 904 propheta.-
1325 833 1518 888 faciem
1549 849 1656 886 non
1688 834 2020 896 verberavit,

2149 833 2246 885 ιντί
2272 833 2626 904 σκωμμάτων
2671 833 2944 904 σωμάτων
2975 832 3420 904 είσεπράχθησαν
3451 831 3706 901 ὄλεθρον
3735 845 3753 860 ο

429 935 484 988 in
538 941 844 986 extremum
900 929 1129 982 exitium
1197 925 1384 979 incidit
1417 925 1455 978 ⁸.
1519 925 1789 995 Quodque
1847 928 2022 996 magis

2149 925 2239 979 me
2279 927 2538 999 εὑρήσεις
2575 925 2717 989 τινὰ,
2749 926 2874 980 ἐπεὶ
2901 925 2976 996 μὴ
3013 925 3108 978 τοῦ
3142 927 3422 996 προφήτου
3466 925 3564 994 τὴν
3601 924 3756 992 ὃψιν

428 1025 804 1081 dillieultatem
836 1020 1084 1085 roborat,
1115 1026 1170 1072 et
1229 1017 1354 1072 illos
1394 1017 1489 1086 qui
1545 1017 1731 1086 injurii
1801 1016 2024 1072 fuerant

2155 1019 2418 1085 πάταξεν,
2467 1020 2550 1073 ὅτι
2599 1019 2700 1089 τὴν
2738 1018 2974 1090 ἐσχάτην
3013 1019 3173 1088 δίκην
3216 1019 3474 1072 ἀπέτισεο
3522 1019 3630 1071 καὶ
3677 1015 3756 1067 τὸ

430 1122 545 1176 fera
577 1117 829 1180 laniavit,
859 1125 915 1169 et
941 1130 1066 1169 eum
1099 1110 1354 1169 similiter
1379 1112 1473 1181 qui
1507 1111 1576 1164 ab
1606 1125 1672 1166 eo
1703 1109 1850 1165 facto
1895 1111 2024 1165 imi-

2149 1112 2394 1184 ιρατύνον
2433 1113 2636 1182 μᾶλλον
2664 1113 2726 1166 τὸ
2756 1113 2985 1184 ἄπορον,
3016 1112 3145 1176 τούς
3169 1127 3228 1165 τε
3267 1111 3405 1182 πρὸς
3437 1111 3594 1182 ὕϐριν
3639 1110 3754 1174 ἐξ-

432 1212 602 1268 tando
633 1219 872 1270 caverat.
905 1208 1008 1261 alia
1050 1205 1164 1260 fera
1208 1206 1431 1260 invasit.
1462 1204 1604 1270 Quid
1639 1204 1804 1275 ergo?
1842 1219 2026 1260 nonne

2149 1203 2447 1274 ινεχθέντας
2493 1204 2683 1274 θηρίον
2733 1205 3031 1275 ὲσπάραξε,
3080 1204 3176 1257 καὶ
3212 1203 3304 1256 τὸν
3347 1201 3756 1269 εὐλαϐηθέντα

435 1307 551 1360 have
609 1303 883 1358 contraria
949 1301 1131 1356 sunt?
1190 1299 1415 1353 Minime
1478 1299 1746 1369 gentium.
1807 1298 2024 1354 Etenim

2149 1296 2226 1367 τὴν
2264 1296 2519 1368 μίμησιν,
2552 1295 2744 1367 θηρίον
2772 1295 2900 1350 ἄλλο
2931 1296 3217 1350 διέσπασε.
3254 1295 3320 1347 Τί
3354 1293 3448 1348 οὖν
3479 1293 3588 1365 ἄρα
3626 1291 3755 1344 οὐκ

434 1392 685 1462 quaedam
745 1389 967 1460 proprio
1017 1388 1225 1459 judicio
1283 1389 1659 1457 instinctuque
1727 1397 2023 1459 suscepta,

2149 1390 2346 1443 ,ναντία
2378 1387 2482 1442 ταῦ
2496 1405 2593 1455 ra;
2629 1389 2705 1442 υύ
2740 1389 2838 1458 μὲν
2868 1385 2963 1443 οὖν
2991 1389 3111 1443 οὐδὲ
3139 1386 3338 1441 πολλοῦ
3368 1388 3483 1441 δεῖο
3515 1386 3617 1439 οὐκ
3649 1384 3758 1449 ἕξ·-

436 1495 666 1549 prorsus
699 1495 805 1532 Itun
835 1478 1001 1532 licent
1038 1496 1052 1532 :
1088 1494 1278 1532 verum
1329 1478 1423 1532 uhi
1483 1476 1626 1533 Deus
1670 1477 1924 1548 jusserit,
1971 1489 2027 1534 et

2149 1499 2246 1535 ;στι
2278 1483 2376 1552 μὲν
2401 1482 2510 1553 γὰρ
2533 1481 2644 1535 οὐδ’
2661 1482 2800 1545 ὅλως
2829 1481 3007 1550 οἰκείᾳ
3029 1483 3211 1552 κρίσει
3235 1482 3330 1534 καὶ
3358 1483 3500 1551 ὁρμῇ
3531 1481 3754 1549 ἀνερε-

437 1572 708 1628 sententia
740 1572 956 1626 cmlitus
992 1572 1098 1626 lata
1137 1572 1322 1634 fuerit,
1361 1588 1470 1626 non
1503 1573 1682 1627 solum
1709 1573 1876 1626 verbo
1918 1590 2025 1628 non

2149 1572 2454 1642 Ιισόμενον·
2515 1571 2738 1626 ἐπειδὰν
2793 1571 2852 1624 δὲ
2899 1571 3031 1634 Θεὸς
3081 1571 3282 1643 κελεύῃ
3331 1572 3425 1624 καὶ
3475 1570 3755 1641 ἡψῆφος

439 1665 559 1719 licet
604 1665 758 1718 locus
785 1664 928 1718 haud
963 1672 1069 1728 est,
1116 1677 1304 1716 verum
1347 1662 1512 1716 etiam
1570 1663 2025 1731 inobsequenlem

2149 1665 2337 1719 ἰνωθεν
2360 1664 2599 1735 φέροιτο,
2632 1664 2694 1717 οὐ
2735 1663 2895 1734 μόνον
2922 1663 3024 1716 ούκ
3053 1662 3167 1733 ἔχει
3194 1661 3380 1734 χώραν
3411 1661 3469 1716 τὸ
3499 1663 3613 1716 οὐκ
3648 1658 3758 1724 ἔξ-

435 1769 602 1826 ptena
625 1755 818 1810 acerba
846 1754 1226 1824 consequitur.
1271 1752 1578 1824 Utrumque
1630 1755 1797 1824 igitur
1841 1769 2027 1810 sacra-

2149 1775 2299 1822 ιστιν,
2336 1757 2473 1810 ἀλλὰ
2522 1757 2618 1810 καὶ
2661 1755 2762 1827 τὴν
2791 1754 3228 1826 παρημεληκότα
3259 1753 3473 1825 πικρῶς
3521 1755 3554 1824 ἡ
3599 1752 3750 1819 δίκη

440 1864 562 1902 rum
592 1847 924 1902 Litterarum
960 1847 1272 1917 exemplum
1318 1856 1673 1918 apparentem
1719 1848 2028 1902 contrarie-

2149 1850 2486 1919 ιετέρχεται.
2531 1847 2825 1918 Ἑκάτερον
2872 1841 2966 1899 οὗν
3001 1845 3112 1898 τῶν
3167 1843 3332 1915 ἰερῶν
3377 1843 3754 1914 γραμμάτων

439 1951 607 1995 tatem
637 1941 910 2009 dispellit;
946 1939 1180 1995 alterum
1231 1941 1452 2011 quidem
1503 1941 1653 1994 noxii
1703 1951 1758 1996 et
1816 1939 2030 1995 innoxii

2149 1940 2493 2010 παράδειγμα
2535 1937 2633 2009 τὴν
2678 1936 2948 1990 δοκοῦσαν
2981 1935 3300 1990 ἐναντίωσιν
3347 1932 3752 1997 ἀποσκευάζε-

442 2033 893 2100 eireumstantia;
931 2033 1165 2088 alterum
1205 2048 1238 2089 a
1267 2033 1453 2090 divino
1477 2035 1698 2090 decreto
1739 2045 1795 2090 et
1849 2034 2032 2090 homi-

2149 2047 2224 2083 ται
2245 2045 2258 2060 ·
2286 2029 2347 2082 τὸ
2381 2029 2481 2099 μὲν
2512 2029 2576 2081 ὲκ
2601 2027 2699 2097 τῆς
2729 2026 2822 2080 τοῦ
2849 2025 3145 2080 άνευθύνου
3177 2028 3272 2079 καὶ
3305 2022 3606 2078 ύπευθύνου
3637 2023 3754 2092 δη-

440 2126 529 2181 nis
564 2127 867 2182 voluntate.

2149 2122 2307 2176 lavor:
2337 2120 2737 2191 περιστάσεως.
2765 2119 2826 2173 τὸ
2852 2117 2910 2172 δὲ
2943 2117 3094 2188 παρὰ
3115 2118 3216 2191 τὴν
3245 2117 3397 2171 θείαν
3425 2117 3605 2188 ψῆφον
3634 2115 3754 2170 καὶ

2133 2215 2196 2270 τὸ
2227 2214 2570 2284 ἀνθρώπινον
2595 2215 2739 2284 ὃρμη
2748 2229 2850 2281 μα.

2205 2303 2270 2359 δ’.
2305 2303 2487 2358 Πολλὰ
2530 2304 2589 2357 δὲ
2627 2304 2722 2358 καὶ
2763 2303 2902 2359 ἄλλα
2935 2302 3035 2374 τὴν
3071 2303 3129 2355 ὲν
3157 2300 3340 2365 ἄλλοις
3378 2301 3562 2372 μάχην
3596 2317 3752 2371 προ-

2137 2397 2419 2467 φαίνοντα,
2471 2394 2584 2449 τῶν
2627 2394 3038 2466 περιστατικῶν
3085 2393 3262 2464 ὀρθῶς
3313 2392 3747 2465 διακριθέντων,

2137 2488 2216 2550 είς
2241 2485 2564 2556 συμφωνίαν
2596 2485 2918 2554 μεθίσταται
2941 2501 2954 2514 ⁸
2985 2483 3116 2538 ἄλλο
3141 2484 3198 2537 δὲ
3225 2484 3437 2551 γίνεται
3469 2481 3601 2536 ποτὲ
3633 2483 3750 2553 μὲν

2138 2577 2291 2650 παρὰ
2331 2577 2424 2633 τὸν
2465 2577 2654 2642 τόπον,
2684 2575 2813 2630 ἄλλο
2845 2593 2904 2630 τε
2934 2575 3084 2646 παρά
3114 2575 3205 2628 τὸν
3237 2575 3448 2645 χρόνον,
3479 2574 3651 2628 ὲνίοτε
3678 2573 3749 2626 δὲ

2138 2672 2233 2725 καί.
2275 2671 2429 2738 παρὰ
2463 2669 2524 2722 τὸ
2562 2669 2884 2739 πρόσωπον.
2913 2669 3066 2738 Ἔχει
3099 2668 3199 2738 μὲν
3228 2663 3323 2721 οὖν
3367 2667 3460 2720 καί
3486 2669 3513 2721 6
3544 2667 3747 2738 χρόνος

2137 2761 2402 2832 διαφορὰς
2437 2763 2538 2815 οὐκ
2570 2761 2782 2830 ὀλίγας,
2813 2761 2947 2816 πολὺ
2979 2761 3036 2815 δὲ
3061 2761 3122 2814 τὸ
3148 2760 3444 2834 πρόσωπον
3472 2761 3695 2824 πλείους
3723 2777 3742 2794 ο

2139 2855 2379 2928 ἄρχοντα
2404 2856 2494 2910 καὶ
2516 2855 2822 2926 ἀρχόμενον
2841 2871 2855 2885 ·
2883 2855 3196 2923 εἰσάγοντα,
3226 2855 3585 2924 εἰσαγόμενον
3603 2871 3618 2886 ⁸
3645 2871 3746 2908 τε·

2139 2951 2411 3017 λειοῦντα,
2455 2949 2865 3020 τελειούμενον·
2912 2949 3183 3020 μαθητὴν,
3233 2947 3599 3003 διδάσκαλον·
3641 2949 3746 3004 καί⁵

2141 3045 2204 3100 τὸ
2229 3045 2403 3100 αίτιον
2435 3044 2534 3099 καὶ
2553 3045 2614 3098 τὸ
2633 3044 2874 3098 ἀναίτιον
2892 3060 2907 3074 ο
2941 3043 3036 3096 καὶ
3068 3042 3223 3112 κοινὴ
3253 3041 3415 3096 πάλιν
3438 3039 3534 3094 τοῦ
3570 3057 3748 3110 προσ-

513 2303 568 2357 4.
601 2301 766 2357 Multa
805 2318 1025 2374 quoque
1055 2303 1162 2359 alia
1191 2319 1316 2374 quae
1350 2303 1512 2361 aliter
1555 2320 1807 2376 pugnare
1836 2307 2034 2362 viden-

443 2401 553 2454 tur,
580 2395 871 2464 perpensis
905 2405 1051 2450 recte
1074 2396 1532 2462 circumstantiis,
1582 2397 1651 2452 ad
1699 2412 2033 2454 consensqu

442 2497 791 2543 revocantur.
824 2487 877 2543 ω
908 2505 1040 2544 vero
1087 2490 1287 2546 accidit
1323 2507 1471 2547 nunc
1514 2491 1657 2558 loco,
1701 2507 1851 2547 nunc
1893 2500 2036 2547 tem-

444 2595 596 2650 pore,
626 2582 898 2637 interdum
929 2598 1149 2653 quoque
1202 2599 1463 2654 persona.
1514 2583 1582 2638 Et
1635 2594 1764 2640 sunt
1811 2585 2035 2655 quidem

445 2671 502 2726 in
535 2681 778 2742 tempore
806 2672 1126 2728 diﬂ'erentias
1152 2690 1260 2729 non
1290 2690 1499 2745 pauere,
1541 2675 1716 2730 multo
1746 2685 1928 2730 autem
1981 2676 2034 2731 in

445 2779 683 2833 persona
719 2765 938 2835 plures;
973 2766 1235 2822 dominus
1261 2775 1314 2820 et
1368 2765 1660 2831 subditus;
1691 2766 1802 2821 dux
1842 2776 1900 2822 ct
1933 2767 2040 2821 du-

447 2864 601 2922 ctus;
630 2856 850 2912 initiatis
881 2866 936 2912 et
979 2857 1267 2926 initiatus;
1305 2858 1609 2926 discipulus
1659 2869 1712 2913 et
1742 2859 2036 2930 magister;

447 2946 651 3001 noxius
680 2957 734 3001 et
766 2947 1045 3002 innoxius.
1081 2946 1297 3004 Rursus
1326 2949 1645 3004 communis
1675 2958 1760 3004 est
1790 2965 2042 3019 persona:

447 3038 670 3102 divisio,
697 3039 1011 3095 immutatio
1032 3041 1280 3111 ejusdem
1312 3041 1395 3096 vel
1426 3042 1755 3111 suppositio.
1785 3040 2042 3113 Namque

448 3132 553 3186 alia
584 3136 792 3201 species
823 3135 1100 3203 consurgit
1136 3142 1348 3188 mutato
1379 3149 1555 3195 more.
1602 3146 1860 3190 manente
1919 3151 2044 3205 per-

2142 3136 2294 3191 ὡπου
2349 3138 2516 3208 τομὴ,
2566 3136 2844 3208 μεταϐολὴ
2887 3136 3083 3190 τούτου
3119 3136 3214 3190 καί
3246 3134 3538 3204 ὑπαλλαγή
3561 3149 3574 3162 ·
3611 3134 3745 3187 ἄλλο

449 3239 619 3289 sona;
656 3226 761 3280 alia
819 3242 1013 3281 rursus
1075 3243 1200 3280 cum
1253 3228 1345 3280 uni
1399 3227 1478 3281 rei
1521 3227 1628 3281 alia
1686 3230 2038 3299 supponitur.

2149 3230 2254 3298 γάρ
2285 3222 2424 3292 εἶδος
2449 3229 2817 3293 ἀποτελεῖται,
2842 3227 2935 3282 τοῦ
2959 3228 3126 3299 ἤθους
3151 3228 3252 3298 μὲν
3281 3227 3746 3298 μεταπίπτοντος,

449 3313 653 3378 Veluti,
684 3333 887 3386 regem,
910 3316 1040 3371 fecit
1064 3317 1204 3372 Deus
1235 3317 1479 3381 Saulem,
1513 3326 1569 3374 et
1591 3319 1832 3373 vicissim
1860 3319 2038 3374 eidem

449 3424 677 3480 regnum
723 3410 945 3464 ademit.
982 3430 1000 3462 ι
1041 3411 1236 3465 Adhuc
1261 3423 1372 3466 tres
1409 3411 1528 3465 dies
1575 3420 1628 3466 et
1668 3410 1863 3466 Ninive
1907 3411 2042 3467 sub-

449 3499 764 3564 vertetur“;
824 3517 842 3550 ι
905 3507 1188 3567 exspectat
1241 3507 1424 3553 autem
1473 3499 1605 3553 urbs
1672 3500 2042 3569 praestitutum

451 3596 669 3657 tempus
703 3588 871 3643 libera
900 3590 1046 3643 malo
1069 3599 1124 3643 et
1164 3590 1391 3644 illibata.
1436 3589 1705 3645 Sexcenta
1748 3592 1856 3645 alia
1889 3601 2040 3657 sunt,

453 3697 577 3750 quae
614 3696 709 3749 per
747 3696 963 3736 morum
1032 3682 1390 3736 mutationem
1448 3699 1744 3753 personam
1797 3683 2046 3738 subdivi-

455 3773 663 3839 dentia,
701 3774 901 3828 mentis
933 3774 1228 3828 tumultum
1275 3775 1342 3829 ad
1385 3776 1624 3844 quietem
1676 3785 1896 3830 vocant.
1923 3775 2044 3830 Jam

456 3866 604 3935 quod
634 3863 815 3919 Aaron
856 3881 1045 3934 ptenas
1075 3881 1182 3920 non
1215 3867 1426 3920 dederit
1451 3865 1670 3922 conﬂati
1713 3867 1890 3933 vituli,
1938 3883 2048 3937 quo

458 3965 701 4025 tempore
729 3956 917 4012 aﬂines
951 3957 1129 4012 eidem
1158 3958 1375 4013 crimini
1408 3958 1625 4029 gladius
1652 3958 2045 4024 ulciscebatur,

459 4050 512 4103 id
543 4052 744 4119 ipsum,
765 4052 1010 4131 inquam,
1045 4052 1170 4107 aliis
1199 4053 1678 4122 causisimputare
1710 4053 1855 4118 licet,
1883 4062 2048 4123 atque

459 4143 580 4211 ejus
635 4145 710 4198 rei
754 4147 1170 4214 repugnantiam
1217 4147 1284 4200 ad
1337 4146 1649 4217 aequitatem
1711 4146 2046 4215 pertrahere.

462 4233 648 4305 Itaque
677 4253 1034 4303 personarum
1083 4239 1373 4295 diversitas
1423 4256 1529 4294 non
1587 4239 1940 4294 mediocriter
1983 4240 2049 4294 ad

463 4328 839 4383 conciliandas
870 4328 1241 4385 dissonantias
1296 4331 1472 4394 valet;
1511 4329 1962 4400 quandoquidem
1999 4339 2053 4385 et

463 4421 587 4474 alia:
618 4435 704 4475 res
729 4422 871 4474 cit-ea
908 4432 1199 4490 personam
1231 4423 1503 4492 przecipue
1530 4431 1694 4492 atque
1735 4424 1806 4477 ab
1845 4439 1907 4477 ea
1932 4439 2052 4477 mo-

466 4523 711 4566 mentum
761 4515 1062 4584 accipiunt.
1117 4515 1182 4567 Et
1235 4515 1453 4583 quidem
1512 4517 1564 4568 in
1622 4518 1796 4571 sacris
1857 4516 2052 4571 litteris

2143 3320 2236 3375 τοῦ
2265 3320 2560 3390 προσώπου
2587 3321 2643 3374 δὲ
2667 3320 3049 3390 διαμένοντος·
3078 3319 3176 3374 καὶ
3205 3320 3393 3389 ἕτερον
3417 3319 3582 3373 πάλιν
3611 3321 3743 3373 ὅταν

2143 3411 2264 3465 ἀνθ’
2295 3411 2485 3482 ἑτέρου
2512 3412 2700 3483 ἕτερον
2735 3411 3109 3482 ύποϐάλληται
3129 3426 3146 3444 ο
3178 3404 3293 3465 οἷον
3323 3411 3677 3464 ἐϐασίλευσεν
3713 3412 3744 3465 ὁ

2146 3501 2280 3566 Θεὸς
2321 3502 2411 3556 τὸν
2450 3502 2650 3568 Σαοὺλ,
2683 3505 2778 3556 καὶ
2813 3504 2978 3558 πάλιν
3009 3503 3230 3572 ἀφεῖλεν
3258 3502 3422 3556 αὑτὸν
3451 3503 3553 3573 τῆς
3586 3502 3747 3574 βασι-

2146 3594 2296 3658 λείας
2321 3611 2336 3626 ·
2377 3613 2395 3646 ι
2425 3596 2547 3648 Ἔτι
2587 3598 2740 3667 τρεῖς
2781 3597 2858 3666 (9)
2901 3596 3130 3667 ἡμέραι,
3177 3597 3274 3650 καὶ
3324 3595 3532 3667 Νινευὴ
3578 3612 3748 3650 κατα·-

2149 3686 2547 3757 στραφήσεται,
2571 3707 2589 3739 ι
2627 3688 2724 3742 καί.
2755 3689 2907 3759 μένει
2939 3689 3130 3760 χρόνον
3159 3691 3192 3758 ἠ
3221 3688 3375 3753 πόλις
3406 3689 3506 3759 τῆς
3540 3689 3746 3759 προθε-

2148 3761 2316 3846 σμίας
2343 3778 2630 3849 ἐλεύθερος
2659 3779 2755 3833 τοῦ
2792 3780 3002 3844 πάθους
3028 3781 3325 3852 ἀπείρατος
3348 3798 3362 3812 ·
3401 3781 3495 3834 καί
3530 3781 3666 3836 ἄλλα
3687 3780 3746 3834 δὲ

2150 3871 2323 3942 μυρία
2357 3873 2424 3943 τῇ
2457 3872 2731 3942 μεταϐολῇ
2767 3873 2876 3926 τῶν
2916 3873 3064 3944 ἠθῶν
3093 3875 3157 3927 τὸ
3191 3875 3484 3947 πρόσωπον
3521 3875 3745 3946 μεριζό-

2152 3979 2312 4032 μενα,
2336 3963 2446 4016 τῶν
2479 3964 2757 4030 λογισμῶν
2782 3965 2882 4036 τὴν
2910 3967 3099 4020 στάσιν
3127 3965 3286 4020 καλεῖ
3310 3966 3445 4038 πρὸς
3478 3967 3744 4020 διάλυσιν.

2151 4054 2226 4107 Τὸ
2250 4055 2306 4108 δὲ
2333 4055 2429 4108 τὸν
2467 4055 2684 4127 Ἀαρὼν
2719 4057 2793 4128 μὴ
2823 4055 3009 4110 δοῦναι
3042 4057 3202 4125 δίκην
3235 4057 3338 4128 τῆς
3369 4058 3745 4128 μοσχοποιίας,

2148 4151 2236 4202 ὅτε
2283 4149 2344 4201 τὸ
2391 4149 2543 4218 ξίφος
2587 4149 2713 4213 τοὺς
2765 4149 3174 4218 μετεσχηκότας
3206 4149 3306 4218 τῆς
3351 4149 3526 4218 αὐτῆς
3570 4149 3749 4213 αἰτίας

2151 4240 2389 4307 ἐδίκαζε,
2440 4241 2537 4294 καὶ
2579 4242 2659 4302 εἰς
2691 4240 2859 4303 ἄλλας
2892 4241 2991 4311 μὲν
3025 4240 3176 4293 ἐστιν
3212 4239 3512 4310 ἀναφέρειν
3541 4240 3747 4304 αἰτίας,

2151 4331 2248 4385 καὶ
2269 4331 2328 4383 τὸ
2351 4330 2677 4383 ἁντιπίπτον
2705 4329 2916 4383 ἐκεῖθεν
2947 4331 3202 4399 συνάγειν
3235 4332 3312 4392 εἰς
3344 4330 3404 4383 τὸ
3431 4330 3744 4394 ἀκόλουθον,

2151 4422 2269 4478 ἀλλ’
2295 4418 2388 4476 οὖν
2415 4439 2478 4491 γε
2511 4423 2606 4475 καὶ
2636 4423 2800 4492 ήτῶν
2830 4421 3142 4493 προσώπων
3171 4423 3424 4494 ἑτερότης
3456 4423 3518 4475 οὐ
3553 4421 3748 4494 μικρὸν

2152 4515 2513 4571 διαλύσασθαι
2574 4517 2673 4587 τὴν
2709 4516 3051 4580 ἐναντίωσιν,
3086 4517 3138 4568 εί
3162 4532 3226 4583 γε
3259 4514 3496 4582 μάλιστα
3542 4514 3637 4568 καί
3682 4516 3749 4568 τὰ

463 4605 634 4660 multa
671 4617 727 4661 et
759 4606 1019 4676 frequens
1045 4618 1126 4662 est
1167 4607 1238 4661 ob
1286 4623 1533 4676 personae
1581 4612 2051 4664 circumstantiam

2159 4607 2295 4663 ἄλλα
2333 4609 2463 4680 περί
2502 4608 2637 4662 αὐτό
2682 4625 2742 4661 τε
2775 4609 2872 4661 καὶ
2902 4608 2962 4672 ἐξ
2991 4607 3153 4660 αὑτοῦ
3181 4605 3448 4676 λαμϐάνει
3480 4605 3580 4676 τὴν
3617 4604 3749 4675 πρό·-

463 4701 720 4756 varietas.
758 4701 1054 4770 Complura
1087 4702 1380 4770 item,qu;u
1419 4701 1637 4771 dempta
1682 4702 1901 4758 inscitia
1941 4718 2056 4757 ma-

465 4793 649 4849 litiare
703 4795 958 4865 legentis,
990 4795 1124 4847 nihil
1174 4794 1462 4850 dissonum
1503 4795 1725 4861 habent,
1768 4795 2056 4850 nihilomi-

465 4900 570 4940 nus
647 4901 748 4939 ceu
833 4885 982 4939 ιιιιίἰο
1039 4885 1242 4957 eﬂugio
1317 4886 1743 4942 consonantiam
1811 4888 2058 4945 nancisci

466 4989 690 5047 queant,
725 4979 1086 5050 objiciuntur.

538 5159 592 5215 ες.
629 5159 704 5212 Ex
744 5159 1060 5229 hujusmodi
1095 5174 1227 5229 ergo
1256 5159 1475 5216 inscitia
1502 5158 1588 5213 vel
1624 5157 1834 5212 malitia
1875 5167 2062 5214 manat

471 5254 599 5309 item
632 5255 866 5324 qmestio
902 5255 1012 5318 illa,
1050 5273 1068 5306 ι
1106 5251 1184 5308 Ne
1216 5253 1464 5308 habeatis
1510 5268 1704 5306 zonam
1741 5268 1917 5321 neque
1947 5253 2060 5307 cal-

470 5357 754 5403 Ceatnenta
772 5364 946 5418 neque
963 5364 1179 5419 peram:
1206 5367 1224 5400 ι
1247 5357 1358 5402 lttnt
1379 5347 1567 5410 etiam,
1593 5364 1610 5396 ι
1635 5343 1790 5400 Nunc
1812 5361 1939 5400 vero
1962 5346 2056 5416 qui

471 5438 638 5493 habet
664 5455 1002 5501 crumenam,
1048 5449 1229 5494 sumat
1279 5438 1482 5508 pariter
1530 5447 1584 5492 et
1645 5453 1830 5506 peram
1871 5457 1884 5492 :
1920 5454 2059 5508 quas

2155 4703 2274 4757 οδον
2299 4720 2312 4734 ·
2349 4703 2487 4757 ἀλλὰ
2521 4701 2658 4756 πολὺ
2703 4701 2804 4773 μὲν
2834 4700 2931 4755 καί.
2966 4696 3235 4769 πολλαχοῦ
3284 4698 3384 4767 τῆς
3417 4696 3568 4760 θείας
3617 4697 3654 4748 Γ
3661 4713 3754 4768 ρα-

2159 4799 2267 4868 φῆς
2300 4796 2361 4850 τδ
2397 4794 2644 4848 ποικίλον
2684 4793 2786 4864 τῆς
2827 4794 2886 4847 ὲν
2916 4791 2996 4862 τῷ
3032 4789 3313 4862 προσώπῳ
3342 4790 3751 4860 περιστάσεως·

2159 4888 2255 4942 καὶ
2281 4886 2453 4941 πολλὰ
2478 4885 2629 4956 παρὰ
2650 4885 2748 4957 τὴν
2773 4884 2999 4954 ἄγνοιαν
3043 4884 3076 4953 ἢ
3124 4881 3461 4951 κακουργίαν
3491 4879 3587 4933 τοῦ
3622 4879 3756 4931 θεω-

2162 4983 2411 5054 ρήματος
2443 4980 2545 5033 οὐκ
2573 4979 2765 5049 ἔχοντα
2801 4977 3005 5048 μάχην,
3037 4976 3113 5039 ὼς
3145 4975 3268 5046 μηδ’
3293 4972 3644 5044 ἀποστροφὴν
3666 4970 3755 5024 εύ-

2153 5077 2277 5146 ’ρεῖν
2306 5072 2646 5145 δεδυνημένα
2677 5068 3022 5141 συμφωνίας,
3056 5069 3422 5138 προτείνεται.

2236 5173 2296 5220 ε’.
2359 5166 2456 5219 Ἐκ
2501 5163 2609 5217 τῶν
2659 5162 2920 5217 τοιούτων
2970 5158 3263 5231 τοιγαροῦν
3312 5157 3678 5229 ἀγνοημάτων
3719 5154 3751 5226 ἢ

2163 5257 2646 5329 κακουργημάτων
2667 5257 2762 5308 καὶ
2779 5255 2838 5308 τὸ
2861 5273 2879 5306 ι
2901 5255 2994 5325 Μὴ
3022 5253 3174 5324 ἔχετε
3199 5251 3375 5322 ζώνην
3393 5252 3531 5322 μήτε
3559 5249 3758 5318 ὑποδή-

2166 5368 2314 5422 ματα
2330 5351 2468 5421 μήτε
2486 5349 2689 5420 πήραν,
2714 5367 2732 5399 ι
2759 5350 2850 5401 καὶ
2868 5347 2928 5400 τὸ
2947 5367 2964 5398 ι
2986 5345 3144 5398 Ἀλλά
3155 5343 3251 5397 νῦν
3265 5345 3293 5398 ὁ
3319 5344 3456 5414 ἔχων
3475 5341 3756 5412 βαλάντιον

2161 5443 2348 5515 ἀράτω
2365 5441 2566 5512 ὁμοίως
2589 5442 2682 5495 καί.
2708 5441 2891 5510 πήραν
2911 5456 2925 5470 ο
2953 5457 2974 5491 ›
2996 5439 3090 5492 καὶ
3114 5456 3133 5490 ι
3158 5437 3214 5491 '0
3247 5435 3323 5508 μὴ
3348 5436 3486 5507 ἔχων
3515 5435 3758 5506 πωλήσει

541 5554 564 5586 ⁸
596 5552 665 5609 IV
699 5553 832 5625 Reg.
872 5571 933 5617 lt,
965 5552 1056 5608 24.
1132 5556 1153 5586 ⁸
1185 5552 1248 5608 ΙΙΙ
1308 5554 1440 5625 Reg.
1489 5569 1578 5617 ax,
1622 5554 1715 5608 35.
1794 5555 1814 5586 °
1853 5551 2008 5609 Jonze
2051 5571 2132 5620 tu,
2169 5557 2225 5612 4.

1987 5671 2222 5726 NOTAE.

545 5763 622 5834 (9)
650 5763 826 5835 ίΤρείς
865 5779 964 5835 pro
991 5763 1403 5833 τεσσαράκοντα
1461 5763 1629 5819 babes
1685 5765 1849 5819 etiam
1915 5766 2058 5835 apud

475 5833 823 5888 Theodorum
870 5833 1314 5903 ansnestennm
1365 5849 1568 5889 comm.
1625 5836 1677 5889 in
1727 5833 1965 5896 Jonatn,‘
2004 5845 2061 5891 et

481 5906 625 5972 apud
682 5904 1189 5979 pseudo-Cyrillum
1234 5919 1446 5960 comm.
1507 5921 1660 5977 aeque
1716 5906 1768 5962 in
1809 5903 2054 5974 Jonam;

2168 5765 2610 5821 conciliationem
2639 5762 2933 5834 quamdam
2961 5759 3160 5832 Iegesis
3180 5756 3324 5830 apud
3365 5755 3761 5826 Augusﬂnum,

2169 5837 2246 5894 De.
2271 5838 2370 5893 civ.
2399 5835 2466 5891 ι).
2507 5851 2661 5901 xvm,
2683 5834 2777 5888 44.
