4134 6442
526 426 596 488 ω
1584 414 1683 472 AD
1718 406 2105 471 AMPHlLOC

2210 404 2313 465 ΠΜ
2352 400 2697 474 ΟΗᾹΞΞΤῙΟ
2728 401 2779 462 Ι.
3721 392 3789 456 54

524 540 595 592 τὰ
614 535 802 605 ἱμάτια
822 529 986 586 αὑτοῦ
1015 527 1108 584 καὶ
1124 526 1384 597 ἀγοράσει
1409 524 1708 594 μάχαιραν,
1726 542 1743 573 ι
1775 523 1850 585 ὼς
1880 522 2101 574 ἐναντία

2210 518 2249 573 si
2274 533 2400 587 quis
2422 532 2532 570 non
2568 516 2753 578 habet,
2790 514 3114 569 vestimenta
3140 528 3239 568 sua
3280 509 3479 566 vendet
3520 510 3788 579 gladium-

525 623 924 695 προϐάλλονται
950 620 1043 673 καὶ
1076 618 1377 689 μαχόμενα.
1416 614 1557 684 Ἐγὼ
1575 615 1630 668 δέ
1650 614 1801 666 οῦπω
1833 615 1929 682 μέν
1958 612 2101 675 λέγω

528 718 598 772 τὰ
631 714 787 779 ἄλλα,
822 712 937 764 ἀλλ’
962 713 1156 771 ἐκεῖνο,
1191 710 1310 772 πῶς
1340 711 1373 779 ἡ
1414 708 1523 760 τῶν
1560 706 1738 777 ῥητῶν
1776 704 1974 773 ἐφεξῆς
2008 704 2103 754 καὶ

529 803 672 856 κατά
715 800 996 870 συνέχειαν
1036 797 1284 859 σύνθεσις
1331 796 1431 848 ούκ
1478 793 1744 847 ἐδυσώπει
1777 794 1966 863 φυγεῖν
2002 792 2101 858 τὴν

529 893 631 961 τῆς
669 890 844 958 μάχης
877 885 1164 954 ὑπόληψιν,
1202 883 1565 953 παραπέμπει
1603 881 1660 934 δὲ
1696 880 1895 949 μᾶλλον
1928 877 2102 929 ἐλθεῖν

531 980 622 1032 ἐπὶ
646 978 875 1046 ζήτησιν
910 974 1082 1026 καὶτὸ
1109 971 1268 1041 βάθος
1295 970 1596 1040 ἀνιχνεύειν
1622 968 1716 1021 τοῦ
1749 966 2103 1037 προστάγμα-

525 1086 657 1134 τος;
698 1068 849 1137 ’Λμα
883 1066 994 1137 γάρ
1033 1065 1125 1118 καὶ
1155 1066 1211 1116 ἐν
1240 1062 1315 1133 τῷ
1347 1062 1544 1130 ἀκαρεῖ
1570 1061 1707 1130 μήτε
1731 1058 1900 1128 λήθης
1934 1058 2100 1125 ἐμπι-

527 1161 793 1229 πτούσης,
850 1159 984 1226 μήτε
1037 1153 1261 1224 γνώμης
1314 1152 1677 1221 ἀστατούσης,
1728 1151 1788 1203 οὐ
1834 1149 1941 1220 μὴν
1980 1147 2103 1200 ούδέ

532 1253 653 1321 βίας
690 1249 999 1320 ίσχυούσης,
1035 1247 1148 1301 ἀλλ’
1169 1245 1275 1298 οὐδ’
1303 1248 1472 1315 ἀκοῆς
1500 1244 1560 1296 τὸ
1588 1243 1842 1312 διάφορον
1867 1239 2105 1293 ὑποϐαλ-

529 1346 782 1415 λομένης,
822 1342 938 1405 πῶς
983 1340 1107 1407 ἐνῆν
1137 1338 1228 1390 τὸν
1257 1337 1419 1389 αὑτὸν
1446 1334 1706 1387 τάναντία
1747 1328 2106 1400 ἐπισημαινό-

534 1456 695 1510 μενον
725 1434 1036 1505 νομοθετεῖν
1071 1430 1342 1501 αἱρεῖσθαι
1366 1428 1401 1482 ἃ.
1428 1428 1521 1480 καὶ
1552 1425 1773 1496 φεύγειν
1799 1422 2102 1492 προσέτατ-

528 1548 656 1596 τεν;
710 1526 853 1581 Ἀλλ’
884 1523 1223 1591 εὐγνώμονος
1272 1521 1373 1587 μὲν
1407 1518 1535 1579 ἴσως
1576 1517 1641 1569 ἂν
1670 1516 1755 1585 είη
1799 1514 1983 1567 λαϐεῖν
2016 1513 2105 1564 ὲν·-

528 1619 720 1674 τεῦθεν
762 1616 861 1684 τῆς
900 1613 1132 1685 Θεωρίας
1172 1609 1429 1664 ὑπόθεσιν
1451 1623 1466 1638 ο
1491 1607 1551 1659 τὸ
1584 1605 1642 1659 δὲ
1674 1606 1769 1657 καὶ
1808 1603 1989 1675 ῥητῶς
2015 1603 2106 1655 τὸν

530 1710 720 1781 χρόνον
744 1706 987 1777 ἀμείϐειν
1014 1704 1239 1765 καὶτοῖς
1268 1697 1676 1772 ῥᾳδιουργοῦσιν
1700 1696 2103 1765 ἀντιστήσεταιο

528 1805 613 1856 ὃτι
644 1802 751 1870 γάρ
786 1815 972 1868 φησιν,
1014 1815 1031 1847 ι
1054 1792 1379 1847 Ἀπέστειλα
1422 1790 1566 1859 ὑμᾶς
1591 1803 1606 1818 ⁶
1645 1816 1718 1827 -
1743 1787 1857 1840 Νῦν
1882 1786 1938 1838 δὲ
1962 1784 2106 1854 λέγω

2202 625 2308 678 que
2337 620 2500 663 emet.
2554 627 2572 660 ›
2606 606 2719 676 Ego
2748 622 2896 671 vero,
2934 607 3059 661 aliis
3088 606 3304 660 interim
3372 604 3617 667 omissis,
3661 601 3794 656 illud

2202 715 2358 770 rogo,
2396 716 2494 752 cur
2524 714 2629 752 non
2662 713 2726 752 ca
2762 713 2885 766 quas
2936 696 3009 751 ibi
3065 702 3467 765 consequenter
3513 692 3791 753 dicuntur,

2204 798 2608 859 contextusque
2650 798 2947 851 structura,
2996 786 3310 842 suﬂ‘ecerint
3377 786 3443 839 ad
3501 783 3794 837 excluden-

2203 881 2325 935 dam
2357 896 2577 934 omnem
2604 880 2976 949 repugnantizr
3004 879 3351 948 opinionem;
3386 879 3496 931 imo
3530 890 3657 928 vero
3680 889 3787 927 non

2207 972 2527 1043 impulerint
2551 970 2619 1024 ad
2654 971 3048 1039 exquirendum
3086 970 3362 1038 altiusque
3413 966 3788 1037 vestigaudum

2203 1069 2457 1141 praecepti
2491 1082 2714 1123 sensum
2747 1064 3052 1121 arcanum?
3103 1064 3262 1118 Nullo
3304 1065 3448 1117 enim
3502 1060 3785 1129 interiecto

2204 1159 2466 1229 temporis
2497 1158 2694 1227 spatio,
2725 1173 2901 1226 neque
2934 1157 3265 1225 subrepente
3292 1155 3586 1215 oblivione.
3617 1168 3788 1220 neque

2206 1252 2403 1307 mentis
2434 1249 2824 1313 inconstantia,
2859 1263 3035 1316 neque
3068 1248 3116 1301 vi
3146 1248 3327 1316 aliqua
3356 1246 3667 1313 ingruente,
3697 1259 3791 1296 ne-

2205 1358 2312 1413 que
2337 1356 2561 1397 rumore
2580 1340 2829 1409 quolibet
2852 1354 2966 1392 rem
3006 1337 3278 1392 diversam
3314 1335 3661 1405 subjiciente,
3694 1333 3787 1402 qui

2207 1432 2322 1485 ﬁeri
2354 1440 2564 1501 poterat
2613 1440 2673 1485 ut
2712 1431 2853 1485 idem
2896 1428 3171 1484 contraria
3226 1427 3555 1497 approbatis,
3599 1425 3787 1479 eadem

2206 1520 2385 1576 facere
2405 1522 2641 1590 juberet,
2676 1536 2798 1591 qua:
2854 1536 3045 1575 cavere
3094 1519 3487 1588 imperaverat?
3530 1518 3643 1571 lmo
3686 1517 3787 1569 ho-

2207 1612 2375 1666 minis
2403 1612 2689 1681 prudentis
2724 1611 2829 1665 erit
2882 1610 3013 1665 hinc
3056 1626 3274 1665 sumere
3315 1610 3650 1678 explicandae.
3713 1607 3787 1661 rei

2208 1713 2611 1773 argumentum.
2662 1701 2797 1757 lllud
2832 1703 2997 1756 etiam
3043 1701 3531 1756 contradicentium
3581 1699 3785 1752 levitati

2209 1796 2548 1860 adversatur,
2580 1796 2724 1865 quod
2758 1796 2977 1850 diversa
3012 1804 3252 1862 tempora
3286 1793 3489 1848 diserte
3530 1790 3789 1845 Servator

531 1894 663 1963 ὑμῖν
682 1909 696 1923 ο
731 1911 750 1943 ι
782 1890 923 1959 ἄλλῳ
951 1889 1009 1942 δέ
1044 1887 1136 1941 καὶ
1165 1885 1308 1955 ἄλλῳ
1348 1882 1525 1953 καιρῷ
1554 1880 1745 1950 ἑτέραν
1790 1880 1884 1931 καὶ
1915 1878 2106 1947 ἑτέραν

2210 1888 2425 1954 innuit;
2477 1902 2603 1941 cum
2658 1886 2826 1952 enim,
2887 1886 3098 1956 inquit,
3136 1904 3156 1937 ι
3194 1885 3312 1940 Misi
3364 1901 3493 1950 vos;
3527 1915 3596 1935 -υ-
3632 1881 3789 1937 Nunc

529 1983 855 2054 ἐναρμόζειν
876 1978 1118 2048 ἐντολὴν,
1150 1977 1209 2030 οὐ
1247 1975 1406 2046 μόνον
1439 1971 1590 2025 οὐδὲν
1613 1971 1832 2035 ἄτοπον,
1859 1969 1972 2022 ἀλλ’
1992 1970 2105 2021 ἐσθ’

527 2078 618 2132 ὅτε
647 2076 844 2146 μᾶλλον
873 2072 1215 2141 οἰκειότερον,
1253 2067 1286 2138 ἢ
1313 2065 1365 2119 εῐ
1391 2082 1474 2127 τις
1502 2064 1573 2116 τὰ
1598 2062 1736 2116 αὑτά
1759 2062 2106 2133 προστάττει,

525 2169 626 2223 τοῦ
652 2167 791 2221 κατά
817 2166 908 2219 τὸν
937 2162 1128 2235 καιρὸν
1156 2159 1412 2230 διαφόρου
1440 2155 1498 2223 ἐξ
1538 2155 1782 2227 ἀνάγχης
1818 2153 2108 2226 ζητοῦντος

525 2260 782 2330 διάφορα.

604 2435 677 2503 ς’.
723 2433 884 2487 Ἀλλά
915 2434 1025 2504 γάρ
1058 2431 1202 2485 οὕτω
1231 2431 1343 2485 τῶν
1376 2430 1682 2502 εἰρημένων
1710 2428 2108 2499 διεσκευασμέ-

529 2548 659 2593 ww,
697 2528 840 2590 τινὲς
871 2526 1233 2598 προκείμενον
1256 2524 1604 2593 ὲπιλυόμενοί
1643 2540 1776 2592 φασι
1812 2521 1903 2574 τὸν
1928 2520 2106 2573 κοινὸν

528 2621 807 2691 Δεσπότην
840 2620 967 2681 τοὺς
1002 2617 1245 2688 μαθητὰς
1286 2616 1454 2669 πάλαι
1502 2614 1601 2685 μὲν
1638 2613 2105 2685 παιδοτριϐοῦντα,

529 2715 629 2766 καὶ
676 2711 812 2781 πρὸς
864 2712 925 2763 τὸ
966 2710 1069 2779 τῆς
1108 2708 1498 2778 ἀκτημοσύνης
1548 2707 1836 2775 εἰσάγοντα
1870 2706 2105 2768 στάδιον,

534 2804 702 2875 μηδὲν
731 2803 910 2865 αὐτοῖς
940 2802 1047 2856 τῶν
1077 2801 1359 2872 προσύλων
1383 2801 1475 2853 καὶ
1500 2800 1679 2870 χαμαὶ
1702 2798 1987 2853 καθέλκειν
2015 2798 2108 2851 δυ-

528 2897 779 2965 ναμένων
812 2894 1100 2964 ἐπιτρέψαι
1131 2891 1576 2961 συνεφέλκεσθαι,
1608 2891 1729 2961 μηδ’
1762 2891 1827 2943 ἂν
1852 2889 1938 2959 εἴη
1967 2884 2047 2953 οἷς
2078 2890 2107 2942 ό

533 2988 675 3056 ρέων
702 2986 814 3057 βίος
848 2980 1004 3042 οὗτος
1044 2986 1138 3038 καὶ
1175 2982 1308 3054 πρὸς
1336 2982 1434 3054 τὴν
1466 2982 1668 3053 φθορὰν
1700 2980 1940 3035 ἐλαύνων
1978 2997 2105 3032 συν-

530 3079 717 3150 ἐχεται
740 3096 754 3111 ο
790 3078 950 3131 εἴωθε
980 3078 1089 3147 γὰρ
1112 3076 1369 3140 πολλάκις
1398 3076 1493 3128 καὶ
1521 3074 1756 3145 μάλιστα
1782 3076 1895 3136 τοῖς
1924 3072 2108 3126 ἀτελε-

531 3169 748 3239 στέροις
772 3170 805 3240 ἢ
830 3169 938 3222 τῶν
967 3168 1279 3236 ἀναγκαίων
1302 3168 1564 3237 μέριμνα,
1589 3166 1682 3219 καὶ
1703 3164 1812 3217 τῶν
1837 3163 2106 3234 περιττῶν

530 3263 628 3328 καὶ
661 3261 804 3332 ὑπὲρ
834 3259 934 3332 τὴν
970 3259 1159 3330 χρείαν
1190 3259 1290 3329 τὴν
1331 3258 1569 3328 σπουδὴν
1602 3257 1721 3309 κατ’
1751 3257 1929 3325 ὀλίγον
1980 3273 2107 3308 συν-

529 3352 908 3422 επισύρεσθαι,
940 3352 1033 3404 καὶ
1060 3350 1259 3422 πολλὴν
1293 3354 1356 3421 τῇ
1382 3350 1526 3420 ψυχῇ
1550 3348 1648 3420 τὴν
1667 3348 1847 3419 λύμην
1874 3364 2110 3415 συγκατο

529 3445 881 3518 εργάζεσθαι.
916 3444 1016 3496 Διὰ
1056 3442 1234 3507 τοῦτο,
1263 3443 1448 3510 φασιν,
1475 3443 1502 3495 ὀ
1768 3441 1891 3510 ἄρτι
1934 3456 2105 3509 μυστ-

530 3536 940 3604 αγωγουμένοις
973 3535 1171 3586 ἀπεῖπε
1210 3532 1331 3585 τότε
1371 3531 1536 3601 μηδὲν
1559 3533 1671 3594 τοῖς
1702 3531 1969 3600 μαθηταῖς
1998 3530 2108 3583 τῶν

527 3629 735 3699 γηΐνων
758 3626 853 3679 καὶ
874 3624 1198 3695 σωματικῶν
1222 3623 1663 3691 συνεφέλκεσθαι·
1692 3622 1817 3675 ῦστε
1826 3639 1915 3692 ρον
1934 3621 1991 3675 δὲ
2016 3620 2107 3673 τὸν

527 3721 718 3788 ἀγῶνα
750 3718 1067 3789 διηνυκότας
1098 3715 1441 3785 ἀνύϐριστον,
1481 3715 1574 3767 καὶ
1614 3717 1807 3786 πεῖραν
1846 3716 1969 3767 ὅσον
2000 3714 2107 3767 ἔδει

528 3810 721 3872 δόντας
744 3810 802 3860 ἐν
825 3802 905 3869 οἷς
938 3807 1029 3859 τοῦ
1059 3804 1320 3874 σαρκικοῦ
1354 3804 1785 3875 κατεφρόνησαν,
1828 3803 1906 3856 ἐτι
1931 3803 1986 3856 δέ
2014 3804 2108 3856 καὶ

527 3901 626 3954 τοῦ
650 3900 915 3969 σωτηρίου
937 3896 1139 3960 πάθους
1158 3895 1345 3950 λοιπὸν
1368 3896 1681 3965 ἑστηκότος,
1709 3894 1826 3965 μεθ’
1850 3894 1877 3948 ὃ
1896 3893 2107 3949 πολλῶν

530 3991 859 4062 πειρασμῶν
903 3991 1123 4059 νιφάδες
1170 3990 1294 4051 τοὺς
1338 3988 1644 4056 ἀγωνιστάς
1680 3987 2106 4058 περιστοιχίζειν

529 4087 775 4154 ἠφίεντο,
805 4085 897 4137 καὶ
927 4081 1132 4155 χειμὼν
1172 4081 1542 4143 ἀνυπόστατος
1578 4080 1833 4149 διωγμῶν
1871 4081 1965 4133 καὶ
1996 4078 2109 4131 θλί-

529 4177 679 4245 ψεων
711 4175 1022 4244 ὑπεδέχετο,
1058 4173 1146 4226 διά
1172 4172 1343 4226 ταῦτα
1368 4172 1467 4243 τὴν
1497 4172 1603 4225 τῶν
1636 4170 1874 4242 μετρίων
1913 4171 2108 4241 κτῆσιν

530 4270 630 4322 καὶ
659 4268 695 4322 ἃ
729 4269 1019 4338 συγκροτεῖ
1043 4268 1140 4335 τὴν
1168 4264 1310 4335 ζωὴν
1340 4264 1411 4335 μὴ
1446 4264 1788 4335 διαρρυῆναι,
1812 4264 2104 4333 συγχωρεῖ.

532 4359 639 4412 Τοῦ
670 4360 778 4431 γὰρ
796 4359 891 4428 τῆς
910 4357 1344 4427 φιλοχρηματίας
1365 4354 1570 4417 πάθους
1597 4354 1706 4407 τῶν
1735 4354 2108 4407 ἀποστολικῶν

531 4449 681 4519 ἠθῶν
718 4466 777 4501 τε
813 4448 905 4501 καὶ
940 4448 1156 4517 τρόπων
1182 4445 1240 4510 ἐξ
1273 4447 1442 4514 αὐτῆς
1480 4444 1738 4516 κρηπῖδος
1769 4444 2110 4516 ἀνατραπέν-

2209 1990 2391 2034 autem
2430 1978 2555 2033 dico
2590 1978 2767 2033 vobis.
2810 1995 2828 2029 ι
2860 1978 2977 2033 Jam
3004 1978 3150 2047 quod
3180 1976 3411 2032 diversis
3441 1975 3780 2045 temporibus

2211 2069 2431 2124 diversa
2464 2078 2733 2139 praecepta
2781 2076 3108 2139 congruant,
3158 2084 3267 2122 non
3323 2068 3500 2123 solum
3554 2083 3663 2121 non
3706 2074 3788 2120 est

2210 2160 2530 2223 absurdum,
2569 2176 2759 2215 verum
2786 2159 2951 2214 etiam
2999 2160 3331 2229 quandoque
3377 2159 3579 2229 aptius,
3623 2173 3786 2226 quam

2210 2253 2256 2307 si
2286 2254 2408 2322 quis
2440 2253 2626 2307 eadem
2667 2253 2916 2323 imperet,
2944 2254 3159 2308 etiamsi
3204 2252 3494 2308 diversitas
3530 2250 3789 2321 temporis

2211 2345 2523 2400 necessario
2547 2344 2817 2399 diversam
2848 2360 2959 2400 rem
3002 2345 3257 2415 postulet.

2284 2440 2335 2489 6.
2379 2436 2511 2501 Quae
2537 2451 2661 2489 cum
2716 2436 2790 2490 ita
2841 2453 2898 2491 se
2926 2436 3183 2499 habeant,
3214 2434 3461 2489 nonnulli
3496 2442 3557 2489 ut
3589 2448 3789 2504 propo-

2210 2528 2369 2583 sitam
2399 2531 2756 2597 qmestionem
2787 2529 3023 2594 solvant,
3077 2528 3232 2582 aiunt
3283 2542 3632 2581 communem
3682 2525 3788 2578 Do-

2210 2619 2419 2672 minum
2452 2618 2749 2686 discipulos
2782 2619 2913 2673 olim
2946 2620 3281 2673 erudientem
3330 2629 3491 2687 atque
3548 2620 3600 2670 in
3655 2632 3790 2685 pau-

2211 2709 2434 2779 pertatis
2469 2708 2747 2762 curriculo
2787 2718 3157 2770 exercentem,
3200 2708 3345 2762 nulla
3395 2723 3490 2761 eos
3532 2722 3589 2761 re
3618 2716 3790 2761 mate-

2211 2800 2329 2853 riali
2355 2809 2518 2869 atque
2549 2799 2699 2853 humi
2730 2799 3037 2868 deprimere
3070 2800 3230 2855 solita
3262 2800 3455 2854 sivisse
3493 2798 3689 2867 abripi,
3724 2813 3791 2852 ne

2212 2891 2319 2945 illis
2349 2891 2487 2945 forte
2510 2890 2689 2945 ﬂuxus
2721 2890 2810 2945 hic
2847 2891 3107 2957 mundus,
3149 2892 3243 2960 qui
3276 2891 3342 2945 ad
3378 2891 3657 2944 interitmn
3690 2892 3791 2944 du-

2211 2982 2304 3046 cit,
2333 2982 2655 3036 adhaarerct.
2699 2981 2849 3037 Solet
2895 2984 3038 3038 enim
3076 2998 3477 3053 saepenumero,
3520 2984 3791 3053 praecipue

2213 3074 2746 3143 imperfectioribus,
2806 3075 2983 3129 victus
3036 3076 3331 3131 necessarii
3375 3091 3549 3138 cura,
3606 3089 3789 3126 rerum

2212 3181 2430 3236 quoque
2454 3166 2850 3235 superﬂuarum
2907 3182 3153 3237 quasque
3201 3182 3334 3221 usus
3391 3183 3498 3220 non
3554 3166 3792 3234 postulat

2212 3259 2470 3328 paulatim
2502 3260 2742 3314 studium
2774 3259 3043 3329 ingerere,
3079 3259 3421 3327 multumque
3473 3258 3670 3312 anima:
3700 3258 3793 3310 ile-

2208 3354 2520 3408 trimentum
2594 3352 2814 3407 aﬂ'erre.
2870 3350 3190 3421 Propterea,
3258 3351 3465 3414 dicunt,
3531 3350 3791 3403 Servatur

2209 3461 2382 3514 nuper
2433 3445 2666 3499 initiatis
2723 3444 3009 3514 discipulis
3056 3444 3443 3503 interdicehat,
3487 3442 3785 3511 quominus

2211 3538 2446 3593 terrenis
2472 3539 2638 3593 rebus
2668 3536 3059 3607 corporeisque
3098 3535 3554 3589 distraherentur.
3582 3533 3787 3589 Deinde

2210 3637 2389 3683 autem
2425 3644 2596 3696 agone
2622 3628 2734 3697 jam
2776 3628 3079 3682 houorilice
3133 3637 3378 3696 peracto,
3437 3626 3790 3681 documento-

2208 3734 2315 3788 que
2371 3719 2507 3774 satis
2552 3720 2698 3773 edito
2759 3727 3096 3789 quantopere
3147 3718 3385 3771 carnalia
3450 3727 3787 3785 spernerent,

2208 3809 2491 3865 Dominica
2519 3810 2740 3879 insuper
2777 3810 3028 3876 passione
3071 3809 3328 3871 instante,
3360 3816 3647 3876 postquam
3674 3819 3792 3862 ten-

2210 3900 2507 3955 lationibus
2529 3900 2838 3954 innumeris
2863 3900 3080 3953 athleta:
3108 3898 3500 3967 propemodum
3518 3896 3785 3950 obruendi

2208 3986 2385 4052 erant,
2422 4001 2587 4059 atque
2659 3989 2985 4044 intolerabili
3030 3989 3471 4057 persecutionum
3516 3985 3793 4056 angustia-

2208 4095 2438 4149 rumque
2481 4080 2730 4148 procellae
2785 4078 3115 4147 objiciendi;
3176 4077 3382 4131 idcirco
3428 4076 3659 4129 modica:
3712 4076 3788 4129 rei

2208 4169 2497 4225 familiaris
2556 4186 2868 4240 possessum
2916 4169 3206 4234 concedit,
3265 4183 3375 4237 quo
3426 4168 3634 4221 scilicet
3685 4167 3791 4220 vita

2210 4274 2628 4319 sustentaretur.
2662 4262 2909 4333 Namque
2938 4262 3184 4316 avaritia
3208 4261 3341 4314 vitio
3382 4276 3444 4314 ex
3468 4259 3785 4329 apostolicis

2210 4356 2457 4410 moribus
2532 4357 2749 4425 vitaque
2828 4354 3073 4410 funditus
3146 4368 3359 4418 everso,
3415 4351 3792 4422 persecutione

2210 4457 2389 4502 autem
2422 4448 2767 4501 vehementer
2794 4457 2955 4517 atque
3006 4447 3408 4500 intolerandum
3457 4444 3509 4497 in
3563 4444 3787 4496 modum

529 4558 645 4604 τος,
669 4540 764 4593 καὶ
791 4538 883 4591 τοῦ
910 4536 1151 4606 διωγμοῦ
1176 4537 1404 4607 σφοδρὸν
1427 4536 1520 4589 καὶ
1539 4537 1907 4591 ἀνυπόστατον
1931 4538 2106 4588 πνέον·

2212 4540 2397 4604 ﬂante,
2432 4556 2648 4609 acquum
2674 4550 2793 4593 erat
2834 4540 3079 4593 solamen
3131 4538 3352 4606 aliquod
3426 4552 3490 4590 ac
3536 4545 3790 4604 tanquam

532 4650 643 4696 τος,
686 4631 850 4701 ἐχρῆν
895 4647 948 4682 τι
994 4627 1339 4699 παραμύθιον
1379 4628 1458 4689 είς
1506 4627 1717 4696 ἐφόδιον
1775 4627 1960 4696 φέρειν
2009 4626 2109 4695 τῆς

532 4722 872 4792 πανταχόθεν
918 4720 1365 4790 ἐπηρεαζομένης
1414 4718 1560 4789 ζωῆς
1585 4738 1598 4752 ο
1634 4722 1728 4773 καὶ
1770 4721 1879 4773 οὐδ’
1906 4722 1963 4773 ἐν
1998 4720 2109 4773 οὐδ’

532 4816 668 4877 ὅλως
698 4814 901 4883 θατέρᾳ
933 4814 1025 4881 τῆς
1050 4812 1269 4881 ἐντολῆς
1297 4814 1331 4883 ἡ
1356 4813 1517 4881 ἐτέρα
1548 4812 1865 4882 λυμαίνεται
1884 4829 1898 4843 ο
1922 4813 2110 4883 ῶσπερ

532 4907 642 4959 οὐδ’
675 4908 728 4960 εί
751 4924 831 4968 τις
865 4903 1203 4975 στρατιώτην
1238 4906 1376 4974 μετά
1414 4906 1571 4968 νίκας
1615 4907 1707 4957 καὶ
1732 4906 1968 4977 τρόπαια
2001 4905 2110 4958 τῶν

534 4998 847 5068 πολεμικῶν
893 4996 1122 5064 ἀγώνων
1163 4995 1301 5059 τέως
1349 4997 1580 5065 ἀπάγων
1618 4997 1798 5050 δίδωσι
1834 5000 1976 5050 πιεῖν
2017 4998 2112 5050 καὶ

533 5088 634 5141 ὅσα
676 5088 866 5158 είρήνη
910 5086 1195 5157 χαρίζεται
1219 5103 1232 5117 ο
1265 5086 1298 5156 ἢ
1335 5088 1387 5140 εί
1421 5104 1502 5150 τις
1537 5089 1617 5150 είς
1657 5087 1976 5140 διδασκάλου
2012 5088 2112 5157 μὲν

537 5176 810 5245 φοιτῶντα
852 5176 1037 5238 ἄλλαις
1073 5179 1331 5229 συνασκεῖ
1377 5177 1649 5247 μελέταις,
1692 5179 1782 5230 τὸν
1823 5177 2023 5248 ἔφηϐον
2053 5178 2111 5230 δὲ

535 5269 798 5334 διεξιόντα
844 5268 1164 5338 βαθυτέροις
1197 5269 1377 5337 νόμοις
1423 5268 1517 5321 καὶ
1546 5268 1907 5338 ὑψηλοτέραις
1946 5270 2112 5335 ἐγγυ-

542 5358 734 5431 μνάξει
770 5361 1025 5431 θεωρίαις
1051 5376 1065 5391 ·
1102 5360 1195 5413 καὶ
1229 5361 1478 5427 ποίμνιον
1504 5362 1601 5430 μὲν
1632 5360 1809 5425 ἄλλοις
1832 5360 1982 5413 ἐθεσι
2018 5361 2113 5413 καὶ

538 5453 758 5523 θεσμοῖς
789 5454 1121 5522 εύθηνεῖται,
1146 5453 1237 5505 τὸν
1268 5453 1506 5523 ποιμένα
1540 5452 1599 5507 δὲ
1634 5453 1734 5523 οὐχ
1783 5454 1817 5523 ἡ
1846 5452 1984 5524 αὐτὴ
2016 5451 2111 5504 τοῦ

536 5545 655 5619 βίου
683 5544 868 5617 τρίϐος
892 5545 1243 5613 κατευθύνειε

607 5809 675 5874 ζ’.
724 5810 862 5864 Ἀλλ’
887 5809 1031 5864 οὕτω
1062 5811 1162 5883 μέν
1191 5828 1333 5876 τινες
1356 5812 1435 5877 εἰς
1458 5811 1773 5884 συμφωνίαν
1805 5811 1903 5875 τάς
1927 5812 1983 5865 ἐν
2005 5812 2116 5874 τοῖς

2218 4632 2475 4686 viaticum
2505 4630 2859 4685 circumferre
2898 4630 3025 4684 vita:
3068 4643 3487 4699 quaquaversus
3511 4626 3792 4680 calamita-

2216 4725 2366 4779 tibus
2404 4724 2674 4793 appetitae.
2734 4721 2921 4792 Neque
2970 4723 3293 4776 alterutrum
3346 4730 3671 4789 praeceptum
3724 4717 3792 4770 ab

2217 4816 2386 4871 altero
2420 4831 2645 4887 prorsus
2674 4815 2907 4868 laeditur.
2943 4813 3119 4868 Veluti
3169 4813 3214 4867 si
3247 4812 3371 4881 quis
3404 4810 3623 4863 militem
3672 4820 3793 4877 post

2219 4909 2474 4965 victorias
2504 4917 2669 4977 atque
2722 4917 2922 4976 tropaea
2985 4906 3197 4961 bellicis
3250 4902 3641 4958 certaminibus
3689 4901 3789 4953 ali-

2218 5000 2459 5068 quandiu
2510 4998 2865 5060 sulnlucens,
2928 5008 3057 5067 potu
3114 5004 3385 5051 recrearet
3441 4994 3525 5047 vel
3583 4992 3793 5048 caeteris

2218 5104 2339 5157 qua:
2369 5104 2497 5156 pace
2529 5087 2964 5156 suppeditantur.
3008 5085 3105 5141 Vel
3135 5086 3179 5141 si
3209 5086 3334 5154 quis
3378 5097 3603 5151 puerum
3663 5084 3790 5134 dum

2220 5178 2274 5231 in
2310 5177 2435 5231 ludo
2466 5178 2709 5245 magistri
2744 5186 2991 5231 versatur
3033 5176 3197 5230 certis
3226 5173 3552 5242 quibusdam
3585 5170 3794 5223 imbue—

2219 5279 2301 5324 ret
2329 5270 2675 5334 rudimentis,
2718 5278 2829 5322 tum
2879 5283 3007 5323 vero
3060 5268 3113 5322 in
3167 5267 3410 5337 ephebos
3468 5264 3792 5333 productum

2220 5360 2561 5431 gravioribus
2590 5361 2853 5415 institutis
2883 5359 3322 5425 celsioribusque
3347 5356 3613 5410 doctrinis
3638 5369 3796 5409 exer-

2221 5458 2387 5504 ceret.
2422 5447 2666 5517 Denique
2714 5448 2807 5518 qui
2858 5464 2987 5519 grex
3037 5458 3143 5511 cst,
3200 5446 3324 5499 aliis
3384 5444 3582 5498 ritibus
3634 5454 3796 5512 atque

2219 5540 2549 5611 pra-scriptis
2576 5540 2710 5594 bene
2732 5556 2790 5593 se
2824 5539 3012 5606 habet;
3048 5539 3137 5606 qui
3163 5546 3343 5591 autem
3388 5534 3623 5604 pastoris
3677 5549 3797 5587 mu-

2223 5646 2353 5685 nere
2399 5631 2663 5701 luugitur,
2700 5646 2809 5685 non
2857 5630 3047 5685 eadem
3098 5631 3220 5682 vitae
3266 5626 3462 5682 semita
3510 5624 3797 5680 commode

2223 5723 2413 5778 utitur.

2297 5812 2349 5867 7.
2383 5812 2475 5868 Sic
2500 5828 2630 5883 ergo
2653 5811 2901 5867 nonnulli
2934 5809 3343 5881 Scripturarum
3369 5805 3549 5861 varias
3572 5812 3793 5861 senten-
