  <div class='ocr_page' id='page_1' title='image "/cluster/home/n/w/nwhite01/storage/ocr_20150623/101:no.1/coo.31924054870054/051.png"; bbox 0 0 4134 6458; ppageno 0'>
   <div class='ocr_carea' id='block_1_1' title="bbox 461 398 3739 485">
    <p class='ocr_par' dir='ltr' id='par_1_1' title="bbox 461 398 3739 485">
     <span class='ocr_line' id='line_1_1' title="bbox 461 398 3739 485; baseline 0.011 -35"><span class='ocrx_word' id='word_1_1' title='bbox 461 406 535 473; x_wconf 71' lang='lat'><strong>55</strong></span> <span class='ocrx_word' id='word_1_2' title='bbox 1627 398 1888 462; x_wconf 88' lang='lat' dir='ltr'><strong>PHOTII</strong></span> <span class='ocrx_word' id='word_1_3' title='bbox 1936 402 2441 465; x_wconf 67' lang='lat' dir='ltr'><strong>eammeam:</strong></span> <span class='ocrx_word' id='word_1_4' title='bbox 2484 409 2590 469; x_wconf 90' lang='lat' dir='ltr'><strong>CP.</strong></span> <span class='ocrx_word' id='word_1_5' title='bbox 3668 423 3739 485; x_wconf 74' lang='grc' dir='ltr'>ιιδ</span> 
     </span>
    </p>
   </div>
   <div class='ocr_carea' id='block_1_2' title="bbox 462 509 2040 599">
    <p class='ocr_par' dir='ltr' id='par_1_2' title="bbox 462 509 2040 581">
     <span class='ocr_line' id='line_1_2' title="bbox 462 509 2040 581; baseline 0.001 -16"><span class='ocrx_word' id='word_1_6' title='bbox 462 516 568 569; x_wconf 81' lang='lat' dir='ltr'><strong>llas</strong></span> <span class='ocrx_word' id='word_1_7' title='bbox 638 513 703 567; x_wconf 87' lang='lat' dir='ltr'><strong>ad</strong></span> <span class='ocrx_word' id='word_1_8' title='bbox 759 510 1107 568; x_wconf 84' lang='lat' dir='ltr'><strong>concordiam</strong></span> <span class='ocrx_word' id='word_1_9' title='bbox 1162 509 1407 565; x_wconf 89' lang='lat' dir='ltr'><strong>tralmnt.</strong></span> <span class='ocrx_word' id='word_1_10' title='bbox 1469 510 1604 566; x_wconf 84' lang='lat' dir='ltr'>Aliis</span> <span class='ocrx_word' id='word_1_11' title='bbox 1639 527 1769 566; x_wconf 84' lang='lat' dir='ltr'><strong>vero</strong></span> <span class='ocrx_word' id='word_1_12' title='bbox 1792 512 2040 581; x_wconf 64' lang='lat' dir='ltr'><strong>quaedam</strong></span> 
     </span>
    </p>
   </div>
   <div class='ocr_carea' id='block_1_3' title="bbox 2146 509 3740 599">
    <p class='ocr_par' dir='ltr' id='par_1_3' title="bbox 2152 516 3740 599">
     <span class='ocr_line' id='line_1_3' title="bbox 2152 516 3740 599; baseline 0.014 -34"><span class='ocrx_word' id='word_1_13' title='bbox 2152 516 2337 584; x_wconf 77' lang='grc' dir='ltr'>ῥητοῖς</span> <span class='ocrx_word' id='word_1_14' title='bbox 2383 518 2680 587; x_wconf 78' lang='grc' dir='ltr'><strong>συνάγουσι</strong></span> <span class='ocrx_word' id='word_1_15' title='bbox 2725 518 2999 585; x_wconf 86' lang='grc' dir='ltr'>διανοίας·</span> <span class='ocrx_word' id='word_1_16' title='bbox 3049 525 3180 578; x_wconf 85' lang='grc' dir='ltr'><strong>οίδέ</strong></span> <span class='ocrx_word' id='word_1_17' title='bbox 3232 526 3302 580; x_wconf 83' lang='grc' dir='ltr'><strong>τά</strong></span> <span class='ocrx_word' id='word_1_18' title='bbox 3335 528 3432 599; x_wconf 76' lang='grc' dir='ltr'><strong>μὲν</strong></span> <span class='ocrx_word' id='word_1_19' title='bbox 3461 530 3596 583; x_wconf 79' lang='grc' dir='ltr'>ἄλλα</span> <span class='ocrx_word' id='word_1_20' title='bbox 3627 532 3740 587; x_wconf 82' lang='grc' dir='ltr'>τῶν</span> 
     </span>
    </p>
   </div>
   <div class='ocr_carea' id='block_1_4' title="bbox 458 603 2048 674">
    <p class='ocr_par' dir='ltr' id='par_1_4' title="bbox 458 603 2048 674">
     <span class='ocr_line' id='line_1_4' title="bbox 458 603 2048 674; baseline -0.001 -13"><span class='ocrx_word' id='word_1_21' title='bbox 458 607 601 668; x_wconf 76' lang='lat' dir='ltr'><strong>aliae,</strong></span> <span class='ocrx_word' id='word_1_22' title='bbox 631 614 823 673; x_wconf 58' lang='lat' dir='ltr'><strong>prater</strong></span> <span class='ocrx_word' id='word_1_23' title='bbox 856 604 1163 671; x_wconf 67' lang='lat' dir='ltr'><strong>praedictas,</strong></span> <span class='ocrx_word' id='word_1_24' title='bbox 1209 603 1511 657; x_wconf 73' lang='lat' dir='ltr'><strong>solutiones</strong></span> <span class='ocrx_word' id='word_1_25' title='bbox 1545 604 1686 657; x_wconf 87' lang='lat' dir='ltr'><strong>haud</strong></span> <span class='ocrx_word' id='word_1_26' title='bbox 1720 606 1899 659; x_wconf 89' lang='lat' dir='ltr'><strong>minus</strong></span> <span class='ocrx_word' id='word_1_27' title='bbox 1931 606 2048 674; x_wconf 83' lang='lat' dir='ltr'><strong>pla-</strong></span> 
     </span>
    </p>
   </div>
   <div class='ocr_carea' id='block_1_5' title="bbox 458 694 2046 764">
    <p class='ocr_par' dir='ltr' id='par_1_5' title="bbox 458 694 2046 764">
     <span class='ocr_line' id='line_1_5' title="bbox 458 694 2046 764; baseline 0 -15"><span class='ocrx_word' id='word_1_28' title='bbox 458 703 604 751; x_wconf 82' lang='lat' dir='ltr'><strong>cent.</strong></span> <span class='ocrx_word' id='word_1_29' title='bbox 637 696 802 747; x_wconf 85' lang='lat' dir='ltr'><strong>Aiunt</strong></span> <span class='ocrx_word' id='word_1_30' title='bbox 835 694 1024 764; x_wconf 92' lang='lat' dir='ltr'><strong>igitur,</strong></span> <span class='ocrx_word' id='word_1_31' title='bbox 1078 707 1189 761; x_wconf 88' lang='lat' dir='ltr'><strong>quo</strong></span> <span class='ocrx_word' id='word_1_32' title='bbox 1236 702 1480 762; x_wconf 83' lang='lat' dir='ltr'><strong>tempore</strong></span> <span class='ocrx_word' id='word_1_33' title='bbox 1527 695 1776 764; x_wconf 78' lang='lat' dir='ltr'><strong>discipuli</strong></span> <span class='ocrx_word' id='word_1_34' title='bbox 1810 696 2046 764; x_wconf 88' lang='lat' dir='ltr'><strong>primunt</strong></span> 
     </span>
    </p>
   </div>
   <div class='ocr_carea' id='block_1_6' title="bbox 455 788 2048 856">
    <p class='ocr_par' dir='ltr' id='par_1_6' title="bbox 455 788 2048 856">
     <span class='ocr_line' id='line_1_6' title="bbox 455 788 2048 856; baseline 0.001 -15"><span class='ocrx_word' id='word_1_35' title='bbox 455 788 848 841; x_wconf 88' lang='lat' dir='ltr'><strong>erndiebantur</strong></span> <span class='ocrx_word' id='word_1_36' title='bbox 892 802 956 841; x_wconf 92' lang='lat' dir='ltr'><strong>ac</strong></span> <span class='ocrx_word' id='word_1_37' title='bbox 1010 798 1262 855; x_wconf 83' lang='lat' dir='ltr'><strong>tyronum</strong></span> <span class='ocrx_word' id='word_1_38' title='bbox 1308 788 1557 841; x_wconf 78' lang='lat' dir='ltr'><strong>ordinem</strong></span> <span class='ocrx_word' id='word_1_39' title='bbox 1604 789 1881 845; x_wconf 79' lang='lat' dir='ltr'><strong>tenebant.</strong></span> <span class='ocrx_word' id='word_1_40' title='bbox 1908 803 2048 856; x_wconf 81' lang='lat' dir='ltr'><strong>Opus</strong></span> 
     </span>
    </p>
   </div>
   <div class='ocr_carea' id='block_1_7' title="bbox 457 878 2044 948">
    <p class='ocr_par' dir='ltr' id='par_1_7' title="bbox 457 878 2044 948">
     <span class='ocr_line' id='line_1_7' title="bbox 457 878 2044 948; baseline -0.001 -14"><span class='ocrx_word' id='word_1_41' title='bbox 457 881 625 934; x_wconf 80' lang='lat' dir='ltr'><strong>fuisse.</strong></span> <span class='ocrx_word' id='word_1_42' title='bbox 654 889 711 933; x_wconf 91' lang='lat' dir='ltr'><strong>ut</strong></span> <span class='ocrx_word' id='word_1_43' title='bbox 740 878 873 932; x_wconf 84' lang='lat' dir='ltr'><strong>nulli</strong></span> <span class='ocrx_word' id='word_1_44' title='bbox 902 879 991 932; x_wconf 85' lang='lat' dir='ltr'><strong>alii</strong></span> <span class='ocrx_word' id='word_1_45' title='bbox 1022 878 1097 933; x_wconf 90' lang='lat' dir='ltr'><strong>rei</strong></span> <span class='ocrx_word' id='word_1_46' title='bbox 1129 889 1337 948; x_wconf 88' lang='lat' dir='ltr'><strong>partem</strong></span> <span class='ocrx_word' id='word_1_47' title='bbox 1370 878 1611 933; x_wconf 89' lang='lat' dir='ltr'><strong>tribuere</strong></span> <span class='ocrx_word' id='word_1_48' title='bbox 1646 880 2044 946; x_wconf 69' lang='lat' dir='ltr'><strong>cogitationum</strong></span> 
     </span>
    </p>
   </div>
   <div class='ocr_carea' id='block_1_8' title="bbox 454 971 2044 1043">
    <p class='ocr_par' dir='ltr' id='par_1_8' title="bbox 454 971 2044 1043">
     <span class='ocr_line' id='line_1_8' title="bbox 454 971 2044 1043; baseline 0 -18"><span class='ocrx_word' id='word_1_49' title='bbox 454 976 935 1043; x_wconf 87' lang='lat' dir='ltr'><strong>permitterentur;</strong></span> <span class='ocrx_word' id='word_1_50' title='bbox 963 982 1023 1025; x_wconf 91' lang='lat' dir='ltr'><strong>ut</strong></span> <span class='ocrx_word' id='word_1_51' title='bbox 1056 972 1318 1025; x_wconf 91' lang='lat' dir='ltr'><strong>nimirum</strong></span> <span class='ocrx_word' id='word_1_52' title='bbox 1392 972 1460 1025; x_wconf 90' lang='lat' dir='ltr'><strong>ad</strong></span> <span class='ocrx_word' id='word_1_53' title='bbox 1500 971 1850 1025; x_wconf 88' lang='lat' dir='ltr'><strong>edisceudam</strong></span> <span class='ocrx_word' id='word_1_54' title='bbox 1886 987 2044 1025; x_wconf 78' lang='lat' dir='ltr'><strong>exer-</strong></span> 
     </span>
    </p>
   </div>
   <div class='ocr_carea' id='block_1_9' title="bbox 452 1064 2045 1134">
    <p class='ocr_par' dir='ltr' id='par_1_9' title="bbox 452 1064 2045 1134">
     <span class='ocr_line' id='line_1_9' title="bbox 452 1064 2045 1134; baseline -0.001 -14"><span class='ocrx_word' id='word_1_55' title='bbox 452 1066 790 1134; x_wconf 87' lang='lat' dir='ltr'><strong>cendamque</strong></span> <span class='ocrx_word' id='word_1_56' title='bbox 819 1064 1130 1118; x_wconf 81' lang='lat' dir='ltr'><strong>Servatoris</strong></span> <span class='ocrx_word' id='word_1_57' title='bbox 1168 1064 1477 1118; x_wconf 83' lang='lat' dir='ltr'><strong>doetrinam</strong></span> <span class='ocrx_word' id='word_1_58' title='bbox 1519 1074 1630 1117; x_wconf 90' lang='lat' dir='ltr'><strong>tota</strong></span> <span class='ocrx_word' id='word_1_59' title='bbox 1664 1073 1845 1117; x_wconf 84' lang='lat' dir='ltr'><strong>mente</strong></span> <span class='ocrx_word' id='word_1_60' title='bbox 1881 1080 2045 1118; x_wconf 85' lang='lat' dir='ltr'><strong>vaca-</strong></span> 
     </span>
    </p>
   </div>
   <div class='ocr_carea' id='block_1_10' title="bbox 455 1156 2043 1226">
    <p class='ocr_par' dir='ltr' id='par_1_10' title="bbox 455 1156 2043 1226">
     <span class='ocr_line' id='line_1_10' title="bbox 455 1156 2043 1226; baseline -0.002 -15"><span class='ocrx_word' id='word_1_61' title='bbox 455 1167 617 1211; x_wconf 84' lang='lat' dir='ltr'><strong>rent:</strong></span> <span class='ocrx_word' id='word_1_62' title='bbox 656 1157 962 1226; x_wconf 69' lang='lat' dir='ltr'><strong>praesertim</strong></span> <span class='ocrx_word' id='word_1_63' title='bbox 1003 1157 1131 1225; x_wconf 84' lang='lat' dir='ltr'><strong>quia</strong></span> <span class='ocrx_word' id='word_1_64' title='bbox 1150 1157 1413 1225; x_wconf 82' lang='lat' dir='ltr'><strong>magister</strong></span> <span class='ocrx_word' id='word_1_65' title='bbox 1445 1156 1559 1224; x_wconf 88' lang='lat' dir='ltr'><strong>ipse</strong></span> <span class='ocrx_word' id='word_1_66' title='bbox 1602 1158 1810 1220; x_wconf 88' lang='lat' dir='ltr'><strong>aderat,</strong></span> <span class='ocrx_word' id='word_1_67' title='bbox 1846 1172 2043 1224; x_wconf 77' lang='lat' dir='ltr'><strong>suppe-</strong></span> 
     </span>
    </p>
   </div>
   <div class='ocr_carea' id='block_1_11' title="bbox 452 1247 2037 1317">
    <p class='ocr_par' dir='ltr' id='par_1_11' title="bbox 452 1247 2037 1317">
     <span class='ocr_line' id='line_1_11' title="bbox 452 1247 2037 1317; baseline -0.001 -13"><span class='ocrx_word' id='word_1_68' title='bbox 452 1250 770 1317; x_wconf 87' lang='lat' dir='ltr'><strong>ditabatque</strong></span> <span class='ocrx_word' id='word_1_69' title='bbox 806 1263 873 1302; x_wconf 79' lang='lat' dir='ltr'><strong>ex</strong></span> <span class='ocrx_word' id='word_1_70' title='bbox 936 1257 1180 1316; x_wconf 89' lang='lat' dir='ltr'><strong>tempore</strong></span> <span class='ocrx_word' id='word_1_71' title='bbox 1216 1263 1325 1300; x_wconf 90' lang='lat' dir='ltr'><strong>non</strong></span> <span class='ocrx_word' id='word_1_72' title='bbox 1360 1247 1537 1301; x_wconf 89' lang='lat' dir='ltr'><strong>solum</strong></span> <span class='ocrx_word' id='word_1_73' title='bbox 1586 1262 1649 1300; x_wconf 90' lang='lat' dir='ltr'><strong>ea</strong></span> <span class='ocrx_word' id='word_1_74' title='bbox 1686 1248 1806 1300; x_wconf 84' lang='lat' dir='ltr'><strong>sine</strong></span> <span class='ocrx_word' id='word_1_75' title='bbox 1834 1249 2037 1316; x_wconf 87' lang='lat' dir='ltr'><strong>quibus</strong></span> 
     </span>
    </p>
   </div>
   <div class='ocr_carea' id='block_1_12' title="bbox 452 1341 2039 1409">
    <p class='ocr_par' dir='ltr' id='par_1_12' title="bbox 452 1341 2039 1409">
     <span class='ocr_line' id='line_1_12' title="bbox 452 1341 2039 1409; baseline 0 -16"><span class='ocrx_word' id='word_1_76' title='bbox 452 1343 565 1397; x_wconf 76' lang='lat' dir='ltr'><strong>vita</strong></span> <span class='ocrx_word' id='word_1_77' title='bbox 610 1344 740 1407; x_wconf 86' lang='lat' dir='ltr'><strong>ruit,</strong></span> <span class='ocrx_word' id='word_1_78' title='bbox 769 1358 959 1396; x_wconf 83' lang='lat' dir='ltr'><strong>verum</strong></span> <span class='ocrx_word' id='word_1_79' title='bbox 989 1342 1156 1395; x_wconf 89' lang='lat' dir='ltr'><strong>etiam</strong></span> <span class='ocrx_word' id='word_1_80' title='bbox 1191 1357 1386 1396; x_wconf 89' lang='lat' dir='ltr'><strong>manus</strong></span> <span class='ocrx_word' id='word_1_81' title='bbox 1435 1356 1625 1395; x_wconf 90' lang='lat' dir='ltr'><strong>eorum</strong></span> <span class='ocrx_word' id='word_1_82' title='bbox 1659 1341 1730 1394; x_wconf 90' lang='lat' dir='ltr'><strong>ita</strong></span> <span class='ocrx_word' id='word_1_83' title='bbox 1763 1341 2039 1409; x_wconf 83' lang='lat' dir='ltr'><strong>implebat,</strong></span> 
     </span>
    </p>
   </div>
   <div class='ocr_carea' id='block_1_13' title="bbox 453 1432 2043 1503">
    <p class='ocr_par' dir='ltr' id='par_1_13' title="bbox 453 1432 2043 1503">
     <span class='ocr_line' id='line_1_13' title="bbox 453 1432 2043 1503; baseline 0 -16"><span class='ocrx_word' id='word_1_84' title='bbox 453 1441 516 1487; x_wconf 92' lang='lat' dir='ltr'><strong>ut</strong></span> <span class='ocrx_word' id='word_1_85' title='bbox 546 1434 862 1488; x_wconf 88' lang='lat' dir='ltr'><strong>illaboratas</strong></span> <span class='ocrx_word' id='word_1_86' title='bbox 910 1435 1100 1503; x_wconf 84' lang='lat' dir='ltr'><strong>epulas</strong></span> <span class='ocrx_word' id='word_1_87' title='bbox 1155 1432 1342 1487; x_wconf 89' lang='lat' dir='ltr'><strong>tuultis</strong></span> <span class='ocrx_word' id='word_1_88' title='bbox 1385 1432 1559 1486; x_wconf 88' lang='lat' dir='ltr'><strong>turbis</strong></span> <span class='ocrx_word' id='word_1_89' title='bbox 1612 1432 1876 1501; x_wconf 78' lang='lat' dir='ltr'><strong>impertiri</strong></span> <span class='ocrx_word' id='word_1_90' title='bbox 1912 1448 2043 1501; x_wconf 90' lang='lat' dir='ltr'><strong>pos-</strong></span> 
     </span>
    </p>
   </div>
   <div class='ocr_carea' id='block_1_14' title="bbox 455 1522 2041 1593">
    <p class='ocr_par' dir='ltr' id='par_1_14' title="bbox 455 1522 2041 1593">
     <span class='ocr_line' id='line_1_14' title="bbox 455 1522 2041 1593; baseline -0.001 -14"><span class='ocrx_word' id='word_1_91' title='bbox 455 1532 598 1579; x_wconf 83' lang='lat' dir='ltr'><strong>sent.</strong></span> <span class='ocrx_word' id='word_1_92' title='bbox 631 1522 733 1578; x_wconf 87' lang='lat' dir='ltr'><strong>Sed</strong></span> <span class='ocrx_word' id='word_1_93' title='bbox 758 1524 902 1577; x_wconf 90' lang='lat' dir='ltr'><strong>enim</strong></span> <span class='ocrx_word' id='word_1_94' title='bbox 932 1538 1053 1577; x_wconf 88' lang='lat' dir='ltr'><strong>cum</strong></span> <span class='ocrx_word' id='word_1_95' title='bbox 1092 1523 1206 1591; x_wconf 82' lang='lat' dir='ltr'><strong>jam</strong></span> <span class='ocrx_word' id='word_1_96' title='bbox 1252 1523 1356 1593; x_wconf 89' lang='lat' dir='ltr'><strong>ipsi</strong></span> <span class='ocrx_word' id='word_1_97' title='bbox 1413 1522 1856 1592; x_wconf 64' lang='lat' dir='ltr'><strong>itnperfsctorum</strong></span> <span class='ocrx_word' id='word_1_98' title='bbox 1891 1526 2041 1578; x_wconf 91' lang='lat' dir='ltr'><strong>rudi-</strong></span> 
     </span>
    </p>
   </div>
   <div class='ocr_carea' id='block_1_15' title="bbox 453 1615 2042 1688">
    <p class='ocr_par' dir='ltr' id='par_1_15' title="bbox 453 1615 2042 1688">
     <span class='ocr_line' id='line_1_15' title="bbox 453 1615 2042 1688; baseline 0.001 -15"><span class='ocrx_word' id='word_1_99' title='bbox 453 1626 639 1673; x_wconf 85' lang='lat' dir='ltr'><strong>menta</strong></span> <span class='ocrx_word' id='word_1_100' title='bbox 680 1617 1070 1682; x_wconf 86' lang='lat' dir='ltr'><strong>excessissent,</strong></span> <span class='ocrx_word' id='word_1_101' title='bbox 1122 1625 1285 1686; x_wconf 87' lang='lat' dir='ltr'><strong>atque</strong></span> <span class='ocrx_word' id='word_1_102' title='bbox 1323 1632 1353 1670; x_wconf 93' lang='lat' dir='ltr'><strong>a</strong></span> <span class='ocrx_word' id='word_1_103' title='bbox 1402 1624 1546 1670; x_wconf 87' lang='lat' dir='ltr'><strong>statu</strong></span> <span class='ocrx_word' id='word_1_104' title='bbox 1588 1615 1829 1686; x_wconf 80' lang='lat' dir='ltr'><strong>perfecto</strong></span> <span class='ocrx_word' id='word_1_105' title='bbox 1872 1633 2042 1688; x_wconf 82' lang='lat' dir='ltr'><strong>prope</strong></span> 
     </span>
    </p>
   </div>
   <div class='ocr_carea' id='block_1_16' title="bbox 455 1712 2038 1781">
    <p class='ocr_par' dir='ltr' id='par_1_16' title="bbox 455 1712 2038 1781">
     <span class='ocr_line' id='line_1_16' title="bbox 455 1712 2038 1781; baseline 0.003 -17"><span class='ocrx_word' id='word_1_106' title='bbox 455 1712 736 1776; x_wconf 86' lang='lat' dir='ltr'><strong>abessent,</strong></span> <span class='ocrx_word' id='word_1_107' title='bbox 784 1713 1042 1781; x_wconf 78' lang='lat' dir='ltr'><strong>magister</strong></span> <span class='ocrx_word' id='word_1_108' title='bbox 1073 1722 1255 1765; x_wconf 89' lang='lat' dir='ltr'><strong>autem</strong></span> <span class='ocrx_word' id='word_1_109' title='bbox 1286 1712 1631 1781; x_wconf 59' lang='lat' dir='ltr'><strong>praesentiam</strong></span> <span class='ocrx_word' id='word_1_110' title='bbox 1656 1728 1809 1767; x_wconf 90' lang='lat' dir='ltr'><strong>suam</strong></span> <span class='ocrx_word' id='word_1_111' title='bbox 1843 1715 2038 1768; x_wconf 84' lang='lat' dir='ltr'><strong>volun-</strong></span> 
     </span>
    </p>
   </div>
   <div class='ocr_carea' id='block_1_17' title="bbox 456 1802 2038 1874">
    <p class='ocr_par' dir='ltr' id='par_1_17' title="bbox 456 1802 2038 1874">
     <span class='ocr_line' id='line_1_17' title="bbox 456 1802 2038 1874; baseline 0.003 -19"><span class='ocrx_word' id='word_1_112' title='bbox 456 1802 595 1856; x_wconf 91' lang='lat' dir='ltr'><strong>taria</strong></span> <span class='ocrx_word' id='word_1_113' title='bbox 650 1802 987 1872; x_wconf 86' lang='lat' dir='ltr'><strong>salutarique</strong></span> <span class='ocrx_word' id='word_1_114' title='bbox 1036 1818 1169 1856; x_wconf 86' lang='lat' dir='ltr'><strong>nece</strong></span> <span class='ocrx_word' id='word_1_115' title='bbox 1230 1803 1393 1871; x_wconf 90' lang='lat' dir='ltr'><strong>paulo</strong></span> <span class='ocrx_word' id='word_1_116' title='bbox 1424 1812 1545 1873; x_wconf 88' lang='lat' dir='ltr'><strong>post</strong></span> <span class='ocrx_word' id='word_1_117' title='bbox 1586 1804 1719 1872; x_wconf 88' lang='lat' dir='ltr'><strong>ipsis</strong></span> <span class='ocrx_word' id='word_1_118' title='bbox 1747 1814 2038 1874; x_wconf 77' lang='lat' dir='ltr'><strong>erepturus</strong></span> 
     </span>
    </p>
   </div>
   <div class='ocr_carea' id='block_1_18' title="bbox 2160 605 3739 685">
    <p class='ocr_par' dir='ltr' id='par_1_18' title="bbox 2160 605 3739 685">
     <span class='ocr_line' id='line_1_18' title="bbox 2160 605 3739 685; baseline 0.011 -30"><span class='ocrx_word' id='word_1_119' title='bbox 2160 605 2603 675; x_wconf 85' lang='grc' dir='ltr'>προτεθειμένων</span> <span class='ocrx_word' id='word_1_120' title='bbox 2628 610 2729 662; x_wconf 75' lang='grc' dir='ltr'><strong>οὐκ</strong></span> <span class='ocrx_word' id='word_1_121' title='bbox 2757 610 2977 664; x_wconf 76' lang='grc' dir='ltr'>ἔλαττον</span> <span class='ocrx_word' id='word_1_122' title='bbox 3032 614 3325 682; x_wconf 87' lang='grc' dir='ltr'>ἀγαπῶσι·</span> <span class='ocrx_word' id='word_1_123' title='bbox 3372 621 3501 685; x_wconf 61' lang='lat' dir='ltr'><strong>gms!</strong></span> <span class='ocrx_word' id='word_1_124' title='bbox 3543 620 3601 673; x_wconf 89' lang='grc' dir='ltr'><strong>δέ</strong></span> <span class='ocrx_word' id='word_1_125' title='bbox 3629 622 3739 675; x_wconf 83' lang='grc' dir='ltr'>τῶν</span> 
     </span>
    </p>
   </div>
   <div class='ocr_carea' id='block_1_19' title="bbox 2160 696 3736 782">
    <p class='ocr_par' dir='ltr' id='par_1_19' title="bbox 2160 696 3736 782">
     <span class='ocr_line' id='line_1_19' title="bbox 2160 696 3736 782; baseline 0.012 -36"><span class='ocrx_word' id='word_1_126' title='bbox 2160 696 2423 766; x_wconf 77' lang='grc' dir='ltr'><strong>μαθητῶν</strong></span> <span class='ocrx_word' id='word_1_127' title='bbox 2457 701 2723 769; x_wconf 83' lang='grc' dir='ltr'>πρότερον</span> <span class='ocrx_word' id='word_1_128' title='bbox 2755 702 2856 771; x_wconf 85' lang='grc' dir='ltr'><strong>μὲν</strong></span> <span class='ocrx_word' id='word_1_129' title='bbox 2893 705 3267 774; x_wconf 75' lang='grc' dir='ltr'><strong>εἰσαγομένων</strong></span> <span class='ocrx_word' id='word_1_130' title='bbox 3301 710 3393 761; x_wconf 74' lang='grc' dir='ltr'><strong>καὶ</strong></span> <span class='ocrx_word' id='word_1_131' title='bbox 3421 711 3736 782; x_wconf 79' lang='grc' dir='ltr'>τελειουμέ-</span> 
     </span>
    </p>
   </div>
   <div class='ocr_carea' id='block_1_20' title="bbox 2156 789 3738 873">
    <p class='ocr_par' dir='ltr' id='par_1_20' title="bbox 2156 789 3738 873">
     <span class='ocr_line' id='line_1_20' title="bbox 2156 789 3738 873; baseline 0.011 -34"><span class='ocrx_word' id='word_1_132' title='bbox 2156 804 2263 840; x_wconf 91' lang='grc' dir='ltr'><strong>νων</strong></span> <span class='ocrx_word' id='word_1_133' title='bbox 2308 789 2460 852; x_wconf 81' lang='grc' dir='ltr'><strong>τάξιν</strong></span> <span class='ocrx_word' id='word_1_134' title='bbox 2492 792 2819 859; x_wconf 77' lang='grc' dir='ltr'><strong>ἐπεχόντων,</strong></span> <span class='ocrx_word' id='word_1_135' title='bbox 2858 795 3155 862; x_wconf 85' lang='grc' dir='ltr'>ἀναγκαῖον</span> <span class='ocrx_word' id='word_1_136' title='bbox 3214 794 3354 852; x_wconf 78' lang='grc' dir='ltr'>εἶναι</span> <span class='ocrx_word' id='word_1_137' title='bbox 3389 805 3517 871; x_wconf 77' lang='grc' dir='ltr'>περὶ</span> <span class='ocrx_word' id='word_1_138' title='bbox 3568 805 3738 873; x_wconf 79' lang='grc' dir='ltr'>μηδὲν</span> 
     </span>
    </p>
   </div>
   <div class='ocr_carea' id='block_1_21' title="bbox 2155 880 3736 961">
    <p class='ocr_par' dir='ltr' id='par_1_21' title="bbox 2155 880 3736 961">
     <span class='ocr_line' id='line_1_21' title="bbox 2155 880 3736 961; baseline 0.011 -28"><span class='ocrx_word' id='word_1_139' title='bbox 2155 880 2283 933; x_wconf 77' lang='grc' dir='ltr'>ἄλλο</span> <span class='ocrx_word' id='word_1_140' title='bbox 2312 885 2437 946; x_wconf 72' lang='grc' dir='ltr'>τοὺς</span> <span class='ocrx_word' id='word_1_141' title='bbox 2466 883 2761 953; x_wconf 72' lang='grc' dir='ltr'>λογισμοὺς</span> <span class='ocrx_word' id='word_1_142' title='bbox 2791 887 3111 957; x_wconf 80' lang='grc' dir='ltr'><strong>μερίζεσθαι</strong></span> <span class='ocrx_word' id='word_1_143' title='bbox 3141 891 3483 961; x_wconf 80' lang='grc' dir='ltr'><strong>ἐπιτρέπειν,</strong></span> <span class='ocrx_word' id='word_1_144' title='bbox 3526 896 3644 947; x_wconf 80' lang='grc' dir='ltr'>ὃλον</span> <span class='ocrx_word' id='word_1_145' title='bbox 3676 897 3736 949; x_wconf 80' lang='grc' dir='ltr'><strong>δὲ</strong></span> 
     </span>
    </p>
   </div>
   <div class='ocr_carea' id='block_1_22' title="bbox 2152 972 3735 1055">
    <p class='ocr_par' dir='ltr' id='par_1_22' title="bbox 2152 972 3735 1055">
     <span class='ocr_line' id='line_1_22' title="bbox 2152 972 3735 1055; baseline 0.01 -32"><span class='ocrx_word' id='word_1_146' title='bbox 2152 972 2246 1024; x_wconf 80' lang='grc' dir='ltr'>τὸν</span> <span class='ocrx_word' id='word_1_147' title='bbox 2284 976 2408 1025; x_wconf 87' lang='grc' dir='ltr'><strong>νοῦν</strong></span> <span class='ocrx_word' id='word_1_148' title='bbox 2437 974 2573 1044; x_wconf 79' lang='grc' dir='ltr'>πρὸς</span> <span class='ocrx_word' id='word_1_149' title='bbox 2598 976 2697 1047; x_wconf 82' lang='grc' dir='ltr'><strong>τὴν</strong></span> <span class='ocrx_word' id='word_1_150' title='bbox 2732 979 2969 1047; x_wconf 80' lang='grc' dir='ltr'>μάθησιν</span> <span class='ocrx_word' id='word_1_151' title='bbox 2994 980 3101 1032; x_wconf 87' lang='grc' dir='ltr'>τῶν</span> <span class='ocrx_word' id='word_1_152' title='bbox 3129 984 3415 1052; x_wconf 73' lang='grc' dir='ltr'><strong>σωτηρίων</strong></span> <span class='ocrx_word' id='word_1_153' title='bbox 3441 986 3534 1037; x_wconf 65' lang='grc' dir='ltr'><strong>καὶ¹</strong></span> <span class='ocrx_word' id='word_1_154' title='bbox 3569 1003 3735 1055; x_wconf 88' lang='grc' dir='ltr'>μετα-</span> 
     </span>
    </p>
   </div>
   <div class='ocr_carea' id='block_1_23' title="bbox 2154 1064 3733 1139">
    <p class='ocr_par' dir='ltr' id='par_1_23' title="bbox 2154 1064 3733 1139">
     <span class='ocr_line' id='line_1_23' title="bbox 2154 1064 3733 1139; baseline 0.009 -24"><span class='ocrx_word' id='word_1_155' title='bbox 2154 1064 2388 1135; x_wconf 83' lang='grc' dir='ltr'>χείρισιν</span> <span class='ocrx_word' id='word_1_156' title='bbox 2420 1069 2831 1139; x_wconf 69' lang='grc' dir='ltr'>ἐπεστράφθαιο</span> <span class='ocrx_word' id='word_1_157' title='bbox 2863 1070 3039 1135; x_wconf 83' lang='grc' dir='ltr'>ἄλλως</span> <span class='ocrx_word' id='word_1_158' title='bbox 3075 1090 3133 1124; x_wconf 89' lang='grc' dir='ltr'><strong>τε</strong></span> <span class='ocrx_word' id='word_1_159' title='bbox 3166 1075 3260 1127; x_wconf 76' lang='grc' dir='ltr'>καὶ</span> <span class='ocrx_word' id='word_1_160' title='bbox 3288 1074 3382 1127; x_wconf 70' lang='grc' dir='ltr'><strong>τοῦ</strong></span> <span class='ocrx_word' id='word_1_161' title='bbox 3410 1075 3733 1130; x_wconf 73' lang='grc' dir='ltr'><strong>διδασκάλου</strong></span> 
     </span>
    </p>
   </div>
   <div class='ocr_carea' id='block_1_24' title="bbox 2153 1162 3734 1238">
    <p class='ocr_par' dir='ltr' id='par_1_24' title="bbox 2153 1162 3734 1238">
     <span class='ocr_line' id='line_1_24' title="bbox 2153 1162 3734 1238; baseline 0.007 -27"><span class='ocrx_word' id='word_1_162' title='bbox 2153 1162 2423 1229; x_wconf 78' lang='grc' dir='ltr'><strong>παρόντος</strong></span> <span class='ocrx_word' id='word_1_163' title='bbox 2455 1163 2548 1214; x_wconf 76' lang='grc' dir='ltr'><strong>καὶ</strong></span> <span class='ocrx_word' id='word_1_164' title='bbox 2572 1165 2903 1233; x_wconf 76' lang='grc' dir='ltr'><strong>παρέχοντος</strong></span> <span class='ocrx_word' id='word_1_165' title='bbox 2933 1167 3296 1235; x_wconf 79' lang='grc' dir='ltr'><strong>αὐτοσχεδίως</strong></span> <span class='ocrx_word' id='word_1_166' title='bbox 3321 1170 3418 1237; x_wconf 74' lang='grc' dir='ltr'>οὐχ</span> <span class='ocrx_word' id='word_1_167' title='bbox 3440 1171 3534 1221; x_wconf 80' lang='grc' dir='ltr'>ὅσα</span> <span class='ocrx_word' id='word_1_168' title='bbox 3568 1171 3734 1238; x_wconf 84' lang='grc' dir='ltr'>μόνον</span> 
     </span>
    </p>
   </div>
   <div class='ocr_carea' id='block_1_25' title="bbox 2152 1252 3734 1328">
    <p class='ocr_par' dir='ltr' id='par_1_25' title="bbox 2152 1252 3734 1328">
     <span class='ocr_line' id='line_1_25' title="bbox 2152 1252 3734 1328; baseline 0.006 -26"><span class='ocrx_word' id='word_1_169' title='bbox 2152 1252 2185 1321; x_wconf 75' lang='grc' dir='ltr'>ἡ</span> <span class='ocrx_word' id='word_1_170' title='bbox 2216 1252 2371 1318; x_wconf 61' lang='grc' dir='ltr'>φύσις</span> <span class='ocrx_word' id='word_1_171' title='bbox 2400 1252 2501 1305; x_wconf 76' lang='grc' dir='ltr'><strong>οὐκ</strong></span> <span class='ocrx_word' id='word_1_172' title='bbox 2528 1253 2728 1324; x_wconf 78' lang='grc' dir='ltr'>ἔχουσα</span> <span class='ocrx_word' id='word_1_173' title='bbox 2752 1254 2906 1307; x_wconf 89' lang='grc' dir='ltr'>λύσιν</span> <span class='ocrx_word' id='word_1_174' title='bbox 2934 1256 3069 1326; x_wconf 76' lang='grc' dir='ltr'>ἔχει,</span> <span class='ocrx_word' id='word_1_175' title='bbox 3104 1257 3240 1310; x_wconf 80' lang='grc' dir='ltr'>ἀλλὰ</span> <span class='ocrx_word' id='word_1_176' title='bbox 3266 1258 3360 1309; x_wconf 84' lang='grc' dir='ltr'><strong>καὶ</strong></span> <span class='ocrx_word' id='word_1_177' title='bbox 3384 1260 3572 1328; x_wconf 79' lang='grc' dir='ltr'>χεῖρας</span> <span class='ocrx_word' id='word_1_178' title='bbox 3599 1259 3734 1311; x_wconf 86' lang='grc' dir='ltr'>πολ-</span> 
     </span>
    </p>
   </div>
   <div class='ocr_carea' id='block_1_26' title="bbox 2150 1343 3729 1417">
    <p class='ocr_par' dir='ltr' id='par_1_26' title="bbox 2150 1343 3729 1417">
     <span class='ocr_line' id='line_1_26' title="bbox 2150 1343 3729 1417; baseline 0.004 -22"><span class='ocrx_word' id='word_1_179' title='bbox 2150 1343 2262 1406; x_wconf 85' lang='grc' dir='ltr'>λοῖς</span> <span class='ocrx_word' id='word_1_180' title='bbox 2310 1343 2538 1412; x_wconf 84' lang='grc' dir='ltr'>πλήθεσι</span> <span class='ocrx_word' id='word_1_181' title='bbox 2596 1346 2803 1415; x_wconf 82' lang='grc' dir='ltr'>τροφὴν</span> <span class='ocrx_word' id='word_1_182' title='bbox 2857 1347 3209 1417; x_wconf 78' lang='grc' dir='ltr'><strong>ἀγεώργητον</strong></span> <span class='ocrx_word' id='word_1_183' title='bbox 3257 1348 3729 1417; x_wconf 82' lang='grc' dir='ltr'>ύπηρετουμένας.</span> 
     </span>
    </p>
   </div>
   <div class='ocr_carea' id='block_1_27' title="bbox 2165 1434 3733 1508">
    <p class='ocr_par' dir='ltr' id='par_1_27' title="bbox 2165 1434 3733 1508">
     <span class='ocr_line' id='line_1_27' title="bbox 2165 1434 3733 1508; baseline 0.003 -21"><span class='ocrx_word' id='word_1_184' title='bbox 2165 1434 2383 1503; x_wconf 76' lang='grc' dir='ltr'>Ἐπειδὴ</span> <span class='ocrx_word' id='word_1_185' title='bbox 2416 1434 2473 1486; x_wconf 84' lang='grc' dir='ltr'>δὲ</span> <span class='ocrx_word' id='word_1_186' title='bbox 2504 1435 2657 1487; x_wconf 74' lang='grc' dir='ltr'>αὐτοὶ</span> <span class='ocrx_word' id='word_1_187' title='bbox 2701 1436 2823 1507; x_wconf 33' lang='grc' dir='ltr'><strong>μὲν,</strong></span> <span class='ocrx_word' id='word_1_188' title='bbox 2857 1435 2955 1506; x_wconf 85' lang='grc' dir='ltr'><strong>τὴν</strong></span> <span class='ocrx_word' id='word_1_189' title='bbox 2988 1437 3096 1489; x_wconf 91' lang='grc' dir='ltr'>τῶν</span> <span class='ocrx_word' id='word_1_190' title='bbox 3129 1438 3333 1489; x_wconf 80' lang='grc' dir='ltr'><strong>ἀτελῶν</strong></span> <span class='ocrx_word' id='word_1_191' title='bbox 3360 1439 3733 1508; x_wconf 80' lang='grc' dir='ltr'>ὑπερανέδρα-</span> 
     </span>
    </p>
   </div>
   <div class='ocr_carea' id='block_1_28' title="bbox 2154 1527 3728 1597">
    <p class='ocr_par' dir='ltr' id='par_1_28' title="bbox 2154 1527 3728 1597">
     <span class='ocr_line' id='line_1_28' title="bbox 2154 1527 3728 1597; baseline 0.002 -19"><span class='ocrx_word' id='word_1_192' title='bbox 2154 1544 2253 1596; x_wconf 90' lang='grc' dir='ltr'><strong>μον</strong></span> <span class='ocrx_word' id='word_1_193' title='bbox 2279 1527 2674 1595; x_wconf 81' lang='grc' dir='ltr'>παιδαγωγίαν,</span> <span class='ocrx_word' id='word_1_194' title='bbox 2705 1529 2985 1597; x_wconf 77' lang='grc' dir='ltr'><strong>ἐγγυτέρω</strong></span> <span class='ocrx_word' id='word_1_195' title='bbox 3026 1527 3069 1580; x_wconf 78' lang='grc' dir='ltr'>δ’</span> <span class='ocrx_word' id='word_1_196' title='bbox 3096 1529 3344 1595; x_wconf 85' lang='grc' dir='ltr'>ἐγένοντο</span> <span class='ocrx_word' id='word_1_197' title='bbox 3370 1530 3461 1581; x_wconf 75' lang='grc' dir='ltr'><strong>τοῦ</strong></span> <span class='ocrx_word' id='word_1_198' title='bbox 3493 1530 3728 1592; x_wconf 78' lang='grc' dir='ltr'>τελείου,</span> 
     </span>
    </p>
   </div>
   <div class='ocr_carea' id='block_1_29' title="bbox 2150 1619 3731 1692">
    <p class='ocr_par' dir='ltr' id='par_1_29' title="bbox 2150 1619 3731 1692">
     <span class='ocr_line' id='line_1_29' title="bbox 2150 1619 3731 1692; baseline 0.001 -20"><span class='ocrx_word' id='word_1_199' title='bbox 2150 1619 2311 1682; x_wconf 75' lang='grc' dir='ltr'>αὐτὸς</span> <span class='ocrx_word' id='word_1_200' title='bbox 2340 1620 2396 1672; x_wconf 85' lang='grc' dir='ltr'>δὲ</span> <span class='ocrx_word' id='word_1_201' title='bbox 2435 1620 2536 1690; x_wconf 69' lang='grc' dir='ltr'>ἤδη</span> <span class='ocrx_word' id='word_1_202' title='bbox 2567 1620 2645 1691; x_wconf 82' lang='grc' dir='ltr'>τῷ</span> <span class='ocrx_word' id='word_1_203' title='bbox 2678 1620 2912 1690; x_wconf 76' lang='grc' dir='ltr'>ἑκουσίῳ</span> <span class='ocrx_word' id='word_1_204' title='bbox 2950 1620 3045 1673; x_wconf 74' lang='grc' dir='ltr'>καὶ</span> <span class='ocrx_word' id='word_1_205' title='bbox 3073 1622 3330 1691; x_wconf 77' lang='grc' dir='ltr'><strong>σωτηρίῳ</strong></span> <span class='ocrx_word' id='word_1_206' title='bbox 3376 1622 3591 1692; x_wconf 80' lang='grc' dir='ltr'>θανάτῳ</span> <span class='ocrx_word' id='word_1_207' title='bbox 3628 1622 3731 1691; x_wconf 81' lang='grc' dir='ltr'><strong>τῆς</strong></span> 
     </span>
    </p>
   </div>
   <div class='ocr_carea' id='block_1_30' title="bbox 2151 1713 3729 1784">
    <p class='ocr_par' dir='ltr' id='par_1_30' title="bbox 2151 1713 3729 1784">
     <span class='ocr_line' id='line_1_30' title="bbox 2151 1713 3729 1784; baseline -0.001 -17"><span class='ocrx_word' id='word_1_208' title='bbox 2151 1713 2471 1784; x_wconf 74' lang='grc' dir='ltr'>σωματικῆς</span> <span class='ocrx_word' id='word_1_209' title='bbox 2522 1714 2722 1775; x_wconf 80' lang='grc' dir='ltr'>αὐτοὺς</span> <span class='ocrx_word' id='word_1_210' title='bbox 2773 1714 3101 1782; x_wconf 78' lang='grc' dir='ltr'><strong>ἀποστερεῖν</strong></span> <span class='ocrx_word' id='word_1_211' title='bbox 3151 1713 3448 1783; x_wconf 76' lang='grc' dir='ltr'>ἐπλησίαζε</span> <span class='ocrx_word' id='word_1_212' title='bbox 3512 1731 3729 1783; x_wconf 71' lang='grc' dir='ltr'>παρουσ-</span> 
     </span>
    </p>
   </div>
   <div class='ocr_carea' id='block_1_31' title="bbox 2150 1804 3726 1877">
    <p class='ocr_par' dir='ltr' id='par_1_31' title="bbox 2150 1804 3726 1877">
     <span class='ocr_line' id='line_1_31' title="bbox 2150 1804 3726 1877; baseline -0.001 -19"><span class='ocrx_word' id='word_1_213' title='bbox 2150 1807 2289 1869; x_wconf 77' lang='grc' dir='ltr'>σίας,</span> <span class='ocrx_word' id='word_1_214' title='bbox 2323 1807 2421 1858; x_wconf 84' lang='grc' dir='ltr'>καὶ</span> <span class='ocrx_word' id='word_1_215' title='bbox 2451 1806 2587 1877; x_wconf 85' lang='grc' dir='ltr'>πρός</span> <span class='ocrx_word' id='word_1_216' title='bbox 2633 1821 2695 1872; x_wconf 88' lang='grc' dir='ltr'><strong>γε</strong></span> <span class='ocrx_word' id='word_1_217' title='bbox 2737 1804 2799 1856; x_wconf 79' lang='grc' dir='ltr'>τὸ</span> <span class='ocrx_word' id='word_1_218' title='bbox 2852 1806 3113 1875; x_wconf 84' lang='grc' dir='ltr'>κήρυγμα</span> <span class='ocrx_word' id='word_1_219' title='bbox 3158 1806 3341 1868; x_wconf 84' lang='grc' dir='ltr'>αὐτοῖς</span> <span class='ocrx_word' id='word_1_220' title='bbox 3374 1805 3726 1877; x_wconf 75' lang='grc' dir='ltr'>ἐγχειρίζειν,</span> 
     </span>
    </p>
   </div>
   <div class='ocr_carea' id='block_1_32' title="bbox 454 1885 2040 1967">
    <p class='ocr_par' dir='ltr' id='par_1_32' title="bbox 454 1895 2040 1964">
     <span class='ocr_line' id='line_1_32' title="bbox 454 1895 2040 1964; baseline 0.003 -17"><span class='ocrx_word' id='word_1_221' title='bbox 454 1904 641 1961; x_wconf 83' lang='lat' dir='ltr'><strong>esset;</strong></span> <span class='ocrx_word' id='word_1_222' title='bbox 680 1906 791 1949; x_wconf 90' lang='lat' dir='ltr'><strong>tum</strong></span> <span class='ocrx_word' id='word_1_223' title='bbox 841 1895 1005 1949; x_wconf 90' lang='lat' dir='ltr'><strong>etiam</strong></span> <span class='ocrx_word' id='word_1_224' title='bbox 1065 1896 1509 1964; x_wconf 81' lang='lat' dir='ltr'><strong>praedicationem</strong></span> <span class='ocrx_word' id='word_1_225' title='bbox 1545 1897 1738 1950; x_wconf 85' lang='lat' dir='ltr'><strong>iisdem</strong></span> <span class='ocrx_word' id='word_1_226' title='bbox 1777 1899 2040 1952; x_wconf 66' lang='lat' dir='ltr'><strong>commis-</strong></span> 
     </span>
    </p>
   </div>
   <div class='ocr_carea' id='block_1_33' title="bbox 2146 1885 3727 1967">
    <p class='ocr_par' dir='ltr' id='par_1_33' title="bbox 2147 1895 3727 1967">
     <span class='ocr_line' id='line_1_33' title="bbox 2147 1895 3727 1967; baseline 0.002 -18"><span class='ocrx_word' id='word_1_227' title='bbox 2147 1902 2240 1950; x_wconf 76' lang='grc' dir='ltr'><strong>καὶ</strong></span> <span class='ocrx_word' id='word_1_228' title='bbox 2276 1899 2356 1960; x_wconf 85' lang='grc' dir='ltr'>εἰς</span> <span class='ocrx_word' id='word_1_229' title='bbox 2387 1895 2723 1949; x_wconf 78' lang='grc' dir='ltr'>διδασκάλων</span> <span class='ocrx_word' id='word_1_230' title='bbox 2767 1895 2861 1947; x_wconf 78' lang='grc' dir='ltr'>καὶ</span> <span class='ocrx_word' id='word_1_231' title='bbox 2893 1898 3173 1965; x_wconf 82' lang='grc' dir='ltr'><strong>ποιμένων</strong></span> <span class='ocrx_word' id='word_1_232' title='bbox 3205 1898 3499 1967; x_wconf 76' lang='grc' dir='ltr'><strong>προνόμιον</strong></span> <span class='ocrx_word' id='word_1_233' title='bbox 3529 1900 3727 1953; x_wconf 80' lang='grc' dir='ltr'>ἀναϐι-</span> 
     </span>
    </p>
   </div>
   <div class='ocr_carea' id='block_1_34' title="bbox 455 1988 2041 2060">
    <p class='ocr_par' dir='ltr' id='par_1_34' title="bbox 455 1988 2041 2060">
     <span class='ocr_line' id='line_1_34' title="bbox 455 1988 2041 2060; baseline 0.003 -20"><span class='ocrx_word' id='word_1_234' title='bbox 455 2002 641 2049; x_wconf 88' lang='lat' dir='ltr'><strong>surus,</strong></span> <span class='ocrx_word' id='word_1_235' title='bbox 698 1996 861 2056; x_wconf 86' lang='lat' dir='ltr'><strong>atque</strong></span> <span class='ocrx_word' id='word_1_236' title='bbox 906 1988 971 2041; x_wconf 88' lang='lat' dir='ltr'><strong>ad</strong></span> <span class='ocrx_word' id='word_1_237' title='bbox 1038 1989 1429 2057; x_wconf 86' lang='lat' dir='ltr'><strong>magistrorum</strong></span> <span class='ocrx_word' id='word_1_238' title='bbox 1480 1996 1877 2060; x_wconf 80' lang='lat' dir='ltr'><strong>pastorumque</strong></span> <span class='ocrx_word' id='word_1_239' title='bbox 1902 2007 2041 2060; x_wconf 66' lang='lat' dir='ltr'><strong>prte-</strong></span> 
     </span>
    </p>
   </div>
   <div class='ocr_carea' id='block_1_35' title="bbox 454 2082 2043 2149">
    <p class='ocr_par' dir='ltr' id='par_1_35' title="bbox 454 2082 2043 2149">
     <span class='ocr_line' id='line_1_35' title="bbox 454 2082 2043 2149; baseline 0.003 -16"><span class='ocrx_word' id='word_1_240' title='bbox 454 2082 758 2149; x_wconf 84' lang='lat' dir='ltr'><strong>rogativam</strong></span> <span class='ocrx_word' id='word_1_241' title='bbox 799 2090 1152 2149; x_wconf 91' lang='lat' dir='ltr'><strong>promoturus</strong></span> <span class='ocrx_word' id='word_1_242' title='bbox 1177 2099 1191 2148; x_wconf 88' lang='lat'><strong>;</strong></span> <span class='ocrx_word' id='word_1_243' title='bbox 1225 2090 1352 2135; x_wconf 91' lang='lat' dir='ltr'><strong>tunc</strong></span> <span class='ocrx_word' id='word_1_244' title='bbox 1378 2097 1475 2137; x_wconf 89' lang='lat' dir='ltr'><strong>eos</strong></span> <span class='ocrx_word' id='word_1_245' title='bbox 1498 2083 2043 2148; x_wconf 89' lang='lat' dir='ltr'><strong>admouuit,minime</strong></span> 
     </span>
    </p>
   </div>
   <div class='ocr_carea' id='block_1_36' title="bbox 454 2173 2037 2241">
    <p class='ocr_par' dir='ltr' id='par_1_36' title="bbox 454 2173 2037 2241">
     <span class='ocr_line' id='line_1_36' title="bbox 454 2173 2037 2241; baseline 0.004 -18"><span class='ocrx_word' id='word_1_246' title='bbox 454 2187 581 2225; x_wconf 84' lang='lat' dir='ltr'><strong>esse</strong></span> <span class='ocrx_word' id='word_1_247' title='bbox 608 2173 833 2224; x_wconf 83' lang='lat' dir='ltr'><strong>vetitum</strong></span> <span class='ocrx_word' id='word_1_248' title='bbox 864 2173 1162 2241; x_wconf 84' lang='lat' dir='ltr'><strong>quominus</strong></span> <span class='ocrx_word' id='word_1_249' title='bbox 1196 2174 1570 2227; x_wconf 87' lang='lat' dir='ltr'><strong>necessarium</strong></span> <span class='ocrx_word' id='word_1_250' title='bbox 1611 2174 1736 2228; x_wconf 75' lang='lat' dir='ltr'><strong>vita:</strong></span> <span class='ocrx_word' id='word_1_251' title='bbox 1772 2174 2037 2229; x_wconf 88' lang='lat' dir='ltr'><strong>viaticum</strong></span> 
     </span>
    </p>
   </div>
   <div class='ocr_carea' id='block_1_37' title="bbox 454 2262 2039 2336">
    <p class='ocr_par' dir='ltr' id='par_1_37' title="bbox 454 2262 2039 2336">
     <span class='ocr_line' id='line_1_37' title="bbox 454 2262 2039 2336; baseline 0.003 -19"><span class='ocrx_word' id='word_1_252' title='bbox 454 2278 640 2317; x_wconf 80' lang='lat' dir='ltr'><strong>secum</strong></span> <span class='ocrx_word' id='word_1_253' title='bbox 674 2262 911 2317; x_wconf 83' lang='lat' dir='ltr'><strong>ferrent:</strong></span> <span class='ocrx_word' id='word_1_254' title='bbox 943 2264 1035 2333; x_wconf 88' lang='lat' dir='ltr'><strong>qui</strong></span> <span class='ocrx_word' id='word_1_255' title='bbox 1064 2280 1179 2317; x_wconf 88' lang='lat' dir='ltr'><strong>mos</strong></span> <span class='ocrx_word' id='word_1_256' title='bbox 1208 2279 1275 2317; x_wconf 92' lang='lat' dir='ltr'><strong>eo</strong></span> <span class='ocrx_word' id='word_1_257' title='bbox 1319 2275 1559 2333; x_wconf 87' lang='lat' dir='ltr'><strong>tempore</strong></span> <span class='ocrx_word' id='word_1_258' title='bbox 1591 2266 1864 2336; x_wconf 88' lang='lat' dir='ltr'><strong>inceptus.</strong></span> <span class='ocrx_word' id='word_1_259' title='bbox 1891 2284 2039 2322; x_wconf 68' lang='lat' dir='ltr'><strong>cura:</strong></span> 
     </span>
    </p>
   </div>
   <div class='ocr_carea' id='block_1_38' title="bbox 452 2354 2037 2428">
    <p class='ocr_par' dir='ltr' id='par_1_38' title="bbox 452 2354 2037 2428">
     <span class='ocr_line' id='line_1_38' title="bbox 452 2354 2037 2428; baseline 0.005 -23"><span class='ocrx_word' id='word_1_260' title='bbox 452 2368 673 2423; x_wconf 88' lang='lat' dir='ltr'><strong>quoque</strong></span> <span class='ocrx_word' id='word_1_261' title='bbox 696 2354 923 2408; x_wconf 88' lang='lat' dir='ltr'><strong>asseclis</strong></span> <span class='ocrx_word' id='word_1_262' title='bbox 955 2354 1329 2424; x_wconf 53' lang='lat' dir='ltr'><strong>impendenda).</strong></span> <span class='ocrx_word' id='word_1_263' title='bbox 1358 2367 1539 2409; x_wconf 91' lang='lat' dir='ltr'><strong>ortum</strong></span> <span class='ocrx_word' id='word_1_264' title='bbox 1569 2357 1717 2411; x_wconf 83' lang='lat' dir='ltr'><strong>dedit</strong></span> <span class='ocrx_word' id='word_1_265' title='bbox 1742 2375 1757 2424; x_wconf 93' lang='lat'><strong>;</strong></span> <span class='ocrx_word' id='word_1_266' title='bbox 1805 2359 1856 2413; x_wconf 92' lang='lat' dir='ltr'><strong>id</strong></span> <span class='ocrx_word' id='word_1_267' title='bbox 1891 2360 2037 2428; x_wconf 89' lang='lat' dir='ltr'><strong>quod</strong></span> 
     </span>
    </p>
   </div>
   <div class='ocr_carea' id='block_1_39' title="bbox 452 2444 2038 2514">
    <p class='ocr_par' dir='ltr' id='par_1_39' title="bbox 452 2444 2038 2514">
     <span class='ocr_line' id='line_1_39' title="bbox 452 2444 2038 2514; baseline 0.002 -16"><span class='ocrx_word' id='word_1_268' title='bbox 452 2460 518 2498; x_wconf 83' lang='lat' dir='ltr'><strong>cx</strong></span> <span class='ocrx_word' id='word_1_269' title='bbox 548 2444 681 2514; x_wconf 69' lang='lat' dir='ltr'><strong>ipsis</strong></span> <span class='ocrx_word' id='word_1_270' title='bbox 718 2445 885 2498; x_wconf 81' lang='lat' dir='ltr'><strong>rebus</strong></span> <span class='ocrx_word' id='word_1_271' title='bbox 914 2444 1110 2498; x_wconf 89' lang='lat' dir='ltr'><strong>deinde</strong></span> <span class='ocrx_word' id='word_1_272' title='bbox 1134 2445 1304 2514; x_wconf 82' lang='lat' dir='ltr'><strong>gestis</strong></span> <span class='ocrx_word' id='word_1_273' title='bbox 1337 2447 1831 2514; x_wconf 68' lang='lat' dir='ltr'><strong>cognoscerelicet.</strong></span> <span class='ocrx_word' id='word_1_274' title='bbox 1867 2446 2038 2502; x_wconf 86' lang='lat' dir='ltr'><strong>Nam-</strong></span> 
     </span>
    </p>
   </div>
   <div class='ocr_carea' id='block_1_40' title="bbox 453 2536 2040 2609">
    <p class='ocr_par' dir='ltr' id='par_1_40' title="bbox 453 2536 2040 2609">
     <span class='ocr_line' id='line_1_40' title="bbox 453 2536 2040 2609; baseline 0.004 -23"><span class='ocrx_word' id='word_1_275' title='bbox 453 2551 560 2605; x_wconf 86' lang='lat' dir='ltr'><strong>que</strong></span> <span class='ocrx_word' id='word_1_276' title='bbox 587 2544 713 2590; x_wconf 81' lang='lat' dir='ltr'><strong>ante</strong></span> <span class='ocrx_word' id='word_1_277' title='bbox 742 2536 905 2605; x_wconf 89' lang='lat' dir='ltr'><strong>pedes</strong></span> <span class='ocrx_word' id='word_1_278' title='bbox 932 2537 1305 2604; x_wconf 86' lang='lat' dir='ltr'><strong>apostolorum</strong></span> <span class='ocrx_word' id='word_1_279' title='bbox 1335 2538 1511 2605; x_wconf 85' lang='lat' dir='ltr'><strong>pretia</strong></span> <span class='ocrx_word' id='word_1_280' title='bbox 1546 2538 1835 2593; x_wconf 90' lang='lat' dir='ltr'><strong>domorum</strong></span> <span class='ocrx_word' id='word_1_281' title='bbox 1872 2555 2040 2609; x_wconf 84' lang='lat' dir='ltr'><strong>agro-</strong></span> 
     </span>
    </p>
   </div>
   <div class='ocr_carea' id='block_1_41' title="bbox 453 2626 2040 2703">
    <p class='ocr_par' dir='ltr' id='par_1_41' title="bbox 453 2626 2040 2703">
     <span class='ocr_line' id='line_1_41' title="bbox 453 2626 2040 2703; baseline 0.004 -22"><span class='ocrx_word' id='word_1_282' title='bbox 453 2642 689 2697; x_wconf 84' lang='lat' dir='ltr'><strong>rumque</strong></span> <span class='ocrx_word' id='word_1_283' title='bbox 736 2626 897 2681; x_wconf 81' lang='lat' dir='ltr'><strong>allata</strong></span> <span class='ocrx_word' id='word_1_284' title='bbox 946 2628 1258 2697; x_wconf 90' lang='lat' dir='ltr'><strong>ponebant:</strong></span> <span class='ocrx_word' id='word_1_285' title='bbox 1331 2628 1685 2699; x_wconf 71' lang='lat' dir='ltr'><strong>vicissimque</strong></span> <span class='ocrx_word' id='word_1_286' title='bbox 1722 2632 1953 2703; x_wconf 80' lang='lat' dir='ltr'><strong>singulis</strong></span> <span class='ocrx_word' id='word_1_287' title='bbox 1986 2634 2040 2687; x_wconf 91' lang='lat' dir='ltr'><strong>id</strong></span> 
     </span>
    </p>
   </div>
   <div class='ocr_carea' id='block_1_42' title="bbox 454 2720 1435 2789">
    <p class='ocr_par' dir='ltr' id='par_1_42' title="bbox 454 2720 1435 2789">
     <span class='ocr_line' id='line_1_42' title="bbox 454 2720 1435 2789; baseline 0.001 -16"><span class='ocrx_word' id='word_1_288' title='bbox 454 2721 598 2789; x_wconf 84' lang='lat' dir='ltr'><strong>quod</strong></span> <span class='ocrx_word' id='word_1_289' title='bbox 632 2720 753 2773; x_wconf 92' lang='lat' dir='ltr'><strong>usui</strong></span> <span class='ocrx_word' id='word_1_290' title='bbox 782 2730 927 2775; x_wconf 87' lang='lat' dir='ltr'><strong>esset</strong></span> <span class='ocrx_word' id='word_1_291' title='bbox 959 2721 1435 2788; x_wconf 86' lang='lat' dir='ltr'><strong>suppeditabatur.</strong></span> 
     </span>
    </p>
   </div>
   <div class='ocr_carea' id='block_1_43' title="bbox 526 2810 2039 2881">
    <p class='ocr_par' dir='ltr' id='par_1_43' title="bbox 526 2810 2039 2881">
     <span class='ocr_line' id='line_1_43' title="bbox 526 2810 2039 2881; baseline 0.001 -14"><span class='ocrx_word' id='word_1_292' title='bbox 526 2812 583 2867; x_wconf 90' lang='lat'><strong>8.</strong></span> <span class='ocrx_word' id='word_1_293' title='bbox 622 2810 856 2881; x_wconf 85' lang='lat' dir='ltr'><strong>Insuper</strong></span> <span class='ocrx_word' id='word_1_294' title='bbox 886 2811 1031 2865; x_wconf 84' lang='lat' dir='ltr'><strong>aliud</strong></span> <span class='ocrx_word' id='word_1_295' title='bbox 1054 2826 1275 2881; x_wconf 88' lang='lat' dir='ltr'><strong>quoque</strong></span> <span class='ocrx_word' id='word_1_296' title='bbox 1300 2812 1557 2881; x_wconf 65' lang='lat' dir='ltr'><strong>praaclare</strong></span> <span class='ocrx_word' id='word_1_297' title='bbox 1580 2815 2039 2869; x_wconf 88' lang='lat' dir='ltr'><strong>considerandum</strong></span> 
     </span>
    </p>
   </div>
   <div class='ocr_carea' id='block_1_44' title="bbox 453 2903 2043 2973">
    <p class='ocr_par' dir='ltr' id='par_1_44' title="bbox 453 2903 2043 2973">
     <span class='ocr_line' id='line_1_44' title="bbox 453 2903 2043 2973; baseline 0.001 -13"><span class='ocrx_word' id='word_1_298' title='bbox 453 2906 734 2961; x_wconf 78' lang='lat' dir='ltr'><strong>exhibent.</strong></span> <span class='ocrx_word' id='word_1_299' title='bbox 767 2905 993 2959; x_wconf 78' lang='lat' dir='ltr'><strong>Creator</strong></span> <span class='ocrx_word' id='word_1_300' title='bbox 1047 2903 1163 2973; x_wconf 87' lang='lat' dir='ltr'><strong>ipse</strong></span> <span class='ocrx_word' id='word_1_301' title='bbox 1225 2905 1470 2958; x_wconf 90' lang='lat' dir='ltr'><strong>omnium</strong></span> <span class='ocrx_word' id='word_1_302' title='bbox 1528 2921 1710 2959; x_wconf 89' lang='lat' dir='ltr'><strong>rerum</strong></span> <span class='ocrx_word' id='word_1_303' title='bbox 1741 2918 1795 2961; x_wconf 89' lang='lat' dir='ltr'><strong>et</strong></span> <span class='ocrx_word' id='word_1_304' title='bbox 1817 2925 2043 2964; x_wconf 86' lang='lat' dir='ltr'><strong>conscr-</strong></span> 
     </span>
    </p>
   </div>
   <div class='ocr_carea' id='block_1_45' title="bbox 453 2996 2039 3070">
    <p class='ocr_par' dir='ltr' id='par_1_45' title="bbox 453 2996 2039 3070">
     <span class='ocr_line' id='line_1_45' title="bbox 453 2996 2039 3070; baseline 0.004 -18"><span class='ocrx_word' id='word_1_305' title='bbox 453 3010 632 3064; x_wconf 77' lang='lat' dir='ltr'><strong>vator,</strong></span> <span class='ocrx_word' id='word_1_306' title='bbox 675 2997 804 3051; x_wconf 90' lang='lat' dir='ltr'><strong>dum</strong></span> <span class='ocrx_word' id='word_1_307' title='bbox 837 2996 985 3051; x_wconf 92' lang='lat' dir='ltr'><strong>omni</strong></span> <span class='ocrx_word' id='word_1_308' title='bbox 1020 3012 1154 3050; x_wconf 90' lang='lat' dir='ltr'><strong>cura</strong></span> <span class='ocrx_word' id='word_1_309' title='bbox 1204 2999 1453 3051; x_wconf 90' lang='lat' dir='ltr'><strong>terrestri</strong></span> <span class='ocrx_word' id='word_1_310' title='bbox 1487 2998 1787 3066; x_wconf 85' lang='lat' dir='ltr'><strong>discipulos</strong></span> <span class='ocrx_word' id='word_1_311' title='bbox 1816 3016 2039 3070; x_wconf 88' lang='lat' dir='ltr'><strong>posses-</strong></span> 
     </span>
    </p>
   </div>
   <div class='ocr_carea' id='block_1_46' title="bbox 456 3090 2036 3164">
    <p class='ocr_par' dir='ltr' id='par_1_46' title="bbox 456 3090 2036 3164">
     <span class='ocr_line' id='line_1_46' title="bbox 456 3090 2036 3164; baseline 0.002 -18"><span class='ocrx_word' id='word_1_312' title='bbox 456 3106 633 3160; x_wconf 86' lang='lat' dir='ltr'><strong>suque</strong></span> <span class='ocrx_word' id='word_1_313' title='bbox 668 3090 909 3157; x_wconf 87' lang='lat' dir='ltr'><strong>arcebat,</strong></span> <span class='ocrx_word' id='word_1_314' title='bbox 952 3090 1291 3158; x_wconf 90' lang='lat' dir='ltr'><strong>marsupium</strong></span> <span class='ocrx_word' id='word_1_315' title='bbox 1328 3099 1509 3143; x_wconf 88' lang='lat' dir='ltr'><strong>tamen</strong></span> <span class='ocrx_word' id='word_1_316' title='bbox 1574 3091 1825 3158; x_wconf 81' lang='lat' dir='ltr'><strong>habebat,</strong></span> <span class='ocrx_word' id='word_1_317' title='bbox 1862 3104 1915 3148; x_wconf 89' lang='lat' dir='ltr'><strong>et</strong></span> <span class='ocrx_word' id='word_1_318' title='bbox 1943 3095 2036 3164; x_wconf 90' lang='lat' dir='ltr'><strong>qui</strong></span> 
     </span>
    </p>
   </div>
   <div class='ocr_carea' id='block_1_47' title="bbox 2145 1987 3728 2060">
    <p class='ocr_par' dir='ltr' id='par_1_47' title="bbox 2145 1987 3728 2060">
     <span class='ocr_line' id='line_1_47' title="bbox 2145 1987 3728 2060; baseline 0.003 -20"><span class='ocrx_word' id='word_1_319' title='bbox 2145 1989 2351 2055; x_wconf 75' lang='grc' dir='ltr'>ϐάζειν,</span> <span class='ocrx_word' id='word_1_320' title='bbox 2384 1988 2661 2042; x_wconf 84' lang='grc' dir='ltr'>ἀκώλυτον</span> <span class='ocrx_word' id='word_1_321' title='bbox 2686 1987 2870 2049; x_wconf 78' lang='grc' dir='ltr'>αὐτοῖς</span> <span class='ocrx_word' id='word_1_322' title='bbox 2907 1988 3029 2041; x_wconf 87' lang='grc' dir='ltr'>τότε</span> <span class='ocrx_word' id='word_1_323' title='bbox 3061 1989 3127 2041; x_wconf 81' lang='grc' dir='ltr'><strong>τὰ</strong></span> <span class='ocrx_word' id='word_1_324' title='bbox 3150 1991 3422 2059; x_wconf 83' lang='grc' dir='ltr'>ἀναγκαῖα</span> <span class='ocrx_word' id='word_1_325' title='bbox 3453 1992 3549 2059; x_wconf 80' lang='grc' dir='ltr'>τῆς</span> <span class='ocrx_word' id='word_1_326' title='bbox 3578 1990 3728 2060; x_wconf 74' lang='grc' dir='ltr'>ζωῆς</span> 
     </span>
    </p>
   </div>
   <div class='ocr_carea' id='block_1_48' title="bbox 2143 2077 3725 2151">
    <p class='ocr_par' dir='ltr' id='par_1_48' title="bbox 2143 2077 3725 2151">
     <span class='ocr_line' id='line_1_48' title="bbox 2143 2077 3725 2151; baseline 0.001 -18"><span class='ocrx_word' id='word_1_327' title='bbox 2143 2082 2330 2149; x_wconf 71' lang='grc' dir='ltr'>ἐφξδια</span> <span class='ocrx_word' id='word_1_328' title='bbox 2358 2081 2543 2150; x_wconf 80' lang='grc' dir='ltr'>φέρειν</span> <span class='ocrx_word' id='word_1_329' title='bbox 2565 2083 2891 2151; x_wconf 74' lang='grc' dir='ltr'>ἀποφαίνει·</span> <span class='ocrx_word' id='word_1_330' title='bbox 2909 2085 3067 2151; x_wconf 83' lang='grc' dir='ltr'>ὅπερ,</span> <span class='ocrx_word' id='word_1_331' title='bbox 3098 2077 3465 2151; x_wconf 71' lang='grc' dir='ltr'>ἐκεῖθενφυέν</span> <span class='ocrx_word' id='word_1_332' title='bbox 3493 2083 3591 2151; x_wconf 79' lang='grc' dir='ltr'>τὴν</span> <span class='ocrx_word' id='word_1_333' title='bbox 3622 2082 3725 2151; x_wconf 83' lang='grc' dir='ltr'><strong>ἀρ-</strong></span> 
     </span>
    </p>
   </div>
   <div class='ocr_carea' id='block_1_49' title="bbox 2142 2174 3724 2247">
    <p class='ocr_par' dir='ltr' id='par_1_49' title="bbox 2142 2174 3724 2247">
     <span class='ocr_line' id='line_1_49' title="bbox 2142 2174 3724 2247; baseline 0 -21"><span class='ocrx_word' id='word_1_334' title='bbox 2142 2175 2267 2243; x_wconf 84' lang='grc' dir='ltr'>χὴν,</span> <span class='ocrx_word' id='word_1_335' title='bbox 2295 2175 2390 2227; x_wconf 80' lang='grc' dir='ltr'><strong>καὶ</strong></span> <span class='ocrx_word' id='word_1_336' title='bbox 2417 2177 2515 2246; x_wconf 83' lang='grc' dir='ltr'>τὴν</span> <span class='ocrx_word' id='word_1_337' title='bbox 2542 2177 2648 2229; x_wconf 88' lang='grc' dir='ltr'><strong>τῶν</strong></span> <span class='ocrx_word' id='word_1_338' title='bbox 2678 2178 3086 2247; x_wconf 81' lang='grc' dir='ltr'>διδασκομένων</span> <span class='ocrx_word' id='word_1_339' title='bbox 3119 2177 3375 2247; x_wconf 80' lang='grc' dir='ltr'>πρόνοιαν</span> <span class='ocrx_word' id='word_1_340' title='bbox 3407 2174 3724 2242; x_wconf 76' lang='grc' dir='ltr'>ἐκαρποφόο</span> 
     </span>
    </p>
   </div>
   <div class='ocr_carea' id='block_1_50' title="bbox 2145 2265 3727 2337">
    <p class='ocr_par' dir='ltr' id='par_1_50' title="bbox 2145 2265 3727 2337">
     <span class='ocr_line' id='line_1_50' title="bbox 2145 2265 3727 2337; baseline -0.001 -19"><span class='ocrx_word' id='word_1_341' title='bbox 2145 2283 2252 2336; x_wconf 88' lang='grc' dir='ltr'>ρει,</span> <span class='ocrx_word' id='word_1_342' title='bbox 2280 2266 2355 2327; x_wconf 85' lang='grc' dir='ltr'>ὡς</span> <span class='ocrx_word' id='word_1_343' title='bbox 2385 2268 2473 2320; x_wconf 83' lang='grc' dir='ltr'>ἐπ’</span> <span class='ocrx_word' id='word_1_344' title='bbox 2508 2269 2693 2331; x_wconf 77' lang='grc' dir='ltr'>αὐτοῖς</span> <span class='ocrx_word' id='word_1_345' title='bbox 2719 2269 2834 2321; x_wconf 86' lang='grc' dir='ltr'>ἐστι</span> <span class='ocrx_word' id='word_1_346' title='bbox 2863 2270 2975 2331; x_wconf 82' lang='grc' dir='ltr'>τοῖς</span> <span class='ocrx_word' id='word_1_347' title='bbox 3006 2269 3189 2337; x_wconf 82' lang='grc' dir='ltr'>ἐργοις</span> <span class='ocrx_word' id='word_1_348' title='bbox 3220 2266 3411 2336; x_wconf 76' lang='grc' dir='ltr'>προϊὸν</span> <span class='ocrx_word' id='word_1_349' title='bbox 3441 2266 3600 2317; x_wconf 80' lang='grc' dir='ltr'>ἰδεῖν·</span> <span class='ocrx_word' id='word_1_350' title='bbox 3630 2265 3727 2317; x_wconf 78' lang='grc' dir='ltr'>καὶ</span> 
     </span>
    </p>
   </div>
   <div class='ocr_carea' id='block_1_51' title="bbox 2142 2354 3725 2428">
    <p class='ocr_par' dir='ltr' id='par_1_51' title="bbox 2142 2354 3725 2428">
     <span class='ocr_line' id='line_1_51' title="bbox 2142 2354 3725 2428; baseline -0.004 -16"><span class='ocrx_word' id='word_1_351' title='bbox 2142 2357 2252 2428; x_wconf 73' lang='grc' dir='ltr'><strong>γὰρ</strong></span> <span class='ocrx_word' id='word_1_352' title='bbox 2281 2359 2433 2427; x_wconf 69' lang='grc' dir='ltr'>παρὰ</span> <span class='ocrx_word' id='word_1_353' title='bbox 2466 2361 2593 2421; x_wconf 74' lang='grc' dir='ltr'>τοὺς</span> <span class='ocrx_word' id='word_1_354' title='bbox 2616 2360 2785 2423; x_wconf 83' lang='grc' dir='ltr'>πόδας</span> <span class='ocrx_word' id='word_1_355' title='bbox 2812 2358 2919 2411; x_wconf 89' lang='grc' dir='ltr'><strong>τῶν</strong></span> <span class='ocrx_word' id='word_1_356' title='bbox 2946 2357 3259 2411; x_wconf 79' lang='grc' dir='ltr'>ἀποστόλων</span> <span class='ocrx_word' id='word_1_357' title='bbox 3289 2356 3388 2419; x_wconf 80' lang='grc' dir='ltr'>τὰς</span> <span class='ocrx_word' id='word_1_358' title='bbox 3418 2355 3585 2425; x_wconf 81' lang='grc' dir='ltr'>τιμὰς</span> <span class='ocrx_word' id='word_1_359' title='bbox 3614 2354 3725 2407; x_wconf 91' lang='grc' dir='ltr'>τῶν</span> 
     </span>
    </p>
   </div>
   <div class='ocr_carea' id='block_1_52' title="bbox 2140 2448 3723 2521">
    <p class='ocr_par' dir='ltr' id='par_1_52' title="bbox 2140 2448 3723 2521">
     <span class='ocr_line' id='line_1_52' title="bbox 2140 2448 3723 2521; baseline -0.002 -19"><span class='ocrx_word' id='word_1_360' title='bbox 2140 2450 2327 2503; x_wconf 85' lang='grc' dir='ltr'>οίκιῶν</span> <span class='ocrx_word' id='word_1_361' title='bbox 2355 2452 2447 2503; x_wconf 74' lang='grc' dir='ltr'><strong>καὶ</strong></span> <span class='ocrx_word' id='word_1_362' title='bbox 2480 2451 2588 2503; x_wconf 87' lang='grc' dir='ltr'><strong>τῶν</strong></span> <span class='ocrx_word' id='word_1_363' title='bbox 2622 2451 2807 2521; x_wconf 83' lang='grc' dir='ltr'>ἀγρῶν</span> <span class='ocrx_word' id='word_1_364' title='bbox 2840 2451 3101 2521; x_wconf 85' lang='grc' dir='ltr'>φέροντες</span> <span class='ocrx_word' id='word_1_365' title='bbox 3134 2450 3365 2515; x_wconf 86' lang='grc' dir='ltr'>ἐτίθουν,</span> <span class='ocrx_word' id='word_1_366' title='bbox 3392 2448 3488 2501; x_wconf 75' lang='grc' dir='ltr'>καὶ</span> <span class='ocrx_word' id='word_1_367' title='bbox 3518 2448 3723 2501; x_wconf 84' lang='grc' dir='ltr'>ἐδίδοτο</span> 
     </span>
    </p>
   </div>
   <div class='ocr_carea' id='block_1_53' title="bbox 2142 2538 3421 2640">
    <p class='ocr_par' dir='ltr' id='par_1_53' title="bbox 2142 2538 3421 2640">
     <span class='ocr_line' id='line_1_53' title="bbox 2142 2538 3421 2640; baseline 0.002 -45"><span class='ocrx_word' id='word_1_368' title='bbox 2142 2543 2362 2613; x_wconf 80' lang='grc' dir='ltr'>ἑκάστῳ</span> <span class='ocrx_word' id='word_1_369' title='bbox 2387 2543 2509 2597; x_wconf 88' lang='grc' dir='ltr'>καθ’</span> <span class='ocrx_word' id='word_1_370' title='bbox 2536 2543 2564 2597; x_wconf 83' lang='grc' dir='ltr'>ὃ</span> <span class='ocrx_word' id='word_1_371' title='bbox 2591 2544 2656 2598; x_wconf 84' lang='grc' dir='ltr'><strong>ἄν</strong></span> <span class='ocrx_word' id='word_1_372' title='bbox 2688 2561 2773 2607; x_wconf 84' lang='grc' dir='ltr'><strong>τις</strong></span> <span class='ocrx_word' id='word_1_373' title='bbox 2805 2544 2998 2615; x_wconf 85' lang='grc' dir='ltr'>χρείαν</span> <span class='ocrx_word' id='word_1_374' title='bbox 3031 2538 3196 2613; x_wconf 82' lang='grc' dir='ltr'>εἶχεν.</span> <span class='ocrx_word' id='word_1_375' title='bbox 3400 2612 3421 2640; x_wconf 48' lang='grc' dir='ltr'><strong><em>ο</em></strong></span> 
     </span>
    </p>
   </div>
   <div class='ocr_carea' id='block_1_54' title="bbox 2212 2811 3725 2883">
    <p class='ocr_par' dir='ltr' id='par_1_54' title="bbox 2212 2811 3725 2883">
     <span class='ocr_line' id='line_1_54' title="bbox 2212 2811 3725 2883; baseline -0.002 -17"><span class='ocrx_word' id='word_1_376' title='bbox 2212 2817 2282 2883; x_wconf 88' lang='grc' dir='ltr'><strong>η’.</strong></span> <span class='ocrx_word' id='word_1_377' title='bbox 2324 2811 2485 2867; x_wconf 82' lang='grc' dir='ltr'><strong>Ἀλλά</strong></span> <span class='ocrx_word' id='word_1_378' title='bbox 2527 2812 2625 2865; x_wconf 79' lang='grc' dir='ltr'>καὶ</span> <span class='ocrx_word' id='word_1_379' title='bbox 2669 2811 2828 2867; x_wconf 81' lang='grc' dir='ltr'><strong>τοῦτο</strong></span> <span class='ocrx_word' id='word_1_380' title='bbox 2854 2812 3037 2877; x_wconf 88' lang='grc' dir='ltr'>καλῶς</span> <span class='ocrx_word' id='word_1_381' title='bbox 3082 2812 3402 2882; x_wconf 84' lang='grc' dir='ltr'>ἐπιθεωρετν</span> <span class='ocrx_word' id='word_1_382' title='bbox 3437 2811 3725 2865; x_wconf 76' lang='grc' dir='ltr'>ὑποτίθεν-</span> 
     </span>
    </p>
   </div>
   <div class='ocr_carea' id='block_1_55' title="bbox 2141 2902 3721 2975">
    <p class='ocr_par' dir='ltr' id='par_1_55' title="bbox 2141 2902 3721 2975">
     <span class='ocr_line' id='line_1_55' title="bbox 2141 2902 3721 2975; baseline -0.003 -16"><span class='ocrx_word' id='word_1_383' title='bbox 2141 2923 2256 2959; x_wconf 89' lang='grc' dir='ltr'>ται.</span> <span class='ocrx_word' id='word_1_384' title='bbox 2302 2905 2477 2968; x_wconf 78' lang='grc' dir='ltr'>Αὐτὸς</span> <span class='ocrx_word' id='word_1_385' title='bbox 2506 2907 2533 2958; x_wconf 88' lang='grc' dir='ltr'>ὁ</span> <span class='ocrx_word' id='word_1_386' title='bbox 2559 2907 2904 2975; x_wconf 79' lang='grc' dir='ltr'>Δημιουργὺς</span> <span class='ocrx_word' id='word_1_387' title='bbox 2936 2906 3032 2959; x_wconf 76' lang='grc' dir='ltr'><strong>καὶ</strong></span> <span class='ocrx_word' id='word_1_388' title='bbox 3072 2906 3331 2974; x_wconf 79' lang='grc' dir='ltr'>συνοχεὺς</span> <span class='ocrx_word' id='word_1_389' title='bbox 3371 2902 3468 2955; x_wconf 82' lang='grc' dir='ltr'>τοῦ</span> <span class='ocrx_word' id='word_1_390' title='bbox 3498 2903 3721 2965; x_wconf 74' lang='grc' dir='ltr'>παντὸς,</span> 
     </span>
    </p>
   </div>
   <div class='ocr_carea' id='block_1_56' title="bbox 2140 2993 3725 3066">
    <p class='ocr_par' dir='ltr' id='par_1_56' title="bbox 2140 2993 3725 3066">
     <span class='ocr_line' id='line_1_56' title="bbox 2140 2993 3725 3066; baseline -0.004 -15"><span class='ocrx_word' id='word_1_391' title='bbox 2140 2998 2230 3051; x_wconf 81' lang='grc' dir='ltr'>ὅτε</span> <span class='ocrx_word' id='word_1_392' title='bbox 2280 2997 2573 3066; x_wconf 78' lang='grc' dir='ltr'>συμπάσης</span> <span class='ocrx_word' id='word_1_393' title='bbox 2621 2995 2801 3064; x_wconf 80' lang='grc' dir='ltr'>ἀπῆγε</span> <span class='ocrx_word' id='word_1_394' title='bbox 2854 2996 2980 3057; x_wconf 85' lang='grc' dir='ltr'>τοὺς</span> <span class='ocrx_word' id='word_1_395' title='bbox 3051 2994 3303 3065; x_wconf 70' lang='grc' dir='ltr'>μαθητάς</span> <span class='ocrx_word' id='word_1_396' title='bbox 3356 2993 3725 3064; x_wconf 85' lang='grc' dir='ltr'>περιπαθείας</span> 
     </span>
    </p>
   </div>
   <div class='ocr_carea' id='block_1_57' title="bbox 2141 3080 3725 3157">
    <p class='ocr_par' dir='ltr' id='par_1_57' title="bbox 2141 3080 3725 3157">
     <span class='ocr_line' id='line_1_57' title="bbox 2141 3080 3725 3157; baseline -0.002 -17"><span class='ocrx_word' id='word_1_397' title='bbox 2141 3087 2410 3157; x_wconf 89' lang='grc' dir='ltr'>προσύλου</span> <span class='ocrx_word' id='word_1_398' title='bbox 2457 3089 2550 3141; x_wconf 79' lang='grc' dir='ltr'>καὶ</span> <span class='ocrx_word' id='word_1_399' title='bbox 2597 3088 2869 3157; x_wconf 81' lang='grc' dir='ltr'>κτήσεως,</span> <span class='ocrx_word' id='word_1_400' title='bbox 2913 3088 3301 3155; x_wconf 82' lang='grc' dir='ltr'>γλωσσόκομον</span> <span class='ocrx_word' id='word_1_401' title='bbox 3326 3080 3438 3155; x_wconf 81' lang='grc' dir='ltr'>εἶχε</span> <span class='ocrx_word' id='word_1_402' title='bbox 3472 3086 3567 3137; x_wconf 72' lang='grc' dir='ltr'><strong>καὶ</strong></span> <span class='ocrx_word' id='word_1_403' title='bbox 3599 3087 3725 3147; x_wconf 77' lang='grc' dir='ltr'>τοὺς</span> 
     </span>
    </p>
   </div>
   <div class='ocr_carea' id='block_1_58' title="bbox 456 3177 2040 3277">
    <p class='ocr_par' dir='ltr' id='par_1_58' title="bbox 456 3183 2039 3258">
     <span class='ocr_line' id='line_1_58' title="bbox 456 3183 2039 3258; baseline 0.004 -20"><span class='ocrx_word' id='word_1_404' title='bbox 456 3185 661 3253; x_wconf 84' lang='lat' dir='ltr'><strong>aliquid</strong></span> <span class='ocrx_word' id='word_1_405' title='bbox 698 3183 1107 3252; x_wconf 87' lang='lat' dir='ltr'><strong>injicerentnou</strong></span> <span class='ocrx_word' id='word_1_406' title='bbox 1145 3183 1454 3252; x_wconf 85' lang='lat' dir='ltr'><strong>respuebat.</strong></span> <span class='ocrx_word' id='word_1_407' title='bbox 1488 3185 1670 3251; x_wconf 85' lang='lat' dir='ltr'><strong>Quare</strong></span> <span class='ocrx_word' id='word_1_408' title='bbox 1698 3188 2039 3258; x_wconf 87' lang='lat' dir='ltr'><strong>hocquoque</strong></span> 
     </span>
    </p>
   </div>
   <div class='ocr_carea' id='block_1_59' title="bbox 2146 3177 3724 3277">
    <p class='ocr_par' dir='ltr' id='par_1_59' title="bbox 2146 3177 3724 3250">
     <span class='ocr_line' id='line_1_59' title="bbox 2146 3177 3724 3250; baseline -0.003 -17"><span class='ocrx_word' id='word_1_409' title='bbox 2146 3180 2441 3250; x_wconf 80' lang='grc' dir='ltr'>βάλλοντας</span> <span class='ocrx_word' id='word_1_410' title='bbox 2490 3179 2816 3249; x_wconf 85' lang='grc' dir='ltr'>ἀπεδέχετο·</span> <span class='ocrx_word' id='word_1_411' title='bbox 2861 3178 3003 3232; x_wconf 85' lang='grc' dir='ltr'>ὥστε</span> <span class='ocrx_word' id='word_1_412' title='bbox 3061 3181 3121 3232; x_wconf 79' lang='grc' dir='ltr'>ού</span> <span class='ocrx_word' id='word_1_413' title='bbox 3174 3179 3239 3231; x_wconf 83' lang='grc' dir='ltr'><strong>τὸ</strong></span> <span class='ocrx_word' id='word_1_414' title='bbox 3298 3180 3372 3249; x_wconf 78' lang='grc' dir='ltr'>μὴ</span> <span class='ocrx_word' id='word_1_415' title='bbox 3420 3177 3724 3246; x_wconf 86' lang='grc' dir='ltr'>κεκτῆσθαι</span> 
     </span>
    </p>
   </div>
   <div class='ocr_carea' id='block_1_60' title="bbox 455 3280 2038 3353">
    <p class='ocr_par' dir='ltr' id='par_1_60' title="bbox 455 3280 2038 3353">
     <span class='ocr_line' id='line_1_60' title="bbox 455 3280 2038 3353; baseline -0.001 -16"><span class='ocrx_word' id='word_1_416' title='bbox 455 3292 725 3353; x_wconf 70' lang='lat' dir='ltr'><strong>prmcepto</strong></span> <span class='ocrx_word' id='word_1_417' title='bbox 762 3282 904 3335; x_wconf 89' lang='lat' dir='ltr'><strong>haud</strong></span> <span class='ocrx_word' id='word_1_418' title='bbox 959 3296 1183 3350; x_wconf 90' lang='lat' dir='ltr'><strong>prorsus</strong></span> <span class='ocrx_word' id='word_1_419' title='bbox 1238 3280 1436 3350; x_wconf 89' lang='lat' dir='ltr'><strong>opibus</strong></span> <span class='ocrx_word' id='word_1_420' title='bbox 1497 3282 1791 3347; x_wconf 89' lang='lat' dir='ltr'><strong>interdicit,</strong></span> <span class='ocrx_word' id='word_1_421' title='bbox 1847 3284 2038 3337; x_wconf 85' lang='lat' dir='ltr'><strong>sedne</strong></span> 
     </span>
    </p>
   </div>
   <div class='ocr_carea' id='block_1_61' title="bbox 455 3373 2035 3443">
    <p class='ocr_par' dir='ltr' id='par_1_61' title="bbox 455 3373 2035 3443">
     <span class='ocr_line' id='line_1_61' title="bbox 455 3373 2035 3443; baseline -0.001 -13"><span class='ocrx_word' id='word_1_422' title='bbox 455 3377 542 3431; x_wconf 91' lang='lat' dir='ltr'><strong>his</strong></span> <span class='ocrx_word' id='word_1_423' title='bbox 579 3374 752 3431; x_wconf 89' lang='lat' dir='ltr'><strong>simus</strong></span> <span class='ocrx_word' id='word_1_424' title='bbox 779 3374 1004 3429; x_wconf 76' lang='lat' dir='ltr'><strong>obnoxii</strong></span> <span class='ocrx_word' id='word_1_425' title='bbox 1032 3390 1097 3427; x_wconf 91' lang='lat' dir='ltr'><strong>ac</strong></span> <span class='ocrx_word' id='word_1_426' title='bbox 1125 3373 1291 3427; x_wconf 81' lang='lat' dir='ltr'><strong>dediti</strong></span> <span class='ocrx_word' id='word_1_427' title='bbox 1334 3393 1347 3428; x_wconf 88' lang='lat'><strong>:</strong></span> <span class='ocrx_word' id='word_1_428' title='bbox 1415 3388 1540 3427; x_wconf 90' lang='lat' dir='ltr'><strong>nam</strong></span> <span class='ocrx_word' id='word_1_429' title='bbox 1574 3384 1629 3428; x_wconf 88' lang='lat' dir='ltr'><strong>et.</strong></span> <span class='ocrx_word' id='word_1_430' title='bbox 1674 3375 1811 3443; x_wconf 88' lang='lat' dir='ltr'><strong>ipse,</strong></span> <span class='ocrx_word' id='word_1_431' title='bbox 1849 3384 1911 3429; x_wconf 90' lang='lat' dir='ltr'><strong>ut</strong></span> <span class='ocrx_word' id='word_1_432' title='bbox 1949 3375 2035 3429; x_wconf 91' lang='lat' dir='ltr'><strong>di-</strong></span> 
     </span>
    </p>
   </div>
   <div class='ocr_carea' id='block_1_62' title="bbox 455 3464 2031 3534">
    <p class='ocr_par' dir='ltr' id='par_1_62' title="bbox 455 3464 2031 3534">
     <span class='ocr_line' id='line_1_62' title="bbox 455 3464 2031 3534; baseline -0.001 -13"><span class='ocrx_word' id='word_1_433' title='bbox 455 3468 656 3531; x_wconf 78' lang='lat' dir='ltr'><strong>ximus,</strong></span> <span class='ocrx_word' id='word_1_434' title='bbox 717 3480 827 3519; x_wconf 91' lang='lat' dir='ltr'><strong>non</strong></span> <span class='ocrx_word' id='word_1_435' title='bbox 899 3465 1147 3518; x_wconf 89' lang='lat' dir='ltr'><strong>habendo</strong></span> <span class='ocrx_word' id='word_1_436' title='bbox 1213 3464 1712 3533; x_wconf 89' lang='lat' dir='ltr'><strong>habebat:nempe</strong></span> <span class='ocrx_word' id='word_1_437' title='bbox 1748 3466 2031 3534; x_wconf 75' lang='lat' dir='ltr'><strong>egentium</strong></span> 
     </span>
    </p>
   </div>
   <div class='ocr_carea' id='block_1_63' title="bbox 456 3555 2039 3625">
    <p class='ocr_par' dir='ltr' id='par_1_63' title="bbox 456 3555 2039 3625">
     <span class='ocr_line' id='line_1_63' title="bbox 456 3555 2039 3625; baseline -0.001 -13"><span class='ocrx_word' id='word_1_438' title='bbox 456 3556 837 3612; x_wconf 87' lang='lat' dir='ltr'><strong>tantummodo</strong></span> <span class='ocrx_word' id='word_1_439' title='bbox 862 3571 1048 3620; x_wconf 89' lang='lat' dir='ltr'><strong>causa,</strong></span> <span class='ocrx_word' id='word_1_440' title='bbox 1079 3564 1132 3609; x_wconf 90' lang='lat' dir='ltr'><strong>et</strong></span> <span class='ocrx_word' id='word_1_441' title='bbox 1150 3556 1219 3609; x_wconf 91' lang='lat' dir='ltr'><strong>ob</strong></span> <span class='ocrx_word' id='word_1_442' title='bbox 1234 3571 1423 3609; x_wconf 88' lang='lat' dir='ltr'><strong>eormn</strong></span> <span class='ocrx_word' id='word_1_443' title='bbox 1454 3555 1708 3610; x_wconf 91' lang='lat' dir='ltr'><strong>solandas</strong></span> <span class='ocrx_word' id='word_1_444' title='bbox 1735 3558 2039 3625; x_wconf 84' lang='lat' dir='ltr'><strong>angustias,</strong></span> 
     </span>
    </p>
   </div>
   <div class='ocr_carea' id='block_1_64' title="bbox 457 3647 2040 3720">
    <p class='ocr_par' dir='ltr' id='par_1_64' title="bbox 457 3647 2040 3720">
     <span class='ocr_line' id='line_1_64' title="bbox 457 3647 2040 3720; baseline 0 -15"><span class='ocrx_word' id='word_1_445' title='bbox 457 3661 620 3720; x_wconf 89' lang='lat' dir='ltr'><strong>atque</strong></span> <span class='ocrx_word' id='word_1_446' title='bbox 657 3651 723 3703; x_wconf 90' lang='lat' dir='ltr'><strong>ad</strong></span> <span class='ocrx_word' id='word_1_447' title='bbox 758 3649 1101 3702; x_wconf 84' lang='lat' dir='ltr'><strong>necessitatis</strong></span> <span class='ocrx_word' id='word_1_448' title='bbox 1131 3648 1505 3716; x_wconf 88' lang='lat' dir='ltr'><strong>depulsionem</strong></span> <span class='ocrx_word' id='word_1_449' title='bbox 1543 3647 1833 3717; x_wconf 87' lang='lat' dir='ltr'><strong>quamdam</strong></span> <span class='ocrx_word' id='word_1_450' title='bbox 1875 3660 2040 3720; x_wconf 86' lang='lat' dir='ltr'><strong>atque</strong></span> 
     </span>
    </p>
   </div>
   <div class='ocr_carea' id='block_1_65' title="bbox 457 3737 2036 3809">
    <p class='ocr_par' dir='ltr' id='par_1_65' title="bbox 457 3737 2036 3809">
     <span class='ocr_line' id='line_1_65' title="bbox 457 3737 2036 3809; baseline 0 -16"><span class='ocrx_word' id='word_1_451' title='bbox 457 3741 747 3794; x_wconf 87' lang='lat' dir='ltr'><strong>medelam.</strong></span> <span class='ocrx_word' id='word_1_452' title='bbox 784 3737 954 3791; x_wconf 87' lang='lat' dir='ltr'><strong>Sicuti</strong></span> <span class='ocrx_word' id='word_1_453' title='bbox 1009 3753 1138 3806; x_wconf 81' lang='lat' dir='ltr'><strong>ergo</strong></span> <span class='ocrx_word' id='word_1_454' title='bbox 1187 3737 1412 3791; x_wconf 92' lang='lat' dir='ltr'><strong>minime</strong></span> <span class='ocrx_word' id='word_1_455' title='bbox 1470 3740 1830 3806; x_wconf 75' lang='lat' dir='ltr'><strong>repugnabat,</strong></span> <span class='ocrx_word' id='word_1_456' title='bbox 1859 3739 2036 3809; x_wconf 88' lang='lat' dir='ltr'><strong>ipsum</strong></span> 
     </span>
    </p>
   </div>
   <div class='ocr_carea' id='block_1_66' title="bbox 464 3827 2040 3898">
    <p class='ocr_par' dir='ltr' id='par_1_66' title="bbox 464 3827 2040 3898">
     <span class='ocr_line' id='line_1_66' title="bbox 464 3827 2040 3898; baseline 0.002 -15"><span class='ocrx_word' id='word_1_457' title='bbox 464 3830 606 3883; x_wconf 78' lang='lat' dir='ltr'><strong>ferre</strong></span> <span class='ocrx_word' id='word_1_458' title='bbox 682 3828 913 3892; x_wconf 89' lang='lat' dir='ltr'><strong>loculos,</strong></span> <span class='ocrx_word' id='word_1_459' title='bbox 981 3827 1088 3882; x_wconf 88' lang='lat' dir='ltr'><strong>illis</strong></span> <span class='ocrx_word' id='word_1_460' title='bbox 1155 3829 1318 3885; x_wconf 86' lang='lat' dir='ltr'><strong>simul</strong></span> <span class='ocrx_word' id='word_1_461' title='bbox 1367 3829 1691 3883; x_wconf 85' lang='lat' dir='ltr'><strong>interdicere</strong></span> <span class='ocrx_word' id='word_1_462' title='bbox 1741 3832 2040 3898; x_wconf 85' lang='lat' dir='ltr'><strong>quominus</strong></span> 
     </span>
    </p>
   </div>
   <div class='ocr_carea' id='block_1_67' title="bbox 458 3920 2037 3992">
    <p class='ocr_par' dir='ltr' id='par_1_67' title="bbox 458 3920 2037 3992">
     <span class='ocr_line' id='line_1_67' title="bbox 458 3920 2037 3992; baseline 0.006 -23"><span class='ocrx_word' id='word_1_463' title='bbox 458 3922 755 3992; x_wconf 80' lang='lat' dir='ltr'><strong>quidquam</strong></span> <span class='ocrx_word' id='word_1_464' title='bbox 793 3922 1123 3983; x_wconf 88' lang='lat' dir='ltr'><strong>retinerent;</strong></span> <span class='ocrx_word' id='word_1_465' title='bbox 1166 3920 1236 3973; x_wconf 89' lang='lat' dir='ltr'><strong>ita</strong></span> <span class='ocrx_word' id='word_1_466' title='bbox 1274 3936 1380 3973; x_wconf 91' lang='lat' dir='ltr'><strong>nou</strong></span> <span class='ocrx_word' id='word_1_467' title='bbox 1412 3929 1495 3975; x_wconf 90' lang='lat' dir='ltr'><strong>est</strong></span> <span class='ocrx_word' id='word_1_468' title='bbox 1526 3924 1882 3985; x_wconf 90' lang='lat' dir='ltr'><strong>contrarium,</strong></span> <span class='ocrx_word' id='word_1_469' title='bbox 1909 3924 2037 3978; x_wconf 90' lang='lat' dir='ltr'><strong>olim</strong></span> 
     </span>
    </p>
   </div>
   <div class='ocr_carea' id='block_1_68' title="bbox 458 4012 2041 4085">
    <p class='ocr_par' dir='ltr' id='par_1_68' title="bbox 458 4012 2041 4085">
     <span class='ocr_line' id='line_1_68' title="bbox 458 4012 2041 4085; baseline 0.001 -16"><span class='ocrx_word' id='word_1_470' title='bbox 458 4016 679 4085; x_wconf 80' lang='lat' dir='ltr'><strong>quidem</strong></span> <span class='ocrx_word' id='word_1_471' title='bbox 720 4030 815 4069; x_wconf 89' lang='lat' dir='ltr'><strong>eos</strong></span> <span class='ocrx_word' id='word_1_472' title='bbox 864 4014 927 4067; x_wconf 90' lang='lat' dir='ltr'><strong>ad</strong></span> <span class='ocrx_word' id='word_1_473' title='bbox 994 4028 1249 4082; x_wconf 75' lang='lat' dir='ltr'><strong>asperum</strong></span> <span class='ocrx_word' id='word_1_474' title='bbox 1307 4012 1642 4083; x_wconf 86' lang='lat' dir='ltr'><strong>paupertatis</strong></span> <span class='ocrx_word' id='word_1_475' title='bbox 1698 4016 2041 4085; x_wconf 87' lang='lat' dir='ltr'><strong>arduumque</strong></span> 
     </span>
    </p>
   </div>
   <div class='ocr_carea' id='block_1_69' title="bbox 460 4104 2040 4174">
    <p class='ocr_par' dir='ltr' id='par_1_69' title="bbox 460 4104 2040 4174">
     <span class='ocr_line' id='line_1_69' title="bbox 460 4104 2040 4174; baseline 0.001 -13"><span class='ocrx_word' id='word_1_476' title='bbox 460 4109 677 4162; x_wconf 89' lang='lat' dir='ltr'><strong>culmen</strong></span> <span class='ocrx_word' id='word_1_477' title='bbox 716 4104 1098 4171; x_wconf 87' lang='lat' dir='ltr'><strong>contendisse;</strong></span> <span class='ocrx_word' id='word_1_478' title='bbox 1150 4114 1336 4174; x_wconf 83' lang='lat' dir='ltr'><strong>postea</strong></span> <span class='ocrx_word' id='word_1_479' title='bbox 1388 4120 1516 4160; x_wconf 89' lang='lat' dir='ltr'><strong>vero</strong></span> <span class='ocrx_word' id='word_1_480' title='bbox 1557 4106 1767 4160; x_wconf 84' lang='lat' dir='ltr'><strong>modica</strong></span> <span class='ocrx_word' id='word_1_481' title='bbox 1818 4109 1893 4161; x_wconf 85' lang='lat' dir='ltr'><strong>rei</strong></span> <span class='ocrx_word' id='word_1_482' title='bbox 1940 4125 2040 4163; x_wconf 82' lang='lat' dir='ltr'><strong>ue-</strong></span> 
     </span>
    </p>
   </div>
   <div class='ocr_carea' id='block_1_70' title="bbox 460 4196 2040 4266">
    <p class='ocr_par' dir='ltr' id='par_1_70' title="bbox 460 4196 2040 4266">
     <span class='ocr_line' id='line_1_70' title="bbox 460 4196 2040 4266; baseline 0.004 -17"><span class='ocrx_word' id='word_1_483' title='bbox 460 4200 710 4251; x_wconf 65' lang='lat' dir='ltr'><strong>cessariaa</strong></span> <span class='ocrx_word' id='word_1_484' title='bbox 782 4197 1132 4266; x_wconf 85' lang='lat' dir='ltr'><strong>possessione</strong></span> <span class='ocrx_word' id='word_1_485' title='bbox 1195 4196 1380 4251; x_wconf 90' lang='lat' dir='ltr'><strong>multis</strong></span> <span class='ocrx_word' id='word_1_486' title='bbox 1444 4211 1503 4251; x_wconf 90' lang='lat' dir='ltr'><strong>se</strong></span> <span class='ocrx_word' id='word_1_487' title='bbox 1578 4197 2040 4255; x_wconf 89' lang='lat' dir='ltr'><strong>sollicitudinibus</strong></span> 
     </span>
    </p>
   </div>
   <div class='ocr_carea' id='block_1_71' title="bbox 458 4288 2038 4359">
    <p class='ocr_par' dir='ltr' id='par_1_71' title="bbox 458 4288 2038 4359">
     <span class='ocr_line' id='line_1_71' title="bbox 458 4288 2038 4359; baseline 0.001 -14"><span class='ocrx_word' id='word_1_488' title='bbox 458 4288 823 4359; x_wconf 80' lang='lat' dir='ltr'><strong>expedivisse,</strong></span> <span class='ocrx_word' id='word_1_489' title='bbox 876 4304 939 4342; x_wconf 90' lang='lat' dir='ltr'><strong>ac</strong></span> <span class='ocrx_word' id='word_1_490' title='bbox 995 4304 1335 4343; x_wconf 88' lang='lat' dir='ltr'><strong>summarqu</strong></span> <span class='ocrx_word' id='word_1_491' title='bbox 1386 4290 1759 4358; x_wconf 81' lang='lat' dir='ltr'><strong>angustiarum</strong></span> <span class='ocrx_word' id='word_1_492' title='bbox 1793 4292 2038 4346; x_wconf 80' lang='lat' dir='ltr'><strong>solamen</strong></span> 
     </span>
    </p>
   </div>
   <div class='ocr_carea' id='block_1_72' title="bbox 459 4380 2038 4452">
    <p class='ocr_par' dir='ltr' id='par_1_72' title="bbox 459 4380 2038 4452">
     <span class='ocr_line' id='line_1_72' title="bbox 459 4380 2038 4452; baseline 0.001 -18"><span class='ocrx_word' id='word_1_493' title='bbox 459 4382 781 4436; x_wconf 80' lang='lat' dir='ltr'><strong>obtinuisse.</strong></span> <span class='ocrx_word' id='word_1_494' title='bbox 825 4380 927 4435; x_wconf 87' lang='lat' dir='ltr'><strong>Sed</strong></span> <span class='ocrx_word' id='word_1_495' title='bbox 968 4389 1164 4449; x_wconf 65' lang='lat' dir='ltr'><strong>praeter</strong></span> <span class='ocrx_word' id='word_1_496' title='bbox 1222 4382 1356 4443; x_wconf 68' lang='lat' dir='ltr'><strong>hazc,</strong></span> <span class='ocrx_word' id='word_1_497' title='bbox 1392 4380 1503 4435; x_wconf 90' lang='lat' dir='ltr'><strong>imo</strong></span> <span class='ocrx_word' id='word_1_498' title='bbox 1530 4396 1661 4435; x_wconf 83' lang='lat' dir='ltr'><strong>vero</strong></span> <span class='ocrx_word' id='word_1_499' title='bbox 1710 4383 1763 4434; x_wconf 90' lang='lat' dir='ltr'><strong>in</strong></span> <span class='ocrx_word' id='word_1_500' title='bbox 1822 4384 2038 4452; x_wconf 86' lang='lat' dir='ltr'><strong>primis,</strong></span> 
     </span>
    </p>
   </div>
   <div class='ocr_carea' id='block_1_73' title="bbox 460 4472 2035 4542">
    <p class='ocr_par' dir='ltr' id='par_1_73' title="bbox 460 4472 2035 4542">
     <span class='ocr_line' id='line_1_73' title="bbox 460 4472 2035 4542; baseline -0.002 -13"><span class='ocrx_word' id='word_1_501' title='bbox 460 4492 584 4530; x_wconf 88' lang='lat' dir='ltr'><strong>cum</strong></span> <span class='ocrx_word' id='word_1_502' title='bbox 616 4475 835 4536; x_wconf 71' lang='lat' dir='ltr'><strong>videris,</strong></span> <span class='ocrx_word' id='word_1_503' title='bbox 869 4474 1041 4537; x_wconf 89' lang='lat' dir='ltr'><strong>aiunt,</strong></span> <span class='ocrx_word' id='word_1_504' title='bbox 1084 4472 1419 4542; x_wconf 87' lang='lat' dir='ltr'><strong>paupertatis</strong></span> <span class='ocrx_word' id='word_1_505' title='bbox 1458 4472 1743 4542; x_wconf 71' lang='lat' dir='ltr'><strong>praemium</strong></span> <span class='ocrx_word' id='word_1_506' title='bbox 1794 4475 2035 4540; x_wconf 77' lang='lat' dir='ltr'><strong>divitias,</strong></span> 
     </span>
    </p>
   </div>
   <div class='ocr_carea' id='block_1_74' title="bbox 2146 3267 3727 3342">
    <p class='ocr_par' dir='ltr' id='par_1_74' title="bbox 2146 3267 3727 3342">
     <span class='ocr_line' id='line_1_74' title="bbox 2146 3267 3727 3342; baseline -0.005 -15"><span class='ocrx_word' id='word_1_507' title='bbox 2146 3274 2361 3339; x_wconf 86' lang='grc' dir='ltr'>ἁπλῶς,</span> <span class='ocrx_word' id='word_1_508' title='bbox 2412 3272 2547 3325; x_wconf 70' lang='grc' dir='ltr'>ἀλλὰ</span> <span class='ocrx_word' id='word_1_509' title='bbox 2577 3273 2636 3325; x_wconf 76' lang='grc' dir='ltr'>τὸ</span> <span class='ocrx_word' id='word_1_510' title='bbox 2671 3273 2745 3342; x_wconf 80' lang='grc' dir='ltr'>μὴ</span> <span class='ocrx_word' id='word_1_511' title='bbox 2793 3272 3005 3334; x_wconf 82' lang='grc' dir='ltr'>τούτοις</span> <span class='ocrx_word' id='word_1_512' title='bbox 3036 3271 3259 3341; x_wconf 77' lang='grc' dir='ltr'>ἔχεσθαι</span> <span class='ocrx_word' id='word_1_513' title='bbox 3298 3271 3396 3323; x_wconf 75' lang='grc' dir='ltr'>καὶ</span> <span class='ocrx_word' id='word_1_514' title='bbox 3439 3267 3727 3340; x_wconf 77' lang='grc' dir='ltr'>προσηλῶο</span> 
     </span>
    </p>
   </div>
   <div class='ocr_carea' id='block_1_75' title="bbox 2144 3360 3726 3433">
    <p class='ocr_par' dir='ltr' id='par_1_75' title="bbox 2144 3360 3726 3433">
     <span class='ocr_line' id='line_1_75' title="bbox 2144 3360 3726 3433; baseline -0.004 -15"><span class='ocrx_word' id='word_1_515' title='bbox 2144 3366 2289 3427; x_wconf 79' lang='grc' dir='ltr'>σθαι,</span> <span class='ocrx_word' id='word_1_516' title='bbox 2337 3365 2435 3418; x_wconf 73' lang='grc' dir='ltr'><strong>καὶ</strong></span> <span class='ocrx_word' id='word_1_517' title='bbox 2464 3363 2553 3416; x_wconf 80' lang='grc' dir='ltr'><strong>διὰ</strong></span> <span class='ocrx_word' id='word_1_518' title='bbox 2584 3364 2681 3433; x_wconf 83' lang='grc' dir='ltr'>τῆς</span> <span class='ocrx_word' id='word_1_519' title='bbox 2714 3362 2932 3431; x_wconf 83' lang='grc' dir='ltr'>ἐντολῆς</span> <span class='ocrx_word' id='word_1_520' title='bbox 2963 3362 3169 3431; x_wconf 85' lang='grc' dir='ltr'>ταύτης</span> <span class='ocrx_word' id='word_1_521' title='bbox 3208 3360 3446 3414; x_wconf 89' lang='grc' dir='ltr'>κωλύει·</span> <span class='ocrx_word' id='word_1_522' title='bbox 3478 3360 3601 3413; x_wconf 76' lang='grc' dir='ltr'>ἐπεὶ</span> <span class='ocrx_word' id='word_1_523' title='bbox 3633 3361 3726 3413; x_wconf 76' lang='grc' dir='ltr'>καὶ</span> 
     </span>
    </p>
   </div>
   <div class='ocr_carea' id='block_1_76' title="bbox 2141 3452 3723 3528">
    <p class='ocr_par' dir='ltr' id='par_1_76' title="bbox 2141 3452 3723 3528">
     <span class='ocr_line' id='line_1_76' title="bbox 2141 3452 3723 3528; baseline -0.005 -15"><span class='ocrx_word' id='word_1_524' title='bbox 2141 3460 2326 3523; x_wconf 72' lang='grc' dir='ltr'>αὐτὸς,</span> <span class='ocrx_word' id='word_1_525' title='bbox 2369 3459 2559 3528; x_wconf 84' lang='grc' dir='ltr'>ὥσπερ</span> <span class='ocrx_word' id='word_1_526' title='bbox 2616 3456 2849 3526; x_wconf 71' lang='grc' dir='ltr'>ἔφημεν,</span> <span class='ocrx_word' id='word_1_527' title='bbox 2886 3452 3031 3525; x_wconf 75' lang='grc' dir='ltr'>εἶχεν</span> <span class='ocrx_word' id='word_1_528' title='bbox 3064 3456 3163 3508; x_wconf 78' lang='grc' dir='ltr'><strong>οὐκ</strong></span> <span class='ocrx_word' id='word_1_529' title='bbox 3188 3454 3360 3525; x_wconf 78' lang='grc' dir='ltr'>ἔχων·</span> <span class='ocrx_word' id='word_1_530' title='bbox 3400 3454 3589 3507; x_wconf 73' lang='grc' dir='ltr'>ἕνεκεν</span> <span class='ocrx_word' id='word_1_531' title='bbox 3616 3454 3723 3522; x_wconf 73' lang='grc' dir='ltr'><strong>γὰρ</strong></span> 
     </span>
    </p>
   </div>
   <div class='ocr_carea' id='block_1_77' title="bbox 2140 3545 3721 3621">
    <p class='ocr_par' dir='ltr' id='par_1_77' title="bbox 2140 3545 3721 3621">
     <span class='ocr_line' id='line_1_77' title="bbox 2140 3545 3721 3621; baseline -0.007 -14"><span class='ocrx_word' id='word_1_532' title='bbox 2140 3552 2250 3607; x_wconf 89' lang='grc' dir='ltr'>τῶν</span> <span class='ocrx_word' id='word_1_533' title='bbox 2277 3551 2572 3621; x_wconf 79' lang='grc' dir='ltr'>δεομένων,</span> <span class='ocrx_word' id='word_1_534' title='bbox 2607 3552 2702 3603; x_wconf 76' lang='grc' dir='ltr'>καὶ</span> <span class='ocrx_word' id='word_1_535' title='bbox 2753 3548 3101 3619; x_wconf 79' lang='grc' dir='ltr'>παραμύθιον</span> <span class='ocrx_word' id='word_1_536' title='bbox 3148 3548 3256 3600; x_wconf 86' lang='grc' dir='ltr'>τῶν</span> <span class='ocrx_word' id='word_1_537' title='bbox 3301 3545 3721 3617; x_wconf 80' lang='grc' dir='ltr'>ἀπορουμένων,</span> 
     </span>
    </p>
   </div>
   <div class='ocr_carea' id='block_1_78' title="bbox 2141 3638 3724 3715">
    <p class='ocr_par' dir='ltr' id='par_1_78' title="bbox 2141 3638 3724 3715">
     <span class='ocr_line' id='line_1_78' title="bbox 2141 3638 3724 3715; baseline -0.006 -17"><span class='ocrx_word' id='word_1_538' title='bbox 2141 3647 2235 3700; x_wconf 70' lang='grc' dir='ltr'><strong>καὶ</strong></span> <span class='ocrx_word' id='word_1_539' title='bbox 2266 3647 2367 3715; x_wconf 81' lang='grc' dir='ltr'>τῆς</span> <span class='ocrx_word' id='word_1_540' title='bbox 2393 3643 2642 3714; x_wconf 77' lang='grc' dir='ltr'>ἀνάγκης</span> <span class='ocrx_word' id='word_1_541' title='bbox 2671 3644 3025 3713; x_wconf 72' lang='grc' dir='ltr'>ἀποστροφήν</span> <span class='ocrx_word' id='word_1_542' title='bbox 3056 3658 3179 3694; x_wconf 88' lang='grc' dir='ltr'>τινα</span> <span class='ocrx_word' id='word_1_543' title='bbox 3202 3640 3297 3693; x_wconf 72' lang='grc' dir='ltr'><strong>καὶ</strong></span> <span class='ocrx_word' id='word_1_544' title='bbox 3326 3638 3724 3708; x_wconf 85' lang='grc' dir='ltr'>λύσιν.”Ωσπερ</span> 
     </span>
    </p>
   </div>
   <div class='ocr_carea' id='block_1_79' title="bbox 2140 3732 3722 3805">
    <p class='ocr_par' dir='ltr' id='par_1_79' title="bbox 2140 3732 3722 3805">
     <span class='ocr_line' id='line_1_79' title="bbox 2140 3732 3722 3805; baseline -0.006 -13"><span class='ocrx_word' id='word_1_545' title='bbox 2140 3736 2235 3793; x_wconf 74' lang='grc' dir='ltr'><strong>οὖν</strong></span> <span class='ocrx_word' id='word_1_546' title='bbox 2280 3738 2382 3792; x_wconf 78' lang='grc' dir='ltr'><strong>οὐκ</strong></span> <span class='ocrx_word' id='word_1_547' title='bbox 2428 3738 2670 3791; x_wconf 87' lang='grc' dir='ltr'>ἐναντίον</span> <span class='ocrx_word' id='word_1_548' title='bbox 2722 3736 2887 3789; x_wconf 79' lang='grc' dir='ltr'>αὑτὸν</span> <span class='ocrx_word' id='word_1_549' title='bbox 2924 3735 3024 3805; x_wconf 83' lang='grc' dir='ltr'>μὲν</span> <span class='ocrx_word' id='word_1_550' title='bbox 3072 3733 3461 3802; x_wconf 81' lang='grc' dir='ltr'>γλωσσόκομον</span> <span class='ocrx_word' id='word_1_551' title='bbox 3511 3732 3722 3802; x_wconf 75' lang='grc' dir='ltr'>φέρειν,</span> 
     </span>
    </p>
   </div>
   <div class='ocr_carea' id='block_1_80' title="bbox 2141 3822 3719 3899">
    <p class='ocr_par' dir='ltr' id='par_1_80' title="bbox 2141 3822 3719 3899">
     <span class='ocr_line' id='line_1_80' title="bbox 2141 3822 3719 3899; baseline -0.006 -16"><span class='ocrx_word' id='word_1_552' title='bbox 2141 3831 2385 3893; x_wconf 85' lang='grc' dir='ltr'>ἐκείνους</span> <span class='ocrx_word' id='word_1_553' title='bbox 2415 3828 2473 3881; x_wconf 86' lang='grc' dir='ltr'><strong>δέ</strong></span> <span class='ocrx_word' id='word_1_554' title='bbox 2524 3828 2689 3899; x_wconf 80' lang='grc' dir='ltr'>μηδὲν</span> <span class='ocrx_word' id='word_1_555' title='bbox 2724 3826 3106 3897; x_wconf 82' lang='grc' dir='ltr'>συνεπιφέρειν</span> <span class='ocrx_word' id='word_1_556' title='bbox 3136 3825 3273 3887; x_wconf 87' lang='grc' dir='ltr'>δλως</span> <span class='ocrx_word' id='word_1_557' title='bbox 3325 3822 3719 3894; x_wconf 84' lang='grc' dir='ltr'>ἀπαγορεύειν,</span> 
     </span>
    </p>
   </div>
   <div class='ocr_carea' id='block_1_81' title="bbox 2140 3915 3723 3986">
    <p class='ocr_par' dir='ltr' id='par_1_81' title="bbox 2140 3915 3723 3986">
     <span class='ocr_line' id='line_1_81' title="bbox 2140 3915 3723 3986; baseline -0.006 -11"><span class='ocrx_word' id='word_1_558' title='bbox 2140 3923 2313 3986; x_wconf 71' lang='grc' dir='ltr'>οὕτως</span> <span class='ocrx_word' id='word_1_559' title='bbox 2363 3922 2463 3973; x_wconf 77' lang='grc' dir='ltr'>οὐκ</span> <span class='ocrx_word' id='word_1_560' title='bbox 2501 3920 2648 3972; x_wconf 78' lang='grc' dir='ltr'>ἐστιν</span> <span class='ocrx_word' id='word_1_561' title='bbox 2701 3918 2944 3971; x_wconf 87' lang='grc' dir='ltr'>ἐναντίον</span> <span class='ocrx_word' id='word_1_562' title='bbox 2992 3916 3114 3969; x_wconf 79' lang='grc' dir='ltr'>οὐδὲ</span> <span class='ocrx_word' id='word_1_563' title='bbox 3164 3915 3330 3969; x_wconf 86' lang='grc' dir='ltr'>πάλαι</span> <span class='ocrx_word' id='word_1_564' title='bbox 3379 3916 3476 3985; x_wconf 88' lang='grc' dir='ltr'>μέν</span> <span class='ocrx_word' id='word_1_565' title='bbox 3523 3915 3723 3979; x_wconf 77' lang='grc' dir='ltr'>αὐτοὺς</span> 
     </span>
    </p>
   </div>
   <div class='ocr_carea' id='block_1_82' title="bbox 2141 4008 3723 4086">
    <p class='ocr_par' dir='ltr' id='par_1_82' title="bbox 2141 4008 3723 4086">
     <span class='ocr_line' id='line_1_82' title="bbox 2141 4008 3723 4086; baseline -0.005 -18"><span class='ocrx_word' id='word_1_566' title='bbox 2141 4016 2279 4086; x_wconf 77' lang='grc' dir='ltr'>πρὸς</span> <span class='ocrx_word' id='word_1_567' title='bbox 2316 4014 2377 4067; x_wconf 80' lang='grc' dir='ltr'>τὸ</span> <span class='ocrx_word' id='word_1_568' title='bbox 2400 4013 2501 4083; x_wconf 82' lang='grc' dir='ltr'>τῆς</span> <span class='ocrx_word' id='word_1_569' title='bbox 2530 4013 2670 4081; x_wconf 81' lang='grc' dir='ltr'>ἀκτη</span> <span class='ocrx_word' id='word_1_570' title='bbox 2681 4011 2918 4081; x_wconf 89' lang='grc' dir='ltr'>μοσύνης</span> <span class='ocrx_word' id='word_1_571' title='bbox 2947 4009 3120 4080; x_wconf 85' lang='grc' dir='ltr'>τραχύ</span> <span class='ocrx_word' id='word_1_572' title='bbox 3146 4027 3205 4062; x_wconf 85' lang='grc' dir='ltr'>τε</span> <span class='ocrx_word' id='word_1_573' title='bbox 3236 4010 3329 4063; x_wconf 80' lang='grc' dir='ltr'><strong>καὶ</strong></span> <span class='ocrx_word' id='word_1_574' title='bbox 3358 4008 3723 4079; x_wconf 83' lang='grc' dir='ltr'>δυσπρόσοδον</span> 
     </span>
    </p>
   </div>
   <div class='ocr_carea' id='block_1_83' title="bbox 2143 4100 3723 4175">
    <p class='ocr_par' dir='ltr' id='par_1_83' title="bbox 2143 4100 3723 4175">
     <span class='ocr_line' id='line_1_83' title="bbox 2143 4100 3723 4175; baseline -0.005 -17"><span class='ocrx_word' id='word_1_575' title='bbox 2143 4106 2489 4175; x_wconf 76' lang='grc' dir='ltr'>ἀνατρέχειν,</span> <span class='ocrx_word' id='word_1_576' title='bbox 2524 4103 2748 4170; x_wconf 78' lang='grc' dir='ltr'>ὕστερον</span> <span class='ocrx_word' id='word_1_577' title='bbox 2774 4102 2828 4155; x_wconf 80' lang='grc' dir='ltr'><strong>δέ</strong></span> <span class='ocrx_word' id='word_1_578' title='bbox 2862 4104 2955 4154; x_wconf 71' lang='grc' dir='ltr'><strong>καὶ</strong></span> <span class='ocrx_word' id='word_1_579' title='bbox 2987 4105 3052 4171; x_wconf 79' lang='grc' dir='ltr'><strong>τῇ</strong></span> <span class='ocrx_word' id='word_1_580' title='bbox 3088 4101 3390 4170; x_wconf 80' lang='grc' dir='ltr'>συμμέτρῳ</span> <span class='ocrx_word' id='word_1_581' title='bbox 3418 4100 3529 4151; x_wconf 83' lang='grc' dir='ltr'><strong>τῶν</strong></span> <span class='ocrx_word' id='word_1_582' title='bbox 3556 4100 3723 4165; x_wconf 80' lang='grc' dir='ltr'>ἀναγ-</span> 
     </span>
    </p>
   </div>
   <div class='ocr_carea' id='block_1_84' title="bbox 2142 4187 3722 4261">
    <p class='ocr_par' dir='ltr' id='par_1_84' title="bbox 2142 4187 3722 4261">
     <span class='ocr_line' id='line_1_84' title="bbox 2142 4187 3722 4261; baseline -0.008 -12"><span class='ocrx_word' id='word_1_583' title='bbox 2142 4197 2312 4250; x_wconf 85' lang='grc' dir='ltr'>καίων</span> <span class='ocrx_word' id='word_1_584' title='bbox 2358 4196 2548 4261; x_wconf 81' lang='grc' dir='ltr'>κτήσει</span> <span class='ocrx_word' id='word_1_585' title='bbox 2579 4193 2690 4245; x_wconf 85' lang='grc' dir='ltr'>τῶν</span> <span class='ocrx_word' id='word_1_586' title='bbox 2722 4190 2931 4244; x_wconf 82' lang='grc' dir='ltr'>πολλῶν</span> <span class='ocrx_word' id='word_1_587' title='bbox 2964 4189 3210 4242; x_wconf 87' lang='grc' dir='ltr'>ἀνίεσθαι</span> <span class='ocrx_word' id='word_1_588' title='bbox 3249 4188 3446 4251; x_wconf 88' lang='grc' dir='ltr'>πόνων,</span> <span class='ocrx_word' id='word_1_589' title='bbox 3490 4187 3585 4240; x_wconf 77' lang='grc' dir='ltr'>καὶ</span> <span class='ocrx_word' id='word_1_590' title='bbox 3622 4187 3722 4254; x_wconf 76' lang='grc' dir='ltr'><strong>τῆς</strong></span> 
     </span>
    </p>
   </div>
   <div class='ocr_carea' id='block_1_85' title="bbox 2142 4277 3721 4354">
    <p class='ocr_par' dir='ltr' id='par_1_85' title="bbox 2142 4277 3721 4354">
     <span class='ocr_line' id='line_1_85' title="bbox 2142 4277 3721 4354; baseline -0.005 -16"><span class='ocrx_word' id='word_1_591' title='bbox 2142 4288 2381 4354; x_wconf 84' lang='grc' dir='ltr'>ἐσχάτης</span> <span class='ocrx_word' id='word_1_592' title='bbox 2410 4282 2555 4352; x_wconf 78' lang='grc' dir='ltr'>ἔχειν</span> <span class='ocrx_word' id='word_1_593' title='bbox 2588 4280 2935 4352; x_wconf 81' lang='grc' dir='ltr'>παραμύθιον</span> <span class='ocrx_word' id='word_1_594' title='bbox 2981 4278 3366 4349; x_wconf 74' lang='grc' dir='ltr'>στενοχωρίας.</span> <span class='ocrx_word' id='word_1_595' title='bbox 3422 4277 3582 4330; x_wconf 77' lang='grc' dir='ltr'>Ἀλλά</span> <span class='ocrx_word' id='word_1_596' title='bbox 3613 4278 3721 4347; x_wconf 84' lang='grc' dir='ltr'>γὰρ</span> 
     </span>
    </p>
   </div>
   <div class='ocr_carea' id='block_1_86' title="bbox 2141 4370 3717 4447">
    <p class='ocr_par' dir='ltr' id='par_1_86' title="bbox 2141 4370 3717 4447">
     <span class='ocr_line' id='line_1_86' title="bbox 2141 4370 3717 4447; baseline -0.006 -17"><span class='ocrx_word' id='word_1_597' title='bbox 2141 4380 2236 4430; x_wconf 69' lang='grc' dir='ltr'><strong>καὶ</strong></span> <span class='ocrx_word' id='word_1_598' title='bbox 2282 4378 2418 4447; x_wconf 77' lang='grc' dir='ltr'>πρὸς</span> <span class='ocrx_word' id='word_1_599' title='bbox 2462 4374 2695 4439; x_wconf 84' lang='grc' dir='ltr'>τούτοις,</span> <span class='ocrx_word' id='word_1_600' title='bbox 2747 4373 2948 4443; x_wconf 85' lang='grc' dir='ltr'>μᾶλλον</span> <span class='ocrx_word' id='word_1_601' title='bbox 2993 4372 3049 4424; x_wconf 83' lang='grc' dir='ltr'>δὲ</span> <span class='ocrx_word' id='word_1_602' title='bbox 3085 4372 3192 4442; x_wconf 86' lang='grc' dir='ltr'><strong>πρὸ</strong></span> <span class='ocrx_word' id='word_1_603' title='bbox 3226 4371 3335 4422; x_wconf 88' lang='grc' dir='ltr'><strong>τῶν</strong></span> <span class='ocrx_word' id='word_1_604' title='bbox 3387 4370 3717 4440; x_wconf 73' lang='grc' dir='ltr'>εἰρημένων,</span> 
     </span>
    </p>
   </div>
   <div class='ocr_carea' id='block_1_87' title="bbox 2142 4457 3718 4540">
    <p class='ocr_par' dir='ltr' id='par_1_87' title="bbox 2142 4457 3718 4540">
     <span class='ocr_line' id='line_1_87' title="bbox 2142 4457 3718 4540; baseline -0.007 -18"><span class='ocrx_word' id='word_1_605' title='bbox 2142 4470 2268 4523; x_wconf 80' lang='grc' dir='ltr'>ὅταν</span> <span class='ocrx_word' id='word_1_606' title='bbox 2312 4469 2447 4540; x_wconf 77' lang='grc' dir='ltr'>ἴδῃς,</span> <span class='ocrx_word' id='word_1_607' title='bbox 2479 4467 2633 4536; x_wconf 68' lang='grc' dir='ltr'>φασὶ,</span> <span class='ocrx_word' id='word_1_608' title='bbox 2666 4466 2764 4535; x_wconf 86' lang='grc' dir='ltr'>τῆς</span> <span class='ocrx_word' id='word_1_609' title='bbox 2799 4462 3189 4533; x_wconf 86' lang='grc' dir='ltr'>ἁκτημοσύνης</span> <span class='ocrx_word' id='word_1_610' title='bbox 3235 4457 3398 4515; x_wconf 86' lang='grc' dir='ltr'>ἆθλον</span> <span class='ocrx_word' id='word_1_611' title='bbox 3432 4462 3522 4513; x_wconf 75' lang='grc' dir='ltr'><strong>τὸν</strong></span> <span class='ocrx_word' id='word_1_612' title='bbox 3549 4460 3718 4513; x_wconf 80' lang='grc' dir='ltr'>πλοῦ-</span> 
     </span>
    </p>
   </div>
   <div class='ocr_carea' id='block_1_88' title="bbox 460 4552 2040 4637">
    <p class='ocr_par' dir='ltr' id='par_1_88' title="bbox 460 4565 2032 4637">
     <span class='ocr_line' id='line_1_88' title="bbox 460 4565 2032 4637; baseline 0.001 -17"><span class='ocrx_word' id='word_1_613' title='bbox 460 4577 573 4621; x_wconf 89' lang='lat' dir='ltr'><strong>tum</strong></span> <span class='ocrx_word' id='word_1_614' title='bbox 604 4568 822 4621; x_wconf 88' lang='lat' dir='ltr'><strong>demum</strong></span> <span class='ocrx_word' id='word_1_615' title='bbox 873 4566 1162 4637; x_wconf 82' lang='lat' dir='ltr'><strong>c0gitaudo</strong></span> <span class='ocrx_word' id='word_1_616' title='bbox 1199 4565 1401 4620; x_wconf 89' lang='lat' dir='ltr'><strong>clarius</strong></span> <span class='ocrx_word' id='word_1_617' title='bbox 1451 4565 1719 4634; x_wconf 82' lang='lat' dir='ltr'><strong>intelliges</strong></span> <span class='ocrx_word' id='word_1_618' title='bbox 1763 4582 1872 4621; x_wconf 93' lang='lat' dir='ltr'><strong>non</strong></span> <span class='ocrx_word' id='word_1_619' title='bbox 1910 4584 2032 4622; x_wconf 84' lang='lat' dir='ltr'><strong>esse</strong></span> 
     </span>
    </p>
   </div>
   <div class='ocr_carea' id='block_1_89' title="bbox 2146 4552 3720 4637">
    <p class='ocr_par' dir='ltr' id='par_1_89' title="bbox 2146 4552 3720 4630">
     <span class='ocr_line' id='line_1_89' title="bbox 2146 4552 3720 4630; baseline -0.006 -16"><span class='ocrx_word' id='word_1_620' title='bbox 2146 4580 2250 4625; x_wconf 88' lang='grc' dir='ltr'>τον,</span> <span class='ocrx_word' id='word_1_621' title='bbox 2280 4562 2615 4630; x_wconf 75' lang='grc' dir='ltr'>σαφέστερον</span> <span class='ocrx_word' id='word_1_622' title='bbox 2657 4557 2722 4611; x_wconf 82' lang='grc' dir='ltr'>διν</span> <span class='ocrx_word' id='word_1_623' title='bbox 2752 4558 3055 4624; x_wconf 76' lang='grc' dir='ltr'>ἐπιστήσας</span> <span class='ocrx_word' id='word_1_624' title='bbox 3088 4555 3296 4625; x_wconf 81' lang='grc' dir='ltr'>συνήσῃ</span> <span class='ocrx_word' id='word_1_625' title='bbox 3322 4552 3397 4616; x_wconf 82' lang='grc' dir='ltr'>ὡς</span> <span class='ocrx_word' id='word_1_626' title='bbox 3444 4553 3544 4606; x_wconf 83' lang='grc' dir='ltr'><strong>οὐκ</strong></span> <span class='ocrx_word' id='word_1_627' title='bbox 3574 4552 3720 4605; x_wconf 76' lang='grc' dir='ltr'>ἐστιν</span> 
     </span>
    </p>
   </div>
   <div class='ocr_carea' id='block_1_90' title="bbox 458 4660 2040 4730">
    <p class='ocr_par' dir='ltr' id='par_1_90' title="bbox 458 4660 2040 4730">
     <span class='ocr_line' id='line_1_90' title="bbox 458 4660 2040 4730; baseline -0.002 -13"><span class='ocrx_word' id='word_1_628' title='bbox 458 4663 574 4717; x_wconf 67' lang='lat' dir='ltr'><strong>hanc</strong></span> <span class='ocrx_word' id='word_1_629' title='bbox 605 4663 837 4716; x_wconf 82' lang='lat' dir='ltr'><strong>imicem</strong></span> <span class='ocrx_word' id='word_1_630' title='bbox 889 4660 1278 4730; x_wconf 88' lang='lat' dir='ltr'><strong>peremptoria,</strong></span> <span class='ocrx_word' id='word_1_631' title='bbox 1332 4675 1508 4728; x_wconf 88' lang='lat' dir='ltr'><strong>neque</strong></span> <span class='ocrx_word' id='word_1_632' title='bbox 1547 4675 1789 4728; x_wconf 86' lang='lat' dir='ltr'><strong>pugnare</strong></span> <span class='ocrx_word' id='word_1_633' title='bbox 1816 4662 2040 4714; x_wconf 86' lang='lat' dir='ltr'><strong>manda-</strong></span> 
     </span>
    </p>
   </div>
   <div class='ocr_carea' id='block_1_91' title="bbox 460 4747 2035 4822">
    <p class='ocr_par' dir='ltr' id='par_1_91' title="bbox 460 4747 2035 4822">
     <span class='ocr_line' id='line_1_91' title="bbox 460 4747 2035 4822; baseline -0.001 -14"><span class='ocrx_word' id='word_1_634' title='bbox 460 4767 571 4809; x_wconf 93' lang='lat' dir='ltr'><strong>tum</strong></span> <span class='ocrx_word' id='word_1_635' title='bbox 597 4771 703 4810; x_wconf 93' lang='lat' dir='ltr'><strong>non</strong></span> <span class='ocrx_word' id='word_1_636' title='bbox 730 4755 1042 4822; x_wconf 83' lang='lat' dir='ltr'><strong>possidendi</strong></span> <span class='ocrx_word' id='word_1_637' title='bbox 1082 4770 1204 4807; x_wconf 90' lang='lat' dir='ltr'><strong>cum</strong></span> <span class='ocrx_word' id='word_1_638' title='bbox 1261 4753 1354 4807; x_wconf 91' lang='lat' dir='ltr'><strong>illo</strong></span> <span class='ocrx_word' id='word_1_639' title='bbox 1383 4752 1526 4821; x_wconf 87' lang='lat' dir='ltr'><strong>quod</strong></span> <span class='ocrx_word' id='word_1_640' title='bbox 1561 4747 1681 4821; x_wconf 86' lang='lat' dir='ltr'><strong>ejus</strong></span> <span class='ocrx_word' id='word_1_641' title='bbox 1716 4753 1792 4806; x_wconf 88' lang='lat' dir='ltr'><strong>rei</strong></span> <span class='ocrx_word' id='word_1_642' title='bbox 1825 4754 2035 4822; x_wconf 87' lang='lat' dir='ltr'><strong>copiam</strong></span> 
     </span>
    </p>
   </div>
   <div class='ocr_carea' id='block_1_92' title="bbox 459 4838 2039 4914">
    <p class='ocr_par' dir='ltr' id='par_1_92' title="bbox 459 4838 2039 4914">
     <span class='ocr_line' id='line_1_92' title="bbox 459 4838 2039 4914; baseline -0.002 -15"><span class='ocrx_word' id='word_1_643' title='bbox 459 4846 633 4900; x_wconf 81' lang='lat' dir='ltr'><strong>facit:</strong></span> <span class='ocrx_word' id='word_1_644' title='bbox 698 4846 995 4901; x_wconf 90' lang='lat' dir='ltr'><strong>dummodo</strong></span> <span class='ocrx_word' id='word_1_645' title='bbox 1051 4846 1202 4914; x_wconf 89' lang='lat' dir='ltr'><strong>prius</strong></span> <span class='ocrx_word' id='word_1_646' title='bbox 1258 4844 1391 4897; x_wconf 93' lang='lat' dir='ltr'><strong>illud</strong></span> <span class='ocrx_word' id='word_1_647' title='bbox 1435 4843 1502 4897; x_wconf 88' lang='lat' dir='ltr'><strong>de</strong></span> <span class='ocrx_word' id='word_1_648' title='bbox 1536 4838 1759 4897; x_wconf 85' lang='lat' dir='ltr'><strong>homine</strong></span> <span class='ocrx_word' id='word_1_649' title='bbox 1814 4843 2039 4910; x_wconf 85' lang='lat' dir='ltr'><strong>pecunia</strong></span> 
     </span>
    </p>
   </div>
   <div class='ocr_carea' id='block_1_93' title="bbox 459 4937 2038 5007">
    <p class='ocr_par' dir='ltr' id='par_1_93' title="bbox 459 4937 2038 5007">
     <span class='ocr_line' id='line_1_93' title="bbox 459 4937 2038 5007; baseline 0.001 -20"><span class='ocrx_word' id='word_1_650' title='bbox 459 4938 764 5007; x_wconf 81' lang='lat' dir='ltr'><strong>perturbari</strong></span> <span class='ocrx_word' id='word_1_651' title='bbox 821 4939 982 4993; x_wconf 88' lang='lat' dir='ltr'><strong>solito</strong></span> <span class='ocrx_word' id='word_1_652' title='bbox 1036 4937 1241 4990; x_wconf 89' lang='lat' dir='ltr'><strong>dictum</strong></span> <span class='ocrx_word' id='word_1_653' title='bbox 1290 4945 1485 5007; x_wconf 89' lang='lat' dir='ltr'><strong>putes;</strong></span> <span class='ocrx_word' id='word_1_654' title='bbox 1536 4938 1815 5006; x_wconf 87' lang='lat' dir='ltr'><strong>possessio</strong></span> <span class='ocrx_word' id='word_1_655' title='bbox 1854 4948 2038 4991; x_wconf 89' lang='lat' dir='ltr'><strong>autem</strong></span> 
     </span>
    </p>
   </div>
   <div class='ocr_carea' id='block_1_94' title="bbox 460 5025 2037 5095">
    <p class='ocr_par' dir='ltr' id='par_1_94' title="bbox 460 5025 2037 5095">
     <span class='ocr_line' id='line_1_94' title="bbox 460 5025 2037 5095; baseline -0.002 -15"><span class='ocrx_word' id='word_1_656' title='bbox 460 5028 537 5080; x_wconf 88' lang='lat' dir='ltr'><strong>rei</strong></span> <span class='ocrx_word' id='word_1_657' title='bbox 573 5027 857 5083; x_wconf 81' lang='lat' dir='ltr'><strong>familiaris</strong></span> <span class='ocrx_word' id='word_1_658' title='bbox 896 5043 1129 5081; x_wconf 80' lang='lat' dir='ltr'><strong>vacuum</strong></span> <span class='ocrx_word' id='word_1_659' title='bbox 1180 5035 1231 5081; x_wconf 93' lang='lat' dir='ltr'><strong>te</strong></span> <span class='ocrx_word' id='word_1_660' title='bbox 1284 5025 1698 5095; x_wconf 76' lang='lat' dir='ltr'><strong>perturbatione</strong></span> <span class='ocrx_word' id='word_1_661' title='bbox 1747 5026 2037 5095; x_wconf 89' lang='lat' dir='ltr'><strong>relinquat.</strong></span> 
     </span>
    </p>
   </div>
   <div class='ocr_carea' id='block_1_95' title="bbox 464 5116 2042 5186">
    <p class='ocr_par' dir='ltr' id='par_1_95' title="bbox 464 5116 2042 5186">
     <span class='ocr_line' id='line_1_95' title="bbox 464 5116 2042 5186; baseline 0.001 -19"><span class='ocrx_word' id='word_1_662' title='bbox 464 5118 750 5186; x_wconf 85' lang='lat' dir='ltr'><strong>Quomodo</strong></span> <span class='ocrx_word' id='word_1_663' title='bbox 809 5118 956 5172; x_wconf 84' lang='lat' dir='ltr'><strong>enim</strong></span> <span class='ocrx_word' id='word_1_664' title='bbox 1007 5116 1205 5170; x_wconf 90' lang='lat' dir='ltr'><strong>mentis</strong></span> <span class='ocrx_word' id='word_1_665' title='bbox 1249 5116 1547 5169; x_wconf 89' lang='lat' dir='ltr'><strong>liberalitas</strong></span> <span class='ocrx_word' id='word_1_666' title='bbox 1602 5124 1656 5169; x_wconf 90' lang='lat' dir='ltr'><strong>et</strong></span> <span class='ocrx_word' id='word_1_667' title='bbox 1706 5116 2042 5182; x_wconf 75' lang='lat' dir='ltr'><strong>paupertatis</strong></span> 
     </span>
    </p>
   </div>
   <div class='ocr_carea' id='block_1_96' title="bbox 462 5209 2043 5280">
    <p class='ocr_par' dir='ltr' id='par_1_96' title="bbox 462 5209 2043 5280">
     <span class='ocr_line' id='line_1_96' title="bbox 462 5209 2043 5280; baseline -0.004 -13"><span class='ocrx_word' id='word_1_668' title='bbox 462 5212 696 5267; x_wconf 87' lang='lat' dir='ltr'><strong>sublime</strong></span> <span class='ocrx_word' id='word_1_669' title='bbox 724 5212 964 5266; x_wconf 88' lang='lat' dir='ltr'><strong>studium</strong></span> <span class='ocrx_word' id='word_1_670' title='bbox 1010 5210 1360 5280; x_wconf 89' lang='lat' dir='ltr'><strong>multiplicem</strong></span> <span class='ocrx_word' id='word_1_671' title='bbox 1409 5224 1572 5278; x_wconf 92' lang='lat' dir='ltr'><strong>opum</strong></span> <span class='ocrx_word' id='word_1_672' title='bbox 1626 5209 2043 5277; x_wconf 87' lang='lat' dir='ltr'><strong>mirabilcmque</strong></span> 
     </span>
    </p>
   </div>
   <div class='ocr_carea' id='block_1_97' title="bbox 463 5301 2043 5374">
    <p class='ocr_par' dir='ltr' id='par_1_97' title="bbox 463 5301 2043 5374">
     <span class='ocr_line' id='line_1_97' title="bbox 463 5301 2043 5374; baseline -0.003 -18"><span class='ocrx_word' id='word_1_673' title='bbox 463 5304 675 5374; x_wconf 79' lang='lat' dir='ltr'><strong>copiam</strong></span> <span class='ocrx_word' id='word_1_674' title='bbox 700 5311 913 5373; x_wconf 89' lang='lat' dir='ltr'><strong>pareret</strong></span> <span class='ocrx_word' id='word_1_675' title='bbox 949 5318 1016 5357; x_wconf 88' lang='lat' dir='ltr'><strong>ac</strong></span> <span class='ocrx_word' id='word_1_676' title='bbox 1044 5304 1398 5372; x_wconf 81' lang='lat' dir='ltr'><strong>germinaret,</strong></span> <span class='ocrx_word' id='word_1_677' title='bbox 1436 5302 1480 5356; x_wconf 90' lang='lat' dir='ltr'><strong>si</strong></span> <span class='ocrx_word' id='word_1_678' title='bbox 1520 5303 1657 5356; x_wconf 77' lang='lat' dir='ltr'><strong>forte</strong></span> <span class='ocrx_word' id='word_1_679' title='bbox 1688 5301 2043 5370; x_wconf 79' lang='lat' dir='ltr'><strong>conﬂigerent</strong></span> 
     </span>
    </p>
   </div>
   <div class='ocr_carea' id='block_1_98' title="bbox 462 5391 2044 5464">
    <p class='ocr_par' dir='ltr' id='par_1_98' title="bbox 462 5391 2044 5464">
     <span class='ocr_line' id='line_1_98' title="bbox 462 5391 2044 5464; baseline -0.003 -17"><span class='ocrx_word' id='word_1_680' title='bbox 462 5394 606 5449; x_wconf 89' lang='lat' dir='ltr'><strong>inter</strong></span> <span class='ocrx_word' id='word_1_681' title='bbox 645 5409 702 5448; x_wconf 88' lang='lat' dir='ltr'><strong>se</strong></span> <span class='ocrx_word' id='word_1_682' title='bbox 747 5395 892 5463; x_wconf 87' lang='lat' dir='ltr'><strong>justa</strong></span> <span class='ocrx_word' id='word_1_683' title='bbox 935 5394 1214 5464; x_wconf 89' lang='lat' dir='ltr'><strong>possessio</strong></span> <span class='ocrx_word' id='word_1_684' title='bbox 1268 5400 1323 5446; x_wconf 90' lang='lat' dir='ltr'><strong>et</strong></span> <span class='ocrx_word' id='word_1_685' title='bbox 1382 5391 1720 5461; x_wconf 83' lang='lat' dir='ltr'><strong>paupertatis</strong></span> <span class='ocrx_word' id='word_1_686' title='bbox 1761 5391 2044 5445; x_wconf 85' lang='lat' dir='ltr'><strong>doctrina?</strong></span> 
     </span>
    </p>
   </div>
   <div class='ocr_carea' id='block_1_99' title="bbox 463 5482 2045 5556">
    <p class='ocr_par' dir='ltr' id='par_1_99' title="bbox 463 5482 2045 5556">
     <span class='ocr_line' id='line_1_99' title="bbox 463 5482 2045 5556; baseline -0.005 -15"><span class='ocrx_word' id='word_1_687' title='bbox 463 5488 699 5554; x_wconf 85' lang='lat' dir='ltr'><strong>Quinam</strong></span> <span class='ocrx_word' id='word_1_688' title='bbox 733 5502 862 5542; x_wconf 87' lang='lat' dir='ltr'><strong>vero</strong></span> <span class='ocrx_word' id='word_1_689' title='bbox 901 5494 989 5541; x_wconf 88' lang='lat' dir='ltr'><strong>est</strong></span> <span class='ocrx_word' id='word_1_690' title='bbox 1016 5486 1178 5556; x_wconf 81' lang='lat' dir='ltr'><strong>hujus</strong></span> <span class='ocrx_word' id='word_1_691' title='bbox 1205 5484 1284 5538; x_wconf 88' lang='lat' dir='ltr'><strong>rei</strong></span> <span class='ocrx_word' id='word_1_692' title='bbox 1324 5483 1516 5539; x_wconf 89' lang='lat' dir='ltr'><strong>testis?</strong></span> <span class='ocrx_word' id='word_1_693' title='bbox 1553 5482 1678 5553; x_wconf 89' lang='lat' dir='ltr'><strong>quis</strong></span> <span class='ocrx_word' id='word_1_694' title='bbox 1734 5483 1871 5536; x_wconf 86' lang='lat' dir='ltr'><strong>adeo</strong></span> <span class='ocrx_word' id='word_1_695' title='bbox 1932 5497 2045 5535; x_wconf 85' lang='lat' dir='ltr'><strong>ser-</strong></span> 
     </span>
    </p>
   </div>
   <div class='ocr_carea' id='block_1_100' title="bbox 463 5574 2042 5645">
    <p class='ocr_par' dir='ltr' id='par_1_100' title="bbox 463 5574 2042 5645">
     <span class='ocr_line' id='line_1_100' title="bbox 463 5574 2042 5645; baseline -0.003 -14"><span class='ocrx_word' id='word_1_696' title='bbox 463 5577 645 5632; x_wconf 87' lang='lat' dir='ltr'><strong>monis</strong></span> <span class='ocrx_word' id='word_1_697' title='bbox 684 5578 910 5631; x_wconf 79' lang='lat' dir='ltr'><strong>auetor&#39;l</strong></span> <span class='ocrx_word' id='word_1_698' title='bbox 950 5577 1207 5630; x_wconf 75' lang='lat' dir='ltr'><strong>nimirum</strong></span> <span class='ocrx_word' id='word_1_699' title='bbox 1239 5576 1356 5645; x_wconf 89' lang='lat' dir='ltr'><strong>ipse</strong></span> <span class='ocrx_word' id='word_1_700' title='bbox 1406 5574 1716 5629; x_wconf 91' lang='lat' dir='ltr'><strong>communis</strong></span> <span class='ocrx_word' id='word_1_701' title='bbox 1757 5574 2042 5627; x_wconf 87' lang='lat' dir='ltr'><strong>hominum</strong></span> 
     </span>
    </p>
   </div>
   <div class='ocr_carea' id='block_1_101' title="bbox 465 5665 2047 5736">
    <p class='ocr_par' dir='ltr' id='par_1_101' title="bbox 465 5665 2047 5736">
     <span class='ocr_line' id='line_1_101' title="bbox 465 5665 2047 5736; baseline -0.002 -16"><span class='ocrx_word' id='word_1_702' title='bbox 465 5667 722 5720; x_wconf 74' lang='lat' dir='ltr'><strong>Servator</strong></span> <span class='ocrx_word' id='word_1_703' title='bbox 752 5682 815 5721; x_wconf 92' lang='lat' dir='ltr'><strong>ac</strong></span> <span class='ocrx_word' id='word_1_704' title='bbox 874 5665 1155 5724; x_wconf 86' lang='lat' dir='ltr'><strong>Dominus.</strong></span> <span class='ocrx_word' id='word_1_705' title='bbox 1191 5665 1286 5734; x_wconf 89' lang='lat' dir='ltr'><strong>qui</strong></span> <span class='ocrx_word' id='word_1_706' title='bbox 1342 5667 1560 5736; x_wconf 88' lang='lat' dir='ltr'><strong>propria</strong></span> <span class='ocrx_word' id='word_1_707' title='bbox 1598 5666 1781 5719; x_wconf 84' lang='lat' dir='ltr'><strong>omnia</strong></span> <span class='ocrx_word' id='word_1_708' title='bbox 1826 5679 2047 5735; x_wconf 86' lang='lat' dir='ltr'><strong>pr0pter</strong></span> 
     </span>
    </p>
   </div>
   <div class='ocr_carea' id='block_1_102' title="bbox 464 5755 2047 5825">
    <p class='ocr_par' dir='ltr' id='par_1_102' title="bbox 464 5755 2047 5825">
     <span class='ocr_line' id='line_1_102' title="bbox 464 5755 2047 5825; baseline 0.001 -15"><span class='ocrx_word' id='word_1_709' title='bbox 464 5772 592 5811; x_wconf 89' lang='lat' dir='ltr'><strong>eum</strong></span> <span class='ocrx_word' id='word_1_710' title='bbox 659 5757 995 5823; x_wconf 85' lang='lat' dir='ltr'><strong>deserentes,</strong></span> <span class='ocrx_word' id='word_1_711' title='bbox 1049 5755 1410 5825; x_wconf 86' lang='lat' dir='ltr'><strong>centuplicem</strong></span> <span class='ocrx_word' id='word_1_712' title='bbox 1481 5756 1721 5810; x_wconf 81' lang='lat' dir='ltr'><strong>fructum</strong></span> <span class='ocrx_word' id='word_1_713' title='bbox 1776 5756 2047 5811; x_wconf 86' lang='lat' dir='ltr'><strong>relaturos</strong></span> 
     </span>
    </p>
   </div>
   <div class='ocr_carea' id='block_1_103' title="bbox 468 5851 2046 5923">
    <p class='ocr_par' dir='ltr' id='par_1_103' title="bbox 468 5851 2046 5923">
     <span class='ocr_line' id='line_1_103' title="bbox 468 5851 2046 5923; baseline -0.001 -17"><span class='ocrx_word' id='word_1_714' title='bbox 468 5852 851 5909; x_wconf 82' lang='lat' dir='ltr'><strong>denuntiavit:</strong></span> <span class='ocrx_word' id='word_1_715' title='bbox 916 5866 1092 5923; x_wconf 82' lang='lat' dir='ltr'><strong>neque</strong></span> <span class='ocrx_word' id='word_1_716' title='bbox 1151 5851 1414 5907; x_wconf 87' lang='lat' dir='ltr'><strong>hactenus</strong></span> <span class='ocrx_word' id='word_1_717' title='bbox 1463 5851 1746 5923; x_wconf 62' lang='lat' dir='ltr'><strong>premium</strong></span> <span class='ocrx_word' id='word_1_718' title='bbox 1808 5853 2046 5908; x_wconf 88' lang='lat' dir='ltr'><strong>cireum-</strong></span> 
     </span>
    </p>
   </div>
   <div class='ocr_carea' id='block_1_104' title="bbox 2141 4644 3718 4725">
    <p class='ocr_par' dir='ltr' id='par_1_104' title="bbox 2141 4644 3718 4725">
     <span class='ocr_line' id='line_1_104' title="bbox 2141 4644 3718 4725; baseline -0.007 -18"><span class='ocrx_word' id='word_1_719' title='bbox 2141 4653 2386 4725; x_wconf 80' lang='grc' dir='ltr'>ὰλλήλων</span> <span class='ocrx_word' id='word_1_720' title='bbox 2414 4648 2737 4720; x_wconf 73' lang='grc' dir='ltr'>ἁναιρετικὲι</span> <span class='ocrx_word' id='word_1_721' title='bbox 2765 4688 2779 4711; x_wconf 87' lang='grc'><strong>,</strong></span> <span class='ocrx_word' id='word_1_722' title='bbox 2816 4648 2935 4701; x_wconf 76' lang='grc' dir='ltr'>οὐδὲ</span> <span class='ocrx_word' id='word_1_723' title='bbox 2973 4647 3299 4717; x_wconf 84' lang='grc' dir='ltr'>διαμάχεται</span> <span class='ocrx_word' id='word_1_724' title='bbox 3328 4648 3361 4716; x_wconf 88' lang='grc' dir='ltr'>ἡ</span> <span class='ocrx_word' id='word_1_725' title='bbox 3397 4644 3587 4716; x_wconf 80' lang='grc' dir='ltr'>ἐντολὴ</span> <span class='ocrx_word' id='word_1_726' title='bbox 3625 4644 3718 4698; x_wconf 77' lang='grc' dir='ltr'>τοῦ</span> 
     </span>
    </p>
   </div>
   <div class='ocr_carea' id='block_1_105' title="bbox 2145 4736 3721 4818">
    <p class='ocr_par' dir='ltr' id='par_1_105' title="bbox 2145 4736 3721 4818">
     <span class='ocr_line' id='line_1_105' title="bbox 2145 4736 3721 4818; baseline -0.007 -19"><span class='ocrx_word' id='word_1_727' title='bbox 2145 4746 2219 4818; x_wconf 84' lang='grc' dir='ltr'>μὴ</span> <span class='ocrx_word' id='word_1_728' title='bbox 2245 4744 2550 4814; x_wconf 77' lang='grc' dir='ltr'>κεκτῆσθαι</span> <span class='ocrx_word' id='word_1_729' title='bbox 2578 4741 2713 4811; x_wconf 77' lang='grc' dir='ltr'>πρὸς</span> <span class='ocrx_word' id='word_1_730' title='bbox 2738 4741 2839 4810; x_wconf 79' lang='grc' dir='ltr'><strong>τὴν</strong></span> <span class='ocrx_word' id='word_1_731' title='bbox 2871 4740 3276 4809; x_wconf 82' lang='grc' dir='ltr'>ἐπιτρέπουσαν</span> <span class='ocrx_word' id='word_1_732' title='bbox 3311 4736 3634 4803; x_wconf 73' lang='grc' dir='ltr'>κεκτῆσθαι,</span> <span class='ocrx_word' id='word_1_733' title='bbox 3654 4737 3721 4789; x_wconf 76' lang='grc' dir='ltr'><strong>ἂν</strong></span> 
     </span>
    </p>
   </div>
   <div class='ocr_carea' id='block_1_106' title="bbox 2141 4830 3720 4908">
    <p class='ocr_par' dir='ltr' id='par_1_106' title="bbox 2141 4830 3720 4908">
     <span class='ocr_line' id='line_1_106' title="bbox 2141 4830 3720 4908; baseline -0.004 -19"><span class='ocrx_word' id='word_1_734' title='bbox 2141 4839 2201 4893; x_wconf 71' lang='grc' dir='ltr'><strong>τὸ</strong></span> <span class='ocrx_word' id='word_1_735' title='bbox 2231 4838 2328 4908; x_wconf 83' lang='grc' dir='ltr'>μὲν</span> <span class='ocrx_word' id='word_1_736' title='bbox 2362 4835 2640 4906; x_wconf 82' lang='grc' dir='ltr'>συνάπτῃς</span> <span class='ocrx_word' id='word_1_737' title='bbox 2689 4833 2930 4903; x_wconf 73' lang='grc' dir='ltr'>δηλονότι</span> <span class='ocrx_word' id='word_1_738' title='bbox 2974 4830 3049 4901; x_wconf 79' lang='grc' dir='ltr'>τῷ</span> <span class='ocrx_word' id='word_1_739' title='bbox 3080 4830 3339 4900; x_wconf 83' lang='grc' dir='ltr'>ἐμπαθεί,</span> <span class='ocrx_word' id='word_1_740' title='bbox 3371 4832 3403 4899; x_wconf 80' lang='grc' dir='ltr'>ἡ</span> <span class='ocrx_word' id='word_1_741' title='bbox 3432 4833 3625 4899; x_wconf 82' lang='grc' dir='ltr'>κτῆσις</span> <span class='ocrx_word' id='word_1_742' title='bbox 3664 4830 3720 4882; x_wconf 84' lang='grc' dir='ltr'><strong>δέ</strong></span> 
     </span>
    </p>
   </div>
   <div class='ocr_carea' id='block_1_107' title="bbox 2146 4922 3720 4998">
    <p class='ocr_par' dir='ltr' id='par_1_107' title="bbox 2146 4922 3720 4998">
     <span class='ocr_line' id='line_1_107' title="bbox 2146 4922 3720 4998; baseline -0.006 -16"><span class='ocrx_word' id='word_1_743' title='bbox 2146 4947 2225 4983; x_wconf 85' lang='grc' dir='ltr'>σοι</span> <span class='ocrx_word' id='word_1_744' title='bbox 2255 4928 2351 4981; x_wconf 83' lang='grc' dir='ltr'><strong>τοῦ</strong></span> <span class='ocrx_word' id='word_1_745' title='bbox 2378 4929 2582 4989; x_wconf 80' lang='grc' dir='ltr'>πάθους</span> <span class='ocrx_word' id='word_1_746' title='bbox 2614 4925 2915 4998; x_wconf 86' lang='grc' dir='ltr'>ἐλεύθερον.</span> <span class='ocrx_word' id='word_1_747' title='bbox 2941 4923 3065 4986; x_wconf 85' lang='grc' dir='ltr'>Πῶς</span> <span class='ocrx_word' id='word_1_748' title='bbox 3088 4924 3198 4994; x_wconf 84' lang='grc' dir='ltr'>γὰρ</span> <span class='ocrx_word' id='word_1_749' title='bbox 3227 4923 3293 4975; x_wconf 87' lang='grc' dir='ltr'><strong>ἂν</strong></span> <span class='ocrx_word' id='word_1_750' title='bbox 3326 4923 3386 4975; x_wconf 85' lang='grc' dir='ltr'>τὸ</span> <span class='ocrx_word' id='word_1_751' title='bbox 3412 4922 3720 4992; x_wconf 79' lang='grc' dir='ltr'>ἀφιλάργυ-</span> 
     </span>
    </p>
   </div>
   <div class='ocr_carea' id='block_1_108' title="bbox 2147 5013 3722 5090">
    <p class='ocr_par' dir='ltr' id='par_1_108' title="bbox 2147 5013 3722 5090">
     <span class='ocr_line' id='line_1_108' title="bbox 2147 5013 3722 5090; baseline -0.005 -18"><span class='ocrx_word' id='word_1_752' title='bbox 2147 5037 2239 5090; x_wconf 93' lang='grc' dir='ltr'><strong>ρον</strong></span> <span class='ocrx_word' id='word_1_753' title='bbox 2267 5019 2367 5089; x_wconf 84' lang='grc' dir='ltr'>τῆς</span> <span class='ocrx_word' id='word_1_754' title='bbox 2397 5017 2621 5087; x_wconf 83' lang='grc' dir='ltr'>γνώμης</span> <span class='ocrx_word' id='word_1_755' title='bbox 2652 5018 2747 5069; x_wconf 73' lang='grc' dir='ltr'><strong>καὶ</strong></span> <span class='ocrx_word' id='word_1_756' title='bbox 2781 5016 2843 5068; x_wconf 76' lang='grc' dir='ltr'>τὸ</span> <span class='ocrx_word' id='word_1_757' title='bbox 2887 5015 2987 5084; x_wconf 82' lang='grc' dir='ltr'>τῆς</span> <span class='ocrx_word' id='word_1_758' title='bbox 3033 5014 3422 5084; x_wconf 87' lang='grc' dir='ltr'>ὰκτημοσύνης</span> <span class='ocrx_word' id='word_1_759' title='bbox 3480 5013 3722 5083; x_wconf 78' lang='grc' dir='ltr'>ἀνυπέρ-</span> 
     </span>
    </p>
   </div>
   <div class='ocr_carea' id='block_1_109' title="bbox 2145 5104 3723 5182">
    <p class='ocr_par' dir='ltr' id='par_1_109' title="bbox 2145 5104 3723 5182">
     <span class='ocr_line' id='line_1_109' title="bbox 2145 5104 3723 5182; baseline -0.006 -18"><span class='ocrx_word' id='word_1_760' title='bbox 2145 5113 2340 5182; x_wconf 80' lang='grc' dir='ltr'>ὀλητον</span> <span class='ocrx_word' id='word_1_761' title='bbox 2400 5112 2480 5181; x_wconf 72' lang='grc' dir='ltr'><strong>είς</strong></span> <span class='ocrx_word' id='word_1_762' title='bbox 2535 5109 2595 5161; x_wconf 74' lang='grc' dir='ltr'>τὸ</span> <span class='ocrx_word' id='word_1_763' title='bbox 2666 5108 3071 5161; x_wconf 74' lang='grc' dir='ltr'>πολλαπλάσιον</span> <span class='ocrx_word' id='word_1_764' title='bbox 3120 5108 3213 5160; x_wconf 80' lang='grc' dir='ltr'><strong>καὶ</strong></span> <span class='ocrx_word' id='word_1_765' title='bbox 3275 5104 3723 5176; x_wconf 83' lang='grc' dir='ltr'>θαυμασιώτερον</span> 
     </span>
    </p>
   </div>
   <div class='ocr_carea' id='block_1_110' title="bbox 2146 5198 3725 5269">
    <p class='ocr_par' dir='ltr' id='par_1_110' title="bbox 2146 5198 3725 5269">
     <span class='ocr_line' id='line_1_110' title="bbox 2146 5198 3725 5269; baseline -0.003 -12"><span class='ocrx_word' id='word_1_766' title='bbox 2146 5205 2470 5257; x_wconf 76' lang='grc' dir='ltr'>ἐϐλάστανεν</span> <span class='ocrx_word' id='word_1_767' title='bbox 2500 5201 2587 5264; x_wconf 82' lang='grc' dir='ltr'>ἂν,</span> <span class='ocrx_word' id='word_1_768' title='bbox 2628 5201 2723 5257; x_wconf 76' lang='grc' dir='ltr'><strong>καὶ</strong></span> <span class='ocrx_word' id='word_1_769' title='bbox 2755 5198 3127 5269; x_wconf 82' lang='grc' dir='ltr'>ἐκαρποφόρει</span> <span class='ocrx_word' id='word_1_770' title='bbox 3176 5201 3273 5269; x_wconf 78' lang='grc' dir='ltr'><strong>τῆς</strong></span> <span class='ocrx_word' id='word_1_771' title='bbox 3310 5200 3625 5269; x_wconf 86' lang='grc' dir='ltr'>περιουσίας</span> <span class='ocrx_word' id='word_1_772' title='bbox 3664 5199 3725 5252; x_wconf 82' lang='grc' dir='ltr'><strong>τὸ</strong></span> 
     </span>
    </p>
   </div>
   <div class='ocr_carea' id='block_1_111' title="bbox 2146 5291 3724 5364">
    <p class='ocr_par' dir='ltr' id='par_1_111' title="bbox 2146 5291 3724 5364">
     <span class='ocr_line' id='line_1_111' title="bbox 2146 5291 3724 5364; baseline -0.006 -14"><span class='ocrx_word' id='word_1_773' title='bbox 2146 5296 2397 5364; x_wconf 53' lang='grc' dir='ltr'>ἄεςθονον,</span> <span class='ocrx_word' id='word_1_774' title='bbox 2452 5295 2500 5346; x_wconf 82' lang='grc' dir='ltr'>εἰ</span> <span class='ocrx_word' id='word_1_775' title='bbox 2548 5293 2639 5346; x_wconf 76' lang='grc' dir='ltr'>διὰ</span> <span class='ocrx_word' id='word_1_776' title='bbox 2698 5294 2876 5363; x_wconf 86' lang='grc' dir='ltr'>μάχης</span> <span class='ocrx_word' id='word_1_777' title='bbox 2932 5292 3182 5357; x_wconf 84' lang='grc' dir='ltr'>ἀλλήλοις</span> <span class='ocrx_word' id='word_1_778' title='bbox 3234 5293 3266 5359; x_wconf 87' lang='grc' dir='ltr'>ἠ</span> <span class='ocrx_word' id='word_1_779' title='bbox 3303 5291 3488 5344; x_wconf 84' lang='grc' dir='ltr'>δικαία</span> <span class='ocrx_word' id='word_1_780' title='bbox 3533 5291 3724 5360; x_wconf 79' lang='grc' dir='ltr'>κτῆσις</span> 
     </span>
    </p>
   </div>
   <div class='ocr_carea' id='block_1_112' title="bbox 2146 5384 3724 5455">
    <p class='ocr_par' dir='ltr' id='par_1_112' title="bbox 2146 5384 3724 5455">
     <span class='ocr_line' id='line_1_112' title="bbox 2146 5384 3724 5455; baseline -0.006 -13"><span class='ocrx_word' id='word_1_781' title='bbox 2146 5388 2241 5443; x_wconf 71' lang='grc' dir='ltr'><strong>καὶ</strong></span> <span class='ocrx_word' id='word_1_782' title='bbox 2284 5389 2312 5439; x_wconf 87' lang='grc' dir='ltr'>ὁ</span> <span class='ocrx_word' id='word_1_783' title='bbox 2364 5390 2461 5450; x_wconf 81' lang='grc' dir='ltr'>τῆς</span> <span class='ocrx_word' id='word_1_784' title='bbox 2511 5386 2901 5455; x_wconf 84' lang='grc' dir='ltr'>ἁκτημοσύνης</span> <span class='ocrx_word' id='word_1_785' title='bbox 2951 5384 3108 5452; x_wconf 88' lang='grc' dir='ltr'>λόγος</span> <span class='ocrx_word' id='word_1_786' title='bbox 3167 5384 3465 5454; x_wconf 75' lang='grc' dir='ltr'>προϊεσανς</span> <span class='ocrx_word' id='word_1_787' title='bbox 3499 5384 3724 5444; x_wconf 78' lang='grc' dir='ltr'>Καὶ-τίς</span> 
     </span>
    </p>
   </div>
   <div class='ocr_carea' id='block_1_113' title="bbox 2151 5474 3728 5554">
    <p class='ocr_par' dir='ltr' id='par_1_113' title="bbox 2151 5474 3728 5554">
     <span class='ocr_line' id='line_1_113' title="bbox 2151 5474 3728 5554; baseline -0.006 -20"><span class='ocrx_word' id='word_1_788' title='bbox 2151 5483 2395 5554; x_wconf 85' lang='grc' dir='ltr'>μάρτυς;</span> <span class='ocrx_word' id='word_1_789' title='bbox 2432 5480 2516 5543; x_wconf 81' lang='grc' dir='ltr'>τίς</span> <span class='ocrx_word' id='word_1_790' title='bbox 2544 5480 2600 5531; x_wconf 85' lang='grc' dir='ltr'>δὲ</span> <span class='ocrx_word' id='word_1_791' title='bbox 2632 5479 2986 5547; x_wconf 72' lang='grc' dir='ltr'>παραστάτης</span> <span class='ocrx_word' id='word_1_792' title='bbox 3016 5476 3109 5529; x_wconf 79' lang='grc' dir='ltr'>τοῦ</span> <span class='ocrx_word' id='word_1_793' title='bbox 3140 5475 3300 5543; x_wconf 86' lang='grc' dir='ltr'>λόγου</span> <span class='ocrx_word' id='word_1_794' title='bbox 3325 5493 3338 5540; x_wconf 94' lang='grc'><strong>;</strong></span> <span class='ocrx_word' id='word_1_795' title='bbox 3370 5474 3540 5535; x_wconf 75' lang='grc' dir='ltr'>Αὐτὸς</span> <span class='ocrx_word' id='word_1_796' title='bbox 3562 5476 3589 5525; x_wconf 89' lang='grc' dir='ltr'>ὁ</span> <span class='ocrx_word' id='word_1_797' title='bbox 3618 5490 3728 5525; x_wconf 87' lang='grc' dir='ltr'>κοι-</span> 
     </span>
    </p>
   </div>
   <div class='ocr_carea' id='block_1_114' title="bbox 2148 5563 3723 5641">
    <p class='ocr_par' dir='ltr' id='par_1_114' title="bbox 2148 5563 3723 5641">
     <span class='ocr_line' id='line_1_114' title="bbox 2148 5563 3723 5641; baseline -0.009 -13"><span class='ocrx_word' id='word_1_798' title='bbox 2148 5577 2236 5638; x_wconf 58' lang='grc' dir='ltr'>νὸς</span> <span class='ocrx_word' id='word_1_799' title='bbox 2266 5574 2358 5627; x_wconf 73' lang='grc' dir='ltr'><strong>τοῦ</strong></span> <span class='ocrx_word' id='word_1_800' title='bbox 2387 5572 2577 5641; x_wconf 82' lang='grc' dir='ltr'>γένους</span> <span class='ocrx_word' id='word_1_801' title='bbox 2603 5571 2795 5639; x_wconf 85' lang='grc' dir='ltr'><strong>Σωτὴρ</strong></span> <span class='ocrx_word' id='word_1_802' title='bbox 2828 5572 2921 5622; x_wconf 75' lang='grc' dir='ltr'>καὶ</span> <span class='ocrx_word' id='word_1_803' title='bbox 2955 5568 3253 5634; x_wconf 80' lang='grc' dir='ltr'>Δεσπότης,</span> <span class='ocrx_word' id='word_1_804' title='bbox 3283 5566 3340 5627; x_wconf 80' lang='grc' dir='ltr'>ὃς</span> <span class='ocrx_word' id='word_1_805' title='bbox 3374 5566 3487 5627; x_wconf 87' lang='grc' dir='ltr'>τοῖς</span> <span class='ocrx_word' id='word_1_806' title='bbox 3518 5563 3584 5616; x_wconf 85' lang='grc' dir='ltr'>δι’</span> <span class='ocrx_word' id='word_1_807' title='bbox 3624 5564 3723 5615; x_wconf 84' lang='grc' dir='ltr'><strong>αὐ-</strong></span> 
     </span>
    </p>
   </div>
   <div class='ocr_carea' id='block_1_115' title="bbox 2145 5656 3725 5724">
    <p class='ocr_par' dir='ltr' id='par_1_115' title="bbox 2145 5656 3725 5724">
     <span class='ocr_line' id='line_1_115' title="bbox 2145 5656 3725 5724; baseline -0.009 -4"><span class='ocrx_word' id='word_1_808' title='bbox 2145 5668 2235 5720; x_wconf 81' lang='grc' dir='ltr'><strong>τὸν</strong></span> <span class='ocrx_word' id='word_1_809' title='bbox 2265 5666 2483 5719; x_wconf 79' lang='grc' dir='ltr'>λιποῦσι</span> <span class='ocrx_word' id='word_1_810' title='bbox 2511 5663 2691 5717; x_wconf 83' lang='grc' dir='ltr'>πάντα</span> <span class='ocrx_word' id='word_1_811' title='bbox 2728 5664 2795 5714; x_wconf 74' lang='grc' dir='ltr'><strong>τά</strong></span> <span class='ocrx_word' id='word_1_812' title='bbox 2825 5660 3006 5715; x_wconf 77' lang='grc' dir='ltr'>αὐτῶν</span> <span class='ocrx_word' id='word_1_813' title='bbox 3035 5657 3571 5711; x_wconf 80' lang='grc' dir='ltr'>ἑκατονταπλασίονα</span> <span class='ocrx_word' id='word_1_814' title='bbox 3625 5656 3725 5724; x_wconf 78' lang='grc' dir='ltr'><strong>λή-</strong></span> 
     </span>
    </p>
   </div>
   <div class='ocr_carea' id='block_1_116' title="bbox 2146 5745 3725 5828">
    <p class='ocr_par' dir='ltr' id='par_1_116' title="bbox 2146 5745 3725 5828">
     <span class='ocr_line' id='line_1_116' title="bbox 2146 5745 3725 5828; baseline -0.009 -18"><span class='ocrx_word' id='word_1_815' title='bbox 2146 5758 2343 5828; x_wconf 59' lang='grc' dir='ltr'>ψεσθαι</span> <span class='ocrx_word' id='word_1_816' title='bbox 2397 5752 2804 5825; x_wconf 67' lang='grc' dir='ltr'>ἐπηγγείλατο*</span> <span class='ocrx_word' id='word_1_817' title='bbox 2860 5752 2956 5804; x_wconf 75' lang='grc' dir='ltr'>καὶ</span> <span class='ocrx_word' id='word_1_818' title='bbox 3004 5749 3126 5802; x_wconf 78' lang='grc' dir='ltr'>οὐδὲ</span> <span class='ocrx_word' id='word_1_819' title='bbox 3188 5748 3352 5818; x_wconf 88' lang='grc' dir='ltr'>μέχρι</span> <span class='ocrx_word' id='word_1_820' title='bbox 3399 5745 3606 5798; x_wconf 87' lang='grc' dir='ltr'>τούτων</span> <span class='ocrx_word' id='word_1_821' title='bbox 3664 5746 3725 5798; x_wconf 78' lang='grc' dir='ltr'><strong>τὸ</strong></span> 
     </span>
    </p>
   </div>
   <div class='ocr_carea' id='block_1_117' title="bbox 2148 5838 3726 5919">
    <p class='ocr_par' dir='ltr' id='par_1_117' title="bbox 2148 5838 3726 5919">
     <span class='ocr_line' id='line_1_117' title="bbox 2148 5838 3726 5919; baseline -0.009 -15"><span class='ocrx_word' id='word_1_822' title='bbox 2148 5848 2381 5904; x_wconf 77' lang='grc' dir='ltr'>ἔπαθλον</span> <span class='ocrx_word' id='word_1_823' title='bbox 2433 5844 2823 5919; x_wconf 75' lang='grc' dir='ltr'>περιέγραψεν,</span> <span class='ocrx_word' id='word_1_824' title='bbox 2876 5842 2990 5897; x_wconf 81' lang='grc' dir='ltr'>ἀλλ’</span> <span class='ocrx_word' id='word_1_825' title='bbox 3022 5842 3104 5894; x_wconf 77' lang='grc' dir='ltr'>ἔτι</span> <span class='ocrx_word' id='word_1_826' title='bbox 3140 5840 3276 5913; x_wconf 79' lang='grc' dir='ltr'>πρὸς</span> <span class='ocrx_word' id='word_1_827' title='bbox 3300 5839 3361 5892; x_wconf 81' lang='grc' dir='ltr'>τὺ</span> <span class='ocrx_word' id='word_1_828' title='bbox 3396 5838 3599 5910; x_wconf 79' lang='grc' dir='ltr'>μεῖζον,</span> <span class='ocrx_word' id='word_1_829' title='bbox 3632 5838 3726 5892; x_wconf 77' lang='grc' dir='ltr'>καὶ</span> 
     </span>
    </p>
   </div>
  </div>
