4134 6448
551 361 620 423 57
1565 353 1665 412 AD
1705 340 2297 408 AMPllILOCHlUM
2327 339 2677 410 QUESTIO
2712 339 2739 399 Ι
3760 332 3830 398 53

550 479 659 532 οὐδ’
694 479 819 532 ὅσον
850 474 997 528 ἔστιν
1041 472 1217 525 εἰπεῖν
1255 467 1462 540 μεῖζον,
1511 464 1718 533 ἐξαίρει
1765 462 1859 513 καὶ
1910 455 2129 527 ὑπερτίο
2163 504 2166 513 ,

2268 452 2481 520 cripsit,
2536 451 2630 506 sed
2698 451 2874 522 magis
2925 450 3126 506 extulit
3172 460 3229 506 et
3290 449 3618 515 cumulavit,
3666 452 3738 504 ita
3772 464 3831 509 ut

555 569 681 638 θησι
703 569 830 637 ’τὴν
852 568 962 636 γὰρ
994 564 1101 617 τῶν
1132 561 1380 633 ούρανῶν
1411 557 1689 630 βασιλείαν
1720 554 1923 624 κλῆρον
1947 551 2133 612 αὐτοῖς

555 662 828 728 ἐπιφέρει.

628 754 693 806 θ’.
736 752 975 805 Τοιαῦτα
1021 751 1119 820 μὲν
1151 750 1245 804 οῦν
1283 750 1379 803 καὶ
1424 749 1471 801 οἱ
1525 746 1665 817 μετὰ
1712 746 1839 807 τοὺς
1883 743 2135 813 πρώτους

558 844 869 912 συμφωνεῖν
888 842 1150 911 ,ἀλλήλοις
1178 840 1249 893 τὰ
1280 840 1399 907 ἱερὰ
1424 836 1930 898 κατασκευάζοντες
1954 834 2131 901 λόγια·

557 934 653 986 καὶ
686 933 846 1003 δῆλον
874 933 949 996 ὡς
988 932 1226 1002 ἑκατέρα
1255 935 1416 1001 μοῖρα
1444 930 1530 983 διὰ
1560 930 1660 1000 τῆς
1698 930 1842 982 κατὰ
1871 928 1932 980 τὸ
1963 926 2137 996 πρόσ-

554 1042 705 1077 ωπον
733 1024 1109 1095 περιστάσεως
1141 1023 1365 1077 ἑλκύσαι
1407 1022 1507 1092 τὴν
1545 1020 1699 1072 λύσιν
1752 1015 2135 1085 ἐνεδυναμώθη

552 1116 652 1169 τοῦ
702 1116 1095 1185 ἀπορήματος·
1136 1112 1323 1183 ἕτεραι
1371 1112 1427 1165 δὲ
1475 1110 1607 1181 παρ’
1658 1111 1782 1163 ὅσον
1823 1107 2136 1178 ἐπήλθομεν

552 1208 709 1273 δόξαι
756 1209 819 1260 ὲκ
866 1207 975 1260 τῶν
1021 1206 1204 1259 αὐτῶν
1259 1206 1356 1274 μὲν
1396 1205 1563 1271 ἐγγὺς
1611 1202 1851 1263 ἐκείναις
1884 1201 2140 1269 ἁφορμᾷν

557 1302 717 1371 ἔσχον
768 1300 1150 1369 τὴνκίνησιν·
1186 1298 1311 1351 οὔτε
1339 1298 1394 1350 δὲ
1423 1300 1543 1359 ταῖς
1577 1294 1978 1368 προλαϐοῦσαις
2015 1292 2140 1344 οὔτε

557 1394 699 1461 ⁸πρὸς
741 1391 990 1461 ἀλλήλοις
1037 1390 1104 1443 τὰ
1134 1390 1276 1444 αὐτὰ
1307 1386 1634 1448 διασώζουσι
1679 1386 1844 1455 τέλη·
1894 1384 2002 1437 ἀπὸ
2043 1384 2141 1453 μὲν

557 1482 672 1551 γὰρ
701 1482 801 1550 τῆς
849 1480 955 1533 τῶν
988 1478 1299 1551 προσώπων
1337 1478 1680 1548 ἑτερότητος,
1715 1477 1809 1529 καὶ
1848 1475 2041 1537 αὑταῖς
2082 1473 2142 1526 τὸ

558 1574 769 1642 ἄπορον
796 1571 1005 1627 λύεται.
1048 1571 1285 1640 Λέγουσι
1317 1570 1375 1623 δὲ
1410 1570 1507 1642 τὴν
1540 1572 1639 1639 μὲν
1670 1570 1949 1639 προτέραν
1989 1570 2143 1621 ἐντο-

558 1662 815 1732 λὴν,ἧτις
843 1663 933 1714 τὴν
966 1661 1065 1729 τῆς
1097 1662 1489 1732 ἀκτημοσύνης
1526 1661 1775 1729 εἰσέφερε
1802 1659 1988 1729 νόμον,
2007 1658 2144 1727 πρὸς

2236 544 2375 600 nihil
2401 544 2582 613 majus
2607 544 2713 598 dici
2744 552 2943 613 queat:
2982 545 3133 615 regni
3160 544 3412 598 videlicet
3440 544 3678 599 ccelestis
3720 544 3834 597 ha:-

2239 640 2528 693 reditatem
2564 638 2671 691 illis
2697 637 2912 706 adjecit.

2308 733 2363 787 9.
2408 731 2531 785 llaec
2562 732 2823 800 aiuutqui
2854 740 2978 798 post
3006 730 3129 784 illos
3159 730 3368 799 priores
3402 729 3534 784 dant
3584 744 3832 798 operam,

2238 832 2299 878 ut
2329 839 2486 878 sacra
2527 823 2749 877 oracula
2791 822 2933 874 inter
2960 836 3019 875 se
3051 832 3379 875 consonent.
3410 821 3469 873 Et
3493 836 3625 875 sane
3651 820 3838 889 explo-

2241 925 2419 968 ratum
2465 923 2548 967 est
2590 922 2799 982 partem
2870 922 3163 981 utramque
3222 928 3251 966 a
3302 927 3547 981 persona:
3597 911 3835 965 circum-

2241 1010 2440 1071 stantia
2506 1006 2572 1058 ad
2632 1006 3031 1058 conciliandam
3096 1004 3248 1058 dubii
3308 1004 3637 1057 solutionem
3690 1003 3835 1057 vires

2241 1098 2514 1168 colligere.
2552 1099 2775 1152 Caetera:
2806 1113 2957 1159 vero,
2996 1108 3262 1166 quantum
3306 1096 3579 1157 novimus,
3612 1105 3836 1149 senten-

2243 1191 2330 1245 tiae
2358 1206 2425 1245 ex
2458 1191 2649 1246 iisdem
2676 1191 2787 1245 fere
2813 1190 3097 1260 principiis
3132 1198 3391 1253 manant;
3438 1202 3617 1257 neque
3650 1198 3831 1242 tamen

2244 1281 2358 1335 sive
2385 1297 2512 1336 cum
2543 1282 2824 1351 prioribus
2856 1282 2971 1335 sive
3008 1281 3140 1350 ipsa:
3170 1295 3354 1334 secum
3383 1280 3447 1333 ad
3478 1279 3639 1333 finem
3667 1294 3840 1348 usque

2245 1377 2622 1431 consentiunt.
2676 1377 2814 1430 Nam
2866 1381 2922 1429 ct
2967 1377 3097 1445 ipsa:
3162 1375 3381 1445 quidem
3416 1389 3445 1426 a
3480 1386 3839 1441 personarum

2245 1470 2561 1525 diversitate
2621 1474 2984 1540 quaestionem
3038 1468 3308 1522 solvunt:
3349 1466 3647 1535 caeleroqui
3681 1464 3833 1533 prius

2246 1573 2619 1633 prmceptum,
2686 1563 2833 1633 quod
2916 1563 3257 1632 paupertatis
3310 1561 3481 1630 legem
3536 1559 3839 1623 sanciebat,

2246 1655 2532 1724 discipulis
2563 1670 2750 1709 revera
2784 1655 2938 1708 aiunt
2970 1655 3255 1715 traditum,
3301 1653 3492 1721 hisque
3518 1652 3653 1706 solis
3697 1665 3835 1704 cou-

559 1755 688 1815 τοὺς
721 1754 968 1824 μαθητὰς
1001 1753 1076 1815 ὡς
1107 1753 1324 1822 ἀληθῶς
1357 1753 1609 1822 εἰρῆσθαι
1632 1794 1644 1813 ,
1675 1752 1948 1814 κάκείνοις
1977 1752 2146 1820 ἐφαρ-

2268 1764 2466 1815 gruere,
2502 1764 2603 1803 nec
2645 1765 2753 1802 non
2782 1750 2847 1803 iis
2872 1749 3186 1802 hominibus
3211 1747 3305 1817 qui
3342 1743 3843 1816 religiosiinstiluti

566 1846 756 1915 μόξειν
803 1847 1006 1915 μόνοις,
1048 1847 1144 1897 καί⁵
1187 1846 1333 1908 ὅσοις
1366 1846 1427 1897 τὸ
1449 1845 1549 1912 τῆς
1584 1845 1904 1913 φιλοσοφίας
1933 1842 2145 1896 ἔντονον

562 1939 662 1989 καὶ
688 1937 1069 2007 παραπλήσιον
1101 1937 1296 1991 ἄλυτον
1318 1937 1407 1990 διὰ
1444 1937 1562 2005 βίου
1597 1936 1777 2006 μένει·
1807 1936 1906 2007 τὴν
1945 1937 2002 1988 δὲ
2022 1935 2145 1987 δευ-

562 2032 731 2102 τέραν
765 2032 916 2083 οὐδὲν
966 2032 1065 2099 μὲν
1096 2035 1424 2099 παρακινεῖν
1455 2030 1547 2083 τοῦ
1584 2032 1713 2100 περὶ
1746 2030 1847 2099 τῆς
1898 2030 2146 2100 ἀκτήμο-

567 2122 737 2188 σύνης
761 2123 876 2184 τοῖς
903 2119 1170 2190 ἀθληταῖς
1214 2120 1503 2189 δεδομένου
1537 2121 1726 2190 νόμου,
1761 2121 2053 2191 πρόσωπον
2091 2120 2150 2174 δὲ

565 2210 893 2263 ὑποϐάλλειν
947 2210 1045 2280 μὲν
1094 2209 1205 2262 τῶν
1250 2209 1533 2280 μαθητῶν,
1586 2212 1665 2273 εἰς
1696 2211 1918 2279 ἐτέρους
1955 2210 2151 2278 δὲτὴν

568 2302 852 2373 ἀναφορὰν
885 2302 1051 2371 ἔχειν,
1097 2302 1237 2355 Ἀλλ’
1275 2302 1515 2373 ἑκατέρα
1570 2302 1676 2373 μὴν
1719 2303 1847 2375 δόξῃ
1888 2304 1956 2356 τὰ
1997 2304 2153 2358 κοινὰ

574 2395 740 2465 μέχρι
768 2394 959 2447 τούτου
978 2410 992 2424 ·
1019 2396 1265 2464 σχίζεται
1293 2395 1348 2448 δὲ
1372 2395 1432 2448 τὸ
1450 2396 1635 2448 λοιπὸν
1653 2395 1891 2465 θατέρας
1913 2399 1943 2466 ή
1967 2397 2151 2467 ἑτέρα·

572 2489 668 2540 καὶ
698 2490 731 2558 ή
764 2488 864 2557 μὲν
897 2489 1188 2557 πρόσωπον
1224 2487 1591 2559 ὑποτιθεμένη
1624 2489 1747 2540 ὅσον
1778 2488 2057 2542 πολιτικόν
2094 2506 2155 2541 τε

573 2587 673 2638 καὶ
700 2583 793 2637 τοῦ
833 2584 1057 2654 μιγὰδος
1083 2584 1235 2637 οὐδὲν
1265 2584 1473 2654 ἀνέχει,
1506 2584 1601 2638 ἆτε
1630 2585 1693 2651 δὴ
1741 2586 1875 2656 πρὸς
1931 2585 2156 2656 μείζονα

576 2676 898 2744 φιλοσοφίαν
923 2676 1310 2744 δνσανάγωγόν
1340 2695 1399 2729 τε
1430 2679 1523 2729 καὶ
1551 2677 1803 2747 δυσήνιον
1822 2694 1833 2706 ⁸
1863 2680 2071 2742 τούτοις
2101 2678 2158 2731 δὲ

576 2769 689 2839 ἄρα
732 2768 1062 2839 ὑπαγορεύει
1109 2769 1567 2838 διοικονομεῖσθαι
1614 2770 1706 2823 καὶ
1754 2771 1855 2842 τήν
1910 2771 2017 2824 τῶν
2066 2789 2162 2841 με·

577 2857 745 2929 τρίων
775 2858 972 2926 κτῆσιν
998 2899 1013 2925 ,
1042 2860 1137 2910 καὶ
1171 2859 1271 2926 τῆς
1307 2859 1437 2921 τοὺς
1483 2860 1733 2929 μαθητὰς
1761 2861 2161 2930 ἀθλοθετούσης

578 2947 901 3018 νομοθεσίας
926 2948 1251 3019 ἐλευθέρους
1290 2950 1516 3011 τούτους
1550 2951 1807 3020 ἀφίησιν·
1851 2954 1884 3023 ή
1929 2952 1987 3005 δὲ
2034 2953 2163 3014 τοὺς

593 3040 883 3104 Ἰουδαίους
921 3040 1032 3092 τῶν
1078 3039 1343 3110 μαθητῶν
1387 3042 1789 3108 ἁντεισᾱιγουσα
1821 3043 2165 3113 προφητείαν

2250 1857 2436 1911 parem
2474 1840 2819 1896 severitatem
2875 1840 3244 1895 insolubiliter
3293 1854 3388 1907 per
3420 1852 3639 1891 omnem
3674 1838 3842 1891 vitam

2250 1936 2486 2005 amplexi
2518 1944 2664 1990 sunt.
2683 1934 2872 1989 Altero
2902 1948 3083 1988 autem
3110 1932 3366 1987 mandato
3392 1931 3536 1985 haud
3569 1930 3843 1984 infirmari

2251 2029 2406 2082 aiunt
2432 2029 2595 2082 latam
2635 2027 3059 2097 perfectioribus
3110 2025 3218 2079 illis
3270 2024 3608 2094 paupertatis
3637 2023 3846 2092 legem;

2253 2121 2416 2189 idque
2456 2134 2743 2189 personam
2790 2117 3010 2187 quidem
3047 2115 3381 2187 prmtmtdere
3426 2114 3847 2183 discipulorum,

2253 2221 2625 2265 verumtamen
2667 2210 2804 2263 alios
2857 2208 3109 2262 homines
3157 2222 3349 2277 reapse
3400 2215 3669 2274 spectare.
3706 2202 3851 2257 liac-

2257 2315 2415 2357 tenus
2459 2302 2739 2356 sententiae
2773 2302 2990 2370 utrique
3034 2313 3329 2354 commune
3399 2296 3606 2367 aliquid
3686 2296 3849 2349 inest.

2259 2397 2460 2450 Deinde
2495 2397 2548 2449 in
2578 2397 2793 2449 diversa
2820 2395 3021 2449 aheunt
3050 2412 3064 2448 :
3107 2393 3308 2447 etenim
3343 2392 3514 2445 altera
3556 2406 3850 2460 personam

2258 2489 2514 2559 proponit
2550 2488 2618 2541 ab
2647 2488 2795 2542 omni
2851 2486 3071 2555 quidem
3110 2501 3168 2539 re
3204 2484 3430 2552 politica
3480 2498 3545 2538 ac
3596 2482 3850 2552 populari

2260 2584 2666 2647 abhorrentem,
2703 2580 3001 2650 ceteroqui
3051 2578 3393 2634 sublimioris
3420 2574 3545 2630 vitze
3569 2576 3715 2629 haud
3748 2591 3846 2628 ca-

2261 2692 2449 2747 pacem
2493 2690 2671 2744 neque
2704 2674 3045 2742 patientem:
3106 2671 3213 2732 his,
3247 2670 3498 2738 inquam,
3539 2666 3856 2720 hominibus

2263 2767 2541 2822 modicum
2583 2766 2662 2821 rei
2714 2765 3003 2818 familiaris
3038 2776 3353 2832 possessum
3415 2759 3685 2820 attribuit,
3730 2772 3857 2812 eos-

2264 2860 2498 2929 demque
2542 2859 2676 2928 legis
2700 2858 2843 2926 ejus,
2881 2872 3003 2925 qua:
3049 2853 3339 2923 discipulis
3372 2859 3634 2907 coronata
3670 2859 3853 2904 certa-

2264 2955 2413 3007 mina
2438 2952 2647 3015 indicit,
2670 2951 2943 3005 immunes
2975 2964 3096 3003 esse
3130 2947 3281 3002 sinit.
3324 2945 3510 2999 Altera
3558 2959 3689 3000 vero
3725 2959 3854 2997 sen-

2268 3045 2439 3099 tentia
2462 3042 2686 3098 Judteos
2724 3041 3125 3111 discipulorum
3153 3039 3275 3093 loco
3320 3053 3550 3106 ponens,
3582 3036 3636 3090 in
3671 3043 3860 3105 postea

584 3130 727 3187 εἶναι
778 3134 879 3202 τῆς
925 3133 1186 3204 δευτέρας
1242 3133 1311 3186 τὰ
1373 3136 1595 3205 ῥήματα
1649 3133 1951 3188 διατίθεται
2021 3134 2164 3188 κατὰ

2269 3139 2432 3192 rioris
2457 3134 2697 3190 mandati
2728 3135 2907 3190 verbis
2935 3132 3254 3187 vaticinium
3305 3138 3497 3184 contra
3539 3128 3855 3182 universam

585 3227 789 3290 παντὸς
830 3226 923 3279 τοῦ
956 3228 1166 3294 γένους,
1197 3227 1319 3298 ἦτις
1350 3228 1445 3279 καὶ
1477 3228 1613 3297 πρὸς
1649 3228 1810 3298 ἔργον
1840 3227 2164 3297 ἐκϐέϐηκεν,

589 3319 1004 3373 Οὐεσπασιανοῦ
1037 3320 1128 3372 καὶ
1159 3320 1319 3372 Τίτου
1354 3321 1433 3381 εἰς
1463 3319 1783 3390 πολιορκίαν
1808 3320 1907 3389 τῆς
1948 3318 2172 3389 Ἱεροσο-

587 3409 775 3480 λύμων
806 3410 1013 3472 πόλεως
1037 3410 1446 3471 καταστάντων,
1478 3410 1549 3474 οἳ,
1580 3414 1673 3463 καὶ
1695 3409 1903 3482 ταύτην
1932 3411 2170 3480 πολέμου

591 3504 740 3573 νόμῳ
773 3504 1283 3572 παραστησάμενοι,
1318 3502 1595 3573 μαχαίρας
1619 3502 1778 3573 ἔργον
1808 3502 1869 3554 τὸ
1905 3502 2173 3556 Ἰουδαίων

593 3596 743 3656 ἔθνος
777 3594 1079 3659 ἐπέδειξαν.
1118 3594 1251 3645 Τότε
1278 3593 1388 3663 γὰρ
1414 3593 1478 3663 δὴ
1512 3593 1634 3645 τότε
1664 3587 1752 3655 οἷς
1790 3592 1947 3662 μὲνὴ
1981 3593 2175 3662 κτῆσις

594 3688 801 3741 ἔπιπλά
840 3703 899 3739 τε
936 3686 1031 3739 καὶ
1079 3687 1179 3737 ὅσα
1210 3686 1342 3740 ἄλλα
1388 3686 1617 3755 κομίσαι
1652 3685 1831 3757 ῥᾴδια,
1870 3684 2045 3738 ταῦτα
2081 3684 2176 3752 φέ-

598 3796 783 3851 ροντες
806 3780 886 3839 εἰς
916 3777 1010 3839 τὰς
1044 3776 1303 3829 ἐπέκεινα
1330 3778 1430 3846 τῆς
1474 3776 1736 3839 Ἰουδαίας
1764 3776 1951 3839 πόλεις
1980 3779 2078 3843 τῆς
2100 3778 2180 3829 ol-

595 3871 751 3934 κείας
784 3870 1086 3940 ἀπέτρεχον
1123 3868 1511 3939 μητροπόλεως
1531 3882 1547 3898 ⁸
1598 3868 1649 3920 oi
1677 3867 1721 3920 δ’
1755 3867 1929 3931 ἄλλως
1962 3868 2178 3937 πλούτῳ

599 3961 980 4033 βαρυνόμενοι,
1009 3961 1043 4030 ἢ
1071 3960 1166 4012 καί
1196 3977 1338 4013 τισιν
1384 3960 1593 4029 ἑτέροις
1622 3961 1849 4029 τρόποις
1877 3960 2180 4030 ἐνεσχημέ-

598 4075 700 4122 νοι,
731 4050 879 4109 οὗτοι
922 4056 987 4126 δὴ
1035 4057 1101 4126 τῇ
1132 4055 1286 4107 πόλει
1322 4054 1509 4125 μένειν
1536 4054 2012 4127 ὲξαπαιτούμενοι,
2052 4056 2180 4126 ξίφη

600 4153 696 4204 καὶ
729 4148 1004 4220 μαχαίρας
1049 4148 1272 4210 καὶτὰς
1319 4146 1484 4208 ἄλλας
1534 4147 1837 4216 πολεμικὰς
1880 4147 2183 4207 πανοπλίας

600 4243 921 4307 ἐξωνεῖσθαι
975 4236 1392 4309 συνηλαύνοντο,
1449 4238 1542 4292 τοῦ
1594 4239 1833 4310 πολέμου
1899 4240 2036 4309 πρὸς
2084 4239 2183 4309 τὴν

605 4333 807 4404 πρᾶξιν
850 4332 943 4386 καὶ
993 4333 1070 4402 μὴ
1118 4331 1481 4402 βουλομένους
1530 4332 2039 4400 ὲπαναγκάζοντος·
2090 4331 2185 4385 καὶ

603 4425 762 4479 τοῦτο
790 4425 855 4494 δὴ
883 4422 1043 4478 τοῦτο
1068 4418 1210 4476 εἶναι
1233 4422 1261 4476 ὃ
1282 4423 1345 4475 τὸ
1371 4423 1688 4475 δεσποτικὸν
1740 4421 2185 4493 προαπεθέσπισε

607 4519 817 4589 στόμα·
843 4481 880 4568 ἰ
913 4516 1028 4569 Νῦν
1072 4516 1127 4569 δὲ
1169 4518 1198 4568 δ
1244 4514 1382 4584 ἔχων
1415 4515 1701 4585 βαλάντιον
1744 4481 1934 4586 ἀράτω
1983 4515 2185 4585 ὁμοίως
2218 4481 2262 4536 θ

608 4615 702 4667 καὶ
729 4613 914 4682 πήραν
934 4626 949 4642 ·
986 4611 1014 4663 ὁ
1039 4609 1097 4663 δὲ
1130 4609 1205 4679 μὴ
1231 4609 1371 4679 ἔχων
1400 4608 1645 4677 πωλήσει
1674 4607 1742 4661 τὰ
1770 4607 1963 4679 ἱμάτια
1994 4605 2187 4673 αὐτοῦ,

607 4707 703 4762 καὶ
736 4708 996 4779 ἀγοράσει
1029 4706 1331 4776 μάχαιραν·
1369 4720 1388 4754 ι
1434 4701 1595 4755 τοῦτο
1645 4702 1701 4755 δὲ
1752 4705 1862 4772 ἄρα
1905 4702 1999 4755 καὶ
2049 4719 2189 4771 χρη-

611 4803 769 4871 σμοῖς
795 4799 1002 4853 ᾶνωθεν
1032 4795 1433 4868 προδηλοῦσθαι
1451 4813 1464 4827 ·
1503 4816 1521 4847 ι
1541 4793 1859 4863 Συγκόψατε
1885 4794 1952 4847 τὰ
1979 4792 2187 4865 ἄροτρα

612 4893 764 4963 ὑμῶν
798 4894 875 4956 είς
913 4891 1207 4962 ῥομφαίας,
1258 4890 1353 4942 καὶ
1386 4887 1454 4940 τὰ
1496 4888 1743 4958 δρέπανα
1796 4888 1875 4949 εἰς
1919 4888 2185 4959 σειρομά-

613 5002 764 5049 στας,
808 5004 827 5036 ι
882 4982 974 5036 τοῦ
1020 4981 1168 5035 θείου
1221 4978 1817 5049 προκαταγγέλλοντος.
1865 4979 2052 5044 Οὕτως
2104 4977 2197 5034 οὗν

614 5079 801 5148 φασὶν,
853 5075 1105 5145 οὐδαμῶς
1142 5073 1415 5144 μάχεσθαι
1448 5072 1509 5124 τὸ
1542 5071 1616 5143 μὴ
1655 5071 1799 5141 ἔχειν
1846 5072 2026 5143 ζώνην
2056 5075 2195 5145 μήτε

616 5170 941 5239 ὑποδήματα
978 5169 1113 5238 μήτε
1172 5167 1386 5236 πήραν,
1443 5164 1581 5235 πρὸς
1609 5164 1670 5216 τὸ
1704 5182 1722 5215 ι
1761 5163 1877 5217 Νῦν
1904 5164 1960 5217 δὲ
1995 5167 2023 5217 ὁ
2054 5165 2192 5237 ἔχων

2272 3239 2483 3300 gentem
2515 3227 2781 3283 Contineri
2848 3227 2927 3279 ait
2954 3244 2980 3279 :.
3029 3226 3174 3294 quod
3236 3239 3368 3279 sane
3400 3223 3608 3276 exitum
3637 3229 3858 3273 nactum

2271 3334 2376 3387 est,
2400 3337 2524 3377 cum
2557 3319 2930 3389 Vespasianus
2957 3334 3021 3373 ac
3069 3317 3227 3371 Titus
3257 3315 3629 3385 Hierosolyma
3664 3313 3854 3367 urbem

2274 3415 2560 3469 obsidione
2589 3413 2914 3477 cinxerunt;
2941 3411 3033 3479 qui
3075 3419 3196 3479 post
3248 3409 3386 3462 hanc
3412 3408 3535 3461 belli
3572 3406 3692 3475 jure
3731 3405 3862 3457 θυι»-

2275 3515 2489 3569 actam,
2530 3505 2749 3559 Judmus
2793 3503 2989 3573 gladiis
3032 3501 3442 3557 consumendos
3493 3498 3859 3553 tradiderunt.

2277 3602 2433 3654 'l'une
2461 3600 2605 3653 enim
2638 3612 2873 3666 quorum
2907 3595 3183 3667 possessio
3210 3594 3455 3663 supellex
3474 3600 3590 3646 erat
3613 3601 3667 3646 et
3695 3590 3859 3660 quid-

2278 3693 2409 3763 quid
2432 3692 2595 3746 facile
2623 3690 2895 3760 asportari
2937 3698 3173 3759 poterat,
3216 3688 3269 3742 id
3307 3687 3359 3740 in
3413 3686 3547 3739 alias
3576 3693 3730 3738 extra
3759 3682 3859 3736 Ju-

2278 3789 2450 3840 (lanam
2489 3785 2653 3839 urbes
2682 3782 2939 3848 ferentes,
2973 3798 3003 3836 a
3028 3798 3126 3837 sua
3166 3778 3453 3849 metropoli
3484 3776 3860 3846 dill‘ugiehant:

2280 3880 2409 3933 dum
2457 3878 2547 3931 alii
2585 3876 2800 3931 interim
2835 3876 3042 3930 divitiis
3072 3874 3303 3946 gravati,
3346 3882 3440 3927 aut
3466 3872 3713 3943 quolibet
3744 3884 3866 3924 mo-

2283 3971 2351 4024 do
2384 3970 2610 4032 detenti,
2669 3968 2799 4022 dum
2862 3968 3085 4021 urbana:
3132 3964 3380 4021 stationis
3444 3973 3663 4019 tenaces
3713 3970 3866 4025 sunt,

2285 4077 2578 4117 mucrones
2607 4069 2663 4116 et
2692 4076 2855 4115 enses
2887 4069 3052 4128 atque
3084 4059 3188 4113 alia
3221 4073 3373 4111 arma
3398 4057 3592 4111 bellica
3616 4068 3869 4109 coemere

2286 4154 2635 4218 festinabant,
2667 4154 2808 4208 bello
2829 4153 2894 4207 ad
2929 4153 2979 4206 id
3016 4152 3216 4205 invitos
3256 4159 3501 4219 urgente.
3527 4150 3703 4217 Atque
3729 4148 3871 4201 hanc

2286 4262 2402 4301 rem
2438 4246 2696 4299 nimirum
2725 4243 3010 4299 Dominico
3033 4259 3128 4298 ore
3148 4243 3365 4313 praedici
3390 4258 3404 4308 ;
3431 4257 3575 4296 nunc
3605 4255 3733 4294 vero
3772 4238 3870 4309 qui

2289 4339 2451 4393 habet
2479 4353 2820 4402 crumenam,
2853 4345 3036 4392 sumat
3066 4337 3273 4405 pariter
3308 4345 3360 4390 et
3396 4351 3579 4405 peram
3614 4351 3627 4386 :
3664 4346 3800 4403 quas
3824 4333 3872 4385 si

2289 4433 2412 4502 quis
2459 4448 2568 4486 non
2626 4431 2808 4495 habet,
2868 4429 3160 4485 divenditis
3223 4427 3563 4483 vestimentis
3630 4424 3874 4495 gladium

2295 4524 2564 4592 acquiret.
2609 4520 2665 4576 Id
2701 4522 2879 4591 ipsum
2912 4520 3319 4590 antiquiorihus
3362 4532 3583 4588 quoque
3632 4515 3876 4570 oraculis

2294 4616 2658 4686 significatum
2717 4612 2914 4675 fuerat,
2984 4613 3246 4682 propheta
3295 4610 3551 4666 dicente:
3596 4626 3615 4660 ι
3680 4608 3878 4661 Aratra

2292 4717 2474 4763 vestra
2512 4710 2566 4762 in
2592 4708 2822 4779 gladios,
2856 4715 2911 4763 et
2960 4706 3131 4761 falces
3153 4706 3207 4760 in
3239 4707 3457 4760 lanceas
3488 4699 3819 4756 concidite'.
3854 4715 3874 4748 ι

2290 4800 2382 4856 Sic
2414 4801 2581 4871 igitur
2611 4802 2774 4855 verba
2807 4818 2820 4854 :
2858 4817 2877 4851 ι
2909 4797 2987 4853 Νο
3022 4797 3271 4852 habeatis
3314 4810 3507 4849 zonam
3560 4806 3739 4859 neque
3776 4789 3884 4841 cal.

2296 4902 2577 4949 ceamenta
2602 4909 2780 4963 neque
2810 4908 3020 4963 peram.
3061 4912 3079 4944 ι
3112 4897 3308 4960 negant
3330 4904 3571 4960 pugnare
3592 4902 3716 4941 cum
3751 4885 3839 4939 his
3864 4919 3879 4933 .

2311 5006 2329 5037 ‹
2362 4985 2519 5039 Nunc
2541 4984 2633 5054 qui
2668 4984 2825 5038 habet
2856 4999 3201 5046 crumenam,
3242 4990 3424 5037 sumat
3462 4978 3666 5049 pariter
3703 4984 3757 5031 et
3803 4989 3889 5044 μοι

2306 5093 2423 5133 ram
2453 5096 2466 5132 :
2509 5078 2601 5147 qui
2642 5091 2771 5130 vero
2812 5092 2920 5130 non
2954 5076 3138 5141 habet,
3189 5073 3515 5129 vestimenta
3545 5085 3643 5125 sua
3668 5067 3888 5133 vendet,

2301 5170 2650 5240 gladiumque
2676 5179 2905 5225 coemet.
2943 5187 2961 5219 ι

619 5259 906 5327 βαλάντιον
950 5260 1142 5331 ἀράτω
1178 5257 1381 5328 ὁμοίως
1406 5257 1501 5310 καὶ
1537 5255 1753 5325 πήραν·
1799 5254 1828 5306 ὁ
1891 5254 1948 5308 δὲ
1985 5256 2061 5327 μὴ
2124 5256 2265 5329 ἔχων
2306 5259 2550 5329 πωλήσει
2614 5260 2677 5313 τὸ
2739 5260 2957 5329 ίμάτιον
3022 5255 3231 5319 αὐτοῦ,
3297 5253 3395 5309 καὶ
3456 5252 3723 5324 ἀγοράσει
3786 5248 3894 5322 μά-

622 5376 834 5434 χαιραν.
877 5376 896 5409 ι

695 5459 747 5507 ι’.
790 5450 958 5507 Ἀλλά
984 5466 1049 5518 γε
1079 5450 1193 5512 τοῖς
1230 5445 1375 5501 οὕτω
1404 5445 1503 5518 τήν
1550 5445 1788 5516 ἀπορίαν
1822 5444 2203 5515 ὲπιλυομένοις

623 5546 993 5599 ὀντιπεσεῖται
1029 5543 1127 5612 μὲν
1160 5541 1291 5603 ἴσως
1323 5538 1467 5593 αὐτὰ
1513 5536 1585 5590 τὰ
1608 5537 1905 5591 δεσποτικὰ
1946 5539 2200 5610 ῥήματα·

630 5639 828 5695 ιὈταν
858 5638 967 5709 γὰρ
997 5634 1292 5690 ἀπέστειλα
1326 5632 1492 5705 ὑμᾶς,
1536 5649 1555 5685 ι
1592 5630 1748 5703 φησι.
1782 5630 1913 5698 Καὶ,
1953 5647 1972 5684 t
2001 5628 2116 5684 Νῦν
2144 5629 2202 5684 δὲ

694 5780 718 5815 ⁷
747 5777 883 5835 Joel.
923 5794 1003 5843 ιιι,
1041 5777 1118 5832 10.

2382 5447 2469 5501 10.
2515 5446 2618 5502 Sed
2660 5447 2808 5503 enim
2845 5448 2929 5503 his
2959 5448 3050 5516 qui
3086 5447 3187 5502 hac
3216 5444 3430 5500 ratione
3460 5436 3894 5498 controversiam

2309 5539 2595 5606 dirimunt,
2635 5540 2750 5611 ipsa
2802 5540 3036 5595 fortasse
3076 5538 3355 5594 Dominica
3406 5536 3571 5590 verba
3619 5529 3899 5587 contradi-

2308 5641 2479 5689 cunt:
2519 5650 2539 5685 ι
2575 5632 2712 5689 Cum
2744 5634 2869 5692 misi
2894 5649 3013 5700 vos,
3051 5652 3070 5686 ι
3107 5632 3307 5706 inquit.
3338 5650 3357 5684 ι
3383 5628 3541 5685 Nunc
3562 5637 3743 5683 autem
3776 5622 3897 5679 dico
