4134 6496
388 360 460 427 59
1547 360 1813 422 ΡΙΙΟΤΙΙ
1854 359 2364 424 ΡΛΤΒΙΑΒΕΗᾸΞ
2396 358 2503 418 ΟΡ.
3606 351 3690 415 60

396 472 592 540 vobis;
629 491 648 526 ι
679 488 789 529 non
826 472 948 529 aliis
983 472 1076 528 sed
1102 473 1259 529 vobis
1296 472 1454 544 ipsis,
1486 490 1627 544 quos
1658 485 1815 531 antea
1846 492 1983 547 prae-

2090 477 2231 544 λέγω
2254 476 2383 539 ὑμῖν
2404 490 2417 505 ο
2462 492 2479 524 ι
2515 471 2615 526 οὐκ
2646 470 2829 535 ἀλλοις
2874 468 2994 524 ἀλλ’
3030 469 3161 539 ὑμῖν
3208 467 3413 531 αὐτοῖς,
3446 465 3538 531 οὓς
3583 462 3693 519 καὶ

388 565 628 618 dicatum
666 565 810 618 misi.
856 566 1035 631 Quare
1072 565 1225 619 locus
1271 564 1598 634 recipiendae
1625 582 1978 636 personarum

389 658 674 711 mutationi
707 658 889 711 nullus
920 666 1026 718 est.
1055 657 1168 711 lino
1190 674 1319 713 vero
1349 659 1480 729 quid
1518 668 1979 724 consentaneum,

386 748 472 801 vel
506 764 664 816 quem
707 765 907 803 nexum
955 750 1156 803 habent
1184 752 1347 805 verba
1380 769 1393 806 :
1438 770 1456 801 ι
1495 751 1653 807 Nunc
1682 752 1775 822 qui
1824 752 1986 807 habet

389 854 737 905 crumenam,
775 849 959 894 sumat
994 842 1201 910 pariter
1252 851 1307 896 et
1342 856 1553 911 peram,
1602 860 1621 893 ›
1673 859 1794 897 cum
1848 858 1985 912 pau-

388 933 613 1000 perlatis
657 934 961 988 mandato?
982 934 1095 989 Cur
1120 934 1265 988 enim
1304 952 1509 1005 pauper
1539 952 1858 991 crumenam
1891 937 1988 990 ba-

389 1025 570 1092 heretf!
586 1024 706 1077 .Iam
733 1026 848 1094 ipsa
869 1042 1011 1091 perae
1031 1041 1151 1079 cum
1174 1041 1433 1080 crumena
1454 1028 1784 1097 assumptio,
1808 1027 1987 1095 quod—

392 1131 537 1176 nam.
576 1132 786 1184 quzeso,
818 1116 1033 1171 Judaici
1061 1119 1213 1171 exitii
1256 1118 1572 1172 vaticinium
1600 1119 1814 1172 innuit?
1845 1118 1989 1173 Sane

392 1206 507 1259 haec
562 1207 881 1274 opinionum
954 1208 1230 1277 indagatio
1284 1210 1327 1261 si
1389 1210 1560 1263 libero
1610 1208 1821 1277 judicio
1872 1211 1986 1273 liat,

393 1298 775 1366 praedictarum
832 1316 1052 1369 quoque
1116 1303 1520 1356 sententiarum
1563 1303 1842 1357 nonnullis
1885 1302 1989 1356 0b-

396 1391 584 1456 stabit,
623 1407 799 1460 neque
844 1393 992 1446 siuet
1037 1394 1317 1447 indubiam
1360 1394 1691 1449 solutionem
1736 1395 1988 1449 evadere.

396 1480 650 1549 Namque
698 1484 825 1536 olim
881 1485 1231 1540 interdixisse
1280 1486 1593 1555 discipulis,
1629 1486 1824 1540 deinde
1854 1502 1993 1540 con-

402 1575 659 1636 cessisse,
712 1590 872 1644 opes;
928 1576 1033 1641 his,
1092 1578 1350 1647 inquam,
1399 1579 1673 1633 mandatis
1727 1579 1819 1647 qui
1872 1579 1989 1634 ﬁeri

402 1680 582 1741 potest
609 1680 667 1724 ut
709 1671 1152 1723 accouunodetur
1192 1671 1395 1723 dictqu
1438 1671 1567 1723 illud
1604 1687 1617 1722 :
1656 1691 1674 1722 «
1713 1670 1867 1725 Nunc
1899 1670 1991 1741 qui

396 1764 559 1817 habet
604 1778 952 1825 crumenam,
1004 1770 1186 1816 sumat
1231 1773 1286 1815 et
1336 1762 1563 1833 peram?
1621 1781 1639 1813 ι
1686 1779 1991 1833 rursusque

397 1856 525 1910 illud
574 1874 586 1909 :
632 1874 649 1906 ι
693 1855 785 1925 qui
820 1864 1001 1907 autem
1046 1871 1154 1908 non
1190 1855 1371 1918 habet,
1408 1854 1701 1908 divenditis
1742 1855 1989 1909 vestibus

396 1948 636 2018 gladium
674 1947 853 2001 emet?
882 1965 898 1997 ι
932 1944 1117 2015 Neque
1142 1962 1291 2011 vero,
1322 1946 1366 1999 si
1403 1946 1484 2000 vel
1529 1946 1645 1999 lucc
1674 1946 1989 2000 concedan-

400 2051 511 2104 tur,
557 2041 761 2095 idcirco
806 2049 1030 2110 apparet
1068 2040 1265 2109 prioris
1309 2040 1546 2094 mandati
1582 2040 1723 2109 apud
1764 2054 1861 2093 eos
1892 2038 1987 2109 qui

399 2142 729 2204 acceperant
781 2134 1166 2187 observantia:
1218 2133 1424 2203 alioqui
1481 2135 1661 2188 nullus
1714 2148 1991 2188 crumenze

396 2228 551 2280 lorus
595 2234 760 2280 esset.
820 2224 1103 2280 Posterius
1135 2238 1313 2279 autem
1365 2228 1679 2279 mandatum
1724 2242 1832 2279 non
1878 2235 1989 2279 tam

397 2315 715 2385 possidendi
744 2316 960 2385 copiam
1004 2314 1151 2379 facit,
1189 2331 1354 2385 quam
1389 2316 1697 2385 superioris
1738 2316 1992 2368 violatio-

399 2426 518 2462 nem
564 2410 834 2478 coarguit.
884 2408 1015 2473 Qua:
1066 2423 1190 2460 cum
1241 2408 1313 2461 ita
1354 2422 1415 2461 se
1465 2408 1739 2473 habeant,
1790 2407 1991 2459 nihilo-

398 2504 585 2556 minus
633 2518 820 2557 sacros
868 2503 988 2555 illos
1032 2501 1355 2570 interpretes
1402 2511 1621 2571 propter
1671 2517 1772 2555 sua
1807 2502 1989 2571 priora

399 2596 708 2650 tentamina
755 2597 1016 2665 piumque
1064 2594 1311 2648 animum
1352 2594 1552 2649 divinis
1593 2594 1881 2662 pra-comis
1910 2592 1991 2648 ef-

400 2690 433 2741 [ι
456 2704 544 2741 rre
570 2689 745 2743 de'cet.
774 2685 949 2757 Opum
981 2687 1178 2757 quippe
1199 2687 1732 2741 hermeneuticarum
1770 2687 1987 2741 initium

400 2780 529 2833 imle
580 2788 863 2835 traxerunt
899 2782 956 2845 ii,
1003 2781 1093 2850 qui
1142 2782 1262 2837 illos
1309 2783 1588 2835 consecuti
1623 2792 1773 2846 sunt,
1816 2783 1991 2837 inter-

399 2883 605 2943 pretes,
639 2874 948 2929 seminibus
982 2874 1237 2928 nimirum
1274 2876 1515 2945 acceptis
1546 2889 1610 2929 ac
1647 2875 1987 2931 solutionum

412 2966 822 3021 aeruratiorum
867 2967 1144 3036 primitiis.
1188 2968 1355 3039 quue
1406 2968 1580 3038 magis
1627 2968 1733 3023 illis
1773 2978 1988 3035 patrum

403 3071 493 3123 ius
521 3073 650 3126 erga
685 3073 781 3111 nos
814 3059 1031 3125 asserit,
1058 3074 1265 3129 nosque
1295 3058 1477 3113 oumis
1506 3059 1864 3113 observantiae
1896 3059 1991 3113 de-

2085 565 2383 637 κηρύσσειν
2440 562 2777 617 ἀπέστειλασ
2810 560 2953 613 ὥστε
2987 560 3082 613 νῦν
3122 560 3157 629 ἡ
3204 558 3314 610 τῶν
3363 556 3693 628 προσώπων

2087 657 2376 727 ὑπαλλαγὴ
2426 656 2687 725 οὐδεμίαν
2736 655 2985 726 εὑρίσκει
3032 652 3219 722 χώραν
3261 651 3556 719 ἀποδοχῆς.
3605 647 3691 700 Οὐ

2089 751 2197 821 μὴν
2230 750 2367 803 ἀλλά
2400 749 2497 801 καὶ
2526 749 2647 800 τίνα
2676 747 2857 814 λόγον,
2894 747 3049 798 ποῖον
3082 744 3141 798 δὲ
3173 742 3535 797 συνδιασώσει
3562 741 3698 807 εἱρ-

2091 841 2189 911 μὸν
2228 840 2309 905 τὸ,
2345 859 2363 891 ι
2413 839 2573 892 Ἀλλά
2623 837 2717 891 νῦν
2763 839 2791 890 ό
2840 836 2981 905 ἔχων
3033 834 3320 901 βαλάντιον
3354 832 3544 903 ἀράτω
3583 828 3696 881 καὶ

2092 938 2299 1006 πήραν,
2338 953 2355 985 ι
2394 936 2531 1003 πρδς
2559 931 2659 1003 τὴν
2701 931 2800 999 τῆς
2838 928 3226 999 ἀκτημοσύνης
3259 926 3515 996 ἐντολήν;
3554 923 3699 983 Πῶς

2088 1028 2197 1097 γὰρ
2237 1026 2303 1079 ἂν
2352 1026 2381 1077 ό
2415 1026 2680 1093 ἀκτήμων
2718 1022 3002 1092 βαλάντιον
3028 1020 3181 1091 ἔχοις
3218 1018 3351 1072 Τίνα
3382 1019 3439 1071 δὲ
3468 1033 3699 1088 προεΡτΓ

2087 1119 2242 1172 τείαν
2289 1117 2349 1170 τὸ
2396 1116 2727 1188 προσλαϐεῖν
2760 1115 2839 1184 τῷ
2880 1113 3152 1185 βαλαντίῳ
3204 1112 3298 1164 καὶ
3351 1112 3536 1182 πήραν
3579 1112 3695 1179 τῆς

2090 1214 2200 1267 τῶν
2260 1211 2533 1265 Ἰουδαίων
2592 1209 2903 1278 ὑπογράφει
2967 1206 3388 1275 καταστροφῆςς
3452 1203 3593 1255 Ἀλλ’
3654 1203 3695 1270 ἡ

2091 1304 2314 1374 τοιαύτη
2364 1303 2465 1372 μὲν
2518 1301 2714 1372 ἔρευνα
2744 1300 2853 1353 τῶν
2884 1297 3161 1368 λογισμῶν
3189 1296 3471 1365 άδεκάστῳ
3499 1294 3696 1365 κρίσει

2093 1398 2186 1451 καὶ
2213 1397 2322 1450 τῶν
2371 1394 2683 1467 ἔμπροσθεν
2714 1392 3125 1462 ἀποδεδομένων
3158 1391 3334 1457 λόγων
3369 1389 3530 1449 ἐνίοις
3568 1388 3696 1439 τισὶ

2093 1489 2357 1552 διανοίαις
2388 1486 2640 1558 ἐμποδὼν
2667 1486 2732 1540 ἂν
2756 1488 2938 1557 σταίη,
2972 1485 3067 1538 καὶ
3090 1486 3190 1537 οὐκ
3209 1483 3273 1536 ἂν
3302 1482 3694 1552 συγχωρήσειε

2092 1582 2193 1651 τὴν
2226 1580 2381 1633 λύσιν
2405 1578 2888 1650 ἀναμφισϐήτητον
2913 1575 3197 1647 προελθεῖν
3216 1591 3230 1603 ·
3268 1574 3327 1627 τὸ
3357 1574 3466 1642 γαρ
3507 1572 3692 1626 πάλαι

2099 1675 2199 1746 μὲν
2250 1678 2363 1737 τοῖς
2398 1672 2668 1743 μαθηταῖς
2703 1670 3081 1734 ἀποκωλῦσαι,
3123 1668 3351 1738 ὕστερον
3376 1667 3421 1719 δ’
3456 1664 3690 1735 ἐπιτρέ-

2094 1766 2195 1833 ψαι
2243 1764 2344 1836 την
2378 1765 2607 1834 κτῆσιν·
2648 1761 2875 1823 ταύταις
2916 1761 2971 1814 δὲ
3027 1762 3146 1822 ταῖς
3189 1759 3430 1819 ἐντολαῖς
3460 1756 3575 1820 πῶς
3616 1757 3697 1808 ἂν

2023 1834 2063 1891 Β
2093 1834 2459 1929 ἐφελκυσθείη
2494 1860 2835 1927 συναρμόσαι
2862 1855 2943 1919 τὸ,
2981 1872 2998 1905 ι
3030 1853 3191 1907 ’Λλλά
3230 1852 3327 1905 νῦν
3352 1852 3378 1904 ό
3414 1851 3552 1921 έχων
3584 1849 3691 1919 βα-

2092 1953 2306 2006 λάντιον
2335 1952 2524 2019 ἀράτω
2560 1950 2657 2003 καὶ⁸
2684 1950 2759 2019 πή
2771 1963 2907 2017 ρανς
2936 1966 2952 1999 ι
2981 1946 3077 1999 καὶ
3107 1946 3189 2008 τὸ,
3228 1964 3246 1997 ι
3268 1945 3328 1997 Ὀ
3357 1943 3413 1996 δὲ
3448 1946 3522 2012 μὴ
3547 1942 3693 2011 ἔχων

2093 2043 2338 2114 πωλήσει
2362 2042 2420 2094 τὸ
2446 2042 2661 2111 ἱμάτιον
2691 2039 2878 2105 αὑτοῦ,
2903 2039 2998 2092 καὶ
3029 2039 3291 2106 ἀγοράσει
3317 2036 3595 2106 μάχαιραν
3622 2052 3638 2097 ;
3664 2052 3684 2084 ι

2092 2137 2232 2192 Οὔτε
2266 2136 2374 2207 γάρ
2409 2136 2457 2187 εί
2491 2133 2666 2188 ταῦτα
2710 2132 2891 2203 δοθείη
2919 2171 2935 2195 ,
2986 2132 3083 2201 τῆς
3132 2130 3406 2201 προτέρας
3461 2126 3691 2195 ἐντολῆς

2092 2230 2344 2301 οὐδαμῶς
2380 2225 2817 2296 ἐπιγινώσκεται
2850 2227 2962 2288 τοῖς
3017 2222 3281 2276 λαϐοῦσιν
3332 2223 3365 2291 ή
3425 2219 3687 2288 φυλακή*

2092 2322 2153 2376 ού
2189 2322 2297 2391 γάρ
2344 2321 2409 2375 ἂν
2472 2320 2657 2391 χώραν
2690 2313 2803 2389 εἶχε
2867 2317 2931 2370 τὸ
2993 2316 3298 2387 βαλάντιον.
3350 2314 3524 2384 Καὶὴ
3564 2315 3693 2366 δευ-

2091 2416 2227 2486 τέρα
2282 2413 2340 2466 δὲ
2398 2413 2498 2465 οὐκ
2539 2409 2845 2482 ἐπιτροπὴν
2878 2410 3090 2476 εἰσάγει
3142 2407 3345 2478 μᾶλλον
3415 2404 3510 2458 τοῦ
3546 2411 3688 2474 κτή-

2094 2505 2315 2571 σασθαι,
2361 2504 2477 2557 ἀλλ’
2526 2503 2748 2572 ἔλεγχον
2791 2501 2886 2554 τοῦ
2925 2502 3000 2572 μὴ
3033 2500 3266 2569 φυλάξαι
3300 2498 3369 2552 τά
3404 2498 3646 2569 πρότερα
3669 2512 3687 2529 ·

2093 2598 2231 2652 ἀλλά
2258 2599 2366 2669 γὰρ
2395 2597 2522 2657 τοὺς
2552 2596 2651 2665 μὲν
2695 2592 2875 2665 ἱεροὺς
2918 2592 3161 2655 ἐκείνους
3201 2590 3398 2660 ἄνδρας
3429 2590 3585 2658 ἄγειν
3624 2606 3689 2642 τε

2092 2690 2269 2763 χρεὼν
2304 2691 2397 2743 καὶ
2419 2687 2660 2751 θειάζειν
2690 2687 2790 2757 τῆς
2819 2702 2877 2738 τε
2912 2684 3138 2755 πρώτης
3168 2682 3429 2753 ἐπιϐολῆς
3456 2684 3552 2735 καὶ
3582 2681 3688 2752 τῆς

2092 2782 2425 2852 εὐσεϐούσης
2468 2778 2728 2849 γνώμηςο
2765 2778 2861 2830 καὶ
2908 2777 2990 2831 ὅτι
3030 2776 3128 2842 τὴν
3172 2774 3347 2845 ἀρχὴν
3376 2773 3480 2843 τῆς
3518 2774 3687 2827 εὐπο-

2094 2876 2217 2950 ρίας
2250 2873 2465 2928 ἐκεῖθεν
2508 2872 2559 2925 οἱ
2594 2870 2714 2941 μετ’
2747 2869 2945 2933 αὐτοὺς
2987 2867 3332 2934 ἀνεδέξαντο,
3388 2868 3686 2936 σπέρματα

2091 2969 2352 3032 λαϐόντες
2382 2968 2479 3021 καὶ
2510 2963 2768 3034 ἀπαρχάς
2795 2960 3206 3033 ἀκριϐεστέρων
3238 2959 3546 3013 ἐπιλύσεων
3595 2958 3690 3012 καὶ

2090 3064 2151 3117 τό
2191 3078 2255 3129 γε
2286 3060 2534 3130 πατέρας
2578 3056 2775 3118 αὐτοὺς
2806 3054 3006 3125 μᾶλλον
3036 3053 3169 3123 ἡμῖν
3197 3050 3545 3121 ἐπιγράφων,
3586 3048 3686 3102 καὶ

398 3149 610 3203 hitores
645 3149 1008 3215 dctnoustrat,
1048 3152 1197 3221 quod
1230 3151 1492 3205 nimirum
1537 3150 1761 3206 acribus
1792 3165 1986 3205 eorum

2092 3154 2358 3228 τροφείων
2385 3153 2530 3223 ἡμᾶς
2556 3151 2856 3218 ἀποφαῖνον
2895 3146 3197 3220 χρεώστας,
3233 3146 3317 3198 ὅτι
3341 3145 3464 3207 ταῖς
3494 3144 3685 3196 συντό-

397 3242 690 3297 conatibus
734 3259 798 3297 ac
846 3244 1149 3305 laboribus,
1202 3259 1346 3299 nunc
1397 3244 1617 3299 demum
1668 3244 1733 3297 ad
1777 3245 1990 3313 apicem

395 3334 581 3388 videre
626 3333 750 3388 licet
780 3350 1058 3389 sacrarum
1106 3335 1437 3390 Litterarum
1476 3335 1989 3405 interpretationem

398 3435 733 3495 provectam,
792 3442 891 3481 nec
946 3429 1187 3498 cuipiam
1226 3427 1457 3482 inscitia:
1488 3437 1582 3481 aut
1629 3427 1990 3482 dubitationis

399 3536 589 3574 ansam
629 3519 742 3585 jam
775 3536 899 3574 esse
929 3523 1199 3576 relictam.

478 3609 561 3661 ll.
604 3608 759 3674 Quod
794 3610 837 3664 si
872 3609 1009 3663 forte
1038 3611 1238 3680 aliquis
1264 3611 1438 3665 sancti
1465 3609 1704 3679 Spiritus
1726 3612 1987 3667 instinctu

396 3698 568 3767 dicat,
601 3702 897 3770 praedictas
920 3702 1256 3758 offensiones
1286 3703 1601 3757 declinandi
1651 3719 1839 3767 causa,
1880 3704 1991 3772 ple-

399 3805 602 3859 rasque
651 3806 841 3844 earum
887 3806 1009 3861 quae
1057 3792 1111 3846 in
1164 3793 1347 3847 divina
1402 3790 1683 3863 Scriptura
1734 3794 1991 3848 videntur

398 3883 888 3947 contradictiones,
924 3885 1141 3940 inscitia
1180 3885 1455 3941 malitiave
1505 3902 1693 3940 eorum
1741 3887 1859 3941 ﬁeri
1893 3889 1987 3957 qui

399 3982 579 4027 textus
610 3974 732 4029 illos
759 3986 1110 4046 oppugnant;
1137 3977 1212 4041 id,
1238 3977 1487 4046 inquam,
1518 3990 1664 4032 recte
1691 3979 1986 4033 admodum

397 4064 661 4133 justeque
685 4066 923 4123 dicetur.
963 4068 1177 4123 Etenim
1212 4069 1411 4138 partim
1449 4069 1595 4123 haud
1633 4072 1988 4126 considerant

397 4156 844 4214 circumstantias
906 4161 1109 4230 quibus
1169 4163 1544 4231 repugnautize
1609 4165 1983 4233 auferuntur,

398 4252 598 4319 partim
632 4267 764 4305 vero
797 4254 1150 4323 improbitate
1190 4269 1291 4307 sua
1336 4255 1713 4311 diliicultatem
1750 4274 1988 4329 exagge-

398 4350 543 4396 rant.
599 4344 855 4396 Attamen
928 4360 1290 4413 personarum
1358 4346 1772 4404 circumstantia
1842 4349 1988 4404 haud

397 4448 727 4504 magnopere
775 4439 1026 4505 praesenti
1062 4450 1385 4509 argumento
1419 4441 1663 4509 prodest,
1709 4442 1803 4496 sed
1839 4442 1986 4512 ipsa-

2095 3266 2206 3312 νςις
2247 3246 2427 3301 αὐτῶν
2488 3242 2774 3305 ἐπιϐολαῖς
2821 3241 2917 3294 καὶ⁵
2966 3240 3324 3310 φιλοπονίαις,
3372 3240 3452 3302 είς
3511 3237 3686 3307 ἀκρον

2094 3342 2246 3396 ἐστιν
2298 3341 2430 3394 ἰδεῖν
2478 3337 2549 3391 τά
2592 3336 2820 3390 πλεῖστα
2847 3334 2957 3388 τῶν
2992 3333 3153 3407 ἱερῶν
3198 3332 3545 3404 γραμμάτων
3584 3330 3686 3399 τήν

2092 3432 2357 3505 ἐργασίαν
2420 3428 2804 3499 ἀπειληφότα,
2881 3426 2979 3480 καὶ
3041 3425 3315 3497 μηδεμίαν
3364 3423 3587 3491 ἀγνοίας
3645 3421 3682 3490 ἢ

2091 3525 2561 3599 ἀμφισϐητήσεως
2584 3539 2695 3577 τισι
2723 3520 3154 3576 καταλελοιπότα
3181 3518 3483 3589 πρόφασιν.

2170 3618 2260 3672 ια’.
2300 3616 2440 3686 Φαίη
2462 3616 2506 3668 δ’
2534 3615 2600 3669 ἄν
2632 3630 2717 3676 τις
2756 3614 2885 3676 ἴσως
2910 3611 3090 3681 ὁδηγῷ
3120 3610 3197 3679 τῷ
3232 3608 3514 3678 Πνεύματι
3540 3606 3684 3678 χρώ-

2097 3729 2276 3783 μενος,
2324 3710 2469 3764 ὥστε
2496 3709 2591 3762 καὶ
2625 3708 2722 3771 τὰς
2756 3706 3056 3777 εἰρημένας
3086 3703 3258 3767 λαϐάς
3286 3703 3572 3770 ἐκφυγεῖν,
3606 3702 3681 3764 ὡς

2092 3805 2151 3858 τὸ
2185 3804 2285 3874 μὲν
2336 3801 2509 3855 πολλά
2564 3800 2673 3853 τῶν
2709 3800 3052 3868 φαινομένων
3105 3800 3162 3850 ὲν
3204 3798 3269 3866 τῇ
3311 3794 3432 3865 θεία
3490 3794 3680 3864 Γραφῇ

2095 3894 2365 3967 μάχεσθαι
2410 3896 2564 3963 παρά
2606 3892 2705 3961 τὴν
2737 3893 2961 3959 ἄγνοιαν
2999 3891 3030 3961 ἢ
3063 3891 3164 3961 τὴν
3192 3890 3534 3960 κακουργίαν
3572 3888 3680 3941 τῶν

2090 3992 2202 4052 τοῖς
2239 3990 2423 4058 ῥητοῖς
2466 3985 2891 4048 ἐπιϐαλλόντων,
2930 3982 3105 4053 ὀρθῶς
3136 4000 3197 4035 τε
3231 3984 3324 4036 καὶ
3357 3981 3582 4045 δικαίως
3613 3981 3682 4034 εῖ-

2095 4094 2287 4151 ρηται·
2323 4081 2372 4131 οί
2408 4079 2508 4150 μὲν
2542 4079 2651 4146 γὰρ
2704 4078 2766 4130 οὐ
2818 4075 3155 4146 συνορῶντες
3198 4074 3267 4127 τά
3317 4074 3683 4145 περιστατικά

2088 4172 2155 4225 δι’
2186 4165 2261 4224 ὧν
2290 4171 2358 4225 τά
2390 4170 2679 4241 μαχόμενα
2711 4169 2936 4223 λύεται·
2968 4170 3017 4221 οί
3061 4167 3120 4220 δὲ
3163 4166 3681 4237 κακομηχανοῦντες

2089 4264 2187 4336 τὴν
2233 4265 2471 4335 ἀπορίαν
2500 4262 2862 4335 κρατύνουσιο
2914 4261 3055 4331 πλὴν
3097 4261 3235 4314 ἀλλά
3264 4276 3329 4328 γε
3373 4260 3469 4313 νῦν
3502 4262 3535 4331 ή
3573 4259 3681 4314 ἀπὸ

2088 4355 2185 4410 τοῦ
2236 4356 2536 4425 προσώπου
2569 4356 2898 4427 περίστασις
2929 4355 3085 4408 οὐδὲν
3136 4355 3281 4425 μέγα
3327 4356 3393 4423 τῇ
3429 4356 3678 4423 παρούσῃ

2092 4452 2300 4524 θεωρίᾳ
2352 4451 2743 4523 συμϐάλλεται,
2795 4451 2974 4504 αὐτῶν
3019 4451 3077 4504 δὲ
3123 4452 3325 4521 μᾶλλον
3357 4451 3466 4504 τῶν
3516 4451 3681 4521 ἱερῶν

399 4540 520 4579 rum
565 4527 749 4596 potius
781 4545 1067 4585 sacrarum
1123 4532 1430 4587 litterarum
1475 4534 1707 4603 diligens
1734 4535 1984 4591 conside-

2090 4545 2439 4617 γραμμάτων
2469 4547 2503 4616 ή
2534 4544 2770 4614 ἀκριϐὴς
2818 4541 3167 4608 συνεξέτασις
3203 4543 3260 4609 ἐξ
3317 4544 3523 4597 ἑαυτῶν
3560 4544 3679 4597 δια-

399 4617 562 4681 ratio,
617 4619 845 4674 inscitia:
905 4622 1097 4677 sordes
1164 4624 1401 4692 puritate
1459 4624 1543 4678 sui
1599 4640 1794 4681 sensus
1856 4626 1987 4681 hinc

396 4710 607 4778 ejiciet.
651 4710 895 4782 Sequere
944 4730 1033 4770 me
1068 4714 1232 4786 igitur
1267 4716 1594 4786 cogitatione
1628 4726 1741 4785 tua,
1776 4734 1988 4772 meam-

396 4818 504 4869 que
528 4820 748 4871 operam
778 4805 1063 4861 comitare.
1092 4807 1278 4861 Primo
1299 4809 1520 4877 quidem
1551 4808 1817 4865 Dominus
1845 4810 1985 4864 haud

393 4892 546 4960 jubet
572 4894 870 4963 discipulos
903 4912 1224 4953 crumenam
1259 4914 1470 4969 gerere,
1515 4916 1704 4954 vermn
1748 4917 1843 4957 eos
1893 4903 1988 4971 qui

398 4981 538 5036 hanc
591 4985 879 5049 baberent,
932 5003 1118 5057 peram
1165 5005 1384 5060 quoque
1430 4989 1595 5045 simul
1637 4988 1780 5045 ferre
1829 4992 1985 5046 sinit.

395 5073 522 5140 Qui,
550 5090 756 5144 quaeso,
801 5078 916 5133 hinc
973 5079 1116 5135 inter
1151 5096 1209 5135 se
1245 5083 1551 5146 dissonant,
1588 5082 1672 5135 vel
1712 5085 1989 5152 quomodo

396 5166 497 5221 sibi
529 5167 937 5223 adversantur?
968 5170 1020 5223 in
1052 5174 1452 5243 discipulorum
1504 5189 1738 5228 numero
1786 5176 1991 5230 habere

395 5275 459 5313 ac
482 5260 777 5327 praedicare
798 5277 894 5317 eos
917 5265 1010 5334 qui
1036 5268 1374 5335 paupertatis
1409 5269 1725 5321 mandatum
1752 5278 1985 5334 curant;

395 5352 757 5410 violatoribus
790 5365 973 5411 autem
1007 5358 1313 5431 indulgere,
1351 5373 1517 5430 atque
1552 5361 1672 5430 ejus
1730 5364 1804 5417 rei
1848 5376 1989 5431 prce-

398 5453 619 5510 ceplum
655 5446 970 5513 antiquare.
1010 5451 1220 5503 litenim
1267 5453 1498 5507 iulirnue
1529 5454 1695 5507 menti
1724 5454 1990 5509 severitas

395 5535 847 5620 regulaeinutilis
891 5549 1007 5604 est;
1057 5552 1111 5595 et
1161 5545 1258 5611 qui
1312 5547 1595 5614 superiore
1646 5548 1753 5600 vita
1802 5548 1991 5617 negle-

395 5633 510 5678 tum
560 5626 695 5695 legis
732 5644 842 5696 prae
882 5644 941 5683 se
970 5632 1114 5696 tulit,
1149 5635 1195 5688 is
1228 5636 1437 5691 inhibet
1466 5638 1784 5693 ulteriorem
1818 5640 1990 5708 legis-

395 5718 586 5776 latoris
618 5720 1055 5788 providentiam.
1088 5725 1420 5783 Conceditur
1451 5745 1605 5801 ergo,
1636 5740 1698 5786 ut
1727 5731 1989 5797 diximus,

398 5808 724 5870 habentibus
758 5829 1084 5870 crumenam
1112 5819 1274 5875 etiam
1303 5836 1471 5891 pera;
1508 5823 1590 5879 vel
1625 5823 1810 5893 potius
1842 5823 1992 5879 futu-

2090 4637 2415 4700 σκεδάζεται
2452 4635 2811 4690 ἐπιθολοῦσαν
2843 4637 3068 4703 ἄγνοιαν
3098 4637 3165 4705 τῇ
3218 4634 3553 4706 καθαρότητι
3584 4634 3678 4687 τοῦ

2088 4729 2383 4800 νοήματος.
2417 4728 2526 4781 Καί
2566 4745 2656 4795 μοι
2691 4728 3082 4781 συνδιασκόπει
3110 4729 3222 4790 τοῖς
3269 4726 3549 4794 λογισμοῖς
3584 4726 3680 4778 καὶ

2091 4820 2478 4875 συνακολούθει
2507 4820 2584 4892 τῷ
2614 4823 2999 4894 ἐγχειρήματι.
3042 4821 3268 4892 Πρῶτον
3297 4821 3395 4891 μὲν
3421 4820 3449 4872 ό
3474 4820 3679 4873 Δεσπό-

2088 4930 2188 4981 της
2224 4914 2324 4966 οὐκ
2360 4915 2641 4967 ἐπιτάττει
2687 4915 2814 4977 τοὺς
2864 4913 3114 4984 μαθητὰς
3166 4913 3449 4983 βαλάντιον
3478 4914 3677 4981 αἴρειν,

2089 5004 2227 5058 ἀλλά
2266 5006 2392 5067 τοὺς
2421 5004 2669 5075 ἔχοντας,
2707 5005 2803 5058 καὶ
2832 5007 3015 5077 πήραν
3048 5006 3433 5075 συνεπιφέρειν
3459 5005 3675 5075 ἀφίησι.

2092 5094 2201 5148 Ποῦ
2250 5095 2431 5148 τοίνυν
2474 5096 2648 5148 ταῦτα
2679 5097 3007 5167 ἀσύμφωνα,
3050 5099 3144 5150 καὶ
3174 5096 3290 5159 πῶς
3326 5098 3391 5150 ἂν
3426 5094 3680 5165 ἀλλήλοις

2094 5188 2356 5257 μάχοιτο;
2422 5191 2671 5259 μαθητὰς
2731 5193 2830 5260 μὲν
2883 5193 3059 5244 ποιεῖν
3109 5192 3205 5244 καὶ
3253 5189 3529 5244 δεικνύναι
3575 5190 3679 5258 τῆς

2091 5278 2481 5351 ἀκτημοσύνης
2541 5282 2960 5351 νομοφύλακας,
3032 5282 3159 5345 τοὺς
3220 5282 3558 5352 ήθετηκότας
3620 5281 3678 5334 δὲ

2094 5374 2418 5441 συγχωρεῖν,
2465 5375 2603 5427 κάπὶ
2632 5375 2740 5427 τῶν
2774 5376 2975 5445 ὁμοίων
3009 5375 3156 5429 λύειν
3198 5375 3259 5428 τὸ
3303 5375 3637 5444 πρόσταγμα
3658 5390 3673 5404 ⁸

2092 5459 2491 5531 ἁρρωστήματι
2531 5464 2640 5534 γάρ
2676 5464 2900 5535 γνώμης
2952 5466 3131 5521 κανὼν
3164 5466 3452 5537 ἀκριϐείας
3500 5464 3678 5534 άσύμ-

2094 5567 2261 5621 φορον
2286 5569 2298 5582 ·
2334 5554 2430 5606 καὶ
2455 5555 2483 5605 ὁ
2516 5555 2639 5619 δοὺς
2693 5561 2807 5620 τοῖς
2854 5556 3191 5628 προλαϐοῦσι
3234 5560 3331 5628 τῆς
3379 5556 3679 5629 ὀλιγωρίας

2091 5643 2184 5696 τὸν
2227 5642 2466 5716 ἔλεγχον,
2519 5648 2681 5712 αὐτὸς
2722 5650 3060 5719 ἀναχαιτίζει
3112 5650 3209 5703 τοῦ
3245 5651 3537 5720 νομοθέτου
3578 5650 3677 5720 τὴν

2092 5733 2191 5786 ἐπὶ
2228 5738 2337 5799 τοῖς
2386 5736 2645 5807 μέλλουσι
2678 5740 2958 5810 πρόνοιαν.
3006 5741 3382 5812 Συγχωρείται
3423 5740 3522 5810 μὲν
3560 5736 3674 5802 οὖν,

2093 5826 2168 5891 ὡς
2221 5827 2455 5901 ἔφημεν,
2505 5833 2617 5895 τοῖς
2661 5833 3025 5905 κτησαμένοις
3068 5835 3129 5888 τὸ
3175 5834 3458 5904 βαλάντιον
3508 5831 3602 5886 καὶ
3642 5833 3676 5903 ή
