4134 6468
329 320 394 388 εἰ
1383 320 1484 381 AD
1513 320 2112 382 AMPHILOCHIUM
2149 322 2496 395 QUAESTIO
2529 324 2580 385 Ι.

3541 335 3615 401 62

330 437 482 507 πήρα
506 450 522 466 ⁸
548 434 582 508 ἢ
607 473 624 501 ,
650 434 701 489 εί
732 433 956 506 βούλει,
988 435 1474 506 προαναφωνεῖται
1506 434 1610 501 τῆς
1648 435 1904 504 ἐσομένης

2022 448 2142 486 rum
2181 433 2302 488 vita:
2329 451 2502 503 genus
2523 450 2738 502 eorum,
2767 435 2861 506 qui
2888 435 3071 508 priora
3096 439 3349 496 mandata
3383 443 3612 502 minime

329 527 607 591 πολιτείας
659 531 773 590 τοῖς
827 527 902 596 μὴ
951 527 1022 582 τά
1070 526 1355 594 φθάσαντα
1423 529 1835 598 συντηρήσασιν
1892 529 1919 580 6

326 621 552 692 «:9di
584 621 829 674 ἐναντίον
855 621 911 673 δὲ
945 623 1009 690 τῇ
1035 621 1246 691 ἐντολῇ,
1276 621 1345 674 δι’
1368 614 1435 692 ἧς
1461 621 1510 673 οξ
1536 621 1918 684 τελειωθέντες

329 712 423 782 τὴν
467 712 856 783 ἀκτημοσύνην
903 712 1298 783 κατώρθωσαν,
1343 715 1597 785 οὐδαμῶς
1655 713 1722 768 ἂν
1757 715 1917 768 τοῦτο

329 806 678 878 συνοραθείη.
725 806 893 877 Ὁρᾷς
924 807 1043 868 πῶς
1069 805 1128 871 ἐξ
1159 807 1336 876 αὐτῆς
1379 807 1481 876 τῆς
1511 807 1711 874 λέξεως
1744 807 1916 860 καθα-

329 895 494 966 ρῶςή
524 895 679 957 λύσις
716 895 1083 964 προέρχεται,
1117 895 1287 965 μηδὲν
1311 896 1550 964 ἐργῶδες
1584 896 1721 966 μηδὲ
1763 913 1918 966 περι-

324 989 649 1058 νενοημένον
679 989 1019 1058 παρέχουσα*
1062 1007 1082 1040 ι
1118 987 1280 1042 Ἀλλά
1310 989 1425 1056 νῦν,
1470 992 1658 1060 φησιν,
1702 990 1731 1042 6
1775 988 1915 1059 ἔχων

325 1080 639 1151 βαλάντιον,
670 1081 863 1150 ἀράτω
895 1080 1101 1151 ὁμοίως
1132 1081 1224 1134 καὶ
1247 1082 1451 1152 πήραν.
1479 1101 1497 1132 ι

395 1173 487 1243 ιβ’.
514 1174 619 1226 Δύο
644 1172 828 1238 τάξεις
856 1173 971 1238 νῦν,
1011 1174 1039 1227 ὃ
1065 1174 1158 1228 καὶ
1190 1174 1286 1228 ἐπὶ
1327 1175 1506 1246 πάσης
1545 1175 1714 1247 ἄλλης
1766 1174 1914 1230 ἔστιν

321 1266 502 1337 εὑρεῖν
551 1266 792 1338 ἐντολῆς,
851 1267 1228 1336 συνορῶνταιο
1270 1270 1318 1322 οί
1379 1271 1479 1339 μὲν
1527 1270 1911 1341 κατορθοῦσιν,

318 1360 368 1410 οἱ
392 1359 451 1411 δὲ
485 1359 544 1412 τὸ
577 1359 908 1429 πρόσταγμα
942 1359 1348 1431 παραϐαίνουσι
1372 1377 1386 1392 ·
1420 1364 1532 1424 τοῖς
1573 1363 1672 1430 μὲν
1703 1379 1913 1433 κατωρ-

319 1451 524 1504 Οωκόσι
555 1452 652 1506 καὶ
712 1451 820 1504 τῶν
877 1453 1140 1522 μειζόνων
1170 1454 1198 1506 6
1234 1453 1397 1517 πόνος
1430 1455 1768 1522 πιστεύεται,
1798 1459 1912 1519 τοῖς

314 1541 359 1594 δ’
386 1541 828 1613 ἑῤῥᾳθυμηκόσι,
889 1542 1043 1596 οὐδὲν
1071 1544 1197 1598 ἄλλο
1229 1543 1395 1614 βάρος
1432 1545 1737 1599 ἐπιτίθεται
1762 1563 1776 1575 ·
1813 1547 1909 1600 ἀλ-

315 1634 382 1688 λά
413 1635 514 1687 καὶ
541 1639 908 1706 συγχωρεῖται
955 1636 1017 1689 τὸ
1065 1637 1300 1705 φθάσαν,
1353 1638 1440 1692 ἵνα
1475 1639 1639 1710 μὴτὸ
1678 1641 1786 1693 πᾶν
1849 1641 1908 1708 ἐξ

315 1725 688 1794 ἀπογνώσεως
722 1727 1055 1785 ἀπολέσωσι.
1090 1729 1299 1782 Ἔδωκε
1331 1733 1446 1793 τοῖς
1483 1730 1755 1801 μαθηταῖς
1797 1750 1903 1803 μη-

2024 523 2474 589 observaverunt,
2504 526 2840 592 przedicitur.
2868 527 3067 584 Verum
3109 531 3157 584 id
3184 533 3428 602 profecto
3464 537 3609 592 haud

2021 616 2365 669 contrarium
2404 626 2632 686 apparet
2667 620 2926 675 mandato
2963 622 3058 687 illi,
3096 624 3184 677 cui
3234 625 3455 693 perfecti
3525 629 3610 683 di-

2022 705 2218 775 stzipuli
2254 708 2658 778 obsequentes,
2701 721 3074 781 paupertatem
3115 717 3308 771 sedqu
3361 721 3577 775 retinue

2023 810 2170 856 runt.
2200 799 2392 856 Viden‘
2422 812 2484 857 ut
2517 819 2580 858 ex
2618 805 2736 875 ipsa
2781 808 3060 863 locutione
3082 813 3368 882 perspicue
3403 817 3607 871 solutio

2019 894 2170 952 fluat.
2204 894 2324 950 sine
2356 897 2467 951 ullo
2500 899 2583 952 vel
2618 898 2805 954 labore
2833 901 2916 955 vel
2941 902 3127 956 subtili
3161 908 3602 977 excogitatione:

2024 1003 2043 1037 ι
2077 983 2233 1040 Nunc
2269 1002 2399 1041 vero
2443 988 2538 1059 qui
2587 990 2751 1045 habet
2797 1005 3136 1060 crumenam,
3167 1006 3348 1052 sumat
3397 1000 3605 1067 pariter

2016 1089 2070 1134 et
2099 1096 2283 1150 peram
2312 1081 2324 1134 l
2362 1099 2382 1133 ι

2089 1172 2174 1227 l2.
2221 1173 2368 1230 Duos
2399 1175 2486 1230 hic
2517 1175 2806 1231 hominum
2843 1177 3065 1232 ordines
3104 1178 3186 1250 (ut
3219 1179 3270 1233 in
3310 1180 3419 1234 alio
3465 1199 3604 1250 quo-

2015 1265 2098 1321 vis
2123 1267 2281 1334 jusso
2315 1268 2727 1338 deprehendere
2758 1270 2903 1339 licet)
2936 1271 3188 1327 videmus
3226 1289 3240 1325 :
3272 1274 3364 1327 alii
3395 1277 3602 1330 scilicet

2015 1362 2333 1415 mandatum
2385 1371 2601 1428 curant,
2651 1364 2743 1416 alii
2799 1364 3006 1418 violant
3061 1381 3074 1418 :
3125 1375 3273 1420 recte
3312 1369 3602 1438 agentibus

2015 1453 2240 1523 majoris
2267 1469 2487 1524 quoque
2532 1455 2692 1510 molis
2738 1456 2893 1510 labor
2921 1457 3308 1524 eoiicrcditur;
3352 1461 3600 1513 socordi-

2014 1545 2119 1600 bus
2166 1546 2374 1600 nullum
2409 1546 2638 1617 insuper
2679 1547 2892 1617 pondus
2923 1548 3203 1616 adjicitur,
3242 1549 3352 1602 imo
3383 1559 3436 1604 et
3468 1549 3601 1603 illud

2011 1637 2164 1707 prius
2216 1637 2530 1704 remittitur,
2587 1653 2655 1692 ne
2687 1638 2870 1692 omnia
2918 1639 3298 1707 desperatione
3345 1656 3600 1710 pessum-

2013 1731 2166 1785 dent.
2230 1729 2504 1785 Mandavit
2540 1730 2824 1800 discipulis
2881 1731 3017 1785 nihil
3079 1739 3136 1786 ut
3185 1733 3528 1802 possiderent
3580 1751 3594 1788 :

316 1819 403 1873 δέν
438 1819 744 1890 κεκτῆσθαι
764 1837 778 1852 ο
811 1820 965 1874 οὐδὲν
996 1821 1182 1886 αὐτοῖς
1214 1823 1326 1875 τῶν
1358 1825 1679 1890 ἀναγκαίων
1725 1827 1904 1880 ἐπιλέ-

2013 1821 2148 1875 nihil
2195 1821 2263 1876 iis
2311 1822 2711 1885 necessarium,
2766 1822 2883 1876 sive
2918 1823 2968 1876 id
3025 1838 3254 1892 parvum
3293 1834 3436 1879 esset
3483 1827 3598 1879 sive

314 1913 616 1975 λοιπεν,ού
683 1913 900 1984 μικρδν,
937 1914 998 1966 οὑ
1039 1914 1212 1983 μέγα*
1273 1915 1372 1985 οὐχ
1426 1911 1587 1987 εὗρον
1651 1919 1908 1989 ἀφορμὴν

316 2007 574 2078 οὐδεμίαν
603 2007 712 2060 οὐδ’
745 2007 927 2061 αἰτίαν
959 2007 1163 2063 πλάσαι
1195 2010 1564 2079 παραϐάσεως
1585 2029 1597 2042 ·
1633 2013 1729 2064 καὶ
1762 2012 1908 2083 μάρ-

315 2117 479 2170 τυρες
509 2099 664 2154 a'Irzo‘t
692 2097 787 2152 τοῦ
821 2099 1051 2170 μηδενὸς
1077 2101 1136 2152 ἐν
1174 2099 1353 2172 ἐνδείᾳ
1395 2103 1908 2172 νομοφυλιακοῦντες

316 2196 673 2262 καταστῆναι.
695 2193 830 2263 (Μή
845 2209 990 2255 τινος
1028 2193 1155 2263 γὰρ,
1183 2212 1200 2245 ι
1235 2195 1422 2264 φησὶν,
1452 2213 1470 2245 ι
1494 2195 1850 2266 ύστερήσατε;
1883 2217 1901 2249 ι

315 2289 363 2340 οἱ
379 2286 435 2338 δὲ
465 2305 480 2335 ι
507 2284 754 2347 Οὐδενός.
778 2303 796 2336 ι
816 2285 970 2337 Ἐπεὶ
992 2283 1085 2337 οὖν
1106 2286 1390 2356 ὁμοτίμους
1410 2287 1559 2356 μὲνὴ
1589 2288 1776 2358 ἐντολὴ
1795 2289 1908 2342 ἐδό·

298 2381 404 2452 θη,
446 2379 728 2450 ὁμοτίμως
757 2378 814 2432 δὲ
859 2378 920 2430 τὸ
949 2377 1046 2447 τῆς
1091 2377 1283 2448 χρείας
1324 2379 1558 2446 ἄφθονον
1616 2380 1862 2451 ὑπῆρχεν
1888 2399 1903 2412 ·

315 2473 429 2527 ἀλλ’
460 2474 509 2526 oi
546 2473 664 2542 μὲν,
701 2472 761 2524 ού
796 2471 914 2525 δέον
946 2471 1352 2542 συνεπιφέρειν,
1405 2471 1692 2542 βαλάντιον
1721 2470 1901 2543 εἶχὸνο

312 2567 362 2618 οἱ
394 2565 451 2618 δὲ
490 2565 590 2634 τῆς
617 2565 836 2633 ἐντολῆς
861 2559 1003 2634 ἦσαν
1029 2579 1043 2594 ·
1097 2564 1226 2626 τοὺς
1281 2564 1380 2633 μὲν
1433 2567 1791 2637 ὑπεριδόντας
1844 2567 1907 2622 τὸ

313 2656 646 2725 πρόσταγμα
679 2695 693 2718 ,
745 2653 862 2724 ἅμα
926 2654 1028 2720 μὲν
1088 2652 1349 2724 ἐλέγχων,
1413 2655 1530 2726 ἅμα
1613 2657 1672 2710 δὲ
1724 2659 1905 2727 ἀφιεὶς

313 2745 580 2818 φέρεσθαι
606 2749 671 2815 τῇ
700 2744 916 2814 γνώμῃ,
935 2743 1030 2796 καὶ
1056 2743 1116 2796 ού
1148 2744 1458 2812 συγκλείων
1488 2748 1569 2810 εἰς
1595 2745 1717 2817 βίαν
1740 2766 1754 2781 ·
1785 2747 1904 2817 ἅμα

310 2841 368 2894 δὲ
393 2841 441 2893 εί
482 2837 662 2908 βούλει
691 2836 787 2890 καὶ
813 2836 1219 2907 προαναφωνῶν
1253 2836 1437 2901 αὐτοῖς
1477 2838 1578 2908 τῆς
1625 2838 1905 2905 πολιτείας

311 2932 370 2986 τὸ
397 2930 614 2999 μέλλον,
648 2947 667 2980 ι
713 2929 773 2981 '0
797 2927 955 2997 ἔχων,
993 2928 1147 2996 φησὶ,
1169 2927 1473 2996 βαλάντιον,
1493 2929 1681 2999 ἀράτω
1702 2932 1904 2999 ὁμοίως

315 3023 406 3076 καὶ
439 3023 645 3091 πήραν.
686 3038 704 3070 ι
738 3016 1159 3088 Προανεκήρυξε
1195 3016 1306 3088 γὰρ
1335 3019 1363 3071 ὁ
1400 3020 1658 3090 παραϐάς
1687 3016 1771 3085 οἷς
1806 3021 1903 3090 ερρ-

313 3115 442 3167 θασε
475 3113 710 3183 πράξας,
738 3112 834 3164 καὶ⁵
886 3109 985 3178 τῆς
1034 3109 1258 3175 ἐντολῆς
1304 3108 1601 3180 ἀλογήσας,
1657 3112 1777 3166 οἵαν
1810 3114 1902 3167 καὶ

313 3207 444 3276 περὶ
470 3203 565 3256 τοῦ
597 3201 897 3270 συστοίχων
924 3200 1024 3268 τὴν
1065 3200 1121 3251 ἐν
1141 3198 1219 3269 τῷ
1254 3199 1505 3269 μέλλοντι
1534 3200 1775 3254 διάθεσιν
1796 3202 1903 3255 δεί-

315 3302 396 3368 ξει
420 3317 434 3330 ο
474 3301 588 3360 τοῖς
617 3296 675 3349 δὲ
701 3294 956 3364 καθαρῶς
985 3292 1400 3362 ἀσπασαμένοις
1457 3294 1518 3347 τὸ
1548 3295 1901 3365 πρόσταγμα,

314 3393 412 3462 τῆς
444 3391 672 3459 γνώμης
699 3385 878 3439 αὐτῶν
907 3384 1312 3452 ἀποδεξάμενος
1344 3383 1406 3436 τὸ
1433 3384 1682 3456 στερρὸν,
1714 3386 1812 3439 καὶ
1842 3387 1905 3439 τὸ

316 3486 617 3554 κεφάλαιον
654 3480 764 3534 τῶν
785 3477 1234 3548 κατορθωμάτων
1260 3478 1317 3529 ἐν
1353 3477 1568 3545 ἀγῶνος
1600 3479 1769 3552 μοίρᾳ
1804 3497 1904 3550 χα.

320 3577 534 3648 ρίξεται
566 3575 660 3628 καὶ
692 3571 830 3644 πρὸς
859 3570 922 3623 τὸ
953 3569 1054 3640 τῆς
1089 3568 1410 3638 φιλοσοφίας
1446 3570 1617 3642 ἄκρον
1657 3566 1739 3636 οἷς
1785 3575 1903 3626 εἰσ-

315 3670 438 3737 ἀγει
475 3667 763 3736 ἀναφέρει.

388 3767 475 3828 ιγ’.
510 3759 600 3811 Διό
631 3774 764 3828 φησι
789 3756 925 3828 πρὸς
946 3754 1241 3826 ἑκατέρους
1265 3753 1357 3808 τοῦ
1373 3753 1533 3822 λόγου
1553 3753 1901 3826 σχιζομένουο

314 3852 430 3906 Νῦν
467 3851 526 3905 δὲ
555 3853 642 3904 ὅτε
671 3849 908 3918 μάλιστα
933 3850 994 3902 τὸ
1019 3849 1190 3911 πάθος
1218 3849 1420 3916 ἥκειτὸ
1437 3849 1586 3917 ἐμὸν,
1611 3849 1705 3900 καὶ
1732 3850 1760 3900 ὀ
1781 3849 1902 3903 καθ’

313 3942 470 4011 ὑμῶν
518 3940 613 3994 ἐπὶ
658 3941 803 4010 μέγα
850 3937 1183 4009 κρατύνεται
1234 3937 1493 4007 πόλεμος,
1541 3937 1639 3990 καλ⁵
1688 3938 1902 3991 πολλῶν

313 4034 538 4103 ἔλεγχον
567 4029 798 4084 δώσουσι
825 4028 1106 4100 λογισμοί·
1136 4022 1216 4090 οἷς
1246 4027 1344 4098 μὲν
1375 4031 1402 4081 6
1442 4028 1542 4098 τῆς
1569 4029 1787 4098 ἐντολῆς
1815 4029 1904 4082 λόο

313 4142 408 4194 γος
442 4124 553 4177 οὐδ’
585 4124 730 4176 οὓτω
777 4121 1018 4192 χαλεπὸς
1063 4119 1139 4174 ὢν
1180 4121 1281 4174 οὐκ
1335 4119 1639 4190 ἐφυλάχθη,
1690 4121 1902 4184 τούτοις

320 4217 684 4287 ἀκολουθήσει
719 4213 860 4285 μετά
891 4212 987 4266 τοῦ
1052 4212 1339 4282 βαλαντίου
1367 4213 1460 4265 καὶ
1486 4214 1518 4282 ἠ
1552 4213 1903 4283 περιποίησις

311 4309 412 4380 τῆς
445 4309 630 4378 πήρας
659 4322 673 4335 ·
706 4300 787 4369 οἷς
811 4305 856 4358 δ’
883 4306 1141 4376 ἀνωτέρω
1171 4303 1430 4373 γενέσθαι
1459 4303 1560 4372 τῆς
1589 4302 1901 4374 ἀθετήσεως

311 4401 629 4470 διεπονήθη,
660 4391 808 4452 οὗτοι
838 4396 934 4449 ml.
966 4395 1026 4449 τὸ
1063 4395 1218 4458 τέλος
1270 4396 1473 4448 οἰκεῖον
1499 4393 1610 4446 τῶν
1645 4410 1901 4465 προηγω-

2012 1928 2307 1981 magnum,
2371 1911 2581 1978 defuit;
2641 1913 2844 1967 trullam
2898 1915 3248 1968 occasionem
3304 1929 3600 1969 causatuve

2010 2003 2322 2071 contingere
2367 2012 2684 2072 potuerunt,
2725 2019 2825 2058 cur
2864 2005 3234 2058 obedientiam
3272 2005 3594 2072 abjieerent.

2011 2093 2152 2161 Quin
2205 2095 2308 2165 ipsi
2341 2095 2521 2149 testati
2553 2106 2679 2150 sunt
2708 2095 2854 2149 nulla
2905 2111 2964 2149 se
2992 2105 3232 2166 egestate
3265 2097 3599 2154 lahoraxisse

2010 2187 2139 2240 dum
2170 2186 2219 2241 ei
2254 2199 2524 2256 prmecpto
2556 2187 3008 2255 obsequerentur.
3059 2205 3078 2238 ι
3124 2185 3401 2258 Nunquid,
3440 2209 3457 2242 ι
3499 2191 3595 2254 ait,

2017 2295 2035 2329 ι
2076 2279 2230 2333 vobis
2257 2278 2467 2332 defuit?
2503 2298 2522 2330 ι
2557 2279 2982 2348 responderunt,
3013 2294 3032 2329 ι
3076 2277 3240 2333 Nihil.
3284 2299 3303 2332 ›
3341 2281 3600 2347 Quand-J-

2009 2371 2228 2441 quidem
2263 2371 2428 2440 igitur
2449 2386 2741 2424 commune
2769 2372 3086 2426 mandatum
3114 2381 3255 2435 erat,
3282 2373 3596 2427 communis

2008 2479 2229 2534 quoque
2278 2463 2378 2517 fuit
2410 2465 2587 2518 victus
2622 2463 2802 2533 copia.
2843 2463 3233 2518 Verumtamen
3266 2465 3357 2518 alii
3403 2475 3594 2518 contra

2006 2552 2242 2607 officium
2293 2568 2606 2607 crumenam
2668 2554 3002 2618 habuerunt,
3055 2555 3147 2608 alii
3198 2556 3456 2610 mandato
3500 2557 3595 2610 ad-

2009 2647 2306 2701 hwserunt.
2351 2645 2534 2712 Quare
2583 2649 2828 2702 mandati
2881 2649 3171 2705 violatores
3207 2651 3370 2705 simul
3407 2668 3594 2722 repre-

2006 2738 2214 2802 hendit,
2245 2749 2304 2794 et
2355 2739 2520 2794 simul
2576 2755 2680 2794 suo
2735 2756 3010 2810 quemque
3056 2744 3324 2812 permittit
3362 2746 3596 2801 arbitrio

2005 2834 2160 2901 ferri,
2187 2836 2445 2906 nullaque
2471 2836 2521 2890 vi
2551 2837 2718 2906 cogit.
2761 2836 2936 2890 Simul
2963 2844 3170 2902 autem,
3204 2838 3247 2892 si
3287 2839 3360 2894 ita
3393 2841 3593 2909 placet,

2005 2929 2310 2998 praedicens
2340 2929 2446 2985 illis
2473 2928 2713 2983 futuram
2743 2930 2987 2999 ipsorum
3021 2930 3186 2985 vitam
3208 2949 3258 2985 τι
3278 2933 3382 2998 Qui
3409 2935 3591 2998 habet.

2005 3021 2101 3086 ait,
2138 3038 2480 3085 crumenam.
2514 3033 2696 3077 sumat
2727 3023 2933 3093 pariter
2966 3034 3018 3079 et
3041 3041 3247 3094 peram.
3285 3046 3302 3078 ι
3341 3027 3474 3080 Nam
3500 3027 3594 3097 qui

1929 3143 1972 3202 ο
2008 3121 2168 3168 antea
2194 3114 2450 3184 deliquit,
2478 3116 2736 3169 mandato
2758 3125 3093 3186 contempto,
3130 3117 3176 3172 is
3205 3119 3342 3172 satis
3371 3129 3596 3188 porten-

2007 3203 2089 3258 dit
2131 3205 2351 3275 qualem
2401 3214 2620 3275 postero
2662 3221 2885 3277 quoque
2936 3216 3178 3278 tempore
3222 3212 3274 3264 in
3322 3226 3383 3266 re
3428 3212 3593 3268 simili

2007 3298 2249 3352 animum
2283 3307 2538 3368 gesturus
2584 3299 2676 3355 sit.
2713 3300 2917 3356 Contra
2963 3316 3178 3367 eorum,
3212 3304 3306 3374 qui
3338 3316 3595 3362 accurate

2006 3403 2120 3442 rem
2174 3388 2495 3458 imperatam
2536 3387 2805 3457 fecerunt,
2856 3399 3117 3447 constans
3148 3393 3426 3464 ingenium
3469 3413 3594 3465 pro-

2006 3480 2164 3545 bans,
2194 3496 2465 3536 summam
2495 3497 2715 3551 quoque
2740 3483 3133 3552 perfectionem
3165 3485 3217 3538 in
3247 3489 3438 3556 agonis
3469 3506 3596 3558 par-

2007 3582 2112 3626 tem
2151 3571 2401 3642 largitur,
2424 3587 2630 3642 eosque
2661 3572 2728 3628 ad
2757 3573 3027 3644 religiosa:
3068 3575 3192 3630 vita:
3224 3576 3436 3632 culmen
3471 3595 3592 3634 mo-

2005 3663 2136 3719 nitis
2175 3665 2293 3718 suis
2330 3664 2605 3719 subvehit.

2079 3754 2165 3808 15.
2207 3754 2573 3820 Quamobrem
2612 3755 2691 3809 ait
2713 3753 2930 3824 utrique
2951 3755 3151 3820 ordini,
3181 3755 3438 3827 bipartito
3473 3775 3592 3814 ser—

2005 3863 2166 3902 mone
2206 3845 2406 3904 :Nunc
2455 3862 2577 3900 cum
2613 3848 2851 3902 maxime
2904 3849 3086 3917 passio
3141 3865 3256 3904 mea
3292 3853 3589 3922 appropin-

2004 3948 2155 4008 qnat.
2216 3938 2528 4006 bellumque
2580 3951 2839 4006 magnum
2874 3949 3068 3992 contra
3104 3953 3202 3994 vos
3238 3939 3588 4009 ingravescit,

2005 4030 2302 4084 multorum
2341 4029 2578 4098 denique
2647 4029 3034 4084 revelahuntur
3075 4031 3455 4100 cogitationes.
3494 4033 3590 4088 Et-

2003 4120 2150 4174 enim
2185 4120 2337 4184 illos,
2369 4134 2398 4173 a
2430 4119 2632 4188 quibus
2664 4119 2921 4188 superius
2953 4120 3295 4186 mandatum,
3323 4122 3447 4178 licet
3479 4139 3586 4179 non

2003 4213 2076 4268 ita
2094 4213 2350 4277 arduum,
2371 4212 2633 4267 violatum
2659 4212 2781 4278 fuit,
2807 4228 2923 4276 eos.
2952 4215 3198 4282 inquam,
3224 4225 3348 4285 post
3377 4233 3590 4272 crume-

2003 4319 2130 4358 nam
2175 4311 2539 4371 consequelur
2582 4318 2726 4373 perae
2773 4318 2992 4373 quoque
3039 4303 3276 4373 adjecdo
3327 4323 3342 4362 :
3394 4318 3586 4363 contra

2002 4397 2102 4461 illi,
2133 4397 2338 4468 quibus
2370 4411 2516 4452 cura:
2546 4395 2737 4451 fuitut
2779 4397 2850 4450 ab
2899 4397 3271 4453 inobedientia
3306 4413 3583 4468 caverent,

309 4493 587 4564 νισμένων
617 4490 941 4561 ἐπιθήσουσι
967 4503 982 4520 ⁸
1018 4487 1112 4541 καὶ
1140 4487 1266 4550 τοὺς
1300 4487 1399 4557 μὲν
1429 4486 1529 4557 τῆς
1582 4485 1759 4557 ἄκρας
1813 4502 1901 4553 φι-

2006 4489 2320 4545 coronidem
2348 4503 2565 4559 quoque
2588 4489 2838 4542 idoneam
2873 4489 3148 4557 prioribus
3173 4491 3387 4547 actibus
3411 4492 3587 4564 impo-

309 4585 592 4655 λοσοφίας,
633 4585 733 4638 καὶ
762 4582 848 4636 διὰ
879 4581 1037 4634 τοῦτο
1072 4580 1169 4634 καὶ
1200 4581 1298 4651 τῆς
1343 4580 1610 4648 ἀκτησίας
1665 4596 1900 4648 κατενη-

308 4681 633 4752 νεγμένους,
668 4683 702 4752 ἡ
750 4679 859 4733 τῶν
892 4677 1105 4732 πολλῶν
1142 4677 1385 4748 μέριμνα
1444 4678 1538 4729 καὶ
1589 4677 1622 4746 ἡ
1680 4677 1902 4744 φροντὶς

307 4775 628 4839 ὑποδέξεται
656 4790 671 4804 ο
698 4768 780 4836 οἷς
819 4772 960 4843 μετά
991 4770 1085 4824 τοῦ
1119 4769 1407 4840 βαλαντίου
1440 4768 1532 4821 καὶ
1557 4769 1590 4837 ὴ
1614 4769 1786 4838 πήρα,
1807 4766 1902 4820 καὶ

303 4867 408 4920 ὅσα
433 4867 501 4919 ἂν
527 4867 586 4919 τὸ
617 4865 1009 4933 εὐπερίστατον
1069 4863 1336 4933 ἐπιτάττῃ
1367 4861 1463 4914 τοῦ
1498 4861 1636 4930 βίου,
1681 4862 1742 4914 ού
1786 4861 1902 4914 δια-

305 4959 483 5028 λείψει
514 4957 580 5010 δι’
605 4957 766 5026 ὄχλου
793 4955 1057 5026 γινόμενα
1082 4971 1096 4984 ·
1130 4955 1243 5016 τοῖς
1287 4953 1343 5006 δέ
1375 4970 1439 5021 γε
1481 4954 1790 5024 τηρήσασιν
1843 4954 1901 5006 ἐν

306 5049 515 5118 σπουδῇ
547 5047 642 5100 καὶ
669 5047 850 5108 πόνοις
878 5044 938 5098 τὸ
971 5043 1284 5114 ἀγώνισμα.
1322 5042 1475 5095 Ἐπεὶ⁵
1504 5041 1682 5106 τοῦτο,
1712 5042 1897 5113 φησὶν,

304 5143 435 5210 ὑμῖν
460 5139 638 5210 ὀρθῶς
666 5154 724 5192 τε
770 5137 866 5190 καὶ
902 5135 1178 5206 ἐπιμελῶς
1232 5135 1672 5204 διαπέπρακται,
1706 5136 1801 5188 καὶ
1840 5135 1900 5188 τὸ

300 5233 400 5301 τῆς
431 5228 824 5301 ἀκτημοσύνης
851 5223 1013 5281 ἆλθον
1044 5226 1234 5297 ῶσπερ
1267 5225 1486 5297 ἀρραγῆ
1523 5225 1766 5295 κρηπῖδα
1790 5224 1899 5278 τῶν

304 5325 616 5396 μελλόντων
641 5321 866 5390 ἀγώνων
896 5319 1154 5389 ἐπήξατε,
1191 5318 1442 5372 λείπεται
1485 5317 1543 5370 δὲ
1583 5333 1898 5388 παρεσκευ-

301 5421 580 5490 ασμένους
610 5418 692 5471 ἔτι
724 5417 924 5488 μᾶλλον
948 5416 1044 5469 καὶ
1087 5415 1338 5484 ἑτοίμους
1369 5413 1513 5482 ὑμᾶς
1548 5407 1688 5465 εἶναι
1724 5411 1821 5466 νῦν
1860 5412 1894 5483 ἢ

302 5514 577 5586 πρότερον
606 5511 743 5579 πρὸς
792 5511 885 5562 τὸν
924 5509 1064 5579 ὑπὲρ
1126 5506 1264 5578 ἐμοῦ
1319 5507 1587 5560 θάνατον·
1639 5506 1741 5576 ἤδη
1787 5508 1896 5576 γὰρ

300 5606 464 5675 κάγὼ
486 5607 577 5659 τὸν
607 5605 748 5674 ὑπὲρ
764 5602 858 5657 τοῦ
882 5602 1087 5670 κόσμου
1118 5601 1450 5671 ὑπέρχομαι.
1486 5599 1559 5652 Εὖ
1597 5599 1654 5652 δὲ
1682 5599 1896 5652 ποιοῦν-

301 5717 395 5764 τες
412 5696 796 5770 προαπέθεσθε
816 5695 918 5767 μέν
944 5694 1122 5748 πάντα
1136 5693 1206 5746 τὰ
1227 5690 1324 5746 τοῦ
1343 5691 1460 5762 βίου
1490 5707 1504 5722 ·
1532 5691 1684 5745 ούδὲν
1703 5690 1749 5744 δ’
1765 5690 1896 5759 ύμῖν

299 5790 631 5862 ἐπισύρεται
662 5790 770 5846 τῶν
823 5785 1110 5858 μεθέλκειν
1141 5784 1460 5856 δυναμένων
1510 5783 1620 5840 ἀπὸ
1671 5781 1767 5838 τοῦ
1817 5782 1894 5855 μὴ

2001 4591 2153 4638 neut.
2185 4581 2323 4636 Hinc
2371 4595 2465 4636 eos
2499 4580 2591 4651 qui
2623 4596 2653 4634 a
2695 4580 2918 4635 sublimi
2956 4581 3301 4652 philosophia
3351 4583 3585 4655 ideoque

1999 4677 2163 4731 etiam
2213 4690 2244 4729 a
2296 4674 2634 4744 paupertatis
2671 4673 2832 4727 laude
2880 4673 3224 4740 exciderunt,
3283 4674 3582 4730 multarum

2000 4783 2181 4823 rerum
2209 4765 2517 4822 sollicitudo
2538 4775 2594 4820 et
2621 4781 2754 4820 cura
2782 4766 3020 4834 excipiet
3047 4781 3060 4818 :
3085 4767 3418 4836 eosdemque
3447 4783 3584 4837 prae-

2004 4870 2085 4915 ter
2131 4875 2452 4915 crumenam
2493 4867 2547 4913 et
2578 4873 2790 4928 peram,
2824 4867 3018 4912 caetera
3056 4859 3246 4926 etiam,
3292 4876 3414 4930 qua:
3458 4863 3584 4916 vita:

1999 4952 2212 5006 lautitia
2265 4951 2457 5021 exigit,
2510 4951 2790 5004 turmatim
2852 4951 3284 5008 circumsistent.
3335 4954 3404 5007 At
3453 4969 3584 5010 vero

2000 5043 2107 5097 illis
2127 5044 2221 5112 qui
2250 5043 2441 5097 sedulo
2470 5051 2525 5098 et
2551 5041 2768 5098 fortiter
2795 5043 2848 5097 in
2893 5044 3176 5114 proposito
3208 5061 3372 5115 opere
3402 5063 3585 5116 perse-

1998 5143 2344 5197 veraverunt,
2372 5136 2635 5205 quoniam
2661 5136 2786 5200 hoc,
2812 5135 3010 5206 inquit,
3043 5146 3190 5192 recte
3214 5148 3267 5191 et
3296 5139 3586 5208 diligenter

1997 5245 2028 5281 a
2057 5227 2214 5282 vobis
2259 5239 2536 5296 peractum
2565 5237 2841 5282 certamen
2885 5237 2988 5292 est,
3037 5243 3100 5282 ac
3139 5231 3474 5298 paupertatis
3505 5231 3586 5286 la-

1998 5319 2186 5373 borem
2243 5333 2339 5373 ceu
2389 5317 2721 5373 immobilem
2771 5317 3081 5372 futurorum
3111 5335 3346 5389 agonum
3374 5321 3586 5375 colum-

1998 5427 2122 5466 nam
2146 5410 2535 5474 constituistis.
2564 5419 2816 5479 superest
2847 5419 2905 5464 ut
2957 5427 3103 5464 nunc
3140 5412 3384 5481 apprime
3417 5414 3582 5469 morti

1996 5518 2094 5572 pro
2130 5517 2216 5555 me
2243 5501 2505 5556 obeundae
2547 5502 2720 5571 parati
2756 5501 2876 5556 sitis
2920 5519 2933 5557 :
2975 5517 3097 5555 nam
3139 5515 3192 5556 et
3239 5517 3340 5573 ego
3392 5519 3584 5559 necem

1996 5609 2095 5664 pro
2129 5593 2333 5647 mundo
2384 5608 2512 5648 mox
2547 5592 2830 5647 subiturus
2858 5609 3003 5649 sum.
3059 5593 3204 5648 Bene
3247 5605 3428 5649 autem
3475 5604 3582 5662 est,

1996 5688 2140 5760 quod
2189 5695 2348 5742 antea
2411 5685 2689 5741 mundana
2728 5685 2912 5740 omnia
2965 5685 3244 5756 abjecistis
3285 5703 3300 5740 :
3344 5687 3479 5742 nihil
3525 5697 3586 5743 ut

1996 5797 2094 5839 vos
2121 5780 2355 5853 pelliciat
2402 5793 2617 5847 eorum,
2646 5794 2768 5850 qua:
2813 5778 3077 5851 impedire
3102 5787 3346 5851 possent,
3371 5778 3586 5850 quomi-
