4134 6454
594 273 665 334 6i
1760 270 2023 332 I‘IIOTII
2054 268 2563 331 PATRIARCHJE
2602 270 2709 329 CP.
3812 281 3881 345 et

594 401 700 441 nus
734 385 1027 441 laetabundi
1061 384 1127 439 ad
1160 400 1430 440 summam
1473 382 1550 439 rei
1589 383 1843 445 veniatis,
1890 398 2091 448 nempe
2123 384 2177 436 atl

2294 380 2584 450 χαίροντας
2616 379 2793 433 ἐλθεῖν
2843 381 2936 434 ἐπὶ
2963 382 3021 436 τὸ
3045 384 3267 440 πάντων
3291 389 3589 459 κεφάλαιον
3614 393 3722 464 τὴν
3750 396 3887 467 ὑπὲρ

591 478 796 532 caulem
823 478 926 531 mei
959 492 1124 531 causa
1153 477 1487 547 patiendam.
1524 477 1765 531 Pronum
1800 476 1995 545 oppido
2031 474 2184 530 vobis

591 570 692 624 erit
719 570 989 623 alacribus
1016 571 1155 634 fieri,
1187 579 1352 639 atque
1380 580 1689 623 extremum
1725 569 2031 623 amiculum
2071 576 2183 621 tra—

591 660 742 724 dere,
787 668 841 714 et
871 662 974 714 mei
1010 661 1183 730 gratia
1221 671 1453 715 mortem
1504 677 1630 716 cum
1674 660 1783 715 vita
1817 669 2179 714 commutare.

592 752 648 807 Id
705 752 849 807 enim
903 754 1357 809 commodissime
1403 755 1652 807 omnium
1713 754 1973 824 praedicla
2020 755 2183 805 verba

590 843 924 912 significant,
958 860 1284 897 crumenam
1319 859 1424 898 non
1460 844 1677 906 habere,
1711 842 2020 898 vestimenti
2054 858 2182 895 ven-

588 939 745 1004 ditio,
798 940 1012 1008 gladius
1045 958 1057 992 :
1090 940 1257 993 veluti
1293 955 1360 993 ne
1410 939 1717 993 novissimo
1770 937 1991 1007 quidem
2044 935 2184 990 ami-

590 1032 715 1085 culo
747 1031 1021 1101 perfectus
1053 1034 1390 1100 paupertatis
1423 1032 1633 1085 assecla
1662 1045 1931 1099 parsurus
1959 1030 2056 1090 sit,
2086 1043 2183 1083 ve-

590 1138 713 1176 rum
746 1123 873 1176 illud
906 1138 1123 1192 quoque
1154 1138 1434 1185 cessurus,
1464 1122 1593 1176 dum
1627 1123 1875 1191 expedite
1907 1122 2081 1175 currit
2115 1120 2181 1174 ad

590 1214 849 1284 gladium.
877 1213 1016 1269 llinc
1044 1230 1149 1269 non
1186 1219 1260 1270 ait
1294 1216 1478 1269 vendat
1510 1226 1603 1269 aut
1629 1224 1809 1278 emat;
1857 1214 1950 1268 sed
1995 1214 2181 1267 vendet

590 1318 643 1363 et
670 1318 803 1361 emet
833 1324 851 1363 :
881 1308 1297 1377 quibus.verbis
1348 1326 1525 1379 neque
1553 1309 1721 1377 legem
1757 1324 1931 1377 neque
1966 1308 2181 1375 jussum

589 1401 813 1465 statuit;
846 1410 897 1454 et
934 1410 1117 1454 tamen
1150 1417 1261 1454 rem
1296 1399 1539 1455 futuram
1571 1410 1696 1454 ante
1728 1400 2034 1452 denuntiat.
2073 1398 2185 1452 Sei-

589 1491 717 1547 licet
743 1492 884 1545 haud
926 1493 1152 1557 mando,
1186 1493 1381 1562 inquit,
1428 1503 1490 1548 ut
1542 1495 1655 1547 hmc
1693 1495 1845 1555 fiant,
1882 1493 1973 1547 sed
2014 1493 2179 1546 futuri

589 1584 853 1654 praescius
902 1596 1030 1637 ante
1069 1585 1245 1648 edico,
1286 1584 1404 1639 fore
1434 1594 1494 1639 ut
1526 1586 1779 1655 ρνηξριιιιιί
1821 1586 2070 1639 custodia
2115 1584 2181 1638 ad

588 1689 894 1733 extremum
948 1695 1169 1749 quoque
1222 1689 1276 1734 et
1333 1680 1547 1750 insigne
1590 1680 1804 1734 facinus
1836 1680 1978 1733 viam
2022 1679 2179 1733 vobis

2288 472 2424 540 ἐμοῦ
2461 473 2680 543 σφαγήν
2704 488 2717 500 ⁸
2751 472 2940 542 ἕψεται
2963 477 3179 541 πάντως
3202 479 3330 549 ὑμῖν
3361 483 3682 554 προθύμους
3720 483 3884 551 εἶναι,

2288 565 2383 616 καὶ
2427 564 2490 617 τὸ
2518 564 2741 634 ἔσχατον
2769 566 3065 621 ἀποδοῦναι
3095 573 3468 642 περιϐόλαιον,
3514 579 3607 629 καὶ
3646 579 3885 644 ἀλλάξα-

2288 656 2411 708 σθαι
2444 656 2541 726 τῆς
2571 656 2717 726 ζωῆς
2745 657 2837 709 τὸν
2868 658 3009 730 ὑπὲρ
3039 662 3174 731 ἐμοῦ
3236 664 3492 721 θάνατον.
3551 668 3727 723 Τοῦτο
3781 674 3887 743 γὰρ

2289 748 2545 818 σημαίνοι
2585 748 2651 801 ἂν
2684 750 2795 803 τῶν
2838 753 3147 822 εἰρημένων
3204 758 3422 811 πάντων
3480 760 3890 834 εύστοχώτερον

2286 839 2347 891 τὸ
2395 838 2678 908 βαλάντιον
2717 840 2792 911 μὴ
2826 841 2991 911 ἔχειν,
3026 844 3120 897 καὶ
3174 848 3205 917 ἡ
3243 847 3338 900 τοῦ
3382 850 3604 918 ἱματίου
3659 856 3886 926 πρᾶσις,
3942 858 3948 863 ’

2288 931 2382 982 καὶ
2413 930 2446 999 ἡ
2481 930 2725 1000 μάχαιρα
2754 948 2767 961 ⁸
2798 931 3002 984 ὡσανεὶ
3035 935 3168 987 ὅταν
3202 954 3309 1007 περ
3336 940 3458 992 οὐδὲ
3501 941 3597 994 τοῦ
3649 943 3885 1012 ἐσχάτου

2286 1024 2640 1093 περιϐολαίου
2702 1026 2731 1077 ὁ
2769 1024 2869 1095 τὴν
2912 1027 3014 1096 τῆς
3072 1028 3461 1102 ἀκτημοσύνης
3510 1035 3884 1103 τελεσάμενος

2288 1118 2558 1188 φείσεται,
2590 1119 2726 1173 ἀλλὰ
2756 1124 2979 1174 κακεῖνο
3017 1122 3180 1177 δώσει
3212 1128 3409 1195 χωρῶν
3449 1129 3717 1199 εὐθύμως
3748 1134 3886 1201 πρὶς

2289 1213 2583 1283 μάχαιραν.
2611 1214 2701 1266 Διὸ
2734 1216 2793 1267 οὐ
2849 1219 3207 1282 πωλησάτω,
3258 1221 3446 1287 φησὶν,
3476 1222 3595 1275 οὐδὲ
3662 1224 3888 1293 dropa-

2286 1304 2471 1370 σάτω,
2503 1306 2637 1359 ἀλλὰ
2672 1308 2945 1372 πωλήσει
2977 1310 3069 1361 καὶ
3120 1310 3409 1379 ἀγοράσει
3440 1328 3453 1342 ⁸
3506 1314 3626 1384 ἅμα
3665 1318 3774 1385 μὲν
3826 1320 3885 1371 οὔ

2287 1398 2471 1467 νόμον,
2503 1397 2613 1450 οὐδ’
2645 1398 2928 1467 ἐπίταγμα
2976 1401 3044 1452 τὰ
3078 1400 3301 1469 ῥήματα
3332 1403 3522 1467 ποιῶν,
3551 1403 3673 1473 ἅμα
3703 1405 3763 1458 δὲ
3797 1408 3889 1459 καὶ

2285 1489 2348 1541 τὸ
2386 1488 2580 1557 μέλλον
2612 1488 3005 1560 προαγορεύων
3032 1506 3047 1520 ⁸
3073 1486 3204 1555 οἷον,
3234 1493 3348 1545 Οὐκ
3382 1494 3689 1555 ἐπιτάσσω,
3720 1498 3881 1566 φησὶ,

2286 1582 2446 1634 τοῦτο
2473 1581 2749 1649 γένεσθαι,
2782 1582 2897 1635 ἀλλ’
2923 1581 3077 1644 εἰδὼς
3110 1584 3169 1635 τὸ
3198 1584 3563 1653 γενησόμενον
3596 1588 3882 1657 προλέγω,

2285 1675 2417 1745 ὠςὴ
2452 1673 2552 1744 τῆς
2586 1675 2809 1741 ἐντολῆς
2840 1673 3058 1745 φυλακὴ
3101 1678 3197 1729 καὶ
3250 1677 3311 1729 τὸ
3346 1677 3571 1747 ἔσχατόν
3629 1698 3740 1733 που
3795 1684 3888 1734 καὶ

591 1772 841 1824 muniat:
873 1770 961 1825 illa
992 1773 1135 1827 enim
1170 1772 1419 1827 suadebit
1449 1773 1625 1837 vobis,
1664 1782 1723 1826 ut
1749 1788 1934 1826 necem
1959 1787 2177 1842 qumque

2285 1767 2431 1838 μέγα
2462 1768 2590 1837 ύμῖν
2633 1768 3050 1838 προύπογράφει
3074 1770 3418 1840 ’κατόρθωμα
3454 1787 3470 1801 ·
3528 1774 3719 1843 ἐκείνη
3778 1774 3887 1844 γὰρ

587 1860 693 1915 mei
730 1876 895 1914 causa
924 1862 1154 1915 libenter
1177 1864 1327 1916 adire
1352 1862 1555 1929 velitis,
1596 1864 1744 1917 ornni
1770 1878 1904 1917 cura
1927 1862 2176 1916 sreculari

588 1953 814 2019 vacetis,
854 1955 988 2008 nihil
1017 1956 1302 2025 corporale
1326 1956 1639 2022 sectemini,
1670 1966 1867 2011 cuncta
1900 1956 1963 2007 ad
1995 1971 2175 2009 meum

587 2045 911 2100 famulatum
946 2048 1219 2102 referatis.
1269 2049 1423 2114 Quod
1480 2060 1662 2103 autem
1703 2049 1847 2103 haud
1900 2049 2043 2103 alius
2099 2048 2176 2102 rei

588 2139 759 2206 gratia
792 2138 1002 2208 gladios
1057 2151 1319 2195 memoret
1364 2157 1567 2195 arcano
1610 2142 2176 2206 Dominicusosermo,

582 2230 793 2300 jamdiu
848 2232 1123 2301 parabolis
1161 2235 1233 2286 uti
1290 2234 1506 2298 solitus,
1561 2234 1665 2289 nisi
1719 2245 1779 2288 ut
1818 2250 1915 2289 eos
1948 2250 2061 2289 suzc
2113 2248 2180 2288 ac

586 2322 979 2392 discipulorum
1015 2326 1290 2394 passionis
1322 2327 1635 2398 symbolum
1668 2326 1856 2391 faci.:t,
1888 2326 2179 2383 manifeste

585 2416 841 2470 enucleat
885 2417 937 2470 in
985 2418 1476 2488 subsequentibus.
1513 2420 1649 2475 Cum
1676 2420 1823 2476 enim
1857 2421 2175 2490 respondis-

586 2519 710 2563 sent
744 2510 1000 2579 discipuli
1036 2521 1237 2581 piazsto
1264 2528 1388 2569 esse
1422 2512 1632 2583 gladios
1666 2513 1830 2574 duos.
1867 2515 2002 2568 nihil
2036 2530 2177 2584 prae-

586 2612 731 2656 terea
761 2606 830 2656 ab
856 2604 923 2657 iis
958 2605 1277 2673 exquisivit,
1312 2614 1440 2675 puta
1473 2607 1556 2660 vel
1582 2615 1657 2675 ,ιιι
1686 2616 1889 2661 vestem
1916 2608 2177 2662 diveude-

587 2696 832 2760 rent,vel
865 2712 932 2750 an
967 2698 1025 2759 ii,
1052 2698 1253 2767 quibus
1277 2709 1719 2764 esselcrumeua,
1751 2716 1935 2771 peram
1958 2716 2180 2772 quoque

590 2788 978 2855 sumpsissent,
1008 2806 1186 2860 neque
1237 2793 1303 2845 ad
1352 2793 1487 2846 alias
1529 2809 1623 2848 eos
1667 2796 1946 2850 transtulit
1980 2796 2181 2867 cogita-

587 2880 801 2951 tiones;
852 2886 945 2940 sed
1000 2905 1018 2938 ι
1057 2886 1203 2942 Satis
1251 2900 1353 2955 est,
1415 2909 1433 2942 ι
1486 2892 1609 2955 ait:
1647 2891 1856 2946 scilicet
1890 2894 2059 2963 signis
2092 2908 2180 2949 res

590 2990 713 3045 quae
742 2978 1084 3046 portenditur
1108 2981 1523 3051 circumscripta
1551 2993 1667 3044 est;
1699 2997 1863 3054 atque
1885 2986 1997 3042 haec
2027 3002 2183 3041 asse-

587 3071 808 3139 quendo
840 3088 1011 3143 scopo
1044 3075 1341 3130 sufficiunt.
1394 3075 1595 3131 Totum
1644 3079 1846 3149 quippe
1900 3082 2177 3145 negotium

588 3164 753 3232 gladii
798 3165 907 3221 duo
935 3168 1113 3222 oculis
1139 3168 1461 3238 subjiciunt,
1496 3180 1551 3225 et
1577 3172 1707 3241 quid
1740 3171 1842 3227 sibi
1871 3172 1996 3227 velit
2034 3188 2181 3243 sym-

583 3257 769 3311 bolum
806 3260 1166 3328 patefaciunt.
1220 3263 1373 3316 Alter
1426 3263 1572 3317 enim
1624 3265 1835 3333 gladius
1886 3262 2183 3318 Dominicaa

584 3348 857 3416 paSsionis
909 3349 1089 3418 imago
1137 3362 1275 3415 erat,
1328 3354 1467 3407 alter
1499 3354 1779 3421 Evangelii
1814 3354 2178 3422 genuiuorum

580 3448 639 3493 et
671 3440 789 3495 sine
814 3439 937 3493 fuco
970 3443 1393 3512 discipulorum,
1424 3447 1518 3515 qui
1545 3449 1763 3501 cumtis
1794 3448 1934 3502 infra
1964 3448 2179 3502 [lumini

588 3530 913 3585 charitatem
949 3531 1166 3598 locatis,
1203 3536 1567 3588 novissimum
1610 3550 1832 3605 quoque
1880 3538 2177 3592 amiculum

589 3632 825 3686 exuunt,
884 3631 1049 3692 atque
1081 3625 1231 3679 omni
1277 3626 1523 3679 terrestri
1570 3642 1649 3688 re,
1692 3628 1804 3681 imo
1834 3638 1888 3682 et
1934 3629 2047 3698 ipsa
2083 3645 2180 3685 ua-

588 3725 732 3781 tura,
759 3716 971 3781 nudati,
1022 3717 1186 3772 simul
1219 3734 1282 3773 ac
1325 3718 1547 3773 Ot'CtlsiO
1595 3720 1831 3775 athletas
1861 3732 2074 3788 evocat,
2109 3722 2178 3778 ad

591 3824 781 3864 necem
818 3825 919 3880 pro
951 3808 1154 3865 dilecto
1183 3819 1411 3865 ovantes
1446 3812 1761 3867 cunvolant.

659 4066 748 4120 H.
782 4066 959 4136 Atque
988 4066 1061 4120 ita
1093 4068 1207 4122 haec
1237 4067 1401 4123 etiam
1435 4084 1557 4138 qua:
1579 4069 1632 4123 in
1671 4071 1921 4127 manibus
1952 4082 2039 4128 est
2063 4073 2179 4129 dis-

586 4160 797 4230 putatio
843 4160 1258 4213 consonantiam
1294 4161 1567 4215 dictorum
1618 4162 1985 4228 demonstrat,
2034 4166 2175 4221 haud

583 4248 837 4321 eqttidem
852 4263 1211 4316 personarum
1230 4249 1554 4313 differentia,
1579 4267 1743 4320 quam
1771 4252 1973 4308 divina:
1992 4254 2178 4324 Scrip-

586 4350 725 4394 tura:
761 4340 963 4394 locutio
1021 4340 1109 4395 hic
1145 4358 1252 4395 non
1287 4344 1515 4412 patitur,
1568 4346 1661 4398 sed
1701 4349 2175 4416 consequentibus

588 4429 767 4496 factis,
802 4438 855 4485 et
880 4432 1259 4500 progrediente
1290 4435 1563 4488 sermonis
1590 4436 1782 4490 ordine
1813 4438 2171 4507 symbolicam

586 4522 880 4577 verborum
931 4522 1385 4593 signiﬁcationem
1429 4525 1703 4593 aperiens.
1754 4526 2008 4584 Profecto
2051 4531 2177 4586 licet

586 4630 697 4670 non
725 4616 903 4671 solum
953 4616 1223 4686 praedictis
1273 4615 1452 4671 modis
1496 4618 1941 4675 srmulamentum
1987 4639 2181 4692 pugna:

581 4724 935 4780 cognoscere,
964 4708 1060 4763 sed
1090 4708 1213 4762 aliis
1239 4710 1403 4763 etiam
1431 4710 1600 4763 multo
1633 4711 1723 4776 iis,
1750 4714 1845 4781 qui
1874 4715 2001 4769 dicti
2029 4726 2177 4783 sunt,

581 4802 855 4871 pluribus,
881 4816 1121 4871 quorum
1154 4802 1428 4872 expositio
1463 4812 1632 4872 atque
1676 4808 1983 4874 pet-censio,
2016 4826 2180 4879 pecu-

579 4896 736 4949 liaris
781 4897 1089 4965 cujusdam,
1139 4910 1247 4949 non
1305 4896 1614 4966 pra‘scntis,
1671 4901 2013 4957 tractationis
2068 4916 2171 4958 est.

579 4984 723 5039 Nihil
761 4994 940 5039 tamen
988 4994 1136 5040 vetat
1156 4988 1455 5056 quominus
1484 4988 1695 5056 aliquot
1719 4992 2172 5063 perstringamus,

579 5080 677 5149 qui
704 5080 865 5133 etiam
902 5079 1179 5135 nonnullis
1212 5080 1335 5134 aliis
1358 5080 1799 5137 dubitationibus
1830 5085 1959 5150 tuis,
1982 5090 2025 5141 si
2049 5090 2175 5157 quis

578 5191 694 5229 rem
731 5185 910 5229 tecum
949 5177 1345 5242 considerabit,
1383 5178 1799 5247 reSponsionem
1856 5185 2177 5252 suppedita-

577 5267 738 5321 bunt.
763 5268 901 5322 Nam
935 5270 1103 5323 multa
1139 5284 1351 5333 eorum,
1396 5286 1518 5340 qum
1560 5272 1784 5327 minime
1814 5276 1953 5328 inter
1977 5293 2034 5331 se
2066 5293 2168 5347 pu-

578 5368 765 5428 gnant,
795 5360 841 5414 si
881 5363 1081 5430 partim
1116 5362 1420 5416 secundum
1471 5367 1839 5420 (ecoriomiam
1891 5368 2163 5436 dicantur,

578 5450 771 5518 partim
807 5456 1103 5507 secundum
1128 5461 1339 5507 natura:
1365 5454 1639 5520 ordinem,
1670 5466 1838 5528 tuque
1863 5474 1927 5513 ea
1946 5462 2172 5517 minime

579 5540 882 5608 discernas,
904 5543 1357 5599 contradictionis
1380 5544 1563 5601 fucum
1590 5547 1809 5605 facient.
1834 5550 2171 5608 (Economia

2281 1864 2461 1913 πείσει
2513 1860 2719 1914 καὶτὸν
2748 1861 2892 1931 ὑπὲρ
2944 1860 3081 1930 ἐμοῦ
3134 1862 3364 1916 θάνατον
3415 1864 3593 1933 ἡδέως
3642 1865 3884 1929 ἑλέσθαι,

2278 1953 2339 2005 τὸ
2376 1955 2556 2023 πάσης
2596 1954 2739 2023 ὑμᾶς
2775 1953 3034 2023 βιωτικῆς
3064 1955 3379 2019 ἐλευθέρους
3413 1951 3552 2009 εἶναι
3583 1959 3887 2029 μερίμνης,

2283 2044 2420 2114 πρὸς
2451 2045 2512 2097 τὸ
2562 2046 2728 2115 μηδὲν
2765 2045 3192 2116 ἐπιστρέφεσθαι
3254 2045 3362 2097 τῶν
3418 2048 3779 2115 σωματικῶν,
3830 2050 3888 2100 τὸ

2279 2139 2460 2191 πάντα
2481 2137 2616 2207 πρὸς
2646 2138 2745 2209 τὴν
2774 2138 2912 2209 ἐμὴν
2935 2138 3227 2209 ἀναφέρειν
3257 2137 3574 2208 θεραπείαν.
3600 2140 3730 2193 Ὀτι
3751 2140 3808 2193 δὲ
3826 2144 3885 2193 οὐ

2283 2229 2482 2298 μᾶλλον
2500 2228 2686 2297 ἐτέρου
2713 2228 2856 2293 τινὸς
2895 2230 3055 2300 χάριν
3084 2230 3182 2293 τὰς
3212 2229 3488 2300 μαχαίρας
3517 2231 3545 2283 ὁ
3563 2230 3633 2283 τά
3664 2232 3764 2284 ἀπ’
3786 2234 3884 2302 ἀρ-

2279 2324 2381 2393 χῆς
2415 2323 2779 2393 προϐλήματα
2797 2323 3170 2393 φθεγγόμενος
3204 2326 3654 2393 αἱνιγματίζεται
3701 2326 3884 2393 λόγος,

2279 2416 2313 2487 ἢ
2350 2416 2619 2485 σύμϐολον
2653 2415 2822 2479 αὐτάς
2841 2417 3211 2486 πεποιημένος
3244 2416 3337 2471 τοῦ
3364 2435 3420 2470 τε
3438 2419 3642 2472 οἰκείου
3675 2419 3886 2483 πάθους

2280 2508 2376 2562 καὶ
2408 2506 2514 2560 τῶν
2552 2506 2834 2578 μαθητῶν,
2869 2506 3056 2577 σαφῶς
3086 2508 3491 2563 ἀναπτύσσεται
3515 2513 3631 2573 τοῖς
3658 2512 3883 2579 ἐφεξῆς.

2290 2600 2775 2671 Ἀποκριναμένων
2814 2602 2923 2672 γάρ
2942 2602 3049 2653 τῶν
3082 2601 3346 2671 μαθητῶν
3376 2602 3452 2666 ὡς
3483 2603 3761 2673 μάχαιραι
3793 2605 3885 2656 δύο

2283 2695 2446 2759 εἰσὶν,
2480 2692 2594 2746 τοῦθ’
2632 2694 2822 2763 ἔτερόν
2845 2710 2898 2745 τι
2960 2692 3353 2763 προσαπῄτησε
3379 2694 3511 2765 παρ’
3540 2696 3744 2756 αὐτῶν,
3777 2690 3885 2748 οἷον

2287 2788 2505 2856 ίμάτιον
2540 2786 2813 2855 πωλῆσαι,
2846 2786 2877 2857 ἢ
2904 2789 3013 2849 τοῖς
3033 2786 3215 2856 έχουσι
3237 2787 3297 2839 τὸ
3318 2787 3625 2861 βαλάντιον.
3654 2790 3704 2841 εί
3734 2790 3827 2842 καὶ
3852 2787 3883 2859 ἡ

2283 2880 2437 2947 πήρα
2468 2878 2892 2949 προσείληπται,
2934 2877 3057 2931 οὔτε
3094 2878 3231 2950 πρὸς
3270 2878 3439 2949 ἄλλην
3471 2879 3718 2932 διάνοιαν
3755 2897 3883 2949 μετ-

2283 2972 2559 3033 εϐίϐασεν,
2591 2970 2705 3025 ἀλλ’
2754 2971 2961 3025 Ἱκανόν
2992 2974 3129 3036 ἐστι,
3190 2972 3363 3042 φησίν
3389 2988 3402 3003 ⁸
3433 2972 3553 3025 ἀντὶ
3596 2972 3694 3025 τοῦ
3727 2989 3887 3043 περι-

2287 3064 2507 3134 εγράφη
2545 3066 2657 3127 τοῖς
2686 3063 2977 3132 συμϐόλοις
2999 3064 3059 3117 τὸ
3080 3066 3439 3134 μηνυόμενον,
3455 3063 3551 3117 καὶ
3570 3064 3885 3135 ἀρκούντως

2208 3121 2251 3179 C
2286 3121 2399 3227 ἔξει
2427 3121 2781 3226 παραστῆσαι
2808 3121 2983 3211 ταῦτα
3010 3121 3099 3209 τὸν
3130 3121 3358 3211 σκοπόν.
3395 3121 3461 3210 Ᾰί
3509 3121 3621 3228 γάρ
3651 3158 3748 3211 δύο
3776 3121 3878 3229 pd:

2284 3266 2473 3320 χαιραι
2501 3249 2597 3319 τὴν
2637 3250 2829 3319 χρείαν
2857 3250 2991 3319 ὃλην
3024 3251 3425 3320 ὐπογράφουσι,
3458 3252 3552 3303 καὶ
3610 3250 3707 3305 τοῦ
3745 3269 3881 3319 συμ-

2282 3342 2442 3394 ϐόλου
2470 3341 2532 3395 τὸ
2572 3341 2822 3413 βούλημα
2850 3341 3228 3411 διαγγέλλουσι
3256 3358 3270 3373 ·
3316 3342 3411 3396 καὶ
3443 3345 3552 3412 γὰρ
3612 3344 3822 3399 τούτων
3851 3344 3883 3417 ἡ

2285 3436 2385 3499 μὲν
2416 3434 2737 3505 παραϐολὴν
2771 3436 2958 3505 ἐπεῖχε
2990 3434 3083 3488 τοῦ
3115 3434 3442 3489 δεσποτικοῦ
3494 3437 3729 3503 πάθους,
3766 3440 3800 3508 ἡ
3823 3439 3875 3491 δὲ

2281 3527 2391 3581 τῶν
2435 3528 2677 3597 γνησίων
2715 3545 2775 3581 τε
2802 3529 2897 3582 καὶ
2926 3528 3002 3591 ὡς
3035 3527 3253 3599 ἀληθῶς
3281 3528 3375 3582 τοῦ
3420 3529 3581 3597 λόγον
3618 3530 3879 3600 μαθητῶν

2281 3616 2363 3684 οἷς
2394 3619 2610 3674 ἅπαντα
2634 3620 2730 3689 τῆς
2747 3622 2825 3681 είς
2849 3619 2910 3672 τὸ
2932 3620 3209 3691 Δεσπότην
3224 3620 3436 3683 εὐνοίας
3456 3620 3881 3692 ἁλλασσομένοις

2282 3715 2378 3768 καὶ
2404 3712 2543 3783 αὐτὴ
2558 3713 3073 3785 προσαποδεύεταιή
3104 3714 3393 3768 τελευταία
3433 3716 3698 3787 περιϐολή
3728 3732 3743 3747 ·
3786 3734 3882 3784 γυο

2287 3809 2413 3877 μνοὶ
2440 3806 2502 3860 δὲ
2529 3809 2640 3860 τῶν
2674 3808 2993 3877 περιγείων,
3024 3807 3160 3861 ἀλλὰ
3196 3808 3289 3861 καὶ
3315 3809 3484 3879 αὐτῆς
3512 3808 3608 3879 τῆς
3644 3808 3877 3877 φύσεως,

2281 3899 2566 3969 χαίροντες
2596 3899 2833 3971 ἔδραμον
2868 3900 3001 3969 πρὸς
3047 3898 3168 3969 τὴν,
3191 3900 3320 3952 ὅταν
3378 3900 3406 3952 ό
3449 3899 3640 3972 καιρὸς
3696 3898 3880 3953 ἐκάλει

2278 3991 2407 4052 τοὺς
2448 3988 2707 4060 ἀθλητὰς,
2742 3990 2882 4061 ὑπὲρ
2914 3989 3007 4043 τοῦ
3056 3988 3392 4058 ποθουμένου
3430 3993 3665 4059 σφαγήν.

2354 4081 2435 4133 ιδ’.
2479 4082 2643 4135 Ἀλλὰ
2676 4082 2939 4150 τοιαύτην
2972 4081 3072 4151 μὲν
3103 4082 3197 4134 καὶ
3225 4083 3259 4151 ἡ
3294 4080 3389 4133 νῦν
3414 4082 3519 4133 τῶν
3550 4081 3735 4151 ῥητῶν
3783 4080 3877 4150 τὴν

2280 4173 2604 4243 συμφωνίαν
2632 4173 2894 4227 δεικνῦσα
2921 4172 3145 4243 θεωρία,
3178 4175 3243 4243 τῇ
3266 4173 3366 4243 μὲν
3402 4173 3512 4227 τῶν
3568 4175 3876 4243 προσώπων

2279 4266 2339 4317 οὐ
2397 4266 2722 4336 χρησαμένη
2747 4266 3005 4338 διαφορᾷ,
3035 4267 3117 4318 ὅτι
3150 4266 3274 4335 μηδ’
3296 4265 3569 4335 ἐπέτρεπε
3596 4265 3762 4319 τοῦτο
3781 4269 3876 4334 τῆς

2281 4358 2432 4426 ἱερᾶς
2465 4358 2687 4428 Γραφῆς
2711 4360 2743 4429 ὴ
2769 4358 2946 4429 φωνὴ,
3003 4358 3095 4411 ὑπ’
3123 4359 3301 4412 αὐτῶν
3341 4359 3398 4411 δὲ
3421 4358 3529 4411 τῶν
3578 4359 3875 4430 ἐκϐεϐηκό-

2278 4465 2386 4501 των
2426 4451 2770 4519 πραγμάτων
2807 4449 2903 4504 καὶ
2951 4450 3050 4520 τῆς
3107 4450 3230 4503 καθ’
3255 4449 3449 4521 εἱρμὸν
3497 4450 3729 4522 προόδου
3783 4449 3873 4503 τοῦ

2279 4542 2440 4610 λόγου
2480 4546 2580 4611 τὴν
2606 4542 2938 4615 συμϐολικὴν
2965 4542 3075 4596 τῶν
3117 4544 3381 4615 ῥημάτων
3414 4544 3696 4613 σημασίαν
3745 4548 3873 4599 ἁνα-

2288 4634 2634 4689 πτύσσουσα.
2670 4635 2828 4688 Ἐστι
2876 4636 2974 4707 μὲν
3013 4631 3130 4701 οὖν,
3182 4636 3328 4688 ἔστιν
3358 4636 3417 4688 οὐ
3446 4636 3588 4688 κατὰ
3621 4638 3750 4700 τοὺς
3806 4637 3874 4687 εί-

2281 4726 2554 4795 ρημένους
2591 4726 2753 4797 μόνον
2783 4728 3026 4798 τρόπους
3068 4709 3170 4798 την
3202 4729 3506 4797 φαντασίαν
3532 4728 3636 4797 τῆς
3694 4729 3870 4800 μάχης

2278 4817 2609 4872 ἀπαντῶσαν
2638 4818 2849 4884 λαϐεῖν,
2888 4819 3026 4873 ἀλλὰ
3060 4820 3156 4874 καὶ
3185 4823 3306 4874 κατ’
3335 4820 3533 4883 ἄλλους
3564 4821 3748 4893 πολλῴ
3768 4820 3871 4872 τῶν

2276 4912 2586 4983 εἰρημένων
2614 4914 2888 4977 πλείονας,
2941 4906 3075 4985 ὧνή
3113 4914 3454 4985 στοιχείωσις
3510 4914 3605 4967 χαὶ
3673 4929 3871 4983 συγκερ

2277 5006 2584 5071 φαλαίωσις
2615 5005 2951 5077 ίδιαζούσης,
2999 5008 3114 5060 ἀλλ’
3145 5007 3268 5077 οὐχ).
3311 5006 3413 5077 τῆς
3442 5005 3538 5059 νῦν
3563 5008 3715 5059 ἐστιν
3742 5008 3869 5060 ύποο

2277 5099 2500 5162 θέσεως.
2534 5100 2682 5171 Πλὴν
2706 5102 2862 5153 οὐδὲν
2902 5101 3104 5155 κωλύει
3155 5101 3248 5155 καί
3303 5118 3458 5165 τινας
3495 5102 3677 5154 αὐτῶν
3734 5100 3867 5154 διελ-

2278 5190 2415 5255 θεῖν,
2451 5191 2501 5243 οἳ
2528 5193 2620 5245 καὶ
2660 5194 2797 5264 προς
2836 5193 2973 5247 ἄλλα
3006 5194 3130 5247 τινὰ
3160 5194 3270 5247 τῶν
3325 5194 3435 5247 σῶν
3498 5195 3869 5265 ἁπορημάτων

2274 5286 2389 5345 τοῖς
2428 5285 2892 5339 συνεπισκοποῦσι
2927 5288 3093 5357 πόρον
3124 5288 3478 5358 παρέχονται.
3538 5287 3719 5340 Πολλὰ
3775 5286 3869 5356 μὲν

2277 5375 2388 5445 γὰρ
2413 5375 2523 5428 τῶν
2552 5376 2613 5428 ού
2652 5379 2995 5449 μαχομένων,
3023 5378 3089 5432 ἂν
3114 5380 3176 5433 τὸ
3207 5381 3305 5448 μὲν
3328 5379 3613 5451 οἰκονομία
3634 5379 3791 5455 λέγῃ,
3811 5380 3867 5432 τὺ

2277 5468 2337 5521 δὲ
2370 5468 2467 5538 τῆς
2508 5468 2724 5537 φύσεως
2761 5471 2823 5524 τὸ
2851 5472 3175 5535 ἀκόλουθον,
3208 5475 3272 5527 σὺ
3306 5474 3362 5527 δὲ
3428 5474 3502 5543 μὴ
3539 5472 3863 5548 διαστείλῃς,

2282 5559 2492 5631 πλάνην
2524 5565 2671 5614 ποιεῖ
2726 5563 3057 5627 ἀντιθέσεως
3105 5566 3388 5637 οίκονομία
3420 5567 3532 5636 (ιο)
3589 5565 3645 5619 δὲ
3673 5562 3867 5638 λέγοιτ’

2111 5647 2348 5705 ΝΟΤᾸΕ.

2111 5649 2177 5703 Ν(

650 5725 767 5800 (ill)
798 5727 872 5785 De
904 5730 1007 5787 hoc
1031 5745 1189 5787 sacro
1222 5732 1489 5789 vocabulo
1529 5733 1737 5791 mullus
1779 5745 1863 5792 est
1916 5735 2177 5795 Suiccrus

2281 5651 2348 5705 Ε.

2313 5741 2602 5808 Thesauro,
2629 5761 2792 5816 quem
2826 5763 2952 5803 cum
2985 5747 3167 5803 fructu
3194 5749 3391 5805 adibis.
