4134 6444
445 305 519 369 65
1572 300 1669 359 AD
1696 293 2022 357 AMPIII'LC

2119 294 2289 354 lIUM
2320 293 2664 366 QUESTIO
2697 296 2736 355 L
3659 295 3729 359 δῦ

437 423 508 477 ἂν
538 416 745 492 κυρίως
788 416 887 489 μὲν
918 417 953 487 ἡ
987 415 1083 469 τοῦ
1135 415 1309 483 Λόγου
1354 413 1618 485 φρικτικὴ
1662 409 1803 479 ὑπὲρ
1833 406 2022 461 ὲννοὶα.

2119 418 2280 463 _vcro
2329 405 2706 474 principaliter
2750 406 2955 461 dicitur
3012 405 3179 462 Verbi
3213 407 3525 466 incarnatio
3564 429 3730 485 supra

438 511 878 582 ἐνανθρώπησις.
907 509 1017 563 Καὶ
1039 506 1165 562 καθ’
1188 508 1377 580 ἕτερον
1410 506 1465 559 δὲ
1495 504 1699 574 τρόπον
1740 501 1852 555 τῶν
1875 500 2036 568 ἀκρι-

435 604 712 674 ϐεστέρων
740 602 924 672 νόμων
951 602 985 672 ὴ
1018 600 1108 653 ἐπί
1127 616 1251 653 τινα
1277 598 1471 670 χρόνον
1516 592 1786 664 ὑποστολὴ
1808 592 1841 663 ἢ
1866 588 2031 662 σχολὴ

433 698 471 767 ἢ
512 695 626 748 τῶν
656 694 962 765 ἀνειμένων
991 692 1225 763 εἰσφορὰ
1255 691 1390 762 πρὸς
1414 689 1513 759 τὴν
1568 686 1679 740 τῶν
1724 684 2031 755 δεχομένων

436 788 748 850 ἀσθένειαν,
778 786 1245 855 διοικονομοῦντος
1274 783 1368 836 τοῦ
1424 780 1719 852 νομοθέτου
1751 777 1812 829 τὸ
1860 775 2034 846 πρόσ-

437 896 649 951 ταγμα.
682 876 1072 950 Προκύπτουσι
1096 876 1152 929 δὲ
1183 876 1283 944 τῆς
1316 873 1541 943 πρώτης
1570 867 1906 938 οἰκονομίας,
1952 864 2035 917 οὑ-

434 972 492 1025 δὲ
524 973 620 1042 τῆς
665 969 924 1041 δευτέρας
958 966 1192 1038 ἐχούσης
1224 966 1284 1018 το
1337 963 1665 1033 ἀδιαίρετον,
1725 960 1820 1011 καὶ
1880 955 2031 1010 ἄλλοι

434 1063 629 1133 τρόποι
656 1061 924 1133 διάφοροι.
977 1058 1189 1112 Αὐτίκα
1244 1060 1273 1111 ὸ
1307 1057 1497 1127 Σωτὴρ
1550 1052 1762 1124 ἠγωνία
1820 1067 1880 1103 τε
1935 1049 2031 1101 καὶ

435 1154 739 1225 παρῃτεῖτο
789 1151 883 1203 τὸν
908 1149 1161 1214 θάνατον,
1212 1146 1349 1202 ἀλλὰ
1376 1146 1471 1200 καὶ
1503 1144 1750 1209 ἐξουσίαν
1772 1137 1886 1212 εἶχε
1918 1140 2029 1194 θεῖ-

424 1265 526 1303 ναι
551 1248 652 1319 τὴν
688 1246 870 1318 ψυχὴν
892 1242 1059 1297 αὐτοῦ
1095 1241 1193 1296 καὶ
1221 1240 1386 1295 πάλιν
1437 1240 1624 1292 λαϐεῖν
1664 1237 1859 1307 αὑτήν.
1917 1232 2028 1287 Καὶ

426 1345 537 1416 ὅρα
578 1343 678 1409 ὡς,
708 1344 760 1397 εί
786 1359 868 1406 τις
897 1340 972 1412 μὴ
1004 1340 1067 1394 τὸ
1100 1339 1199 1409 μὲν
1244 1340 1313 1409 τῇ
1339 1334 1623 1406 οἰκονομίᾳ
1671 1333 1809 1404 δοίη,
1846 1330 1917 1385 τὰ
1968 1329 2026 1384 δὲ

426 1440 501 1508 τῇ
531 1435 756 1507 ἐξουσία
792 1437 858 1505 τῇ
883 1433 1061 1503 θεῖκῇ,
1089 1431 1285 1484 ἐαυτὸν
1317 1431 1435 1492 τοῖς
1464 1426 1733 1489 ἐναντίοις
1766 1420 2025 1495 περιτρέυ

424 1530 576 1599 tam.
614 1528 725 1583 Καὶ
755 1527 817 1580 τό
850 1542 915 1595 γε
971 1525 1067 1578 νῦν
1102 1524 1204 1595 τῆς
1245 1520 1560 1592 οἰκονομίας
1597 1519 1767 1589 ὄνομα
1825 1515 2024 1586 φύεται

430 1623 561 1692 μὲν,
589 1621 781 1690 ὥσπερ
812 1621 1052 1690 εἴρηται,
1084 1618 1193 1672 ἀπό
1217 1632 1283 1686 γε
1310 1618 1409 1686 τῆς
1440 1612 1709 1686 δηλούσης
1739 1611 1842 1681 τὴν
1862 1610 2021 1663 ἐνανο

2139 512 2358 553 omnem
2376 496 2788 568 intelligentiam
2812 501 3171 555 admirabilis.
3202 501 3417 559 Rursus
3432 506 3541 560 alio
3566 498 3731 564 modo

2138 589 2447 644 uaconomia
2472 590 2788 659 intelligitur
2814 594 2989 646 severi
3018 593 3161 663 juris
3183 593 3251 648 ad
3275 605 3481 650 eertum
3516 607 3732 670 tempus

2138 682 2397 737 remissio
2430 683 2881 755 atqnejustitium
2908 689 3027 753 ;vel
3058 688 3222 741 etiam
3250 688 3577 745 immunium
3598 708 3732 762 pen-

2136 776 2322 831 sitatio
2346 786 2570 845 propter
2593 792 2771 846 aegros
2798 779 3176 848 recipientium
3206 782 3422 839 animos
3456 785 3722 852 praestita;

2135 866 2215 921 sic
2239 866 2493 921 videlicet
2519 866 2827 937 legislature
2851 870 3166 924 mandatum
3191 887 3352 927 suum
3375 875 3719 931 moderante.

2132 958 2419 1015 Exsistunt
2451 968 2636 1014 autem
2669 975 2699 1016 e
2729 961 2914 1031 priore
2944 963 3255 1017 necettomia
3307 964 3510 1037 (neque
3546 978 3730 1037 poste-

2131 1050 2247 1105 rior
2282 1050 2397 1121 ipsa
2428 1049 2715 1121 abhorret)
2740 1052 2833 1107 alii
2866 1067 3090 1123 quoque
3113 1056 3260 1108 modi
3291 1055 3497 1125 plures.
3527 1059 3729 1113 Exerit-

2130 1142 2202 1214 pli
2230 1156 2421 1206 causa,
2443 1139 2705 1197 Servator
2732 1142 2786 1197 in
2818 1144 3011 1215 agonia
3032 1146 3244 1215 positus
3275 1157 3505 1201 mortem
3535 1148 3731 1219 depre-

2130 1232 2359 1287 cabatur
2376 1231 2419 1287 ⁸.
2446 1231 2612 1302 Atqui
2639 1233 2780 1288 idem
2805 1243 3125 1304 potestatem
3156 1235 3392 1291 habebat
3424 1237 3728 1307 deponendi

2128 1322 2390 1385 animam,
2440 1331 2608 1392 atque
2655 1322 2854 1379 iterum
2912 1325 3164 1380 sumendi
3232 1341 3353 1381 eam
3394 1327 3434 1381 ’.
3473 1327 3728 1392 Constat,

2127 1415 2234 1470 nisi
2320 1417 2445 1489 quis
2531 1418 2688 1489 prius
2794 1417 2929 1474 illud
3019 1419 3348 1474 (economiae
3441 1420 3725 1487 ascribat,

2125 1510 2359 1566 alterum
2431 1528 2564 1568 vero
2617 1512 2817 1568 divinae
2876 1513 3157 1582 potestati,
3209 1511 3387 1581 ipsum
3450 1528 3512 1568 se
3589 1530 3725 1570 con-

2124 1602 2540 1661 tradictionibus
2620 1605 3056 1676 implicaturum.
3131 1604 3196 1658 Et
3269 1604 3376 1660 hoc
3422 1605 3544 1661 loco
3600 1609 3725 1677 qui-

425 1716 461 1769 0
472 1716 741 1786 ρὼπησιν,
763 1714 887 1784 ἥτις
905 1713 1000 1767 καὶ
1025 1710 1233 1782 κυρίως
1260 1708 1327 1763 ἂν
1359 1706 1453 1761 καὶ¹
1478 1703 1711 1777 πρώτως
1736 1701 2019 1772 οἰκονομία

2122 1693 2243 1749 dem
2292 1697 2618 1752 (economiae
2666 1696 2891 1752 nomine
2936 1696 3279 1766 intelligitur,
3335 1705 3397 1751 ut
3453 1697 3717 1756 diximus.

422 1780 510 1878 eis
535 1780 805 1877 ἀξιίίιματί
845 1822 905 1859 τε
926 1804 1021 1859 καὶ
1055 1780 1133 1875 τῷ
1165 1801 1325 1872 αἰτίῳ
1348 1800 1450 1870 τῆς
1490 1799 1547 1865 ἐξ
1582 1796 1756 1866 αὐτῆς
1786 1794 2017 1863 λέγοιτο·

2124 1786 2452 1854 incarnatio,
2499 1804 2624 1860 quae
2688 1790 2965 1860 prmcipue
3027 1789 3395 1859 primitusque
3457 1792 3530 1845 ob
3605 1792 3725 1861 dig-

422 1898 496 1951 οὐ
529 1896 634 1968 μὴν
659 1898 739 1959 είς
768 1895 888 1949 ὅλον
924 1893 1110 1965 ἐκείνῃ
1139 1889 1449 1961 συμφύεται
1468 1904 1484 1918 ο
1529 1886 1777 1957 σχίζεται
1803 1883 1913 1952 γὰρ
1946 1881 2029 1945 είς

422 1990 528 2043 δύο
560 1989 701 2051 τέως
730 1987 827 2043 καὶ
864 1986 1039 2056 αὖτη’
1082 1983 1270 2040 καὶτὸ
1307 1982 1404 2043 μὲν
1443 1979 1614 2051 αὐτῆς
1655 1976 1752 2031 ἐπὶ
1802 1973 2025 2047 μᾶλλον,

425 2081 497 2135 τὸ
534 2081 591 2135 δέ
626 2079 715 2135 ἐπ’
739 2080 967 2135 ἔλαττον
998 2078 1078 2149 τῷ
1148 2073 1539 2147 σημαινομένῳ
1601 2067 2023 2140 συμὸιὸἀζεται.

426 2174 497 2225 Et
532 2173 629 2242 μὲν
661 2173 771 2244 γάρ
798 2190 883 2236 τις
918 2173 1021 2243 τὴν
1059 2169 1302 2240 ἀγωνίαν
1351 2166 1449 2221 καὶ
1488 2165 1589 2236 την
1625 2161 1721 2217 τοῦ
1793 2161 2026 2215 Θανάτου

429 2267 768 2337 παραίτησιν
797 2264 920 2319 καθ’
952 2265 981 2318 ὂ
1013 2266 1237 2334 γέγονεν
1269 2260 1556 2333 ἄνθρωπος
1594 2256 1778 2312 λαϐεῖν
1836 2252 2028 2323 ἐθελή-

426 2374 539 2422 σοι,
580 2356 893 2426 οἰκονομίαν
923 2354 1160 2410 ἐνταῦθα
1185 2354 1285 2424 τὴν
1333 2351 1535 2422 μᾶλλον
1601 2346 2027 2421 προσφυομένην

424 2449 546 2514 ἔξει
577 2447 654 2519 τῷ
684 2447 1048 2519 προταχθέντι
1078 2447 1286 2518 ῥήματι
1305 2461 1319 2477 ο
1352 2447 1403 2498 εί
1427 2443 1473 2497 δ’
1497 2442 1738 2514 ἀγωνιᾷν
1760 2441 1854 2494 καὶ
1886 2455 2025 2509 παρ-

424 2542 706 2596 αιτεῖσθαι
736 2541 827 2595 τὸν
860 2540 1116 2603 θάνατον,
1148 2539 1251 2592 οὐκ
1278 2536 1411 2592 αὐτὸ
1444 2535 1606 2592 τοῦτο
1632 2534 1771 2588 διότι
1801 2533 2025 2603 γέγονεν

426 2636 724 2707 ἄνθρωπός
756 2652 840 2699 τις
882 2633 1147 2688 umida):
1175 2632 1416 2704 (πολλοῖς
1451 2629 1562 2701 γὰρ
1587 2630 1680 2683 καὶ
1709 2628 1819 2681 τῶν
1879 2644 2022 2698 μαρ-

426 2734 614 2807 τύρων
642 2733 738 2786 καὶ
764 2730 1021 2803 ἀσκητῶν
1039 2730 1287 2792 ἑκούσιος
1303 2727 1448 2798 ὁρμὴ
1469 2726 1565 2779 καὶ
1596 2723 1740 2796 χαρὰ
1760 2722 1899 2794 πρὸς
1926 2722 2022 2776 τὸν

425 2827 713 2892 θάνατον),
730 2823 847 2879 ἀλλ’
866 2821 1269 2893 οἰκονομεῖσθαι
1299 2820 1393 2874 νῦν
1423 2820 1523 2891 τὴν
1552 2819 1793 2889 ἀγωνίαν
1815 2816 1907 2869 καὶ
1925 2813 2023 2885 τὴν

425 2918 530 2972 τοῦ
561 2917 793 2972 θανάτου
833 2914 1167 2987 παραίτησιν
1198 2915 1278 2971 είς
1310 2912 1603 2983 βεϐαίωσιν
1624 2909 1723 2982 μὲν
1742 2909 1843 2979 τῆς
1869 2908 2024 2960 ἐναν-

427 3010 796 3082 θρωπησεως,
828 3006 1051 3078 ἔλεγχον
1076 3005 1138 3059 δέ
1191 3003 1467 3073 φθάνοντα
1495 3002 1605 3057 τῶν
1664 2998 2022 3068 ὑποθεμένων

427 3100 738 3173 φαντασίαν
763 3099 823 3154 τὸ
848 3099 1076 3173 φρικτὸν
1105 3099 1206 3168 τῆς
1233 3097 1708 3169 ἐνανθρωπήσεως
1727 3094 1820 3147 καὶ
1844 3091 2021 3162 παρὰ·

422 3195 603 3260 δοξον,
634 3194 734 3265 τὴν
757 3192 844 3245 ἐπ’
871 3192 1092 3245 ἔλαττον
1124 3182 1281 3253 οὗτος
1299 3186 1715 3257 συναπτομένην
1746 3184 1848 3253 τῆς
1876 3185 2022 3236 οἰκο-

428 3288 628 3356 νομίας
682 3285 871 3356 φωνὴν
920 3283 1060 3357 πρὸς
1128 3282 1233 3354 τὴν
1284 3281 1387 3351 τῆς
1442 3280 1623 3351 μάχης
1659 3277 1815 3330 λύσιν
1866 3270 2027 3346 εὗρεν

425 3379 734 3450 ἐπίκουρον
754 3393 773 3412 ο
811 3376 956 3448 πλὴν
983 3374 1099 3429 ἀλλ’
1128 3374 1285 3429 οὐδὲν
1313 3372 1539 3427 ἔλαττον
1596 3367 1938 3440 ἑκατέρωθεν
1988 3368 2022 3437 ἡ

430 3470 714 3548 φαντασία
745 3469 850 3541 τῆς
892 3468 1076 3541 μάχης
1110 3465 1419 3523 ἐλαύνεται.

501 3770 587 3820 ιε’.
627 3764 749 3819 Εἰσὶ
782 3761 840 3816 δὲ
868 3760 964 3815 καὶ
998 3758 1153 3830 παρὰ
1180 3755 1397 3819 τούτοις
1431 3750 1745 3822 οἰκονομίας
1789 3749 2025 3819 διάφορα

426 3857 535 3929 μὲν
565 3854 966 3929 σημαινόμενα,
996 3852 1095 3923 τῆς
1130 3848 1305 3918 αὐτῆς
1333 3845 1378 3900 δ’
1417 3846 1567 3915 ὅμως
1596 3842 1833 3915 λαχόντα
1870 3840 2025 3910 γενέ-

427 3968 593 4016 σεως,
629 3948 771 4020 πλὴν
804 3945 945 4001 ἀλλά
970 3961 1036 4014 γε
1067 3943 1165 3999 νῦν
1196 3941 1368 4014 μυρία
1415 3940 1516 4011 μὲν
1570 3937 1667 3991 καὶ
1719 3936 1857 3991 ἄλλα
1912 3934 2024 3988 τῶν

422 4048 510 4109 εἰς
538 4043 775 4115 ἀπορίαν
804 4036 1253 4112 ἀναφερομένων,
1287 4036 1357 4105 τῇ
1384 4031 1666 4103 ἐπικρίσει
1689 4046 1751 4082 τε
1781 4028 1877 4082 καὶ
1905 4028 2022 4082 δια-

422 4138 590 4207 λήψει
624 4133 721 4189 τοῦ
749 4133 849 4204 τὴν
881 4132 1087 4203 κυρίως
1116 4126 1435 4198 οἰκονομίαν
1448 4122 1735 4197 δηλοῦντος
1757 4121 2025 4193 ὀνόματος

424 4234 463 4303 ἡ
497 4230 653 4295 λύσις
682 4227 899 4282 ἐκεῖθεν
927 4225 1065 4298 πρὸς
1096 4222 1158 4277 τὺ
1195 4220 1364 4290 σαφὲς
1406 4218 1531 4288 ἄγει
1554 4235 1570 4251 ο
1615 4214 1918 4280 ἐπιλύσεως
1956 4214 2023 4269 δὲ

419 4326 581 4381 οὐδὲν
610 4323 834 4377 ἔλαττον
863 4320 951 4374 διὰ
978 4317 1185 4389 ταύτης
1218 4315 1377 4386 τύχοι
1406 4313 1473 4367 ἂν
1510 4311 1545 4382 ἢ
1601 4310 1669 4364 δι’
1700 4309 1868 4380 ἄλλης
1926 4309 2021 4379 ἐφ-

420 4420 551 4473 όδου
580 4417 675 4471 καὶ
702 4416 787 4479 τὸ,
816 4433 835 4466 ι
868 4412 935 4468 Τί
969 4428 1034 4482 με
1064 4411 1281 4481 ζητεῖτε
1307 4407 1630 4462 ἀποκτεῖναι
1654 4403 1943 4474 ἄνθρωπον
1960 4400 2021 4464 ὃς

2130 1878 2356 1935 nitatem
2391 1896 2547 1936 suam
2576 1890 2633 1936 et
2652 1880 2998 1936 eﬂicientiam
3032 1882 3228 1936 merito
3255 1881 3455 1936 dicitur
3484 1897 3690 1938 ωοοηο
3709 1913 3723 1925 -

2130 1974 2264 2027 mia.
2291 1970 2482 2044 Neque
2513 1983 2698 2029 tamen
2741 1972 3064 2044 praedictum
3107 1988 3313 2029 nomen
3359 1973 3415 2029 in
3466 1973 3569 2030 hac
3615 1991 3720 2028 una

2130 2066 2354 2123 notione
2391 2067 2669 2124 consistit.
2712 2064 2851 2122 Nam
2883 2075 2939 2121 et
2986 2066 3103 2136 ipsa
3148 2066 3302 2122 notio
3345 2066 3618 2123 interdum
3666 2066 3721 2121 in

2128 2157 2267 2215 duas
2296 2158 2605 2225 scinditur;
2638 2173 2874 2229 quarum
2908 2157 3081 2212 altera
3104 2158 3301 2229 magis,
3334 2158 3505 2214 altera
3536 2159 3721 2213 minus

2129 2263 2256 2305 cum
2307 2265 2367 2305 re
2402 2250 2675 2306 intellecta
2698 2251 2974 2321 congruit.
3024 2248 3158 2304 Nam
3207 2250 3255 2306 si
3285 2250 3415 2321 quis
3457 2250 3716 2321 agoniam

2129 2342 2434 2413 mortisque
2465 2342 2906 2414 deprecationem
2940 2351 3216 2414 quatenus
3261 2344 3427 2398 homo
3478 2350 3600 2399 erat
3632 2341 3719 2398 iu—

2138 2434 2385 2505 telligere
2446 2434 2612 2501 volet,
2665 2434 2713 2490 is
2759 2435 3120 2491 oeconomiam
3160 2435 3451 2506 praeposito
3496 2435 3723 2491 nomine

2127 2527 2368 2581 maxime
2413 2526 2639 2597 dignam
2696 2526 2921 2582 habebit
2965 2544 2979 2581 :
3040 2528 3126 2582 sin
3181 2527 3458 2599 agoniam]
3504 2528 3616 2597 pati
3664 2539 3722 2583 et

2127 2627 2365 2689 mortem
2401 2616 2706 2684 deprecari,
2751 2615 2897 2671 haud
2933 2630 2964 2670 a
2994 2614 3203 2672 Christi
3244 2616 3589 2673 humanitate
3633 2633 3721 2673 rc-

2125 2721 2273 2783 petet
2306 2716 2617 2783 (propterea
2652 2712 2799 2781 quod
2824 2712 2982 2767 multi
3015 2721 3286 2785 martyres
3304 2715 3723 2785 piiqueatbleta

2126 2813 2322 2875 sponte
2366 2813 2532 2874 atque
2578 2804 2837 2861 alacriter
2869 2804 2939 2860 ad
2982 2820 3172 2860 necem
3212 2810 3718 2878 praperaverunt);

2123 2913 2317 2953 verum
2371 2897 2580 2953 idcirco
2622 2897 2863 2969 positum
2914 2914 3038 2954 esse
3082 2899 3134 2954 in
3182 2901 3377 2969 agonia
3419 2899 3607 2957 Jesum
3666 2913 3723 2958 et

2123 2990 2320 3047 mortis
2347 2989 2531 3061 fugam
2567 2991 2899 3061 appetivisse
2922 2990 3219 3062 judicabit,
3268 3002 3327 3048 ut
3352 2993 3720 3051 humanitatis

2124 3098 2239 3138 suae
2274 3081 2432 3137 iidem
2460 3082 2682 3148 faceret,
2714 3092 2879 3153 atque
2914 3093 2974 3138 ut
3016 3084 3070 3138 in
3114 3094 3465 3141 antecessum
3496 3103 3593 3143 eos
3630 3092 3720 3143 re-

2048 3142 2097 3207 θ
2128 3171 2360 3237 felleret,
2387 3173 2481 3245 qui
2514 3142 2837 3229 admirabile
2868 3183 3032 3244 atque
3056 3174 3342 3245 inopinum
3388 3142 3723 3234 incarnatio-

2127 3265 2215 3320 nis
2241 3278 2382 3334 opus
2417 3263 2721 3333 phantasia:
2743 3264 3040 3335 ascripturi
3090 3276 3288 3332 erant;
3314 3270 3436 3339 qui,
3468 3268 3719 3339 inquam.

2127 3357 2208 3413 sic
2235 3357 2570 3427 Opinabitur,
2602 3359 2651 3412 is
2673 3359 2998 3414 meditamine
3026 3360 3370 3416 vocabulum
3383 3364 3718 3418 secundario

2022 3516 2023 3519 η
2124 3462 2292 3506 sensu
2326 3450 2396 3505 ad
2438 3454 2818 3520 repugnantia:
2870 3451 3316 3508 conciliationem
3363 3455 3714 3511 auxiliarium

2126 3542 2562 3613 habebitzreque
2586 3551 2767 3599 tamen
2791 3543 3049 3616 utrinque
3085 3546 3339 3602 simulata
3359 3550 3717 3620 repugnantia

2125 3634 2438 3705 expellitur.

2198 3728 2287 3783 15.
2325 3728 2467 3783 Sunt
2497 3739 2679 3785 autem
2706 3737 2903 3800 praeter
2936 3729 3036 3786 has
3066 3729 3189 3786 alia:
3220 3746 3444 3804 quoque
3468 3742 3523 3789 et
3549 3736 3718 3790 varia:

2124 3822 2376 3878 vocabuli
2418 3824 2742 3879 oeconomia
2776 3822 3227 3893 signiﬁcationes,
3265 3841 3389 3896 qua:
3428 3835 3615 3883 tamen
3648 3830 3719 3884 ab

2124 3914 2315 3971 eadem
2351 3916 2566 3987 origine
2590 3924 2834 3972 manant.
2870 3915 3116 3988 Denique
3146 3918 3253 3973 alia
3287 3919 3577 3976 innumera
3598 3938 3721 3992 qure

2126 4007 2193 4061 ad
2226 4006 2592 4063 dubitandum
2620 4008 2866 4075 trahunt,
2909 4009 3121 4078 judicio
3142 4019 3198 4067 et
3224 4011 3565 4068 discretione
3610 4031 3712 4068 no-

2123 4100 2294 4156 minis
2337 4100 2486 4171 quod
2522 4101 2901 4172 principaliter
2944 4102 3384 4159 inrarnationem
3419 4106 3716 4175 signiﬁcat,

2122 4194 2551 4249 declarationem
2610 4196 2955 4266 perspicuam
2986 4207 3428 4268 consequuntur.
3482 4198 3551 4253 Et
3613 4200 3717 4257 hac

2123 4287 2351 4356 quidem
2383 4287 2624 4353 ratione,
2654 4287 2829 4342 nihilo
2855 4289 3036 4344 secius
3070 4306 3235 4359 quam
3256 4290 3387 4358 alia,
3424 4293 3716 4349 solutionis

2122 4386 2403 4449 compotes
2438 4378 2556 4434 ﬁeri
2593 4378 2743 4434 licet.
2790 4378 2966 4435 Veluti
3003 4381 3057 4435 in
3087 4381 3191 4438 hoc
3224 4382 3386 4438 loco:
3427 4402 3448 4435 ι
3481 4384 3593 4439 Cur
3627 4400 3715 4441 me

419 4513 529 4579 τὴν
559 4473 823 4579 ἀλήθειαν
859 4473 1135 4571 λελάληέσί
1165 4500 1335 4570 ὐμῐν;
1372 4517 1391 4550 ι
1450 4495 1569 4560 και,
1602 4513 1622 4547 ι
1672 4473 1815 4564 Ἐγὼ
1843 4493 1939 4546 καὶ
1988 4491 2018 4544 ό

2123 4473 2368 4544 queritis
2391 4473 2704 4529 interﬁcere
2731 4474 3008 4530 hominem
3052 4475 3144 4545 qui
3180 4476 3466 4533 veritatem
3494 4479 3715 4535 locutus

421 4599 621 4670 Πατὴρ
640 4599 700 4651 ἐν
728 4599 916 4667 ἐσμεν.
959 4612 979 4645 ι
1016 4583 1355 4663 Συγιῖρούειν
1385 4588 1483 4659 μὲν
1510 4594 1622 4659 γὰρ
1651 4583 1902 4657 ἀλλήλοις
1927 4581 2014 4635 δο-

417 4694 515 4746 κεῖ
548 4707 663 4754 πως
691 4690 808 4751 τοῖς
866 4684 1149 4747 ἁσυνέτοις
1192 4683 1226 4754 ἢ
1292 4678 1673 4754 ῥᾳδιουργοῦσι
1698 4677 1767 4731 τὰ
1823 4676 1966 4748 ῥητά.
1993 4691 2009 4708 ·

2111 4583 2233 4629 sum
2248 4566 2401 4622 vobis
2427 4566 2505 4619 ⁸⁸2
2529 4565 2698 4622 »Τυιη
2720 4583 2733 4622 :
2756 4584 2777 4618 ‹
2805 4565 2919 4638 Ego
2938 4575 2993 4622 et
3011 4566 3174 4623 Pater
3202 4585 3370 4624 unum
3390 4586 3586 4627 sumus
3609 4572 3717 4625 ".r

2107 4658 2520 4730 Stultisoppido
2566 4660 2880 4716 hominibus
2937 4660 3153 4731 levique
3209 4674 3387 4717 mente
3459 4666 3703 4734 praeditis

413 4779 541 4835 ἀλλ’
565 4781 593 4834 ὃ
620 4751 686 4848 γε
718 4776 883 4846 σοφὸς
908 4776 1007 4845 τῆς
1034 4751 1302 4845 ἀληθείας
1323 4751 1481 4839 λόγος
1509 4768 1609 4841 τὴν
1648 4768 1747 4838 μὲν
1772 4767 1881 4820 τῶν
1906 4781 2014 4836 (pte-

2119 4752 2383 4809 contraria
2433 4751 2550 4808 hac
2590 4751 2736 4807 dicta
2779 4753 3079 4808 videntur:
3139 4753 3235 4809 sed
3288 4755 3435 4808 enim
3488 4757 3709 4826 sapiens

412 4870 532 4926 νῶν
561 4873 626 4941 τῇ
661 4868 929 4940 ἀκηράτῳ
956 4864 1055 4919 καλ⁵
1092 4862 1343 4936 μακαρίᾳ
1374 4864 1474 4933 τῆς
1536 4860 1810 4932 θειότητος
1877 4858 2008 4911 inco-

2109 4844 2355 4901 veritatis
2375 4858 2559 4899 sermo
2580 4843 2810 4900 alterum
2842 4844 3062 4915 quidem
3086 4845 3290 4901 dictum
3309 4846 3376 4901 ad
3429 4846 3712 4903 immorta‘

412 4936 828 5033 φέρων-φύσει,
858 4936 959 5028 τὴν
1003 4954 1061 5009 δὲ
1115 4953 1239 5009 καθ’
1286 4953 1355 5025 ἣν
1387 4953 1559 5024 αὐτὴν
1606 4953 1636 5006 ό
1682 4950 1855 5018 Λόγος
1911 4948 2010 5019 τὴν

2119 4939 2220 4995 lem
2236 4938 2561 5004 beatamque
2574 4936 2876 4993 divinitatis
2902 4948 3153 4994 naturam
3180 4939 3445 5007 referens,
3476 4941 3708 4997 alterum

409 5050 703 5123 ἡμετέραν
740 5047 932 5102 οὐσίαν
971 5045 1359 5117 προσείληφεν,
1398 5045 1578 5098 πᾶσαν
1599 5041 1871 5096 διωθεῖται
1898 5042 2010 5112 ἀμ-

409 5142 777 5215 φισϐήτησιν.
806 5138 926 5195 Οὐκ
955 5139 1354 5209 ἀποστατήσειε
1385 5136 1429 5189 δ’
1455 5135 1524 5189 ἂν
1560 5133 1656 5188 τοῦ
1686 5135 1894 5197 εἰκότος
1916 5133 2013 5190 καὶ

409 5235 479 5291 εἴ
509 5252 595 5299 τις
648 5236 715 5305 τῇ
748 5233 886 5304 αὐτῇ
924 5228 1180 5285 διαλύοιτ’
1210 5228 1279 5282 ἂν
1309 5226 1595 5297 ἐπισκέψει
1629 5228 1723 5279 καὶ
1768 5225 1849 5289 τὸ,
1892 5244 1911 5278 ι
1952 5226 2012 5280 '0

408 5329 613 5398 Πατήρ
646 5342 749 5396 μου
792 5323 995 5393 μείζων
1031 5320 1134 5392 μού
1169 5323 1283 5373 ἐστι
1303 5336 1319 5352 ·
1351 5339 1370 5372 ι
1402 5320 1569 5373 δεῖται
1610 5318 1713 5390 μὲν
1739 5320 1847 5390 γὰρ
1882 5336 2009 5372 συν-

408 5416 559 5470 ετῶν
592 5417 686 5468 καὶ
717 5411 841 5467 καθ’
875 5411 1034 5464 ἑαυτὸ
1064 5409 1225 5463 τοῦτο
1255 5408 1317 5461 τὸ
1372 5406 1517 5479 ἱερὸν
1555 5406 1755 5480 χωρίον
1804 5409 2009 5479 ἀκροα-

404 5507 549 5562 τῶν.
583 5504 795 5559 Μᾶλλον
820 5501 867 5555 δ’
895 5502 962 5555 ἂν
990 5499 1215 5570 δεηθείη
1249 5499 1345 5552 καὶ
1373 5496 1472 5567 τῆς
1486 5496 1788 5569 εἰρημένης
1820 5498 2006 5567 φωνῆς

406 5602 540 5671 ἥτις
574 5598 763 5668 ἐδήλου
803 5594 903 5665 τὴν
955 5592 1177 5662 ἰσότητα
1231 5590 1465 5660 Πατρὸς,
1511 5589 2005 5662 συνεξεταζομένης

406 5693 515 5747 καὶ
554 5686 1160 5762 συμπαραϐαλλομένης
1192 5684 1373 5756 αὐτῷ·
1417 5685 1465 5737 εί
1496 5683 1607 5755 γὰρ
1657 5684 1752 5737 καὶ
1786 5682 2005 5755 ἑτέραις

485 5803 511 5838 ⁸
546 5801 684 5858 Luc.
720 5818 857 5866 χχιι,
888 5800 981 5857 ιδ.
1048 5803 1069 5832 ⁹
1101 5799 1257 5854 Joan.
1307 5817 1360 5867 χ,
1407 5799 1493 5855 18.
1528 5799 1569 5832 ¹⁰
1604 5797 1765 5854 Joan.
1802 5815 1918 5866 vm,
1950 5800 2040 5857 40.

718 5891 993 5955 Panos.
1033 5895 1158 5955 Cn.
1179 5895 1285 5956 Cl.

2114 5031 2184 5085 ad
2263 5029 2564 5083 humanam
2639 5043 2766 5083 cum
2822 5027 3078 5085 Christus
3125 5045 3473 5086 communem
3548 5032 3719 5087 nobis

2115 5121 2480 5183 substantiam
2508 5120 2765 5191 sumpsit,
2798 5123 3109 5179 universam
3145 5123 3396 5195 proﬂigat
3431 5124 3705 5196 ambigui-

2118 5212 2727 5285 tatem.Nequeajusta
2749 5214 3020 5270 sententia
3047 5216 3283 5277 recedet,
3310 5216 3353 5270 si
3374 5215 3500 5285 quis
3514 5218 3705 5272 eodem

2044 5308 2047 5309 ⁷
2116 5291 2349 5363 consilio
2388 5306 2625 5377 explicet
2661 5306 2826 5361 etiam
2850 5346 2865 5373 ,
2900 5324 2919 5359 ι
2959 5306 3120 5362 Pater
3151 5308 3328 5377 major
3353 5323 3441 5362 me
3463 5319 3547 5363 est
3572 5310 3639 5363 ".
3684 5329 3703 5363 ι

2102 5399 2239 5456 Nam
2268 5416 2393 5455 cum
2429 5414 2587 5455 sacer
2621 5398 2709 5453 hic
2726 5398 2879 5454 locus
2910 5414 3006 5469 per
3030 5415 3090 5455 se
3112 5401 3406 5469 prudentes
3426 5400 3706 5457 auditores

2106 5490 2372 5563 postulat,
2402 5500 2516 5545 tum
2545 5488 2720 5544 multo
2744 5490 2911 5545 etiam
2939 5490 3113 5562 magis
3155 5492 3383 5562 indiget,
3415 5501 3477 5547 ut
3506 5506 3707 5563 supra-

2113 5585 2258 5640 dicta
2294 5596 2419 5648 vox,
2467 5597 2591 5652 qua:
2617 5598 2741 5637 cum
2788 5580 2949 5638 Patre
2994 5583 3362 5653 aequalitatem
3412 5584 3703 5656 signiﬁcat,

2110 5680 2447 5751 adjungatur
2490 5678 2620 5733 huic
2665 5677 2936 5750 juxtaque
2990 5690 3248 5750 ponatur.
3282 5678 3417 5736 Nam
3484 5680 3531 5737 si
3586 5681 3720 5737 aliis.

2113 5800 2152 5831 “
2186 5795 2344 5852 Joan.
2380 5809 2433 5861 ι,
2462 5792 2551 5848 '50.
2621 5794 2663 5825 "
2692 5791 2855 5849 Joan.
2882 5810 2995 5859 xiv,
3017 5796 3111 5853 28.

3248 5892 3286 5951 3
