4134 6442
545 294 617 362 5v;
1664 295 1930 359 Pnom
1973 294 2479 361 ΡΑτιιΙΑῐιιςιιίΕ
2517 300 2625 364 cr.
3750 288 3825 369 δε

546 424 766 481 quoque
795 408 987 480 patriis
1015 406 1331 465 notionibus
1384 408 1643 464 simulata
1672 409 1918 480 ipsorum
1950 424 2117 479 pugna

2233 414 2527 485 πατρικαῖς
2576 413 2921 475 ἐπιστασίαις
2958 412 2992 483 ἠ
3023 412 3082 466 ἐν
3110 412 3302 477 αὑταῖς
3329 415 3630 488 φαινομένη
3666 419 3820 489 μάχη

544 503 895 559 concordiam
924 502 1179 567 exhibet;
1217 502 1382 556 veluti
1414 503 1545 573 quia
1591 503 1917 558 vocabulum
1950 501 2125 568 major

545 597 611 651 ad
649 610 869 651 causam
899 594 1163 660 refertur;
1191 611 1354 647 unum
1378 605 1560 650 autem
1589 604 1802 649 natura:
1835 594 2123 664 :equalita-

545 698 650 743 tem
676 687 976 757 significat;
997 687 1251 755 sequitur
1268 695 1329 741 ut
1347 686 1666 742 (economize
1683 701 1901 757 quoque
1916 700 2120 748 sermo,

534 782 635 851 qui
666 781 718 835 in
744 796 803 835 se
828 780 1016 850 recipit
1046 795 1237 835 vocem
1272 782 1481 850 major,
1501 780 1725 835 liberam
1760 794 1947 835 errore
1967 794 2122 833 com-

542 873 734 942 probet
754 889 849 943 per
881 888 1069 927 vocem
1099 888 1265 927 unum
1291 872 1469 927 Patris
1504 888 1630 928 cum
1656 871 1795 927 Filio
1832 870 2121 941 aequalita-

542 974 669 1018 tem.
702 962 876 1017 Porro
928 964 1063 1018 nihil
1108 965 1361 1035 prohibet
1430 966 1725 1035 quominus
1768 963 1805 1017 ii
1839 976 2121 1018 sermones

541 1057 632 1125 qui
673 1057 985 1110 adlimrcnte
1024 1058 1126 1112 sibi
1173 1058 1528 1114 contentione
1575 1057 1845 1121 laborant,
1885 1055 2120 1110 diversis

541 1143 683 1197 hanc
706 1144 1026 1214 propulsent
1056 1147 1416 1215 argumentis.
1441 1147 1506 1202 Et
1529 1147 1747 1217 quidem
1783 1146 1884 1201 hoc
1916 1146 2117 1215 ipsum,

539 1236 609 1290 de
629 1252 742 1306 quo
758 1253 902 1293 nunc
918 1238 1151 1308 agimus,
1166 1258 1183 1291 ι
1210 1238 1370 1295 Pater
1390 1238 1567 1307 major
1590 1255 1674 1294 me
1695 1249 1796 1305 est,
1812 1239 1960 1293 raliis
1978 1254 2009 1292 a
2031 1254 2119 1293 me

532 1330 879 1396 rationibus,
921 1348 1042 1403 quas
1087 1343 1327 1389 mentem
1380 1334 1693 1389 auditorum
1742 1332 2115 1403 pervicerunt,

533 1422 690 1476 omni
718 1423 1058 1480 dubitatione
1094 1424 1405 1496 expeditum
1439 1424 1562 1493 fuit,
1596 1438 1717 1480 cum
1749 1422 2019 1494 probabili
2055 1430 2116 1476 ut

539 1513 780 1570 arbitror
806 1516 1099 1572 solutione.

2224 501 2326 573 τὴν
2384 504 2706 575 συμφωνίαν
2748 507 3108 575 προήνεγκεν,
3167 501 3280 558 οἷον
3319 508 3403 560 ὅτι
3446 508 3511 559 τὸ
3563 506 3668 578 μὲν
3696 512 3824 578 pst-

2227 594 2338 654 ζων
2374 598 2455 660 εἰς
2511 597 2573 650 τὸ
2633 598 2806 651 αἴτιον
2876 597 3018 668 (ﬂ)
3082 599 3455 668 ἀναφέρεται,
3519 600 3580 652 τὸ
3635 600 3697 653 δὲ
3754 601 3825 654 ἐν

2228 688 2422 759 μηνύει
2473 690 2571 760 τῆς
2604 690 2819 759 φύσεως
2879 689 2980 762 τὴν
3031 691 3275 761 ἰσότητα,
3334 691 3451 745 ἀλλ’
3502 690 3597 745 οὖν
3648 693 3751 747 καὶ
3792 694 3825 745 6

2225 782 2325 848 τῆς
2354 781 2663 853 οἰκονομίας
2690 782 2848 849 λόγος
2878 783 2960 846 εἰς
2988 784 3181 837 ἑαυτὸν
3206 784 3266 836 τὺ
3304 784 3520 853 μείζων
3553 784 3822 854 ἀναδεχό-

2226 888 2407 941 μενος,
2439 872 2729 942 ἐλευθέραν
2758 874 3025 943 ἐπηρείας
3048 874 3147 945 τὴν
3174 874 3267 928 τοῦ
3304 876 3521 945 Harpe;
3555 876 3699 947 πρὸς
3726 876 3823 929 τὸν
3852 868 3857 877 ’

2223 964 2351 1018 Υἰὸν
2378 964 2467 1019 διὰ
2488 963 2589 1018 τοῦ
2618 964 2756 1031 ἐνὸς
2784 966 3298 1034 συγκατασκευάζει
3332 968 3577 1037 ἰσότητα.
3640 967 3822 1020 Οὐδὲν

2220 1054 2277 1109 δὲ
2323 1056 2523 1110 κωλύει
2555 1058 2683 1119 τοὺς
2710 1056 2806 1127 τὴν
2829 1056 2945 1128 ἔριν
2970 1057 3357 1127 ἐπιτιθεμένην
3388 1059 3572 1121 αὐτοῖς
3602 1058 3821 1127 ὑποφέ-

2224 1162 2416 1217 ροντας
2442 1146 2633 1215 λόγους
2657 1147 2937 1217 διαφόροις
2953 1146 3429 1211 ἀποσκευάζεσθαι
3476 1149 3689 1215 ταύτην
3715 1151 3818 1216 ἐφο

2220 1236 2379 1298 όδοιςο
2403 1236 2525 1288 ἐπεὶ
2546 1237 2641 1288 καί
2664 1236 2802 1305 ὅπερ
2823 1235 2920 1287 νῦν
2943 1236 3177 1307 είρηται,
3213 1254 3232 1286 ο
3254 1235 3314 1286 '0
3334 1236 3529 1305 Πατήρ
3555 1253 3661 1305 μου
3692 1234 3819 1305 μεί-

2221 1328 2331 1393 ζων
2363 1328 2467 1400 μού
2490 1329 2664 1395 ἐστιν,
2695 1347 2714 1379 ι
2740 1328 2957 1399 ἑτέραις
2988 1328 3121 1398 παρ’
3151 1326 3728 1397 ήμῶνῖἐπισκέοζιεσιν,
3755 1326 3817 1379 αἳ

2218 1422 2319 1493 τὴν
2337 1422 2448 1477 τῶν
2467 1421 2754 1493 ἀκροατῶν
2772 1420 3041 1489 ὑπόληψιν
3058 1416 3535 1490 ὑπε[ρε]ϐάλοντο,
3557 1417 3660 1487 τῆς
3679 1418 3818 1469 ἀπο-

2222 1512 2343 1583 ρίας
2358 1512 2734 1585 ἁνεκαθάρθη,
2762 1513 2825 1565 οὺ
2860 1511 3140 1583 μεμπτὴν,
3172 1506 3351 1581 οἶμαι,
3388 1512 3489 1578 τὴν
3518 1510 3677 1564 λύσιν
3705 1511 3817 1563 ἀπ-

2219 1602 2603 1673 ενεγκάμενον.

540 1730 547 1737 .
602 1682 705 1746 16.
727 1690 933 1747 Praeter
955 1692 1221 1749 hactenus
1242 1694 1409 1757 dicta,
1438 1701 1493 1749 et
1513 1700 1707 1762 praeter
1731 1694 2111 1749 necessitatem

2292 1702 2387 1761 ις’.
2422 1698 2606 1767 Χωρὶς
2633 1695 2691 1749 δέ
2718 1694 2829 1749 τῶν
2862 1693 3169 1765 εἰρημένων
3198 1694 3293 1748 καὶ
3319 1694 3475 1765 παρὰ
3501 1693 3604 1763 τὴν
3637 1694 3818 1763 ἀνάγ·

536 1795 590 1842 et
640 1784 1063 1848 immunitatem,
1116 1784 1152 1839 ii
1200 1786 1293 1855 qui
1360 1784 1729 1840 difﬁcultatem
1781 1785 2119 1841 calumniose

537 1893 819 1935 sermones
851 1878 1153 1942 clamitant,
1200 1888 1490 1932 auctorum
1531 1891 1757 1931 suorum
1803 1878 2118 1948 sycophan-

537 1974 667 2027 tiam
709 1977 1037 2041 coarguunt.
1068 1969 1248 2034 Quare
1302 1978 1356 2023 et
1399 1967 1708 2023 communis
1757 1966 2027 2023 Dominus
2064 1978 2119 2024 et

535 2063 765 2118 Creator
798 2058 1013 2131 generis
1036 2066 1202 2120 atque
1233 2055 1486 2111 Servator
1515 2055 1792 2120 Davideni,
1825 2055 1918 2125 qui
1948 2070 2118 2125 panes

536 2150 831 2205 oblationis
897 2147 1155 2213 comedit,
1190 2146 1257 2201 de
1324 2146 1453 2200 lteso
1500 2145 1624 2216 jure
1683 2146 1935 2201 absolvit.
1979 2143 2114 2200 Nam

535 2249 719 2312 utpote
767 2237 1063 2309 legislator,
1143 2245 1393 2290 naturam
1438 2236 1573 2305 legis
1643 2235 1866 2305 vimque
1914 2249 2116 2303 cogno-

534 2348 711 2399 scens,
734 2340 787 2386 et
827 2330 1030 2400 quibus
1092 2328 1306 2383 actibus
1357 2326 1708 2382 moderandis
1753 2327 1838 2381 lex
1890 2328 1961 2383 sit
2010 2341 2114 2397 po-

532 2426 635 2479 sita
699 2423 866 2495 probe
909 2424 1109 2487 sciens,
1157 2420 1389 2490 injurios
1433 2421 1690 2491 equidem
1751 2430 1808 2475 et
1858 2421 1952 2491 qui
2017 2436 2117 2490 per

532 2524 901 2586 contemptum
932 2524 1178 2584 peccant,
1211 2528 1369 2584 paena
1387 2513 1581 2584 dignos
1607 2528 1750 2583 saepe
1775 2513 2073 2568 declaravit
2097 2531 2112 2569 :

533 2616 905 2663 verumtamen
937 2605 1006 2660 iis
1048 2604 1252 2676 quibus
1293 2620 1449 2658 amor
1486 2614 1542 2659 et
1577 2605 1883 2659 reverentia
1930 2604 2111 2675 legum

531 2700 697 2762 inest,
747 2698 839 2753 sed
902 2696 1203 2751 necessitas
1257 2710 1383 2750 cum
1445 2695 1765 2751 infirmitate
1815 2695 2111 2767 coniuncta

531 2806 779 2846 amorem
809 2790 1283 2859 reverentiamque
1326 2788 1640 2855 labefactat,
1664 2791 1881 2846 veniant
1928 2791 2112 2847 molli-

534 2884 747 2939 tudinis
768 2883 1098 2951 impertitur,
1139 2897 1317 2952 neque
1348 2882 1402 2935 in
1437 2883 1538 2937 hos
1564 2882 1683 2938 sine
1719 2883 2117 2940 misericordia

534 2977 818 3033 affectibus
860 2976 1183 3032 sententiam
1245 2975 1372 3029 fert.
1423 2975 1595 3031 Sicuti
1640 2976 1860 3032 beatum
1893 2992 2113 3048 quoque

2221 1805 2325 1858 κην
2353 1788 2446 1841 καὶ
2473 1786 2571 1859 τὴν
2600 1787 2805 1851 ἄδειαν,
2835 1788 2885 1839 οἰ
2927 1788 3006 1850 εἰς
3036 1786 3097 1839 τὸ
3121 1785 3325 1858 ἀπορον
3369 1785 3816 1857 ἐπηρεαζόμενοι

2219 1880 2365 1948 λόγοι
2403 1878 2747 1948 συκοφάντας
2774 1879 2901 1941 τοὺς
2930 1877 3340 1947 ἐπιτιθεμένους
3352 1877 3536 1941 αὐτοῖς
3562 1879 3812 1946 ἀπελέγ-

2218 1988 2425 2043 χουσιν.
2445 1970 2537 2035 Ἐξ
2553 1963 2614 2024 οὗ
2639 1971 2778 2024 καὶό
2804 1970 2983 2034 κοινὸς
3008 1969 3286 2039 Δεσπότης
3316 1972 3411 2024 καὶ
3441 1970 3690 2040 πλάστης
3714 1967 3814 2022 τοῦ

2217 2062 2409 2130 γένους
2436 2061 2533 2115 καὶ
2568 2062 2760 2132 Σωτὴρ
2806 2062 2901 2115 τὸν
2932 2060 3097 2115 Δαϐἰδ
3134 2062 3261 2125 τοὺς
3315 2061 3512 2130 ἄρτους
3562 2060 3812 2130 φαγόντα

2216 2153 2318 2223 τῆς
2346 2152 2682 2223 προθέσεως,
2712 2152 2895 2223 νόμων
2923 2152 3150 2222 ἀφίησιν
3180 2151 3521 2221 ἀθετήσεως.
3568 2150 3658 2214 Ὠς
3695 2153 3812 2222 γὰρ

2217 2242 2462 2313 θέμενος,
2482 2242 2578 2297 καὶ
2603 2240 2761 2303 εἰδὼς
2788 2244 2889 2313 τήν
2912 2258 2972 2295 τε
2990 2241 3150 2310 φύσιν
3178 2242 3275 2294 καὶ
3304 2241 3461 2311 ἰσχὺν
3489 2241 3585 2294 τοῦ
3610 2242 3809 2311 νόμου,

2215 2337 2312 2388 καὶ⁵
2340 2327 2416 2387 ὧν
2450 2336 2480 2387 ό
2500 2333 2666 2403 νόμος
2689 2332 2788 2404 τὴν
2822 2332 3103 2386 πολιτείαν
3138 2330 3300 2402 ἐτέθη
3331 2331 3644 2402 ῥυθμίζειν,
3677 2332 3812 2394 τοὺς

2218 2424 2320 2495 μὲν
2348 2424 2631 2496 ὑϐριστὰς,
2666 2424 2761 2478 καί⁵
2788 2418 2872 2488 οἷς
2894 2423 3167 2495 ὑπεροψία
3187 2410 3458 2496 ποιεῖτὴν
3486 2424 3812 2493 παράϐασιν

2213 2516 2412 2570 δικαιοί
2431 2516 2528 2588 τὴν
2571 2517 2731 2587 δίκην
2762 2517 2824 2571 ἐν
2866 2517 3048 2580 ἀλλοις
3108 2515 3368 2580 πολλάκις
3413 2517 3679 2587 ὑπέχειν⁸
3723 2511 3814 2579 οἷς

2213 2608 2271 2663 δέ
2304 2610 2507 2681 στοργὴ
2553 2609 2655 2681 μὲν
2708 2609 2804 2663 καὶ
2851 2608 3015 2673 αἰδὼς
3062 2608 3173 2662 τῶν
3220 2608 3423 2680 νόμων,
3470 2610 3691 2679 ἀνάγκη
3750 2611 3811 2663 δὲ

2214 2701 2316 2770 τὴν
2347 2700 2587 2773 στοργὴν
2618 2701 2795 2755 καὶτὸ
2836 2701 3155 2772 αἰδούμενον
3199 2701 3290 2756 διὰ
3347 2700 3451 2773 τῆς
3513 2701 3811 2765 ἀσθενείας

2214 2791 2421 2856 ἐκλύει,
2446 2790 2779 2863 συγγνώμην
2807 2792 2985 2857 διδοὺς
3014 2796 3079 2863 τῇ
3117 2792 3301 2865 ἀτονία
3338 2795 3435 2847 καὶ
3471 2792 3807 2864 σπλάγχνοις

2213 2884 2398 2947 ἐλέους
2437 2884 2661 2948 τούτους
2693 2885 3022 2954 ἀνακρίνων.
3056 2886 3329 2955 Καθάπερ
3355 2885 3413 2938 δὲ
3442 2886 3541 2939 καὶ
3572 2886 3664 2939 τὸν
3700 2889 3810 2939 Δα-

2213 2975 2301 3028 ϐἰδ
2319 2976 2500 3046 νόμων
2519 2975 2883 3046 παραϐάσεως
2902 2976 3150 3040 ἀπολύει,
3168 2980 3282 3040 τοῖς
3296 2979 3691 3049 ἐνεγκαμένοις
3707 2979 3809 3050 οὐχ

534 3070 792 3125 Davidem
831 3068 899 3123 de
957 3068 1103 3124 lassis
1155 3068 1367 3137 legibus
1405 3067 1670 3136 absolvit;
1705 3069 1773 3125 iis
1812 3070 1905 3140 qui
1944 3085 2113 3140 panes

2219 3064 2520 3135 ὑπεροψίαν
2556 3064 2807 3135 ἐγκαλῶν
2835 3065 3108 3137 τολμῆσαι
3135 3066 3244 3121 τῶν
3271 3068 3473 3138 νόμων,
3510 3071 3613 3139 τῆς
3652 3070 3703 3121 δ’
3749 3070 3809 3122 ἐν

531 3162 872 3217 abstulerant
905 3160 1048 3215 haud
1081 3160 1349 3214 audacem
1393 3157 1573 3230 legum
1606 3168 1982 3229 contemptum
2010 3175 2110 3215 ex-

532 3256 836 3326 probrans;
866 3254 959 3309 sed
1002 3253 1129 3324 quia
1165 3262 1375 3307 natura:
1407 3252 1576 3306 robur
1604 3268 1714 3307 non
1745 3253 1879 3308 satis
1912 3252 2111 3307 mentis

532 3347 818 3417 proposito
867 3345 1254 3416 respondebat,
1303 3343 1357 3398 id
1400 3343 1482 3398 eis
1519 3343 1574 3397 in
1610 3344 1945 3400 defensionis
1989 3344 2111 3399 loco

527 3454 759 3511 ponens,
801 3438 1202 3493 absolutionem
1251 3434 1501 3490 decernit
1542 3435 1787 3491 clemens
1826 3433 2007 3493 Jesus.
2044 3435 2113 3491 Et

531 3531 652 3585 aliae
678 3530 903 3601 quidem
934 3528 1326 3584 controversia:
1375 3527 1562 3582 multa:
1595 3526 1664 3582 ad
1691 3526 1956 3597 liquidum
2007 3528 2113 3585 hac

530 3622 745 3678 ratione
770 3620 1143 3677 deducuntur.

641 3715 726 3771 t7.
742 3712 986 3771 Caeteras
1009 3722 1192 3770 autem
1221 3712 1664 3773 circumstantias
1679 3726 1964 3771 recensere
1981 3716 2109 3786 quid

530 3806 791 3862 interest"
828 3804 965 3860 Nam
1010 3814 1065 3861 et
1116 3807 1233 3878 ipse
1280 3823 1378 3878 per
1422 3820 1483 3862 se
1528 3804 1783 3860 lectionis
1816 3805 2032 3872 modus,
2063 3806 2112 3863 si

529 3900 724 3971 cuique
736 3897 1021 3955 sententias
1037 3898 1316 3970 proprium
1335 3898 1485 3954 vocis
1496 3912 1692 3953 sonum
1713 3900 2109 3965 accommodet,

530 3994 736 4048 aditum
774 3992 923 4047 omni
963 3992 1292 4047 dubitationi
1318 3991 1555 4048 obstruit
1605 4010 1618 4047 :
1664 3993 1750 4046 sin
1807 4000 1931 4061 apta
1960 3992 2111 4047 vocis

529 4085 672 4140 ratio
700 4100 729 4138 a
755 4083 1061 4155 significatu
1101 4099 1202 4139 suo
1230 4082 1560 4148 demutetur,
1612 4097 1700 4139 res
1734 4083 2015 4153 perspicua
2054 4083 2109 4137 in

530 4176 821 4231 obscuram
862 4175 1106 4229 vertitur.
1148 4193 1168 4227 ι
1207 4173 1319 4245 Ego
1355 4189 1452 4229 vos
1489 4172 1649 4245 elegi,
1694 4192 1714 4226 ι
1749 4174 1827 4227 ait
1856 4172 2111 4228 Servator

526 4263 899 4336 discipulis”.
930 4263 1196 4335 Itemque,
1242 4283 1261 4317 ι
1296 4262 1413 4319 Non
1449 4263 1559 4334 (13)
1599 4279 1700 4333 ego
1735 4263 1873 4333 elegi
1901 4279 1997 4319 vos
2026 4264 2110 4318 "‘2

2218 3158 2285 3227 τῇ
2318 3156 2477 3225 φύσει
2509 3156 2701 3228 ῥώμης
2744 3157 2811 3210 οὐ
2833 3160 3420 3231 συμπαρατεινομένης
3458 3162 3527 3231 τῇ
3575 3160 3803 3231 γνὼμιρ

2218 3247 2316 3301 καὶ
2347 3248 2504 3302 τοῦτο
2520 3248 2677 3317 λόγον
2703 3249 2888 3314 αὐτοῖς
2916 3250 3201 3321 τιθέμενος
3215 3253 3243 3305 6
3261 3250 3647 3322 φιλάνθρωπος
3668 3254 3813 3323 γράς

2219 3356 2310 3409 φει
2352 3339 2453 3412 τὴν
2484 3338 2821 3411 ἐλευθερίαν.
2870 3340 2985 3394 Καὶ
3026 3340 3199 3394 πολλὰ
3240 3340 3376 3395 ἀλλα
3405 3341 3516 3396 τῶν
3559 3344 3815 3413 ἀπορουρ.

2221 3432 2399 3504 μένων
2423 3434 2503 3496 εἰς
2529 3432 2589 3485 τὸ
2615 3430 2847 3503 εὔπορον
2877 3431 2968 3485 διά
3011 3428 3114 3501 τῆς
3153 3434 3326 3503 αὐτῆς
3354 3434 3615 3508 ἐπιϐολῆς
3668 3437 3810 3509 μεθ-

2218 3526 2492 3579 οδεύεται.

2307 3730 2393 3795 ιζ’.
2423 3729 2489 3783 Τί
2522 3729 2577 3783 δέ
2623 3728 2708 3782 δεῖ
2744 3726 2842 3793 τὰς
2882 3727 3051 3793 ἄλλας
3104 3729 3379 3799 ἐπεξιέναι
3413 3733 3802 3804 περιστάσεις;

2216 3824 2388 3887 am;
2421 3822 2543 3877 καθ’
2569 3822 2762 3876 ἑαυτὸν
2790 3823 2818 3874 ὁ
2845 3822 2945 3893 τῆς
2970 3823 3330 3893 ἀναγνώσεως
3355 3826 3559 3897 τρόπος
3579 3827 3803 3891 οἰκείως

2219 3918 2320 3989 μὲν
2347 3919 2462 3980 τοῖς
2489 3916 2726 3986 νοήμασι
2767 3914 2869 3985 τῆς
2926 3916 3113 3987 φωνῆς
3140 3917 3233 3970 τὸν
3261 3914 3395 3989 ἦχον
3421 3919 3804 3990 ἐναρμοζόμε-

2215 4027 2327 4075 νος,
2364 4010 2546 4081 πάσης
2574 4008 2810 4079 ἀπορίας
2839 4007 3177 4079 ἀποτειχίζει
3210 4010 3446 4081 πάροδον
3469 4027 3483 4040 ·
3516 4013 3801 4067 ἀπαλλατρ

2213 4102 2448 4174 τομένης
2476 4102 2533 4155 δὲ
2565 4101 2665 4171 τῆς
2694 4100 3037 4171 καταλλήλου
3065 4100 3253 4172 φωνῆς
3296 4101 3375 4172 τῷ
3424 4104 3681 4173 νοήματι,
3719 4106 3800 4167 εἰς

2213 4195 2275 4247 τὸ
2299 4194 2615 4264 ἀδιανόητον
2641 4194 2703 4247 τὸ
2734 4193 2904 4263 σαφὲς
2930 4193 3294 4248 καταδύεται*
3342 4214 3361 4247 ι
3414 4195 3577 4265 Ἐγὼ,
3600 4198 3797 4269 φησὶν,

2214 4280 2551 4353 ἐξελεξάμην
2570 4281 2737 4353 ὑμᾶς,
2768 4300 2788 4334 ι
2814 4281 2952 4351 πρὸς
2973 4283 3100 4347 τοὺς
3125 4282 3376 4356 μαθητὰς
3399 4286 3653 4357 όΣωτήρ·
3680 4290 3798 4353 καὶ,

531 4360 589 4413 Si
614 4358 737 4429 quis
760 4357 923 4429 igitur
953 4367 1237 4428 utramque
1264 4372 1330 4411 ex
1353 4354 1439 4411 his
1469 4357 1707 4426 periodis
1741 4358 1933 4411 eodem
1963 4358 2116 4413 vocis

2222 4390 2241 4423 ι
2283 4372 2399 4425 Οὑκ
2428 4370 2539 4440 ἐγὼ
2568 4370 2901 4444 ἐξελεξάμην
2925 4372 3072 4442 ὑμᾶς
3102 4374 3216 4445 (ta)
3243 4354 3269 4443 ;⁷
3293 4394 3312 4427 ι
3336 4375 3405 4430 ει
3428 4393 3512 4440 τις
3538 4354 3634 4431 οὗν
3671 4379 3800 4432 ἐκα-

529 4461 663 4506 ιοηο
685 4449 905 4520 figuret;
936 4449 1020 4504 vel
1036 4449 1152 4503 vice
1168 4462 1324 4503 versa
1346 4448 1581 4518 priorem
1605 4448 2008 4518 interrogative,
2035 4450 2115 4503 al-

2218 4464 2381 4535 τέραν
2423 4438 2531 4517 τῶν
2558 4438 2936 4535 προκειμένων
2964 4438 3334 4539 περίοδον-τῷ
3366 4438 3517 4539 αύτῷ
3542 4469 3643 4540 τῆς
3683 4488 3798 4539 φω-

527 4555 699 4598 teram
721 4544 794 4597 ita
822 4540 1013 4597 eﬁ‘erat
1053 4552 1111 4595 ut
1145 4540 1384 4611 priorem
1432 4548 1730 4611 oporteret,
1764 4556 1880 4596 rem
1934 4542 2113 4597 mani-

2218 4557 2312 4627 νῆς
2341 4555 2845 4626 κατασχηματίσειε
2884 4554 3103 4628 τόνῳ,ἤ
3140 4558 3202 4611 τὸ
3244 4560 3518 4615 ἀνάπαλιν
3568 4562 3669 4633 τὴν
3694 4562 3815 4633 μὲν

529 4636 727 4691 festam
755 4634 823 4690 ad
888 4633 1305 4705 perplexitatem
1334 4632 1535 4697 trahet,
1584 4641 1638 4688 et
1689 4648 1754 4689 ea
1805 4650 1928 4703 quae
1976 4636 2116 4690 nulli

2218 4646 2488 4718 προτέραν
2513 4648 2571 4699 ἐν
2600 4648 2886 4717 ἐρωτήσει,
2912 4648 3013 4717 τὴν
3056 4647 3115 4700 δὲ
3148 4649 3409 4721 δευτέραν
3431 4653 3566 4723 ὅπερ
3597 4632 3667 4724 ἦν
3696 4632 3797 4723 τῆς

524 4726 896 4783 criminationi
937 4723 1176 4780 obnoxia
1237 4732 1415 4789 erant,
1442 4722 1497 4778 in
1542 4722 1701 4793 culpa
1732 4731 1914 4792 ponet.
1974 4723 2113 4781 Nam

2218 4737 2490 4810 προτέρας
2520 4738 2947 4809 ἀποφηνάμενος
2984 4741 3334 4811 προενέγκοι,
3362 4744 3430 4798 τὰ
3462 4722 3606 4816 σαφῆ
3623 4722 3795 4817 imm.

529 4818 627 4889 qui
675 4818 933 4887 elegerat,
985 4831 1115 4871 cum
1168 4815 1454 4871 electionis
1496 4830 1610 4871 suae
1656 4816 1918 4871 conscius
1946 4827 2115 4883 esset,

2218 4848 2300 4884 σει
2332 4829 2732 4901 δυστέκμαρτα,
2772 4831 2867 4884 καί
2890 4831 2960 4885 τά
2982 4831 3156 4902 λαϐῆς
3178 4835 3398 4905 ἀπάσης
3420 4815 3789 4908 ὑπερανεστη·

532 4920 698 4981 atque
731 4911 872 4965 hanc
900 4908 1187 4979 discipulis
1213 4908 1267 4963 in
1291 4915 1526 4962 utentem
1574 4916 1877 4974 revocaret,
1915 4923 1986 4965 ne
2018 4924 2117 4964 an-

2218 4920 2349 4973 κότα
2405 4919 2695 4990 ἐπίμωμα.
2754 4919 2815 4974 '0
2866 4922 2976 4993 γάρ
3012 4921 3393 4994 ἐκλεξάμενος,
3445 4924 3602 4990 εἰδώς
3626 4943 3687 4979 τε
3717 4926 3794 4991 ὡς

526 5005 738 5074 tiquum
774 5004 983 5059 scilicet
1006 5000 1393 5058 benevolentiae
1437 5016 1563 5071 erga
1596 5016 1658 5056 se
1705 5000 1946 5057 debitum
1982 5003 2117 5058 obli«

2218 5010 2517 5077 ἐξελέξατο,
2546 5012 2642 5065 καὶ
2675 5014 2791 5076 τοῖς
2821 5012 3090 5084 μαθηταῖς
3130 5013 3229 5086 τὴν
3260 5014 3493 5088 ἐκλογὴν
3531 5018 3625 5070 ἐπὶ
3658 5019 3794 5089 μνή-

524 5096 704 5152 vionis
740 5094 1000 5151 ﬂuctibus
1029 5094 1393 5165 abriperetur,
1422 5103 1592 5164 atque
1610 5099 1671 5147 ut
1698 5107 1793 5148 eos
1820 5095 2117 5165 promptio-

2220 5119 2331 5174 μης
2377 5104 2582 5174 φέρων,
2638 5102 2714 5167 ὡς
2741 5104 2808 5157 ἂν
2831 5102 2893 5157 τό
2920 5119 2980 5156 τε
3009 5104 3236 5175 ἀρχαῖον
3264 5105 3425 5177 χρέος
3456 5107 3555 5180 τῆς
3584 5108 3666 5172 εις
3699 5106 3801 5161 αὐ.-

600 5227 643 5258 ²³
676 5224 844 5281 Marc.
869 5241 930 5289 ιι,
961 5224 1055 5280 25.
1108 5224 1154 5255 “
1184 5222 1344 5280 Joan.
1399 5238 1493 5291 xv,
1544 5222 1634 5279 16.
1710 5223 1754 5256 ¹⁵
1796 5220 1955 5280 Joan.
2017 5232 2217 5299 vum.

2034 5348 2265 5407 NOTAE.

596 5458 710 5532 (ll)
742 5457 818 5532 De
844 5456 1108 5532 vocabulo
1136 5456 1336 5532 αἴτιον,
1356 5455 1576 5532 de_ali_is
1598 5457 1691 5532 Dei
1723 5456 1905 5532 Patris
1933 5462 2111 5517 nomi-

530 5527 765 5600 nibus'ct
788 5528 856 5600 de
890 5536 1000 5582 toto
1027 5529 1131 5581 hoc
1161 5527 1282 5583 loco
1302 5528 1608 5600 theologico
1647 5529 1848 5599 legesis
1876 5539 2107 5600 praecla-

530 5613 620 5679 ras
650 5598 1004 5679 S_S.'_l.’a_trum
1036 5600 1387 5679 auctoritates
1411 5598 1553 5668 apud
1590 5598 1896 5668 Petavium,
1921 5600 2103 5659 Theol.
2206 5608 2616 5679 prmdictanota
2650 5598 3009 5679 conspicitur.

528 5667 914 5749 dog._dc.'l'ri.n.
958 5683 1008 5731 v,
1233 5737 1267 5749 η
1448 5667 1459 5668 ί
1680 5740 1691 5749 _
1884 5667 1887 5668 ⁷
2011 5744 2025 5749 _
2208 5667 2226 5678 ’
2279 5676 2398 5749 (ίὸλ
2428 5678 2482 5749 δί
2516 5693 2683 5733 nmine
2704 5667 2891 5735 Latine
2922 5681 3096 5748 dicas,
3119 5682 3229 5738 vim
3255 5679 3538 5741 sententia:
3567 5682 3780 5740 Photin-

600 5737 712 5809 με)
744 5738 976 5808 Αιδιίίιυλ
999 5740 1206 5795 δείιίθθι
1228 5737 1539 5794 δι’ωοοιυιιι
1588 5740 1854 5811 scriptura
1883 5744 2107 5800 carebat
2206 5737 2296 5803 nm‘
2318 5737 2599 5819 i'l'frillges.
3080 5737 3094 5748 ι
3136 5737 3141 5738 ν
3218 5737 3227 5738 ί
3259 5737 3275 5739 -
3433 5737 3466 5739 -~
3499 5737 3515 5802 τ.

2210 5464 2456 5546 notailla
2486 5465 2886 5546 interrogandi,
2927 5483 3030 5546 qua
3061 5484 3213 5546 nunc
3239 5472 3647 5546 perspicuitatis
3678 5492 3790 5546 gra-

2209 5538 2282 5591 tia
2307 5537 2531 5590 utimur.
2564 5537 2773 5608 lleapse
2827 5543 2915 5593 vix
2946 5537 3029 5593 'in
3085 5537 3383 5599 codicibus
3398 5537 3789 5600 recentissimis
