4134 6450
309 304 381 367 69
1332 297 1434 358 AD
1467 294 2062 357 AMPHILOCIIIUM
2094 298 2443 370 QUEESTIO
2478 300 2529 361 Ι.
3526 298 3596 360 70

309 423 402 473 τὸν
432 415 648 480 εὐνοίας
681 414 758 489 μὴ
793 413 1031 488 ῥεύματι
1053 411 1226 485 λήθης
1272 410 1618 483 ὐποσύροιτο.
1664 410 1760 464 καὶ
1784 426 1906 463 πει-

2015 425 2099 466 res
2122 410 2395 468 mandatis
2423 410 2687 468 curandis
2730 409 2971 478 faceret;
3015 412 3163 469 hunc
3209 418 3360 484 patet
3417 425 3597 481 neque

313 512 533 582 θηνίους
564 508 771 582 μᾶλλον
797 512 910 573 τοῖς
947 506 1453 580 προσταττομένοις
1474 504 1613 576 ἔχοι,
1643 503 1806 575 δῆλον
1826 503 1903 567 ὼς

311 608 411 661 οὐκ
460 603 823 673 ἀπαγορεύων
876 601 991 655 οὐδ’
1029 598 1428 671 ἐξαρνούμενος
1484 597 1623 671 ὅπερ
1672 594 1901 669 ἔπραξε,

309 700 426 753 ἀλλ’
461 695 952 763 ἐπιϐεϐαιούμενος
1003 691 1210 765 μᾶλλον
1252 691 1319 744 δι’
1355 690 1529 760 αὐτῆς
1551 690 1903 761 ἐρωτήσεως·

321 791 484 853 τούκ
503 788 633 854 ἐγὼ,
665 787 853 857 φησὶν,
881 783 1217 854 ἐξελεξάμην
1236 782 1385 853 ὑμᾶς
1412 798 1428 849 ;
1454 799 1473 832 ι
1512 780 1687 834 Είωθε
1715 780 1823 851 γὰρ
1846 783 1906 833 ἐν

313 883 529 944 πολλοῖς
564 880 593 933 ὁ
632 880 793 949 λόγος
822 879 1012 931 ἐκεῖνα
1057 876 1168 928 τῶν
1204 872 1663 945 εὐεργετημάτων
1695 873 1903 943 ἐρωτήο

316 991 462 1044 ματα
496 974 687 1036 ποιεῖν,
709 970 746 1025 ἃ
776 967 1261 1041 περιφανεστάτην
1290 965 1406 1036 ἔχει
1457 964 1557 1036 τὴν
1591 965 1905 1034 ἐνάργειαν,

311 1067 405 1119 καὶ
438 1065 539 1119 οὐκ
563 1063 713 1117 ἔστιν
744 1060 924 1116 οὐδενὶ
969 1059 1079 1112 τῶν
1116 1059 1390 1113 λαὸὀντων
1434 1054 1781 1127 ἐξαρνεῖσθαι
1806 1054 1909 1115 τὴν

309 1159 495 1229 χάριν.
540 1156 844 1225 ’Υπάγοιτο
895 1153 939 1209 δ’
969 1153 1039 1208 ἂν
1093 1151 1173 1224 τῷ
1224 1150 1377 1221 αὐτῷ
1432 1152 1621 1206 κανόνι
1676 1148 1771 1203 καὶ
1822 1148 1905 1214 τὸ,

314 1270 332 1302 ι
384 1252 510 1305 Ἐἀν
537 1249 650 1319 ἐγὼ
680 1249 812 1321 περὶ
838 1245 1083 1319 ἐμαυτοῦ
1122 1244 1406 1318 μαρτυρῶ,
1431 1245 1465 1316 ἡ
1499 1242 1777 1315 μαρτυρία
1803 1258 1907 1312 μου

309 1342 519 1415 ἀληθής
548 1344 688 1397 ἐστι.
730 1360 749 1394 ι
787 1340 920 1407 Καὶ,
951 1358 969 1392 ι
1004 1339 1133 1393 Ἔάν
1162 1336 1274 1407 ἐγὼ
1306 1336 1441 1408 περὶ
1484 1333 1724 1407 ἐμαυτοῦ
1766 1350 1911 1405 μαρ-

306 1435 479 1506 τυρῶ,
515 1437 550 1506 ἡ
578 1432 858 1506 μαρτυρία
889 1449 994 1503 μου
1018 1431 1121 1485 οὐκ
1146 1429 1296 1485 ἔστιν
1346 1427 1598 1500 ἀληοής;
1632 1447 1651 1480 ο
1681 1426 1746 1480 Ei
1798 1426 1909 1496 γὰρ

308 1530 403 1585 καὶ
442 1530 613 1600 ἑτέρᾳ
654 1526 1017 1596 διασκέψειτὺ
1046 1523 1239 1579 δοκοῦν
1266 1521 1504 1578 ἐνταῦθα
1542 1518 1908 1591 διαμάχεσθαι

307 1623 462 1677 λύσιν
489 1622 743 1693 εὑρίσκει
775 1619 915 1692 (14),
951 1617 1066 1673 ἀλλ’
1095 1618 1190 1672 οὖν
1222 1616 1401 1680 οὐδεὶς
1426 1614 1493 1670 ἂν
1523 1612 1910 1684 ἐπιτιμήσειεν

307 1717 450 1787 ὀρῶν
473 1714 619 1784 πρὸς
655 1712 754 1785 τὴν
787 1712 966 1782 δίκην,
993 1708 1092 1765 καὶ
1121 1710 1175 1763 εί
1211 1725 1297 1772 τις
1343 1708 1424 1778 μὴ
1465 1704 1906 1776 ἀποφαινομένου

308 1779 453 1877 λέγοι
482 1779 569 1871 τδ,
607 1806 670 1862 'H
696 1779 976 1878 μαρτυρία
1006 1821 1112 1875 μου
1142 1802 1245 1856 οὐκ
1290 1799 1519 1872 ἀληθὴς,
1542 1798 1678 1853 ἀλλά
1699 1797 1787 1852 διὰ
1808 1796 1908 1867 τῆς
1940 1779 1983 1837 Β

312 1900 639 1972 ἐρωτήσεως
692 1894 1141 1968 άπογυμνοῦντὸς
1191 1910 1251 1947 τε
1293 1893 1390 1946 καὶ
1431 1889 1910 1953 ἀνακαλύπτοντος

312 1989 407 2061 τὴν
434 1990 554 2053 τοῖς
605 1987 885 2052 Ἰουδαίοις
913 1983 1369 2058 ἐμύαθυνομένην
1420 1982 1519 2037 καὶ
1561 1981 1911 2053 άνελιττομέ-

311 2098 406 2151 νην
437 2081 540 2151 τῆς
561 2078 909 2143 ἀποστασίας
940 2096 999 2132 τε
1031 2078 1128 2133 καὶ
1157 2074 1500 2147 κακουργίας
1547 2072 1799 2145 γνώμην.
1846 2074 1911 2127 Εἰ

314 2172 568 2246 μέντοιγέ
605 2189 693 2236 τις
735 2171 838 2236 τὰς
878 2171 1190 2242 ἀποφάσεις
1243 2170 1301 2222 ἐν
1327 2166 1499 2238 ὁμοίῳ
1529 2167 1774 2237 σχήματι
1800 2165 1911 2219 τῶν

310 2266 683 2338 καταφάσεων
712 2268 778 2339 τῇ
808 2264 1117 2335 ἀναγνώσει
1144 2262 1355 2330 διεξίοι,
1384 2261 1567 2332 μάχης
1590 2259 1667 2324 ὡς
1692 2258 1911 2329 άληθῶς

311 2362 501 2416 ἑαυτὸν
535 2361 634 2416 καὶ
654 2360 896 2432 ταράχου
923 2358 1222 2430 ἐμπλήσει,
1240 2356 1346 2411 κᾶν
1375 2356 1476 2425 τῆς
1500 2349 1912 2423 θεορημοσύνης

310 2457 369 2513 τὸ
395 2453 708 2523 θαυμάσιον
724 2451 906 2522 πάσης
927 2449 1224 2519 ἐπιϐουλῆς
1244 2447 1339 2501 καὶ
1358 2442 1731 2507 ἐναντιώσεως
1749 2442 1914 2512 ὑπερ·

311 2546 696 2617 ανῳκισμένον
750 2545 970 2616 ὁρᾶται.
1022 2542 1137 2614 Τῆς
1180 2539 1353 2610 αὐτῆς
1382 2538 1425 2591 δ’
1456 2535 1522 2591 ἂν
1551 2536 1640 2607 εἴη
1693 2533 1914 2588 διασκέ-

310 2640 455 2711 ψεως
488 2639 588 2693 καὶ
624 2639 682 2710 ἡ,
718 2655 738 2691 ι
776 2636 1004 2702 Μείζων
1048 2633 1307 2690 Ἰωάννου
1345 2628 1441 2685 τοῦ
1478 2626 1788 2683 Βαπτιστοῦ
1810 2626 1915 2679 οὐκ

312 2735 614 2805 ἐγήγερται
658 2733 718 2785 ἐν
757 2732 871 2795 τοῖς
919 2730 1203 2799 γεννητοῖς
1246 2725 1360 2780 τῶν
1414 2720 1716 2793 γυναικῶν,
1756 2737 1775 2772 ι
1817 2722 1914 2773 Δε-

314 2823 549 2896 σποτικὴ
601 2821 910 2896 μαρτυρία’
943 2816 1085 2886 εἶτα,
1124 2836 1144 2871 ι
1190 2819 1252 2872 '0
1297 2817 1355 2871 δὲ
1390 2815 1716 2888 μικρότερος
1758 2812 1817 2865 ἐν
1844 2812 1911 2883 τῇ

314 2913 569 2988 βασιλείᾳ
591 2912 701 2966 τῶν
732 2909 1003 2982 οὐρανῶν,
1045 2908 1250 2980 μείζων
1281 2905 1451 2962 αὐτοῦ
1481 2908 1621 2959 ἐστι’
1649 2921 1668 2956 t
1702 2904 1915 2975 ἐρωτη-

318 3006 553 3076 υατικῆς
575 3004 685 3077 γὰρ
707 3001 1228 3073 ἀναγινωσκομένης
1250 3002 1405 3072 τῆς,ι
1427 2999 1485 3052 '0
1502 2998 1560 3052 δὲ
1582 2996 1911 3069 μικρότερος

316 3097 372 3150 ἐν
386 3100 452 3170 τῇ
474 3096 735 3168 βασιλεία
753 3096 863 3149 τῶν
877 3094 1150 3166 οὐρανῶν,
1172 3093 1375 3166 μείζων
1391 3090 1559 3146 αὐτοῦ
1583 3092 1734 3158 ἐστι;
1761 3108 1779 3141 ι
1801 3106 1916 3159 φω-

313 3146 778 3266 ῗοῦδε
792 3146 1496 3262 ιεὑρίσκεται
1519 3184 1695 3257 χώρα,
1717 3146 1777 3238 οὐ
1805 3146 1914 3254 μὴν
1939 3146 1985 3209 C

317 3284 432 3341 ἀλλ’
459 3285 588 3339 οὐδὲ
616 3282 900 3357 περινοίας
922 3281 1091 3353 άλλης
1131 3281 1398 3353 δεήσεται
1415 3280 1449 3350 ὴ
1471 3278 1583 3333 τῶν
1611 3275 1917 3349 προκειμέ-

318 3396 423 3432 νων
448 3378 717 3451 ῥημάτων
733 3377 1027 3449 σαφήνεια.
1046 3374 1212 3429 Ἀλλά
1231 3373 1340 3446 γὰρ
1357 3372 1518 3427 τοῦτο
1536 3373 1635 3443 μὲν
1661 3373 1755 3426 καὶ
1777 3370 1916 3433 ἰδίας

320 3474 378 3526 ἐν
409 3472 594 3536 ἄλλοις
621 3471 815 3543 ἔτυχεν
840 3469 1108 3542 ἐργασίας
1139 3466 1276 3540 (15).
1309 3466 1565 3521 Τοιοῦτον
1598 3467 1668 3520 ἂν
1695 3465 1783 3537 είη
1819 3464 1917 3519 καὶ

319 3566 399 3633 τὸ,
438 3585 459 3620 ι
496 3564 812 3620 Καθεύδετε
847 3563 962 3635 (16)
999 3562 1063 3617 τὸ
1088 3561 1276 3615 λοιπὸν
1304 3561 1398 3614 καὶ
1427 3557 1779 3615 ἀναπαύεσθε
1805 3575 1821 3625 ;
1850 3556 1915 3611 οὐ

320 3661 428 3731 γὰρ
452 3658 900 3730 ἀποφαινομένου
931 3656 992 3711 τὸ
1042 3655 1218 3728 ῥῆμα,
1249 3656 1307 3709 ἐν
1342 3653 1612 3726 ἐρωτήσει
1644 3652 1702 3707 δέ
1728 3669 1916 3706 ποιου-

324 3751 487 3823 μένου
509 3752 615 3823 τὴν
643 3749 746 3821 τῆς
768 3747 1065 3820 ὀλιγωρίας
1104 3747 1429 3818 ἐπιτίμησιν
1445 3761 1462 3779 ο
1487 3740 1571 3809 οἷς
1593 3744 1920 3817 ἐπιφέρεται

328 3842 628 3897 ἀκόλουθόν
656 3858 719 3895 τε
755 3839 853 3895 καὶ
898 3838 1380 3915 συναρμοζόμενον
1404 3837 1484 3903 τὸ,
1518 3855 1538 3889 ι
1576 3837 1917 3910 Ἐγείρεσθε,

323 3937 545 4007 ἄγωμεν
587 3933 863 3989 ἐντεῦθεν.
910 3952 929 3987 ι
966 3933 1042 3988 Οὐ
1091 3932 1201 4004 γάρ
1236 3932 1304 3986 ἂν
1341 3930 1519 3995 άλλως
1571 3920 1931 4002 ἑτοιμότερον

325 4028 478 4100 ἡτῶν
499 4029 769 4102 ῥημάτων
788 4026 1053 4081 συνέπεια
1070 4024 1253 4079 ἐλευθε
1264 4023 1467 4097 ροῦσαν
1484 4023 1710 4078 ὑπέλθοι
1735 4023 1921 4094 ψῆφον

324 4120 414 4175 τοῦ
444 4120 615 4193 μηδὲν
648 4119 942 4192 μάχεσθαι,
978 4120 1028 4172 εί
1061 4119 1138 4189 μὴ
1169 4117 1247 4182 τὸ,
1306 4134 1327 4170 ι
1364 4116 1671 4171 Καθεύδετε
1715 4116 1777 4169 τὸ
1812 4115 1923 4169 λοι-

2004 511 2307 558 retractare
2329 503 2474 575 quod
2523 512 2712 575 egerat
2741 520 2921 576 neque
2941 521 3161 578 negare,
3203 507 3297 562 sed
3347 505 3464 576 ipsa
3498 521 3598 576 po-

2002 596 2116 652 tius
2169 597 2497 653 conﬁrmare
2548 598 3020 668 interrogatione:
3054 598 3174 655 Non
3208 614 3331 671 ego,
3379 600 3595 671 inquit.

2003 688 2141 760 elegi
2178 689 2321 744 vos?
2375 689 2626 745 Solemus
2673 691 2821 745 enim
2858 692 2911 745 in
2951 708 3209 750 sermone
3244 710 3306 749 ea
3334 694 3597 749 beneﬁcia

2008 782 2395 853 interrogando
2461 798 2914 849 commemorare,
2959 801 3080 854 quae
3132 788 3437 842 induhitam
3485 788 3600 842 evi-

2007 875 2248 930 dentiam
2299 875 2520 940 habent,
2579 884 2635 931 et
2664 891 2905 946 quorum
2945 879 3307 935 neminibene
3359 879 3446 934 his
3501 878 3601 933 ad—

2008 966 2152 1022 ferto
2192 966 2316 1023 licet
2355 968 2581 1038 gratiam
2638 968 2892 1024 inticiari.
2939 969 3053 1024 Sub
3077 971 3325 1025 eamdem
3357 970 3599 1040 regulam

2006 1060 2152 1115 cadit
2201 1060 2366 1116 etiam
2402 1061 2578 1118 illud:
2629 1080 2649 1114 ι
2674 1061 2733 1117 Si
2755 1078 2858 1133 ego
2905 1063 3039 1117 mihi
3074 1062 3177 1133 ipsi
3218 1064 3598 1119 testimonium

2007 1152 2100 1218 do,
2138 1154 2507 1209 testimonium
2541 1170 2725 1211 meum
2746 1172 2910 1212 verax
2942 1166 3028 1211 est
3058 1156 3123 1211 “.
3147 1176 3165 1207 ι
3189 1156 3345 1222 Item,
3375 1174 3394 1207 ι
3420 1155 3476 1211 Si
3499 1171 3603 1227 ego

2009 1246 2145 1301 mihi
2203 1247 2308 1317 ipsi
2332 1248 2707 1305 testimonium
2741 1251 2835 1317 do,
2869 1252 3246 1307 testimonium
3283 1266 3466 1305 meum
3489 1264 3602 1304 non

2009 1346 2095 1395 est
2111 1352 2276 1394 verax
2311 1339 2352 1371 ¹⁷
2384 1339 2408 1395 ?
2437 1358 2457 1392 ι
2486 1338 2808 1412 Quanquam
2849 1342 2997 1398 enim
3037 1342 3142 1397 alia
3182 1356 3406 1413 quoque
3466 1356 3601 1396 con-

2010 1432 2340 1490 sideratione
2395 1437 2542 1507 quod
2598 1436 2692 1493 hic
2738 1437 2957 1494 videtur
3005 1453 3254 1509 pugnare
3296 1437 3600 1503 dirimitur,

2010 1539 2174 1582 nemo
2205 1534 2388 1587 tamen
2427 1528 2742 1599 objurgabit
2790 1531 3050 1586 dicamve
3084 1531 3366 1603 impinget,
3401 1530 3447 1586 si
3481 1530 3605 1600 quia

2009 1615 2157 1671 dicat
2178 1630 2287 1671 non
2315 1632 2439 1674 esse
2466 1618 2573 1675 hoc
2617 1621 2955 1691 negativutn,
2980 1619 3378 1678 Testimonium
3416 1636 3601 1677 meum

2012 1724 2121 1764 non
2155 1718 2241 1765 est
2272 1726 2438 1767 verax
2467 1729 2484 1780 ;
2516 1713 2612 1769 sed
2642 1714 2763 1784 ejus
2788 1713 2881 1785 qui
2913 1716 3111 1787 retegit
3141 1716 3497 1787 denudatque
3516 1715 3602 1770 in-

2012 1798 2179 1855 situm
2213 1799 2419 1858 Iudaeis
2458 1814 2623 1875 atque
2647 1805 2972 1876 implicitum
3004 1809 3296 1879 apostasize
3321 1818 3378 1864 et
3396 1810 3606 1879 impro-

2014 1891 2197 1947 bitatis
2235 1892 2535 1965 ingenium.
2569 1894 2628 1951 Si
2652 1898 2779 1967 quis
2810 1897 2972 1969 igitur
2995 1899 3388 1955 aﬂirmationes
3409 1901 3604 1955 eodem

2012 1991 2203 2039 tenore
2235 2000 2347 2056 quo
2384 1988 2709 2058 negationes
2764 1989 2908 2047 inter
2944 1991 3233 2062 legendum
3266 1994 3606 2063 pronuntiet,

2013 2075 2061 2130 is
2091 2077 2375 2134 enimvero
2424 2094 2605 2151 pugna
2640 2080 2884 2153 seipsum
2913 2098 2976 2139 ac
3006 2084 3418 2155 perturbatione
3453 2100 3608 2140 com-

2012 2166 2213 2237 plebit;
2264 2168 2484 2227 etiamsi
2531 2171 2704 2229 divini
2763 2174 2969 2229 oraculi
3005 2176 3244 2247 dignitas
3302 2176 3608 2233 incursioni

2011 2260 2162 2316 omni
2195 2269 2250 2317 ct
2294 2265 2673 2322 contrarietati
2713 2269 2971 2339 superior
2996 2285 3119 2327 esse
3161 2271 3433 2329 videatur.
3471 2271 3608 2329 Illud

2012 2354 2179 2408 etiam
2208 2356 2325 2425 pari
2357 2358 2569 2413 cautela
2605 2360 2954 2416 tractandum
3006 2372 3091 2419 est
3114 2362 3464 2421 Dominicum
3529 2375 3612 2421 te-

2013 2448 2333 2505 stimonium
2362 2471 2377 2509 :
2404 2450 2610 2525 «Major
2640 2450 2853 2510 Joanne
2871 2455 3113 2527 Baptista
3149 2457 3290 2513 inter
3320 2459 3462 2515 iilios
3492 2476 3614 2514 mi.-

2016 2540 2212 2598 liernm
2238 2559 2400 2601 nemo
2426 2546 2727 2602 surrexit.»
2781 2547 2986 2604 Deinde
3020 2565 3035 2603 :
3077 2547 3210 2617 «Qui
3230 2559 3414 2605 autern
3446 2552 3613 2606 mini-

2019 2652 2140 2691 mus
2169 2645 2253 2691 est
2283 2637 2337 2691 in
2383 2652 2555 2709 regno
2582 2638 2872 2706 caelorum,
2909 2641 3000 2695 hic
3056 2642 3231 2712 major
3262 2642 3358 2698 illo
3413 2654 3496 2700 est
3545 2643 3609 2698 “.

2018 2728 2416 2801 lnterrogative
2437 2731 2583 2787 enim
2617 2733 2827 2803 prolata
2871 2750 3028 2790 voce.
3061 2735 3323 2792 Minimus
3338 2746 3520 2793 autem
3554 2740 3613 2793 in

2015 2840 2186 2897 regno
2243 2825 2511 2882 caelorum
2547 2827 2727 2898 major
2777 2828 2873 2883 illo
2902 2829 3032 2885 est?
3086 2845 3264 2902 neque
3292 2831 3612 2902 pnedictum

2018 2919 2398 2974 testimonium
2423 2920 2736 2991 perimitur,
2771 2937 2951 2994 neque
2980 2924 3126 2981 ullus
3156 2923 3467 2981 cavillando
3526 2924 3613 2980 lo-

2016 3026 2117 3067 cus
2148 3020 2429 3082 superest.
2462 3012 2607 3079 Quin
2665 3014 2806 3070 adeo
2865 3016 3015 3071 nulla
3062 3026 3322 3087 prirtcrea
3390 3017 3633 3073 solertia.

2016 3118 2158 3174 opus
2187 3107 2292 3159 erit
2337 3115 2395 3161 ttt
2417 3121 2581 3177 supra
2629 3107 2775 3162 dicta
2831 3109 2998 3165 verba
3060 3110 3448 3167 inclarescant.
3506 3111 3612 3167 Sed

2018 3198 2168 3253 enim
2215 3197 2305 3253 hic
2341 3197 2499 3254 locus
2524 3199 2654 3253 alibi
2687 3216 2919 3272 quoque
2950 3204 3282 3273 peculiarem
3310 3213 3507 3259 nactus
3525 3215 3614 3260 est

2016 3287 2487 3347 lucubrationem.
2532 3291 2865 3362 Hujusmodi
2890 3295 3000 3350 erit
3029 3296 3199 3351 etiam
3229 3315 3243 3353 :
3293 3315 3314 3350 ι
3348 3296 3615 3353 Dor-mitis

2016 3383 2129 3455 jatn
2165 3393 2222 3440 et
2252 3384 2601 3455 requiescitis
2625 3386 2669 3419 ¹⁹
2697 3386 2750 3442 ἴοι
2772 3402 2887 3443 non
2917 3389 3064 3444 enim
3102 3390 3509 3460 pronuntiativa
3535 3393 3617 3445 lo-

2020 3477 2172 3532 cutio
2198 3484 2302 3542 est,
2338 3478 2429 3533 sed
2467 3477 2588 3549 ejus
2609 3479 2704 3550 qui
2743 3479 3137 3553 interrogando
3169 3485 3479 3540 socordiam
3511 3490 3613 3541 ob-

2016 3567 2223 3640 jurgat.
2251 3568 2351 3623 Cui
2389 3570 2632 3624 sermoni
2678 3571 2995 3627 subtexitur
3042 3584 3445 3633 consectaneus
3470 3577 3614 3634 alius

2019 3671 2076 3717 et
2103 3676 2381 3732 congruus
2415 3679 2428 3716 :
2461 3680 2481 3714 ι
2512 3660 2752 3735 Surgite,
2768 3680 2963 3721 eamus
2992 3666 3448 3739 ltinc’°.tNeque
3466 3671 3614 3730 enim

2022 3754 2332 3825 promptius
2383 3755 2543 3811 aliter
2579 3758 2853 3813 sermonis
2887 3760 3060 3815 series
3097 3760 3168 3815 ab
3224 3761 3372 3816 omni
3395 3772 3619 3817 contra-

2023 3844 2264 3900 dictione
2295 3845 2439 3901 felici
2477 3846 2692 3902 calculo
2714 3848 3054 3916 liberabitur,
3091 3866 3256 3921 quam
3297 3852 3342 3908 si
3365 3852 3619 3911 «Dormi-

2020 3937 2094 3994 tis
2144 3937 2258 4008 jam
2304 3947 2361 3993 et
2410 3939 2787 4009 requiescitis»
2825 3939 3274 4015 interrogativam
3302 3945 3356 4000 in
3387 3945 3617 4018 legendo

2019 4045 2134 4101 prie
2156 4045 2215 4086 se
2247 4029 2389 4087 ferat
2414 4031 2872 4102 increpationem.
2905 4032 3040 4103 Ejus
3069 4036 3290 4108 generis
3321 4034 3614 4096 innumera

2020 4126 2171 4173 sunt.

331 4214 427 4268 πδν
473 4213 576 4268 καὶ
621 4211 994 4279 ἀναπαύεσθε,
1024 4229 1044 4265 ι
1085 4210 1187 4283 τὴν
1256 4207 1684 4282 ἐρωτηματικὴν
1720 4208 1809 4265 διά
1860 4208 1960 4280 τῆς
2033 4209 2397 4282 ἀναγνώσεως
2459 4212 2823 4285 προϐάλλοιτο
2897 4216 3254 4290 ἐπιτίμησιν·
3298 4222 3396 4277 καὶ
3448 4226 3622 4298 μυρία

527 4395 950 4467 Κακουργήσειε
974 4392 1019 4447 δ’
1060 4392 1126 4447 ἄν
1151 4409 1236 4456 τις
1272 4390 1382 4445 τῶν
1427 4390 1501 4445 τὰ
1544 4389 1771 4445 τοιαῦτα
1796 4390 1922 4444 τολ-

331 4492 435 4563 μᾷν
464 4489 738 4544 εἰωθότων
764 4488 918 4559 παρά
940 4484 1040 4557 τὴν
1072 4486 1339 4557 σύγχυσιν
1361 4482 1465 4555 τῆς
1487 4482 1670 4547 αίτίας
1700 4482 1763 4536 τὸ
1786 4500 1924 4538 κακ-

327 4576 579 4653 ούργημα
634 4578 967 4644 διαπλέκων,
1011 4579 1105 4633 καὶ
1154 4578 1291 4649 πρὸς
1356 4576 1438 4643 τὺ,
1479 4593 1498 4629 ι
1557 4576 1683 4630 Ἐάν
1721 4576 1807 4639 τίς
1863 4593 1923 4629 σε

330 4674 535 4747 ῥαπίσῃ
563 4675 644 4739 είς
666 4673 763 4745 τὴν
789 4673 971 4739 δεξιάν
998 4670 1247 4741 σιαγόνα,
1280 4669 1514 4741 στρέψον
1534 4667 1684 4741 αὐτῷ
1706 4668 1800 4722 καὶ
1822 4667 1923 4741 τὴν

330 4769 515 4840 ἄλλην,
554 4788 574 4823 ι
612 4768 712 4841 τὴν
739 4766 1231 4839 ἁντεπενεχθεῖσαν
1256 4764 1335 4836 τῷ
1353 4764 1692 4836 τυπτήσαντι
1713 4764 1921 4816 Δεσπο-

328 4863 486 4934 τικὴν
516 4863 724 4933 φωνὴν,
766 4880 785 4915 ι
822 4860 887 4915 Τί
920 4877 987 4932 με
1033 4860 1252 4931 δέρεις;
1287 4876 1307 4909 ι
1342 4856 1418 4920 ὡς
1439 4857 1918 4928 ἀντιπράττουσαν

332 4953 773 5026 προϐαλλόμενος
839 4952 954 5023 (17)
984 4967 999 4982 '
1052 4950 1169 5005 ἀλλ’
1226 4951 1307 5014 είς
1377 4948 1441 5003 τδ
1496 4946 1920 5019 ,ἐμφανέστατον

419 5111 463 5143 ¹⁶
504 5108 665 5166 Joan.
709 5127 830 5171 vui.
900 5111 990 5165 H.
1089 5111 1132 5143 ¹⁷
1193 5109 1355 5164 Joan.
1432 5123 1487 5172 v,
1555 5107 1645 5164 51.

331 5181 645 5249 "Mattb.v,
701 5183 791 5237 50.
868 5184 913 5213 ’³
956 5181 1119 5238 Joan.
1167 5196 1326 5246 xvut,
1382 5178 1476 5233 Ξῖ).

1952 4440 1999 4496 ι)

1752 5106 1796 5139 ³⁸
1854 5104 2048 5162 Matth.
2084 5121 2163 5173 xl,
2228 5108 2315 5163 11.

2097 4392 2185 4448 18.
2220 4388 2456 4462 Maligne
2484 4392 2686 4464 aliquis
2726 4408 2941 4461 eorum,
2987 4397 3189 4468 quibus
3236 4401 3352 4457 hinc
3387 4405 3620 4461 artilicia

2031 4474 2320 4541 familiaria
2343 4493 2494 4551 sunt,
2524 4487 2821 4543 versutiam
2845 4504 3001 4544 suam
3029 4506 3154 4545 cum
3186 4509 3368 4550 causa:
3399 4507 3620 4566 pertur-

2028 4578 2246 4634 batione
2294 4579 2567 4645 miscebit,
2622 4580 2755 4635 dum
2816 4581 2865 4635 ei
2912 4582 3203 4648 locutioni,
3266 4605 3284 4638 ‹
3319 4587 3510 4659 Siquis
3570 4572 3643 4646 ιε

2024 4673 2355 4742 percusserit
2372 4672 2428 4727 in
2459 4672 2651 4728 dextra
2676 4689 2838 4743 gena,
2861 4675 3045 4746 praebe
3070 4676 3146 4730 illi
3172 4688 3226 4733 et
3248 4679 3480 4735 alteram
3503 4682 3612 4747 ’ίςι

2020 4777 2260 4837 opponet
2315 4767 2524 4823 Christi
2584 4784 2938 4837 responsum,
2995 4774 3087 4843 qui
3135 4777 3449 4844 percussori
3501 4780 3620 4845 ait,

2025 4861 2165 4913 «Cur
2204 4873 2291 4915 tne
2329 4860 2493 4916 caedis
2519 4861 2564 4893 “
2592 4861 2645 4915 ‘h
2680 4860 2881 4925 Verum
2921 4863 3011 4919 ubi
3070 4866 3357 4937 perspicue
3410 4871 3623 4940 patefa-

2027 4962 2177 5007 ctum
2205 4951 2371 5008 fuerit
2405 4968 2633 5010 causam
2670 4955 2747 5010 rei
2770 4969 2892 5012 esse
2922 4958 3108 5025 aliam,
3135 4960 3450 5017 criminatio
3472 4963 3620 5019 illico

2439 5108 2480 5140 ¹⁹
2512 5107 2703 5166 Matth.
2764 5127 2917 5182 xxw,
2950 5114 3040 5170 45.
3106 5115 3152 5147 ὀ
3186 5114 3348 5175 Joan.
3376 5135 3493 5185 xrv,
3524 5121 3618 5176 51.

1876 5268 2119 5327 NOTIE.

401 5393 449 5462 tl
470 5392 514 5460 ι)
542 5393 602 5445 in
636 5388 1081 5460 amphiloeltiana
1108 5386 1412 5462 quaestione
1440 5383 1530 5462 98.
1624 5452 1745 5462 “ﬂ
1790 5416 1797 5421 -

403 5452 517 5533 (15)
554 5462 692 5533 Lege
710 5452 1405 5533 tiumstionetnantplt.7122
1430 5459 1602 5527 (nunc
1623 5452 1918 5533 509A?)apud

334 5529 615 5608 Wulliutn,
634 5529 700 5587 ἐι
717 5529 791 5608 ξίιι
820 5533 1045 5608 cpistola
1067 5529 1244 5608 fluuii
1268 5529 1397 5608 _180.
1433 5534 1692 5608 (Illlllcnq.
1717 5530 1831 5607 9.8).

406 5604 517 5679 (16)
553 5598 890 5679 Terntittatio
912 5619 972 5655 τε
1002 5600 1461 5679 ittdicativi__:eqne
1489 5598 1635 5652 modi
1659 5608 1715 5679 et
1748 5598 1918 5679 impe-

336 5666 658 5743 rat‘iti'apud
679 5675 900 5730 Griecos
915 5674 1135 5743 propria
1151 5683 1257 5726 est.
1275 5666 1663 5725 Verumtamen
1695 5672 1747 5722 in
1774 5666 1921 5722 Lati-

339 5764 404 5801 na
454 5748 635 5818 lingua
686 5746 813 5801 huic
863 5745 1209 5817 ambiguitatt
1241 5744 1395 5797 locus
1432 5755 1540 5796 non
1572 5749 1659 5795 est
1702 5756 1714 5793 :
1750 5754 1923 5810 quare

2022 5390 2076 5442 in
2112 5390 2336 5512 vtltlgato
2368 5388 2674 5447 Bibliorum
2701 5400 3024 5449 nostrorum
3085 5405 3235 5452 textu
3278 5400 3621 5474 interrogare

2022 5474 2129 5512 nou
2188 5471 2313 5512 teet.

2021 5474 2129 5514 nou
2168 5471 2313 5515 Ιιοει.

2096 5530 2208 5601 (17)
2238 5530 2606 5598 ρυαξειίοηοηῖ
2667 5532 2810 5589 hanc
2859 5535 2983 5591 aliis
3030 5538 3212 5596 verbis
3254 5551 3438 5598 versat
3476 5543 3641 5603 Pho—‘

2025 5603 2896 5687 tiusetiant‘ittAAmphilochiana
2933 5607 3032 5662 157
3056 5610 3225 5681 (nunc
3264 5614 3413 5683 155),
3453 5632 3617 5687 quam

2026 5672 2257 5729 Woltius
2279 5674 2467 5731 edidit.
