4134 6448
510 291 582 357 τι
1689 282 1951 346 ΓΠΟἸῚΙ
1996 279 2113 341 PM

2218 277 2508 340 [ARCIIE
2537 283 2643 343 CP.
3746 287 3821 353 79

511 405 807 461 rel'cllrtur.
837 400 1050 456 Etenim
1139 398 1349 453 homini
1379 396 1474 468 qui
1534 396 1782 468 pecunia:
1828 403 1923 446 aut
1967 390 2105 445 alia-

2218 390 2637 461 καθισταμένου,
2664 391 2739 455 ὡς
2764 393 2798 462 ἡ
2829 392 2980 445 αἰτία
3009 392 3289 463 διάφορος,
3321 393 3517 448 θᾶττον
3556 394 3815 449 ἀπαιτεῖ-

512 513 635 553 rum
666 511 831 567 opum
862 502 953 547 aut
999 492 1248 563 corporis
1302 491 1695 546 detrimentum
1730 502 1929 559 passus
1984 486 2108 539 fue-

511 590 606 652 rit,
658 587 883 642 mandat
934 584 1087 655 pacis
1149 582 1296 637 Deus
1347 597 1417 637 ne
1488 587 1771 651 repugnet,
1838 586 2004 648 atque
2052 584 2113 631 ut

512 681 765 737 onmium
818 677 988 733 indici
1043 676 1489 748 persecutionem
1542 672 1761 743 injuria:
1804 670 2107 741 permittat.

515 772 711 826 Verum
758 770 1043 826 enimvero
1077 767 1164 823 ubi
1192 768 1470 839 quispiam
1499 765 1759 821 scelestas
1788 777 1987 818 manus
2029 762 2113 815 in-

513 863 718 927 tulerit,
754 878 863 917 uon
908 860 1152 916 utalieui
1191 860 1579 929 praelictarum
1643 872 1829 912 rerum
1870 864 2106 917 noceat,

510 956 601 1009 sed
654 963 716 1008 ut
750 954 806 1009 in
838 954 959 1009 oris
976 952 1310 1008 contumelia
1343 966 1458 1005 rem
1489 950 1823 1021 praecipuam
1867 962 2115 1019 pessum-

510 1052 621 1114 det,
649 1063 848 1119 nempe
913 1047 1277 1117 religionem;
1319 1054 1451 1101 tunc
1489 1045 1710 1099 demum
1752 1044 1896 1097 haud
1952 1056 2113 1112 aequo

510 1142 700 1196 animo
726 1139 981 1211 injuriam
1009 1146 1120 1209 pati
1144 1139 1436 1209 jubemur,
1471 1154 1538 1192 ne
1577 1136 2110 1209 patientieobtentu

512 1232 866 1287 audaciorem
900 1231 1129 1302 impium
1158 1232 1475 1296 reddamus,
1516 1246 1621 1286 neu
1655 1230 1879 1286 silentio
1908 1243 2113 1298 augea-

512 1342 637 1381 mus
694 1325 837 1380 hosti
860 1324 1099 1389 animos,
1130 1341 1242 1395 quo
1264 1325 1460 1395 pietati
1487 1324 1827 1395 petulantius
1860 1322 2111 1378 insultet.

516 1418 653 1475 lluic
680 1419 841 1474 divus
880 1420 1045 1473 etiam
1119 1418 1346 1485 Paulus,
1395 1434 1494 1473 ceu
1549 1420 1801 1475 sincerus
1831 1416 2112 1487 Evangelii

512 1514 839 1584 discipulus,
896 1515 1172 1584 sapienter
1234 1523 1506 1585 praecepto
1556 1514 1739 1584 paruit
1772 1513 1819 1546 “
1858 1554 1872 1568 .
1905 1512 2115 1567 idcirco

512 1607 675 1662 etiam
710 1607 933 1662 tribuno
963 1607 1270 1663 Romanum
1304 1608 1537 1664 incussit
1558 1610 1836 1671 timorem,
1864 1622 1933 1661 ne
1961 1607 2114 1662 salu-

515 1700 585 1751 tis
629 1698 884 1768 propria},
925 1714 1091 1768 quam
1148 1698 1309 1755 facile
1348 1702 1607 1771 consequi
1658 1710 1893 1773 poterat.
1969 1700 2115 1754 ultro

512 1789 758 1858 proditor
782 1790 1084 1856 videretur,
1108 1807 1173 1846 ac
1194 1793 1415 1863 pietatis
1435 1794 1656 1849 cederet
1688 1794 1933 1849 inimico.
1989 1792 2114 1847 Ideo

512 1883 750 1954 denique
790 1882 1113 1940 uberrimus
1169 1900 1265 1941 eos
1312 1886 1589 1955 repressit»
1656 1885 2111 1950 rel‘utationibus,

512 1976 609 2045 qui
659 1977 911 2048 religioni
966 1978 1278 2035 calumnias
1328 1980 1693 2035 struebant“
1722 2022 1737 2039 .
1775 1979 1840 2035 Et
1889 1980 2112 2052 quidem

514 2069 950 2125 fortissimorum
1008 2085 1231 2141 quoque
1266 2081 1572 2143 martyrum
1626 2073 1879 2145 egregius
1908 2074 2115 2128 chorus

514 2162 779 2220 adversus
830 2173 1093 2235 tyrannos
1128 2164 1201 2219 ob
1257 2165 1509 2220 eamdem
1562 2180 1788 2221 causam
1839 2166 2116 2222 constanti

513 2258 697 2329 lingua
726 2257 1011 2330 ﬁrmisque
1056 2259 1232 2315 oculis
1284 2261 1623 2325 armabatur,
1662 2261 1919 2332 pietatem
1984 2276 2116 2315 ora-

514 2352 663 2405 tione
700 2360 883 2416 tuens,
917 2367 983 2407 ac
1014 2353 1428 2424 superstitionis
1461 2352 1730 2425 ﬂagitium
1777 2368 2111 2425 coarguens.

514 2442 705 2509 Quoad
738 2447 885 2498 enim
925 2451 1196 2515 tyrannus
1245 2460 1430 2500 veram
1469 2446 1643 2516 ipsam
1703 2447 2114 2501 accusationem

514 2538 756 2609 maligno
785 2540 973 2593 animo
995 2538 1329 2602 dissimulat,
1350 2540 1473 2594 aliis
1489 2539 1707 2595 interim
1738 2540 2115 2611 sycophantiis

513 2648 615 2687 ceu
645 2632 976 2702 quibusdam
1037 2632 1452 2689 velitationibus
1508 2634 1766 2689 athletam
1800 2649 2064 2690 exercens
2097 2674 2113 2699 ,

515 2726 679 2781 silere
718 2734 944 2796 praestat
999 2726 1410 2796 clementerque
1477 2727 1783 2783 molestiam
1818 2728 1952 2799 pati.
2006 2726 2115 2785 Ve-

516 2836 639 2875 rum
668 2820 761 2875 ubi
792 2820 967 2875 aulaeo
997 2819 1241 2883 sublato,
1274 2821 1417 2876 haud
1461 2820 1575 2891 jam
1626 2832 1956 2894 personatus
1980 2838 2116 2878 con-

516 2923 607 2967 tra
654 2911 978 2983 religionem
1045 2910 1364 2981 aggreditur
1411 2912 1677 2980 tabulam,
1731 2923 1847 2967 tum
1881 2913 2117 2983 denique

514 3004 726 3060 strenui
760 3004 861 3059 viri
894 3014 1001 3071 est,
1038 3014 1234 3059 etcum
1284 3003 1395 3059 Deo
1424 3015 1639 3077 gratum
1686 3022 1825 3077 opus
1854 3016 1968 3062 tum
2006 3006 2117 3061 Do-

2211 500 2303 537 ται
2333 484 2427 537 τὸν
2450 484 2696 554 ἔλεγχον.
2731 486 2843 538 Καὶ
2887 486 2999 557 γάρ
3051 487 3131 558 τῷ
3194 488 3297 557 μὲν
3342 489 3422 551 είς
3486 487 3819 559 ἀργύριονῆ

2212 576 2409 643 κτῆσιν
2446 574 2617 645 άλλην
2642 578 2737 629 καὶ
2766 575 2901 630 αὐτὸ
2926 578 2987 630 τὸ
3013 577 3175 645 σῶμα
3218 579 3325 647 τὴν
3351 577 3558 649 ζημίαν
3600 579 3819 648 ὐπομέ-

2214 684 2359 722 νοντι
2388 668 2465 740 μὴ
2488 669 2897 737 ὰντεπεξιέναι,
2926 674 3285 743 παραχωρεῖν
3313 671 3369 725 δέ
3403 671 3483 744 τῷ
3506 675 3674 744 κριτῇ
3715 672 3823 725 τῶν

2214 762 2374 828 ὅλων,
2406 765 2505 835 τῆς
2551 765 2781 837 είρήνης
2833 765 2967 827 Θεὸς
3016 766 3303 821 ἐπιτάττει
3352 765 3455 837 τὴν
3508 766 3822 837 ἐκδίκησιν.

2214 857 2467 912 Ἐπειδὰν
2494 858 2550 912 δέ
2579 876 2666 923 τις
2686 861 2786 923 τὰς
2813 860 3034 924 ἀδίκους
3059 860 3281 932 ἐκτείνη
3306 863 3497 931 χεῖρας
3537 861 3642 931 οὐχ
3671 862 3827 924 ὅπως

2214 954 2294 1015 εἷς
2323 969 2378 1004 τι
2409 953 2520 1006 τῶν
2558 954 2869 1025 εἰρημένων
2933 952 3034 1025 τὴν
3081 954 3287 1025 βλάϐην
3337 953 3670 1021 ἐνστίξειεν,
3706 953 3809 1006 ἀλλ

2216 1047 2274 1100 ἐν
2298 1050 2363 1118 τῇ
2394 1046 2489 1100 τοῦ
2517 1046 2815 1119 προσώπου
2850 1047 3008 1119 ὐϐρει
3049 1049 3111 1101 τὸ
3164 1048 3609 1119 πρεσϐευόμενον
3642 1047 3819 1118 λωϐή·

2217 1156 2377 1211 σηται
2402 1140 2502 1212 τὴν
2528 1140 2817 1193 εὐσέϐειαν
2842 1140 2980 1209 (18),
3010 1141 3140 1194 τότε
3175 1141 3251 1211 μὴ
3302 1141 3491 1211 φέρειν
3551 1140 3829 1213 ῥᾳθύμως

2215 1235 2315 1306 τὴν
2344 1234 2506 1306 ὓϐριν
2537 1234 3017 1307 προσταττόμεοα,
3042 1234 3180 1307 μηδέ
3206 1236 3334 1305 σιγῇ
3362 1233 3824 1302 συγκατασιιιιευιὶ⁴

2217 1330 2334 1395 ζειν
2358 1329 2437 1399 τῷ
2463 1328 2646 1401 ἐχθρῷ
2686 1328 2779 1383 τὸν
2823 1327 3287 1401 προπηλακισμὸν
3320 1326 3416 1380 τοῦ
3445 1326 3803 1395 σεϐάσματος

2216 1421 2440 1494 Ταύτην
2464 1422 2560 1475 καὶ
2581 1422 2611 1473 6
2630 1421 2775 1483 θεῖος
2801 1419 3041 1483 Παῦλος,
3060 1420 3153 1473 ᾶτε
3178 1417 3243 1488 δὴ
3270 1419 3497 1489 γνήσιος
3524 1416 3619 1470 τοῦ
3652 1416 3824 1485 λόγου

2220 1514 2493 1587 μαθητὴς,
2528 1516 2585 1569 ἐν
2617 1514 2782 1587 σοφία
2818 1513 2920 1584 τὴν
2940 1512 3163 1584 ἐντολὴν
3192 1509 3629 1582 κατωρθώσατο’
3656 1508 3833 1563 τοῦτο

2221 1612 2321 1681 μὲν
2366 1610 2606 1680 Ἐλύμαν
2644 1610 2736 1663 τὸν
2770 1608 2946 1681 μάγον
2999 1607 3113 1678 (l9)
3155 1604 3581 1660 ἐπιϐουλεύοντα
3606 1603 3689 1674 τῷ
3719 1619 3824 1673 κη-

2221 1706 2464 1777 ρύγματι
2489 1706 2744 1776 στερήσει
2764 1703 2875 1757 τῶν
2895 1702 3093 1772 ὄψεων,
3120 1698 3468 1754 ἀναστέλλων
3487 1713 3546 1750 τε
3570 1695 3668 1749 τοῦ
3697 1695 3826 1748 το).-

2222 1800 2477 1869 μήματος
2506 1800 2602 1852 καὶ
2624 1797 2782 1866 δίκην
2805 1795 3054 1850 ἀπαιτῶν
3076 1811 3087 1822 ·
3113 1791 3273 1846 τοῦτο
3318 1790 3377 1845 δέ
3417 1788 3499 1860 τῷ
3543 1786 3833 1859 χιλιάρχῳ

2216 1896 2307 1948 τὸν
2350 1893 2663 1963 Ῥωμαῖκδν
2688 1892 2947 1946 ἐπισείων
2979 1889 3166 1961 φόϐον,
3195 1890 3281 1942 ἶνα
3302 1888 3404 1959 μὴ,
3433 1888 3564 1959 ῥᾷον
3590 1884 3651 1937 ὃν
3679 1884 3823 1937 ἁνα-

2217 1987 2524 2053 σώσασθαι,
2556 1988 2657 2057 τῆς
2685 1984 2962 2057 σωτηρίας
2993 1982 3264 2054 προδότης
3302 1980 3437 2052 ἁλῷ,
3467 1979 3563 2032 καὶ
3605 1976 3687 2047 τῷ
3718 1975 3823 2044 τῆς

2217 2079 2502 2143 εὐσεϐείας
2553 2077 3129 2147 ὑποκατακλινόμενος
3177 2072 3358 2144 ἐχθρῷ
3385 2088 3400 2100 ·
3435 2069 3598 2124 τοῦτο
3619 2069 3678 2122 δὲ
3712 2084 3823 2138 μα·

2217 2175 2373 2242 κροῒς
2404 2171 2781 2243 ἐπιστομίζων
2812 2169 3059 2241 ἐλέγχοις
3113 2166 3242 2233 τοὺς
3289 2166 3391 2236 τὴν
3441 2160 3823 2231 συκοφαντίαν

2216 2265 2362 2318 κατὰ
2390 2264 2494 2335 τῆς
2523 2263 2765 2328 πίστεως
2801 2261 3257 2325 συσκευάζοντας.
3284 2258 3397 2313 Καὶ
3426 2256 3540 2315 τῶν
3572 2252 3824 2307 καλλινί-

2217 2375 2332 2411 κων
2362 2353 2419 2411 δὲ
2455 2356 2755 2428 μαρτύρων
2782 2356 2812 2409 6
2839 2354 2984 2419 θεῖος
3011 2352 3172 2425 χορὸς
3194 2352 3283 2405 διὰ
3309 2350 3411 2422 τὴν
3434 2347 3608 2419 αὐτὴν
3634 2345 3823 2399 αἰτίαν

2218 2451 2357 2524 πρὸς
2386 2453 2513 2517 τοὺς
2536 2451 2841 2523 τυράννους
2865 2446 3341 2521 ἐπαρρησιάζοντο
3357 2443 3619 2512 άπτοήτῳ
3637 2438 3831 2509 γλώσ-

2220 2564 2288 2619 σῃ
2320 2545 2419 2600 καὶ
2438 2544 2782 2616 δυσωπήτοις
2802 2542 3105 2614 ὀφθαλμοῖς
3129 2540 3221 2595 τὸν
3250 2540 3391 2611 ὐπέρ
3409 2538 3510 2609 τῆς
3528 2534 3822 2596 εὐσεϐείας

2216 2639 2377 2708 λόγον
2408 2637 2771 2709 συνείροντες,
2799 2638 2895 2691 καὶ
2914 2636 3012 2707 τῆς
3045 2635 3303 2698 ἀσεϐείας
3340 2632 3400 2686 τὸ
3429 2630 3721 2701 δύσφημον
3743 2628 3821 2681 δι-

2218 2733 2557 2804 ελέγχοντες.
2588 2732 2679 2786 Ἐν
2713 2727 2795 2797 οἷς
2823 2732 2926 2803 μὲν
2956 2731 3067 2801 γάρ
3087 2733 3115 2785 6
3141 2730 3408 2802 τύραννος
3432 2726 3525 2781 τὸν
3551 2724 3649 2778 τοῦ
3672 2740 3831 2796 μαρι-

2217 2829 2410 2901 τυρίου
2446 2828 2605 2898 λόγον
2638 2826 2788 2882 ἔνδον
2829 2825 3156 2897 κακούργως
3200 2820 3696 2893 ἀποκρυπτόμενος
3721 2816 3828 2869 άλ-

2218 2923 2341 2988 λαις
2364 2922 2673 2993 ἐπηρείαις,
2692 2921 2881 2991 ὥσπερ
2898 2920 3009 2973 τισὶ
3029 2916 3517 2990 προαγωνίσμασι,
3535 2912 3630 2967 τδν
3650 2909 3826 2979 ἀθλη-

2218 3015 2319 3087 τὴν
2348 3013 2664 3085 δοκιμάζει.
2702 3014 2862 3084 σιγᾷν
2885 3012 3110 3082 ἄμεινον
3142 3008 3238 3063 καὶ
3279 3007 3470 3079 πράως
3501 3006 3690 3077 φέρειν
3720 3001 3831 3072 τὴν

518 3099 706 3154 tuiuici
728 3097 855 3153 lacti
870 3098 1150 3165 aemulum,
1172 3099 1351 3154 verbis
1376 3100 1800 3156 adversantibus
1818 3100 1917 3164 uti.
1934 3115 2113 3170 neque

2218 3108 2503 3181 ἐνόχλησιν
2531 3125 2546 3141 θ
2584 3106 2807 3161 ἐπειδάν
2835 3105 2893 3160 δέ
2922 3106 3022 3177 τὴν
3052 3104 3260 3175 σκηνὴν
3285 3098 3570 3163 διαλύσας,
3603 3094 3823 3166 ἀπρόσ-

517 3208 611 3264 per
641 3190 919 3248 silentium
953 3190 1113 3246 malis
1180 3191 1543 3247 hisuionibus
1588 3191 1684 3246 Dei
1728 3191 1936 3248 cultum
1984 3206 2117 3263 pro-

2219 3221 2371 3258 ωπον
2419 3203 2520 3275 τὴν
2547 3201 2691 3257 κατὰ
2722 3201 2822 3272 τῆς
2846 3198 3133 3264 εὐσεϐείας
3158 3197 3470 3267 είσέρχεται
3491 3192 3828 3264 κωμῳδίαν,.

514 3290 685 3354 dere;
725 3286 838 3340 imo
862 3300 990 3341 vero
1036 3287 1183 3340 hunc
1232 3285 1302 3339 ab
1332 3285 1482 3339 omni
1532 3284 1914 3340 criminatione
1953 3294 2113 3355 atque

2220 3299 2345 3353 τότε
2368 3297 2455 3367 δὴ,
2489 3297 2611 3351 τότε
2650 3295 2903 3366 γενναῖόν
2933 3311 2993 3348 τε
3023 3293 3119 3347 καὶ
3164 3290 3321 3362 φίλον
3360 3288 3504 3359 Θεῷ,
3564 3287 3660 3341 καὶ
3713 3284 3815 3353 τῆς

516 3382 720 3451 impetu
753 3379 1054 3444 vindicare,
1090 3388 1205 3433 tum
1229 3378 1472 3435 veridica
1499 3379 1710 3435 scilicet
1738 3380 1985 3435 oratione
2000 3388 2113 3433 tum

2221 3392 2565 3460 Δεσποτικῆς
2594 3387 2859 3461 ἐργασίας
2891 3385 3147 3457 μίμησις,
3188 3379 3572 3446 άντεπεξιὲναι
3610 3378 3831 3446 λόγοις..

515 3475 683 3529 etiam
726 3472 898 3527 animi
953 3470 1307 3527 strenuitate.
1377 3470 1547 3526 Nocet
1594 3471 1797 3541 aliquis
1835 3471 2113 3542 pecuniae,

2221 3484 2318 3538 καὶ
2348 3484 2424 3555 μὴ
2454 3483 2523 3553 τῇ
2562 3482 2744 3553 σιωπῇ
2781 3478 3093 3551 προδιδόναι
3130 3477 3250 3539 ταῖς
3290 3472 3610 3545 κωμῳδίαις
3636 3471 3699 3524 τὸ
3728 3471 3819 3522 λα·

517 3571 691 3641 διϐτίδν
725 3568 809 3623 vel
862 3566 1320 3622 θοηίωηθιίοεδηί
1366 3580 1591 3637 (ιυοιιυε
1633 3580 1856 3619 malim“
1901 3566 2145 3636 πονρονῖ
2224 3576 2583 3653 τρευόμενονο
2619 3576 2875 3649 κρεῖττον
2901 3574 2957 3628 δέ
2988 3571 3253 3643 παρέχειν
3274 3568 3449 3639 λαϐῆς
3479 3566 3702 3636 ἁπάσης
3729 3561 3824 3619 καὶ

518 3666 712 3721 alie-rt?
762 3664 1037 3735 patienter
1080 3661 1225 3717 ferre
1286 3662 1465 3729 decet,
1500 3662 1810 3718 constantia
1868 3663 2113 3732 mitigare

2228 3673 2529 3743 συσκευῆς,
2552 3671 2713 3726 τοῦτο
2757 3669 2855 3743 μέν
2879 3668 3107 3738 ἀληθέσι
3134 3666 3337 3735 λόγοις,
3358 3660 3589 3717 τοῦτοδὲ
3617 3659 3697 3730 τῷ
3722 3657 3839 3728 τῆς

519 3758 821 3815 iracundiae
868 3755 1169 3821 llamtuam,
1204 3755 1504 3825 damnique
1539 3763 1859 3825 contemptu
1893 3755 2113 3811 insatia-

2221 3764 2407 3837 ψυχῆς
2438 3764 2855 3835 παραστήματι.
2897 3760 2993 3823 Είς
3020 3756 3287 3830 ἀργύριόν
3318 3772 3402 3818 τις
3450 3749 3833 3809 ἐπιϐουλεύει..

520 3856 683 3911 bilem
726 3850 974 3907 avaritia:
1023 3849 1183 3904 sitim.
1226 3848 1496 3904 inhibere.
1546 3847 1655 3903 Ubi
1702 3856 1882 3903 tamen
1932 3848 2113 3920 piacu-

2222 3860 2301 3923 είς
2333 3858 2560 3930 άγροὺς,
2594 3857 2628 3929 ἢ
2671 3856 2768 3909 καὶ
2804 3855 2964 3925 χεῖρα
3016 3851 3230 3921 ὕϐρεως
3274 3845 3691 3901 ἐπανατείνεται
3739 3840 3819 3912 τῷ

522 3950 718 4004 lariqu
760 3956 925 4017 atque
970 3944 1266 4015 impiorum
1300 3942 1495 4009 instar,
1528 3942 1746 3997 honesti
1771 3942 1941 3999 muris
1972 3958 2113 3997 asse-

2224 3951 2439 4023 σώματι
2465 3967 2481 4018 ;
2513 3949 2855 4016 ἀνεξικάκως
2883 3946 3151 4018 προσήκει
3193 3942 3407 4015 φέρειν,
3461 3934 3830 4010 μακροθυμίᾳ.

519 4043 619 4098 cla:
673 4039 1068 4110 religionisque
1117 4049 1421 4107 praecones,
1479 4035 1549 4090 ab
1600 4034 1795 4090 harum
1852 4035 2113 4089 virtutum

2222 4043 2584 4117 διαπραΰνειν
2609 4044 2671 4096 τὸ
2711 4040 3047 4111 φλεγμαῖνον
3076 4037 3177 4108 τῆς
3215 4033 3407 4105 ὀργῆς,
3442 4032 3535 4085 καὶ
3575 4027 3674 4101 τῆς
3701 4027 3822 4098 φιλ-

521 4135 777 4191 hostibus
827 4132 1192 4188 traducentur
1256 4130 1532 4201 malisque
1587 4130 1949 4195 irrctientur,
1991 4139 2113 4183 tunc

2223 4138 2519 4209 αργυρίας,
2583 4134 2859 4207 ὀλιγωρία
2900 4133 3004 4204 τῆς
3058 4129 3285 4201 ζημίας,
3345 4123 3702 4180 ὑποστέλλειν
3758 4120 3831 4173 τὸ

522 4227 665 4281 haud
696 4226 848 4281 taciti
895 4224 1157 4295 injuriam
1194 4223 1585 4295 perferemus;
1604 4222 1697 4277 sed
1757 4224 1887 4293 quia
1932 4223 2113 4293 iniqua

2223 4233 2526 4305 ἄπληστον.
2572 4230 2712 4285 Ἀλλ’
2742 4229 2819 4293 ὡς
2874 4230 3110 4297 ἐναγεῖς,
3140 4227 3216 4289 ὡς
3265 4224 3484 4289 ἀσεϐεῖς
3533 4223 3663 4288 τοὺς
3718 4222 3821 4292 τῆς

523 4321 771 4392 patimur
826 4319 925 4390 pii,
956 4328 1012 4373 et
1040 4318 1169 4389 quia
1210 4316 1495 4389 Evangelii
1536 4316 1784 4373 sacrario
1825 4317 1906 4371 vis
1951 4315 2113 4372 infer-

2223 4328 2427 4399 ἀρετῆς
2452 4323 2694 4397 ἐργάτας
2724 4324 2820 4378 καὶ
2853 4323 2951 4393 τῆς
2974 4320 3262 4384 εὐσεϐείας
3288 4321 3543 4393 κήρυκας
3564 4320 3592 4371 6
3614 4317 3819 4387 ταύτης

520 4424 641 4482 tur,
660 4420 842 4469 mente
870 4412 1162 4483 linguaque
1194 4410 1537 4466 audebimus.
1618 4408 1752 4464 Nam
1790 4426 1915 4466 cum
1972 4411 2113 4482 prio-

2224 4419 2444 4474 ἐλαύνει
2477 4416 2675 4489 ἐχθρὸς
2699 4417 2796 4470 καὶ
2824 4415 3019 4478 κακοῖς
3060 4411 3458 4485 παραδίδωσιν,
3478 4411 3540 4464 οὐ
3565 4412 3692 4480 σιγῇ
3720 4410 3821 4479 τὴν

521 4522 580 4562 re
615 4521 800 4561 rermn
863 4502 1183 4559 conditione
1231 4503 1512 4558 silentium
1564 4502 1719 4557 mirae
1776 4502 1996 4558 virtutis
2037 4503 2113 4558 si-

2225 4514 2383 4585 ὓϐριν
2406 4470 2801 4584 areolam-611'
2830 4510 2909 4574 ὣς
2935 4470 3099 4563 ἄδικα
3144 4470 3247 4580 μὲν
3299 4470 3607 4575 πάσχοιμεν
3633 4470 3822 4556 ’ἔοσὲ-

519 4599 800 4670 guillcatio
861 4606 967 4658 est.
1020 4596 1327 4668 posteriore
1386 4604 1570 4650 tamen
1625 4595 1671 4651 si
1706 4595 1866 4664 'J'orte
1925 4611 2113 4651 vocem

2226 4608 2453 4672 ϐοὖντες
2484 4607 2662 4671 αὐτοὶ,
2699 4606 2862 4660 άδικα
2888 4604 2946 4658 δὲ
2975 4602 3178 4673 πάσχοι
3207 4602 3267 4654 τὸ
3309 4601 3507 4654 σεπτὸν
3568 4596 3667 4652 τοῦ
3718 4615 3819 4668 κη-

518 4695 928 4757 contineamus,
962 4689 1262 4760 impietatis
1301 4688 1589 4744 audaciam
1620 4698 1816 4745 contra
1842 4691 2113 4763 cvangeli-

2232 4701 2332 4773 ρύγ
2344 4718 2537 4772 ματος,
2567 4700 2662 4753 καὶ
2699 4697 2900 4772 γνώμῃ
2930 4696 3026 4751 καὶ
3050 4693 3271 4765 γλώσσῃ
3296 4690 3816 4766 παρῤησιασόμεθα.

521 4800 647 4839 cum
678 4784 908 4840 Ver-bum
940 4795 1295 4839 θλδευθίηυδ·
2230 4798 2385 4851 Ἐκεῖ
2426 4794 2527 4866 μὲν
2558 4792 2669 4867 γὰρ
2698 4794 2731 4863 ὴ
2770 4792 2901 4861 σιγὴ
2923 4789 3236 4862 θαυμασίας
3273 4787 3422 4842 ἐστὶν
3455 4787 3659 4858 ἀρετῆς
3680 4787 3818 4839 ὐπο-

2225 4890 2476 4952 τύπωσις
2500 4905 2514 4920 ⁸
2550 4886 2793 4943 ἐνταῦθα
2818 4887 2876 4939 δὲ
2901 4885 2959 4939 τὸ
2991 4885 3154 4957 σιγᾷν
3180 4880 3699 4954 καταθρασύνεσθαι
3726 4878 3818 4933 τοῦ

2224 4983 2387 5052 λόγου
2422 4981 2624 5053 μᾶλλον
2660 4977 2977 5055 παρακαλεῖ
3012 4977 3113 5049 τὴν
3147 4975 3427 5031 ἀσέϐειαν.

602 5171 648 5206 ιι
677 5153 797 5206 Act.
828 5166 954 5220 ιιιι,
1000 5152 1057 5209 8.
1117 5156 1167 5189 ⁸⁵
1190 5157 1314 5213 Act.
1354 5157 1612 5221 ςιιιιὲὕ..

2096 5299 2341 5359 NOTAE.

602 5445 712 5514 (l8)
748 5442 943 5499 Cicero
979 5443 1033 5497 in
1067 5442 1163 5497 Or.
1199 5450 1315 5514 post
1345 5441 1456 5495 red.
1485 5442 1537 5494 in
1575 5455 1691 5495 scn.
1734 5457 1787 5507 γ,
1817 5450 1868 5495 et
1898 5439 2135 5514 [iactan-

533 5512 662 5577 tius,
689 5516 827 5569 Inst.
866 5531 922 5572 v.
960 5514 1015 5577 9,
1047 5523 1213 5582 caput
1264 5513 1455 5567 dicunt
1486 5522 1698 5582 partem
1732 5512 1975 5567 hominis
2004 5528 2133 5568 sau-

530 5586 853 5640 ctissimam.
886 5584 1114 5638 Photius
1142 5594 1323 5637 autem
1352 5597 1595 5652 auagoge
1624 5583 1839 5638 nititur.

2232 5452 2316 5497 est
2342 5439 2582 5511 Elymus.
2620 5441 2700 5497 A‘d
2739 5443 2887 5497 hunc
2909 5445 3144 5513 Actunm
3190 5441 3616 5513 apostolicnrnm
3647 5440 3829 5498 locum

2233 5514 2544 5582 respexisse
2622 5514 2865 5569 arbitror
2948 5512 3308 5568 Menandrum
3376 5513 3703 5569 historicum
3772 5515 3822 5567 in

2238 5583 2525 5658 Excerptis
2567 5600 2754 5658 _a_g_me
2778 5584 2945 5658 editis
2972 5585 3420 5658 Porphyrogeniti
3474 5586 3538 5655 (t.
3587 5584 3630 5658 ll
3688 5585 3822 5658 coll.

600 5656 712 5727 (19)
758 5654 976 5727 Elymus
1006 5653 1637 5727 vocabulum_sig_uilicat
1681 5652 1907 5707 Persam
1949 5653 2127 5727 (P0ly-
2232 5653 2351 5709 Vat.
2422 5652 2501 5724 Vp.
2564 5656 2693 5727 359)
2761 5656 2853 5727 ubi
2917 5652 3098 5727 exstat
3156 5652 3495 5726 epigramma
3572 5657 3639 5711 de
3720 5657 3825 5710 alio

532 5722 726 5782 chron.
769 5722 841 5781 ad
872 5725 1013 5777 Dan.
1038 5739 1286 5799 capiant,
1326 5724 1406 5794 ει).
1438 5722 1574 5792 Magi
1613 5736 1794 5799 autem
1828 5722 2001 5799 genus
2032 5722 2130 5779 ho-
2229 5741 2392 5795 mago
2418 5722 2725 5783 recentiore
2758 5726 2924 5783 Persa
2954 5722 3295 5796 praedicunt—ti
3324 5726 3654 5799 evangelica
3678 5727 3816 5782 obsi-

534 5799 742 5854 minum
772 5799 1093 5855 Persarum.
1130 5793 1327 5849 L’botio
1366 5793 1575 5849 nomen
1613 5793 1896 5865 praprium
1942 5796 2127 5852 visum
2230 5793 2434 5853 slente.
