4134 6454
332 447 403 512 73
1396 453 1498 512 AD
1527 455 2124 520 All'l'PIll‘LOCHlUM
2163 461 2510 532 QUIESTIO
2550 465 2595 524 Ι..
3543 475 3616 538 τι

407 559 495 616 ιϐ’.
536 559 835 631 ’Υπάγοιτο
855 563 900 618 δ’
927 563 995 618 ἂν
1023 563 1102 636 τῷ
1129 566 1279 638 αὐτῷ
1298 563 1399 639 τῆς
1419 570 1750 644 διακρίσεως
1769 573 1919 646 τύπῳ

2101 579 2189 634 19.
2228 579 2401 638 Porro
2431 582 2497 636 ad
2530 583 2844 655 exemplum
2895 585 3238 644 discriminis
3264 589 3466 647 sistere
3491 593 3617 650 licet

333 655 428 710 καὶ
454 657 483 709 6
523 655 772 720 Ἀνανίας
801 659 896 712 καὶ
927 659 962 727 ἡ
991 657 1282 732 Σάπερειρα
1315 661 1392 732 τῷ
1424 665 1708 737 κορυφαίῳ
1731 667 1922 732 ποινὰς

333 748 812 818 εἰσπραττόμενοι,
840 751 938 803 καὶ
971 753 1004 821 η
1039 752 1144 816 ἕως
1173 753 1641 826 ἑϐδομηκοντάκις
1663 759 1804 814 ἐπτά
1835 761 1924 814 ἐν·

331 839 461 909 τολὴ
491 839 763 910 μετροῦσα
798 843 913 905 τοῖς
970 843 1354 915 ἁμαρτάνουσι
1397 849 1499 918 τὴν
1551 850 1920 924 συγχώρησιν.

334 932 445 984 Καὶ
476 931 582 1002 γὰρ
613 932 704 985 διὰ
737 935 836 1004 μὲν
865 935 966 1006 τῆς
993 938 1215 1008 ἐντολῆς
1245 939 1407 1005 αὐτός
1451 959 1512 995 τε
1556 944 1767 1016 Πέτρος
1827 945 1924 999 καὶ

332 1024 494 1092 ἡμεῖς
521 1023 588 1076 τά
619 1027 700 1087 εἰς
728 1027 959 1089 ἑαυτοὺς
983 1028 1366 1102 ἁμαρτήματα
1395 1034 1660 1100 πολλάκις
1701 1039 1922 1108 ἀφιέναι

327 1112 696 1184 διδασκόμεθα
723 1131 738 1145 ο
766 1116 869 1187 τὴν
897 1116 942 1171 δ’
971 1120 1052 1182 εἰς
1098 1119 1161 1173 τὸ
1205 1123 1364 1176 Θεῖον
1410 1123 1570 1195 ὓϐριν
1603 1127 1728 1181 οὔτε
1777 1147 1922 1201 παρ-

325 1204 457 1274 ορᾷν
487 1201 709 1274 ἐντολὴν
740 1203 958 1277 ἔχομεν,
993 1206 1120 1261 οὔτε
1159 1211 1415 1281 παρεῖδεν
1446 1215 1677 1280 ἐκεῖνος,
1735 1217 1796 1281 ὃς
1854 1235 1919 1288 γε

323 1295 455 1357 τοὺς
480 1294 828 1366 ἠσεϐηκότας
856 1300 953 1352 καὶ
1000 1303 1438 1372 νοσφισαμένους
1486 1307 1586 1376 μὲν
1618 1307 1687 1360 τὰ
1714 1308 1921 1378 ἀναθή-

317 1402 498 1457 ματα,
527 1388 911 1459 ψευσαμένους
974 1391 1031 1444 δὲ
1087 1392 1150 1446 τὸ
1207 1395 1433 1466 Πνεῦμα
1486 1399 1546 1451 τὸ
1587 1398 1764 1467 ἀγιον,
1821 1402 1920 1472 τὴν

327 1478 564 1548 ἐσχάτην
601 1479 759 1550 δίκην
785 1481 1057 1553 ἀπῄτησε.
1091 1485 1200 1538 Ναὶ
1221 1485 1414 1562 δηκαὶ
1436 1489 1464 1542 6
1491 1489 1582 1543 τοῦ
1611 1494 1918 1563 κορυφαίου

326 1571 426 1638 μέν
453 1572 768 1642 συνόμιλος,
799 1575 899 1629 οὐκ
933 1576 1183 1632 ἐλάττοσι
1223 1579 1279 1632 δὲ
1323 1581 1636 1652 πρεσϐείοις
1683 1586 1792 1639 τῶν
1829 1588 1924 1642 άλ-

271 1696 273 1698 ς
326 1663 432 1714 λων
468 1663 734 1735 μαθητῶν
758 1665 942 1737 φέρων
967 1668 1029 1720 τὸ
1053 1669 1374 1740 προνόμιον,
1400 1673 1614 1726 Παῦλον
1630 1674 1783 1745 ιλέγω
1812 1679 1919 1733 πά-

317 1753 406 1805 λιν
434 1753 526 1806 τὸν
557 1755 660 1824 τῆς
686 1757 1015 1828 οἰκουμένης
1042 1759 1366 1815 διδάσκαλον
1391 1780 1406 1794 ο
1435 1765 1573 1818 ἀλλὰ
1613 1766 1722 1838 γὰρ
1761 1765 1921 1833 οὗτος

323 1845 352 1897 ὁ
379 1844 518 1907 θεῖος
540 1845 686 1916 ἀνὴρ
715 1847 773 1899 ἐν
801 1848 878 1918 τῷ
906 1848 1088 1918 λέγειν
1109 1867 1122 1880 ·
1166 1869 1184 1902 ι
1222 1852 1511 1922 Εὐλογεῖτε
1537 1858 1664 1921 τοὺς
1693 1858 1914 1914 διώκον-

327 1955 419 2001 τας
446 1937 615 2006 ὑμᾶς·
652 1939 948 2008 εὐλογεῖτε,
992 1944 1089 1997 καὶ
1138 1945 1212 2016 μὴ
1248 1949 1584 2018 καταρᾶσθε,
1627 1969 1646 2002 ι
1688 1953 1782 2005 καὶ
1809 1954 1916 2008 πά·
1949 1941 1990 1996 Β

326 2028 422 2082 λινο
456 2047 475 2080 ι
510 2030 864 2101 Ἀλέξανδρος
896 2035 924 2086 6
957 2034 1193 2104 χαλκεὺς
1211 2036 1383 2091 πολλά
1411 2042 1562 2095 κακά
1593 2059 1683 2112 μοι
1719 2045 1922 2099 ἐνεδεί-

326 2120 470 2185 ξατο,
516 2139 536 2174 ι
613 2124 917 2194 ἀπολυθείη
956 2126 1024 2181 ἂν
1068 2127 1167 2198 τῆς
1211 2129 1477 2201 δοκούσης
1529 2135 1922 2202 ἐναντιώσεως.

325 2215 396 2268 Ἰὸ
430 2215 528 2286 μέν
559 2215 672 2288 γάρ
711 2217 868 2288 δίκην
887 2218 1071 2273 δοῦναι
1102 2222 1193 2275 τὸν
1224 2223 1527 2296 ἠδικηκότα
1573 2228 1916 2300 ἐπαρᾶσθαι,

324 2310 351 2360 ὁ
388 2309 854 2380 προπηλακισμὸς
881 2314 1028 2364 ποιεῖ
1057 2314 1151 2366 καὶ
1182 2315 1210 2366 6
1235 2315 1471 2386 πόλεμος
1500 2316 1594 2372 τοῦ
1627 2320 1924 2392 κηρύγμα-

319 2417 432 2464 τος,
465 2395 538 2454 ὧν
563 2402 814 2466 ἐπαίτιος
861 2404 959 2457 καὶ
1005 2403 1390 2479 Ἀλέξανδρος·
1429 2410 1491 2462 τὸ
1539 2411 1596 2464 δέ
1647 2412 1925 2482 εὐλογίαις

323 2492 651 2563 ἀμείϐεσθαι
674 2495 801 2558 τοὺς
845 2496 1132 2568 ὑϐριστὰς,
1163 2499 1251 2569 ἐφ’
1284 2495 1367 2565 οἷς
1412 2503 1493 2566 είς
1533 2505 1684 2576 ἡμᾶς
1718 2506 1923 2570 αὐτοὺς

322 2585 410 2638 τὸν
441 2585 686 2658 διωγμὸν
714 2589 1082 2660 παλαμῶνται
1103 2631 1117 2656 ,
1148 2591 1522 2649 διατέτακται.

389 2792 462 2839 κ’.
497 2786 616 2839 υύκ
640 2787 900 2855 ἀγνοῶδέ
937 2788 1012 2854 ὡς
1057 2791 1159 2844 οὐκ
1201 2791 1344 2862 ἀρᾶς
1378 2793 1598 2866 ἐπέχειν
1625 2795 1784 2865 λόγον
1841 2797 1921 2870 τῷ

323 2875 594 2948 θεσπεσίῳ
637 2877 836 2950 Παύλῳ
859 2879 959 2944 τὰς
991 2881 1122 2952 περὶ
1149 2882 1244 2936 τοῦ
1273 2883 1524 2954 χαλκέως
1573 2887 1756 2956 φωνὰς
1785 2887 1922 2944 ἔνιοί

311 2978 507 3028 φασιν,
541 2962 683 3018 ἀλλὰ
709 2967 1022 3038 πρόρρησιν
1056 2970 1262 3039 μᾶλλον
1287 2967 1428 3026 εἶναι
1465 2975 1574 3028 τῶν
1612 2975 1919 3046 μελλόντων

322 3054 482 3108 αὐτὸν
502 3056 593 3110 ἐπ’
621 3057 840 3129 ἐσχάτῳ
862 3060 1051 3114 δεινῶν
1069 3064 1516 3135 καταλαμϐάνειν
1549 3066 1921 3125 δυσσεϐοῦντά

325 3163 382 3200 τε
409 3149 500 3202 καὶ
527 3149 621 3204 τὸν
646 3152 793 3205 κατὰ
819 3153 919 3224 τῆς
948 3155 1236 3217 εὐσεϐείας
1262 3157 1494 3212 πνέοντα
1531 3159 1658 3213 πόλε
1669 3177 1797 3230 μον*
1825 3163 1920 3218 καὶ

326 3237 493 3293 ταῦτα
519 3247 1037 3314 προανακηρύττειν
1087 3247 1182 3301 καὶ
1237 3249 1581 3321 ὑπογράφειν
1611 3252 1700 3306 διὰ
1732 3255 1915 3326 ῥημά-

327 3348 432 3386 των
464 3333 556 3386 τὸν
588 3335 813 3408 κήρυκα
841 3353 856 3368 ο
891 3336 1010 3409 ἅμα
1037 3339 1137 3411 μέν
1167 3341 1266 3411 τῆς
1295 3343 1565 3415 τοσαύτης
1587 3344 1794 3417 λύσσης
1823 3348 1915 3401 τὸν

322 3423 640 3495 ἀποστάτην
667 3427 976 3496 ἀπάγοντα,
1010 3428 1130 3498 ἅμα
1174 3430 1232 3483 δὲ
1266 3433 1501 3498 καὶτοῖς
1559 3434 1916 3491 συναθλοῦσιν

321 3518 616 3587 εἰσάγοντα
649 3520 1022 3593 παραμύθιον,
1059 3523 1120 3576 τὸ
1156 3524 1340 3579 δοῦναι
1369 3525 1528 3596 δίκην
1568 3529 1788 3593 πάντως
1822 3529 1916 3590 τὸν

325 3614 696 3684 ἐπηρεαστὴν,
728 3615 864 3686 μηδὲ
909 3615 1095 3670 λαθεῖν
1125 3617 1212 3688 ἐφ’
1241 3610 1324 3682 οἷς
1349 3618 1542 3690 ἔδρασε
1563 3621 1623 3674 τὸ
1657 3623 1756 3692 τῆς
1784 3623 1918 3694 Προ-

328 3704 472 3768 νοίας
504 3705 779 3778 ἀλάθητον
808 3723 821 3738 °
856 3707 923 3762 δι’
953 3703 1034 3764 ῶν
1059 3710 1154 3765 καὶ
1192 3709 1303 3764 τῶν
1343 3711 1554 3766 πολλῶν
1588 3714 1717 3778 τοὺς
1747 3714 1913 3770 ὀκλά-

326 3797 514 3861 ζοντας
547 3799 946 3870 ἀνακτώμενόν
973 3818 1031 3855 τε
1078 3801 1173 3856 καὶ
1219 3802 1360 3872 πρὸς
1394 3803 1456 3856 τὺ
1514 3802 1742 3877 θαρρεῖν
1798 3806 1916 3861 ἐστι

333 3891 555 3963 συνορᾷν
603 3891 973 3961 ἐπανάγοντα.
1011 3891 1154 3962 Ἐγὼ
1176 3893 1234 3946 δὲ
1269 3895 1320 3947 εί
1350 3894 1449 3964 μὲν
1485 3894 1737 3966 μηδαμοῦ
1771 3897 1914 3950 κατὰ

331 3981 434 4034 τῶν
501 3983 967 4038 ἐπιϐουλευόντων
1028 3983 1106 4055 τῷ
1169 3984 1403 4056 δόγματι
1475 3985 1751 4058 μηδεμίαν
1835 3984 1916 4040 εἷ-

329 4073 414 4128 δον
458 4077 569 4136 τοῖς
625 4077 805 4146 ἁγίοις
847 4076 1289 4149 ἢάγανάκτησιν
1327 4079 1360 4150 ἢ
1413 4080 1758 4150 ἐπιτίμησιν,
1806 4081 1916 4135 οὐδ’

333 4163 486 4228 αὐτὸς
505 4165 571 4219 ἀν
590 4166 954 4246 ἀποστροφῂν
979 4167 1147 4238 ἀλλην
1175 4167 1480 4240 ἐποιούμην
1501 4168 1602 4239 τῆς
1623 4171 1916 4242 νομιζομέ-

330 4274 425 4326 νης
459 4260 575 4312 νυνὶ¹
611 4258 819 4331 μάχης,
852 4258 887 4330 ἢ
913 4260 1015 4330 τὴν
1044 4259 1358 4332 πρόρρησιν
1385 4275 1400 4290 °
1438 4260 1556 4316 ἀλλ’
1585 4261 1614 4315 ὃ
1638 4279 1704 4331 γε
1740 4257 1919 4334 μάγος

347 4351 571 4423 Ἐλύμας
600 4353 826 4424 πλήρης
875 4353 975 4424 μὲν
1021 4352 1225 4418 παντὸς
1263 4353 1442 4420 δόλου,
1473 4354 1691 4428 πλήρης
1727 4355 1785 4410 δέ
1816 4359 1918 4428 ρᾳ-

334 4443 625 4515 διουργίας,
659 4446 772 4510 υίὸς
794 4446 853 4500 δὲ
896 4445 1325 4517 καταϐοώμενος
1367 4447 1618 4502 διαϐόλου
1639 4491 1653 4515 ,
1685 4449 1781 4503 καὶ
1809 4449 1919 4504 πά-

337 4555 430 4611 σης
457 4540 805 4612 δικαιοσύνης
830 4541 1059 4614 ἐχθρός·
1093 4542 1191 4598 καὶ
1235 4543 1303 4613 δὴ
1337 4544 1433 4598 καὶ
1475 4543 1648 4607 αὐτὰς
1702 4544 1919 4617 πικρῶς

2024 671 2290 728 Ananiam
2315 683 2480 746 atque
2509 675 2856 749 Sapphiram,
2881 682 2973 750 qui
3020 684 3398 752 apostolorum
3460 687 3617 757 prin-

2023 765 2133 836 cipi
2189 782 2385 837 poenas
2435 768 2817 838 dependerunt
2855 773 2939 839 ³⁸,
2983 773 3225 847 itemque
3291 779 3615 834 mandatum

2024 859 2156 913 illud
2187 875 2300 931 quo
2323 862 2692 931 peccantibus
2749 864 3146 936 indulgentiam
3178 873 3492 940 scptuagies
3514 893 3612 932 se-

2023 953 2164 1024 pties
2194 954 2460 1024 impertiri
2497 956 2756 1026 jubemur
2788 959 2855 1014 ²⁶.
2885 960 3028 1015 Sane
3064 963 3168 1018 hoc
3201 977 3477 1038 praecepto
3495 981 3611 1027 tum

2023 1047 2143 1117 ipse
2198 1045 2397 1104 Petrus
2459 1055 2575 1103 tum
2625 1065 2731 1108 nos
2781 1051 2852 1107 de
2897 1053 3280 1112 eondonandis
3332 1062 3614 1119 multoties

2019 1140 2289 1196 adversus
2319 1156 2421 1198 nos
2449 1144 2689 1212 peccatis
2706 1144 3071 1201 admonemur
3105 1166 3118 1202 :
3151 1155 3451 1222 caeteroqui
3481 1170 3616 1210 con-

2023 1232 2304 1288 tumeliam
2355 1233 2620 1290 adversus
2661 1234 2830 1290 Drum
2881 1253 3061 1308 neque
3106 1255 3208 1296 nos
3263 1242 3616 1304 dissimulare

2016 1322 2298 1392 jnbemur,
2333 1338 2513 1394 neque
2567 1323 2684 1394 ipse
2725 1325 2962 1396 neglexit
3021 1325 3186 1392 Dens,
3213 1344 3246 1384 a
3272 1345 3384 1400 quo
3411 1333 3488 1387 rei
3517 1335 3616 1404 qui

2020 1414 2267 1485 seposito
2288 1430 2449 1472 sacro
2479 1417 2674 1486 pretio,
2726 1415 2955 1488 Spiritui
2997 1430 3192 1475 sancto
3243 1423 3457 1479 mentiti
3495 1425 3614 1480 fne-

2021 1517 2166 1574 rant,
2222 1524 2441 1565 summo
2486 1511 2755 1582 supplicio
2805 1511 2984 1568 aﬁ‘ecti
3051 1513 3297 1571 fuerunt.
3355 1518 3614 1576 Profecto

2019 1602 2186 1658 etiam
2217 1603 2487 1674 principis
2546 1605 2754 1668 socius.
2789 1615 2956 1676 atque
2981 1607 3124 1662 hami
3160 1609 3471 1668 minoribus
3500 1629 3615 1669 me-

2022 1694 2144 1750 ritis
2189 1695 2330 1752 inter
2394 1695 2536 1750 alios
2588 1696 2890 1768 discipulos
2949 1703 3314 1772 praerogativa
3391 1703 3610 1775 fulgens

2019 1789 2271 1861 (Paulum
2306 1805 2500 1846 rursus
2535 1790 2661 1846 dico
2708 1793 2897 1846 mundi
2954 1795 3346 1864 magistrum);
3384 1795 3492 1861 hic,
3535 1801 3616 1852 ln-

2017 1898 2210 1952 quatn,
2242 1883 2462 1938 divinus
2495 1883 2576 1938 vir
2592 1884 2694 1955 qui
2721 1885 2935 1941 dixerat
2967 1903 2982 1940 :
3023 1905 3042 1938 ι
3082 1885 3397 1944 Benedicite
3415 1905 3616 1960 perse-

2019 1974 2313 2046 quentibus
2339 1990 2458 2040 vos,
2473 1975 2781 2032 benedicite
2798 1986 2854 2032 et
2871 1993 2938 2034 ne
2963 1979 3303 2037 maledicatis
3322 1981 3368 2013 "
3389 1999 3439 2050 ;|
3464 1983 3609 2039 idem

2023 2083 2146 2123 cum
2178 2077 2367 2138 postea
2398 2068 2481 2125 sic
2510 2087 2526 2125 :
2567 2085 2588 2120 ι
2622 2069 2932 2126 Alexander
2980 2072 3212 2129 aerarius
3243 2074 3413 2130 multa
3477 2076 3612 2132 mihi

2025 2161 2165 2216 mala
2190 2161 2410 2217 intulit:
2431 2162 2699 2217 retribuat
2724 2163 2802 2218 illi
2824 2163 3091 2220 Dominus
3108 2167 3412 2222 secundum
3444 2184 3611 2239 Opera

2021 2255 2144 2324 ejus
2165 2255 2244 2322 ”;
2284 2273 2305 2308 ι
2339 2255 2531 2311 eodem
2579 2255 2782 2328 eﬁ'ugio
2823 2257 3152 2328 expedietur
3189 2260 3258 2314 ab
3313 2270 3612 2330 apparente

2020 2349 2474 2407 contradictione.
2540 2349 2788 2422 Namque
2832 2361 2892 2408 ut
2951 2353 3281 2424 imprecetur
3315 2355 3608 2412 vindictam

2021 2460 2149 2509 reo,
2211 2450 2565 2515 contemptus
2619 2452 2785 2514 atque
2836 2447 3172 2517 oppugnatio
3212 2447 3488 2521 Evangelii
3552 2451 3610 2517 in

2021 2552 2189 2592 causa
2219 2545 2324 2599 est,
2356 2551 2592 2606 quorum
2642 2553 2771 2594 reus
2823 2539 3170 2595 Alexander:
3200 2556 3391 2597 verum
3443 2540 3613 2596 bene—

2020 2628 2353 2683 dictionibus
2381 2629 2721 2684 remunerari
2746 2628 3067 2697 oﬁ‘ensores,
3092 2640 3362 2700 quatenus
3393 2640 3612 2686 nosmet

2021 2722 2406 2791 persecutione
2429 2729 2769 2791 oppugnant,
2790 2722 2852 2778 id
2886 2723 3107 2778 demum
3131 2734 3474 2795 praeceptum
3499 2735 3606 2781 est.

2079 2817 2183 2874 '20.
2218 2817 2339 2872 Non
2393 2818 2585 2889 ignoro
2617 2818 2872 2889 equidem
2931 2835 3130 2888 negare
3189 2822 3512 2883 nonnullos,
3541 2839 3607 2877 ea

2019 2927 2142 2981 quas
2175 2911 2336 2966 divus
2357 2910 2559 2966 Paulus
2593 2910 2661 2967 de
2691 2911 2886 2968 aerario
2907 2911 3062 2978 dicit,
3092 2911 3340 2967 dirarum
3373 2915 3482 2968 vim
3509 2915 3611 2968 ha-

2019 3003 2183 3069 bere;
2218 3003 2312 3058 sed
2339 3001 2662 3057 vaticinium
2693 3003 2869 3072 magis
2911 3019 3037 3060 esse
3066 3019 3354 3073 poenarum
3374 3020 3497 3073 quae
3528 3006 3610 3074 ip-

2019 3109 2142 3150 sum
2180 3093 2416 3163 denique
2443 3101 2780 3164 correptum
2805 3101 2983 3160 erant,
3013 3093 3241 3164 impium
3276 3094 3530 3149 videlicet
3553 3103 3609 3149 vt

2020 3186 2112 3256 qui
2151 3184 2401 3256 religioni
2435 3184 2636 3240 bellum
2666 3184 2943 3240 conﬁahat
2980 3203 2994 3238 :
3032 3193 3199 3254 atque
3240 3185 3342 3241 has
3395 3200 3606 3255 praeco-

1942 3287 1985 3343 C
2021 3293 2144 3333 nem
2176 3276 2406 3333 Paulum
2434 3276 2722 3346 designare
2743 3276 2930 3331 verbis
2955 3277 3061 3332 illis
3095 3287 3260 3346 atque
3276 3277 3604 3347 praedicere;

2019 3372 2148 3425 dum
2168 3385 2279 3425 una
2309 3368 2496 3425 studet
2525 3385 2554 3423 a
2589 3377 2739 3424 tanto
2769 3369 2958 3423 furore
2980 3378 3285 3438 apostatam
3320 3383 3603 3432 revocare,

2016 3476 2069 3520 et
2101 3465 2218 3520 suis
2249 3463 2452 3534 pariter
2494 3462 2661 3518 sociis
2717 3463 2966 3517 laborum
3003 3462 3248 3518 solamen
3281 3461 3603 3527 insinuare;

2019 3567 2306 3628 propterea
2338 3557 2484 3627 quod
2512 3556 2795 3612 maleﬁcus
2823 3555 3048 3610 omnino
3099 3555 3408 3625 puniendus
3439 3554 3602 3616 foret,

2019 3666 2197 3720 neque
2217 3651 2612 3704 omnituentem
2648 3646 3016 3703 Providentiae
3037 3647 3260 3703 oculum
3301 3645 3444 3701 facta
3480 3646 3604 3714 ejus

2020 3743 2270 3798 laterent.
2297 3742 2476 3812 Atque
2509 3741 2597 3798 his
2647 3740 3022 3796 locationibus
3057 3739 3355 3794 multorum
3392 3737 3603 3793 demis-

2017 3851 2111 3892 sos
2139 3836 2354 3892 animos
2383 3834 2520 3906 erigi
2542 3851 2570 3887 a
2598 3835 2770 3890 Paulo
2791 3843 2845 3889 et
2869 3835 2940 3888 ad
2964 3833 3217 3888 ﬁduciam
3249 3831 3494 3886 revocari
3522 3831 3606 3885 vi-

2018 3930 2236 3985 demus.
2282 3927 2549 3999 Equidem
2583 3929 2628 3984 si
2659 3942 2933 3998 nusquam
2969 3941 3253 3982 cernerem
3287 3933 3602 3980 sanctorum

2019 4021 2302 4074 hominum
2343 4029 2537 4073 contra
2584 4017 2859 4089 dogmatis
2909 4017 3095 4074 hostes
3146 4016 3487 4072 iracundiam
3523 4015 3606 4071 vel

2020 4112 2402 4176 invectionem,
2454 4111 2600 4166 haud
2643 4110 2789 4166 aliud
2819 4110 3078 4180 cﬂugium
3133 4109 3403 4165 simulatae
3437 4109 3605 4179 hujus

2019 4203 2393 4275 repugnantia:
2417 4218 2720 4273 quaererem
2743 4219 2908 4274 quam
2938 4201 3288 4260 vaticinium.
3313 4201 3425 4257 Sed
3453 4204 3602 4257 enim

2019 4312 2145 4352 cum
2177 4311 2370 4365 magus
2398 4293 2619 4364 Elymas
2648 4295 2843 4365 plenus
2875 4295 3027 4350 omni
3052 4294 3202 4360 dolo,
3233 4295 3434 4365 plenus
3496 4293 3599 4348 fal-

2020 4388 2157 4444 lacia
2185 4397 2238 4443 et
2267 4387 2468 4443 diaboli
2524 4387 2670 4442 (ilius
2701 4388 2939 4453 dicatur,
2974 4397 3138 4458 atque
3168 4389 3351 4443 omnis
3377 4386 3605 4457 justitia:

2022 4483 2193 4538 hostis
2221 4483 2265 4514 ’³
2295 4497 2312 4546 ;
2342 4495 2577 4552 cumque
2625 4481 2769 4536 idem
2825 4480 3001 4537 oculis
3053 4481 3249 4536 acerbe
3304 4479 3601 4545 multetur;

2019 4571 2185 4626 verba
2209 4570 2433 4640 insuper
2448 4569 2633 4640 paries
2661 4568 2946 4624 dealbatus
2963 4569 3010 4600 ³ο
3033 4569 3232 4640 (siveis
3251 4567 3604 4638 pontiﬁcatus

336 4634 687 4705 ἀφῃρημένος
724 4635 825 4698 τὰς
877 4634 1030 4704 ὄψεις
1060 4636 1153 4689 καὶ
1198 4638 1228 4690 6
1274 4637 1666 4707 κεκονιαμένος
1710 4640 1911 4710 τοῖχος,

2020 4663 2254 4734 insignia
2284 4634 2472 4718 coram
2514 4677 2656 4717 caeso
2686 4663 2934 4733 apostolo
2972 4662 3214 4730 gerebat,
3248 4661 3363 4715 sive
3393 4667 3603 4729 secus,)

335 4725 440 4777 εῐτε
484 4725 545 4780 τὸ
596 4725 699 4795 τῆς
747 4726 1163 4798 ἀρχιερωσύνης
1225 4725 1393 4798 ἔφερε
1441 4727 1767 4800 τυπτομένῳ
1832 4727 1913 4799 τῷ

327 4815 532 4890 ἀθλητῇ
563 4819 876 4892 γνώρισμα,
909 4821 1019 4874 εἴτε
1053 4821 1148 4875 καὶ
1181 4821 1258 4892 μή
1282 4838 1296 4852 ⁸
1331 4823 1427 4876 καὶ
1472 4821 1576 4876 ὅσα
1633 4822 1733 4892 μέν
1775 4822 1916 4878 ἄλλα

337 4910 438 4981 πρὸ
464 4911 695 4984 βραχέος
721 4914 958 4984 εἴρηται,
977 4915 1078 4968 ὅσα
1102 4914 1162 4968 δέ
1183 4915 1279 4969 καὶ
1307 4915 1417 4970 τῶν
1442 4915 1720 4988 ῥηθέντων
1749 4916 1914 4971 πλέον

339 5003 608 5074 πανταχοῦ
656 5005 754 5075 τῆς
803 5007 956 5073 ἱερᾶς
1006 5006 1243 5076 φέρεται
1302 5008 1551 5078 Γραφῆς.
1593 5005 1755 5062 Ἀλλά
1801 5008 1912 5081 γὰρ

338 5094 506 5150 ταῦτα
527 5097 592 5168 δὴ
609 5099 785 5152 ταῦτα
812 5098 1085 5170 λαμπρῶς
1116 5101 1178 5153 οὐ
1204 5102 1395 5174 κοινὴν
1415 5102 1526 5157 οὐδ’
1556 5102 1778 5173 ἀσφαλῆ
1807 5104 1910 5175 τὴν

335 5184 425 5241 διὰ
449 5188 545 5257 τῆς
577 5193 940 5264 προρρήσεως
969 5195 1294 5267 καταφυγήν
1328 5212 1420 5264 μοι
1445 5194 1778 5251 δεικνύουσι.

410 5287 510 5336 κα’.
543 5283 689 5354 Πλὴν
710 5285 844 5358 ἡμῖν
866 5286 963 5356 οὐχ
983 5288 1283 5360 ἑρμηνείας
1310 5287 1406 5342 νῦν
1431 5288 1711 5360 ἀκρίϐεια,
1737 5306 1916 5360 παρα-

335 5373 604 5447 δείγματα
628 5379 686 5433 δὲ
721 5380 884 5450 μόνον
913 5381 1273 5452 ζητημάτων,
1299 5374 1374 5436 ὧν
1407 5383 1440 5454 η
1467 5382 1622 5446 λύσις
1640 5383 1912 5454 γυμνάζε-

336 5480 448 5533 ται,
489 5473 939 5543 πραγματεύεται
961 5489 977 5503 '
1009 5475 1134 5528 ἐπεὶ
1161 5475 1255 5528 καὶ
1289 5475 1456 5546 ἄλλην
1495 5475 1620 5530 τινὰ
1659 5471 1777 5531 οἶδα
1814 5493 1911 5530 του

345 5564 692 5635 προκειμένου
729 5565 896 5640 ῥητοῦ
923 5567 1278 5640 διασάφησιν,
1315 5569 1438 5640 ἥτις
1481 5571 1577 5623 καὶ
1619 5569 1718 5642 τὴν
1771 5569 1913 5640 ἀρὰν

345 5653 437 5707 καὶ
462 5656 560 5729 τὴν
594 5659 899 5734 πρόρρησιν
925 5661 1318 5728 ἀποκλίνουσα,
1355 5662 1511 5718 οὐδὲν
1537 5661 1774 5735 χαλεπὸν
1798 5661 1909 5716 οὐδ’

518 5856 632 5938 éct.
669 5873 721 5926 ν,
755 5859 806 5915 1.
881 5859 927 5894 ³⁸
954 5858 1147 5916 Matth.
1183 5875 1338 5926 xvnt,
1370 5860 1460 5918 22.

343 5933 510 5990 unt,
529 5933 582 5979 ὅ.

1576 5858 1803 5915 "Rom.
1841 5876 1939 5928 xu,
1974 5858 2054 5914 Η.
2171 5854 2215 5887 ’⁸
2236 5852 2284 5908 Π
2316 5850 2459 5907 Tim.
2489 5867 2568 5919 tv,
2604 5849 2691 5906 Η.

2016 4766 2072 4812 et
2106 4764 2376 4827 quotquot
2408 4755 2574 4825 paulo
2594 4764 2723 4809 ante
2772 4755 2916 4809 dicta
2941 4765 3091 4819 sunt,
3116 4763 3172 4808 et
3205 4768 3326 4822 quae
3341 4751 3606 4822 pluradi-

2017 4851 2121 4906 etis
2156 4849 2210 4904 in
2261 4865 2419 4905 sacra
2455 4849 2666 4919 passim
2699 4846 2986 4917 Scriptura
3029 4845 3320 4911 femutur;
3348 4845 3483 4909 haec,
3517 4843 3605 4897 in-

2017 4956 2214 5012 quant,
2289 4939 2574 4995 evidenter
2635 4936 2932 4992 admodum
2989 4935 3124 4991 mihi
3184 4935 3602 4997 demonstrant.

2017 5047 2181 5102 qnam
2210 5045 2311 5087 nec
2348 5027 2574 5085 obvium
2601 5041 2781 5098 neque
2811 5035 2989 5082 tutum
3011 5024 3086 5080 ad
3109 5021 3448 5095 prophetiam
3481 5036 3605 5091 per-

2019 5125 2232 5196 fugium
2264 5123 2358 5179 sit.

2090 5279 2180 5332 21.
2217 5277 2322 5333 Sed
2371 5277 2520 5333 enim
2561 5275 2706 5331 haud
2754 5285 3009 5331 accurata
3075 5275 3472 5344 interpretatio,
3505 5273 3603 5329 sed

2019 5370 2268 5441 exempla
2301 5375 2463 5424 modo
2500 5369 2902 5439 quaestionum,
2953 5382 3079 5423 cum
3115 5367 3451 5422 solutionum
3482 5375 3604 5421 ten-

2020 5465 2244 5526 tamine,
2281 5462 2418 5517 mihi
2447 5477 2596 5518 nunc
2619 5462 2672 5516 in
2697 5461 2951 5516 manibus
2986 5470 3134 5515 sunt.
3179 5457 3315 5514 Nam
3353 5459 3602 5515 et-aliam

2021 5559 2147 5616 novi
2178 5559 2562 5631 praedictorum
2592 5557 2882 5612 verborum
2921 5556 3374 5620 declarationem,
3401 5572 3524 5627 qua:
3573 5572 3606 5612 a

2019 5653 2153 5711 diris
2203 5652 2369 5710 simul
2397 5650 2766 5721 vaticinioque
2816 5649 3121 5718 declinans,
3149 5650 3286 5705 nihil
3316 5665 3480 5723 grave
3512 5662 3608 5704 ant

2804 5853 2850 5884 ⁶⁹
2875 5848 2977 5906 Act
3003 5891 3015 5905 .
3053 5866 3174 5918 am,
3211 5849 3296 5906 10.
3401 5849 3446 5882 ³⁸
3476 5849 3599 5906 Λα.
