4134 6478
583 478 655 544 75
1148 554 1153 559 ,
1747 480 2009 542 PHOTll
2042 480 2553 544 PATiltAltClld-I
2592 488 2700 547 cr.
3784 489 3850 555 τε

567 596 1031 653 contumeliosum
1089 593 1404 649 Alt-xandro
1461 593 1711 667 imponit.
1760 594 1973 650 Etenim
2009 610 2038 649 α
2070 594 2157 649 Do

2280 596 2608 669 ὲφύδριστον
2629 596 2708 669 τῷ
2745 596 3085 671 Ἀλεξάνδρῳ
3101 598 3435 671 περιτίθησι.
3480 600 3587 655 Τόν
3615 602 3725 673 γὰρ
3751 601 3853 656 Κύ-

568 692 739 758 mino,
768 692 859 763 qui
896 700 980 746 est
1006 689 1188 745 omnis
1211 689 1516 745 clementia:
1550 689 1853 760 salutisque
1880 688 2027 756 fons,
2067 690 2170 744 ho-

565 787 771 842 minem
830 786 982 839 illum
1021 783 1181 839 aiunt
1206 782 1466 837 traditutn
1501 782 1787 849 maleticis,
1824 782 1968 837 haud
2007 785 2168 853 equi-

566 881 690 935 dem
745 877 1008 949 puuiendi
1063 890 1229 932 causa
1291 884 1601 930 creaturam
1657 890 1815 929 suam
1874 890 2051 945 neque
2113 874 2167 929 in

564 986 686 1027 eam
714 967 1213 1032 animadvertendi,
1232 983 1421 1022 verum
1443 967 1627 1038 potius
1659 977 1769 1022 uta
1803 968 1962 1023 malis
1987 968 2172 1038 operi-

566 1066 671 1120 bus
694 1070 981 1119 revocaret
1006 1068 1169 1131 atque
1197 1061 1264 1114 ad
1286 1058 1567 1114 meliorem
1591 1058 1803 1129 frugem
1830 1057 2163 1113 traduceret.

564 1160 685 1225 Qua
737 1159 791 1212 in
840 1172 900 1212 re
936 1155 1094 1227 quid,
1125 1168 1246 1220 oro,
1287 1152 1537 1207 dirarum
1583 1150 1706 1206 est?
1733 1150 1865 1221 quid
1922 1150 2169 1205 vaticinii

564 1266 789 1322 pinnam
848 1246 1181 1305 clamantis?
1212 1242 1320 1300 Sed
1367 1243 1514 1299 enim
1548 1242 1707 1299 sicuti
1749 1242 1843 1297 uni
1879 1244 2169 1312 praedicta-

564 1360 691 1400 rum
750 1340 1174 1403 sententiarum,
1237 1339 1311 1393 ita
1352 1336 1487 1391 mihi
1523 1335 1781 1391 videntur
1836 1336 2002 1389 etiam
2039 1334 2167 1389 huic

564 1436 849 1492 adversari
874 1449 1001 1505 qua:
1021 1440 1332 1503 sequuntur
1365 1430 1531 1485 verba
1560 1443 1575 1483 :
1607 1447 1627 1481 ι
1652 1427 1826 1494 Quem
1859 1440 1915 1483 tu
1946 1443 2167 1499 quoque

565 1544 723 1595 cave,
751 1528 913 1583 valde
959 1526 1108 1582 enim
1160 1522 1380 1580 obstitit
1433 1522 1810 1594 praedicationi
1874 1530 2102 1577 nostrae.
2138 1539 2157 1575 ι

565 1620 712 1686 Ηωο,
739 1619 989 1692 inquam,
1016 1616 1140 1673 aliis
1175 1614 1413 1670 fortasse
1439 1612 1729 1669 sententiis
1758 1612 2161 1679 adversantur;

562 1714 754 1770 favent
784 1728 918 1769 vero
949 1709 1343 1783 interpretibus
1372 1707 1443 1763 iis
1472 1706 1569 1778 qui
1598 1705 1781 1762 locum
1801 1708 1870 1762 ad
1899 1705 2052 1761 diras
2086 1721 2166 1763 re-

561 1806 951 1970 tt{zuzlitlieque
1009 1912 1143 1954 vero
1199 1895 1363 1953 nobis
1394 1894 1636 1953 obstabit
1686 1894 1881 1950 beatus
1925 1890 2161 1964 Stephao

2276 708 2413 761 ριον,
2457 691 2516 754 ὃς
2556 692 2673 745 ἐστι
2726 689 3141 763 φιλανθρωπίας
3207 694 3304 747 καὶ
3362 693 3641 765 σωτηρίας
3689 694 3852 766 πηγὴ.

2270 783 2463 838 τοῦτον
2492 784 2801 838 ἀποδιδόναι
2828 786 2962 856 φησι
2993 788 3109 849 τοῖς
3134 786 3471 856 κακούργοις
3496 788 3557 840 ού
3583 788 3853 859 τιμωρού-

2276 895 2439 947 μενον
2459 878 2520 931 τδ
2538 879 2739 932 οἰκεῖον
2760 878 3010 950 πλάσμα,
3034 879 3157 934 οὐδὲ
3179 879 3501 944 κολάζοντα,
3524 880 3857 952 μεθιστῶντα

2269 969 2328 1024 δὲ
2355 970 2466 1023 τῶν
2495 969 2719 1039 φαύλων
2745 971 2925 1040 ἔργων
2949 971 3045 1024 καὶ
3095 971 3232 1041 πρὸς
3260 970 3359 1041 τὴν
3403 970 3511 1025 τῶν
3561 973 3856 1042 ἀμεινόνων

2271 1060 2473 1133 πρᾶξιν
2497 1062 3033 1134 μεταρρυθμίζοντα.
3055 1063 3121 1116 Ὀ
3136 1061 3282 1127 τίνος
3308 1063 3373 1117 ἂν
3399 1064 3487 1133 εἴη
3512 1065 3650 1135 ἀρᾶς
3672 1083 3687 1132 ;
3720 1065 3857 1128 τίνος

2269 1154 2328 1208 δὲ
2366 1154 2561 1221 ποινὰς
2593 1156 2914 1227 ἀναϐοώσης
2940 1157 3339 1229 προρρήσεωςς
3380 1158 3521 1213 Ἀλλ’
3545 1153 3638 1211 οὖν
3674 1158 3857 1224 ὥσπερ

2268 1247 2366 1301 καὶ
2405 1247 2611 1320 θατέρᾳ
2632 1248 2744 1301 τῶν
2774 1248 3068 1313 ἐπιϐολῶν,
3098 1248 3245 1303 οὕτω
3276 1268 3367 1321 μοι
3388 1251 3539 1304 δοκεί
3565 1251 3659 1304 καὶ
3688 1250 3857 1322 ταύτῃ

2268 1342 2339 1396 τὰ
2372 1342 2573 1411 ἑφεξῆς
2589 1342 2959 1413 διαμάχεσθαι
2980 1359 2994 1373 ·
3025 1344 3119 1396 καὶ
3152 1342 3263 1413 γὰρ
3299 1343 3498 1409 ἐπάγει
3526 1359 3540 1373 ·
3577 1362 3596 1395 ι
3629 1344 3728 1395 Ὃν
3772 1343 3858 1395 καὶ

2271 1434 2337 1488 σὺ
2384 1435 2663 1503 φυλάσσου
2689 1452 2703 1466 ·
2737 1435 2859 1488 λίαν
2893 1435 3004 1507 γὰρ
3043 1433 3349 1506 ἀνθέστηκε
3394 1436 3511 1499 τοῖς
3566 1436 3855 1506 ἡμετέροις

2268 1526 2470 1594 λόγοις.
2495 1546 2515 1579 ι
2551 1527 2694 1581 Ἀλλ’
2725 1526 2979 1596 ἐμποδὼν
3009 1527 3109 1597 μὲν
3138 1529 3251 1590 τοῖς
3271 1525 3453 1589 ἄλλοις
3486 1525 3617 1589 ἴσως
3648 1526 3859 1579 ἵσταται

2266 1619 2444 1674 ταῦτα
2469 1636 2484 1651 ’
2521 1621 2807 1690 συμφωνεῖ
2836 1619 2893 1674 δὲ
2920 1617 3128 1691 μᾶλλον
3165 1621 3279 1684 τοίς
3310 1621 3390 1683 είς
3417 1617 3563 1691 ἀρὰν
3583 1618 3643 1672 τὺ
3663 1622 3857 1690 χωρίον

2268 1714 2632 1787 ἀναφέρουσι.

2341 1897 2445 1970 κβ’.
2485 1899 2601 1954 Ούκ
2625 1897 3012 1953 ἐναντιώσεται
3044 1898 3103 1953 δὲ
3135 1898 3269 1969 ἡμῖν
3292 1897 3450 1951 οὐδὲν
3489 1894 3616 1951 οὗτε
3649 1894 3858 1965 Στέφα-

560 2009 667 2049 nus
694 1992 771 2061 “,
809 2002 1114 2065 martyrum
1140 1992 1405 2062 ~primus,
1460 1990 1555 2061 qui
1597 1987 1975 2045 interfectores
2029 2000 2157 2051 suos

2265 2011 2355 2058 νος
2388 1992 2499 2047 τῶν
2532 1991 2831 2065 μαρτύρων
2859 1990 3101 2063 πρῶτος,
3126 1990 3255 2053 τοὺς
3278 1986 3544 2059 φονευτὶις
3562 1985 3854 2056 εὐλογίαις,

562 2086 722 2143 bonis
752 2084 935 2141 verbis
966 2100 1076 2140 non
1107 2084 1244 2140 diris
1274 2091 1659 2139 remuneratus
1684 2088 1804 2147 est;
1835 2093 2012 2148 neque
2037 2086 2166 2133 ante

560 2182 712 2237 hunc
735 2180 1051 2237 communis
1074 2177 1362 2241 Dominus,
1381 2178 1474 2248 qui
1498 2192 1599 2248 pro
1622 2172 2043 2231 cruciliroribus
2060 2171 2165 2225 Pa-

562 2283 706 2330 trem
737 2272 986 2329 exoravit
1013 2272 1080 2327 ³³.
1106 2270 1433 2341 Quanquam
1459 2284 1655 2341 reapse
1701 2265 2010 2323 Servatoris
2040 2279 2164 2320 ora-

560 2368 638 2423 tio
672 2366 837 2422 habet
869 2364 1078 2435 aliquid
1120 2364 1289 2419 altius
1336 2372 1503 2434 atque
1546 2361 1862 2434 augustius,
1897 2374 2067 2430 quam
2102 2370 2164 2414 ut

560 2466 709 2514 nunc
744 2456 993 2528 indagari
1027 2472 1129 2526 pro
1157 2455 1426 2526 dignitate
1456 2461 1641 2525 queat.
1675 2451 2053 2522 'l‘riumphalis
2077 2458 2163 2505 ta-

565 2563 696 2603 men
751 2556 958 2618 martyr
1009 2544 1202 2617 quidni
1257 2544 1413 2599 uobis
1439 2552 1707 2614 patronus
1739 2557 1921 2598 causa:
1968 2540 2163 2596 adsit?

559 2640 657 2711 qui
697 2636 917 2694 Judzeos
960 2652 1187 2693 cernens
1234 2636 1316 2691 ira
1368 2633 1740 2691 inflammatos
1794 2634 2161 2705 vecordiaque

559 2736 770 2801 ebrios,
806 2748 978 2805 seque
1008 2735 1153 2788 caede
1184 2732 1406 2803 penitus
1435 2730 1752 2801 impiantes,
1777 2730 1893 2799 ipse
1939 2730 2052 2799 jam
2102 2729 2156 2783 in

558 2827 876 2900 martyricae
929 2825 1080 2882 necis
1115 2824 1308 2881 limine
1340 2838 1596 2889 versans,
1630 2834 1685 2879 et
1710 2822 1825 2895 jam
1885 2822 2159 2894 supplicio

558 2914 1005 2971 adhortationem
1054 2914 1360 2985 quamlibet
1387 2913 1491 2970 sibi
1525 2914 1809 2984 eripiente,
1864 2929 2041 2984 neque
2076 2912 2158 2967 lo-

556 3024 686 3064 cum
722 3009 1096 3080 objurgationi
1125 3009 1413 3080 largiente,
1472 3018 1587 3064 tum
1627 3009 1757 3079 quia
1795 3006 1999 3063 summi
2038 3006 2158 3063 dis-

556 3102 810 3160 criminis
867 3102 1221 3174 impendebat
1259 3103 1415 3171 ltora,
1451 3111 1564 3158 tum
1587 3102 1717 3173 quia
1758 3100 1946 3157 nullus
1968 3116 2156 3170 spera-

554 3193 721 3247 batur
769 3192 989 3248 fructus
1036 3190 1358 3263 increpandi
1394 3191 1481 3247 vel
1527 3189 1856 3248 adhortandi
1903 3190 2156 3245 homines

2265 2084 2384 2140 ἀλλ’
2414 2085 2516 2139 οὐκ
2554 2084 2719 2156 ἀραῖς
2767 2082 3139 2155 ἀμυνόμενος,
3169 2079 3295 2135 οὔτε
3338 2079 3446 2150 πρὸ
3483 2078 3653 2134 αύτού
3683 2080 3712 2131 ό
3744 2094 3855 2130 κοι-

2264 2178 2355 2244 νδς
2387 2180 2674 2248 Δεσπότης
2720 2176 2863 2247 ὑπὲρ
2914 2175 3025 2229 τῶν
3067 2174 3454 2245 σταυρούντων
3501 2172 3596 2225 τὸν
3637 2169 3855 2241 Πατέρα

2264 2270 2665 2337 ὲξιλεούμενος.
2712 2268 2856 2322 Ἀλλ’
2885 2268 2917 2321 ό
2944 2267 3045 2337 μὲν
3066 2266 3163 2320 τοῦ
3200 2266 3451 2337 Σωτῆρος
3472 2264 3634 2332 λόγος
3662 2262 3775 2334 ἔχει
3802 2278 3853 2315 τι

2264 2362 2362 2419 καὶ
2395 2363 2496 2434 τῆς
2525 2360 2811 2434 παρούσης
2851 2358 3079 2433 ἐρεύνης
3111 2358 3409 2430 βαθύτερόν
3451 2374 3513 2411 τε
3540 2358 3636 2412 καὶ
3666 2372 3856 2428 μυστι-

2264 2455 2540 2527 κώτεροψ
2565 2456 2594 2508 ό
2624 2454 2681 2507 δὲ
2712 2452 3027 2516 καλλίνικος
3070 2451 3283 2523 μάρτυς
3331 2449 3452 2513 πῶς
3488 2451 3623 2520 ἡμῖν
3670 2450 3733 2502 ού
3787 2447 3854 2501 δι’

2262 2550 2475 2620 ἀγῶνος
2540 2546 2826 2602 ἐλεύσεται
2848 2563 2863 2614 ;
2885 2547 2990 2609 ὃτι,
3014 2545 3144 2608 τοὺς
3180 2543 3473 2607 Ἰουδαίους
3497 2542 3717 2613 βλέπων
3744 2542 3853 2603 τοῖς

2261 2644 2384 2700 κατ’
2419 2642 2583 2699 αὑτοῦ
2624 2641 2817 2713 θυμοῖς
2864 2638 3346 2709 ἀναφλεγομένους
3394 2637 3493 2690 καί⁵
3520 2638 3589 2707 τῇ
3620 2634 3851 2705 ἀπονοία

2264 2737 2585 2813 μεθύοντας,
2618 2736 2713 2790 καὶ
2737 2737 2878 2805 σφᾶς
2912 2734 3112 2798 αὐτοὺς
3150 2733 3306 2797 ὅλους
3347 2730 3426 2803 τῷ
3482 2730 3630 2802 φόνῳ
3659 2727 3849 2800 βαπτί·

2264 2848 2488 2897 σαντας,
2518 2830 2683 2894 αὐτὸς
2715 2828 2818 2901 ήδη
2853 2827 3041 2881 λοιπὸν
3087 2828 3181 2882 ἐπὶ
3226 2826 3427 2889 πύλαις
3464 2821 3719 2896 ἑστηκὼς
3758 2818 3850 2874 τοῦ

2263 2922 2609 2998 μαρτυρικοῦ
2639 2923 2896 2984 θανάτου,
2925 2919 3117 2991 καιρὸν
3146 2918 3202 2971 δὲ
3251 2917 3639 2989 παραινέσεως
3673 2915 3849 2969 πάντα

2258 3016 2358 3085 τῆς
2396 3010 2715 3085 μιαιφονίας
2742 3008 3222 3079 ἀποτειχιζούσης,
3263 3007 3529 3078 ούδεμίαν
3571 3022 3635 3059 τε
3682 3004 3851 3057 ἐπιτί-

2262 3123 2434 3179 μησιν
2464 3104 2800 3173 ἐνδιδούσης,
2846 3102 3006 3157 τοῦτο
3046 3102 3146 3173 μὲν
3200 3101 3285 3155 ὅτι
3324 3100 3420 3154 ἐπὶ
3459 3098 3623 3170 ξυροῦ
3669 3098 3851 3151 ἵστατο

2258 3200 2468 3271 ἀκμῆς,
2485 3196 2719 3251 τοῦτοδὲ
2748 3196 2831 3250 ὅτι
2859 3193 3105 3265 μηδεμία
3123 3193 3311 3263 ὄνησις
3336 3194 3452 3256 τοῖς
3478 3192 3623 3246 οὕτω
3646 3207 3850 3261 κεκρα-

554 3286 632 3341 ita
655 3287 927 3357 percitos;
958 3285 1105 3356 quod
1140 3286 1413 3355 reliquum
1443 3291 1586 3348 erat,
1608 3292 1921 3340 extremum
1950 3282 2155 3339 athleta

2260 3293 2520 3366 τημένοις
2551 3288 2872 3361 ἐπιτίμησις
2905 3288 2938 3359 ἢ
2975 3285 3324 3358 παραίνεσις,
3352 3283 3381 3337 δ
3413 3283 3602 3338 λοιπὸν
3630 3278 3722 3353 ἦν,
3755 3280 3849 3351 τὴν

551 3396 684 3453 erga
705 3396 836 3438 suos
869 3379 1160 3437 carnifices
1187 3379 1463 3450 expromit
1500 3377 1763 3444 ofﬁcium,
1795 3386 1964 3449 atque
1998 3386 2058 3431 ut
2084 3390 2153 3432 ne

553 3474 665 3530 illis
714 3482 1001 3544 peccatum
1035 3476 1292 3542 imputet,
1329 3486 1683 3527 communem
1724 3469 2021 3527 Dominum
2052 3468 2151 3526 de—

554 3572 837 3636 precatur.
893 3562 1030 3630 Quis
1082 3573 1266 3618 autem
1298 3563 1426 3618 hic?
1466 3578 1664 3633 nempe
1694 3562 1741 3619 is
1785 3560 1880 3633 qui
1930 3562 2149 3634 longam

556 3674 737 3729 nuper
796 3656 942 3728 apud
971 3655 1193 3711 Iudaeos
1226 3655 1551 3711 recitaverat
1577 3654 2016 3711 admonitionem
2067 3663 2152 3711 at-

556 3764 667 3819 que
690 3748 997 3805 doctrinam
1034 3765 1047 3801 :
1081 3746 1224 3802 idem
1278 3761 1405 3801 cum
1445 3759 1542 3801 eos
1594 3744 1825 3800 vidisset
1886 3744 2152 3802 adversus

556 3840 904 3896 hortamenta
936 3853 1036 3896 sua
1077 3845 1454 3902 contumaces,
1486 3844 1649 3908 atque
1696 3836 1765 3891 ad
1799 3835 1981 3893 scelus
2036 3836 2151 3892 ala-

558 3933 789 3999 criores,
809 3931 957 4001 juste
982 3929 1278 3985 admodum
1317 3927 1853 3999 reprehensionibus
1875 3937 2041 3999 atque
2066 3929 2153 3984 in-

554 4022 906 4078 vectiouibus
930 4036 1194 4085 onerans,
1225 4019 1644 4076 incircumcisos
1670 4021 1837 4077 corde
1883 4021 2153 4094 durisque

550 4114 895 4179 cervicibus,
938 4114 1244 4170 homicidas
1279 4129 1345 4169 ac
1373 4112 1706 4185 proditores,
1735 4113 1953 4169 vocavit
1983 4124 2151 4186 atque

556 4208 830 4279 coarguit,
870 4217 925 4263 et
973 4209 1152 4278 patrio
1200 4207 1433 4263 crimine
1464 4206 1726 4270 imbutos,
1758 4206 2148 4278 prophetarum

557 4300 772 4356 scilicet
797 4299 1140 4357 occisorihus
1164 4301 1397 4372 genitos.
1433 4301 1618 4367 Quare
1646 4317 1758 4357 non
1787 4303 1966 4358 solum
1990 4305 2151 4362 nobis

555 4397 642 4452 vir
666 4397 756 4452 hic
788 4396 961 4469 gratia
987 4404 1044 4450 et
1066 4396 1334 4468 sapientia
1365 4407 1670 4469 sanctoque
1702 4398 1913 4469 Spiritu
1939 4415 2009 4456 ac
2038 4402 2151 4457 vir-

555 4497 673 4545 tute
694 4488 889 4559 plenus
935 4501 1046 4543 non
1101 4487 1448 4552 adversatur,
1484 4504 1671 4545 verum
1722 4491 1963 4548 maxime
2005 4491 2152 4551 favet

554 4598 621 4638 ac
651 4580 1051 4652 patrocinatur.
1094 4580 1251 4647 Quod
1283 4582 1330 4637 si
1364 4582 1686 4640 verissimus
1721 4585 1937 4641 Domini
1986 4587 2152 4644 disci-

551 4675 742 4747 pulus,
777 4684 1193 4746 martyrumque
1219 4676 1464 4746 primus,
1520 4677 1850 4734 sententiam
1899 4688 2147 4737 nostram
2180 4676 2230 4739 D

555 4771 718 4826 factis
737 4770 874 4840 ipsis
901 4777 1131 4825 secutus
1152 4778 1260 4835 est,
1288 4772 1429 4826 satis
1449 4769 1581 4826 hinc
1614 4784 1845 4843 apparet
1868 4774 1923 4828 in
1954 4777 2148 4832 eodem

552 4866 807 4922 instituto
835 4863 1009 4921 fuisse
1053 4863 1405 4935 magistrum.
1463 4861 1543 4918 Ne
1577 4864 1690 4935 jam
1719 4881 2146 4925 commemorem

547 4957 751 5012 verba:
781 4954 925 5011 «Vos
946 4971 1014 5011 ex
1048 4965 1200 5024 patre
1225 4955 1427 5010 diaboli
1445 4955 1581 5011 estis
1601 4956 1680 5021 ³⁸;
1702 4974 1721 5007 ι
1738 4964 1794 5012 et
1814 4974 1832 5008 ι
1854 4956 2148 5015 Generatio

550 5064 722 5120 prava
748 5063 814 5105 ac
841 5049 1089 5105 adultera
1106 5049 1182 5117 ἐς
1212 5066 1231 5100 ι
1264 5058 1319 5104 et
1348 5058 1607 5103 sexcenta
1642 5049 1751 5104 alia
1783 5068 1797 5104 :
1832 5066 2068 5121 quorum
2090 5063 2147 5108 et

552 5157 708 5196 reum
758 5156 884 5198 esse
928 5141 1216 5212 judaicum
1276 5141 1534 5213 populum
1563 5141 1875 5213 ;simulque
1925 5159 2144 5201 coronae

552 5242 834 5289 auctorem
878 5233 1172 5290 Dominum
1201 5233 1255 5289 in
1288 5238 1479 5289 eodem
1516 5250 1704 5291 secum
1749 5251 1915 5307 opere
1941 5237 2147 5293 doctri-

558 5342 737 5399 naque
762 5338 1099 5394 versantem,
1146 5344 1243 5384 seu
1269 5328 1675 5399 praedicationis
1706 5329 2024 5386 sinceritate
2050 5345 2147 5385 seu

555 5421 825 5477 fundendi
872 5423 1164 5496 sanguinis
1192 5422 1505 5491 alacritate,
1536 5422 1820 5478 evidenter
1858 5440 1921 5480 ac
1970 5425 2151 5496 splen-

553 5513 680 5570 dide
706 5526 1006 5572 coronatus
1045 5524 1234 5571 noster
1274 5515 1515 5571 ostendit
1541 5532 1554 5569 :
1578 5514 1796 5571 etiamsi
1825 5513 2024 5571 deinde
2053 5517 2149 5571 bo-

552 5605 641 5662 nis
697 5606 951 5676 precibus
1005 5614 1173 5678 atque
1228 5606 1409 5673 venia,
1463 5613 1589 5678 post
1619 5615 1876 5662 caeteram
1914 5622 2139 5664 onmem

2259 3386 2501 3457 ἐσχάτην
2523 3386 2551 3439 ό
2585 3382 2827 3454 ἀθλητὴς
2852 3382 2943 3435 ἐπὶ
2968 3379 3098 3443 τοὺς
3122 3376 3390 3447 φονευτὰς
3422 3376 3666 3448 ἁρπάζει
3694 3374 3848 3445 θερα-

2258 3479 2421 3534 πείαν
2445 3494 2458 3507 ·
2493 3476 2588 3531 καὶ
2630 3475 2707 3547 μὴ
2749 3474 2945 3544 στῆσαι
2978 3473 3159 3534 αὐτοῖς
3185 3469 3285 3542 τὴν
3318 3468 3596 3541 ἁμαρτίαν
3625 3467 3719 3521 τὸν
3742 3483 3850 3520 κοι-

2258 3576 2349 3631 νὸν
2377 3572 2657 3641 Δεσπότην
2677 3571 2902 3638 ἐξαιτεῖ.
2933 3569 3030 3633 Τίς
3053 3560 3239 3633 0610;;
3282 3566 3341 3620 '0
3373 3564 3593 3637 μακρὰν
3623 3564 3726 3634 μὲν
3754 3562 3851 3616 αὖ.

2256 3675 2372 3739 τοῖς
2414 3672 2681 3744 πρότερον
2719 3667 3043 3737 νουθέτησιν
3093 3663 3191 3718 καί⁸
3235 3662 3592 3717 διδασκαλίαν
3632 3658 3852 3715 ἀποτεί-

2256 3784 2357 3831 νας
2382 3781 2397 3796 ·
2428 3765 2505 3827 ὡς
2538 3762 2582 3817 δ’
2614 3759 3042 3830 ἀπειθεστέρους
3070 3773 3127 3810 τε
3153 3758 3267 3820 τοῖς
3289 3752 3619 3827 παραινοῦσι
3648 3751 3848 3821 λόγοις,

2258 3858 2357 3913 καὶ⁸
2388 3854 2591 3927 μᾶλλον
2623 3853 2774 3924 ἑώρα
2804 3850 2944 3923 πρὸς
2985 3848 3312 3902 δυσσέϐειαν
3351 3844 3847 3918 παροξυνομένους,

2256 3950 2379 4004 τότε
2411 3946 2495 4019 δὴ,
2525 3945 2648 3999 τότε
2680 3943 2777 3998 καὶ
2820 3941 2967 4013 μάλα
3003 3940 3246 4007 δικαίως,
3265 3940 3361 3993 καὶ
3412 3940 3526 4001 τοῖς
3568 3934 3849 4007 ἒλέγχουσί

2256 4059 2318 4095 τε
2347 4040 2443 4095 καὶ
2492 4035 2871 4107 στηλιτεύουσι
2910 4032 3135 4098 τούτους
3175 4030 3491 4095 ὑποϐαλὼν,
3534 4029 3847 4099 ἀπεριτμή-

2255 4150 2386 4197 τους
2412 4134 2479 4203 τῇ
2512 4128 2714 4201 καρδίᾳ
2739 4129 2834 4181 καὶ
2869 4124 3390 4198 σκληροτραχήλους
3417 4123 3554 4196 (l7),
3590 4124 3773 4192 φονεῖς
3789 4136 3847 4173 τε

2257 4225 2356 4279 καὶ
2393 4221 2684 4294 προδότας,
2720 4219 2816 4274 καὶ
2840 4217 3172 4289 προγονικὸν
3204 4217 3265 4271 τὸ
3297 4217 3516 4289 μίασμα
3558 4216 3847 4287 φέροντας,

2256 4319 2354 4375 διτε
2385 4316 2450 4388 δὴ
2482 4313 2942 4387 προφητοκτόνων
2972 4311 3161 4375 τέκνα,
3190 4310 3408 4374 δεικνὺς
3446 4311 3564 4381 ἅμα
3594 4309 3691 4363 καὶ
3714 4309 3847 4363 ἀπο-

2256 4409 2463 4465 καλῶν.
2500 4408 2664 4460 Ὥστε
2697 4406 2759 4460 οὐ
2790 4404 2950 4476 μόνον
2982 4400 3238 4475 οὐδαμῶς
3262 4404 3398 4475 ἡμῖν
3432 4403 3460 4456 ό
3490 4401 3710 4473 πλήρης
3746 4399 3846 4471 χά.

2261 4518 2407 4575 ριτος
2433 4500 2529 4554 καὶ
2554 4496 2746 4568 σοφίας
2776 4496 2873 4551 καὶ
2902 4495 3224 4567 Πνεύματος
3257 4494 3415 4564 ἁγίου
3443 4492 3846 4564 καὶδυνάμεως

2256 4597 2318 4650 οὐ
2351 4594 2452 4666 μὲν
2476 4587 2571 4647 οὖν
2600 4589 3016 4660 ἀνταγωνιστὴς
3046 4588 3147 4643 οὐκ
3194 4588 3363 4655 ἔστιν,
3399 4586 3535 4642 ἀλλὰ
3582 4587 3680 4640 καὶ
3710 4585 3845 4640 πάν-

2254 4708 2366 4744 των
2398 4686 2637 4760 μάλιστα
2687 4682 3099 4755 συναγωνιστὴς
3140 4681 3235 4737 καὶ
3274 4682 3616 4752 ύπέρμαχος.
3664 4681 3727 4734 Εἰ
3751 4678 3847 4733 δ’ὁ

2256 4782 2483 4853 γνήσιος
2510 4777 2607 4833 τοῦ
2638 4778 2910 4830 Δεσπότου
2947 4774 3199 4846 μαθητὴς
3233 4775 3329 4829 καὶ
3362 4772 3660 4846 μαρτύρων
3693 4770 3844 4844 πρῶ-

2254 4893 2347 4938 τος
2378 4872 2537 4938 δόξαν
2567 4873 2699 4942 ἡμῖν
2722 4872 2837 4934 τοῖς
2867 4870 3051 4942 ἔργοις
3096 4868 3267 4934 ἔδειξε
3306 4866 3586 4939 μετελθὼν
3624 4869 3725 4939 τὴν
3752 4866 3845 4920 αὖ·

2254 4965 2376 5037 τὴν,
2402 4962 2561 5032 δῆλον
2590 4963 2671 5015 ὅτι
2697 4959 2794 5015 καὶ
2822 4959 2916 5013 τὸν
2943 4958 3266 5014 διδάσκαλον
3287 4974 3301 4988 ·
3335 4959 3421 5012 ἵνα
3450 4957 3527 5030 μὴ
3543 4958 3640 5013 νῦν
3662 4958 3807 5027 λέγω
3826 4972 3842 4989 ⁸

2259 5078 2277 5111 ι
2302 5058 2493 5128 Ὑμεῖς
2535 5057 2600 5108 ὲκ
2650 5053 2745 5107 τοῦ
2801 5051 3010 5124 πατρὸς
3056 5050 3147 5105 τοῦ
3181 5051 3433 5104 διαϐόλου
3470 5051 3585 5122 (l8)
3621 5050 3747 5105 ἐστέ
3771 5066 3787 5082 ·
3820 5067 3839 5100 ι

2253 5149 2383 5204 καί*
2424 5167 2441 5200 ι
2486 5146 2655 5201 Γενεὰ
2701 5146 2918 5216 πονηρὰ
2973 5145 3071 5198 κοιλ⁵
3132 5144 3417 5215 μοιχαλίς⁹
3460 5163 3479 5198 δ
3528 5144 3626 5198 καὶ
3682 5140 3845 5215 μυρία

2252 5239 2389 5297 ἄλλα
2412 5232 2487 5294 ὧν
2516 5239 2578 5293 τὸ
2618 5224 2905 5292 Ἰουδαίων
2936 5234 3089 5298 ἔθνος
3121 5232 3445 5298 ὑπεύθυνον,
3472 5233 3544 5287 τὰ
3584 5232 3726 5287 αὐτὰ
3753 5230 3845 5285 καὶ

2252 5330 2617 5401 τελεσάμενον
2651 5328 2746 5383 καὶ
2771 5327 3064 5394 διδάξαντα
3078 5326 3170 5379 τὸν
3194 5324 3591 5396 στεφανοδότην
3617 5323 3697 5395 τῷ
3716 5339 3845 5395 γνη-

2256 5426 2357 5496 σίῳ
2388 5424 2628 5496 μάλιστα
2677 5422 2773 5477 τοῦ
2826 5420 3208 5493 κηρύγματος,
3252 5419 3348 5473 καὶ
3393 5417 3473 5489 τῷ
3515 5418 3584 5472 δι’
3618 5418 3844 5489 αἵματος

2258 5518 2411 5586 πόθῳ
2437 5515 2713 5588 λαμπρῶς
2736 5515 2833 5569 καὶ
2863 5512 3256 5584 ἀναμφιϐόλως
3288 5512 3317 5565 ό
3346 5510 3673 5581 στεφανίτης
3702 5512 3838 5578 παρο

2257 5612 2460 5682 ἐστησε
2484 5624 2498 5640 ⁸
2532 5610 2638 5664 κᾶν
2664 5608 2798 5679 εὐχῇ
2823 5608 2917 5662 καὶ
2949 5604 3247 5679 συγγνώμῃ
3276 5603 3417 5677 μετὰ
3455 5600 3842 5676 προκατασλη-

624 5723 666 5756 ³⁸
703 5723 823 5780 Act.
849 5739 948 5790 vn,
974 5722 1068 5779 60.
1154 5723 1199 5754 ³²
1228 5721 1364 5779 Luc.
1388 5734 1547 5787 nm,
1577 5722 1668 5777 ⁸54.
1747 5723 1793 5755 ³³
1817 5721 1979 5778 Joan.
2023 5740 2142 5793 vm,

2333 5728 2380 5760 “
2408 5727 2600 5784 Matth.
2644 5744 2741 5792 xu,
2777 5725 2867 5781 59.

2082 5847 2315 5906 NOTAE.

625 5939 737 6003 (l7)
770 5939 904 6009 God.
935 5937 1420 6009 σκληροκαρδίους.

627 6012 743 6079 (i8)
783 6008 1119 6065 Vocabulum
1145 6008 1397 6080 διαβόλου
1429 6009 1539 6079 regi
1569 6025 1595 6061 a
1626 6010 1829 6080 πατρδς
1864 6009 2144 6065 existima-

557 6091 687 6138 runt
730 6077 987 6138 nonnulli
1040 6090 1177 6139 teste
1228 6077 1450 6149 I’botio,
1499 6077 1616 6153 qui‘
1648 6077 1916 6149 «lc—patre
1942 6082 2146 6139 diaboli

2255 5946 2501 6015 disputat
2532 5945 2584 5999 in
2616 5942 3026 6015 arnpbaqumst.
3046 5939 3114 5994 88
3139 5938 3339 6015 luunt;
3366 5932 3504 6015 2H}
3524 5932 3668 6004 apud
3693 5927 3841 6013 _Wolc

2255 6004 2411 6084 ﬁunt,
2441 6028 2491 6074 ct
2519 6004 2787 6087 prolixius
2813 6004 2868 6070 in
2898 6018 3093 6085 quiest.
3126 6004 3195 6067 47
3221 6007 3429 6067 codicis
3465 6004 3734 6063 Vaticani.
