4134 6444
443 402 513 465 77
1501 422 1600 480 AD
1638 422 2229 489 AMPHILOCHIUM
2259 432 2604 502 QUrESTIO
2658 434 2700 493 Ι.
3643 436 3714 497 78

443 525 631 616 θεῖσαν
662 528 845 583 πᾶσαν
871 530 1039 602 ἀλλην
1083 534 1342 603 προνοίας
1386 553 1445 590 τε
1487 540 1582 592 καὶ
1613 541 2025 613 φιλανθρωπίας

2134 561 2273 601 cura:
2321 564 2385 603 ac
2414 549 2723 603 dilectionis
2763 549 3081 605 exhaustam
3119 550 3414 616 rationem,
3457 550 3714 607 Servator

447 607 673 685 μέθοδον
702 619 731 672 6
753 618 946 691 Σωτὴρ
970 622 1063 675 τοῦ
1088 624 1276 692 γένους
1306 627 1434 691 τούς
1462 628 1550 684 διὰ
1576 607 1827 704 σταυροῦ-
1858 634 2025 690 θάνα-

443 723 539 760 τον
563 708 713 779 αὐτῷ
738 712 1135 779 ἐπενεγκόντας
1163 716 1450 789 ἀνέφερεν.

520 806 631 868 κγ’.
651 800 812 853 Ἀλλά
830 802 1007 857 ταῦτα
1027 805 1127 875 μὲν
1144 807 1273 871 ἴσως
1291 811 1385 863 καὶ
1405 811 1506 881 τῆς
1522 815 1807 887 παρούσης
1822 818 2030 888 μακρό-

449 908 607 963 τερον
624 892 933 959 ὑποθέσεως
946 914 959 927 ο
981 899 1149 968 χωρὶς
1168 900 1351 969 μέντοι
1367 920 1431 969 γε
1444 906 1552 960 τῶν
1567 909 2030 980 προεκτεθέντων,

448 982 550 1035 καὶ
578 982 730 1052 παρά
754 984 815 1038 τὸ
849 985 1029 1039 διττὸν
1052 986 1145 1042 τοῦ
1175 990 1442 1062 ὀνόματος
1487 998 1811 1071 συνταράξοι
1857 1000 1924 1054 ἄν
1947 1018 2032 1064 τις

430 1073 512 1124 οτὺ
544 1072 793 1145 βούλημα
818 1078 915 1146 τῆς
942 1079 1167 1153 Γραφῆς
1187 1084 1286 1137 οὐκ
1320 1085 1381 1138 ἐν
1412 1084 1638 1152 ὀλίγοις.
1670 1089 1878 1144 Αὐτίκα
1913 1110 1933 1143 ι
1962 1094 2031 1147 τὰ

445 1165 599 1219 κακὰ
637 1170 733 1222 καὶ
791 1171 893 1224 οὐκ
946 1171 1096 1226 ἔστιν
1137 1174 1175 1229 ἃ
1222 1176 1298 1247 μὴ
1347 1179 1523 1245 κτίζει
1577 1181 1819 1252 Κύριοςο
1865 1204 1883 1236 ι
1914 1184 2031 1250 καὶ,

450 1275 476 1309 ‹
511 1259 633 1312 Τῶν
661 1262 849 1315 κακῶν
874 1264 1035 1318 πάλιν
1071 1268 1284 1335 οὐδενός
1313 1273 1461 1327 ἐστιν
1496 1275 1687 1339 αἴτιος.
1712 1295 1739 1328 ο
1773 1278 1882 1330 Καὶ
1915 1278 2034 1342 πῶς

446 1352 521 1405 ἂν
557 1354 957 1429 συμϐιϐασθείη
1008 1361 1199 1426 ταῦτα,
1228 1364 1277 1417 εί
1320 1366 1394 1434 μὴ
1425 1366 1486 1418 τὸ
1510 1367 1686 1420 διττὸν
1723 1368 1824 1435 τῆς
1851 1370 2034 1440 φωνῆς

440 1444 781 1517 διαιτήσειε;
815 1451 965 1505 κακά
1008 1452 1108 1522 μὲν
1136 1453 1391 1523 λέγεσθαι
1439 1459 1647 1530 κυρίως
1672 1460 1745 1514 τά
1780 1462 2035 1532 ἁμαρτή-

451 1555 624 1608 ματα,
660 1532 736 1594 ὧν
766 1543 885 1596 ἐστι
919 1544 1101 1598 καὶτὸ
1144 1545 1300 1601 Θεῖον
1342 1550 1615 1603 ἀναίτιον·
1655 1552 1804 1606 κακά
1834 1552 1891 1606 δὲ
1938 1554 2036 1606 καὶ

444 1630 522 1684 τὰ
540 1630 810 1689 λυποῦντα
832 1636 996 1691 πάλιν
1032 1639 1127 1690 κα)⁹
1146 1639 1444 1712 ἀϐούλητα,
1466 1646 1622 1707 νόσος
1641 1646 1734 1699 καὶ
1754 1646 1914 1700 πενία
1937 1647 2034 1701 καὶ

446 1722 764 1794 τραύματα,
786 1728 948 1799 ἀκρὶς
979 1731 1073 1783 καὶ
1094 1730 1321 1803 βροῦχος
1347 1735 1443 1788 καὶ
1467 1736 1692 1808 ἑρυσίϐη
1722 1739 1814 1792 καὶ
1832 1742 2031 1811 κάμπη

450 1819 548 1872 καὶ
564 1820 795 1891 χάλαζα,
812 1826 904 1876 καὶ
924 1826 1027 1879 ὅσα
1044 1827 1181 1881 ἄλλα
1196 1829 1459 1895 πολλάκις
1477 1833 1510 1902 η
1526 1832 1776 1903 Πρόνοια,
1803 1835 1903 1899 τὰς
1920 1835 2029 1889 τῶν

448 1912 922 1984 πλημμελούντων
949 1920 1131 1989 ὁρμὰς
1155 1922 1580 1991 ἀναστέλλουσα,
1614 1927 1709 1980 καὶ
1735 1928 1845 1980 τῶν
1880 1928 2034 1996 κηλί-

442 2007 557 2059 δων
595 2008 1066 2080 ἀποκαθαίρουσα,
1102 2014 1219 2077 τοῖς
1254 2016 1462 2086 ἐνόχοις
1490 2019 1785 2088 ἐπαφιέναι
1829 2023 1923 2075 καὶ
1947 2022 2035 2076 λέ-

440 2115 609 2167 γεται
638 2102 737 2152 καὶ
762 2102 1112 2156 πιστεύεται·
1138 2106 1201 2159 οὐ
1228 2108 1539 2163 κακύνουσα
1581 2110 1641 2164 τὸ
1668 2111 2030 2182 ἀνθρώπινον,

423 2190 571 2245 ,οὐδὲ
603 2192 740 2262 πρὸς
766 2194 827 2245 τὸ
854 2196 1034 2265 χεῖρον
1063 2196 1124 2249 τὸ
1145 2197 1538 2271 δημιούργημα
1564 2204 2031 2273 μεταπλάττουσα,

452 2278 531 2347 μή
558 2295 611 2330 τι
638 2280 905 2350 γένηται·
947 2284 1240 2353 ἀπάγουσα
1266 2288 1324 2342 δὲ
1358 2290 1468 2342 τῶν
1515 2293 1862 2347 κακυνόντων
1895 2296 2033 2365 μᾶλ-

443 2366 563 2459 λον,
597 2371 692 2423 καὶ
730 2373 797 2459 τῇ
838 2374 1163 2447 καταλλήλῳ
1206 2379 1300 2433 τοῦ
1338 2382 1624 2446 νοσοῦντος
1657 2384 1927 2459 θεραπείᾳ
1972 2388 2035 2441 τὸ

444 2452 812 2526 ἡρρωστηκὸς
825 2462 927 2530 τῆς
949 2462 1173 2534 γνώμης
1193 2466 1328 2539 πρὸς
1347 2469 1406 2522 τὸ
1421 2470 1643 2539 ἄμεινον
1659 2452 2030 2543 ἐπανάγούσα.

442 2545 705 2601 Τοιοῦτον
750 2547 816 2603 ἂν
863 2552 951 2623 είη
998 2555 1093 2607 καὶ
1143 2556 1223 2623 τὸ,
1261 2577 1281 2610 ι
1332 2562 1657 2632 Παρέδωκεν
1697 2566 1897 2632 αὐτοὺς
1938 2568 2035 2622 λαο

439 2637 664 2707 τρεύειν
696 2644 765 2713 τῇ
810 2648 1042 2719 στρατιᾷ
1068 2648 1163 2702 τοῦ
1192 2651 1449 2722 οὐρανοῦ.
1500 2674 1522 2708 ι
1566 2687 1640 2698 -
1673 2677 1692 2710 ι
1730 2661 1841 2713 Καὶ
1890 2680 2034 2733 παρ-

438 2730 653 2785 έδωκεν
670 2734 868 2800 αὐτοὺς
883 2739 965 2801 είς
986 2740 1132 2812 πάθη
1156 2742 1400 2813 ἀτιμίας.
1415 2764 1434 2796 ι
1453 2777 1522 2787 -
1542 2766 1562 2800 ι
1581 2749 1694 2804 Καὶ
1717 2751 1917 2805 ἔδωκεν
1936 2730 2034 2807 αὐ-

438 2826 560 2888 τοῖς
591 2827 807 2898 πνεῦμα
825 2832 1515 2909 κατανύξεως,όφθαλμοὺς
1536 2843 1631 2896 τοῦ
1657 2846 1732 2916 μὴ
1752 2846 1992 2915 βλέπειν,
2007 2868 2027 2901 ι

438 2918 561 3011 Ti};
590 2919 699 2991 γάρ
720 2925 904 2993 φωνῆς
926 2926 987 2979 τὸ
1007 2926 1297 3001 ὁμώνυμον
1328 2934 1625 3001 κάνταῦθα,
1653 2940 1713 2991 οὐ
1741 2942 1901 3011 τυχὸν
1935 2944 2034 3011 μὲν

436 3008 793 3102 διακρίσεως,
831 3018 911 3079 είς
940 3021 1177 3075 ἀτοπίαν
1222 3025 1516 3096 συστρέφει
1562 3028 1624 3082 τὸ
1668 3008 1866 3102 νόημα.
1906 3008 2033 3099 [ίῶς

438 3099 558 3170 γὰρ
591 3103 683 3156 καὶ
714 3106 844 3160 πότε
872 3108 1105 3180 ψυχικὸν
1134 3112 1290 3186 ὄμμα
1333 3119 1527 3187 τυφλοῖ
1553 3122 1584 3174 6
1625 3099 1791 3191 Θεόςξ
1829 3126 1948 3190 πῶς
1973 3128 2031 3182 δὲ

2061 1876 2110 1936 Β

2130 637 2345 705 generis
2385 650 2636 695 aur-tores
2670 638 2774 694 sibi
2820 656 2917 711 per
2946 655 3163 696 crucem
3196 642 3347 698 necis
3378 650 3713 715 prosccutus

2129 735 2239 782 est.

2201 819 2293 874 2'5.
2357 818 2562 875 Verum
2624 821 2743 876 haec
2801 820 3039 877 fortasse
3088 824 3310 895 longius
3361 841 3391 881 a
3446 835 3717 895 praesente

2131 913 2412 981 proposito
2445 902 2665 967 abeunt.
2703 912 2766 967 Et
2788 914 3007 984 quidem
3034 926 3229 984 praeter
3264 917 3529 972 hactenus
3549 918 3717 984 dicta,

2135 1005 2372 1059 nuininis
2397 1020 2615 1074 quoque
2648 1006 2979 1076 ambiguitas
3035 1007 3179 1062 haud
3230 1025 3355 1064 raro
3396 1010 3511 1063 fieri
3542 1019 3720 1078 potest

2134 1104 2194 1150 ut
2232 1096 2557 1151 sententiam
2597 1098 2905 1153 conturbet.
2935 1097 3138 1167 Veluti,
3186 1119 3205 1151 ι
3248 1099 3366 1155 Non
3400 1112 3484 1156 est
3510 1103 3718 1155 malum

2134 1188 2277 1257 quod
2310 1204 2417 1243 non
2459 1187 2625 1244 faciat
2667 1189 2932 1245 Dominus
2954 1193 3042 1258 ";
3084 1212 3103 1245 ι
3150 1208 3477 1263 rursusque,
3512 1212 3529 1244 ι
3586 1194 3718 1249 Nul-

2134 1280 2239 1334 lius
2270 1280 2399 1334 mali
2435 1291 2627 1335 auctor
2668 1280 2934 1339 Dominus
2962 1292 3047 1339 est
3080 1284 3144 1337 ⁸⁸.
3191 1304 3209 1336 ›
3247 1284 3532 1351 Quomodo
3576 1287 3715 1348 haec,

2133 1371 2383 1441 inquam,
2413 1385 2739 1441 congruent,
2787 1375 2894 1430 nisi
2928 1375 3249 1445 ambiguum
3299 1376 3550 1431 vocabuli
3592 1392 3719 1432 sen-

2134 1480 2256 1518 sum
2282 1464 2624 1535 distinguas?
2654 1464 2791 1520 Mala
2815 1467 3025 1522 scilicet
3050 1468 3311 1538 primario
3333 1485 3497 1525 sensu
3520 1467 3717 1524 dicun—

2136 1565 2226 1609 tur
2271 1566 2514 1625 peccata,
2559 1573 2797 1628 quorum
2839 1558 2984 1615 Deus
3020 1576 3190 1616 causa
3246 1578 3353 1617 non
3398 1572 3523 1617 est:
3572 1563 3716 1617 mala

2134 1655 2395 1715 praeterea
2427 1659 2553 1704 sunt
2587 1650 2671 1704 illa
2708 1666 2829 1719 quae
2858 1652 3108 1707 molestia
3148 1654 3412 1718 alliciunt,
3448 1653 3719 1723 nobisque

2136 1739 2321 1794 invitis
2361 1741 2639 1806 accidunt,
2691 1743 2937 1810 morbus,
2981 1755 3297 1815 paupertas,
3338 1748 3588 1809 vulnera,
3632 1746 3719 1800 lo-

2136 1838 2311 1892 custa,
2344 1829 2608 1895 bruchus,
2644 1832 2858 1901 rubigo,
2883 1849 3070 1899 eruca,
3099 1818 3326 1903 grando,
3366 1845 3418 1890 et
3449 1845 3721 1905 quotquot

2135 1920 2241 1974 alia
2272 1936 2647 1990 saepenumero
2682 1923 2790 1979 reis
2841 1925 3060 1980 immitti
3096 1942 3127 1980 a
3159 1928 3345 1982 divina
3380 1930 3718 2000 providentia

2132 2014 2390 2069 dicuntur
2416 2025 2579 2085 atque
2610 2017 2926 2083 creduntur,
2959 2020 3042 2073 vel
3076 2028 3134 2073 ut
3156 2030 3378 2076 ruentes
3404 2021 3469 2076 ad
3498 2030 3718 2091 peccata

2134 2105 2390 2160 mortales
2426 2106 2699 2174 cohibeat,
2745 2110 2829 2165 vel
2884 2124 2944 2165 ut
2996 2111 3146 2168 labes
3195 2114 3384 2167 abluat
3423 2129 3438 2165 :
3486 2113 3717 2167 minime

2132 2213 2261 2251 vero
2286 2207 2345 2252 ut
2374 2197 2633 2268 depravet
2667 2200 2966 2255 humanum
3017 2219 3209 2272 genus,
3256 2218 3437 2272 neque
3467 2212 3525 2257 ut
3558 2203 3717 2274 pejo-

2134 2304 2248 2344 rem
2278 2291 2647 2346 conditionem
2678 2304 2944 2348 creaturae
2974 2311 3087 2350 suae
3132 2295 3301 2350 faciat
3336 2295 3515 2362 Deus;
3568 2296 3720 2366 quod

2132 2382 2307 2448 absit;
2348 2382 2458 2437 imo
2500 2385 2681 2454 potius
2725 2395 2784 2440 ut
2827 2402 2857 2440 a
2906 2386 3163 2442 vitiorum
3204 2388 3564 2444 irritamentis
3590 2389 3721 2444 abso

2134 2475 2337 2540 trahat,
2367 2485 2537 2546 atque
2578 2485 2637 2530 ut
2659 2491 2898 2547 congrua
2922 2477 3225 2534 laborantis
3253 2496 3411 2547 cura,
3440 2480 3717 2549 infirmant

2133 2566 2299 2621 animi
2323 2577 2531 2637 partem
2567 2568 2635 2623 ad
2682 2572 2962 2626 meliorem
2998 2570 3210 2642 frugem
3250 2582 3489 2628 revocet.
3526 2572 3722 2642 Hujus-

2135 2657 2280 2711 modi
2325 2659 2429 2712 erit
2475 2659 2637 2713 etiam
2671 2660 2916 2716 locutio:
2949 2682 2966 2715 ι
2998 2661 3061 2717 Ει
3096 2664 3320 2719 tradidit
3364 2680 3459 2721 eos
3512 2665 3722 2721 servire

2135 2748 2341 2804 militiae
2376 2751 2497 2805 cteli
2534 2751 2600 2806 ³⁷.
2635 2771 2653 2801 ι
2686 2782 2755 2793 -
2783 2771 2801 2804 ι
2842 2752 2907 2807 Ει
2944 2755 3168 2810 tradidit
3196 2771 3291 2811 eos
3318 2756 3373 2810 in
3426 2758 3717 2827 passiones

2136 2840 2449 2911 ignominiae
2484 2843 2551 2908 ⁸⁸,
2586 2863 2604 2896 ι
2646 2876 2718 2885 —
2752 2863 2771 2897 ι
2800 2843 2866 2900 Ει
2892 2845 3136 2902 dediteis
3172 2848 3422 2917 spiritum
3446 2864 3717 2920 compun-

2133 2934 2353 2997 ctionis.
2395 2936 2586 2990 oculos
2630 2952 2698 2990 ne
2733 2937 2953 2992 videant
2982 2939 3051 2992 ³⁸.
3096 2958 3113 2990 i
3147 2937 3284 2994 Nam
3315 2940 3566 2996 vocabuli
3614 2941 3717 2996 bo-

2135 3027 2408 3097 monymia
2460 3027 2548 3081 hic
2592 3043 2836 3097 quoque,
2876 3028 2983 3083 nisi
3009 3029 3380 3095 discernatur,
3420 3032 3718 3085 absurdam

2134 3122 2459 3175 sententiam
2501 3121 2661 3191 parit.
2693 3122 2980 3188 Quomodo
3013 3126 3158 3176 enim
3194 3132 3290 3178 aut
3340 3125 3561 3195 quando
3600 3124 3725 3178 ani;

440 3195 676 3294 πάθεσιν
700 3198 728 3250 ό
764 3200 972 3256 τούτων
999 3204 1330 3279 καθαιρέτης
1359 3212 1454 3265 καὶ
1476 3213 1701 3288 ἀσεϐείᾳ
1733 3220 1829 3273 καὶ
1853 3219 2027 3294 πλάνῃ

2134 3230 2235 3269 ma:
2273 3215 2491 3269 oculum
2534 3224 2768 3270 excmcat
2817 3215 3003 3271 Deus?
3034 3216 3312 3285 quomodo
3342 3216 3718 3285 passionibus,

440 3287 781 3379 παραδίδωσι
803 3309 819 3359 ;
850 3294 1233 3369 Διακριθέντος
1254 3300 1312 3353 δὲ
1332 3304 1447 3366 τοῖς
1484 3287 1909 3379 σημαινομένοις
1932 3287 2026 3367 τού

439 3377 714 3447 ῥήματος,
743 3384 945 3449 παντὸς
983 3386 1012 3437 ό
1041 3386 1197 3456 λόγος
1238 3392 1572 3464 σοφίσματος
1607 3377 1923 3454 ἀπολύεται.
1955 3403 2029 3456 Τὸ

440 3470 577 3540 γὰρ,
606 3472 939 3542 παρέδωκε,
978 3480 1232 3549 σημαίνει
1263 3482 1363 3553 μὲν
1401 3487 1578 3541 καὶτὸ
1606 3491 1905 3561 ἐνεχείρισε
1934 3494 2030 3548 καὶ

440 3562 835 3634 παρέπεμψεν,
879 3567 913 3639 ἢ
957 3570 1235 3641 συνώθησε
1272 3574 1369 3628 καὶ
1418 3577 1723 3648 συνήλασεο
1776 3583 2029 3651 σημαίνει

437 3654 489 3705 δ’
521 3656 672 3709 οὐδὲν
718 3658 940 3715 ἔλαττον
980 3663 1076 3717 καὶ
1111 3665 1347 3735 μάλιστά
1377 3686 1441 3737 γε
1476 3670 1553 3741 τῷ
1598 3671 1903 3744 βουλήματι
1931 3677 2030 3748 τῆς

441 3745 675 3817 Γραφῆς
706 3753 801 3803 καὶ
829 3751 889 3804 τὸ
921 3758 1290 3828 συνεχώρησε,
1318 3758 1602 3830 καθυφῆκε
1627 3763 1722 3816 καὶ
1744 3745 2026 3833 ἐνέδωκεν,

438 3839 596 3892 εἴασε
629 3841 894 3913 φέρεσθαι
928 3849 1047 3910 ταῖς
1079 3849 1301 3919 ὁρμαῖς,
1341 3851 1523 3921 ἀφῆκε
1560 3854 1623 3907 τὸ
1647 3855 1895 3911 ἑκούσιον
1925 3861 2026 3913 αὐ-

438 3934 765 3991 τοδέσποτον
786 3954 807 3970 ”
839 3939 964 3993 καθ’
999 3940 1028 3995 ὃ
1060 3945 1460 4015 σημαινόμενον
1490 3948 1905 4022 ὐπειλημμένου
1934 3953 2027 4008 τοῦ

437 4026 812 4097 παρέδωκεν,
852 4033 1005 4086 οὐδὲν
1041 4035 1148 4089 τῶν
1179 4038 1507 4106 παραλόγων
1547 4041 1683 4105 ὅλως
1713 4044 2025 4114 ὑφίσταται.

453 4119 710 4187 Ἀφέλκει
743 4122 844 4193 μὲν
885 4124 991 4196 γὰρ
1020 4126 1080 4179 τὸ
1112 4128 1266 4181 Θείον
1310 4129 1458 4201 νόμῳ
1491 4133 1904 4205 φιλανθρωπίας
1937 4139 2030 4191 καὶ

441 4213 710 4280 προνοίας
733 4215 845 4268 τῶν
874 4218 1065 4271 παθῶν
1090 4220 1184 4273 καὶ
1212 4220 1628 4293 ἁμαρτημάτων
1664 4227 1725 4281 τὸ
1751 4228 2028 4299 ἀνθρώπι-

444 4320 574 4357 νον·
614 4307 836 4363 ἐπειδὰν
866 4310 925 4363 δὲ
969 4312 1271 4385 μοχθηρίας
1299 4314 1573 4390 ὑπερϐολῇ
1602 4319 1663 4373 τὸ
1706 4321 2030 4377 ἀναστελλό-

447 4414 614 4468 μενον
640 4399 738 4469 τῆς
777 4402 1099 4473 εὐεργεσίας
1122 4407 1217 4459 καὶ
1244 4408 1466 4480 χάριτος
1496 4410 1595 4464 οὐκ
1623 4412 1888 4483 ἀνέχοιτο,
1922 4416 2031 4469 οὐδ’

444 4489 624 4543 ἐθέλοι
650 4491 730 4561 τῷ
763 4493 1079 4564 μεθέλκοντι
1112 4498 1419 4564 πείθεσθαι,
1452 4501 1574 4556 τότε
1605 4503 1691 4575 δὴ,
1716 4506 1838 4560 τότε
1856 4508 2028 4561 ὐπεν-

442 4580 633 4634 δίδωσι
679 4583 942 4655 φέρεσθαι
984 4590 1050 4659 τῇ
1085 4590 1235 4663 ῥύμῃ
1263 4591 1324 4644 τὸ
1352 4593 1635 4661 ἀπειθοῦν,
1681 4597 1774 4652 καὶ
1806 4600 2028 4672 ἀφίησιν

443 4675 864 4745 ἀποκεχρῆσθαι
891 4677 968 4748 τῷ
994 4679 1311 4752 βουλήματι,
1335 4685 1421 4739 ἵνα
1454 4688 1551 4759 μὴ,
1585 4690 1679 4743 ἐπὶ
1712 4691 1875 4745 πλέον
1898 4695 2031 4749 ἀνα-

448 4764 685 4857 στέλλων
700 4768 806 4857 γκαὶ
826 4769 1188 4839 ἀναχαιτίξων
1210 4775 1306 4845 τῆς
1329 4777 1520 4849 ῥοπῆς,
1544 4780 1670 4852 δόξῃ
1695 4782 2030 4857 διαφθείρειν

443 4856 511 4908 τὸ
559 4856 934 4921 αὐτεξούσιον*
984 4862 1079 4915 καὶ
1129 4864 1162 4933 ἡ
1220 4866 1509 4937 εὐεργεσία
1565 4873 1662 4925 καὶ
1716 4874 1753 4943 ή
1801 4856 2030 4944 πρόνοια

445 4947 563 5009 τοῖς
600 4947 881 5020 ἀγνώμοσι
906 4951 998 5005 καὶ
1026 4952 1339 5026 ἀχαρίστοις
1369 4960 1450 5022 είς
1481 4958 1736 5034 ἔγκλημα
1771 4968 2029 5038 περιτρέ-

443 5054 625 5093 ποιτο.

518 5132 619 5187 κδ’.
652 5134 812 5189 Κατά
842 5134 1002 5190 τοῦτο
1034 5137 1100 5209 δὴ
1119 5139 1180 5192 τδ
1211 5143 1607 5215 σημαινόμενον
1639 5146 1761 5212 ἔθος
1782 5148 1900 5202 ἐστὶ
1925 5168 2032 5205 πα-

448 5224 899 5295 ραλαμϐάνεσθαι
925 5232 1037 5295 τοῖς
1069 5231 1235 5302 ἱεροῖς
1258 5234 1415 5305 ἡμῶν
1436 5238 1735 5309 Γράμμασι
1756 5242 1818 5295 τὸ
1844 5243 2030 5299 ἔδωκε

443 5319 545 5371 καὶ
575 5320 882 5388 παρέδωκε
920 5325 1015 5378 καὶ
1047 5326 1102 5378 εἴ
1130 5343 1183 5379 τι
1222 5328 1492 5386 τοιοῦτονο
1520 5332 1658 5403 ὅπερ
1687 5335 1879 5390 οὐδένα
1910 5338 2030 5408 μῶυ

449 5428 555 5491 μον
580 5412 701 5465 οὐδὲ
734 5413 907 5486 λαϐὴν
943 5420 1010 5489 τῇ
1042 5418 1425 5494 φιλανθρωπίᾳ
1451 5426 1547 5479 καὶ
1586 5426 1906 5501 δικαιοσύνῃ
1934 5430 2029 5485 τοῦ

444 5503 587 5557 θεοῦ
630 5506 739 5559 οὐδ’
767 5509 1072 5577 ἡντιναοῦν,
1112 5512 1188 5576 ὡς
1222 5515 1388 5570 πᾶσίν
1431 5516 1549 5570 ἐστι
1571 5520 1825 5592 φανερὸν,
1855 5539 2029 5594 προσ-

442 5597 633 5651 ἅπτει.
658 5598 817 5654 Οὕτω
854 5601 1078 5670 λέγεται
1114 5605 1412 5679 σκληρῦναι
1453 5609 1617 5663 πάλιν
1652 5615 1754 5683 τὴν
1801 5616 2030 5686 καρδίαν

445 5688 654 5758 Φαραώ
672 5707 685 5721 ο
711 5692 809 5763 οὐχ
834 5693 917 5747 ὅτι
964 5694 1146 5750 λαϐὼν
1169 5697 1423 5753 είκουσαν
1451 5703 1545 5755 καὶ
1574 5704 1905 5778 πειθομένην
1933 5710 2030 5761 αὐ-

444 5782 546 5836 τοῦ
586 5786 699 5847 τοῖς
734 5787 1174 5860 προστάγμασιν,
1206 5791 1286 5855 είς
1318 5792 1381 5847 τὸ
1428 5794 1666 5867 σκληρὸν
1699 5799 1796 5853 καὶ
1827 5794 2028 5872 ἀτέραέ

2137 3307 2226 3361 ille
2261 3308 2350 3378 qui
2384 3308 2573 3361 harum
2606 3317 2870 3378 purgator
2898 3317 3003 3374 est,
3042 3318 3096 3363 et
3138 3307 3404 3379 impietati
3451 3319 3614 3380 atque
3638 3325 3721 3365 er-

2137 3399 2245 3453 rori
2286 3399 2489 3453 tradit?
2528 3399 2808 3455 Distinctis
2850 3409 3035 3455 autem
3074 3402 3327 3457 vocabuli
3377 3402 3716 3468 notionibus,

2136 3490 2284 3543 omni
2324 3490 2671 3545 cavillatione
2718 3494 3008 3562 expeditur
3059 3509 3264 3549 sermo.
3314 3494 3448 3548 Nam
3490 3494 3735 3571 verbum.

2138 3577 2360 3636 tradidit
2404 3583 2673 3654 significat
2734 3600 2902 3640 sane:
2939 3586 3130 3641 aliena:
3189 3588 3445 3656 potestati
3488 3589 3718 3652 dedidit.

2137 3675 2463 3739 transmisit,
2490 3677 2755 3747 compulit
2792 3695 2805 3730 :
2837 3679 3214 3742 nihilominus,
3254 3680 3364 3733 imo
3390 3695 3519 3733 vero
3542 3680 3717 3750 potis-

2136 3767 2274 3822 sime
2298 3768 2603 3823 secundum
2654 3768 2955 3839 Scriptura:
2992 3787 3239 3838 sensum,
3288 3773 3582 3838 concessit,
3630 3773 3721 3827 iu-

2135 3861 2324 3925 dulsit,
2357 3860 2630 3930 permisit,
2667 3861 2796 3915 ferri
2847 3862 2975 3917 sivit
3026 3863 3228 3932 impetu
3260 3878 3383 3930 suo,
3427 3864 3719 3921 arbitrium

2134 3967 2258 4008 esse
2303 3952 2533 4008 liberum
2599 3968 2794 4022 passus
2837 3964 2963 4009 est:
3013 3954 3169 4023 juxta
3226 3971 3392 4026 quam
3438 3959 3737 4035 notionem~

2134 4043 2301 4099 verbo
2340 4044 2564 4098 tradidit
2600 4044 2897 4109 intellecto,
2935 4047 3085 4101 nulla
3110 4047 3423 4103 absurditas
3451 4050 3718 4119 sequitur.

2135 4138 2341 4191 Avocat
2365 4138 2510 4192 enim
2549 4138 2693 4194 Deus
2742 4139 2987 4208 ingenito
3034 4140 3295 4196 bonitatis
3343 4143 3725 4211 providentiae-

2135 4242 2243 4296 que
2269 4243 2384 4282 suae
2418 4244 2570 4284 more
2598 4244 2629 4282 a
2652 4230 3003 4299 passiouibus
3032 4247 3096 4287 ac
3133 4235 3376 4302 peccatis
3414 4235 3669 4292 homines
3704 4255 3720 4291 :

2136 4328 2511 4373 verumtamen
2543 4319 2632 4374 ubi
2662 4321 2739 4385 hi,
2763 4331 3054 4391 superante
3083 4324 3312 4389 malitia,
3348 4324 3534 4381 frenos
3565 4342 3595 4380 a
3637 4326 3722 4380 diu

2136 4413 2260 4466 vina
2301 4411 2655 4467 beneficentia
2711 4414 2995 4484 gratiaque
3051 4415 3283 4485 iniectos
3333 4418 3714 4487 indignantur,

2137 4505 2438 4574 noluntque
2475 4506 2773 4561 retrahenti
2819 4522 3031 4562 morem
3085 4525 3295 4579 gerere,
3338 4519 3455 4565 tum
3495 4509 3716 4565 demum

2132 4598 2263 4652 sinit
2307 4613 2471 4652 cursu
2517 4614 2616 4653 suo
2669 4609 3024 4655 contumaces
3069 4598 3227 4665 ferri;
3275 4611 3438 4671 atque
3490 4599 3751 4655 arbitrio‘

2132 4690 2389 4745 abutendi
2441 4690 2655 4759 ecpiam
2715 4688 3005 4745 facitz'ne
3052 4691 3099 4745 si
3154 4691 3294 4747 forte
3338 4692 3722 4746 vehementius

2131 4782 2399 4837 inhiberet
2430 4796 2495 4837 ac
2520 4784 2744 4838 sisteret
2775 4785 3224 4852 prepensionem,
3286 4784 3472 4839 liberae
3519 4785 3718 4841 volun-

2132 4873 2260 4928 tatis
2307 4872 2623 4928 facultatem
2669 4873 3027 4944 pessumdare
3070 4876 3391 4930 videretur:
3430 4884 3596 4945 atque
3645 4876 3726 4935 ita.

2132 4964 2399 5021 beneﬁcia
2428 4965 2670 5036 ejusdem
2700 4967 2783 5022 vis
2816 4982 2878 5021 ac
2904 4967 3243 5036 providentia
3276 4968 3606 5025 vecordibus
3638 4979 3722 5025 at-

2131 5076 2239 5130 que
2268 5060 2493 5130 ingratis
2522 5060 2742 5115 crimini
2781 5070 3107 5116 verteretur.

2201 5152 2293 5207 24.
2337 5150 2450 5207 llac
2496 5152 2661 5223 igitur
2695 5154 2907 5208 ratione
2935 5154 3116 5209 solent
3158 5152 3463 5224 Scriptura:
3511 5164 3719 5211 nostra:

2132 5246 2315 5301 verbis
2340 5245 2417 5300 uti
2444 5246 2588 5300 dedit
2627 5254 2681 5301 et
2711 5246 2933 5301 tradidit
2961 5257 3016 5302 et
3044 5247 3238 5304 horum
3282 5248 3558 5304 similibus
3589 5266 3604 5302 :
3661 5249 3717 5303 id

2133 5339 2281 5410 quod
2331 5341 2542 5396 nullum
2588 5340 2850 5409 probrum
2896 5340 3218 5411 nullamque
3274 5357 3465 5397 ansam
3503 5342 3718 5412 vitupe-

2136 5428 2287 5483 randi
2309 5427 2404 5484 Dei
2426 5429 2719 5484 bonitatem
2752 5430 3229 5499 atquejustitiam,
3279 5438 3341 5484 ut
3389 5430 3588 5501 cuique
3616 5446 3719 5485 ex-

2135 5524 2403 5594 ploratum
2428 5528 2531 5586 est,
2566 5520 2729 5590 parit.
2769 5520 2862 5577 Sic
2896 5535 3112 5575 rursum
3148 5520 3293 5576 Deus
3316 5520 3518 5576 dicitur
3555 5521 3717 5575 indu-

2134 5616 2344 5672 ravisse
2383 5630 2480 5670 cor
2534 5614 2840 5669 Pharaonis
2880 5613 2969 5668 ⁶⁰ε
3021 5629 3128 5669 nou
3183 5615 3329 5685 quod
3380 5614 3513 5669 illud
3552 5613 3717 5670 molle

2132 5708 2339 5779 pridem
2370 5707 2594 5777 suisque
2616 5705 2864 5776 jussibus
2888 5706 3083 5771 docile,
3114 5708 3182 5761 ad
3226 5708 3510 5774 duritiem,
3554 5709 3717 5777 perti-

2135 5799 2371 5865 naciam,
2401 5800 2912 5869 coutumaciamque
2941 5800 3313 5866 converterit;
3346 5800 3439 5856 sed
3469 5800 3598 5872 quia
3620 5798 3716 5859 diu

525 5902 573 5937 ⁸⁸
597 5903 765 5963 Alnos
801 5924 885 5975 Ill,
924 5910 979 5964 6.
1055 5910 1102 5943 ³⁸
1126 5908 1242 5967 Jac.
1278 5927 1315 5981 ι,
1358 5913 1442 5971 13.
1522 5916 1566 5949 δ’
1596 5917 1715 5974 Act.
1746 5934 1838 5986 vu,
1874 5921 1965 5978 42.
2003 5922 2030 5956 ⁸³

2134 5936 2239 5978 om.
2274 5916 2311 5987 ι,
2334 5919 2426 5976 9.6.
2504 5919 2549 5951 ”
2582 5917 2741 5977 Rom.
2776 5935 2853 5986 ιι,
2893 5917 2948 5974 8.
3026 5917 3072 5951 ⁸ο
3102 5917 3273 5976 Exod.
3302 5934 3398 5988 vu,
3424 5918 3479 5976 3.
