4134 6478
462 390 539 452 79
1637 392 1903 453 PHOTII
1942 395 2066 453 PA'J

2180 394 2456 455 AllCH/E
2486 396 2596 454 (ΣΡ.
3714 397 3791 459 80

462 512 586 564 data
630 525 794 581 opera
846 518 904 563 ut
938 524 1035 564 cor
1076 508 1208 565 illud
1256 508 1325 563 ab
1370 509 1743 567 inohedientia
1789 521 1845 565 et
1888 510 2060 565 refra—

2170 529 2301 583 μνον
2332 513 2428 565 καὶ
2476 510 2703 575 ἀπειθὶς
2747 512 3147 582 μετεπλάσατο,
3189 512 3309 568 ἀλλ’
3352 514 3435 569 ὅτι
3480 515 3792 587 metam

462 604 636 658 etario
660 604 854 673 spiritu
886 614 1195 669 revocaret,
1229 612 1523 674 postquam
1550 602 1870 676 Egyptium
1904 605 2060 660 nullo

2170 605 2265 658 καὶ
2290 603 2616 658 ἀνακόπτων
2635 604 2736 675 τῆς
2762 604 3045 669 ἀπειθείας
3068 605 3163 658 καὶ
3188 604 3283 659 τοῦ
3308 607 3613 661 ἀντιτύπου
3644 624 3792 679 φρο-

463 696 629 751 modo
682 696 965 750 cedentem
1010 711 1189 765 neque
1230 696 1299 751 ad
1352 697 1721 752 obedientiam
1774 714 2061 754 reversum

2170 698 2437 767 νήματος,
2487 696 2720 768 ἐπείπερ
2762 696 3017 766 οὐδαμῶς
3067 690 3231 769 εὗρεν
3269 698 3629 753 ὑπενδιδόντα
3686 701 3793 753 καὶ

464 788 654 854 sensit,
688 788 800 842 imo
824 804 957 843 vero
991 803 1050 844 se
1078 798 1252 843 totum
1296 788 1350 843 in
1392 790 1670 845 contraria
1706 791 2063 861 repugnanti-

464 898 570 951 que
615 882 891 937 sententia
936 882 1363 946 oblirmarntem;
1423 883 1567 940 Deus
1636 884 1730 954 qui
1780 901 2063 956 nunquam

465 974 620 1030 liberi
666 976 776 1029 vim
815 974 1034 1029 arbitrii
1065 975 1235 1039 laedit,
1282 976 1411 1031 sivit.
1456 992 1581 1030 eum
1636 991 1735 1032 sua
1782 977 2067 1033 voluntate

464 1066 731 1139 ἴσθι·τί,ηυί
763 1067 980 1122 meliori
1012 1067 1249 1122 consilio
1274 1082 1485 1121 morem
1526 1081 1718 1137 gerere
1750 1068 2064 1125 recusabat.

464 1158 653 1231 Neque
680 1162 784 1215 erit
821 1162 1147 1225 absurdum.
1184 1160 1363 1231 siquis
1390 1160 1498 1216 hoc
1529 1161 1654 1217 loco
1686 1177 1877 1217 vocem
1909 1163 2069 1217 indu-

465 1256 603 1309 ravit
638 1257 715 1309 sic
748 1252 862 1309 fere
891 1254 1182 1325 intelligat,
1214 1261 1273 1308 ut
1319 1253 1521 1309 durum
1568 1255 1714 1326 regis
1758 1271 1857 1310 cor
1897 1266 2067 1328 atque

468 1346 817 1420 praefractum
857 1346 1002 1402 Deus
1038 1347 1200 1403 editis
1248 1347 1512 1417 prodigiis
1555 1348 1866 1405 evidentius
1899 1365 2065 1406 coar-

467 1438 668 1507 guerit,
698 1446 753 1492 et
780 1438 1186 1492 contumaciam
1217 1438 1339 1507 ejus
1373 1438 1532 1508 quasi
1561 1440 1842 1510 triumpho
1874 1449 2066 1497 osten-

465 1530 683 1595 taverit,
724 1530 1187 1600 desperatumque
1215 1540 1271 1585 et
1302 1530 1655 1587 intractabile
1684 1533 1886 1588 mentis
1945 1534 2066 1589 vul-

466 1639 596 1687 nus,
654 1624 895 1678 nondum
938 1624 1200 1679 omnibus
1246 1625 1379 1678 satis
1421 1624 1727 1695 cognitum,
1774 1625 2065 1681 manifesta

467 1713 590 1767 luce
649 1713 1034 1784 impertiverit.
1097 1712 1486 1784 Prodigiorum
1551 1729 1687 1770 sane
1740 1715 2065 1783 magnitudo

467 1821 594 1859 cum
654 1804 838 1859 omnis
885 1803 1295 1860 adhortationis
1341 1804 1733 1876 suasionisque
1790 1806 1927 1860 fines
1968 1821 2066 1860 ex-

467 1900 718 1964 cesserit,
749 1914 927 1969 neque
959 1906 1145 1954 tamen
1176 1898 1486 1956 Pharaonis
1517 1900 1760 1956 animum
1785 1914 2067 1970 expugna-

469 1993 627 2059 verit,
687 2008 869 2048 nonne
917 2009 1193 2049 summam
1240 2003 1405 2065 atque
1451 1994 1815 2051 insanabilem
1874 1992 2065 2049 cordis

2172 790 2312 860 πρὸς
2342 788 2515 843 πειθὼ
2566 789 2963 862 μεθιστάμενον
2998 790 3094 844 τὸν
3139 790 3465 860 Αίγύπτιον,
3497 792 3625 847 ἀλλ’
3658 792 3794 845 ὅλον

2169 881 2365 935 ἑαυτὸν
2393 880 2651 936 ποιοῦντα
2674 882 2768 935 τοῦ
2791 883 3073 937 ἀντιθέτων
3107 885 3205 937 καὶ
3247 884 3793 957 ἀντι[τεῖταγμένου

2170 973 2531 1046 βουλήματος,
2551 978 2579 1029 δ
2602 975 2856 1046 μηδαμοῦ
2875 976 3111 1047 φθείρων
3130 976 3192 1031 τὸ
3210 978 3557 1043 αὐτεξούσιον
3578 979 3791 1049 ἀφῆκε

2166 1067 2234 1136 τῇ
2270 1064 2466 1139 γνώμῃ
2496 1065 2761 1136 φέρεσθαι
2781 1065 2875 1118 τὸν
2911 1067 2974 1119 οὐ
3005 1066 3336 1138 βουληθέντα
3376 1070 3686 1139 πεισθῆναι
3712 1073 3790 1142 τῇ

2168 1156 2462 1229 κρείττονι.
2492 1156 2592 1227 Είη
2623 1157 2669 1211 δ’
2704 1157 2774 1211 ἂν
2802 1157 3010 1229 ἀπᾷδον
3035 1158 3188 1213 οὐδὲν
3218 1160 3313 1213 καὶ
3336 1161 3392 1213 εῐ
3418 1178 3504 1225 τις
3525 1162 3793 1216 ἐνταῦθα

2166 1251 2227 1304 τὸ
2258 1249 2646 1319 ἐσκλήρυνεν
2673 1252 2795 1305 ἀντὶ
2818 1251 2938 1318 τοῦ,
2965 1253 3212 1323 σκληρὰν
3240 1250 3409 1309 οὖσαν
3437 1256 3533 1309 καὶ
3563 1256 3792 1310 ἀπότοο

2170 1358 2272 1411 μον
2313 1342 2478 1406 αὐτὸς
2528 1343 2617 1397 διά
2648 1342 2759 1398 τῶν
2802 1345 3207 1416 ἐπενεχθέντων
3258 1349 3503 1418 σημείων
3560 1350 3792 1419 μᾶλλον

2167 1433 2450 1506 ἐξήλεγξε,
2502 1439 2599 1489 καὶ
2640 1437 2743 1507 τὴν
2795 1437 3080 1493 ἀπείθειαν
3110 1440 3519 1511 ἐθριάμϐευσεο
3567 1444 3675 1496 καὶ
3720 1442 3790 1495 τὸ

2166 1526 2266 1595 τῆς
2298 1524 2522 1597 γνώμης
2572 1526 2893 1596 ἀμείλικτον
2925 1545 2983 1581 τε
3025 1532 3122 1581 καὶ
3171 1529 3413 1595 ἀνίατον,
3458 1529 3618 1585 οὔπω
3660 1534 3789 1595 τοῖς

2168 1620 2337 1673 πᾶσιν
2370 1618 2515 1673 οῦτω
2543 1618 2823 1691 γνώριμον
2855 1637 2915 1673 τε
2959 1623 3053 1674 καὶ
3084 1622 3408 1693 περιϐόητον
3443 1624 3789 1695 περιφανῶς

2168 1710 2569 1780 ἐστηλίτευσεν.
2610 1711 2676 1764 Ἦ
2711 1711 2820 1783 γὰρ
2841 1712 2951 1765 τῶν
2988 1711 3287 1783 θαυμάτων
3325 1716 3627 1787 ύπερὸολὴ,
3670 1734 3790 1769 πα-

2169 1803 2488 1875 ρακλήσεως
2516 1804 2611 1857 καὶ
2636 1805 2859 1868 πειθοῦς
2906 1806 3126 1874 ἀπάσης
3150 1806 3276 1871 τοὺς
3302 1808 3504 1877 νόμους
3530 1808 3786 1870 νικῶσα.

2166 1896 2261 1949 τοῦ
2304 1896 2506 1967 ⁴Ιιαραὼ
2547 1896 2604 1950 δὲ
2633 1896 2733 1967 τῆς
2783 1896 3013 1967 γνώμης
3066 1898 3463 1970 ὲλαττουμένη,
3500 1899 3621 1964 πῶς
3675 1901 3788 1953 ούκ

2166 1990 2579 2061 ἀνυπέρϐλητον
2628 1988 2794 2043 αὐτοῦ
2836 1989 2929 2043 καὶ
2956 1989 3336 2060 ἀθεράπευτον
3380 1992 3484 2061 τὴν
3528 1994 3789 2062 σκληρο-

468 2086 587 2155 rsz
620 2086 882 2141 duritiam
926 2086 1360 2142 demonstravit?
1414 2085 1507 2142 Sic
1555 2102 1689 2158 ergo
1733 2086 2063 2151 locutiones,

2170 2082 2396 2153 καρδίαν
2430 2082 2795 2153 παρίστησιν;
2834 2079 2992 2134 Οῦτω
3025 2080 3123 2150 μὲν
3151 2082 3246 2135 οὖν
3282 2082 3365 2145 τὺ,
3404 2100 3423 2133 ι
3459 2082 3717 2135 Ἔδωκεν
3753 2083 3788 2133 ὁ

473 2198 495 2228 ο
533 2177 690 2233 Dedit
715 2177 861 2233 Deus
893 2178 971 2232 vel
1004 2177 1229 2233 tradidit
1267 2179 1320 2233 in
1365 2178 1650 2249 passiones
1680 2177 2056 2250 ignominiam»

469 2272 740 2340 itemque,
780 2289 798 2322 ι
839 2270 904 2325 Et
961 2272 1239 2327 induravit
1295 2288 1393 2328 cor
1443 2271 1784 2337 Pharaonis,
1834 2290 1853 2324 ι
1894 2286 2065 2343 quas-

469 2360 603 2415 libet
630 2360 921 2416 calumniae
952 2361 1184 2417 insidias
1209 2373 1502 2434 astumque
1529 2362 1884 2419 frustrantur.

539 2452 629 2507 25.
672 2451 794 2508 Jant
849 2454 979 2524 quid
1038 2470 1177 2526 opus
1225 2466 1310 2511 est
1340 2471 1431 2511 me
1480 2465 1679 2512 caetera
1734 2454 2066 2527 homonyma

469 2545 1063 2618 persequi?siquidem
1104 2548 1188 2603 vel
1220 2549 1341 2619 quis
1381 2549 1589 2620 syllaba
1628 2559 1828 2619 praeter
1864 2550 2065 2605 distin—

470 2639 671 2696 ctionis
710 2641 855 2711 leges
895 2642 1095 2711 posita,
1142 2657 1249 2696 non
1298 2642 1635 2697 mediocrem
1687 2643 2064 2713 perturbatio-

472 2747 594 2785 nem
634 2732 1133 2803 confusionemque
1180 2733 1390 2803 ignaris
1425 2735 1621 2805 harum
1663 2735 1843 2805 legum
1886 2746 2063 2793 creat.

472 2824 608 2889 Qui:
646 2825 817 2891 enim,
843 2826 911 2880 de
941 2842 1049 2895 qua
1078 2842 1226 2881 nunc
1254 2827 1491 2897 agimus,
1532 2804 1738 2898 syllaba
1762 2828 2068 2900 interroga-

471 2917 675 2971 tionem
703 2918 997 2987 siguillcat.
1029 2916 1170 2973 Tum
1214 2934 1346 2975 vero
1371 2934 1497 2974 cum
1537 2933 1600 2975 ea
1639 2934 1859 2991 quoque
1898 2936 2070 2990 nega-

470 3010 623 3066 tione
647 3012 1012 3079 construitur,
1051 3027 1175 3083 qua}
1204 3012 1288 3067 vel
1332 3013 1579 3083 apprime
1609 3013 1685 3068 illi
1717 3014 2065 3081 adversatur,

470 3118 595 3158 eum
622 3103 888 3160 vocabulo
926 3105 1135 3162 scilicet
1177 3122 1349 3160 nemo.
1392 3106 1547 3162 Alias
1592 3116 1775 3163 autem
1815 3107 2067 3164 indefini-

470 3207 583 3253 tam
610 3213 726 3253 rem
770 3199 1029 3254 ostendit.
1080 3197 1188 3254 Sed
1236 3216 1413 3271 neque
1456 3200 1838 3257 admirationis
1877 3211 2069 3271 stupo-

468 3291 654 3361 risque
679 3290 784 3345 vim
819 3305 1062 3348 recusat.
1085 3291 1229 3359 Quin
1261 3294 1396 3348 adeo
1428 3294 1495 3347 ad
1528 3294 1811 3348 raritatem
1845 3310 2067 3365 quoque

469 3381 819 3437 indicandam
849 3383 1163 3448 adhibetur,
1201 3398 1301 3438 nec
1329 3400 1439 3438 non
1476 3384 1542 3438 ad
1584 3384 2064 3456 objurgationem;

2169 2174 2324 2239 Θεὸς,
2367 2192 2386 2225 ι
2423 2173 2520 2227 καὶ
2560 2192 2578 2226 ι
2632 2173 2951 2244 παρέδωκεν
2999 2174 3081 2235 εἰς
3124 2172 3271 2245 πάθη
3319 2174 3567 2244 ἀτιμίας,
3602 2193 3620 2226 ›
3650 2175 3784 2239 καὶ,

2172 2286 2193 2319 ι
2221 2268 2553 2339 Ἐσκλήρυνε
2580 2267 2679 2339 τὴν
2708 2266 2938 2339 καρδίαν
2966 2265 3189 2337 Φαραὼ,
3227 2285 3247 2318 ι
3281 2268 3464 2321 πᾶσαν
3494 2284 3787 2337 συκοφαν-

2166 2362 2289 2424 τίας
2308 2360 2573 2431 ἐκφεύγει
2602 2360 2940 2432 περιδρομὴν
2964 2362 3058 2414 καὶ
3077 2361 3383 2432 δεινότητα.

2240 2458 2342 2506 κε’.
2374 2452 2441 2505 Τί
2467 2452 2525 2506 δὲ
2551 2453 2621 2506 τά
2658 2451 2797 2507 ἀλλα
2826 2470 2895 2522 με
2922 2453 3006 2507 δεῖ
3047 2454 3159 2506 τῶν
3190 2455 3506 2525 ὁμωνύμων
3529 2454 3785 2526 ἐπέρχε-

2168 2543 2331 2611 σθαι;
2358 2546 2494 2598 ὅπου
2531 2562 2593 2614 γε
2622 2546 2715 2598 καὶ
2744 2546 2777 2615 ή
2822 2546 2916 2612 τίς
2950 2546 3209 2618 συλλαῦὴ,
3236 2548 3366 2610 τοὺς
3412 2547 3514 2618 τῆς
3546 2549 3781 2602 διαστο-

2167 2636 2268 2707 λῆς
2301 2636 2645 2691 λανθάνουσα
2682 2638 2907 2709 νόμους,
2940 2639 3002 2693 ού
3047 2639 3145 2711 τὴν
3182 2639 3458 2711 τυχοῦσαν
3501 2642 3781 2713 σύγχυσιν

2170 2730 2265 2785 καὶ⁵
2294 2730 2542 2802 ταραχὴν
2570 2734 2686 2795 τοῖς
2710 2732 2881 2803 μηδὲν
2938 2731 3145 2787 τούτων
3170 2734 3619 2789 ἐπικοινωνοῦσιν
3649 2738 3779 2790 εἰσ-

2170 2825 2319 2893 άγει.
2344 2826 2456 2878 Καὶ
2474 2824 2583 2896 γὰρ
2612 2824 2766 2897 δηλοῖ
2797 2826 2896 2895 μὲν
2918 2827 3053 2880 αὐτὸ
3075 2826 3236 2880 τοῦτο
3264 2828 3360 2881 καὶ
3387 2829 3449 2882 τὸ
3480 2829 3583 2883 ἀνά
3609 2832 3780 2901 χεῖρα

2166 2914 2269 2987 τὴν
2302 2916 2602 2988 ἐρώτησιν
2647 2918 3061 2987 συμφθέγγεται
3093 2919 3151 2972 δὲ
3179 2920 3407 2974 καὶτῶν
3435 2920 3780 2989 ἀποφάσεων

2166 3008 2291 3079 ήτις
2335 3009 2486 3079 αὐτῷ
2546 3010 2784 3080 μάλιστα
2847 3010 3206 3082 διαμάχεται,
3262 3015 3329 3083 τῇ
3381 3013 3584 3080 οὐδείς
3626 3014 3771 3085 (l9).

2173 3098 2399 3151 ’Δλλοτε
2424 3098 2481 3151 δὲ
2513 3098 2576 3152 τὸ
2615 3099 2871 3171 ἀόριστον
2912 3099 3171 3172 σημαίνει
3194 3117 3209 3132 ο
3242 3100 3305 3155 οὐ
3347 3101 3456 3172 μὴν
3482 3101 3608 3155 οὐδὲ
3631 3102 3773 3155 θαυ-

2173 3190 2395 3261 μασμοῦ
2440 3189 2537 3245 καὶ
2580 3190 2975 3261 καταπλήξεως
3020 3190 3174 3259 τάξιν
3216 3192 3580 3262 ἀπαρνείται·
3632 3190 3778 3246 ἀλλὰ

2170 3282 2265 3333 καὶ
2297 3280 2433 3353 πρὸς
2463 3281 2526 3335 τὸ
2558 3281 2786 3337 σπάνιον
2816 3284 3175 3353 ὑποφέρεται,
3207 3282 3535 3354 ἐπιτίμησιν
3568 3282 3627 3337 δὲ
3664 3284 3776 3337 πά-

2168 3372 2252 3426 λιν
2292 3372 2405 3427 έσθ’
2447 3375 2535 3427 ὅτε
2590 3375 2684 3429 καὶ
2713 3376 3030 3449 ἀμηχανίαν
3056 3376 3153 3430 καὶ
3191 3376 3559 3449 διαπόρησιν’
3598 3378 3681 3431 ὅτι
3712 3376 3774 3430 δὲ

468 3474 744 3529 interdum
770 3490 991 3546 quoque
1028 3476 1097 3531 ad
1142 3476 1556 3547 perplexitatem
1613 3486 1780 3548 atque
1834 3478 2061 3533 dubita-

2170 3467 2267 3519 καὶ
2306 3466 2733 3539 προσδιορισμὸς
2782 3472 2898 3535 τοῖς
2945 3469 3306 3540 φιλοσοφοῦσι
3349 3469 3773 3540 καθωμίληται,

468 3565 698 3622 tionem.
750 3564 996 3637 Denique
1026 3567 1157 3637 quia
1205 3568 1482 3624 restrictio
1523 3569 1785 3625 modestis
1824 3570 2068 3624 homini-

470 3659 579 3714 bus
623 3659 912 3715 familiaris
963 3669 1068 3727 est,
1108 3675 1183 3715 ne
1228 3660 1593 3717 humilitatem
1629 3661 1853 3731 quidem
1886 3678 2068 3734 neque

471 3749 581 3803 alia
621 3749 825 3804 similia
856 3765 964 3804 non
996 3747 1289 3820 signiticat.
1321 3748 1503 3805 Plena:
1550 3751 1927 3821 exemplorum
1974 3770 2067 3809 sa-

473 3857 584 3896 cra:
630 3839 850 3896 Littera:
889 3850 1066 3897 sunt:
1109 3857 1249 3913 quas
1299 3843 1750 3900 circumstantias
1795 3845 1907 3901 nisi
1942 3847 2069 3917 quis

473 3932 772 3997 discernat,
812 3942 865 3989 et
909 3948 1072 3989 suum
1124 3933 1325 4004 cuique
1373 3935 1494 4009 voci
1549 3935 1788 3993 olllcium
1839 3938 2065 4006 tribuat,

474 4025 615 4081 nihil
665 4026 861 4081 attinet
922 4026 1140 4094 dicere,
1203 4028 1427 4099 quantis
1482 4029 1767 4087 erroribus
1828 4041 2067 4087 mentem

476 4135 634 4195 suam
661 4119 886 4175 inficiet.
928 4119 1108 4190 Atque
1143 4118 1195 4174 id
1229 4120 1347 4191 ipsa
1382 4122 1724 4178 locutionum
1760 4122 2069 4193 prolatione

474 4215 828 4286 perstricuum
868 4215 978 4270 fiet.
1031 4214 1278 4286 Exempli
1325 4217 1501 4286 gratia
1536 4235 1549 4272 :
1588 4236 1606 4270 ι
1643 4216 1782 4285 Quis
1827 4228 1914 4275 est
1966 4218 2069 4273 iste

472 4324 569 4363 rex
596 4308 784 4380 gloriae
805 4307 889 4362 “‘2
922 4328 941 4360 ι
978 4308 1042 4363 Et
1073 4326 1087 4363 :
1120 4328 1138 4361 ι
1176 4307 1313 4375 Quis
1337 4324 1397 4365 es
1428 4319 1508 4373 tu.
1544 4319 1606 4365 ut
1632 4311 2069 4382 respondeamus

478 4401 563 4457 bis
591 4401 683 4472 qui
716 4416 819 4456 nos
851 4400 1121 4458 miserunt
1146 4402 1235 4456 “?‘
1267 4422 1285 4454 ι
1326 4412 1383 4458 et
1415 4412 1690 4474 quotquot
1740 4403 1945 4461 similia
1984 4404 2069 4459 vel

475 4494 963 4565 interrogationem
1001 4494 1331 4564 significant,
1360 4496 1444 4551 vel
1473 4496 1683 4551 nullam
1709 4496 2067 4567 quaestionem

473 4595 848 4658 commovent.
906 4585 1064 4654 Quod
1118 4587 1165 4643 si
1223 4587 1351 4658 quis
1380 4597 1602 4659 propter
1641 4588 1891 4644 vocabuli
1918 4588 2072 4644 simi—

474 4680 787 4746 litudinem,
809 4679 1118 4734 locutiones
1136 4692 1358 4749 quoque
1392 4697 1439 4733 ιι
1479 4677 1617 4747 Quis
1650 4678 1802 4734 novit
1830 4689 2067 4735 mentem

474 4772 731 4827 Domini?
776 4781 875 4828 aut
918 4773 1045 4842 quis
1087 4771 1442 4829 consiliarius
1483 4771 1605 4842 ejus
1653 4770 1759 4827 fuit
1781 4773 1866 4824 “1'
1897 4791 1916 4822 ι
1959 4782 2015 4826 et
2052 4789 2067 4824 :

2168 3558 2291 3613 οὐδὲ
2324 3562 2426 3630 τὴν
2461 3560 2743 3615 εὐτέλειαν
2771 3561 2895 3616 οὐδὲ
2923 3561 3154 3616 τοιαῦτα
3197 3562 3362 3634 ἔτερα
3402 3563 3771 3634 παρατρέχει.

2168 3653 2283 3708 Καὶ
2310 3653 2419 3707 τῶν
2462 3656 2935 3727 παραδειγμάτων
2960 3654 3030 3710 τά
3077 3656 3199 3728 ίερά
3224 3657 3389 3725 γέμει
3423 3656 3463 3709 Γ
3467 3657 3771 3729 ράμματα²

2169 3745 2317 3817 άπερ
2346 3747 2399 3799 εί
2422 3764 2508 3810 τις
2542 3746 2620 3819 μὴ
2650 3749 3033 3823 φιλοκρινήσῃ,
3064 3749 3187 3821 μηδ’
3208 3749 3425 3820 ἑκάστῳ
3453 3750 3551 3820 τῆς
3583 3750 3772 3819 φωνῆς

2168 3839 2232 3891 τὸ
2271 3842 2550 3911 προσῆκον
2584 3840 2875 3912 άπονέμοι,
2907 3842 3029 3896 οὐδὲ
3070 3842 3230 3911 λόγου
3257 3843 3357 3909 δεῖ,
3398 3843 3609 3913 πλάνης
3635 3842 3771 3911 ὅσης

2168 3930 2300 3994 τοὺς
2331 3932 2526 3986 ἑαυτοῦ
2561 3931 2860 4005 λογισμοὺς
2899 3933 3231 4006 ἀναπλήσει.
3268 3934 3378 3988 Καὶ
3411 3932 3572 3987 τοῦτο
3599 3933 3772 3987 κατά-

2169 4022 2330 4094 δηλον
2359 4023 2458 4077 ἀπ’
2482 4024 2653 4095 αὐτῆς
2678 4041 2742 4093 γε
2784 4024 2886 4094 τῆς
2909 4025 3021 4079 τῶν
3069 4026 3332 4097 ῥημάτων
3364 4024 3727 4097 παραθέσεως
3750 4040 3768 4053 ο

2170 4114 2373 4169 αὐτίκα
2399 4116 2483 4179 τὸ,
2515 4136 2534 4169 ι
2573 4116 2671 4180 Τίς
2694 4118 2844 4171 ἐστιν
2873 4112 3028 4182 οὗτος
3058 4120 3087 4172 ὁ
3112 4117 3371 4189 βασιλεὺς
3396 4118 3498 4189 τῆς
3526 4117 3687 4187 δόξης
3699 4133 3715 4183 ἲ
3742 4134 3764 4167 θ

2172 4206 2267 4260 καὶ
2295 4206 2377 4271 τὸ,
2421 4226 2439 4260 ι
2487 4208 2584 4272 Τίς
2613 4204 2665 4263 εἴ
2696 4210 2783 4272 σὺ,
2815 4209 2906 4263 ἵνα
2944 4210 3240 4282 ἀπόκρισιν
3267 4209 3450 4280 δῶμεν
3480 4211 3595 4273 τοῖς
3617 4209 3767 4280 πέμσ

2172 4301 2338 4373 ψασιν
2360 4304 2509 4375 ἡμᾶς
2534 4321 2549 4369 ;
2591 4324 2611 4359 ι
2643 4306 2737 4359 καὶ
2765 4306 2867 4361 ὅσα
2885 4306 3109 4360 τοιαῦτα
3136 4306 3406 4377 ἐρώτησιν
3440 4304 3553 4376 (20)
3584 4322 3645 4359 τε
3672 4305 3769 4375 δη-

2172 4396 2325 4451 λοῦσι
2365 4398 2463 4452 καὶ
2489 4399 2750 4470 οὐδεμίαν
2782 4398 3020 4473 ἀπορίαν
3061 4399 3325 4455 κινοῦσιν.
3368 4400 3433 4453 Εί
3475 4400 3533 4454 δέ
3561 4417 3647 4463 τις
3678 4398 3770 4453 διὰ

2173 4488 2273 4561 τὴν
2303 4491 2403 4561 τῆς
2446 4491 2634 4562 φωνῆς
2675 4491 2994 4565 ὁμοιότητα,
3031 4494 3129 4547 καὶ
3162 4493 3244 4559 τὸ,
3282 4512 3300 4545 ι
3333 4493 3430 4557 Τίς
3459 4492 3603 4561 ἔγνω
3639 4491 3767 4545 νοῦν

2172 4583 2380 4655 Κυρίου
2406 4600 2421 4649 ;
2445 4584 2478 4655 ἢ
2505 4585 2587 4648 τίς
2618 4584 2923 4656 σύμὸουλος
2948 4585 3116 4639 αὑτοῦ
3141 4585 3361 4653 ἐγένετο
3386 4602 3400 4651 ;
3436 4605 3453 4639 ι
3472 4586 3588 4650 καὶ,
3621 4604 3640 4637 ι
3671 4585 3769 4647 Τίς

2175 4674 2490 4746 προέδωκεν
2519 4675 2670 4745 αὐτῷ
2694 4676 2791 4731 καὶ
2816 4676 3321 4749 ἀνταποδοθήσεται
3361 4677 3551 4749 ain-(ft;
3593 4695 3612 4728 ι
3646 4679 3763 4739 καὶ,

2178 4786 2199 4821 ι
2238 4768 2335 4833 Τίς
2384 4770 2534 4824 ἐστιν
2576 4769 2862 4842 ἄνθρωπος
2910 4770 2971 4835 ὃς
3018 4768 3270 4841 ζήσεται,
3301 4770 3399 4823 καὶ
3429 4771 3532 4825 οὐκ
3575 4770 3769 4840 ὄψεται

481 4885 501 4916 ‹
537 4865 669 4931 Quis
715 4876 840 4921 ante
890 4867 1039 4922 dedit
1090 4866 1166 4921 illi
1194 4867 1291 4930 ζυι,
1315 4865 1365 4921 ei
1414 4865 1757 4921 retribuatur
1782 4864 1867 4920 “‘I
1903 4885 1921 4919 ι
1968 4875 2066 4922 et:

2176 4860 2436 4928 θάνατονς
2472 4882 2490 4914 ι
2531 4863 2586 4916 εἴ
2609 4880 2692 4927 τις
2728 4859 2823 4917 οὖν
2852 4864 2946 4922 καὶ
2973 4864 3146 4918 ταῦτα
3174 4864 3261 4918 διά
3290 4864 3381 4918 τὸν
3406 4864 3569 4918 αὑτὸν
3594 4863 3766 4917 τύπον

483 4970 503 5003 ε
540 4953 673 5020 Quis
706 4964 790 5010 est
811 4955 977 5012 homo
1003 4956 1283 5029 quivivet,
1306 4972 1409 5013 nec
1440 4967 1672 5013 mortem
1704 4957 1912 5013 videbit
1939 4958 2023 5011 "1’
2043 4977 2062 5011 ο

479 5045 524 5097 si
567 5047 714 5116 quis,
767 5048 1008 5118 inquam,
1062 5050 1161 5105 bas
1211 5050 1522 5105 locutiones
1556 5058 1777 5120 propter
1817 5052 2066 5107 eamdem

479 5141 733 5195 vocabuli
768 5140 1023 5208 formam,
1076 5142 1143 5196 ad
1180 5143 1431 5198 eamdem
1464 5144 1746 5198 notionem
1774 5143 1827 5197 vi
1855 5152 2070 5213 pertra-

479 5231 591 5298 liet,
625 5233 813 5303 procul
849 5234 1148 5291 admodum
1189 5252 1221 5292 a
1252 5238 1484 5293 veritate
1525 5235 1827 5291 aberrabit.
1856 5235 2069 5307 Quippe

480 5321 563 5377 liae
592 5340 717 5379 cum
760 5327 990 5397 negandi
1037 5328 1145 5383 vim
1178 5328 1436 5396 habeant,
1477 5328 1850 5399 interrogandi
1904 5329 2071 5383 ratio—

483 5431 606 5471 nem
636 5433 746 5473 non
772 5419 1064 5490 recipiunt.
1095 5418 1269 5477 Nemo
1300 5421 1447 5476 enim
1481 5421 1563 5477 vel
1589 5429 1826 5476 mentem
1854 5419 2073 5477 Domini

548 5620 593 5650 “
628 5617 771 5675 Psal.
798 5636 957 5686 χχιιι,
988 5621 1051 5676 8,
1118 5621 1162 5654 ⁸³
1190 5620 1348 5678 Iuan.
1383 5639 1419 5686 ι,
1448 5622 1539 5677 23.

1632 5625 1676 5655 ’⁵³
1712 5622 1871 5679 Hom.
1915 5640 1990 5691 χι,
2035 5625 2126 5679 54.
2199 5624 2539 5691 “ibitl.,'55.

2174 4955 2277 5026 τῆς
2301 4955 2484 5025 φωνῆς
2507 4955 2646 5025 πρὸς
2665 4955 2765 5027 τὴν
2794 4955 2966 5026 αὐτὴν
2995 4956 3238 5010 διάνοιαν
3266 4956 3599 5021 ὲκὸιάσοιτο,
3626 4956 3763 5011 πολὺ

2176 5050 2242 5103 ἂν
2284 5050 2386 5120 τῆς
2418 5050 2680 5120 ἀληθείας
2730 5050 3105 5123 ἀποσφαλείη·
3138 5052 3311 5107 ταῦτα
3353 5051 3484 5123 γάρ,
3535 5051 3636 5121 τὴν
3665 5052 3765 5121 τῆς

2176 5142 2509 5211 ἀποφάσεως
2558 5143 2827 5213 ἐπέχοντα
2863 5142 3116 5215 δύναμιν,
3162 5145 3263 5217 τὴν
3299 5144 3399 5215 τῆς
3446 5145 3767 5215 ἐρωτήσεως

2177 5236 2281 5288 οὐκ
2323 5234 2644 5305 ἀναδέχεται
2680 5234 2858 5299 τάξιν.
2902 5236 3095 5301 Οὐδεὶς
3142 5237 3253 5309 γὰρ
3295 5236 3421 5291 οὔτε
3454 5234 3582 5290 νοῦν
3625 5236 3769 5304 ἔγνω

2182 5331 2415 5402 Κυρίου,
2441 5330 2565 5385 οὔτε
2598 5331 2903 5403 σύμϐουλος
2935 5330 3099 5384 αὐτοῦ
3133 5331 3356 5399 γέγονεν
3377 5344 3391 5359 '
3422 5328 3482 5383 οὐ
3511 5329 3620 5399 μὴν
3649 5324 3767 5382 ἀλλ’

2181 5423 2291 5477 οὐδ’
2324 5423 2474 5478 ἐστιν
2504 5423 2795 5497 ἄνθρωπος
2825 5423 2883 5489 ὃς
2918 5422 3171 5494 ζήσεται,
3202 5421 3298 5477 καὶ
3323 5422 3423 5476 οὐκ
3451 5419 3645 5492 ὄψεται
3670 5417 3767 5472 θά-

2619 5627 2665 5658 ¹⁸⁸
2703 5625 2851 5684 Psal.
2881 5642 3147 5691 Lxxxvm,
3174 5626 3267 5685 l9.

2008 5746 2239 5806 NOTAE.

553 5855 663 5922 (l9)
691 5855 893 5930 Nempe
922 5861 1095 5927 οὐδείς
1124 5881 1227 5931 τις,
1275 5862 1465 5920 Latine
1496 5882 1642 5920 nemo
1668 5867 1971 5937 quisquam.

2251 5867 2365 5938 (ΞΟ)
2397 5867 2529 5924 Cod.
2558 5867 2869 5940 ἀπόκρισιν,
2910 5868 3315 5934 responsionem.
