4134 6506
396 417 466 483 81
1216 486 1227 495 ,
1471 424 1573 484 ΑΙ)
1597 424 1987 489 AMPHILOC

2094 428 2198 489 ΗΜ
2236 426 2584 501 QUASSTIO
2627 428 2673 488 Ι.
3624 427 3698 493 82

394 551 563 591 νιτον
584 549 599 563 ·
646 530 760 587 οὐδ’
791 530 967 604 ἑτέρῳ
1007 531 1063 587 δὲ
1091 532 1255 588 πάλιν
1285 534 1396 589 τῶν
1434 539 1746 612 είρημένων
1780 545 1989 616 συμφέ-

2094 545 2262 610 novit,
2297 514 2379 597 vel
2414 543 2537 613 ejus
2578 541 2931 599 consiliarius
2980 543 3121 612 fuit;
3172 560 3353 616 neque
3394 555 3481 602 est
3532 548 3696 601 homo

398 636 582 690 ρεται,
612 622 661 674 εί
690 620 787 675 καὶ
811 623 880 690 τῇ
906 622 1122 694 προόδῳ
1144 622 1244 676 τοῦ
1274 625 1521 696 ῥήματος
1545 630 1608 684 οὐ
1638 631 1988 704 διήλλακται·

391 711 523 767 οὐδὲ
558 712 643 776 τὸ,
681 731 701 764 ι
744 713 1067 783 ’Ἄνθρωπός
1100 732 1184 779 τις
1214 717 1537 774 κατέϐαινεν
1559 722 1668 776 ἀπὸ
1717 725 1993 796 Ἰερουσα-

392 804 515 876 λὴμ
542 804 682 877 [βοά.
728 804 948 877 Ἰσραήλ
974 805 1001 878 }
1027 808 1110 873 εἰς
1152 808 1394 881 Ἱεριχώ·
1439 830 1458 865 ι
1493 814 1555 867 τὸ
1588 815 1698 886 γὰρ
1740 817 1994 888 ἀόριστον

395 896 435 964 ἡ
464 894 616 964 φωνὴ
640 895 753 947 νυνὶ
776 895 1034 965 σημαίνει
1052 898 1162 951 τῶν
1184 901 1361 956 ἄλλων
1381 902 1743 975 ἀποστήσασα
1759 924 1776 941 ο
1801 908 1993 981 ὥσπερ

400 985 501 1038 καὶ
523 984 602 1051 τὸ,
627 1004 645 1037 ι
675 985 793 1039 Εἰσί
816 1003 965 1051 τινες
992 987 1103 1041 τῶν
1122 982 1225 1043 ὧδε
1250 992 1584 1064 ἑστηκότων,
1611 996 1808 1062 οἵτινες
1829 1000 1890 1053 οὐ
1917 1001 1991 1071 μὴ

391 1079 704 1147 γεύσωνται
758 1080 991 1134 θανάτου
1024 1081 1131 1146 ’ἐως
1168 1084 1235 1137 ἂν
1266 1085 1417 1140 ῐδωσι
1460 1088 1561 1160 τὴν
1591 1088 1871 1159 βασιλείαν
1896 1093 1991 1147 τοῦ

388 1170 560 1239 Θεοῦ,
595 1192 614 1224 ι
642 1171 743 1244 τὴν
770 1172 864 1227 τοῦ
898 1174 1329 1249 προσδιορισμοῦ
1367 1180 1560 1250 χρείαν
1601 1183 1987 1257 ἀναπληροῦν.

386 1263 713 1337 Ἀρκεῖγάρ
745 1267 842 1321 καὶ
872 1270 1064 1342 μνήμη
1096 1271 1259 1342 μόνον
1289 1273 1409 1337 ἑνὸς
1435 1275 1880 1348 παραδείγματος
1894 1279 1995 1352 τὴν

385 1360 598 1430 χρῆσιν
629 1362 895 1429 ἐπιδεῖξαι
932 1365 1034 1435 τῆς
1068 1365 1277 1437 φωνῆς,
1310 1367 1388 1432 ὡς
1426 1369 1607 1425 οὐδενὶ
1638 1371 1751 1426 τῶν
1789 1390 1993 1443 προτε-

385 1454 687 1523 ταγμένων
712 1456 1135 1525 συμϐιϐἀζεται.

2096 635 2192 706 qui
2233 634 2483 690 victurus
2512 633 2604 700 sit,
2643 643 2991 705 mortemque
3039 652 3149 691 non
3203 638 3447 694 visurus.
3506 638 3698 709 Neque

2098 730 2183 784 ba:
2213 744 2409 783 rursus
2433 728 2694 797 cuiquam
2719 744 2786 783 ex
2820 730 3129 785 antedictis
3158 730 3535 789 locutionibus
3564 748 3697 788 con-

2098 830 2323 894 gruunt,
2378 822 2594 879 etiamsi
2652 823 2968 878 terminatio
3021 825 3281 881 vocabuli
3341 841 3700 897 nequaqutns

2098 915 2317 972 diﬂ‘ert:
2365 930 2544 985 neque
2588 915 2715 970 item
2747 932 2760 967 :
2798 933 2817 967 ι
2856 914 3033 970 Homo
3072 916 3159 980 τὶς
3198 927 3318 972 erat
3375 920 3430 973 in
3473 921 3705 990 regione

2096 1009 2347 1066 Ausitide
2385 1008 2462 1073 ⁸⁶;
2495 1010 2616 1078 »εει
2647 1026 2661 1063 ι
2696 1028 2716 1062 ι
2750 1008 2928 1063 Homo
2969 1010 3057 1075 τὶς
3113 1008 3513 1082 Hierosolymis
3555 1012 3695 1069 Jeri-

2094 1110 2316 1158 euntem
2343 1099 2592 1156 veniebat
2613 1102 2678 1157 ".
2718 1120 2738 1155 ι
2776 1101 2897 1156 Vox
2925 1101 3072 1157 enim
3099 1101 3190 1156 hic
3219 1104 3463 1157 ostendit
3496 1104 3701 1159 indeli-

2094 1196 2270 1251 nitum
2331 1196 2578 1267 aliquid.
2634 1206 2802 1268 atque
2863 1212 2893 1252 a
2956 1196 3342 1267 superioribus
3408 1200 3701 1255 sententiis.

2094 1289 2322 1344 abludit.
2352 1288 2528 1344 Veluti
2554 1298 2608 1343 et
2635 1289 2768 1343 illud
2808 1307 2865 1343 τι
2895 1276 3047 1344 ’Βυιιι
3070 1288 3217 1353 τινὲς
3243 1289 3312 1344 de
3334 1289 3425 1344 hic
3454 1306 3665 1361 praesen
3692 1330 3697 1335 η

2095 1381 2264 1448 tibus,
2297 1383 2391 1453 qui
2426 1397 2535 1437 non
2585 1382 2890 1453 gustabunt
2937 1390 3194 1443 mortem,
3241 1380 3420 1437 donec
3470 1382 3694 1437 videant

2094 1488 2324 1545 regnum
2362 1473 2457 1529 Dei
2485 1473 2552 1539 "‘,
2598 1493 2617 1526 ›
2650 1472 3016 1528 restrictionis
3037 1472 3273 1528 ollicium
3304 1472 3515 1544 implet.
3560 1473 3695 1527 Suf-

388 1548 513 1603 licit
552 1556 736 1603 autem
789 1549 874 1605 vel
930 1552 1097 1608 unius
1142 1555 1379 1627 exempli
1433 1559 1646 1615 mentio
1696 1559 1996 1619 indicando
2029 1565 2285 1621 vocabuli
2353 1566 2503 1632 usui,
2563 1580 2761 1637 nempe
2803 1566 2901 1637 qui
2963 1566 3101 1621 nulli
3164 1568 3514 1638 superiorum
3556 1584 3693 1624 con.

388 1641 570 1711 gruit.

468 1746 584 1805 κςθ.
608 1739 744 1794 Τίνα
763 1739 809 1793 δ’
840 1740 907 1796 ἂν
923 1741 1035 1812 ἔχοι
1058 1746 1348 1800 κοινωνίαν
1376 1748 1514 1820 πρὸς
1528 1747 1598 1802 τὰ
1624 1750 1990 1822 προλαϐόντα,

2172 1746 2268 1806 9-6.
2304 1745 2452 1802 Sane
2479 1744 2614 1816 quid
2643 1758 2938 1800 commune
2966 1745 3170 1800 habent
3220 1762 3344 1802 cum
3378 1746 3692 1818 suprascri-

392 1835 448 1888 εἰ
484 1833 712 1902 καὶτῆς
763 1836 947 1906 φωνῆς
1000 1837 1427 1910 ἀπαράλλακτος
1454 1841 1484 1894 ὁ
1523 1840 1680 1914 ἦχος,
1711 1844 1795 1908 τὸ,
1830 1864 1849 1897 ι
1898 1845 1995 1911 Τίς

393 1925 691 1994 ἀνήγγειλε
740 1943 844 1989 σοι,
888 1929 969 1981 ὅτι
1021 1930 1229 2000 γυμνὸς
1258 1926 1344 1999 ei;
1378 1952 1397 1984 ι
1429 1935 1545 1999 καὶ,
1581 1953 1600 1986 ι
1629 1935 1727 1999 Τίς
1757 1954 1816 1990 σε
1860 1956 1995 1992 κατ-

395 2015 634 2086 ἐστησεν
678 2016 919 2089 ἄρχοντα
972 2022 1067 2075 καὶ
1110 2021 1373 2097 δικαστὴν
1419 2027 1508 2096 ἐφ’
1568 2029 1761 2099 ἡμᾶς;
1802 2050 1820 2083 ι
1870 2033 1990 2099 καὶ,

399 2128 422 2161 ι
457 2109 555 2173 Τίς
584 2105 636 2164 εἴ
668 2113 732 2166 σὺ
754 2114 782 2165 ὁ
812 2113 1016 2184 κρίνων
1039 2114 1321 2187 ἀλλότριον
1345 2119 1597 2191 οίκέτην;
1643 2140 1662 2173 ι
1694 2124 1812 2189 καὶ,
1846 2144 1864 2177 ‹
1896 2126 1995 2190 Τίς

386 2203 637 2271 ἐπάταξε
660 2205 753 2259 τὸν
792 2206 1082 2278 Ἀϐιμέλεχ
1114 2208 1232 2264 υἱὸν
1271 2211 1595 2286 Ἰεροϐοάμ;
1631 2234 1651 2269 ι
1685 2219 1801 2283 καὶ,
1836 2236 1856 2271 ι
1895 2219 1994 2285 Τίς

384 2298 548 2351 ἐστιν
576 2291 730 2363 οὗτος
762 2300 790 2353 ὁ
819 2299 1081 2371 κρύπτων
1116 2319 1184 2372 με
1226 2302 1453 2378 βουλήν;
1491 2326 1510 2359 ι
1550 2305 1739 2364 Ταῦτα
1775 2310 1884 2383 γὰρ
1913 2314 1995 2377 είς

381 2390 769 2461 ἀγανάκτησιν
797 2392 896 2462 μὲν
927 2393 1024 2447 καὶ
1062 2395 1384 2468 ἐπιτίμησιν
1417 2398 1718 2471 ἀφορῶσιν,
1749 2403 1904 2457 οὐδὲν
1934 2403 1993 2458 δὲ

380 2481 582 2551 ὅμοιον
623 2482 735 2537 τῶν
768 2485 1267 2558 προδεδηλωμένων
1316 2492 1681 2563 παριστῶσιν.
1714 2496 1777 2549 El
1820 2496 1879 2551 δέ
1907 2514 1994 2563 τις

382 2575 491 2627 καὶ
526 2574 701 2629 ταῦτα
732 2578 814 2640 είς
835 2578 928 2632 τὸν
955 2580 1055 2651 τῆς
1088 2582 1416 2654 ἐρωτήσεως
1440 2586 1772 2656 μεθελκύσει
1800 2589 1988 2661 νόμον,

382 2666 485 2721 ἵνα
522 2667 598 2739 μὴ
636 2670 775 2740 πρὸς
798 2670 866 2725 τὰ
902 2672 1039 2726 ἄλλα
1069 2673 1237 2744 λέγω,
1269 2675 1497 2746 ἄγνοιάν
1524 2697 1585 2734 τε
1616 2684 1991 2755 κατηγορήσοι

379 2759 491 2813 τοῦ
530 2760 714 2827 Θείου,
752 2764 846 2818 καὶ
874 2767 936 2819 οὐ
982 2768 1451 2841 καταμέμφεσθαι
1496 2775 1596 2839 τὰς
1630 2777 1859 2849 πράξεις
1902 2779 1994 2834 διά

384 2858 494 2927 τῆς
520 2856 728 2927 φωνῆς,
761 2857 897 2913 ἀλλὰ
928 2860 1122 2931 μαθεῖν
1148 2862 1334 2934 ζητεῖν
1360 2864 1420 2931 ἐξ
1445 2867 1669 2935 ἀγνοίας
1693 2869 1787 2924 τὸν
1817 2888 1995 2943 παρα-

388 2950 594 3018 σχόντα
624 2952 723 3024 τὴν
757 2952 849 3007 τοῦ
880 2956 1087 3025 πρᾶξαι
1115 2956 1300 3013 ἄδειαν
1320 2975 1334 2989 °
1377 2962 1468 3015 ναὶ
1497 2961 1563 3033 δὴ
1603 2964 1802 3031 καὶτὸ,
1836 2984 1854 3017 ι
1892 2966 1992 3031 Τίς

384 3047 513 3115 εἰμι
555 3045 706 3115 syth;
760 3048 965 3117 Κύριός
1016 3068 1141 3121 μου,
1178 3052 1419 3123 Κύριος·
1479 3058 1574 3111 καὶ
1620 3057 1707 3121 τίς
1764 3060 1911 3114 ἐστιν
1962 3062 1991 3114 ὁ

387 3135 543 3203 οἶκος
577 3139 671 3194 τοῦ
714 3144 927 3214 πατρὸς
973 3162 1110 3213 pou;
1151 3163 1170 3197 ι
1212 3146 1307 3200 ἐπὶ
1352 3147 1610 3204 τοσοῦτον
1645 3153 1993 3223 ὲμφανεστά-
2019 3122 2063 3180 c

386 3250 498 3305 την
533 3234 691 3306 φέρει
724 3235 824 3306 τὴν
852 3236 1237 3309 παραλλαγὴν,
1280 3240 1366 3309 ἐφ’
1398 3242 1524 3296 ὅσον
1564 3242 1992 3314 ἀπαράλλακτον

386 3328 631 3397 προάγει
666 3328 765 3401 τὴν
792 3332 981 3403 φωνήν
1002 3347 1017 3361 ’
1054 3332 1332 3399 εὐτελείας
1356 3336 1468 3408 γὰρ
1496 3336 1793 3408 ὁμολογίαν
1830 3340 1989 3406 ἰδίας,

388 3422 493 3474 καὶ
530 3420 633 3489 τῆς
670 3422 810 3494 πρὸς
835 3422 970 3478 Θεὸν
1014 3425 1373 3496 εὐχαριστίας
1404 3428 1633 3500 γνώμην
1658 3432 1947 3502 ἀναφαίνει
1972 3450 1987 3465 ο

386 3514 459 3569 οὐ
493 3514 593 3585 μὲν
625 3516 706 3580 είς
738 3516 1031 3588 ἐρώτησιν,
1059 3519 1185 3572 οὐδὲ
1216 3519 1415 3574 πολλοῦ
1448 3521 1533 3576 δεῖ
1562 3523 1697 3596 πρὸς
1726 3524 1991 3598 ἐπιτίμη-

388 3624 483 3660 σιν
510 3607 542 3678 ἥ
576 3608 976 3682 ἀγανάκτησιν,
1016 3611 1049 3683 ἢ
1087 3613 1226 3681 πρὸς
1248 3612 1379 3668 ἄλλο
1407 3631 1461 3669 τι
1488 3614 1600 3669 τῶν
1646 3617 1991 3692 προειρημέ-

383 3718 503 3756 νων
538 3701 631 3756 τὸν
658 3703 920 3776 λογισμὸν
948 3703 1279 3770 διαϐιϐάζει.

462 3971 567 4039 κζ’.
603 3971 678 4027 Τὸ
723 3971 908 4044 μέντοι
961 3972 1188 4031 σπάνιον
1229 3975 1392 4050 είπερ
1428 3995 1481 4032 τι
1525 3977 1664 4043 ὅλως
1696 3979 1851 4050 δηλοῖ
1904 3978 1988 4048 τὸ,

390 4081 416 4117 ε
445 4064 544 4127 Τίς
569 4063 757 4134 σοφὸς,
785 4067 881 4118 καὶ⁵
914 4064 1142 4135 φυλάξει
1170 4067 1376 4134 ταῦτα;
1411 4086 1431 4119 ι
1464 4069 1560 4123 καὶ
1580 4070 1663 4134 τὸ,
1698 4088 1718 4124 ι
1750 4070 1847 4135 Τίς
1871 4071 1995 4125 ἐπί-

388 4172 590 4210 στευσε
619 4159 686 4227 τῇ
720 4157 860 4229 ἀκοῇ
897 4157 1095 4227 ἡμῶν;
1137 4177 1157 4209 ι
1191 4161 1307 4223 καὶ,
1342 4179 1360 4211 ι
1406 4160 1466 4215 '0
1498 4160 1741 4233 βραχίων
1777 4163 1988 4235 Κυρίου

384 4249 499 4305 τίνι
530 4248 926 4322 ἀπεκαλύφθη;
965 4269 982 4303 ι
1017 4252 1081 4305 El
1111 4250 1222 4322 γὰρ
1250 4254 1347 4307 καὶ
1383 4253 1458 4324 μὴ
1485 4253 1710 4321 πάντες,
1741 4256 1858 4310 ἀλλ’
1895 4251 1990 4311 οὖν

384 4345 458 4413 γε
496 4360 646 4406 τινες
676 4345 773 4397 καὶ
803 4344 1234 4410 πεπιστεύκασι,
1262 4346 1361 4400 καὶ
1388 4347 1491 4418 τὴν
1526 4351 1906 4423 φρουρητικήν
1928 4368 1988 4405 τε

384 4437 485 4492 καὶ
514 4438 917 4509 κυϐερνητικὴν
950 4441 1044 4493 καὶ
1076 4442 1589 4514 παντοκρατορικὴν
1618 4443 1713 4497 τοῦ
1738 4443 1875 4497 Θεοῦ
1898 4444 1991 4498 δύο

383 4551 453 4585 να
465 4550 558 4603 μιν
589 4534 653 4586 ὲκ
684 4533 788 4604 τῆς
824 4533 954 4604 περὶ
1004 4534 1204 4600 αὐτοὺς
1251 4535 1347 4589 καὶ
1370 4535 1470 4606 τῆς
1499 4535 1631 4604 περὶ
1670 4536 1730 4590 τὸ
1761 4535 1987 4608 σύμπαν

383 4626 714 4695 εὐεργεσίας
751 4642 811 4680 τε
840 4628 934 4681 καὶ
965 4627 1224 4698 προνοίας
1253 4627 1491 4684 συνιδεῖν
1517 4627 1855 4701 ἠξιώθησαν,
1890 4630 1987 4683 καὶ

380 4720 488 4791 τῆς
522 4720 736 4774 ἐκεῖθεν
786 4722 1163 4792 μαρμαρυγῆς
1203 4724 1325 4787 ταῖς
1371 4721 1684 4794 λαμπηδόσι
1733 4725 1825 4776 τὸν
1860 4722 1987 4776 νοῦν

381 4813 792 4884 ἐλλαμφϐῆναι.
826 4814 953 4878 Πῶς
992 4814 1038 4868 δ’
1064 4814 1263 4868 αὐτίκα
1288 4813 1351 4868 τὸ
1394 4814 1583 4883 Θαῦμα
1620 4814 1719 4869 καὶ
1753 4816 1853 4887 τὴν
1891 4814 1988 4869 ἐκ-

380 4906 589 4978 πληξιν
614 4908 715 4962 οὐκ
745 4906 975 4979 ἀφίησιν
1005 4909 1034 4962 ὁ
1065 4907 1263 4977 λέγων’
1306 4926 1324 4960 ι
1357 4908 1456 4973 Τίς
1483 4902 1643 4974 οὗτος
1670 4910 1699 4964 ὁ
1730 4925 1988 4981 παραγε-

380 5000 624 5068 νόμενος
657 4998 718 5063 ἐξ
762 4997 979 5069 Ἐδώμ;
1016 5018 1035 5052 ι
1069 4999 1184 5063 καὶ,
1225 5018 1244 5051 ι
1272 5000 1369 5063 Τίς
1391 5000 1544 5054 ἐστιν
1568 4993 1747 5067 οὗτος,
1776 5001 1859 5055 ὅτι
1885 5001 1982 5055 καὶ

377 5094 415 5161 ἡ
457 5091 705 5146 θάλασσα
736 5088 833 5144 καὶ
861 5090 914 5143 οί
942 5089 1135 5161 ἄνεμοι
1165 5090 1535 5144 ὑπακούουσιν
1562 5091 1745 5161 αὐτῷ;
1784 5112 1804 5144 ι
1844 5093 1981 5166 ὅπερ

378 5185 612 5255 οὐδεμία
640 5184 748 5239 τῶν
778 5184 1246 5256 προτεταγμένων
1292 5187 1488 5255 φωνῶν
1523 5188 1583 5241 οὐ
1623 5187 1722 5260 μὲν
1759 5182 1854 5242 οὖν
1882 5189 1983 5243 οὐκ

380 5275 530 5349 εἶχεν
564 5278 721 5349 ίσχύν
753 5276 1065 5350 σημαίνειν.
1102 5278 1377 5349 Προσθείη
1400 5278 1444 5332 δ’
1475 5278 1543 5333 ἄν
1571 5296 1658 5344 τις
1681 5282 1796 5342 τοῖς
1829 5282 1985 5353 εἰρη-

382 5371 573 5441 μένοις
600 5372 697 5424 καὶ
723 5372 808 5439 τὸ,
840 5389 860 5423 ι
900 5370 1000 5434 Τίς
1036 5369 1204 5425 δώσει
1226 5372 1291 5443 τῇ
1328 5371 1539 5442 κεφαλῇ
1588 5388 1692 5443 μου
1733 5369 1915 5444 ῦδωρ;
1955 5391 1974 5426 ι

382 5466 506 5524 καὶ,
546 5483 563 5515 ‹
596 5462 695 5528 Τίς
726 5463 794 5519 ἄν
842 5481 912 5533 με
941 5463 1066 5534 θείη
1110 5464 1254 5519 κατά
1290 5465 1437 5536 μῆνα
1469 5464 1698 5537 ἡμερῶν
1727 5464 1839 5521 τῶν
1879 5464 1980 5536 ἐμ-

380 5556 654 5627 προσθεν;
685 5575 704 5610 ι
732 5557 856 5626 καὶ,
884 5576 908 5611 ο
934 5556 1296 5628 Ταλαίπωρος
1319 5557 1433 5626 ἐγὼ
1456 5559 1777 5629 ἄνθρωποςί
1803 5559 1887 5623 τίς
1913 5576 1982 5629 με

383 5647 615 5719 ῥύσεται
650 5651 715 5704 ἐκ
739 5651 835 5705 τοῦ
863 5650 1121 5722 σώματος
1144 5649 1238 5703 τοῦ
1286 5649 1520 5706 Θανάτου
1556 5649 1791 5718 τούτου;
1824 5670 1843 5705 ι
1877 5651 1977 5705 Εὐ-

490 5810 534 5839 ”
560 5805 663 5860 Job
706 5824 745 5869 ι.
784 5807 833 5861 l.
915 5810 958 5840 ⁸⁷
993 5806 1126 5864 an.
1157 5825 1213 5871 x,
1238 5808 1329 5865 30.

1444 5809 1489 5842 ⁸⁸
1524 5807 1635 5864 Luc
1671 5826 1746 5875 ix,
1775 5807 1868 5863 27.

474 5880 515 5947 tt
541 5878 667 5947 lleg.
706 5893 784 5939 xl,
809 5879 898 5936 2|.
977 5880 1023 5910 ⁸³
1052 5878 1176 5933 Job.
1203 5869 1334 5946 ἠιι,
1367 5882 1418 5936 5.

1982 5808 2028 5842 b9

1524 5808 1635 5864 Luc
1671 5826 1746 5875 ix,
1775 5808 1868 5863 27.
1982 5808 1990 5839 ¹

1499 5881 1545 5914 ³⁵
1575 5879 1617 5951 ιι
1649 5879 1783 5946 Reg.
1820 5894 1972 5944 xvm,

2094 5808 2202 5865 len.
2261 5826 2345 5872 ιιι,
2408 5811 2497 5866 Η.
2609 5810 2655 5843 ⁸ο
2690 5808 2866 5865 Exod.
2904 5826 2965 5875 ιι,
3008 5809 3093 5864 Η.
3205 5808 3248 5839 ⁸¹
3286 5808 3443 5860 Rom.
3480 5818 3590 5865 nv,
3621 5808 3680 5856 4.

2094 5922 2104 5933 .
2183 5881 2228 5913 ⁵⁵
2266 5880 2410 5936 Psal.
2446 5898 2555 5951 ενι,
2588 5882 2675 5939 45.
2752 5882 2797 5914 ’ί
2834 5882 2939 5938 lsa.
2982 5898 3100 5947 Llll,
3142 5881 3187 5937 ι.
3235 5879 3279 5911 ⁵⁷
3306 5876 3411 5932 lsa.
3445 5890 3601 5942 thu,
3628 5875 3696 5929 ὴ.

2097 1843 2229 1915 ptis,
2273 1855 2594 1912 quanquam
2646 1840 2800 1896 vocis
2832 1856 3005 1896 sonus
3036 1841 3183 1896 haud
3235 1841 3695 1907 immutatur,lo-

2097 1935 2359 1993 cntiones
2419 1933 2548 1988 hae?
2588 1931 2888 1988 videlicet:
2924 1952 2942 1985 ι
2982 1931 3121 2000 Quis
3164 1934 3264 1989 tibi
3318 1935 3592 1989 nuntiavit
3642 1943 3702 1988 te

2096 2045 2221 2087 esse
2259 2029 2469 2085 nudum
2504 2028 2596 2083 “‘1
2629 2047 2648 2080 ι
2684 2056 2757 2069 --
2788 2047 2807 2080 ι
2846 2027 2983 2095 Quis
3013 2038 3064 2085 te
3092 2030 3383 2084 Dominum
3409 2026 3696 2083 constituit

2091 2124 2448 2195 judicemque
2500 2132 2751 2179 nostrum
2786 2123 2879 2177 ὀἳ
2916 2143 2935 2176 s
2963 2152 3034 2164 —
3074 2141 3093 2175 ι
3149 2122 3286 2189 Quis
3337 2138 3399 2179 es
3445 2130 3501 2177 tu
3530 2162 3545 2187 ,
3598 2121 3695 2191 qui

2099 2218 2343 2272 alienum
2390 2232 2610 2271 servum
2657 2214 2877 2284 judicas
2904 2215 2995 2270 "?
3031 2235 3050 2269 ι
3083 2245 3151 2259 —
3185 2234 3205 2267 ι
3238 2213 3372 2281 Quis
3417 2213 3695 2285 percussit

2095 2309 2512 2366 Abimelcchum
2557 2308 2869 2366 Jeroboanii
2906 2310 3078 2364 lilium
3107 2309 3200 2363 "2
3233 2326 3253 2361 ι
3285 2338 3357 2350 —-
3382 2327 3401 2360 ι
3439 2306 3575 2374 Quis
3610 2316 3701 2361 est

2095 2405 2188 2475 qui
2236 2420 2324 2459 me
2374 2404 2705 2459 sententiam
2758 2404 2898 2458 celat
2927 2404 3015 2457 "‘1
3077 2420 3096 2454 ι
3152 2430 3224 2443 --
3276 2400 3549 2456 Nimirum
3606 2401 3693 2455 ba:

2096 2493 2409 2551 locutiones
2480 2492 2547 2547 ad
2629 2493 3062 2564 indignationem
3132 2492 3697 2563 objurgationemque

2096 2595 2375 2657 spectant,
2400 2586 2537 2641 nihil
2570 2594 2754 2642 autem
2784 2588 2965 2642 simile
2998 2587 3385 2657 praedictarum
3409 2584 3690 2640 exhibent.

2095 2680 2255 2747 Quod
2289 2680 2335 2735 si
2355 2680 2481 2750 quis
2507 2694 2601 2735 eas
2630 2680 2698 2734 ad
2731 2679 3187 2751 interrogationis
3219 2680 3465 2749 regulam
3508 2677 3697 2731 trahe-

2093 2786 2198 2839 ret,
2230 2773 2433 2843 nequid
2479 2783 2749 2845 prazterea
2801 2774 3006 2838 dicam,
3054 2772 3423 2840 ignorantiam
3476 2785 3696 2841 quoque

2096 2868 2151 2923 in
2182 2866 2291 2923 Deo
2311 2876 2673 2939 eoargueret;
2698 2882 2879 2937 neque
2904 2868 2973 2923 ab
2992 2883 3057 2922 eo
3081 2865 3406 2937 reprehendi
3433 2864 3537 2919 hac
3562 2878 3697 2918 voce

2096 2959 2348 3015 actiones
2393 2959 2683 3016 hominum
2731 2958 3012 3025 suaderet,
3067 2973 3260 3013 verum
3313 2972 3539 3027 operam
3572 2955 3693 3009 dari

2098 3054 2167 3108 ab
2196 3052 2389 3109 eodem
2423 3061 2651 3123 propter
2685 3068 2843 3108 suam
2878 3052 3153 3107 inscitiam
3194 3058 3253 3105 ut
3294 3051 3435 3105 sciat
3464 3049 3693 3119 aliquid,

2096 3147 2192 3217 qui
2243 3145 2368 3201 aliis
2405 3145 2725 3201 facultatem
2775 3145 2971 3215 agendi
3024 3144 3357 3216 suppeditat.
3410 3141 3608 3212 Utique
3639 3151 3695 3196 et

2099 3239 2232 3294 illud
2264 3257 2278 3293 :
2320 3258 2339 3290 ι
2376 3237 2514 3305 Quis
2557 3253 2680 3293 sum
2711 3238 2857 3307 ego?
2886 3238 3155 3293 Dominus
3181 3251 3356 3298 meus,
3386 3234 3693 3300 Dominus;

2096 3343 2150 3388 et
2191 3347 2317 3404 quae
2365 3341 2451 3388 est
2494 3332 2695 3388 domus
2737 3331 2912 3402 patris
2957 3330 3063 3385 mei
3091 3329 3181 3384 “‘3
3236 3348 3255 3381 ι
3321 3337 3473 3384 tanto
3518 3327 3695 3398 magis

2095 3425 2217 3480 haec
2247 3425 2626 3480 diversitatem
2658 3423 2741 3479 rei
2790 3423 2973 3493 palam
3026 3422 3255 3487 faciunt,
3299 3428 3508 3491 quanto
3539 3420 3698 3475 simi-

2095 3519 2233 3575 liore
2264 3534 2401 3576 voce
2430 3518 2713 3575 dicuntur.
2767 3517 3125 3589 Signiﬁcatur
3159 3516 3305 3571 enim
3342 3514 3580 3584 preprize
3612 3513 3696 3567 vi-

2096 3614 2273 3671 litatis
2296 3612 2596 3674 confessio.
2621 3620 2926 3683 gratusque
2953 3611 3222 3665 adversus
3252 3608 3420 3663 Deum
3449 3608 3691 3662 animus.

2093 3702 2285 3777 Neque
2319 3705 2448 3761 licet
2494 3704 2585 3759 hic
2622 3703 2871 3771 cogitare
2906 3700 3393 3777 interrogationem
3419 3740 3433 3761 ,
3490 3698 3695 3752 multo.

2094 3813 2203 3868 que
2246 3797 2431 3852 minus
2471 3795 2915 3867 objurgationem
2961 3802 3056 3847 aut
3104 3790 3564 3863 indignationem,
3599 3798 3698 3843 aut

2094 3891 2397 3963 quemlibet
2424 3906 2456 3946 e
2490 3889 2769 3961 praedictis
2796 3887 3047 3943 modum.

2163 3984 2254 4046 27.
2280 3982 2400 4039 Jam
2437 3982 2605 4038 etiam
2632 3985 2914 4037 raritatem
2943 3994 3111 4051 quam
3140 3976 3289 4049 quod
3321 3978 3559 4031 maxime
3586 3972 3699 4030 hoc

2093 4078 2426 4133 vocabulum
2472 4075 2749 4145 designat.
2797 4073 3053 4145 Nempe:
3097 4092 3115 4126 ι
3154 4070 3293 4139 Quis
3345 4071 3588 4140 sapiens,
3637 4078 3695 4124 et

2094 4168 2371 4228 custodiet
2428 4171 2544 4225 haec
2572 4168 2667 4223 ⁸³⁸2
2728 4187 2750 4221 ι
2785 4175 2843 4223 et
2895 4185 2910 4223 :
2973 4185 2993 4219 ι
3053 4166 3192 4233 Quis
3247 4165 3483 4219 credidit
3534 4162 3703 4219 audi-

2093 4262 2171 4316 tui
2224 4271 2455 4324 nostro,
2510 4268 2567 4313 et
2612 4257 2899 4312 brachium
2952 4253 3172 4310 Domini
3221 4252 3313 4309 cui
3381 4251 3697 4307 revelatum.

2093 4362 2174 4409 est
2199 4352 2292 4406 ⁵⁸2
2326 4370 2345 4403 ι
2378 4351 2514 4406 Nam
2551 4350 2598 4406 si
2634 4350 2819 4405 minus
2859 4348 3067 4414 cuncti,
3110 4358 3259 4404 certe
3309 4345 3522 4417 aliquot
3567 4360 3693 4400 cre-

2093 4446 2391 4511 diderunt;
2431 4443 2635 4517 quibus
2676 4457 2809 4497 sane
2849 4440 3339 4502 conservatricem,
3373 4438 3702 4503 rectricem,

2093 4539 2492 4607 dominatuque
2519 4535 2768 4591 omnium
2813 4534 2907 4591 Dei
2943 4535 3052 4589 vim
3088 4543 3203 4589 tum
3240 4549 3271 4588 e
3316 4531 3599 4588 beneﬁciis
3633 4530 3702 4586 in:

2091 4647 2151 4688 se
2179 4630 2560 4700 mundumque
2588 4636 2765 4684 totum
2797 4627 3036 4688 collatis.
3080 4636 3192 4681 tum
3238 4624 3405 4681 etiam
3445 4639 3476 4679 e
3505 4623 3695 4695 provi-

2091 4720 2276 4776 dentia
2310 4719 2561 4774 contueri
2593 4719 2887 4788 dignanter
2910 4732 3237 4773 concessum
3274 4715 3419 4771 fuit-z
3451 4730 3687 4785 quorum

2088 4813 2362 4869 luminum
2404 4811 2574 4867 radiis
2606 4810 2943 4874 collustrati,
2979 4810 3182 4873 mentis
3213 4809 3469 4864 tenebras
3499 4807 3696 4876 dispu-

2088 4905 2294 4961 lerunt.
2358 4899 2552 4958 Nonne
2613 4916 2747 4958 vero
2813 4900 3234 4955 admirationem
3292 4908 3703 4970 stuporemqne-

2091 4998 2274 5070 prodit
2340 4996 2389 5052 is
2451 4995 2545 5067 qui
2606 4994 2733 5050 ait:
2776 5012 2795 5046 ι
2840 4992 2979 5061 Quis
3029 5002 3112 5049 est
3170 4994 3276 5048 iste
3336 4992 3567 5047 veniens
3618 5005 3688 5045 ex

2091 5089 2265 5146 Edom
2299 5089 2393 5145 "2
2425 5107 2443 5140 ι
2485 5119 2555 5129 -
2601 5108 2620 5141 ι
2658 5088 2796 5157 Quis
2828 5095 2915 5143 est
2961 5086 3070 5151 hic,
3118 5086 3207 5141 cui
3244 5100 3397 5141 mare
3431 5082 3702 5154 ventique

2091 5184 2471 5242 obediunt"?
2505 5204 2524 5237 ι
2558 5200 2723 5256 quem
2777 5199 2911 5240 sane
2964 5181 3361 5253 signiﬁcatum,
3410 5179 3687 5234 dictarum

2090 5288 2249 5333 antea
2301 5279 2642 5334 locutionum
2689 5276 2839 5333 nulla
2874 5292 2988 5348 pra:
3032 5291 3091 5331 se
3139 5274 3263 5329 fert.
3300 5272 3454 5328 Adde
3485 5271 3593 5335 bis,
3636 5269 3685 5326 si

2090 5372 2255 5427 libet:
2286 5390 2303 5424 ι
2343 5371 2480 5438 Quis
2507 5370 2656 5425 dabit
2689 5369 2854 5440 capiti
2880 5383 3004 5425 meo
3034 5383 3235 5438 aquam
3268 5365 3363 5419 ³³⁸2
3394 5382 3522 5418 »ν-‹
3549 5362 3690 5431 Quis

2091 5481 2179 5520 me
2207 5475 2373 5535 ponet
2402 5465 2557 5534 juxta
2604 5480 2848 5520 mensem
2882 5461 3235 5534 superiorum
3281 5460 3495 5515 dierum
3525 5457 3611 5511 “?
3658 5475 3691 5509 δ

2089 5559 2155 5615 Ει
2184 5577 2197 5613 :
2233 5577 2253 5611 ι
2291 5557 2483 5614 Infelix
2516 5574 2620 5630 ego
2650 5558 2814 5613 homo
2841 5559 2855 5613 l
2899 5558 3027 5628 quis
3064 5571 3151 5611 me
3180 5551 3439 5610 liberabit
3468 5551 3539 5607 de
3562 5565 3694 5607 eor~

2090 5667 2224 5724 pore
2268 5653 2466 5709 mortis
2509 5653 2672 5725 hujus
2697 5652 2786 5707 “2
2821 5671 2840 5705 ι
2877 5650 3100 5709 Scilicet
3149 5651 3265 5705 lucc
3313 5646 3596 5703 hominem
3625 5644 3688 5700 in

2609 5810 2655 5843 ⁸ο
2690 5808 2866 5865 Exod.
2904 5826 2965 5875 ιι,
3008 5809 3093 5864 Η.
3205 5808 3248 5839 ⁸¹
3286 5805 3443 5860 Rom.
3480 5818 3590 5865 nv,
3621 5802 3680 5856 Α..

392 5939 440 5970 ⁸⁸
466 5939 741 6019 Μυιυῖιν,
779 5950 865 6006 ιδ.
942 5952 997 5987 ⁸⁸
1016 5949 1216 6007 Jcrem.
1249 5939 1333 6020 ix,
1362 5952 1410 6009 ι.
1495 5952 1539 5985 ⁸ο
1565 5949 1670 6008 Job
1701 5939 1851 6021 x'm,
1889 5939 1970 6005 2..

2101 5951 2262 6009 Rom.
2293 5968 2386 6021 vn,
2424 5953 2515 6011 2i.
