4134 6502
524 400 599 462 83
1667 394 1931 455 PHOTII
1988 396 2180 456 PATR
2195 396 2492 456 IARCIMS
2530 396 2641 457 Cl".
3752 390 3831 458 85

525 506 797 577 angustiis
837 506 907 562 ad
951 521 1139 577 preces
1184 504 1595 577 confugientem
1638 508 1928 572 exhibent,
1980 523 2106 562 cum

2218 508 2313 577 Κῆς
2341 507 2441 577 μὲν
2469 507 2579 577 γὰρ
2610 503 2938 575 καταφυγὴν
2970 505 3029 571 ἐξ
3071 505 3385 577 ἀμηχανξας
3413 506 3484 560 τὰ
3527 506 3833 577 εἰρημένα

526 601 922 657 sententiarum
974 600 1221 669 priurum
1275 600 1427 654 nulla
1478 608 1833 670 congruunt:
1876 608 1933 655 et
1979 609 2104 656 vota

525 693 745 762 quidem
784 706 881 759 pro
934 693 1205 746 tnalorum
1253 691 1579 762 depulsione
1634 694 1941 760 continent,
1995 709 2104 748 non

524 791 704 835 tamen
734 781 813 835 vel
844 781 1352 851 interrogationem,
1397 783 1479 837 vel
1517 783 1801 839 modestiae
1827 784 2108 855 signiﬁca-

526 870 761 933 tionem.
792 871 875 925 vel
906 870 1249 926 indeﬁnitum
1276 872 1428 942 quid,
1472 873 1557 927 Vel
1579 873 1820 943 aliquam
1854 874 2107 944 increpa-

524 963 762 1030 tionem;
797 978 977 1033 neque
1019 979 1214 1018 rursus
1253 964 1556 1029 raritatem,
1590 980 1768 1035 neque
1805 966 2107 1035 gratiarqu

522 1056 824 1121 actionem,
859 1071 1039 1125 neque
1068 1056 1492 1111 admirationem
1522 1057 1606 1111 vel
1638 1067 1940 1127 stuporem.

592 1146 687 1200 28.
740 1145 1010 1201 Praeterea
1061 1147 1207 1202 istud
1268 1148 1433 1201 etiam
1494 1163 1707 1203 mecum
1762 1151 2106 1211 considera:

530 1238 697 1306 «Quis
719 1238 950 1309 decipiet
963 1238 1273 1293 Achaabnni
1288 1238 1377 1291 σει
1401 1249 1476 1304 et,
1496 1239 1699 1304 «Quem
1718 1242 1926 1298 mittam
1945 1245 2012 1277 ⁶¹⁹
2043 1247 2104 1300 ἳι

526 1342 582 1386 et
612 1349 627 1387 :
658 1351 675 1383 ι
709 1332 845 1397 Quis
894 1331 996 1386 ibit
1040 1332 1106 1386 ad
1157 1330 1416 1401 populum
1452 1332 1534 1385 “?
1563 1351 1583 1385 ι
1611 1330 1943 1389 Nonnullam
1997 1338 2113 1393 haec

525 1425 746 1494 quidem
779 1423 1015 1492 speciem
1050 1423 1275 1489 habent,
1306 1422 1425 1479 fore
1460 1433 1521 1478 ut
1550 1425 1653 1479 sub
1679 1426 1864 1497 aliquo
1893 1442 1926 1483 e
1966 1445 2113 1499 prte-

527 1518 852 1573 cedentibus
909 1516 1089 1572 modis
1148 1518 1573 1581 concludantur,
1625 1534 1685 1573 re
1746 1529 1930 1575 tamen
1982 1537 2109 1577 vera

528 1610 735 1663 aditum
822 1609 950 1664 illuc
1018 1624 1126 1663 non
1194 1610 1546 1677 inveniunt,
1618 1610 1711 1665 sed
1776 1614 2111 1681 provocandi

529 1700 731 1765 potius,
781 1699 864 1753 vel
910 1699 1057 1753 modi
1112 1699 1299 1753 nescio
1345 1700 1505 1769 cujus
1561 1701 1892 1755 sententiam
1926 1704 2103 1758 conti-

530 1800 685 1846 nent.
740 1790 877 1845 lllnd
922 1800 1106 1847 autem
1139 1810 1152 1846 :
1194 1809 1213 1842 ι
1246 1791 1378 1857 Quae
1407 1793 1554 1847 enim
1600 1790 1867 1848 fortitudo
1902 1810 2021 1849 mea
2054 1802 2114 1850 nt

2206 598 2458 667 δηλώσει,
2497 600 2578 662 είς
2597 597 2749 652 ούδέν
2769 598 2825 651 δέ
2854 598 2964 652 τῶν
2990 598 3495 670 προδιεσταλμένων
3524 595 3829 669 συνε[νε]-

2207 690 2393 761 χθείη·
2429 691 2524 744 καὶ
2564 690 2885 760 ἀπαλλαγῆς
2933 689 3033 759 μέν
3067 689 3347 760 ἐξαίτησιν
3395 690 3503 743 τῶν
3546 690 3835 757 συνεχόν-

2207 796 2337 844 των,
2375 779 2436 831 ού
2469 779 2575 850 μὴν
2604 778 2897 851 ἐρώτησιν,
2938 778 3062 831 οὐδὲ
3095 778 3547 849 προσδιορισμὸν,
3592 779 3735 830 οὐδὲ
3765 778 3832 830 τὸ

2206 872 2482 943 ἀόριστον,
2512 872 2622 925 οὐδ’
2646 872 2988 944 ἐπιτίμησιν,
3016 870 3132 925 ἀλλ’
3158 872 3282 925 ούδέ
3309 871 3372 924 τό
3402 870 3673 933 σπάνιον,
3705 868 3831 922 ἀλλ’

2206 962 2329 1017 ούδέ
2371 963 2814 1035 εὐχαριστίαν,ἢ
2856 964 3156 1031 εὐτέλειαν,
3186 963 3310 1017 ούδέ
3344 962 3527 1034 θαῦμα
3569 962 3683 1015 καὶ
3734 960 3839 1012 ἐκ-

2209 1056 2406 1126 πληξιν
2439 1057 2773 1128 ὑπογράφει.

2279 1147 2387 1219 κη’.
2422 1148 2494 1203 Σὺ
2541 1148 2600 1202 δέ
2651 1166 2746 1219 μοι
2809 1149 3032 1203 κάκεῖνο
3080 1146 3499 1219 προσεπιζήτει,
3526 1147 3624 1214 τὸ,
3666 1165 3690 1199 ι
3726 1144 3845 1210 Τίς

2210 1245 2483 1313 ἀπατήσει
2503 1244 2596 1297 τὸν
2622 1242 2867 1314 ’Λχαάϐς
2898 1260 2918 1293 ι
2950 1243 3095 1305 καὶ,‹
3120 1242 3255 1295 Τίνα
3276 1241 3602 1307 άποστελῶς
3635 1260 3662 1293 ι
3705 1240 3834 1305 καὶ,

2216 1353 2235 1387 ι
2271 1334 2369 1397 Τίς
2410 1332 2740 1405 πορεύσεται
2791 1334 2929 1404 πρὸς
2957 1332 3051 1386 τὸν
3082 1333 3239 1399 λαόν;
3274 1351 3294 1386 ι
3346 1333 3678 1386 Φαντασίαν
3725 1332 3839 1401 μέν

2210 1443 2334 1478 τινα
2368 1425 2670 1495 παρέχεται
2698 1424 2775 1489 ώς
2802 1425 3029 1478 δυνατὸν
3062 1425 3153 1493 ὑφ’
3195 1424 3254 1476 ἓν
3293 1424 3404 1477 τῶν
3450 1425 3837 1494 προδιευκρι-

2212 1518 2465 1588 νημένων
2494 1516 2795 1588 ἀναχθῆναι
2816 1534 2828 1547 ·
2862 1517 2923 1570 ού
2951 1518 3059 1587 μήν
3092 1534 3155 1584 γε
3180 1515 3279 1569 καὶ
3302 1518 3369 1585 τῇ
3397 1515 3643 1586 ἀληθείᾳ
3677 1515 3839 1583 πάρ-

2213 1612 2332 1665 οδον
2372 1612 2639 1680 εὑρίσκει,
2698 1608 2835 1665 ἀλλά
2872 1608 3247 1679 προκλητικῆς
3283 1607 3485 1677 μᾶλλόν
3526 1609 3659 1659 ἐστι
3702 1605 3840 1658 δια-

2215 1703 2386 1767 νοίας,
2431 1702 2465 1773 ἢ
2520 1702 2706 1773 ἐτέρου
2740 1700 2884 1765 τινὸς
2915 1700 3088 1754 τύπον
3119 1699 3397 1762 διασώζει.
3436 1699 3511 1752 Τὸ
3533 1699 3617 1763 δὲ,
3666 1716 3690 1750 ι
3727 1697 3837 1759 Τίς

2215 1792 2326 1862 γάρ
2363 1808 2465 1862 μου
2498 1792 2531 1861 η
2560 1791 2739 1861 ἰσχὺς,
2767 1791 2850 1843 ὅτι
2882 1789 3176 1860 ύπομένω;
3211 1789 3243 1858 ἢ
3274 1789 3356 1852 τίς
3390 1805 3494 1858 μου
3522 1788 3552 1839 ὀ
3585 1787 3837 1857 χρόνος,

528 1882 876 1938 sustineam?
904 1891 1002 1937 aut
1043 1884 1319 1953 quodnam
1365 1891 1583 1954 tempus
1618 1900 1799 1939 meum
1842 1895 1901 1940 ut
1936 1886 2112 1955 perfe-

2218 1884 2295 1937 δτι
2341 1883 2641 1952 ἀνέχομαις
2675 1900 2694 1933 ι
2750 1881 2868 1944 πῶς
2910 1882 3011 1953 οὐχ
3057 1880 3244 1948 ἕτερόν
3294 1897 3347 1934 τι
3395 1882 3838 1950 σημαινόμενον

533 1989 647 2027 ram
677 1974 766 2027 συί
802 1992 821 2026 ι
857 1974 1050 2045 quidni
1093 1974 1261 2028 alium
1305 1990 1527 2031 sensum
1572 1976 1676 2031 sibi
1724 1977 2001 2044 deposcet,
2037 1979 2111 2033 ita

530 2072 590 2117 nt
627 2064 916 2119 consilium
962 2065 1191 2119 minime
1233 2065 1496 2135 injurinm
1544 2065 1655 2122 Deo
1686 2066 1802 2122 sit?
1842 2066 1934 2124 Ille
1961 2070 2111 2125 enim

528 2153 933 2208 calamitatibus
961 2170 1206 2224 pressus,
1233 2156 1364 2211 dum
1390 2158 1515 2212 vita:
1542 2158 1861 2213 brevitatem
1889 2159 2116 2215 virium-

528 2260 637 2315 que
689 2246 1061 2300 inﬁrmitatem
1112 2257 1167 2301 et
1210 2248 1536 2317 paucitatem
1579 2249 1859 2306 declarare
1908 2252 2112 2320 studet,

529 2338 616 2392 his
647 2352 769 2407 quae
795 2336 911 2392 dixi
942 2338 1121 2393 verbis
1152 2346 1207 2393 et
1236 2338 1329 2393 illa
1358 2340 1524 2395 simul
1561 2341 1729 2408 mala,
1763 2351 1819 2397 et
1846 2358 2009 2399 suum
2042 2346 2113 2399 ob

528 2440 594 2481 ea
622 2436 877 2482 mmstnm
923 2428 1311 2499 defessumque
1344 2431 1593 2487 animum
1630 2435 1828 2505 aperit.
1884 2434 2115 2508 Insuper

528 2520 663 2575 illud
705 2540 718 2576 :
756 2540 775 2573 ι
813 2521 953 2576 Num
997 2523 1123 2592 quis
1177 2525 1329 2579 novit
1376 2541 1443 2579 an
1495 2543 1623 2581 eum
1667 2530 2115 2600 deprehensurus

527 2614 632 2668 sim
658 2614 741 2668 ⁸⁸2
769 2633 788 2666 ι
813 2626 865 2670 et
887 2634 899 2669 :
920 2634 937 2666 ι
965 2615 1101 2682 Quis
1128 2618 1300 2684 novit,
1326 2628 1511 2673 utrum
1541 2622 1612 2675 sit
1640 2638 1961 2681 reversurus
1982 2627 2065 2681 “2
2089 2646 2113 2681 ι

531 2706 673 2772 haec,
703 2708 949 2777 inquam,
983 2708 1300 2766 dubitanter
1329 2711 1495 2778 dicta,
1524 2712 1570 2767 si
1602 2712 1674 2767 ita
1715 2715 2112 2789 intelligantur,

532 2813 885 2867 nequaquam
927 2801 1250 2855 sententiam
1284 2801 1684 2870 obscurabunt,
1726 2807 1987 2879 nullaque
2013 2826 2115 2865 au-

529 2889 766 2943 ditorem
819 2891 1176 2960 ambiguitate
1228 2893 1496 2949 irretient.
1549 2894 1645 2950 Sin
1700 2900 1886 2954 eadem
1918 2918 1947 2956 a
1979 2918 2118 2971 pra:-

528 2978 677 3033 dicta
713 2980 1111 3051 signiﬁcatione
1142 2983 1418 3049 recedent,
1445 2986 1773 3055 perplexitas
1805 2990 2115 3046 auditorem

528 3072 751 3136 obruet,
802 3074 1078 3129 contraria
1131 3091 1358 3145 prorsus
1408 3077 1487 3131 illi
1552 3082 1953 3150 perspicuitati,
1994 3100 2117 3154 quae

530 3173 692 3218 recta:
720 3165 1092 3235 intelligentia:
1123 3167 1337 3224 fructus
1380 3178 1485 3225 est.
1529 3171 1708 3241 Atque
1752 3174 1919 3244 hujus
1947 3192 2113 3232 voca-

532 3255 643 3309 buli
680 3273 764 3319 τις
794 3258 994 3312 multas
1028 3260 1166 3315 alias
1216 3258 1560 3319 diﬂerentias
1588 3280 1616 3317 a
1652 3282 1737 3321 me
1771 3269 2111 3337 praetermis-

530 3364 643 3412 sas,
690 3350 785 3421 qui
817 3351 1051 3407 scrutari
1085 3368 1278 3411 sacros
1316 3354 1512 3411 Libros
1568 3358 1825 3426 voluerit,
1866 3362 2115 3430 profecto

532 3443 795 3509 inveniet,
828 3460 966 3512 quas
996 3455 1051 3500 et
1099 3447 1223 3502 aliis
1268 3450 1559 3504 ostendere
1587 3466 1694 3505 non
1730 3468 1892 3509 secus
1920 3469 1985 3510 ac
2013 3452 2116 3509 de-

530 3534 889 3604 prehendere,
924 3537 1182 3607 perfacile
1210 3542 1486 3609 negotium
1512 3550 1619 3597 est.

603 3626 693 3679 29.
733 3625 851 3682 Non
907 3628 1084 3683 solum
1140 3640 1326 3684 autem
1383 3633 1548 3688 unica
1599 3628 1875 3691 interdum
1934 3639 2117 3697 brevis

532 3716 702 3772 dictio
736 3717 1025 3788 multiplici
1056 3719 1365 3789 signiﬁcatu
1394 3724 1640 3793 praedita,
1675 3726 1946 3796 siquamle
1970 3728 2114 3786 haud

531 3810 923 3865 convenienter
968 3810 1331 3881 intelligatur,
1383 3824 1620 3870 mentem
1650 3818 1815 3873 etiam
1861 3822 2117 3878 cordate-

516 3918 657 3965 ,rum
690 3902 974 3957 hominum
1011 3903 1271 3960 obscurat
1300 3915 1466 3977 atque
1490 3911 1810 3977 conturbat;
1844 3914 1937 3967 sed
1968 3914 2116 3970 litte-

534 3996 669 4050 rulae
717 4010 942 4067 quoque
986 3996 1283 4064 aberratio,
1332 4000 1543 4056 additio
1587 4002 1670 4057 vel
1700 4002 1993 4073 detractio,
2029 4008 2114 4063 vel

514 4088 713 4161 dirum
763 4089 895 4161 quid
941 4090 1233 4161 aliquoties
1280 4093 1444 4163 parit,
1478 4093 1561 4148 vel
1611 4104 1759 4149 certe
1812 4098 2113 4155 absurdutn

532 4182 675 4235 solet
714 4181 943 4237 elIicere.
977 4181 1156 4251 Atque
1208 4191 1269 4237 ut
1316 4193 1511 4240 caetera
1561 4184 1784 4241 interim
1832 4188 2113 4257 omittam,

532 4273 579 4328 si
627 4275 754 4344 quis
810 4275 1038 4330 verbum
1086 4274 1285 4345 ἐκτησε
1333 4276 1493 4349 longa
1542 4280 1747 4350 syllaba
1802 4282 2113 4351 prteditnm,

533 4367 681 4423 brevi
707 4369 912 4425 scribat
937 4369 1168 4441 (ἔκτισε)
1205 4379 1372 4441 atque
1420 4372 1492 4426 ita
1540 4372 1816 4443 intelligat
1849 4375 1904 4428 in
1937 4391 1999 4430 ea
2030 4377 2115 4431 lo-

531 4462 751 4518 cutione
789 4482 807 4515 ι
847 4462 1110 4519 Dominus
1135 4464 1335 4534 ἐκτησε
1366 4463 1585 4535 (nempe
1627 4468 1821 4520 creavit
1858 4483 1958 4538 pro
1990 4486 2116 4539 pos-

2215 1975 2561 2045 ἐπιζητήσει,
2584 1974 2650 2027 δι’
2678 1966 2742 2028 οῦ
2761 1973 2823 2026 τὸ
2852 1972 3065 2026 ἐκείνου
3089 1972 3341 2043 βούλημα
3363 1972 3464 2025 οὐκ
3486 1970 3792 2043 ἐξυϐρίσοι
3810 1987 3835 2037 ;

2213 2067 2288 2119 Τὸ
2316 2066 2425 2137 γὰρ
2453 2066 2627 2137 βραχὺ
2677 2065 2775 2118 καὶ
2805 2066 2995 2118 ἄτονον
3038 2064 3135 2117 καὶ
3164 2064 3533 2134 ὀλιγοχρόνιον
3560 2063 3666 2117 τοῦ
3701 2062 3835 2133 βίου

2214 2159 2436 2230 καὶτῆς
2467 2157 2651 2230 ἰσχύος
2680 2159 2708 2211 ὀ
2740 2160 2807 2229 τῇ
2840 2156 3187 2227 ταλαιπωρίᾳ
3219 2156 3589 2228 ἐκτρυχωθεὶς
3619 2173 3833 2227 παρα-

2216 2251 2413 2321 στῆσαι
2442 2248 2751 2322 βουληθεις,
2790 2249 2882 2303 διά
2910 2247 3119 2303 τούτων
3164 2247 3273 2302 τῶν
3318 2248 3585 2319 ῥημάτων
3620 2247 3832 2300 ἐκεῖνά

2212 2362 2273 2398 τε
2304 2345 2423 2415 ἀμα
2470 2345 2566 2397 καὶ
2605 2342 2695 2396 τὸν
2727 2342 2817 2396 ἐπ’
2866 2341 3051 2406 αύτοῖς
3085 2340 3489 2412 ὀλοφυρόμενον
3540 2340 3678 2394 νοῦν
3724 2340 3832 2392 καὶ

2214 2433 2559 2506 ἀπειρηκότα
2594 2432 2958 2487 ἀναπτύσσει.
3004 2430 3168 2485 Ἀλλά
3216 2431 3328 2502 γὰρ
3368 2430 3466 2484 καὶ
3510 2430 3595 2496 τὸ,
3652 2448 3675 2482 ε
3720 2430 3830 2493 Τίς

2214 2524 2326 2595 ἄρα
2355 2523 2543 2595 γνοίη,
2576 2523 2660 2577 ὅτι
2693 2521 2914 2594 εὕροιμι
2946 2520 3140 2587 αύτόνς
3177 2539 3195 2572 ι
3232 2521 3324 2574 καὶ
3352 2519 3435 2587 τὺ,
3470 2538 3489 2571 ι
3531 2518 3631 2584 τίς
3666 2514 3827 2572 οἶδεν

2215 2616 2265 2668 εἰ
2299 2612 2654 2684 ἐπιστρέψοις
2692 2631 2711 2665 ι
2756 2612 2898 2666 κατά
2925 2609 3249 2682 διαπόρησιν
3288 2609 3594 2680 εἰρημένα,
3628 2610 3683 2663 εί
3720 2607 3823 2661 οῦ-

2214 2722 2324 2768 τως
2354 2702 2753 2776 προσληφθείη,
2796 2701 2955 2755 ούδέν
2989 2700 3089 2771 μέν
3119 2700 3220 2770 τὴν
3247 2699 3489 2753 διάνοιαν
3535 2698 3825 2771 ἀμαυρώ-

2217 2810 2321 2857 σει,
2355 2795 2435 2856 είς
2462 2792 2721 2863 οὐδεμίαν
2749 2792 2807 2845 δὲ
2842 2789 3178 2861 ἀμφιϐολίαν
3215 2791 3308 2843 τὸν
3333 2790 3614 2861 ἀκροατὴν
3645 2805 3820 2859 περι-

2214 2886 2405 2957 τρέψει
2426 2898 2443 2915 ⁸
2470 2884 2775 2938 ἐκπεσόντα
2820 2883 2877 2937 δὲ
2902 2883 2999 2954 τῆς
3024 2880 3287 2952 τοιαύτης
3318 2882 3619 2953 σημασίας,
3654 2880 3823 2934 οὐδὲν

2216 2978 2439 3032 ἔλαττον
2466 2976 2499 3048 ἢ
2534 2977 2671 3047 ὅπερ
2697 2974 2951 3029 ἐϐούλετο
2981 2974 3176 3045 δηλοῦν
3194 2974 3441 3045 ,ὀρθότης
3466 2973 3561 3028 τοῦ
3599 2991 3822 3045 σημαι-

2216 3070 2465 3141 νομένου,
2493 3068 2728 3138 ἀπορίας
2760 3066 2925 3121 αὑτὸν
2971 3066 3336 3138 ἀναπλήσσει.
3374 3066 3487 3119 Καὶ
3509 3066 3570 3120 ού
3602 3066 3821 3129 ταύτας

2225 3162 2406 3233 μόνον,
2435 3160 2571 3213 ἀλλὰ
2603 3161 2699 3213 καὶ
2733 3158 2938 3222 πολλὰς
2966 3158 3132 3223 ἄλλας
3156 3158 3424 3229 διαφορὰς
3448 3158 3551 3229 τῆς
3575 3175 3818 3230 προκει-

2227 3256 2394 3325 μένης
2452 3252 2637 3323 φωνῆς
2670 3251 3194 3323 παραλελειμμένας
3242 3253 3272 3305 ὀ
3324 3251 3656 3322 βουλόμενος
3711 3250 3819 3320 τὴν

2225 3347 2378 3414 ἱερὰν
2402 3345 2800 3415 ἀναλεγόμενος
2827 3343 3054 3416 Γραφὴν
3088 3342 3337 3412 εύρήσει,
3370 3342 3437 3405 ἀς
3463 3342 3617 3395 οὐδὲν
3650 3341 3818 3413 ἔργον

2220 3441 2344 3496 οὕτε
2383 3440 2547 3495 αὐτὸν
2579 3439 2768 3494 λαϐεῖν
2806 3437 2931 3491 οὔτε
2960 3438 3075 3501 τοῖς
3106 3434 3295 3499 ἄλλοις
3325 3434 3664 3505 ἐκκαλύψαι.

2296 3637 2401 3692 κθθ.
2444 3636 2521 3690 Ού
2556 3634 2716 3707 μόνον
2742 3633 2800 3688 δὲ
2830 3632 2931 3705 μία
2959 3632 3105 3699 λέξις
3129 3633 3226 3687 καὶ
3249 3633 3374 3687 τότε
3401 3632 3632 3705 βραχεῖα
3668 3633 3815 3688 κατά

2221 3729 2436 3784 πολλῶν
2465 3729 2565 3800 μὲν
2590 3725 2971 3797 ὑποκειμένων
3002 3726 3304 3798 φερομένη,
3329 3725 3392 3779 ού
3422 3728 3724 3797 προσφυῶς
3754 3726 3815 3781 δὲ

2220 3820 2797 3895 παραλαμϐανομένη,
2854 3818 2949 3871 τὸν
3002 3816 3128 3870 νοῦν
3179 3818 3291 3872 τῶν
3339 3818 3519 3886 ὀρθῶς
3573 3820 3816 3889 ἐχόντων

2222 3914 2467 3969 ὲπιθολοῖ
2521 3913 2617 3966 καὶ
2668 3912 3053 3983 διαταράττει,
3130 3910 3268 3964 ἀλλά
3321 3910 3418 3965 καὶ
3479 3912 3816 3982 γράμματος

2220 4003 2549 4077 παραλλαγὴ
2572 4044 2584 4063 ,
2617 4002 2649 4073 ἢ
2680 4002 2977 4073 πρόσθεσις
3007 4003 3104 4056 καὶ
3138 4002 3431 4073 ἀφαίρεσις
3454 4042 3470 4066 ,
3522 4003 3574 4054 εί
3602 4003 3697 4056 καὶ
3735 4001 3813 4072 μὴ

2222 4099 2460 4172 χαλεπὸν
2482 4097 2882 4159 ἀποσκευάσαι,
2899 4096 3050 4165 ὅμως
3072 4094 3275 4148 ἄτοπόν
3298 4112 3353 4147 τι
3376 4096 3624 4166 ἀπαντᾷν
3650 4094 3811 4148 εἴωθε

2222 4189 2690 4265 παρασκευάζειν.
2750 4190 2862 4242 Καὶ
2908 4188 2996 4242 ίνα
3046 4187 3143 4243 νῦν
3185 4189 3333 4243 ἐάσω
3361 4187 3431 4242 τά
3461 4188 3621 4253 ἄλλα,
3672 4187 3812 4242 ἀλλά

2221 4286 2332 4357 γάρ
2385 4286 2482 4338 καὶ
2532 4283 2594 4336 τὺ
2621 4283 2887 4347 ἕκτησεν
2919 4282 2972 4334 εί
3018 4299 3103 4345 τις
3157 4281 3534 4353 μηκυνόμενον
3581 4280 3669 4335 διὰ
3714 4280 3811 4334 τοῦ

2224 4375 2633 4449 βραχυνομένου
2682 4374 2794 4446 (21)
2833 4376 2926 4428 καὶ
2957 4374 3189 4445 γράψειε
3220 4373 3317 4428 καὶ
3344 4375 3588 4446 νοήσειεν
3618 4374 3678 4426 ἐν
3710 4372 3808 4442 τῷ,

2230 4489 2249 4523 ι
2283 4468 2488 4541 Κύριος
2539 4467 2739 4538 ἐκτησέ
2790 4484 2857 4537 με
2901 4467 3079 4537 ἀρχὴν
3107 4465 3244 4519 ὁδῶν
3277 4465 3429 4538 [cod.
3465 4463 3609 4536 ὁδὸν]
3641 4462 3809 4517 αὑτοῦ

530 4555 691 4625 sedit)
723 4572 810 4611 me
834 4554 1049 4610 initium
1071 4558 1280 4610 viarum
1316 4573 1541 4613 suarum
1569 4558 1635 4613 ad
1661 4574 1826 4629 opera
1860 4576 1960 4615 sua
1984 4561 2062 4628 ⁸⁷,
2092 4582 2111 4616 ι

2222 4565 2302 4625 εἱς
2330 4560 2467 4632 ἔργα
2495 4558 2690 4613 αὐτοῦ·
2730 4577 2747 4609 ι
2777 4554 2895 4611 εἶτα
2922 4558 3059 4629 πρὸς
3082 4557 3181 4628 τὴν
3205 4557 3301 4610 τοῦ
3341 4556 3550 4629 Ἀρείου
3580 4555 3810 4626 γνώμην

532 4648 730 4702 deinde
760 4647 826 4703 ad
866 4647 982 4702 Arii
1025 4648 1355 4703 sententiam
1402 4649 1660 4717 inclinet;
1700 4649 1747 4706 is
1780 4661 1975 4706 contra
2016 4654 2114 4708 ﬁlii

529 4741 867 4796 divinitatem
925 4740 1163 4811 linguam
1226 4749 1406 4795 acuet.
1471 4740 1575 4795 Sed
1637 4742 1751 4796 Arii
1809 4744 2112 4799 suavitatem

531 4833 887 4891 multifariam
935 4832 1190 4887 insectari
1239 4841 1292 4887 et
1343 4847 1646 4902 coarguere
1696 4848 1929 4902 pronum
1978 4844 2110 4891 est:

531 4930 833 4996 przcsertim
870 4928 1000 4998 quia
1035 4929 1261 4984 verbum
1298 4926 1521 4998 ἕκτησε,
1553 4928 1697 4983 haud
1744 4944 1840 4999 per
1885 4930 1993 4984 iota
2024 4931 2115 4986 lit-

533 5028 716 5073 teram.
751 5021 844 5074 sed
879 5036 976 5090 per
1015 5029 1101 5075 eta
1150 5020 1623 5090 pronuntiandum
1656 5021 1700 5075 si
1730 5021 1855 5091 quis
1882 5021 2117 5077 demon-

518 5120 689 5185 stret,
726 5112 774 5167 is
808 5113 1094 5183 loquacem
1134 5113 1405 5167 hmreticae
1435 5111 1707 5182 superbia:
1731 5111 2018 5166 audaciam
2048 5112 2115 5167 ad

533 5202 814 5258 silentium
853 5213 1011 5272 turpe
1042 5204 1352 5273 compellet.
1389 5202 1522 5257 Nam
1565 5204 1789 5259 verbum
1827 5204 1931 5259 hoc
1957 5204 2117 5275 longa

519 5292 715 5371 Ilittera
753 5293 1052 5363 prolatum,
1101 5296 1253 5350 nullo
1301 5296 1461 5349 modo
1516 5305 1768 5351 naturam
1814 5295 2116 5359 imminuit,

526 5399 711 5463 neque
736 5388 878 5441 intra
916 5387 1184 5442 minorem
1218 5388 1501 5443 modulum
1534 5398 1797 5455 coarctat,
1835 5404 2015 5459 neque
2049 5387 2119 5442 ad

2221 4651 2685 4719 ἀποκλίνοι,κατά
2715 4652 2812 4721 τῆς
2846 4649 2942 4704 τοῦ
2975 4649 3107 4704 Υἱοῦ
3137 4651 3395 4721 θεότητος
3426 4649 3529 4721 τὴν
3556 4648 3810 4718 γλῶσσαν

2220 4746 2433 4812 ὀξύνοι·
2485 4740 2547 4801 οὗ
2583 4746 2644 4799 τὸ
2674 4745 2961 4815 δύσφημον
2995 4743 3282 4815 πολλαχῶς
3338 4743 3439 4815 μὲν
3482 4743 3809 4815 ὲρῤαπίζειν

2221 4834 2319 4888 καὶ
2350 4834 2651 4904 διελέγχειν
2685 4834 2839 4905 ῥᾷον,
2874 4832 2987 4886 ἀλλ’
3036 4834 3192 4887 οὐδὲν
3221 4834 3444 4887 ἔλαττον
3480 4834 3575 4886 καὶ
3631 4835 3716 4886 ὅτι
3752 4836 3811 4885 τὸ

2223 4924 2490 4991 ἐκτησεν
2518 4925 2579 4976 ού
2607 4924 2707 4993 τῆς
2734 4923 2823 4977 διὰ
2850 4922 2946 4976 τοῦ
2973 4922 3107 4975 ίῶτα
3137 4923 3428 4994 γραμμῆς,
3466 4922 3557 4976 διά
3606 4922 3666 4976 δὲ
3713 4925 3810 4992 τῆς

2222 5015 2316 5070 τοῦ
2354 5012 2462 5087 ἦτα
2494 5016 2907 5087 προφερόμενον
2952 5016 2981 5069 ὀ
3029 5015 3352 5077 ὑποδεικνὺς
3382 5014 3807 5075 ἀνακαλύπτων,

2219 5113 2298 5173 εἰς
2326 5108 2485 5180 σιγὴν
2508 5109 2775 5177 αἰσχύνης
2806 5107 2901 5160 τοῦ
2934 5107 3218 5178 αίρετικοῦ
3250 5108 3603 5179 φρονήματος
3637 5106 3698 5159 τὺ
3723 5106 3811 5159 λά·

2219 5203 2310 5255 λον
2357 5200 2557 5271 θράσος
2594 5199 2915 5254 συνελάσει·
2965 5200 3000 5268 ἡ
3042 5200 3153 5269 γὰρ
3206 5198 3345 5269 μετὰ
3391 5197 3486 5251 τοῦ
3546 5197 3810 5267 μεγέθους

2226 5290 2493 5363 προϊοῦσα
2538 5290 2682 5356 λέξις
2724 5290 2827 5343 οὐκ
2872 5290 3087 5343 ἐλαττοῖ
3132 5289 3230 5360 τὴν
3262 5288 3447 5358 φύσιν,
3484 5287 3546 5341 ού
3575 5289 3680 5357 μὲν
3717 5283 3809 5341 οὖν

2228 5386 2350 5440 οὐδὲ
2379 5384 2659 5439 συστέλλει
2687 5384 2825 5455 πρὸς
2856 5383 2917 5435 τὸ
2943 5380 3305 5454 βραχύτερον,
3338 5381 3462 5436 ούδέ
3502 5383 3581 5446 είς
3605 5381 3810 5452 κτίσμα

607 5522 652 5594 ‘_*
689 5520 753 5573 lll
788 5520 916 5593 Reg.
962 5540 1101 5589 xxii,
1130 5524 1221 5579 20.
1296 5484 1365 5557 “t
1396 5523 1501 5581 lsa.
1526 5540 1601 5594 vt,
1636 5526 1689 5582 8.
1784 5525 1832 5559 “
1865 5523 2068 5581 Jerem.
2103 5540 2194 5592 xv,
2220 5524 2273 5577 5.
2367 5521 2413 5556 “
2444 5520 2546 5578 Job
2576 5538 2651 5587 γι,
2690 5523 2781 5578 ll.
2820 5522 2865 5553 "
2893 5519 2999 5577 Job
3040 5537 3199 5588 um,
3246 5520 3311 5575 5.
3396 5521 3441 5553 ⁸⁸
3479 5518 3606 5576 Jon.
3641 5536 3725 5587 ιιι,
3754 5520 3808 5578 9-

2047 5664 2281 5721 NOTAE.

535 5590 583 5626 "
608 5590 773 5647 Prov.
804 5590 925 5661 vnit,
956 5594 1049 5648 29..

526 5876 527 5879 η
613 5812 727 5882 (9.1)
762 5808 899 5865 llinc
959 5810 1342 5881 cognoscimus
1389 5808 1644 5882 Photium
1677 5807 2122 5882 pronuntiavisse

539 5880 701 5939 unico
722 5897 860 5938 seno
929 5880 1043 5936 tam
1075 5891 1158 5936 ctu
1188 5896 1347 5950 quant
1380 5881 1507 5935 iota.
1536 5880 1610 5936 De
1636 5898 1692 5936 re
1720 5880 1916 5952 legesis
1936 5880 2122 5952 dispu-

2228 5819 2435 5864 tantem
2499 5806 2862 5864 Villoisonum
2902 5803 3117 5870 Proleg.
3174 5802 3241 5858 ad
3292 5800 3517 5859 llomer.
3565 5817 3626 5875 p.
3658 5806 3814 5872 ιν,ει

2229 5878 2481 5967 Auecdot.
2515 5877 2608 5935 Gr.
2653 5887 2786 5936 tom.
2815 5876 2881 5944 ll,
2908 5892 2962 5947 p.
3006 5875 3107 5930 126
3136 5889 3289 5948 seqq.
