4134 6450
505 387 583 484 έῦ
1548 430 1651 491 AD
1679 431 2276 494 AMPIIILOCIIIUM
2308 432 2656 507 QUgES'l‘lO
2686 436 2734 495 Ι.
3729 437 3803 502 86

495 536 604 606 τήν
635 535 893 591 ἀκτιστον
936 534 1129 594 οὐσίαν
1158 526 1425 613 κατάγει·
1473 545 1551 618 μή
1609 564 1665 601 τι
1707 547 1975 620 γένηται·
2019 552 2084 603 οἰ-

2208 564 2474 609 creatura:
2499 553 2873 611 conditionem
2912 555 3278 612 substantiam
3310 557 3614 614 incrcatam
3654 559 3800 614 redi-

499 626 731 681 κείωσιν
786 629 844 683 δὲ
900 631 1107 701 μᾶλλον
1154 634 1251 687 καὶ
1293 636 1602 708 πρόσληψιν
1654 639 1753 693 καὶ
1810 641 2084 695 κοινωνίαι

2206 646 2318 718 git;
2359 648 2506 718 quod
2546 647 2728 717 absit;
2774 648 2871 704 sed
2915 650 3379 706 necessitudinem
3412 651 3600 722 potius
3628 660 3681 706 et
3707 668 3799 707 so-

499 719 618 772 τῶν
658 720 915 791 ὁμοφυῶν
942 723 1161 796 ηατρδς
1201 725 1513 798 ὑπογράφει
1558 730 1652 785 καὶ
1686 731 1842 788 Υίοῦ.
1887 731 1946 787 '0
1993 732 2103 806 γὰρ

502 810 810 877 διαστατῶς
834 818 1119 889 πανταχοῦ
1151 818 1330 874 συνὼν
1358 821 1437 892 τῷ
1458 824 1767 895 γεννήματι
1793 827 2097 899 γεννήτωρ,

504 908 606 960 καὶ
629 908 793 979 μηδὲν
816 910 1095 982 ἀπότομον
1115 916 1212 968 καὶ
1242 915 1576 989 διῃρημένον
1596 919 1697 989 τῆς
1731 920 1943 974 ἐκείνου
1976 920 2103 992 βου-

501 996 608 1069 λῆς
636 1002 731 1054 καὶ⁹
760 1000 993 1074 γνώμης
1021 1006 1165 1060 κατά
1190 1007 1563 1081 δημιουργίαν
1611 1010 1749 1085 μηδὲ
1793 1016 1941 1068 κατὰ
1968 1014 2102 1087 πρό-

499 1108 659 1145 νοιαν
692 1095 973 1165 πράττων,
999 1096 1160 1170 δῆλον
1191 1100 1272 1154 ὅτι
1305 1102 1426 1172 μετ’
1448 1102 1777 1170 οίκειώσεως
1811 1107 1905 1159 καὶ
1928 1124 2100 1178 προσ-

497 1181 720 1254 λήψεως
754 1186 863 1241 τῶν
912 1187 1300 1263 βουλευμάτων
1340 1196 1448 1250 τῶν
1504 1197 1599 1251 τοῦ
1638 1199 1772 1254 Υίοῦ
1815 1202 1996 1257 πάντα
2032 1203 2099 1258 ἂν

494 1276 602 1329 καὶ
650 1279 959 1350 προαγάγοι
990 1282 1089 1337 καὶ
1124 1286 1383 1356 προνοίας
1406 1288 1637 1363 ἀξιώσῃ.
1662 1285 1759 1357 Οἷς
1782 1291 1892 1365 γὰρ
1917 1295 2098 1366 ἀπαρ-

492 1366 771 1425 άλλακτον
809 1376 903 1428 καὶ
944 1378 1125 1432 κοινὸν
1174 1379 1236 1434 τὸ
1273 1381 1497 1452 ἀξίωμα
1539 1386 1635 1438 καὶ
1693 1386 1726 1456 ἡ
1770 1386 1936 1455 φύσις
1998 1387 2099 1442 καὶ

492 1460 744 1531 ἐξουσία,
788 1466 1004 1534 τούτοις
1048 1470 1293 1544 δηλονότι
1347 1474 1442 1528 καὶ
1492 1474 1555 1529 τὸ
1594 1475 1952 1550 δημιουργεῖν
2000 1480 2098 1534 καὶ

492 1557 791 1629 προάγειν,
824 1562 1122 1635 ἀμέριστόν
1149 1583 1210 1621 τε
1250 1567 1347 1621 καὶ
1381 1568 1730 1633 ἀδιάστατον.
1758 1572 1855 1626 καὶ
1878 1573 2095 1642 παραλ-

492 1644 676 1748 λαγὴν
704 1650 807 1722 τῆς
827 1652 1056 1748 γνώμης
1089 1656 1150 1710 ού
1178 1659 1347 1730 φέρον
1374 1660 1652 1731 οὐδεμίαν.
1676 1664 1743 1717 Ὃ
1770 1665 1919 1737 καὶὴ
1950 1682 2096 1737 παρ-

491 1746 642 1813 οῦσα
667 1746 1223 1819 συνεπιμαρτύρηται
1242 1751 1404 1822 ῥῆσις
1423 1769 1437 1783 ο
1454 1751 1548 1807 ὲπί
1569 1770 1629 1808 τε
1657 1754 1766 1826 γάρ
1790 1759 1858 1829 τῇ
1889 1775 2097 1829 κοσμο-

492 1836 689 1909 γενεία
714 1838 811 1892 τοῦ
841 1840 1067 1909 παντὸς,
1101 1844 1200 1897 καὶ
1242 1846 1337 1899 ἐπὶ
1373 1848 1440 1917 τῇ
1468 1846 1813 1903 ἀνακαινίσει
1855 1850 1952 1904 καὶ
1981 1868 2090 1905 σω-

489 1928 665 2002 τηρίᾳ
706 1930 805 1985 τοῦ
837 1935 1352 2006 παρολισθήσαντος
1385 1940 1547 2011 ήμῶν
1578 1942 1772 2010 γένους
1796 1942 1892 1997 καὶ
1922 1962 2095 1999 κατα-

492 2022 757 2088 πεσόντος
786 2027 868 2090 εἰς
894 2029 1209 2100 συντριϐὴν,
1242 2030 1433 2103 κοινὴν
1475 2032 1574 2087 καὶ
1601 2033 1701 2105 τὴν
1726 2036 2092 2109 δημιουργίαν

488 2110 751 2171 εἶναικαὶ
776 2119 875 2191 τὴν
905 2120 1166 2191 πρόνοιαν
1193 2124 1411 2195 Πατρός
1444 2127 1538 2179 καὶ
1568 2125 1703 2181 Υίοῦ
1737 2128 2049 2184 ἐκδιδάσκει
2071 2147 2086 2162 '

481 2204 522 2275 ἧ
555 2221 616 2259 τε
646 2206 758 2279 γὰρ
785 2209 895 2265 τῶν
927 2209 1065 2267 ὅλων
1101 2214 1165 2269 ὲκ
1201 2214 1277 2287 μὴ
1306 2217 1477 2271 ὄντων
1505 2219 1754 2290 πρόοδος,
1788 2222 1883 2275 καὶ
1912 2224 1943 2294 ἡ
1987 2227 2089 2294 τῆς

478 2296 769 2369 ἡμετέρας
803 2300 1023 2370 φύσεως
1055 2306 1137 2369 είς
1169 2306 1231 2359 τὸ
1264 2309 1450 2380 χεῖρον
1479 2311 1863 2383 ἀπονευσάσ-ης
1890 2313 1983 2367 ἐπὶ
2021 2314 2082 2368 τὸ

478 2388 717 2457 ἄμεινον
747 2394 1057 2466 ἀνάκτησις
1077 2397 1175 2451 καὶ
1201 2400 1531 2474 ἐπιστροφὴ,
1565 2402 1725 2474 δῆλον
1755 2406 1837 2460 ὃτι
1862 2406 1961 2477 τῆς
1987 2407 2082 2461 τοῦ

478 2479 704 2550 [ἰατρὸς
737 2483 834 2535 καὶ
861 2483 958 2538 τοῦ
988 2486 1124 2541 Υίοῦ
1154 2490 1252 2544 καὶ
1283 2490 1605 2562 Πνεύματός
1651 2494 1770 2548 ἐστι
1813 2494 2081 2569 δημιουρ-

487 2571 611 2638 γίας
642 2574 738 2627 καὶ
773 2577 1070 2648 προνοίας·
1097 2579 1217 2635 ἀλλ’
1247 2584 1280 2654 ἡ
1332 2584 1432 2655 μὲν
1472 2587 1539 2640 ὲκ
1566 2585 1661 2640 τοῦ
1691 2587 2081 2645 συστέλλεσθαι

476 2662 583 2717 καὶ
616 2669 961 2737 μηκύνεσθαι
993 2674 1207 2745 γραφὴ,
1254 2675 1333 2740 ὡς
1373 2678 1468 2731 ἐπὶ
1514 2679 1965 2752 παραδείγματος
2001 2684 2081 2737 εί-

476 2756 633 2821 πεῖν,
659 2758 761 2829 τὴν
788 2760 1026 2834 ἀπορίαν
1056 2765 1231 2832 οὕτως
1258 2768 1635 2836 διασκεδάζει.
1672 2771 1952 2839 Ὡσαύτως
1982 2776 2079 2829 καὶ

472 2845 545 2899 τὸ
574 2846 917 2920 ἐγέννησεν
950 2856 1246 2928 ἀφαίρεσιν
1304 2861 1408 2933 μὲν
1456 2863 1516 2931 ἑξ
1573 2865 1870 2937 ἐπιϐουλῆς
1922 2867 1955 2938 ἦ
2020 2868 2079 2936 ἐξ

472 2938 708 3007 ἀγνοίας
754 2945 853 3000 τοῦ
898 2948 1019 3013 ἑνὸς
1059 2968 1088 3004 ν
1125 2955 1430 3023 πεπονθὸς,
1481 2959 1803 3028 κτισμάτων
1841 2958 2080 3032 ὓπαρξιν

471 3032 768 3105 ἐπεισάγει
789 3053 804 3068 ⁸
834 3039 1003 3097 λαϐὸν
1032 3043 1090 3098 δὲ
1123 3045 1185 3099 τὸ
1214 3048 1537 3119 ἀφαιρεθὲν,
1572 3052 1714 3123 πρὸς
1745 3052 1808 3106 τὸ
1832 3054 2079 3125 όμοφυές

477 3142 547 3178 τε
600 3130 693 3182 καὶ
737 3133 1032 3198 όμοούσιον
1077 3140 1437 3196 κατευθύνει·
1478 3144 1573 3199 καὶ
1619 3144 1792 3201 πολλά
1836 3147 1893 3201 δὲ
1940 3147 2077 3202 ἄλλα

2203 739 2459 794 cietatem
2516 740 3079 811 communionemque
3129 742 3298 796 unita:
3337 752 3550 797 natura:
3608 738 3798 797 Patris

2203 828 2442 900 Filiique
2471 828 2756 886 describit.
2789 828 2893 897 Qui
2916 832 3065 885 enim
3094 831 3354 887 distincte
3380 832 3545 887 simul
3578 832 3799 887 exsistit

2201 938 2327 978 cum
2358 923 2541 994 genito
2568 924 2805 993 genitor,
2832 923 3079 994 nihilque
3101 931 3411 992 separatum
3435 933 3531 978 aut
3555 924 3795 980 divisum

2203 1016 2273 1070 ab
2306 1016 2429 1086 ejus
2458 1016 2744 1072 voluntate
2782 1033 2848 1073 ac
2890 1028 3074 1071 mente
3102 1018 3157 1071 in
3184 1017 3485 1072 creatiouis
3515 1034 3581 1073 ac
3612 1020 3797 1089 provio

2200 1109 2401 1164 dentize
2442 1124 2607 1179 opere
2654 1108 2806 1176 facit,
2857 1109 3005 1165 hunc
3050 1118 3197 1179 patet
3238 1108 3357 1164 fore
3411 1120 3471 1165 ut
3535 1126 3643 1165 non
3676 1110 3797 1168 sine

2201 1201 2500 1271 conjuncto
2528 1202 2793 1273 socioque
2811 1202 2932 1258 Filii
2951 1202 3186 1259 consilio
3214 1204 3401 1257 omnia
3434 1204 3705 1273 producat
3730 1220 3795 1260 ac

2200 1293 2546 1366 providentia
2592 1295 2869 1365 dignetur.
2924 1294 3140 1363 Quibus
3191 1296 3339 1351 cnim
3394 1297 3595 1352 similis
3651 1298 3795 1353 inest

2201 1388 2632 1457 communisque
2677 1387 2937 1458 dignitas,
2969 1399 3166 1443 natura
3191 1397 3247 1443 et
3284 1397 3550 1459 potestas,
3585 1388 3671 1445 his
3705 1391 3794 1444 ui-

2200 1480 2402 1536 ntirum
2440 1491 2633 1534 creare
2686 1480 2850 1534 etiam
2907 1489 2962 1534 et
3008 1479 3249 1535 condere
3282 1479 3651 1549 inseparabile
3689 1481 3796 1535 erit

2200 1580 2367 1641 atque
2401 1568 2807 1633 indistinctum,
2867 1584 3043 1640 neque
3087 1570 3199 1625 ulla
3248 1569 3467 1626 consilii
3516 1571 3794 1626 dissensio

2198 1663 2413 1719 accidet
2448 1680 2463 1719 :
2505 1660 2558 1717 id
2594 1661 2743 1732 quod
2788 1676 3033 1732 praesens
3080 1662 3247 1718 etiam
3291 1671 3527 1719 testatur
3560 1662 3789 1718 locutio.

2198 1756 2333 1811 Nam
2364 1755 2480 1811 sive
2503 1755 2559 1809 in
2592 1755 2837 1810 universi
2868 1755 3174 1820 creatione,
3210 1756 3325 1811 sive
3356 1756 3409 1811 in
3440 1757 3582 1827 lapsi
3612 1755 3789 1813 nostri

2203 1850 2420 1921 generis
2449 1859 2615 1919 atque
2644 1848 2698 1903 in
2730 1848 3027 1919 perniciem
3071 1848 3287 1903 decitlui
3328 1849 3687 1905 renovatione
3726 1866 3792 1905 ac

2200 1940 2598 2010 redemptione,
2626 1955 2973 1995 communem
3015 1954 3137 1995 esse
3166 1940 3325 1994 docet
3355 1938 3503 1995 Patri
3539 1938 3792 2011 Filioque

2199 2036 2538 2091 creationem
2587 2048 2654 2087 ac
2696 2031 3124 2102 providentiam.
3167 2031 3305 2087 Nam
3349 2040 3405 2087 et
3447 2032 3692 2089 universi
3720 2049 3788 2089 ex

2196 2125 2373 2181 nihilo
2410 2124 2616 2189 exitus,
2646 2133 2701 2178 et
2742 2132 2952 2178 natura:
3002 2132 3206 2178 nostra:
3262 2122 3525 2179 deorsum
3585 2139 3682 2194 per
3729 2140 3790 2178 se

2198 2219 2410 2275 ruentis
2449 2216 2773 2272 instauratio
2803 2231 2867 2271 ac
2896 2216 3190 2287 reparatio,
3228 2215 3279 2271 id
3309 2231 3497 2283 omne,
3534 2217 3785 2287 inquam,

2193 2326 2223 2366 a
2254 2310 2432 2366 Patris
2465 2319 2519 2365 et
2547 2308 2666 2364 Filii
2702 2318 2757 2365 et
2784 2308 3020 2378 Spiritus
3050 2307 3329 2364 creatione
3357 2307 3626 2377 procedit.
3643 2306 3784 2362 Tum

2192 2415 2323 2457 vero
2352 2400 2537 2455 brevis
2571 2408 2665 2453 aut
2704 2399 2865 2468 longa
2903 2400 3197 2467 scripturae
3238 2400 3515 2470 pradictas
3558 2401 3782 2471 positio,

2190 2504 2252 2549 ut
2285 2492 2339 2548 id
2373 2492 2609 2563 exempli
2661 2492 2833 2548 instar
2885 2492 2977 2556 sit,
3015 2492 3430 2563 ambiguitatem
3477 2493 3584 2550 hoc
3620 2493 3785 2549 modo

2189 2587 2446 2658 dissipat.
2477 2586 2744 2641 Similiter
2774 2585 3000 2639 verbum
3051 2586 3367 2654 ἐγέννησεν,
3408 2587 3454 2642 si
3498 2586 3665 2643 unius
3695 2589 3784 2641 lit-

2189 2688 2320 2736 tera:
2370 2698 2400 2733 ν
2456 2678 2676 2735 inscitia
2732 2677 2817 2732 vel
2871 2690 2997 2731 asm
3050 2677 3447 2733 detrimentum
3514 2680 3780 2750 patiatur,

2185 2781 2425 2829 creatam
2456 2779 2708 2826 naturam
2729 2772 2947 2826 asserit.
2975 2769 3366 2826 Verumtamen
3390 2771 3435 2825 si
3458 2786 3578 2841 quze
3602 2771 3783 2826 ablata

2182 2868 2362 2926 fuerat
2393 2867 2572 2923 littera
2606 2874 2941 2930 resumatur,
2986 2866 3141 2920 unita
3174 2874 3228 2921 et
3274 2865 3785 2921 consubstantialis

2182 2972 2380 3018 natura
2419 2967 2731 3015 revocatur.
2761 2958 2930 3013 Multa
2971 2959 3079 3013 alia
3109 2959 3226 3015 sive
3259 2959 3314 3014 itt
3357 2958 3609 3031 profanis
3639 2959 3783 3016 scri-

2181 3055 2291 3126 ptis
2338 3054 2453 3109 sive
2488 3053 2543 3107 in
2584 3053 2759 3107 sacris
2810 3052 3017 3107 nostris
3073 3053 3317 3107 oraculis
3367 3052 3784 3122 deprehendere

2180 3148 2329 3211 licet,
2364 3159 2488 3214 quae
2518 3143 2625 3197 sub
2651 3142 2901 3197 eamdem
2938 3141 3447 3197 considerationem
3480 3142 3706 3196 eadunt.

481 3221 633 3275 κατά
671 3240 732 3276 τε
774 3226 901 3290 τοὺς
954 3227 1062 3294 ἔξω
1109 3230 1304 3301 λόγους
1348 3234 1453 3289 κάν
1496 3238 1611 3301 τοῖς
1658 3237 1824 3310 ἱεροῖς
1867 3238 1925 3293 δὲ
1975 3241 2071 3296 καὶ
2102 3238 2393 3313 ἡμετέροις
2412 3236 2683 3307 χρησμοῖς
2709 3232 2989 3304 φωράσειέ
3042 3250 3130 3297 τις
3183 3234 3265 3297 είς
3324 3232 3424 3305 τὴν
3452 3234 3624 3306 αὐτὴν
3646 3234 3783 3289 ἀνα-

473 3316 755 3387 φερόμενα
786 3318 1000 3390 σκέψιν.

552 3410 618 3464 λ’.
663 3411 740 3465 Οὐ
774 3412 939 3482 μόνον
988 3413 1048 3469 δὲ
1094 3414 1430 3488 γράμματος
1473 3418 1594 3484 ἑνὸς
1641 3420 1943 3493 πρόσθεσις
1981 3422 2078 3477 καὶ

2253 3415 2347 3472 30.
2380 3413 2569 3483 Neque
2624 3427 2755 3468 vero
2801 3411 2971 3467 unius
3021 3412 3406 3467 tantummodo
3459 3411 3652 3470 littera:
3682 3419 3786 3470 ad-

473 3502 778 3574 ἀφαίρεσις
823 3504 971 3560 οὕτω
1021 3507 1235 3564 πολλῶν
1285 3512 1637 3583 πραγμάτων
1689 3518 2081 3588 καταστροφὴν

474 3601 577 3663 καὶ
608 3596 903 3653 ἀλλοίωσιν
947 3601 1358 3673 ἀπεργάζεται,
1406 3605 1544 3661 ἀλλὰ
1592 3608 1689 3662 καὶ
1733 3608 1890 3663 τόνου
1935 3610 2079 3682 χρῆ-

477 3706 567 3753 σις
592 3688 707 3761 (‘22)
732 3691 835 3745 οὐκ
871 3690 1164 3764 εὔκαιρος,
1199 3696 1260 3750 τό
1292 3714 1353 3751 τε
1384 3697 1539 3770 ῥῆμα
1566 3698 1685 3753 ἀνθ’
1719 3701 1933 3772 ἑτέρου,
1955 3701 2079 3756 καί-

473 3795 564 3832 τοι
608 3779 710 3850 τῆς
760 3782 984 3854 γραφῆς
1025 3784 1392 3840 ἀναλλοιώτου
1446 3788 1717 3859 μενούσης
1759 3790 2079 3863 παρέδειξεν

474 3873 690 3944 ἓτερον,
720 3876 816 3929 καὶ
840 3876 923 3939 είς
953 3876 1137 3948 νόημα
1168 3878 1460 3944 παντελῶς
1491 3880 1927 3953 ἀλλοτριώτατον
1985 3885 2077 3937 τὸν

472 3965 607 4021 νοῦν
636 3969 1015 4039 ὲκτοπήσασα,
1042 3970 1077 4042 ἢ
1106 3971 1344 4044 δυσσεϐῆ
1374 3971 1534 4038 δόξαν
1566 3972 1600 4045 ἧ
1631 3974 1942 4047 γελώμενον
1976 3975 2079 4046 λῆ-

477 4076 578 4130 ρον
612 4063 896 4131 συνήγαγε
917 4079 931 4093 ·
990 4063 1045 4116 τί
1072 4062 1131 4117 δὲ
1161 4063 1308 4132 λέγω
1338 4064 1675 4136 γράμματα;
1709 4066 1845 4121 ὅπου
1880 4084 1944 4135 γε
1983 4068 2078 4121 καὶ

472 4154 613 4208 αὐτὸ
641 4154 702 4208 τὸ
728 4156 950 4210 πάντων
980 4156 1322 4229 βραχύτατον
1351 4160 1384 4230 ἡ
1421 4159 1626 4231 στιγμὴ
1657 4162 2076 4231 κακουργούμε-

471 4257 573 4293 νον
602 4243 636 4313 ἢ
665 4244 1083 4316 παρορώμενον,
1119 4247 1215 4302 καὶ
1256 4248 1357 4318 τῆς
1404 4248 1613 4312 οἰκείας
1650 4249 2077 4322 μετατιθέμενον

471 4331 710 4403 λήξεως,
743 4336 1101 4403 παντοδαπάς
1150 4338 1251 4408 μὲν
1283 4340 1378 4394 καὶ
1411 4340 1655 4411 μεγάλας
1687 4341 1932 4412 αἱρέσεις
1968 4344 2078 4398 ἁπ-

474 4426 669 4480 ἐτεκεν
690 4443 705 4458 ·
734 4428 989 4499 ἀφρόνων
1038 4430 1096 4483 δὲ
1124 4431 1297 4486 πολὺν
1326 4433 1521 4505 χρόνον
1558 4433 1910 4505 κατενεμήθη
1942 4452 2077 4506 φρο·

474 4521 721 4591 νήματα,
767 4522 866 4576 καὶ
904 4525 1019 4587 τοῖς
1045 4524 1366 4580 εὐσεϐοῦσιν
1410 4524 1553 4580 ὥστε
1596 4525 1970 4599 θριαμϐεῦσαι
2006 4529 2076 4583 τὰ

470 4614 580 4684 τῆς
609 4614 931 4680 δυσσεϐείας
955 4616 1226 4689 δόγματα.
1268 4620 1460 4692 μακρά
1492 4620 1739 4693 παρέσχε
1774 4620 1845 4675 τά
1872 4621 2075 4690 ἀγωνί-

474 4725 690 4777 σματα.
722 4708 956 4775 Αὐτίκα,
994 4711 1082 4765 ἵνα
1104 4711 1173 4765 τὰ
1201 4712 1339 4767 ἄλλα
1382 4712 1567 4784 παρῶ,
1597 4715 1627 4767 6
1658 4714 1956 4785 μετάρσιος
1982 4714 2076 4770 ἄν·

2183 3508 2360 3581 jectio
2394 3506 2481 3561 vel
2517 3504 2831 3569 subductio,
2863 3511 2944 3558 tot
2981 3519 3168 3558 rerum
3210 3503 3625 3559 subversionem
3659 3523 3785 3560 mtt-

2187 3602 2563 3669 tationemque
2610 3597 2762 3660 facit,
2807 3612 2999 3650 verum
3054 3595 3221 3650 etiam
3270 3605 3604 3651 accentuum
3648 3612 3783 3653 usus

2188 3691 2609 3762 intempestivus
2639 3689 2771 3744 facit
2800 3699 2859 3744 ut
2891 3688 3039 3743 aliud
3069 3702 3168 3757 pro
3198 3687 3307 3742 alio
3333 3688 3661 3743 vocabulum
3686 3690 3779 3755 sit,

2186 3801 2504 3859 quanquam
2541 3786 2766 3840 immota
2800 3784 3072 3852 scriptura
3122 3793 3369 3850 maneat;
3416 3792 3528 3837 tttm
3559 3783 3627 3837 ad
3658 3800 3784 3839 sen-

2190 3879 2418 3935 tentiam
2445 3877 2608 3948 plane
2645 3875 2919 3930 diversam
2976 3882 3156 3929 mente
3195 3874 3492 3940 abstracta,
3544 3882 3640 3929 aut
3674 3874 3782 3928 itu-

2186 3973 2339 4043 pium
2393 3986 2616 4027 sensum
2661 3976 2758 4023 aut
2806 3967 3070 4023 ridiculas
3113 3967 3349 4037 ineptias
3398 3968 3627 4024 invehit.
3672 3968 3781 4023 Sed

2186 4083 2287 4121 cur
2316 4065 2529 4120 litteras
2577 4063 2721 4127 dico,
2775 4060 3228 4132 quandoquidem
3262 4061 3631 4131 interpunctio
3663 4062 3780 4133 (qui

2185 4156 2550 4214 brevissimus
2580 4154 2832 4210 omnium
2878 4167 3015 4223 apex
3048 4154 3154 4221 est)
3188 4168 3353 4223 prava
3380 4153 3653 4209 interdum
3685 4163 3781 4208 aut

2186 4250 2453 4318 neglecta,
2473 4262 2647 4305 suove
2678 4247 2801 4303 loco
2829 4245 3069 4312 demota,
3087 4246 3422 4316 multiplices
3442 4264 3779 4319 magnasque

2186 4342 2427 4397 haereses
2460 4338 2721 4411 peperit?
2754 4337 3063 4394 Stultorum
3109 4349 3292 4393 autem
3327 4339 3503 4393 multo
3534 4349 3779 4410 tempore

2185 4449 2442 4490 mansere
2471 4432 2786 4505 opiniones,
2831 4432 3051 4503 piisque
3101 4432 3423 4488 hominibus
3471 4442 3529 4488 ut
3575 4434 3643 4487 de
3670 4434 3777 4488 itu-

2184 4525 2406 4597 pietatis
2456 4524 2809 4595 dogmatibus
2863 4522 3316 4593 triumpharent,
3383 4523 3774 4578 diuturnorum

2182 4616 2552 4675 certaminum
2585 4632 2752 4672 causa
2785 4615 3030 4673 fuerunt.
3061 4614 3310 4686 Exempli
3351 4631 3539 4683 causa,
3574 4627 3635 4671 ut
3666 4633 3776 4673 cte-

2184 4718 2299 4764 tera
2330 4708 2764 4779 praetermittam,
2799 4708 2881 4761 vir
2906 4707 2997 4762 ille
3027 4707 3083 4762 in
3131 4708 3334 4763 caelum
3382 4708 3635 4763 mortalis
3678 4709 3777 4763 ad-

474 4801 701 4872 Ορωπος
758 4804 855 4857 καὶ
915 4803 1019 4875 τῆς
1068 4806 1400 4878 οἰκουμένης
1450 4807 1773 4872 διδάσκαλος
1813 4809 1842 4862 6
1896 4808 2073 4879 μέγας

2189 4804 2285 4858 huc
2312 4802 2589 4865 sublatus,
2618 4812 2674 4856 et
2712 4800 2901 4855 mundi
2937 4802 3152 4867 doctor,
3208 4816 3439 4871 magnus
3469 4801 3773 4872 apostolus,

487 4896 821 4961 ’Λπόστολος
861 4898 918 4951 ἔν
946 4916 1060 4951 τισι
1107 4899 1219 4953 τῶν
1268 4898 1437 4954 αὑτοῦ
1472 4900 1817 4975 γραμμάτων
1848 4900 2075 4971 (Κορίν-

473 4986 586 5039 θιοι
618 4986 676 5040 δὲ
710 4986 807 5058 τὴν
833 4988 1129 5059 ἐπιστολὴν
1158 4989 1539 5059 ὑποδέχονται)
1566 4987 1711 5043 οὕτω
1733 4987 1920 5059 φησίν*
1942 5006 1963 5040 ί
1987 4988 2077 5042 Ἐν

468 5075 560 5144 οἷς
596 5082 624 5133 6
650 5080 784 5145 Θεὸς
812 5081 907 5135 τοῦ
939 5082 1136 5147 αἰῶνος
1176 5083 1366 5136 τούτου
1407 5082 1691 5151 ἐτύφλωσε
1721 5081 1792 5136 τὰ
1823 5082 2078 5152 νοήματα

469 5171 587 5226 τῶν
621 5173 894 5237 ἀπίστων,
926 5176 1007 5238 είς
1032 5174 1092 5228 τὸ
1128 5176 1204 5245 μὴ
1232 5176 1534 5245 ὲναυγάσαι
1557 5176 1740 5238 αὐτοῖς
1780 5175 1874 5229 τὸν
1911 5192 2078 5246 φωτι-

471 5264 617 5334 σμὸν
641 5263 739 5318 τοῦ
784 5266 1122 5335 Εὐαγγελίου
1155 5269 1257 5337 τῆς
1293 5268 1454 5338 δόξης
1480 5266 1575 5321 τοῦ
1612 5264 1874 5338 Χριστοῦ.
1904 5285 1923 5318 ι
1957 5267 2074 5321 ἀλλ’

469 5359 501 5410 6
535 5358 634 5428 μὲν
666 5357 828 5414 τοῦτο
856 5357 1051 5426 είπὼν,
1088 5358 1394 5429 θαυμάσιόν
1428 5377 1553 5414 τινα
1602 5360 1697 5414 καὶ
1740 5358 1853 5412 τῶν
1897 5359 2059 5429 οὑραο

468 5448 607 5503 νίων
648 5450 1035 5522 ἀπηχημάτων
1074 5450 1302 5518 ἐπάξιον
1328 5449 1457 5505 νοῦν
1503 5452 1615 5516 τοῖς
1656 5450 2067 5524 τετελεσμένοις

545 5627 594 5663 ⁸³
626 5628 668 5685 ll
692 5630 820 5687 Cor.
856 5647 932 5701 tv,
960 5629 1016 5688 4.

2174 4894 2229 4949 iu
2256 4894 2373 4951 suis
2401 4894 2731 4963 quibusdam
2759 4893 2960 4949 litteris
2991 4895 3214 4963 (nempe
3241 4893 3296 4948 in
3328 4909 3392 4948 ea
3423 4910 3546 4963 quae
3569 4896 3773 4965 scripta

2172 4992 2257 5040 est
2310 4984 2378 5038 ad
2435 4982 2756 5038 Corinthios
2806 4982 3064 5054 epistola)
3104 4970 3202 5037 sic
3250 4984 3371 5037 ait:
3416 5000 3435 5033 ι
3474 4982 3533 5036 In
3568 4982 3774 5053 quibus

2174 5078 2323 5136 Deus
2353 5080 2523 5150 hujus
2552 5080 2742 5135 saeculi
2772 5079 3070 5135 excmcavit
3121 5078 3485 5148 cogitationes
3516 5078 3772 5134 incredu-

2172 5171 2376 5237 lorum,
2407 5170 2706 5242 quominus
2752 5170 2840 5226 bis
2879 5169 3225 5225 illucesceret
3260 5170 3445 5224 lumen
3489 5168 3768 5238 Evangelii

2174 5264 2360 5334 gloria:
2390 5263 2597 5320 Christi
2635 5263 2702 5318 ⁸⁸.
2751 5282 2771 5316 ι
2817 5262 3086 5333 Equidem
3134 5264 3227 5333 qui
3262 5263 3336 5317 ita
3387 5263 3607 5317 locutus
3662 5273 3766 5329 est,

2183 5357 2473 5411 mirificam
2516 5359 2812 5426 quamdam
2879 5355 3213 5423 vocibusque
3259 5355 3314 5409 in
3365 5355 3509 5410 caelo
3564 5354 3771 5411 auditis

2183 5451 2407 5523 dignam
2438 5451 2768 5508 sententiam
2795 5449 3081 5523 discipulis
3110 5449 3394 5523 sapientiae
3426 5465 3543 5508 suae
3573 5450 3772 5521 imper-

2007 5772 2220 5834 ΝΟΤᾸΞ
2232 5816 2246 5829 .

549 5889 664 5963 (Q2)
700 5891 806 5948 lles
830 5894 1117 5952 nutissinta
1168 5895 1595 5969 lexicographis,
1633 5911 1775 5970 quos
1805 5896 1947 5953 inter
1980 5895 2069 5953 adi
2110 5910 2207 5954 seu
2239 5894 2506 5966 Cyrillum
2538 5912 2633 5953 seu
2666 5894 3051 5967 l’niloponunt.
