4134 6482
450 388 519 451 87

1610 392 1875 453 ΡΙΙΟΤΙΙ
1902 392 2412 453 ΡΛΤΗΙΑΒΕΙΙᾹΞ
2450 394 2559 452 Cl’.

3700 384 3778 447 88

461 510 596 567 titus
630 514 732 559 et.
764 505 832 559 At
876 504 1021 561 enim
1076 503 1308 561 Mauctis
1362 506 1768 578 Marcionisque
1824 510 2040 565 scelesti

2148 508 2247 579 τὴν
2277 510 2492 563 ἐκείνου
2525 506 2721 577 σοςίαν
2749 506 3123 576 μυσταγωγεῖ.
3156 505 3221 557 Ui
3250 504 3295 558 δ’
3326 503 3436 558 ἀπὸ
3456 502 3777 564 Μάνεντος

450 596 675 650 asseclatI
696 595 1027 651 locutionem
1049 596 1193 652 hanc
1214 598 1282 651 ad
1314 613 1538 653 sensum
1568 615 1730 653 suum
1763 600 2041 671 captivam

448 686 858 757 quodammodo
894 690 1223 759 pertrahunt
1257 708 1271 743 :
1320 691 1413 760 qui
1449 691 1703 747 videlicet
1731 690 1862 747 dum
1901 692 2046 747 inter

456 780 593 834 Deus
622 790 676 834 et
723 782 883 850 hujus
914 783 1100 837 saeculi
1136 784 1643 854 interpunctiouem
1681 785 1796 840 fieri
1830 800 1937 840 non
1969 786 2045 840 si-

453 882 611 935 nunt,
644 890 710 927 eo
745 874 973 929 sceleris
1012 877 1288 946 progressi
1326 886 1475 941 sunt,
1500 886 1559 932 ut
1591 892 1699 932 non
1736 877 1914 933 solum
1940 879 2042 944 ipsi

452 966 747 1031 gravisime
778 967 1099 1037 religionem
1134 968 1415 1031 laederent,
1457 985 1644 1024 verum
1671 971 1836 1025 etiam
1870 972 2044 1026 sacris

452 1053 675 1111 Litleris
709 1072 934 1112 causam
967 1058 1287 1129 aliingerent
1326 1062 1651 1117 adversandi
1686 1062 1797 1118 Deo
1829 1082 1845 1117 :
1880 1066 1952 1119 ita
1988 1077 2045 1119 ut

451 1147 593 1201 alter
639 1148 711 1202 sit
760 1148 927 1214 Deus,
958 1151 1050 1219 qui
1108 1151 1470 1208 invisibilium
1519 1170 1702 1209 rerum
1729 1172 1794 1210 ac
1823 1158 2044 1226 spirita-

455 1242 589 1295 lium
626 1242 968 1299 dominatum
1011 1247 1311 1302 creationis
1344 1264 1513 1303 causa
1566 1259 1743 1314 tenet;
1772 1252 1911 1307 alter
1940 1269 2041 1307 au-

456 1342 564 1387 tem
598 1334 665 1387 ab
700 1336 834 1405 ipsis
862 1338 1187 1407 prardicetur
1231 1340 1372 1396 Deus
1400 1344 1685 1412 praesentis
1746 1346 1953 1410 seculi,
1989 1356 2044 1400 et

451 1442 643 1480 earum
677 1444 882 1493 rerum,
919 1446 1041 1501 quae
1073 1432 1201 1487 huic
1229 1434 1507 1488 CDhasl‘t‘lll
1541 1434 1862 1508 similesque
1887 1450 2040 1502 sunt,

452 1530 690 1573 creator.
717 1521 823 1576 Sed
853 1524 999 1577 enim
1033 1525 1228 1579 insana
1259 1526 1409 1580 circa
1433 1526 1644 1582 dictum
1690 1529 1793 1584 hoc
1820 1530 2043 1583 cavilla-

446 1613 549 1677 tio,
577 1613 704 1668 alibi
730 1630 949 1685 quoque
978 1626 1034 1672 et
1067 1632 1446 1686 sarpenumcro
1476 1620 1646 1676 futilis
1667 1620 2039 1675 demonstrata

450 1703 597 1759 fuit:
641 1708 913 1775 pra-cipue
961 1724 1091 1762 vero
1136 1710 1520 1773 convincitur,
1568 1712 1697 1781 quia
1749 1728 1857 1767 non
1909 1714 2041 1767 sinit

448 1797 949 1869 interpunctionem
984 1804 1222 1857 statione
1250 1820 1346 1857 sua
1374 1803 1679 1872 quiescere.
1714 1806 1851 1861 Tum
1883 1807 2040 1861 deni-

444 1906 556 1958 que
588 1894 717 1960 quia
755 1909 996 1962 prsescns
1026 1896 1287 1950 saeculum
1325 1898 1485 1951 modo
1522 1899 1739 1967 quidem
1771 1901 2039 1970 temporis

449 1983 715 2050 spatium,
769 1986 932 2040 modo
975 2002 1104 2041 vero
1155 1988 1320 2043 etiam
1366 1987 1668 2055 ﬂagitiosus
1716 2001 1895 2055 actus,
1941 1993 2037 2061 qui

447 2090 543 2143 per
576 2075 718 2131 hanc
744 2079 909 2131 vitam
942 2080 1257 2151 germinare
1282 2080 1481 2147 solent,
1528 2082 1821 2151 signiﬁcat.
1856 2086 2040 2150 Quare

444 2167 491 2220 si
529 2169 656 2238 quis
682 2170 848 2224 etiam
882 2171 1025 2225 illam
1057 2172 1203 2227 circa
1235 2173 1729 2243 interpunctioncm
1767 2178 2035 2231 malitiam

447 2261 724 2330 impunem
805 2278 929 2319 esse
993 2264 1170 2329 sinat,
1227 2265 1586 2323 nihilominus
1649 2270 2036 2325 hmreticorum

434 2353 769 2407 sententiam
796 2354 1042 2411 funditus
1064 2358 1314 2427 perimet.
1334 2356 1599 2412 Malorum
1627 2361 1774 2414 enim
1808 2378 2037 2432 operum

442 2453 607 2513 atque
644 2455 869 2501 actuum
901 2464 1028 2503 cum
1061 2460 1219 2504 sator
1246 2460 1301 2505 et
1329 2452 1589 2507 incitator
1627 2452 1887 2509 diabolus
1914 2455 1986 2510 sit
2019 2473 2034 2523 ;

444 2532 588 2587 hunc
610 2535 655 2591 si
686 2536 827 2592 forte
860 2540 1050 2595 talium
1085 2556 1270 2596 rerum
1315 2542 1607 2599 dominum
1653 2556 1708 2601 et
1752 2556 2036 2602 auctorem

442 2633 497 2679 et
519 2626 682 2682 deum
712 2632 878 2686 etiam
902 2634 1176 2700 dicamus,
1226 2636 1408 2691 verbis
1450 2637 1668 2693 inﬂexis
1698 2641 1938 2696 maxime
1968 2641 2035 2696 ad

442 2734 634 2774 eorum
672 2723 987 2792 opinionem
1032 2728 1125 2797 qui
1163 2728 1310 2782 illius
1352 2730 1578 2784 malitia:
1607 2733 2035 2804 morigeranlur,

434 2814 653 2869 mullum
697 2817 828 2872 hinc
878 2822 1182 2890 apostatica
1227 2823 1552 2892 improbitas
1590 2825 1807 2881 lucrum
1848 2827 2036 2885 faciet.

438 2907 582 2963 Nam
614 2919 669 2964 et
696 2910 944 2981 gentium
974 2913 1142 2978 idola.
1178 2931 1339 2972 casso
1370 2932 1505 2973 sane
1552 2919 1796 2987 nomine,
1833 2923 1926 2976 sed
1957 2932 2038 2978 ta-

442 3016 569 3055 men
608 3002 937 3059 dicebautur
976 3007 1073 3061 dii.
1121 3006 1187 3062 Et
1229 3008 1485 3066 diabolus
1514 3012 1736 3081 quidem
1771 3024 2037 3077 creatum:

427 3089 678 3160 alicujus
709 3093 792 3147 vel
821 3110 1006 3150 rerum
1045 3095 1259 3153 firmam
1299 3108 1619 3172 certamque
1667 3104 2033 3160 substantiam

434 3184 756 3240 habentium
792 3203 1075 3259 nunquam
1126 3191 1268 3248 deus
1314 3193 1527 3250 dicetur
1560 3196 1645 3252 vel
1691 3198 2037 3254 existimabi-
2063 3217 2109 3279 ρ

430 3284 533 3329 .tur
567 3294 581 3331 :
615 3282 908 3352 cmteroqui
939 3281 1006 3336 ad
1041 3298 1242 3352 pravos
1277 3285 1509 3343 affectus
1555 3289 1704 3360 quod
1756 3290 1954 3345 attinet
1983 3299 2037 3345 et

434 3379 754 3437 peccatum,
784 3373 985 3443 quibus
1018 3375 1134 3444 ipse
1177 3386 1233 3432 et
1277 3380 1480 3449 gaudet
1516 3390 1682 3452 atque
1713 3381 1951 3447 laetatur,
1984 3392 2040 3437 et

440 3462 579 3516 alios
611 3462 993 3523 fraudulenter
1024 3468 1232 3525 illicere
1260 3487 1543 3542 nunquam
1579 3474 1781 3530 desinit
1807 3492 1823 3541 ;
1852 3476 2036 3546 quoad

428 3554 663 3622 quidem
716 3558 792 3612 ita
838 3574 898 3614 se
937 3572 1127 3629 geret,
1194 3578 1357 3620 nemo
1402 3579 1532 3620 eum
1576 3568 1887 3636 pernicioso
1933 3570 2039 3626 hoc

434 3647 765 3720 infelicique
807 3652 1096 3709 dominatu
1158 3663 1325 3727 atque
1385 3658 1619 3729 imperio
1684 3662 1893 3731 pollere
1941 3680 2039 3719 ne-

440 3742 611 3809 gabit.

513 3835 603 3889 5L
644 3834 710 3890 Et
739 3853 955 3895 sacrum
987 3843 1210 3913 quidem
1257 3844 1410 3901 Pauli
1446 3846 1654 3902 dictum
1698 3851 1868 3920 probe
1888 3853 2038 3919 novi,

444 3944 554 3984 non
605 3932 862 4000 praelicta
902 3935 1081 3991 solum
1120 3938 1610 4008 demonstratione,
1662 3952 2036 4014 apostatarum

444 4036 668 4078 sensum
707 4027 881 4082 vitare
910 4046 924 4093 ;
963 4046 1152 4085 verum
1184 4033 1351 4088 etiam
1382 4035 1588 4094 omissa
1637 4036 2043 4109 interpunctio-

444 4116 532 4170 nis
556 4118 851 4185 mentione,
885 4123 1250 4183 nihilominus
1313 4142 1477 4197 posse
1514 4131 1878 4187 temeritatem
1927 4134 2042 4189 illo.

444 4224 565 4264 rum
602 4212 847 4285 infringi.
881 4215 1017 4272 Nam
1048 4219 1210 4276 sicuti
1252 4236 1418 4279 verus
1479 4223 1622 4280 Deus
1685 4237 1875 4282 noster
1920 4229 2042 4282 uni-

440 4306 587 4361 versi
644 4319 880 4373 creator.
955 4313 1097 4370 Deus
1154 4316 1277 4372 caeli
1320 4327 1610 4389 terraeque,
1674 4321 2039 4380 nihilominus

441 4398 645 4455 dicitur
669 4402 834 4457 etiam
868 4403 1323 4463 DeusAbrahami
1351 4420 1406 4465 et
1430 4410 1601 4468 lsaaci
1625 4425 1793 4485 atque
1820 4413 2036 4483 Jacobi,

439 4503 495 4546 et
522 4492 664 4549 Deus
691 4497 1111 4562 consolationis,
1144 4510 1200 4557 et
1227 4501 1369 4557 Deus
1396 4504 1549 4572 pacis
1574 4521 1589 4569 ;
1636 4522 1817 4578 neque
1847 4517 2033 4564 tamen

440 4585 648 4641 idcirco
698 4597 1021 4644 cmterarunt
1076 4591 1339 4648 similium
1405 4596 1767 4667 ejusdemque
1820 4599 2038 4655 ordinis
2071 4581 2117 4637 θ

435 4695 624 4735 rerum
679 4696 789 4736 non
842 4690 930 4737 est
976 4682 1172 4741 Deus:
1233 4686 1344 4741 imo
1411 4690 1597 4757 potius
1648 4691 1781 4761 quia
1835 4690 2040 4748 dicitur

436 4774 1240 4843 praedictorumelementorum
1269 4787 1324 4833 et
1350 4780 1634 4836 hominum
1666 4782 2039 4854 bonitatisque

440 4863 609 4929 Deus,
660 4866 894 4922 aliarum
942 4884 1164 4940 quoque
1214 4886 1397 4927 rerum
1436 4871 1581 4927 Deus
1604 4876 2034 4945 comprobatur;

436 4959 514 5014 ita
544 4978 669 5018 cum
716 4963 925 5019 dicitur
967 4964 1132 5036 hujus
1194 4968 1380 5023 surculi
1429 4967 1595 5035 Deus,
1627 4985 1656 5024 a
1695 4980 1849 5041 parte
1869 4970 2036 5026 simul

439 5054 764 5124 intelligitur
820 5057 1098 5128 simulque
1160 5059 1491 5129 praedicatur
1547 5075 1731 5116 rerum
1783 5061 2035 5116 omnium

440 5143 607 5213 Deus,
643 5148 757 5201 sive
790 5164 914 5219 quae
949 5152 1016 5205 ad
1061 5152 1390 5222 spiritalium
1432 5154 1551 5209 sive
1594 5169 1718 5224 quae
1752 5154 1819 5209 ad
1852 5155 2035 5211 sensi-

438 5237 574 5292 iium
602 5241 852 5296 ordinem
878 5245 1178 5307 pertinent.
1215 5244 1360 5312 Quin
1387 5247 1525 5303 adeo
1553 5250 1599 5303 si
1640 5247 1835 5303 latiore
1860 5264 2032 5304 sensu

441 5328 647 5384 dictum
684 5330 790 5385 hoc
816 5332 1176 5405 intelligatur,
1211 5336 1372 5393 facile
1417 5338 1471 5393 id
1503 5354 1699 5395 rursus
1725 5339 2035 5395 calumnia-

438 5429 624 5479 torum
662 5426 890 5484 insidias
918 5430 1132 5485 evadet.
1170 5430 1380 5489 Mentes
1415 5433 1679 5490 nimirum
1720 5435 2023 5491 incredulo-

445 5531 567 5570 rum
606 5517 768 5584 hujus
798 5522 981 5576 δέρουιὶ
1019 5521 1164 5578 Deus
1208 5536 1484 5595 excaecat;
1526 5528 1629 5583 hoc
1660 5539 1746 5583 est
1777 5529 2032 5601 indignas

439 5608 651 5679 judicat
676 5610 1061 5668 defzccatarum
1102 5632 1286 5673 rerum
1345 5621 1832 5691 contemplatione,
1874 5622 2032 5691 cujus

442 5716 552 5770 ope
602 5702 936 5773 contingeret
970 5707 1051 5763 eis
1108 5708 1385 5781 Evangelii
1447 5714 1655 5771 lumine
1695 5718 2027 5773 colluSIrari.

444 5794 753 5853 lizcredulis
786 5799 931 5854 enim
992 5801 1157 5872 hujus
1189 5806 1375 5862 saeculi
1415 5806 1731 5864 hominibus
1761 5810 2031 5866 rebellare

445 5900 617 5961 atque
630 5887 902 5947 adversari
924 5892 1158 5951 Domino
1174 5910 1280 5953 suo
1298 5895 1653 5966 Creatorique
1674 5900 2026 5969 permittitur;
2048 5934 2053 5937 »

2147 601 2243 656 καὶ
2291 601 2621 674 Μαρκίωνος
2673 598 2959 661 δυσσεϐεῖς
2993 599 3346 669 ἁρπάσαντες
3383 597 3484 667 τὴν
3533 593 3776 665 φωνὴν,

2148 697 2244 750 καὶ
2288 696 2427 766 πρὸς
2471 695 2570 765 τὴν
2620 693 2759 748 ἰδίαν
2810 692 3323 763 αἰχμαλωτίσαντες
3364 690 3585 763 ὁρμὴν,
3644 684 3781 741 εἶτα

2150 789 2358 859 μεταξὺ
2390 788 2484 842 τοῦ
2516 788 2663 854 Θεὸς
2690 788 2786 843 καὶ
2822 787 2927 841 τοῦ
2965 785 3185 851 αἰῶνος
3219 786 3437 840 τούτου
3482 784 3558 838 οὐ
3618 796 3783 848 παρ-

2148 880 2302 943 έντες
2358 877 2571 931 κεῖσθαι
2627 877 2728 948 τὴν
2788 878 3049 947 στιγμὴν,
3101 877 3181 939 εἰς
3242 874 3522 945 τοσαύτην
3590 866 3783 943 ἦλθον

2142 971 2467 1034 δυσσεϐείας
2500 970 2832 1041 ὑπερϐολὴν,
2856 969 2932 1033 ὡς
2961 969 3036 1040 μὴ
3076 968 3238 1039 μόνον
3268 967 3337 1020 τὰ
3368 967 3594 1037 ἔσχατα
3625 965 3776 1017 δυσ-

2147 1064 2349 1129 σεϐεῖν,
2380 1062 2516 1117 ἀλλά
2560 1062 2655 1115 xui
2700 1063 2823 1124 ταῖς
2870 1062 3046 1132 ἱεραῖς
3078 1061 3290 1126 φωναῖς
3333 1058 3620 1113 ἀνάπτειν
3666 1054 3783 1120 τὴν

2144 1157 2327 1211 αἰτίαν
2351 1154 2447 1210 τοῦ
2471 1154 2765 1225 θεομαχεῖν
2790 1170 2806 1185 ·
2850 1153 2945 1207 xui
2967 1153 3162 1222 ἕτερον
3188 1151 3288 1222 μὲν
3314 1146 3457 1205 εἶναι
3492 1147 3782 1214 δοξάζειν

2143 1249 2277 1303 Θεὸν
2310 1249 2368 1312 ὸς
2399 1248 2507 1301 τῶν
2534 1247 2783 1318 ἀοράτων
2807 1263 2866 1299 τε
2891 1246 2986 1299 καὶ
3014 1243 3226 1315 νοητῶν
3252 1243 3357 1313 τῆς
3377 1241 3783 1315 δημιουργίας

2145 1344 2260 1413 ἔχει
2287 1342 2384 1415 τὴν
2414 1343 2624 1412 ἀρχὴν,
2651 1341 2840 1413 ἕτερον
2870 1340 2926 1393 δὲ
2960 1340 3051 1393 τὸν
3080 1338 3175 1392 τοῦ
3205 1339 3477 1410 παρόντος
3514 1337 3776 1398 αἰῶνος.

2144 1435 2240 1487 xui
2266 1434 2367 1487 ὅσα
2399 1432 2657 1502 σύστοιχα
2687 1430 2881 1483 τούτου
2910 1432 3004 1484 καὶ
3034 1430 3307 1500 ὁμοταγῆ,
3335 1426 3779 1499 ἀνακηρύττειν

2143 1524 2507 1595 Δημιουργόν.
2535 1524 2682 1578 Ἀλλ’
2712 1523 2745 1593 ἡ
2774 1522 2877 1594 μὲν
2910 1523 3039 1594 ’περί⁵
3069 1522 3131 1574 τὸ
3160 1522 3328 1593 ῥητὸν
3357 1518 3777 1592 φρενοϐλαϐὴς

2142 1617 2405 1686 ἐπιϐουλὴ
2448 1618 2540 1669 xui
2568 1616 2760 1669 άλλοτε
2810 1615 2911 1685 μὲν
2946 1613 3279 1685 πολλαχόθεν
3308 1614 3603 1667 δείκνυται
3653 1630 3770 1665 σα-

2143 1709 2275 1780 θρά,
2318 1709 2471 1763 οὐδὲν
2513 1708 2567 1762 δὲ
2615 1703 2779 1779 ἦττον
2818 1707 3160 1777 διελεγχθείη
3190 1707 3257 1760 ἂν
3289 1706 3383 1759 καὶ
3415 1706 3499 1759 ὅτι
3541 1704 3631 1776 μὴ
3658 1704 3777 1773 τὴν

2144 1802 2379 1873 στιγμὴν
2421 1803 2516 1857 ἐπὶ
2568 1803 2667 1873 τῆς
2717 1800 2925 1864 οἰκείας
2972 1800 3158 1872 χώρας
3203 1800 3422 1870 άςρῆκεν
3470 1799 3771 1869 ἠρεμείνσ

2143 1898 2267 1949 ἐπεὶ
2294 1895 2391 1949 xui
2422 1898 2450 1950 ὁ
2474 1893 2664 1966 παρὼν
2695 1894 2830 1948 αἰὼν
2853 1894 2986 1947 ποτε
3020 1894 3119 1964 μὲν
3153 1894 3326 1964 αὐτὴν
3351 1892 3453 1964 τὴν
3477 1890 3774 1963 χρονικὴν

2143 1988 2482 2058 παράτασιν,
2518 1987 2633 2040 ἐσθ’
2664 1988 2753 2040 ὅτε
2781 1986 2839 2039 δὲ
2868 1986 2964 2039 xui
2990 1985 3089 2049 τὰς
3128 1985 3366 2047 ἀτόπους
3394 1982 3667 2056 πράξεις,
3701 1982 3770 2037 αι

2141 2079 2283 2133 κατά
2311 2078 2404 2132 τὸν
2434 2078 2685 2149 παρόντα
2723 2078 2839 2149 βίον
2876 2076 3137 2131 εἰώθασιν
3160 2076 3506 2143 ἀναφύεσθαι
3537 2074 3763 2145 σημαί-

2142 2186 2258 2224 νει·
2289 2169 2431 2223 ὥστε
2484 2171 2576 2223 xui
2631 2168 2685 2221 εί
2723 2185 2811 2231 τις
2845 2169 3032 2232 αὐτοῖς
3078 2166 3138 2221 τὸ
3178 2168 3308 2236 περὶ
3355 2166 3455 2237 τὴν
3500 2166 3769 2236 στιγμὴν

2142 2263 2517 2336 κακούργημα
2556 2260 2803 2324 ἐνδώσει,
2837 2260 2992 2314 οὐδὲν
3034 2260 3256 2314 ἔλαττον
3286 2259 3471 2313 αὐτῶν
3500 2258 3561 2312 τὸ
3599 2260 3758 2328 φρό-

2141 2374 2290 2427 νημα
2342 2353 2778 2425 καθαιρούμενον
2810 2353 3101 2424 διελέγχει.
3139 2352 3262 2405 Τῶν
3323 2352 3434 2422 γὰρ
3486 2352 3766 2423 πονηρῶν

2141 2449 2320 2520 ἔργων
2353 2451 2451 2502 xui
2479 2448 2737 2520 πράξεων
2774 2449 2869 2503 άτε
2905 2447 2971 2519 δὴ
3010 2446 3250 2518 σπορεὺς
3292 2447 3389 2499 xui
3435 2446 3761 2506 ύποϐολεὺς

2139 2542 2167 2594 ὁ
2198 2540 2509 2611 ἀρχέκακος
2556 2538 2653 2603 ῶν,
2708 2541 2758 2593 εἰ
2815 2538 3005 2611 κύριος
3038 2538 3223 2592 αὐτῶν
3265 2536 3359 2590 καὶ
3402 2536 3764 2607 δημιουργὸς

2140 2630 2238 2684 xui
2277 2629 2397 2693 θεὸς
2435 2628 2649 2701 ῥηθείη,
2694 2628 2833 2699 πρὸς
2873 2630 2975 2700 τὴν
3003 2628 3165 2695 δόξαν
3199 2630 3439 2697 μάλιστα
3470 2629 3586 2681 τῶν
3636 2629 3758 2681 ὐπ-

2142 2722 2531 2795 ηρετουμένων
2560 2720 2729 2775 αὐτοῦ
2759 2725 2826 2793 τῇ
2866 2720 3104 2795 πονηρίᾳ
3137 2721 3248 2775 τῶν
3284 2721 3549 2792 ῥημάτων
3602 2718 3756 2790 μεθ-

2139 2816 2558 2887 αρμοζομένων,
2599 2814 2754 2868 οὐδὲν
2783 2815 2908 2886 ἃνῆ
2940 2815 3239 2878 άποστάτις
3284 2814 3554 2886 ἐπιϐουλὴ
3605 2813 3754 2884 κέρ-

2138 2910 2228 2973 δος
2276 2909 2543 2981 εὑρήσει·
2598 2908 2723 2961 ἐπεὶ
2764 2909 2859 2963 xui
2899 2908 2968 2961 τὰ
3014 2906 3123 2961 τῶν
3162 2907 3335 2961 ἐθνῶν
3386 2907 3607 2972 εἴδωλα,
3635 2905 3753 2959 οὐκ

2137 2994 2279 3071 ἦσαν
2338 2999 2437 3069 μὲν
2473 2998 2611 3070 ὅπερ
2661 2997 2936 3066 ἒλέγοντο,
2983 2997 3233 3065 ἐλέγοντο
3272 2997 3318 3050 δ’
3366 2996 3522 3067 ὅμως
3602 2995 3749 3049 θεοί.

2138 3090 2274 3155 Θεὸς
2339 3090 2440 3161 μὲν
2497 3092 2607 3161 γάρ
2655 3088 3025 3161 δημιουργίας
3084 3088 3231 3152 τινὸς
3293 3089 3327 3160 ἢ
3391 3087 3752 3159 πραγμάτων

2139 3182 2375 3253 ἑχόντων
2415 3181 2694 3255 σταθηράν
2728 3181 2824 3235 xui
2860 3180 3279 3253 γνωριζομένην
3310 3180 3635 3244 ὑπόστασιν,
3677 3180 3745 3232 οὐ

2142 3276 2242 3347 μὲν
2274 3270 2369 3329 οὖν
2404 3275 2504 3328 οὐκ
2554 3275 2621 3327 ἂν
2666 3272 2790 3328 οὔτε
2827 3273 3045 3345 λεχθείη
3092 3270 3217 3326 οὔτε
3272 3273 3593 3345 νομισθείη·
3641 3274 3747 3326 ὲκ-

2140 3368 2362 3439 θέσμων
2391 3368 2447 3420 δὲ
2480 3366 2671 3420 παθῶν
2703 3368 2796 3421 xui
2821 3366 3120 3439 ἁμαρτίας,
3143 3360 3225 3431 οἷς
3253 3366 3350 3438 ἥδε
3362 3384 3445 3420 ται
3478 3368 3573 3419 xui
3602 3384 3745 3437 τρυ-

2140 3461 2218 3531 φᾷ
2265 3458 2359 3511 καὶ
2390 3458 2520 3523 τοὺς
2550 3457 2747 3523 ἀλλους
2793 3458 2933 3529 πρὸς
2973 3457 3117 3512 αὐτὰ
3158 3457 3228 3512 δι’
3292 3458 3513 3528 ἀπάτης
3557 3458 3746 3512 ἕλκειν

2138 3555 2422 3609 ἄπαυστον
2448 3552 2563 3623 ἔχει
2597 3550 2661 3605 τὸ
2690 3554 3015 3621 φιλονικεῖν,
3054 3550 3251 3623 μέχρις
3281 3550 3348 3606 ἂν
3383 3549 3561 3605 ταῦτα
3585 3552 3745 3619 ὲνερο

2139 3648 2235 3719 γῇ,
2289 3644 2468 3708 οὐδεὶς
2523 3643 2689 3699 αὐτὸν
2745 3641 2871 3697 οὔτε
2922 3642 3024 3715 τῆς
3071 3642 3319 3713 ὀλεθρίου
3385 3642 3592 3713 ταύτης
3642 3642 3744 3696 xui

2139 3738 2331 3801 ἀθλίας
2354 3737 2699 3810 κυριότητος,
2730 3735 2855 3791 οὔτε
2882 3736 2992 3807 μὴν
3014 3737 3113 3805 τῆς
3131 3736 3310 3807 ἀρχῆς
3344 3735 3670 3801 ἀπαλλάξει.

2210 3870 2312 3926 λα’.
2352 3866 2483 3926 Οἶδα
2516 3870 2561 3925 δ’
2591 3869 2759 3924 ὅτιτὸ
2793 3869 2940 3939 ἰερὸν
2960 3868 3055 3923 τοῦ
3089 3867 3306 3923 Παύλου
3330 3866 3517 3939 ῥητὸν,
3546 3867 3608 3921 ού
3638 3866 3741 3939 μό-

2140 3982 2231 4019 νον
2278 3965 2345 4018 ὲκ
2391 3964 2492 4033 τῆς
2521 3962 2781 4030 τοιαύτης
2813 3960 3051 4032 θεωρίας
3099 3962 3200 4032 τὴν
3250 3960 3413 4026 δόξαν
3455 3960 3739 4032 διαφεύγει

2139 4058 2251 4111 τῶν
2278 4058 2629 4122 ἀποστατῶν,
2667 4055 2811 4109 ἀλλὰ
2842 4054 2937 4109 xui
2985 4056 3039 4108 εῐ
3063 4071 3150 4119 τις
3193 4054 3287 4109 τὸν
3332 4055 3464 4126 περί
3500 4052 3740 4124 στιγμῆς

2140 4151 2301 4219 λόγον
2361 4151 2540 4216 ἐάσει,
2588 4149 2742 4203 οὐδὲν
2800 4148 3024 4203 ἔλαττον
3067 4148 3249 4202 αὐτῶν
3294 4148 3639 4221 καταισχύνῃ
3677 4146 3739 4201 τὸ

2143 4242 2437 4313 προπετές.
2478 4244 2692 4312 Ὥσπερ
2723 4242 2832 4313 γὰρ
2865 4241 2894 4295 ὁ
2923 4240 3131 4312 ἀληθὴς
3166 4240 3304 4306 Θεὸς
3328 4240 3489 4312 ἡμῶν
3518 4239 3735 4295 καὶτοῦ

2142 4335 2344 4400 παντὸς
2371 4334 2743 4407 Δημιουργὸς,
2784 4335 2921 4398 Θεὸς
2965 4334 3200 4407 ούρανοῦ
3234 4336 3330 4389 καὶ
3358 4335 3465 4407 γῆς
3487 4377 3501 4402 ,
3532 4335 3736 4403 λέγοιτ’

2140 4428 2209 4482 ἂν
2256 4430 2352 4483 xui
2390 4428 2527 4493 Θεὸς
2580 4428 2838 4500 Ἀϐραάμ
2888 4426 2983 4481 xui
3018 4426 3202 4481 Ἰσαὰκ
3227 4428 3324 4482 xui
3369 4426 3603 4493 Ἰακὼϐ,
3644 4429 3738 4482 xui

2147 4523 2282 4588 Θεὸς
2332 4522 2761 4597 παρακλήσεως,
2791 4523 2885 4577 xui
2925 4522 3058 4587 Θεὸς
3100 4524 3350 4594 εἰρήνης,
3380 4522 3478 4576 xui
3505 4522 3735 4578 ούδέπου

2142 4617 2232 4671 διά
2260 4616 2434 4671 ταῦτα
2485 4616 2597 4670 τῶν
2626 4614 2918 4688 ὁμοταγῶν
2966 4614 3063 4669 xui
3116 4616 3421 4685 συστοίχων
3462 4615 3564 4669 ούκ
3618 4616 3736 4669 ἐστι

2141 4709 2296 4774 Θεὸς,
2328 4708 2466 4763 ἀλλά
2509 4708 2709 4779 μᾶλλον
2736 4706 2796 4773 ἐξ
2829 4700 2904 4761 ὧν
2952 4706 3174 4775 λέγεται
3216 4707 3445 4773 τούτων,
3494 4708 3589 4761 καὶ
3624 4709 3736 4763 τῶν

2139 4797 2316 4851 ἄλλων
2357 4798 2740 4866 συνεισάγεται
2762 4796 2921 4860 Θεός·
2954 4796 3098 4849 οὕτω
3124 4797 3219 4850 xui
3248 4797 3383 4862 Θεὸς
3413 4797 3509 4853 τοῦ
3536 4799 3735 4863 αἰῶνος

2138 4888 2331 4943 τούτου
2358 4889 2595 4960 λεχθεὶς,
2630 4890 2740 4945 ἀπὸ
2773 4888 2978 4960 μέρους
3014 4890 3106 4943 xui
3128 4889 3225 4943 τοῦ
3275 4890 3498 4956 παντὸς,
3531 4893 3633 4946 ὅσα
3670 4910 3731 4946 τε

2139 4986 2222 5049 εἰς
2250 4983 2451 5054 νοητὴν
2482 4982 2640 5054 λῆξιν
2672 4984 2768 5038 xui
2816 4985 2920 5037 ὅσα
2969 4985 3106 5055 πρὸς
3150 4981 3403 5056 αἴσθησιν
3460 4985 3733 5055 ἀναφέρε-

2136 5092 2253 5137 ται,
2293 5076 2690 5128 συνεπινοεϊται
2742 5074 2839 5128 xui
2888 5075 3466 5145 συνανακηρύττεται·
3501 5076 3564 5129 ού
3622 5077 3729 5147 μὴν

2137 5167 2274 5231 ἀλλὰ
2343 5167 2439 5221 xui
2498 5166 2621 5221 καθ’
2682 5166 2977 5238 ὑπέρθεσιν
3036 5168 3099 5220 τὸ
3168 5167 3333 5237 ῥητὸν
3406 5168 3681 5238 ὲκληφθὲν
3709 5210 3725 5235 ,

2137 5259 2319 5312 πᾶσαν
2349 5256 2550 5329 ῥᾳδίως
2593 5256 2703 5309 τῶν
2734 5255 3151 5327 ἐπηρεαζόντων
3188 5256 3473 5326 διαφεύγει
3527 5258 3724 5331 λαϐήν.

2136 5350 2218 5403 Τά
2241 5348 2352 5419 γάρ
2377 5350 2630 5419 νοήματα
2663 5348 2773 5403 τῶν
2818 5348 3067 5403 ἀπίστων
3094 5349 3191 5403 τοῦ
3222 5350 3419 5414 αἰῶνος
3466 5352 3660 5407 τούτου
3694 5355 3726 5405 ὁ

2134 5444 2270 5506 Θεὸς
2304 5441 2498 5512 τυφλοί
2517 5459 2532 5473 ο
2579 5441 2858 5496 τουτέστιν
2891 5442 3085 5507 ἀνάξια
3120 5444 3297 5514 κρίνει
3348 5444 3448 5515 τῆς
3476 5444 3587 5497 τῶν
3632 5462 3725 5499 κε·

2134 5535 2499 5608 καθαρμένων
2540 5534 2804 5605 θεωρίαςο
2832 5534 2901 5588 δι’
2944 5530 3012 5607 ἦς
3056 5536 3240 5600 αὐτοῖς
3271 5536 3399 5606 ὲνῆν
3429 5536 3523 5590 τὸν
3550 5554 3723 5606 φωτι-

2134 5624 2271 5692 σμὸν
2297 5622 2700 5693 ὲναυγασθῆναι
2726 5622 2820 5675 τοῦ
2854 5622 3215 5691 Εύαγγελίου.
3242 5624 3306 5677 Οἰ
3338 5623 3441 5694 μὲν
3473 5625 3589 5696 γὰρ
3626 5624 3721 5679 τοῦ

2132 5715 2228 5771 νῦν
2260 5716 2453 5779 αἰῶνος
2474 5714 2719 5777 ἄπιστοι,
2750 5715 2845 5768 καὶ
2870 5714 3186 5779 στασιάζειν
3213 5716 3308 5769 xui
3330 5716 3723 5787 προσφιλονει-

2134 5807 2251 5861 κεῖν
2282 5805 2536 5875 ἀφίενται
2558 5803 2637 5875 τῷ
2663 5803 2852 5874 οἰκείῳ
2878 5806 3129 5877 Δεσπότῃ
3155 5806 3250 5859 xui
3269 5805 3601 5877 Δημιουργῷ
3622 5823 3636 5837 ο
3663 5809 3723 5860 ὲν

2130 5897 2191 5952 δὲ
2216 5897 2293 5971 τῷ
2320 5897 2572 5967 μέλλοντι
2615 5899 2705 5952 ὅτε
2738 5899 2846 5953 πᾶν
2876 5898 3006 5966 γόνυ
3046 5899 3256 5971 κάμψει
3298 5900 3449 5971 αὑτῷ
3480 5900 3719 5973 ἐπουρα-
