4134 6492
341 348 425 410 89
1413 334 1515 395 AD
1546 328 2146 395 AMPHILOCHIUM
2189 332 2537 405 QU/ESTIO
2574 336 2622 395 Ι.
3579 334 3649 399 90

340 460 479 512 νίων
491 455 592 511 καὶ
609 450 873 524 ἐπιγείων
884 448 989 504 ικαὶ
1014 447 1411 519 καταχθονίων,
1430 449 1526 501 καὶ
1546 448 1698 500 πᾶσα
1727 444 1952 515 γλῶσσα

2060 456 2431 505 Verumtamen
2493 450 2547 505 in
2600 448 2814 514 futuro.
2867 464 2993 505 cum
3040 462 3203 503 omne
3230 462 3366 516 genu
3402 445 3654 502 flectetur

341 549 814 622 ἐξομολογήσεται
847 542 1020 613 αὐτῷ,
1042 542 1218 607 οὐδεὶς
1250 540 1433 595 αὐτῶν
1453 537 1577 593 οὔτε
1603 537 1945 596 ἀποστασῖας

2060 542 2130 596 illi
2167 542 2503 611 caelestium,
2532 545 2877 600 terrestrium
2908 553 2961 600 et
2986 543 3353 604 infernorum,
3386 552 3441 595 ct
3470 541 3657 597 omnis;

338 643 472 695 οῦτε
505 637 848 710 φιλονεικίας
892 635 926 707 ἢ
977 633 1202 703 ἀγνοίας
1249 634 1328 695 εἰς
1377 630 1441 683 τὸ
1474 630 1548 701 μὴ
1580 628 1810 683 συνιδεῖν
1848 627 1949 697 τὴν

344 734 497 789 κατὰ
517 734 741 786 πάντων
768 727 1075 800 κυριότητα
1104 726 1202 779 καὶ
1226 724 1288 779 τὸ
1310 724 1534 795 κράτος,
1549 720 1948 792 ὲπιπροσθήσει

346 827 551 897 γνόφος
582 825 613 897 ἢ
644 822 838 894 ἀχλύς.

429 1005 527 1077 λβ’.
570 1002 712 1057 Ἀλλ’
755 1001 893 1071 ὅπερ
937 998 1161 1068 ἐλέγετο
1200 998 1297 1069 μὲν
1328 999 1363 1070 ἢ
1396 997 1524 1069 περὶ
1556 996 1660 1068 τῆς
1710 997 1949 1068 στιγμῆς

352 1100 549 1170 σκέψις
587 1098 655 1151 οὐ
684 1095 847 1167 μόνον
895 1095 952 1148 ὲν
998 1096 1114 1157 τοῖς
1171 1091 1555 1156 θεοπνεύστοις
1591 1091 1685 1145 τοῦ
1732 1091 1949 1145 Παύλου

349 1195 573 1264 ῥητοῖς,
596 1188 1033 1261 κακουργήμασι
1067 1186 1170 1256 μὲν
1197 1186 1381 1240 δίδωσι
1414 1184 1627 1255 πλάνης
1669 1184 1949 1256 ἀφορμὰς,

346 1281 866 1355 ἀκριϐολογουμὲνη
919 1277 977 1331 δὲ
1022 1276 1395 1349 καταστρέφει
1440 1276 1541 1340 τάς
1586 1276 1687 1348 τῆς
1731 1276 1951 1348 ἀπάτης

350 1375 630 1447 μηχανὰς,
669 1373 805 1427 ἀλλά
838 1372 935 1426 καὶ
978 1371 1039 1424 ὲν
1088 1371 1280 1435 αὑταῖς
1322 1371 1445 1433 ταῖς
1488 1370 1851 1429 Δεσποτικαῖς
1887 1386 1949 1422 τε

349 1468 461 1521 καὶ
509 1467 819 1538 Κυριακαῖς
852 1466 1059 1532 φωναῖς
1107 1463 1167 1516 οὐ
1200 1465 1301 1533 τὴν
1341 1460 1614 1532 τυχοῦσαν
1657 1462 1795 1533 πρὸς
1824 1462 1952 1517 έκά-

346 1580 491 1634 τερα
521 1562 714 1616 δίδωσι
754 1560 949 1633 ῥοπήν.
1002 1559 1067 1610 Οἱ
1115 1557 1225 1628 γὰρ
1257 1556 1415 1610 αὐτοὶ
1454 1557 1555 1627 τῆς
1607 1555 1951 1619 ἀποστασίας

346 1655 607 1727 ἐρασταὶ,
661 1652 766 1723 τῆς
820 1652 1162 1722 Δεσποτικῆς
1214 1648 1579 1721 δημιουργίας
1637 1647 1698 1702 τὸ
1747 1648 1950 1720 ὡραῖον

346 1746 517 1801 τοῦτο
547 1746 642 1799 καὶ
673 1741 1132 1812 θαυμασιώτατον
1162 1741 1535 1813 φιλοτέχνημα
1555 1779 1570 1805 ,
1609 1739 1701 1794 τὸν
1731 1739 1951 1811 ὁρώμε-

2058 633 2243 702 lingua
2265 634 2617 690 confitebitur
2649 635 2735 698 ei;
2764 636 2924 689 nullae
2978 634 3091 704 jam
3146 635 3215 689 ab
3255 634 3324 688 iis
3361 634 3657 702 apostasia?

2052 728 2137 781 vel
2182 729 2499 798 pertinaciae
2551 729 2632 784 vel
2664 729 2898 784 inscitiae
2955 728 3654 799 prmtendenturtenebrte,

2052 819 2353 889 quominus
2378 819 2470 873 Dei
2510 820 2877 874 univcrsalem
2913 819 3261 875 dominatum
3318 819 3653 890 potentiam-

2052 927 2160 982 que
2190 922 2511 983 agnosranl.

2124 1000 2215 1056 52.
2256 1001 2448 1071 Atqui,
2485 1010 2544 1056 ut
2572 1002 2840 1059 hactenus
2867 1003 3072 1058 dictum
3106 1012 3211 1065 est,
3242 1004 3651 1074 interpunctiu-

2055 1094 2143 1146 nis
2178 1093 2493 1148 observatio
2530 1108 2640 1148 non
2674 1095 2855 1150 solum
2901 1094 2956 1147 in
2985 1110 3225 1164 superne
3252 1095 3450 1151 amatis
3497 1095 3650 1151 Pauli

2055 1183 2217 1238 dictis
2255 1183 2480 1239 malitiae
2504 1186 2790 1256 errorique
2815 1199 3005 1240 ansam
3054 1187 3284 1255 praebet,
3320 1203 3442 1258 quae
3472 1196 3667 1241 tamen

2054 1275 2101 1329 si
2137 1282 2286 1330 recte
2315 1275 2431 1341 ﬁat,
2472 1275 2685 1334 fraudis
2714 1278 2942 1334 technas
2974 1278 3241 1349 dissipat:
3268 1295 3458 1334 verum
3488 1280 3663 1334 etiam-

2057 1368 2111 1423 in
2164 1368 2459 1425 dominicis
2507 1369 2643 1440 ipsis
2693 1386 2967 1442 suprema:
3016 1373 3366 1427 auctoritatis
3399 1374 3647 1437 vocibus,

2054 1475 2164 1515 non
2195 1461 2470 1516 mediocre
2507 1462 2726 1533 utrique
2750 1462 3040 1518 sententiae
3072 1473 3410 1519 momentum
3436 1464 3671 1520 confert.

2056 1552 2449 1622 interpunctio.
2480 1552 2730 1625 Namque
2754 1555 2918 1610 iidem
2960 1556 3061 1627 ipsi
3085 1558 3377 1627 apostasia:
3404 1558 3654 1622 asseclze,

2056 1645 2366 1716 speciosum
2394 1646 2499 1703 hoc
2520 1648 3019 1719 adinirandumque
3044 1649 3336 1704 dominica:
3357 1650 3671 1705 creationis'

2057 1738 2371 1804 aedilicium,
2406 1739 2799 1809 aspectabilem
2854 1741 2980 1797 dico
3022 1741 3429 1812 pulchrumque
3494 1758 3659 1797 mun-

350 1855 450 1891 νον
483 1836 628 1905 λέγω
650 1837 749 1890 καὶ
784 1833 1094 1907 περικαλλῆ
1124 1832 1357 1904 κόσμον,
1386 1835 1445 1885 οὐ
1481 1830 1728 1888 Θέλοντεε
1750 1832 1953 1901 ἀνομοο

2060 1826 2216 1889 dum,
2258 1826 2394 1881 dum
2428 1826 2717 1882 Creatoris
2743 1844 2883 1899 opus
2907 1845 3030 1884 eSSe
3057 1839 3276 1899 negant,
3311 1830 3678 1901 incongrua»:

351 1931 538 1999 λογεῖν
570 1929 733 2001 έργον
764 1924 905 1982 εἶναι
950 1926 1045 1982 τοῦ
1079 1924 1456 1997 Δημιουργοῦ,
1489 1923 1609 1978 ἀλλ’
1644 1924 1725 1987 εἰς
1754 1923 1952 1994 ἑτέραν

353 2026 562 2079 ἄτοπον
593 2019 1031 2092 φιλονεικοῦντες
1072 2020 1371 2090 ἀναφέρειν
1393 2016 1567 2089 ἀρχὴν
1594 2016 1679 2080 τὸ,
1716 2037 1734 2070 ι
1764 2017 1952 2071 Πάντα

352 2115 427 2167 δι’
457 2114 619 2167 αὐτοῦ
674 2112 914 2183 ἐγένετο,
950 2112 1046 2164 καὶ
1088 2110 1260 2181 χωρὶς
1323 2109 1489 2164 αὑτοῦ
1532 2109 1754 2177 ἐγένετο
1797 2107 1952 2161 οὐδὲν

350 2209 383 2262 ὂ
406 2208 655 2277 γέγονεν,
698 2225 719 2260 ›
753 2207 853 2260 οὐκ
881 2204 1142 2274 ἀγαπῶσι
1172 2202 1507 2273 καταλήγειν
1551 2203 1632 2266 είς
1673 2203 1913 2273 στιγμήν
1933 2217 1949 2236 ο

356 2298 702 2372 συνείροντες
744 2297 802 2351 δὲ
831 2298 947 2361 τοῖς
990 2294 1330 2368 προλαϐοῦσι
1358 2297 1452 2349 καὶ
1478 2294 1540 2347 τὸ
1568 2296 1627 2348 έν
1654 2293 1826 2364 αὐτῷ,
1857 2292 1953 2347 οὖ-

351 2410 467 2455 τως
483 2392 760 2464 λήγουσαν
784 2390 882 2462 τὴν
907 2387 1093 2461 φωνὴν
1116 2390 1343 2459 ἀφιᾶσιν
1359 2389 1439 2453 είς
1460 2387 1720 2458 στιγμήν.
1744 2384 1843 2439 Διά
1866 2384 1950 2450 τίς

354 2486 489 2539 ἰνα
508 2485 576 2537 τὰ
607 2486 666 2537 ὲν
696 2482 848 2554 αὐτῷ
875 2481 945 2535 δι’
969 2480 1137 2534 αὐτοῦ
1184 2479 1441 2550 γενέσθαι
1483 2478 1733 2548 λέγοντες
1768 2476 1952 2547 μόνον,

352 2579 525 2631 ὁποῖα
548 2577 615 2632 ἂν
635 2576 818 2631 αὐτῶν
834 2576 929 2629 καὶ
950 2576 1011 2629 τὸ
1034 2576 1266 2646 μάταιον
1282 2575 1392 2628 τῶν
1408 2574 1689 2644 λογισμῶν
1707 2571 1956 2626 ἀναπλά-

356 2686 476 2733 σοι,
524 2669 633 2721 τῶν
685 2668 993 2738 γεγονότων
1045 2666 1250 2721 λοιπῶν
1289 2666 1548 2720 ἁπάντων
1596 2664 1696 2735 τὴν
1740 2663 1955 2733 γένεσιν

352 2760 529 2813 αὑτὸν
546 2760 896 2832 ἁφαιρήσωσι
914 2760 1009 2814 καὶ
1025 2759 1090 2829 δη
1098 2777 1224 2830 μιου
1232 2759 1414 2831 ργὶαν.
1434 2758 1624 2830 Ὁρᾷς,
1638 2758 1732 2811 καὶ
1747 2752 1807 2811 οῦ
1822 2756 1957 2827 βρα-

354 2853 595 2925 χύτερον
610 2852 709 2905 οὐκ
727 2851 877 2906 ἐστιν
891 2852 1092 2924 εὑρεῖν,
1110 2854 1186 2923 μὴ
1202 2854 1270 2922 τῇ
1289 2850 1574 2923 πρεπούσῃ
1589 2848 1768 2923 κρίσει
1787 2848 1956 2902 καθυ-

357 2944 664 3015 ποϐληθὲν,
684 2946 815 2999 οἴων
838 2946 1059 2999 ἀτόπων
1076 2963 1137 2999 τε
1167 2946 1264 2999 καὶ
1280 2944 1730 2999 δυσσεϐεστάτων
1745 2943 1957 3015 νοημά-

351 3055 475 3091 των
489 3036 712 3108 ἀφορμὴ
734 3038 849 3100 τοῖς
866 3036 1131 3091 ἀσεϐοῦσι
1151 3036 1481 3091 καθίσταται
1504 3037 1602 3090 καὶ
1623 3036 1917 3106 καταφυγή
1940 3051 1963 3100 ',

2054 1934 2162 1988 que
2178 1918 2271 1973 alii
2297 1918 2495 1987 origini
2515 1919 2757 1976 tribuere
2780 1922 3021 1987 student,
3048 1922 3378 1976 locutionem
3410 1942 3428 1974 ι
3461 1922 3669 1976 Omnia.

2054 2027 2154 2082 per
2185 2013 2365 2082 ipsum
2396 2011 2540 2069 facta
2568 2022 2718 2080 sunt,
2748 2024 2803 2069 et
2837 2015 2957 2070 sine
2998 2014 3116 2085 ipso
3162 2013 3367 2069 factum
3399 2025 3485 2071 est
3512 2016 3654 2070 nihil

2055 2106 2201 2175 quod
2230 2107 2432 2161 factum
2454 2115 2538 2162 est
2558 2106 2700 2172 “'7’,
2732 2126 2750 2160 ι
2777 2107 2973 2162 nolunt
2993 2108 3436 2176 interpunctione
3463 2108 3668 2175 linire;.

2055 2198 2152 2253 sed
2204 2198 2460 2269 copulata
2528 2214 2655 2255 eum
2724 2199 3105 2271 superioribus
3163 2212 3428 2273 sequente
3488 2203 3656 2257 etiam

2055 2291 2301 2348 dictione
2331 2292 2386 2346 in
2429 2291 2564 2359 ipso,
2629 2304 2747 2347 tum
2799 2293 3019 2347 demum
3056 2294 3344 2364 periodum
3371 2295 3675 2365 interpunr

2055 2384 2235 2439 ctione
2257 2384 2615 2441 concludunt.
2643 2384 2795 2440 Cur?
2830 2386 3085 2442 videlicet
3115 2396 3174 2442 nt
3202 2403 3266 2443 ea
3298 2404 3421 2458 quae
3447 2398 3577 2442 sunt
3603 2387 3671 2442 in-

2058 2478 2199 2547 ipso,
2260 2478 2646 2534 tantummodo
2682 2479 2872 2534 dicant
2922 2477 3065 2534 facta
3126 2495 3221 2548 per
3275 2480 3455 2551 ipsum
3491 2481 3664 2552 (quae-

2056 2588 2273 2642 cunque
2318 2572 2435 2629 haec
2488 2574 2709 2629 demum
2768 2576 2933 2630 stulta
2961 2590 3117 2629 mens
3147 2574 3366 2629 illorum
3403 2575 3507 2630 sibi
3539 2590 3674 2631 esse

2057 2666 2379 2735 confingit);
2411 2675 2735 2722 caeterarum
2770 2676 2957 2722 autem
3003 2683 3187 2722 rerum
3224 2668 3499 2735 omnium,
3535 2683 3673 2738 quur

2059 2758 2217 2815 facta:
2256 2761 2499 2822 fuerunt,
2535 2757 2713 2815 Verbo
2752 2759 3008 2815 auferant
3039 2761 3308 2831 originem
3332 2773 3385 2815 et
3418 2761 3661 2816 creatio-

2058 2866 2208 2907 nem.
2252 2849 2386 2905 Hem
2426 2866 2540 2915 res,
2601 2867 2712 2921 qua
2762 2853 2911 2907 nulla
2960 2853 3144 2908 minor
3199 2853 3433 2908 inveniri
3457 2864 3657 2924 potest.

2058 2960 2223 3016 quam
2254 2944 2617 3000 absurdarum
2646 2944 3050 3017 impial'umque
3066 2946 3390 3016 Opinionutn
3410 2947 3667 3003 scelestis

2059 3039 2379 3096 hominibus
2419 3055 2613 3095 ansam
2643 3040 2904 3095 obtulerit
2931 3054 2996 3095 ac
3022 3038 3367 3110 perfugium!

435 3136 536 3200 Αγ’.
575 3131 689 3184 Οὐκ
716 3129 900 3200 ἀγνοῶ
927 3130 986 3183 δὲ
1012 3130 1087 3193 ὡς
1137 3130 1233 3184 καλ⁸
1258 3130 1423 3194 ἄλλας
1457 3129 1611 3193 τινάς
1641 3130 1955 3184 ἐπαναστά-

2134 3134 2225 3191 35.
2264 3133 2383 3189 Non
2445 3134 2634 3189 nescio
2695 3134 2821 3189 aliis
2881 3148 3106 3204 quoque
3173 3132 3663 3189 sollicitationibus

359 3218 482 3287 ιτεις
523 3225 557 3293 ὴ
602 3221 929 3286 αὑτόλεκτος
976 3220 1121 3294 αὔτη
1162 3222 1261 3276 καὶ
1310 3221 1618 3294 Δεσποτικὴ
1651 3222 1807 3292 παρά
1854 3222 1954 3294 τὴν

356 3314 539 3387 αὐτὴν
576 3314 757 3369 αἰτίαν
799 3314 1008 3386 ὑπέστη
1045 3318 1225 3385 φωνή.
1264 3316 1325 3368 ὐ
1363 3314 1462 3385 μὲν
1492 3314 1600 3385 γὰρ
1634 3312 1814 3377 κοινὸς
1853 3313 1957 3384 τῆς

353 3407 624 3478 ἀληθείας
650 3409 747 3460 καὶ
771 3406 1108 3479 ἀπερίεργος
1141 3407 1301 3477 λόγος
1339 3409 1480 3477 μετά
1502 3406 1584 3471 τὸ,
1623 3424 1641 3457 ι
1674 3405 1861 3459 Πάντα
1886 3404 1956 3458 δι’

354 3498 533 3553 αὐτοῦ
570 3499 812 3568 ἐγένετο,
857 3500 954 3553 καὶ
994 3500 1167 3570 χωρὶς
1197 3499 1365 3553 αὑτοῦ
1403 3498 1627 3568 ἐγένετο
1660 3498 1783 3551 οὐδὲ
1832 3496 1891 3549 ἓν
1930 3495 1959 3549 ὃ

352 3592 641 3662 γέγονεν,ι
671 3591 747 3655 ῶς
774 3591 871 3646 καὶ
892 3591 1237 3665 προείρηται,
1271 3590 1447 3655 οὕτως
1468 3592 1665 3660 ὲπάγει
1685 3590 1784 3662 τὴν
1810 3606 1961 3655 στιγ-

359 3684 502 3754 μήνο
534 3684 584 3736 οῖ
612 3683 671 3737 δὲ
702 3682 953 3748 στίζουσι
980 3682 1081 3754 μὲν
1124 3682 1264 3754 μετὰ
1284 3674 1347 3735 τὸ
1377 3682 1554 3747 οὐδὲν,
1582 3681 1761 3753 ἀρχῆς
1785 3681 1842 3736 δὲ
1864 3681 1967 3735 ἀπ’

354 3775 534 3846 ἄλλης
578 3775 947 3847 προφέροντες
992 3774 1075 3840 τὸ,
1133 3776 1241 3828 ιοὊ
1289 3773 1514 3844 γέγονεν
1554 3775 1611 3828 έν
1651 3772 1800 3845 αὐτῷ
1845 3771 1964 3845 ζωὴ

353 3864 489 3940 ἧνρ
524 3868 651 3922 νοῦν
688 3869 787 3940 μὲν
817 3870 1121 3937 ἀναγκαῖον
1144 3868 1336 3922 οὐδένα
1365 3867 1641 3940 δηλοῦσιν,
1678 3868 1960 3937 ἀνοίγουσι

355 3960 433 4013 δὲ
466 3962 579 4024 τοῖς
616 3959 973 4030 βουλομένοις
1011 3958 1083 4013 τὰ
1133 3961 1378 4030 μυστικά
1424 3959 1518 4012 καὶ
1546 3958 1751 4031 φρικτά
1788 3958 1959 4029 κάλλη

358 4053 480 4107 τῶν
510 4053 674 4124 ἱερῶν
701 4053 859 4124 ὴμῶν
876 4053 1087 4123 Δογίων
1111 4052 1500 4126 κατορχεῖσθαι
1528 4053 1792 4107 πλατεῖαν
1819 4053 1958 4107 ὀδόν.

363 4148 439 4202 Τί
470 4147 581 4220 γὰρ
610 4148 729 4203 ὲνδν
752 4147 1041 4218 ἀρκεῖσθαι
1064 4149 1177 4211 τοῖς
1197 4148 1563 4218 ἐγνωσμένοις
1585 4148 1678 4203 καὶ
1703 4146 1964 4201 κάλλιστα

362 4245 471 4314 τῆς
500 4240 801 4313 ἑρμηνείας
826 4241 1063 4311 ἔχουσιν,
1110 4240 1503 4312 ὑπερορῶντας
1539 4239 1716 4293 ταῦτα
1753 4239 1962 4311 ζητεῖν,

362 4341 486 4400 τοῖς
516 4335 687 4407 μηδὲν
713 4337 900 4404 ὅμοιον
933 4333 1320 4403 κεκτημένοις,
1364 4332 1665 4403 καινότητα
1701 4332 1758 4385 δὲ
1805 4332 1965 4403 μόνον

362 4429 795 4505 χαριζομένοις,
830 4423 1281 4492 καλλωπίζεθαι;
1317 4424 1430 4480 Καὶ
1458 4425 1519 4478 οὐ
1551 4424 1695 4479 κατά
1735 4426 1958 4479 πάντων

2065 3227 2210 3283 hanc
2240 3228 2412 3298 ipsam
2440 3228 2766 3282 locutionem
2807 3226 3138 3281 dominicam
3168 3226 3361 3281 cadent
3390 3227 3457 3282 de
3491 3242 3661 3282 causa

2064 3319 2357 3375 obnoxiam
2393 3318 2587 3373 fuisse.
2624 3316 2770 3373 Sane
2803 3318 3115 3373 communis
3162 3326 3217 3372 et
3250 3319 3485 3387 ingenua
3513 3319 3661 3373 veri-

2068 3410 2196 3465 tatis
2246 3411 2386 3465 ratio
2437 3418 2561 3480 post
2606 3409 2774 3464 verba
2813 3426 2833 3460 ι
2874 3408 3070 3463 Omnia
3142 3424 3239 3479 per
3287 3409 3467 3479 ipsum
3517 3409 3665 3466 facta

2067 3513 2214 3569 Stlnl,
2245 3511 2299 3558 et
2344 3503 2461 3558 sine
2490 3502 2611 3573 ipso
2641 3500 2847 3557 factum
2878 3512 2961 3558 est
3004 3503 3141 3558 nihil
3184 3505 3327 3573 quod
3362 3503 3591 3569 factum,
3634 3523 3664 3556 ι-

2067 3593 2585 3665 interpunctionem,
2622 3603 2681 3649 ut
2700 3594 2814 3664 jam
2844 3594 3109 3659 diximus,
3146 3597 3321 3665 ponit.
3342 3595 3446 3649 Alii
3476 3606 3671 3652 tamen:

2068 3690 2464 3760 interpungunt
2524 3697 2649 3760 post
2672 3688 2847 3742 m‘lu'l:
2893 3698 3008 3743 tum
3060 3688 3228 3743 veluti
3275 3703 3341 3744 ex
3369 3690 3480 3745 alio
3506 3690 3668 3745 initio

2068 3782 2434 3852 proferentes.
2470 3799 2489 3832 ι
2532 3780 2691 3848 Quod
2713 3779 2929 3835 factum
2958 3789 3043 3835 cst
3072 3779 3126 3834 in
3156 3779 3277 3850 ipso
3311 3781 3421 3835 vita
3462 3791 3602 3847 erat,
3637 3800 3658 3833 ι

2070 3890 2297 3931 sensum
2350 3873 2574 3944 quidem
2629 3874 2893 3928 idoneum
2947 3872 3163 3927 nullum
3212 3871 3495 3938 afferunt;
3548 3874 3663 3928 imo

2070 3969 2236 4025 latam
2273 3968 2417 4023 viam
2451 3976 2706 4023 sternunt
2736 3966 2824 4033 iis,
2852 3966 2947 4037 qui
2986 3980 3268 4022 sacrorum
3303 3967 3594 4037 mysticum
3612 3976 3674 4022 et

2072 4071 2370 4134 augustum
2428 4059 2783 4115 oraculorum
2862 4067 3184 4113 nostrorum
3233 4059 3407 4115 decus
3461 4060 3677 4115 violare

2072 4157 2337 4227 gestiunt.
2373 4152 2491 4209 Cur
2510 4152 2660 4207 enim
2698 4166 2823 4207 cum
2855 4150 3015 4205 liceat
3045 4150 3275 4221 probata
3309 4160 3363 4205 et
3408 4151 3666 4222 pulcher-

2072 4249 2212 4304 rima
2246 4244 2704 4317 interpretatione
2743 4257 2868 4299 esse
2905 4244 3180 4299 contentis
3203 4284 3220 4310 ,
3254 4258 3375 4307 cur,
3413 4244 3662 4315 inquam,

2074 4336 2178 4392 hac
2206 4342 2416 4406 spreta,
2447 4331 2727 4404 captanda
2745 4340 2837 4387 est
2851 4331 3087 4386 aliorum
3113 4345 3377 4387 sensuum
3408 4331 3664 4403 gloriola,

2072 4429 2166 4501 qui
2228 4426 2367 4497 aequi
2430 4426 2692 4496 ponderis
2745 4424 2881 4479 nihil
2912 4424 3135 4487 habent.
3160 4425 3390 4481 novitati
3420 4434 3667 4480 tantum—

365 4524 537 4594 (pl-59w.
570 4521 670 4593 τὴν
706 4520 911 4591 ψῆφον,
968 4518 1085 4572 ἀλλ’
1130 4513 1207 4573 ὧν
1239 4519 1274 4590 ὴ
1316 4515 1515 4589 γνώμη
1565 4518 1658 4572 τὸν
1686 4517 1846 4586 λόγον
1874 4534 1955 4588 μοι

2074 4522 2237 4577 modo
2265 4518 2611 4575 velificantur
2632 4517 2667 4571 ἓ
2703 4516 2904 4587 Neque
2948 4516 3213 4574 adversus
3244 4532 3441 4573 omnes
3472 4518 3686 4574 sullra-.

364 4617 649 4671 δείκνυσιν
679 4611 1109 4683 ὲπαληθεύοντα.
1140 4610 1339 4681 Ἀρχει
1367 4611 1426 4665 δὲ
1451 4612 1551 4682 τῆς
1586 4610 1708 4665 ὀδοῦ
1741 4609 1955 4682 ταύτης,

2070 4618 2217 4688 gium
2243 4613 2382 4679 fero,
2413 4614 2509 4669 sed
2540 4622 2746 4667 contra
2782 4627 2878 4667 eos
2923 4626 3161 4682 quoeum
3202 4612 3451 4667 doctrina
3479 4628 3666 4667 veram

367 4711 477 4764 ὅσα
508 4726 576 4778 γε
620 4708 724 4778 τὴν
773 4705 915 4777 ἐμὴν
958 4704 1061 4759 οὐκ
1106 4703 1261 4758 ἔλιπε
1303 4704 1548 4776 μνήμην,
1593 4705 1626 4757 ὁ
1653 4703 1955 4777 πολυμαθῆ.

2070 4720 2193 4762 esse
2241 4703 2489 4774 coarguit
2540 4702 3028 4773 reprehensionem
3091 4718 3305 4758 meam-
3338 4701 3492 4759 Hanc
3518 4706 3669 4759 viam

371 4804 478 4875 μὲν
508 4800 673 4855 οὐδὲν
708 4799 766 4853 δὲ
820 4791 988 4870 ἦττον
1031 4796 1072 4869 ἦ
1118 4795 1469 4867 πολυπλανὴς
1507 4795 1792 4868 Ὤριγένης
1833 4795 1947 4867 (9.5)

2070 4798 2283 4868 primus
2310 4797 2597 4867 ingressus
2613 4804 2719 4861 est,
2751 4795 2856 4850 nisi
2897 4809 3033 4849 mea,
3070 4808 3160 4850 me
3206 4796 3470 4850 memoria
3511 4794 3679 4863 fallit,

367 4896 662 4968 ἐκδέχεται
708 4894 769 4948 δὲ
799 4893 901 4965 τὴν
944 4890 1180 4962 μίμησιν
1204 4891 1233 4942 ό
1263 4890 1728 4959 Πνευματομάχος
1773 4887 1955 4961 [Mace

2070 4886 2427 4942 doctissimus
2496 4884 2589 4940 ille
2661 4898 2838 4954 neque
2900 4882 3087 4937 minus
3159 4897 3412 4936 errorum
3479 4883 3685 4953 plenus-

368 4986 610 5061 donius],
635 5028 651 5053 ,
690 4989 739 5041 el
762 4985 866 5041 καὶ
890 4984 966 5057 μὴ
1006 4982 1111 5054 τῆς
1150 4981 1477 5047 δυσσεϐείας
1506 4981 1588 5053 (οὐ
1622 4981 1734 5054 γὰρ
1772 4981 1889 5053 ἅμα
1915 4998 1955 5035 τι

2078 4976 2360 5046 Origenes.
2387 4972 2601 5044 Excipit
2660 4971 2828 5043 hujus
2885 4971 3194 5041 exemplum
3226 4970 3402 5026 sancti
3436 4972 3689 5041 Spiritus-

368 5084 474 5155 τὴν
509 5081 758 5154 στιγμὴν
790 5081 1000 5145 ἐκεῖνος
1040 5074 1391 5148 ὐπερετίθει,
1440 5072 1538 5129 καὶ
1580 5074 1679 5147 τὴν
1710 5074 1955 5130 ἀσέϐειαι

2079 5077 2472 5139 ορριιειιοιοη.
2508 5080 2829 5137 quanquam
2862 5080 3020 5121 suam
3058 5065 3389 5134 peculiarem
3421 5063 3680 5122 haeresim

370 5153 467 5228 διά
512 5172 612 5228 τοῦ
647 5153 825 5245 ῥητοῦ
863 5166 1311 5243 μετεδίδασκεν),
1342 5164 1459 5220 ἀλλ’
1493 5162 1590 5219 οῦν
1612 5181 1677 5234 γε
1709 5165 1810 5235 τῆς
1839 5162 1955 5235 negl

2077 5162 2146 5214 ab
2161 5175 2228 5215 eo
2245 5174 2356 5214 non
2379 5159 2586 5215 hausit.
2603 5156 2795 5229 Neque
2815 5157 2962 5213 enim
2983 5153 3249 5228 Origenes
3268 5155 3397 5212 dum
3420 5156 3677 5215 transfert-

448 5291 579 5324 ""”
598 5288 763 5345 Joan.
799 5300 839 5353 ι,
867 5286 923 5341 '5.

1931 5395 2167 5453 NOTE.

447 5533 565 5605 (23)
599 5530 859 5605 Scholion
919 5529 975 5605 in
1022 5526 1213 5605 codice
1267 5524 1508 5605 quodam
1535 5525 1661 5605 Yat.
1692 5533 1895 5605 caten;
1924 5522 1955 5577 ii

2089 5516 2190 5574 εἷθ’
2237 5519 2412 5605 οῦτῳς
2457 5519 2528 5605 σςά
2555 5518 3699 5605 οὯριγένοΔυςῡπόρρωΔτῇς’γεγραμμένης

372 5591 648 5660 ὶιιξιιιίεὶρ
681 5603 885 5656 habet:
923 5599 1120 5653 ’ἰστέον
1164 5596 1241 5660 ὼς
1284 5591 1674 5664 ’Ἄπολινάριος
1714 5595 1809 5648 καὶ
1842 5595 1955 5664 Ὠρι

2090 5594 2437 5664 κατηγορίας
2462 5591 2800 5661 ὑπάρχοντα.
2816 5591 3141 5664 Origeniset
3168 5591 3350 5662 Cyl-illi
3372 5592 3471 5645 loci
3498 5592 3700 5660 legun-

375 5678 546 5746 γένης
578 5675 673 5746 καὶ
704 5668 1149 5746 Κύριλλρςκατὰ
1181 5669 1281 5746 τῂν
1314 5663 1696 5746 ϐιαϐλῃθεῖσαν

2093 5664 2385 5745 ιυτιιιιιιυο
2428 5663 2479 5746 in
2525 5663 3166 5746 eorum“superstitibus
3198 5664 3276 5746 3d
3303 5664 3471 5746 _.loa_n.
3519 5666 3699 5746 Cornu

376 5726 826 5811 Ἰέξέϐῶκανκ
873 5726 1011 5796 ἀλλά
1051 5738 1141 5811 τά-
1173 5726 1271 5811 μέν
1314 5726 1727 5811 ΔξᾼπολίνοιρίῳΔ
1751 5726 1955 5811 ρηθέγτ<

2092 5733 2397 5811 meritariis.
2446 5733 2769 5811 Apollinarii
2797 5726 2979 5811 _verha
3030 5734 3084 5788 in
3116 5733 3282 5789 nullo.
3303 5732 3575 5789 Vaticana:
3602 5732 3699 5788 bi—

372 5803 582 5889 παρεὶς
601 5813 891 5886 ἀδιανόητα
917 5812 1070 5880 ὂντα,
1090 5809 1157 5864 τὰ
1174 5803 1450 5881 ’Κυρίὶλου
1474 5803 1691 5880 πρῶτον
1712 5803 1984 5864 ἐκθετέον*
2092 5804 2382 5861 Μίοιιιυοω
2410 5803 2599 5860 codice
2631 5803 2881 5860 invenio.
