  <div class='ocr_page' id='page_1' title='image "/cluster/home/n/w/nwhite01/storage/ocr_20150623/101:no.1/coo.31924054870054/070.png"; bbox 0 0 4134 6444; ppageno 0'>
   <div class='ocr_carea' id='block_1_1' title="bbox 335 320 3624 390">
    <p class='ocr_par' dir='ltr' id='par_1_1' title="bbox 335 320 3624 390">
     <span class='ocr_line' id='line_1_1' title="bbox 335 320 3624 390; baseline -0.001 -2"><span class='ocrx_word' id='word_1_1' title='bbox 335 323 411 390; x_wconf 75' lang='lat'><strong>93</strong></span> <span class='ocrx_word' id='word_1_2' title='bbox 1390 326 1488 385; x_wconf 87' lang='lat' dir='ltr'><strong>AD</strong></span> <span class='ocrx_word' id='word_1_3' title='bbox 1522 320 2122 385; x_wconf 80' lang='lat' dir='ltr'><strong>AMPIIILOCHIUM</strong></span> <span class='ocrx_word' id='word_1_4' title='bbox 2162 320 2509 384; x_wconf 63' lang='lat' dir='ltr'><strong>OUIESTIO</strong></span> <span class='ocrx_word' id='word_1_5' title='bbox 2548 320 2598 382; x_wconf 90' lang='grc' dir='ltr'>ῐ.</span> <span class='ocrx_word' id='word_1_6' title='bbox 3552 320 3624 384; x_wconf 61' lang='grc'><strong>9-1</strong></span> 
     </span>
    </p>
   </div>
   <div class='ocr_carea' id='block_1_2' title="bbox 339 427 1926 508">
    <p class='ocr_par' dir='ltr' id='par_1_2' title="bbox 339 429 1926 508">
     <span class='ocr_line' id='line_1_2' title="bbox 339 429 1926 508; baseline -0.001 -19"><span class='ocrx_word' id='word_1_7' title='bbox 339 434 505 506; x_wconf 85' lang='grc' dir='ltr'>μεθα.</span> <span class='ocrx_word' id='word_1_8' title='bbox 561 434 631 488; x_wconf 82' lang='grc' dir='ltr'><strong>Ἱί</strong></span> <span class='ocrx_word' id='word_1_9' title='bbox 656 434 703 489; x_wconf 80' lang='grc' dir='ltr'>δ’</span> <span class='ocrx_word' id='word_1_10' title='bbox 730 429 825 489; x_wconf 76' lang='grc' dir='ltr'><strong>οὖν</strong></span> <span class='ocrx_word' id='word_1_11' title='bbox 862 432 955 490; x_wconf 80' lang='grc' dir='ltr'>ἐπὶ</span> <span class='ocrx_word' id='word_1_12' title='bbox 984 437 1099 499; x_wconf 87' lang='grc' dir='ltr'>τοῖς</span> <span class='ocrx_word' id='word_1_13' title='bbox 1140 434 1455 508; x_wconf 79' lang='grc' dir='ltr'><strong>εἰρημένοις</strong></span> <span class='ocrx_word' id='word_1_14' title='bbox 1504 435 1785 506; x_wconf 89' lang='grc' dir='ltr'>γυμνασία</span> <span class='ocrx_word' id='word_1_15' title='bbox 1830 438 1926 487; x_wconf 85' lang='grc' dir='ltr'><strong>οὐκ</strong></span> 
     </span>
    </p>
   </div>
   <div class='ocr_carea' id='block_1_3' title="bbox 2027 427 3618 508">
    <p class='ocr_par' dir='ltr' id='par_1_3' title="bbox 2033 427 3618 502">
     <span class='ocr_line' id='line_1_3' title="bbox 2033 427 3618 502; baseline 0.001 -18"><span class='ocrx_word' id='word_1_16' title='bbox 2033 430 2256 502; x_wconf 86' lang='lat' dir='ltr'><strong>quidem</strong></span> <span class='ocrx_word' id='word_1_17' title='bbox 2276 430 2667 501; x_wconf 67' lang='lat' dir='ltr'><strong>praedictarum</strong></span> <span class='ocrx_word' id='word_1_18' title='bbox 2686 427 3185 484; x_wconf 75' lang='lat' dir='ltr'><strong>controversiarum</strong></span> <span class='ocrx_word' id='word_1_19' title='bbox 3226 430 3403 486; x_wconf 81' lang='lat' dir='ltr'><strong>solcrs</strong></span> <span class='ocrx_word' id='word_1_20' title='bbox 3429 433 3618 501; x_wconf 89' lang='lat' dir='ltr'><strong>c0gni-</strong></span> 
     </span>
    </p>
   </div>
   <div class='ocr_carea' id='block_1_4' title="bbox 336 527 1925 602">
    <p class='ocr_par' dir='ltr' id='par_1_4' title="bbox 336 527 1925 602">
     <span class='ocr_line' id='line_1_4' title="bbox 336 527 1925 602; baseline -0.002 -19"><span class='ocrx_word' id='word_1_21' title='bbox 336 531 398 583; x_wconf 85' lang='grc' dir='ltr'>ἐν</span> <span class='ocrx_word' id='word_1_22' title='bbox 426 527 616 593; x_wconf 76' lang='grc' dir='ltr'>αὐτοῖς</span> <span class='ocrx_word' id='word_1_23' title='bbox 652 529 820 599; x_wconf 87' lang='grc' dir='ltr'>μόνον</span> <span class='ocrx_word' id='word_1_24' title='bbox 853 528 1191 602; x_wconf 82' lang='grc' dir='ltr'><strong>περιγράφει</strong></span> <span class='ocrx_word' id='word_1_25' title='bbox 1220 528 1282 583; x_wconf 78' lang='grc' dir='ltr'><strong>τὸ</strong></span> <span class='ocrx_word' id='word_1_26' title='bbox 1319 530 1615 601; x_wconf 85' lang='grc' dir='ltr'>χρήσιμον,</span> <span class='ocrx_word' id='word_1_27' title='bbox 1642 528 1845 599; x_wconf 78' lang='grc' dir='ltr'>πολλὴν</span> <span class='ocrx_word' id='word_1_28' title='bbox 1866 527 1925 581; x_wconf 83' lang='grc' dir='ltr'>δὲ</span> 
     </span>
    </p>
   </div>
   <div class='ocr_carea' id='block_1_5' title="bbox 337 616 1925 693">
    <p class='ocr_par' dir='ltr' id='par_1_5' title="bbox 337 616 1925 693">
     <span class='ocr_line' id='line_1_5' title="bbox 337 616 1925 693; baseline -0.002 -21"><span class='ocrx_word' id='word_1_29' title='bbox 337 616 536 689; x_wconf 78' lang='grc' dir='ltr'>ῥώμην</span> <span class='ocrx_word' id='word_1_30' title='bbox 586 620 682 673; x_wconf 80' lang='grc' dir='ltr'><strong>καὶ</strong></span> <span class='ocrx_word' id='word_1_31' title='bbox 726 620 927 691; x_wconf 87' lang='grc' dir='ltr'>κράτος</span> <span class='ocrx_word' id='word_1_32' title='bbox 971 621 1205 693; x_wconf 84' lang='grc' dir='ltr'><strong>παρέχει</strong></span> <span class='ocrx_word' id='word_1_33' title='bbox 1245 621 1381 691; x_wconf 77' lang='grc' dir='ltr'>πρὸς</span> <span class='ocrx_word' id='word_1_34' title='bbox 1422 622 1486 673; x_wconf 71' lang='grc' dir='ltr'>τὸ</span> <span class='ocrx_word' id='word_1_35' title='bbox 1528 621 1629 690; x_wconf 82' lang='grc' dir='ltr'>τὴν</span> <span class='ocrx_word' id='word_1_36' title='bbox 1663 619 1925 690; x_wconf 86' lang='grc' dir='ltr'>ἀλήθειαν</span> 
     </span>
    </p>
   </div>
   <div class='ocr_carea' id='block_1_6' title="bbox 340 710 1924 783">
    <p class='ocr_par' dir='ltr' id='par_1_6' title="bbox 340 710 1924 783">
     <span class='ocr_line' id='line_1_6' title="bbox 340 710 1924 783; baseline -0.002 -17"><span class='ocrx_word' id='word_1_37' title='bbox 340 710 657 782; x_wconf 81' lang='grc' dir='ltr'><strong>μεθοδεύειν</strong></span> <span class='ocrx_word' id='word_1_38' title='bbox 691 714 791 767; x_wconf 63' lang='grc' dir='ltr'><strong>καὶ¹</strong></span> <span class='ocrx_word' id='word_1_39' title='bbox 828 713 1181 780; x_wconf 87' lang='grc' dir='ltr'>διευκρινεῖν,</span> <span class='ocrx_word' id='word_1_40' title='bbox 1218 712 1317 768; x_wconf 68' lang='grc' dir='ltr'>καὶ</span> <span class='ocrx_word' id='word_1_41' title='bbox 1344 712 1412 767; x_wconf 75' lang='grc' dir='ltr'>τὰ</span> <span class='ocrx_word' id='word_1_42' title='bbox 1442 714 1627 783; x_wconf 85' lang='grc' dir='ltr'>ὃμοια.</span> <span class='ocrx_word' id='word_1_43' title='bbox 1666 711 1776 767; x_wconf 81' lang='lat' dir='ltr'><strong>Kal</strong></span> <span class='ocrx_word' id='word_1_44' title='bbox 1816 711 1924 781; x_wconf 87' lang='grc' dir='ltr'><strong>γὰρ</strong></span> 
     </span>
    </p>
   </div>
   <div class='ocr_carea' id='block_1_7' title="bbox 330 803 1919 878">
    <p class='ocr_par' dir='ltr' id='par_1_7' title="bbox 330 803 1919 878">
     <span class='ocr_line' id='line_1_7' title="bbox 330 803 1919 878; baseline 0.001 -21"><span class='ocrx_word' id='word_1_45' title='bbox 330 805 441 858; x_wconf 79' lang='grc' dir='ltr'>ὅσα</span> <span class='ocrx_word' id='word_1_46' title='bbox 468 803 537 857; x_wconf 85' lang='grc' dir='ltr'>δι’</span> <span class='ocrx_word' id='word_1_47' title='bbox 566 805 859 876; x_wconf 79' lang='grc' dir='ltr'>ὑπέρθεσιν</span> <span class='ocrx_word' id='word_1_48' title='bbox 899 805 1074 874; x_wconf 81' lang='grc' dir='ltr'>λόγων</span> <span class='ocrx_word' id='word_1_49' title='bbox 1114 807 1146 877; x_wconf 84' lang='grc' dir='ltr'>ἢ</span> <span class='ocrx_word' id='word_1_50' title='bbox 1182 807 1446 878; x_wconf 79' lang='grc' dir='ltr'><strong>ῥημάτων</strong></span> <span class='ocrx_word' id='word_1_51' title='bbox 1483 806 1516 878; x_wconf 79' lang='grc' dir='ltr'>ἢ</span> <span class='ocrx_word' id='word_1_52' title='bbox 1551 806 1857 877; x_wconf 83' lang='grc' dir='ltr'><strong>ὀνομάτων,</strong></span> <span class='ocrx_word' id='word_1_53' title='bbox 1886 804 1919 876; x_wconf 80' lang='grc' dir='ltr'>ἢ</span> 
     </span>
    </p>
   </div>
   <div class='ocr_carea' id='block_1_8' title="bbox 337 897 1923 972">
    <p class='ocr_par' dir='ltr' id='par_1_8' title="bbox 337 897 1923 972">
     <span class='ocr_line' id='line_1_8' title="bbox 337 897 1923 972; baseline 0.001 -22"><span class='ocrx_word' id='word_1_54' title='bbox 337 897 547 951; x_wconf 85' lang='grc' dir='ltr'>τούτων</span> <span class='ocrx_word' id='word_1_55' title='bbox 578 897 817 968; x_wconf 75' lang='grc' dir='ltr'><strong>ἔλλειψιν</strong></span> <span class='ocrx_word' id='word_1_56' title='bbox 845 898 940 952; x_wconf 77' lang='grc' dir='ltr'>καὶ</span> <span class='ocrx_word' id='word_1_57' title='bbox 964 898 1295 970; x_wconf 80' lang='grc' dir='ltr'>περικοπὴν,</span> <span class='ocrx_word' id='word_1_58' title='bbox 1326 899 1360 970; x_wconf 85' lang='grc' dir='ltr'>ἢ</span> <span class='ocrx_word' id='word_1_59' title='bbox 1393 899 1604 972; x_wconf 78' lang='grc' dir='ltr'>τροπὴν</span> <span class='ocrx_word' id='word_1_60' title='bbox 1624 898 1720 953; x_wconf 81' lang='grc' dir='ltr'>καὶ</span> <span class='ocrx_word' id='word_1_61' title='bbox 1756 916 1923 969; x_wconf 81' lang='grc' dir='ltr'>μετα-</span> 
     </span>
    </p>
   </div>
   <div class='ocr_carea' id='block_1_9' title="bbox 340 990 1924 1063">
    <p class='ocr_par' dir='ltr' id='par_1_9' title="bbox 340 990 1924 1063">
     <span class='ocr_line' id='line_1_9' title="bbox 340 990 1924 1063; baseline -0.001 -19"><span class='ocrx_word' id='word_1_62' title='bbox 340 990 543 1060; x_wconf 77' lang='grc' dir='ltr'>φορὰν,</span> <span class='ocrx_word' id='word_1_63' title='bbox 594 990 675 1053; x_wconf 89' lang='grc' dir='ltr'><strong>εἰς</strong></span> <span class='ocrx_word' id='word_1_64' title='bbox 720 991 1026 1061; x_wconf 84' lang='grc' dir='ltr'>ἀμφίϐολον</span> <span class='ocrx_word' id='word_1_65' title='bbox 1071 992 1165 1045; x_wconf 75' lang='grc' dir='ltr'><strong>καὶ</strong></span> <span class='ocrx_word' id='word_1_66' title='bbox 1204 992 1525 1063; x_wconf 80' lang='grc' dir='ltr'><strong>μαχομένην</strong></span> <span class='ocrx_word' id='word_1_67' title='bbox 1555 992 1793 1046; x_wconf 90' lang='grc' dir='ltr'>διάνοιαν</span> <span class='ocrx_word' id='word_1_68' title='bbox 1828 1008 1924 1043; x_wconf 92' lang='grc' dir='ltr'>συ-</span> 
     </span>
    </p>
   </div>
   <div class='ocr_carea' id='block_1_10' title="bbox 336 1081 1922 1153">
    <p class='ocr_par' dir='ltr' id='par_1_10' title="bbox 336 1081 1922 1153">
     <span class='ocr_line' id='line_1_10' title="bbox 336 1081 1922 1153; baseline -0.001 -19"><span class='ocrx_word' id='word_1_69' title='bbox 336 1082 687 1145; x_wconf 72' lang='grc' dir='ltr'><strong>σκευάζεται,</strong></span> <span class='ocrx_word' id='word_1_70' title='bbox 714 1083 809 1135; x_wconf 80' lang='grc' dir='ltr'><strong>καὶ</strong></span> <span class='ocrx_word' id='word_1_71' title='bbox 833 1081 1008 1137; x_wconf 89' lang='grc' dir='ltr'>ταῦτα</span> <span class='ocrx_word' id='word_1_72' title='bbox 1038 1082 1068 1135; x_wconf 85' lang='grc' dir='ltr'>ὁ</span> <span class='ocrx_word' id='word_1_73' title='bbox 1103 1084 1222 1146; x_wconf 88' lang='grc' dir='ltr'>ταῖς</span> <span class='ocrx_word' id='word_1_74' title='bbox 1250 1084 1573 1153; x_wconf 78' lang='grc' dir='ltr'><strong>εἰρημέναις</strong></span> <span class='ocrx_word' id='word_1_75' title='bbox 1607 1081 1922 1152; x_wconf 78' lang='grc' dir='ltr'>ἔμπροσθεν</span> 
     </span>
    </p>
   </div>
   <div class='ocr_carea' id='block_1_11' title="bbox 329 1170 1923 1244">
    <p class='ocr_par' dir='ltr' id='par_1_11' title="bbox 329 1170 1923 1244">
     <span class='ocr_line' id='line_1_11' title="bbox 329 1170 1923 1244; baseline -0.001 -19"><span class='ocrx_word' id='word_1_76' title='bbox 329 1172 554 1241; x_wconf 82' lang='grc' dir='ltr'>ἐφόδοις</span> <span class='ocrx_word' id='word_1_77' title='bbox 578 1172 1092 1243; x_wconf 67' lang='grc' dir='ltr'><strong>ἐγγυμνασάμενος,</strong></span> <span class='ocrx_word' id='word_1_78' title='bbox 1118 1173 1217 1244; x_wconf 82' lang='grc' dir='ltr'><strong>τὴν</strong></span> <span class='ocrx_word' id='word_1_79' title='bbox 1255 1172 1356 1244; x_wconf 88' lang='grc' dir='ltr'><strong>τῆς</strong></span> <span class='ocrx_word' id='word_1_80' title='bbox 1378 1171 1668 1243; x_wconf 88' lang='grc' dir='ltr'>ἀκριϐείας</span> <span class='ocrx_word' id='word_1_81' title='bbox 1691 1170 1923 1242; x_wconf 82' lang='grc' dir='ltr'><strong>βάσανον</strong></span> 
     </span>
    </p>
   </div>
   <div class='ocr_carea' id='block_1_12' title="bbox 325 1262 1921 1335">
    <p class='ocr_par' dir='ltr' id='par_1_12' title="bbox 325 1262 1921 1335">
     <span class='ocr_line' id='line_1_12' title="bbox 325 1262 1921 1335; baseline -0.001 -19"><span class='ocrx_word' id='word_1_82' title='bbox 325 1262 619 1318; x_wconf 72' lang='grc' dir='ltr'>κάνταῦθα</span> <span class='ocrx_word' id='word_1_83' title='bbox 654 1264 891 1331; x_wconf 73' lang='grc' dir='ltr'>καθιεὶς,</span> <span class='ocrx_word' id='word_1_84' title='bbox 937 1265 999 1318; x_wconf 82' lang='grc' dir='ltr'><strong>ού</strong></span> <span class='ocrx_word' id='word_1_85' title='bbox 1030 1264 1285 1335; x_wconf 84' lang='grc' dir='ltr'>χαλεπῶς</span> <span class='ocrx_word' id='word_1_86' title='bbox 1326 1281 1388 1318; x_wconf 87' lang='grc' dir='ltr'><strong>τε</strong></span> <span class='ocrx_word' id='word_1_87' title='bbox 1416 1263 1479 1317; x_wconf 78' lang='grc' dir='ltr'>τὸ</span> <span class='ocrx_word' id='word_1_88' title='bbox 1508 1264 1921 1334; x_wconf 82' lang='grc' dir='ltr'><strong>συγκεχυμένον</strong></span> 
     </span>
    </p>
   </div>
   <div class='ocr_carea' id='block_1_13' title="bbox 326 1349 1921 1429">
    <p class='ocr_par' dir='ltr' id='par_1_13' title="bbox 326 1349 1921 1429">
     <span class='ocr_line' id='line_1_13' title="bbox 326 1349 1921 1429; baseline -0.001 -21"><span class='ocrx_word' id='word_1_89' title='bbox 326 1357 624 1429; x_wconf 77' lang='grc' dir='ltr'>διακρινεῖ,</span> <span class='ocrx_word' id='word_1_90' title='bbox 654 1356 750 1409; x_wconf 76' lang='grc' dir='ltr'>καὶ</span> <span class='ocrx_word' id='word_1_91' title='bbox 784 1357 845 1410; x_wconf 80' lang='grc' dir='ltr'>τὸ</span> <span class='ocrx_word' id='word_1_92' title='bbox 886 1356 1358 1429; x_wconf 85' lang='grc' dir='ltr'>περιτρεπόμενον</span> <span class='ocrx_word' id='word_1_93' title='bbox 1392 1349 1497 1409; x_wconf 79' lang='grc' dir='ltr'>ὧδε</span> <span class='ocrx_word' id='word_1_94' title='bbox 1528 1357 1757 1409; x_wconf 86' lang='grc' dir='ltr'>κακεῖσε</span> <span class='ocrx_word' id='word_1_95' title='bbox 1783 1354 1921 1424; x_wconf 78' lang='grc' dir='ltr'>πρὸς</span> 
     </span>
    </p>
   </div>
   <div class='ocr_carea' id='block_1_14' title="bbox 333 1445 1923 1523">
    <p class='ocr_par' dir='ltr' id='par_1_14' title="bbox 333 1445 1923 1523">
     <span class='ocr_line' id='line_1_14' title="bbox 333 1445 1923 1523; baseline 0.001 -25"><span class='ocrx_word' id='word_1_96' title='bbox 333 1446 442 1517; x_wconf 81' lang='grc' dir='ltr'><strong>τὴν</strong></span> <span class='ocrx_word' id='word_1_97' title='bbox 493 1446 593 1515; x_wconf 91' lang='grc' dir='ltr'><strong>τῆς</strong></span> <span class='ocrx_word' id='word_1_98' title='bbox 636 1446 1147 1523; x_wconf 29' lang='grc' dir='ltr'>ἀληθείαςιέδράσει</span> <span class='ocrx_word' id='word_1_99' title='bbox 1195 1447 1513 1517; x_wconf 85' lang='grc' dir='ltr'>διάγνωσιν.</span> <span class='ocrx_word' id='word_1_100' title='bbox 1554 1446 1766 1500; x_wconf 79' lang='grc' dir='ltr'>Αὐτίκα</span> <span class='ocrx_word' id='word_1_101' title='bbox 1804 1445 1923 1508; x_wconf 89' lang='grc' dir='ltr'><strong>πῶς</strong></span> 
     </span>
    </p>
   </div>
   <div class='ocr_carea' id='block_1_15' title="bbox 324 1538 1921 1612">
    <p class='ocr_par' dir='ltr' id='par_1_15' title="bbox 324 1538 1921 1612">
     <span class='ocr_line' id='line_1_15' title="bbox 324 1538 1921 1612; baseline 0 -21"><span class='ocrx_word' id='word_1_102' title='bbox 324 1540 438 1592; x_wconf 67' lang='grc' dir='ltr'>οὐκ</span> <span class='ocrx_word' id='word_1_103' title='bbox 467 1540 676 1593; x_wconf 82' lang='grc' dir='ltr'>ἐκεῖθεν</span> <span class='ocrx_word' id='word_1_104' title='bbox 703 1540 846 1610; x_wconf 74' lang='grc' dir='ltr'>πρὸς</span> <span class='ocrx_word' id='word_1_105' title='bbox 874 1539 1097 1611; x_wconf 70' lang='grc' dir='ltr'>ἔλεγχον</span> <span class='ocrx_word' id='word_1_106' title='bbox 1122 1540 1307 1612; x_wconf 77' lang='grc' dir='ltr'>ῥᾴδιον</span> <span class='ocrx_word' id='word_1_107' title='bbox 1331 1540 1360 1593; x_wconf 85' lang='grc' dir='ltr'><strong>δ</strong></span> <span class='ocrx_word' id='word_1_108' title='bbox 1385 1540 1447 1595; x_wconf 80' lang='grc' dir='ltr'><strong>τὸ</strong></span> <span class='ocrx_word' id='word_1_109' title='bbox 1474 1540 1583 1593; x_wconf 91' lang='grc' dir='ltr'><strong>τῶν</strong></span> <span class='ocrx_word' id='word_1_110' title='bbox 1604 1538 1921 1611; x_wconf 81' lang='grc' dir='ltr'>Ἀνθρωπο-</span> 
     </span>
    </p>
   </div>
   <div class='ocr_carea' id='block_1_16' title="bbox 330 1630 1923 1704">
    <p class='ocr_par' dir='ltr' id='par_1_16' title="bbox 330 1630 1923 1704">
     <span class='ocr_line' id='line_1_16' title="bbox 330 1630 1923 1704; baseline -0.001 -21"><span class='ocrx_word' id='word_1_111' title='bbox 330 1630 626 1702; x_wconf 85' lang='grc' dir='ltr'>μορφιτῶν</span> <span class='ocrx_word' id='word_1_112' title='bbox 673 1632 828 1699; x_wconf 87' lang='grc' dir='ltr'>γένος</span> <span class='ocrx_word' id='word_1_113' title='bbox 882 1633 1363 1703; x_wconf 83' lang='grc' dir='ltr'>ἁπεϐουκόλησεν;</span> <span class='ocrx_word' id='word_1_114' title='bbox 1400 1632 1687 1704; x_wconf 83' lang='grc' dir='ltr'>’Δφορμάς</span> <span class='ocrx_word' id='word_1_115' title='bbox 1731 1632 1842 1702; x_wconf 82' lang='grc' dir='ltr'><strong>γάρ</strong></span> <span class='ocrx_word' id='word_1_116' title='bbox 1893 1630 1923 1682; x_wconf 87' lang='grc' dir='ltr'>ὀ</span> 
     </span>
    </p>
   </div>
   <div class='ocr_carea' id='block_1_17' title="bbox 323 1721 1916 1797">
    <p class='ocr_par' dir='ltr' id='par_1_17' title="bbox 323 1721 1916 1797">
     <span class='ocr_line' id='line_1_17' title="bbox 323 1721 1916 1797; baseline 0.002 -24"><span class='ocrx_word' id='word_1_117' title='bbox 323 1721 521 1774; x_wconf 83' lang='grc' dir='ltr'>λαϐὼν</span> <span class='ocrx_word' id='word_1_118' title='bbox 560 1722 658 1786; x_wconf 79' lang='grc' dir='ltr'>τὰς</span> <span class='ocrx_word' id='word_1_119' title='bbox 703 1723 763 1776; x_wconf 91' lang='grc' dir='ltr'><strong>ἐν</strong></span> <span class='ocrx_word' id='word_1_120' title='bbox 810 1727 922 1787; x_wconf 90' lang='grc' dir='ltr'>τοῖς</span> <span class='ocrx_word' id='word_1_121' title='bbox 961 1724 1228 1788; x_wconf 85' lang='grc' dir='ltr'>τοιούτοις</span> <span class='ocrx_word' id='word_1_122' title='bbox 1267 1724 1533 1797; x_wconf 74' lang='grc' dir='ltr'>διαφορὰς</span> <span class='ocrx_word' id='word_1_123' title='bbox 1567 1726 1733 1777; x_wconf 86' lang='grc' dir='ltr'>ἐπισκ</span> <span class='ocrx_word' id='word_1_124' title='bbox 1770 1725 1916 1784; x_wconf 88' lang='grc' dir='ltr'>πεῖν,</span> 
     </span>
    </p>
   </div>
   <div class='ocr_carea' id='block_1_18' title="bbox 2027 522 3614 593">
    <p class='ocr_par' dir='ltr' id='par_1_18' title="bbox 2027 522 3614 593">
     <span class='ocr_line' id='line_1_18' title="bbox 2027 522 3614 593; baseline 0 -14"><span class='ocrx_word' id='word_1_125' title='bbox 2027 526 2106 579; x_wconf 92' lang='lat' dir='ltr'><strong>tio</strong></span> <span class='ocrx_word' id='word_1_126' title='bbox 2128 539 2237 579; x_wconf 92' lang='lat' dir='ltr'><strong>non</strong></span> <span class='ocrx_word' id='word_1_127' title='bbox 2271 524 2328 578; x_wconf 90' lang='lat' dir='ltr'><strong>in</strong></span> <span class='ocrx_word' id='word_1_128' title='bbox 2356 524 2443 578; x_wconf 88' lang='lat' dir='ltr'><strong>his</strong></span> <span class='ocrx_word' id='word_1_129' title='bbox 2466 523 2641 578; x_wconf 89' lang='lat' dir='ltr'><strong>solum</strong></span> <span class='ocrx_word' id='word_1_130' title='bbox 2680 522 2965 577; x_wconf 90' lang='lat' dir='ltr'><strong>utilitatem</strong></span> <span class='ocrx_word' id='word_1_131' title='bbox 2996 539 3152 578; x_wconf 87' lang='lat' dir='ltr'><strong>suam</strong></span> <span class='ocrx_word' id='word_1_132' title='bbox 3187 525 3614 593; x_wconf 75' lang='lat' dir='ltr'><strong>circumscribit,</strong></span> 
     </span>
    </p>
   </div>
   <div class='ocr_carea' id='block_1_19' title="bbox 2027 614 3614 686">
    <p class='ocr_par' dir='ltr' id='par_1_19' title="bbox 2027 614 3614 686">
     <span class='ocr_line' id='line_1_19' title="bbox 2027 614 3614 686; baseline -0.001 -16"><span class='ocrx_word' id='word_1_133' title='bbox 2027 616 2121 671; x_wconf 87' lang='lat' dir='ltr'><strong>sed</strong></span> <span class='ocrx_word' id='word_1_134' title='bbox 2171 631 2401 686; x_wconf 80' lang='lat' dir='ltr'><strong>magnas</strong></span> <span class='ocrx_word' id='word_1_135' title='bbox 2427 615 2575 669; x_wconf 90' lang='lat' dir='ltr'><strong>vires</strong></span> <span class='ocrx_word' id='word_1_136' title='bbox 2615 614 2889 684; x_wconf 83' lang='lat' dir='ltr'><strong>roburque</strong></span> <span class='ocrx_word' id='word_1_137' title='bbox 2911 614 3063 669; x_wconf 90' lang='lat' dir='ltr'><strong>addit</strong></span> <span class='ocrx_word' id='word_1_138' title='bbox 3089 617 3154 669; x_wconf 83' lang='lat' dir='ltr'><strong>ad</strong></span> <span class='ocrx_word' id='word_1_139' title='bbox 3200 617 3482 670; x_wconf 82' lang='lat' dir='ltr'><strong>veritatem</strong></span> <span class='ocrx_word' id='word_1_140' title='bbox 3511 616 3614 670; x_wconf 92' lang='lat' dir='ltr'><strong>eli-</strong></span> 
     </span>
    </p>
   </div>
   <div class='ocr_carea' id='block_1_20' title="bbox 2026 707 3612 777">
    <p class='ocr_par' dir='ltr' id='par_1_20' title="bbox 2026 707 3612 777">
     <span class='ocr_line' id='line_1_20' title="bbox 2026 707 3612 777; baseline -0.001 -15"><span class='ocrx_word' id='word_1_141' title='bbox 2026 707 2277 763; x_wconf 81' lang='lat' dir='ltr'><strong>ciendam</strong></span> <span class='ocrx_word' id='word_1_142' title='bbox 2315 708 2868 777; x_wconf 81' lang='lat' dir='ltr'><strong>discernendamque,</strong></span> <span class='ocrx_word' id='word_1_143' title='bbox 2907 719 2959 761; x_wconf 89' lang='lat' dir='ltr'><strong>et</strong></span> <span class='ocrx_word' id='word_1_144' title='bbox 2990 708 3057 762; x_wconf 87' lang='lat' dir='ltr'><strong>ad</strong></span> <span class='ocrx_word' id='word_1_145' title='bbox 3088 720 3283 763; x_wconf 64' lang='lat' dir='ltr'><strong>caetera</strong></span> <span class='ocrx_word' id='word_1_146' title='bbox 3315 708 3612 777; x_wconf 83' lang='lat' dir='ltr'><strong>ejusmodi.</strong></span> 
     </span>
    </p>
   </div>
   <div class='ocr_carea' id='block_1_21' title="bbox 2025 798 3616 869">
    <p class='ocr_par' dir='ltr' id='par_1_21' title="bbox 2025 798 3616 869">
     <span class='ocr_line' id='line_1_21' title="bbox 2025 798 3616 869; baseline 0.001 -17"><span class='ocrx_word' id='word_1_147' title='bbox 2025 798 2161 854; x_wconf 86' lang='lat' dir='ltr'><strong>Nam</strong></span> <span class='ocrx_word' id='word_1_148' title='bbox 2215 815 2558 869; x_wconf 77' lang='lat' dir='ltr'><strong>quzecunque</strong></span> <span class='ocrx_word' id='word_1_149' title='bbox 2604 799 2677 853; x_wconf 91' lang='lat' dir='ltr'><strong>ob</strong></span> <span class='ocrx_word' id='word_1_150' title='bbox 2705 799 3115 853; x_wconf 81' lang='lat' dir='ltr'><strong>translationem</strong></span> <span class='ocrx_word' id='word_1_151' title='bbox 3144 801 3616 854; x_wconf 73' lang='lat' dir='ltr'><strong>locutionum‘aut</strong></span> 
     </span>
    </p>
   </div>
   <div class='ocr_carea' id='block_1_22' title="bbox 2024 894 3612 961">
    <p class='ocr_par' dir='ltr' id='par_1_22' title="bbox 2024 894 3612 961">
     <span class='ocr_line' id='line_1_22' title="bbox 2024 894 3612 961; baseline 0.001 -12"><span class='ocrx_word' id='word_1_152' title='bbox 2024 895 2317 949; x_wconf 73' lang='lat' dir='ltr'><strong>verborum</strong></span> <span class='ocrx_word' id='word_1_153' title='bbox 2381 904 2474 949; x_wconf 85' lang='lat' dir='ltr'><strong>aut</strong></span> <span class='ocrx_word' id='word_1_154' title='bbox 2529 894 2837 961; x_wconf 85' lang='lat' dir='ltr'><strong>nominum,</strong></span> <span class='ocrx_word' id='word_1_155' title='bbox 2885 904 2981 948; x_wconf 87' lang='lat' dir='ltr'><strong>aut</strong></span> <span class='ocrx_word' id='word_1_156' title='bbox 3009 895 3079 949; x_wconf 91' lang='lat' dir='ltr'><strong>ob</strong></span> <span class='ocrx_word' id='word_1_157' title='bbox 3118 896 3310 950; x_wconf 88' lang='lat' dir='ltr'><strong>horum</strong></span> <span class='ocrx_word' id='word_1_158' title='bbox 3338 897 3612 952; x_wconf 87' lang='lat' dir='ltr'><strong>defectum</strong></span> 
     </span>
    </p>
   </div>
   <div class='ocr_carea' id='block_1_23' title="bbox 2024 987 3611 1059">
    <p class='ocr_par' dir='ltr' id='par_1_23' title="bbox 2024 987 3611 1059">
     <span class='ocr_line' id='line_1_23' title="bbox 2024 987 3611 1059; baseline 0 -18"><span class='ocrx_word' id='word_1_159' title='bbox 2024 1002 2090 1043; x_wconf 89' lang='lat' dir='ltr'><strong>ac</strong></span> <span class='ocrx_word' id='word_1_160' title='bbox 2113 987 2554 1053; x_wconf 89' lang='lat' dir='ltr'><strong>subductionem,</strong></span> <span class='ocrx_word' id='word_1_161' title='bbox 2577 987 2661 1042; x_wconf 92' lang='lat' dir='ltr'><strong>vel</strong></span> <span class='ocrx_word' id='word_1_162' title='bbox 2683 988 3097 1043; x_wconf 90' lang='lat' dir='ltr'><strong>conversionem</strong></span> <span class='ocrx_word' id='word_1_163' title='bbox 3122 1004 3186 1043; x_wconf 87' lang='lat' dir='ltr'><strong>ac</strong></span> <span class='ocrx_word' id='word_1_164' title='bbox 3214 992 3611 1059; x_wconf 81' lang='lat' dir='ltr'><strong>metaphoram,</strong></span> 
     </span>
    </p>
   </div>
   <div class='ocr_carea' id='block_1_24' title="bbox 2025 1079 3611 1149">
    <p class='ocr_par' dir='ltr' id='par_1_24' title="bbox 2025 1079 3611 1149">
     <span class='ocr_line' id='line_1_24' title="bbox 2025 1079 3611 1149; baseline 0.003 -20"><span class='ocrx_word' id='word_1_165' title='bbox 2025 1079 2337 1149; x_wconf 87' lang='lat' dir='ltr'><strong>ambiguam</strong></span> <span class='ocrx_word' id='word_1_166' title='bbox 2369 1088 2812 1149; x_wconf 80' lang='lat' dir='ltr'><strong>pugnantemque</strong></span> <span class='ocrx_word' id='word_1_167' title='bbox 2854 1080 3182 1133; x_wconf 84' lang='lat' dir='ltr'><strong>sententiam</strong></span> <span class='ocrx_word' id='word_1_168' title='bbox 3225 1079 3456 1143; x_wconf 89' lang='lat' dir='ltr'><strong>faciunt,</strong></span> <span class='ocrx_word' id='word_1_169' title='bbox 3493 1084 3611 1135; x_wconf 79' lang='lat' dir='ltr'><strong>haec</strong></span> 
     </span>
    </p>
   </div>
   <div class='ocr_carea' id='block_1_25' title="bbox 2025 1167 3613 1240">
    <p class='ocr_par' dir='ltr' id='par_1_25' title="bbox 2025 1167 3613 1240">
     <span class='ocr_line' id='line_1_25' title="bbox 2025 1167 3613 1240; baseline 0.003 -19"><span class='ocrx_word' id='word_1_170' title='bbox 2025 1167 2116 1224; x_wconf 84' lang='lat' dir='ltr'><strong>ille</strong></span> <span class='ocrx_word' id='word_1_171' title='bbox 2163 1168 2216 1223; x_wconf 91' lang='lat' dir='ltr'><strong>in</strong></span> <span class='ocrx_word' id='word_1_172' title='bbox 2249 1170 2525 1237; x_wconf 68' lang='lat' dir='ltr'><strong>prmdictis</strong></span> <span class='ocrx_word' id='word_1_173' title='bbox 2555 1170 2918 1225; x_wconf 85' lang='lat' dir='ltr'><strong>solutionibus</strong></span> <span class='ocrx_word' id='word_1_174' title='bbox 2959 1171 3256 1232; x_wconf 82' lang='lat' dir='ltr'><strong>exercitus,</strong></span> <span class='ocrx_word' id='word_1_175' title='bbox 3280 1171 3613 1240; x_wconf 81' lang='lat' dir='ltr'><strong>exploratio-</strong></span> 
     </span>
    </p>
   </div>
   <div class='ocr_carea' id='block_1_26' title="bbox 2024 1260 3610 1332">
    <p class='ocr_par' dir='ltr' id='par_1_26' title="bbox 2024 1260 3610 1332">
     <span class='ocr_line' id='line_1_26' title="bbox 2024 1260 3610 1332; baseline 0.002 -19"><span class='ocrx_word' id='word_1_176' title='bbox 2024 1260 2111 1315; x_wconf 90' lang='lat' dir='ltr'><strong>nis</strong></span> <span class='ocrx_word' id='word_1_177' title='bbox 2164 1262 2420 1316; x_wconf 79' lang='lat' dir='ltr'><strong>acumine</strong></span> <span class='ocrx_word' id='word_1_178' title='bbox 2462 1262 2569 1316; x_wconf 88' lang='lat' dir='ltr'><strong>huc</strong></span> <span class='ocrx_word' id='word_1_179' title='bbox 2612 1262 2896 1324; x_wconf 84' lang='lat' dir='ltr'><strong>translato,</strong></span> <span class='ocrx_word' id='word_1_180' title='bbox 2940 1262 3082 1316; x_wconf 86' lang='lat' dir='ltr'><strong>haud</strong></span> <span class='ocrx_word' id='word_1_181' title='bbox 3106 1278 3247 1332; x_wconf 68' lang='lat' dir='ltr'><strong>regre</strong></span> <span class='ocrx_word' id='word_1_182' title='bbox 3292 1275 3347 1317; x_wconf 90' lang='lat' dir='ltr'><strong>et</strong></span> <span class='ocrx_word' id='word_1_183' title='bbox 3378 1263 3610 1318; x_wconf 89' lang='lat' dir='ltr'><strong>confusa</strong></span> 
     </span>
    </p>
   </div>
   <div class='ocr_carea' id='block_1_27' title="bbox 2023 1349 3616 1423">
    <p class='ocr_par' dir='ltr' id='par_1_27' title="bbox 2023 1349 3616 1423">
     <span class='ocr_line' id='line_1_27' title="bbox 2023 1349 3616 1423; baseline 0.003 -19"><span class='ocrx_word' id='word_1_184' title='bbox 2023 1349 2320 1416; x_wconf 87' lang='lat' dir='ltr'><strong>discernet,</strong></span> <span class='ocrx_word' id='word_1_185' title='bbox 2351 1362 2407 1407; x_wconf 90' lang='lat' dir='ltr'><strong>et</strong></span> <span class='ocrx_word' id='word_1_186' title='bbox 2444 1369 2559 1409; x_wconf 89' lang='lat' dir='ltr'><strong>rem</strong></span> <span class='ocrx_word' id='word_1_187' title='bbox 2590 1353 2736 1408; x_wconf 91' lang='lat' dir='ltr'><strong>ultro</strong></span> <span class='ocrx_word' id='word_1_188' title='bbox 2781 1355 3036 1422; x_wconf 88' lang='lat' dir='ltr'><strong>citroque</strong></span> <span class='ocrx_word' id='word_1_189' title='bbox 3067 1354 3354 1423; x_wconf 77' lang='lat' dir='ltr'><strong>jactatam,</strong></span> <span class='ocrx_word' id='word_1_190' title='bbox 3390 1355 3443 1409; x_wconf 91' lang='lat' dir='ltr'><strong>in</strong></span> <span class='ocrx_word' id='word_1_191' title='bbox 3473 1356 3616 1409; x_wconf 75' lang='lat' dir='ltr'><strong>veri~</strong></span> 
     </span>
    </p>
   </div>
   <div class='ocr_carea' id='block_1_28' title="bbox 2026 1443 3616 1502">
    <p class='ocr_par' dir='ltr' id='par_1_28' title="bbox 2026 1443 3616 1502">
     <span class='ocr_line' id='line_1_28' title="bbox 2026 1443 3616 1502; baseline 0.001 -3"><span class='ocrx_word' id='word_1_192' title='bbox 2026 1446 2153 1500; x_wconf 88' lang='lat' dir='ltr'><strong>tatis</strong></span> <span class='ocrx_word' id='word_1_193' title='bbox 2182 1446 2391 1500; x_wconf 90' lang='lat' dir='ltr'><strong>lumine</strong></span> <span class='ocrx_word' id='word_1_194' title='bbox 2410 1446 2780 1501; x_wconf 90' lang='lat' dir='ltr'><strong>constabiliet.</strong></span> <span class='ocrx_word' id='word_1_195' title='bbox 2809 1443 3005 1499; x_wconf 87' lang='lat' dir='ltr'><strong>Nonne</strong></span> <span class='ocrx_word' id='word_1_196' title='bbox 3044 1446 3173 1500; x_wconf 89' lang='lat' dir='ltr'><strong>hinc</strong></span> <span class='ocrx_word' id='word_1_197' title='bbox 3208 1446 3420 1501; x_wconf 87' lang='lat' dir='ltr'><strong>scilicet</strong></span> <span class='ocrx_word' id='word_1_198' title='bbox 3456 1445 3616 1502; x_wconf 79' lang='lat' dir='ltr'><strong>facile</strong></span> 
     </span>
    </p>
   </div>
   <div class='ocr_carea' id='block_1_29' title="bbox 2022 1535 3613 1607">
    <p class='ocr_par' dir='ltr' id='par_1_29' title="bbox 2022 1535 3613 1607">
     <span class='ocr_line' id='line_1_29' title="bbox 2022 1535 3613 1607; baseline 0.002 -19"><span class='ocrx_word' id='word_1_199' title='bbox 2022 1543 2104 1589; x_wconf 90' lang='lat' dir='ltr'><strong>est</strong></span> <span class='ocrx_word' id='word_1_200' title='bbox 2143 1550 2443 1607; x_wconf 77' lang='lat' dir='ltr'><strong>coarguere</strong></span> <span class='ocrx_word' id='word_1_201' title='bbox 2489 1536 2542 1590; x_wconf 90' lang='lat' dir='ltr'><strong>id</strong></span> <span class='ocrx_word' id='word_1_202' title='bbox 2608 1535 2756 1606; x_wconf 88' lang='lat' dir='ltr'><strong>quod</strong></span> <span class='ocrx_word' id='word_1_203' title='bbox 2814 1536 3384 1605; x_wconf 86' lang='lat' dir='ltr'><strong>antbropomorphitis</strong></span> <span class='ocrx_word' id='word_1_204' title='bbox 3428 1536 3613 1591; x_wconf 92' lang='lat' dir='ltr'><strong>fucum</strong></span> 
     </span>
    </p>
   </div>
   <div class='ocr_carea' id='block_1_30' title="bbox 2023 1622 3618 1697">
    <p class='ocr_par' dir='ltr' id='par_1_30' title="bbox 2023 1622 3618 1697">
     <span class='ocr_line' id='line_1_30' title="bbox 2023 1622 3618 1697; baseline 0.004 -20"><span class='ocrx_word' id='word_1_205' title='bbox 2023 1622 2185 1679; x_wconf 76' lang='lat' dir='ltr'><strong>fecit?</strong></span> <span class='ocrx_word' id='word_1_206' title='bbox 2220 1623 2417 1681; x_wconf 84' lang='lat' dir='ltr'><strong>Noster</strong></span> <span class='ocrx_word' id='word_1_207' title='bbox 2440 1624 2585 1679; x_wconf 90' lang='lat' dir='ltr'><strong>enim</strong></span> <span class='ocrx_word' id='word_1_208' title='bbox 2618 1624 2844 1680; x_wconf 90' lang='lat' dir='ltr'><strong>criticns</strong></span> <span class='ocrx_word' id='word_1_209' title='bbox 2872 1624 3185 1681; x_wconf 84' lang='lat' dir='ltr'><strong>facultatem</strong></span> <span class='ocrx_word' id='word_1_210' title='bbox 3212 1627 3443 1697; x_wconf 88' lang='lat' dir='ltr'><strong>adeptus</strong></span> <span class='ocrx_word' id='word_1_211' title='bbox 3466 1628 3618 1683; x_wconf 79' lang='lat' dir='ltr'><strong>diffe-</strong></span> 
     </span>
    </p>
   </div>
   <div class='ocr_carea' id='block_1_31' title="bbox 2024 1715 3616 1792">
    <p class='ocr_par' dir='ltr' id='par_1_31' title="bbox 2024 1715 3616 1792">
     <span class='ocr_line' id='line_1_31' title="bbox 2024 1715 3616 1792; baseline 0.004 -23"><span class='ocrx_word' id='word_1_212' title='bbox 2024 1715 2232 1772; x_wconf 89' lang='lat' dir='ltr'><strong>rentias</strong></span> <span class='ocrx_word' id='word_1_213' title='bbox 2283 1716 2612 1792; x_wconf 82' lang='lat' dir='ltr'><strong>observandi</strong></span> <span class='ocrx_word' id='word_1_214' title='bbox 2637 1733 2760 1787; x_wconf 71' lang='lat' dir='ltr'><strong>quae</strong></span> <span class='ocrx_word' id='word_1_215' title='bbox 2809 1719 2862 1771; x_wconf 91' lang='lat' dir='ltr'><strong>in</strong></span> <span class='ocrx_word' id='word_1_216' title='bbox 2908 1718 2991 1772; x_wconf 91' lang='lat' dir='ltr'><strong>bis</strong></span> <span class='ocrx_word' id='word_1_217' title='bbox 3017 1718 3187 1787; x_wconf 86' lang='lat' dir='ltr'><strong>tropis</strong></span> <span class='ocrx_word' id='word_1_218' title='bbox 3211 1732 3524 1787; x_wconf 85' lang='lat' dir='ltr'><strong>occurrunt,</strong></span> <span class='ocrx_word' id='word_1_219' title='bbox 3560 1730 3616 1775; x_wconf 90' lang='lat' dir='ltr'><strong>et</strong></span> 
     </span>
    </p>
   </div>
   <div class='ocr_carea' id='block_1_32' title="bbox 327 1785 1926 1890">
    <p class='ocr_par' dir='ltr' id='par_1_32' title="bbox 327 1785 1921 1890">
     <span class='ocr_line' id='line_1_32' title="bbox 327 1785 1921 1890; baseline 0.002 -22"><span class='ocrx_word' id='word_1_220' title='bbox 327 1818 436 1887; x_wconf 81' lang='grc' dir='ltr'><strong>τὴν</strong></span> <span class='ocrx_word' id='word_1_221' title='bbox 464 1816 521 1870; x_wconf 81' lang='grc' dir='ltr'>δὲ</span> <span class='ocrx_word' id='word_1_222' title='bbox 548 1816 809 1887; x_wconf 86' lang='grc' dir='ltr'>σύγχυσιν</span> <span class='ocrx_word' id='word_1_223' title='bbox 844 1785 1045 1889; x_wconf 82' lang='grc' dir='ltr'>πολλὴν</span> <span class='ocrx_word' id='word_1_224' title='bbox 1070 1818 1171 1890; x_wconf 82' lang='grc' dir='ltr'>τὴν</span> <span class='ocrx_word' id='word_1_225' title='bbox 1202 1785 1412 1889; x_wconf 74' lang='grc' dir='ltr'>πλάνην</span> <span class='ocrx_word' id='word_1_226' title='bbox 1434 1785 1793 1890; x_wconf 74' lang='grc' dir='ltr'>ἐργάζεσθαι,</span> <span class='ocrx_word' id='word_1_227' title='bbox 1831 1818 1921 1871; x_wconf 86' lang='grc' dir='ltr'>εύ-</span> 
     </span>
    </p>
   </div>
   <div class='ocr_carea' id='block_1_33' title="bbox 2027 1785 3616 1890">
    <p class='ocr_par' dir='ltr' id='par_1_33' title="bbox 2027 1807 3616 1879">
     <span class='ocr_line' id='line_1_33' title="bbox 2027 1807 3616 1879; baseline 0.004 -18"><span class='ocrx_word' id='word_1_228' title='bbox 2027 1808 2172 1877; x_wconf 93' lang='lat' dir='ltr'><strong>quod</strong></span> <span class='ocrx_word' id='word_1_229' title='bbox 2207 1807 2460 1863; x_wconf 81' lang='lat' dir='ltr'><strong>confusio</strong></span> <span class='ocrx_word' id='word_1_230' title='bbox 2495 1812 2698 1864; x_wconf 92' lang='lat' dir='ltr'><strong>multos</strong></span> <span class='ocrx_word' id='word_1_231' title='bbox 2719 1825 2938 1864; x_wconf 91' lang='lat' dir='ltr'><strong>errores</strong></span> <span class='ocrx_word' id='word_1_232' title='bbox 2974 1812 3138 1879; x_wconf 86' lang='lat' dir='ltr'><strong>parit,</strong></span> <span class='ocrx_word' id='word_1_233' title='bbox 3174 1814 3359 1867; x_wconf 85' lang='lat' dir='ltr'><strong>statim</strong></span> <span class='ocrx_word' id='word_1_234' title='bbox 3400 1816 3616 1868; x_wconf 73' lang='lat' dir='ltr'><strong>noverit</strong></span> 
     </span>
    </p>
   </div>
   <div class='ocr_carea' id='block_1_34' title="bbox 330 1908 1924 1982">
    <p class='ocr_par' dir='ltr' id='par_1_34' title="bbox 330 1908 1924 1982">
     <span class='ocr_line' id='line_1_34' title="bbox 330 1908 1924 1982; baseline 0.001 -20"><span class='ocrx_word' id='word_1_235' title='bbox 330 1908 436 1972; x_wconf 76' lang='grc' dir='ltr'><strong>θὺς</strong></span> <span class='ocrx_word' id='word_1_236' title='bbox 468 1910 685 1979; x_wconf 83' lang='grc' dir='ltr'>ἐπέγνω</span> <span class='ocrx_word' id='word_1_237' title='bbox 723 1910 818 1964; x_wconf 81' lang='grc' dir='ltr'><strong>καὶ</strong></span> <span class='ocrx_word' id='word_1_238' title='bbox 849 1910 1207 1975; x_wconf 77' lang='grc' dir='ltr'>διεστείλατο,</span> <span class='ocrx_word' id='word_1_239' title='bbox 1235 1912 1404 1981; x_wconf 81' lang='grc' dir='ltr'>ἀλλην</span> <span class='ocrx_word' id='word_1_240' title='bbox 1436 1912 1535 1982; x_wconf 84' lang='grc' dir='ltr'><strong>μὲν</strong></span> <span class='ocrx_word' id='word_1_241' title='bbox 1555 1912 1752 1982; x_wconf 88' lang='grc' dir='ltr'>χρῆσιν</span> <span class='ocrx_word' id='word_1_242' title='bbox 1778 1911 1924 1982; x_wconf 83' lang='grc' dir='ltr'>ἔχειν</span> 
     </span>
    </p>
   </div>
   <div class='ocr_carea' id='block_1_35' title="bbox 328 1999 1924 2072">
    <p class='ocr_par' dir='ltr' id='par_1_35' title="bbox 328 1999 1924 2072">
     <span class='ocr_line' id='line_1_35' title="bbox 328 1999 1924 2072; baseline 0.001 -20"><span class='ocrx_word' id='word_1_243' title='bbox 328 2001 405 2053; x_wconf 73' lang='grc' dir='ltr'><strong>τά</strong></span> <span class='ocrx_word' id='word_1_244' title='bbox 429 2000 571 2054; x_wconf 81' lang='grc' dir='ltr'><strong>κατά</strong></span> <span class='ocrx_word' id='word_1_245' title='bbox 598 1999 936 2070; x_wconf 81' lang='grc' dir='ltr'>μεταφορὰν,</span> <span class='ocrx_word' id='word_1_246' title='bbox 962 2000 1135 2071; x_wconf 76' lang='grc' dir='ltr'>ἄλλην</span> <span class='ocrx_word' id='word_1_247' title='bbox 1161 2001 1220 2055; x_wconf 85' lang='grc' dir='ltr'><strong>δέ</strong></span> <span class='ocrx_word' id='word_1_248' title='bbox 1247 2000 1345 2070; x_wconf 82' lang='grc' dir='ltr'><strong>τὴν</strong></span> <span class='ocrx_word' id='word_1_249' title='bbox 1375 2000 1477 2071; x_wconf 84' lang='grc' dir='ltr'><strong>τῆς</strong></span> <span class='ocrx_word' id='word_1_250' title='bbox 1504 2000 1708 2066; x_wconf 80' lang='grc' dir='ltr'>λέξεως</span> <span class='ocrx_word' id='word_1_251' title='bbox 1731 2001 1924 2072; x_wconf 80' lang='grc' dir='ltr'>κυριό-</span> 
     </span>
    </p>
   </div>
   <div class='ocr_carea' id='block_1_36' title="bbox 326 2087 1923 2163">
    <p class='ocr_par' dir='ltr' id='par_1_36' title="bbox 326 2087 1923 2163">
     <span class='ocr_line' id='line_1_36' title="bbox 326 2087 1923 2163; baseline 0.001 -20"><span class='ocrx_word' id='word_1_252' title='bbox 326 2108 497 2162; x_wconf 78' lang='grc' dir='ltr'>τητα.</span> <span class='ocrx_word' id='word_1_253' title='bbox 541 2087 643 2145; x_wconf 78' lang='grc' dir='ltr'><strong>Ὧν</strong></span> <span class='ocrx_word' id='word_1_254' title='bbox 667 2092 823 2144; x_wconf 78' lang='grc' dir='ltr'>οὐδὲν</span> <span class='ocrx_word' id='word_1_255' title='bbox 852 2092 946 2145; x_wconf 77' lang='grc' dir='ltr'><strong>ἐπὶ</strong></span> <span class='ocrx_word' id='word_1_256' title='bbox 978 2091 1106 2146; x_wconf 84' lang='grc' dir='ltr'><strong>νοῦν</strong></span> <span class='ocrx_word' id='word_1_257' title='bbox 1127 2092 1197 2146; x_wconf 83' lang='grc' dir='ltr'>τὰ</span> <span class='ocrx_word' id='word_1_258' title='bbox 1227 2092 1485 2163; x_wconf 81' lang='grc' dir='ltr'>αἰρετικά</span> <span class='ocrx_word' id='word_1_259' title='bbox 1511 2092 1746 2146; x_wconf 89' lang='grc' dir='ltr'>λαϐόντα</span> <span class='ocrx_word' id='word_1_260' title='bbox 1788 2110 1923 2163; x_wconf 86' lang='grc' dir='ltr'>φρο-</span> 
     </span>
    </p>
   </div>
   <div class='ocr_carea' id='block_1_37' title="bbox 325 2183 1924 2256">
    <p class='ocr_par' dir='ltr' id='par_1_37' title="bbox 325 2183 1924 2256">
     <span class='ocr_line' id='line_1_37' title="bbox 325 2183 1924 2256; baseline -0.001 -19"><span class='ocrx_word' id='word_1_261' title='bbox 325 2184 600 2255; x_wconf 83' lang='grc' dir='ltr'>νήματα,</span> <span class='ocrx_word' id='word_1_262' title='bbox 653 2183 753 2237; x_wconf 81' lang='grc' dir='ltr'>ὅσα</span> <span class='ocrx_word' id='word_1_263' title='bbox 798 2183 1077 2255; x_wconf 83' lang='grc' dir='ltr'>τροπικῶς</span> <span class='ocrx_word' id='word_1_264' title='bbox 1124 2186 1219 2238; x_wconf 80' lang='grc' dir='ltr'><strong>καὶ</strong></span> <span class='ocrx_word' id='word_1_265' title='bbox 1266 2184 1410 2239; x_wconf 89' lang='grc' dir='ltr'><strong>κατά</strong></span> <span class='ocrx_word' id='word_1_266' title='bbox 1461 2184 1775 2256; x_wconf 82' lang='grc' dir='ltr'>μεταφορὰν</span> <span class='ocrx_word' id='word_1_267' title='bbox 1828 2183 1924 2237; x_wconf 71' lang='grc' dir='ltr'><strong>ἐπὶ</strong></span> 
     </span>
    </p>
   </div>
   <div class='ocr_carea' id='block_1_38' title="bbox 325 2273 1922 2346">
    <p class='ocr_par' dir='ltr' id='par_1_38' title="bbox 325 2273 1922 2346">
     <span class='ocr_line' id='line_1_38' title="bbox 325 2273 1922 2346; baseline -0.001 -17"><span class='ocrx_word' id='word_1_268' title='bbox 325 2274 475 2329; x_wconf 77' lang='grc' dir='ltr'>θεοῦ</span> <span class='ocrx_word' id='word_1_269' title='bbox 514 2273 754 2346; x_wconf 80' lang='grc' dir='ltr'>εἴρηται,</span> <span class='ocrx_word' id='word_1_270' title='bbox 776 2273 990 2345; x_wconf 83' lang='grc' dir='ltr'>τροπῆς</span> <span class='ocrx_word' id='word_1_271' title='bbox 1024 2274 1121 2328; x_wconf 76' lang='grc' dir='ltr'><strong>καὶ</strong></span> <span class='ocrx_word' id='word_1_272' title='bbox 1151 2275 1431 2345; x_wconf 85' lang='grc' dir='ltr'>ἀτρέπτου</span> <span class='ocrx_word' id='word_1_273' title='bbox 1452 2275 1656 2345; x_wconf 45' lang='grc' dir='ltr'>,φωνῆς</span> <span class='ocrx_word' id='word_1_274' title='bbox 1692 2276 1755 2328; x_wconf 77' lang='grc' dir='ltr'><strong>οὐ</strong></span> <span class='ocrx_word' id='word_1_275' title='bbox 1797 2274 1922 2345; x_wconf 85' lang='grc' dir='ltr'>βου-</span> 
     </span>
    </p>
   </div>
   <div class='ocr_carea' id='block_1_39' title="bbox 323 2367 1922 2440">
    <p class='ocr_par' dir='ltr' id='par_1_39' title="bbox 323 2367 1922 2440">
     <span class='ocr_line' id='line_1_39' title="bbox 323 2367 1922 2440; baseline -0.001 -18"><span class='ocrx_word' id='word_1_276' title='bbox 323 2369 596 2439; x_wconf 84' lang='grc' dir='ltr'>ληθέντες</span> <span class='ocrx_word' id='word_1_277' title='bbox 620 2367 851 2423; x_wconf 84' lang='grc' dir='ltr'>συνιδεῖν</span> <span class='ocrx_word' id='word_1_278' title='bbox 875 2368 1193 2439; x_wconf 81' lang='grc' dir='ltr'>ἑτερότητα,</span> <span class='ocrx_word' id='word_1_279' title='bbox 1226 2369 1325 2440; x_wconf 82' lang='grc' dir='ltr'>τὴν</span> <span class='ocrx_word' id='word_1_280' title='bbox 1355 2368 1535 2440; x_wconf 83' lang='grc' dir='ltr'>ἁπλῆν</span> <span class='ocrx_word' id='word_1_281' title='bbox 1555 2370 1648 2423; x_wconf 83' lang='grc' dir='ltr'><strong>καὶ</strong></span> <span class='ocrx_word' id='word_1_282' title='bbox 1678 2368 1922 2440; x_wconf 75' lang='grc' dir='ltr'>ἄληπτον</span> 
     </span>
    </p>
   </div>
   <div class='ocr_carea' id='block_1_40' title="bbox 324 2460 1923 2532">
    <p class='ocr_par' dir='ltr' id='par_1_40' title="bbox 324 2460 1923 2532">
     <span class='ocr_line' id='line_1_40' title="bbox 324 2460 1923 2532; baseline -0.001 -16"><span class='ocrx_word' id='word_1_283' title='bbox 324 2462 436 2516; x_wconf 80' lang='grc' dir='ltr'>καὶ</span> <span class='ocrx_word' id='word_1_284' title='bbox 482 2461 895 2532; x_wconf 83' lang='grc' dir='ltr'>ἀσχημάτιστον</span> <span class='ocrx_word' id='word_1_285' title='bbox 925 2460 1118 2513; x_wconf 89' lang='grc' dir='ltr'>ούσίαν</span> <span class='ocrx_word' id='word_1_286' title='bbox 1149 2460 1243 2514; x_wconf 90' lang='grc' dir='ltr'><strong>τοῦ</strong></span> <span class='ocrx_word' id='word_1_287' title='bbox 1269 2460 1430 2526; x_wconf 89' lang='grc' dir='ltr'>Θεοῦ,</span> <span class='ocrx_word' id='word_1_288' title='bbox 1464 2461 1548 2514; x_wconf 85' lang='grc' dir='ltr'>ὃτι</span> <span class='ocrx_word' id='word_1_289' title='bbox 1595 2464 1789 2532; x_wconf 86' lang='grc' dir='ltr'>χεῖρας</span> <span class='ocrx_word' id='word_1_290' title='bbox 1826 2462 1923 2515; x_wconf 74' lang='grc' dir='ltr'>καὶ</span> 
     </span>
    </p>
   </div>
   <div class='ocr_carea' id='block_1_41' title="bbox 330 2550 1923 2623">
    <p class='ocr_par' dir='ltr' id='par_1_41' title="bbox 330 2550 1923 2623">
     <span class='ocr_line' id='line_1_41' title="bbox 330 2550 1923 2623; baseline -0.001 -17"><span class='ocrx_word' id='word_1_291' title='bbox 330 2552 508 2615; x_wconf 81' lang='grc' dir='ltr'>πόδας</span> <span class='ocrx_word' id='word_1_292' title='bbox 538 2553 631 2605; x_wconf 73' lang='grc' dir='ltr'><strong>καὶ</strong></span> <span class='ocrx_word' id='word_1_293' title='bbox 649 2550 965 2623; x_wconf 79' lang='grc' dir='ltr'>ὀφθαλμοὺς</span> <span class='ocrx_word' id='word_1_294' title='bbox 992 2552 1086 2605; x_wconf 74' lang='grc' dir='ltr'><strong>καὶ</strong></span> <span class='ocrx_word' id='word_1_295' title='bbox 1108 2551 1469 2623; x_wconf 83' lang='grc' dir='ltr'>όσφραίνεθαι</span> <span class='ocrx_word' id='word_1_296' title='bbox 1500 2552 1597 2605; x_wconf 79' lang='grc' dir='ltr'>καὶ</span> <span class='ocrx_word' id='word_1_297' title='bbox 1627 2552 1803 2622; x_wconf 83' lang='grc' dir='ltr'>στόμα</span> <span class='ocrx_word' id='word_1_298' title='bbox 1827 2551 1923 2605; x_wconf 72' lang='grc' dir='ltr'><strong>καί⁵</strong></span> 
     </span>
    </p>
   </div>
   <div class='ocr_carea' id='block_1_42' title="bbox 320 2644 1923 2717">
    <p class='ocr_par' dir='ltr' id='par_1_42' title="bbox 320 2644 1923 2717">
     <span class='ocr_line' id='line_1_42' title="bbox 320 2644 1923 2717; baseline 0.001 -19"><span class='ocrx_word' id='word_1_299' title='bbox 320 2646 534 2714; x_wconf 77' lang='grc' dir='ltr'>λόγους</span> <span class='ocrx_word' id='word_1_300' title='bbox 581 2645 851 2717; x_wconf 67' lang='grc' dir='ltr'>ἥκουσαν,</span> <span class='ocrx_word' id='word_1_301' title='bbox 900 2645 1437 2716; x_wconf 84' lang='grc' dir='ltr'>όμοιοσχημάτιστον</span> <span class='ocrx_word' id='word_1_302' title='bbox 1484 2647 1616 2717; x_wconf 77' lang='grc' dir='ltr'>ἡμῖν</span> <span class='ocrx_word' id='word_1_303' title='bbox 1650 2644 1711 2700; x_wconf 82' lang='grc' dir='ltr'>τὸ</span> <span class='ocrx_word' id='word_1_304' title='bbox 1767 2646 1923 2700; x_wconf 87' lang='grc' dir='ltr'>Θεῖον</span> 
     </span>
    </p>
   </div>
   <div class='ocr_carea' id='block_1_43' title="bbox 322 2736 1483 2801">
    <p class='ocr_par' dir='ltr' id='par_1_43' title="bbox 322 2736 1483 2801">
     <span class='ocr_line' id='line_1_43' title="bbox 322 2736 1483 2801; baseline 0.001 -10"><span class='ocrx_word' id='word_1_305' title='bbox 322 2737 618 2801; x_wconf 81' lang='grc' dir='ltr'>δυσσεϐῶς</span> <span class='ocrx_word' id='word_1_306' title='bbox 644 2753 706 2790; x_wconf 89' lang='grc' dir='ltr'><strong>τε</strong></span> <span class='ocrx_word' id='word_1_307' title='bbox 731 2736 826 2791; x_wconf 76' lang='grc' dir='ltr'><strong>καὶ</strong></span> <span class='ocrx_word' id='word_1_308' title='bbox 849 2736 1128 2801; x_wconf 81' lang='grc' dir='ltr'>ἀσυνέτως</span> <span class='ocrx_word' id='word_1_309' title='bbox 1154 2737 1483 2792; x_wconf 89' lang='grc' dir='ltr'>ἐπλάσαντο.</span> 
     </span>
    </p>
   </div>
   <div class='ocr_carea' id='block_1_44' title="bbox 406 2904 1925 2987">
    <p class='ocr_par' dir='ltr' id='par_1_44' title="bbox 406 2904 1925 2987">
     <span class='ocr_line' id='line_1_44' title="bbox 406 2904 1925 2987; baseline 0.005 -26"><span class='ocrx_word' id='word_1_310' title='bbox 406 2906 502 2962; x_wconf 89' lang='grc' dir='ltr'><strong>λε’.</strong></span> <span class='ocrx_word' id='word_1_311' title='bbox 539 2904 698 2963; x_wconf 78' lang='grc' dir='ltr'>Οὕτω</span> <span class='ocrx_word' id='word_1_312' title='bbox 720 2907 851 2979; x_wconf 92' lang='grc' dir='ltr'>γοῦν</span> <span class='ocrx_word' id='word_1_313' title='bbox 874 2909 971 2965; x_wconf 72' lang='grc' dir='ltr'><strong>καὶ</strong></span> <span class='ocrx_word' id='word_1_314' title='bbox 1002 2910 1057 2964; x_wconf 79' lang='lat' dir='ltr'><strong>sl’</strong></span> <span class='ocrx_word' id='word_1_315' title='bbox 1082 2928 1135 2965; x_wconf 91' lang='grc' dir='ltr'><strong>τι</strong></span> <span class='ocrx_word' id='word_1_316' title='bbox 1167 2910 1297 2966; x_wconf 82' lang='grc' dir='ltr'>ἄλλο</span> <span class='ocrx_word' id='word_1_317' title='bbox 1322 2911 1434 2965; x_wconf 92' lang='grc' dir='ltr'><strong>τῶν</strong></span> <span class='ocrx_word' id='word_1_318' title='bbox 1459 2913 1621 2985; x_wconf 84' lang='grc' dir='ltr'>ἰερῶν</span> <span class='ocrx_word' id='word_1_319' title='bbox 1650 2915 1925 2987; x_wconf 84' lang='grc' dir='ltr'>Γραμμά-</span> 
     </span>
    </p>
   </div>
   <div class='ocr_carea' id='block_1_45' title="bbox 327 3001 1925 3080">
    <p class='ocr_par' dir='ltr' id='par_1_45' title="bbox 327 3001 1925 3080">
     <span class='ocr_line' id='line_1_45' title="bbox 327 3001 1925 3080; baseline 0.004 -24"><span class='ocrx_word' id='word_1_320' title='bbox 327 3020 446 3057; x_wconf 83' lang='grc' dir='ltr'><strong>των</strong></span> <span class='ocrx_word' id='word_1_321' title='bbox 488 3003 517 3055; x_wconf 77' lang='grc' dir='ltr'><strong>ό</strong></span> <span class='ocrx_word' id='word_1_322' title='bbox 560 3001 853 3074; x_wconf 78' lang='grc' dir='ltr'>αἰρετίζων</span> <span class='ocrx_word' id='word_1_323' title='bbox 894 3002 927 3074; x_wconf 80' lang='grc' dir='ltr'><strong>ἦ</strong></span> <span class='ocrx_word' id='word_1_324' title='bbox 969 3004 998 3056; x_wconf 86' lang='grc' dir='ltr'><strong>ό</strong></span> <span class='ocrx_word' id='word_1_325' title='bbox 1034 3002 1339 3072; x_wconf 88' lang='grc' dir='ltr'>φιλόνεικος</span> <span class='ocrx_word' id='word_1_326' title='bbox 1367 3006 1623 3076; x_wconf 87' lang='grc' dir='ltr'>ἀρπάσας</span> <span class='ocrx_word' id='word_1_327' title='bbox 1667 3009 1925 3080; x_wconf 82' lang='grc' dir='ltr'>λογισμὸς</span> 
     </span>
    </p>
   </div>
   <div class='ocr_carea' id='block_1_46' title="bbox 331 3091 1920 3170">
    <p class='ocr_par' dir='ltr' id='par_1_46' title="bbox 331 3091 1920 3170">
     <span class='ocr_line' id='line_1_46' title="bbox 331 3091 1920 3170; baseline 0.006 -27"><span class='ocrx_word' id='word_1_328' title='bbox 331 3092 477 3162; x_wconf 75' lang='grc' dir='ltr'>πρὸς</span> <span class='ocrx_word' id='word_1_329' title='bbox 510 3091 833 3145; x_wconf 81' lang='grc' dir='ltr'>δυσσέϐειαν</span> <span class='ocrx_word' id='word_1_330' title='bbox 880 3092 914 3162; x_wconf 81' lang='grc' dir='ltr'><strong>ἥ</strong></span> <span class='ocrx_word' id='word_1_331' title='bbox 946 3093 1182 3162; x_wconf 78' lang='grc' dir='ltr'>ἀπορίαν</span> <span class='ocrx_word' id='word_1_332' title='bbox 1215 3094 1441 3148; x_wconf 84' lang='grc' dir='ltr'>ἐλκῦσαι</span> <span class='ocrx_word' id='word_1_333' title='bbox 1467 3096 1920 3170; x_wconf 73' lang='grc' dir='ltr'>φιλονεικήσειεν,</span> 
     </span>
    </p>
   </div>
   <div class='ocr_carea' id='block_1_47' title="bbox 2023 1901 3606 1976">
    <p class='ocr_par' dir='ltr' id='par_1_47' title="bbox 2023 1901 3606 1976">
     <span class='ocr_line' id='line_1_47' title="bbox 2023 1901 3606 1976; baseline 0.003 -21"><span class='ocrx_word' id='word_1_334' title='bbox 2023 1911 2189 1971; x_wconf 88' lang='lat' dir='ltr'><strong>atque</strong></span> <span class='ocrx_word' id='word_1_335' title='bbox 2218 1901 2536 1971; x_wconf 81' lang='lat' dir='ltr'><strong>distinguet.</strong></span> <span class='ocrx_word' id='word_1_336' title='bbox 2564 1903 2732 1958; x_wconf 89' lang='lat' dir='ltr'><strong>alium</strong></span> <span class='ocrx_word' id='word_1_337' title='bbox 2773 1918 2893 1957; x_wconf 86' lang='lat' dir='ltr'><strong>esse</strong></span> <span class='ocrx_word' id='word_1_338' title='bbox 2922 1920 3083 1959; x_wconf 90' lang='lat' dir='ltr'><strong>usum</strong></span> <span class='ocrx_word' id='word_1_339' title='bbox 3109 1920 3303 1959; x_wconf 92' lang='lat' dir='ltr'><strong>eorum</strong></span> <span class='ocrx_word' id='word_1_340' title='bbox 3329 1921 3451 1976; x_wconf 70' lang='lat' dir='ltr'><strong>quae</strong></span> <span class='ocrx_word' id='word_1_341' title='bbox 3479 1921 3606 1961; x_wconf 91' lang='lat' dir='ltr'><strong>cum</strong></span> 
     </span>
    </p>
   </div>
   <div class='ocr_carea' id='block_1_48' title="bbox 2024 1991 3610 2065">
    <p class='ocr_par' dir='ltr' id='par_1_48' title="bbox 2024 1991 3610 2065">
     <span class='ocr_line' id='line_1_48' title="bbox 2024 1991 3610 2065; baseline 0.004 -21"><span class='ocrx_word' id='word_1_342' title='bbox 2024 1991 2343 2061; x_wconf 83' lang='lat' dir='ltr'><strong>metaphora</strong></span> <span class='ocrx_word' id='word_1_343' title='bbox 2374 1993 2651 2057; x_wconf 89' lang='lat' dir='ltr'><strong>dicuntur,</strong></span> <span class='ocrx_word' id='word_1_344' title='bbox 2710 1993 2879 2047; x_wconf 88' lang='lat' dir='ltr'><strong>alium</strong></span> <span class='ocrx_word' id='word_1_345' title='bbox 2913 2009 3105 2048; x_wconf 87' lang='lat' dir='ltr'><strong>eorum</strong></span> <span class='ocrx_word' id='word_1_346' title='bbox 3153 2010 3275 2065; x_wconf 61' lang='lat' dir='ltr'><strong>quae</strong></span> <span class='ocrx_word' id='word_1_347' title='bbox 3308 1996 3610 2050; x_wconf 87' lang='lat' dir='ltr'><strong>secundum</strong></span> 
     </span>
    </p>
   </div>
   <div class='ocr_carea' id='block_1_49' title="bbox 2023 2082 3612 2156">
    <p class='ocr_par' dir='ltr' id='par_1_49' title="bbox 2023 2082 3612 2156">
     <span class='ocr_line' id='line_1_49' title="bbox 2023 2082 3612 2156; baseline 0.003 -18"><span class='ocrx_word' id='word_1_348' title='bbox 2023 2082 2282 2138; x_wconf 88' lang='lat' dir='ltr'><strong>dictionis</strong></span> <span class='ocrx_word' id='word_1_349' title='bbox 2311 2085 2697 2154; x_wconf 87' lang='lat' dir='ltr'><strong>proprietatem</strong></span> <span class='ocrx_word' id='word_1_350' title='bbox 2733 2104 2747 2139; x_wconf 91' lang='lat'><strong>:</strong></span> <span class='ocrx_word' id='word_1_351' title='bbox 2786 2101 3019 2156; x_wconf 90' lang='lat' dir='ltr'><strong>quorum</strong></span> <span class='ocrx_word' id='word_1_352' title='bbox 3056 2102 3179 2140; x_wconf 91' lang='lat' dir='ltr'><strong>cum</strong></span> <span class='ocrx_word' id='word_1_353' title='bbox 3221 2088 3359 2142; x_wconf 90' lang='lat' dir='ltr'><strong>nihil</strong></span> <span class='ocrx_word' id='word_1_354' title='bbox 3395 2088 3612 2143; x_wconf 68' lang='lat' dir='ltr'><strong>haereti-</strong></span> 
     </span>
    </p>
   </div>
   <div class='ocr_carea' id='block_1_50' title="bbox 2024 2173 3613 2251">
    <p class='ocr_par' dir='ltr' id='par_1_50' title="bbox 2024 2173 3613 2251">
     <span class='ocr_line' id='line_1_50' title="bbox 2024 2173 3613 2251; baseline 0.005 -24"><span class='ocrx_word' id='word_1_355' title='bbox 2024 2174 2107 2228; x_wconf 89' lang='lat' dir='ltr'><strong>cis</strong></span> <span class='ocrx_word' id='word_1_356' title='bbox 2133 2173 2189 2228; x_wconf 92' lang='lat' dir='ltr'><strong>in</strong></span> <span class='ocrx_word' id='word_1_357' title='bbox 2240 2184 2477 2231; x_wconf 90' lang='lat' dir='ltr'><strong>mentem</strong></span> <span class='ocrx_word' id='word_1_358' title='bbox 2513 2177 2774 2243; x_wconf 90' lang='lat' dir='ltr'><strong>venisset,</strong></span> <span class='ocrx_word' id='word_1_359' title='bbox 2830 2177 2885 2231; x_wconf 89' lang='lat' dir='ltr'><strong>bi</strong></span> <span class='ocrx_word' id='word_1_360' title='bbox 2927 2194 3274 2249; x_wconf 65' lang='lat' dir='ltr'><strong>quascunque</strong></span> <span class='ocrx_word' id='word_1_361' title='bbox 3301 2195 3426 2234; x_wconf 87' lang='lat' dir='ltr'><strong>cum</strong></span> <span class='ocrx_word' id='word_1_362' title='bbox 3453 2189 3613 2251; x_wconf 92' lang='lat' dir='ltr'><strong>tropo</strong></span> 
     </span>
    </p>
   </div>
   <div class='ocr_carea' id='block_1_51' title="bbox 2026 2265 3612 2338">
    <p class='ocr_par' dir='ltr' id='par_1_51' title="bbox 2026 2265 3612 2338">
     <span class='ocr_line' id='line_1_51' title="bbox 2026 2265 3612 2338; baseline 0.006 -22"><span class='ocrx_word' id='word_1_363' title='bbox 2026 2277 2091 2318; x_wconf 89' lang='lat' dir='ltr'><strong>ac</strong></span> <span class='ocrx_word' id='word_1_364' title='bbox 2109 2265 2427 2330; x_wconf 86' lang='lat' dir='ltr'><strong>metaphora</strong></span> <span class='ocrx_word' id='word_1_365' title='bbox 2454 2265 2522 2321; x_wconf 88' lang='lat' dir='ltr'><strong>de</strong></span> <span class='ocrx_word' id='word_1_366' title='bbox 2554 2265 2663 2320; x_wconf 89' lang='lat' dir='ltr'><strong>Deo</strong></span> <span class='ocrx_word' id='word_1_367' title='bbox 2697 2266 2977 2331; x_wconf 89' lang='lat' dir='ltr'><strong>dicuntur,</strong></span> <span class='ocrx_word' id='word_1_368' title='bbox 3030 2283 3155 2322; x_wconf 90' lang='lat' dir='ltr'><strong>cum</strong></span> <span class='ocrx_word' id='word_1_369' title='bbox 3216 2269 3424 2324; x_wconf 86' lang='lat' dir='ltr'><strong>nollent</strong></span> <span class='ocrx_word' id='word_1_370' title='bbox 3467 2271 3612 2338; x_wconf 89' lang='lat' dir='ltr'><strong>tropi</strong></span> 
     </span>
    </p>
   </div>
   <div class='ocr_carea' id='block_1_52' title="bbox 2024 2357 3617 2433">
    <p class='ocr_par' dir='ltr' id='par_1_52' title="bbox 2024 2357 3617 2433">
     <span class='ocr_line' id='line_1_52' title="bbox 2024 2357 3617 2433; baseline 0.004 -23"><span class='ocrx_word' id='word_1_371' title='bbox 2024 2368 2120 2411; x_wconf 91' lang='lat' dir='ltr'><strong>aut</strong></span> <span class='ocrx_word' id='word_1_372' title='bbox 2139 2357 2438 2414; x_wconf 70' lang='lat' dir='ltr'><strong>immutatae</strong></span> <span class='ocrx_word' id='word_1_373' title='bbox 2462 2359 2612 2413; x_wconf 86' lang='lat' dir='ltr'><strong>vocis</strong></span> <span class='ocrx_word' id='word_1_374' title='bbox 2641 2373 2944 2429; x_wconf 79' lang='lat' dir='ltr'><strong>agnoscere</strong></span> <span class='ocrx_word' id='word_1_375' title='bbox 2968 2358 3380 2426; x_wconf 88' lang='lat' dir='ltr'><strong>diversitatem;</strong></span> <span class='ocrx_word' id='word_1_376' title='bbox 3407 2362 3617 2433; x_wconf 84' lang='lat' dir='ltr'><strong>simpli-</strong></span> 
     </span>
    </p>
   </div>
   <div class='ocr_carea' id='block_1_53' title="bbox 2025 2451 3613 2524">
    <p class='ocr_par' dir='ltr' id='par_1_53' title="bbox 2025 2451 3613 2524">
     <span class='ocr_line' id='line_1_53' title="bbox 2025 2451 3613 2524; baseline 0.003 -19"><span class='ocrx_word' id='word_1_377' title='bbox 2025 2466 2143 2505; x_wconf 90' lang='lat' dir='ltr'><strong>cem</strong></span> <span class='ocrx_word' id='word_1_378' title='bbox 2174 2459 2230 2505; x_wconf 88' lang='lat' dir='ltr'><strong>et</strong></span> <span class='ocrx_word' id='word_1_379' title='bbox 2256 2451 2864 2522; x_wconf 87' lang='lat' dir='ltr'><strong>incomprehensibilem</strong></span> <span class='ocrx_word' id='word_1_380' title='bbox 2894 2462 2947 2506; x_wconf 92' lang='lat' dir='ltr'><strong>et</strong></span> <span class='ocrx_word' id='word_1_381' title='bbox 2979 2452 3098 2507; x_wconf 89' lang='lat' dir='ltr'><strong>sine</strong></span> <span class='ocrx_word' id='word_1_382' title='bbox 3132 2453 3305 2524; x_wconf 88' lang='lat' dir='ltr'><strong>figura</strong></span> <span class='ocrx_word' id='word_1_383' title='bbox 3350 2456 3613 2510; x_wconf 76' lang='lat' dir='ltr'><strong>substan-</strong></span> 
     </span>
    </p>
   </div>
   <div class='ocr_carea' id='block_1_54' title="bbox 2025 2541 3617 2613">
    <p class='ocr_par' dir='ltr' id='par_1_54' title="bbox 2025 2541 3617 2613">
     <span class='ocr_line' id='line_1_54' title="bbox 2025 2541 3617 2613; baseline 0.004 -17"><span class='ocrx_word' id='word_1_384' title='bbox 2025 2542 2156 2596; x_wconf 90' lang='lat' dir='ltr'><strong>tiam</strong></span> <span class='ocrx_word' id='word_1_385' title='bbox 2205 2541 2324 2610; x_wconf 86' lang='lat' dir='ltr'><strong>Dei,</strong></span> <span class='ocrx_word' id='word_1_386' title='bbox 2383 2544 2511 2613; x_wconf 90' lang='lat' dir='ltr'><strong>qnia</strong></span> <span class='ocrx_word' id='word_1_387' title='bbox 2566 2559 2761 2597; x_wconf 89' lang='lat' dir='ltr'><strong>manus</strong></span> <span class='ocrx_word' id='word_1_388' title='bbox 2789 2552 2845 2598; x_wconf 92' lang='lat' dir='ltr'><strong>et</strong></span> <span class='ocrx_word' id='word_1_389' title='bbox 2884 2544 3048 2613; x_wconf 87' lang='lat' dir='ltr'><strong>pedes</strong></span> <span class='ocrx_word' id='word_1_390' title='bbox 3092 2552 3147 2599; x_wconf 89' lang='lat' dir='ltr'><strong>et</strong></span> <span class='ocrx_word' id='word_1_391' title='bbox 3183 2546 3373 2600; x_wconf 81' lang='lat' dir='ltr'><strong>oculos</strong></span> <span class='ocrx_word' id='word_1_392' title='bbox 3404 2558 3459 2601; x_wconf 89' lang='lat' dir='ltr'><strong>et</strong></span> <span class='ocrx_word' id='word_1_393' title='bbox 3481 2548 3617 2602; x_wconf 71' lang='lat' dir='ltr'><strong>olfao</strong></span> 
     </span>
    </p>
   </div>
   <div class='ocr_carea' id='block_1_55' title="bbox 2024 2633 3616 2706">
    <p class='ocr_par' dir='ltr' id='par_1_55' title="bbox 2024 2633 3616 2706">
     <span class='ocr_line' id='line_1_55' title="bbox 2024 2633 3616 2706; baseline 0.004 -20"><span class='ocrx_word' id='word_1_394' title='bbox 2024 2640 2172 2686; x_wconf 90' lang='lat' dir='ltr'><strong>ctum</strong></span> <span class='ocrx_word' id='word_1_395' title='bbox 2200 2641 2255 2686; x_wconf 88' lang='lat' dir='ltr'><strong>et</strong></span> <span class='ocrx_word' id='word_1_396' title='bbox 2279 2648 2339 2687; x_wconf 85' lang='lat' dir='ltr'><strong>os</strong></span> <span class='ocrx_word' id='word_1_397' title='bbox 2360 2642 2415 2687; x_wconf 90' lang='lat' dir='ltr'><strong>et</strong></span> <span class='ocrx_word' id='word_1_398' title='bbox 2435 2633 2712 2703; x_wconf 86' lang='lat' dir='ltr'><strong>loquelam</strong></span> <span class='ocrx_word' id='word_1_399' title='bbox 2749 2633 3118 2699; x_wconf 87' lang='lat' dir='ltr'><strong>inaudierant,</strong></span> <span class='ocrx_word' id='word_1_400' title='bbox 3149 2635 3384 2690; x_wconf 87' lang='lat' dir='ltr'><strong>similem</strong></span> <span class='ocrx_word' id='word_1_401' title='bbox 3427 2638 3616 2706; x_wconf 78' lang='lat' dir='ltr'><strong>ﬁgura:</strong></span> 
     </span>
    </p>
   </div>
   <div class='ocr_carea' id='block_1_56' title="bbox 2026 2725 3617 2798">
    <p class='ocr_par' dir='ltr' id='par_1_56' title="bbox 2026 2725 3617 2798">
     <span class='ocr_line' id='line_1_56' title="bbox 2026 2725 3617 2798; baseline 0.004 -20"><span class='ocrx_word' id='word_1_402' title='bbox 2026 2734 2248 2789; x_wconf 68' lang='lat' dir='ltr'><strong>nostrae,</strong></span> <span class='ocrx_word' id='word_1_403' title='bbox 2309 2725 2478 2780; x_wconf 89' lang='lat' dir='ltr'><strong>Deum</strong></span> <span class='ocrx_word' id='word_1_404' title='bbox 2536 2727 2747 2782; x_wconf 86' lang='lat' dir='ltr'><strong>scilicet</strong></span> <span class='ocrx_word' id='word_1_405' title='bbox 2797 2728 3028 2791; x_wconf 89' lang='lat' dir='ltr'><strong>homini,</strong></span> <span class='ocrx_word' id='word_1_406' title='bbox 3072 2727 3339 2798; x_wconf 76' lang='lat' dir='ltr'><strong>sacrilege</strong></span> <span class='ocrx_word' id='word_1_407' title='bbox 3379 2736 3435 2783; x_wconf 89' lang='lat' dir='ltr'><strong>et</strong></span> <span class='ocrx_word' id='word_1_408' title='bbox 3464 2727 3617 2785; x_wconf 87' lang='lat' dir='ltr'><strong>fatue</strong></span> 
     </span>
    </p>
   </div>
   <div class='ocr_carea' id='block_1_57' title="bbox 2024 2817 2427 2873">
    <p class='ocr_par' dir='ltr' id='par_1_57' title="bbox 2024 2817 2427 2873">
     <span class='ocr_line' id='line_1_57' title="bbox 2024 2817 2427 2873; baseline 0.002 -2"><span class='ocrx_word' id='word_1_409' title='bbox 2024 2817 2427 2873; x_wconf 79' lang='lat' dir='ltr'><strong>confinxerunt.</strong></span> 
     </span>
    </p>
   </div>
   <div class='ocr_carea' id='block_1_58' title="bbox 2100 2906 3613 2981">
    <p class='ocr_par' dir='ltr' id='par_1_58' title="bbox 2100 2906 3613 2981">
     <span class='ocr_line' id='line_1_58' title="bbox 2100 2906 3613 2981; baseline 0.001 -18"><span class='ocrx_word' id='word_1_410' title='bbox 2100 2909 2189 2963; x_wconf 81' lang='grc'><strong>55.</strong></span> <span class='ocrx_word' id='word_1_411' title='bbox 2230 2910 2410 2979; x_wconf 80' lang='lat' dir='ltr'><strong>Atque</strong></span> <span class='ocrx_word' id='word_1_412' title='bbox 2442 2910 2513 2964; x_wconf 85' lang='lat' dir='ltr'><strong>ita</strong></span> <span class='ocrx_word' id='word_1_413' title='bbox 2542 2909 2841 2981; x_wconf 86' lang='lat' dir='ltr'><strong>quamlibet</strong></span> <span class='ocrx_word' id='word_1_414' title='bbox 2868 2906 3271 2980; x_wconf 83' lang='lat' dir='ltr'><strong>Scripturarum</strong></span> <span class='ocrx_word' id='word_1_415' title='bbox 3330 2926 3613 2967; x_wconf 88' lang='lat' dir='ltr'><strong>sacrarum</strong></span> 
     </span>
    </p>
   </div>
   <div class='ocr_carea' id='block_1_59' title="bbox 2025 3002 3609 3075">
    <p class='ocr_par' dir='ltr' id='par_1_59' title="bbox 2025 3002 3609 3075">
     <span class='ocr_line' id='line_1_59' title="bbox 2025 3002 3609 3075; baseline 0.001 -19"><span class='ocrx_word' id='word_1_416' title='bbox 2025 3012 2235 3075; x_wconf 77' lang='lat' dir='ltr'><strong>partem</strong></span> <span class='ocrx_word' id='word_1_417' title='bbox 2273 3002 2513 3057; x_wconf 67' lang='lat' dir='ltr'><strong>haeretici</strong></span> <span class='ocrx_word' id='word_1_418' title='bbox 2550 3002 2634 3057; x_wconf 91' lang='lat' dir='ltr'><strong>vel</strong></span> <span class='ocrx_word' id='word_1_419' title='bbox 2683 3002 3017 3058; x_wconf 88' lang='lat' dir='ltr'><strong>contentiosi</strong></span> <span class='ocrx_word' id='word_1_420' title='bbox 3075 3003 3316 3059; x_wconf 89' lang='lat' dir='ltr'><strong>hominis</strong></span> <span class='ocrx_word' id='word_1_421' title='bbox 3363 3003 3609 3059; x_wconf 88' lang='lat' dir='ltr'><strong>studium</strong></span> 
     </span>
    </p>
   </div>
   <div class='ocr_carea' id='block_1_60' title="bbox 2030 3095 3611 3166">
    <p class='ocr_par' dir='ltr' id='par_1_60' title="bbox 2030 3095 3611 3166">
     <span class='ocr_line' id='line_1_60' title="bbox 2030 3095 3611 3166; baseline 0.001 -17"><span class='ocrx_word' id='word_1_422' title='bbox 2030 3095 2098 3150; x_wconf 90' lang='lat' dir='ltr'><strong>ad</strong></span> <span class='ocrx_word' id='word_1_423' title='bbox 2135 3096 2385 3151; x_wconf 64' lang='lat' dir='ltr'><strong>haeresim</strong></span> <span class='ocrx_word' id='word_1_424' title='bbox 2414 3096 2497 3151; x_wconf 91' lang='lat' dir='ltr'><strong>vel</strong></span> <span class='ocrx_word' id='word_1_425' title='bbox 2533 3097 2892 3166; x_wconf 67' lang='lat' dir='ltr'><strong>qttmstionetn</strong></span> <span class='ocrx_word' id='word_1_426' title='bbox 2941 3096 3236 3151; x_wconf 88' lang='lat' dir='ltr'><strong>conabitur</strong></span> <span class='ocrx_word' id='word_1_427' title='bbox 3274 3098 3509 3162; x_wconf 86' lang='lat' dir='ltr'><strong>trahere,</strong></span> <span class='ocrx_word' id='word_1_428' title='bbox 3565 3097 3611 3151; x_wconf 89' lang='lat' dir='ltr'><strong>si</strong></span> 
     </span>
    </p>
   </div>
   <div class='ocr_carea' id='block_1_61' title="bbox 332 3166 1926 3261">
    <p class='ocr_par' dir='ltr' id='par_1_61' title="bbox 332 3166 1926 3261">
     <span class='ocr_line' id='line_1_61' title="bbox 332 3166 1926 3261; baseline 0.005 -25"><span class='ocrx_word' id='word_1_429' title='bbox 332 3185 389 3236; x_wconf 85' lang='grc' dir='ltr'>εἰ</span> <span class='ocrx_word' id='word_1_430' title='bbox 421 3182 523 3253; x_wconf 76' lang='grc' dir='ltr'><strong>μὲν</strong></span> <span class='ocrx_word' id='word_1_431' title='bbox 550 3182 673 3237; x_wconf 83' lang='grc' dir='ltr'>καθ’</span> <span class='ocrx_word' id='word_1_432' title='bbox 697 3183 757 3235; x_wconf 73' lang='grc' dir='ltr'><strong>ἐν</strong></span> <span class='ocrx_word' id='word_1_433' title='bbox 796 3199 851 3237; x_wconf 87' lang='grc' dir='ltr'><strong>τι</strong></span> <span class='ocrx_word' id='word_1_434' title='bbox 881 3184 990 3236; x_wconf 88' lang='grc' dir='ltr'><strong>τῶν</strong></span> <span class='ocrx_word' id='word_1_435' title='bbox 1022 3183 1486 3255; x_wconf 88' lang='grc' dir='ltr'>διευκρινημένων</span> <span class='ocrx_word' id='word_1_436' title='bbox 1518 3186 1579 3241; x_wconf 84' lang='grc' dir='ltr'><strong>τὸ</strong></span> <span class='ocrx_word' id='word_1_437' title='bbox 1610 3166 1926 3261; x_wconf 84' lang='grc' dir='ltr'>κακομήχα-</span> 
     </span>
    </p>
   </div>
   <div class='ocr_carea' id='block_1_62' title="bbox 2027 3166 3611 3261">
    <p class='ocr_par' dir='ltr' id='par_1_62' title="bbox 2033 3186 3611 3256">
     <span class='ocr_line' id='line_1_62' title="bbox 2033 3186 3611 3256; baseline 0 -15"><span class='ocrx_word' id='word_1_438' title='bbox 2033 3186 2333 3241; x_wconf 87' lang='lat' dir='ltr'><strong>secundum</strong></span> <span class='ocrx_word' id='word_1_439' title='bbox 2363 3186 2569 3256; x_wconf 90' lang='lat' dir='ltr'><strong>aliquid</strong></span> <span class='ocrx_word' id='word_1_440' title='bbox 2601 3201 2668 3240; x_wconf 77' lang='lat' dir='ltr'><strong>ex</strong></span> <span class='ocrx_word' id='word_1_441' title='bbox 2696 3195 2821 3241; x_wconf 87' lang='lat' dir='ltr'><strong>ante</strong></span> <span class='ocrx_word' id='word_1_442' title='bbox 2847 3186 3143 3256; x_wconf 84' lang='lat' dir='ltr'><strong>disputatis</strong></span> <span class='ocrx_word' id='word_1_443' title='bbox 3170 3187 3418 3242; x_wconf 87' lang='lat' dir='ltr'><strong>fraudem</strong></span> <span class='ocrx_word' id='word_1_444' title='bbox 3452 3200 3611 3242; x_wconf 88' lang='lat' dir='ltr'><strong>suam</strong></span> 
     </span>
    </p>
   </div>
   <div class='ocr_carea' id='block_1_63' title="bbox 333 3273 1927 3354">
    <p class='ocr_par' dir='ltr' id='par_1_63' title="bbox 333 3273 1927 3354">
     <span class='ocr_line' id='line_1_63' title="bbox 333 3273 1927 3354; baseline 0.005 -26"><span class='ocrx_word' id='word_1_445' title='bbox 333 3291 431 3328; x_wconf 82' lang='grc' dir='ltr'>νον</span> <span class='ocrx_word' id='word_1_446' title='bbox 476 3276 703 3338; x_wconf 87' lang='grc' dir='ltr'>ἐπινοεῖ,</span> <span class='ocrx_word' id='word_1_447' title='bbox 762 3273 989 3327; x_wconf 83' lang='grc' dir='ltr'>αὐτόθεν</span> <span class='ocrx_word' id='word_1_448' title='bbox 1039 3274 1150 3339; x_wconf 74' lang='grc' dir='ltr'>ἕξει</span> <span class='ocrx_word' id='word_1_449' title='bbox 1205 3276 1328 3329; x_wconf 84' lang='grc' dir='ltr'>καθ’</span> <span class='ocrx_word' id='word_1_450' title='bbox 1371 3278 1566 3331; x_wconf 84' lang='grc' dir='ltr'>ἑαυτοῦ</span> <span class='ocrx_word' id='word_1_451' title='bbox 1617 3281 1927 3354; x_wconf 88' lang='grc' dir='ltr'>φερομένην</span> 
     </span>
    </p>
   </div>
   <div class='ocr_carea' id='block_1_64' title="bbox 331 3365 1931 3445">
    <p class='ocr_par' dir='ltr' id='par_1_64' title="bbox 331 3365 1931 3445">
     <span class='ocr_line' id='line_1_64' title="bbox 331 3365 1931 3445; baseline 0.004 -25"><span class='ocrx_word' id='word_1_452' title='bbox 331 3367 585 3436; x_wconf 80' lang='grc' dir='ltr'>ἄφυκτον</span> <span class='ocrx_word' id='word_1_453' title='bbox 609 3365 708 3438; x_wconf 82' lang='grc' dir='ltr'>τὴν</span> <span class='ocrx_word' id='word_1_454' title='bbox 739 3366 1055 3438; x_wconf 72' lang='grc' dir='ltr'>ἀνατροπὴν</span> <span class='ocrx_word' id='word_1_455' title='bbox 1076 3381 1091 3397; x_wconf 72' lang='grc' dir='ltr'>ο</span> <span class='ocrx_word' id='word_1_456' title='bbox 1139 3367 1190 3419; x_wconf 86' lang='grc' dir='ltr'><strong>εἰ</strong></span> <span class='ocrx_word' id='word_1_457' title='bbox 1232 3367 1289 3420; x_wconf 77' lang='grc' dir='ltr'>δὲ</span> <span class='ocrx_word' id='word_1_458' title='bbox 1320 3368 1444 3422; x_wconf 81' lang='grc' dir='ltr'>καθ’</span> <span class='ocrx_word' id='word_1_459' title='bbox 1473 3369 1531 3423; x_wconf 86' lang='grc' dir='ltr'><strong>ἐν</strong></span> <span class='ocrx_word' id='word_1_460' title='bbox 1559 3386 1611 3424; x_wconf 87' lang='grc' dir='ltr'><strong>τι</strong></span> <span class='ocrx_word' id='word_1_461' title='bbox 1645 3372 1755 3427; x_wconf 89' lang='grc' dir='ltr'><strong>τῶν</strong></span> <span class='ocrx_word' id='word_1_462' title='bbox 1787 3390 1931 3445; x_wconf 86' lang='grc' dir='ltr'>παρ-</span> 
     </span>
    </p>
   </div>
   <div class='ocr_carea' id='block_1_65' title="bbox 333 3457 1928 3535">
    <p class='ocr_par' dir='ltr' id='par_1_65' title="bbox 333 3457 1928 3535">
     <span class='ocr_line' id='line_1_65' title="bbox 333 3457 1928 3535; baseline 0.005 -24"><span class='ocrx_word' id='word_1_463' title='bbox 333 3458 595 3529; x_wconf 83' lang='grc' dir='ltr'>ειμένων,</span> <span class='ocrx_word' id='word_1_464' title='bbox 633 3457 697 3511; x_wconf 83' lang='grc' dir='ltr'>οὐ</span> <span class='ocrx_word' id='word_1_465' title='bbox 731 3457 971 3528; x_wconf 84' lang='grc' dir='ltr'>χαλεπὸν</span> <span class='ocrx_word' id='word_1_466' title='bbox 1014 3459 1080 3512; x_wconf 83' lang='grc' dir='ltr'><strong>ἐκ</strong></span> <span class='ocrx_word' id='word_1_467' title='bbox 1105 3458 1215 3512; x_wconf 90' lang='grc' dir='ltr'><strong>τῶν</strong></span> <span class='ocrx_word' id='word_1_468' title='bbox 1255 3459 1583 3529; x_wconf 84' lang='grc' dir='ltr'>φθασάντων</span> <span class='ocrx_word' id='word_1_469' title='bbox 1609 3464 1709 3534; x_wconf 80' lang='grc' dir='ltr'>τὴν</span> <span class='ocrx_word' id='word_1_470' title='bbox 1732 3465 1928 3535; x_wconf 84' lang='grc' dir='ltr'>ὁμοίαν</span> 
     </span>
    </p>
   </div>
   <div class='ocr_carea' id='block_1_66' title="bbox 333 3550 1931 3627">
    <p class='ocr_par' dir='ltr' id='par_1_66' title="bbox 333 3550 1931 3627">
     <span class='ocr_line' id='line_1_66' title="bbox 333 3550 1931 3627; baseline 0.003 -22"><span class='ocrx_word' id='word_1_471' title='bbox 333 3550 525 3623; x_wconf 83' lang='grc' dir='ltr'>κρίσιν</span> <span class='ocrx_word' id='word_1_472' title='bbox 551 3551 645 3604; x_wconf 78' lang='grc' dir='ltr'><strong>καὶ</strong></span> <span class='ocrx_word' id='word_1_473' title='bbox 674 3550 770 3603; x_wconf 77' lang='grc' dir='ltr'><strong>ἐπὶ</strong></span> <span class='ocrx_word' id='word_1_474' title='bbox 790 3550 1005 3615; x_wconf 84' lang='grc' dir='ltr'>τούτοις</span> <span class='ocrx_word' id='word_1_475' title='bbox 1033 3550 1361 3617; x_wconf 86' lang='grc' dir='ltr'>ἐλκύσαντα,</span> <span class='ocrx_word' id='word_1_476' title='bbox 1390 3554 1506 3618; x_wconf 90' lang='grc' dir='ltr'>τοῖς</span> <span class='ocrx_word' id='word_1_477' title='bbox 1533 3554 1741 3625; x_wconf 83' lang='grc' dir='ltr'>ὁμοίοις</span> <span class='ocrx_word' id='word_1_478' title='bbox 1774 3558 1931 3627; x_wconf 84' lang='grc' dir='ltr'>ἐλέγ-</span> 
     </span>
    </p>
   </div>
   <div class='ocr_carea' id='block_1_67' title="bbox 332 3637 1930 3717">
    <p class='ocr_par' dir='ltr' id='par_1_67' title="bbox 332 3637 1930 3717">
     <span class='ocr_line' id='line_1_67' title="bbox 332 3637 1930 3717; baseline 0.005 -26"><span class='ocrx_word' id='word_1_479' title='bbox 332 3658 458 3712; x_wconf 78' lang='grc' dir='ltr'>χοις</span> <span class='ocrx_word' id='word_1_480' title='bbox 482 3641 608 3704; x_wconf 77' lang='grc' dir='ltr'>τοὺς</span> <span class='ocrx_word' id='word_1_481' title='bbox 638 3639 1061 3711; x_wconf 85' lang='grc' dir='ltr'>μιμησαμένους</span> <span class='ocrx_word' id='word_1_482' title='bbox 1092 3639 1402 3707; x_wconf 73' lang='grc' dir='ltr'>ὑποϐαλεῖν,</span> <span class='ocrx_word' id='word_1_483' title='bbox 1436 3637 1518 3706; x_wconf 83' lang='grc' dir='ltr'><strong>οἷς</strong></span> <span class='ocrx_word' id='word_1_484' title='bbox 1563 3643 1656 3695; x_wconf 79' lang='grc' dir='ltr'><strong>καὶ</strong></span> <span class='ocrx_word' id='word_1_485' title='bbox 1697 3643 1749 3697; x_wconf 87' lang='grc' dir='ltr'><strong>οἰ</strong></span> <span class='ocrx_word' id='word_1_486' title='bbox 1797 3662 1930 3717; x_wconf 89' lang='grc' dir='ltr'>προ-</span> 
     </span>
    </p>
   </div>
   <div class='ocr_carea' id='block_1_68' title="bbox 332 3730 1930 3805">
    <p class='ocr_par' dir='ltr' id='par_1_68' title="bbox 332 3730 1930 3805">
     <span class='ocr_line' id='line_1_68' title="bbox 332 3730 1930 3805; baseline 0.004 -20"><span class='ocrx_word' id='word_1_487' title='bbox 332 3731 600 3794; x_wconf 87' lang='grc' dir='ltr'>λαϐόντες</span> <span class='ocrx_word' id='word_1_488' title='bbox 632 3730 1148 3804; x_wconf 75' lang='grc' dir='ltr'>ἀπερῤαπίσθησαν.</span> <span class='ocrx_word' id='word_1_489' title='bbox 1182 3734 1292 3786; x_wconf 84' lang='lat' dir='ltr'><strong>Kal</strong></span> <span class='ocrx_word' id='word_1_490' title='bbox 1316 3732 1477 3786; x_wconf 88' lang='grc' dir='ltr'>τοῦτό</span> <span class='ocrx_word' id='word_1_491' title='bbox 1510 3735 1627 3788; x_wconf 85' lang='grc' dir='ltr'>ἐστι</span> <span class='ocrx_word' id='word_1_492' title='bbox 1653 3736 1793 3805; x_wconf 84' lang='grc' dir='ltr'><strong>μετά</strong></span> <span class='ocrx_word' id='word_1_493' title='bbox 1822 3736 1930 3792; x_wconf 89' lang='grc' dir='ltr'><strong>τῶν</strong></span> 
     </span>
    </p>
   </div>
   <div class='ocr_carea' id='block_1_69' title="bbox 330 3824 1930 3900">
    <p class='ocr_par' dir='ltr' id='par_1_69' title="bbox 330 3824 1930 3900">
     <span class='ocr_line' id='line_1_69' title="bbox 330 3824 1930 3900; baseline 0.005 -23"><span class='ocrx_word' id='word_1_494' title='bbox 330 3824 519 3881; x_wconf 77' lang='grc' dir='ltr'>ἄλλων</span> <span class='ocrx_word' id='word_1_495' title='bbox 537 3824 567 3877; x_wconf 79' lang='grc' dir='ltr'><strong>ό</strong></span> <span class='ocrx_word' id='word_1_496' title='bbox 594 3824 673 3896; x_wconf 79' lang='grc' dir='ltr'><strong>μη</strong></span> <span class='ocrx_word' id='word_1_497' title='bbox 703 3825 883 3887; x_wconf 87' lang='grc' dir='ltr'>πάσας</span> <span class='ocrx_word' id='word_1_498' title='bbox 914 3824 1014 3888; x_wconf 75' lang='grc' dir='ltr'><strong>τὰς</strong></span> <span class='ocrx_word' id='word_1_499' title='bbox 1040 3826 1226 3889; x_wconf 77' lang='grc' dir='ltr'>αἰτίας</span> <span class='ocrx_word' id='word_1_500' title='bbox 1264 3826 1577 3891; x_wconf 80' lang='grc' dir='ltr'>ἐπεξελθεῖν</span> <span class='ocrx_word' id='word_1_501' title='bbox 1603 3830 1751 3900; x_wconf 80' lang='grc' dir='ltr'>ἡμᾶς</span> <span class='ocrx_word' id='word_1_502' title='bbox 1786 3831 1930 3885; x_wconf 83' lang='grc' dir='ltr'>κατὰ</span> 
     </span>
    </p>
   </div>
   <div class='ocr_carea' id='block_1_70' title="bbox 336 3916 1929 3991">
    <p class='ocr_par' dir='ltr' id='par_1_70' title="bbox 336 3916 1929 3991">
     <span class='ocr_line' id='line_1_70' title="bbox 336 3916 1929 3991; baseline 0.005 -21"><span class='ocrx_word' id='word_1_503' title='bbox 336 3917 511 3989; x_wconf 83' lang='grc' dir='ltr'>μέρος</span> <span class='ocrx_word' id='word_1_504' title='bbox 538 3917 639 3971; x_wconf 81' lang='grc' dir='ltr'><strong>οὐκ</strong></span> <span class='ocrx_word' id='word_1_505' title='bbox 668 3917 1017 3983; x_wconf 81' lang='grc' dir='ltr'>ἐξεϐιάσατο’</span> <span class='ocrx_word' id='word_1_506' title='bbox 1047 3916 1174 3971; x_wconf 86' lang='grc' dir='ltr'>οῦτε</span> <span class='ocrx_word' id='word_1_507' title='bbox 1204 3921 1313 3990; x_wconf 91' lang='grc' dir='ltr'><strong>γάρ</strong></span> <span class='ocrx_word' id='word_1_508' title='bbox 1346 3922 1688 3991; x_wconf 89' lang='grc' dir='ltr'>στοιχείωσιν</span> <span class='ocrx_word' id='word_1_509' title='bbox 1723 3923 1929 3978; x_wconf 89' lang='grc' dir='ltr'>τούτων</span> 
     </span>
    </p>
   </div>
   <div class='ocr_carea' id='block_1_71' title="bbox 335 4009 1930 4085">
    <p class='ocr_par' dir='ltr' id='par_1_71' title="bbox 335 4009 1930 4085">
     <span class='ocr_line' id='line_1_71' title="bbox 335 4009 1930 4085; baseline 0.006 -23"><span class='ocrx_word' id='word_1_510' title='bbox 335 4011 673 4078; x_wconf 84' lang='grc' dir='ltr'>συναγαγεῖν</span> <span class='ocrx_word' id='word_1_511' title='bbox 717 4009 1091 4081; x_wconf 81' lang='grc' dir='ltr'>ὑπεσχόμεθα,</span> <span class='ocrx_word' id='word_1_512' title='bbox 1119 4010 1245 4064; x_wconf 72' lang='grc' dir='ltr'>οὔτε</span> <span class='ocrx_word' id='word_1_513' title='bbox 1292 4012 1633 4085; x_wconf 87' lang='grc' dir='ltr'>δυσθήρατός</span> <span class='ocrx_word' id='word_1_514' title='bbox 1678 4018 1828 4070; x_wconf 88' lang='grc' dir='ltr'>ἐστιν</span> <span class='ocrx_word' id='word_1_515' title='bbox 1864 4018 1930 4070; x_wconf 88' lang='grc' dir='ltr'><strong>ἐκ</strong></span> 
     </span>
    </p>
   </div>
   <div class='ocr_carea' id='block_1_72' title="bbox 331 4100 1929 4179">
    <p class='ocr_par' dir='ltr' id='par_1_72' title="bbox 331 4100 1929 4179">
     <span class='ocr_line' id='line_1_72' title="bbox 331 4100 1929 4179; baseline 0.005 -23"><span class='ocrx_word' id='word_1_516' title='bbox 331 4102 451 4157; x_wconf 87' lang='grc' dir='ltr'><strong>τῶν</strong></span> <span class='ocrx_word' id='word_1_517' title='bbox 484 4102 920 4173; x_wconf 83' lang='grc' dir='ltr'>προειρημένων,</span> <span class='ocrx_word' id='word_1_518' title='bbox 969 4100 1078 4154; x_wconf 91' lang='grc' dir='ltr'><strong>τῶν</strong></span> <span class='ocrx_word' id='word_1_519' title='bbox 1126 4106 1475 4175; x_wconf 88' lang='grc' dir='ltr'>παρειμένων</span> <span class='ocrx_word' id='word_1_520' title='bbox 1518 4107 1552 4177; x_wconf 77' lang='grc' dir='ltr'><strong>ἡ</strong></span> <span class='ocrx_word' id='word_1_521' title='bbox 1582 4106 1788 4179; x_wconf 86' lang='grc' dir='ltr'>θεωρία</span> <span class='ocrx_word' id='word_1_522' title='bbox 1834 4112 1929 4164; x_wconf 82' lang='grc' dir='ltr'>καὶ</span> 
     </span>
    </p>
   </div>
   <div class='ocr_carea' id='block_1_73' title="bbox 331 4193 1931 4269">
    <p class='ocr_par' dir='ltr' id='par_1_73' title="bbox 331 4193 1931 4269">
     <span class='ocr_line' id='line_1_73' title="bbox 331 4193 1931 4269; baseline 0.006 -21"><span class='ocrx_word' id='word_1_523' title='bbox 331 4193 636 4267; x_wconf 85' lang='grc' dir='ltr'>διάκρισις.</span> <span class='ocrx_word' id='word_1_524' title='bbox 672 4195 779 4248; x_wconf 80' lang='grc' dir='ltr'><strong>Καὶ</strong></span> <span class='ocrx_word' id='word_1_525' title='bbox 804 4195 886 4248; x_wconf 84' lang='grc' dir='ltr'>ὅτι</span> <span class='ocrx_word' id='word_1_526' title='bbox 912 4196 981 4249; x_wconf 74' lang='grc' dir='ltr'>τὰ</span> <span class='ocrx_word' id='word_1_527' title='bbox 1004 4196 1139 4250; x_wconf 79' lang='grc' dir='ltr'>ἄλλα</span> <span class='ocrx_word' id='word_1_528' title='bbox 1171 4198 1268 4267; x_wconf 82' lang='grc' dir='ltr'>οὐχ</span> <span class='ocrx_word' id='word_1_529' title='bbox 1303 4197 1493 4269; x_wconf 88' lang='grc' dir='ltr'>ῶσπερ</span> <span class='ocrx_word' id='word_1_530' title='bbox 1520 4199 1697 4254; x_wconf 90' lang='grc' dir='ltr'>ταῦτα</span> <span class='ocrx_word' id='word_1_531' title='bbox 1734 4204 1931 4256; x_wconf 63' lang='lat' dir='ltr'><strong>smm-</strong></span> 
     </span>
    </p>
   </div>
   <div class='ocr_carea' id='block_1_74' title="bbox 331 4286 1929 4365">
    <p class='ocr_par' dir='ltr' id='par_1_74' title="bbox 331 4286 1929 4365">
     <span class='ocr_line' id='line_1_74' title="bbox 331 4286 1929 4365; baseline 0.005 -23"><span class='ocrx_word' id='word_1_532' title='bbox 331 4288 493 4353; x_wconf 81' lang='grc' dir='ltr'>λάζει</span> <span class='ocrx_word' id='word_1_533' title='bbox 523 4288 620 4341; x_wconf 77' lang='grc' dir='ltr'>καὶ</span> <span class='ocrx_word' id='word_1_534' title='bbox 652 4290 778 4351; x_wconf 81' lang='grc' dir='ltr'>τοὺς</span> <span class='ocrx_word' id='word_1_535' title='bbox 805 4286 1037 4353; x_wconf 80' lang='grc' dir='ltr'>πολλοὺς</span> <span class='ocrx_word' id='word_1_536' title='bbox 1071 4290 1427 4361; x_wconf 89' lang='grc' dir='ltr'>ἐπινέμεται·</span> <span class='ocrx_word' id='word_1_537' title='bbox 1466 4292 1561 4347; x_wconf 70' lang='grc' dir='ltr'>καὶ</span> <span class='ocrx_word' id='word_1_538' title='bbox 1584 4293 1687 4347; x_wconf 84' lang='grc' dir='ltr'><strong>ὅσα</strong></span> <span class='ocrx_word' id='word_1_539' title='bbox 1716 4293 1929 4365; x_wconf 83' lang='grc' dir='ltr'>φθάσας</span> 
     </span>
    </p>
   </div>
   <div class='ocr_carea' id='block_1_75' title="bbox 332 4378 1926 4459">
    <p class='ocr_par' dir='ltr' id='par_1_75' title="bbox 332 4378 1926 4459">
     <span class='ocr_line' id='line_1_75' title="bbox 332 4378 1926 4459; baseline 0.007 -29"><span class='ocrx_word' id='word_1_540' title='bbox 332 4378 501 4441; x_wconf 75' lang='grc' dir='ltr'>αὐτὸς</span> <span class='ocrx_word' id='word_1_541' title='bbox 535 4378 874 4450; x_wconf 82' lang='grc' dir='ltr'>διηπόρησας</span> <span class='ocrx_word' id='word_1_542' title='bbox 915 4379 1059 4433; x_wconf 83' lang='grc' dir='ltr'>κατά</span> <span class='ocrx_word' id='word_1_543' title='bbox 1096 4396 1161 4451; x_wconf 88' lang='grc' dir='ltr'><strong>γε</strong></span> <span class='ocrx_word' id='word_1_544' title='bbox 1190 4382 1291 4452; x_wconf 80' lang='grc' dir='ltr'><strong>τὴν</strong></span> <span class='ocrx_word' id='word_1_545' title='bbox 1306 4410 1309 4421; x_wconf 63' lang='grc' dir='ltr'>ο</span> <span class='ocrx_word' id='word_1_546' title='bbox 1324 4381 1420 4436; x_wconf 89' lang='grc' dir='ltr'><strong>νῦν</strong></span> <span class='ocrx_word' id='word_1_547' title='bbox 1453 4384 1550 4438; x_wconf 78' lang='grc' dir='ltr'>καὶ</span> <span class='ocrx_word' id='word_1_548' title='bbox 1578 4386 1679 4458; x_wconf 80' lang='grc' dir='ltr'>τὴν</span> <span class='ocrx_word' id='word_1_549' title='bbox 1719 4388 1926 4459; x_wconf 89' lang='grc' dir='ltr'>προλα-</span> 
     </span>
    </p>
   </div>
   <div class='ocr_carea' id='block_1_76' title="bbox 2030 3278 3614 3341">
    <p class='ocr_par' dir='ltr' id='par_1_76' title="bbox 2030 3278 3614 3341">
     <span class='ocr_line' id='line_1_76' title="bbox 2030 3278 3614 3341; baseline 0 -8"><span class='ocrx_word' id='word_1_550' title='bbox 2030 3279 2499 3341; x_wconf 89' lang='lat' dir='ltr'><strong>comminiscatur,</strong></span> <span class='ocrx_word' id='word_1_551' title='bbox 2533 3279 2721 3334; x_wconf 90' lang='lat' dir='ltr'><strong>statim</strong></span> <span class='ocrx_word' id='word_1_552' title='bbox 2759 3278 2888 3332; x_wconf 91' lang='lat' dir='ltr'><strong>hinc</strong></span> <span class='ocrx_word' id='word_1_553' title='bbox 2922 3280 3144 3333; x_wconf 84' lang='lat' dir='ltr'><strong>habebit</strong></span> <span class='ocrx_word' id='word_1_554' title='bbox 3175 3289 3367 3334; x_wconf 90' lang='lat' dir='ltr'><strong>contra</strong></span> <span class='ocrx_word' id='word_1_555' title='bbox 3404 3296 3464 3335; x_wconf 86' lang='lat' dir='ltr'><strong>se</strong></span> <span class='ocrx_word' id='word_1_556' title='bbox 3493 3282 3614 3335; x_wconf 88' lang='lat' dir='ltr'><strong>ine-</strong></span> 
     </span>
    </p>
   </div>
   <div class='ocr_carea' id='block_1_77' title="bbox 2029 3369 3614 3427">
    <p class='ocr_par' dir='ltr' id='par_1_77' title="bbox 2029 3369 3614 3427">
     <span class='ocr_line' id='line_1_77' title="bbox 2029 3369 3614 3427; baseline 0.003 -4"><span class='ocrx_word' id='word_1_557' title='bbox 2029 3370 2308 3425; x_wconf 86' lang='lat' dir='ltr'><strong>vitabilem</strong></span> <span class='ocrx_word' id='word_1_558' title='bbox 2349 3370 2761 3427; x_wconf 83' lang='lat' dir='ltr'><strong>refutationem.</strong></span> <span class='ocrx_word' id='word_1_559' title='bbox 2804 3369 2903 3424; x_wconf 89' lang='lat' dir='ltr'><strong>Sin</strong></span> <span class='ocrx_word' id='word_1_560' title='bbox 2963 3385 3095 3425; x_wconf 84' lang='lat' dir='ltr'><strong>vero</strong></span> <span class='ocrx_word' id='word_1_561' title='bbox 3148 3372 3451 3427; x_wconf 88' lang='lat' dir='ltr'><strong>secundum</strong></span> <span class='ocrx_word' id='word_1_562' title='bbox 3507 3373 3614 3427; x_wconf 88' lang='lat' dir='ltr'><strong>ali-</strong></span> 
     </span>
    </p>
   </div>
   <div class='ocr_carea' id='block_1_78' title="bbox 2029 3460 3614 3533">
    <p class='ocr_par' dir='ltr' id='par_1_78' title="bbox 2029 3460 3614 3533">
     <span class='ocr_line' id='line_1_78' title="bbox 2029 3460 3614 3533; baseline 0.001 -18"><span class='ocrx_word' id='word_1_563' title='bbox 2029 3462 2159 3533; x_wconf 92' lang='lat' dir='ltr'><strong>quid</strong></span> <span class='ocrx_word' id='word_1_564' title='bbox 2192 3461 2716 3532; x_wconf 72' lang='lat' dir='ltr'><strong>praetertnissorum,</strong></span> <span class='ocrx_word' id='word_1_565' title='bbox 2761 3461 2903 3516; x_wconf 90' lang='lat' dir='ltr'><strong>baud</strong></span> <span class='ocrx_word' id='word_1_566' title='bbox 2944 3460 3165 3517; x_wconf 75' lang='lat' dir='ltr'><strong>difﬁcile</strong></span> <span class='ocrx_word' id='word_1_567' title='bbox 3199 3462 3306 3517; x_wconf 88' lang='lat' dir='ltr'><strong>erit</strong></span> <span class='ocrx_word' id='word_1_568' title='bbox 3356 3478 3425 3517; x_wconf 77' lang='lat' dir='ltr'><strong>ex</strong></span> <span class='ocrx_word' id='word_1_569' title='bbox 3484 3472 3614 3517; x_wconf 82' lang='lat' dir='ltr'><strong>ante</strong></span> 
     </span>
    </p>
   </div>
   <div class='ocr_carea' id='block_1_79' title="bbox 2030 3550 3615 3626">
    <p class='ocr_par' dir='ltr' id='par_1_79' title="bbox 2030 3550 3615 3626">
     <span class='ocr_line' id='line_1_79' title="bbox 2030 3550 3615 3626; baseline 0.003 -21"><span class='ocrx_word' id='word_1_570' title='bbox 2030 3550 2194 3606; x_wconf 88' lang='lat' dir='ltr'><strong>dictis</strong></span> <span class='ocrx_word' id='word_1_571' title='bbox 2218 3567 2316 3622; x_wconf 89' lang='lat' dir='ltr'><strong>par</strong></span> <span class='ocrx_word' id='word_1_572' title='bbox 2341 3551 2610 3622; x_wconf 83' lang='lat' dir='ltr'><strong>judicium</strong></span> <span class='ocrx_word' id='word_1_573' title='bbox 2641 3551 2710 3606; x_wconf 90' lang='lat' dir='ltr'><strong>de</strong></span> <span class='ocrx_word' id='word_1_574' title='bbox 2740 3568 2798 3606; x_wconf 89' lang='lat' dir='ltr'><strong>re</strong></span> <span class='ocrx_word' id='word_1_575' title='bbox 2833 3554 3093 3623; x_wconf 78' lang='lat' dir='ltr'><strong>praesenti</strong></span> <span class='ocrx_word' id='word_1_576' title='bbox 3124 3569 3405 3618; x_wconf 84' lang='lat' dir='ltr'><strong>exercere.</strong></span> <span class='ocrx_word' id='word_1_577' title='bbox 3448 3566 3615 3626; x_wconf 86' lang='lat' dir='ltr'><strong>atque</strong></span> 
     </span>
    </p>
   </div>
   <div class='ocr_carea' id='block_1_80' title="bbox 2030 3643 3613 3717">
    <p class='ocr_par' dir='ltr' id='par_1_80' title="bbox 2030 3643 3613 3717">
     <span class='ocr_line' id='line_1_80' title="bbox 2030 3643 3613 3717; baseline 0.002 -19"><span class='ocrx_word' id='word_1_578' title='bbox 2030 3643 2334 3699; x_wconf 79' lang='lat' dir='ltr'><strong>imitatores</strong></span> <span class='ocrx_word' id='word_1_579' title='bbox 2357 3644 2473 3713; x_wconf 86' lang='lat' dir='ltr'><strong>pari</strong></span> <span class='ocrx_word' id='word_1_580' title='bbox 2501 3659 2702 3715; x_wconf 84' lang='lat' dir='ltr'><strong>genere</strong></span> <span class='ocrx_word' id='word_1_581' title='bbox 2723 3654 3174 3715; x_wconf 81' lang='lat' dir='ltr'><strong>argumentorum</strong></span> <span class='ocrx_word' id='word_1_582' title='bbox 3202 3646 3470 3714; x_wconf 87' lang='lat' dir='ltr'><strong>refellere,</strong></span> <span class='ocrx_word' id='word_1_583' title='bbox 3500 3662 3613 3717; x_wconf 90' lang='lat' dir='ltr'><strong>quo</strong></span> 
     </span>
    </p>
   </div>
   <div class='ocr_carea' id='block_1_81' title="bbox 2029 3738 3615 3814">
    <p class='ocr_par' dir='ltr' id='par_1_81' title="bbox 2029 3738 3615 3814">
     <span class='ocr_line' id='line_1_81' title="bbox 2029 3738 3615 3814; baseline 0.002 -19"><span class='ocrx_word' id='word_1_584' title='bbox 2029 3741 2348 3810; x_wconf 82' lang='lat' dir='ltr'><strong>superiores</strong></span> <span class='ocrx_word' id='word_1_585' title='bbox 2373 3741 2449 3795; x_wconf 91' lang='lat' dir='ltr'><strong>illi</strong></span> <span class='ocrx_word' id='word_1_586' title='bbox 2478 3742 2903 3812; x_wconf 88' lang='lat' dir='ltr'><strong>vapulaverunt.</strong></span> <span class='ocrx_word' id='word_1_587' title='bbox 2934 3738 3017 3797; x_wconf 91' lang='lat' dir='ltr'><strong>Ob</strong></span> <span class='ocrx_word' id='word_1_588' title='bbox 3039 3742 3182 3797; x_wconf 88' lang='lat' dir='ltr'><strong>hanc</strong></span> <span class='ocrx_word' id='word_1_589' title='bbox 3213 3743 3459 3814; x_wconf 83' lang='lat' dir='ltr'><strong>aliasque</strong></span> <span class='ocrx_word' id='word_1_590' title='bbox 3484 3760 3615 3798; x_wconf 84' lang='lat' dir='ltr'><strong>cau-</strong></span> 
     </span>
    </p>
   </div>
   <div class='ocr_carea' id='block_1_82' title="bbox 2030 3833 3615 3903">
    <p class='ocr_par' dir='ltr' id='par_1_82' title="bbox 2030 3833 3615 3903">
     <span class='ocr_line' id='line_1_82' title="bbox 2030 3833 3615 3903; baseline 0.002 -16"><span class='ocrx_word' id='word_1_591' title='bbox 2030 3848 2123 3888; x_wconf 88' lang='lat' dir='ltr'><strong>sas</strong></span> <span class='ocrx_word' id='word_1_592' title='bbox 2153 3833 2295 3887; x_wconf 89' lang='lat' dir='ltr'><strong>haud</strong></span> <span class='ocrx_word' id='word_1_593' title='bbox 2323 3841 2521 3888; x_wconf 91' lang='lat' dir='ltr'><strong>cuncta</strong></span> <span class='ocrx_word' id='word_1_594' title='bbox 2554 3833 2837 3903; x_wconf 89' lang='lat' dir='ltr'><strong>sigillatim</strong></span> <span class='ocrx_word' id='word_1_595' title='bbox 2865 3833 3033 3888; x_wconf 90' lang='lat' dir='ltr'><strong>dubia</strong></span> <span class='ocrx_word' id='word_1_596' title='bbox 3060 3835 3369 3903; x_wconf 84' lang='lat' dir='ltr'><strong>percenseri</strong></span> <span class='ocrx_word' id='word_1_597' title='bbox 3395 3849 3426 3888; x_wconf 87' lang='lat' dir='ltr'><strong>a</strong></span> <span class='ocrx_word' id='word_1_598' title='bbox 3458 3835 3615 3890; x_wconf 90' lang='lat' dir='ltr'><strong>nobis</strong></span> 
     </span>
    </p>
   </div>
   <div class='ocr_carea' id='block_1_83' title="bbox 2031 3920 3614 3993">
    <p class='ocr_par' dir='ltr' id='par_1_83' title="bbox 2031 3920 3614 3993">
     <span class='ocr_line' id='line_1_83' title="bbox 2031 3920 3614 3993; baseline 0.002 -17"><span class='ocrx_word' id='word_1_599' title='bbox 2031 3936 2260 3976; x_wconf 83' lang='lat' dir='ltr'><strong>necesse</strong></span> <span class='ocrx_word' id='word_1_600' title='bbox 2313 3920 2665 3991; x_wconf 90' lang='lat' dir='ltr'><strong>fuit:neque</strong></span> <span class='ocrx_word' id='word_1_601' title='bbox 2718 3922 2864 3976; x_wconf 89' lang='lat' dir='ltr'><strong>enim</strong></span> <span class='ocrx_word' id='word_1_602' title='bbox 2900 3921 3098 3977; x_wconf 89' lang='lat' dir='ltr'><strong>horum</strong></span> <span class='ocrx_word' id='word_1_603' title='bbox 3152 3923 3459 3993; x_wconf 86' lang='lat' dir='ltr'><strong>catalogum</strong></span> <span class='ocrx_word' id='word_1_604' title='bbox 3523 3940 3614 3979; x_wconf 90' lang='lat' dir='ltr'><strong>co-</strong></span> 
     </span>
    </p>
   </div>
   <div class='ocr_carea' id='block_1_84' title="bbox 2030 4013 3613 4085">
    <p class='ocr_par' dir='ltr' id='par_1_84' title="bbox 2030 4013 3613 4085">
     <span class='ocr_line' id='line_1_84' title="bbox 2030 4013 3613 4085; baseline 0.003 -18"><span class='ocrx_word' id='word_1_605' title='bbox 2030 4028 2291 4068; x_wconf 86' lang='lat' dir='ltr'><strong>acervare</strong></span> <span class='ocrx_word' id='word_1_606' title='bbox 2318 4013 2714 4083; x_wconf 88' lang='lat' dir='ltr'><strong>promisimus;</strong></span> <span class='ocrx_word' id='word_1_607' title='bbox 2750 4029 2929 4083; x_wconf 78' lang='lat' dir='ltr'><strong>neque</strong></span> <span class='ocrx_word' id='word_1_608' title='bbox 2967 4014 3139 4069; x_wconf 87' lang='lat' dir='ltr'><strong>ardua</strong></span> <span class='ocrx_word' id='word_1_609' title='bbox 3170 4022 3274 4080; x_wconf 88' lang='lat' dir='ltr'><strong>est,</strong></span> <span class='ocrx_word' id='word_1_610' title='bbox 3321 4028 3443 4084; x_wconf 83' lang='lat' dir='ltr'><strong>pOSt</strong></span> <span class='ocrx_word' id='word_1_611' title='bbox 3474 4031 3613 4085; x_wconf 70' lang='lat' dir='ltr'><strong>pne-</strong></span> 
     </span>
    </p>
   </div>
   <div class='ocr_carea' id='block_1_85' title="bbox 2030 4104 3614 4176">
    <p class='ocr_par' dir='ltr' id='par_1_85' title="bbox 2030 4104 3614 4176">
     <span class='ocr_line' id='line_1_85' title="bbox 2030 4104 3614 4176; baseline 0.001 -17"><span class='ocrx_word' id='word_1_612' title='bbox 2030 4104 2195 4168; x_wconf 89' lang='lat' dir='ltr'><strong>dicta,</strong></span> <span class='ocrx_word' id='word_1_613' title='bbox 2226 4104 2723 4176; x_wconf 67' lang='lat' dir='ltr'><strong>praetermissornm</strong></span> <span class='ocrx_word' id='word_1_614' title='bbox 2769 4105 3015 4175; x_wconf 84' lang='lat' dir='ltr'><strong>cognitio</strong></span> <span class='ocrx_word' id='word_1_615' title='bbox 3038 4114 3095 4160; x_wconf 91' lang='lat' dir='ltr'><strong>et</strong></span> <span class='ocrx_word' id='word_1_616' title='bbox 3117 4106 3380 4163; x_wconf 89' lang='lat' dir='ltr'><strong>discretio</strong></span> <span class='ocrx_word' id='word_1_617' title='bbox 3421 4125 3434 4161; x_wconf 92' lang='lat'><strong>:</strong></span> <span class='ocrx_word' id='word_1_618' title='bbox 3473 4122 3614 4175; x_wconf 63' lang='lat' dir='ltr'><strong>pric-</strong></span> 
     </span>
    </p>
   </div>
   <div class='ocr_carea' id='block_1_86' title="bbox 2031 4200 3612 4271">
    <p class='ocr_par' dir='ltr' id='par_1_86' title="bbox 2031 4200 3612 4271">
     <span class='ocr_line' id='line_1_86' title="bbox 2031 4200 3612 4271; baseline 0.001 -17"><span class='ocrx_word' id='word_1_619' title='bbox 2031 4200 2221 4254; x_wconf 90' lang='lat' dir='ltr'><strong>sertim</strong></span> <span class='ocrx_word' id='word_1_620' title='bbox 2252 4200 2379 4270; x_wconf 87' lang='lat' dir='ltr'><strong>quia</strong></span> <span class='ocrx_word' id='word_1_621' title='bbox 2410 4209 2606 4254; x_wconf 73' lang='lat' dir='ltr'><strong>caetera</strong></span> <span class='ocrx_word' id='word_1_622' title='bbox 2646 4214 2755 4254; x_wconf 90' lang='lat' dir='ltr'><strong>non</strong></span> <span class='ocrx_word' id='word_1_623' title='bbox 2803 4208 2939 4265; x_wconf 91' lang='lat' dir='ltr'><strong>tam,</strong></span> <span class='ocrx_word' id='word_1_624' title='bbox 3004 4210 3063 4254; x_wconf 89' lang='lat' dir='ltr'><strong>ut</strong></span> <span class='ocrx_word' id='word_1_625' title='bbox 3113 4201 3251 4266; x_wconf 63' lang='lat' dir='ltr'><strong>haec,</strong></span> <span class='ocrx_word' id='word_1_626' title='bbox 3303 4200 3612 4271; x_wconf 85' lang='lat' dir='ltr'><strong>frequentia</strong></span> 
     </span>
    </p>
   </div>
   <div class='ocr_carea' id='block_1_87' title="bbox 2031 4292 3614 4365">
    <p class='ocr_par' dir='ltr' id='par_1_87' title="bbox 2031 4292 3614 4365">
     <span class='ocr_line' id='line_1_87' title="bbox 2031 4292 3614 4365; baseline 0.003 -20"><span class='ocrx_word' id='word_1_627' title='bbox 2031 4299 2181 4356; x_wconf 89' lang='lat' dir='ltr'><strong>sunt,</strong></span> <span class='ocrx_word' id='word_1_628' title='bbox 2210 4306 2387 4362; x_wconf 87' lang='lat' dir='ltr'><strong>neque</strong></span> <span class='ocrx_word' id='word_1_629' title='bbox 2433 4300 2547 4346; x_wconf 90' lang='lat' dir='ltr'><strong>tam</strong></span> <span class='ocrx_word' id='word_1_630' title='bbox 2594 4292 2799 4347; x_wconf 92' lang='lat' dir='ltr'><strong>multos</strong></span> <span class='ocrx_word' id='word_1_631' title='bbox 2850 4302 3142 4362; x_wconf 89' lang='lat' dir='ltr'><strong>occupant.</strong></span> <span class='ocrx_word' id='word_1_632' title='bbox 3188 4293 3360 4365; x_wconf 85' lang='lat' dir='ltr'><strong>Igitur</strong></span> <span class='ocrx_word' id='word_1_633' title='bbox 3392 4296 3503 4355; x_wconf 82' lang='lat' dir='ltr'><strong>illa.</strong></span> <span class='ocrx_word' id='word_1_634' title='bbox 3548 4296 3614 4349; x_wconf 87' lang='lat' dir='ltr'><strong>dc</strong></span> 
     </span>
    </p>
   </div>
   <div class='ocr_carea' id='block_1_88' title="bbox 2030 4384 3613 4455">
    <p class='ocr_par' dir='ltr' id='par_1_88' title="bbox 2030 4384 3613 4455">
     <span class='ocr_line' id='line_1_88' title="bbox 2030 4384 3613 4455; baseline 0.002 -17"><span class='ocrx_word' id='word_1_635' title='bbox 2030 4384 2234 4455; x_wconf 82' lang='lat' dir='ltr'><strong>quibus</strong></span> <span class='ocrx_word' id='word_1_636' title='bbox 2296 4400 2472 4455; x_wconf 88' lang='lat' dir='ltr'><strong>nuper</strong></span> <span class='ocrx_word' id='word_1_637' title='bbox 2520 4385 2861 4454; x_wconf 87' lang='lat' dir='ltr'><strong>ambigebas,</strong></span> <span class='ocrx_word' id='word_1_638' title='bbox 2916 4387 3221 4440; x_wconf 90' lang='lat' dir='ltr'><strong>secundum</strong></span> <span class='ocrx_word' id='word_1_639' title='bbox 3290 4397 3613 4454; x_wconf 75' lang='lat' dir='ltr'><strong>praesentem</strong></span> 
     </span>
    </p>
   </div>
   <div class='ocr_carea' id='block_1_89' title="bbox 330 4468 1926 4557">
    <p class='ocr_par' dir='ltr' id='par_1_89' title="bbox 330 4468 1926 4552">
     <span class='ocr_line' id='line_1_89' title="bbox 330 4468 1926 4552; baseline 0.004 -29"><span class='ocrx_word' id='word_1_640' title='bbox 330 4468 542 4523; x_wconf 88' lang='grc' dir='ltr'>ϐοῦσαν</span> <span class='ocrx_word' id='word_1_641' title='bbox 596 4468 847 4535; x_wconf 82' lang='grc' dir='ltr'>ἀξίωσιν,</span> <span class='ocrx_word' id='word_1_642' title='bbox 882 4471 1174 4543; x_wconf 79' lang='grc' dir='ltr'>αὐτάρκως</span> <span class='ocrx_word' id='word_1_643' title='bbox 1211 4474 1275 4528; x_wconf 79' lang='grc' dir='ltr'><strong>τὸ</strong></span> <span class='ocrx_word' id='word_1_644' title='bbox 1324 4475 1495 4546; x_wconf 80' lang='grc' dir='ltr'>σαφὲς</span> <span class='ocrx_word' id='word_1_645' title='bbox 1543 4478 1639 4531; x_wconf 77' lang='grc' dir='ltr'>καὶ</span> <span class='ocrx_word' id='word_1_646' title='bbox 1686 4477 1785 4552; x_wconf 83' lang='grc' dir='ltr'>τὴν</span> <span class='ocrx_word' id='word_1_647' title='bbox 1828 4481 1926 4552; x_wconf 79' lang='grc' dir='ltr'><strong>τῆς</strong></span> 
     </span>
    </p>
   </div>
   <div class='ocr_carea' id='block_1_90' title="bbox 2027 4468 3613 4557">
    <p class='ocr_par' dir='ltr' id='par_1_90' title="bbox 2034 4476 3613 4550">
     <span class='ocr_line' id='line_1_90' title="bbox 2034 4476 3613 4550; baseline 0.001 -19"><span class='ocrx_word' id='word_1_648' title='bbox 2034 4477 2381 4546; x_wconf 86' lang='lat' dir='ltr'><strong>prioremque</strong></span> <span class='ocrx_word' id='word_1_649' title='bbox 2408 4476 2860 4546; x_wconf 89' lang='lat' dir='ltr'><strong>postulationem,</strong></span> <span class='ocrx_word' id='word_1_650' title='bbox 2910 4478 3049 4532; x_wconf 89' lang='lat' dir='ltr'><strong>satis</strong></span> <span class='ocrx_word' id='word_1_651' title='bbox 3091 4476 3440 4534; x_wconf 89' lang='lat' dir='ltr'><strong>manifestam</strong></span> <span class='ocrx_word' id='word_1_652' title='bbox 3487 4495 3613 4550; x_wconf 87' lang='lat' dir='ltr'><strong>per-</strong></span> 
     </span>
    </p>
   </div>
   <div class='ocr_carea' id='block_1_91' title="bbox 333 4561 1082 4634">
    <p class='ocr_par' dir='ltr' id='par_1_91' title="bbox 333 4561 1082 4634">
     <span class='ocr_line' id='line_1_91' title="bbox 333 4561 1082 4634; baseline 0.004 -18"><span class='ocrx_word' id='word_1_653' title='bbox 333 4562 578 4633; x_wconf 80' lang='grc' dir='ltr'>ἀπορίας</span> <span class='ocrx_word' id='word_1_654' title='bbox 608 4561 766 4615; x_wconf 83' lang='grc' dir='ltr'>λύσιν</span> <span class='ocrx_word' id='word_1_655' title='bbox 798 4563 1082 4634; x_wconf 85' lang='grc' dir='ltr'>εἰλήφασι.</span> 
     </span>
    </p>
   </div>
   <div class='ocr_carea' id='block_1_92' title="bbox 410 4652 1930 4725">
    <p class='ocr_par' dir='ltr' id='par_1_92' title="bbox 410 4652 1930 4725">
     <span class='ocr_line' id='line_1_92' title="bbox 410 4652 1930 4725; baseline 0.007 -21"><span class='ocrx_word' id='word_1_656' title='bbox 410 4652 522 4718; x_wconf 83' lang='grc' dir='ltr'>λς’.</span> <span class='ocrx_word' id='word_1_657' title='bbox 555 4653 705 4723; x_wconf 75' lang='grc' dir='ltr'>Πλὴν</span> <span class='ocrx_word' id='word_1_658' title='bbox 744 4653 798 4706; x_wconf 82' lang='grc' dir='ltr'>ετ</span> <span class='ocrx_word' id='word_1_659' title='bbox 828 4653 913 4716; x_wconf 85' lang='grc' dir='ltr'><strong>τίς</strong></span> <span class='ocrx_word' id='word_1_660' title='bbox 942 4671 1007 4723; x_wconf 84' lang='grc' dir='ltr'><strong>γε</strong></span> <span class='ocrx_word' id='word_1_661' title='bbox 1039 4655 1135 4708; x_wconf 77' lang='grc' dir='ltr'>καὶ</span> <span class='ocrx_word' id='word_1_662' title='bbox 1159 4654 1320 4710; x_wconf 86' lang='grc' dir='ltr'>τοῦτο</span> <span class='ocrx_word' id='word_1_663' title='bbox 1349 4656 1460 4711; x_wconf 87' lang='grc' dir='ltr'><strong>τῶν</strong></span> <span class='ocrx_word' id='word_1_664' title='bbox 1488 4657 1930 4725; x_wconf 81' lang='grc' dir='ltr'>ἐπιπολαζόντων</span> 
     </span>
    </p>
   </div>
   <div class='ocr_carea' id='block_1_93' title="bbox 334 4746 1927 4821">
    <p class='ocr_par' dir='ltr' id='par_1_93' title="bbox 334 4746 1927 4821">
     <span class='ocr_line' id='line_1_93' title="bbox 334 4746 1927 4821; baseline 0.006 -21"><span class='ocrx_word' id='word_1_665' title='bbox 334 4746 463 4817; x_wconf 82' lang='grc' dir='ltr'>θείη</span> <span class='ocrx_word' id='word_1_666' title='bbox 484 4746 623 4818; x_wconf 74' lang='grc' dir='ltr'>(ἔστι</span> <span class='ocrx_word' id='word_1_667' title='bbox 654 4746 765 4817; x_wconf 74' lang='grc' dir='ltr'>γὰρ</span> <span class='ocrx_word' id='word_1_668' title='bbox 783 4750 894 4810; x_wconf 83' lang='grc' dir='ltr'>τοῖς</span> <span class='ocrx_word' id='word_1_669' title='bbox 932 4765 990 4800; x_wconf 91' lang='grc' dir='ltr'><strong>τε</strong></span> <span class='ocrx_word' id='word_1_670' title='bbox 1009 4747 1192 4813; x_wconf 79' lang='grc' dir='ltr'>ἄλλοις</span> <span class='ocrx_word' id='word_1_671' title='bbox 1214 4750 1513 4821; x_wconf 86' lang='grc' dir='ltr'>αἰρετικοῖς</span> <span class='ocrx_word' id='word_1_672' title='bbox 1530 4753 1624 4806; x_wconf 65' lang='grc' dir='ltr'><strong>καλ⁸</strong></span> <span class='ocrx_word' id='word_1_673' title='bbox 1637 4756 1753 4818; x_wconf 86' lang='grc' dir='ltr'>τοῖς</span> <span class='ocrx_word' id='word_1_674' title='bbox 1781 4756 1927 4809; x_wconf 83' lang='grc' dir='ltr'>εἰκο-</span> 
     </span>
    </p>
   </div>
   <div class='ocr_carea' id='block_1_94' title="bbox 339 4838 1931 4917">
    <p class='ocr_par' dir='ltr' id='par_1_94' title="bbox 339 4838 1931 4917">
     <span class='ocr_line' id='line_1_94' title="bbox 339 4838 1931 4917; baseline 0.006 -26"><span class='ocrx_word' id='word_1_675' title='bbox 339 4840 609 4909; x_wconf 84' lang='grc' dir='ltr'>νομάχοις</span> <span class='ocrx_word' id='word_1_676' title='bbox 649 4838 797 4908; x_wconf 83' lang='grc' dir='ltr'>μέγα</span> <span class='ocrx_word' id='word_1_677' title='bbox 851 4839 1193 4910; x_wconf 85' lang='grc' dir='ltr'>κσταφύγιον</span> <span class='ocrx_word' id='word_1_678' title='bbox 1218 4857 1233 4873; x_wconf 77' lang='grc'><strong><em>⁸</em></strong></span> <span class='ocrx_word' id='word_1_679' title='bbox 1272 4842 1563 4898; x_wconf 82' lang='grc' dir='ltr'>καθολικδν</span> <span class='ocrx_word' id='word_1_680' title='bbox 1601 4845 1710 4917; x_wconf 80' lang='grc' dir='ltr'><strong>γὰρ</strong></span> <span class='ocrx_word' id='word_1_681' title='bbox 1761 4846 1931 4902; x_wconf 84' lang='grc' dir='ltr'>τύπον</span> 
     </span>
    </p>
   </div>
   <div class='ocr_carea' id='block_1_95' title="bbox 335 4929 1931 5011">
    <p class='ocr_par' dir='ltr' id='par_1_95' title="bbox 335 4929 1931 5011">
     <span class='ocr_line' id='line_1_95' title="bbox 335 4929 1931 5011; baseline 0.006 -28"><span class='ocrx_word' id='word_1_682' title='bbox 335 4929 607 4993; x_wconf 84' lang='grc' dir='ltr'>πολλάκις</span> <span class='ocrx_word' id='word_1_683' title='bbox 640 4930 675 5001; x_wconf 72' lang='grc' dir='ltr'>ἡ</span> <span class='ocrx_word' id='word_1_684' title='bbox 714 4930 837 5001; x_wconf 76' lang='grc' dir='ltr'><strong>ίερά</strong></span> <span class='ocrx_word' id='word_1_685' title='bbox 878 4930 1033 5002; x_wconf 79' lang='grc' dir='ltr'>φωνὴ</span> <span class='ocrx_word' id='word_1_686' title='bbox 1074 4932 1508 5003; x_wconf 78' lang='grc' dir='ltr'>σχηματίζουσα,</span> <span class='ocrx_word' id='word_1_687' title='bbox 1539 4935 1600 4989; x_wconf 85' lang='grc' dir='ltr'><strong>οὐ</strong></span> <span class='ocrx_word' id='word_1_688' title='bbox 1634 4935 1931 5011; x_wconf 83' lang='grc' dir='ltr'>καθολικὴν</span> 
     </span>
    </p>
   </div>
   <div class='ocr_carea' id='block_1_96' title="bbox 335 5018 1929 5099">
    <p class='ocr_par' dir='ltr' id='par_1_96' title="bbox 335 5018 1929 5099">
     <span class='ocr_line' id='line_1_96' title="bbox 335 5018 1929 5099; baseline 0.007 -26"><span class='ocrx_word' id='word_1_689' title='bbox 335 5022 571 5073; x_wconf 85' lang='grc' dir='ltr'>ἀπαιτεῖ</span> <span class='ocrx_word' id='word_1_690' title='bbox 591 5018 692 5091; x_wconf 79' lang='grc' dir='ltr'>τὴν</span> <span class='ocrx_word' id='word_1_691' title='bbox 714 5019 921 5074; x_wconf 85' lang='grc' dir='ltr'>ἐννοιαν</span> <span class='ocrx_word' id='word_1_692' title='bbox 952 5020 1418 5092; x_wconf 85' lang='grc' dir='ltr'>ἐκλαμϐάνεσθαι,</span> <span class='ocrx_word' id='word_1_693' title='bbox 1448 5026 1526 5089; x_wconf 88' lang='grc' dir='ltr'><strong>εἰς</strong></span> <span class='ocrx_word' id='word_1_694' title='bbox 1555 5025 1839 5099; x_wconf 82' lang='grc' dir='ltr'>ὡρισμένα</span> <span class='ocrx_word' id='word_1_695' title='bbox 1871 5030 1929 5084; x_wconf 87' lang='grc' dir='ltr'><strong>δέ</strong></span> 
     </span>
    </p>
   </div>
   <div class='ocr_carea' id='block_1_97' title="bbox 336 5113 1932 5194">
    <p class='ocr_par' dir='ltr' id='par_1_97' title="bbox 336 5113 1932 5194">
     <span class='ocr_line' id='line_1_97' title="bbox 336 5113 1932 5194; baseline 0.007 -29"><span class='ocrx_word' id='word_1_696' title='bbox 336 5128 467 5166; x_wconf 87' lang='grc' dir='ltr'>τινα</span> <span class='ocrx_word' id='word_1_697' title='bbox 494 5113 589 5166; x_wconf 75' lang='grc' dir='ltr'>καὶ</span> <span class='ocrx_word' id='word_1_698' title='bbox 618 5113 1032 5185; x_wconf 85' lang='grc' dir='ltr'>προειλημμένα</span> <span class='ocrx_word' id='word_1_699' title='bbox 1060 5116 1371 5183; x_wconf 86' lang='grc' dir='ltr'>συνάγουσα</span> <span class='ocrx_word' id='word_1_700' title='bbox 1402 5116 1498 5189; x_wconf 81' lang='grc' dir='ltr'>τὴν</span> <span class='ocrx_word' id='word_1_701' title='bbox 1528 5118 1802 5192; x_wconf 80' lang='grc' dir='ltr'>διήγησιν,</span> <span class='ocrx_word' id='word_1_702' title='bbox 1837 5140 1932 5194; x_wconf 79' lang='grc' dir='ltr'><strong>με·</strong></span> 
     </span>
    </p>
   </div>
   <div class='ocr_carea' id='block_1_98' title="bbox 340 5204 1929 5281">
    <p class='ocr_par' dir='ltr' id='par_1_98' title="bbox 340 5204 1929 5281">
     <span class='ocr_line' id='line_1_98' title="bbox 340 5204 1929 5281; baseline 0.008 -25"><span class='ocrx_word' id='word_1_703' title='bbox 340 5205 507 5278; x_wconf 81' lang='grc' dir='ltr'>ρικὴν</span> <span class='ocrx_word' id='word_1_704' title='bbox 540 5204 873 5258; x_wconf 70' lang='grc' dir='ltr'>ἐνδείκνυται</span> <span class='ocrx_word' id='word_1_705' title='bbox 906 5204 1004 5277; x_wconf 75' lang='grc' dir='ltr'>τὴν</span> <span class='ocrx_word' id='word_1_706' title='bbox 1036 5206 1359 5276; x_wconf 82' lang='grc' dir='ltr'>ἀπόφασιν),</span> <span class='ocrx_word' id='word_1_707' title='bbox 1393 5207 1637 5263; x_wconf 89' lang='grc' dir='ltr'>τοιοῦτόν</span> <span class='ocrx_word' id='word_1_708' title='bbox 1683 5215 1801 5267; x_wconf 87' lang='grc' dir='ltr'>ἐστι</span> <span class='ocrx_word' id='word_1_709' title='bbox 1845 5214 1929 5281; x_wconf 80' lang='grc' dir='ltr'><strong>τὸ,</strong></span> 
     </span>
    </p>
   </div>
   <div class='ocr_carea' id='block_1_99' title="bbox 346 5292 1932 5380">
    <p class='ocr_par' dir='ltr' id='par_1_99' title="bbox 346 5292 1932 5380">
     <span class='ocr_line' id='line_1_99' title="bbox 346 5292 1932 5380; baseline 0.007 -31"><span class='ocrx_word' id='word_1_710' title='bbox 346 5316 366 5349; x_wconf 73' lang='grc' dir='ltr'>ι</span> <span class='ocrx_word' id='word_1_711' title='bbox 398 5296 610 5359; x_wconf 83' lang='grc' dir='ltr'>Πάντες</span> <span class='ocrx_word' id='word_1_712' title='bbox 641 5295 757 5348; x_wconf 81' lang='grc' dir='ltr'>ὅσοι</span> <span class='ocrx_word' id='word_1_713' title='bbox 782 5296 890 5367; x_wconf 86' lang='grc' dir='ltr'><strong>πρὸ</strong></span> <span class='ocrx_word' id='word_1_714' title='bbox 920 5296 1055 5367; x_wconf 88' lang='grc' dir='ltr'>ἐμοῦ</span> <span class='ocrx_word' id='word_1_715' title='bbox 1083 5292 1271 5369; x_wconf 77' lang='grc' dir='ltr'>ἦλθον,</span> <span class='ocrx_word' id='word_1_716' title='bbox 1300 5298 1532 5356; x_wconf 84' lang='grc' dir='ltr'>κλέπται</span> <span class='ocrx_word' id='word_1_717' title='bbox 1566 5303 1673 5359; x_wconf 78' lang='grc' dir='ltr'>εἰσὶ</span> <span class='ocrx_word' id='word_1_718' title='bbox 1703 5306 1799 5359; x_wconf 75' lang='grc' dir='ltr'>καὶ</span> <span class='ocrx_word' id='word_1_719' title='bbox 1833 5306 1932 5380; x_wconf 79' lang='grc' dir='ltr'><strong>λῃ-</strong></span> 
     </span>
    </p>
   </div>
   <div class='ocr_carea' id='block_1_100' title="bbox 338 5386 1932 5470">
    <p class='ocr_par' dir='ltr' id='par_1_100' title="bbox 338 5386 1932 5470">
     <span class='ocr_line' id='line_1_100' title="bbox 338 5386 1932 5470; baseline 0.009 -31"><span class='ocrx_word' id='word_1_720' title='bbox 338 5386 489 5440; x_wconf 88' lang='grc' dir='ltr'>σταί.</span> <span class='ocrx_word' id='word_1_721' title='bbox 528 5405 546 5439; x_wconf 72' lang='grc' dir='ltr'>ι</span> <span class='ocrx_word' id='word_1_722' title='bbox 590 5386 984 5442; x_wconf 81' lang='grc' dir='ltr'>’Υποϐἀλλουσι</span> <span class='ocrx_word' id='word_1_723' title='bbox 1024 5391 1134 5460; x_wconf 85' lang='grc' dir='ltr'><strong>γάρ</strong></span> <span class='ocrx_word' id='word_1_724' title='bbox 1179 5391 1258 5462; x_wconf 82' lang='grc' dir='ltr'>τῷ</span> <span class='ocrx_word' id='word_1_725' title='bbox 1296 5391 1571 5465; x_wconf 84' lang='grc' dir='ltr'>καθολικῷ</span> <span class='ocrx_word' id='word_1_726' title='bbox 1618 5398 1932 5470; x_wconf 83' lang='grc' dir='ltr'>χαρακτῆρι</span> 
     </span>
    </p>
   </div>
   <div class='ocr_carea' id='block_1_101' title="bbox 334 5481 1933 5564">
    <p class='ocr_par' dir='ltr' id='par_1_101' title="bbox 334 5481 1933 5564">
     <span class='ocr_line' id='line_1_101' title="bbox 334 5481 1933 5564; baseline 0.009 -31"><span class='ocrx_word' id='word_1_727' title='bbox 334 5481 445 5551; x_wconf 81' lang='grc' dir='ltr'><strong>τῆς</strong></span> <span class='ocrx_word' id='word_1_728' title='bbox 475 5482 662 5551; x_wconf 85' lang='grc' dir='ltr'>φωνῆς</span> <span class='ocrx_word' id='word_1_729' title='bbox 695 5482 746 5535; x_wconf 88' lang='grc' dir='ltr'><strong>οἰ</strong></span> <span class='ocrx_word' id='word_1_730' title='bbox 785 5482 893 5536; x_wconf 81' lang='grc' dir='ltr'><strong>ἀπὸ</strong></span> <span class='ocrx_word' id='word_1_731' title='bbox 917 5484 1247 5555; x_wconf 85' lang='grc' dir='ltr'>Μαρκίωνος</span> <span class='ocrx_word' id='word_1_732' title='bbox 1275 5487 1494 5559; x_wconf 78' lang='grc' dir='ltr'>καὶτῆς</span> <span class='ocrx_word' id='word_1_733' title='bbox 1523 5491 1765 5559; x_wconf 87' lang='grc' dir='ltr'>γείτονος</span> <span class='ocrx_word' id='word_1_734' title='bbox 1791 5510 1933 5564; x_wconf 83' lang='grc' dir='ltr'>φρα-</span> 
     </span>
    </p>
   </div>
   <div class='ocr_carea' id='block_1_102' title="bbox 334 5574 1933 5659">
    <p class='ocr_par' dir='ltr' id='par_1_102' title="bbox 334 5574 1933 5659">
     <span class='ocr_line' id='line_1_102' title="bbox 334 5574 1933 5659; baseline 0.006 -30"><span class='ocrx_word' id='word_1_735' title='bbox 334 5574 523 5647; x_wconf 85' lang='grc' dir='ltr'>τρίας,</span> <span class='ocrx_word' id='word_1_736' title='bbox 559 5575 762 5628; x_wconf 81' lang='grc' dir='ltr'>Μωσέα</span> <span class='ocrx_word' id='word_1_737' title='bbox 795 5593 854 5629; x_wconf 91' lang='grc' dir='ltr'><strong>τε</strong></span> <span class='ocrx_word' id='word_1_738' title='bbox 893 5577 988 5631; x_wconf 75' lang='grc' dir='ltr'><strong>καὶ</strong></span> <span class='ocrx_word' id='word_1_739' title='bbox 1023 5580 1152 5643; x_wconf 82' lang='grc' dir='ltr'>τοὺς</span> <span class='ocrx_word' id='word_1_740' title='bbox 1180 5579 1375 5645; x_wconf 78' lang='grc' dir='ltr'>ἄλλους</span> <span class='ocrx_word' id='word_1_741' title='bbox 1414 5583 1508 5637; x_wconf 88' lang='grc' dir='ltr'><strong>τοῦ</strong></span> <span class='ocrx_word' id='word_1_742' title='bbox 1542 5585 1677 5637; x_wconf 84' lang='grc' dir='ltr'>Θεοῦ</span> <span class='ocrx_word' id='word_1_743' title='bbox 1719 5587 1933 5659; x_wconf 80' lang='grc' dir='ltr'>προφή-</span> 
     </span>
    </p>
   </div>
   <div class='ocr_carea' id='block_1_103' title="bbox 334 5665 1932 5751">
    <p class='ocr_par' dir='ltr' id='par_1_103' title="bbox 334 5665 1932 5751">
     <span class='ocr_line' id='line_1_103' title="bbox 334 5665 1932 5751; baseline 0.006 -30"><span class='ocrx_word' id='word_1_744' title='bbox 334 5684 467 5732; x_wconf 90' lang='grc' dir='ltr'>τας,</span> <span class='ocrx_word' id='word_1_745' title='bbox 503 5665 603 5739; x_wconf 77' lang='grc' dir='ltr'><strong>τὴν</strong></span> <span class='ocrx_word' id='word_1_746' title='bbox 636 5668 883 5723; x_wconf 83' lang='grc' dir='ltr'>Παλαιὰν</span> <span class='ocrx_word' id='word_1_747' title='bbox 914 5670 1193 5744; x_wconf 82' lang='grc' dir='ltr'>Διαθήκην</span> <span class='ocrx_word' id='word_1_748' title='bbox 1231 5674 1504 5742; x_wconf 73' lang='grc' dir='ltr'>συσκευῂν</span> <span class='ocrx_word' id='word_1_749' title='bbox 1547 5671 1688 5731; x_wconf 77' lang='grc' dir='ltr'>εἶναι</span> <span class='ocrx_word' id='word_1_750' title='bbox 1726 5677 1932 5751; x_wconf 81' lang='grc' dir='ltr'>δυσφη-</span> 
     </span>
    </p>
   </div>
   <div class='ocr_carea' id='block_1_104' title="bbox 408 5823 829 5895">
    <p class='ocr_par' dir='ltr' id='par_1_104' title="bbox 408 5823 829 5895">
     <span class='ocr_line' id='line_1_104' title="bbox 408 5823 829 5895; baseline 0.007 -15"><span class='ocrx_word' id='word_1_751' title='bbox 408 5825 457 5858; x_wconf 85' lang='grc'><strong>⁷¹</strong></span> <span class='ocrx_word' id='word_1_752' title='bbox 492 5823 651 5881; x_wconf 66' lang='lat' dir='ltr'><strong>Joan.</strong></span> <span class='ocrx_word' id='word_1_753' title='bbox 684 5843 737 5895; x_wconf 72' lang='grc' dir='ltr'>ι,</span> <span class='ocrx_word' id='word_1_754' title='bbox 775 5828 829 5883; x_wconf 85' lang='grc'>8.</span> 
     </span>
    </p>
   </div>
   <div class='ocr_carea' id='block_1_105' title="bbox 2031 4568 3298 4638">
    <p class='ocr_par' dir='ltr' id='par_1_105' title="bbox 2031 4568 3298 4638">
     <span class='ocr_line' id='line_1_105' title="bbox 2031 4568 3298 4638; baseline 0.003 -17"><span class='ocrx_word' id='word_1_755' title='bbox 2031 4568 2306 4638; x_wconf 81' lang='lat' dir='ltr'><strong>plexitatis</strong></span> <span class='ocrx_word' id='word_1_756' title='bbox 2336 4583 2447 4623; x_wconf 78' lang='lat' dir='ltr'><strong>suae</strong></span> <span class='ocrx_word' id='word_1_757' title='bbox 2477 4568 2809 4623; x_wconf 89' lang='lat' dir='ltr'><strong>solutionem</strong></span> <span class='ocrx_word' id='word_1_758' title='bbox 2846 4571 3298 4638; x_wconf 86' lang='lat' dir='ltr'><strong>impetraverunt.</strong></span> 
     </span>
    </p>
   </div>
   <div class='ocr_carea' id='block_1_106' title="bbox 2103 4646 3615 4734">
    <p class='ocr_par' dir='ltr' id='par_1_106' title="bbox 2103 4646 3615 4734">
     <span class='ocr_line' id='line_1_106' title="bbox 2103 4646 3615 4734; baseline 0.004 -21"><span class='ocrx_word' id='word_1_759' title='bbox 2103 4658 2191 4713; x_wconf 79' lang='lat'><strong>56.</strong></span> <span class='ocrx_word' id='word_1_760' title='bbox 2224 4656 2368 4725; x_wconf 84' lang='lat' dir='ltr'><strong>Quid</strong></span> <span class='ocrx_word' id='word_1_761' title='bbox 2400 4674 2568 4730; x_wconf 87' lang='lat' dir='ltr'><strong>porro</strong></span> <span class='ocrx_word' id='word_1_762' title='bbox 2592 4659 2637 4714; x_wconf 88' lang='lat' dir='ltr'><strong>si</strong></span> <span class='ocrx_word' id='word_1_763' title='bbox 2674 4659 2800 4729; x_wconf 87' lang='lat' dir='ltr'><strong>quis</strong></span> <span class='ocrx_word' id='word_1_764' title='bbox 2850 4660 2992 4715; x_wconf 87' lang='lat' dir='ltr'><strong>hanc</strong></span> <span class='ocrx_word' id='word_1_765' title='bbox 3033 4646 3196 4715; x_wconf 81' lang='lat' dir='ltr'><strong>etiam</strong></span> <span class='ocrx_word' id='word_1_766' title='bbox 3231 4676 3263 4717; x_wconf 89' lang='lat' dir='ltr'><strong>e</strong></span> <span class='ocrx_word' id='word_1_767' title='bbox 3298 4663 3615 4734; x_wconf 83' lang='lat' dir='ltr'><strong>vulgaribus</strong></span> 
     </span>
    </p>
   </div>
   <div class='ocr_carea' id='block_1_107' title="bbox 2030 4751 3611 4823">
    <p class='ocr_par' dir='ltr' id='par_1_107' title="bbox 2030 4751 3611 4823">
     <span class='ocr_line' id='line_1_107' title="bbox 2030 4751 3611 4823; baseline 0.003 -17"><span class='ocrx_word' id='word_1_768' title='bbox 2030 4752 2432 4822; x_wconf 67' lang='lat' dir='ltr'><strong>quaestionibus</strong></span> <span class='ocrx_word' id='word_1_769' title='bbox 2465 4751 2732 4821; x_wconf 83' lang='lat' dir='ltr'><strong>poneret?</strong></span> <span class='ocrx_word' id='word_1_770' title='bbox 2764 4770 2889 4823; x_wconf 71' lang='lat' dir='ltr'><strong>quae</strong></span> <span class='ocrx_word' id='word_1_771' title='bbox 2922 4755 3143 4823; x_wconf 87' lang='lat' dir='ltr'><strong>quidem</strong></span> <span class='ocrx_word' id='word_1_772' title='bbox 3180 4764 3295 4809; x_wconf 89' lang='lat' dir='ltr'><strong>tum</strong></span> <span class='ocrx_word' id='word_1_773' title='bbox 3337 4757 3459 4811; x_wconf 85' lang='lat' dir='ltr'><strong>aliis</strong></span> <span class='ocrx_word' id='word_1_774' title='bbox 3502 4756 3611 4811; x_wconf 66' lang='lat' dir='ltr'><strong>ba:-</strong></span> 
     </span>
    </p>
   </div>
   <div class='ocr_carea' id='block_1_108' title="bbox 2030 4845 3612 4919">
    <p class='ocr_par' dir='ltr' id='par_1_108' title="bbox 2030 4845 3612 4919">
     <span class='ocr_line' id='line_1_108' title="bbox 2030 4845 3612 4919; baseline 0.003 -20"><span class='ocrx_word' id='word_1_775' title='bbox 2030 4845 2216 4900; x_wconf 87' lang='lat' dir='ltr'><strong>reticis</strong></span> <span class='ocrx_word' id='word_1_776' title='bbox 2238 4853 2353 4900; x_wconf 92' lang='lat' dir='ltr'><strong>tum</strong></span> <span class='ocrx_word' id='word_1_777' title='bbox 2380 4845 2681 4917; x_wconf 82' lang='lat' dir='ltr'><strong>imaginum</strong></span> <span class='ocrx_word' id='word_1_778' title='bbox 2705 4847 3182 4919; x_wconf 89' lang='lat' dir='ltr'><strong>oppugnatoribus</strong></span> <span class='ocrx_word' id='word_1_779' title='bbox 3210 4863 3463 4918; x_wconf 80' lang='lat' dir='ltr'><strong>magnum</strong></span> <span class='ocrx_word' id='word_1_780' title='bbox 3492 4864 3612 4919; x_wconf 80' lang='lat' dir='ltr'><strong>per-</strong></span> 
     </span>
    </p>
   </div>
   <div class='ocr_carea' id='block_1_109' title="bbox 2033 4937 3607 5011">
    <p class='ocr_par' dir='ltr' id='par_1_109' title="bbox 2033 4937 3607 5011">
     <span class='ocr_line' id='line_1_109' title="bbox 2033 4937 3607 5011; baseline 0.003 -20"><span class='ocrx_word' id='word_1_781' title='bbox 2033 4938 2241 5009; x_wconf 89' lang='lat' dir='ltr'><strong>fngium</strong></span> <span class='ocrx_word' id='word_1_782' title='bbox 2266 4949 2373 4994; x_wconf 89' lang='lat' dir='ltr'><strong>est.</strong></span> <span class='ocrx_word' id='word_1_783' title='bbox 2397 4937 2674 4995; x_wconf 87' lang='lat' dir='ltr'><strong>Nimirum</strong></span> <span class='ocrx_word' id='word_1_784' title='bbox 2703 4941 3071 4997; x_wconf 79' lang='lat' dir='ltr'><strong>universalezn</strong></span> <span class='ocrx_word' id='word_1_785' title='bbox 3100 4956 3479 5011; x_wconf 66' lang='lat' dir='ltr'><strong>saepenumero</strong></span> <span class='ocrx_word' id='word_1_786' title='bbox 3506 4941 3607 4996; x_wconf 83' lang='lat' dir='ltr'><strong>for-</strong></span> 
     </span>
    </p>
   </div>
   <div class='ocr_carea' id='block_1_110' title="bbox 2033 5030 3611 5103">
    <p class='ocr_par' dir='ltr' id='par_1_110' title="bbox 2033 5030 3611 5103">
     <span class='ocr_line' id='line_1_110' title="bbox 2033 5030 3611 5103; baseline 0.002 -19"><span class='ocrx_word' id='word_1_787' title='bbox 2033 5045 2177 5084; x_wconf 85' lang='lat' dir='ltr'><strong>mam</strong></span> <span class='ocrx_word' id='word_1_788' title='bbox 2217 5046 2390 5086; x_wconf 72' lang='lat' dir='ltr'><strong>sacra:</strong></span> <span class='ocrx_word' id='word_1_789' title='bbox 2435 5030 2657 5087; x_wconf 74' lang='lat' dir='ltr'><strong>Littera:</strong></span> <span class='ocrx_word' id='word_1_790' title='bbox 2704 5032 3022 5103; x_wconf 83' lang='lat' dir='ltr'><strong>figurantes,</strong></span> <span class='ocrx_word' id='word_1_791' title='bbox 3067 5032 3218 5087; x_wconf 85' lang='lat' dir='ltr'><strong>haud</strong></span> <span class='ocrx_word' id='word_1_792' title='bbox 3249 5033 3611 5088; x_wconf 80' lang='lat' dir='ltr'><strong>universalem</strong></span> 
     </span>
    </p>
   </div>
   <div class='ocr_carea' id='block_1_111' title="bbox 2032 5124 3617 5195">
    <p class='ocr_par' dir='ltr' id='par_1_111' title="bbox 2032 5124 3617 5195">
     <span class='ocr_line' id='line_1_111' title="bbox 2032 5124 3617 5195; baseline 0.002 -17"><span class='ocrx_word' id='word_1_793' title='bbox 2032 5124 2357 5178; x_wconf 86' lang='lat' dir='ltr'><strong>sententiam</strong></span> <span class='ocrx_word' id='word_1_794' title='bbox 2385 5124 2489 5179; x_wconf 90' lang='lat' dir='ltr'><strong>sibi</strong></span> <span class='ocrx_word' id='word_1_795' title='bbox 2517 5125 2683 5179; x_wconf 85' lang='lat' dir='ltr'><strong>tribui</strong></span> <span class='ocrx_word' id='word_1_796' title='bbox 2706 5125 3019 5195; x_wconf 80' lang='lat' dir='ltr'><strong>postulant;</strong></span> <span class='ocrx_word' id='word_1_797' title='bbox 3053 5126 3147 5180; x_wconf 92' lang='lat' dir='ltr'><strong>sed</strong></span> <span class='ocrx_word' id='word_1_798' title='bbox 3176 5125 3320 5180; x_wconf 82' lang='lat' dir='ltr'><strong>intra</strong></span> <span class='ocrx_word' id='word_1_799' title='bbox 3350 5125 3617 5181; x_wconf 70' lang='lat' dir='ltr'><strong>terminos</strong></span> 
     </span>
    </p>
   </div>
   <div class='ocr_carea' id='block_1_112' title="bbox 2032 5216 3611 5290">
    <p class='ocr_par' dir='ltr' id='par_1_112' title="bbox 2032 5216 3611 5290">
     <span class='ocr_line' id='line_1_112' title="bbox 2032 5216 3611 5290; baseline 0.001 -20"><span class='ocrx_word' id='word_1_800' title='bbox 2032 5216 2324 5287; x_wconf 87' lang='lat' dir='ltr'><strong>quosdam,</strong></span> <span class='ocrx_word' id='word_1_801' title='bbox 2356 5217 2449 5287; x_wconf 91' lang='lat' dir='ltr'><strong>qui</strong></span> <span class='ocrx_word' id='word_1_802' title='bbox 2492 5218 2606 5289; x_wconf 84' lang='lat' dir='ltr'><strong>jam</strong></span> <span class='ocrx_word' id='word_1_803' title='bbox 2641 5219 2962 5290; x_wconf 63' lang='lat' dir='ltr'><strong>prmaumpti</strong></span> <span class='ocrx_word' id='word_1_804' title='bbox 3010 5218 3254 5285; x_wconf 89' lang='lat' dir='ltr'><strong>fuerunt,</strong></span> <span class='ocrx_word' id='word_1_805' title='bbox 3303 5219 3611 5273; x_wconf 74' lang='lat' dir='ltr'><strong>orationem</strong></span> 
     </span>
    </p>
   </div>
   <div class='ocr_carea' id='block_1_113' title="bbox 2028 5312 3613 5383">
    <p class='ocr_par' dir='ltr' id='par_1_113' title="bbox 2028 5312 3613 5383">
     <span class='ocr_line' id='line_1_113' title="bbox 2028 5312 3613 5383; baseline 0.001 -18"><span class='ocrx_word' id='word_1_806' title='bbox 2028 5324 2189 5365; x_wconf 87' lang='lat' dir='ltr'><strong>suam</strong></span> <span class='ocrx_word' id='word_1_807' title='bbox 2227 5320 2595 5379; x_wconf 84' lang='lat' dir='ltr'><strong>coarctantes,</strong></span> <span class='ocrx_word' id='word_1_808' title='bbox 2643 5313 2959 5383; x_wconf 81' lang='lat' dir='ltr'><strong>partiariam</strong></span> <span class='ocrx_word' id='word_1_809' title='bbox 3016 5313 3248 5368; x_wconf 72' lang='lat' dir='ltr'><strong>efferunt</strong></span> <span class='ocrx_word' id='word_1_810' title='bbox 3300 5312 3613 5367; x_wconf 84' lang='lat' dir='ltr'><strong>allirmatio-</strong></span> 
     </span>
    </p>
   </div>
   <div class='ocr_carea' id='block_1_114' title="bbox 2034 5400 3610 5477">
    <p class='ocr_par' dir='ltr' id='par_1_114' title="bbox 2034 5400 3610 5477">
     <span class='ocr_line' id='line_1_114' title="bbox 2034 5400 3610 5477; baseline 0.004 -22"><span class='ocrx_word' id='word_1_811' title='bbox 2034 5416 2179 5455; x_wconf 92' lang='lat' dir='ltr'><strong>nem.</strong></span> <span class='ocrx_word' id='word_1_812' title='bbox 2212 5400 2533 5473; x_wconf 72' lang='lat' dir='ltr'><strong>Hnjusmotli</strong></span> <span class='ocrx_word' id='word_1_813' title='bbox 2568 5414 2653 5459; x_wconf 91' lang='lat' dir='ltr'><strong>est</strong></span> <span class='ocrx_word' id='word_1_814' title='bbox 2686 5422 2701 5459; x_wconf 73' lang='grc' dir='ltr'><strong>ι</strong></span> <span class='ocrx_word' id='word_1_815' title='bbox 2733 5423 2752 5457; x_wconf 86' lang='grc' dir='ltr'>ι</span> <span class='ocrx_word' id='word_1_816' title='bbox 2786 5405 2989 5461; x_wconf 89' lang='lat' dir='ltr'><strong>Omnes</strong></span> <span class='ocrx_word' id='word_1_817' title='bbox 3037 5415 3310 5477; x_wconf 88' lang='lat' dir='ltr'><strong>quotquot</strong></span> <span class='ocrx_word' id='word_1_818' title='bbox 3360 5414 3488 5459; x_wconf 87' lang='lat' dir='ltr'><strong>ante</strong></span> <span class='ocrx_word' id='word_1_819' title='bbox 3527 5421 3610 5461; x_wconf 82' lang='lat' dir='ltr'><strong>me</strong></span> 
     </span>
    </p>
   </div>
   <div class='ocr_carea' id='block_1_115' title="bbox 2035 5492 3609 5566">
    <p class='ocr_par' dir='ltr' id='par_1_115' title="bbox 2035 5492 3609 5566">
     <span class='ocr_line' id='line_1_115' title="bbox 2035 5492 3609 5566; baseline 0.004 -23"><span class='ocrx_word' id='word_1_820' title='bbox 2035 5502 2320 5557; x_wconf 81' lang='lat' dir='ltr'><strong>venerunt,</strong></span> <span class='ocrx_word' id='word_1_821' title='bbox 2354 5492 2504 5549; x_wconf 82' lang='lat' dir='ltr'><strong>fures</strong></span> <span class='ocrx_word' id='word_1_822' title='bbox 2556 5494 2909 5565; x_wconf 89' lang='lat' dir='ltr'><strong>latronesque</strong></span> <span class='ocrx_word' id='word_1_823' title='bbox 2934 5493 3088 5550; x_wconf 85' lang='lat' dir='ltr'><strong>fuere</strong></span> <span class='ocrx_word' id='word_1_824' title='bbox 3112 5496 3181 5549; x_wconf 73' lang='grc' dir='ltr'>τί.</span> <span class='ocrx_word' id='word_1_825' title='bbox 3223 5513 3243 5547; x_wconf 69' lang='grc' dir='ltr'><strong>ι</strong></span> <span class='ocrx_word' id='word_1_826' title='bbox 3279 5494 3332 5549; x_wconf 92' lang='lat' dir='ltr'><strong>In</strong></span> <span class='ocrx_word' id='word_1_827' title='bbox 3377 5497 3478 5550; x_wconf 91' lang='lat' dir='ltr'><strong>hoc</strong></span> <span class='ocrx_word' id='word_1_828' title='bbox 3517 5509 3609 5566; x_wconf 83' lang='lat' dir='ltr'><strong>ge-</strong></span> 
     </span>
    </p>
   </div>
   <div class='ocr_carea' id='block_1_116' title="bbox 2034 5581 3610 5652">
    <p class='ocr_par' dir='ltr' id='par_1_116' title="bbox 2034 5581 3610 5652">
     <span class='ocr_line' id='line_1_116' title="bbox 2034 5581 3610 5652; baseline 0.002 -16"><span class='ocrx_word' id='word_1_829' title='bbox 2034 5581 2205 5636; x_wconf 89' lang='lat' dir='ltr'><strong>nerali</strong></span> <span class='ocrx_word' id='word_1_830' title='bbox 2236 5583 2497 5638; x_wconf 90' lang='lat' dir='ltr'><strong>dictionis</strong></span> <span class='ocrx_word' id='word_1_831' title='bbox 2527 5584 2845 5639; x_wconf 89' lang='lat' dir='ltr'><strong>charactere</strong></span> <span class='ocrx_word' id='word_1_832' title='bbox 2881 5586 3220 5639; x_wconf 91' lang='lat' dir='ltr'><strong>concludunt</strong></span> <span class='ocrx_word' id='word_1_833' title='bbox 3253 5584 3610 5652; x_wconf 71' lang='lat' dir='ltr'><strong>Marcionitrc,</strong></span> 
     </span>
    </p>
   </div>
   <div class='ocr_carea' id='block_1_117' title="bbox 2032 5675 3609 5750">
    <p class='ocr_par' dir='ltr' id='par_1_117' title="bbox 2032 5675 3609 5750">
     <span class='ocr_line' id='line_1_117' title="bbox 2032 5675 3609 5750; baseline 0.002 -19"><span class='ocrx_word' id='word_1_834' title='bbox 2032 5684 2087 5731; x_wconf 89' lang='lat' dir='ltr'><strong>et</strong></span> <span class='ocrx_word' id='word_1_835' title='bbox 2108 5675 2359 5748; x_wconf 82' lang='lat' dir='ltr'><strong>proxima</strong></span> <span class='ocrx_word' id='word_1_836' title='bbox 2384 5685 2560 5745; x_wconf 83' lang='lat' dir='ltr'><strong>secta,</strong></span> <span class='ocrx_word' id='word_1_837' title='bbox 2599 5676 2789 5734; x_wconf 80' lang='lat' dir='ltr'><strong>Mosen</strong></span> <span class='ocrx_word' id='word_1_838' title='bbox 2833 5677 3012 5749; x_wconf 87' lang='lat' dir='ltr'><strong>ipsum</strong></span> <span class='ocrx_word' id='word_1_839' title='bbox 3054 5676 3300 5750; x_wconf 86' lang='lat' dir='ltr'><strong>aliosque</strong></span> <span class='ocrx_word' id='word_1_840' title='bbox 3348 5676 3443 5733; x_wconf 89' lang='lat' dir='ltr'><strong>Dei</strong></span> <span class='ocrx_word' id='word_1_841' title='bbox 3484 5693 3609 5749; x_wconf 78' lang='lat' dir='ltr'><strong>pro-</strong></span> 
     </span>
    </p>
   </div>
  </div>
