4134 6444
521 305 593 368 95
1588 308 1591 311 ’
1692 294 1957 357 ΡῘΙΟΤΙΙ
1992 294 2127 356 ΡΑΤ

2231 292 2504 355 ARCIUE
2539 293 2650 354 (ΣΡ.
3755 295 3838 359 υε

526 416 722 487 phetas
763 428 778 469 :
819 418 984 483 atque
1010 410 1083 465 ita
1124 408 1292 465 Vetus
1319 408 1736 464 Testamentum
1787 407 1916 463 mali
1964 406 2111 478 genii

2231 404 2449 473 aouws;
2471 403 2568 458 τοῦ
2601 400 2849 475 Πονηροῦ
2872 419 2884 433 ·
2916 403 3097 457 καίτοι
3130 420 3195 473 γε
3232 403 3295 458 οὐ
3320 406 3445 459 κατ’
3473 404 3729 472 ἐκείνων,
3751 407 3836 470 ὡς

522 508 730 564 malum
778 521 919 577 opus
953 519 1076 561 esse
1120 503 1555 559 calumniantur.
1614 501 1782 572 Atqui
1835 515 1901 557 ea
1948 500 2114 556 verba

524 613 637 653 non
661 597 926 652 adversus
958 596 1058 649 hos
1091 602 1313 650 constat
1348 610 1474 649 esse
1508 594 1740 664 prolata,
1781 592 1875 648 sed
1925 600 2116 648 contra

526 690 652 746 illos
676 690 770 760 qui
799 689 964 760 paqu
1006 696 1135 745 ante
1188 688 1406 744 Domini
1448 688 1747 743 adventum
1795 687 2118 758 deceptores

523 793 590 839 et'
619 782 765 854 plani
802 782 1159 839 exstiterunt.
1188 780 1321 835 Nam
1352 781 1397 836 si
1433 781 1561 851 quis
1620 780 1877 851 opinetur
1922 788 2116 834 contra

524 879 807 933 daemonas
863 878 1011 932 hanc
1056 876 1261 946 jactam
1302 891 1426 930 esse
1478 874 1817 929 Dominicam
1883 872 2120 927 locutio-

525 984 675 1031 nem,
729 968 946 1022 etiamsi
999 966 1052 1021 id
1104 968 1171 1021 ad
1232 967 1564 1037 sacrilegum
1624 964 1837 1020 nullum
1888 962 2122 1034 impellit

524 1078 782 1129 sensum;
820 1071 875 1117 et
915 1062 960 1117 si
984 1077 1141 1132 aeque
1171 1061 1479 1132 praesumit,
1533 1058 1681 1116 haud
1727 1074 1947 1129 semper
1998 1057 2122 1112 uui-

525 1152 737 1207 versale
761 1151 1017 1207 dictionis
1053 1150 1279 1205 schema
1322 1150 1634 1220 generalem
1663 1149 1769 1205 sibi
1790 1150 2119 1204 sententiam

524 1244 844 1311 vindicare;
879 1244 1242 1299 nihilominus
1281 1243 1620 1313 exquisitior
1670 1242 1972 1308 subtilitas,
2026 1256 2123 1296 ne-

520 1352 637 1407 que
669 1337 808 1392 satis
837 1336 1159 1407 evangelica
1184 1328 1382 1392 sensui
1434 1351 1771 1406 congruens,
1818 1334 2119 1391 secundum

525 1427 662 1485 huic
685 1430 930 1499 opinioni
957 1437 1079 1498 post
1102 1430 1419 1497 pra-dictam
1463 1428 1613 1482 illam
1662 1428 1847 1482 locum
1884 1428 2002 1482 dat.
2034 1426 2123 1482 ln-

531 1524 691 1579 terim
730 1533 913 1578 tamen
943 1538 1151 1579 vesana
1183 1532 1237 1578 et
1278 1524 1549 1594 sacrilega
1584 1522 1828 1578 hostium
1880 1522 1975 1578 Dei
2025 1538 2125 1576 au-

528 1617 709 1683 dacia,
747 1618 877 1672 dum
930 1616 1126 1673 forma
1166 1618 1499 1673 universalis
1548 1617 1805 1673 dictionis
1854 1618 2123 1683 adhreret,

528 1708 756 1765 sceleris
785 1709 869 1765 sui
902 1717 1152 1764 tutamen
1188 1708 1243 1763 in
1278 1707 1584 1765 Dominicis
1607 1708 1787 1765 elfatis
1831 1709 2037 1765 habere
2065 1725 2126 1765 se

529 1808 712 1869 putat.

601 1892 691 1947 57.
728 1891 865 1948 lllud
900 1906 1123 1962 quoque
1149 1891 1331 1948 simile
1356 1900 1441 1947 est
1494 1911 1513 1944 ι
1550 1892 1750 1949 Omnia
1804 1909 1899 1964 per
1940 1894 2121 1965 ipsum

531 1983 675 2040 facta
707 1994 833 2041 sunt
874 2003 889 2040 :
930 2004 949 2037 ι
978 1986 1125 2053 quod
1159 2000 1315 2055 aeque
1344 1987 1522 2041 sancti
1558 1986 1798 2058 Spiritus
1831 2002 2123 2059 Oppugna-

531 2077 750 2132 toribus
798 2087 1187 2147 argumentum
1236 2076 1456 2133 errandi
1506 2087 1611 2135 est.
1667 2079 1806 2134 Dum
1859 2082 2007 2134 enim
2055 2081 2126 2135 ob

531 2169 847 2225 universale
884 2169 1145 2225 dictionis
1172 2185 1367 2239 genus,
1401 2173 1817 2228 sanctissimum
1853 2173 2125 2245 Spiritum

527 2278 563 2318 a
609 2275 993 2319 creaturarum
1042 2264 1397 2319 universitate
1442 2282 1550 2320 non
1606 2277 1888 2337 separant,
1945 2268 2126 2337 ipsum

530 2354 935 2422 blasphemant.
975 2353 1243 2410 Sescenta
1268 2357 1373 2410 alia
1414 2372 1587 2413 sacrm
1633 2357 1856 2415 Litterae
1902 2361 2129 2416 univer-

527 2447 630 2502 sali
662 2447 944 2503 schemate
978 2446 1235 2514 eﬂ‘erunt,
1268 2451 1472 2519 quibus
1527 2460 1712 2506 tamen
1755 2453 1977 2508 nonnisi
2004 2468 2130 2523 par-

530 2540 752 2594 tiarium
785 2540 1149 2611 significatum
1194 2542 1466 2600 tribuunt.
1529 2543 1715 2599 Veluti
1767 2561 1782 2598 :
1829 2563 1849 2597 ι
1896 2543 2130 2601 Vanitas

530 2632 864 2696 vanitatum,
910 2642 966 2687 et
1004 2635 1192 2688 omnia
1243 2636 1459 2691 vanitas
1490 2636 1539 2668 "
1576 2653 1590 2691 :
1628 2655 1647 2690 ι
1684 2652 1864 2707 neque
1921 2638 2131 2695 idcirco

529 2734 629 2778 aut
663 2726 839 2780 virtus
873 2734 967 2779 aut
996 2725 1261 2795 sapientia
1288 2736 1385 2781 aut
1413 2727 1607 2800 religio
1642 2729 1696 2783 in
1735 2745 1999 2785 ranarum
2027 2746 2131 2785 nu-

532 2833 690 2871 mero
726 2832 911 2871 rerum
953 2827 1104 2873 sunt.
1149 2818 1290 2873 Tum
1338 2819 1470 2875 illud
1509 2839 1522 2875 :
1560 2840 1579 2873 ι
1644 2821 1847 2877 Omnes
1892 2823 2133 2877 declina-

534 2918 752 2977 verunt,
792 2910 957 2965 simul
985 2910 1209 2967 inutiles
1240 2911 1371 2967 facti
1399 2923 1531 2968 sunt
1554 2914 1633 2982 ⁷³;
1677 2934 1695 2967 ι
1732 2929 1912 2986 neque
1944 2924 2129 2970 tamen

532 3000 809 3069 ejusmodi
837 3012 995 3056 erant
1024 3003 1060 3057 ii
1096 3019 1240 3073 quos
1271 3003 1420 3060 Deus
1466 3006 1520 3059 in
1583 3006 1819 3078 singulis
1879 3008 2132 3063 aetatibus

532 3095 792 3150 vitiorum
856 3105 911 3150 et
954 3097 1267 3151 tla'tnonunt
1313 3107 1370 3152 et
1421 3106 1781 3169 tyrannorum
1834 3098 1964 3155 fecit
2008 3114 2133 3156 esse

2216 498 2401 567 δῆλον,
2431 497 2663 569 ἐρρήθη,
2698 496 2814 550 ἀλλ’
2839 495 2933 559 οὓς
2960 501 2989 551 ὁ
3021 496 3206 568 μικρῷ
3235 498 3479 570 πρόσθεν
3499 499 3695 569 χῴνος
3725 498 3839 567 τῆς

2218 593 2564 664 Δεσποτικῆς
2598 592 2933 665 παρουσίας,
2958 592 3289 658 ἀπατεῶνας
3316 594 3414 647 καὶ
3444 593 3689 656 πλάνους
3717 596 3835 647 ἁπ-

2220 685 2417 752 ίδειξε.
2450 686 2526 741 Τὸ
2578 686 2688 756 γὰρ
2721 686 2802 750 εἰς
2850 686 2978 748 τοὺς
3026 684 3290 755 δαίμονας
3334 685 3675 756 ὑπειλῆφθαι
3727 686 3837 753 τὴν

2222 779 2560 849 Δεσποτικὴν
2592 779 2801 849 ταύτην
2828 778 3170 849 ἁπερρίφθαι
3207 780 3413 847 φωνὴν,
3447 779 3555 831 κᾶν
3584 780 3669 841 είς
3698 778 3840 831 ἀσε-

2228 868 2495 939 ϐημάτων
2528 870 2630 923 οὐκ
2660 869 2727 924 ἂν
2770 870 2881 940 ἥκῃ
2934 868 3220 939 λογισμὸν,
3250 866 3352 921 κᾶν
3400 868 3607 938 ὁμοίως
3653 871 3836 940 φρονῇ

2225 960 2301 1031 μὴ
2334 961 2566 1016 πάντοτε
2592 961 2653 1015 τδ
2682 960 2971 1016 καθολικδν
3002 960 3191 1031 σχῆμα
3227 961 3327 1031 τῆς
3348 962 3535 1031 φωνῆς
3561 961 3657 1013 καὶ
3692 960 3799 1014 καθ
3816 989 3838 999 -

2221 1054 2410 1125 ολικὴν
2454 1055 2666 1109 ἔννοιαν
2711 1056 2986 1116 ἀπαιτεῖν,
3020 1053 3139 1108 ἀλλ’
3182 1049 3276 1107 οὖν
3304 1054 3367 1107 τὸ
3402 1055 3841 1124 περιεργότερον

2224 1149 2319 1203 καί
2361 1146 2439 1219 μὴ
2468 1149 2569 1218 τῆς
2594 1148 2961 1219 εύαγγελικῆς
2993 1146 3304 1218 βουλήσεως
3333 1148 3464 1218 περὶ
3496 1147 3637 1199 πόδα
3660 1140 3838 1209 εἶναι,

2222 1241 2484 1314 δευτέραν
2507 1240 2655 1311 αύτῷ
2678 1240 2863 1295 δίδωσι
2886 1239 2983 1294 τοῦ
3010 1241 3419 1313 προειρημένου
3446 1240 3601 1306 τάξιν
3620 1240 3837 1295 λαεεῖν⁶

2225 1335 2368 1406 πλήν
2393 1352 2458 1404 γε
2485 1334 2548 1388 τὸ
2572 1334 2834 1389 ἀσύνετον
2865 1334 2960 1388 καὶ
2983 1333 3248 1396 δυσσεϐὲς
3273 1333 3382 1386 τῶν
3409 1332 3837 1405 θεομαχοῦντων

2225 1426 2427 1500 θράσος
2458 1426 2537 1497 τῷ
2569 1426 2729 1499 τύπῳ
2770 1430 2873 1499 τῆς
2906 1426 3202 1495 καθώικῆς
3240 1426 3681 1496 προσανέχοντες
3716 1443 3832 1494 (pm.

2226 1517 2346 1587 νῆς,
2377 1516 2480 1587 τῆς
2503 1518 2711 1582 οἰκείας
2738 1518 3063 1583 δυσσεϐείας
3091 1515 3448 1588 ἀναχώρησιν
3477 1517 3545 1570 τὰ
3569 1518 3840 1587 Κυριακὰ

2226 1610 2511 1679 νομίζουσι
2542 1610 2723 1681 λόγια.

2297 1874 2396 1941 λζ’.
2427 1874 2657 1945 Ὀμοιόν
2694 1875 2811 1929 ἔστι
2845 1875 2943 1930 καὶ
2976 1876 3058 1943 τδ,
3101 1896 3120 1929 ι
3160 1876 3352 1931 Πάντα
3392 1876 3462 1931 δι’
3490 1878 3659 1931 αὺτοῦ
3707 1878 3838 1945 ὲγέο

2226 1986 2379 2023 νετο’
2420 1988 2440 2021 ι
2491 1970 2589 2023 καί¹
2638 1969 2842 2038 ὁμοίως
2880 1972 2994 2032 τοῖς
3032 1971 3529 2041 Πνευματομάχοις
3583 1971 3822 2041 ὄργανον

2225 2063 2326 2133 τῆς
2362 2061 2573 2132 πλάνης
2612 2060 3002 2116 ὑποϐάλλεται.
3036 2060 3159 2116 Τῶν
3196 2062 3417 2115 πάντων
3446 2062 3557 2132 γὰρ
3597 2064 3659 2115 τὸ
3690 2080 3833 2116 παν-

2226 2158 2383 2228 ἅγιον
2406 2156 2631 2228 Πνεῦμα
2653 2156 2745 2211 διὰ
2764 2157 2827 2211 τὸ
2855 2156 3086 2213 καθόλου
3112 2158 3209 2228 τῆς
3238 2160 3427 2229 φωνῆς
3453 2159 3556 2212 ούκ
3582 2159 3837 2229 ἐξαιρού-

2232 2271 2385 2326 μενοι
2416 2252 2524 2307 τῶν
2553 2252 2880 2321 γεγονότων,
2920 2251 3017 2305 καὶ
3046 2251 3181 2305 αὐτὸ
3204 2252 3684 2324 δεδυσφημήκασι.
3719 2253 3837 2306 Καὶ

2232 2347 2403 2418 μυρία
2454 2346 2499 2399 δ’
2544 2345 2683 2399 ἄλλα
2729 2345 2781 2397 οἰ
2834 2344 2975 2416 ἰεροὶ
3013 2344 3179 2413 Λόγοι
3205 2345 3287 2408 εἰς
3321 2344 3384 2398 τὸ
3414 2344 3539 2399 καθ’
3560 2344 3686 2399 ὅλου
3729 2344 3837 2415 μὲν

2233 2438 2657 2511 σχηματίζουσι,
2692 2436 3078 2508 μερικωτέραν
3105 2436 3162 2490 δὲ
3200 2435 3486 2491 ποιοῦνται
3519 2438 3621 2507 τὴν
3650 2436 3836 2508 δήλω.

2233 2551 2318 2586 σιν
2336 2548 2351 2564 ο
2381 2531 2458 2596 ὡς
2488 2531 2572 2584 τό·
2602 2548 2621 2581 ι
2652 2529 2974 2601 Ματαιότης
3001 2530 3401 2601 ματαιοτήτων,
3429 2530 3497 2583 τὰ
3514 2530 3693 2584 πάντα
3722 2547 3837 2601 μα-

2228 2624 2454 2694 ταιότης
2478 2639 2492 2654 ·
2528 2642 2548 2676 ι
2591 2622 2711 2676 οὐδὲ
2740 2621 2850 2694 γὰρ
2869 2621 2977 2676 οὐδ’
3011 2624 3046 2693 η
3080 2621 3251 2695 ἀρετὴ
3275 2622 3387 2675 τῶν
3417 2622 3687 2692 ματαίων,
3719 2622 3835 2674 οὐδ’

2234 2717 2267 2787 ἡ
2305 2714 2492 2783 σοφία,
2520 2714 2631 2767 οὐδ’
2668 2714 2700 2783 ή
2742 2712 3021 2766 εὐσέϐεια.
3061 2714 3191 2776 Καὶ,
3230 2730 3250 2764 ι
3278 2712 3489 2776 Πάντες
3522 2713 3831 2780 ἐξέκλιναν,

2233 2806 2353 2874 ἅμα
2375 2802 2785 2875 ὴχρειώθησαν·
2816 2822 2834 2855 ι
2868 2802 2992 2857 οὐδὲ
3016 2803 3124 2875 γὰρ
3149 2802 3260 2857 οὐδ’
3283 2805 3333 2857 οἰ
3364 2804 3519 2876 παρὰ
3538 2804 3674 2857 Θεοῦ
3705 2801 3834 2857 καθ’

2233 2903 2475 2971 ἑκάστην
2527 2903 2723 2969 γενεὰν
2763 2900 2860 2954 καὶ
2886 2899 3083 2969 γενεὰν
3113 2899 3259 2954 κατὰ
3291 2899 3482 2953 παθῶν
3515 2900 3608 2953 καὶ
3637 2898 3835 2967 δαιμό-

2234 3012 2342 3048 νων
2368 2994 2464 3047 καὶ
2484 2993 2766 3062 τυράννων
2790 2995 3110 3063 στεφανϊται
3134 2990 3478 3063 δεικνύμενοι
3500 3008 3515 3023 ο
3543 2992 3636 3045 καὶ
3657 2990 3833 3045 πολλά

2233 3089 2371 3145 ἄλλα
2403 3088 2631 3143 τοιαῦτα
2665 3089 2757 3142 ἐπὶ
2786 3087 2983 3160 σχολῆς
3007 3087 3072 3142 ἄν
3104 3104 3189 3152 τις
3221 3087 3559 3159 θεωρήσειεν
3585 3102 3603 3119 °
3640 3087 3835 3159 ἀρκεῖν

533 3188 796 3244 victores.
834 3187 1001 3243 Multa
1033 3189 1348 3259 ltujusmodi
1384 3190 1511 3246 licet
1554 3193 1755 3263 cuique
1810 3208 1907 3264 per
1955 3193 2127 3249 Otium

2234 3185 2282 3239 δ’
2302 3180 2458 3255 οἶμαι
2480 3184 2576 3238 καὶ⁵
2602 3184 2673 3238 τὰ
2710 3183 3176 3255 παρατεθειμὲνα.
3206 3184 3320 3253 Τῆς
3347 3183 3454 3254 γὰρ
3484 3185 3833 3252 εἰκονομαχι-

528 3282 831 3337 observare
866 3299 879 3337 :
914 3299 1231 3353 quanquam
1263 3283 1399 3339 mihi
1447 3284 1714 3341 hactenus
1744 3286 1893 3341 dicta
1934 3286 2136 3342 viden-

530 3386 624 3431 tur
660 3376 929 3431 sulﬁcere.
962 3375 1124 3431 Certe
1151 3384 1208 3431 et
1230 3374 1475 3432 furorem
1508 3378 1950 3448 oppugnantium
1995 3378 2135 3434 itna-

527 3471 713 3540 gines,
748 3469 842 3539 qui
874 3469 1042 3524 simili
1073 3470 1284 3525 malitia
1326 3472 1665 3541 vesaniaque
1707 3471 1961 3525 laborant
2006 3485 2133 3525 cum

530 3564 661 3617 aliis
682 3562 851 3617 fatuis
870 3563 1121 3631 ejusdem
1149 3573 1314 3618 sectae
1333 3564 1615 3629 versutiis,
1640 3564 1905 3635 peculiari
1928 3566 2135 3635 scripto

529 3654 952 3710 debellaviiuus.
975 3654 1211 3726 Jamque
1240 3656 1378 3711 adeo
1408 3658 1555 3725 quod
1589 3658 1776 3713 multa;
1806 3659 2135 3729 quaestiones

531 3763 796 3807 sermone
825 3749 1032 3820 praevio
1054 3757 1271 3819 egeant,
1313 3758 1370 3805 et
1401 3752 1549 3821 quod
1598 3760 1706 3807 tua:
1760 3752 2135 3810 dubitationes

532 3840 609 3895 ab
643 3840 1051 3911 antiquioribus
1083 3843 1291 3898 sanctis
1321 3843 1478 3909 viris,
1514 3853 1682 3915 atque
1706 3860 1737 3901 a
1768 3861 1880 3912 me,
1900 3846 2135 3902 ducibus

538 3933 669 3998 illis,
704 3935 987 4006 dissipatae
1016 3934 1244 4001 fuerint,
1290 3946 1346 3991 et
1387 3937 1533 4007 quod
1585 3938 1859 4009 plurimas
1910 3955 2133 4008 causas,

538 4026 685 4079 unde
711 4024 844 4079 oriri
873 4027 1269 4081 controversiae
1305 4027 1502 4092 solent,
1546 4028 1977 4099 percensuerim,
2012 4045 2133 4086 ser-

535 4130 631 4169 mo
668 4131 829 4171 meus
860 4117 1132 4173 hactenus
1171 4119 1592 4175 demonstravit.
1628 4117 1822 4176 Utrum
1854 4137 1985 4176 νει-ο
2022 4136 2137 4176 om-

540 4204 631 4256 nia
661 4217 920 4260 accurate
947 4207 1495 4276 comprehenderim,
1534 4223 1729 4274 necne,
1764 4209 1912 4265 haud
1941 4207 2137 4264 Hercle

535 4293 923 4350 aﬂirmaverim
960 4314 973 4350 :
1005 4298 1304 4367 caeteroqui
1328 4298 1477 4370 quod
1500 4315 1608 4354 non
1659 4301 1920 4371 pauciora
1945 4311 2135 4372 postu-

539 4385 666 4440 latis
697 4386 752 4440 in
782 4386 1022 4441 medium
1054 4387 1377 4455 tulerim,id
1415 4390 1462 4444 si
1485 4389 1626 4445 forte
1659 4390 1948 4457 afﬁrmem,
1974 4407 2136 4448 nemo

535 4492 647 4542 nte,
682 4477 873 4549 judice
903 4480 1153 4546 veritate,
1188 4482 1424 4551 superbe
1455 4482 1607 4553 loqui
1644 4485 1987 4540 causabitur.

1119 4592 1450 4661 QUIESTIO
1481 4596 1548 4651 ll.

529 4683 729 4761 Sidi:
773 4687 1000 4761 septimo
1062 4688 1313 4761 requievit
1353 4686 1525 4761 Deus‘
1549 4687 1641 4761 ab,
1669 4690 1928 4744 universis
1956 4694 2125 4761 operi-

604 4757 700 4828 bus
735 4760 869 4822 suis,
920 4762 1185 4828 quomodo
1211 4759 1453 4813 salutare
1487 4758 1670 4813 Patris
1704 4760 1927 4814 Verbum
1958 4757 2128 4819 dicit:

608 4845 629 4879 ι
652 4827 816 4883 Pater
840 4827 985 4883 meus
1011 4846 1175 4898 usque
1208 4832 1362 4884 modo
1384 4840 1638 4899 operatur
1656 4840 1703 4886 et
1734 4848 1827 4901 ego
1849 4849 2038 4903 operor
2056 4837 2081 4889 Σ)
2106 4854 2124 4893 ι

2237 3280 2341 3350 κῆς
2395 3276 2602 3345 λύσσης
2652 3277 2754 3348 τὴν
2796 3276 2889 3331 διὰ
2934 3275 3037 3347 τῆς
3074 3275 3417 3347 κακουργίας
3457 3273 3662 3344 ταύτης
3696 3274 3832 3328 ἀπό-

2235 3385 2409 3432 νοιαν,
2442 3366 2583 3438 μετὰ
2607 3365 2709 3437 τῆς
2738 3365 2907 3438 ἄλλης
2932 3366 3114 3420 αὐτῶν
3143 3364 3552 3437 φρενοϐλαϐοὖς
3577 3381 3832 3435 κακομη-

2236 3459 2449 3531 χανίας,
2498 3456 2808 3524 ἰδιαζόντως
2852 3460 2990 3530 ἡμῖν
3034 3458 3193 3529 λόγος
3235 3457 3641 3531 ἐθριάμϐευσεν
3693 3458 3828 3525 (96).

2248 3552 2391 3608 Ἀλλ’
2440 3554 2527 3607 ὅτι
2586 3553 2688 3625 μὲν
2739 3552 2912 3606 πολλὰ
2958 3552 3070 3605 τῶν
3120 3552 3499 3623 ἀπορημάτων
3552 3568 3833 3623 προκατα-

2238 3647 2438 3718 σκευῆς
2491 3646 2687 3712 δεῖται,
2732 3646 2829 3700 καὶ
2865 3647 2948 3700 ὅτι
2981 3646 3053 3699 τὰ
3091 3643 3162 3697 σὰ
3190 3644 3346 3715 παρά
3383 3661 3445 3698 τε
3484 3643 3596 3697 τῶν
3625 3645 3833 3716 προλα-

2237 3740 2443 3793 ϐόντων
2480 3738 2691 3810 ἀνδρῶν
2718 3737 2890 3808 ἁγίων
2923 3738 3018 3792 καὶ
3049 3738 3183 3809 ἡμῖν
3214 3737 3403 3800 αὐτοῖς
3436 3736 3650 3790 ἐκεῖθεν
3680 3752 3834 3806 χειρ-

2239 3830 2704 3904 α[γω]γουμένοις
2745 3831 3139 3902 διευκρίνηται,
3158 3830 3252 3884 καὶ
3272 3830 3356 3884 ὅτι
3385 3828 3453 3883 τὰ
3480 3829 3707 3882 πλεῖστα
3722 3828 3834 3881 τῶν

2238 3925 2429 3979 αἰτίων
2448 3926 2582 3995 παρ’
2604 3923 2641 3978 ἃ
2666 3924 2827 3978 είωθε
2857 3923 3179 3996 συμϐαίνειν
3209 3923 3271 3977 τὸ
3299 3922 3506 3994 ἄπορον
3542 3921 3833 3993 ἐπεξήλθο-

2240 4034 2365 4088 μεν,
2410 4019 2440 4070 ὁ
2488 4016 2647 4084 λόγος
2694 4016 2963 4083 ὶπέδειξε.
3002 4018 3114 4071 Καὶ
3145 4017 3227 4070 ὁτι
3271 4016 3370 4087 μὲν
3414 4016 3513 4082 τῆς
3548 4015 3833 4089 ἀκριϐείας

2238 4110 2461 4163 πάντων
2502 4110 2911 4180 ὲπειλήμμεθα,
2952 4109 3054 4164 οὐκ
3100 4108 3167 4163 ἂν
3213 4109 3479 4181 φαίημενθ
3515 4110 3597 4163 ὅτι
3638 4109 3694 4163 δὲ
3731 4110 3832 4179 τῆς

2236 4203 2510 4272 αἰτήσεως
2554 4203 2658 4256 οὐκ
2706 4202 2929 4256 ἔλαττον
2961 4202 3389 4273 εἰσηνέγκαμεν,
3420 4202 3524 4256 οὐκ
3559 4200 3625 4256 ἂν
3660 4203 3831 4279 ὑπερ-

2237 4294 2466 4364 ηφάνων
2489 4294 2687 4364 λόγων,
2709 4294 3037 4367 δικαζούσης
3063 4294 3351 4367 ἀληθείας,
3380 4295 3559 4360 οὐδεὶς
3588 4296 3657 4350 ἂν
3687 4296 3831 4367 ἡμᾶς

2238 4387 2573 4443 αἰτιάσαιτο.

2785 4607 3119 4664 ΕΡΩἸἩΣΙΣ
3152 4607 3225 4665 B’.

2238 4698 2309 4752 El
2335 4697 2414 4767 τῇ
2439 4697 2663 4769 ἐϐδόμῃ
2696 4700 2890 4770 ἡμέρᾳ
2906 4702 3297 4755 κατέπαυσεν
3314 4703 3348 4755 ὀ
3369 4702 3515 4768 Θεὸς
3536 4703 3658 4757 ἀπὸ
3684 4704 3829 4756 πάι·-

2307 4785 2429 4822 nor
2459 4770 2579 4823 τῶν⁸
2614 4772 2830 4839 ,ἔργων
2869 4772 3082 4834 αὑτοῦ,
3130 4771 3261 4838 πῶς
3297 4772 3332 4825 ὁ
3380 4773 3682 4841 σωτήριος
3728 4773 3830 4826 τοῦ

2307 4842 2540 4913 ηατρὸς
2587 4836 2777 4913 eam
2836 4842 3065 4913 φησιν*
3105 4836 3249 4913 «Ῐσ
3286 4841 3491 4911 Πατήρ
3536 4836 3673 4913 ὶιού
3724 4844 3831 4909 ἕως

2303 4910 2435 4978 ἄρτι
2464 4910 2787 4981 ἐργάζεται,
2814 4910 2979 4982 κάγὼ
3003 4911 3349 4984 ἐργάζομαι;
3390 4931 3410 4965 ι

767 5030 845 5110 ξι),
865 5033 995 5110 ρης.
1023 5033 1307 5110 Μοὶοηξνει.
1360 5031 1555 5098 Script.
1586 5046 1696 5084 nov.
1734 5034 1889 5095 Coll.,
1923 5040 1956 5085 t.
1991 5036 2072 5099 IX,
2096 5052 2150 5101 p.
2193 5040 2287 5099 12;
2336 5049 2627 5109 explanans,
2654 5048 2902 5110 quomodo
2929 5050 3066 5099 inter
3092 5062 3149 5099 se
3192 5050 3491 5099 conveniant
3541 5050 3827 5101 testimonia

525 5093 660 5146 Cen.
683 5108 737 5157 ιι,
772 5095 803 5143 2
827 5093 1049 5145 et
1081 5110 1127 5155 ν,
1165 5094 1245 5157 l7,

606 5202 858 5269 Quatuor
885 5203 1137 5260 videms
1169 5203 1450 5260 Creatoris
1470 5205 1860 5275 eperationes;
1899 5223 2135 5278 quarum

532 5296 761 5368 quidem
814 5298 992 5369 prima
1038 5307 1123 5354 est
1156 5297 1274 5368 ipso
1316 5298 1385 5353 ab
1421 5299 1581 5354 initio
1619 5315 1813 5356 eorum
1839 5316 1960 5371 qua:
1983 5303 2137 5358 exsi-

606 5412 654 5444 "
687 5408 870 5467 Eccle.
912 5428 952 5478 ι,
988 5411 1044 5465 2.
1118 5412 1169 5447 "
1198 5411 1346 5469 Psal.
1401 5429 1525 5482 xm,
1583 5415 1638 5469 3.

2318 5214 2602 5287 τέσσαρας
2634 5217 2855 5289 ὁρῶμεν
2899 5218 2995 5274 τοῦ
3031 5221 3382 5293 Δημιουργοῦ
3420 5223 3721 5296 ἐργασίαν
3757 5219 3829 5277 ὧν

2248 5308 2439 5380 πρώτη
2472 5310 2574 5381 μιν
2600 5311 2753 5365 ἐστιν
2782 5310 2922 5384 αὑτὴ
2950 5312 3062 5371 τῶν
3095 5314 3321 5389 ὅντωνή
3347 5318 3472 5372 κατ’
3494 5319 3671 5391 ἀρχὰς
3702 5335 3829 5389 προ·

2058 5512 2301 5570 NOTAE.

601 5618 718 5689 (εις)
750 5618 938 5695 Photii
966 5634 1107 5695 opus
1137 5636 1259 5695 pro_
1289 5631 1600 5695 sanctarum
1642 5623 1939 5695 imaginum
1971 5626 2123 5679 cultu

527 5704 842 5763 memorare
890 5690 1107 5763 videtur
1140 5690 1463 5763 Euthymius
1515 5695 1659 5763 apud
1690 5690 1946 5751 La'tnbec.
1988 5704 2120 5749 tom.

2233 5627 2468 5714 gendum
2501 5638 2606 5714 est,
2640 5641 2838 5714 prater
2869 5633 2956 5689 illa
2983 5651 3105 5714 qua:
3122 5653 3228 5714 pro
3257 5655 3324 5695 eo
3357 5641 3612 5714 dogmate
3644 5643 3830 5698 dicun-

2234 5708 2379 5788 “.",_"
2406 5700 2611 5788 l’hmltt
2639 5700 2697 5788 in.
2720 5700 3165 5788 ρνίῐηιηςνῑδξεοέἓι
3195 5711 3362 5788 (ῐιιιιις
3380 5700 3579 5788 ίθὲιεινθ
3617 5713 3739 5768 libri
3771 5716 3833 5788 ι).

531 5761 627 5819 lll.
658 5777 709 5821 n.
746 5760 873 5816 422.
906 5762 1231 5830 Quanquam
1280 5760 1416 5817 nihil
1460 5760 1609 5819 aliud
1651 5763 1882 5821 fortasse
1914 5767 2122 5822 intelli-

2231 5778 2287 5824 εἰ
2312 5769 2364 5823 in
2402 5760 2851 5840 Αηιρίιὶιοσίιῖαηὶδ
2878 5760 2988 5832 196.
