4134 6516
276 390 342 451 97
1277 381 1376 441 AD
1414 370 2013 438 AMPHILOCHIUM
2046 359 2393 439 QU/ESTIO
2425 363 2509 426 II.
3507 355 3577 428 93

276 493 409 564 ϐολή
432 509 493 545 τε
527 491 623 545 καὶ
656 488 993 562 δημιουργία
1019 506 1033 520 ·
1069 487 1193 542 καθ’
1221 488 1249 539 ὃ
1294 486 1700 559 σημαινόμενον
1728 483 1882 553 είρη-

1995 485 2147 531 stunt
2179 475 2471 544 productio
2510 482 2566 529 et
2598 474 2837 538 ereatio;
2891 486 3001 543 quo
3057 471 3112 526 in
3152 485 3315 525 sensu
3369 469 3576 524 dictum

274 601 430 652 ται,‹
451 583 565 638 Καὶ
584 585 650 654 τῇ
689 583 735 648 ζ’
771 583 954 654 ἡμέρα
974 582 1325 636 κατέπαυσεν
1358 579 1564 643 ὁθεόςο
1597 597 1616 630 ι
1649 577 1744 630 καὶ
1773 575 1884 645 γάρ

275 676 380 741 τὰς
414 677 611 746 φύσεις
641 675 753 728 τῶν
779 675 952 728 ὄντων
975 675 1235 728 ἁπάντων
1265 674 1322 725 ἐν
1351 671 1491 726 ἐπτά
1519 668 1884 739 τελεσάμενός

279 781 339 818 τε
372 766 470 818 καὶ
507 763 778 826 ούσιὼσας
827 763 1068 835 ἡμέραις
1106 762 1497 832 ὁΔημιουργὸς
1522 759 1708 813 οὐκέτι
1736 775 1885 829 παρ-

276 856 506 926 αγωγὴν
568 855 828 924 οὐδεμίαν
855 854 1189 919 ἐπεδείξατο.
1225 854 1468 925 Δευτέρα
1493 852 1550 905 δὲ
1584 853 1618 923 ἡ
1649 850 1709 916 ἐξ
1735 851 1884 904 ἐκεί-

281 967 378 1002 νου
414 950 577 1020 μέχρι
605 948 701 1000 τοῦ
731 947 827 1001 νῦν
852 949 963 1002 τῶν
985 948 1136 1013 ἅπαξ
1160 945 1483 1015 ἐφεστώτων
1510 943 1882 1016 ἐνεργουμένη

279 1038 510 1108 διαμονή
527 1055 586 1090 τε
619 1039 712 1091 καὶ
743 1038 1078 1108 συντήρησις
1114 1037 1209 1090 καὶ
1231 1033 1885 1108 μηδαμῆπαραχωροῦσα

279 1130 361 1192 είς
384 1128 683 1199 ὀλόκληρον
715 1126 856 1193 εἶδος
887 1127 1308 1200 παραπολέσθαι
1341 1129 1436 1182 καὶ
1465 1127 1603 1200 πρὸς
1627 1127 1689 1180 τὸ
1717 1127 1793 1198 μὴ
1825 1126 1884 1179 ὃν

275 1221 636 1292 χωρῆσαι-ἠ
685 1221 743 1274 δέ
785 1218 1029 1292 τοιαύτη
1057 1222 1316 1293 ἐνέργεια
1369 1221 1466 1275 καὶ
1529 1222 1880 1292 συντήρησις,

276 1313 515 1382 πρόνοιά
547 1331 608 1366 τε
636 1313 774 1365 Θεοῦ
803 1314 898 1366 καὶ
922 1313 1222 1385 κηδεμονία
1245 1313 1493 1368 καλεῖται
1518 1329 1532 1345 ’
1559 1313 1654 1367 καὶ
1676 1312 1883 1383 ταύτης

270 1405 374 1473 τῆς
429 1405 720 1474 ἐνεργείας
753 1421 814 1456 τε
863 1403 959 1458 καὶ
1007 1404 1278 1474 ἐργασίας
1327 1405 1584 1475 οὐδεμίαν
1626 1404 1883 1460 οὐδέποτε

273 1496 650 1560 κατάπαυσιν,
676 1497 871 1566 μέχρις
903 1496 971 1549 ἂν
1004 1498 1063 1550 τὸ
1093 1499 1374 1567 περίγειον
1442 1497 1562 1550 τόδε
1598 1496 1882 1568 σύγκριμα

273 1587 380 1656 τὴν
410 1587 714 1639 ὑπόστασιν
748 1587 869 1658 ἔχῃ,
888 1588 916 1640 6
937 1586 1142 1658 ἀληθὴς
1169 1587 1527 1653 ἐξεπίσταται
1553 1586 1731 1654 λόγος.
1755 1586 1880 1638 Ἔτι

270 1677 332 1732 δὲ
365 1670 569 1749 τρίτην
595 1679 814 1750 ὁρῶμεν
847 1678 942 1732 τοῦ
990 1678 1338 1750 Δημιουργού
1379 1679 1671 1750 ἐργασίαν,
1717 1677 1777 1742 ἐξ
1814 1672 1881 1748 ἧς

273 1769 490 1840 ἑκάστη
532 1772 698 1838 φύσις
727 1769 799 1824 τὰ
841 1772 1021 1824 οίκεῖα
1053 1771 1375 1841 πράττουσα
1427 1770 1583 1823 οὐδὲν
1621 1770 1876 1839 ἀνόμοιον

277 1861 317 1934 ἧ
351 1861 634 1931 ἀλλότριον
674 1864 849 1935 αὐτῆς
900 1863 1292 1936 προϐάλλεται,
1329 1862 1446 1917 ἀλλ’
1486 1863 1692 1934 ἑκάστη
1737 1865 1872 1930 πρὸς

279 1954 342 2007 τὸ
369 1956 567 2008 οἰκεῖον
607 1955 703 2009 καὶ
748 1957 993 2027 ἐμφερὲς
1037 1957 1477 2027 διαπλαττομένη
1522 1956 1619 2010 καὶ
1668 1972 1873 2027 μορφο-

279 2044 516 2097 ποιοῦσα
540 2044 599 2097 τὸ
627 2045 877 2116 γέννημα
907 2046 1198 2101 ἀνόθευτον
1241 2046 1341 2118 τὴν
1382 2046 1634 2117 διαδοχὴν
1671 2046 1874 2100 ἐπιδεί-

281 2153 479 2190 κνυται
505 2153 521 2167 ⁸
554 2138 638 2208 είη
675 2136 722 2190 δ’
753 2139 820 2190 ἂν
853 2138 949 2190 καὶ
984 2139 1017 2210 ὴ
1043 2138 1270 2210 τοιαύτη
1296 2139 1531 2208 ἐργασία
1560 2139 1642 2201 είς
1670 2137 1762 2191 τὸν
1777 2141 1877 2209 τῆς

280 2229 547 2299 προνοίας
574 2232 670 2284 καὶ
711 2232 1049 2302 κηδεμονίας
1071 2233 1359 2304 ἀνηγμένη
1387 2232 1570 2301 λόγον.
1603 2231 1752 2304 Πλὴν
1767 2232 1877 2285 τῶν

277 2323 598 2392 εἰρημένων
624 2326 792 2395 τριῶν
818 2325 1119 2396 ἐργασιῶν,
1157 2328 1190 2396 ἡ
1226 2326 1327 2396 μὲν
1363 2326 1494 2397 περὶ
1539 2325 1876 2392 ούσιὼσεως,

274 2418 311 2483 ἡ
346 2414 407 2467 δὲ
436 2433 500 2467 πε
512 2415 566 2486 pi.
596 2416 683 2469 δ.α
693 2417 888 2488 μονῆς,
921 2421 955 2490 ἡ
979 2418 1034 2472 δὲ
1062 2420 1191 2490 περὶ
1214 2419 1536 2490 ὁμοιότητος
1559 2420 1651 2474 τὸν
1675 2419 1879 2474 σκοπὸν

273 2505 605 2564 ἀπευθύνει.
642 2509 737 2573 Εἰς
760 2510 852 2563 τὸν
877 2511 1041 2564 αὑτὸν
1063 2510 1120 2563 δὲ
1149 2511 1449 2583 συναχθείη
1482 2511 1640 2580 λόγον
1661 2512 1754 2566 καὶ
1781 2511 1881 2581 τῆς

273 2599 498 2665 τάξεως
536 2602 644 2654 τῶν
676 2603 1033 2658 ὑποστάντων
1059 2607 1093 2676 ἡ
1126 2605 1490 2669 ἀναλλοίωτός
1525 2623 1582 2657 τε
1613 2605 1710 2658 καὶ
1743 2607 1883 2675 ἀμε-

281 2695 588 2766 τακίνητος
614 2696 834 2783 διαδοχὴ
855 2714 870 2727 ·
894 2698 1046 2768 ἥλιός
1073 2699 1131 2752 τέ
1149 2716 1212 2768 γε
1231 2698 1327 2753 καὶ
1351 2699 1550 2770 σελήνη
1567 2701 1665 2763 τὰς
1689 2699 1884 2752 ἀνατο-

274 2789 383 2852 λάς
415 2806 474 2841 τε
499 2790 590 2841 καὶ
612 2788 819 2854 δύσεις,
867 2791 1122 2855 συνόδους
1155 2809 1214 2845 τε
1245 2793 1342 2845 καὶ
1398 2794 1752 2857 ἀποστάσεις,
1791 2797 1885 2847 καὶ

276 2881 388 2944 τὰς
420 2880 594 2944 ἄλλας
650 2881 960 2953 ἐνεργείας,
993 2884 1057 2948 ἂς
1086 2886 1114 2936 6
1147 2884 1542 2957 δημιουργικὸς
1581 2888 1764 2950 αὐτοῖς
1801 2889 1886 2940 ἐν-

280 2970 532 3026 απέθετο
561 2971 724 3041 λόγος
751 2974 854 3027 οὐκ
881 2976 948 3028 ἂν
974 2976 1320 3046 ἀμείϐοντες,
1351 2978 1473 3031 οὐδὲ
1500 2981 1601 3044 τὴν
1621 2978 1680 3045 ἐξ
1712 2981 1885 3052 ἀρχῆς

279 3063 476 3124 αὐτοῖς
511 3066 781 3131 παγεῖσαν
836 3062 1101 3118 εΰτακτον
1159 3065 1256 3119 τοῦ
1315 3067 1520 3139 δρόμου
1580 3072 1887 3140 περιφορὰν

1987 579 2071 625 est.
2099 587 2112 622 :
2146 569 2241 622 «Et
2269 568 2358 623 die
2393 567 2627 638 septimo
2657 566 2928 637 requievit
2958 564 3154 620 Deus.»
3183 561 3402 618 Naturis
3432 563 3578 617 enim

1993 677 2184 717 eorum
2210 659 2459 714 omnium
2492 675 2616 731 qua:
2637 669 2764 714 sunt
2787 669 2836 712 et
2858 657 3184 713 substantiis
3203 658 3346 711 intra
3368 666 3576 726 septem

1987 753 2104 808 dies
2135 751 2415 823 perfectis,
2463 752 2693 806 Creator
2735 750 2943 805 nullam
2977 750 3121 804 ultra
3169 748 3419 802 exhibuit
3453 763 3582 816 pro-

1986 845 2330 902 ductionem.
2395 842 2646 899 Secunda
2695 855 2876 898 autem
2917 849 3001 898 est
3059 842 3148 896 illa
3198 842 3468 898 stabilitas
3527 847 3584 895 et

1984 939 2334 996 conservatio
2361 946 2760 1000 creaturarum,
2783 951 2847 989 ex
2873 949 2982 1004 quo
3011 935 3274 989 exsistere
3295 942 3585 1004 cmperunt

1993 1048 2168 1103 usque
2200 1031 2266 1086 ad
2287 1032 2391 1085 hoc
2411 1042 2647 1098 tempus,
2689 1043 2798 1082 non
2832 1030 3019 1083 sinens
3051 1027 3319 1082 velunam
3343 1028 3583 1096 speciem

1985 1127 2214 1182 omnino
2248 1125 2426 1195 perire
2442 1133 2497 1178 et
2526 1125 2582 1177 in
2618 1123 2848 1176 nihilum
2882 1121 3058 1176 redire
3087 1137 3103 1175 :
3133 1136 3197 1176 ea
3225 1136 3390 1191 porro
3420 1121 3504 1176 vis
3529 1127 3585 1174 et

1996 1218 2384 1283 conservatio,
2439 1216 2781 1286 providentia
2822 1214 2916 1268 Dei
2949 1225 3005 1269 et
3033 1227 3164 1270 cura
3200 1222 3452 1269 voeatur.
3519 1212 3589 1268 Et

1989 1312 2110 1367 haec
2140 1311 2222 1367 vis
2262 1319 2315 1366 et
2365 1311 2510 1365 actio
2549 1324 2829 1380 nunquam
2867 1307 3115 1364 futurum
3144 1323 3266 1364 esse
3300 1319 3361 1363 ut
3386 1317 3583 1374 cesset,

1984 1405 2230 1474 quandiu
2285 1404 2550 1459 subsistet
2598 1405 2711 1458 hare
2762 1412 2981 1458 terrena
3045 1401 3586 1467 creatio,veridicus

1986 1496 2139 1551 testis
2166 1504 2252 1552 est
2279 1511 2484 1552 sermo.
2520 1496 2761 1551 Tertiam
2793 1511 3014 1566 quoque
3034 1495 3285 1550 videmus
3305 1495 3587 1550 Creatoris

1984 1588 2381 1658 Operationem,
2445 1589 2495 1642 vi
2547 1589 2706 1658 cujus
2767 1601 3112 1659 unaquaeque
3162 1599 3359 1643 natura
3422 1603 3590 1658 agens

1935 1717 1938 1720 -
1983 1679 2206 1746 propria
2247 1677 2384 1732 nihil
2432 1677 2534 1733 sibi
2565 1677 2835 1733 dissimile
2879 1687 2971 1733 aut
3017 1693 3125 1732 nou
3156 1687 3587 1732 consentaneum

1986 1769 2277 1841 producit;
2333 1770 2428 1826 sed
2464 1770 2620 1840 juxta
2655 1785 2784 1826 suas
2837 1771 3204 1841 proprietates
3239 1780 3293 1824 et
3327 1786 3481 1824 suam
3513 1770 3590 1823 sis

1981 1862 2344 1917 militudinem
2401 1863 2662 1934 ellingens
2709 1872 2764 1917 et
2819 1862 3064 1917 formans
3109 1878 3171 1917 ea
3203 1877 3326 1932 qua:
3375 1877 3439 1915 ex
3473 1863 3588 1931 ipsa

1977 1962 2304 2016 nascuntur,
2331 1953 2629 2024 legitimam
2668 1952 2913 2008 sobolem
2965 1951 3280 2008 successive
3325 1952 3588 2017 exhibet;

1977 2044 2107 2102 talis
2151 2056 2334 2101 autem
2384 2046 2633 2116 operatio
2675 2045 2897 2100 nomine
2949 2045 3307 2115 providentia:
3346 2053 3400 2098 et
3443 2059 3593 2098 curm

1979 2139 2318 2210 designatur.
2347 2139 2616 2194 Caeterum
2678 2137 3062 2208 praedictarum
3107 2137 3274 2191 trium
3315 2136 3592 2206 operatio,-

1979 2247 2109 2286 nnm
2130 2240 2241 2284 tum
2256 2246 2318 2285 ea
2337 2246 2460 2301 qua":
2473 2231 2830 2296 substantias,
2850 2239 2965 2284 tum
2981 2244 3044 2284 ea
3063 2243 3186 2299 quae
3211 2230 3594 2284 conservatio-ﬁ

1985 2339 2132 2388 nem,
2166 2333 2278 2378 tum
2316 2339 2379 2379 ea
2418 2340 2541 2395 qua:
2581 2323 2996 2379 similitudinem
3034 2337 3135 2394 pro
3173 2322 3392 2393 objeeto
3427 2322 3594 2378 habet

1981 2420 2318 2474 sumnlinem
2342 2417 2590 2489 apprime
2607 2426 3001 2488 assequuntur.
3020 2418 3099 2472 Ad
3132 2418 3382 2472 eamdem
3403 2426 3588 2472 autem

1983 2513 2254 2566 ratiOnem
2303 2511 2611 2566 reducenda
2669 2511 2776 2566 erit
2801 2511 2968 2566 etiam
3009 2509 3218 2566 ordinis
3257 2509 3598 2564 substantia-

1983 2619 2104 2658 rum
2117 2603 2473 2659 immutabilis
2502 2614 2556 2659 et
2582 2614 2845 2660 constans
2881 2604 3183 2659 successio.
3211 2601 3302 2658 Sol
3326 2605 3526 2674 quippe
3541 2614 3598 2658 ct

1986 2694 2137 2762 luna,
2153 2706 2309 2752 ortus
2320 2707 2374 2752 et
2389 2712 2638 2764 occasus,
2652 2712 2984 2767 congressus
3000 2707 3055 2752 et
3067 2697 3406 2754 defectiones
3421 2706 3477 2752 et
3490 2706 3598 2751 ea?

1989 2799 2134 2845 teras
2152 2788 2296 2843 vires
2309 2789 2567 2857 quasillis
2585 2787 2785 2843 indidit
2802 2789 3048 2844 divinum
3066 2785 3592 2843 CreatorisVet-bum

1988 2895 2270 2948 nunquam
2308 2889 2585 2935 mutantes
2617 2894 2794 2950 neque
2840 2879 2942 2934 sibi
2980 2879 3051 2934 ab
3082 2879 3236 2934 initio
3257 2879 3590 2949 impressum

1988 2985 2188 3026 cursus
2243 2972 2558 3026 ordinatum
2629 2972 2734 3027 iter
2775 2971 3165 3028 obhviscentes
3225 2972 3591 3027 animadverti

1993 3072 2238 3132 possent.
2310 3061 2497 3134 Neque
2559 3063 2805 3135 reliquus
2856 3075 3133 3120 astrorum
3186 3065 3390 3120 chorus
3442 3063 3591 3120 illam

285 3153 603 3222 φωραθεῖεν
634 3155 1043 3227 διαφθείροντες
1064 3172 1078 3186 ’
1106 3158 1216 3211 οὐδ’
1233 3160 1260 3212 ὁ
1295 3159 1484 3223 λοιπὸς
1506 3161 1616 3214 τῶν
1640 3162 1887 3233 ἀστέρων

1995 3156 2096 3211 sibi
2124 3156 2194 3211 ab
2223 3157 2382 3210 initio
2409 3157 2721 3226 impositam
2748 3167 2932 3213 motus
2951 3167 3006 3213 et
3041 3158 3272 3222 ordinis,
3298 3157 3596 3228 apparitio-

288 3247 454 3317 χορὸς
480 3249 574 3301 τὸν
599 3249 659 3314 ἐξ
694 3249 873 3320 ἀρχῆς
925 3251 1110 3314 αὐτοῖς
1151 3252 1434 3306 ἐνδοθέντα
1463 3254 1567 3325 τῆς
1623 3272 1683 3308 τε
1737 3273 1895 3325 περιι

287 3339 470 3406 φορᾶς
495 3338 720 3409 καὶτῆς
747 3340 960 3405 τάξεως
1003 3342 1218 3413 εἱρμὸν,
1255 3344 1473 3410 φάσεώς
1519 3362 1579 3396 τε
1615 3349 1709 3398 καὶ
1760 3346 1897 3419 κρύ-

282 3429 463 3499 ψεως,
503 3431 607 3483 οὐκ
632 3431 699 3484 ἂν
729 3432 910 3485 ἁλοῖεν
954 3433 1313 3504 ἀμειϐόμενοί
1339 3451 1398 3486 τε
1423 3435 1519 3487 καὶ
1550 3434 1861 3499 διαλύοντες
1880 3451 1893 3466 ·

233 3523 493 3588 »νύκτες
545 3541 605 3577 τε
659 3527 780 3588 ταῖς
818 3525 1053 3597 ἡμέραις
1102 3529 1512 3600 ὑποχωροῦσαι,
1545 3531 1734 3584 καὶτὸ
1765 3531 1900 3585 ἀνά-

291 3616 469 3668 παλιν
500 3617 557 3670 αἱ
589 3618 798 3689 ἡμέραι
832 3622 954 3683 ταῖς
988 3621 1138 3684 νυξὶν
1185 3621 1565 3688 ἐξιστάμεναι,
1611 3623 1899 3679 ἀνόθευτόν

281 3726 351 3760 τε
391 3710 492 3761 καὶ
549 3710 976 3782 ἀπαραποίητον
1013 3713 1114 3783 τὴν
1162 3713 1432 3769 εὔτακτον
1482 3715 1783 3784 ἀναλογίαν
1833 3717 1906 3770 διο

1997 3250 2083 3305 nis
2104 3262 2158 3305 et
2190 3250 2576 3307 occultationis
2601 3253 2849 3307 semitam
2876 3261 3190 3322 permutare
3208 3264 3261 3307 et
3287 3253 3596 3309 dissolvere

1997 3345 2430 3411 convinceretur,
2454 3354 2750 3417 noctesque
2766 3345 2962 3402 diebus
2979 3345 3340 3402 succedentes
3357 3355 3410 3401 et
3430 3346 3568 3400 vicis
3588 3374 3598 3383 -

2002 3437 2104 3492 sim
2133 3436 2251 3491 dies
2283 3449 2405 3508 post
2457 3449 2648 3494 noctes
2702 3447 3050 3509 resurgentes
3103 3437 3368 3510 integram
3398 3447 3454 3494 et
3486 3454 3598 3494 non

1998 3527 2360 3583 adulteratam
2383 3531 2793 3601 proportionem
2813 3539 3192 3586 servaveruntr
3229 3533 3362 3586 ltcin
3395 3542 3448 3586 et
3469 3533 3598 3587 aoni

2001 3629 2310 3694 temporum
2362 3633 2573 3678 natura:
2625 3624 2726 3679 sibi
2792 3623 3025 3679 invicem
3083 3622 3599 3680 succedentesnihil

2001 3720 2128 3772 novi
2148 3733 2326 3789 passa:
2357 3729 2516 3786 sunt;
2551 3719 2645 3774 sed
2677 3720 2960 3790 antiquam
2995 3728 3052 3774 et
3075 3719 3389 3774 mirabilem
3424 3720 3594 3776 vicis-

283 3798 578 3852 εσώσαντο
602 3815 634 3868 ﬁ
660 3801 924 3866 ὡσαύτως
947 3804 1040 3856 καὶ
1065 3803 1225 3875 ὡρῶν
1246 3806 1301 3857 αἱ
1320 3805 1508 3874 φύσεις
1534 3807 1631 3869 τὰς
1653 3807 1890 3877 δ;αδοχ5ις

2004 3810 2302 3865 situdinem
2354 3811 2755 3866 immutabilem
2803 3822 2856 3867 et
2913 3821 3255 3867 constantem
3287 3825 3596 3866 servavere.

285 3892 576 3962 ἀλλήλαις
639 3897 1476 3968 παραπέμπουσαι,.ούδεμίαν
1551 3901 1904 3969 καινοτομίαν

287 3987 577 4051 ἐδέξαντο,
608 3987 744 4040 ἀλλὰ
773 3988 875 4058 τὴν
896 3987 1134 4060 ἀρχαίαν
1173 3989 1270 4042 καὶ
1324 3987 1639 4060 θαυμασίαν
1696 3991 1901 4062 ταύτην

295 4079 633 4152 μεταϐολὴν,
676 4080 1062 4152 ἀμετάϐλητον
1099 4081 1192 4134 καὶ
1230 4081 1638 4152 ἀμετακίνητον
1669 4084 1901 4153 συνετὴ-

293 4191 481 4244 ρησαν
503 4190 519 4205 ο
551 4174 646 4228 καὶ
674 4174 880 4244 ταύτην
904 4173 1002 4244 τὴν
1034 4176 1091 4228 ἐν
1114 4178 1226 4238 τοῖς
1246 4170 1399 4229 οὖσιν
1424 4175 1681 4240 εὐταξίαν
1711 4193 1770 4229 τε
1803 4177 1900 4232 καὶ

2012 3905 2162 3960 Illam
2203 3905 2450 3976 porro’in
2479 3904 2549 3961 iis
2569 3922 2695 3975 quae
2721 3913 2849 3961 sunt
2887 3915 3070 3960 creata
3113 3903 3516 3958 ordinationem
3548 3918 3605 3958 et

2011 3999 2424 4069 proportionem
2455 3998 2746 4054 manifeste
2802 3999 3047 4054 continet
3095 4013 3161 4053 ac
3195 3998 3380 4052 firmat
3415 3997 3604 4066 provi-

2011 4091 2214 4145 dentiae
2265 4091 2530 4159 verbum;
2598 4108 2723 4162 qua:
2784 4092 3032 4163 operatio
3070 4100 3159 4147 est
3218 4090 3385 4145 etiam
3453 4090 3603 4146 illius

2009 4181 2106 4238 Dei
2137 4183 2231 4254 qui
2264 4183 2450 4238 omnia
2494 4183 2773 4253 sapienter
2807 4183 3076 4238 condidit.

289 4269 617 4339 ἀναλογίαν,
650 4270 811 4340 δῆλον
841 4272 917 4334 ὡς
946 4273 976 4324 6
1029 4271 1129 4342 τῆς
1175 4270 1435 4341 προνοίας
1476 4273 1693 4342 συνέχει
1725 4290 1783 4326 τε
1814 4276 1908 4329 καὶ
1980 4280 2280 4350 συγκροτεῖ
2345 4277 2506 4346 λόγος
2535 4293 2550 4312 ·
2585 4277 2820 4349 ἐργασία
2848 4276 2892 4332 δ’
2931 4277 2999 4332 ἂν
3046 4277 3132 4348 εἴη
3189 4278 3285 4331 καὶ
3322 4276 3483 4332 τοῦτο
3507 4278 3602 4333 τοῦ

287 4368 484 4422 πάντα
512 4372 568 4421 ἐν
599 4367 764 4439 σοφίᾳ
790 4366 1303 4439 δημιουργήσαντος
1332 4368 1492 4421 Θεοῦ.

372 4463 536 4515 Ἐστι
564 4461 621 4514 δέ
645 4479 730 4522 τις
753 4462 848 4514 ἐπὶ
875 4462 1089 4525 τούτοις
1116 4464 1210 4515 καί
1238 4462 1402 4533 ἑτέρα
1425 4463 1676 4534 ἐργασία,
1711 4463 1890 4532 φιλαν·

2074 4466 2174 4524 Est
2226 4478 2408 4523 autem
2473 4477 2736 4538 praeterea
2807 4479 2861 4522 et
2914 4467 3020 4524 alia
3080 4470 3348 4537 operatio,
3408 4485 3605 4539 nempe

284 4553 524 4628 θρωπία
561 4555 862 4627 δεσποτικὴ
885 4554 963 4626 τῷ
1006 4557 1336 4627 ἀνθρωπίνῳ
1393 4555 1629 4628 μάλιστα
1677 4557 1890 4611 ἐπιθεω

2014 4558 2395 4615 benevolentia
2457 4557 2675 4612 Domini
2714 4558 2957 4613 humano
3015 4559 3200 4629 generi
3265 4559 3600 4630 invigilans;

283 4645 551 4719 ρουμένη
591 4646 742 4715 γένει
769 4661 781 4675 ⁸
810 4646 978 4712 διπλῆ
1005 4647 1063 4700 δὲ
1094 4646 1239 4718 αὕτη
1267 4663 1280 4676 ο
1315 4650 1348 4718 ἡ
1377 4648 1476 4718 μὲν
1509 4649 1614 4720 γάρ
1642 4649 1901 4719 τέμνεται

280 4743 433 4809 περὶ
461 4739 625 4810 σῶμα
653 4739 720 4793 δι’
751 4734 821 4812 ἧς
856 4739 1032 4794 λῶϐαί
1095 4757 1155 4793 τε
1205 4744 1298 4794 καὶ
1348 4741 1496 4812 πάθη
1549 4743 1716 4813 μυρία
1767 4742 1902 4796 ἄλλα

277 4829 398 4885 τοῦ
445 4831 772 4902 πλάσματος
837 4832 1231 4899 ἀπελαύνεται,
1273 4833 1309 4888 ἀ
1350 4834 1415 4907 δὴ
1459 4833 1902 4906 παραγεγονὼςὸ

278 4924 485 4986 κοινὸς
513 4923 609 4977 τοῦ
643 4926 837 4992 γένους
873 4926 1065 4999 Σωτὴρ
1112 4926 1353 4995 έπραττέ
1407 4945 1468 4981 τε
1521 4927 1614 4982 καὶ
1658 4929 1900 4998 ἐνήργει,

277 5018 673 5082 παντοδαπῶς
710 5017 1055 5088 παθημάτων
1096 5020 1191 5073 καὶ
1236 5019 1409 5074 νόσων
1443 5021 1503 5073 τὸ
1559 5018 1903 5091 ἀνθρώπινον

237 5104 644 5181 ’ἐλευθερῶνο
677 5111 710 5178 ἡ
760 5110 816 5163 δὲ
847 5112 976 5181 περὶ
1027 5110 1209 5182 ψυχήν
1232 5127 1245 5140 ·
1269 5110 1476 5182 ταύτην
1519 5110 1630 5182 γάρ
1685 5108 1903 5175 πολλοῖς

279 5207 675 5279 ἁμαρτήμασι
708 5209 1172 5278 συγκεχωσμένην
1203 5207 1297 5261 καὶ
1349 5207 1714 5262 κατάστικτον
1775 5207 1903 5278 ὃλην

281 5301 686 5371 γεγενημένην
726 5303 848 5364 ταῖς
897 5301 993 5355 τοῦ
1031 5302 1270 5372 πονηροῦ
1338 5301 1564 5372 μυρίαις
1619 5301 1844 5368 αἰκίαις,
1876 5303 1904 5354 ὁ

283 5395 472 5457 αὐτὸς
497 5394 655 5465 ἡμῶν
700 5394 946 5466 πλάστης
989 5396 1086 5448 καὶ
1141 5395 1488 5467 Δημιουργδς
1540 5394 1903 5466 ἀποκαθηρά-

285 5489 474 5561 μενός
496 5505 553 5539 τε
587 5488 681 5542 καί
707 5487 980 5552 ἀποξέσας
1011 5487 1100 5541 διὰ
1129 5489 1229 5557 τῆς
1269 5487 1437 5541 αὑτοῦ
1485 5488 1627 5558 ὑπὲρ
1655 5487 1779 5540 νοῦν
1811 5486 1905 5541 καὶ

279 5583 469 5650 λόγον
503 5578 826 5650 ἐπιδημίας,
860 5581 940 5643 είς
973 5597 1034 5633 τε
1069 5580 1132 5634 τὸ
1172 5581 1400 5650 ἀρχαῖον
1450 5579 1670 5650 ἀξίωμα
1733 5581 1902 5633 ἐπαν-

282 5679 514 5746 ήγαγε,
546 5674 644 5727 καὶ
674 5674 736 5727 τὸ
762 5675 883 5728 κατ’
921 5674 1110 5730 είκόνα
1138 5674 1299 5728 πάλιν
1329 5673 1616 5728 ἀναλαϐὼν
1657 5673 1811 5744 ἰσχύν
1842 5690 1903 5727 τε

280 5768 403 5822 καὶ
461 5767 643 5839 χαράν
695 5768 1006 5839 παρέσχετο
1031 5786 1044 5800 ⁸
1081 5767 1222 5839 αὕτη
1273 5767 1630 5840 τοιγαροῦνή
1672 5768 1802 5839 περὶ
1845 5767 1906 5820 τὸ

283 5861 546 5933 πλάσμα
583 5861 691 5915 τῶν
718 5863 918 5934 χειρῶν
950 5862 1116 5916 αὑτοῦ
1161 5863 1394 5934 ἐργασία
1434 5861 1656 5933 τυφλοῖς
1691 5860 1750 5914 τὸ
1781 5859 1903 5930 βλέ-

598 5957 874 6016 ΡΑτιιοι..
924 5958 1036 6018 Gn.
1095 5957 1192 6020 Cl.

2009 4665 2132 4719 qua:
2167 4648 2368 4719 duplex
2395 4658 2498 4703 est.
2551 4647 2709 4702 Prior
2766 4648 2985 4716 quidem
3035 4664 3134 4718 pro
3174 4649 3390 4717 ohjeeto
3439 4647 3602 4703 habet

2012 4758 2237 4813 corpus,
2265 4759 2375 4813 qua
2405 4742 2580 4798 morbi
2613 4753 2668 4797 et
2697 4753 2956 4798 sexcenta
2987 4744 3094 4798 alia
3126 4743 3267 4798 mala
3287 4745 3604 4798 acreaturis

2010 4838 2396 4910 expelluntur;
2451 4836 2595 4908 quod
2627 4837 2825 4908 agebat
2855 4845 2909 4892 et
2931 4837 3262 4905 Oper-abatur
3290 4837 3603 4892 communis

2013 4931 2231 5002 generis
2262 4932 2438 4987 nostri
2480 4930 2755 4997 Salvator,
2787 4930 3125 5000 quibuslibet
3179 4927 3464 4984 doloribus
3497 4927 3603 4983 ho—

2012 5025 2194 5082 mines
2245 5024 2510 5080 liberans.
2558 5023 2745 5078 Altera
2793 5033 2928 5078 vero
2972 5021 3040 5077 ad
3071 5021 3314 5078 animam
3341 5019 3598 5090 respicit:

2015 5118 2165 5173 illam
2201 5118 2350 5172 enim
2403 5116 2561 5172 multi
2623 5117 2862 5187 peccatis
2896 5115 3150 5171 obrutam
3181 5123 3234 5170 et
3274 5123 3442 5169 totam
3476 5131 3601 5169 sex-

2014 5208 2196 5264 centis
2224 5207 2427 5263 diaboli
2462 5206 2682 5263 astutiis
2703 5206 3052 5271 maculatam,
3086 5203 3388 5274 plasmator
3416 5212 3604 5260 noster

2012 5311 2066 5356 et
2093 5299 2322 5356 Creator
2375 5301 2696 5370 abstergens
2751 5309 2806 5354 et
2850 5299 3122 5353 abradens
3167 5313 3262 5366 per
3296 5313 3458 5353 suum
3507 5314 3603 5353 suo

2015 5409 2113 5462 pra
2171 5403 2408 5446 mentem
2477 5400 2532 5447 et
2600 5391 2870 5446 rationem
2926 5392 3221 5445 adventum
3282 5391 3477 5460 priscae
3521 5391 3608 5444 di-

2015 5482 2208 5552 gnitati
2260 5482 2521 5545 restituit,
2567 5490 2622 5536 et
2659 5482 2806 5551 quod
2851 5481 2918 5535 ad
2973 5495 3130 5535 suam
3178 5480 3472 5550 imaginem
3529 5479 3607 5533 ef-

2017 5577 2349 5631 formaverat
2386 5590 2664 5640 recreans,
2701 5575 2750 5629 ei
2785 5575 2892 5628 vim
2939 5587 2994 5628 et
3030 5573 3290 5645 gaudium
3339 5573 3595 5644 praebuit.

2014 5668 2108 5723 llla
2136 5667 2300 5737 igitur
2353 5667 2406 5722 in
2454 5682 2592 5737 opus
2617 5683 2878 5722 manuum
2911 5667 3085 5737 ipsius
3137 5667 3280 5721 actio
3312 5667 3472 5721 caecis
3525 5664 3608 5716 vi-

2015 5778 2136 5820 sum
2171 5761 2418 5832 largitur,
2453 5760 3123 5832 paralyticurn’astringit,
3171 5759 3602 5829 quatridnanum

2016 5862 2296 5912 mortuum
2355 5853 2586 5910 suscitat
2623 5870 2690 5912 ex
2735 5854 3009 5926 sepulcro,
3057 5864 3110 5910 et
3157 5853 3444 5908 innumera
3497 5849 3605 5906 alia

3218 5947 3256 6008 h
