4134 6462
593 345 666 408 99
1755 344 2014 405 ΡΠΟΤΙΙ
2057 346 2564 406 ΡΛΤΠΙΑΠΩΗίΕ
2593 349 2701 408 CP.

3766 356 3858 422 160

595 468 848 510 naturam
879 453 1196 510 excedentia
1222 469 1387 524 opera
1424 455 1700 523 Ostendit;
1726 473 1846 525 qua:
1867 460 1993 511 dum
2015 457 2179 511 bene-

2286 477 2408 512 πειν
2443 461 2752 530 χαρίζεται,
2788 463 3103 534 παράλυτον
3132 465 3374 537 σφίγγει,
3401 474 3725 541 τεταρταῖον
3769 475 3858 525 ἀν-

597 549 847 602 volentiae
897 545 1101 616 regulis
1132 555 1186 600 et
1235 547 1447 616 legibus
1474 547 1636 601 cilieit
1676 547 1940 603 Dominus
1969 557 2172 612 noster,

594 641 914 696 beneﬁcium
955 641 1005 695 ei
1057 640 1350 710 exprobrat
1398 641 1648 710 ingratus
1670 639 1980 695 Judteorum
2005 656 2176 711 popu-

594 737 698 800 Ius,
751 733 991 787 Sabbato
1044 733 1283 786 debitam
1318 733 1724 788 venerationem
1775 742 2092 803 pretcxtum
2126 745 2178 787 rt

591 843 704 881 suae
765 826 987 879 invidize
1043 826 1373 895 malitimqne
1423 825 1600 879 velum
1666 826 1933 895 objiciens
1979 828 2179 881 :audit

591 935 718 973 vero
753 917 1067 980 Dominum,
1130 927 1242 972 tum
1301 927 1571 988 quatenus
1603 919 1868 974 Dominus
1907 928 2012 980 est,
2057 931 2171 974 tum

589 1022 864 1082 quatenus
919 1012 1185 1080 magister
1211 1020 1267 1065 et
1320 1012 1582 1079 salvator,
1613 1013 1919 1067 dicentem:
1979 1033 1996 1064 ι
2021 1013 2180 1068 Pater

592 1122 746 1161 mens
778 1121 954 1175 usque
982 1105 1146 1158 modo
1174 1114 1434 1174 operatur
1461 1115 1515 1159 et
1542 1120 1643 1176 ego
1675 1121 1874 1175 operor
1895 1106 2015 1160 ⁷³⁸.»
2041 1105 2177 1160 Dum

590 1210 771 1253 autem
805 1200 1032 1268 ingratis
1059 1197 1262 1254 Judmis
1320 1198 1480 1253 istam
1541 1200 1787 1268 corporis
1815 1200 2176 1262 curationem,

590 1293 716 1360 quia
765 1289 1006 1345 Sabbato
1063 1291 1203 1345 facta
1264 1303 1402 1356 erat,
1448 1291 1885 1361 vituperantibus
1933 1302 1986 1346 et
2033 1292 2181 1347 blas-

593 1385 977 1456 pbcmantibus
1043 1383 1117 1438 ita
1186 1385 1453 1438 Dominus
1485 1399 1548 1438 os
1594 1383 1837 1448 obturat,
1902 1401 2001 1438 nos
2035 1386 2182 1439 elare

591 1478 783 1530 edocet
850 1475 920 1527 ab
983 1474 1358 1542 hujuscemodi
1416 1473 1677 1544 operibus
1729 1490 1904 1543 neque
1965 1475 2179 1528 Patrem

593 1567 959 1636 requiescere.
1004 1579 1181 1635 neque
1221 1565 1462 1634 seipsum
1493 1565 1708 1635 operari
1759 1566 2029 1620 desinere.
2103 1565 2181 1619 Ex

594 1665 694 1715 bac
719 1661 882 1730 igitur
919 1659 1132 1712 Domini
1183 1660 1538 1728 responsione
1581 1671 1634 1714 et
1690 1675 1758 1715 ex
1789 1660 2021 1715 diversis
2054 1667 2181 1729 ope-

593 1755 862 1808 rationnm
899 1753 1315 1807 cbaracteribus
1345 1751 1504 1807 facile
1542 1752 1638 1806 tibi
1680 1763 1762 1806 est
1813 1753 2117 1823 intelligere
2148 1771 2176 1808 a

2285 554 2409 622 ιστᾷ
2439 552 2532 606 τοῦ
2567 555 2760 622 τάφου,
2803 556 2898 608 καὶ
2932 560 3187 625 κρεῖσσον
3217 560 3249 630 ἦ
3282 562 3661 632 ἀριθμεῖσθαι,
3708 565 3862 635 ὑπερο

2281 647 2393 716 φυῆ
2416 646 2553 717 ἔργα
2578 648 2892 712 ἐπεδείξατο
2912 666 2926 678 ·
2955 649 2990 702 ἃ
3016 651 3110 704 τοῦ
3147 653 3422 706 Δεσπότου
3458 655 3862 726 φιλανθρωπίας

2278 741 2390 811 ὅρῳ
2421 743 2513 793 καὶ
2535 742 2685 811 νόμῳ
2718 742 3213 811 διαπραττομένου,
3265 746 3575 810 ἐξονειδίζει
3634 749 3735 818 μὲν
3775 749 3864 819 τὴν

2283 829 2609 899 εὐεργεσίαν
2643 832 2672 882 6
2713 831 3009 901 ἀχάριστος
3048 833 3159 884 τῶν
3203 834 3475 888 Ἰουδαίων
3512 835 3728 905 δῆμος,
3774 838 3862 908 τὴν

2279 919 2374 972 τοῦ
2407 919 2686 973 Σαὸϐάτου
2728 921 2892 992 τιμὴν
2941 925 3214 994 πρόφασίν
3253 943 3312 978 τε
3363 928 3456 980 καὶ
3499 929 3870 998 προκάλυμμα

2281 1009 2376 1062 τοῦ
2405 1010 2604 1079 φθόνου
2633 1013 2727 1065 καὶ
2748 1012 2848 1082 τῆς
2872 1015 3134 1085 πονηρίας
3172 1016 3618 1085 προϐαλλόμενος
3646 1033 3661 1045 ·
3691 1019 3868 1071 ἀκούει

2281 1101 2338 1154 δὲ
2367 1101 2516 1172 παρὰ
2548 1101 2643 1155 τοῦ
2672 1104 2944 1155 Δεσπότου
2975 1104 3135 1157 τοῦτο
3163 1106 3262 1175 μὲν
3305 1107 3683 1169 Δεσποτικῶς,
3718 1109 3870 1161 τοῦτο

2281 1193 2338 1245 δὲ
2361 1192 2758 1258 διδασκαλικῶς
2778 1211 2834 1247 τε
2854 1196 2949 1247 xui.
2972 1197 3329 1266 σωτηριωδῶς
3355 1215 3366 1226 ·
3408 1218 3426 1249 ι
3453 1199 3510 1251 'U
3544 1201 3742 1270 Πατήρ
3777 1219 3871 1269 μου

2283 1286 2388 1347 ἕως
2430 1286 2555 1356 ἄρτι
2602 1285 2920 1356 ἐργάζεται,
2945 1288 3101 1355 κάγὼ
3135 1290 3458 1360 ἐργάζομαι.
3497 1309 3516 1342 ι
3549 1291 3720 1345 ’Λλλὰ
3754 1293 3871 1356 τοὺς

2287 1377 2384 1444 μὲν
2423 1378 2753 1447 ἀχαρίστους
2790 1377 3085 1442 Ἰουδαίους
3126 1379 3223 1450 τὴν
3256 1383 3387 1452 περὶ
3415 1383 3478 1434 τὸ
3519 1383 3687 1453 σῶμα
3718 1383 3874 1453 θερα-

2288 1471 2447 1521 πείαν
2479 1470 2560 1521 ὅτι
2591 1472 2780 1537 γέγονε
2822 1471 3086 1542 Σαϐϐάτῳ
3133 1472 3486 1544 διασύροντας
3533 1475 3632 1528 καὶ
3682 1476 3872 1545 δυσμη-

2287 1560 2524 1630 μοῦντας
2550 1561 2724 1624 οὕτως
2751 1563 2778 1614 6
2809 1564 3090 1635 Δεσπότης
3140 1564 3530 1635 ἐπιστομίζων,
3558 1566 3773 1620 τούτων
3815 1585 3870 1619 τε

2285 1653 2380 1706 καὶ
2427 1653 2536 1706 τῶν
2582 1653 2840 1706 τοιούτων
2884 1653 3063 1726 ἔργων
3112 1659 3251 1727 μήτε
3280 1657 3373 1710 τὸν
3406 1658 3630 1728 Πατέρα
3661 1659 3872 1712 πεπαῦ·

2288 1745 2432 1809 σθαι,
2466 1747 2601 1816 μήτε
2631 1737 2794 1800 αὑτὸν
2825 1748 2923 1818 τῆς
2950 1749 3212 1818 ἐργασίας
3249 1749 3437 1820 λήγειν
3476 1751 3695 1821 τρανῶς
3732 1753 3874 1820 ἡμᾶς

591 1845 792 1916 quibus
821 1845 1080 1913 operibus
1115 1844 1485 1913 requieverint
1511 1843 1674 1898 Pater
1709 1855 1762 1899 et
1803 1843 1997 1910 Filius,
2023 1862 2176 1916 quac-

2286 1837 2608 1902 άνεδίόαξεν.
2659 1839 2792 1893 Ἀπὸ
2812 1839 2868 1892 δὲ
2899 1843 2998 1911 τῆς
3022 1841 3364 1910 Δεσποτικῆς
3389 1842 3728 1911 ἀποφάσεως
3747 1843 3871 1894 ταύι

596 1952 720 1990 nam
762 1945 942 1990 autem
1005 1950 1180 2005 usque
1233 1934 1397 1988 modo
1461 1949 1570 1989 non
1623 1935 1879 1990 desinant
1937 1939 2176 2006 operari.

592 2026 819 2079 Creator
849 2025 1130 2079 enimvero
1158 2025 1498 2079 substantias
1547 2025 1872 2094 jamdudum
1911 2029 2179 2080 terminu-

595 2119 705 2185 vit;
759 2118 892 2174 dum
939 2127 1122 2173 autem
1160 2117 1593 2187 incorruptibilia
1655 2134 1719 2174 ea
1748 2135 1873 2189 qua:
1903 2122 2176 2186 condidit,

594 2219 800 2275 servat,
853 2212 1094 2282 itemque
1157 2211 1359 2266 illa‘sas
1415 2221 1470 2266 et
1530 2226 1637 2266 non
1689 2213 2028 2269 adulterinas
2057 2231 2181 2270 esse

595 2322 785 2360 eorum
818 2307 1087 2361 cssentias
1128 2321 1226 2360 sua
1255 2305 1603 2375 providentia
1635 2320 1922 2376 procurat,
1975 2318 2029 2362 et
2076 2308 2180 2362 im-

594 2401 829 2470 positum
860 2399 1110 2454 ordinem
1143 2399 1510 2469 semitamque
1544 2399 1940 2455 immutabilem
1977 2409 2183 2466 servat,

596 2491 821 2546 minime
854 2491 1110 2546 videntur
1127 2505 1346 2546 cessare
1383 2507 1561 2561 neque
1577 2490 1758 2558 Pater,
1783 2508 1960 2562 neque
1990 2491 2184 2556 Filius,

597 2599 772 2655 neque
796 2583 959 2639 etiam
1019 2582 1261 2652 Spiritus
1306 2593 1555 2637 sanctus.
1619 2581 2185 2652 Supersubstantialis

595 2678 738 2730 enim
761 2685 815 2731 et
837 2675 1230 2746 omnipotentis
1255 2685 1307 2729 et
1350 2676 1532 2728 omnia
1589 2679 1832 2731 creantis
1861 2678 2185 2731 substantia:

601 2785 705 2822 una
737 2777 822 2823 est
843 2777 898 2822 et
923 2767 1178 2822 voluntas
1205 2776 1260 2822 et
1291 2767 1538 2838 potentia
1574 2774 1628 2820 et
1657 2767 1769 2828 vis;
1827 2767 2183 2821 manifestum

597 2869 681 2914 est
713 2869 892 2913 autem
945 2873 1008 2912 ea
1066 2860 1199 2912 born
1246 2874 1354 2929 qua
1389 2859 1542 2927 signa
1598 2872 1697 2911 sua
1723 2854 1970 2910 Salvator
2002 2868 2186 2910 noster
2226 2872 2230 2877 ·

605 2955 960 3022 operabatur,
1023 2961 1308 3024 operatum
1371 2969 1493 3008 esse
1550 2952 1770 3022 quidem
1819 2949 2042 3017 Filium,
2104 2952 2180 3005 illi

601 3062 730 3100 vero
764 3055 1086 3116 coeperatos
1115 3060 1238 3100 esse
1272 3045 1488 3099 Patrem
1514 3053 1568 3098 et
1600 3041 1865 3114 Spiritum
1903 3052 2180 3098 sanctum.

2275 1947 2374 2000 της
2412 1934 2505 1985 καὶ
2545 1931 2580 1984 ἃ
2613 1932 2720 2002 πρὸ
2758 1931 2988 2004 βραχέος
3018 1932 3392 2004 διευκρίνησεν
3415 1933 3443 1985 6
3479 1933 3638 2002 λόγος
3676 1950 3873 2002 σημαιο

2277 2024 2480 2092 νόμενα
2508 2025 2608 2094 τῆς
2638 2026 2903 2096 ἐργασίας
2937 2025 3161 2097 εὐχερές
3189 2027 3305 2080 ἐστί
3344 2043 3424 2080 σοι
3455 2027 3669 2092 λαῦεἰν,
3711 2027 3872 2079 ποίων

2281 2115 2380 2186 μὲν
2413 2115 2591 2188 ἔργων
2632 2118 2978 2172 κατέπαυσεν
3013 2122 3040 2172 6
3071 2121 3260 2192 Πατὴρ
3292 2121 3387 2173 καὶ
3419 2121 3447 2173 6
3490 2120 3642 2184 Υἱὸς,
3675 2120 3797 2172 τίνα
3820 2119 3871 2170 δὲ

2280 2209 2443 2279 μέχρι
2471 2209 2568 2262 τοῦ
2613 2211 2710 2263 νῦν
2759 2211 2819 2263 ού
2888 2210 3126 2264 παύεται
3181 2212 3588 2283 ἐργαζόμενος·
3619 2213 3719 2266 καὶ
3770 2212 3872 2280 γάρ

2276 2302 2631 2372 δημιουργῶν
2659 2303 2760 2374 μὲν
2779 2305 2878 2365 τάς
2909 2304 3100 2373 φύσεις
3127 2305 3292 2358 πάλαι
3319 2305 3699 2368 κατέπαυσεν,
3727 2305 3872 2358 ἀδιάο

2278 2392 2456 2462 φθορά
2486 2392 2544 2444 δὲ
2586 2392 3062 2464 δημιουργηθέντα
3124 2393 3443 2464 συντηρῶν,
3487 2392 3758 2454 ὡσαύτως
3818 2391 3870 2442 δὲ

2280 2485 2374 2536 καὶ
2397 2483 2896 2554 άπαραχαράκτους
2924 2484 3018 2536 καὶ
3038 2483 3466 2553 άκιϐδηλεύτους
3485 2484 3584 2546 τὰς
3611 2483 3870 2552 ὁλότητας

2281 2576 2392 2629 τῶν
2427 2576 2802 2630 οὑσιωθέντων
2833 2577 2923 2630 διὰ
2961 2577 3062 2644 τῆς
3096 2577 3262 2630 αὐτοῦ
3298 2576 3540 2648 συνέχων
3591 2576 3866 2648 προνοίας,

2280 2668 2377 2720 καὶ
2405 2668 2504 2740 τὴν
2528 2669 2838 2722 ἐντιθεῖσαν
2870 2669 3124 2736 εὐταξίαν
3147 2687 3206 2722 τε
3229 2668 3434 2722 καὶτὸν
3457 2669 3676 2740 εἱρμὸν,
3702 2666 3865 2720 άναλ-

2280 2760 2478 2813 λοίωτα
2545 2763 2849 2834 συντηρῶν,
2908 2763 3146 2834 οὐδαμοῦ
3209 2765 3458 2832 φαίνεται
3521 2763 3868 2831 πεπαυμένος

2281 2852 2404 2907 οὕτε
2431 2855 2460 2906 6
2494 2854 2683 2926 Πατὴρ
2717 2854 2841 2908 οὔτε
2881 2859 2909 2909 6
2947 2856 3097 2921 Υἱὸς,
3130 2856 3189 2908 ού
3224 2856 3330 2927 μὴν
3358 2856 3474 2910 ἀλλ’
3499 2857 3623 2910 οὐδὲ
3651 2853 3870 2923 Πνεῦμα

2279 2949 2340 3001 τὸ
2366 2950 2520 3016 ἅγιον
2545 2965 2558 2979 ·
2588 2949 2688 3018 τῆς
2724 2949 2832 3019 γὰρ
2868 2949 3196 3018 ὐπερουσίου
3233 2951 3328 3002 καὶ
3358 2947 3869 3019 παντοκρατορικῆς

2282 3043 2379 3096 καὶ
2401 3040 2806 3112 δημιουργικῆς
2834 3041 2942 3092 τῶν
2972 3042 3110 3094 ὅλων
3131 3041 3319 3106 οὐσίας
3346 3042 3444 3112 μία
3475 3059 3533 3094 τε
3563 3046 3657 3094 καὶ
3687 3043 3720 3110 ἡ
3740 3039 3870 3106 αὑτὴ

600 3135 857 3206 βούλησις
877 3137 971 3189 καὶ
990 3135 1219 3206 δύναμις
1245 3135 1342 3188 καὶ
1369 3135 1622 3203 ἐνέργεια
1649 3149 1664 3162 ⁸
1698 3133 1856 3204 δῆλον
1883 3133 1939 3186 δὲ
1971 3133 2046 3195 ὡς
2066 3135 2189 3187 κατ’
2229 3134 2409 3186 ἐκεῖνο
2438 3130 2634 3201 καιροῦ
2695 3131 2817 3183 καθ’
2843 3131 2870 3184 ὃ
2924 3134 3022 3195 τὰς
3064 3131 3395 3203 θεοσημείας
3425 3135 3453 3186 6
3483 3135 3679 3205 Σωτὴρ
3721 3130 3870 3203 ἡμῶν

599 3225 866 3292 ἐπετέλει,
898 3225 1216 3297 είργάζεται
1247 3223 1346 3294 μὲν
1373 3226 1402 3276 6
1430 3223 1575 3285 Υἱὸς,
1594 3223 1958 3295 συνεργάζετο
1984 3223 2040 3276 δὲ
2064 3223 2214 3292 αὐτῷ
2241 3221 2430 3292 Πατὴρ
2470 3223 2567 3276 καὶ
2597 3222 2657 3274 τὸ
2683 3222 2835 3289 ἆγιον
2865 3223 3105 3292 Πνεῦμα.

1161 3333 1498 3402 ρυΑςδτιο
1531 3333 1618 3386 Ill.

598 3433 707 3485 Cur
750 3448 876 3485 usus
919 3439 995 3485 est
1041 3429 1154 3482 luto
1193 3429 1472 3491 Dominus,
1522 3444 1622 3480 non
1667 3436 1844 3481 autem
1873 3425 1980 3479 alio
2005 3425 2182 3491 modo,

1029 3511 1084 3553 ut
1120 3499 1301 3552 oculos
1341 3500 1471 3552 cwci
1505 3499 1756 3550 curaret?

2216 3321 2262 3380 C

2870 3337 3203 3389 ΕΡΩΊἪΣῙΣ
3228 3337 3303 3392 Γ’.

2295 3426 2401 3499 Διᾲ
2430 3427 2486 3480 τί
2509 3427 2896 3496 χρησάμενος
2929 3428 3102 3496 πηλῷ
3134 3433 3166 3483 ό
3222 3432 3555 3496 Δεσπότης,
3587 3430 3752 3485 ἀλλὰ
3787 3427 3866 3499 μὴ

2365 3496 2533 3620 (illo;
2576 3500 2793 3578 τρόπῳ,
2846 3500 2988 3564 τοὺς
3052 3501 3401 3570 ὀφθαλμοὺς
3445 3501 3733 3566 ἐξιάσατο
3769 3496 3869 3554 τοῦ

2364 3583 2642 3636 τυρ.ου;

1435 3672 1578 3722 Edita
1607 3685 1635 3720 a
1654 3672 1800 3734 Maio,
1823 3673 1856 3721 l.
1880 3685 1922 3722 e.
1946 3687 1997 3736 p.
2020 3675 2066 3723 3.
2092 3675 2165 3724 De
2189 3679 2446 3729 sanatione
2470 3680 2585 3730 caeci
2612 3685 2732 3730 nati.
2766 3682 2909 3730 Joan.
2934 3693 3001 3741 ix,
3023 3681 3069 3729 6.

671 3787 815 3844 Luto
837 3801 975 3841 usus
996 3796 1078 3840 est
1101 3784 1355 3849 Creator,
1386 3800 1511 3840 eum
1547 3799 1693 3840 caico
1735 3785 2018 3840 innovavit
2056 3801 2188 3841 oeu-

603 3885 708 3948 los,
746 3891 806 3937 ut
837 3878 1222 3936 dubitantibus
1241 3877 1517 3947 quomodo
1539 3878 1606 3933 de
1627 3886 1772 3933 terra
1793 3879 2002 3949 primus
2025 3879 2188 3934 homo

604 3976 874 4029 formatus
902 3970 1088 4038 fuerit,
1136 3986 1203 4026 eo
1256 3970 1404 4040 quod
1439 3970 1602 4041 bujns
1644 3971 1889 4026 creation
1911 3971 1956 4026 is
1999 3972 2187 4028 nullus

603 4069 789 4122 aderat
816 4066 1094 4136 inspector
1121 4073 1176 4119 et
1210 4063 1390 4129 testis,
1436 4072 1671 4118 mentem
1693 4063 1763 4118 ad
1803 4062 2035 4118 solidam
2075 4065 2184 4119 eri-

604 4169 754 4230 geret
785 4159 968 4213 tidem.
1039 4157 1174 4212 lllud
1219 4155 1366 4212 enim
1413 4155 1560 4211 circa
1583 4155 1968 4226 dignissimum
2003 4155 2184 4210 bomi-

604 4253 694 4307 nis
741 4251 1118 4306 membrorum
1166 4247 1448 4320 opilicium
1495 4247 1670 4304 oculis
1702 4246 1950 4302 omnium
1977 4260 2184 4316 propo-

603 4346 792 4410 situm,
807 4354 868 4399 ut
884 4352 939 4398 et
954 4346 1018 4399 dc
1030 4344 1244 4399 caeteris
1265 4341 1513 4413 corporis
1529 4342 1796 4412 partibus,
1821 4341 2018 4411 quibus
2033 4338 2187 4394 emn-

605 4437 796 4506 gendis
824 4435 1007 4490 nullus
1061 4434 1253 4490 aderat
1294 4434 1513 4500 oculus,
1556 4449 1718 4489 nemo
1747 4436 1985 4488 incertas
2003 4431 2186 4487 diﬁin-

604 4529 734 4584 dere
759 4524 1064 4582 sententias
1101 4523 1330 4589 dubitet,
1378 4522 1610 4578 multam
1636 4522 1746 4577 vim
1784 4534 1839 4578 et
1870 4522 2184 4577 ﬁrmitatem

597 4620 829 4691 praebet.
883 4616 985 4673 Ubi
1039 4617 1189 4672 enim
1244 4614 1394 4671 videt
1449 4614 1585 4670 illud
1621 4615 1770 4686 quod
1813 4614 1870 4669 in
1906 4613 2066 4669 nobis
2101 4621 2186 4669 est

603 4714 870 4784 optimum
922 4721 979 4768 et
1039 4709 1426 4780 dignissimum
1475 4724 1634 4766 suam
1669 4707 2089 4780 plasmationem
2133 4716 2190 4762 et

2367 3791 2530 3861 Πηλῷ
2551 3791 2609 3844 δὲ
2643 3793 2986 3863 χρησάμενος
3013 3793 3040 3844 6
3073 3791 3322 3862 Πλάστης
3344 3791 3662 3862 ὀφθαλμοὺς
3691 3795 3868 3846 ἐκαιν-

2291 3883 2561 3956 ούργησεν
2613 3884 2691 3955 τῷ
2736 3885 2941 3954 τυφλῷ,
2981 3884 3068 3938 ἵνα
3105 3885 3215 3938 τῶν
3257 3885 3689 3956 διαπορούντων,
3760 3884 3869 3945 πῶς

2291 3977 2401 4030 ἀπὸ
2438 3978 2539 4048 γῆς
2563 3978 2590 4028 6
2616 3976 2833 4048 πρῶτος
2863 3977 3154 4048 ἄνθρωπος
3202 3976 3472 4048 ἐπλάσθη,
3511 3979 3748 4051 ἐπείπερ
3774 3976 3868 4047 τῆς

2289 4068 2549 4138 τοιαύτης
2583 4069 2948 4141 δημιουργίας
2983 4069 3158 4132 οὐδεὶς
3205 4070 3452 4140 ἐπόπτης
3491 4071 3612 4124 οὐδὲ
3666 4073 3868 4142 μάρτυς

2291 4160 2552 4230 εἱστήκει,
2587 4160 2686 4230 τὴν
2741 4160 2970 4230 γνώμην
3010 4160 3090 4223 είς
3136 4160 3507 4230 άναμφίϐολον
3558 4160 3867 4231 συμϐιϐάσῃ

2291 4249 2476 4303 πίστιν
2505 4267 2519 4280 ’
2552 4253 2584 4322 ἡ
2617 4252 2724 4322 γὰρ
2746 4254 2874 4324 περὶ
2892 4253 2955 4305 τὸ
2999 4251 3327 4323 τιμιώτατον
3351 4251 3460 4304 τῶν
3478 4253 3534 4304 ἐν
3555 4253 3631 4322 τῷ
3662 4253 3867 4321 σώματι

2289 4341 2382 4395 τοῦ
2411 4343 2700 4414 ἀνθρώπου
2732 4344 2911 4415 μελῶν
2958 4345 3293 4415 δημιουργία
3333 4343 3428 4397 ὑπ’
3462 4344 3585 4413 ὄψιν
3621 4346 3865 4399 ἁπάντων

2291 4437 2621 4506 προτεθεῖσα
2659 4438 2754 4491 καὶ
2781 4437 2911 4510 περὶ
2941 4437 3129 4491 λοιποῦ
3150 4437 3424 4510 σώματος,
3452 4433 3496 4508 ᾧ
3515 4437 3867 4510 πλαττομένῳ

2291 4528 2517 4598 οὐδεμία
2542 4528 2663 4598 ὄψις
2692 4531 3005 4600 ἐφεστήκει,
3048 4531 3123 4602 μὴ
3146 4531 3463 4602 ἁμφιὸάλλῃ
3515 4531 3704 4601 μηδεὶς
3735 4533 3865 4584 άπο-

2295 4623 2565 4692 ρουμένας
2593 4622 2969 4694 διασχίζεσθαι
2997 4622 3242 4694 γνώμας,
3295 4624 3540 4695 μεγάλην
3586 4624 3741 4694 ἰσχὺν
3781 4620 3865 4676 καὶ

2297 4713 2590 4784 βεϐαίωσιν
2643 4715 2876 4786 παρέχει
2903 4733 2916 4746 ·
2947 4711 3028 4779 οἷς
3068 4715 3178 4786 γὰρ
3217 4717 3282 4770 άν
3310 4733 3392 4778 τις
3428 4717 3488 4768 τὸ
3539 4715 3763 4783 ἄριστόν
3809 4727 3863 4765 τε

605 4807 969 4864 substantiam
1025 4821 1093 4861 ex
1147 4807 1260 4859 Ιυιο
1290 4803 1609 4871 deduxisse,
1663 4802 1938 4874 quomodo
1961 4817 2074 4857 non
2108 4801 2188 4856 in-

2295 4806 2390 4858 καὶ
2439 4804 2771 4876 τιμιώτατον
2816 4805 2926 4859 τῶν
2958 4808 3014 4859 ὲν
3044 4807 3176 4878 ἡμῖν
3223 4807 3288 4860 ἐκ
3322 4807 3494 4878 πηλοῦ
3542 4808 3641 4874 τὴν
3680 4806 3864 4860 πλάσιν

605 4913 878 4954 concusso
937 4906 1264 4967 argumento
1311 4903 1370 4950 et
1415 4905 1611 4950 caetera
1661 4909 1867 4965 organa
1905 4909 1970 4949 ex
1996 4892 2187 4948 eadem

609 4991 835 5045 materia
862 5005 928 5044 ac
966 4988 1210 5060 potentia
1249 4987 1391 5044 facta
1417 5002 1543 5043 esse
1575 4986 1958 5042 conﬁtebitur?
2012 4985 2188 5040 Caete-

607 5096 732 5135 rum
769 5090 831 5136 ut
865 5081 1083 5137 clarius
1117 5081 1299 5138 discas
1330 5082 1384 5138 in
1412 5081 1669 5138 omnibus
1692 5083 1761 5137 iis
1799 5081 1999 5151 quibus
2033 5081 2190 5135 Pater

608 5183 668 5226 ut
703 5171 873 5227 Deum
907 5188 966 5228 se
995 5181 1185 5228 notum
1227 5173 1377 5240 facit,
1424 5173 1668 5244 potentia
1717 5187 1912 5242 nempe
1933 5181 1988 5226 et
2016 5172 2184 5240 gloria

608 5273 665 5319 et
684 5263 992 5318 substantia
1020 5274 1073 5320 et
1103 5263 1502 5329 dominatione,
1556 5265 1610 5320 in
1662 5265 1730 5320 iis
1777 5265 1940 5319 etiam
1982 5261 2182 5315 Filium

610 5356 978 5424 aequalitatem
1028 5367 1214 5413 tenere
1261 5366 1317 5413 et
1349 5356 1868 5423 immutabilitatem,
1923 5357 2096 5410 lutum
2137 5362 2192 5407 et

611 5463 722 5501 non
777 5448 939 5503 aliam
1017 5450 1305 5506 materiam
1364 5451 1512 5519 cepit
1541 5458 1601 5503 ut
1628 5449 1818 5506 oculos
1851 5449 1976 5502 caeci
2015 5447 2192 5501 refor-

614 5548 822 5606 maret;
857 5541 1319 5610 quemadmodum
1358 5542 1588 5597 etPater
1621 5543 1738 5612 ejus
1768 5541 1896 5597 olim
1914 5555 2039 5595 cum
2073 5538 2193 5608 ipso

615 5643 680 5682 ex
720 5628 836 5684 lnto
861 5631 1138 5687 hominem
1174 5641 1343 5688 creat.
1395 5631 1775 5691 Manifestatur
1821 5643 2003 5690 autem
2027 5632 2192 5686 etiam

689 5787 758 5820 π’
790 5785 945 5846 Joan.
986 5806 1038 5861 v,
1071 5791 1160 5845 l7.

2293 4898 2391 4951 καὶ
2440 4899 2739 4954 ὑπόστασιν
2793 4901 2892 4970 ὁρᾷ
2957 4900 3346 4971 προαχθεῖσαν,
3402 4899 3519 4962 πῶς
3567 4893 3724 4962 οὗτος
3775 4895 3864 4949 οὐκ

2292 4991 2676 5062 ἀναντιρρήτῳ
2702 4990 2949 5060 λογισμῷ
2987 4992 3083 5045 καὶ
3121 4991 3180 5044 τὸ
3213 4991 3398 5044 λοιπὸν
3432 4990 3665 5061 ὄργανον
3691 4991 3755 5042 ἐκ
3778 4987 3864 5056 τῆς

2292 5082 2463 5150 αὐτῆς
2496 5082 2629 5150 ὕλης
2669 5084 2762 5136 καὶ
2785 5084 3073 5154 δυνάμεως
3091 5083 3484 5154 ἀνομολογήσει
3507 5080 3863 5151 γεγενῆσθαι;

2290 5174 2468 5236 ἄλλως
2491 5190 2550 5226 τε
2583 5173 2640 5226 δὲ
2679 5175 2764 5229 ἴνα
2806 5175 2962 5230 τοῦτο
2991 5176 3205 5246 τρανῶς
3249 5175 3536 5246 άναμάθῃς
3566 5175 3651 5227 δτι
3687 5191 3790 5244 περ
3817 5172 3867 5221 ἐν

2292 5266 2460 5317 πᾶσιν
2489 5260 2567 5328 οἷς
2598 5267 2628 5318 6
2660 5267 2850 5339 Πατὴρ
2884 5268 2944 5321 τὸ
2983 5268 3114 5332 Θεὸς
3147 5264 3288 5322 εἶναι
3319 5267 3669 5339 γνωρίζεται,
3713 5263 3865 5318 awa-

2297 5371 2385 5424 μει
2407 5355 2552 5424 λέγω
2576 5359 2669 5412 καὶ
2691 5359 2819 5433 δόξῃ
2842 5359 2937 5413 καὶ⁵
2961 5361 3119 5431 οὐσίᾳ
3145 5364 3237 5414 καὶ
3257 5361 3562 5430 κυριότητι,
3587 5361 3644 5411 ἐν
3666 5359 3866 5414 τούτοις

2293 5447 2388 5497 καὶ
2415 5447 2444 5498 6
2469 5446 2594 5512 Υἱὸς
2625 5449 2686 5501 τὸ
2720 5451 2832 5503 ἴσον
2859 5450 3003 5520 ἔχειν
3053 5451 3532 5522 καταλαμϐάνεται
3575 5450 3671 5502 καὶ
3705 5450 3868 5515 ἀπαρ-

2298 5537 2596 5604 άλλακτον,
2629 5543 2802 5614 πηλὸν
2835 5543 2930 5597 καὶ
2985 5544 3084 5597 οὐκ
3136 5543 3304 5614 ἄλλην
3350 5542 3485 5616 ὓλην
3539 5540 3720 5594 λαϐὼν
3754 5537 3868 5594 τοὺς

2300 5630 2614 5702 ὀφθαλμοὺς
2665 5635 2996 5692 ἀναπλάττει
3060 5635 3155 5689 τοῦ
3209 5635 3410 5705 τυςςλοῦ
3438 5651 3452 5666 ·
3494 5635 3685 5706 ὥσπερ
3732 5625 3872 5686 καὶὸ
