4134 6496
293 403 380 468 ῙΟῘ
1246 407 1345 467 AD
1389 402 1985 464 AMPlllLOClllUM
2025 402 2369 474 QUASSTIO
2399 403 2495 478 IV,
2526 404 2594 464 V.

3453 407 3554 473 102

291 514 476 586 Πατὴρ
513 512 678 567 πάλαι
710 515 810 566 σὺν
841 513 993 585 αὐτῷ
1041 517 1104 569 ἐκ
1133 515 1306 584 πηλοῦ
1340 515 1430 566 τὸν
1459 514 1746 585 ἄνθρωπον
1778 511 1874 582 δη-

1986 512 2136 567 illum
2179 512 2348 568 Deum
2382 517 2474 584 qui
2507 517 2559 569 in
2587 515 2762 571 forma
2787 516 3028 573 hominis
3067 518 3262 587 agebat
3291 529 3346 574 et
3376 520 3551 575 lutum

295 607 581 677 μιουργείο
623 608 1084 676 συναναφαίνεται
1140 606 1196 659 δὲ
1243 607 1339 661 καὶ
1387 606 1547 660 τοῦτο
1595 606 1676 658 ὅτι
1725 606 1879 676 περό

290 697 382 751 νῦν
417 698 474 747 ἐν
500 699 682 767 μορφῇ
717 696 1014 768 ἀνθρώπου
1048 698 1395 767 χρηματίσας
1422 695 1557 759 Θεὸς
1581 694 1677 749 καὶ
1701 695 1878 767 πηλὸν

1975 606 2028 661 in
2062 605 2208 661 oculi
2259 606 2624 662 substantiam
2671 609 3024 663 convertebat
3055 611 3309 664 eumdem
3340 626 3462 666 esse
3489 627 3556 668 ac

1973 713 2100 754 cum
2131 696 2222 768 qui
2286 698 2420 751 olim
2474 699 2753 754 hominem
2806 715 2912 754 una
2971 715 3097 756 cum
3131 699 3291 757 Patre
3341 718 3406 757 ex
3438 704 3554 758 luto

294 789 370 850 είς
410 785 574 856 φύσιν
622 787 980 856 μεταϐάλλων
1025 788 1328 859 ὀφθαλμοῦ,
1377 789 1538 851 αὐτὸς
1607 783 1675 857 ἦν
1711 787 1808 840 καὶ
1846 788 1876 840 ὁ

1971 789 2360 859 plasmaverat.

295 875 461 928 πάλαι
540 874 631 928 τὸν
701 875 996 948 ἄνθρωπον
1069 877 1579 948 συμπλαστουργῶν
1647 877 1712 930 ἐκ
1762 894 1871 946 πη-

293 966 404 1022 λοῦ.

854 1080 1190 1133 ΕΡΩΤΗΣΙΣ
1234 1085 1305 1133 Δ’.

295 1170 354 1222 Τί
373 1167 526 1235 ἐστι,
551 1186 570 1220 t
595 1169 941 1245 Mwoiirteq
956 1174 1050 1225 καὶ
1071 1175 1175 1226 τὸν
1189 1175 1309 1228 ἀπὸ
1329 1173 1435 1242 τῆς
1452 1175 1681 1245 σαρκὸς
1705 1174 1868 1229 ἐσπι-

784 1242 1056 1313 λωμένον
1081 1245 1333 1311 χιτῶνα;
1370 1266 1388 1296 ι

2541 1078 2870 1146 ΟΙΕᾹΞΞἸΊΟ
2898 1078 2987 1137 IV.

1977 1171 2118 1236 Quid
2144 1180 2241 1234 est,
2287 1189 2306 1222 ι
2341 1169 2476 1225 Odia
2508 1171 2751 1226 habentes
2793 1185 2838 1226 et
2873 1191 3011 1237 eam,
3047 1191 3163 1241 qua:
3190 1178 3424 1230 Caritatis
3451 1185 3552 1240 est,

2409 1245 2730 1295 maculatam
2761 1247 2991 1297 tunicam
3017 1247 3041 1298 .9
3072 1264 3090 1296 ι

1085 1358 1232 1408 Edita
1252 1373 1278 1408 a
1314 1360 1459 1419 Maio,
1483 1361 1518 1409 l.
1553 1374 1595 1410 c.
1618 1376 1667 1424 p.
1690 1361 1738 1420 5,
1763 1359 1809 1408 4.
1847 1359 1920 1408 De
1941 1357 2049 1405 loco
2069 1355 2296 1416 epistola
2321 1354 2372 1404 S.
2393 1355 2553 1414 Judze,
2579 1368 2622 1403 ν.
2657 1355 2736 1404 25.

355 1460 606 1532 Ἐνδυμα
634 1461 817 1532 γάμου
846 1463 999 1533 παρὰ
1033 1468 1131 1534 τῆς
1149 1465 1300 1531 θείας
1323 1467 1688 1536 διδασκόμεθα
1717 1469 1860 1536 Γρα-

287 1559 408 1627 φῆς,
462 1556 556 1608 τὸν
601 1557 722 1608 κατ’
749 1557 950 1627 ἀρετὴν
996 1551 1135 1610 εἶναι
1181 1558 1295 1627 βίον
1344 1563 1436 1613 κατ.
1464 1559 1741 1613 πολιτείαν
1765 1559 1864 1629 τὴν

285 1646 576 1718 ἐλευθέραν
604 1650 1025 1720 ἁμαρτημάτων
1073 1652 1165 1703 καὶ
1205 1651 1486 1721 καθαράν·
1516 1651 1582 1723 ἣν
1623 1655 1670 1704 οἱ
1710 1654 1862 1704 ἐστο-

2046 1460 2263 1516 Vestem
2304 1462 2600 1530 nuptialem
2637 1478 2702 1516 ex
2757 1462 2938 1516 divina
2973 1462 3254 1533 Scriptura
3288 1465 3553 1524 discimus

1971 1570 2092 1610 esse
2129 1570 2273 1621 eam,
2313 1569 2436 1625 qua!
2475 1555 2777 1610 secundum
2810 1556 3066 1610 virtutem
3101 1566 3212 1622 est,
3265 1559 3466 1627 vitam,
3499 1569 3554 1615 et

1973 1649 2027 1702 id
2072 1645 2266 1719 agendi
2332 1648 2642 1702 iustit'utum
2678 1649 2822 1718 quod
2855 1652 3093 1718 peccatis
3125 1651 3354 1706 liberum
3393 1663 3476 1709 est
3501 1660 3555 1708 et.

282 1742 545 1810 λισμένοι,
583 1741 682 1812 τῆς
710 1757 770 1794 τε
794 1744 1063 1812 μυστικῆς
1087 1744 1358 1807 παστάδος
1390 1747 1520 1814 παρ’
1543 1744 1705 1798 αὑτοῦ
1724 1745 1863 1814 Χρι-

1971 1757 2207 1812 parum;
2243 1757 2408 1812 quam
2450 1741 2546 1811 qui
2588 1740 2762 1796 induti
2805 1748 2966 1808 sunt,
3023 1744 3129 1798 illis
3173 1747 3417 1816 mysticis
3447 1763 3551 1802 nu-

295 1832 420 1886 στοῦ
445 1834 540 1886 τοῦ
566 1835 804 1905 νυμφίου
835 1835 1049 1897 ἐπάξιοι
1079 1837 1375 1906 κρίνονται,
1409 1839 1500 1889 καὶ
1533 1837 1612 1898 εἰς
1635 1835 1726 1888 τὸν
1760 1853 1866 1906 μα-

287 1929 473 1999 κάριον
505 1929 712 1983 ἐκεῖνον
749 1930 1187 1984 καὶΔεσποτικδν
1222 1933 1598 1986 ἀνακλίνονται
1619 1931 1830 1985 δεῖπνον
1850 1944 1866 1960 ⁶

287 2021 333 2073 οἱ
365 2021 418 2073 δέ
457 2037 522 2088 γε
551 2021 618 2074 τά
636 2021 858 2074 τοιαῦτα
878 2021 987 2075 τῶν
1010 2022 1324 2090 ἐνδυμάτων
1353 2020 1706 2094 ρυπὼσαντες
1726 2061 1741 2086 ,
1773 2022 1868 2075 καὶ

288 2113 384 2178 τῆς
426 2113 739 2183 θαυμασίας
787 2113 990 2183 ταύτης
1041 2114 1435 2168 ἀπελαύνονται
1489 2113 1865 2179 ἀπολαύσεως,

293 2202 385 2255 καὶ
416 2203 624 2274 πικρὰν
663 2203 761 2274 τὴν
816 2205 1042 2276 ἀτιμίαν
1077 2206 1421 2274 ὑφίστανται.
1463 2206 1525 2258 Et
1586 2207 1642 2259 δὲ
1709 2206 1869 2259 τοῦτο

286 2294 710 2366 μεμαθήκαμεν,
744 2295 900 2364 δῆλος
935 2296 1000 2350 ἂν
1043 2300 1125 2368 εἴη
1163 2298 1256 2350 καὶ
1288 2300 1316 2351 ὁ
1354 2299 1504 2367 παρᾶ
1549 2297 1627 2368 τῷ
1668 2297 1862 2350 θεσπεο

283 2385 379 2455 σίῳ
412 2386 700 2457 άποστόλῳ
719 2387 1100 2457 ’ἐσπιλωμένος
1125 2389 1458 2460 καλούμενος
1489 2391 1674 2460 χιτὼν,
1702 2391 1758 2442 ὃν
1777 2393 1869 2444 καὶ

282 2480 458 2547 μισεῖν
492 2479 640 2548 ἡμᾶς
669 2480 850 2543 καλῶς
890 2499 948 2533 τε
989 2483 1086 2534 καὶ
1128 2482 1351 2546 δικαίως
1393 2482 1863 2552 παρακελεύεται·

279 2571 307 2622 ὁ
339 2570 449 2640 γὰρ
474 2573 598 2633 ταῖς
625 2572 922 2642 ἁμαρτίαις
973 2574 1337 2637 κατάστικτος
1371 2575 1465 2626 καὶ
1503 2576 1692 2644 ῥυπῶν
1726 2575 1864 2641 ὅλος,

277 2653 434 2725 οὗτος
473 2662 545 2715 ἂν
581 2663 667 2731 εἴη
700 2665 726 2715 ὁ
766 2664 1142 2735 ἐσπιλωμένος
1180 2667 1366 2736 χιτών.
1399 2667 1568 2718 Τοῦτο
1614 2667 1670 2720 δὲ
1703 2668 1870 2735 σαφέ-

280 2771 468 2824 στερον
487 2754 889 2808 ἀνακαλύπτων
915 2756 1011 2826 οὐχ
1033 2758 1220 2821 ἁπλῶς
1245 2758 1616 2828 ἐσπιλωμένον
1638 2759 1865 2830 χιτῶνα,

277 2847 416 2899 ἀλλά
457 2847 555 2901 τὸν
591 2848 700 2901 ἀπὸ
746 2849 844 2917 τῆς
904 2851 1103 2921 σαρκὸς
1158 2868 1324 2920 φησιν
1368 2851 1739 2920 ἐσπιλωμένον
1775 2853 1869 2904 καὶ

277 2939 698 3010 ὲρῤυπωμένον,
731 2943 826 2993 καὶ
858 2941 958 2994 ὅσα
988 2944 1020 3011 ἡ
1062 2942 1201 3013 σὰρξ
1227 2944 1570 3013 ἐπιθυμοῦσα
1598 2943 1742 2998 κατά
1773 2944 1868 2996 τοῦ

278 3033 612 3100 πνεύματος,
643 3033 732 3084 τὸν
756 3033 874 3101 βίον
909 3034 1070 3103 ἡμῶν
1102 3035 1536 3105 κεκηλιδωμένον
1573 3038 1668 3091 καὶ
1703 3039 1870 3090 κατά-

1969 1831 2102 1904 ptiis
2153 1831 2220 1888 ab
2261 1835 2379 1904 ipso
2402 1848 2606 1903 sponso
2639 1833 2859 1889 Christo
2883 1833 3031 1905 digni
3064 1836 3465 1903 existimaumr,
3501 1843 3555 1893 ct

1973 1927 2025 1981 in
2060 1925 2216 1980 beata
2247 1926 2340 1979 illa
2375 1929 2429 1979 et
2461 1927 2606 1996 regia
2665 1940 2820 1980 cmna
2880 1928 3229 1982 recumbunt.
3275 1929 3379 1995 Qui
3425 1945 3553 1986 vero

1971 2019 2071 2074 has
2101 2025 2281 2073 vestes
2323 2017 2652 2087 polluerunt,
2689 2021 2756 2072 ab
2786 2018 2872 2074 his
2908 2021 3177 2076 mirandis
3202 2023 3555 2090 eitpelluntur

1970 2113 2183 2172 deliciis
2212 2125 2262 2171 et
2297 2118 2509 2173 acerbae
2552 2117 2792 2172 infamia:
2827 2119 3215 2186 subjiciuntur.
3253 2118 3368 2176 Hoc
3397 2123 3445 2178 si
3471 2123 3556 2177 di-

1970 2208 2228 2271 dicimus,
2250 2209 2600 2264 manifestum
2631 2209 2787 2264 nobis
2806 2219 2890 2264 est
2912 2227 3162 2281 quamam
3190 2212 3260 2267 sit
3287 2228 3350 2268 ea
3385 2230 3552 2283 quam

1969 2312 2132 2354 vocat
2164 2300 2382 2354 divinus
2399 2301 2693 2370 Apostolus
2716 2303 3042 2358 maculatam
3070 2306 3332 2370 tunicam,
3355 2323 3554 2377 quam-

1970 2407 2077 2461 que
2106 2399 2166 2445 ut
2195 2392 2475 2448 oderimus
2500 2404 2606 2446 tam
2634 2395 2861 2462 pulchre
2890 2404 2942 2449 et
2965 2397 3112 2465 juste
3146 2397 3395 2453 hortatur
3422 2416 3434 2452 :
3463 2401 3553 2454 ille

1970 2485 2116 2538 enim
2151 2485 2244 2555 qui
2288 2493 2435 2539 totus
2485 2489 2725 2556 peccatis
2770 2489 3128 2560 distinguitur
3166 2507 3229 2545 ac
3263 2493 3550 2560 polluitur.

1970 2576 2346 2631 indubitanter
2380 2577 2470 2631 illa
2505 2580 2777 2632 maculata
2813 2581 2997 2633 tunica
3028 2591 3131 2636 est.
3174 2581 3330 2648 Quod
3374 2585 3554 2638 mani—

1968 2665 2164 2724 festius
2196 2670 2375 2724 adhuc
2403 2671 2686 2725 declarans
2712 2714 2724 2732 ,
2767 2689 2872 2727 non
2915 2675 3078 2729 modo
3110 2677 3438 2731 maculatam
3469 2687 3554 2732 tu-

1971 2763 2175 2827 nicam,
2207 2763 2301 2817 sed
2333 2778 2450 2816 eam
2491 2779 2613 2833 qua:
2639 2764 2877 2818 carnalis
2908 2775 3010 2830 est,
3055 2765 3188 2821 dicit
3225 2769 3550 2823 maculatam

1970 2867 2024 2910 et
2047 2857 2309 2926 pollutam
2333 2899 2348 2923 ,
2377 2867 2431 2912 et
2461 2857 2646 2909 omnia
2679 2873 2798 2925 qua:
2832 2872 2960 2911 caro
2989 2861 3326 2928 concupiscit
3358 2863 3552 2915 adver-

1972 2967 2067 3006 sus
2096 2951 2371 3020 spiritum,
2396 2959 2640 3004 nostram
2673 2949 2838 3004 vitam
2871 2951 3149 3005 maculant
3175 2952 3229 3005 et
3258 2953 3505 3021 polluant
3534 2973 3547 3008 :

1971 3060 2136 3114 quam
2171 3045 2486 3098 omnimodo
2517 3043 2703 3115 fugere
2763 3055 2862 3098 nos
2903 3043 3092 3110 decet,
3155 3047 3284 3116 quia
3338 3041 3554 3118 mystiti

283 3137 496 3172 στικτον
543 3121 816 3187 ἀποτελεῖ,
865 3121 925 3173 ὃν
969 3123 1412 3192 ἀποστρέφεσθαι
1463 3126 1628 3179 παντὶ
1682 3128 1868 3198 τρόπῳ

1973 3136 2240 3188 coeuaculi
2292 3133 2490 3204 jauuas
2525 3136 2686 3191 nobis
2729 3137 2954 3202 claudit,
3022 3137 3150 3206 quia
3184 3139 3554 3207 pulcherrimo

284 3217 555 3286 προσήκει
581 3232 594 3246 ·
629 3217 710 3269 ὅτι
752 3217 852 3286 τῆς
911 3217 1183 3287 μυστικῆς
1245 3218 1518 3281 παστάδος
1553 3219 1654 3282 τὰς
1698 3220 1868 3290 θύρας

283 3310 406 3378 ἡμῖν
428 3309 735 3374 ἀποκλείει,
758 3311 839 3362 ὅτι
863 3309 955 3362 τοῦ
979 3309 1146 3362 καλοῦ
1164 3310 1420 3378 Νυμφίου
1439 3314 1582 3364 ποιεῖ
1597 3313 1868 3380 ἀναξίους,

278 3403 359 3455 ὅτι
385 3401 483 3455 τοῦ
518 3401 756 3473 φρικτοῦ
810 3403 908 3456 καὶ
966 3402 1236 3474 σωτηρίου
1297 3402 1516 3456 δείπνου
1585 3405 1869 3477 πόρρωθεν

278 3491 604 3546 ἀπελαύνει.

887 3580 1222 3632 ΕΡΩΤΗΣΙΣ
1243 3581 1318 3635 E'.

276 3672 347 3726 El
375 3675 501 3728 πᾶν
531 3673 600 3726 τὸ
629 3673 1029 3743 ὑποκείμενον
1051 3673 1286 3741 ἀνάγκη
1316 3673 1410 3725 καί
1443 3674 1530 3742 μὴ
1567 3674 1869 3743 ,ϐουλόμε-

363 3761 476 3797 νον
533 3744 696 3796 ποιεῖ
754 3744 825 3795 τὰ
878 3742 988 3810 τῆς
1039 3745 1182 3808 βίας
1216 3785 1229 3806 ,
1261 3744 1494 3812 ἀνάγκη
1550 3743 1617 3796 δὲ
1671 3742 1872 3798 ἐλθεῖν

356 3815 431 3867 τὰ
463 3814 791 3867 σκάνδαλα
821 3815 890 3865 ἐν
929 3812 1007 3876 τῷ
1034 3817 1260 3882 κόσμῳ,
1308 3817 1379 3867 οὺ
1414 3816 1646 3867 δίκαιον
1698 3815 1870 3882 ἀραῖς

344 3884 731 3938 ὑποϐάλλειν
773 3883 880 3935 τὸν
946 3886 1284 3946 βιασθέντα
1350 3884 1492 3937 οὐδὲ
1524 3884 1654 3953 μὴν
1692 3889 1868 3953 δίκας

345 3954 738 4008 ἀπαιτεῖσθαι
766 3953 872 4006 τοῦ
907 3953 1347 4023 ἁμαρτήματος.

1975 3225 2187 3297 Sponso
2218 3243 2318 3282 nos
2344 3228 2595 3298 indignos
2625 3224 2805 3291 cilicii,
2840 3232 2964 3299 quia
3014 3229 3159 3299 large
3188 3247 3217 3286 a
3244 3231 3555 3288 veneranda

1971 3329 2024 3372 et
2059 3319 2336 3374 dominica
2368 3334 2524 3375 caena
2557 3334 2656 3375 nos
2684 3332 2852 3376 arcet.

2561 3573 2820 3642 ΟΟᾹΖΒΤ
2828 3571 2892 3632 10
2917 3575 2981 3631 ν.

1974 3671 2106 3725 Cum
2139 3669 2396 3738 quidquid
2416 3671 2715 3723 necessitati
2745 3670 2980 3739 subjacet
3005 3672 3225 3726 invitum
3257 3676 3555 3730 neressitati

2042 3752 2263 3808 pareat,
2316 3756 2516 3793 necesse
2567 3751 2744 3794 autem
2787 3751 2864 3794 est
2903 3751 2957 3793 ut
3003 3744 3240 3796 eveniant
3300 3748 3556 3800 scandala

2046 3811 2255 3880 (Matth.
2286 3827 2440 3883 xviii,
2465 3811 2517 3879 '7)
2553 3811 2606 3863 in
2640 3813 2870 3875 mundo,-
2899 3811 3154 3880 injustum
3186 3825 3262 3868 est
3292 3817 3553 3883 impreca-

2044 3882 2275 3936 tionibus
2309 3881 2565 3950 subjicere
2595 3898 2714 3934 eum
2754 3883 2844 3952 qui
2894 3884 2996 3936 vim
3044 3885 3250 3952 patitur
3289 3900 3334 3939 et
3369 3881 3450 3940 ab
3494 3903 3554 3940 eo

2040 3969 2218 4020 plenas
2253 3954 2455 4021 peccati
2490 3961 2736 4021 repetere.

1522 4071 1662 4120 Edita
1680 4085 1706 4120 a
1731 4071 1874 4135 Maio,
1897 4073 1932 4123 l.
1955 4086 1982 4123 c
2008 4109 2022 4134 ,
2053 4086 2101 4133 p.
2137 4070 2182 4129 4,

346 4157 505 4226 Ἔχει
535 4155 640 4227 μέν
668 4174 719 4209 τι
753 4155 980 4211 πιθανὴν
1006 4157 1038 4228 ἡ
1079 4157 1392 4229 κατασκευὴ
1412 4158 1505 4211 τοῦ
1525 4159 1706 4228 λόγου,
1728 4161 1865 4230 πλὴν

273 4250 363 4302 ἐπὶ
401 4250 605 4321 θύραις
651 4251 746 4302 καὶ
793 4249 854 4301 τὸ
907 4249 1204 4312 δυσσεϐὲς·
1241 4251 1559 4321 εἰσπράττει
1618 4253 1729 4323 γὰρ
1775 4255 1866 4308 τὸν

272 4342 403 4395 θεὸν
451 4343 616 4405 δίκας
656 4343 773 4395 ἀνθ’
802 4343 929 4395 ὅτου
984 4343 1043 4395 τὸ
1102 4343 1424 4414 βιαζόμενον
1482 4345 1721 4410 κολάζει,
1769 4347 1866 4399 καὶ

273 4436 400 4503 περὶ
428 4435 491 4486 τὸ
523 4437 727 4487 οἰκεῖον
766 4436 993 4504 πλάσμα
1028 4435 1234 4504 πικρὰν
1264 4437 1465 4507 ἀφίησι
1519 4437 1617 4506 τὴν
1647 4438 1826 4508 ψῆφον
1848 4455 1860 4466 ⁸

2043 4159 2218 4212 Habet
2255 4157 2478 4226 quidem
2520 4155 2769 4209 nonnihil
2809 4157 3113 4224 persuasivi
3155 4157 3312 4213 istius
3339 4174 3551 4214 sermo-

1972 4253 2058 4307 nis
2090 4249 2437 4318 compositio,
2472 4249 2564 4302 sed
2587 4247 2713 4301 etin
2748 4249 2862 4317 ipsa
2889 4248 3057 4316 janua
3079 4250 3280 4318 impius
3307 4261 3411 4305 est.
3446 4252 3552 4306 Ras

1974 4343 2175 4396 tionem
2210 4342 2356 4394 enim
2391 4354 2419 4391 a
2462 4336 2578 4391 Deo
2625 4337 2794 4405 exigit
2846 4352 3016 4407 quare
3051 4339 3255 4407 aliquid
3296 4350 3547 4396 caact'um

1970 4434 2164 4504 puniat
2197 4431 2338 4486 etin
2378 4445 2532 4484 suam
2597 4430 2874 4499 propriam
2923 4439 3227 4485 creaturam
3291 4434 3548 4488 acerbum

269 4529 318 4579 εί
348 4529 458 4600 γάρ
482 4530 722 4597 ἀνάγκη,
743 4528 897 4598 φησὶ,
925 4529 992 4582 τὰ
1032 4529 1300 4582 σκάνδαλα
1324 4530 1518 4592 ἐλθεῖν,
1554 4533 1646 4583 καὶ
1684 4533 1744 4584 τὸ
1777 4532 1866 4599 γέ-

1973 4526 2186 4580 emittat
2223 4524 2542 4588 decretura;
2599 4523 2642 4576 si
2673 4526 2816 4576 enim
2849 4521 2951 4577 fert
2989 4529 3310 4589 necessitas,
3351 4527 3548 4597 inquit,

270 4638 358 4684 νος
386 4621 560 4692 ἡμῶν
591 4621 650 4685 ἐξ
685 4623 931 4690 ἀνάγκης
973 4620 1239 4674 ἁλώσεται
1278 4625 1392 4685 τοῖς
1439 4624 1756 4687 σκανδάλοις
1776 4641 1788 4653 ·
1819 4625 1869 4676 εἰ

269 4710 313 4763 δ’
344 4711 502 4765 ἄκων
536 4711 652 4779 ἐγὼ
680 4711 941 4772 δουλεύω,
971 4711 1058 4764 διὰ
1083 4711 1134 4763 τί
1155 4711 1214 4763 τὸ
1246 4711 1570 4782 βιαζόμενον
1591 4713 1872 4783 παραδραδ

274 4801 415 4866 μὼν,
449 4803 559 4872 ἐμὲ
601 4803 692 4856 τὸν
725 4801 1082 4871 βεϐιασμένον
1112 4804 1138 4854 6
1181 4803 1377 4872 κριτὴς
1424 4803 1584 4873 ἀραῖς
1631 4803 1868 4857 ὑποϐάλ-

268 4895 352 4948 λει
386 4912 401 4956 ;
440 4897 590 4948 υύαὶ
619 4895 732 4964 γάρ
770 4893 848 4963 τῷ
883 4893 1154 4963 ἀνθρώπῳ
1177 4895 1390 4964 ἐκείνῳ,
1429 4895 1581 4964 φησι,
1614 4894 1680 4946 δι’
1716 4888 1775 4947 οὗ
1801 4894 1867 4946 τὰ

272 4988 558 5041 σκάνδαλα
596 4985 833 5056 ἔρχεται.
869 4985 942 5036 Ού
1005 4987 1112 5055 γὰρ
1178 4985 1344 5056 ἐχρῆν
1408 4984 1718 5056 ἐπαρᾶσθαι
1776 4985 1870 5036 καὶ

269 5081 366 5134 ἐπε
377 5079 641 5148 μὸαίνειν
666 5077 742 5148 τῷ
771 5077 1086 5146 ἠδικημένῳ
1117 5078 1211 5129 καὶ
1237 5076 1554 5145 τυραννίδος
1596 5074 1869 5147 ἅρπαγμα

270 5171 664 5241 γεγενημένῳ,
699 5167 1110 5238 φιλανθρωπίας
1160 5167 1216 5220 δὲ
1275 5167 1474 5236 μᾶλλον
1511 5168 1605 5220 καὶ
1654 5184 1870 5236 συμπα-

273 5258 426 5324 θείας
455 5259 619 5325 ἇξιον
648 5258 889 5325 νομίζειν
914 5275 926 5287 ·
964 5258 1052 5311 ἴνα
1097 5256 1172 5327 μὴ
1197 5257 1339 5323 λέγω
1373 5257 1467 5310 καὶ
1515 5259 1620 5329 πρὸ
1665 5259 1870 5310 τούτων

271 5355 345 5417 ὡς
379 5355 761 5409 ἀπαλλάττειν
811 5353 916 5405 ἔδει
964 5353 1064 5423 τῆς
1112 5352 1231 5422 βίας
1269 5353 1330 5404 τὸ
1372 5353 1572 5405 οἰκεῖον
1615 5353 1867 5420 πλάσμα.

270 5448 430 5503 Οὕτω
460 5451 567 5520 μὲν
596 5443 688 5502 οὖν
715 5448 780 5502 ἄν
809 5464 892 5510 τις
946 5447 1043 5499 καὶ
1081 5445 1414 5516 δριμύτερον
1459 5446 1557 5516 τὴν
1589 5445 1686 5516 σὴν
1728 5461 1867 5514 συμ-

269 5541 529 5604 πλέξειεν
564 5538 822 5610 ἀπορίαν.
861 5537 1031 5607 Ἀρχὴ
1058 5536 1104 5590 δ’
1137 5538 1202 5590 ἂν
1221 5537 1327 5605 εἴη,
1351 5536 1506 5604 φασὶ,
1537 5535 1745 5598 λύσεως
1773 5534 1872 5604 τῆς

269 5636 513 5707 ἀπορίας
546 5632 1012 5704 τὸκραταιότερον
1035 5646 1051 5662 ο
1080 5630 1142 5682 τὸ
1170 5629 1300 5700 γὰρ,
1323 5629 1440 5683 Οὐκ
1461 5630 1648 5700 ἐχρῆν,
1680 5628 1870 5698 φάναι,

277 5728 332 5781 τὸ
358 5728 570 5780 οἰκεῖον
598 5725 825 5795 πλάσμα
869 5723 1202 5796 ἐπαρᾶσθαι,
1245 5722 1381 5776 ἀλλά
1428 5725 1492 5793 τῇ
1538 5724 1698 5793 ποινῇ
1738 5721 1872 5774 καθ-

269 5817 616 5872 υποὸάλλειν
642 5816 740 5888 τῆς
774 5816 894 5888 βίας
923 5817 983 5870 τό
1021 5815 1215 5881 αἴτιον,
1255 5815 1356 5867 οὐκ
1387 5812 1536 5869 ἔστιν
1559 5813 1688 5871 ἄλλο
1717 5812 1872 5866 me-

1970 4629 2031 4673 ut
2062 4617 2317 4672 eveniant
2347 4615 2607 4669 scandala
2633 4654 2646 4677 ,
2679 4623 2732 4668 et
2772 4624 3019 4669 nostrum
3064 4632 3234 4686 genus
3264 4634 3327 4671 ex
3363 4633 3552 4672 neces-

1970 4713 2132 4765 sitate
2161 4708 2434 4764 scandulis
2467 4707 2829 4776 occupabitur
2857 4724 2871 4773 ;
2904 4707 2948 4761 si
2983 4719 3166 4762 autem
3213 4725 3319 4762 non
3362 4710 3552 4764 volens

1971 4803 2170 4863 servio,
2202 4815 2302 4854 cur
2347 4797 2660 4854 necessitati
2713 4814 2821 4852 non
2858 4801 3144 4853 attendens
3193 4799 3395 4870 judex,
3449 4802 3549 4857 etsi

1972 4900 2220 4945 coactum
2255 4887 2391 4944 diris
2419 4889 2682 4943 devovet?
2710 4889 2800 4943 Vae
2817 4890 2962 4943 enim
2995 4891 3200 4944 homini
3232 4891 3332 4958 illi,
3353 4893 3548 4963 inquit,

1972 4999 2067 5053 per
2098 4999 2260 5053 quem
2302 4981 2558 5037 scandala
2589 4982 2872 5036 eveniunt.
2913 4981 3030 5036 Non
3075 4982 3218 5036 enim
3268 4985 3554 5053 oportebat.

1973 5075 2266 5145 imprecari
2297 5082 2350 5129 et
2378 5073 2643 5129 insultare
2695 5073 2746 5126 ei
2805 5074 2895 5142 qui
2935 5073 3192 5142 injuriam
3251 5090 3446 5144 passus
3500 5088 3555 5132 et.

1975 5167 2280 5238 tyrannidis
2313 5167 2493 5236 praada
2526 5164 2706 5220 factus
2737 5173 2852 5229 est,
2890 5166 2983 5218 sed
3015 5165 3200 5234 potius
3243 5182 3366 5220 eum
3399 5183 3553 5222 com-

1974 5261 2232 5331 passione
2260 5260 2482 5329 dignum
2508 5259 2746 5323 habere;
2783 5271 2850 5312 ne
2883 5257 3060 5311 dicam
3093 5260 3405 5328 oportuisse
3427 5268 3554 5313 ante

1973 5354 2158 5408 omnia
2190 5351 2362 5406 Deum
2404 5352 2496 5406 tali
2530 5351 2802 5405 violentiae
2833 5351 3115 5420 preprinm
3145 5352 3352 5419 plasma
3376 5352 3556 5421 eripe-

1973 5461 2056 5499 re.
2088 5445 2164 5498 lta
2187 5444 2334 5498 enim
2360 5451 2413 5498 et
2438 5443 2807 5497 abundantius
2838 5443 3038 5513 aliquis
3070 5458 3224 5498 suam
3253 5443 3558 5498 innectcret

1972 5537 2393 5592 dubitationem.
2425 5536 2645 5591 initium
2697 5546 2878 5591 autem
2933 5538 3247 5603 solutionis,
3277 5538 3556 5608 inquiunt,

1972 5640 2056 5684 est
2092 5629 2206 5698 ipsa
2237 5627 2390 5682 dubii
2415 5628 2579 5697 hujus
2608 5628 2884 5697 praecipua
2908 5644 3054 5698 pars.
3089 5630 3245 5698 Quod
3275 5630 3419 5689 enim
3439 5633 3556 5688 ait:

1973 5719 2093 5776 Non
2127 5720 2411 5790 oportebat
2443 5721 2666 5790 proprio
2694 5720 2946 5790 plasmati
2975 5721 3284 5792 imprecari,
3318 5722 3411 5778 sed
3445 5737 3559 5791 poe-

1977 5827 2059 5867 nae
2090 5810 2364 5882 subjicere
2388 5825 2612 5867 causam
2645 5811 2937 5878 violentiae,
2995 5821 3077 5868 est
3125 5813 3350 5883 perinde
3409 5827 3474 5866 ac
3512 5813 3559 5872 si
