4134 6478
605 383 703 447 103

1761 366 2024 429 ΡΗΟΤΙΙ
2062 365 2191 423 ΡΛἸ

2297 363 2567 424 ARCHJE
2596 369 2703 427 CP.
3760 370 3845 433 mi

598 496 745 547 dicat
777 508 790 544 :
829 488 1123 558 Oportebat
1158 484 1294 539 diris
1345 498 1540 537 vovere
1587 480 1886 535 hominem.
1938 476 1997 529 Si
2035 472 2181 525 enim

2294 491 2405 541 γειν
2434 477 2571 542 ἀλλ’,
2610 478 2809 551 Ἐχρῆν
2842 482 2945 534 ὑπὸ
2970 483 3214 553 κατάραν
3244 481 3515 536 ποιεῖσθαι
3545 482 3636 535 τὸν
3658 482 3849 552 ἀνθρω-

599 584 840 647 aliunde,
870 596 1045 651 neque
1072 596 1136 634 ex
1165 587 1349 632 nostra
1381 588 1435 630 et
1468 576 1635 628 libera
1672 572 1950 627 voluntate
1975 584 2179 637 expan-

598 681 802 731 duntur
824 673 1104 734 scandala,
1131 671 1329 725 merito
1359 683 1541 723 sermo
1560 667 1647 721 ille
1674 666 1806 735 petit
1834 678 1901 718 ne
1924 662 2049 733 quis
2082 663 2181 715 ho-

600 785 687 823 lth
718 765 1211 836 imprecationibus
1239 762 1605 831 subjiciatur;
1654 759 1698 811 si
1733 766 1916 812 autem
1950 753 2180 826 projicio

597 860 713 929 ipse
745 855 1134 912 seandalorum
1174 852 1382 906 semina
1409 890 1424 915 ,
1469 856 1758 917 postquam
1795 855 1976 898 autem
2010 840 2179 895 semi-

597 960 722 1005 nata
757 958 906 1013 sunt,
944 960 1169 1000 necesse
1192 952 1277 997 est
1310 952 1368 995 ut
1403 942 1651 996 colantur
1682 948 1733 993 et
1758 937 1945 1006 spinas
1979 933 2179 997 ferant,

597 1058 699 1111 ego
748 1038 841 1108 qui
880 1038 1015 1092 mihi
1050 1036 1163 1105 ipse
1196 1048 1411 1103 ptenam
1450 1047 1545 1101 per
1573 1028 1956 1085 scandalorum
1995 1024 2182 1093 spinas

596 1130 909 1195 coneiliavi,
939 1128 1065 1198 jure
1097 1143 1181 1182 me
1215 1135 1267 1180 et
1296 1123 1668 1195 imprecationi
1704 1130 1758 1175 et
1791 1134 1964 1191 pmnaa
1994 1117 2182 1186 subje-

599 1234 748 1278 ctum
780 1221 952 1276 eiiicio
984 1237 997 1273 :
1034 1234 1141 1273 non
1172 1216 1500 1287 judicareris
1535 1224 1713 1268 autem
1747 1212 1946 1283 dignus
1972 1210 2064 1279 qui
2098 1223 2185 1261 ve-

601 1318 747 1371 niam
774 1327 866 1369 aut
885 1311 1321 1368 benevolentiam
1346 1308 1627 1377 ullopaeto
1651 1306 1993 1375 implorares.
2010 1303 2183 1357 Porro

601 1409 691 1461 illa
723 1405 981 1461 scandala
1008 1414 1134 1459 sunt
1157 1416 1499 1473 quaecunque
1540 1398 1926 1468 impedimenta
1956 1410 2182 1449 moran-

603 1511 691 1555 tur
712 1499 857 1552 viam
882 1497 937 1552 in
963 1507 1223 1552 aeternam
1258 1495 1423 1548 vitam
1453 1493 1767 1547 ducentem.
1797 1490 2057 1555 Quatnam
2087 1504 2184 1543 au-

603 1602 710 1646 tem
742 1589 916 1646 sunt?
942 1587 1312 1649 Adulterium,
1348 1584 1607 1647 ebrietas,
1633 1581 1863 1644 furtum,
1906 1579 2184 1634 calumnia

607 1692 662 1738 et
688 1684 741 1737 in
782 1680 975 1752 primis
1002 1677 1359 1734 homicidium
1390 1687 1444 1731 et
1466 1674 1715 1739 avaritia,
1744 1680 1797 1725 et
1842 1686 2185 1741 quaecunque

602 1776 708 1831 alia
743 1790 811 1828 ex
843 1773 910 1828 iis
946 1773 1087 1827 mala
1113 1771 1403 1832 oriuntur;
1458 1783 1579 1837 qua:
1620 1768 1860 1821 humana
1911 1780 2066 1819 mens
2117 1763 2184 1817 ad

605 1869 899 1939 imaginem
936 1864 1028 1921 Dei
1067 1863 1234 1928 facta,
1266 1861 1579 1916 indolentia:
1613 1871 1666 1915 et
1714 1859 1957 1915 mollitiae
1983 1858 2186 1921 dedita,

605 1970 664 2015 ut
698 1962 751 2015 in
786 1957 1050 2013 mundum
1097 1955 1320 2009 veniant
1348 1952 1513 2019 facit;
1550 1962 1604 2006 et
1653 1967 1779 2007 cum
1825 1959 2011 2006 creata
2041 1962 2187 2004 esset

604 2064 663 2108 ut
691 2058 1012 2123 operaretur
1031 2054 1280 2113 virtutes,
1314 2045 1663 2115 senietipsam
1682 2043 1859 2099 ell‘eeit
1880 2042 2187 2113 operariam

604 2148 978 2215 iniquitatum.
1022 2139 1197 2195 Simul
1236 2150 1418 2193 autem
1457 2147 1619 2206 atque
1667 2152 1731 2192 ex
1786 2135 1945 2191 nobis
1980 2144 2187 2189 motum

604 2251 658 2294 et
685 2239 1084 2292 incrementum
1108 2232 1419 2290 istiusmodi
1460 2230 1786 2301 cupiditates
1810 2236 2095 2299 ceperunt,
2122 2243 2190 2282 ex

605 2330 936 2385 necessitate
969 2327 1168 2383 deinde
1195 2326 1248 2380 in
1272 2333 1461 2380 nostra
1486 2324 1595 2377 vita
1616 2328 1903 2376 versantur
1929 2328 1982 2373 et
2001 2328 2189 2390 agunt.

605 2426 660 2479 Si
692 2424 838 2479 enim
868 2425 1130 2494 antiquus
1173 2422 1343 2476 nostri
1378 2422 1593 2492 generis
1624 2418 1799 2474 hostis
1853 2416 2083 2487 impellit
2138 2422 2191 2469 et

603 2520 804 2575 excitat
862 2518 929 2571 ad
994 2518 1179 2588 pejora
1243 2525 1483 2570 nostram
1548 2524 1845 2577 naturam,
1910 2522 2189 2577 nunquam

609 2622 787 2663 tamen
819 2608 1035 2662 videtur
1059 2606 1219 2661 nobis
1246 2604 1434 2660 invitis
1459 2619 1637 2674 neque
1670 2602 1857 2674 pejora
1889 2601 2069 2655 facere
2094 2614 2192 2653 cu-

608 2700 884 2756 pientibus
924 2699 1227 2767 imperare;
1259 2696 1387 2750 dum
1428 2704 1612 2748 autem
1665 2691 1929 2763 quasdam
1984 2691 2195 2745 excita-

610 2796 787 2847 tiunes
821 2800 873 2845 et
901 2790 1061 2861 quasi
1094 2788 1288 2843 solatia
1329 2786 1579 2841 alicunde
1601 2794 2005 2854 exspectamus,
2035 2782 2135 2852 ipsi
2164 2796 2195 2835 a

612 2884 752 2937 virili
784 2891 837 2937 et
866 2897 1134 2953 generoso
1176 2879 1395 2935 virtutis
1421 2894 1587 2934 sensu
1618 2877 1979 2941 declinantes,
2013 2874 2193 2929 locum

611 2987 844 3046 occupat
872 2975 1075 3030 diaboli
1109 2974 1423 3040 consilium,
1458 2983 1511 3028 et
1534 2974 1591 3026 lit
1625 2971 1920 3027 auxiliator
1950 2970 2191 3039 quidem,

610 3070 705 3123 sed
750 3084 855 3121 non
910 3067 1123 3136 primus
1164 3080 1331 3119 casus
1359 3062 1534 3118 nostri
1562 3071 1770 3116 auctor.
1806 3060 1962 3114 Patet
1990 3069 2191 3148 autenr,

2282 586 2418 623 πον·
2455 572 2632 642 εἰμὲν
2673 573 2781 641 γάρ
2833 573 3056 627 ἄλλοθέν
3108 573 3272 625 ποθεν
3326 574 3421 627 καὶ
3467 574 3572 626 οὐκ
3618 572 3726 626 ἀπὸ
3760 574 3851 643 τῆς

2283 664 2558 736 ἡμετέρας
2579 665 2671 718 καὶ
2690 666 3084 719 αύτοδεσπότου
3101 665 3326 735 γνώμης
3342 664 3582 736 ήπλοῦτο
3612 666 3680 717 τά
3704 665 3853 720 σκάν-

2281 755 2684 821 δαλα,είκὸτως
2710 774 2768 809 τε
2808 757 2874 809 ἂν
2915 757 3117 825 ὀλόγος
3148 757 3350 827 ἀπῄτει
3410 757 3543 827 μηδὲ
3591 758 3752 827 ἀραῖς
3784 775 3854 810 τι-

2283 868 2349 902 να
2377 850 2485 901 τῶν
2512 849 2816 921 ἀνθρώπων
2868 850 3267 903 ύποϐάλλεσθαι
3290 866 3303 880 ο
3339 850 3389 902 εἰ
3437 851 3491 903 δὲ
3540 850 3857 903 καταϐάλλω

2287 940 2386 1010 μὲν
2425 940 2535 1008 ἐγὼ
2568 940 2675 992 τῶν
2714 940 3028 993 σκανδάλων
3061 941 3130 994 τά
3166 940 3480 1010 σπέρματα,
3510 943 3637 992 ἐπεὶ
3654 942 3710 993 δὲ
3733 957 3857 993 κατ-

2285 1032 2509 1102 εϐλήθη,
2550 1032 2765 1101 ἀνάγκη
2800 1034 2892 1085 καὶ
2942 1033 3332 1103 γεωργηθῆναι
3376 1033 3469 1085 καὶ
3514 1034 3860 1102 καρποφορῆ-

2289 1140 2379 1176 σαι
2420 1122 2520 1192 τὴν
2568 1122 2832 1179 ἄκανθαν.
2873 1125 2900 1175 ὁ
2953 1122 3294 1193 προξενήσας
3343 1122 3569 1193 ἐμαυτῷ
3617 1122 3709 1174 διὰ
3763 1122 3861 1172 τών

2288 1214 2598 1268 σκανδάλων
2628 1214 2729 1284 τῆς
2769 1213 3011 1284 ἀκάνθης
3045 1215 3107 1267 τὸ
3147 1214 3445 1284 ἐπιτίμιον,
3496 1213 3729 1274 εἰκότως
3780 1212 3862 1263 καὶ

2284 1310 2385 1378 τῆς
2415 1310 2554 1379 ἀράς
2586 1310 2681 1363 καὶ
2718 1310 2813 1379 τῆς
2840 1309 2994 1377 δίκης
3026 1308 3261 1378 ἐμαυτὸν
3292 1308 3606 1378 παρίστημι
3651 1307 3825 1375 ἔνοχον
3848 1323 3861 1334 ·

2286 1401 2403 1453 ἀλλ’
2430 1402 2490 1453 οὐ
2530 1402 2865 1473 συγγνώμην
2888 1402 3050 1455 ποθέν
3094 1402 3366 1465 ἀπαιτεῖν,
3410 1399 3531 1452 οὐδὲ
3571 1398 3863 1468 φιλανθρω-

2287 1493 2418 1557 πίας
2444 1494 2712 1563 οὐμενοῦν
2741 1493 2981 1564 οὐδαμοῦ
3009 1494 3259 1565 κριθείης
3304 1490 3485 1555 ἄξιοςο
3521 1490 3799 1543 σκάνδαλα
3822 1488 3863 1539 δ’

2286 1585 2351 1639 ἂν
2382 1588 2569 1643 ἐκεῖνα
2615 1590 2700 1656 εἴη
2734 1590 2834 1642 ὅσα
2884 1588 3184 1657 κωλύματα
3225 1586 3437 1655 γίνεται
3472 1586 3570 1652 τῆς
3602 1584 3742 1654 πρὸς
3777 1584 3865 1652 τὴν

2288 1681 2433 1753 ζωὴν
2471 1682 2714 1753 ἀγούσης
2746 1682 2867 1735 όδοῦ
2897 1682 2993 1752 τὴν
3021 1681 3271 1734 αἰώνιον·
3304 1680 3428 1733 τίνα
3452 1680 3499 1732 δ’
3520 1680 3642 1731 ἐστι
3662 1676 3864 1740 ταῦτα;

2288 1775 2539 1846 πορνεία,
2580 1774 2741 1845 μέθη,
2789 1773 2990 1843 κλοπὴ,
3024 1770 3347 1835 καταλαλιά,
3377 1771 3474 1824 καὶ
3530 1770 3643 1840 πρὸ
3674 1770 3868 1820 τούτων

2289 1867 2451 1936 φόνος
2487 1866 2581 1919 καὶ
2605 1866 2942 1937 φιλαργυρία
2980 1865 3074 1919 καὶ⁴
3122 1866 3223 1917 ὅσα
3258 1862 3395 1917 ἄλλα
3440 1862 3588 1916 κακὰ
3631 1860 3721 1913 διὰ
3753 1858 3868 1911 τοὺ-

2287 1978 2396 2014 των
2422 1976 2435 1991 ’
2472 1960 2617 2031 ἅπερ
2646 1961 2675 2012 ὁ
2705 1959 3049 2030 ἀνθρώπινος
3108 1957 3231 2011 κατ’
3262 1957 3449 2011 είκόνα
3482 1954 3625 2009 Θεοῦ
3669 1952 3871 2005 πεπλα-

2291 2053 2489 2124 σμένος
2523 2054 2647 2116 νοῦς
2690 2052 2935 2124 ραθυμίᾳ
2973 2051 3067 2105 καὶ
3109 2049 3365 2123 ῥαστώνῃ
3406 2047 3712 2119 παρασχὼν
3755 2045 3870 2098 ἐαυ-

2289 2149 2382 2201 τὸν
2414 2149 2495 2211 είς
2520 2148 2612 2201 τὸν
2659 2147 2867 2216 κόσμον
2925 2145 3104 2199 ἐλθεῖν
3158 2143 3571 2215 παρασκευάζει
3598 2158 3613 2171 ⁸
3650 2140 3743 2194 καὶ
3772 2137 3873 2191 τῶν

2289 2239 2502 2310 ἀρετῶν
2543 2240 2781 2310 ἐργάτης
2831 2237 3095 2299 πλασθεὶς
3157 2237 3405 2307 γεωργὸν
3456 2234 3653 2289 ἐαυτὸν
3716 2247 3871 2285 κατα·

2294 2331 2555 2395 σκευάζει
2586 2330 2693 2384 τῶν
2716 2330 2937 2399 φαύλων
2964 2349 2977 2362 ⁸
3012 2330 3188 2401 ῥοπὴν
3214 2329 3269 2382 δὲ
3310 2326 3457 2393 ἅπαξ
3494 2327 3554 2393 ἐξ
3596 2325 3754 2397 ἡμῶν
3789 2324 3873 2375 καὶ

2294 2425 2533 2496 βλάστην
2573 2424 2643 2478 τά
2685 2425 2915 2478 τοιαῦτα
2961 2423 3071 2476 τῶν
3136 2422 3476 2492 παθημάτων
3537 2421 3791 2485 λαϐόντα,
3821 2416 3875 2481 ἐξ

2293 2516 2544 2584 ἀνάγκης
2575 2516 2635 2569 τὸ
2675 2514 2863 2569 λοιπὸν
2899 2515 3257 2587 ἐπιχωριάζει
3286 2532 3345 2567 τε
3376 2516 3471 2567 καὶ
3500 2511 3871 2586 παρρησιάζε-

2293 2626 2384 2662 ται
2419 2607 2498 2679 τῷ
2535 2607 2793 2678 ἡμετέρῳ
2829 2607 2950 2678 βίῳ.
2981 2607 3043 2661 Ei
3079 2607 3189 2677 γὰρ
3229 2607 3322 2659 καὶ
3352 2608 3380 2660 ὁ
3413 2607 3642 2677 ἀρχαῖος
3665 2604 3759 2657 τοῦ
3788 2602 3871 2669 γέ-

2294 2720 2421 2766 νους
2458 2702 2617 2773 ἡμῶν
2652 2700 2849 2773 ἐχθρὸς
2882 2703 3131 2756 ἀνακινεῖ
3175 2718 3237 2753 τε
3284 2699 3381 2754 καὶ
3420 2699 3697 2771 ἀνεγείρει
3750 2696 3871 2765 πρὸς

2293 2798 2364 2851 τὰ
2395 2796 2620 2868 χείρονα
2644 2798 2746 2869 τὴν
2779 2796 2962 2866 φύσιν,
3019 2794 3136 2849 ἀλλ’
3159 2793 3397 2865 οὐδαμοῦ
3447 2794 3703 2864 φαίνεται
3746 2807 3870 2860 κρα-

2294 2893 2402 2947 τῶν
2425 2892 2582 2963 ἡμῶν
2611 2890 2686 2962 μὴ
2713 2888 3073 2960 πειθομένων,
3109 2888 3243 2958 μηδὲ
3273 2886 3341 2939 τά
3368 2886 3591 2957 χείρονα
3624 2884 3870 2955 πράττειν

2295 2984 2647 3058 ὡρμημένων
2669 3001 2683 3015 '
2716 2982 3044 3054 ἐρεθισμοὺς
3070 2980 3128 3035 δέ
3156 2997 3309 3043 τινας
3345 2979 3442 3032 καὶ
3464 2976 3577 3032 οἷον
3602 2974 3872 3048 παρακλή-

2299 3100 2413 3145 σεις
2436 3080 2733 3151 ἀλλαχόθεν
2768 3076 3174 3148 ἀναμενόντων,
3226 3074 3385 3146 ἡμῶν
3412 3074 3468 3129 δὲ
3507 3072 3603 3127 τοῦ
3642 3073 3871 3144 ἀρρενω-

609 3158 1069 3231 quemadmodum
1101 3157 1267 3211 vitam
1300 3156 1500 3211 bonam
1531 3156 1764 3225 perdunt
1793 3169 1857 3207 ac
1904 3154 2191 3207 destruunt

2302 3175 2405 3229 ποῦ
2442 3192 2501 3228 τε
2534 3173 2631 3228 καὶ
2668 3172 2922 3242 γενναίου
2963 3170 3065 3241 τῆς
3115 3169 3318 3241 ἀρετῆς
3366 3166 3868 3224 ὑπολισθαινόντων,

608 3252 921 3309 istiusmodi
963 3250 1224 3306 scandala
1280 3260 1335 3305 et
1366 3249 1713 3318 cupiditates,
1745 3249 1819 3301 ita
1849 3247 2012 3301 etiam
2042 3247 2113 3300 ita
2140 3257 2195 3299 et

608 3350 731 3420 pios
757 3361 1043 3402 sermones
1068 3344 1329 3399 invadere
1355 3352 1409 3398 et
1434 3351 1651 3398 vastare
1697 3341 1954 3396 haeretica
2002 3350 2057 3393 et
2085 3340 2195 3393 dis-

609 3455 745 3499 sona
773 3441 1069 3511 impiorum
1104 3438 1361 3509 dogmata
1406 3445 1460 3491 et
1508 3436 1743 3507 cogitata
1777 3454 1791 3490 :
1825 3436 1919 3505 qui
1969 3448 2094 3489 cum
2129 3432 2199 3486 ab

612 3535 770 3590 initio
794 3533 978 3604 pravis
1014 3531 1133 3587 suis
1177 3529 1607 3601 cogitationibus
1645 3543 1710 3583 ea
1747 3528 2093 3598 collegissent
2145 3532 2201 3579 et

613 3630 669 3683 in
693 3629 870 3681 lucem
900 3625 1237 3689 edidissent;
1269 3638 1377 3677 non
1409 3621 1730 3677 necessitate
1758 3623 1851 3677 sed
1888 3620 2200 3675 voluntario

615 3721 850 3778 consilio
880 3729 935 3773 et
961 3718 1255 3784 sententia,
1280 3716 1655 3786 proximorum
1682 3730 1841 3770 aures
1858 3713 2198 3785 blasphemia

613 3813 1020 3883 impleverunt,
1051 3818 1106 3866 et
1136 3809 1385 3865 fecerunt
1418 3817 1476 3863 ut
1504 3824 1601 3880 per
1628 3822 1687 3862 se
1722 3818 1777 3862 et
1804 3822 1897 3863 eos
1943 3807 2034 3877 qui
2067 3806 2200 3875 ipsis

613 3907 986 3974 crediderunt,
1037 3921 1100 3960 ex
1154 3904 1483 3960 necessitate
1528 3901 1786 3958 scandala
1834 3901 1888 3955 in
1932 3902 2199 3956 mundum

613 4003 907 4068 venirent;
940 4000 1142 4070 quibus
1173 4009 1226 4053 et
1256 3998 1390 4051 illud
1427 4014 1540 4062 vae,
1597 3998 1911 4067 incorrupta
1953 3992 2199 4065 judiciali

614 4096 909 4161 sententia,
934 4096 1180 4151 divinum
1216 4092 1497 4148 decretqu
1532 4091 1586 4145 in
1617 4106 1713 4145 eos
1740 4089 1981 4144 immittit
2013 4089 2106 4158 qui
2141 4102 2200 4142 se

615 4192 865 4261 indignos
884 4190 1129 4262 qualibet
1152 4186 1528 4242 misericordia
1554 4185 1944 4256 praestiterunt,
1978 4194 2037 4239 ut
2059 4193 2113 4239 et
2142 4184 2196 4237 in

616 4285 723 4338 alio
761 4284 881 4339 loco
914 4283 1070 4347 dicit,
1127 4282 1311 4336 talium
1373 4281 1639 4335 interesse
1692 4288 1747 4332 ut
1788 4280 1932 4332 mola
1960 4278 2200 4332 asinaria

617 4396 810 4436 eorum
873 4378 1030 4435 collis
1093 4376 1344 4447 alligetur
1399 4382 1454 4429 et
1506 4374 1558 4427 in
1615 4386 1765 4426 mare
1819 4371 2195 4442 projiciautur.

620 4473 812 4529 Saluta
847 4475 1010 4543 igitur
1043 4479 1130 4525 est
1158 4468 1447 4524 dimcultas
1475 4481 1542 4522 ex
1576 4465 1643 4520 iis
1678 4464 1877 4536 quibus
1910 4464 2197 4519 videbatur

615 4564 968 4636 potissimum
1004 4561 1276 4618 roborari.
1302 4557 1488 4630 Neque
1524 4559 1577 4613 in
1623 4558 1777 4613 illum
1806 4556 2059 4629 dirigitur
2092 4558 2197 4611 im-

613 4660 882 4732 precatio,
917 4657 1012 4726 qui
1060 4655 1169 4711 vim
1202 4654 1422 4725 patitur,
1460 4651 1554 4708 sed
1583 4651 1638 4707 in
1668 4666 1791 4706 eum
1822 4651 1913 4721 qui
1943 4652 2199 4707 scandala

614 4751 847 4809 seminat
871 4758 926 4805 et
956 4764 1054 4820 per
1103 4762 1266 4818 quem
1299 4745 1602 4815 prodeunt;
1640 4743 1803 4801 simul
1852 4757 1915 4799 ac
1945 4744 2202 4799 scandala

612 4843 865 4914 projecit,
908 4858 975 4897 ex
1001 4842 1331 4897 necessitate
1356 4838 1553 4893 deinde
1581 4836 1634 4890 in
1666 4837 1871 4891 mundo
1916 4847 2204 4891 versantur

614 4947 667 4992 et
697 4946 887 5007 agunt.

2298 3267 2570 3337 λαμϐάνει
2606 3264 2791 3337 χώραν
2819 3266 2850 3335 ἡ
2879 3263 2974 3317 τοῦ
3009 3260 3248 3331 πονηροῦ
3289 3260 3590 3331 συμϐουλὴ,
3626 3259 3722 3312 καὶ
3744 3255 3871 3325 γίνε-

2298 3378 2391 3414 ται
2424 3360 2686 3431 συνεργὸς
2720 3357 2834 3411 ἀλλ’
2864 3358 2965 3410 οὐκ
2996 3355 3239 3427 ἀρχηγὸς
3280 3352 3374 3408 τοῦ
3414 3351 3867 3424 παραπτώματος.

2299 3453 2460 3525 δῆλον
2487 3453 2545 3506 δὲ
2574 3454 2658 3506 ὃτι
2692 3452 2947 3520 καθάπερ
2980 3449 3057 3520 τῷ
3086 3447 3207 3501 κατ’
3236 3447 3438 3518 ἀρετὴν
3463 3446 3563 3518 βίῳ
3589 3443 3868 3513 ἐπιλυμαί·

2300 3546 2451 3598 νεταί
2491 3562 2548 3597 τε
2586 3545 2681 3598 καὶ
2723 3542 3025 3614 ἀνατρέπει
3078 3542 3146 3595 τὰ
3192 3539 3420 3594 τοιαῦτα
3459 3538 3735 3593 σκάνδαλα
3791 3531 3872 3586 καιλ

2301 3638 2475 3708 πάθη,
2521 3636 2665 3689 οὕτω
2710 3634 2776 3705 δὴ
2820 3633 2964 3688 οὕτω
3011 3634 3106 3688 καὶ
3146 3632 3222 3704 τῷ
3260 3633 3382 3686 κατ’
3410 3631 3697 3685 εὐσέϐειαν
3744 3627 3871 3692 λόγῳ

2301 3731 2629 3803 ἐπιπροσθεῖ
2661 3747 2721 3783 τε
2761 3730 2855 3785 καὶ
2883 3728 3271 3798 καταληῖςεται
3290 3727 3359 3780 τὰ
3382 3725 3635 3798 αἱρετικά
3668 3723 3761 3778 καὶ
3782 3736 3869 3771 πα-

2300 3827 2565 3897 λίμφημα
2587 3822 3117 3891 τῶνξδυσσεϐούντων
3137 3822 3387 3891 δόγματα
3407 3821 3503 3874 καὶ
3516 3820 3835 3891 φρονήματα
3857 3828 3868 3842 ⁵

2303 3920 2464 3990 οἷπερ
2492 3918 2752 3988 ἐξάρχῆς
2804 3918 2926 3979 ταῖς
2961 3915 3227 3986 πονηραῖς
3248 3913 3430 3967 αὐτῶν
3466 3913 3729 3974 διανοίαις
3764 3906 3870 3961 συλ-

2300 4011 2718 4076 λαϐόντεςαὺτά
2752 4013 2848 4066 καὶ
2879 4010 3240 4071 ἀποτεκόντες
3273 4008 3375 4060 οὐκ
3409 4008 3469 4072 ἐξ
3495 4007 3747 4074 ἀνάγκης
3765 3998 3871 4053 οὐδὲ

2302 4108 2414 4180 βίᾳ,
2456 4105 2799 4176 ἐκουσιότητι
2856 4104 2913 4158 δὲ
2962 4103 3159 4174 βουλῆς
3206 4118 3266 4154 τε
3312 4101 3406 4154 καὶ
3430 4099 3678 4169 γνώμης,
3704 4096 3797 4158 τάς
3821 4105 3872 4142 τε

2301 4201 2410 4254 τῶν
2444 4198 2673 4270 πλησίον
2701 4197 2872 4260 ἀκοὰς
2918 4196 3018 4267 τῆς
3070 4193 3387 4264 δυσφημίας
3424 4190 3751 4261 ἐνέπλησαν,
3789 4184 3870 4236 καὶ

2302 4292 2362 4359 ἐξ
2387 4292 2634 4359 ἀνάγκης
2669 4290 2735 4342 δι’
2765 4287 2973 4342 ἐαυτῶν
3007 4304 3067 4340 τε
3118 4286 3212 4339 καί⁵
3260 4284 3370 4338 τῶν
3429 4279 3871 4357 παραδεξαμένων

2301 4388 2382 4450 είς
2410 4387 2502 4440 τὸν
2542 4385 2748 4455 κόσμον
2776 4384 2950 4438 ἐλθεῖν
2978 4381 3048 4436 τά
3095 4380 3367 4434 σκάνδαλα
3427 4380 3871 4451 παρεσκεύασαν·

2304 4473 2385 4543 οἷς
2412 4479 2509 4531 καὶ
2545 4478 2606 4531 τὸ
2640 4478 2786 4543 οὐαὶ,
2817 4476 3102 4547 ἀδεκάστῳ
3128 4476 3308 4546 κρίσει
3334 4474 3367 4546 ή
3406 4474 3528 4527 θεία
3559 4474 3742 4546 ψῆφος
3788 4471 3869 4522 ἐπ·

2312 4572 2542 4641 αφίησιν
2576 4569 2806 4631 ἑαυτοὺς
2837 4567 3091 4633 ἀναξίους
3113 4564 3557 4638 παρεσκευακόσι
3586 4562 3783 4625 παντὸς
3806 4559 3865 4611 οἱ·

2308 4662 2571 4735 κτιρμοῢ,
2595 4661 2671 4725 ὦς
2705 4677 2810 4715 που
2840 4661 2935 4713 καὶ
2960 4658 3221 4729 ἀλλαχόθι
3262 4657 3426 4728 φησὶν
3456 4658 3539 4710 ὃτι
3571 4659 3686 4722 τοῖς
3720 4651 3867 4709 τοιού-

2309 4773 2423 4819 τοις
2447 4754 2725 4825 συμφέρει
2760 4752 2848 4806 ἵνα
2879 4749 3046 4822 μύλος
3091 4748 3270 4811 ὀνικὸς
3306 4747 3435 4819 δεθῇ
3469 4748 3600 4818 περὶ
3644 4747 3736 4800 τὸν
3758 4740 3863 4814 τράο

2310 4848 2474 4919 χηλον
2526 4845 2733 4909 αὐτῶν,
2782 4844 2876 4897 καὶ
2922 4841 3303 4913 ἀπορῤιφῶσιν
3347 4841 3427 4905 εἰς
3456 4839 3555 4911 τὴν
3588 4839 3864 4894 θάλασσαν.

2312 4941 2547 4997 Λέλυται
2577 4938 2756 4992 τοίνυν
2768 4937 2973 5007 ἀπορία
2994 4936 3053 5000 ἐξ
3077 4929 3151 4989 ὧν
3166 4936 3342 4990 ἐδόκει
3358 4932 3730 5005 κρατύνεσθαι
3752 4950 3764 4963 ·
3792 4932 3864 4979 καὶ

614 5036 714 5103 οὑχ
752 5036 778 5087 ὁ
810 5032 1053 5103 βιασθεὶς
1077 5034 1190 5104 ἔχει
1222 5033 1318 5105 τὴν
1348 5034 1512 5106 ἀρὰν,
1536 5034 1652 5088 ἀλλ’
1674 5036 1701 5088 ὁ
1720 5038 1829 5090 τῶν
1852 5041 2164 5096 σκανδάλων
2195 5039 2493 5112 προϐολεὺς
2521 5038 2586 5090 δι’
2621 5032 2681 5090 οὗ
2724 5035 2931 5105 προέϐη
2964 5036 3031 5087 τὰ
3064 5033 3334 5089 σκάνδαλα
3354 5050 3366 5063 '
3390 5034 3585 5087 τούτου
3611 5034 3719 5105 γὰρ
3758 5041 3863 5099 προ·

618 5129 974 5201 ϐαλλομένου,
1014 5128 1075 5193 ἐξ
1128 5128 1377 5198 ἀνάγκης
1440 5128 1627 5183 λοιπὸν
1686 5132 1944 5205 ἐπιδημεῖ
2000 5151 2060 5187 τε
2114 5135 2209 5189 καὶ
2248 5129 2687 5205 παρρησιάζεται
2716 5128 2795 5200 τῷ
2829 5128 3019 5198 κόσμῳ
3047 5127 3113 5181 τά
3144 5126 3433 5181 σκάνδαλα.
