4134 6526
321 520 426 586 105

902 639 1242 692 ararum
1278 640 1371 705 (τ’.

325 734 390 786 Tr?
431 732 506 791 δή
548 746 695 786 ποτε
738 731 967 800 Μωσῆς
1011 731 1129 784 τῶν
1180 730 1455 798 οὐρανῶν
1499 732 1573 783 οὐ
1621 729 1916 798 μέμνηται

395 804 740 869 βασιλείας,
766 805 867 856 καί
891 820 979 856 τοι
999 802 1104 856 τοῦ
1132 800 1406 869 Σωτῆρος
1422 802 1491 854 ἐν
1508 801 1630 870 τοῖς
1652 804 1915 870 Εὐάγγε-

398 875 556 938 λίοις
573 872 859 942 λαμπρῶς
875 873 1150 937 εἰπόντος
1175 873 1292 926 ἀπὸ
1308 869 1645 942 καταϐολῆς
1680 869 1912 942 κόσμου

406 943 528 1010 τοῖς
567 940 823 1009 δικαίοις
850 945 1079 1010 ταύτην
1109 940 1542 1012 ἐτοιμασθῆναι
1561 941 1778 1009 {27-28)
1807 960 1822 1008 ;

1370 525 1470 583 AD
1501 523 2102 586 AMPHILOCHIUM
2134 523 2482 595 ΟυΑζδΤΙΟ
2503 520 2602 584 VI.

3024 618 3026 620 ν
3523 525 3622 589 106

2587 636 2919 704 QUAESTIO
2964 637 3053 693 Vl.

2025 731 2135 787 Cur
2167 731 2335 785 Moses
2395 732 2541 800 regni
2586 729 2834 802 caelorum
2888 729 3091 802 nullam
3123 734 3435 785 mentionem
3481 733 3622 802 [ecce

2095 805 2186 867 rit,
2244 799 2548 871 quanquam
2593 799 2841 853 Servalor
2889 802 2945 853 in
2993 801 3293 871 Evangeliis
3339 799 3624 872 manifeste

2095 874 2318 935 dicat”,
2347 890 2379 924 η
2412 872 2786 925 constitutione
2818 873 3001 925 mundi
3035 873 3166 926 illud
3197 891 3310 930 esse
3329 873 3491 943 justis
3523 891 3624 942 pa-

2091 954 2269 997 ratum
2280 981 2292 993 .

1471 1033 1614 1085 Edita
1635 1049 1662 1084 a
1687 1033 1834 1097 Maio,
1857 1037 1988 1087 Nov.
2020 1035 2168 1094 Coit,
2193 1043 2231 1084 t.
2266 1036 2304 1096 Ι,
2328 1050 2375 1098 ρ.
2404 1036 2480 1084 48.

405 1150 474 1199 α’.
506 1144 686 1197 Πολλά
709 1144 818 1197 τῶν
846 1143 1055 1214 νοητῶν
1083 1145 1110 1198 ό
1144 1145 1286 1207 θεῖος
1313 1146 1521 1218 Μωσῆς
1546 1147 1766 1218 παρῆκε
1787 1163 1800 1177 ⁸
1834 1148 1929 1201 καὶ

327 1238 363 1307 ὴ
405 1236 658 1308 βασιλεία
680 1236 736 1289 δὲ
769 1236 878 1289 τῶν
901 1236 1146 1308 οὐρανῶν
1173 1236 1458 1309 κρείττονα
1488 1239 1584 1292 καὶ
1614 1238 1713 1308 τὴν
1748 1236 1928 1308 ῦπαρ-

329 1328 418 1393 ξιν
457 1329 553 1382 καὶ
595 1330 693 1398 τὴν
738 1328 1041 1382 ἀπόλαυσιν
1086 1328 1119 1398 ἢ
1167 1331 1288 1382 κατ’
1316 1330 1570 1400 αἴσθησιν
1613 1329 1760 1399 ἕχει·
1795 1332 1930 1399 φησὶ

328 1420 497 1491 γὰρ,ι
541 1421 611 1472 "A
631 1419 910 1489 ὀφθαλμὸς
940 1420 1040 1471 οὐκ
1073 1414 1181 1472 εἶδε
1213 1419 1307 1472 καὶ
1339 1418 1433 1482 οῦς
1455 1421 1556 1472 οὐκ
1597 1418 1797 1488 ἢκουσε
1837 1418 1932 1472 καὶ

331 1514 432 1566 ἐπὶ
479 1513 707 1582 καρδίαν
741 1511 1029 1584 ἀνθρώπου
1058 1511 1158 1565 οὐκ
1197 1511 1366 1583 ἀνέϐη
1390 1530 1404 1544 ·
1448 1531 1466 1563 ι
1499 1511 1650 1565 οὐδὲν
1675 1510 1770 1564 οῦν
1803 1510 1933 1564 θαυ-

337 1603 552 1672 μαστὸν
611 1603 922 1674 ἀσωμάτων
973 1602 1338 1674 δημιουργίαν
1381 1601 1664 1673 δυνάμεων
1706 1602 1820 1675 (29)
1858 1603 1932 1673 μὴ

332 1692 706 1759 ἐπεξελθόντα
765 1695 858 1748 τὸν
913 1694 1152 1766 θεόπτην
1216 1695 1424 1766 Μωσῆν
1483 1695 1572 1748 διὰ
1607 1695 1706 1766 τὴν
1751 1695 1932 1766 παχύ-

333 1787 482 1854 τητά
503 1803 562 1839 τε
587 1786 682 1839 καὶ
707 1785 991 1840 ἀσθένειαν
1017 1787 1124 1841 τῶν
1150 1789 1461 1859 ἀκροατῶν,
1488 1789 1622 1860 μηδὲ
1648 1790 1750 1860 τῆς
1792 1788 1935 1862 ὑπὲρ

339 1878 597 1948 αἴσθησιν
653 1875 934 1947 βασιλείας
988 1877 1098 1932 τῶν
1151 1879 1400 1951 οὐρανῶν
1453 1880 1708 1952 διήγησιν
1759 1898 1936 1951 παρα-

2112 1148 2160 1202 1.
2194 1147 2393 1203 Multas
2418 1148 2593 1204 Moses
2617 1148 3015 1203 intellectuales
3034 1163 3122 1204 res
3149 1150 3372 1206 silentio
3394 1154 3621 1221 pressit:

2039 1254 2268 1309 regnum
2297 1251 2478 1297 autem
2515 1241 2782 1295 caelorum
2815 1249 2928 1293 tum
2959 1249 3156 1295 natura
3188 1257 3287 1297 sua
3321 1251 3432 1298 tum
3460 1245 3626 1300 etiam

2039 1334 2362 1404 gaudiorum
2407 1333 2723 1404 praistantia
2771 1349 2971 1388 sensus
3016 1343 3332 1404 exsuperat.
3381 1334 3435 1389 Id
3479 1338 3625 1391 enim

2040 1428 2116 1482 rei
2145 1443 2338 1498 genus,
2376 1438 2436 1481 ut
2482 1428 2558 1482 ait
2585 1425 2900 1496 Scriptura,
2934 1444 2953 1477 ι
3009 1423 3198 1496 Neque
3241 1428 3437 1483 oculus
3468 1431 3628 1497 vidit,

2040 1536 2218 1591 neque
2246 1521 2396 1576 auris
2439 1519 2670 1582 audivit,
2719 1534 2895 1590 neque
2929 1521 2986 1574 in
3020 1535 3119 1576 cor
3157 1520 3400 1576 hominis
3435 1537 3629 1576 ascen-

2040 1615 2121 1670 dit
2161 1616 2229 1671 ".
2271 1635 2289 1666 ι
2327 1613 2412 1670 Nil
2441 1629 2571 1685 ergo
2605 1615 2806 1670 mirum
2840 1625 2958 1682 est,
3033 1616 3081 1670 si
3117 1630 3242 1671 cum
3273 1614 3371 1671 Dei
3403 1625 3629 1686 aspectu

2040 1707 2237 1778 dignus
2277 1707 2457 1764 Moses
2489 1709 2939 1777 incorporearum
2976 1707 3241 1762 virtutum
3291 1708 3626 1763 creationem

2042 1815 2151 1855 non
2184 1800 2487 1855 narraverit
2532 1807 2754 1869 propter
2786 1799 3130 1854 audientium
3164 1815 3352 1854 crassa
3407 1800 3627 1870 ingenia

2041 1906 2096 1953 et
2138 1897 2537 1963 inﬁrmitatem,
2584 1897 2846 1952 idemmet
2877 1913 2946 1952 ne
2987 1898 3255 1953 caelorum
3288 1898 3511 1967 quidem
3545 1914 3630 1953 re-

343 1969 562 2033 θὲσθαι,
585 1971 705 2023 κατ’
735 1970 989 2040 αῖσθησιν
1013 1970 1215 2041 μᾶλλον
1240 1971 1272 2042 ἢ
1304 1973 1447 2026 κατά
1475 1973 1706 2045 θεωρίαν
1728 1972 1930 2044 βιοῦντι

2051 2005 2203 2059 gnum
2237 1987 2380 2057 apud
2411 1988 2674 2058 populum
2723 1988 2980 2043 sensibus
3035 1989 3210 2055 magis
3254 2004 3418 2059 quam
3467 1989 3630 2044 intelo

343 2062 465 2133 λαῴ
485 2077 500 2091 ·
529 2062 589 2116 τὸ
617 2063 728 2133 γὰρ
757 2062 1002 2133 νομίζειν
1033 2063 1185 2126 τινάς
1207 2063 1283 2134 τῷ
1319 2064 1465 2118 κατά
1487 2065 1577 2118 τὸν
1605 2065 1939 2138 παράδεισον

341 2156 647 2227 διηγήματι
671 2155 1108 2226 συμπεριλαϐεῖν
1137 2156 1232 2210 καὶ
1262 2155 1360 2228 τὴν
1391 2156 1672 2227 βασιλείαν
1700 2160 1810 2212 τῶν
1847 2159 1939 2212 οὐ·

344 2249 552 2321 ρανῶν,
574 2250 695 2320 ἥτις
723 2251 800 2313 είς
823 2250 1018 2302 ταύτὸν
1053 2249 1270 2320 ἔρχεται
1299 2253 1364 2321 τῇ
1402 2250 1654 2322 βασιλείᾳ
1689 2249 1782 2305 τοῦ
1805 2253 1942 2323 Χρι-

342 2341 502 2404 στοῦ,
524 2341 624 2394 οὐκ
658 2341 725 2396 ἂν
757 2339 994 2412 ἀκριϐὴς
1029 2340 1387 2410 παραδέξοιτο
1419 2341 1710 2412 λογισμός⁸
1745 2360 1943 2398 ταπει-

337 2435 440 2487 νὸν
472 2433 580 2504 (50)
621 2434 729 2503 γὰρ
759 2433 826 2486 ἂν
851 2432 940 2504 εἴη
967 2432 1128 2486 τοῦτο
1159 2433 1338 2504 πολλῷ
1378 2435 1475 2504 τῆς
1521 2435 1800 2506 βασιλείας
1833 2435 1941 2490 τῶν

335 2525 599 2598 οὐρανῶν
622 2541 636 2556 ·
661 2524 784 2595 ὕψει
809 2541 870 2578 τε
896 2525 1005 2596 γὰρ
1033 2527 1061 2578 ό
1087 2525 1417 2596 παράδεισος
1449 2524 1798 2598 καταληπτδς
1823 2529 1945 2596 ἐγε-

333 2620 524 2688 γόνει,
564 2620 660 2674 καὶ
691 2618 912 2682 πολίτας
955 2618 1082 2688 ἔσχε
1116 2619 1243 2682 τοὺς
1282 2618 1697 2689 πρωτογόνους·
1743 2621 1839 2672 καὶ
1880 2618 1943 2672 τὺ

336 2713 640 2767 κάλλιστον
667 2713 768 2786 μὲν
790 2714 899 2767 τῶν
923 2714 1300 2784 περικοσμίων
1327 2714 1464 2780 ἐστὶ,
1488 2717 1587 2785 τῆς
1608 2715 1710 2786 γῆς
1730 2715 1776 2768 δ’
1792 2717 1942 2786 ὅμως

336 2806 558 2878 μέρος’
599 2808 694 2860 καὶ
728 2808 916 2874 φυτοῖς
962 2806 1060 2876 μὲν
1114 2805 1340 2876 ὡραίοις
1385 2809 1551 2879 κομᾷ,
1595 2808 1691 2862 καὶ
1726 2808 1942 2878 διαυγε-

339 2898 573 2960 στάτοις
638 2896 972 2968 κατάρδεται
1026 2896 1257 2966 νάμασι,
1329 2897 1466 2968 πλὴν
1530 2898 1682 2952 οὐδὲν
1735 2899 1943 2954 τούτων

339 2988 692 3060 ὑψηλότερον
737 2987 938 3057 ὅψεως,
991 2988 1114 3042 οὐδὲ
1172 2988 1282 3042 τῶν
1326 2989 1687 3059 ἀνθρωπίνων
1739 2994 1939 3045 ἀνακε-

341 3082 578 3155 χὼρηκε
602 3082 905 3153 λογισμῶν,
938 3081 1130 3152 ῶσπερ
1168 3084 1202 3154 ἡ
1236 3083 1487 3153 βασιλεία
1517 3084 1626 3138 τῶν
1655 3085 1905 3155 οὐρανῶν
1925 3103 1938 3117 ⁸

348 3176 454 3229 καὶ
483 3175 584 3245 γῆς
612 3175 670 3228 δὲ
699 3176 792 3229 καὶ
816 3173 1050 3246 οὐρανοῦ
1085 3175 1196 3229 οὐδ’
1217 3176 1366 3229 ἔστιν
1400 3176 1577 3229 εἰπεῖν
1606 3177 1731 3230 ὅσον
1757 3176 1820 3231 τὸ
1845 3179 1945 3250 μέ-

352 3283 473 3320 σον.

433 3382 498 3453 β’.
537 3383 601 3436 Ei
649 3381 707 3435 δὲ
761 3381 894 3436 διότι
957 3380 1056 3434 τοῦ
1118 3381 1370 3451 γενναίου
1430 3382 1678 3444 εἰπόντος
1719 3381 1945 3456 λῃστοῦ,

355 3496 378 3528 α
412 3474 701 3546 Μνήσθητί
727 3491 853 3544 μου,
885 3472 1081 3544 Κύριε,
1111 3475 1170 3527 ὲν
1195 3475 1260 3543 τῇ
1295 3472 1544 3544 βασιλείᾳ
1576 3491 1691 3537 σου,
1729 3493 1749 3526 ι
1776 3478 1804 3529 ὁ
1833 3475 1950 3529 Σω-

347 3569 466 3639 τὴρ
509 3567 655 3638 αὐτῷ
705 3566 802 3638 τὴν
844 3568 924 3630 εἰς
969 3567 1062 3621 τὸν
1110 3565 1440 3638 παράδεισον
1469 3566 1835 3637 ὑπισχνεῖται,
1861 3567 1950 3622 διά

346 3661 522 3717 τοῦτο
550 3660 649 3730 τὴν
690 3658 971 3731 βασιλείαν
1004 3657 1112 3713 τῶν
1139 3658 1387 3728 οὐρανῶν
1430 3658 1532 3730 τὴν
1560 3657 1656 3712 τοῦ
1687 3660 1952 3732 παραδεί-

349 3770 458 3807 σου
479 3752 688 3806 τίθεται
715 3750 867 3822 λῆξιν
892 3751 971 3819 (οὐ
998 3751 1106 3820 γάρ
1127 3749 1263 3805 ἄλλα
1285 3750 1384 3821 μὲν
1412 3751 1584 3804 αἰτεῖν
1604 3750 1699 3804 τὸν
1723 3749 1949 3821 λῃστὴν,

347 3843 497 3901 ἄλλα
527 3843 585 3897 δὲ
617 3841 918 3913 λαμϐάνειν
946 3842 1098 3912 παρά
1119 3839 1212 3893 τοῦ
1246 3837 1628 3911 μεγαλοδώρου
1658 3838 1796 3891 θεοῦ
1823 3840 1954 3894 ἀκό-

349 3943 553 3998 λουθον
584 3937 725 3994 εῖναι
753 3934 887 4008 φαίη
925 3934 1036 4000 ἂν),
1060 3935 1238 3986 ἐκεῖνο
1265 3931 1466 4002 μᾶλλον
1499 3931 1769 3988 σκοπείτω
1793 3933 1869 3998 ὡς
1899 3934 1953 3989 τί

349 4037 423 4106 δή
464 4051 597 4087 ποτε
633 4034 733 4104 μὲν
765 4028 834 4104 ἦν
858 4033 891 4102 ἠ
919 4025 1168 4101 βασιλεία
1196 4025 1304 4078 τῶν
1334 4025 1604 4095 οὐρανῶν,
1631 4025 1770 4098 ὅπερ
1804 4027 1954 4081 ἐστὶν

350 4132 387 4200 ἡ
417 4126 514 4181 τοῦ
538 4125 798 4197 Χριστοῦ,
822 4124 1074 4195 οὐδαμῶς
1100 4126 1128 4177 ὁ
1154 4122 1357 4194 λῃστὴς
1380 4121 1742 4190 συνεγνῶκειο
1789 4121 1954 4175 πόθεν

352 4222 473 4292 γὰρ
501 4221 568 4275 ἂν
604 4218 839 4283 ἐξαιτεῖν
879 4215 1134 4288 προήχθη
1174 4215 1210 4270 ἂ
1241 4217 1336 4270 καὶ
1375 4215 1469 4269 τοῦ
1501 4213 1812 4283 λογίζεσθαι
1853 4214 1954 4286 τὴν

357 4314 522 4384 ἰσχὺν
544 4312 721 4377 ἐνίκα,
754 4311 849 4364 καὶ
887 4310 985 4382 τὴν
1025 4308 1377 4380 ἀνθρωπίνην
1416 4309 1658 4363 διάνοιαν
1690 4307 1956 4380 ὑπερϐαί-

354 4425 442 4461 νει
469 4425 483 4474 ;
518 4404 717 4459 οὐκουν
747 4403 800 4456 τί
835 4420 966 4457 ποτε
1006 4402 1107 4473 μὲν
1139 4396 1261 4472 ἦνὴ
1301 4400 1552 4472 βασιλεία
1580 4400 1690 4454 τῶν
1709 4398 1956 4472 οὐρανῶν

353 4503 386 4553 ὁ
418 4498 627 4571 λῃστὴς
657 4495 909 4567 οὐδαμῶς
940 4495 1294 4565 συνεγνὼκει,
1327 4495 1448 4547 οὐδὲ
1479 4493 1616 4564 πρὸς
1645 4491 1956 4564 ὡρισμένον

355 4616 414 4650 τι
465 4597 560 4650 καὶ
605 4592 886 4665 γνώριμον
941 4593 1032 4645 τὸν
1084 4589 1210 4645 νοῦν
1250 4586 1576 4644 ἀπευθύνων
1614 4585 1714 4656 τὴν
1740 4586 1956 4656 αἴτησιν

2042 2082 2184 2137 iectu
2240 2089 2483 2137 utentem
2520 2081 3058 2137 commemoraverit.
3112 2082 3249 2136 Nam
3292 2082 3438 2153 quod
3492 2098 3632 2138 non-

2042 2175 2176 2230 nulli
2227 2176 2563 2232 arbitrantur
2594 2177 2785 2230 Mosen
2827 2177 2880 2229 in
2931 2176 3169 2245 paradisi
3221 2177 3498 2231 mentione
3542 2192 3633 2230 re-

2042 2283 2208 2336 gnum
2227 2283 2446 2337 quoque
2479 2268 2748 2322 cmlorum
2776 2268 3136 2334 conclusisse,
3171 2269 3314 2337 quod
3339 2277 3425 2325 est
3451 2269 3630 2339 ipsum

2040 2360 2245 2416 Christi
2272 2375 2522 2430 regnum,
2563 2359 2728 2428 hanc,
2767 2360 3015 2429 inquam,
3054 2361 3367 2432 opinionem
3403 2377 3636 2417 accura-

2044 2464 2158 2509 tum
2194 2453 2545 2508 ratiocinium
2574 2469 2682 2508 non
2715 2453 2928 2524 recipit.
2965 2453 3056 2509 llle
3089 2455 3236 2509 enim
3263 2455 3420 2510 valde
3459 2471 3634 2525 regno

2044 2547 2309 2603 caelorum
2359 2546 2585 2603 inferior
2631 2546 2902 2602 videbitur
2954 2565 2968 2600 :
3022 2545 3288 2616 siquidem
3342 2545 3634 2616 paradisus

2047 2642 2299 2697 sensibus
2336 2649 2454 2695 erat
2495 2639 3036 2711 comprehensibilis,
3078 2640 3396 2708 incolasque
3427 2641 3637 2709 primos

2045 2743 2299 2800 parentes
2339 2731 2532 2787 habuit
2580 2750 2594 2787 :
2647 2740 2704 2788 et
2735 2732 3135 2787 mundanarum
3182 2730 3404 2802 quidem
3451 2746 3636 2785 rerum

2047 2823 2410 2896 pulcherrima
2459 2831 2562 2889 est,
2597 2823 2694 2880 sed
2745 2832 2928 2878 tamen
2976 2831 3137 2878 terrae
3165 2821 3331 2893 hujus
3375 2837 3504 2892 pars
3539 2841 3553 2877 :
3586 2831 3642 2876 et

2045 2933 2359 2989 quanquam
2379 2916 2624 2988 pulchris
2646 2916 2938 2972 arboribus
2970 2915 3127 2970 ﬂoret
3148 2931 3212 2970 ac
3240 2914 3639 2986 Iimpidissimis

2048 3011 2258 3079 rigatur
2291 3008 2490 3073 ﬂuviis,
2536 3007 2898 3063 nihilominus
2956 3007 3094 3062 nihil
3129 3007 3330 3062 visibili
3377 3007 3432 3061 vi
3468 3007 3641 3061 subli-

2048 3103 2192 3159 mius
2219 3104 2404 3167 habet,
2439 3115 2617 3170 neque
2645 3101 2949 3154 humanum
2981 3099 3317 3153 intellectum
3343 3097 3639 3162 excedens,

2048 3208 2106 3254 ut
2137 3213 2328 3268 reapse
2360 3205 2443 3252 est
2475 3212 2703 3268 regnum
2734 3196 3020 3252 cmlorum.
3053 3195 3401 3264 Quantopere
3422 3194 3642 3249 demum

2054 3301 2197 3347 terra
2226 3292 2366 3347 coelo
2387 3290 2623 3354 differat,
2659 3289 2843 3344 verbis
2872 3289 3142 3344 declarari
3166 3305 3275 3343 non
3308 3297 3509 3358 potest.

2120 3381 2176 3436 ‘2.
2217 3379 2372 3447 Quod
2401 3380 2446 3435 si
2475 3380 2605 3450 quia
2629 3379 2831 3435 dicenti
2860 3379 3056 3433 latroni
3085 3379 3228 3434 bono
3262 3396 3276 3433 :
3317 3399 3335 3431 ι
3368 3380 3644 3433 Memento

2052 3474 2182 3540 mei,
2207 3472 2457 3539 Domine,
2491 3475 2544 3528 in
2568 3487 2738 3544 regno
2766 3481 2860 3527 tuo
2890 3474 2956 3538 ⁷⁸,
2999 3491 3017 3524 ι
3043 3472 3300 3527 Servatur
3330 3471 3642 3541 paradisum

2053 3568 2326 3639 promisit,
2366 3569 2572 3623 idcirco
2598 3582 2828 3639 regnum
2860 3567 3123 3622 ccelorum
3155 3567 3295 3620 idem
3340 3579 3462 3620 esse
3494 3573 3649 3635 putat

2051 3661 2255 3731 aliquis
2284 3661 2429 3732 quod
2458 3662 2700 3731 paradisi
2733 3661 2891 3717 sedes
2925 3659 3127 3731 (neque
3161 3661 3306 3714 enim
3355 3666 3647 3714 consenta-

2053 3772 2216 3812 neum
2248 3756 2350 3813 fuit
2389 3756 2538 3812 aliud
2570 3756 2838 3811 latronem
2871 3763 3074 3826 petere,
3120 3753 3268 3808 aliud
3310 3769 3342 3808 a
3386 3752 3649 3808 muniﬁco

2055 3853 2167 3907 Deo
2195 3850 2494 3920 accipere);
2541 3847 2678 3904 illud
2727 3848 2910 3919 potius
2937 3846 3270 3910 consideret,
3299 3845 3565 3912 caelorum
3594 3845 3649 3898 id

2054 3953 2140 4000 est
2169 3943 2374 3999 Christi
2411 3957 2640 4012 regnum
2682 3940 2883 3995 latroni
2923 3939 3262 4011 incognitum
3317 3936 3507 3993 fuisse.
3544 3935 3650 4003 Qui

2056 4044 2236 4091 autem
2260 4034 2376 4089 fieri
2401 4041 2634 4104 poterat,
2658 4041 2717 4087 ut
2739 4032 2793 4086 id
2817 4031 2918 4088 sibi
2937 4031 3276 4101 deposceret,
3297 4029 3443 4099 quod
3469 4029 3650 4098 ipsum

2057 4128 2330 4184 ratiocinii
2366 4141 2598 4182 acumen
2647 4125 2971 4195 effugiebat,
3019 4125 3332 4194 mentisque
3395 4125 3652 4177 humana:

2056 4223 2202 4277 vires
2240 4220 2566 4277 excedebat?
2606 4221 2779 4290 igitur
2818 4219 3084 4290 quidnam
3129 4232 3318 4274 revera
3363 4227 3511 4274 esset
3565 4233 3653 4272 re-

2057 4329 2224 4386 gnum
2252 4314 2518 4370 cmlorum
2553 4313 2695 4367 latro
2725 4313 2954 4366 omnino
3008 4310 3315 4382 ignorabat,
3373 4325 3552 4380 neque
3585 4310 3652 4365 ad

2057 4413 2268 4460 certum
2319 4403 2524 4474 aliquid
2560 4412 2858 4471 notumque
2912 4401 3013 4457 sibi
3065 4410 3305 4456 mentem
3351 4401 3652 4456 intendens

2057 4513 2249 4569 preces
2280 4497 2402 4566 illas
2433 4496 2656 4564 ell‘udit;
2689 4496 2781 4550 sed
2815 4496 2945 4551 boni
2976 4496 3210 4567 alicujus
3244 4496 3526 4567 beataeque
3551 4510 3654 4551 vo-

2059 4593 2284 4664 luptatis
2339 4599 2644 4662 compotem
2699 4605 2759 4645 se
2808 4590 2920 4644 ﬁeri
2980 4589 3296 4660 postulavit.
3351 4588 3470 4644 .lam
3524 4588 3654 4659 quia

358 4691 606 4743 ἐποιεῖτο
625 4706 638 4718 ·
671 4673 809 4739 ἀλλά
836 4684 923 4737 διὰ
945 4682 1205 4754 τοιαύτης
1238 4681 1511 4752 αἰτήσεως
1540 4677 1762 4746 ἀγαθῶν
1791 4695 1950 4731 τινων

2059 4686 2218 4740 bonis
2253 4684 2469 4740 caeteris
2519 4683 2704 4737 notior
2738 4684 2786 4737 ei
2825 4681 3114 4753 paradisus
3160 4691 3280 4737 erat
3318 4682 3468 4752 (cum
3509 4681 3653 4734 enim

363 4779 664 4850 μετασχεῖν
688 4775 782 4829 καὶ
815 4773 1093 4846 μακαρίας
1120 4771 1481 4834 ἀπολαύσεως
1509 4771 1692 4842 ᾐτεῖτο
1713 4786 1726 4799 ·
1758 4769 1883 4822 ἐπεὶ
1905 4768 1963 4822 δὲ

357 4871 477 4925 τῶν
528 4869 704 4922 ἄλλων
751 4868 1010 4922 ἁπάντων
1056 4866 1239 4921 καλῶν
1284 4863 1710 4935 γνωριμώτερος
1749 4861 1898 4932 αὐτῷ
1935 4864 1963 4915 ὁ

361 4963 699 5032 παράδεισος
753 4960 1106 5028 καθειστήκει
1137 4960 1224 5028 (ἐκ
1261 4957 1370 5026 γὰρ
1408 4956 1504 5025 τῆς
1543 4957 1848 5026 Μωσαῖκῆς
1881 4954 1961 5006 διο

360 5052 667 5114 δασκαλίας
701 5049 780 5120 τῷ
828 5049 1101 5102 Ἰουδαίων
1138 5045 1822 5116 ὲπιγινιυσκόμενοςέθνει)
1839 5043 1962 5098 οὐδὲ

362 5145 468 5214 τὴν
503 5142 715 5195 ἐκείνου
749 5141 975 5210 διέφυγε
1007 5139 1234 5208 γνῶσιν,
1260 5138 1348 5191 διὰ
1375 5137 1534 5191 τοῦτο
1574 5138 1666 5189 τὸν
1695 5137 1960 5206 παράδει-

368 5255 464 5291 σον
502 5239 531 5290 ό
576 5235 857 5305 Δεσπότης
891 5233 1044 5304 αὐτῴ
1090 5233 1466 5299 κατεγγυᾶται
1489 5247 1503 5260 ·
1548 5231 1643 5284 καὶ
1666 5230 1766 5299 οὐχ
1799 5230 1963 5301 ἕτερα

365 5329 490 5383 ἀνθ’
514 5327 716 5397 ἐτέρων
749 5327 1026 5396 δωρεῖται,
1060 5324 1177 5377 ἀλλ’
1203 5317 1278 5378 ῶν
1313 5325 1500 5392 τυχεῖν
1533 5323 1559 5374 ό
1580 5321 1965 5392 ἐξαιτούμενος

367 5421 673 5491 ἐπεθύμειο
704 5418 972 5489 ἐπεθύμει
995 5418 1052 5472 δὲ
1084 5418 1308 5489 μνήμης
1331 5419 1517 5487 τυχεῖν
1540 5419 1597 5469 ὲν
1627 5419 1692 5487 τῇ
1721 5416 1969 5488 βασιλείᾳ

366 5513 637 5586 Χριστοῦ,
671 5513 806 5583 ὅπερ
838 5512 988 5568 ἐστὶν
1013 5511 1071 5564 ὲν
1102 5512 1328 5580 ἀγαθοῖς
1353 5527 1411 5563 τε
1438 5511 1532 5564 καλ⁵
1564 5510 1858 5582 μακαρίοις
1878 5527 1965 5578 γε·

447 5631 493 5661 "
530 5631 718 5686 Matth.
751 5646 877 5694 xxv,
907 5629 996 5684 54.
1038 5628 1083 5659 ⁷⁸
1124 5627 1142 5682 l
1176 5627 1298 5682 Cor.
1335 5642 1393 5688 ιι.
1419 5626 1472 5681 9.
1516 5626 1560 5656 ⁷³
1599 5623 1732 5680 Luc.
1777 5641 1930 5686 mu,
1957 5623 2047 5676 42.

2064 4779 2155 4835 hic
2183 4777 2349 4834 Mosis
2369 4777 2684 4848 magisterio
2702 4777 2942 4832 Iudaicae
2967 4777 3112 4848 genti
3137 4777 3456 4846 exploratus
3487 4784 3654 4838 esset,

2063 4869 2185 4940 ejus
2221 4885 2288 4924 ne
2315 4869 2580 4923 latronem
2604 4868 2823 4938 quidem
2847 4867 3039 4922 notitia
3065 4867 3306 4935 latebat),
3336 4866 3541 4920 idcirco
3563 4882 3658 4934 pa-

2065 4960 2309 5014 radisum
2359 4960 2434 5014 illi
2484 4960 2751 5015 Dominus
2805 4960 3038 5029 spondet
3090 4977 3104 5014 :
3147 4975 3326 5030 neque
3378 4958 3523 5012 aliud
3559 4974 3660 5028 pro

2067 5054 2175 5107 alio
2204 5054 2450 5123 largitur,
2485 5053 2580 5109 sed
2614 5053 2666 5107 id
2702 5053 2930 5107 omnino
2965 5053 3112 5122 quod
3142 5052 3343 5122 petenti
3377 5061 3498 5107 erat
3521 5068 3658 5107 con-

2069 5147 2336 5216 cupitum.
2362 5146 2410 5201 ls
2437 5162 2563 5203 vere
2589 5147 2844 5217 cupiebat
2866 5156 2927 5202 ut
2956 5146 3040 5202 sui
3072 5147 3335 5200 nit-moria
3368 5146 3663 5200 haberetur

2071 5238 2126 5292 in
2156 5239 2360 5294 Christi
2393 5255 2580 5307 regno,
2615 5239 2669 5312 id.
2691 5249 2776 5294 est
2800 5248 2860 5294 ut
2885 5240 3046 5295 bonis
3080 5247 3245 5309 atque
3275 5239 3450 5293 beatis
3483 5254 3664 5292 amin—

2075 5343 2401 5390 meraretur.
2431 5332 2641 5397 Reapse
2669 5334 2714 5388 is
2747 5333 2944 5388 deinde
2979 5333 3216 5402 paradisi
3253 5331 3492 5387 incolatu
3525 5333 3664 5401 poti-

2073 5431 2184 5488 tur,
2230 5439 2391 5493 quem
2446 5424 2663 5496 generis
2713 5425 2886 5479 nostri
2945 5433 3200 5479 auctorcs
3241 5434 3366 5477 ante
3399 5424 3661 5477 violatum

2076 5523 2404 5584 praeceptum
2437 5515 2614 5572 sortiti
2664 5514 2902 5570 fuerant.
2940 5513 3100 5582 Quod
3129 5515 3174 5571 si
3201 5515 3325 5585 quis
3351 5515 3663 5585 paradisum

1895 5742 2120 5799 NOTAE.

453 5842 974 5912 427-18)Conspirat
1000 5841 1052 5895 in
1083 5842 1222 5894 hanc
1255 5839 1586 5912 sententiam
1606 5836 1966 5912 Hieronymus

311 5909 318 5914 ’
372 5915 539 5982 epist.
599 5913 720 5987 139,
754 5913 788 5967 5
817 5908 845 5965 ί
890 5933 908 5979 ι
951 5912 1098 5987 Mihi
1140 5911 1192 5964 in
1231 5910 1525 5980 Evangelio
1577 5908 1968 5987 promittuntur

381 6002 550 6046 rogita
588 5986 871 6045 nudorum,
920 6001 1040 6054 qua:
1086 5983 1509 6038 instrumentum
1555 5988 1714 6034 vetus
1745 5983 1968 6034 omnino

385 6073 494 6114 non
527 6054 792 6111 nominat.
830 6075 848 6108 ι

2148 5835 2258 5904 (29)
2284 5815 2484 5889 Confer
2517 5832 2772 5887 Photium
2802 5832 2852 5886 in
2881 5830 3184 5903 quaastionc
3213 5829 3309 5883 1θέ
3342 5830 3509 5897 (nunc
3530 5825 3665 5892 79,!a

2081 5903 2278 5959 womo
2304 5905 2466 5959 etlila.

2152 5977 2262 6048 (ὅθ)
2300 5975 2479 6031 Malim
2509 5973 2923 6046 ταπειηώτερον.
