4134 6438
562 425 663 498 107
1722 438 1979 509 PHOTII
2015 439 2522 499 PATRIARCIIE
2564 442 2670 501 (ΣΡ.
3750 447 3846 517 103

556 538 755 592 latroni
805 547 1063 609 tanquam
1101 542 1424 610 praeludium
1465 546 1939 613 arrhabonemque
1989 550 2137 620 regni

2265 554 2465 606 θέσθαι·
2500 559 2585 605 καὶ
2628 555 2893 625 λαμϐάνει
2934 556 3118 610 λοιπὸν
3158 559 3259 629 τὴν
3292 560 3360 631 ,ἐν
3404 564 3735 635 παραδείσῳ
3773 567 3848 620 δι-

554 629 819 683 εωιοτιιηι
858 630 1043 685 datum
1076 632 1243 697 dicat,
1283 639 1460 705 neque
1496 653 1618 690 eum
1673 640 1932 708 praadicto
1964 656 2134 711 regno

2265 648 2489 716 ιγωγὴν,
2519 650 2586 719 ἣν
2635 649 2682 700 οί
2734 649 2830 700 τοῦ
2869 650 3061 717 γένους
3114 629 3641 723 ήμῶν-ἀρχηγέται
3683 629 3851 727 μήπω

553 721 891 786 cariturum;
926 722 1029 776 ista
1052 724 1272 793 quidem
1299 728 1485 796 opinio
1508 731 1951 786 ratioui'miuime
1969 751 2135 804 repu-

2265 738 2343 807 ;ῆς
2379 742 2603 809 ἐντολῆς
2639 743 2967 805 ἐκπεσόντες
2990 744 3376 814 διεκληροῦντο
3397 749 3530 818 (30’)
3551 765 3566 777 ·
3598 750 3653 800 εί
3688 750 3747 802 δέ
3774 767 3851 812 τις

554 824 683 882 gnat
736 833 748 866 :
795 830 907 868 rem
938 826 1119 869 autem
1153 818 1207 871 in
1270 821 1546 874 communi
1597 824 1841 875 omnium
1895 840 2140 878 resurre-

2265 830 2337 881 τδν
2390 833 2718 902 παράδεισον
2774 834 2924 904 αὑτῷ
2972 835 3135 887 οἱονεί
3194 854 3315 889 τινα
3369 839 3855 909 προοιμιαζόμενα

553 904 735 958 ctione
757 921 821 959 ac
842 906 1051 975 judicio
1087 919 1330 974 aetteque
1358 912 1480 965 vita:
1508 915 1944 967 remuneratione
1975 930 2139 969 accu-

2265 922 2394 990 δῶρα
2427 926 2517 975 καὶ
2546 926 2841 998 ἀρραϐῶνα
2871 930 2966 997 τῆς
3006 928 3113 980 τῶν
3150 931 3394 999 οὐρανῶν
3440 932 3736 1000 βασιλείας
3772 933 3858 983 λέ-

553 996 729 1049 ratius
765 1014 1183 1065 cognoscemus.
1234 1001 1456 1055 Interim
1499 1004 1611 1057 lucc
1641 1005 1691 1055 in
1717 1005 1919 1074 judicis
1960 1017 2142 1061 mente

2265 1030 2336 1079 ro:
2372 1015 2637 1080 δεδόσθαι,
2670 1018 2770 1071 οὑκ
2827 1020 3221 1084 ἀποτεύξεσθαι
3266 1022 3321 1073 δὲ
3374 1024 3533 1076 αὑτὸν
3576 1024 3711 1075 οὐδὲ
3761 1024 3858 1091 τῆς

555 1086 745 1142 latent.
2250 1104 2361 1156 τῶν
2420 1107 2666 1177 ούρανῶν
2719 1109 3019 1180 βασιλείας,
3053 1114 3207 1164 τοῦτο
3253 1114 3317 1184 δὴ
3357 1115 3511 1166 τοῦτο
3556 1114 3725 1166 οὐδὲν
3765 1115 3860 1182 μὲν

555 1180 692 1243 ὅλως
730 1182 961 1251 μάχεται
1006 1184 1081 1254 τῷ
1106 1186 1281 1256 λόγῳ·
1315 1188 1513 1255 μᾶλλον
1542 1190 1597 1242 δὲ
1629 1192 1685 1242 ἐν
1710 1195 1773 1261 τῇ
1813 1195 1965 1261 κοινῇ
2029 1194 2245 1248 πάντων
2307 1201 2600 1254 ἀναστάσει
2661 1220 2719 1254 τε
2785 1205 2881 1257 καὶ
2910 1204 3180 1275 διακρίσει
3214 1209 3306 1259 καὶ
3348 1207 3455 1259 τῶν
3489 1207 3861 1277 βεϐιωμένων

558 1275 937 1339 ἀνταποδόσει,
980 1280 1239 1348 εἰσόμεθα
1268 1282 1823 1355 ἀκριϐέστερον(5ί)·
1855 1288 1923 1339 τὰ
1954 1288 2049 1340 νῦν
2089 1291 2145 1343 δὲ
2185 1294 2350 1347 αὑτοῦ
2387 1296 2451 1347 ἂν
2484 1298 2569 1367 εἴη
2606 1298 2991 1361 ὲξεπίστασθαι
3018 1300 3111 1353 τοῦ
3137 1304 3343 1371 κριτοῦ.

631 1367 685 1427 5,
730 1368 835 1423 Sed
868 1372 1014 1426 enim
1052 1372 1188 1428 Mosi
1221 1377 1367 1429 nulla
1422 1381 1721 1435 necessitas
1751 1398 2016 1451 scopusve
2055 1387 2151 1440 ad-

561 1470 700 1520 erat,
721 1475 820 1514 cur
838 1464 1099 1517 cmlorum
1118 1482 1342 1536 regnum
1363 1471 1755 1527 tuanifestaret.
1773 1475 1941 1529 Porro
1953 1480 2150 1544 multa,

562 1560 623 1615 ut
678 1550 945 1617 diximus,
982 1570 1105 1622 qua:
1153 1572 1376 1613 sensum
1430 1562 1785 1627 excedebant,
1823 1568 1951 1620 dum
2002 1569 2153 1623 orbis

562 1638 719 1705 initia
764 1645 1050 1710 scriberet,
1086 1652 1457 1717 praetermisit.
1486 1651 1608 1706 Jam
1655 1654 1699 1708 si
1731 1658 1855 1725 quis
1891 1656 2031 1713 forte
2064 1660 2151 1713 di-

562 1748 687 1797 cere
710 1735 858 1801 velit,
890 1736 1120 1807 ﬁgurate
1149 1755 1251 1795 nec
1281 1742 1398 1797 sine
1420 1744 1709 1815 aenigmate
1740 1747 1917 1814 ipsum
1938 1765 2157 1820 quoque

562 1841 790 1895 regnum
822 1829 1086 1885 caelorum
1118 1847 1147 1887 a
1178 1833 1322 1889 Mose
1357 1836 1532 1900 innui,
1557 1840 1683 1892 dum
1711 1840 1824 1894 ait:
1866 1860 1884 1893 ι
1923 1843 1977 1896 In
2006 1845 2157 1913 prin-

561 1917 709 1986 cipio
763 1918 891 1975 fecit
937 1924 1079 1979 Deus
1130 1927 1328 1980 malum
1378 1938 1433 1982 et
1466 1940 1664 1985 terram
1696 1933 1775 1999 "';
1825 1953 1844 1985 ι
1895 1935 2022 1989 huic
2056 1952 2155 1990 nos

563 2022 912 2077 nequaquam
945 2014 1380 2070 adversabimur.
1418 2016 1604 2089 Neque
1649 2023 1795 2076 enim
1845 2025 1956 2079 ullo
1992 2030 2156 2081 modo

562 2100 898 2171 aliirmamus
947 2104 1177 2175 Mosem,
1212 2110 1303 2178 qui
1337 2119 1489 2165 tanto
1521 2115 1766 2185 prodigio
1820 2117 2022 2187 dignus
2052 2120 2157 2173 fuit

563 2203 626 2264 ut
666 2192 834 2250 Deum
903 2199 1078 2268 ipsum
1131 2205 1499 2272 conspexerit,
1551 2222 1663 2261 rem
1713 2209 1872 2263 talem
1908 2213 2156 2281 tantique

563 2286 766 2359 negotii
818 2290 1205 2361 ignoravisse:
1246 2309 1435 2347 verum
1493 2312 1578 2360 ea,
1638 2314 1758 2368 qua:
1807 2302 1959 2355 multi
2012 2302 2157 2359 ferre

564 2381 808 2447 nondum
854 2392 1127 2452 poterant.
1162 2388 1447 2454 reticebat,
1484 2391 1739 2461 vulgique
1774 2396 2001 2450 auribus
2039 2397 2159 2451 ine-

566 2472 763 2525 ruditis
786 2474 940 2528 valde
961 2476 1219 2543 parcebat
1251 2497 1263 2532 :
1296 2479 1520 2533 interim
1548 2482 1674 2534 dum
1707 2485 1915 2538 semina
1943 2485 2156 2555 aliquot

566 2563 622 2618 in
655 2564 1007 2631 sublimiores
1058 2569 1525 2641 perlectioresque
1560 2582 1770 2628 mentes
1808 2575 2153 2643 immittebat,

568 2672 777 2725 easque
815 2659 1103 2714 altioribus
1158 2676 1222 2717 ac
1266 2663 1702 2719 mirabilioribus
1736 2669 2157 2737 contemplatio-

569 2752 730 2815 uibus
761 2752 996 2809 fortasse
1026 2755 1297 2810 initiabat.
1337 2756 1651 2827 Propterea,
1678 2761 1997 2826 aiunt,dum
2032 2778 2157 2818 sen-

570 2843 746 2899 sibilis
794 2846 982 2899 mundi
1034 2848 1367 2902 creationem
1402 2852 1610 2915 scribit,
1656 2852 1931 2921 sigillatim
1969 2857 2155 2911 omnia

570 2937 945 3009 persequitur,
982 2955 1104 3007 qua:
1131 2939 1197 2993 ad
1255 2956 1373 2994 eam
1431 2957 1544 2995 rem
1586 2944 1901 3013 pertinent:
1939 2962 2157 3002 verum—

2335 1391 2403 1457 γ’.
2452 1393 2611 1446 Ἀλλά
2659 1394 2767 1465 γὰρ
2824 1395 3014 1449 Μωσεῑ
3068 1396 3169 1465 μὲν
3221 1398 3321 1451 οὐκ
3368 1394 3435 1469 ἦν
3474 1401 3703 1470 ἀνάγκη
3741 1401 3861 1455 ούδέ

2263 1484 2464 1545 σκοπὸς
2512 1485 2885 1538 ἀναπτύσσειν
2934 1487 3034 1557 τήν
3080 1488 3358 1556 βασιλείαν
3406 1490 3512 1543 τῶν
3562 1492 3858 1561 οὐρανῶν·

2262 1575 2427 1628 πολλὰ
2460 1581 2588 1647 γὰρ,
2609 1576 2797 1647 ὥσπερ
2814 1580 3045 1648 ἔφημεν,
3066 1581 3164 1650 τὴν
3193 1582 3585 1651 κοσμογένειαν
3609 1586 3861 1653 ἀναγρά-

2261 1685 2375 1735 φων
2402 1668 2509 1720 τῶν
2541 1670 2682 1740 ὑπὲρ
2712 1670 2963 1740 αἴσθησιν
2990 1673 3269 1741 παρῆλθεν
3294 1691 3307 1705 ·
3334 1677 3383 1726 εἰ
3408 1676 3465 1727 δὲ
3487 1676 3752 1740 τυπικῶς
3782 1694 3865 1736 τις

2260 1760 2353 1811 καὶ
2394 1763 2451 1811 ἐν
2486 1761 2774 1831 αἰνίγματι
2808 1764 2899 1815 καὶ
2932 1764 3102 1833 αὑτὴν
3137 1764 3232 1835 τὴν
3272 1765 3381 1818 τῶν
3408 1768 3668 1837 οὐρανῶν
3701 1767 3863 1837 βασι-

2258 1848 2406 1902 λείαν
2459 1851 2851 1921 ὑποσημαίνειν
2890 1853 3063 1907 ἐθέλοι
3084 1854 3283 1922 λέγειν,
3316 1857 3374 1908 ἐν
3391 1856 3467 1925 τῷ
3487 1859 3696 1923 εἰπεῖν,
3732 1877 3752 1909 ι
3777 1859 3865 1911 Ἐν

2258 1946 2399 2019 ἀρχῇ
2422 1945 2676 2014 ἐποίησεν
2697 1946 2723 1999 ὁ
2748 1946 2878 2010 Θεὸς
2900 1948 2991 2001 τὸν
3012 1950 3239 2019 οὐρανὸν
3262 1952 3354 2003 καὶ
3378 1952 3476 2022 τὴν
3504 1953 3636 2022 γῆν,
3666 1972 3685 2003 ι
3710 1953 3865 2006 οὐδὲν

2259 2041 2398 2107 πρὸς
2430 2038 2594 2091 αὑτὸν
2625 2038 2943 2110 διοισόμεθα
2978 2041 3088 2112 (52)
3116 2060 3129 2071 ·
3164 2043 3283 2096 οὑδὲ
3311 2044 3418 2115 γάρ
3441 2046 3563 2097 οὑδὲ
3594 2045 3770 2099 τοῦτό
3799 2048 3863 2113 γέ

2260 2131 2444 2197 φαμέν
2495 2129 2662 2183 ποθεν
2710 2130 2784 2194 ὡς
2826 2132 3011 2199 ἠγνόει
3044 2133 3220 2186 ταῦτά
3248 2152 3303 2186 τε
3347 2136 3441 2189 καὶ
3468 2138 3539 2189 τὰ
3566 2138 3810 2191 τοιαῦτα
3837 2141 3865 2190 ὁ

2256 2219 2578 2287 τηλικούτου
2639 2223 2732 2273 καὶ
2793 2222 3049 2275 τοσούτου
3117 2224 3387 2293 θεάματος
3446 2227 3543 2295 τῆς
3591 2228 3862 2290 θεοπτίας

2257 2310 2560 2380 ἠξιωμένος
2604 2314 2844 2383 Μωσῆςο
2891 2314 3011 2368 ἀλλ’
3039 2315 3119 2367 ὅτι
3156 2319 3270 2377 τοῖς
3316 2317 3531 2381 πολλοῖς
3566 2319 3863 2388 ἀνέκφορα

2258 2401 2517 2473 διετήρει,
2545 2406 2638 2455 καὶ
2665 2405 2764 2473 τῆς
2799 2404 2897 2475 μὲν
2927 2408 3225 2475 συγκλύδου
3257 2410 3427 2480 ἀκοῆς
3452 2410 3623 2479 φειδὼ
3656 2414 3860 2485 πολλὴν

2259 2492 2515 2554 ἐποιεῖτο,
2546 2496 2656 2555 τοῖς
2686 2494 3041 2565 ὑψηλοτέροις
3072 2498 3125 2551 δὲ
3166 2500 3257 2551 καὶ
3284 2500 3649 2573 τελειοτέροις
3684 2506 3859 2574 σπέρ-

2263 2600 2408 2653 ματα
2448 2586 2825 2648 καταϐάλλων,
2865 2586 2973 2640 τῶν
3010 2588 3358 2661 ὑψηλοτέρων
3401 2610 3461 2645 τε
3498 2596 3593 2646 καὶ
3634 2594 3860 2665 θαυμα-

2262 2676 2535 2746 σιωτὲρων
2566 2679 2696 2739 ἴσως
2717 2678 2941 2731 διετέλει
2973 2678 3344 2753 θεωρημάτων
3366 2700 3382 2715 ο
3412 2686 3507 2737 καὶ
3536 2686 3678 2756 γάρ,
3701 2692 3854 2754 φασι,

2258 2768 2345 2821 διὰ
2379 2769 2537 2821 τοῦτο
2566 2769 2660 2840 τὴν
2692 2769 2793 2839 μὲν
2822 2771 2917 2823 τοῦ
2956 2772 3215 2843 αἰσθητοῦ
3249 2775 3455 2844 κόσμου
3480 2776 3853 2847 δημιουργίαν

2260 2859 2454 2924 εἰπὼν,
2478 2860 2807 2931 λεπτουργεῖ
2828 2880 2885 2914 τε
2909 2865 3003 2915 καὶ
3030 2863 3383 2935 ἐπεξέρχεται
3415 2866 3507 2919 καὶ
3538 2866 3573 2920 ἃ
3596 2869 3856 2937 συμπλη-

2264 2953 2416 3023 ροῦσι
2448 2953 2637 3005 τοῦτον
2660 2969 2675 2984 ⁸
2702 2955 2799 3023 τήν
2824 2954 2879 3006 δὲ
2909 2955 3121 3022 γένεσιν
3142 2958 3602 3028 ἀναγραψάμενος
3637 2960 3736 3012 τοῦ
3767 2960 3855 3012 οὑ-

571 3037 755 3082 tamen
787 3042 912 3083 cum
947 3031 1069 3084 caeli
1104 3032 1346 3101 genesim
1390 3041 1613 3098 narrat,
1649 3051 1992 3107 quaecunque
2042 3054 2153 3093 (ςαξ-

2265 3041 2449 3113 ρανοῦ,
2483 3044 2584 3095 ὅσα
2624 3043 2724 3112 μὲν
2769 3043 2935 3098 αὑτοῦ
2989 3045 3125 3113 πρὸς
3178 3045 3271 3099 τὸν
3319 3047 3602 3116 περίγειον
3648 3047 3855 3115 κόσμον

572 3120 728 3191 lestia
760 3121 825 3174 ad
858 3129 1177 3178 terrestrem
1205 3126 1467 3179 tnundum
1500 3125 1830 3194 referuntur,
1864 3144 1927 3184 ea
1955 3131 2160 3200 pariter

570 3223 830 3269 accurato
863 3231 1119 3271 sermone
1170 3216 1385 3287 digerit,
1426 3219 1583 3285 solis,
1610 3220 1859 3291 inquam,
1915 3231 1969 3278 et
2014 3223 2159 3277 lunae

572 3308 963 3377 stellarumque
1017 3311 1361 3365 dominatum
1420 3321 1587 3383 atque
1638 3324 1890 3368 naturam
1963 3333 1977 3369 :
2040 3331 2163 3385 qua:

572 3408 754 3471 autem
815 3415 847 3461 a
900 3405 1140 3458 terrestri
1184 3404 1390 3459 fabrica
1433 3418 1826 3463 ornamentove
1878 3410 2159 3477 recedunt,

572 3508 802 3571 quaeque
829 3495 1048 3565 proprie
1093 3497 1159 3550 ad
1200 3512 1492 3566 supernam
1526 3500 1815 3555 stationem
1866 3503 2160 3571 pertinent,

572 3568 691 3639 lucc
734 3584 878 3653 haud
913 3602 1068 3656 aeque.
1102 3589 1346 3644 disserit.
1379 3590 1533 3655 Quod
1569 3592 1615 3647 si
1643 3592 1696 3645 in
1731 3592 1815 3647 bis
1847 3568 1918 3648 ita
1950 3610 2008 3649 se
2041 3611 2164 3665 ges-

575 3675 670 3749 sit,
712 3677 884 3731 multo
942 3680 1115 3750 magis
1142 3681 1196 3733 in
1234 3680 1342 3741 illis
1376 3698 1501 3751 quae
1551 3685 1819 3752 praedictis
1862 3687 2162 3742 excelsiora

575 3777 726 3823 sunt.
786 3768 1018 3835 llorum,
1077 3773 1324 3841 inquam,
1380 3774 1760 3830 sublimiorum
1817 3779 2161 3848 perspicuam

576 3872 1001 3935 accuratamque
1061 3866 1466 3933 enarrationem
1519 3867 1763 3924 Creatori
1823 3870 2165 3942 Dominoque

576 3957 822 4029 omnium
853 3954 1073 4012 Christo
1100 3958 1208 4013 Deo
1234 3971 1422 4014 nostro
1454 3961 1676 4031 reliquit
1707 3964 1836 4033 :qui
1871 3964 2159 4018 nobiscum

577 4058 738 4115 terrae
771 4048 968 4111 incolis
1016 4050 1343 4123 diversatus,
1376 4062 1431 4107 et
1463 4053 1714 4109 coalestes
1770 4056 2052 4111 doctrinas
2101 4072 2165 4111 ac

577 4140 759 4213 divina
800 4141 1052 4212 mysteria
1089 4143 1428 4217 impertiens,
1466 4159 1697 4215 regnum
1732 4162 1951 4218 quoque
1998 4149 2167 4203 caelo-

576 4244 701 4291 rum
734 4246 837 4286 nos
859 4233 1101 4288 edocuit.
1142 4235 1510 4301 Quamobrem
1542 4238 1663 4292 aliae
1682 4254 1903 4308 quoque
1931 4240 2078 4311 leges
2112 4250 2167 4295 et

576 4324 974 4393 promissiones
1000 4334 1053 4380 et
1081 4328 1243 4393 minae
1272 4343 1336 4383 ac
1365 4328 1793 4395 benedictiones,
1817 4347 1939 4401 qua:
1969 4348 2164 4401 corpo-

578 4431 733 4488 reum
760 4416 890 4487 quid
922 4417 1228 4486 sapiebant,
1256 4420 1321 4473 ad
1352 4418 1519 4475 Mosis
1547 4430 1730 4491 partes
1757 4438 1972 4492 semper
2000 4426 2166 4489 perti-

579 4517 711 4562 nent
744 4526 757 4562 :
789 4523 978 4563 verum
1008 4511 1317 4566 communis
1349 4511 1607 4566 Servator
1652 4515 1888 4581 generis,
1932 4516 2024 4585 qui
2058 4517 2161 4570 sibi

578 4599 817 4665 oﬂicium
852 4601 1088 4669 sumpsit
1118 4602 1269 4656 omni
1300 4618 1487 4658 errore
1530 4603 1810 4659 hominem
1866 4605 2158 4671 liberandi,

580 4693 822 4765 coelestia
853 4695 1010 4752 nobis
1037 4695 1386 4757 credentibus
1437 4711 1500 4751 ac
1530 4697 1713 4752 divina
1756 4699 1893 4761 bona
1944 4700 2161 4755 nuntia-

650 4809 694 4840 "
732 4807 869 4883 Gen,
903 4826 940 4877 ι,
974 4810 1024 4865 1.

2262 3136 2463 3207 ἀφορᾷ,
2493 3136 2589 3188 καὶ⁹
2622 3136 2795 3189 ταῦτα
2828 3136 3222 3207 παραπλησίως
3243 3136 3547 3207 διεξῆλθεν,
3577 3141 3734 3209 ἡλίου
3762 3141 3854 3193 καὶ

2264 3229 2517 3300 σελήνης,
2565 3227 2661 3280 καὶ
2700 3228 2801 3298 τὴν
2835 3228 3081 3299 ἀστέρων
3128 3231 3427 3300 κυριότητά
3471 3249 3530 3283 τε
3575 3229 3853 3286 διαλαϐὼν

2265 3322 2358 3374 καὶ
2394 3320 2591 3389 φύσιν·
2628 3319 2695 3373 τά
2725 3319 2781 3372 δὲ
2821 3320 2927 3389 τῆς
2960 3321 3239 3390 περιγείου
3276 3323 3615 3376 ἀπονεύοντα
3665 3323 3848 3375 διακο-

2267 3412 2544 3480 σμήσεως,
2581 3409 2675 3461 καὶ
2722 3410 2824 3462 ὅσα
2878 3412 2977 3479 τῆς
3023 3411 3278 3481 ἀνωτέρω
3327 3410 3525 3477 λέξεώς
3563 3414 3709 3475 ἐστι,
3757 3412 3853 3481 οὑχ

2264 3505 2465 3574 ὁμοίως
2496 3503 2743 3555 διέλαϐεν
2762 3518 2775 3531 ·
2803 3504 2851 3554 εί
2879 3502 2935 3554 δὲ
2955 3503 3135 3566 τοῦτο,
3171 3503 3351 3573 πολλῷ
3383 3506 3584 3574 μᾶλλον
3608 3506 3723 3558 οὐδ’
3755 3507 3851 3557 ὅσα

2266 3593 2716 3663 ὑπεραναϐέϐηκε
2767 3592 3007 3645 τούτων·
3052 3594 3453 3665 καταλιμπάνει
3498 3598 3555 3651 δὲ
3597 3598 3702 3669 τὴν
3733 3596 3852 3649 τού-

2264 3705 2373 3741 των
2412 3690 2557 3756 σαφῆ
2602 3687 2695 3738 καὶ
2741 3686 3193 3758 διευκρινημένην
3237 3690 3492 3760 διήγησιν
3527 3691 3606 3763 τῷ
3630 3691 3851 3760 Πλάστῃ

2265 3776 2359 3829 καὶ⁸
2392 3775 2640 3847 Δεσπότῃ
2675 3775 2895 3828 πάντων
2924 3776 3146 3847 Χριστῷ
3175 3777 3252 3847 τῷ
3284 3778 3405 3849 Θεῷ
3430 3782 3461 3848 ή
3473 3780 3612 3849 μῶν,
3637 3780 3698 3842 ὃς
3732 3781 3849 3830 ἐπι⁸

2263 3868 2329 3939 δη
2342 3868 2520 3938 μήσας
2551 3869 2683 3937 ἡμῖν
2710 3869 2819 3929 τοῖς
2843 3869 2901 3919 ὲν
2926 3871 3020 3937 γῇ,
3046 3868 3141 3919 καὶ
3168 3868 3237 3921 τά
3261 3869 3487 3938 οὐράνια
3515 3872 3607 3922 καὶ
3636 3869 3704 3922 τά
3734 3867 3851 3920 θεῖα

2266 3958 2594 4030 παραδιδοὺς
2629 3957 2925 4027 μαθήματά
2950 3974 3008 4009 τε
3041 3958 3136 4010 καὶ
3167 3960 3462 4029 μυστήρια,
3492 3960 3586 4013 καὶ
3612 3963 3714 4031 την
3745 3957 3849 4009 τῶν

2265 4049 2511 4121 οὐρανῶν
2561 4048 2839 4120 βασιλείαν
2888 4049 3226 4120 ἐξηγήσατο·
3275 4051 3402 4104 ἐπεὶ
3447 4051 3543 4104 καὶ
3588 4051 3659 4103 τά
3695 4050 3845 4109 ἄλλα,

2267 4142 2582 4213 νομοθεσίαι
2614 4159 2671 4195 τε
2702 4142 2797 4194 καὶ
2823 4142 3163 4210 εὐαγγελίαι,
3196 4141 3328 4211 ἀραί
3362 4160 3419 4195 τε
3452 4143 3547 4196 καὶ
3582 4140 3843 4208 εὐλογίαι,

2266 4238 2326 4290 τὸ
2352 4234 2811 4306 σωματικὼτερον
2840 4233 3084 4304 ἔχουσαι,
3113 4235 3391 4305 πανταχοῦ
3424 4233 3501 4305 τῷ
3530 4236 3724 4288 Μωσεῖ
3750 4249 3847 4284 παο

2272 4327 2738 4399 ραλαμϐάνονται·
2786 4328 2813 4379 ὁ
2852 4326 2907 4379 δὲ
2941 4327 3119 4390 κοινὸς
3148 4326 3243 4380 τοῦ
3273 4327 3465 4395 γένους
3500 4327 3694 4397 Σωτὴρ
3732 4325 3843 4377 ὅλον

2267 4421 2358 4473 τὸν
2386 4419 2675 4490 ἄνθρωπον
2704 4417 3009 4481 ἀπαλλάξαι
3032 4419 3131 4487 τῆς
3152 4418 3360 4487 πλάνης
3393 4418 3747 4489 προθέμενος,
3777 4414 3840 4466 τὶι

2269 4513 2574 4581 ὑπουράνια
2610 4512 2704 4565 καὶ⁸
2743 4511 2863 4563 θεῖα
2899 4513 3029 4582 ἡμῖν
3062 4513 3176 4574 τοῖς
3206 4511 3549 4582 πειθομένοις
3579 4508 3835 4581 ἐπηγγεί-

2266 4606 2398 4659 λατο
2423 4604 2636 4671 ἀγαθά·
2671 4601 2863 4671 ὥσπερ
2903 4606 2998 4656 καὶ
3042 4604 3155 4663 τοῖς
3186 4603 3503 4656 ἀπειθοῦσιν
3538 4602 3835 4670 ὑπέδειξεν,

2268 4698 2345 4761 ὼς
2378 4695 2694 4761 ὑποδέξεται
2718 4696 2914 4758 αὐτοὺς
2938 4695 2999 4747 οὑ
3026 4695 3093 4749 τὰ
3124 4696 3433 4766 πρόσκαιρά
3461 4713 3520 4748 τε
3549 4695 3647 4748 καὶ
3676 4695 3844 4769 χρόνῳ

2114 4902 2342 4960 ΝΟΤᾹῧ.

654 5046 790 5118 (50')
826 5046 1063 5111 Paradisi
1090 5042 1478 5118 intellectualis
1499 5058 1699 5118 nomen
1730 5058 1759 5118 a
1779 5042 2031 5118 paradiso
2051 5051 2160 5118 ter-

582 5112 739 5173 restri
766 5112 1066 5171 derivatum
1088 5112 1278 5178 fuisse,
1305 5114 1471 5168 nemo
1498 5114 1706 5167 inﬁcias
1733 5112 1794 5167 it;
1818 5112 2163 5181 Caeteroquin

583 5199 891 5242 sanctarum
938 5197 1066 5241 ante
1110 5185 1390 5263 Christum
1423 5184 1975 5263 aiititnarunrquietas
2007 5184 2166 5263 sedes

584 5275 613 5311 a
637 5259 882 5327 terrestri
913 5259 1165 5327 paradiso
1194 5255 1383 5327 Adami
1411 5255 1817 5327 distinguendas
1855 5269 1995 5327 esse,
2032 5255 2166 5327 satis

586 5326 746 5383 docet
773 5320 1052 5397 Scriptura
1085 5344 1209 5380 cum
1259 5326 1335 5397 ait
1385 5320 1815 5397 Christumpost
1849 5324 2058 5397 obitum
2099 5323 2164 5379 ad

586 5395 792 5453 inferos
825 5393 1193 5453 descendisse.
1243 5396 1423 5462 Quare
1466 5405 1521 5449 et
1569 5396 1634 5449 ad
1668 5393 1759 5448 illa
1786 5394 1929 5463 apud
1968 5393 2163 5463 Lucam

586 5471 750 5523 verba
781 5470 847 5522 ad
902 5469 1172 5533 latronem
1215 5478 1361 5521 recte
1408 5474 1630 5519 monent
1673 5467 1811 5519 sacri
1844 5466 2169 5533 interpretes

589 5548 901 5593 terrestrem
928 5530 1244 5607 paradisum
1264 5552 1373 5589 non
1404 5551 1523 5589 esse
1549 5537 1620 5589 ibi
1653 5530 2085 5607 intelligendum.

659 5610 773 5676 (51)
817 5608 890 5660 De
930 5606 1026 5661 hac
1069 5607 1382 5660 Graecorum
1432 5608 1788 5676 quorumdam
1831 5606 2088 5676 Opinione
2120 5612 2173 5676 et

590 5675 689 5732 nos
722 5675 821 5745 ipsi
858 5677 984 5754 alibi
1022 5678 1187 5731 locuti
1217 5692 1447 5754 sumus,“
1471 5685 1525 5729 et
1554 5675 1884 5754 bini-atorius
1908 5675 2174 5754 singulari

589 5763 754 5820 opere
787 5747 1048 5820 latissime
1070 5746 1381 5820 disputavit.
1411 5746 1474 5799 Et
1494 5747 1927 5820 quidemgcontra
1953 5745 2172 5820 Curetis

593 5816 721 5871 sho~
743 5819 965 5893 coniose
986 5817 1202 5893 timuerit
1241 5816 1551 5893 Eustratius
1575 5817 1643 5869 ab
1676 5816 1870 5868 Allatio
1901 5816 2100 5893 editus,

665 5890 778 5954 (ὅτι)
817 5885 1188 5951 Quaestiouem
1244 5888 1386 5947 hanc
1447 5902 1639 5955 rursus
1692 5894 1889 5940 tractat
1946 5885 2176 5939 Pbodus

2269 5041 2325 5094 in
2370 5040 2820 5117 Amphilochiana
2877 5039 3085 5117 decima
3156 5052 3352 5101 sexta,
3425 5038 3545 5093 aliis
3580 5109 3589 5117 _
3628 5039 3839 5108 quidem

2268 5112 2473 5175 verbis,
2521 5112 2852 5178 ceteroquin
2883 5111 3070 5163 iisdem
3110 5111 3623 5178 saepeiargmnentis
3654 5119 3839 5169 utens;

2268 5198 2432 5251 quam
2498 5197 2611 5234 rem
2674 5177 2976 5234 nuntiatam
3035 5177 3224 5251 lloma
3264 5177 3544 5251 Neapolim
3595 5190 3720 5233 ante
3752 5179 3843 5251 hos

2269 5245 2445 5305 annos
2476 5251 2646 5305 fuis.~e
2676 5252 2834 5304 video
2881 5252 2949 5305 cl.
2998 5249 3265 5304 Andresio
3327 5245 3603 5319 prodrom.
3652 5245 3837 5301 Amcd.

2270 5320 2365 5375 Gr.
2418 5337 2473 5390 p.
2535 5320 2623 5374 85.
2687 5322 2794 5374 Sed
2861 5332 3043 5374 tamen
3101 5321 3168 5373 ad
3232 5320 3375 5373 hunc
3416 5321 3595 5373 locum
3630 5319 3842 5390 Photius

2271 5394 2326 5445 in
2361 5389 2570 5445 decima
2606 5402 2761 5445 sexta
2815 5392 2972 5444 aliter
2999 5391 3247 5458 judicare
3272 5390 3507 5445 videtur.
3541 5389 3680 5444 Huic
3707 5389 3841 5447 enim

2270 5460 2517 5531 Opinioni
2580 5462 2962 5515 nonnullorum
3017 5461 3309 5529 propositae
3364 5461 3445 5513 sic
3485 5458 3838 5531 contradicit:

2285 5530 2446 5606 iam
2479 5531 2634 5606 τοῦτο
2661 5532 2891 5606 μὲνᾼοὺκ
2922 5531 2988 5583 ἂν
3024 5530 3222 5606 ῥᾳδίως
3251 5531 3514 5606 ἀγαπήσῃ
3545 5531 3577 5599 ἡ
3605 5530 3837 5606 ἀλήθεια,

2273 5602 2357 5655 ὅτι
2410 5618 2467 5652 τε
2524 5602 2645 5653 λίαν
2690 5601 3076 5661 ἐκϐεϐίασται,
3126 5601 3219 5653 καὶ
3260 5601 3340 5653 ὅτι
3394 5602 3565 5671 εἰπὼν
3608 5601 3840 5671 οὐρανῶν

2277 5671 2519 5741 ποίησιν,
2556 5673 2693 5741 περὶ
2708 5671 2807 5741 τῆς
2838 5672 2948 5724 τῶν
2977 5671 3223 5740 οὐρανῶν
3269 5670 3545 5739 βασιλείας
3570 5672 3696 5733 τοὺς
3728 5670 3840 5741 Ἰον-

2279 5735 2459 5802 δαίους
2481 5735 2644 5794 οὐδὲν
2663 5735 2824 5813 ἦττον
2863 5735 3144 5811 ὠφέλησεν
3175 5741 3207 5822 ἢ
3233 5735 3281 5792 εὶ
3310 5741 3588 5822 παντελῶς
3620 5735 3839 5822 αττεσιῶ-

2283 5829 2422 5880 πησε
2446 5828 2457 5839 ·
2484 5814 2577 5863 καί
2600 5808 2766 5883 πολλή
2796 5808 2933 5881 ἄλλη
2962 5808 3090 5882 πρὸς
3112 5808 3316 5881 ταύτην
3339 5810 3435 5885 τὴν
3462 5808 3729 5881 ὑπόληψιν
3754 5812 3839 5861 ὑπο

2284 5899 2616 5946 εναντιωσις.
