  <div class='ocr_page' id='page_1' title='image "/cluster/home/n/w/nwhite01/storage/ocr_20150623/101:no.1/coo.31924054870054/078.png"; bbox 0 0 4134 6452; ppageno 0'>
   <div class='ocr_carea' id='block_1_1' title="bbox 358 445 463 506">
    <p class='ocr_par' dir='ltr' id='par_1_1' title="bbox 358 445 463 506">
     <span class='ocr_line' id='line_1_1' title="bbox 358 445 463 506; baseline 0 0"><span class='ocrx_word' id='word_1_1' title='bbox 358 445 463 506; x_wconf 72' lang='grc' dir='ltr'><strong>ως)</strong></span> 
     </span>
    </p>
   </div>
   <div class='ocr_carea' id='block_1_2' title="bbox 1347 457 2604 533">
    <p class='ocr_par' dir='ltr' id='par_1_2' title="bbox 1347 457 2604 533">
     <span class='ocr_line' id='line_1_2' title="bbox 1347 457 2604 533; baseline 0.006 -18"><span class='ocrx_word' id='word_1_2' title='bbox 1347 457 1452 515; x_wconf 85' lang='lat' dir='ltr'><strong>AD</strong></span> <span class='ocrx_word' id='word_1_3' title='bbox 1471 457 2061 521; x_wconf 70' lang='lat' dir='ltr'><strong>AllIPIlILOCHIUh&#39;I</strong></span> <span class='ocrx_word' id='word_1_4' title='bbox 2101 460 2444 533; x_wconf 76' lang='lat' dir='ltr'><strong>QU/ESTIO</strong></span> <span class='ocrx_word' id='word_1_5' title='bbox 2471 464 2604 524; x_wconf 85' lang='lat' dir='ltr'><strong>VII.</strong></span> 
     </span>
    </p>
   </div>
   <div class='ocr_carea' id='block_1_3' title="bbox 3527 455 3627 519">
    <p class='ocr_par' dir='ltr' id='par_1_3' title="bbox 3527 455 3627 519">
     <span class='ocr_line' id='line_1_3' title="bbox 3527 455 3627 519; baseline -0.03 -1"><span class='ocrx_word' id='word_1_6' title='bbox 3527 455 3627 519; x_wconf 82' lang='grc'><strong>110</strong></span> 
     </span>
    </p>
   </div>
   <div class='ocr_carea' id='block_1_4' title="bbox 351 559 1940 638">
    <p class='ocr_par' dir='ltr' id='par_1_4' title="bbox 351 559 1934 638">
     <span class='ocr_line' id='line_1_4' title="bbox 351 559 1934 638; baseline 0.014 -32"><span class='ocrx_word' id='word_1_7' title='bbox 351 559 881 631; x_wconf 81' lang='grc' dir='ltr'>καταμαραινόμενα</span> <span class='ocrx_word' id='word_1_8' title='bbox 949 564 1196 634; x_wconf 76' lang='grc' dir='ltr'>λυπηρὰ,</span> <span class='ocrx_word' id='word_1_9' title='bbox 1264 567 1379 621; x_wconf 83' lang='grc' dir='ltr'>ἀλλ’</span> <span class='ocrx_word' id='word_1_10' title='bbox 1439 570 1544 624; x_wconf 80' lang='grc' dir='ltr'>ὅσα</span> <span class='ocrx_word' id='word_1_11' title='bbox 1607 573 1676 624; x_wconf 84' lang='grc' dir='ltr'>δι’</span> <span class='ocrx_word' id='word_1_12' title='bbox 1738 574 1934 638; x_wconf 84' lang='grc' dir='ltr'>αἰῶνος</span> 
     </span>
    </p>
   </div>
   <div class='ocr_carea' id='block_1_5' title="bbox 2040 559 3622 638">
    <p class='ocr_par' dir='ltr' id='par_1_5' title="bbox 2040 573 3622 632">
     <span class='ocr_line' id='line_1_5' title="bbox 2040 573 3622 632; baseline -0.003 -3"><span class='ocrx_word' id='word_1_13' title='bbox 2040 577 2112 630; x_wconf 67' lang='grc' dir='ltr'>νὶι</span> <span class='ocrx_word' id='word_1_14' title='bbox 2151 592 2164 628; x_wconf 95' lang='lat'>:</span> <span class='ocrx_word' id='word_1_15' title='bbox 2213 576 2374 631; x_wconf 89' lang='lat' dir='ltr'><strong>sicuti</strong></span> <span class='ocrx_word' id='word_1_16' title='bbox 2424 577 2588 632; x_wconf 90' lang='lat' dir='ltr'><strong>etiam</strong></span> <span class='ocrx_word' id='word_1_17' title='bbox 2644 591 2750 630; x_wconf 92' lang='lat' dir='ltr'><strong>non</strong></span> <span class='ocrx_word' id='word_1_18' title='bbox 2807 575 3160 631; x_wconf 71' lang='lat' dir='ltr'><strong>credentibus</strong></span> <span class='ocrx_word' id='word_1_19' title='bbox 3207 573 3622 630; x_wconf 83' lang='lat' dir='ltr'><strong>demonstravit.</strong></span> 
     </span>
    </p>
   </div>
   <div class='ocr_carea' id='block_1_6' title="bbox 351 649 1935 736">
    <p class='ocr_par' dir='ltr' id='par_1_6' title="bbox 351 649 1935 736">
     <span class='ocr_line' id='line_1_6' title="bbox 351 649 1935 736; baseline 0.013 -36"><span class='ocrx_word' id='word_1_20' title='bbox 351 649 662 719; x_wconf 79' lang='grc' dir='ltr'><strong>ἀπεράντου</strong></span> <span class='ocrx_word' id='word_1_21' title='bbox 714 657 1191 730; x_wconf 74' lang='grc' dir='ltr'><strong>παρατεινομένην</strong></span> <span class='ocrx_word' id='word_1_22' title='bbox 1234 660 1418 731; x_wconf 72' lang='grc' dir='ltr'>ἔχουσι</span> <span class='ocrx_word' id='word_1_23' title='bbox 1457 664 1553 734; x_wconf 83' lang='grc' dir='ltr'>τὴν</span> <span class='ocrx_word' id='word_1_24' title='bbox 1587 669 1784 736; x_wconf 86' lang='grc' dir='ltr'>πεῖραν</span> <span class='ocrx_word' id='word_1_25' title='bbox 1829 667 1935 720; x_wconf 88' lang='grc' dir='ltr'><strong>τῶν</strong></span> 
     </span>
    </p>
   </div>
   <div class='ocr_carea' id='block_1_7' title="bbox 351 741 642 810">
    <p class='ocr_par' dir='ltr' id='par_1_7' title="bbox 351 741 642 810">
     <span class='ocr_line' id='line_1_7' title="bbox 351 741 642 810; baseline 0.017 -17"><span class='ocrx_word' id='word_1_26' title='bbox 351 741 642 810; x_wconf 77' lang='grc' dir='ltr'>ἀλγεινῶν.</span> 
     </span>
    </p>
   </div>
   <div class='ocr_carea' id='block_1_8' title="bbox 426 918 1938 1004">
    <p class='ocr_par' dir='ltr' id='par_1_8' title="bbox 426 918 1938 1004">
     <span class='ocr_line' id='line_1_8' title="bbox 426 918 1938 1004; baseline 0.01 -31"><span class='ocrx_word' id='word_1_27' title='bbox 426 918 488 976; x_wconf 87' lang='grc' dir='ltr'><strong>δ’.</strong></span> <span class='ocrx_word' id='word_1_28' title='bbox 527 921 587 972; x_wconf 82' lang='grc' dir='ltr'>Εἰ</span> <span class='ocrx_word' id='word_1_29' title='bbox 623 921 686 992; x_wconf 79' lang='grc' dir='ltr'>δὴ</span> <span class='ocrx_word' id='word_1_30' title='bbox 725 924 819 976; x_wconf 71' lang='grc' dir='ltr'><strong>καὶ</strong></span> <span class='ocrx_word' id='word_1_31' title='bbox 865 925 1267 998; x_wconf 81' lang='grc' dir='ltr'>ἁγωνιστήριον</span> <span class='ocrx_word' id='word_1_32' title='bbox 1308 925 1377 1001; x_wconf 82' lang='grc' dir='ltr'>ἦν</span> <span class='ocrx_word' id='word_1_33' title='bbox 1426 933 1454 984; x_wconf 88' lang='grc' dir='ltr'><strong>ὁ</strong></span> <span class='ocrx_word' id='word_1_34' title='bbox 1498 933 1851 1004; x_wconf 79' lang='grc' dir='ltr'><strong>παράδεισος,</strong></span> <span class='ocrx_word' id='word_1_35' title='bbox 1880 935 1938 988; x_wconf 84' lang='grc' dir='ltr'><strong>ἐν</strong></span> 
     </span>
    </p>
   </div>
   <div class='ocr_carea' id='block_1_9' title="bbox 353 1013 1939 1094">
    <p class='ocr_par' dir='ltr' id='par_1_9' title="bbox 353 1013 1939 1094">
     <span class='ocr_line' id='line_1_9' title="bbox 353 1013 1939 1094; baseline 0.009 -30"><span class='ocrx_word' id='word_1_36' title='bbox 353 1013 506 1082; x_wconf 85' lang='grc' dir='ltr'>αὐτῷ</span> <span class='ocrx_word' id='word_1_37' title='bbox 537 1014 643 1084; x_wconf 84' lang='grc' dir='ltr'><strong>γάρ</strong></span> <span class='ocrx_word' id='word_1_38' title='bbox 678 1015 740 1067; x_wconf 78' lang='grc' dir='ltr'>τὸ</span> <span class='ocrx_word' id='word_1_39' title='bbox 767 1018 1070 1086; x_wconf 87' lang='grc' dir='ltr'>γυμνάσιον</span> <span class='ocrx_word' id='word_1_40' title='bbox 1097 1019 1176 1090; x_wconf 79' lang='grc' dir='ltr'>τῷ</span> <span class='ocrx_word' id='word_1_41' title='bbox 1204 1022 1617 1094; x_wconf 84' lang='grc' dir='ltr'>πρωτοπλάστῳ</span> <span class='ocrx_word' id='word_1_42' title='bbox 1649 1026 1939 1094; x_wconf 81' lang='grc' dir='ltr'>προτέθει-</span> 
     </span>
    </p>
   </div>
   <div class='ocr_carea' id='block_1_10' title="bbox 350 1105 1934 1184">
    <p class='ocr_par' dir='ltr' id='par_1_10' title="bbox 350 1105 1934 1184">
     <span class='ocr_line' id='line_1_10' title="bbox 350 1105 1934 1184; baseline 0.008 -28"><span class='ocrx_word' id='word_1_43' title='bbox 350 1123 434 1166; x_wconf 86' lang='grc' dir='ltr'><strong>το,</strong></span> <span class='ocrx_word' id='word_1_44' title='bbox 474 1105 588 1168; x_wconf 86' lang='grc' dir='ltr'><strong>πῶς</strong></span> <span class='ocrx_word' id='word_1_45' title='bbox 623 1105 692 1159; x_wconf 82' lang='grc' dir='ltr'><strong>ἂν</strong></span> <span class='ocrx_word' id='word_1_46' title='bbox 718 1108 803 1175; x_wconf 82' lang='grc' dir='ltr'><strong>εῖη</strong></span> <span class='ocrx_word' id='word_1_47' title='bbox 838 1108 914 1178; x_wconf 85' lang='grc' dir='ltr'><strong>τῷ</strong></span> <span class='ocrx_word' id='word_1_48' title='bbox 955 1109 1103 1180; x_wconf 85' lang='grc' dir='ltr'>αὐτῷ</span> <span class='ocrx_word' id='word_1_49' title='bbox 1142 1112 1238 1164; x_wconf 70' lang='grc' dir='ltr'><strong>καὶ</strong></span> <span class='ocrx_word' id='word_1_50' title='bbox 1279 1113 1532 1184; x_wconf 79' lang='grc' dir='ltr'>βραϐεῖον</span> <span class='ocrx_word' id='word_1_51' title='bbox 1559 1117 1654 1169; x_wconf 78' lang='grc' dir='ltr'><strong>καί</strong></span> <span class='ocrx_word' id='word_1_52' title='bbox 1687 1118 1934 1184; x_wconf 85' lang='grc' dir='ltr'>στάδιον;</span> 
     </span>
    </p>
   </div>
   <div class='ocr_carea' id='block_1_11' title="bbox 347 1196 1942 1277">
    <p class='ocr_par' dir='ltr' id='par_1_11' title="bbox 347 1196 1942 1277">
     <span class='ocr_line' id='line_1_11' title="bbox 347 1196 1942 1277; baseline 0.009 -28"><span class='ocrx_word' id='word_1_53' title='bbox 347 1196 548 1249; x_wconf 76' lang='grc' dir='ltr'>οὐκοῦν</span> <span class='ocrx_word' id='word_1_54' title='bbox 570 1198 598 1249; x_wconf 82' lang='grc' dir='ltr'>ὁ</span> <span class='ocrx_word' id='word_1_55' title='bbox 619 1198 948 1267; x_wconf 81' lang='grc' dir='ltr'>παράδεισος</span> <span class='ocrx_word' id='word_1_56' title='bbox 974 1202 1260 1272; x_wconf 88' lang='grc' dir='ltr'>προοίμιον</span> <span class='ocrx_word' id='word_1_57' title='bbox 1286 1204 1384 1272; x_wconf 86' lang='grc' dir='ltr'><strong>μὲν</strong></span> <span class='ocrx_word' id='word_1_58' title='bbox 1403 1206 1503 1276; x_wconf 81' lang='grc' dir='ltr'>τῆς</span> <span class='ocrx_word' id='word_1_59' title='bbox 1528 1206 1806 1277; x_wconf 81' lang='grc' dir='ltr'>βασιλείας</span> <span class='ocrx_word' id='word_1_60' title='bbox 1829 1209 1942 1264; x_wconf 84' lang='grc' dir='ltr'><strong>τῶν</strong></span> 
     </span>
    </p>
   </div>
   <div class='ocr_carea' id='block_1_12' title="bbox 343 1287 1938 1369">
    <p class='ocr_par' dir='ltr' id='par_1_12' title="bbox 343 1287 1938 1369">
     <span class='ocr_line' id='line_1_12' title="bbox 343 1287 1938 1369; baseline 0.009 -29"><span class='ocrx_word' id='word_1_61' title='bbox 343 1287 622 1358; x_wconf 85' lang='grc' dir='ltr'>οὐρανῶν,</span> <span class='ocrx_word' id='word_1_62' title='bbox 653 1289 712 1342; x_wconf 88' lang='grc' dir='ltr'><strong>οὐ</strong></span> <span class='ocrx_word' id='word_1_63' title='bbox 750 1289 998 1360; x_wconf 87' lang='grc' dir='ltr'>βασιλεία</span> <span class='ocrx_word' id='word_1_64' title='bbox 1028 1293 1126 1346; x_wconf 88' lang='grc' dir='ltr'>δέ·</span> <span class='ocrx_word' id='word_1_65' title='bbox 1158 1296 1256 1348; x_wconf 73' lang='grc' dir='ltr'><strong>καὶ</strong></span> <span class='ocrx_word' id='word_1_66' title='bbox 1280 1296 1550 1368; x_wconf 88' lang='grc' dir='ltr'>μακάριον</span> <span class='ocrx_word' id='word_1_67' title='bbox 1579 1298 1679 1369; x_wconf 86' lang='grc' dir='ltr'><strong>μὲν</strong></span> <span class='ocrx_word' id='word_1_68' title='bbox 1710 1301 1806 1354; x_wconf 77' lang='grc' dir='ltr'>καὶ</span> <span class='ocrx_word' id='word_1_69' title='bbox 1835 1318 1938 1354; x_wconf 87' lang='grc' dir='ltr'>πο-</span> 
     </span>
    </p>
   </div>
   <div class='ocr_carea' id='block_1_13' title="bbox 343 1377 1939 1462">
    <p class='ocr_par' dir='ltr' id='par_1_13' title="bbox 343 1377 1939 1462">
     <span class='ocr_line' id='line_1_13' title="bbox 343 1377 1939 1462; baseline 0.01 -33"><span class='ocrx_word' id='word_1_70' title='bbox 343 1377 650 1448; x_wconf 85' lang='grc' dir='ltr'>λυέραστον</span> <span class='ocrx_word' id='word_1_71' title='bbox 677 1381 1084 1452; x_wconf 87' lang='grc' dir='ltr'>ἐνδιαιτηθῆναι</span> <span class='ocrx_word' id='word_1_72' title='bbox 1107 1385 1184 1455; x_wconf 81' lang='grc' dir='ltr'>τῷ</span> <span class='ocrx_word' id='word_1_73' title='bbox 1206 1387 1414 1457; x_wconf 82' lang='grc' dir='ltr'><strong>χωρίῳ,</strong></span> <span class='ocrx_word' id='word_1_74' title='bbox 1441 1389 1857 1462; x_wconf 81' lang='grc' dir='ltr'>μακαριώτερον</span> <span class='ocrx_word' id='word_1_75' title='bbox 1880 1392 1939 1444; x_wconf 81' lang='grc' dir='ltr'><strong>δὲ</strong></span> 
     </span>
    </p>
   </div>
   <div class='ocr_carea' id='block_1_14' title="bbox 345 1469 1942 1554">
    <p class='ocr_par' dir='ltr' id='par_1_14' title="bbox 345 1469 1942 1554">
     <span class='ocr_line' id='line_1_14' title="bbox 345 1469 1942 1554; baseline 0.011 -34"><span class='ocrx_word' id='word_1_76' title='bbox 345 1469 446 1521; x_wconf 72' lang='grc' dir='ltr'><strong>καὶ</strong></span> <span class='ocrx_word' id='word_1_77' title='bbox 477 1471 887 1543; x_wconf 78' lang='grc' dir='ltr'>ἐρασμιώτερον</span> <span class='ocrx_word' id='word_1_78' title='bbox 913 1475 974 1526; x_wconf 86' lang='grc' dir='ltr'><strong>τὸ</strong></span> <span class='ocrx_word' id='word_1_79' title='bbox 1000 1476 1081 1539; x_wconf 91' lang='grc' dir='ltr'><strong>εἰς</strong></span> <span class='ocrx_word' id='word_1_80' title='bbox 1105 1478 1203 1540; x_wconf 79' lang='grc' dir='ltr'>τὰς</span> <span class='ocrx_word' id='word_1_81' title='bbox 1227 1479 1488 1547; x_wconf 87' lang='grc' dir='ltr'>οὐρανίας</span> <span class='ocrx_word' id='word_1_82' title='bbox 1519 1481 1732 1535; x_wconf 88' lang='grc' dir='ltr'>ἐκεῖθεν</span> <span class='ocrx_word' id='word_1_83' title='bbox 1762 1499 1942 1554; x_wconf 86' lang='grc' dir='ltr'>παρα-</span> 
     </span>
    </p>
   </div>
   <div class='ocr_carea' id='block_1_15' title="bbox 346 1561 1940 1647">
    <p class='ocr_par' dir='ltr' id='par_1_15' title="bbox 346 1561 1940 1647">
     <span class='ocr_line' id='line_1_15' title="bbox 346 1561 1940 1647; baseline 0.013 -37"><span class='ocrx_word' id='word_1_84' title='bbox 346 1561 672 1631; x_wconf 75' lang='grc' dir='ltr'>πεμφθῆναι</span> <span class='ocrx_word' id='word_1_85' title='bbox 732 1567 934 1636; x_wconf 85' lang='grc' dir='ltr'>σκηνάς</span> <span class='ocrx_word' id='word_1_86' title='bbox 955 1583 970 1599; x_wconf 85' lang='lat'><strong><em>°</em></strong></span> <span class='ocrx_word' id='word_1_87' title='bbox 1027 1569 1123 1622; x_wconf 80' lang='grc' dir='ltr'><strong>καὶ</strong></span> <span class='ocrx_word' id='word_1_88' title='bbox 1152 1571 1212 1623; x_wconf 84' lang='grc' dir='ltr'><strong>τὸ</strong></span> <span class='ocrx_word' id='word_1_89' title='bbox 1246 1571 1490 1643; x_wconf 80' lang='grc' dir='ltr'>ἀρχηγὸν</span> <span class='ocrx_word' id='word_1_90' title='bbox 1537 1573 1594 1627; x_wconf 88' lang='grc' dir='ltr'><strong>δέ</strong></span> <span class='ocrx_word' id='word_1_91' title='bbox 1627 1576 1764 1644; x_wconf 82' lang='grc' dir='ltr'>φῶς,</span> <span class='ocrx_word' id='word_1_92' title='bbox 1801 1576 1940 1647; x_wconf 83' lang='grc' dir='ltr'>ὅπερ</span> 
     </span>
    </p>
   </div>
   <div class='ocr_carea' id='block_1_16' title="bbox 344 1654 1938 1740">
    <p class='ocr_par' dir='ltr' id='par_1_16' title="bbox 344 1654 1938 1740">
     <span class='ocr_line' id='line_1_16' title="bbox 344 1654 1938 1740; baseline 0.01 -34"><span class='ocrx_word' id='word_1_93' title='bbox 344 1654 717 1724; x_wconf 80' lang='grc' dir='ltr'>ἀναχεόμενον</span> <span class='ocrx_word' id='word_1_94' title='bbox 772 1658 880 1727; x_wconf 74' lang='grc' dir='ltr'>πρὸ</span> <span class='ocrx_word' id='word_1_95' title='bbox 936 1660 1035 1730; x_wconf 78' lang='grc' dir='ltr'>τῆς</span> <span class='ocrx_word' id='word_1_96' title='bbox 1082 1661 1174 1715; x_wconf 79' lang='grc' dir='ltr'>τοῦ</span> <span class='ocrx_word' id='word_1_97' title='bbox 1215 1664 1366 1733; x_wconf 77' lang='grc' dir='ltr'>ἡλίου</span> <span class='ocrx_word' id='word_1_98' title='bbox 1408 1665 1795 1736; x_wconf 85' lang='grc' dir='ltr'>δημιουργίας,</span> <span class='ocrx_word' id='word_1_99' title='bbox 1839 1669 1938 1740; x_wconf 80' lang='grc' dir='ltr'><strong>τὴν</strong></span> 
     </span>
    </p>
   </div>
   <div class='ocr_carea' id='block_1_17' title="bbox 347 1745 1940 1829">
    <p class='ocr_par' dir='ltr' id='par_1_17' title="bbox 347 1745 1940 1829">
     <span class='ocr_line' id='line_1_17' title="bbox 347 1745 1940 1829; baseline 0.012 -32"><span class='ocrx_word' id='word_1_100' title='bbox 347 1745 567 1814; x_wconf 82' lang='grc' dir='ltr'>ἡμέραν</span> <span class='ocrx_word' id='word_1_101' title='bbox 593 1748 788 1814; x_wconf 90' lang='grc' dir='ltr'>ἐποίει,</span> <span class='ocrx_word' id='word_1_102' title='bbox 824 1750 1102 1821; x_wconf 85' lang='grc' dir='ltr'>βασιλείαν</span> <span class='ocrx_word' id='word_1_103' title='bbox 1121 1755 1369 1826; x_wconf 81' lang='grc' dir='ltr'>οὐρανῶν</span> <span class='ocrx_word' id='word_1_104' title='bbox 1397 1757 1735 1829; x_wconf 79' lang='grc' dir='ltr'>ὑψηλοτέραν</span> <span class='ocrx_word' id='word_1_105' title='bbox 1761 1778 1820 1814; x_wconf 89' lang='grc' dir='ltr'><strong>τε</strong></span> <span class='ocrx_word' id='word_1_106' title='bbox 1847 1762 1940 1815; x_wconf 70' lang='grc' dir='ltr'>καὶ</span> 
     </span>
    </p>
   </div>
   <div class='ocr_carea' id='block_1_18' title="bbox 350 1834 1936 1921">
    <p class='ocr_par' dir='ltr' id='par_1_18' title="bbox 350 1834 1936 1921">
     <span class='ocr_line' id='line_1_18' title="bbox 350 1834 1936 1921; baseline 0.014 -36"><span class='ocrx_word' id='word_1_107' title='bbox 350 1834 632 1907; x_wconf 63' lang='grc' dir='ltr'>θειοτέραν</span> <span class='ocrx_word' id='word_1_108' title='bbox 670 1839 766 1892; x_wconf 79' lang='grc' dir='ltr'>καὶ</span> <span class='ocrx_word' id='word_1_109' title='bbox 807 1841 883 1905; x_wconf 83' lang='grc' dir='ltr'>ὡς</span> <span class='ocrx_word' id='word_1_110' title='bbox 920 1842 1138 1913; x_wconf 84' lang='grc' dir='ltr'>άληθῶς</span> <span class='ocrx_word' id='word_1_111' title='bbox 1170 1846 1423 1916; x_wconf 86' lang='grc' dir='ltr'>οὐράνιον</span> <span class='ocrx_word' id='word_1_112' title='bbox 1465 1848 1618 1920; x_wconf 82' lang='grc' dir='ltr'>λῆξιν</span> <span class='ocrx_word' id='word_1_113' title='bbox 1668 1853 1814 1921; x_wconf 81' lang='grc' dir='ltr'>ἡμᾶς</span> <span class='ocrx_word' id='word_1_114' title='bbox 1848 1855 1936 1907; x_wconf 84' lang='grc' dir='ltr'>ἐν-</span> 
     </span>
    </p>
   </div>
   <div class='ocr_carea' id='block_1_19' title="bbox 349 1925 2010 2014">
    <p class='ocr_par' dir='ltr' id='par_1_19' title="bbox 349 1925 2010 2014">
     <span class='ocr_line' id='line_1_19' title="bbox 349 1925 2010 2014; baseline 0.014 -36"><span class='ocrx_word' id='word_1_115' title='bbox 349 1927 518 1990; x_wconf 88' lang='grc' dir='ltr'>νοεῖν,</span> <span class='ocrx_word' id='word_1_116' title='bbox 547 1929 578 1997; x_wconf 84' lang='grc' dir='ltr'>ἢ</span> <span class='ocrx_word' id='word_1_117' title='bbox 604 1929 696 1983; x_wconf 75' lang='grc' dir='ltr'><strong>τὸν</strong></span> <span class='ocrx_word' id='word_1_118' title='bbox 721 1933 1072 2002; x_wconf 85' lang='grc' dir='ltr'>παράδεισον,</span> <span class='ocrx_word' id='word_1_119' title='bbox 1117 1937 1414 1992; x_wconf 82' lang='grc' dir='ltr'>ἀπευθύνει</span> <span class='ocrx_word' id='word_1_120' title='bbox 1436 1954 1451 1970; x_wconf 74' lang='grc'><strong>⁸</strong></span> <span class='ocrx_word' id='word_1_121' title='bbox 1482 1941 1540 1994; x_wconf 91' lang='grc' dir='ltr'><strong>ἐν</strong></span> <span class='ocrx_word' id='word_1_122' title='bbox 1631 1945 1743 2007; x_wconf 82' lang='grc' dir='ltr'>τοῖς</span> <span class='ocrx_word' id='word_1_123' title='bbox 1769 1945 1935 2012; x_wconf 79' lang='grc' dir='ltr'>άξιω-</span> <span class='ocrx_word' id='word_1_124' title='bbox 1969 1925 2010 1980; x_wconf 75' lang='grc' dir='ltr'><strong><em>Β</em></strong></span> 
     </span>
    </p>
   </div>
   <div class='ocr_carea' id='block_1_20' title="bbox 351 2017 1933 2107">
    <p class='ocr_par' dir='ltr' id='par_1_20' title="bbox 351 2017 1933 2107">
     <span class='ocr_line' id='line_1_20' title="bbox 351 2017 1933 2107; baseline 0.013 -36"><span class='ocrx_word' id='word_1_125' title='bbox 351 2017 679 2090; x_wconf 88' lang='grc' dir='ltr'>θησομένοις</span> <span class='ocrx_word' id='word_1_126' title='bbox 731 2025 1100 2082; x_wconf 74' lang='grc' dir='ltr'>ἐνδιαιτᾶσθαι</span> <span class='ocrx_word' id='word_1_127' title='bbox 1145 2030 1246 2102; x_wconf 82' lang='grc' dir='ltr'>τὴν</span> <span class='ocrx_word' id='word_1_128' title='bbox 1290 2032 1479 2102; x_wconf 83' lang='grc' dir='ltr'>χρείαν</span> <span class='ocrx_word' id='word_1_129' title='bbox 1521 2034 1933 2107; x_wconf 85' lang='grc' dir='ltr'>άποπληρώσει·</span> 
     </span>
    </p>
   </div>
   <div class='ocr_carea' id='block_1_21' title="bbox 349 2113 1936 2201">
    <p class='ocr_par' dir='ltr' id='par_1_21' title="bbox 349 2113 1936 2201">
     <span class='ocr_line' id='line_1_21' title="bbox 349 2113 1936 2201; baseline 0.013 -38"><span class='ocrx_word' id='word_1_130' title='bbox 349 2113 451 2165; x_wconf 77' lang='grc' dir='ltr'><strong>καὶ</strong></span> <span class='ocrx_word' id='word_1_131' title='bbox 479 2113 563 2184; x_wconf 85' lang='grc' dir='ltr'><strong>είη</strong></span> <span class='ocrx_word' id='word_1_132' title='bbox 600 2115 667 2169; x_wconf 78' lang='grc' dir='ltr'>ἂν</span> <span class='ocrx_word' id='word_1_133' title='bbox 693 2118 865 2172; x_wconf 77' lang='grc' dir='ltr'>εἰκότι</span> <span class='ocrx_word' id='word_1_134' title='bbox 899 2119 1044 2190; x_wconf 83' lang='grc' dir='ltr'>λόγῳ</span> <span class='ocrx_word' id='word_1_135' title='bbox 1069 2120 1362 2192; x_wconf 83' lang='grc' dir='ltr'>ἀναλογίαν</span> <span class='ocrx_word' id='word_1_136' title='bbox 1387 2123 1649 2190; x_wconf 76' lang='grc' dir='ltr'>διασῶςον</span> <span class='ocrx_word' id='word_1_137' title='bbox 1677 2129 1738 2182; x_wconf 81' lang='grc' dir='ltr'><strong>τὸ</strong></span> <span class='ocrx_word' id='word_1_138' title='bbox 1770 2130 1936 2201; x_wconf 83' lang='grc' dir='ltr'>οὐρά-</span> 
     </span>
    </p>
   </div>
   <div class='ocr_carea' id='block_1_22' title="bbox 346 2205 1938 2293">
    <p class='ocr_par' dir='ltr' id='par_1_22' title="bbox 346 2205 1938 2293">
     <span class='ocr_line' id='line_1_22' title="bbox 346 2205 1938 2293; baseline 0.014 -39"><span class='ocrx_word' id='word_1_139' title='bbox 346 2221 467 2257; x_wconf 90' lang='grc' dir='ltr'>νιον</span> <span class='ocrx_word' id='word_1_140' title='bbox 500 2205 657 2276; x_wconf 86' lang='grc' dir='ltr'>σῶμα</span> <span class='ocrx_word' id='word_1_141' title='bbox 679 2209 817 2279; x_wconf 85' lang='grc' dir='ltr'>πρὸς</span> <span class='ocrx_word' id='word_1_142' title='bbox 841 2211 942 2282; x_wconf 73' lang='grc' dir='ltr'>τὴν</span> <span class='ocrx_word' id='word_1_143' title='bbox 965 2213 1247 2283; x_wconf 87' lang='grc' dir='ltr'>βασιλείαν</span> <span class='ocrx_word' id='word_1_144' title='bbox 1273 2216 1381 2270; x_wconf 91' lang='grc' dir='ltr'><strong>τῶν</strong></span> <span class='ocrx_word' id='word_1_145' title='bbox 1414 2219 1682 2290; x_wconf 82' lang='grc' dir='ltr'>οὐρανῶν,</span> <span class='ocrx_word' id='word_1_146' title='bbox 1711 2222 1778 2293; x_wconf 83' lang='grc' dir='ltr'>ἦν</span> <span class='ocrx_word' id='word_1_147' title='bbox 1816 2239 1938 2275; x_wconf 82' lang='grc' dir='ltr'>συν-</span> 
     </span>
    </p>
   </div>
   <div class='ocr_carea' id='block_1_23' title="bbox 343 2296 1938 2384">
    <p class='ocr_par' dir='ltr' id='par_1_23' title="bbox 343 2296 1938 2384">
     <span class='ocr_line' id='line_1_23' title="bbox 343 2296 1938 2384; baseline 0.013 -36"><span class='ocrx_word' id='word_1_148' title='bbox 343 2296 606 2362; x_wconf 76' lang='grc' dir='ltr'>διασώζει</span> <span class='ocrx_word' id='word_1_149' title='bbox 659 2301 796 2372; x_wconf 83' lang='grc' dir='ltr'>πρὸς</span> <span class='ocrx_word' id='word_1_150' title='bbox 837 2305 1007 2376; x_wconf 81' lang='grc' dir='ltr'>αὐτὴν</span> <span class='ocrx_word' id='word_1_151' title='bbox 1047 2307 1081 2377; x_wconf 83' lang='grc' dir='ltr'>ἡ</span> <span class='ocrx_word' id='word_1_152' title='bbox 1126 2308 1196 2377; x_wconf 86' lang='grc' dir='ltr'>γῆ</span> <span class='ocrx_word' id='word_1_153' title='bbox 1221 2325 1236 2340; x_wconf 75' lang='grc' dir='ltr'><strong><em>ο</em></strong></span> <span class='ocrx_word' id='word_1_154' title='bbox 1267 2310 1450 2381; x_wconf 83' lang='grc' dir='ltr'>ἐκείνη</span> <span class='ocrx_word' id='word_1_155' title='bbox 1476 2328 1534 2364; x_wconf 89' lang='grc' dir='ltr'><strong>τε</strong></span> <span class='ocrx_word' id='word_1_156' title='bbox 1571 2312 1679 2384; x_wconf 88' lang='grc' dir='ltr'>γὰρ</span> <span class='ocrx_word' id='word_1_157' title='bbox 1717 2314 1854 2384; x_wconf 84' lang='grc' dir='ltr'>πρὸς</span> <span class='ocrx_word' id='word_1_158' title='bbox 1877 2315 1938 2368; x_wconf 74' lang='grc' dir='ltr'><strong>τὸ</strong></span> 
     </span>
    </p>
   </div>
   <div class='ocr_carea' id='block_1_24' title="bbox 343 2388 1939 2476">
    <p class='ocr_par' dir='ltr' id='par_1_24' title="bbox 343 2388 1939 2476">
     <span class='ocr_line' id='line_1_24' title="bbox 343 2388 1939 2476; baseline 0.013 -36"><span class='ocrx_word' id='word_1_159' title='bbox 343 2388 628 2458; x_wconf 83' lang='grc' dir='ltr'>ὁρώμενον</span> <span class='ocrx_word' id='word_1_160' title='bbox 649 2393 900 2464; x_wconf 79' lang='grc' dir='ltr'>οὐράνιον</span> <span class='ocrx_word' id='word_1_161' title='bbox 921 2396 1085 2461; x_wconf 80' lang='grc' dir='ltr'>κῦτος</span> <span class='ocrx_word' id='word_1_162' title='bbox 1101 2398 1254 2463; x_wconf 81' lang='grc' dir='ltr'>τάξιν</span> <span class='ocrx_word' id='word_1_163' title='bbox 1279 2401 1507 2470; x_wconf 80' lang='grc' dir='ltr'>ἐδάφους</span> <span class='ocrx_word' id='word_1_164' title='bbox 1528 2403 1799 2474; x_wconf 87' lang='grc' dir='ltr'>ἐπέχουσα</span> <span class='ocrx_word' id='word_1_165' title='bbox 1821 2407 1939 2476; x_wconf 81' lang='grc' dir='ltr'>φαί-</span> 
     </span>
    </p>
   </div>
   <div class='ocr_carea' id='block_1_25' title="bbox 342 2484 1938 2568">
    <p class='ocr_par' dir='ltr' id='par_1_25' title="bbox 342 2484 1938 2568">
     <span class='ocr_line' id='line_1_25' title="bbox 342 2484 1938 2568; baseline 0.013 -36"><span class='ocrx_word' id='word_1_166' title='bbox 342 2497 504 2534; x_wconf 83' lang='grc' dir='ltr'>νεται</span> <span class='ocrx_word' id='word_1_167' title='bbox 525 2499 540 2514; x_wconf 86' lang='grc'><strong>·</strong></span> <span class='ocrx_word' id='word_1_168' title='bbox 574 2484 737 2549; x_wconf 84' lang='grc' dir='ltr'>αὐτός</span> <span class='ocrx_word' id='word_1_169' title='bbox 766 2503 826 2539; x_wconf 91' lang='grc' dir='ltr'><strong>τε</strong></span> <span class='ocrx_word' id='word_1_170' title='bbox 865 2488 1026 2543; x_wconf 85' lang='grc' dir='ltr'>πάλιν</span> <span class='ocrx_word' id='word_1_171' title='bbox 1065 2490 1295 2561; x_wconf 75' lang='grc' dir='ltr'>ἐδάφους</span> <span class='ocrx_word' id='word_1_172' title='bbox 1329 2494 1713 2565; x_wconf 74' lang='grc' dir='ltr'>ἀναπληρώσει</span> <span class='ocrx_word' id='word_1_173' title='bbox 1751 2497 1938 2568; x_wconf 87' lang='grc' dir='ltr'>χώραν</span> 
     </span>
    </p>
   </div>
   <div class='ocr_carea' id='block_1_26' title="bbox 341 2576 1937 2656">
    <p class='ocr_par' dir='ltr' id='par_1_26' title="bbox 341 2576 1937 2656">
     <span class='ocr_line' id='line_1_26' title="bbox 341 2576 1937 2656; baseline 0.012 -31"><span class='ocrx_word' id='word_1_174' title='bbox 341 2576 463 2637; x_wconf 85' lang='grc' dir='ltr'>τοῖς</span> <span class='ocrx_word' id='word_1_175' title='bbox 483 2577 538 2628; x_wconf 84' lang='grc' dir='ltr'><strong>ἐν</strong></span> <span class='ocrx_word' id='word_1_176' title='bbox 556 2580 619 2648; x_wconf 81' lang='grc' dir='ltr'>τῇ</span> <span class='ocrx_word' id='word_1_177' title='bbox 642 2579 752 2631; x_wconf 90' lang='grc' dir='ltr'><strong>τῶν</strong></span> <span class='ocrx_word' id='word_1_178' title='bbox 772 2580 1017 2651; x_wconf 80' lang='grc' dir='ltr'>οὐρανῶν</span> <span class='ocrx_word' id='word_1_179' title='bbox 1035 2583 1300 2656; x_wconf 76' lang='grc' dir='ltr'>βασιλείᾳ,</span> <span class='ocrx_word' id='word_1_180' title='bbox 1317 2586 1416 2656; x_wconf 83' lang='grc' dir='ltr'><strong>τὴν</strong></span> <span class='ocrx_word' id='word_1_181' title='bbox 1431 2587 1643 2642; x_wconf 86' lang='grc' dir='ltr'>δίαιταν</span> <span class='ocrx_word' id='word_1_182' title='bbox 1661 2589 1937 2654; x_wconf 77' lang='grc' dir='ltr'>ἀξιωθεῖσι</span> 
     </span>
    </p>
   </div>
   <div class='ocr_carea' id='block_1_27' title="bbox 342 2664 1939 2747">
    <p class='ocr_par' dir='ltr' id='par_1_27' title="bbox 342 2664 1939 2747">
     <span class='ocr_line' id='line_1_27' title="bbox 342 2664 1939 2747; baseline 0.013 -30"><span class='ocrx_word' id='word_1_183' title='bbox 342 2664 567 2736; x_wconf 80' lang='grc' dir='ltr'>λαχεῖν·</span> <span class='ocrx_word' id='word_1_184' title='bbox 605 2669 757 2723; x_wconf 82' lang='grc' dir='ltr'>οὐδὲν</span> <span class='ocrx_word' id='word_1_185' title='bbox 782 2668 873 2725; x_wconf 76' lang='grc' dir='ltr'>οὖν</span> <span class='ocrx_word' id='word_1_186' title='bbox 896 2672 1033 2741; x_wconf 84' lang='grc' dir='ltr'>ὅλως</span> <span class='ocrx_word' id='word_1_187' title='bbox 1063 2675 1210 2730; x_wconf 84' lang='grc' dir='ltr'>ἐστιν</span> <span class='ocrx_word' id='word_1_188' title='bbox 1233 2681 1463 2747; x_wconf 80' lang='grc' dir='ltr'>ἀπορεῖν</span> <span class='ocrx_word' id='word_1_189' title='bbox 1484 2680 1578 2733; x_wconf 79' lang='grc' dir='ltr'>τοῦ</span> <span class='ocrx_word' id='word_1_190' title='bbox 1604 2681 1792 2735; x_wconf 89' lang='grc' dir='ltr'>λοιποῦ</span> <span class='ocrx_word' id='word_1_191' title='bbox 1822 2683 1939 2747; x_wconf 86' lang='grc' dir='ltr'><strong>πῶς</strong></span> 
     </span>
    </p>
   </div>
   <div class='ocr_carea' id='block_1_28' title="bbox 343 2759 1942 2845">
    <p class='ocr_par' dir='ltr' id='par_1_28' title="bbox 343 2759 1942 2845">
     <span class='ocr_line' id='line_1_28' title="bbox 343 2759 1942 2845; baseline 0.013 -36"><span class='ocrx_word' id='word_1_192' title='bbox 343 2759 449 2811; x_wconf 77' lang='grc' dir='ltr'>τοῦ</span> <span class='ocrx_word' id='word_1_193' title='bbox 470 2762 744 2816; x_wconf 86' lang='grc' dir='ltr'>Δεσπότου</span> <span class='ocrx_word' id='word_1_194' title='bbox 770 2765 1008 2836; x_wconf 79' lang='grc' dir='ltr'>Χριστοῦ</span> <span class='ocrx_word' id='word_1_195' title='bbox 1034 2769 1176 2821; x_wconf 80' lang='grc' dir='ltr'>κατὰ</span> <span class='ocrx_word' id='word_1_196' title='bbox 1194 2770 1293 2842; x_wconf 82' lang='grc' dir='ltr'>τὴν</span> <span class='ocrx_word' id='word_1_197' title='bbox 1311 2772 1476 2825; x_wconf 75' lang='grc' dir='ltr'>αὐτοῦ</span> <span class='ocrx_word' id='word_1_198' title='bbox 1505 2777 1772 2844; x_wconf 83' lang='grc' dir='ltr'>σωτήριον</span> <span class='ocrx_word' id='word_1_199' title='bbox 1796 2793 1942 2845; x_wconf 87' lang='grc' dir='ltr'>παρ-</span> 
     </span>
    </p>
   </div>
   <div class='ocr_carea' id='block_1_29' title="bbox 343 2851 1942 2935">
    <p class='ocr_par' dir='ltr' id='par_1_29' title="bbox 343 2851 1942 2935">
     <span class='ocr_line' id='line_1_29' title="bbox 343 2851 1942 2935; baseline 0.012 -34"><span class='ocrx_word' id='word_1_200' title='bbox 343 2851 543 2905; x_wconf 86' lang='grc' dir='ltr'>ουσίαν</span> <span class='ocrx_word' id='word_1_201' title='bbox 572 2854 823 2926; x_wconf 84' lang='grc' dir='ltr'>οὐράνιον</span> <span class='ocrx_word' id='word_1_202' title='bbox 847 2859 979 2929; x_wconf 83' lang='grc' dir='ltr'>ἡμῖν</span> <span class='ocrx_word' id='word_1_203' title='bbox 1003 2860 1099 2913; x_wconf 74' lang='grc' dir='ltr'><strong>καὶ</strong></span> <span class='ocrx_word' id='word_1_204' title='bbox 1118 2860 1459 2926; x_wconf 66' lang='grc' dir='ltr'>διδάσκοντος</span> <span class='ocrx_word' id='word_1_205' title='bbox 1482 2864 1577 2917; x_wconf 83' lang='grc' dir='ltr'><strong>καὶ</strong></span> <span class='ocrx_word' id='word_1_206' title='bbox 1611 2867 1942 2935; x_wconf 82' lang='grc' dir='ltr'>ἐπαγγειλα-</span> 
     </span>
    </p>
   </div>
   <div class='ocr_carea' id='block_1_30' title="bbox 349 2939 1938 3029">
    <p class='ocr_par' dir='ltr' id='par_1_30' title="bbox 349 2939 1938 3029">
     <span class='ocr_line' id='line_1_30' title="bbox 349 2939 1938 3029; baseline 0.012 -36"><span class='ocrx_word' id='word_1_207' title='bbox 349 2939 523 3008; x_wconf 81' lang='grc' dir='ltr'>μένου</span> <span class='ocrx_word' id='word_1_208' title='bbox 574 2943 876 3013; x_wconf 88' lang='grc' dir='ltr'>βασιλείαν,</span> <span class='ocrx_word' id='word_1_209' title='bbox 914 2950 942 3002; x_wconf 83' lang='grc' dir='ltr'><strong>ό</strong></span> <span class='ocrx_word' id='word_1_210' title='bbox 992 2949 1248 3023; x_wconf 86' lang='grc' dir='ltr'>θεράπων</span> <span class='ocrx_word' id='word_1_211' title='bbox 1293 2954 1458 3007; x_wconf 80' lang='grc' dir='ltr'>αὐτοῦ</span> <span class='ocrx_word' id='word_1_212' title='bbox 1505 2956 1713 3027; x_wconf 85' lang='grc' dir='ltr'><strong>Μωσῆς</strong></span> <span class='ocrx_word' id='word_1_213' title='bbox 1763 2958 1938 3029; x_wconf 80' lang='grc' dir='ltr'>ῆοὺδ’</span> 
     </span>
    </p>
   </div>
   <div class='ocr_carea' id='block_1_31' title="bbox 345 3030 1940 3115">
    <p class='ocr_par' dir='ltr' id='par_1_31' title="bbox 345 3030 1940 3115">
     <span class='ocr_line' id='line_1_31' title="bbox 345 3030 1940 3115; baseline 0.012 -32"><span class='ocrx_word' id='word_1_214' title='bbox 345 3030 493 3095; x_wconf 82' lang='grc' dir='ltr'>ὅλως</span> <span class='ocrx_word' id='word_1_215' title='bbox 521 3033 552 3104; x_wconf 81' lang='grc' dir='ltr'>ἢ</span> <span class='ocrx_word' id='word_1_216' title='bbox 582 3034 658 3098; x_wconf 84' lang='grc' dir='ltr'><strong>ὡς</strong></span> <span class='ocrx_word' id='word_1_217' title='bbox 691 3038 749 3090; x_wconf 90' lang='grc' dir='ltr'><strong>ἐν</strong></span> <span class='ocrx_word' id='word_1_218' title='bbox 772 3038 1058 3108; x_wconf 81' lang='grc' dir='ltr'>αἰνίγματι</span> <span class='ocrx_word' id='word_1_219' title='bbox 1090 3040 1294 3111; x_wconf 82' lang='grc' dir='ltr'>ταύτης</span> <span class='ocrx_word' id='word_1_220' title='bbox 1321 3043 1566 3115; x_wconf 77' lang='grc' dir='ltr'>ἐμνήσθη</span> <span class='ocrx_word' id='word_1_221' title='bbox 1589 3061 1602 3074; x_wconf 77' lang='lat'><strong><em>°</em></strong></span> <span class='ocrx_word' id='word_1_222' title='bbox 1627 3045 1748 3099; x_wconf 87' lang='grc' dir='ltr'><strong>οὐδέ</strong></span> <span class='ocrx_word' id='word_1_223' title='bbox 1777 3048 1940 3101; x_wconf 83' lang='grc' dir='ltr'>πότε-</span> 
     </span>
    </p>
   </div>
   <div class='ocr_carea' id='block_1_32' title="bbox 352 3126 1944 3208">
    <p class='ocr_par' dir='ltr' id='par_1_32' title="bbox 352 3126 1944 3208">
     <span class='ocr_line' id='line_1_32' title="bbox 352 3126 1944 3208; baseline 0.012 -33"><span class='ocrx_word' id='word_1_224' title='bbox 352 3139 452 3190; x_wconf 84' lang='grc' dir='ltr'><strong>ρον</strong></span> <span class='ocrx_word' id='word_1_225' title='bbox 471 3126 663 3179; x_wconf 82' lang='grc' dir='ltr'>ταυτόν</span> <span class='ocrx_word' id='word_1_226' title='bbox 684 3129 833 3183; x_wconf 82' lang='grc' dir='ltr'>ἐστιν</span> <span class='ocrx_word' id='word_1_227' title='bbox 855 3130 887 3201; x_wconf 76' lang='grc' dir='ltr'>ἢ</span> <span class='ocrx_word' id='word_1_228' title='bbox 912 3130 1100 3202; x_wconf 73' lang='grc' dir='ltr'>ἕτερον</span> <span class='ocrx_word' id='word_1_229' title='bbox 1123 3134 1151 3186; x_wconf 87' lang='grc' dir='ltr'>ὁ</span> <span class='ocrx_word' id='word_1_230' title='bbox 1175 3134 1505 3205; x_wconf 85' lang='grc' dir='ltr'>παράδεισος</span> <span class='ocrx_word' id='word_1_231' title='bbox 1527 3137 1670 3208; x_wconf 83' lang='grc' dir='ltr'><strong>καὶὴ</strong></span> <span class='ocrx_word' id='word_1_232' title='bbox 1693 3137 1944 3208; x_wconf 88' lang='grc' dir='ltr'>βασιλεία</span> 
     </span>
    </p>
   </div>
   <div class='ocr_carea' id='block_1_33' title="bbox 348 3215 763 3290">
    <p class='ocr_par' dir='ltr' id='par_1_33' title="bbox 348 3215 763 3290">
     <span class='ocr_line' id='line_1_33' title="bbox 348 3215 763 3290; baseline 0.022 -24"><span class='ocrx_word' id='word_1_233' title='bbox 348 3215 466 3268; x_wconf 83' lang='grc' dir='ltr'><strong>τῶν</strong></span> <span class='ocrx_word' id='word_1_234' title='bbox 494 3218 553 3270; x_wconf 89' lang='grc' dir='ltr'><strong>οὐ</strong></span> <span class='ocrx_word' id='word_1_235' title='bbox 563 3219 763 3290; x_wconf 86' lang='grc' dir='ltr'>ρανῶν.</span> 
     </span>
    </p>
   </div>
   <div class='ocr_carea' id='block_1_34' title="bbox 2041 667 3621 740">
    <p class='ocr_par' dir='ltr' id='par_1_34' title="bbox 2041 667 3621 740">
     <span class='ocr_line' id='line_1_34' title="bbox 2041 667 3621 740; baseline -0.006 -16"><span class='ocrx_word' id='word_1_236' title='bbox 2041 671 2154 724; x_wconf 80' lang='lat' dir='ltr'><strong>fore</strong></span> <span class='ocrx_word' id='word_1_237' title='bbox 2184 678 2242 723; x_wconf 88' lang='lat' dir='ltr'><strong>ut</strong></span> <span class='ocrx_word' id='word_1_238' title='bbox 2265 670 2387 724; x_wconf 91' lang='lat' dir='ltr'><strong>illos</strong></span> <span class='ocrx_word' id='word_1_239' title='bbox 2409 669 2550 725; x_wconf 87' lang='lat' dir='ltr'><strong>haud</strong></span> <span class='ocrx_word' id='word_1_240' title='bbox 2570 669 2890 740; x_wconf 92' lang='lat' dir='ltr'><strong>temporalis</strong></span> <span class='ocrx_word' id='word_1_241' title='bbox 2913 669 2995 722; x_wconf 85' lang='lat' dir='ltr'><strong>vel</strong></span> <span class='ocrx_word' id='word_1_242' title='bbox 3025 667 3319 737; x_wconf 78' lang='lat' dir='ltr'><strong>aliquando</strong></span> <span class='ocrx_word' id='word_1_243' title='bbox 3343 675 3621 720; x_wconf 67' lang='lat' dir='ltr'><strong>cvssatnra</strong></span> 
     </span>
    </p>
   </div>
   <div class='ocr_carea' id='block_1_35' title="bbox 2039 755 3623 831">
    <p class='ocr_par' dir='ltr' id='par_1_35' title="bbox 2039 755 3623 831">
     <span class='ocr_line' id='line_1_35' title="bbox 2039 755 3623 831; baseline -0.006 -16"><span class='ocrx_word' id='word_1_244' title='bbox 2039 775 2198 830; x_wconf 85' lang='lat' dir='ltr'><strong>poena</strong></span> <span class='ocrx_word' id='word_1_245' title='bbox 2228 761 2482 830; x_wconf 80' lang='lat' dir='ltr'><strong>excipiat,</strong></span> <span class='ocrx_word' id='word_1_246' title='bbox 2533 761 2628 816; x_wconf 89' lang='lat' dir='ltr'><strong>sed</strong></span> <span class='ocrx_word' id='word_1_247' title='bbox 2669 776 2792 831; x_wconf 74' lang='lat' dir='ltr'><strong>qua:</strong></span> <span class='ocrx_word' id='word_1_248' title='bbox 2822 775 3044 814; x_wconf 88' lang='lat' dir='ltr'><strong>sensum</strong></span> <span class='ocrx_word' id='word_1_249' title='bbox 3081 760 3263 830; x_wconf 90' lang='lat' dir='ltr'><strong>potius</strong></span> <span class='ocrx_word' id='word_1_250' title='bbox 3305 757 3515 811; x_wconf 87' lang='lat' dir='ltr'><strong>doloris</strong></span> <span class='ocrx_word' id='word_1_251' title='bbox 3567 755 3623 807; x_wconf 87' lang='lat' dir='ltr'><strong>in</strong></span> 
     </span>
    </p>
   </div>
   <div class='ocr_carea' id='block_1_36' title="bbox 2039 853 2849 909">
    <p class='ocr_par' dir='ltr' id='par_1_36' title="bbox 2039 853 2849 909">
     <span class='ocr_line' id='line_1_36' title="bbox 2039 853 2849 909; baseline -0.001 -1"><span class='ocrx_word' id='word_1_252' title='bbox 2039 853 2311 908; x_wconf 79' lang='lat' dir='ltr'><strong>inﬁnitum</strong></span> <span class='ocrx_word' id='word_1_253' title='bbox 2347 870 2524 909; x_wconf 70' lang='lat' dir='ltr'><strong>aevum</strong></span> <span class='ocrx_word' id='word_1_254' title='bbox 2564 853 2849 908; x_wconf 72' lang='lat' dir='ltr'><strong>eXtendat.</strong></span> 
     </span>
    </p>
   </div>
   <div class='ocr_carea' id='block_1_37' title="bbox 2109 943 3621 1016">
    <p class='ocr_par' dir='ltr' id='par_1_37' title="bbox 2109 943 3621 1016">
     <span class='ocr_line' id='line_1_37' title="bbox 2109 943 3621 1016; baseline -0.005 -15"><span class='ocrx_word' id='word_1_255' title='bbox 2109 948 2163 1002; x_wconf 73' lang='grc'><strong>4.</strong></span> <span class='ocrx_word' id='word_1_256' title='bbox 2199 946 2354 1013; x_wconf 86' lang='lat' dir='ltr'><strong>Quod</strong></span> <span class='ocrx_word' id='word_1_257' title='bbox 2379 947 2425 1001; x_wconf 91' lang='lat' dir='ltr'><strong>si</strong></span> <span class='ocrx_word' id='word_1_258' title='bbox 2461 955 2722 1016; x_wconf 70' lang='lat' dir='ltr'><strong>praeterea</strong></span> <span class='ocrx_word' id='word_1_259' title='bbox 2755 943 3045 1014; x_wconf 82' lang='lat' dir='ltr'><strong>paradisus</strong></span> <span class='ocrx_word' id='word_1_260' title='bbox 3076 943 3440 997; x_wconf 77' lang='lat' dir='ltr'><strong>certaminum</strong></span> <span class='ocrx_word' id='word_1_261' title='bbox 3481 956 3621 1011; x_wconf 61' lang='lat' dir='ltr'><strong>prae-</strong></span> 
     </span>
    </p>
   </div>
   <div class='ocr_carea' id='block_1_38' title="bbox 2039 1032 3624 1106">
    <p class='ocr_par' dir='ltr' id='par_1_38' title="bbox 2039 1032 3624 1106">
     <span class='ocr_line' id='line_1_38' title="bbox 2039 1032 3624 1106; baseline -0.003 -16"><span class='ocrx_word' id='word_1_262' title='bbox 2039 1038 2210 1093; x_wconf 88' lang='lat' dir='ltr'><strong>mium</strong></span> <span class='ocrx_word' id='word_1_263' title='bbox 2239 1047 2358 1103; x_wconf 85' lang='lat' dir='ltr'><strong>est;</strong></span> <span class='ocrx_word' id='word_1_264' title='bbox 2387 1038 2497 1092; x_wconf 90' lang='lat' dir='ltr'><strong>illic</strong></span> <span class='ocrx_word' id='word_1_265' title='bbox 2526 1038 2672 1091; x_wconf 90' lang='lat' dir='ltr'><strong>enim</strong></span> <span class='ocrx_word' id='word_1_266' title='bbox 2702 1037 2880 1106; x_wconf 90' lang='lat' dir='ltr'><strong>primo</strong></span> <span class='ocrx_word' id='word_1_267' title='bbox 2910 1035 3118 1090; x_wconf 91' lang='lat' dir='ltr'><strong>homini</strong></span> <span class='ocrx_word' id='word_1_268' title='bbox 3145 1034 3480 1104; x_wconf 90' lang='lat' dir='ltr'><strong>propositum</strong></span> <span class='ocrx_word' id='word_1_269' title='bbox 3511 1032 3624 1086; x_wconf 86' lang='lat' dir='ltr'><strong>vir-</strong></span> 
     </span>
    </p>
   </div>
   <div class='ocr_carea' id='block_1_39' title="bbox 2042 1123 3624 1198">
    <p class='ocr_par' dir='ltr' id='par_1_39' title="bbox 2042 1123 3624 1198">
     <span class='ocr_line' id='line_1_39' title="bbox 2042 1123 3624 1198; baseline -0.004 -14"><span class='ocrx_word' id='word_1_270' title='bbox 2042 1131 2170 1186; x_wconf 88' lang='lat' dir='ltr'><strong>tutis</strong></span> <span class='ocrx_word' id='word_1_271' title='bbox 2195 1129 2514 1185; x_wconf 82' lang='lat' dir='ltr'><strong>exercitium</strong></span> <span class='ocrx_word' id='word_1_272' title='bbox 2538 1128 2676 1194; x_wconf 81' lang='lat' dir='ltr'><strong>l&#39;uit;</strong></span> <span class='ocrx_word' id='word_1_273' title='bbox 2700 1128 2793 1198; x_wconf 85' lang='lat' dir='ltr'><strong>qui</strong></span> <span class='ocrx_word' id='word_1_274' title='bbox 2820 1127 2934 1182; x_wconf 85' lang='lat' dir='ltr'><strong>ﬁeri</strong></span> <span class='ocrx_word' id='word_1_275' title='bbox 2955 1135 3136 1196; x_wconf 87' lang='lat' dir='ltr'><strong>potest</strong></span> <span class='ocrx_word' id='word_1_276' title='bbox 3154 1134 3214 1180; x_wconf 91' lang='lat' dir='ltr'><strong>ut</strong></span> <span class='ocrx_word' id='word_1_277' title='bbox 3243 1125 3387 1179; x_wconf 89' lang='lat' dir='ltr'><strong>idem</strong></span> <span class='ocrx_word' id='word_1_278' title='bbox 3413 1123 3624 1178; x_wconf 85' lang='lat' dir='ltr'><strong>homini</strong></span> 
     </span>
    </p>
   </div>
   <div class='ocr_carea' id='block_1_40' title="bbox 2039 1218 3622 1292">
    <p class='ocr_par' dir='ltr' id='par_1_40' title="bbox 2039 1218 3622 1292">
     <span class='ocr_line' id='line_1_40' title="bbox 2039 1218 3622 1292; baseline -0.005 -15"><span class='ocrx_word' id='word_1_279' title='bbox 2039 1223 2190 1278; x_wconf 90' lang='lat' dir='ltr'><strong>locus</strong></span> <span class='ocrx_word' id='word_1_280' title='bbox 2214 1223 2393 1292; x_wconf 90' lang='lat' dir='ltr'><strong>palma</strong></span> <span class='ocrx_word' id='word_1_281' title='bbox 2416 1231 2564 1277; x_wconf 86' lang='lat' dir='ltr'><strong>esset</strong></span> <span class='ocrx_word' id='word_1_282' title='bbox 2593 1227 2648 1275; x_wconf 89' lang='lat' dir='ltr'><strong>et</strong></span> <span class='ocrx_word' id='word_1_283' title='bbox 2677 1220 2956 1275; x_wconf 84' lang='lat' dir='ltr'><strong>stadium?</strong></span> <span class='ocrx_word' id='word_1_284' title='bbox 2991 1218 3250 1288; x_wconf 81' lang='lat' dir='ltr'><strong>Sequitur</strong></span> <span class='ocrx_word' id='word_1_285' title='bbox 3271 1232 3402 1286; x_wconf 86' lang='lat' dir='ltr'><strong>ergo</strong></span> <span class='ocrx_word' id='word_1_286' title='bbox 3435 1225 3497 1270; x_wconf 90' lang='lat' dir='ltr'><strong>ut</strong></span> <span class='ocrx_word' id='word_1_287' title='bbox 3521 1231 3622 1284; x_wconf 88' lang='lat' dir='ltr'><strong>pa-</strong></span> 
     </span>
    </p>
   </div>
   <div class='ocr_carea' id='block_1_41' title="bbox 2038 1298 3623 1384">
    <p class='ocr_par' dir='ltr' id='par_1_41' title="bbox 2038 1298 3623 1384">
     <span class='ocr_line' id='line_1_41' title="bbox 2038 1298 3623 1384; baseline -0.006 -14"><span class='ocrx_word' id='word_1_288' title='bbox 2038 1313 2254 1370; x_wconf 86' lang='lat' dir='ltr'><strong>radisus</strong></span> <span class='ocrx_word' id='word_1_289' title='bbox 2306 1313 2628 1384; x_wconf 78' lang='lat' dir='ltr'><strong>pra-ludium</strong></span> <span class='ocrx_word' id='word_1_290' title='bbox 2661 1313 2880 1382; x_wconf 82' lang='lat' dir='ltr'><strong>quidem</strong></span> <span class='ocrx_word' id='word_1_291' title='bbox 2912 1298 3067 1381; x_wconf 79' lang='lat' dir='ltr'><strong>regni</strong></span> <span class='ocrx_word' id='word_1_292' title='bbox 3118 1309 3382 1365; x_wconf 71' lang='lat' dir='ltr'><strong>cmlorum</strong></span> <span class='ocrx_word' id='word_1_293' title='bbox 3439 1306 3623 1367; x_wconf 78' lang='lat' dir='ltr'><strong>fuerit.</strong></span> 
     </span>
    </p>
   </div>
   <div class='ocr_carea' id='block_1_42' title="bbox 2038 1397 3626 1474">
    <p class='ocr_par' dir='ltr' id='par_1_42' title="bbox 2038 1397 3626 1474">
     <span class='ocr_line' id='line_1_42' title="bbox 2038 1397 3626 1474; baseline -0.006 -14"><span class='ocrx_word' id='word_1_294' title='bbox 2038 1421 2147 1460; x_wconf 92' lang='lat' dir='ltr'><strong>non</strong></span> <span class='ocrx_word' id='word_1_295' title='bbox 2183 1414 2361 1460; x_wconf 89' lang='lat' dir='ltr'><strong>tamen</strong></span> <span class='ocrx_word' id='word_1_296' title='bbox 2394 1405 2574 1474; x_wconf 92' lang='lat' dir='ltr'><strong>ipsum</strong></span> <span class='ocrx_word' id='word_1_297' title='bbox 2610 1419 2860 1473; x_wconf 79' lang='lat' dir='ltr'><strong>regnum.</strong></span> <span class='ocrx_word' id='word_1_298' title='bbox 2892 1402 2959 1456; x_wconf 90' lang='lat' dir='ltr'><strong>Et</strong></span> <span class='ocrx_word' id='word_1_299' title='bbox 2995 1403 3048 1456; x_wconf 95' lang='lat' dir='ltr'><strong>in</strong></span> <span class='ocrx_word' id='word_1_300' title='bbox 3073 1416 3140 1456; x_wconf 92' lang='lat' dir='ltr'><strong>eo</strong></span> <span class='ocrx_word' id='word_1_301' title='bbox 3165 1399 3388 1470; x_wconf 85' lang='lat' dir='ltr'><strong>quidem</strong></span> <span class='ocrx_word' id='word_1_302' title='bbox 3416 1397 3626 1453; x_wconf 88' lang='lat' dir='ltr'><strong>versari</strong></span> 
     </span>
    </p>
   </div>
   <div class='ocr_carea' id='block_1_43' title="bbox 2039 1488 3630 1558">
    <p class='ocr_par' dir='ltr' id='par_1_43' title="bbox 2039 1488 3630 1558">
     <span class='ocr_line' id='line_1_43' title="bbox 2039 1488 3630 1558; baseline -0.006 -7"><span class='ocrx_word' id='word_1_303' title='bbox 2039 1497 2162 1552; x_wconf 90' lang='lat' dir='ltr'><strong>loco</strong></span> <span class='ocrx_word' id='word_1_304' title='bbox 2191 1497 2410 1551; x_wconf 90' lang='lat' dir='ltr'><strong>beatum</strong></span> <span class='ocrx_word' id='word_1_305' title='bbox 2445 1511 2512 1552; x_wconf 89' lang='lat' dir='ltr'><strong>ac</strong></span> <span class='ocrx_word' id='word_1_306' title='bbox 2550 1494 2914 1550; x_wconf 84' lang='lat' dir='ltr'><strong>desiderabile</strong></span> <span class='ocrx_word' id='word_1_307' title='bbox 2940 1502 3058 1558; x_wconf 90' lang='lat' dir='ltr'><strong>est;</strong></span> <span class='ocrx_word' id='word_1_308' title='bbox 3086 1493 3261 1546; x_wconf 89' lang='lat' dir='ltr'><strong>multo</strong></span> <span class='ocrx_word' id='word_1_309' title='bbox 3285 1498 3471 1545; x_wconf 89' lang='lat' dir='ltr'><strong>tamen</strong></span> <span class='ocrx_word' id='word_1_310' title='bbox 3497 1488 3630 1546; x_wconf 83' lang='lat' dir='ltr'><strong>bea-</strong></span> 
     </span>
    </p>
   </div>
   <div class='ocr_carea' id='block_1_44' title="bbox 2038 1577 3628 1658">
    <p class='ocr_par' dir='ltr' id='par_1_44' title="bbox 2038 1577 3628 1658">
     <span class='ocr_line' id='line_1_44' title="bbox 2038 1577 3628 1658; baseline -0.008 -16"><span class='ocrx_word' id='word_1_311' title='bbox 2038 1590 2146 1644; x_wconf 92' lang='lat' dir='ltr'><strong>tius</strong></span> <span class='ocrx_word' id='word_1_312' title='bbox 2186 1598 2352 1658; x_wconf 90' lang='lat' dir='ltr'><strong>atque</strong></span> <span class='ocrx_word' id='word_1_313' title='bbox 2400 1587 2700 1658; x_wconf 90' lang='lat' dir='ltr'><strong>optabilius</strong></span> <span class='ocrx_word' id='word_1_314' title='bbox 2750 1593 2834 1640; x_wconf 93' lang='lat' dir='ltr'><strong>est</strong></span> <span class='ocrx_word' id='word_1_315' title='bbox 2883 1585 2950 1638; x_wconf 88' lang='lat' dir='ltr'><strong>ad</strong></span> <span class='ocrx_word' id='word_1_316' title='bbox 2978 1584 3235 1639; x_wconf 70' lang='lat' dir='ltr'><strong>cmlestes</strong></span> <span class='ocrx_word' id='word_1_317' title='bbox 3285 1581 3443 1636; x_wconf 80' lang='lat' dir='ltr'><strong>sedes</strong></span> <span class='ocrx_word' id='word_1_318' title='bbox 3475 1577 3628 1642; x_wconf 84' lang='lat' dir='ltr'><strong>illine</strong></span> 
     </span>
    </p>
   </div>
   <div class='ocr_carea' id='block_1_45' title="bbox 2037 1669 3625 1749">
    <p class='ocr_par' dir='ltr' id='par_1_45' title="bbox 2037 1669 3625 1749">
     <span class='ocr_line' id='line_1_45' title="bbox 2037 1669 3625 1749; baseline -0.008 -15"><span class='ocrx_word' id='word_1_319' title='bbox 2037 1678 2233 1734; x_wconf 89' lang='lat' dir='ltr'><strong>emitti.</strong></span> <span class='ocrx_word' id='word_1_320' title='bbox 2265 1677 2330 1733; x_wconf 89' lang='lat' dir='ltr'><strong>Et</strong></span> <span class='ocrx_word' id='word_1_321' title='bbox 2358 1678 2581 1749; x_wconf 90' lang='lat' dir='ltr'><strong>quidem</strong></span> <span class='ocrx_word' id='word_1_322' title='bbox 2609 1677 2700 1731; x_wconf 84' lang='lat' dir='ltr'><strong>lux</strong></span> <span class='ocrx_word' id='word_1_323' title='bbox 2723 1677 2814 1730; x_wconf 89' lang='lat' dir='ltr'><strong>illa</strong></span> <span class='ocrx_word' id='word_1_324' title='bbox 2844 1674 3191 1746; x_wconf 85' lang='lat' dir='ltr'><strong>primigenia,</strong></span> <span class='ocrx_word' id='word_1_325' title='bbox 3220 1672 3379 1742; x_wconf 86' lang='lat' dir='ltr'><strong>cujus</strong></span> <span class='ocrx_word' id='word_1_326' title='bbox 3407 1669 3625 1735; x_wconf 70' lang='lat' dir='ltr'><strong>effusio,</strong></span> 
     </span>
    </p>
   </div>
   <div class='ocr_carea' id='block_1_46' title="bbox 2038 1761 3630 1833">
    <p class='ocr_par' dir='ltr' id='par_1_46' title="bbox 2038 1761 3630 1833">
     <span class='ocr_line' id='line_1_46' title="bbox 2038 1761 3630 1833; baseline -0.006 -9"><span class='ocrx_word' id='word_1_327' title='bbox 2038 1778 2164 1824; x_wconf 88' lang='lat' dir='ltr'><strong>ante</strong></span> <span class='ocrx_word' id='word_1_328' title='bbox 2190 1769 2362 1824; x_wconf 92' lang='lat' dir='ltr'><strong>solem</strong></span> <span class='ocrx_word' id='word_1_329' title='bbox 2392 1769 2698 1833; x_wconf 90' lang='lat' dir='ltr'><strong>conditum,</strong></span> <span class='ocrx_word' id='word_1_330' title='bbox 2740 1766 2882 1822; x_wconf 90' lang='lat' dir='ltr'><strong>diem</strong></span> <span class='ocrx_word' id='word_1_331' title='bbox 2919 1764 3202 1826; x_wconf 71' lang='lat' dir='ltr'><strong>efﬁciebat,</strong></span> <span class='ocrx_word' id='word_1_332' title='bbox 3235 1761 3486 1831; x_wconf 86' lang='lat' dir='ltr'><strong>exemplo</strong></span> <span class='ocrx_word' id='word_1_333' title='bbox 3531 1776 3630 1814; x_wconf 87' lang='lat' dir='ltr'><strong>uo-</strong></span> 
     </span>
    </p>
   </div>
   <div class='ocr_carea' id='block_1_47' title="bbox 2040 1856 3630 1930">
    <p class='ocr_par' dir='ltr' id='par_1_47' title="bbox 2040 1856 3630 1930">
     <span class='ocr_line' id='line_1_47' title="bbox 2040 1856 3630 1930; baseline -0.005 -16"><span class='ocrx_word' id='word_1_334' title='bbox 2040 1860 2124 1915; x_wconf 91' lang='lat' dir='ltr'><strong>bis</strong></span> <span class='ocrx_word' id='word_1_335' title='bbox 2154 1869 2256 1926; x_wconf 89' lang='lat' dir='ltr'><strong>est,</strong></span> <span class='ocrx_word' id='word_1_336' title='bbox 2292 1870 2352 1915; x_wconf 89' lang='lat' dir='ltr'><strong>ut</strong></span> <span class='ocrx_word' id='word_1_337' title='bbox 2393 1859 2764 1930; x_wconf 85' lang='lat' dir='ltr'><strong>intelligamus</strong></span> <span class='ocrx_word' id='word_1_338' title='bbox 2789 1872 3020 1928; x_wconf 84' lang='lat' dir='ltr'><strong>regnum</strong></span> <span class='ocrx_word' id='word_1_339' title='bbox 3060 1856 3326 1912; x_wconf 64' lang='lat' dir='ltr'><strong>caelorum</strong></span> <span class='ocrx_word' id='word_1_340' title='bbox 3353 1869 3480 1908; x_wconf 88' lang='lat' dir='ltr'><strong>vere</strong></span> <span class='ocrx_word' id='word_1_341' title='bbox 3508 1868 3630 1908; x_wconf 87' lang='lat' dir='ltr'><strong>esse</strong></span> 
     </span>
    </p>
   </div>
   <div class='ocr_carea' id='block_1_48' title="bbox 2039 1945 3629 2020">
    <p class='ocr_par' dir='ltr' id='par_1_48' title="bbox 2039 1945 3629 2020">
     <span class='ocr_line' id='line_1_48' title="bbox 2039 1945 3629 2020; baseline -0.005 -13"><span class='ocrx_word' id='word_1_342' title='bbox 2039 1952 2259 2007; x_wconf 76' lang='lat' dir='ltr'><strong>caeleste</strong></span> <span class='ocrx_word' id='word_1_343' title='bbox 2307 1952 2702 2019; x_wconf 86' lang='lat' dir='ltr'><strong>habitaculum,</strong></span> <span class='ocrx_word' id='word_1_344' title='bbox 2735 1951 3018 2020; x_wconf 89' lang='lat' dir='ltr'><strong>multoque</strong></span> <span class='ocrx_word' id='word_1_345' title='bbox 3055 1946 3326 2004; x_wconf 80' lang='lat' dir='ltr'><strong>excelsius</strong></span> <span class='ocrx_word' id='word_1_346' title='bbox 3356 1945 3629 2001; x_wconf 85' lang='lat' dir='ltr'><strong>divinius-</strong></span> 
     </span>
    </p>
   </div>
   <div class='ocr_carea' id='block_1_49' title="bbox 2040 2037 3629 2115">
    <p class='ocr_par' dir='ltr' id='par_1_49' title="bbox 2040 2037 3629 2115">
     <span class='ocr_line' id='line_1_49' title="bbox 2040 2037 3629 2115; baseline -0.006 -15"><span class='ocrx_word' id='word_1_347' title='bbox 2040 2059 2168 2115; x_wconf 90' lang='lat' dir='ltr'><strong>que,</strong></span> <span class='ocrx_word' id='word_1_348' title='bbox 2197 2059 2364 2115; x_wconf 89' lang='lat' dir='ltr'><strong>quam</strong></span> <span class='ocrx_word' id='word_1_349' title='bbox 2397 2045 2710 2114; x_wconf 83' lang='lat' dir='ltr'><strong>paradisus,</strong></span> <span class='ocrx_word' id='word_1_350' title='bbox 2743 2043 2801 2098; x_wconf 87' lang='lat' dir='ltr'><strong>in</strong></span> <span class='ocrx_word' id='word_1_351' title='bbox 2833 2058 2946 2114; x_wconf 88' lang='lat' dir='ltr'><strong>quo</strong></span> <span class='ocrx_word' id='word_1_352' title='bbox 2971 2041 3188 2113; x_wconf 89' lang='lat' dir='ltr'><strong>quidem</strong></span> <span class='ocrx_word' id='word_1_353' title='bbox 3223 2039 3434 2096; x_wconf 63' lang='lat' dir='ltr'><strong>caelesti</strong></span> <span class='ocrx_word' id='word_1_354' title='bbox 3473 2037 3629 2092; x_wconf 87' lang='lat' dir='ltr'><strong>habi-</strong></span> 
     </span>
    </p>
   </div>
   <div class='ocr_carea' id='block_1_50' title="bbox 2040 2133 3629 2208">
    <p class='ocr_par' dir='ltr' id='par_1_50' title="bbox 2040 2133 3629 2208">
     <span class='ocr_line' id='line_1_50' title="bbox 2040 2133 3629 2208; baseline -0.006 -15"><span class='ocrx_word' id='word_1_355' title='bbox 2040 2139 2242 2202; x_wconf 88' lang='lat' dir='ltr'><strong>taculo,</strong></span> <span class='ocrx_word' id='word_1_356' title='bbox 2270 2138 2325 2192; x_wconf 89' lang='lat' dir='ltr'><strong>hi</strong></span> <span class='ocrx_word' id='word_1_357' title='bbox 2363 2137 2460 2208; x_wconf 92' lang='lat' dir='ltr'><strong>qui</strong></span> <span class='ocrx_word' id='word_1_358' title='bbox 2495 2153 2560 2192; x_wconf 88' lang='lat' dir='ltr'><strong>eo</strong></span> <span class='ocrx_word' id='word_1_359' title='bbox 2593 2137 2743 2207; x_wconf 91' lang='lat' dir='ltr'><strong>digni</strong></span> <span class='ocrx_word' id='word_1_360' title='bbox 2780 2135 3003 2199; x_wconf 76' lang='lat' dir='ltr'><strong>fuerint,</strong></span> <span class='ocrx_word' id='word_1_361' title='bbox 3050 2135 3162 2190; x_wconf 88' lang='lat' dir='ltr'><strong>voti</strong></span> <span class='ocrx_word' id='word_1_362' title='bbox 3195 2133 3374 2188; x_wconf 89' lang='lat' dir='ltr'><strong>omnis</strong></span> <span class='ocrx_word' id='word_1_363' title='bbox 3405 2147 3629 2203; x_wconf 86' lang='lat' dir='ltr'><strong>compo-</strong></span> 
     </span>
    </p>
   </div>
   <div class='ocr_carea' id='block_1_51' title="bbox 2043 2226 3630 2298">
    <p class='ocr_par' dir='ltr' id='par_1_51' title="bbox 2043 2226 3630 2298">
     <span class='ocr_line' id='line_1_51' title="bbox 2043 2226 3630 2298; baseline -0.003 -14"><span class='ocrx_word' id='word_1_364' title='bbox 2043 2241 2124 2287; x_wconf 89' lang='lat' dir='ltr'><strong>tes</strong></span> <span class='ocrx_word' id='word_1_365' title='bbox 2174 2233 2322 2286; x_wconf 79' lang='lat' dir='ltr'><strong>tient.</strong></span> <span class='ocrx_word' id='word_1_366' title='bbox 2379 2230 2612 2286; x_wconf 88' lang='lat' dir='ltr'><strong>Prorsus</strong></span> <span class='ocrx_word' id='word_1_367' title='bbox 2668 2230 2883 2285; x_wconf 90' lang='lat' dir='ltr'><strong>videtur</strong></span> <span class='ocrx_word' id='word_1_368' title='bbox 2934 2228 3087 2298; x_wconf 79' lang='lat' dir='ltr'><strong>iusta</strong></span> <span class='ocrx_word' id='word_1_369' title='bbox 3143 2227 3355 2282; x_wconf 85' lang='lat' dir='ltr'><strong>ratione</strong></span> <span class='ocrx_word' id='word_1_370' title='bbox 3407 2226 3630 2281; x_wconf 71' lang='lat' dir='ltr'><strong>caeleste</strong></span> 
     </span>
    </p>
   </div>
   <div class='ocr_carea' id='block_1_52' title="bbox 2041 2317 3630 2392">
    <p class='ocr_par' dir='ltr' id='par_1_52' title="bbox 2041 2317 3630 2392">
     <span class='ocr_line' id='line_1_52' title="bbox 2041 2317 3630 2392; baseline -0.004 -15"><span class='ocrx_word' id='word_1_371' title='bbox 2041 2323 2445 2378; x_wconf 75' lang='lat' dir='ltr'><strong>firmamentum</strong></span> <span class='ocrx_word' id='word_1_372' title='bbox 2495 2338 2617 2378; x_wconf 89' lang='lat' dir='ltr'><strong>eam</strong></span> <span class='ocrx_word' id='word_1_373' title='bbox 2664 2323 2971 2392; x_wconf 84' lang='lat' dir='ltr'><strong>analogiam</strong></span> <span class='ocrx_word' id='word_1_374' title='bbox 3021 2337 3149 2391; x_wconf 86' lang='lat' dir='ltr'><strong>erga</strong></span> <span class='ocrx_word' id='word_1_375' title='bbox 3190 2336 3419 2392; x_wconf 83' lang='lat' dir='ltr'><strong>regnum</strong></span> <span class='ocrx_word' id='word_1_376' title='bbox 3461 2317 3630 2374; x_wconf 78' lang='lat' dir='ltr'><strong>coelo-</strong></span> 
     </span>
    </p>
   </div>
   <div class='ocr_carea' id='block_1_53' title="bbox 2041 2409 3625 2486">
    <p class='ocr_par' dir='ltr' id='par_1_53' title="bbox 2041 2409 3625 2486">
     <span class='ocr_line' id='line_1_53' title="bbox 2041 2409 3625 2486; baseline -0.005 -16"><span class='ocrx_word' id='word_1_377' title='bbox 2041 2432 2162 2470; x_wconf 91' lang='lat' dir='ltr'><strong>rum</strong></span> <span class='ocrx_word' id='word_1_378' title='bbox 2199 2416 2364 2480; x_wconf 89' lang='lat' dir='ltr'><strong>tueri,</strong></span> <span class='ocrx_word' id='word_1_379' title='bbox 2392 2431 2555 2486; x_wconf 89' lang='lat' dir='ltr'><strong>quam</strong></span> <span class='ocrx_word' id='word_1_380' title='bbox 2592 2430 2719 2485; x_wconf 86' lang='lat' dir='ltr'><strong>erga</strong></span> <span class='ocrx_word' id='word_1_381' title='bbox 2747 2415 2928 2484; x_wconf 91' lang='lat' dir='ltr'><strong>ipsum</strong></span> <span class='ocrx_word' id='word_1_382' title='bbox 2965 2413 3373 2467; x_wconf 80' lang='lat' dir='ltr'><strong>ﬁrmamentum</strong></span> <span class='ocrx_word' id='word_1_383' title='bbox 3409 2409 3570 2465; x_wconf 91' lang='lat' dir='ltr'><strong>tellus</strong></span> <span class='ocrx_word' id='word_1_384' title='bbox 3612 2427 3625 2461; x_wconf 89' lang='lat'><strong>:</strong></span> 
     </span>
    </p>
   </div>
   <div class='ocr_carea' id='block_1_54' title="bbox 2041 2503 3625 2577">
    <p class='ocr_par' dir='ltr' id='par_1_54' title="bbox 2041 2503 3625 2577">
     <span class='ocr_line' id='line_1_54' title="bbox 2041 2503 3625 2577; baseline -0.004 -15"><span class='ocrx_word' id='word_1_385' title='bbox 2041 2509 2156 2562; x_wconf 67' lang='lat' dir='ltr'><strong>haec</strong></span> <span class='ocrx_word' id='word_1_386' title='bbox 2181 2508 2326 2563; x_wconf 90' lang='lat' dir='ltr'><strong>enim</strong></span> <span class='ocrx_word' id='word_1_387' title='bbox 2359 2507 2589 2569; x_wconf 76' lang='lat' dir='ltr'><strong>ctelesti,</strong></span> <span class='ocrx_word' id='word_1_388' title='bbox 2623 2521 2786 2577; x_wconf 86' lang='lat' dir='ltr'><strong>quem</strong></span> <span class='ocrx_word' id='word_1_389' title='bbox 2834 2505 3193 2575; x_wconf 85' lang='lat' dir='ltr'><strong>suspicimus,</strong></span> <span class='ocrx_word' id='word_1_390' title='bbox 3224 2503 3424 2557; x_wconf 81' lang='lat' dir='ltr'><strong>fornici</strong></span> <span class='ocrx_word' id='word_1_391' title='bbox 3449 2503 3625 2556; x_wconf 83' lang='lat' dir='ltr'><strong>vicem</strong></span> 
     </span>
    </p>
   </div>
   <div class='ocr_carea' id='block_1_55' title="bbox 2041 2592 3631 2670">
    <p class='ocr_par' dir='ltr' id='par_1_55' title="bbox 2041 2592 3631 2670">
     <span class='ocr_line' id='line_1_55' title="bbox 2041 2592 3631 2670; baseline -0.004 -17"><span class='ocrx_word' id='word_1_392' title='bbox 2041 2599 2331 2668; x_wconf 88' lang='lat' dir='ltr'><strong>pavimenti</strong></span> <span class='ocrx_word' id='word_1_393' title='bbox 2353 2607 2608 2670; x_wconf 71' lang='lat' dir='ltr'><strong>praestare</strong></span> <span class='ocrx_word' id='word_1_394' title='bbox 2631 2598 2864 2653; x_wconf 88' lang='lat' dir='ltr'><strong>videtur.</strong></span> <span class='ocrx_word' id='word_1_395' title='bbox 2893 2599 3106 2653; x_wconf 80' lang='lat' dir='ltr'><strong>Rursus</strong></span> <span class='ocrx_word' id='word_1_396' title='bbox 3125 2597 3240 2666; x_wconf 85' lang='lat' dir='ltr'><strong>ipse</strong></span> <span class='ocrx_word' id='word_1_397' title='bbox 3253 2594 3492 2650; x_wconf 82' lang='lat' dir='ltr'><strong>ccelestis</strong></span> <span class='ocrx_word' id='word_1_398' title='bbox 3515 2592 3631 2649; x_wconf 79' lang='lat' dir='ltr'><strong>for-</strong></span> 
     </span>
    </p>
   </div>
   <div class='ocr_carea' id='block_1_56' title="bbox 2041 2686 3632 2759">
    <p class='ocr_par' dir='ltr' id='par_1_56' title="bbox 2041 2686 3632 2759">
     <span class='ocr_line' id='line_1_56' title="bbox 2041 2686 3632 2759; baseline -0.003 -16"><span class='ocrx_word' id='word_1_399' title='bbox 2041 2691 2134 2743; x_wconf 88' lang='lat' dir='ltr'><strong>nix</strong></span> <span class='ocrx_word' id='word_1_400' title='bbox 2168 2692 2460 2759; x_wconf 78' lang='lat' dir='ltr'><strong>pavimenti</strong></span> <span class='ocrx_word' id='word_1_401' title='bbox 2483 2691 2656 2745; x_wconf 88' lang='lat' dir='ltr'><strong>instar</strong></span> <span class='ocrx_word' id='word_1_402' title='bbox 2677 2691 2865 2746; x_wconf 90' lang='lat' dir='ltr'><strong>eritiis</strong></span> <span class='ocrx_word' id='word_1_403' title='bbox 2887 2690 2979 2759; x_wconf 85' lang='lat' dir='ltr'><strong>qui</strong></span> <span class='ocrx_word' id='word_1_404' title='bbox 3003 2690 3268 2743; x_wconf 75' lang='lat' dir='ltr'><strong>cmiorum</strong></span> <span class='ocrx_word' id='word_1_405' title='bbox 3295 2702 3519 2756; x_wconf 80' lang='lat' dir='ltr'><strong>regnum</strong></span> <span class='ocrx_word' id='word_1_406' title='bbox 3548 2686 3632 2738; x_wconf 87' lang='lat' dir='ltr'><strong>in-</strong></span> 
     </span>
    </p>
   </div>
   <div class='ocr_carea' id='block_1_57' title="bbox 2041 2777 3632 2852">
    <p class='ocr_par' dir='ltr' id='par_1_57' title="bbox 2041 2777 3632 2852">
     <span class='ocr_line' id='line_1_57' title="bbox 2041 2777 3632 2852; baseline -0.004 -18"><span class='ocrx_word' id='word_1_407' title='bbox 2041 2780 2253 2835; x_wconf 90' lang='lat' dir='ltr'><strong>colendi</strong></span> <span class='ocrx_word' id='word_1_408' title='bbox 2273 2781 2421 2852; x_wconf 88' lang='lat' dir='ltr'><strong>digni</strong></span> <span class='ocrx_word' id='word_1_409' title='bbox 2439 2789 2620 2835; x_wconf 89' lang='lat' dir='ltr'><strong>erunt.</strong></span> <span class='ocrx_word' id='word_1_410' title='bbox 2652 2779 2797 2851; x_wconf 86' lang='lat' dir='ltr'><strong>Ergo</strong></span> <span class='ocrx_word' id='word_1_411' title='bbox 2821 2780 3078 2848; x_wconf 88' lang='lat' dir='ltr'><strong>deinceps</strong></span> <span class='ocrx_word' id='word_1_412' title='bbox 3107 2793 3213 2832; x_wconf 92' lang='lat' dir='ltr'><strong>non</strong></span> <span class='ocrx_word' id='word_1_413' title='bbox 3230 2777 3334 2832; x_wconf 90' lang='lat' dir='ltr'><strong>erit</strong></span> <span class='ocrx_word' id='word_1_414' title='bbox 3351 2777 3632 2844; x_wconf 84' lang='lat' dir='ltr'><strong>ambigen-</strong></span> 
     </span>
    </p>
   </div>
   <div class='ocr_carea' id='block_1_58' title="bbox 2041 2869 3630 2942">
    <p class='ocr_par' dir='ltr' id='par_1_58' title="bbox 2041 2869 3630 2942">
     <span class='ocr_line' id='line_1_58' title="bbox 2041 2869 3630 2942; baseline -0.004 -17"><span class='ocrx_word' id='word_1_415' title='bbox 2041 2871 2193 2936; x_wconf 91' lang='lat' dir='ltr'><strong>dum,</strong></span> <span class='ocrx_word' id='word_1_416' title='bbox 2219 2888 2319 2926; x_wconf 90' lang='lat' dir='ltr'><strong>cur</strong></span> <span class='ocrx_word' id='word_1_417' title='bbox 2346 2889 2471 2928; x_wconf 89' lang='lat' dir='ltr'><strong>nam</strong></span> <span class='ocrx_word' id='word_1_418' title='bbox 2495 2873 2767 2938; x_wconf 89' lang='lat' dir='ltr'><strong>Christus,</strong></span> <span class='ocrx_word' id='word_1_419' title='bbox 2793 2889 2902 2940; x_wconf 90' lang='lat' dir='ltr'><strong>quo</strong></span> <span class='ocrx_word' id='word_1_420' title='bbox 2933 2881 3177 2942; x_wconf 90' lang='lat' dir='ltr'><strong>tempore</strong></span> <span class='ocrx_word' id='word_1_421' title='bbox 3207 2871 3348 2926; x_wconf 87' lang='lat' dir='ltr'><strong>inter</strong></span> <span class='ocrx_word' id='word_1_422' title='bbox 3382 2869 3630 2923; x_wconf 71' lang='lat' dir='ltr'><strong>llOllllm&#39;S</strong></span> 
     </span>
    </p>
   </div>
   <div class='ocr_carea' id='block_1_59' title="bbox 2041 2962 3634 3031">
    <p class='ocr_par' dir='ltr' id='par_1_59' title="bbox 2041 2962 3634 3031">
     <span class='ocr_line' id='line_1_59' title="bbox 2041 2962 3634 3031; baseline -0.003 -13"><span class='ocrx_word' id='word_1_423' title='bbox 2041 2964 2354 3019; x_wconf 86' lang='lat' dir='ltr'><strong>salutariter</strong></span> <span class='ocrx_word' id='word_1_424' title='bbox 2384 2975 2635 3020; x_wconf 71' lang='lat' dir='ltr'><strong>versatus</strong></span> <span class='ocrx_word' id='word_1_425' title='bbox 2689 2974 2794 3031; x_wconf 89' lang='lat' dir='ltr'><strong>est,</strong></span> <span class='ocrx_word' id='word_1_426' title='bbox 2841 2964 3067 3019; x_wconf 73' lang='lat' dir='ltr'><strong>cmieste</strong></span> <span class='ocrx_word' id='word_1_427' title='bbox 3110 2963 3270 3018; x_wconf 87' lang='lat' dir='ltr'><strong>nobis</strong></span> <span class='ocrx_word' id='word_1_428' title='bbox 3321 2962 3634 3031; x_wconf 85' lang='lat' dir='ltr'><strong>promiserit</strong></span> 
     </span>
    </p>
   </div>
   <div class='ocr_carea' id='block_1_60' title="bbox 2041 3051 3631 3124">
    <p class='ocr_par' dir='ltr' id='par_1_60' title="bbox 2041 3051 3631 3124">
     <span class='ocr_line' id='line_1_60' title="bbox 2041 3051 3631 3124; baseline -0.001 -18"><span class='ocrx_word' id='word_1_429' title='bbox 2041 3053 2486 3124; x_wconf 87' lang='lat' dir='ltr'><strong>nuntiaveritque</strong></span> <span class='ocrx_word' id='word_1_430' title='bbox 2520 3070 2786 3124; x_wconf 85' lang='lat' dir='ltr'><strong>regnum;</strong></span> <span class='ocrx_word' id='word_1_431' title='bbox 2835 3054 2958 3123; x_wconf 87' lang='lat' dir='ltr'><strong>ejus</strong></span> <span class='ocrx_word' id='word_1_432' title='bbox 3004 3068 3134 3108; x_wconf 90' lang='lat' dir='ltr'><strong>vero</strong></span> <span class='ocrx_word' id='word_1_433' title='bbox 3178 3052 3417 3107; x_wconf 81' lang='lat' dir='ltr'><strong>famulus</strong></span> <span class='ocrx_word' id='word_1_434' title='bbox 3451 3051 3631 3105; x_wconf 79' lang='lat' dir='ltr'><strong>Muses</strong></span> 
     </span>
    </p>
   </div>
   <div class='ocr_carea' id='block_1_61' title="bbox 2042 3143 3632 3214">
    <p class='ocr_par' dir='ltr' id='par_1_61' title="bbox 2042 3143 3632 3214">
     <span class='ocr_line' id='line_1_61' title="bbox 2042 3143 3632 3214; baseline -0.001 -17"><span class='ocrx_word' id='word_1_435' title='bbox 2042 3144 2130 3197; x_wconf 86' lang='lat' dir='ltr'><strong>vel</strong></span> <span class='ocrx_word' id='word_1_436' title='bbox 2162 3145 2315 3199; x_wconf 92' lang='lat' dir='ltr'><strong>nullo</strong></span> <span class='ocrx_word' id='word_1_437' title='bbox 2352 3146 2540 3211; x_wconf 87' lang='lat' dir='ltr'><strong>modo,</strong></span> <span class='ocrx_word' id='word_1_438' title='bbox 2573 3146 2656 3200; x_wconf 88' lang='lat' dir='ltr'><strong>vel</strong></span> <span class='ocrx_word' id='word_1_439' title='bbox 2690 3155 2838 3201; x_wconf 86' lang='lat' dir='ltr'><strong>certe</strong></span> <span class='ocrx_word' id='word_1_440' title='bbox 2868 3161 2978 3200; x_wconf 91' lang='lat' dir='ltr'><strong>non</strong></span> <span class='ocrx_word' id='word_1_441' title='bbox 2999 3146 3119 3200; x_wconf 88' lang='lat' dir='ltr'><strong>sine</strong></span> <span class='ocrx_word' id='word_1_442' title='bbox 3148 3143 3440 3214; x_wconf 78' lang='lat' dir='ltr'><strong>:enigmate</strong></span> <span class='ocrx_word' id='word_1_443' title='bbox 3479 3144 3632 3210; x_wconf 65' lang='lat' dir='ltr'><strong>regni</strong></span> 
     </span>
    </p>
   </div>
   <div class='ocr_carea' id='block_1_62' title="bbox 2043 3235 3637 3308">
    <p class='ocr_par' dir='ltr' id='par_1_62' title="bbox 2043 3235 3637 3308">
     <span class='ocr_line' id='line_1_62' title="bbox 2043 3235 3637 3308; baseline -0.002 -17"><span class='ocrx_word' id='word_1_444' title='bbox 2043 3236 2290 3308; x_wconf 80' lang='lat' dir='ltr'><strong>ejusdem</strong></span> <span class='ocrx_word' id='word_1_445' title='bbox 2318 3239 2653 3293; x_wconf 89' lang='lat' dir='ltr'><strong>mentionem</strong></span> <span class='ocrx_word' id='word_1_446' title='bbox 2691 3238 2902 3294; x_wconf 83' lang='lat' dir='ltr'><strong>fecerit.</strong></span> <span class='ocrx_word' id='word_1_447' title='bbox 2952 3236 3140 3308; x_wconf 87' lang='lat' dir='ltr'><strong>Neque</strong></span> <span class='ocrx_word' id='word_1_448' title='bbox 3166 3239 3400 3308; x_wconf 91' lang='lat' dir='ltr'><strong>denique</strong></span> <span class='ocrx_word' id='word_1_449' title='bbox 3418 3243 3504 3292; x_wconf 87' lang='lat' dir='ltr'><strong>est</strong></span> <span class='ocrx_word' id='word_1_450' title='bbox 3534 3235 3637 3289; x_wconf 87' lang='lat' dir='ltr'><strong>du-</strong></span> 
     </span>
    </p>
   </div>
   <div class='ocr_carea' id='block_1_63' title="bbox 348 3311 2745 3403">
    <p class='ocr_par' dir='ltr' id='par_1_63' title="bbox 348 3311 2745 3403">
     <span class='ocr_line' id='line_1_63' title="bbox 348 3311 2745 3403; baseline 0.008 -37"><span class='ocrx_word' id='word_1_451' title='bbox 348 3311 642 3368; x_wconf 83' lang='lat' dir='ltr'><strong>bitandum</strong></span> <span class='ocrx_word' id='word_1_452' title='bbox 671 3323 855 3371; x_wconf 89' lang='lat' dir='ltr'><strong>utrum</strong></span> <span class='ocrx_word' id='word_1_453' title='bbox 900 3317 1042 3373; x_wconf 91' lang='lat' dir='ltr'><strong>idem</strong></span> <span class='ocrx_word' id='word_1_454' title='bbox 1074 3321 1145 3373; x_wconf 89' lang='lat' dir='ltr'><strong>sit</strong></span> <span class='ocrx_word' id='word_1_455' title='bbox 1174 3335 1243 3374; x_wconf 89' lang='lat' dir='ltr'><strong>an</strong></span> <span class='ocrx_word' id='word_1_456' title='bbox 1275 3322 1403 3392; x_wconf 92' lang='lat' dir='ltr'><strong>quid</strong></span> <span class='ocrx_word' id='word_1_457' title='bbox 1433 3322 1739 3387; x_wconf 88' lang='lat' dir='ltr'><strong>diversum,</strong></span> <span class='ocrx_word' id='word_1_458' title='bbox 1777 3327 2064 3395; x_wconf 86' lang='lat' dir='ltr'><strong>paradisus</strong></span> <span class='ocrx_word' id='word_1_459' title='bbox 2101 3339 2159 3388; x_wconf 88' lang='lat' dir='ltr'><strong>et</strong></span> <span class='ocrx_word' id='word_1_460' title='bbox 2193 3347 2422 3403; x_wconf 86' lang='lat' dir='ltr'><strong>regnum</strong></span> <span class='ocrx_word' id='word_1_461' title='bbox 2457 3332 2745 3386; x_wconf 70' lang='lat' dir='ltr'><strong>caelorum.</strong></span> 
     </span>
    </p>
   </div>
   <div class='ocr_carea' id='block_1_64' title="bbox 919 3416 1364 3475">
    <p class='ocr_par' dir='ltr' id='par_1_64' title="bbox 919 3416 1364 3475">
     <span class='ocr_line' id='line_1_64' title="bbox 919 3416 1364 3475; baseline 0.016 -7"><span class='ocrx_word' id='word_1_462' title='bbox 919 3416 1257 3472; x_wconf 77' lang='grc' dir='ltr'><strong>ΕΡΩΤΗΣΙΣ</strong></span> <span class='ocrx_word' id='word_1_463' title='bbox 1288 3420 1364 3475; x_wconf 91' lang='lat' dir='ltr'><strong>Z&#39;.</strong></span> 
     </span>
    </p>
   </div>
   <div class='ocr_carea' id='block_1_65' title="bbox 2588 3425 3067 3494">
    <p class='ocr_par' dir='ltr' id='par_1_65' title="bbox 2588 3425 3067 3494">
     <span class='ocr_line' id='line_1_65' title="bbox 2588 3425 3067 3494; baseline -0.004 -12"><span class='ocrx_word' id='word_1_464' title='bbox 2588 3425 2918 3494; x_wconf 67' lang='lat' dir='ltr'><strong>QUASSTIO</strong></span> <span class='ocrx_word' id='word_1_465' title='bbox 2961 3425 3067 3482; x_wconf 83' lang='lat' dir='ltr'><strong>Vll.</strong></span> 
     </span>
    </p>
   </div>
   <div class='ocr_carea' id='block_1_66' title="bbox 347 3507 1940 3593">
    <p class='ocr_par' dir='ltr' id='par_1_66' title="bbox 347 3507 1940 3593">
     <span class='ocr_line' id='line_1_66' title="bbox 347 3507 1940 3593; baseline 0.003 -29"><span class='ocrx_word' id='word_1_466' title='bbox 347 3509 422 3564; x_wconf 83' lang='grc' dir='ltr'>Εἰ</span> <span class='ocrx_word' id='word_1_467' title='bbox 452 3509 532 3593; x_wconf 41' lang='grc' dir='ltr'><strong>τὰ.</strong></span> <span class='ocrx_word' id='word_1_468' title='bbox 556 3507 842 3593; x_wconf 46' lang='grc' dir='ltr'>τέληχῶν</span> <span class='ocrx_word' id='word_1_469' title='bbox 873 3507 1222 3593; x_wconf 48' lang='grc' dir='ltr'>αἰώνων-εἰς</span> <span class='ocrx_word' id='word_1_470' title='bbox 1253 3509 1414 3593; x_wconf 63' lang='grc' dir='ltr'>ἡμεῖς</span> <span class='ocrx_word' id='word_1_471' title='bbox 1443 3511 1850 3593; x_wconf 55' lang='grc' dir='ltr'>καςήντηᾳεκ,</span> <span class='ocrx_word' id='word_1_472' title='bbox 1874 3515 1940 3593; x_wconf 57' lang='grc' dir='ltr'><strong>ἐν</strong></span> 
     </span>
    </p>
   </div>
   <div class='ocr_carea' id='block_1_67' title="bbox 2040 3507 3632 3593">
    <p class='ocr_par' dir='ltr' id='par_1_67' title="bbox 2051 3516 3632 3593">
     <span class='ocr_line' id='line_1_67' title="bbox 2051 3516 3632 3593; baseline -0.004 -14"><span class='ocrx_word' id='word_1_473' title='bbox 2051 3521 2114 3579; x_wconf 76' lang='lat' dir='ltr'><strong>Si</strong></span> <span class='ocrx_word' id='word_1_474' title='bbox 2141 3522 2266 3593; x_wconf 70' lang='lat' dir='ltr'><strong>ﬁnis</strong></span> <span class='ocrx_word' id='word_1_475' title='bbox 2296 3519 2614 3593; x_wconf 63' lang='lat' dir='ltr'><strong>mandarunt</strong></span> <span class='ocrx_word' id='word_1_476' title='bbox 2636 3519 2787 3593; x_wconf 76' lang='lat' dir='ltr'><strong>nobis</strong></span> <span class='ocrx_word' id='word_1_477' title='bbox 2817 3520 3050 3583; x_wconf 79' lang='lat' dir='ltr'><strong>advenit,</strong></span> <span class='ocrx_word' id='word_1_478' title='bbox 3074 3519 3392 3593; x_wconf 65' lang='lat' dir='ltr'><strong>quibusnam</strong></span> <span class='ocrx_word' id='word_1_479' title='bbox 3427 3516 3632 3573; x_wconf 61' lang='lat' dir='ltr'><strong>saeculis</strong></span> 
     </span>
    </p>
   </div>
   <div class='ocr_carea' id='block_1_68' title="bbox 425 3579 1944 3655">
    <p class='ocr_par' dir='ltr' id='par_1_68' title="bbox 425 3579 1944 3655">
     <span class='ocr_line' id='line_1_68' title="bbox 425 3579 1944 3655; baseline 0.007 -25"><span class='ocrx_word' id='word_1_480' title='bbox 425 3580 621 3655; x_wconf 57' lang='grc' dir='ltr'>ποίοις</span> <span class='ocrx_word' id='word_1_481' title='bbox 651 3580 866 3655; x_wconf 73' lang='grc' dir='ltr'>αἰῶσιν</span> <span class='ocrx_word' id='word_1_482' title='bbox 897 3583 930 3634; x_wconf 85' lang='grc' dir='ltr'><strong>ό</strong></span> <span class='ocrx_word' id='word_1_483' title='bbox 965 3579 1070 3634; x_wconf 89' lang='grc' dir='ltr'>τοῦ</span> <span class='ocrx_word' id='word_1_484' title='bbox 1106 3579 1366 3648; x_wconf 78' lang='grc' dir='ltr'>Χριστοῦ</span> <span class='ocrx_word' id='word_1_485' title='bbox 1394 3583 1660 3652; x_wconf 73' lang='grc' dir='ltr'>πλοῦτος</span> <span class='ocrx_word' id='word_1_486' title='bbox 1676 3579 1764 3651; x_wconf 72' lang='grc' dir='ltr'><strong>εἰς</strong></span> <span class='ocrx_word' id='word_1_487' title='bbox 1784 3584 1944 3655; x_wconf 74' lang='grc' dir='ltr'>ἡμᾶς</span> 
     </span>
    </p>
   </div>
   <div class='ocr_carea' id='block_1_69' title="bbox 419 3649 952 3718">
    <p class='ocr_par' dir='ltr' id='par_1_69' title="bbox 419 3649 952 3718">
     <span class='ocr_line' id='line_1_69' title="bbox 419 3649 952 3718; baseline 0.002 -16"><span class='ocrx_word' id='word_1_488' title='bbox 419 3649 906 3718; x_wconf 72' lang='grc' dir='ltr'>ἐπιδειχθήσεται</span> <span class='ocrx_word' id='word_1_489' title='bbox 932 3667 952 3715; x_wconf 92' lang='grc'><em>;</em></span> 
     </span>
    </p>
   </div>
   <div class='ocr_carea' id='block_1_70' title="bbox 2306 3589 3362 3647">
    <p class='ocr_par' dir='ltr' id='par_1_70' title="bbox 2306 3589 3362 3647">
     <span class='ocr_line' id='line_1_70' title="bbox 2306 3589 3362 3647; baseline -0.005 0"><span class='ocrx_word' id='word_1_490' title='bbox 2306 3592 2507 3647; x_wconf 73' lang='lat' dir='ltr'><strong>Christi</strong></span> <span class='ocrx_word' id='word_1_491' title='bbox 2537 3589 2739 3645; x_wconf 74' lang='lat' dir='ltr'><strong>divitia:</strong></span> <span class='ocrx_word' id='word_1_492' title='bbox 2770 3592 2822 3644; x_wconf 84' lang='lat' dir='ltr'><strong>in</strong></span> <span class='ocrx_word' id='word_1_493' title='bbox 2857 3606 2951 3645; x_wconf 80' lang='lat' dir='ltr'><strong>nos</strong></span> <span class='ocrx_word' id='word_1_494' title='bbox 2983 3590 3362 3644; x_wconf 81' lang='lat' dir='ltr'><strong>oslendentur?</strong></span> 
     </span>
    </p>
   </div>
   <div class='ocr_carea' id='block_1_71' title="bbox 605 3788 3384 3856">
    <p class='ocr_par' dir='ltr' id='par_1_71' title="bbox 605 3788 3384 3856">
     <span class='ocr_line' id='line_1_71' title="bbox 605 3788 3384 3856; baseline 0 -16"><span class='ocrx_word' id='word_1_495' title='bbox 605 3789 747 3840; x_wconf 84' lang='lat' dir='ltr'><strong>Edita</strong></span> <span class='ocrx_word' id='word_1_496' title='bbox 768 3804 796 3840; x_wconf 88' lang='lat' dir='ltr'><strong>a</strong></span> <span class='ocrx_word' id='word_1_497' title='bbox 826 3790 968 3851; x_wconf 85' lang='lat' dir='ltr'><strong>Maio,</strong></span> <span class='ocrx_word' id='word_1_498' title='bbox 993 3803 1104 3842; x_wconf 84' lang='lat' dir='ltr'><strong>nov.</strong></span> <span class='ocrx_word' id='word_1_499' title='bbox 1140 3789 1284 3853; x_wconf 82' lang='lat' dir='ltr'><strong>Coll.,</strong></span> <span class='ocrx_word' id='word_1_500' title='bbox 1305 3795 1344 3842; x_wconf 76' lang='grc' dir='ltr'>ι.</span> <span class='ocrx_word' id='word_1_501' title='bbox 1372 3792 1452 3854; x_wconf 82' lang='lat' dir='ltr'><strong>IX,</strong></span> <span class='ocrx_word' id='word_1_502' title='bbox 1478 3807 1527 3856; x_wconf 91' lang='lat' dir='ltr'><strong>p.</strong></span> <span class='ocrx_word' id='word_1_503' title='bbox 1550 3792 1656 3844; x_wconf 79' lang='lat'><strong>5-6.</strong></span> <span class='ocrx_word' id='word_1_504' title='bbox 1688 3793 2028 3847; x_wconf 83' lang='lat' dir='ltr'><strong>Conciliantur</strong></span> <span class='ocrx_word' id='word_1_505' title='bbox 2057 3794 2196 3846; x_wconf 85' lang='lat' dir='ltr'><strong>Pauli</strong></span> <span class='ocrx_word' id='word_1_506' title='bbox 2233 3794 2425 3846; x_wconf 86' lang='lat' dir='ltr'><strong>verbal</strong></span> <span class='ocrx_word' id='word_1_507' title='bbox 2454 3794 2567 3849; x_wconf 89' lang='lat' dir='ltr'><strong>Cor.</strong></span> <span class='ocrx_word' id='word_1_508' title='bbox 2589 3808 2640 3856; x_wconf 75' lang='grc' dir='ltr'>ι,</span> <span class='ocrx_word' id='word_1_509' title='bbox 2673 3793 2886 3856; x_wconf 76' lang='lat' dir='ltr'><strong>il,cum</strong></span> <span class='ocrx_word' id='word_1_510' title='bbox 2914 3788 3084 3842; x_wconf 87' lang='lat' dir='ltr'><strong>verbis</strong></span> <span class='ocrx_word' id='word_1_511' title='bbox 3113 3790 3242 3853; x_wconf 85' lang='lat' dir='ltr'><strong>Eph.</strong></span> <span class='ocrx_word' id='word_1_512' title='bbox 3263 3801 3313 3849; x_wconf 87' lang='grc' dir='ltr'><strong>ιι,</strong></span> <span class='ocrx_word' id='word_1_513' title='bbox 3335 3789 3384 3838; x_wconf 84' lang='grc'><strong>’1.</strong></span> 
     </span>
    </p>
   </div>
   <div class='ocr_carea' id='block_1_72' title="bbox 423 3879 1946 3954">
    <p class='ocr_par' dir='ltr' id='par_1_72' title="bbox 423 3879 1946 3954">
     <span class='ocr_line' id='line_1_72' title="bbox 423 3879 1946 3954; baseline 0.004 -22"><span class='ocrx_word' id='word_1_514' title='bbox 423 3879 542 3932; x_wconf 81' lang='grc' dir='ltr'>Οὐκ</span> <span class='ocrx_word' id='word_1_515' title='bbox 583 3879 787 3950; x_wconf 79' lang='grc' dir='ltr'>ἄπορον</span> <span class='ocrx_word' id='word_1_516' title='bbox 833 3881 891 3933; x_wconf 84' lang='grc' dir='ltr'><strong>δέ</strong></span> <span class='ocrx_word' id='word_1_517' title='bbox 921 3881 1031 3934; x_wconf 84' lang='grc' dir='ltr'>οὐδ’</span> <span class='ocrx_word' id='word_1_518' title='bbox 1061 3882 1112 3934; x_wconf 80' lang='grc' dir='ltr'><strong>εἰ</strong></span> <span class='ocrx_word' id='word_1_519' title='bbox 1154 3882 1223 3934; x_wconf 73' lang='grc' dir='ltr'>τὰ</span> <span class='ocrx_word' id='word_1_520' title='bbox 1260 3881 1388 3954; x_wconf 83' lang='grc' dir='ltr'>τέλη</span> <span class='ocrx_word' id='word_1_521' title='bbox 1427 3884 1543 3936; x_wconf 83' lang='grc' dir='ltr'><strong>τῶν</strong></span> <span class='ocrx_word' id='word_1_522' title='bbox 1592 3883 1806 3938; x_wconf 79' lang='grc' dir='ltr'>αἰώνων</span> <span class='ocrx_word' id='word_1_523' title='bbox 1863 3885 1946 3948; x_wconf 87' lang='grc' dir='ltr'><strong>εἰς</strong></span> 
     </span>
    </p>
   </div>
   <div class='ocr_carea' id='block_1_73' title="bbox 343 3973 1945 4047">
    <p class='ocr_par' dir='ltr' id='par_1_73' title="bbox 343 3973 1945 4047">
     <span class='ocr_line' id='line_1_73' title="bbox 343 3973 1945 4047; baseline 0.004 -22"><span class='ocrx_word' id='word_1_524' title='bbox 343 3974 502 4042; x_wconf 76' lang='grc' dir='ltr'>ἡμᾶς</span> <span class='ocrx_word' id='word_1_525' title='bbox 547 3973 910 4043; x_wconf 81' lang='grc' dir='ltr'>κατήντησεν,</span> <span class='ocrx_word' id='word_1_526' title='bbox 945 3975 1002 4026; x_wconf 93' lang='grc' dir='ltr'><strong>ἐν</strong></span> <span class='ocrx_word' id='word_1_527' title='bbox 1047 3976 1158 4039; x_wconf 85' lang='grc' dir='ltr'>τοῖς</span> <span class='ocrx_word' id='word_1_528' title='bbox 1203 3975 1598 4047; x_wconf 78' lang='grc' dir='ltr'>ἐπερχομένοις</span> <span class='ocrx_word' id='word_1_529' title='bbox 1643 3977 1805 4031; x_wconf 79' lang='grc' dir='ltr'>αἰῶσι</span> <span class='ocrx_word' id='word_1_530' title='bbox 1852 3977 1945 4030; x_wconf 85' lang='grc' dir='ltr'><strong>τὸν</strong></span> 
     </span>
    </p>
   </div>
   <div class='ocr_carea' id='block_1_74' title="bbox 346 4065 1939 4138">
    <p class='ocr_par' dir='ltr' id='par_1_74' title="bbox 346 4065 1939 4138">
     <span class='ocr_line' id='line_1_74' title="bbox 346 4065 1939 4138; baseline 0.003 -20"><span class='ocrx_word' id='word_1_531' title='bbox 346 4065 586 4120; x_wconf 78' lang='grc' dir='ltr'>πλοῦτον</span> <span class='ocrx_word' id='word_1_532' title='bbox 615 4065 782 4120; x_wconf 80' lang='grc' dir='ltr'>αὐτοῦ</span> <span class='ocrx_word' id='word_1_533' title='bbox 811 4067 1181 4131; x_wconf 83' lang='grc' dir='ltr'>ἐπιδείξασθαι</span> <span class='ocrx_word' id='word_1_534' title='bbox 1211 4070 1290 4131; x_wconf 85' lang='grc' dir='ltr'><strong>εἰς</strong></span> <span class='ocrx_word' id='word_1_535' title='bbox 1316 4070 1465 4138; x_wconf 81' lang='grc' dir='ltr'>ἡμᾶς</span> <span class='ocrx_word' id='word_1_536' title='bbox 1507 4069 1596 4122; x_wconf 79' lang='grc' dir='ltr'><strong>τὸν</strong></span> <span class='ocrx_word' id='word_1_537' title='bbox 1625 4069 1804 4124; x_wconf 84' lang='grc' dir='ltr'>κοινὸν</span> <span class='ocrx_word' id='word_1_538' title='bbox 1843 4068 1939 4123; x_wconf 78' lang='grc' dir='ltr'>τοῦ</span> 
     </span>
    </p>
   </div>
   <div class='ocr_carea' id='block_1_75' title="bbox 345 4157 1942 4231">
    <p class='ocr_par' dir='ltr' id='par_1_75' title="bbox 345 4157 1942 4231">
     <span class='ocr_line' id='line_1_75' title="bbox 345 4157 1942 4231; baseline 0 -21"><span class='ocrx_word' id='word_1_539' title='bbox 345 4158 546 4222; x_wconf 79' lang='grc' dir='ltr'>γένους</span> <span class='ocrx_word' id='word_1_540' title='bbox 576 4157 797 4227; x_wconf 82' lang='grc' dir='ltr'>σωτῆρα</span> <span class='ocrx_word' id='word_1_541' title='bbox 826 4157 918 4210; x_wconf 66' lang='grc' dir='ltr'><strong>καί⁸</strong></span> <span class='ocrx_word' id='word_1_542' title='bbox 940 4157 1248 4228; x_wconf 91' lang='grc' dir='ltr'>λυτρωτήν.</span> <span class='ocrx_word' id='word_1_543' title='bbox 1268 4157 1394 4210; x_wconf 83' lang='grc' dir='ltr'>Ἐπὶ</span> <span class='ocrx_word' id='word_1_544' title='bbox 1425 4158 1524 4228; x_wconf 86' lang='grc' dir='ltr'><strong>μὲν</strong></span> <span class='ocrx_word' id='word_1_545' title='bbox 1553 4158 1662 4230; x_wconf 79' lang='grc' dir='ltr'><strong>γάρ</strong></span> <span class='ocrx_word' id='word_1_546' title='bbox 1687 4159 1767 4231; x_wconf 80' lang='grc' dir='ltr'><strong>τῷ</strong></span> <span class='ocrx_word' id='word_1_547' title='bbox 1796 4159 1942 4212; x_wconf 89' lang='grc' dir='ltr'>τέλει</span> 
     </span>
    </p>
   </div>
   <div class='ocr_carea' id='block_1_76' title="bbox 343 4249 1943 4324">
    <p class='ocr_par' dir='ltr' id='par_1_76' title="bbox 343 4249 1943 4324">
     <span class='ocr_line' id='line_1_76' title="bbox 343 4249 1943 4324; baseline 0.002 -22"><span class='ocrx_word' id='word_1_548' title='bbox 343 4251 463 4302; x_wconf 82' lang='grc' dir='ltr'><strong>τῶν</strong></span> <span class='ocrx_word' id='word_1_549' title='bbox 501 4249 716 4303; x_wconf 89' lang='grc' dir='ltr'>αἰώνων</span> <span class='ocrx_word' id='word_1_550' title='bbox 744 4251 907 4320; x_wconf 81' lang='grc' dir='ltr'>ἡμεῖς</span> <span class='ocrx_word' id='word_1_551' title='bbox 937 4251 1127 4321; x_wconf 87' lang='grc' dir='ltr'>ἐσμεν,</span> <span class='ocrx_word' id='word_1_552' title='bbox 1157 4252 1273 4304; x_wconf 78' lang='grc' dir='ltr'>ὅσοι</span> <span class='ocrx_word' id='word_1_553' title='bbox 1310 4251 1403 4304; x_wconf 84' lang='grc' dir='ltr'><strong>τὸν</strong></span> <span class='ocrx_word' id='word_1_554' title='bbox 1447 4253 1695 4322; x_wconf 83' lang='grc' dir='ltr'>παρόντα</span> <span class='ocrx_word' id='word_1_555' title='bbox 1737 4255 1943 4324; x_wconf 86' lang='grc' dir='ltr'>κόσμον</span> 
     </span>
    </p>
   </div>
   <div class='ocr_carea' id='block_1_77' title="bbox 344 4342 1944 4416">
    <p class='ocr_par' dir='ltr' id='par_1_77' title="bbox 344 4342 1944 4416">
     <span class='ocr_line' id='line_1_77' title="bbox 344 4342 1944 4416; baseline 0.001 -20"><span class='ocrx_word' id='word_1_556' title='bbox 344 4343 452 4414; x_wconf 67' lang='grc' dir='ltr'>ἤδη</span> <span class='ocrx_word' id='word_1_557' title='bbox 475 4342 874 4413; x_wconf 85' lang='grc' dir='ltr'>μαραινόμενόν</span> <span class='ocrx_word' id='word_1_558' title='bbox 896 4360 955 4395; x_wconf 90' lang='grc' dir='ltr'><strong>τε</strong></span> <span class='ocrx_word' id='word_1_559' title='bbox 969 4346 1064 4397; x_wconf 72' lang='grc' dir='ltr'>καὶ</span> <span class='ocrx_word' id='word_1_560' title='bbox 1085 4343 1460 4416; x_wconf 72' lang='grc' dir='ltr'>καταρρέοντα</span> <span class='ocrx_word' id='word_1_561' title='bbox 1487 4344 1622 4415; x_wconf 83' lang='grc' dir='ltr'>πρὸς</span> <span class='ocrx_word' id='word_1_562' title='bbox 1642 4345 1794 4408; x_wconf 85' lang='grc' dir='ltr'>τέλος</span> <span class='ocrx_word' id='word_1_563' title='bbox 1813 4345 1944 4398; x_wconf 75' lang='grc' dir='ltr'>ἐτά-</span> 
     </span>
    </p>
   </div>
   <div class='ocr_carea' id='block_1_78' title="bbox 343 4436 1940 4508">
    <p class='ocr_par' dir='ltr' id='par_1_78' title="bbox 343 4436 1940 4508">
     <span class='ocr_line' id='line_1_78' title="bbox 343 4436 1940 4508; baseline 0.001 -20"><span class='ocrx_word' id='word_1_564' title='bbox 343 4436 565 4507; x_wconf 85' lang='grc' dir='ltr'>χθημεν</span> <span class='ocrx_word' id='word_1_565' title='bbox 589 4438 991 4508; x_wconf 86' lang='grc' dir='ltr'>παραμετρεῖν,</span> <span class='ocrx_word' id='word_1_566' title='bbox 1023 4438 1433 4507; x_wconf 86' lang='grc' dir='ltr'>ἐπερχομένους</span> <span class='ocrx_word' id='word_1_567' title='bbox 1475 4437 1531 4490; x_wconf 82' lang='grc' dir='ltr'>δὲ</span> <span class='ocrx_word' id='word_1_568' title='bbox 1556 4436 1762 4501; x_wconf 87' lang='grc' dir='ltr'>αἰῶνας</span> <span class='ocrx_word' id='word_1_569' title='bbox 1796 4437 1940 4490; x_wconf 75' lang='grc' dir='ltr'>ἐκείο</span> 
     </span>
    </p>
   </div>
   <div class='ocr_carea' id='block_1_79' title="bbox 343 4531 1938 4603">
    <p class='ocr_par' dir='ltr' id='par_1_79' title="bbox 343 4531 1938 4603">
     <span class='ocr_line' id='line_1_79' title="bbox 343 4531 1938 4603; baseline 0 -20"><span class='ocrx_word' id='word_1_570' title='bbox 343 4548 478 4593; x_wconf 84' lang='grc' dir='ltr'>νους</span> <span class='ocrx_word' id='word_1_571' title='bbox 525 4532 608 4584; x_wconf 89' lang='grc' dir='ltr'><strong>δεῖ</strong></span> <span class='ocrx_word' id='word_1_572' title='bbox 663 4533 823 4595; x_wconf 88' lang='grc' dir='ltr'>νοεῖν,</span> <span class='ocrx_word' id='word_1_573' title='bbox 879 4531 994 4584; x_wconf 82' lang='grc' dir='ltr'>ὅσοι</span> <span class='ocrx_word' id='word_1_574' title='bbox 1056 4534 1122 4603; x_wconf 81' lang='grc' dir='ltr'>τῇ</span> <span class='ocrx_word' id='word_1_575' title='bbox 1170 4531 1279 4589; x_wconf 80' lang='grc' dir='ltr'><strong>τῶν</strong></span> <span class='ocrx_word' id='word_1_576' title='bbox 1319 4531 1624 4600; x_wconf 82' lang='grc' dir='ltr'>μελλόντων</span> <span class='ocrx_word' id='word_1_577' title='bbox 1673 4531 1938 4601; x_wconf 49' lang='lat' dir='ltr'><strong>eameam</strong></span> 
     </span>
    </p>
   </div>
   <div class='ocr_carea' id='block_1_80' title="bbox 2119 3875 3640 3955">
    <p class='ocr_par' dir='ltr' id='par_1_80' title="bbox 2119 3875 3640 3955">
     <span class='ocr_line' id='line_1_80' title="bbox 2119 3875 3640 3955; baseline -0.005 -17"><span class='ocrx_word' id='word_1_578' title='bbox 2119 3883 2236 3940; x_wconf 85' lang='lat' dir='ltr'><strong>Non</strong></span> <span class='ocrx_word' id='word_1_579' title='bbox 2261 3885 2532 3940; x_wconf 87' lang='lat' dir='ltr'><strong>incertum</strong></span> <span class='ocrx_word' id='word_1_580' title='bbox 2551 3891 2636 3940; x_wconf 88' lang='lat' dir='ltr'><strong>est</strong></span> <span class='ocrx_word' id='word_1_581' title='bbox 2655 3897 2896 3955; x_wconf 89' lang='lat' dir='ltr'><strong>quoque,</strong></span> <span class='ocrx_word' id='word_1_582' title='bbox 2921 3881 2966 3937; x_wconf 92' lang='lat' dir='ltr'><strong>si</strong></span> <span class='ocrx_word' id='word_1_583' title='bbox 2987 3880 3110 3935; x_wconf 78' lang='lat' dir='ltr'><strong>linis</strong></span> <span class='ocrx_word' id='word_1_584' title='bbox 3128 3877 3453 3934; x_wconf 70' lang='lat' dir='ltr'><strong>saeculorum</strong></span> <span class='ocrx_word' id='word_1_585' title='bbox 3478 3875 3640 3931; x_wconf 83' lang='lat' dir='ltr'><strong>nobis</strong></span> 
     </span>
    </p>
   </div>
   <div class='ocr_carea' id='block_1_81' title="bbox 2045 3971 3636 4042">
    <p class='ocr_par' dir='ltr' id='par_1_81' title="bbox 2045 3971 3636 4042">
     <span class='ocr_line' id='line_1_81' title="bbox 2045 3971 3636 4042; baseline -0.008 -10"><span class='ocrx_word' id='word_1_586' title='bbox 2045 3979 2284 4042; x_wconf 83' lang='lat' dir='ltr'><strong>advenit,</strong></span> <span class='ocrx_word' id='word_1_587' title='bbox 2299 3977 2516 4033; x_wconf 87' lang='lat' dir='ltr'><strong>divitias</strong></span> <span class='ocrx_word' id='word_1_588' title='bbox 2531 3992 2664 4033; x_wconf 86' lang='lat' dir='ltr'><strong>suas</strong></span> <span class='ocrx_word' id='word_1_589' title='bbox 2678 3977 2733 4030; x_wconf 93' lang='lat' dir='ltr'><strong>in</strong></span> <span class='ocrx_word' id='word_1_590' title='bbox 2758 3990 2855 4030; x_wconf 87' lang='lat' dir='ltr'><strong>nos</strong></span> <span class='ocrx_word' id='word_1_591' title='bbox 2871 3971 3176 4029; x_wconf 79' lang='lat' dir='ltr'><strong>ostendisse</strong></span> <span class='ocrx_word' id='word_1_592' title='bbox 3192 3985 3536 4027; x_wconf 91' lang='lat' dir='ltr'><strong>communem</strong></span> <span class='ocrx_word' id='word_1_593' title='bbox 3549 3985 3636 4040; x_wconf 73' lang='lat' dir='ltr'><strong>ge.-</strong></span> 
     </span>
    </p>
   </div>
   <div class='ocr_carea' id='block_1_82' title="bbox 2044 4061 3632 4135">
    <p class='ocr_par' dir='ltr' id='par_1_82' title="bbox 2044 4061 3632 4135">
     <span class='ocr_line' id='line_1_82' title="bbox 2044 4061 3632 4135; baseline -0.007 -11"><span class='ocrx_word' id='word_1_594' title='bbox 2044 4069 2194 4125; x_wconf 89' lang='lat' dir='ltr'><strong>neris</strong></span> <span class='ocrx_word' id='word_1_595' title='bbox 2210 4069 2380 4124; x_wconf 91' lang='lat' dir='ltr'><strong>nostri</strong></span> <span class='ocrx_word' id='word_1_596' title='bbox 2398 4069 2738 4124; x_wconf 72' lang='lat' dir='ltr'><strong>Salvator-em</strong></span> <span class='ocrx_word' id='word_1_597' title='bbox 2751 4076 2806 4123; x_wconf 88' lang='lat' dir='ltr'><strong>et</strong></span> <span class='ocrx_word' id='word_1_598' title='bbox 2822 4065 3265 4135; x_wconf 80' lang='lat' dir='ltr'><strong>Redemptorem.</strong></span> <span class='ocrx_word' id='word_1_599' title='bbox 3284 4062 3345 4117; x_wconf 82' lang='lat' dir='ltr'><strong>In</strong></span> <span class='ocrx_word' id='word_1_600' title='bbox 3363 4061 3470 4117; x_wconf 80' lang='lat' dir='ltr'><strong>ﬁne.</strong></span> <span class='ocrx_word' id='word_1_601' title='bbox 3485 4061 3632 4116; x_wconf 87' lang='lat' dir='ltr'><strong>enim</strong></span> 
     </span>
    </p>
   </div>
   <div class='ocr_carea' id='block_1_83' title="bbox 2043 4152 3638 4230">
    <p class='ocr_par' dir='ltr' id='par_1_83' title="bbox 2043 4152 3638 4230">
     <span class='ocr_line' id='line_1_83' title="bbox 2043 4152 3638 4230; baseline -0.009 -11"><span class='ocrx_word' id='word_1_602' title='bbox 2043 4161 2367 4219; x_wconf 67' lang='lat' dir='ltr'><strong>saeculorum</strong></span> <span class='ocrx_word' id='word_1_603' title='bbox 2382 4176 2572 4216; x_wconf 87' lang='lat' dir='ltr'><strong>sumus</strong></span> <span class='ocrx_word' id='word_1_604' title='bbox 2583 4175 2682 4215; x_wconf 91' lang='lat' dir='ltr'><strong>nos</strong></span> <span class='ocrx_word' id='word_1_605' title='bbox 2691 4159 3007 4230; x_wconf 82' lang='lat' dir='ltr'><strong>quicunque</strong></span> <span class='ocrx_word' id='word_1_606' title='bbox 3019 4157 3071 4211; x_wconf 89' lang='lat' dir='ltr'><strong>in</strong></span> <span class='ocrx_word' id='word_1_607' title='bbox 3086 4157 3231 4211; x_wconf 85' lang='lat' dir='ltr'><strong>hunc</strong></span> <span class='ocrx_word' id='word_1_608' title='bbox 3245 4171 3296 4208; x_wconf 92' lang='lat' dir='ltr'><strong>m</strong></span> <span class='ocrx_word' id='word_1_609' title='bbox 3305 4152 3638 4223; x_wconf 84' lang='lat' dir='ltr'><strong>undumjam</strong></span> 
     </span>
    </p>
   </div>
   <div class='ocr_carea' id='block_1_84' title="bbox 2040 4246 3634 4320">
    <p class='ocr_par' dir='ltr' id='par_1_84' title="bbox 2040 4246 3634 4320">
     <span class='ocr_line' id='line_1_84' title="bbox 2040 4246 3634 4320; baseline -0.004 -14"><span class='ocrx_word' id='word_1_610' title='bbox 2040 4251 2394 4308; x_wconf 87' lang='lat' dir='ltr'><strong>ﬂaccidumet</strong></span> <span class='ocrx_word' id='word_1_611' title='bbox 2407 4251 2476 4306; x_wconf 90' lang='lat' dir='ltr'><strong>ad</strong></span> <span class='ocrx_word' id='word_1_612' title='bbox 2492 4251 2654 4305; x_wconf 78' lang='lat' dir='ltr'><strong>linem</strong></span> <span class='ocrx_word' id='word_1_613' title='bbox 2678 4266 2838 4306; x_wconf 91' lang='lat' dir='ltr'><strong>suum</strong></span> <span class='ocrx_word' id='word_1_614' title='bbox 2851 4256 3163 4320; x_wconf 81' lang='lat' dir='ltr'><strong>vergentem</strong></span> <span class='ocrx_word' id='word_1_615' title='bbox 3183 4246 3336 4302; x_wconf 91' lang='lat' dir='ltr'><strong>missi</strong></span> <span class='ocrx_word' id='word_1_616' title='bbox 3349 4261 3540 4303; x_wconf 84' lang='lat' dir='ltr'><strong>sumus</strong></span> <span class='ocrx_word' id='word_1_617' title='bbox 3552 4246 3634 4301; x_wconf 84' lang='lat' dir='ltr'><strong>in-</strong></span> 
     </span>
    </p>
   </div>
   <div class='ocr_carea' id='block_1_85' title="bbox 2039 4341 3634 4414">
    <p class='ocr_par' dir='ltr' id='par_1_85' title="bbox 2039 4341 3634 4414">
     <span class='ocr_line' id='line_1_85' title="bbox 2039 4341 3634 4414; baseline -0.003 -14"><span class='ocrx_word' id='word_1_618' title='bbox 2039 4343 2232 4400; x_wconf 88' lang='lat' dir='ltr'><strong>colend</strong></span> <span class='ocrx_word' id='word_1_619' title='bbox 2242 4359 2356 4412; x_wconf 87' lang='lat' dir='ltr'><strong>um;</strong></span> <span class='ocrx_word' id='word_1_620' title='bbox 2370 4360 2432 4400; x_wconf 89' lang='lat' dir='ltr'><strong>su</strong></span> <span class='ocrx_word' id='word_1_621' title='bbox 2440 4343 2812 4414; x_wconf 85' lang='lat' dir='ltr'><strong>pervenientia</strong></span> <span class='ocrx_word' id='word_1_622' title='bbox 2826 4351 3007 4397; x_wconf 90' lang='lat' dir='ltr'><strong>autem</strong></span> <span class='ocrx_word' id='word_1_623' title='bbox 3021 4341 3217 4397; x_wconf 68' lang='lat' dir='ltr'><strong>saacula</strong></span> <span class='ocrx_word' id='word_1_624' title='bbox 3236 4341 3332 4395; x_wconf 83' lang='lat' dir='ltr'><strong>illa</strong></span> <span class='ocrx_word' id='word_1_625' title='bbox 3345 4355 3468 4396; x_wconf 79' lang='lat' dir='ltr'><strong>esse</strong></span> <span class='ocrx_word' id='word_1_626' title='bbox 3486 4341 3634 4412; x_wconf 85' lang='lat' dir='ltr'><strong>cogi-</strong></span> 
     </span>
    </p>
   </div>
   <div class='ocr_carea' id='block_1_86' title="bbox 2039 4431 3625 4505">
    <p class='ocr_par' dir='ltr' id='par_1_86' title="bbox 2039 4431 3625 4505">
     <span class='ocr_line' id='line_1_86' title="bbox 2039 4431 3625 4505; baseline -0.003 -15"><span class='ocrx_word' id='word_1_627' title='bbox 2039 4437 2266 4492; x_wconf 83' lang='lat' dir='ltr'><strong>tandum</strong></span> <span class='ocrx_word' id='word_1_628' title='bbox 2279 4444 2361 4492; x_wconf 90' lang='lat' dir='ltr'><strong>est</strong></span> <span class='ocrx_word' id='word_1_629' title='bbox 2374 4451 2496 4505; x_wconf 61' lang='lat' dir='ltr'><strong>qua</strong></span> <span class='ocrx_word' id='word_1_630' title='bbox 2511 4443 2837 4490; x_wconf 62' lang='lat' dir='ltr'><strong>atternarum</strong></span> <span class='ocrx_word' id='word_1_631' title='bbox 2854 4435 2908 4488; x_wconf 90' lang='lat' dir='ltr'><strong>in</strong></span> <span class='ocrx_word' id='word_1_632' title='bbox 2921 4431 3106 4488; x_wconf 80' lang='lat' dir='ltr'><strong>futura</strong></span> <span class='ocrx_word' id='word_1_633' title='bbox 3120 4432 3438 4488; x_wconf 85' lang='lat' dir='ltr'><strong>deliciarum</strong></span> <span class='ocrx_word' id='word_1_634' title='bbox 3458 4433 3625 4503; x_wconf 84' lang='lat' dir='ltr'><strong>parti-</strong></span> 
     </span>
    </p>
   </div>
   <div class='ocr_carea' id='block_1_87' title="bbox 2037 4525 3628 4598">
    <p class='ocr_par' dir='ltr' id='par_1_87' title="bbox 2037 4525 3628 4598">
     <span class='ocr_line' id='line_1_87' title="bbox 2037 4525 3628 4598; baseline -0.004 -14"><span class='ocrx_word' id='word_1_635' title='bbox 2037 4530 2273 4598; x_wconf 85' lang='lat' dir='ltr'><strong>eipantia</strong></span> <span class='ocrx_word' id='word_1_636' title='bbox 2288 4539 2600 4598; x_wconf 86' lang='lat' dir='ltr'><strong>protensam</strong></span> <span class='ocrx_word' id='word_1_637' title='bbox 2613 4526 2726 4582; x_wconf 91' lang='lat' dir='ltr'><strong>obti</strong></span> <span class='ocrx_word' id='word_1_638' title='bbox 2737 4537 3069 4583; x_wconf 90' lang='lat' dir='ltr'><strong>nenteorum</strong></span> <span class='ocrx_word' id='word_1_639' title='bbox 3083 4535 3358 4581; x_wconf 88' lang='lat' dir='ltr'><strong>naturam.</strong></span> <span class='ocrx_word' id='word_1_640' title='bbox 3374 4525 3480 4580; x_wconf 87' lang='lat' dir='ltr'><strong>Sed</strong></span> <span class='ocrx_word' id='word_1_641' title='bbox 3497 4526 3628 4580; x_wconf 87' lang='lat' dir='ltr'><strong>mihi</strong></span> 
     </span>
    </p>
   </div>
   <div class='ocr_carea' id='block_1_88' title="bbox 343 4607 1940 4694">
    <p class='ocr_par' dir='ltr' id='par_1_88' title="bbox 343 4622 1940 4694">
     <span class='ocr_line' id='line_1_88' title="bbox 343 4622 1940 4694; baseline -0.001 -19"><span class='ocrx_word' id='word_1_642' title='bbox 343 4622 775 4692; x_wconf 77' lang='grc' dir='ltr'>παραπολαύσει</span> <span class='ocrx_word' id='word_1_643' title='bbox 801 4624 1392 4693; x_wconf 83' lang='grc' dir='ltr'>συμπαρατεινομένην</span> <span class='ocrx_word' id='word_1_644' title='bbox 1430 4622 1614 4694; x_wconf 82' lang='grc' dir='ltr'>ἔχουσι</span> <span class='ocrx_word' id='word_1_645' title='bbox 1657 4623 1819 4692; x_wconf 77' lang='grc' dir='ltr'>φύσιν</span> <span class='ocrx_word' id='word_1_646' title='bbox 1840 4622 1940 4692; x_wconf 82' lang='grc' dir='ltr'>τὴν</span> 
     </span>
    </p>
   </div>
   <div class='ocr_carea' id='block_1_89' title="bbox 2040 4607 3632 4694">
    <p class='ocr_par' dir='ltr' id='par_1_89' title="bbox 2046 4618 3632 4689">
     <span class='ocr_line' id='line_1_89' title="bbox 2046 4618 3632 4689; baseline -0.003 -13"><span class='ocrx_word' id='word_1_647' title='bbox 2046 4631 2100 4676; x_wconf 90' lang='lat' dir='ltr'><strong>et</strong></span> <span class='ocrx_word' id='word_1_648' title='bbox 2121 4623 2202 4676; x_wconf 90' lang='lat' dir='ltr'><strong>sic</strong></span> <span class='ocrx_word' id='word_1_649' title='bbox 2227 4621 2516 4676; x_wconf 89' lang='lat' dir='ltr'><strong>considera</strong></span> <span class='ocrx_word' id='word_1_650' title='bbox 2539 4638 2552 4674; x_wconf 92' lang='lat'>:</span> <span class='ocrx_word' id='word_1_651' title='bbox 2573 4619 2790 4676; x_wconf 77' lang='lat' dir='ltr'><strong>saeculis</strong></span> <span class='ocrx_word' id='word_1_652' title='bbox 2813 4618 2921 4674; x_wconf 88' lang='lat' dir='ltr'><strong>illis</strong></span> <span class='ocrx_word' id='word_1_653' title='bbox 2935 4634 3169 4689; x_wconf 89' lang='lat' dir='ltr'><strong>quorum</strong></span> <span class='ocrx_word' id='word_1_654' title='bbox 3185 4618 3312 4672; x_wconf 78' lang='lat' dir='ltr'><strong>linis</strong></span> <span class='ocrx_word' id='word_1_655' title='bbox 3332 4618 3391 4673; x_wconf 91' lang='lat' dir='ltr'><strong>in</strong></span> <span class='ocrx_word' id='word_1_656' title='bbox 3411 4633 3510 4674; x_wconf 92' lang='lat' dir='ltr'><strong>nos</strong></span> <span class='ocrx_word' id='word_1_657' title='bbox 3533 4618 3632 4673; x_wconf 86' lang='lat' dir='ltr'><strong>ad-</strong></span> 
     </span>
    </p>
   </div>
   <div class='ocr_carea' id='block_1_90' title="bbox 343 4714 1936 4786">
    <p class='ocr_par' dir='ltr' id='par_1_90' title="bbox 343 4714 1936 4786">
     <span class='ocr_line' id='line_1_90' title="bbox 343 4714 1936 4786; baseline 0 -18"><span class='ocrx_word' id='word_1_658' title='bbox 343 4715 584 4768; x_wconf 83' lang='grc' dir='ltr'>ἐαυτῶν.</span> <span class='ocrx_word' id='word_1_659' title='bbox 619 4715 760 4784; x_wconf 82' lang='grc' dir='ltr'>Ὅρα</span> <span class='ocrx_word' id='word_1_660' title='bbox 791 4715 847 4768; x_wconf 92' lang='grc' dir='ltr'><strong>δέ</strong></span> <span class='ocrx_word' id='word_1_661' title='bbox 887 4715 1096 4784; x_wconf 74' lang='grc' dir='ltr'>μοικαὶ</span> <span class='ocrx_word' id='word_1_662' title='bbox 1123 4714 1296 4778; x_wconf 74' lang='grc' dir='ltr'>οὕτως</span> <span class='ocrx_word' id='word_1_663' title='bbox 1319 4731 1334 4746; x_wconf 79' lang='grc' dir='ltr'><strong>ο</strong></span> <span class='ocrx_word' id='word_1_664' title='bbox 1360 4715 1419 4768; x_wconf 82' lang='grc' dir='ltr'><strong>ἐν</strong></span> <span class='ocrx_word' id='word_1_665' title='bbox 1457 4715 1554 4786; x_wconf 81' lang='grc' dir='ltr'><strong>μὲν</strong></span> <span class='ocrx_word' id='word_1_666' title='bbox 1583 4718 1696 4779; x_wconf 83' lang='grc' dir='ltr'>τοῖς</span> <span class='ocrx_word' id='word_1_667' title='bbox 1721 4715 1936 4779; x_wconf 90' lang='grc' dir='ltr'>αἰῶσιν,</span> 
     </span>
    </p>
   </div>
   <div class='ocr_carea' id='block_1_91' title="bbox 342 4798 1940 4877">
    <p class='ocr_par' dir='ltr' id='par_1_91' title="bbox 342 4798 1940 4877">
     <span class='ocr_line' id='line_1_91' title="bbox 342 4798 1940 4877; baseline 0.001 -21"><span class='ocrx_word' id='word_1_668' title='bbox 342 4798 426 4857; x_wconf 78' lang='grc' dir='ltr'>ὧν</span> <span class='ocrx_word' id='word_1_669' title='bbox 452 4807 532 4868; x_wconf 88' lang='grc' dir='ltr'><strong>εἰς</strong></span> <span class='ocrx_word' id='word_1_670' title='bbox 566 4806 715 4875; x_wconf 77' lang='grc' dir='ltr'>ἡμᾶς</span> <span class='ocrx_word' id='word_1_671' title='bbox 735 4806 802 4860; x_wconf 80' lang='grc' dir='ltr'>τὰ</span> <span class='ocrx_word' id='word_1_672' title='bbox 837 4804 972 4875; x_wconf 88' lang='grc' dir='ltr'>τέλη</span> <span class='ocrx_word' id='word_1_673' title='bbox 1009 4807 1341 4876; x_wconf 76' lang='grc' dir='ltr'>κατήντησε,</span> <span class='ocrx_word' id='word_1_674' title='bbox 1381 4806 1443 4859; x_wconf 84' lang='grc' dir='ltr'><strong>τὸ</strong></span> <span class='ocrx_word' id='word_1_675' title='bbox 1469 4807 1576 4877; x_wconf 78' lang='grc' dir='ltr'><strong>πρὸ</strong></span> <span class='ocrx_word' id='word_1_676' title='bbox 1598 4806 1705 4859; x_wconf 88' lang='grc' dir='ltr'><strong>τῶν</strong></span> <span class='ocrx_word' id='word_1_677' title='bbox 1725 4806 1940 4858; x_wconf 87' lang='grc' dir='ltr'>αἰώνων</span> 
     </span>
    </p>
   </div>
   <div class='ocr_carea' id='block_1_92' title="bbox 339 4897 1940 4969">
    <p class='ocr_par' dir='ltr' id='par_1_92' title="bbox 339 4897 1940 4969">
     <span class='ocr_line' id='line_1_92' title="bbox 339 4897 1940 4969; baseline -0.001 -17"><span class='ocrx_word' id='word_1_678' title='bbox 339 4897 570 4968; x_wconf 76' lang='grc' dir='ltr'>ὁρισθὲν</span> <span class='ocrx_word' id='word_1_679' title='bbox 608 4898 907 4968; x_wconf 76' lang='grc' dir='ltr'>μυστήριον</span> <span class='ocrx_word' id='word_1_680' title='bbox 935 4899 1029 4951; x_wconf 78' lang='grc' dir='ltr'><strong>ἐπὶ</strong></span> <span class='ocrx_word' id='word_1_681' title='bbox 1060 4900 1216 4969; x_wconf 86' lang='grc' dir='ltr'>κοινῇ</span> <span class='ocrx_word' id='word_1_682' title='bbox 1251 4897 1345 4951; x_wconf 82' lang='grc' dir='ltr'>τοῦ</span> <span class='ocrx_word' id='word_1_683' title='bbox 1373 4898 1715 4969; x_wconf 83' lang='grc' dir='ltr'>ἀνθρωπίνου</span> <span class='ocrx_word' id='word_1_684' title='bbox 1748 4898 1940 4968; x_wconf 84' lang='grc' dir='ltr'>γένους</span> 
     </span>
    </p>
   </div>
   <div class='ocr_carea' id='block_1_93' title="bbox 343 4989 1932 5062">
    <p class='ocr_par' dir='ltr' id='par_1_93' title="bbox 343 4989 1932 5062">
     <span class='ocr_line' id='line_1_93' title="bbox 343 4989 1932 5062; baseline 0 -18"><span class='ocrx_word' id='word_1_685' title='bbox 343 4990 602 5061; x_wconf 78' lang='grc' dir='ltr'>σωτηρίᾳ</span> <span class='ocrx_word' id='word_1_686' title='bbox 630 4990 800 5060; x_wconf 86' lang='grc' dir='ltr'>πέρας</span> <span class='ocrx_word' id='word_1_687' title='bbox 831 4989 992 5045; x_wconf 79' lang='grc' dir='ltr'>ἔλαϐέ</span> <span class='ocrx_word' id='word_1_688' title='bbox 1027 5008 1083 5044; x_wconf 91' lang='grc' dir='ltr'><strong>τε</strong></span> <span class='ocrx_word' id='word_1_689' title='bbox 1107 4992 1202 5043; x_wconf 74' lang='grc' dir='ltr'><strong>καὶ</strong></span> <span class='ocrx_word' id='word_1_690' title='bbox 1232 4990 1486 5062; x_wconf 78' lang='grc' dir='ltr'>ἐτελέσθη</span> <span class='ocrx_word' id='word_1_691' title='bbox 1511 5008 1524 5024; x_wconf 72' lang='grc' dir='ltr'><strong>ο</strong></span> <span class='ocrx_word' id='word_1_692' title='bbox 1561 4992 1698 5062; x_wconf 81' lang='grc' dir='ltr'>ὅπερ</span> <span class='ocrx_word' id='word_1_693' title='bbox 1724 4991 1871 5044; x_wconf 75' lang='grc' dir='ltr'>ἐστὶν</span> <span class='ocrx_word' id='word_1_694' title='bbox 1899 4993 1932 5062; x_wconf 82' lang='grc' dir='ltr'><strong>ἡ</strong></span> 
     </span>
    </p>
   </div>
   <div class='ocr_carea' id='block_1_94' title="bbox 338 5082 1936 5156">
    <p class='ocr_par' dir='ltr' id='par_1_94' title="bbox 338 5082 1936 5156">
     <span class='ocr_line' id='line_1_94' title="bbox 338 5082 1936 5156; baseline 0.001 -20"><span class='ocrx_word' id='word_1_695' title='bbox 338 5082 443 5136; x_wconf 77' lang='grc' dir='ltr'>τοῦ</span> <span class='ocrx_word' id='word_1_696' title='bbox 484 5082 623 5136; x_wconf 78' lang='grc' dir='ltr'>Θεοῦ</span> <span class='ocrx_word' id='word_1_697' title='bbox 676 5084 812 5154; x_wconf 76' lang='grc' dir='ltr'>πρὸς</span> <span class='ocrx_word' id='word_1_698' title='bbox 859 5083 1183 5155; x_wconf 82' lang='grc' dir='ltr'>ἀνθρώπους</span> <span class='ocrx_word' id='word_1_699' title='bbox 1215 5084 1408 5148; x_wconf 78' lang='grc' dir='ltr'>ἐνωσίς</span> <span class='ocrx_word' id='word_1_700' title='bbox 1430 5101 1489 5138; x_wconf 90' lang='grc' dir='ltr'><strong>τε</strong></span> <span class='ocrx_word' id='word_1_701' title='bbox 1517 5086 1610 5138; x_wconf 83' lang='grc' dir='ltr'>καὶ</span> <span class='ocrx_word' id='word_1_702' title='bbox 1637 5085 1936 5156; x_wconf 71' lang='grc' dir='ltr'>ἐπιδημίαο</span> 
     </span>
    </p>
   </div>
   <div class='ocr_carea' id='block_1_95' title="bbox 341 5176 1938 5250">
    <p class='ocr_par' dir='ltr' id='par_1_95' title="bbox 341 5176 1938 5250">
     <span class='ocr_line' id='line_1_95' title="bbox 341 5176 1938 5250; baseline 0.001 -22"><span class='ocrx_word' id='word_1_703' title='bbox 341 5179 405 5229; x_wconf 86' lang='grc' dir='ltr'><strong>ἐν</strong></span> <span class='ocrx_word' id='word_1_704' title='bbox 438 5176 494 5229; x_wconf 87' lang='grc' dir='ltr'><strong>δέ</strong></span> <span class='ocrx_word' id='word_1_705' title='bbox 522 5179 636 5241; x_wconf 78' lang='grc' dir='ltr'>τοῖς</span> <span class='ocrx_word' id='word_1_706' title='bbox 685 5177 1077 5248; x_wconf 78' lang='grc' dir='ltr'>ἐπερχομένοις</span> <span class='ocrx_word' id='word_1_707' title='bbox 1118 5177 1494 5248; x_wconf 81' lang='grc' dir='ltr'>ἐπιτελεσθείη</span> <span class='ocrx_word' id='word_1_708' title='bbox 1545 5177 1611 5231; x_wconf 89' lang='grc' dir='ltr'><strong>ἂν</strong></span> <span class='ocrx_word' id='word_1_709' title='bbox 1651 5177 1818 5250; x_wconf 80' lang='grc' dir='ltr'>ἡτῶν</span> <span class='ocrx_word' id='word_1_710' title='bbox 1841 5179 1938 5232; x_wconf 83' lang='grc' dir='ltr'><strong>ἀν-</strong></span> 
     </span>
    </p>
   </div>
   <div class='ocr_carea' id='block_1_96' title="bbox 343 5267 1938 5343">
    <p class='ocr_par' dir='ltr' id='par_1_96' title="bbox 343 5267 1938 5343">
     <span class='ocr_line' id='line_1_96' title="bbox 343 5267 1938 5343; baseline 0.002 -22"><span class='ocrx_word' id='word_1_711' title='bbox 343 5267 590 5341; x_wconf 84' lang='grc' dir='ltr'>θρώπων</span> <span class='ocrx_word' id='word_1_712' title='bbox 638 5269 773 5341; x_wconf 82' lang='grc' dir='ltr'>πρὸς</span> <span class='ocrx_word' id='word_1_713' title='bbox 810 5270 946 5323; x_wconf 75' lang='grc' dir='ltr'>Θεὸν</span> <span class='ocrx_word' id='word_1_714' title='bbox 990 5269 1176 5333; x_wconf 85' lang='grc' dir='ltr'>ἄνοδός</span> <span class='ocrx_word' id='word_1_715' title='bbox 1217 5288 1277 5323; x_wconf 89' lang='grc' dir='ltr'><strong>τε</strong></span> <span class='ocrx_word' id='word_1_716' title='bbox 1310 5272 1406 5324; x_wconf 72' lang='grc' dir='ltr'>καὶ</span> <span class='ocrx_word' id='word_1_717' title='bbox 1466 5271 1774 5343; x_wconf 80' lang='grc' dir='ltr'>ὑψηλοτέρα</span> <span class='ocrx_word' id='word_1_718' title='bbox 1811 5289 1938 5325; x_wconf 83' lang='grc' dir='ltr'>συν-</span> 
     </span>
    </p>
   </div>
   <div class='ocr_carea' id='block_1_97' title="bbox 343 5363 1942 5436">
    <p class='ocr_par' dir='ltr' id='par_1_97' title="bbox 343 5363 1942 5436">
     <span class='ocr_line' id='line_1_97' title="bbox 343 5363 1942 5436; baseline 0.001 -18"><span class='ocrx_word' id='word_1_719' title='bbox 343 5365 519 5430; x_wconf 73' lang='grc' dir='ltr'>άφεια</span> <span class='ocrx_word' id='word_1_720' title='bbox 539 5364 667 5424; x_wconf 73' lang='grc' dir='ltr'>’καὶ</span> <span class='ocrx_word' id='word_1_721' title='bbox 689 5363 749 5419; x_wconf 81' lang='grc' dir='ltr'>τὸ</span> <span class='ocrx_word' id='word_1_722' title='bbox 776 5365 919 5418; x_wconf 80' lang='grc' dir='ltr'>κατὰ</span> <span class='ocrx_word' id='word_1_723' title='bbox 948 5365 1113 5436; x_wconf 84' lang='grc' dir='ltr'>χάριν</span> <span class='ocrx_word' id='word_1_724' title='bbox 1140 5366 1291 5436; x_wconf 80' lang='grc' dir='ltr'>ἡμᾶς</span> <span class='ocrx_word' id='word_1_725' title='bbox 1322 5364 1574 5434; x_wconf 87' lang='grc' dir='ltr'>γενέσθαι</span> <span class='ocrx_word' id='word_1_726' title='bbox 1611 5366 1788 5432; x_wconf 84' lang='grc' dir='ltr'>Θεοὺς,</span> <span class='ocrx_word' id='word_1_727' title='bbox 1835 5383 1942 5436; x_wconf 85' lang='grc' dir='ltr'>μη-</span> 
     </span>
    </p>
   </div>
   <div class='ocr_carea' id='block_1_98' title="bbox 342 5456 1940 5530">
    <p class='ocr_par' dir='ltr' id='par_1_98' title="bbox 342 5456 1940 5530">
     <span class='ocr_line' id='line_1_98' title="bbox 342 5456 1940 5530; baseline 0.001 -20"><span class='ocrx_word' id='word_1_728' title='bbox 342 5458 471 5510; x_wconf 80' lang='grc' dir='ltr'>κέτι</span> <span class='ocrx_word' id='word_1_729' title='bbox 496 5456 631 5528; x_wconf 84' lang='grc' dir='ltr'>πρὸς</span> <span class='ocrx_word' id='word_1_730' title='bbox 656 5456 725 5510; x_wconf 80' lang='grc' dir='ltr'><strong>τά</strong></span> <span class='ocrx_word' id='word_1_731' title='bbox 762 5457 1052 5529; x_wconf 79' lang='grc' dir='ltr'>χείρωτὴν</span> <span class='ocrx_word' id='word_1_732' title='bbox 1098 5459 1406 5530; x_wconf 81' lang='grc' dir='ltr'>μεταὸολὴν</span> <span class='ocrx_word' id='word_1_733' title='bbox 1435 5457 1780 5528; x_wconf 86' lang='grc' dir='ltr'>δεχομένους.</span> <span class='ocrx_word' id='word_1_734' title='bbox 1817 5460 1940 5513; x_wconf 83' lang='grc' dir='ltr'><strong>Ἔτι</strong></span> 
     </span>
    </p>
   </div>
   <div class='ocr_carea' id='block_1_99' title="bbox 377 5543 1937 5620">
    <p class='ocr_par' dir='ltr' id='par_1_99' title="bbox 377 5543 1937 5620">
     <span class='ocr_line' id='line_1_99' title="bbox 377 5543 1937 5620; baseline 0.001 -19"><span class='ocrx_word' id='word_1_735' title='bbox 377 5549 406 5600; x_wconf 84' lang='grc' dir='ltr'><strong>ἐ</strong></span> <span class='ocrx_word' id='word_1_736' title='bbox 435 5549 494 5601; x_wconf 83' lang='grc' dir='ltr'><strong>ἐν</strong></span> <span class='ocrx_word' id='word_1_737' title='bbox 521 5549 621 5619; x_wconf 82' lang='grc' dir='ltr'>μὲν</span> <span class='ocrx_word' id='word_1_738' title='bbox 652 5551 764 5612; x_wconf 86' lang='grc' dir='ltr'>τοῖς</span> <span class='ocrx_word' id='word_1_739' title='bbox 792 5549 1012 5616; x_wconf 83' lang='grc' dir='ltr'>αἰῶσιν,</span> <span class='ocrx_word' id='word_1_740' title='bbox 1031 5543 1107 5604; x_wconf 85' lang='grc' dir='ltr'>ὧν</span> <span class='ocrx_word' id='word_1_741' title='bbox 1137 5551 1218 5614; x_wconf 84' lang='grc' dir='ltr'><strong>εἰς</strong></span> <span class='ocrx_word' id='word_1_742' title='bbox 1240 5552 1310 5604; x_wconf 84' lang='grc' dir='ltr'>τὰ</span> <span class='ocrx_word' id='word_1_743' title='bbox 1331 5550 1462 5620; x_wconf 86' lang='grc' dir='ltr'>τέλη</span> <span class='ocrx_word' id='word_1_744' title='bbox 1487 5549 1937 5620; x_wconf 80' lang='grc' dir='ltr'>κατηντήσαμεν,</span> 
     </span>
    </p>
   </div>
   <div class='ocr_carea' id='block_1_100' title="bbox 339 5640 1940 5714">
    <p class='ocr_par' dir='ltr' id='par_1_100' title="bbox 339 5640 1940 5714">
     <span class='ocr_line' id='line_1_100' title="bbox 339 5640 1940 5714; baseline 0.002 -22"><span class='ocrx_word' id='word_1_745' title='bbox 339 5641 449 5709; x_wconf 83' lang='grc' dir='ltr'>τὴν</span> <span class='ocrx_word' id='word_1_746' title='bbox 476 5640 738 5712; x_wconf 82' lang='grc' dir='ltr'>ἐργασίαν</span> <span class='ocrx_word' id='word_1_747' title='bbox 786 5642 894 5694; x_wconf 90' lang='grc' dir='ltr'><strong>τῶν</strong></span> <span class='ocrx_word' id='word_1_748' title='bbox 934 5641 1164 5695; x_wconf 86' lang='grc' dir='ltr'>ἐντολῶν</span> <span class='ocrx_word' id='word_1_749' title='bbox 1210 5641 1636 5712; x_wconf 78' lang='grc' dir='ltr'>άπαιτούμεθαο</span> <span class='ocrx_word' id='word_1_750' title='bbox 1665 5643 1760 5695; x_wconf 75' lang='grc' dir='ltr'><strong>καὶ</strong></span> <span class='ocrx_word' id='word_1_751' title='bbox 1803 5642 1940 5714; x_wconf 74' lang='grc' dir='ltr'>πρὸς</span> 
     </span>
    </p>
   </div>
   <div class='ocr_carea' id='block_1_101' title="bbox 345 5730 1940 5804">
    <p class='ocr_par' dir='ltr' id='par_1_101' title="bbox 345 5730 1940 5804">
     <span class='ocr_line' id='line_1_101' title="bbox 345 5730 1940 5804; baseline 0.001 -20"><span class='ocrx_word' id='word_1_752' title='bbox 345 5730 414 5784; x_wconf 75' lang='grc' dir='ltr'><strong>τὸ</strong></span> <span class='ocrx_word' id='word_1_753' title='bbox 444 5731 748 5802; x_wconf 77' lang='grc' dir='ltr'>γυμνάσιον</span> <span class='ocrx_word' id='word_1_754' title='bbox 782 5731 1130 5803; x_wconf 83' lang='grc' dir='ltr'>ἀποδυόμεθα</span> <span class='ocrx_word' id='word_1_755' title='bbox 1154 5747 1169 5762; x_wconf 89' lang='grc'><strong>·</strong></span> <span class='ocrx_word' id='word_1_756' title='bbox 1207 5733 1264 5786; x_wconf 86' lang='grc' dir='ltr'><strong>ἐν</strong></span> <span class='ocrx_word' id='word_1_757' title='bbox 1297 5732 1355 5788; x_wconf 85' lang='grc' dir='ltr'>δὲ</span> <span class='ocrx_word' id='word_1_758' title='bbox 1398 5737 1518 5797; x_wconf 78' lang='grc' dir='ltr'><strong>τοῖς¹</strong></span> <span class='ocrx_word' id='word_1_759' title='bbox 1549 5732 1940 5804; x_wconf 80' lang='grc' dir='ltr'>ἐπερχομένοις</span> 
     </span>
    </p>
   </div>
   <div class='ocr_carea' id='block_1_102' title="bbox 342 5823 1939 5896">
    <p class='ocr_par' dir='ltr' id='par_1_102' title="bbox 342 5823 1939 5896">
     <span class='ocr_line' id='line_1_102' title="bbox 342 5823 1939 5896; baseline 0.001 -19"><span class='ocrx_word' id='word_1_760' title='bbox 342 5824 421 5878; x_wconf 73' lang='grc' dir='ltr'><strong>τά</strong></span> <span class='ocrx_word' id='word_1_761' title='bbox 444 5841 504 5877; x_wconf 90' lang='grc' dir='ltr'><strong>τε</strong></span> <span class='ocrx_word' id='word_1_762' title='bbox 529 5823 638 5878; x_wconf 87' lang='grc' dir='ltr'><strong>τῶν</strong></span> <span class='ocrx_word' id='word_1_763' title='bbox 668 5823 960 5894; x_wconf 87' lang='grc' dir='ltr'>πρακτέων</span> <span class='ocrx_word' id='word_1_764' title='bbox 1021 5826 1277 5896; x_wconf 84' lang='grc' dir='ltr'>ἐπίχειρα</span> <span class='ocrx_word' id='word_1_765' title='bbox 1329 5824 1673 5895; x_wconf 75' lang='grc' dir='ltr'>κομιζόμεθα</span> <span class='ocrx_word' id='word_1_766' title='bbox 1708 5825 1803 5878; x_wconf 67' lang='grc' dir='ltr'><strong>καί⁹</strong></span> <span class='ocrx_word' id='word_1_767' title='bbox 1832 5823 1939 5878; x_wconf 91' lang='grc' dir='ltr'><strong>τῶν</strong></span> 
     </span>
    </p>
   </div>
   <div class='ocr_carea' id='block_1_103' title="bbox 354 5916 1936 5991">
    <p class='ocr_par' dir='ltr' id='par_1_103' title="bbox 354 5916 1936 5991">
     <span class='ocr_line' id='line_1_103' title="bbox 354 5916 1936 5991; baseline -0.001 -20"><span class='ocrx_word' id='word_1_768' title='bbox 354 5917 626 5991; x_wconf 72' lang='grc' dir='ltr'>βραϐείων</span> <span class='ocrx_word' id='word_1_769' title='bbox 669 5916 987 5990; x_wconf 72' lang='grc' dir='ltr'>ἁξιούμεθα,</span> <span class='ocrx_word' id='word_1_770' title='bbox 1043 5918 1130 5971; x_wconf 79' lang='grc' dir='ltr'>ὅτε</span> <span class='ocrx_word' id='word_1_771' title='bbox 1177 5918 1240 5991; x_wconf 78' lang='grc' dir='ltr'>δὴ</span> <span class='ocrx_word' id='word_1_772' title='bbox 1281 5920 1368 5972; x_wconf 83' lang='grc' dir='ltr'><strong>ὅτε</strong></span> <span class='ocrx_word' id='word_1_773' title='bbox 1404 5919 1496 5973; x_wconf 74' lang='grc' dir='ltr'><strong>καὶ</strong></span> <span class='ocrx_word' id='word_1_774' title='bbox 1528 5919 1556 5972; x_wconf 86' lang='grc' dir='ltr'>ὁ</span> <span class='ocrx_word' id='word_1_775' title='bbox 1585 5916 1812 5983; x_wconf 77' lang='grc' dir='ltr'>πλοῦτος</span> <span class='ocrx_word' id='word_1_776' title='bbox 1840 5917 1936 5987; x_wconf 68' lang='grc' dir='ltr'><strong>τῆξ</strong></span> 
     </span>
    </p>
   </div>
   <div class='ocr_carea' id='block_1_104' title="bbox 2045 4709 3632 4783">
    <p class='ocr_par' dir='ltr' id='par_1_104' title="bbox 2045 4709 3632 4783">
     <span class='ocr_line' id='line_1_104' title="bbox 2045 4709 3632 4783; baseline 0.001 -21"><span class='ocrx_word' id='word_1_777' title='bbox 2045 4713 2212 4775; x_wconf 87' lang='lat' dir='ltr'><strong>venit,</strong></span> <span class='ocrx_word' id='word_1_778' title='bbox 2231 4711 2515 4767; x_wconf 78' lang='lat' dir='ltr'><strong>definitum</strong></span> <span class='ocrx_word' id='word_1_779' title='bbox 2535 4719 2662 4766; x_wconf 88' lang='lat' dir='ltr'><strong>ante</strong></span> <span class='ocrx_word' id='word_1_780' title='bbox 2677 4710 2875 4767; x_wconf 67' lang='lat' dir='ltr'><strong>saecula</strong></span> <span class='ocrx_word' id='word_1_781' title='bbox 2898 4709 3221 4783; x_wconf 81' lang='lat' dir='ltr'><strong>mysterium</strong></span> <span class='ocrx_word' id='word_1_782' title='bbox 3237 4725 3334 4779; x_wconf 88' lang='lat' dir='ltr'><strong>pro</strong></span> <span class='ocrx_word' id='word_1_783' title='bbox 3351 4711 3632 4764; x_wconf 91' lang='lat' dir='ltr'><strong>communi</strong></span> 
     </span>
    </p>
   </div>
   <div class='ocr_carea' id='block_1_105' title="bbox 2046 4801 3631 4875">
    <p class='ocr_par' dir='ltr' id='par_1_105' title="bbox 2046 4801 3631 4875">
     <span class='ocr_line' id='line_1_105' title="bbox 2046 4801 3631 4875; baseline -0.001 -17"><span class='ocrx_word' id='word_1_784' title='bbox 2046 4805 2332 4858; x_wconf 90' lang='lat' dir='ltr'><strong>hominum</strong></span> <span class='ocrx_word' id='word_1_785' title='bbox 2354 4803 2574 4875; x_wconf 88' lang='lat' dir='ltr'><strong>generis</strong></span> <span class='ocrx_word' id='word_1_786' title='bbox 2603 4803 2784 4859; x_wconf 89' lang='lat' dir='ltr'><strong>salute</strong></span> <span class='ocrx_word' id='word_1_787' title='bbox 2813 4805 3111 4858; x_wconf 90' lang='lat' dir='ltr'><strong>terminum</strong></span> <span class='ocrx_word' id='word_1_788' title='bbox 3139 4802 3350 4872; x_wconf 86' lang='lat' dir='ltr'><strong>accepit</strong></span> <span class='ocrx_word' id='word_1_789' title='bbox 3377 4811 3432 4857; x_wconf 91' lang='lat' dir='ltr'><strong>et</strong></span> <span class='ocrx_word' id='word_1_790' title='bbox 3451 4801 3631 4872; x_wconf 79' lang='lat' dir='ltr'><strong>perfe-</strong></span> 
     </span>
    </p>
   </div>
   <div class='ocr_carea' id='block_1_106' title="bbox 2043 4895 3636 4967">
    <p class='ocr_par' dir='ltr' id='par_1_106' title="bbox 2043 4895 3636 4967">
     <span class='ocr_line' id='line_1_106' title="bbox 2043 4895 3636 4967; baseline -0.003 -15"><span class='ocrx_word' id='word_1_791' title='bbox 2043 4905 2191 4952; x_wconf 89' lang='lat' dir='ltr'><strong>ctum</strong></span> <span class='ocrx_word' id='word_1_792' title='bbox 2202 4905 2306 4963; x_wconf 84' lang='lat' dir='ltr'><strong>est;</strong></span> <span class='ocrx_word' id='word_1_793' title='bbox 2321 4897 2415 4967; x_wconf 89' lang='lat' dir='ltr'><strong>qui</strong></span> <span class='ocrx_word' id='word_1_794' title='bbox 2429 4896 2696 4952; x_wconf 87' lang='lat' dir='ltr'><strong>terminus</strong></span> <span class='ocrx_word' id='word_1_795' title='bbox 2733 4905 2816 4952; x_wconf 90' lang='lat' dir='ltr'><strong>est</strong></span> <span class='ocrx_word' id='word_1_796' title='bbox 2831 4895 2921 4951; x_wconf 86' lang='lat' dir='ltr'><strong>Dei</strong></span> <span class='ocrx_word' id='word_1_797' title='bbox 2938 4897 3082 4966; x_wconf 88' lang='lat' dir='ltr'><strong>apud</strong></span> <span class='ocrx_word' id='word_1_798' title='bbox 3095 4895 3342 4950; x_wconf 87' lang='lat' dir='ltr'><strong>homines</strong></span> <span class='ocrx_word' id='word_1_799' title='bbox 3358 4895 3569 4949; x_wconf 84' lang='lat' dir='ltr'><strong>mansio</strong></span> <span class='ocrx_word' id='word_1_800' title='bbox 3582 4904 3636 4947; x_wconf 77' lang='lat' dir='ltr'><strong>et</strong></span> 
     </span>
    </p>
   </div>
   <div class='ocr_carea' id='block_1_107' title="bbox 2043 4985 3634 5057">
    <p class='ocr_par' dir='ltr' id='par_1_107' title="bbox 2043 4985 3634 5057">
     <span class='ocr_line' id='line_1_107' title="bbox 2043 4985 3634 5057; baseline -0.001 -15"><span class='ocrx_word' id='word_1_801' title='bbox 2043 4987 2317 5044; x_wconf 88' lang='lat' dir='ltr'><strong>incolatus</strong></span> <span class='ocrx_word' id='word_1_802' title='bbox 2337 5005 2355 5054; x_wconf 91' lang='lat'><strong>;-</strong></span> <span class='ocrx_word' id='word_1_803' title='bbox 2384 4987 2894 5057; x_wconf 87' lang='lat' dir='ltr'><strong>supervenientibus</strong></span> <span class='ocrx_word' id='word_1_804' title='bbox 2917 4997 3100 5042; x_wconf 87' lang='lat' dir='ltr'><strong>autem</strong></span> <span class='ocrx_word' id='word_1_805' title='bbox 3122 4986 3340 5042; x_wconf 63' lang='lat' dir='ltr'><strong>seculis</strong></span> <span class='ocrx_word' id='word_1_806' title='bbox 3357 4985 3634 5057; x_wconf 83' lang='lat' dir='ltr'><strong>perfectus</strong></span> 
     </span>
    </p>
   </div>
   <div class='ocr_carea' id='block_1_108' title="bbox 2043 5080 3636 5138">
    <p class='ocr_par' dir='ltr' id='par_1_108' title="bbox 2043 5080 3636 5138">
     <span class='ocr_line' id='line_1_108' title="bbox 2043 5080 3636 5138; baseline -0.003 -1"><span class='ocrx_word' id='word_1_807' title='bbox 2043 5084 2147 5138; x_wconf 88' lang='lat' dir='ltr'><strong>erit</strong></span> <span class='ocrx_word' id='word_1_808' title='bbox 2171 5082 2456 5138; x_wconf 88' lang='lat' dir='ltr'><strong>hominum</strong></span> <span class='ocrx_word' id='word_1_809' title='bbox 2477 5081 2544 5135; x_wconf 88' lang='lat' dir='ltr'><strong>ad</strong></span> <span class='ocrx_word' id='word_1_810' title='bbox 2562 5081 2732 5136; x_wconf 89' lang='lat' dir='ltr'><strong>Deum</strong></span> <span class='ocrx_word' id='word_1_811' title='bbox 2750 5080 2960 5137; x_wconf 89' lang='lat' dir='ltr'><strong>reditus</strong></span> <span class='ocrx_word' id='word_1_812' title='bbox 2976 5090 3030 5136; x_wconf 91' lang='lat' dir='ltr'><strong>et</strong></span> <span class='ocrx_word' id='word_1_813' title='bbox 3057 5081 3221 5137; x_wconf 90' lang='lat' dir='ltr'><strong>altior</strong></span> <span class='ocrx_word' id='word_1_814' title='bbox 3253 5097 3380 5136; x_wconf 89' lang='lat' dir='ltr'><strong>cum</strong></span> <span class='ocrx_word' id='word_1_815' title='bbox 3401 5081 3492 5136; x_wconf 91' lang='lat' dir='ltr'><strong>illo</strong></span> <span class='ocrx_word' id='word_1_816' title='bbox 3507 5097 3636 5137; x_wconf 85' lang='lat' dir='ltr'><strong>con-</strong></span> 
     </span>
    </p>
   </div>
   <div class='ocr_carea' id='block_1_109' title="bbox 2037 5171 3635 5250">
    <p class='ocr_par' dir='ltr' id='par_1_109' title="bbox 2037 5171 3635 5250">
     <span class='ocr_line' id='line_1_109' title="bbox 2037 5171 3635 5250; baseline -0.001 -21"><span class='ocrx_word' id='word_1_817' title='bbox 2037 5175 2272 5244; x_wconf 87' lang='lat' dir='ltr'><strong>junctio.</strong></span> <span class='ocrx_word' id='word_1_818' title='bbox 2299 5174 2453 5230; x_wconf 85' lang='lat' dir='ltr'><strong>T-unc</strong></span> <span class='ocrx_word' id='word_1_819' title='bbox 2473 5173 2638 5229; x_wconf 89' lang='lat' dir='ltr'><strong>etiam</strong></span> <span class='ocrx_word' id='word_1_820' title='bbox 2661 5173 2961 5230; x_wconf 89' lang='lat' dir='ltr'><strong>secundum</strong></span> <span class='ocrx_word' id='word_1_821' title='bbox 2981 5173 3210 5245; x_wconf 80' lang='lat' dir='ltr'><strong>gratiam</strong></span> <span class='ocrx_word' id='word_1_822' title='bbox 3252 5171 3382 5228; x_wconf 78' lang='lat' dir='ltr'><strong>facti</strong></span> <span class='ocrx_word' id='word_1_823' title='bbox 3427 5173 3635 5250; x_wconf 90' lang='lat' dir='ltr'><strong>erimus</strong></span> 
     </span>
    </p>
   </div>
   <div class='ocr_carea' id='block_1_110' title="bbox 2041 5265 3642 5338">
    <p class='ocr_par' dir='ltr' id='par_1_110' title="bbox 2041 5265 3642 5338">
     <span class='ocr_line' id='line_1_110' title="bbox 2041 5265 3642 5338; baseline -0.002 -14"><span class='ocrx_word' id='word_1_824' title='bbox 2041 5268 2117 5324; x_wconf 91' lang='lat' dir='ltr'><strong>dii</strong></span> <span class='ocrx_word' id='word_1_825' title='bbox 2131 5266 2382 5338; x_wconf 90' lang='lat' dir='ltr'><strong>nequead</strong></span> <span class='ocrx_word' id='word_1_826' title='bbox 2399 5265 3001 5337; x_wconf 89' lang='lat' dir='ltr'><strong>pejoraconversionem</strong></span> <span class='ocrx_word' id='word_1_827' title='bbox 3019 5266 3319 5337; x_wconf 84' lang='lat' dir='ltr'><strong>capientes.</strong></span> <span class='ocrx_word' id='word_1_828' title='bbox 3339 5267 3642 5322; x_wconf 77' lang='lat' dir='ltr'><strong>Adbucau-</strong></span> 
     </span>
    </p>
   </div>
   <div class='ocr_carea' id='block_1_111' title="bbox 2043 5361 3635 5434">
    <p class='ocr_par' dir='ltr' id='par_1_111' title="bbox 2043 5361 3635 5434">
     <span class='ocr_line' id='line_1_111' title="bbox 2043 5361 3635 5434; baseline 0.001 -17"><span class='ocrx_word' id='word_1_829' title='bbox 2043 5369 2152 5417; x_wconf 90' lang='lat' dir='ltr'><strong>tem</strong></span> <span class='ocrx_word' id='word_1_830' title='bbox 2165 5362 2248 5416; x_wconf 91' lang='lat' dir='ltr'><strong>his</strong></span> <span class='ocrx_word' id='word_1_831' title='bbox 2260 5361 2473 5418; x_wconf 70' lang='lat' dir='ltr'><strong>saeculis</strong></span> <span class='ocrx_word' id='word_1_832' title='bbox 2484 5376 2717 5432; x_wconf 88' lang='lat' dir='ltr'><strong>quorum</strong></span> <span class='ocrx_word' id='word_1_833' title='bbox 2731 5361 2856 5418; x_wconf 85' lang='lat' dir='ltr'><strong>linis</strong></span> <span class='ocrx_word' id='word_1_834' title='bbox 2867 5362 3106 5426; x_wconf 85' lang='lat' dir='ltr'><strong>advenit,</strong></span> <span class='ocrx_word' id='word_1_835' title='bbox 3123 5363 3325 5420; x_wconf 81' lang='lat' dir='ltr'><strong>anobis</strong></span> <span class='ocrx_word' id='word_1_836' title='bbox 3339 5373 3635 5434; x_wconf 68' lang='lat' dir='ltr'><strong>praecepto-</strong></span> 
     </span>
    </p>
   </div>
   <div class='ocr_carea' id='block_1_112' title="bbox 2039 5453 3634 5528">
    <p class='ocr_par' dir='ltr' id='par_1_112' title="bbox 2039 5453 3634 5528">
     <span class='ocr_line' id='line_1_112' title="bbox 2039 5453 3634 5528; baseline 0 -19"><span class='ocrx_word' id='word_1_837' title='bbox 2039 5468 2163 5509; x_wconf 89' lang='lat' dir='ltr'><strong>rum</strong></span> <span class='ocrx_word' id='word_1_838' title='bbox 2178 5453 2491 5524; x_wconf 89' lang='lat' dir='ltr'><strong>adimpletio</strong></span> <span class='ocrx_word' id='word_1_839' title='bbox 2507 5453 2764 5524; x_wconf 83' lang='lat' dir='ltr'><strong>exigitur,</strong></span> <span class='ocrx_word' id='word_1_840' title='bbox 2785 5462 2839 5509; x_wconf 89' lang='lat' dir='ltr'><strong>et</strong></span> <span class='ocrx_word' id='word_1_841' title='bbox 2851 5453 2919 5508; x_wconf 89' lang='lat' dir='ltr'><strong>ad</strong></span> <span class='ocrx_word' id='word_1_842' title='bbox 2937 5454 3138 5509; x_wconf 87' lang='lat' dir='ltr'><strong>luctam</strong></span> <span class='ocrx_word' id='word_1_843' title='bbox 3157 5456 3518 5528; x_wconf 80' lang='lat' dir='ltr'><strong>accingimur;</strong></span> <span class='ocrx_word' id='word_1_844' title='bbox 3537 5472 3634 5509; x_wconf 83' lang='lat' dir='ltr'><strong>su-</strong></span> 
     </span>
    </p>
   </div>
   <div class='ocr_carea' id='block_1_113' title="bbox 2042 5546 3634 5619">
    <p class='ocr_par' dir='ltr' id='par_1_113' title="bbox 2042 5546 3634 5619">
     <span class='ocr_line' id='line_1_113' title="bbox 2042 5546 3634 5619; baseline 0.003 -20"><span class='ocrx_word' id='word_1_845' title='bbox 2042 5546 2485 5616; x_wconf 87' lang='lat' dir='ltr'><strong>pervenientibus</strong></span> <span class='ocrx_word' id='word_1_846' title='bbox 2499 5555 2680 5601; x_wconf 88' lang='lat' dir='ltr'><strong>autem</strong></span> <span class='ocrx_word' id='word_1_847' title='bbox 2693 5561 2881 5602; x_wconf 88' lang='lat' dir='ltr'><strong>eorum</strong></span> <span class='ocrx_word' id='word_1_848' title='bbox 2899 5561 3026 5618; x_wconf 77' lang='lat' dir='ltr'><strong>qua-</strong></span> <span class='ocrx_word' id='word_1_849' title='bbox 3041 5547 3248 5619; x_wconf 84' lang='lat' dir='ltr'><strong>agenda</strong></span> <span class='ocrx_word' id='word_1_850' title='bbox 3265 5558 3394 5603; x_wconf 90' lang='lat' dir='ltr'><strong>sunt</strong></span> <span class='ocrx_word' id='word_1_851' title='bbox 3410 5548 3634 5617; x_wconf 80' lang='lat' dir='ltr'><strong>pramtia</strong></span> 
     </span>
    </p>
   </div>
   <div class='ocr_carea' id='block_1_114' title="bbox 2043 5638 3634 5712">
    <p class='ocr_par' dir='ltr' id='par_1_114' title="bbox 2043 5638 3634 5712">
     <span class='ocr_line' id='line_1_114' title="bbox 2043 5638 3634 5712; baseline 0.001 -20"><span class='ocrx_word' id='word_1_852' title='bbox 2043 5638 2360 5708; x_wconf 89' lang='lat' dir='ltr'><strong>accipimus,</strong></span> <span class='ocrx_word' id='word_1_853' title='bbox 2379 5638 2883 5694; x_wconf 60' lang='lat' dir='ltr'><strong>etvictoriatlaurea</strong></span> <span class='ocrx_word' id='word_1_854' title='bbox 2902 5639 3397 5711; x_wconf 84' lang='lat' dir='ltr'><strong>dignijudieamur,</strong></span> <span class='ocrx_word' id='word_1_855' title='bbox 3411 5643 3634 5712; x_wconf 83' lang='lat' dir='ltr'><strong>quando</strong></span> 
     </span>
    </p>
   </div>
   <div class='ocr_carea' id='block_1_115' title="bbox 2042 5729 3633 5804">
    <p class='ocr_par' dir='ltr' id='par_1_115' title="bbox 2042 5729 3633 5804">
     <span class='ocr_line' id='line_1_115' title="bbox 2042 5729 3633 5804; baseline 0.001 -19"><span class='ocrx_word' id='word_1_856' title='bbox 2042 5738 2097 5785; x_wconf 88' lang='lat' dir='ltr'><strong>et</strong></span> <span class='ocrx_word' id='word_1_857' title='bbox 2131 5730 2334 5785; x_wconf 82' lang='lat' dir='ltr'><strong>divitiae</strong></span> <span class='ocrx_word' id='word_1_858' title='bbox 2362 5729 2652 5786; x_wconf 69' lang='lat' dir='ltr'><strong>dominicae</strong></span> <span class='ocrx_word' id='word_1_859' title='bbox 2673 5730 2933 5785; x_wconf 88' lang='lat' dir='ltr'><strong>bonitatis</strong></span> <span class='ocrx_word' id='word_1_860' title='bbox 2962 5739 3018 5786; x_wconf 92' lang='lat' dir='ltr'><strong>et</strong></span> <span class='ocrx_word' id='word_1_861' title='bbox 3048 5731 3633 5804; x_wconf 76' lang='lat' dir='ltr'><strong>Iargitionisineﬂabili</strong></span> 
     </span>
    </p>
   </div>
   <div class='ocr_carea' id='block_1_116' title="bbox 2044 5823 3632 5895">
    <p class='ocr_par' dir='ltr' id='par_1_116' title="bbox 2044 5823 3632 5895">
     <span class='ocr_line' id='line_1_116' title="bbox 2044 5823 3632 5895; baseline 0.001 -18"><span class='ocrx_word' id='word_1_862' title='bbox 2044 5823 2213 5880; x_wconf 88' lang='lat' dir='ltr'><strong>verbo</strong></span> <span class='ocrx_word' id='word_1_863' title='bbox 2224 5832 2280 5880; x_wconf 87' lang='lat' dir='ltr'><strong>et</strong></span> <span class='ocrx_word' id='word_1_864' title='bbox 2296 5823 2838 5894; x_wconf 88' lang='lat' dir='ltr'><strong>incomprehensibili</strong></span> <span class='ocrx_word' id='word_1_865' title='bbox 2854 5824 3066 5881; x_wconf 90' lang='lat' dir='ltr'><strong>ratione</strong></span> <span class='ocrx_word' id='word_1_866' title='bbox 3079 5825 3460 5895; x_wconf 90' lang='lat' dir='ltr'><strong>copiosissime</strong></span> <span class='ocrx_word' id='word_1_867' title='bbox 3473 5823 3632 5880; x_wconf 89' lang='lat' dir='ltr'><strong>nobis</strong></span> 
     </span>
    </p>
   </div>
   <div class='ocr_carea' id='block_1_117' title="bbox 2043 5915 3644 5989">
    <p class='ocr_par' dir='ltr' id='par_1_117' title="bbox 2043 5915 3644 5989">
     <span class='ocr_line' id='line_1_117' title="bbox 2043 5915 3644 5989; baseline 0 -19"><span class='ocrx_word' id='word_1_868' title='bbox 2043 5915 2629 5974; x_wconf 86' lang='lat' dir='ltr'><strong>subministrabuntur.</strong></span> <span class='ocrx_word' id='word_1_869' title='bbox 2656 5915 2712 5972; x_wconf 82' lang='lat' dir='ltr'><strong>Si</strong></span> <span class='ocrx_word' id='word_1_870' title='bbox 2732 5917 2834 5983; x_wconf 89' lang='lat' dir='ltr'><strong>vis,</strong></span> <span class='ocrx_word' id='word_1_871' title='bbox 2852 5917 3210 5988; x_wconf 66' lang='lat' dir='ltr'><strong>praesentibus</strong></span> <span class='ocrx_word' id='word_1_872' title='bbox 3227 5917 3446 5989; x_wconf 87' lang='lat' dir='ltr'><strong>quidem</strong></span> <span class='ocrx_word' id='word_1_873' title='bbox 3463 5931 3644 5974; x_wconf 67' lang='lat' dir='ltr'><strong>smn--</strong></span> 
     </span>
    </p>
   </div>
  </div>
