4134 6440
540 391 633 464 Ill

1700 407 1966 469 PHOTII
1998 410 2512 475 PATRIARCIIE
2538 419 2651 478 (ΣΡ.

3741 428 3848 495 112

536 509 604 564 Iis
660 509 998 580 corruptibili
1042 529 1269 586 corpore
1312 517 1476 572 vitam
1511 531 1752 576 nostram
1802 522 2110 592 pt'rlicimus

2238 528 2576 600 Δεσποτικῆς
2600 531 2969 603 χρηστότητος
3001 536 3093 589 καὶ
3138 536 3454 608 φιλοτιμίας
3483 540 3726 614 ἁῤῥήτῳ
3754 543 3844 597 λό-

537 606 1047 672 supervenientibus
1079 618 1257 662 autem
1272 611 1678 678 corruptionem
1714 614 2130 685 incorruptione

535 706 831 763 mutantes,
847 698 1213 755 sicinlinitum
1229 717 1406 758 aevum
1427 719 1834 774 percurrentes.
1855 706 1920 761 Et
1937 724 2127 764 rursus

535 790 747 844 seculis
761 794 1124 862 praesentibus
1139 794 1494 867 insurgensin
1516 812 1617 854 nos
1635 807 1688 853 et
1706 815 1808 857 nos
1825 803 2127 872 impediens

536 893 816 949 peccatum
835 887 1110 954 subimus;
1127 890 1638 958 supervenientibus
1652 904 1855 958 autem,
1878 910 2052 965 neque
2070 898 2123 951 in

533 989 634 1029 nos
659 990 923 1046 pugnam,
948 989 1042 1033 aut
1061 994 1230 1052 agens
1252 991 1558 1052 peccatum,
1589 986 1683 1039 sed
1712 1000 1889 1056 neque
1910 989 2127 1046 occulte

532 1066 584 1120 in
611 1068 771 1123 nobis
789 1079 941 1124 stans
963 1082 1054 1125 aut
1084 1079 1232 1126 stare
1261 1072 1447 1128 valens
1478 1075 1836 1144 reperiemus.
1867 1076 2040 1136 Multa
2071 1091 2128 1137 et

529 1161 635 1215 alia
659 1172 916 1218 sexcenta
937 1163 1021 1221 his
1039 1165 1164 1220 addi
1192 1177 1416 1236 possent
1433 1166 1633 1238 quibus
1655 1168 1957 1226 differentia
1981 1173 2127 1229 inter

529 1255 732 1309 directa
762 1256 828 1310 ad
867 1257 1028 1312 linem
1063 1260 1261 1314 saecula
1290 1267 1343 1314 et
1366 1275 1428 1315 ea
1453 1275 1577 1330 qua:
1601 1261 1655 1314 in
1692 1261 1963 1318 inﬁnitum
2004 1281 2126 1322 ma-

531 1355 665 1414 nent
713 1346 873 1404 facile
906 1350 1259 1418 discernitur,
1292 1352 1470 1422 Atque
1504 1351 1579 1406 ita
1623 1355 1914 1424 praeposita
1961 1359 2125 1415 verba

531 1454 640 1493 non
666 1438 895 1495 invicem
931 1452 1302 1512 opponuntur,
1331 1458 1506 1515 neque
1534 1442 1677 1503 inter
1705 1457 1766 1496 se
1795 1458 2060 1516 pugnant.

2236 636 2318 689 γῳ
2344 622 2437 674 καὶ
2474 623 2882 696 ἀκαταλήπτοις
2902 627 3186 699 λογισμοῖς
3217 633 3348 702 ἡμῖν
3368 634 3845 705 ἐπιδαψιλεύοιτο.

2236 711 2298 764 Et
2333 711 2510 783 βούλει
2538 715 2676 769 δὲέν
2709 717 2810 786 μὲν
2843 721 2960 784 τοῖς
2991 725 3426 794 περατουμένοις
3451 727 3622 781 αίῶσι
3658 729 3847 800 ςρθιιρ⁴

2232 803 2311 872 τῷ
2337 805 2549 875 σώματι
2577 808 2669 861 τὸν
2694 809 2854 882 βίονή
2865 812 2980 882 μῶν
2993 814 3302 885 διανύομεν,
3335 819 3394 872 ἐν
3414 819 3470 872 δέ
3508 825 3629 886 τοῖς
3664 824 3845 892 ἐπερ-

2228 896 2484 968 χομένοις
2499 900 2597 971 τῆς
2615 901 2821 973 φθορᾶς
2841 905 2940 976 τὴν
2955 905 3265 977 ἀφθαρσίαν
3285 911 3673 981 ἀμειϐόμενοι,
3693 914 3847 968 οὕτω

2228 987 2323 1042 τὸν
2341 990 2697 1064 ἀτελεύτητον
2713 995 3064 1069 διατελοῦμεν
3083 1000 3275 1056 αἰῶνα.
3298 1004 3406 1056 Καὶ
3444 1005 3608 1059 πάλιν
3630 1008 3696 1060 ἐν
3740 1008 3846 1078 μὲν

2221 1082 2334 1145 τοῖς
2355 1082 2590 1153 παροίσι
2623 1087 2724 1157 τὴν
2761 1090 3294 1164 κατεξανισταμένης)
3325 1095 3482 1165 ἡμῶν
3511 1097 3611 1168 τὴν
3645 1099 3846 1168 ἁμαρ-

2218 1176 2344 1230 τίαν
2385 1179 2480 1232 καὶ
2513 1178 3242 1256 διενοχλοῦσανὺφιστάμεθα
3263 1207 3279 1221 ο
3318 1192 3375 1243 ἐν
3390 1191 3446 1246 δὲ
3466 1195 3576 1253 τοῖς
3592 1194 3703 1246 ἐπε
3715 1210 3846 1264 ρχο⁶

2225 1271 2407 1342 μένοις
2440 1275 2624 1330 οὐκέτι
2649 1282 3210 1352 καταστρατηγοῦσαν
3243 1285 3365 1339 ούδέ
3396 1288 3842 1359 ἐνεργουμένην,

2223 1363 2360 1418 ἀλλὰ
2375 1366 2511 1438 μηδὲ
2534 1368 2850 1438 ὑφεστῶσαν
2862 1374 2998 1438 ὅλως
3009 1375 3336 1448 εὑρήσομεν,
3358 1379 3495 1449 μηδὲ
3510 1381 3845 1452 δυναμένην

2224 1456 2578 1525 ὑφίστασθαι.
2599 1462 2777 1520 Πολλὰ
2792 1463 2836 1518 δ’
2854 1465 2919 1520 ἂν
2933 1484 3020 1530 τις
3035 1469 3127 1523 καὶ
3139 1469 3275 1524 ἄλλα
3295 1472 3465 1542 μυρία
3479 1473 3700 1537 τούτοις
3714 1474 3844 1529 sm-

529 1535 673 1607 θείη,
691 1529 858 1641 διὶὧν
879 1539 913 1606 ἡ
946 1536 1181 1611 διαφορὰ
1208 1539 1318 1594 τῶν
1345 1558 1406 1594 τε
1429 1542 1565 1613 πρὸς
1594 1543 1749 1606 τέλος
1779 1541 2156 1641 ἐπειγομένων
2188 1552 2402 1609 αἰώνων
2437 1558 2532 1610 καὶ
2550 1558 2659 1613 τῶν
2677 1561 2758 1624 είς
2776 1561 3084 1632 ἀπέραντον
3096 1529 3462 1638 διαμενόντων
3486 1529 3696 1641 ῥᾳδίως
3738 1588 3843 1625 κα-

525 1627 930 1700 ταλαμϐάνεται
960 1647 973 1662 ο
1007 1633 1101 1684 καὶ
1129 1631 1204 1696 ὡς
1232 1633 1302 1686 τά
1330 1634 1666 1705 προκείμενα
1697 1635 1840 1708 ῥητὰ
1868 1635 1990 1691 οὐδὲ
2015 1638 2268 1710 ἀλλήλοις
2286 1648 2698 1721 ἀντινομοθετεί
2719 1654 2840 1708 ούδέ
2873 1627 3221 1728 διαμάχεταί.

1077 1722 1412 1790 ΟυίΕΞΤΙΟ
1443 1727 1582 1784 VIII.

525 1813 801 1894 (ju'omodo
837 1814 1039 1894 dicitur
1060 1815 1207 1894 flius
1232 1815 1330 1870 Dei
1360 1829 1636 1886 peccatum
1671 1821 1992 1894 nonfncere,
2024 1825 2119 1894 qui

589 1885 749 1956 juxta
778 1886 1019 1939 eamdem
1052 1885 1388 1960 Scripturrant
1422 1905 1487 1941 ea:
1515 1907 1655 1960 aqua
1679 1902 1728 1945 et
1760 1885 1989 1960 S'pl'l't'lu—
2017 1885 2118 1948 tia-

592 1965 1131 2033 scnntttr;_et_tamen
1166 1959 1357 2012 multos
1399 1959 1631 2033 videntes
1659 1979 1752 2030 per
1783 1959 2112 2033 baptismum

591 2025 736 2095 filios
775 2026 869 2080 Dei
893 2027 1108 2096 e/fectos
1145 2040 1418 2096 peccatum
1455 2025 1748 2100 facientes;
1840 2031 1846 2036 ’

2788 1745 3131 1801 ΕΡΩΤΠΣΙΣ
3156 1749 3240 1802 H'.

2225 1831 2359 1899 Πῶς
2391 1834 2464 1916 τζι
2500 1834 2686 1920 τέκνα
2729 1838 2838 1920 {uti
2891 1841 3040 1920 Θεοῦ
3063 1843 3338 1920 -.λέγεται
3367 1847 3680 1920 sumpt/ar
3747 1850 3836 1920 μὴ

2287 1905 2504 1989 ποιεῖς,
2544 1905 2697 1963 εἶναι
2728 1910 3006 1989 ταῦτα
3043 1914 3082 1982 ἡ
3110 1905 3264 1982 αὑτὴ
3305 1905 3729 1989 λέῇειίπραῑῖὴ
3748 1905 3837 1978 ’τᾶ

2296 1975 2370 2054 δι’
2395 1976 2618 2054 ὕδατος
2641 1980 2743 2054 grai
2774 1975 3125 2054 Πζεύματὸς
3156 1975 3687 2054 γενῖνηθὲντα,’κᾶῖ
3712 1975 3838 2051 Ξτᾶέ

2286 2047 2392 2130 λιν
2431 2049 2704 2130 ποξᾼοὺς
2754 2047 2985 2130 ὁρῶμεν
3023 2047 3175 2130 τοῦς(
3235 2047 3335 2130 διά
3393 2047 3838 2130 βαπτίσματος

2144 2109 2187 2165 Β
2278 2109 2735 2187 υίοποιηθέντὰς
2759 2109 2884 2191 τὴγῖ
2910 2109 3206 2193 ἁμαρτίαν·
3225 2109 3790 2200 eta'zﬁaQ'z'o'pEFJJE

554 2190 693 2258 Edim
723 2205 750 2241 ³
784 2191 928 2254 Maio.
957 2194 989 2243 1ο
1015 2207 1057 2244 ε·
1089 2208 1135 2256 P-
1167 2195 1272 2244 6-8-
1303 2194 1378 2246 De
1411 2196 1622 2282 νθνρξ-εῇξ
1647 2200 1788 2282 ᾇρξιῐξς
1815 2214 1885 2282 Itt2
1915 2201 1988 2282 θυξ
2016 2207 2334 2282 εεθυοφοόο
2375 2208 2456 2282 his
2479 2224 2580 2282 non
2616 2209 2802 2273 obstet,
2821 2190 2958 2277 quod
2975 2190 3265 2278 baptizatos,
3289 2190 3380 2282 qui
3412 2190 3666 2273 vere-ﬁlii
3692 2190 3797 2275 Βέί

1504 2268 1622 2310 sunt
1646 2265 1808 2324 (Joan.
1832 2279 1904 2328 tu,
1938 2266 1989 2325 5)
2020 2266 2180 2317 adhuc
2211 2275 2476 2329 metantes
2498 2271 2773 2324 videamus.

589 2361 646 2417 Si
677 2362 992 2434 quicunque
1023 2380 1086 2418 ex
1118 2381 1257 2434 aqua
1291 2375 1344 2420 et
1371 2365 1577 2435 Spiritu
1610 2379 1804 2426 sancto
1841 2388 2116 2443 generan-

520 2465 628 2525 tur,
659 2456 699 2511 ii
734 2465 866 2513 sunt
916 2457 1014 2512 lilii
1050 2459 1180 2525 Dei;
1208 2459 1307 2514 lilii
1337 2469 1518 2517 autem
1535 2461 1655 2529 Dei,
1681 2471 1743 2518 ut
1765 2463 1927 2520 divus
1946 2465 2116 2521 Joan-

517 2564 619 2621 nes
643 2549 868 2615 clamat,
896 2565 1184 2622 peccatum
1220 2567 1330 2607 non
1366 2553 1596 2620 faciunt,
1625 2556 1830 2625 quaeris
1859 2566 1914 2613 et
1935 2558 2116 2614 disce-

515 2652 636 2713 ptas
675 2644 980 2714 quomodo.
1034 2654 1327 2716 postquam
1381 2662 1475 2714 per
1503 2647 1783 2708 lavacrum
1818 2665 2115 2721 regenera-

515 2735 684 2807 tionis
709 2744 858 2791 tanta
884 2737 1060 2808 gratia
1096 2738 1247 2810 digni
1279 2739 1448 2795 habiti
1485 2757 1696 2808 sumus,
1727 2743 1794 2798 ad
1824 2755 2111 2814 peceatum

513 2826 872 2884 deferamur.
910 2828 1016 2886 Sed
1045 2840 1338 2902 antequam
1403 2833 1566 2888 verba
1605 2835 1944 2892 resolvamus
1985 2855 2108 2909 qure

513 2921 616 2975 sibi
653 2921 889 2978 invicem
942 2923 1323 2979 contradicere
1365 2926 1654 2994 videntur,
1712 2929 1895 2999 ipsum
1947 2929 2001 2984 in
2055 2947 2115 2988 se

514 3015 978 3086 Apostolidictum
1001 3017 1426 3073 examinandum
1444 3027 1529 3076 est
1550 3039 1562 3074 :
1583 3021 1861 3091 quomodo
1885 3023 2113 3079 omnino

511 3112 680 3164 homo
714 3109 858 3168 Illius
886 3108 980 3166 Dei
1013 3108 1192 3166 Iactus
1229 3120 1516 3182 pet-catum
1544 3128 1653 3169 non
1685 3124 1864 3184 potest
1894 3113 2114 3175 facere?

509 3203 746 3270 Quidam
777 3203 943 3273 igitur
979 3205 1171 3262 dicunt
1219 3205 1355 3266 illttd
1395 3208 1576 3277 ipsum
1626 3207 1896 3266 Joannem
1931 3208 2108 3280 expli-

507 3305 721 3360 cantem
750 3296 952 3354 addere
984 3317 997 3354 :
1023 3299 1285 3370 quoniam
1311 3315 1498 3355 senten
1517 3301 1692 3370 ipsius
1723 3301 1776 3356 in
1802 3317 1868 3358 eo
1892 3312 2106 3369 manet;

509 3390 659 3465 quod
687 3390 909 3462 quidem
942 3408 1127 3448 semen
1159 3402 1244 3449 est
1272 3408 1407 3448 sane
1436 3392 1668 3450 docendi
1703 3400 1942 3465 peritum
1984 3411 2109 3450 ver-

506 3485 640 3556 hum
665 3501 682 3550 ;
712 3483 848 3540 exiit
875 3485 1022 3540 enim
1059 3485 1151 3556 qui
1189 3485 1430 3540 seminat
1455 3486 1756 3542 seminare.
1791 3484 1888 3542 Illo
1919 3495 2106 3542 autem

506 3577 720 3632 semine
765 3575 822 3631 in
869 3578 1053 3632 anima
1085 3577 1302 3632 radices
1336 3587 1529 3649 agente
1559 3587 1615 3634 et
1665 3589 1944 3645 manente,
1996 3595 2104 3634 non

508 3678 688 3742 potest
727 3684 958 3741 peccare
982 3668 1076 3740 qui
1111 3670 1215 3724 hoc
1241 3669 1451 3725 semine
1488 3669 1944 3726 assimilationem
1975 3685 2100 3727 cum
2133 3643 2177 3702 δ

506 3772 807 3836 generante
838 3762 948 3819 Deo
970 3764 1238 3835 possidet.
1273 3762 1371 3820 Illo
1401 3773 1585 3820 autem
1621 3763 1834 3822 semine
1857 3780 1923 3819 ex
1951 3765 2102 3837 cogi-

507 3855 714 3917 tatione
737 3864 929 3912 nostra
957 3856 1157 3927 eiecto,
1192 3857 1379 3913 statim
1427 3857 1632 3913 diaboli
1665 3872 1853 3914 semen
1879 3857 1936 3913 in
1954 3857 2104 3914 illius

508 3948 694 4005 locum
731 3947 1012 4019 injicitur,
1041 3955 1096 4005 et
1127 3948 1466 4012 zizaniorum
1501 3948 1836 4020 germinatio
1884 3948 2099 4020 incipit.

510 4039 700 4111 Plures
729 4040 948 4113 quidem
976 4042 1059 4099 sic
1083 4041 1337 4113 propius,
1376 4051 1436 4097 ut
1468 4041 1602 4096 mihi
1632 4040 1874 4108 videtur,
1906 4040 1973 4096 ad
2005 4056 2102 4095 ve-

511 4114 734 4187 ritatem
785 4141 1058 4190 steterunt
1094 4133 1230 4190 illud
1269 4134 1504 4206 apostoli
1559 4133 1768 4191 dictum
1823 4133 2098 4204 interpre-

507 4224 698 4280 tando.
737 4226 842 4280 Alii
879 4233 1064 4283 autem
1098 4227 1404 4299 simplicius
1436 4229 1629 4284 dicunt
1679 4242 1857 4299 neque
1888 4226 2100 4297 justum

505 4300 778 4386 justitiam
809 4319 1125 4390 colentem,
1180 4335 1361 4392 neque
1409 4320 1714 4392 sapientem
1770 4320 2098 4391 sapientiam

506 4411 922 4483 adimplentem,
961 4427 1142 4483 neque
1168 4413 1337 4469 alium
1371 4428 1647 4484 quemque
1693 4429 1857 4470 suum
1898 4428 2100 4468 nomen

505 4518 534 4556 a
566 4503 765 4557 virtute
799 4503 1106 4566 trahentem
1135 4519 1203 4560 eo
1237 4504 1385 4576 quod
1409 4504 1556 4559 illam
1587 4512 1810 4575 peragat
1837 4511 1893 4560 et
1919 4502 2101 4559 adim-

501 4596 672 4673 plcat,
705 4612 952 4668 unquam
983 4599 1194 4668 peccati
1221 4598 1556 4654 exstiturum
1594 4597 1880 4653 factorem.

576 4774 684 4837 Sed
719 4775 824 4849 hoc
846 4774 1426 4849 quidem,quanquam
1473 4792 1504 4840 a
1532 4776 1869 4854 quibusdam
1891 4777 2100 4835 dictum

502 4876 608 4935 est,
647 4883 757 4926 non
789 4868 1138 4925 altitudinem
1187 4869 1506 4942 apostolicm
1557 4870 1844 4926 sententia:
1882 4869 2103 4926 videtur

2291 2378 2353 2432 El
2383 2379 2450 2433 δι’
2479 2379 2673 2446 ὕδατος
2705 2382 2799 2436 καὶ
2832 2383 3151 2456 Πνεύματος
3181 2388 3230 2441 οἱ
3261 2391 3617 2462 γεννηθέντες
3647 2395 3831 2447 τέκνα

2217 2469 2355 2524 Θεοῦ
2384 2472 2808 2543 χρηματίζουσι,
2845 2475 2914 2531 τὰ
2939 2477 2996 2530 δὲ
3041 2478 3208 2534 τέκνα
3239 2481 3335 2536 τοῦ
3365 2483 3526 2550 Θεοῦ,
3567 2484 3642 2550 ὡς
3670 2489 3702 2540 6
3729 2487 3830 2541 θε-

2219 2564 2442 2628 σπέσιος
2476 2566 2730 2639 Ἰωάννης
2768 2568 2889 2640 βοᾷ,
2929 2570 3209 2641 ἁμαρτίαν
3237 2574 3299 2628 οὐ
3328 2579 3494 2640 ποιεῖ,
3524 2578 3826 2650 ἐπερωτᾷς

2217 2657 2313 2710 καὶ
2345 2656 2628 2730 διαπορεῖς
2657 2659 2777 2724 πῶς
2804 2661 2922 2732 μεθ’
2943 2661 2972 2715 ὃ
2996 2662 3091 2716 τοῦ
3118 2665 3346 2737 λουτροῦ
3377 2671 3478 2740 τῆς
3508 2669 3824 2741 παλλιγγε-

2216 2752 2401 2825 νεσὶας
2431 2753 2528 2806 τοῦ
2557 2754 2880 2826 τηλικούτου
2912 2759 3254 2832 χαρίσματος
3297 2761 3641 2836 ἠξιώθημεν,
3675 2767 3824 2838 πρὸς

2215 2847 2496 2918 ἁμαρτίαν
2534 2851 2978 2922 καταφερόμεθα.
3026 2853 3190 2907 Ἀλλὰ
3223 2855 3330 2926 πρό
3361 2873 3425 2925 γε
3465 2858 3565 2930 τῆς
3605 2857 3825 2923 λύσεως

2213 2940 2324 2992 τῶν
2353 2941 2660 2997 δοκούντων
2683 2944 2829 3015 ἔχειν
2851 2947 3204 3020 ἐναντιότητα
3224 2950 3511 3022 ῥημάτων,
3532 2954 3666 3008 αὐτὸ
3691 2953 3825 3009 καθ’

2214 3033 2348 3087 αὐτὸ
2379 3034 2442 3088 τὸ
2465 3036 2820 3092 άποστολικδν
2873 3041 3241 3096 ἐπισκεπτέον
3289 3045 3457 3116 ῥητόν
3478 3061 3492 3075 ·
3524 3046 3642 3111 πῶς
3675 3049 3821 3111 ὅλως

2214 3124 2510 3195 ἄνθρωπος
2534 3128 2724 3185 τέκνον
2759 3130 2897 3185 Θεοῦ
2923 3133 3164 3202 γεγονὼς
3192 3137 3470 3209 ἁμαρτίαν
3493 3139 3553 3193 ού
3589 3140 3819 3194 δύναται

2214 3223 2421 3288 ποιεῖν;
2445 3223 2604 3287 Τινὲς
2653 3224 2753 3294 μὲν
2798 3225 2894 3280 οῦν
2925 3245 3110 3297 φασιν,
3151 3229 3228 3293 ὡς
3258 3230 3424 3296 αὐτὸς
3453 3235 3660 3298 ἐκεῖνος
3690 3236 3817 3287 ὲπι-

2213 3310 2478 3382 λυόμενος
2505 3314 2703 3384 ἐπάγει
2725 3315 2808 3383 τὸ,
2842 3317 2925 3370 ὅτι
2957 3319 3183 3390 σπέρμα
3217 3321 3384 3375 αὑτοῦ
3421 3324 3480 3377 ἐν
3508 3324 3659 3395 αὐτῷ
3681 3343 3695 3356 ·
3718 3325 3818 3378 τοῦ

2212 3403 2323 3476 γὰρ
2354 3404 2678 3460 δεσποτικοῦ
2711 3409 3029 3480 σπέρματος
3059 3412 3178 3483 ἦτοι
3212 3412 3598 3470 διδασκαλικοῦ
3615 3417 3815 3485 λόγον’

2225 3497 2481 3569 Ἐξῆλθεν
2497 3499 2626 3572 γὰρ,
2651 3501 2838 3571 φησὶν,
2869 3504 2896 3556 6
2920 3505 3161 3574 σπείρων
3187 3504 3282 3559 τοῦ
3318 3510 3542 3580 σπεῖραι
3567 3525 3581 3540 ·
3618 3513 3815 3579 τούτου

2210 3590 2275 3666 δὴ
2308 3592 2401 3646 τοῦ
2438 3593 2760 3663 σπέρματος
2786 3593 2844 3646 ἐν
2871 3597 2938 3666 τῇ
2964 3595 3110 3668 ψυχῇ
3146 3598 3472 3668 ῥιζωθὲντος
3499 3603 3595 3654 καὶ
3627 3619 3812 3673 παρα-

2212 3683 2471 3756 μένοντος
2494 3685 2556 3738 οὺ
2587 3684 2814 3739 δύναται
2852 3690 3026 3740 ποιεῖν
3063 3690 3341 3762 ἁμαρτίαν
3377 3694 3406 3745 ὁ
3445 3693 3660 3748 ἐκείνου
3712 3692 3813 3748 τοῦ

2207 3777 2415 3849 σπόρου
2444 3779 2542 3850 τὴν
2569 3779 2911 3851 ἀφομοίωσιν
2945 3781 3085 3852 πρὸς
3125 3783 3219 3836 τὸν
3262 3786 3638 3856 γεγεννηκότα
3672 3803 3811 3858 κτη-

2207 3867 2448 3939 σάμενος
2475 3868 2610 3923 Θεόν
2637 3885 2650 3900 ’
2683 3871 3120 3942 παραιρεθέντος
3154 3873 3210 3927 δὲ
3239 3875 3334 3928 τοῦ
3363 3875 3611 3931 τοιούτου
3638 3878 3812 3950 σπέρ-

2209 3977 2380 4031 ματος
2405 3963 2470 4014 ἐκ
2502 3962 2604 4032 τῆς
2638 3961 2878 4026 διανοίας
2915 3963 3095 4034 ἡμῶν,
3129 3966 3343 4020 -αὐτίκα
3387 3968 3416 4021 6
3465 3967 3559 4022 τοῦ
3606 3970 3810 4042 ἐχθροῦ

2205 4056 2735 4115 ἀντικαταδάλλεται
2759 4059 2982 4132 σπόρος,
3008 4061 3104 4116 κοιλ⁵
3129 4064 3161 4134 ή
3184 4063 3294 4117 τῶν
3318 4063 3576 4130 ζιζανίων
3600 4065 3809 4136 βλάστη

2203 4149 2474 4221 λαμϐάνει
2491 4151 2686 4222 ἀρχὴν.
2708 4151 2878 4206 ¹Ἑνιοι
2900 4152 3000 4224 μὲν
3020 4153 3214 4218 οὕτως,
3232 4155 3306 4219 ὡς
3322 4154 3509 4226 ἔμοιγε
3523 4157 3690 4221 δοκεῖ,
3711 4158 3811 4214 καὶ

2203 4245 2302 4316 τῆς
2326 4244 2586 4316 ἀληθείας
2615 4245 2782 4313 ἐγγὺς
2800 4245 2861 4298 τὸ
2877 4245 3235 4300 ἁποστολικδν
3261 4248 3424 4319 ῥητὸν
3457 4251 3805 4320 νενοήκασιν.

2205 4340 2268 4393 Ol
2297 4337 2355 4392 δὲ
2385 4337 2756 4408 ἁπλούστερόν
2797 4354 2992 4407 φασιν,
3026 4337 3099 4402 ὡς
3134 4337 3257 4391 οὔτε
3288 4341 3315 4392 6
3370 4339 3578 4403 δίκαιος
3608 4341 3706 4411 τὴν
3733 4341 3808 4394 δι-

2206 4430 2498 4501 καιοσύνην
2529 4433 2811 4500 πράττων,
2866 4428 2989 4483 οὔτε
3019 4431 3048 4483 ὁ
3078 4431 3313 4502 σώφρων
3330 4431 3428 4503 τὴν
3447 4432 3808 4505 σωφροσύνην

2206 4521 2491 4584 ἐπιτελῶν,
2518 4521 2582 4574 ού
2615 4520 2721 4592 μὴν
2748 4520 2864 4575 ἁλλ’
2897 4522 3005 4575 οὐδ’
3027 4523 3184 4587 ἄλλος
3215 4522 3551 4592 παρώνυμος
3573 4523 3682 4591 ἀπὸ
3706 4523 3808 4593 τῆς

2205 4613 2409 4686 ἀρετῆς
2439 4613 2498 4668 ἐν
2524 4605 2568 4681 ᾧ
2595 4611 2802 4686 ταύτην
2827 4614 3513 4685 τελεῖκαὶδιαπράττεται,
3535 4611 3805 4683 οὓμενουν

2205 4706 2306 4759 οὐκ
2338 4705 2404 4759 ἄν
2436 4721 2568 4760 ποτε
2589 4703 2809 4777 καὶτῆς
2837 4705 3115 4778 ἁμαρτίας
3150 4705 3412 4778 ὑπάρξειε
3443 4705 3801 4777 δημιουργός.

2289 4797 2452 4852 Ἀλλὰ
2483 4797 2648 4851 τοῦτο
2684 4798 2786 4867 μὲν
2811 4799 2859 4851 εί
2881 4799 2976 4853 καί
3000 4815 3142 4852 τισιν
3162 4797 3402 4869 εἴρηται,
3433 4795 3495 4851 ού
3528 4813 3622 4867 μοι
3656 4796 3807 4849 δοκεῖ

2205 4890 2301 4944 τοῦ
2325 4889 2493 4960 ὕψους
2518 4891 2618 4960 τῆς
2647 4889 3014 4961 ἁποστολικῆς
3042 4889 3353 4959 ἐφικεῖσθαι
3377 4889 3617 4950 διανοίας
3635 4904 3649 4919 ⁸
3682 4888 3806 4942 οὐδέ

505 4962 770 5034 attigisse.
801 4962 920 5019 Non
937 4965 1082 5019 enim
1109 4964 1366 5024 callidum
1391 4965 1652 5032 estscire,
1681 4964 1778 5021 sed
1809 4979 1987 5036 neque
2004 4964 2104 5019 do—

2213 4985 2321 5057 γὰρ
2345 4984 2508 5054 σοφὸν
2531 4983 2755 5049 εἰδέναι,
2786 4983 2904 5039 ἁλλ’
2935 4983 3057 5036 ούδέ
3084 4982 3381 5048 διδάσκειν,
3437 4982 3514 5046 ὡς
3547 4983 3575 5034 6
3596 4981 3806 5045 δίκαιος

504 5070 631 5112 cere
654 5055 870 5127 justum
896 5058 1044 5128 juste
1083 5066 1336 5130 agentem
1394 5075 1506 5116 non
1538 5059 1869 5130 iniustitiam
1902 5061 2098 5117 admit-

507 5161 643 5214 tere,
695 5167 876 5223 neque
919 5153 1225 5224 sapientem
1271 5155 1706 5225 intemperanter
1758 5169 1870 5210 non
1913 5155 2098 5210 vivere

434 5228 438 5232 ’
504 5245 636 5299 dum
673 5245 837 5320 sapit.
870 5244 1062 5304 Melius
1107 5247 1247 5303 forte
1298 5256 1446 5304 esset
1469 5258 1524 5309 et
1554 5249 1661 5324 hoc
1688 5247 1854 5320 modo
1889 5246 2099 5302 intelli-

505 5352 634 5409 gere
672 5354 798 5395 eum
829 5339 926 5411 qui
970 5356 1038 5397 ex
1069 5340 1181 5398 Deo
1209 5351 1375 5399 natus
1401 5350 1487 5398 est
1517 5350 1572 5398 et
1603 5357 1791 5399 semen
1823 5341 2017 5414 ejusin
2037 5356 2098 5398 se

505 5431 626 5502 ipso
652 5434 927 5508 concepit,
963 5451 1162 5506 nempe
1187 5436 1447 5493 virtutem
1478 5436 1666 5507 (omne
1698 5435 1845 5491 enim
1887 5434 2096 5491 donum

505 5523 806 5593 perfectum
839 5527 1134 5600 desursum
1160 5536 1268 5595 est,
1302 5531 1642 5586 descendens
1669 5545 1698 5584 a
1733 5529 1895 5584 Patre
1932 5529 2098 5583 Iumi-

505 5618 682 5690 num),
707 5627 763 5681 et
793 5619 1069 5690 perlectus
1121 5631 1212 5678 est.
1246 5622 1301 5679 in
1335 5639 1422 5688 ea,
1449 5623 1527 5680 ita
1562 5632 1625 5679 ut
1665 5623 1720 5679 in
1750 5622 1898 5679 illius
1936 5620 2099 5678 habi-

500 5716 622 5764 tum
685 5726 821 5781 pure
868 5713 1170 5779 transierit,
1210 5730 1321 5770 non
1374 5715 1584 5788 habent
1623 5715 1731 5773 sibi
1797 5713 2095 5793 admistum

504 5801 634 5862 mali
664 5817 877 5870 semen,
903 5819 1052 5871 eum,
1094 5807 1340 5877 inquam,
1367 5823 1477 5864 non
1509 5824 1672 5882 posse
1700 5818 1985 5882 peccatum
2017 5807 2097 5863 l'a-

505 5909 626 5948 ενοι-ι·
653 5913 664 5960 ς
694 5895 744 5948 id
775 5903 881 5957 est,
920 5912 1024 5958 non
1056 5896 1256 5971 habere
1279 5899 1614 5970 voluntatem
1647 5903 1713 5960 ad
1763 5901 2095 5973 cupiditates

2191 5075 2613 5147 δικαιοπραγῶν
2633 5076 2734 5128 οὐκ
2750 5075 2945 5138 ἀδικεῖ,
2973 5074 3091 5128 ἀλλ’
3111 5073 3234 5128 οὐδὲ
3259 5077 3286 5128 6
3307 5073 3540 5145 σώφρων
3553 5073 3655 5126 οὐκ
3673 5075 3804 5127 ἁκο-

2202 5169 2484 5223 λασταίνει
2518 5169 2576 5220 ἐν
2599 5167 2680 5239 τῷ
2720 5169 3058 5239 σωφρονεῖν·
3095 5167 3320 5236 ἄμεινον
3359 5166 3418 5226 δὲ
3453 5165 3521 5220 ἂν
3557 5166 3690 5230 ἴσως
3715 5166 3802 5238 εἴη

2204 5262 2428 5334 κάκεῖνο
2457 5260 2794 5325 συνιδεῖν,ὼς
2822 5261 2851 5312 6
2875 5259 3277 5330 γεγεννημένος
3309 5261 3374 5312 ἐκ
3399 5258 3496 5312 τοῦ
3531 5258 3669 5311 Θεοῦ
3707 5259 3804 5313 καὶ

2203 5353 2266 5407 τὸ
2293 5352 2517 5424 σπέρμα
2549 5351 2720 5411 αὐτοῦ
2754 5353 2812 5405 ἐν
2843 5351 3024 5423 ἐαυτῷ
3057 5350 3340 5406 συλλαϐὼν
3365 5351 3485 5424 ἦτοι
3519 5351 3620 5423 τὴν
3680 5354 3804 5423 ἀρε-

2203 5447 2302 5518 τὴν
2364 5446 2494 5518 (πᾶν
2542 5445 2652 5518 γὰρ
2698 5433 2939 5519 δώρημα⁸
2993 5447 3199 5500 τέλειον
3233 5445 3442 5500 ἄνωθέν
3483 5446 3595 5501 ἐστι
3633 5463 3801 5498 κατα-

2203 5539 2389 5595 ϐαῖνον
2415 5539 2526 5592 ἀπὸ
2553 5537 2648 5591 τοῦ
2681 5538 2897 5608 Πατρὸς
2926 5537 3037 5590 τῶν
3099 5536 3319 5608 φώτων)
3367 5537 3463 5591 καὶ
3493 5537 3802 5602 τελειωθεὶς

2201 5631 2262 5684 ἐν
2294 5631 2432 5702 αὐτῇ
2463 5630 2538 5692 ὡς
2573 5630 2668 5684 καὶ
2698 5629 2903 5700 ταύτης
2925 5630 3183 5698 καθαρῶς
3206 5631 3285 5694 είς
3319 5631 3433 5695 ἕξιν
3459 5631 3672 5697 ἐλάσαι,
3725 5631 3800 5702 μὴ

2200 5722 2343 5794 ἔχων
2368 5723 2812 5793 ἐπιμιγνυμένην
2841 5722 3022 5794 ἐαυτῷ
3059 5722 3151 5776 τοῦ
3185 5723 3358 5776 κακοῦ
3389 5724 3488 5794 τὴν
3513 5725 3748 5793 σπορὰν,
3769 5725 3796 5777 6

2200 5813 2442 5878 τοιοῦτος
2467 5814 2528 5867 ού
2554 5813 2780 5868 δύναται
2813 5816 2989 5868 ποιεῖν
3021 5815 3298 5888 ἁμαρτίαν
3320 5832 3334 5847 ·
3372 5817 3674 5876 τουτέστιν,
3698 5816 3799 5869 οὐκ

2200 5906 2313 5974 ἔχει
2346 5907 2446 5977 τὴν
2482 5905 2710 5980 γνώμην
2772 5907 3048 5987 ῥέπουσαν
3113 5907 3252 5985 πρὸς
3307 5907 3600 5986 τὰπάθη,
3672 5904 3796 5962 οὐδὲ
