4134 6444
332 405 436 471 113

1254 412 1353 469 ΑΙ)
1381 410 1977 475 AMPHILOCHIUM
2009 414 2359 487 QUfESTIO
2400 419 2567 493 VIII,
2611 421 2714 480 IX.

3549 428 3644 493 lii

327 527 471 598 πρδς
504 526 692 581 ὲκετνα
713 528 805 580 τὸν
840 526 964 580 νοῦν
988 528 1475 598 ἐπιστρεφόμενον.
1503 529 1715 602 ’Ὥσπερ
1746 531 1857 603 γάρ
1891 534 1914 601 ἦ

2032 541 2381 604 serpentem,
2442 551 2620 606 neque
2679 547 2913 592 mentem
2994 542 3061 595 ad
3118 542 3239 598 illas
3302 558 3645 601 conversam.

324 616 616 680 ἀδίδακτος
648 616 812 687 φύσις
844 617 1066 688 ίσχυρὸν
1097 619 1164 671 τά
1204 618 1357 689 παρὰ
1391 619 1553 688 φύσιν
1585 622 1930 694 ἀποστρέφε-

328 708 482 771 σθαι,
517 708 691 770 οὕτως
715 710 749 779 ἡ
783 709 849 761 ἐκ
883 708 1240 772 διδασκαλίας
1280 708 1367 762 διὰ
1400 710 1501 781 τῆς
1550 710 1659 763 τῶν
1703 712 1929 781 ἀγαθῶν

330 801 592 873 πράξεως
612 801 921 872 γυμνασίας
946 803 1307 873 ὲπιγινομένη
1341 803 1456 871 ἕξις
1491 804 1740 875 μεγάλην
1790 807 1929 875 λαμ-

331 896 489 951 ϐάνει
512 895 610 967 τὴν
643 895 797 965 ίσχὺν
822 896 903 957 είς
927 894 989 948 τὸ
1019 895 1157 966 πρὸς
1187 896 1354 966 μηδὲν
1385 895 1497 950 τῶν
1517 897 1740 967 φαύλων
1771 900 1930 971 ἐπιρ-

332 987 517 1058 ρεπῶς
547 986 694 1056 ἔχειν
725 987 821 1040 καὶ
859 986 1072 1051 τούτοις
1103 988 1403 1059 ἐφήδεσθαι
1428 1007 1441 1021 ·
1473 990 1590 1043 ἀλλ’
1623 992 1655 1060 ὴ
1700 990 1803 1061 μὲν
1828 990 1925 1045 τοῦ

327 1078 500 1148 ῥητοῦ
524 1079 648 1132 καθ’
680 1080 881 1151 ἑαυτὴν
923 1080 1115 1150 σκέψις
1144 1081 1369 1153 τοιαύτη
1397 1100 1482 1146 τις
1510 1083 1575 1136 ἂν
1604 1085 1712 1155 εἴη.
1772 1084 1929 1139 Ἐπι-

322 1178 509 1233 λύοιτο
533 1178 579 1232 δ’
606 1178 675 1233 ἂν
700 1179 795 1232 καὶ
830 1180 863 1250 ή
898 1180 1039 1233 κατά
1059 1180 1385 1251 συμπλοκὴν
1415 1181 1526 1236 τῶν
1564 1182 1746 1254 ῥητῶν
1789 1201 1927 1253 προ-

320 1269 555 1342 κειμένη
573 1271 779 1343 ἀπορία
793 1272 946 1325 οὑδὲν
962 1271 1184 1326 ἔλαττον
1214 1274 1307 1327 καὶ
1324 1273 1391 1327 δι’
1424 1276 1544 1339 ἐνὸς
1562 1277 1797 1331 ἑκάστου
1816 1278 1927 1332 τῶν

319 1363 643 1434 εἰρημένων
663 1379 678 1394 ο
723 1364 875 1417 οὐδὲν
908 1364 1019 1436 γὰρ
1049 1364 1257 1435 ἄπορον
1286 1364 1411 1419 οὕτε
1447 1367 1538 1421 τὸν
1573 1367 1769 1439 ἔχοντα
1799 1370 1929 1433 τοὺς

322 1456 739 1527 σπερματικοὺς
758 1455 949 1522 λογοὺς
972 1456 1028 1509 ὲν
1048 1455 1228 1524 ἑαυτῷ
1257 1455 1677 1525 βλαστάνοντας,
1697 1460 1805 1511 εἴτε
1816 1456 1928 1511 τῶν

316 1546 538 1615 ἀρετῶν
568 1547 782 1616 εἴησαν,
809 1545 919 1599 εἴτε
935 1547 1035 1617 τῆς
1060 1548 1344 1611 εὐσεϐείας
1367 1548 1425 1601 αί
1456 1549 1776 1612 καταϐολαὶ,
1805 1549 1926 1603 τότε

321 1638 430 1709 μὲν
453 1638 721 1709 μηδαμῶς
736 1637 1097 1709 ἀποδέχεσθαι
1118 1638 1214 1709 τὴν
1225 1640 1530 1710 ἐπισποράν
1541 1640 1635 1693 τοῦ
1650 1639 1887 1711 πονηροῦ
1908 1658 1923 1673 σ

319 1731 546 1784 ἐπειδὰν
559 1731 615 1784 δὲ
627 1730 721 1784 τοῦ
736 1730 908 1785 κακοῦ
927 1730 1131 1801 βλαστή
1141 1748 1308 1801 ματος
1320 1730 1518 1803 ἔρημοι
1536 1731 1922 1800 καταστῶμεν,

320 1823 447 1875 τότε
473 1823 607 1893 πρὸς
628 1821 728 1893 τὴν
762 1823 869 1877 τῶν
885 1822 1141 1888 ζιζανίων
1180 1823 1456 1894 ὑποδοχὴν
1493 1840 1927 1894 παρασκευασα-

323 1917 525 1984 μένους
558 1916 789 1988 ὁρᾶσθαι
814 1933 828 1946 ο
860 1917 974 1971 ἀλλ’
996 1917 1118 1970 οὐδὲ
1142 1916 1234 1970 τὸν
1264 1919 1573 1987 πράττοντα
1598 1916 1695 1987 τὴν
1711 1917 1915 1988 ἀρετὴν

2040 626 2518 693 Quemadmodum
2545 630 2691 683 enim
2751 631 2970 686 indocta
3010 642 3207 689 natura
3258 636 3524 692 violenter
3578 654 3641 693 ea

2034 736 2157 790 quae
2182 736 2347 791 supra
2372 732 2626 777 naturam
2659 737 2789 779 sunt
2825 736 3132 795 aversatur,
3164 730 3236 783 ita
3265 731 3356 783 ille
3402 747 3471 786 ex
3544 733 3645 786 do-

2035 814 2215 867 ctrina
2247 828 2343 883 per
2375 814 2644 869 bonarum
2688 818 2965 872 actiomnn
2999 822 3315 876 exercitium
3352 824 3528 877 lactus
3550 825 3644 877 ha-

2033 903 2181 959 bitus
2234 905 2343 959 vim
2395 922 2651 975 magnam
2690 910 2889 978 accipit
2930 921 2989 966 ut
3036 915 3202 969 nullis
3248 916 3410 969 malis
3458 926 3643 984 serpat

2032 1008 2127 1052 aut
2156 998 2321 1054 nullis
2360 999 2680 1055 delectetur.
2729 1002 2801 1056 Ea
2849 1005 3071 1075 quidem
3108 1014 3254 1061 esset
3300 1007 3466 1074 hujus
3505 1008 3638 1063 dicti

2034 1089 2087 1143 iu
2119 1105 2177 1144 se
2206 1090 2576 1161 investigatio.
2612 1092 2933 1150 Solveretur
2963 1106 3017 1151 et
3050 1098 3340 1153 difficultas
3364 1100 3418 1153 in
3449 1101 3643 1154 verbo-

2031 1194 2150 1234 rum
2176 1183 2519 1238 connexione
2563 1185 2665 1239 sita
2698 1201 2806 1240 non
2841 1190 3023 1243 minus
3058 1204 3151 1257 per
3206 1193 3640 1261 unumquodque

2030 1273 2327 1329 dictorum.
2368 1273 2490 1330 Non
2521 1278 2667 1332 enim
2725 1279 2953 1334 dubium
2985 1291 3069 1336 est
3098 1282 3227 1353 quin
3256 1283 3301 1337 is
3327 1284 3419 1353 qui
3476 1284 3642 1337 semi-

2030 1366 2173 1420 nalia
2204 1367 2367 1422 verba
2400 1368 2562 1423 habet
2586 1369 2638 1422 in
2664 1385 2722 1425 se
2751 1371 2870 1441 ipso
2898 1374 3284 1442 gerniinantia,
3318 1376 3431 1429 sive
3458 1374 3637 1428 virtu-

2034 1466 2143 1509 tum
2182 1456 2312 1522 sint,
2335 1458 2451 1513 sive
2486 1459 2707 1529 pietatis
2745 1462 2892 1531 jacta
2914 1464 3165 1530 .semiua,
3219 1466 3443 1520 minime
3493 1466 3545 1518 in
3580 1481 3638 1520 se

2030 1548 2154 1602 mali
2190 1549 2458 1603 sationem
2493 1550 2783 1619 admittat;
2831 1570 2954 1609 cum
2994 1566 3175 1610 autem
3212 1557 3358 1610 malo
3394 1558 3639 1626 germine

2030 1643 2184 1695 vacui
2247 1650 2478 1708 stamus,
2537 1651 2668 1698 tunc
2718 1646 2772 1698 in
2821 1647 3158 1703 zizaniorum
3205 1649 3636 1718 acceptatiouent

2028 1732 2376 1804 accingentes
2405 1751 2508 1791 nos
2554 1737 2859 1805 videamur,
2892 1741 2986 1794 sed
3021 1756 3196 1810 neque
3228 1755 3352 1795 eum
3397 1742 3487 1811 qui
3526 1742 3637 1795 vir-

2029 1830 2199 1876 tutem
2259 1824 2415 1893 agit,
2462 1825 2728 1881 adversus
2792 1828 3017 1896 malum,
3074 1829 3406 1885 inefficacem
3471 1846 3632 1897 esse;

2025 1928 2150 1969 eum
2181 1924 2364 1971 autem
2408 1918 2503 1987 qui
2536 1919 2795 1988 pulchros
2840 1931 3002 1975 actus
3076 1922 3299 1993 negligit
3325 1922 3393 1977 ad
3450 1922 3635 1993 pejora

318 2008 545 2063 ἐπειδὰν
567 2009 772 2078 ταύτην
796 2010 1105 2083 εἰλικρινῶς
1118 2010 1360 2083 πράττῃ,
1379 2010 1536 2064 ἀνενέ
1546 2026 1747 2081 ργητον
1768 2008 1914 2063 αὐτὸ·

2038 2004 2265 2071 deferri,
2304 2024 2463 2063 nemo
2495 2012 2693 2080 estqui
2738 2011 3029 2081 disceptat.

318 2101 463 2173 πρὸς
476 2100 575 2173 τὴν
586 2101 781 2156 κακίαν
794 2096 933 2156 εἶναι
947 2117 961 2131 ·
978 2101 1332 2173 ἀμελήσαντα
1348 2102 1404 2156 δὲ
1426 2102 1534 2155 τῶν
1552 2102 1732 2155 καλῶν
1760 2101 1937 2173 ἔργων
1964 2096 2099 2167 πρὸς
2116 2097 2184 2153 τὰ
2215 2100 2436 2172 χείρονα
2452 2102 2864 2172 κατενεχθῆναι,
2882 2103 3059 2169 οὐδεὶς
3077 2103 3141 2158 ἂν
3157 2104 3631 2180 διαμφισϐητήσῃ.

393 2194 596 2265 Λυθείη
654 2195 754 2265 μὲν
806 2194 873 2248 ἂν
902 2194 1093 2267 ὥσπερ
1132 2196 1347 2267 εἴρηται
1400 2195 1491 2249 διά
1516 2194 1727 2249 τούτων
1751 2196 1906 2265 καὶὴ

312 2286 554 2340 δοκοῦσα
585 2286 706 2340 κατ’
732 2288 907 2358 ἀρχάς
924 2288 1035 2341 τῶν
1069 2288 1248 2359 ῥητῶν
1269 2288 1637 2358 ἐναντιολογία
1654 2305 1667 2319 ·
1700 2290 1913 2342 οἰκειω-

308 2378 456 2449 τέρα
488 2378 546 2431 δὲ
581 2379 677 2433 καὶ
722 2378 1000 2444 ἰδιάζουσα
1036 2379 1191 2443 λύσις
1208 2380 1294 2451 εἴη
1343 2380 1411 2434 ἂν
1438 2381 1576 2453 αὐτῇ
1634 2398 1912 2453 προσαγο-

314 2471 459 2542 μένη
490 2470 737 2543 τοιαύτη.
773 2472 962 2536 Διττός
1001 2474 1150 2526 ἐστιν
1190 2473 1218 2525 ὁ
1266 2474 1365 2544 τῆς
1387 2472 1599 2528 ἀνωθεν
1635 2472 1911 2539 υἱοθεσίας

311 2563 549 2635 τρόπος·
604 2567 632 2619 ὁ
659 2564 759 2635 μὲν
790 2568 854 2622 ὲκ
882 2566 1054 2636 μόνης
1088 2568 1189 2634 τῆς
1242 2566 1559 2637 φιλοτιμίας
1603 2566 1699 2620 τοῦ
1732 2566 1912 2620 υἱοθε-

311 2655 543 2721 τοῦντος
570 2656 1040 2728 ἐπιδεικνύμενος,
1074 2659 1102 2710 ὁ
1131 2657 1189 2711 δὲ
1236 2656 1376 2728 μετά
1414 2658 1780 2726 συνεισφορᾶς
1810 2657 1911 2727 τῆς

310 2749 595 2821 ἡμετέρας
612 2752 868 2819 σπουδῆς,
884 2751 1005 2804 καθ’
1032 2752 1097 2822 ἢν
1113 2749 1269 2821 ἡτῶν
1288 2751 1502 2819 ἀρετῶν
1525 2750 1909 2819 συνεισάγεται

312 2843 553 2910 ὲργασία
577 2858 591 2871 ⁸
634 2843 725 2895 καὶ
747 2844 779 2913 ἡ
801 2842 1020 2895 δοθεῖσα
1048 2844 1146 2911 τῆς
1179 2841 1457 2905 υἱοθεσίας
1492 2840 1703 2907 ἀνωθεν
1746 2842 1908 2912 χάρις

306 2937 377 3004 τῇ
406 2935 514 2989 ἀπὸ
541 2936 641 3007 τῆς
667 2936 893 3007 γνώμης
922 2935 1255 2989 συνελθοῦσα
1294 2934 1406 2987 τῶν
1435 2935 1649 3005 ἀρετῶν
1683 2933 1906 3005 πράξει,

310 3029 436 3082 ὅλον
463 3030 774 3100 ἀναμορφοῖ
800 3029 892 3082 τὸν
921 3026 1337 3098 υίοθετούμενον
1355 3026 1493 3099 πρὸς
1516 3026 1617 3098 τὴν
1646 3027 1907 3098 ὁμοίωσιν

313 3122 409 3173 καὶ
442 3120 533 3173 τὸν
561 3119 911 3191 χαρακτῆρα,
942 3118 1065 3172 καθ’
1095 3120 1221 3172 ὅσον
1247 3120 1395 3172 ἐστὶν
1431 3118 1706 3190 ἀνθρώπῳ
1730 3119 1906 3189 μιμή-

313 3212 510 3266 σασθαι
541 3211 765 3265 δυνατὸν
804 3212 896 3265 τὸν
928 3211 1300 3281 γεγεννηκότα
1353 3210 1510 3265 Θεόν.
1585 3209 1776 3273 Οὕτως
1809 3210 1909 3281 μὲν

308 3302 456 3360 οὗνὸ
508 3304 650 3359 κατὰ
693 3305 885 3359 τοῦτον
917 3304 1010 3358 τὸν
1048 3303 1253 3373 τρόπον
1311 3304 1666 3374 χρηματίσας
1719 3304 1908 3357 τέκνον

304 3398 470 3465 Θεοῦ,
493 3400 585 3452 καὶ
603 3397 747 3451 οὕτω
778 3396 1003 3467 βεϐαίαν
1043 3397 1139 3450 καὶ
1167 3396 1572 3467 ἀμετακίνητον
1598 3395 1696 3467 τὴν
1729 3395 1908 3449 υἱοθε-

2096 2192 2201 2251 l’er
2262 2195 2378 2249 hare
2411 2195 2631 2265 quidem
2670 2196 2991 2262 solveretur,
3038 2206 3099 2252 ut
3138 2198 3342 2253 dictum
3382 2209 3501 2264 est,
3540 2201 3630 2253 illa

2013 2289 2192 2362 primo
2239 2287 2440 2341 intuitu
2491 2302 2761 2357 apparens
2811 2289 3122 2358 oppositio;
3172 2290 3347 2359 magis
3411 2293 3628 2359 pr0pria

2012 2394 2145 2435 vero
2199 2390 2253 2434 et
2298 2381 2761 2436 accommodatior
2817 2393 2962 2441 esset
3019 2383 3095 2437 illi
3163 2386 3379 2438 admota
3426 2385 3629 2439 solutio

2014 2472 2159 2527 talis.
2202 2471 2402 2541 Duplex
2430 2483 2514 2528 est
2546 2472 2709 2539 hujus
2756 2474 3036 2530 liliatiouis
3068 2477 3261 2531 modus
3296 2500 3305 2531 ;
3334 2494 3477 2532 unus
3504 2478 3629 2546 qui-

2012 2565 2134 2621 dem
2180 2579 2244 2619 ea
2272 2563 2389 2619 sola
2436 2564 2749 2633 adOplanliS
2769 2566 3058 2636 largitione
3086 2584 3151 2623 ac
3172 2570 3353 2623 studio
3402 2571 3631 2625 deumn-

2012 2664 2259 2722 stratus;
2294 2656 2434 2710 alter
2468 2671 2618 2722 vero,
2653 2657 2912 2725 adjuncto
2938 2661 3160 2729 proprio
3209 2673 3397 2715 nostro
3421 2662 3625 2726 studio,

2009 2748 2063 2802 vi
2096 2748 2257 2818 cujus
2293 2747 2662 2803 introducitur
2691 2750 2957 2804 virtutum
2999 2752 3279 2821 operatio;
3307 2762 3358 2807 et
3385 2754 3512 2808 data
3536 2752 3632 2808 su‘

2010 2857 2197 2914 perna:
2248 2841 2527 2896 liliationis
2581 2843 2757 2912 gratia
2814 2860 2937 2897 cum
2990 2845 3299 2899 voluntaria
3355 2846 3624 2900 virtutum

2009 2936 2166 3006 praxi
2200 2938 2563 2999 conveniens,
2593 2945 2766 2990 totum
2802 2936 3162 2992 transformat
3192 2939 3363 2992 tilium
3407 2938 3630 3009 adopta-

2016 3043 2134 3099 tum
2166 3027 2232 3080 ad
2265 3026 2682 3082 similitudinem
2716 3037 2769 3082 et
2802 3029 3201 3095 characterem,
3230 3043 3497 3100 quantum
3528 3032 3620 3086 ho-

2010 3120 2147 3173 mini
2204 3120 2330 3175 licet
2381 3120 2585 3176 intueri
2622 3136 2746 3174 eum
2797 3121 2891 3191 qui
2930 3123 3117 3190 genuit
3149 3121 3339 3177 Deum.
3382 3121 3475 3176 Sic
3506 3123 3631 3193 qni-

2010 3212 2131 3267 dem
2171 3212 2258 3266 ille
2299 3212 2392 3282 qui
2445 3228 2505 3267 se
2563 3213 2667 3267 hoc
2724 3212 2890 3267 modo
2932 3213 3102 3269 filium
3148 3214 3239 3269 Dei
3283 3216 3422 3286 gerit
3469 3226 3631 3285 atque

2013 3314 2085 3367 ita
2142 3305 2376 3361 solidam
2424 3313 2478 3360 et
2524 3306 2925 3360 immutabilem
2969 3307 3317 3375 adoptionem
3366 3307 3628 3377 possidet.

2010 3397 2398 3453 inconcussam
2436 3398 2634 3467 accipit
2672 3397 3045 3452 habitudinem
3096 3398 3222 3452 boni
3258 3407 3311 3452 et
3338 3414 3369 3452 a
3405 3409 3631 3470 peccato

303 3492 435 3545 σίαν
463 3491 828 3562 κτησάμενος,
858 3489 1220 3544 ἀναλλοίωτον
1244 3487 1512 3559 λαμϐάνει
1538 3487 1635 3559 τὴν
1663 3486 1776 3552 ἕξιν
1805 3486 1899 3539 τοῦ

2019 3489 2290 3553 abhorret,
2316 3504 2416 3544 nec
2445 3489 2581 3543 illud
2619 3491 2737 3543 vult
2779 3505 3003 3560 quoquo
3057 3492 3220 3546 modo
3289 3490 3485 3545 facere.
3524 3490 3629 3557 Qui

300 3584 502 3647 καλοῦ,
522 3584 614 3638 καὶ
644 3586 795 3654 μισεί
818 3584 917 3655 τὴν
946 3583 1223 3654 ἁμαρτίαν
1241 3582 1335 3635 καὶ
1358 3582 1791 3652 ἀποστρέφεται,
1819 3579 1913 3632 καὶ

298 3677 409 3729 οὐκ
438 3676 610 3729 ὲθὲλει
639 3675 847 3745 ταύτην
887 3674 1097 3744 οὐδαμῆ
1130 3675 1328 3728 ποιεῖν.
1376 3674 1434 3725 ’(1
1465 3672 1565 3743 μέν
1616 3670 1699 3725 τοί
1725 3688 1790 3739 γε
1811 3672 1914 3740 τῆς

297 3767 649 3836 Δεσποτικῆς
672 3765 989 3829 ἀπολαύσας
1027 3764 1363 3835 φιλοτιμίας,
1396 3762 1564 3834 μηδὲν
1587 3761 1644 3814 δὲ
1660 3761 1912 3831 τηλικοῦ-

297 3879 399 3915 τον
432 3858 864 3927 συνεισενεγκὼν
885 3857 962 3921 ὡς
1014 3857 1244 3928 βεϐαίαν
1280 3856 1379 3927 τὴν
1406 3854 1685 3909 υἱοθεσίαν
1711 3854 1908 3919 δεῖξαι,

298 3955 403 4009 καὶ
434 3954 626 4007 ἑαυτὸν
657 3952 808 4018 ἄξιον
841 3952 1049 4021 ταύτης
1073 3950 1160 4005 διὰ
1183 3949 1292 4003 τῶν
1325 3948 1505 4020 ἔργων
1525 3947 1901 4017 παραστῆσαι.

299 4040 465 4111 οὗτος
499 4046 564 4117 δὴ
595 4039 753 4106 οὗτος
787 4045 893 4099 κᾶν
927 4047 1026 4116 τῆς
1056 4043 1339 4106 υἱοθεσίας
1384 4041 1603 4111 ἔτυχεν,
1625 4040 1693 4110 ἢν
1721 4040 1754 4111 ἡ
1806 4040 1905 4098 Δε-

303 4140 543 4210 σποτικὴ
597 4137 885 4210 χαρίζεται
952 4136 1263 4208 φιλοτιμία,
1331 4135 1411 4207 τῷ
1464 4132 1674 4203 ταύτην
1729 4130 1909 4201 οἰκείᾳ

299 4233 499 4305 γνώμῃ
546 4234 641 4287 καὶ
672 4233 876 4304 σπουδῇ
911 4232 985 4305 μὴ
1020 4232 1366 4305 συγκροτεῖν,
1401 4227 1648 4300 εὐχερῶς
1678 4225 1906 4297 φέρεται

299 4325 447 4395 πρὸς
476 4326 573 4388 τὰς
599 4324 711 4378 τῶν
762 4326 1184 4396 ἁμαρτημάτων
1241 4321 1470 4393 πράξεις
1503 4336 1516 4349 °
1549 4321 1609 4373 τὸ
1661 4319 1761 4391 μὲν
1796 4318 1906 4372 ἀπδ

295 4418 403 4488 τῆς
430 4417 653 4487 χάριτος
676 4416 828 4470 δοθὲν
860 4417 1106 4486 σπέρμα,
1142 4411 1254 4469 οἷον
1269 4413 1708 4486 ἁτελεσφόρητον
1730 4429 1904 4465 κατα-

294 4506 480 4561 λιπὼν
498 4550 514 4575 ,
547 4507 610 4561 τὸ
634 4507 690 4560 δὲ
731 4508 841 4561 ἀπὸ
868 4507 966 4561 τοῦ
993 4507 1235 4578 πονηροῦ
1263 4505 1593 4577 ὲπισπαρὲν,
1646 4503 1907 4572 τελεσφο-

2018 3590 2201 3636 tamrn
2240 3582 2328 3636 illa
2355 3581 2571 3635 Domini
2602 3582 2891 3653 largitione
2919 3582 3116 3639 fruitus
3164 3593 3247 3639 est
3288 3600 3463 3653 neque
3496 3585 3630 3637 satis

2012 3674 2226 3728 curavit
2271 3683 2328 3727 ut
2362 3674 2594 3728 solidam
2654 3674 3000 3744 adoptionem
3030 3677 3341 3730 ostenderet
3367 3685 3419 3730 et
3450 3691 3508 3730 se
3529 3675 3631 3729 hac

2010 3783 2133 3821 esse
2169 3766 2395 3839 dignum
2421 3766 2680 3838 Operibus
2715 3766 3047 3833 ostenderet,
3103 3767 3194 3822 ille
3234 3782 3386 3833 sane,
3449 3783 3626 3837 quan-

2009 3874 2177 3929 quam
2204 3860 2553 3928 adoptionem
2583 3859 2811 3914 sorlitus
2852 3868 3126 3931 estquam
3154 3859 3369 3915 Domini
3401 3860 3631 3931 largitur

2012 3950 2249 4013 affectio,
2282 3953 2411 4022 quia
2449 3968 2557 4006 non
2591 3968 2714 4006 eam
2772 3954 2988 4023 propria
3034 3954 3313 4008 voluntate
3348 3962 3401 4007 et
3434 3954 3630 4007 ardore

2014 4040 2321 4104 confirmat,
2365 4040 2430 4094 ad
2470 4051 2817 4111 peccatorum
2863 4051 3020 4098 actus
3057 4043 3219 4098 facile
3287 4042 3479 4098 fertur.
3533 4045 3630 4097 lllo

2012 4130 2258 4200 quidem,
2290 4132 2435 4201 quod
2468 4136 2642 4203 gratia
2676 4135 2861 4188 datum
2912 4144 3016 4199 est,
3058 4136 3267 4190 semine
3309 4134 3627 4204 imperfecto

2014 4223 2225 4290 relicto,
2258 4226 2402 4294 quod
2465 4241 2494 4279 a
2540 4227 2685 4281 malo
2731 4228 3058 4281 seminalum
3093 4237 3175 4283 est
3216 4228 3435 4298 propria
3467 4228 3629 4282 indo-

2012 4314 2179 4371 lentia
2230 4317 2512 4386 perficitur
2557 4328 2610 4373 et
2642 4319 2876 4385 colitur;
2934 4321 3077 4389 quod
3126 4321 3180 4374 in
3233 4338 3290 4377 se
3338 4320 3628 4376 conferens

2005 4409 2194 4476 homo,
2257 4410 2453 4465 merito
2498 4427 2605 4466 non
2646 4422 2733 4467 est
2795 4413 2938 4469 filius
2981 4412 3099 4479 Dei,
3158 4413 3254 4468 sed
3325 4414 3470 4468 illius
3494 4414 3626 4467 dia-

2007 4502 2140 4556 boli.

298 4599 572 4671 ρούμενόν
634 4617 696 4653 τε
753 4601 849 4654 καὶ
894 4600 1315 4672 γεωργούμενον
1357 4600 1535 4671 οἰκείᾳ
1577 4598 1858 4672 ῥᾳθυμία·
1902 4596 2039 4668 ὅπερ
2081 4600 2175 4654 καὶ
2226 4600 2539 4672 περιφέρων
2563 4603 2620 4654 ὲν
2646 4599 2845 4669 ἑαυτῷ,
2871 4602 3098 4666 εἰκότως
3136 4603 3257 4656 ἀντὶ
3304 4600 3399 4654 τοῦ
3432 4601 3623 4653 τέκνον

293 4692 444 4750 εἶναι
472 4696 630 4764 Θεοῦ,
660 4698 851 4750 τέκνον
876 4697 1208 4768 χρηματίζει
1238 4696 1333 4751 τοῦ
1382 4696 1651 4751 διαϐόλου.

877 4812 1216 4867 ΕΡΩΊῊΣΙΣ
1249 4810 1328 4867 Θ’.

292 4904 438 4970 Πῶς
460 4905 569 4959 τοῦ
585 4905 954 4974 θεοπάτορος
976 4905 1157 4959 Δαϐὶδ
1185 4908 1487 4970 εἰπόντος,
1511 4922 1530 4956 ι
1558 4906 1900 4969 Ἀνθρωπος

366 4976 511 5029 ὡσεί
543 4978 758 5043 χόρτος
778 4980 836 5029 al
866 4976 1315 5044 mtépatabtoﬁ,
1343 4995 1360 5026 ι
1388 4977 1481 5027 κα)⁸
1520 4976 1668 5044 ἑξῆς,
1696 4978 1728 5044 ὀ
1766 4975 1901 5027 τού-

374 5064 480 5100 του
508 5045 645 5109 παῖς
674 5043 957 5114 Σολομὼν
986 5046 1405 5114 ἀποφαίνεται,
1430 5066 1449 5098 ι
1474 5043 1636 5116 Μέγα
1669 5043 1898 5112 ἄνθρω-

370 5131 485 5182 πος
526 5117 624 5170 καὶ
651 5117 847 5186 τίμιον
861 5116 1048 5185 tit-rip;
1081 5136 1099 5168 ι

2585 4804 2917 4872 ρυίεδτιο
2958 4803 3050 4859 IX.

2010 4898 2291 4966 Quomodo
2375 4897 2579 4951 Doride
2661 4897 2757 4950 Dei
2822 4906 2974 4963 patre
3050 4896 3311 4949 dicente:
3367 4914 3384 4945 ‹
3447 4892 3622 4948 Ηυιηο

2082 4981 2339 5039 tanquam
2389 4972 2566 5039 [cuum
2600 4967 2714 5039 dies
2755 4966 2891 5034 ejus,
2934 4986 2952 5017 ι
3013 4966 3271 5039 Salomon
3318 4966 3431 5035 ejus
3463 4967 3622 5039 ﬁlius

2077 5036 2313 5095 declarat
2347 5056 2365 5093 :
2399 5058 2416 5089 ι
2460 5037 2551 5090 Est
2588 5037 2790 5106 aliquid
2830 5054 3078 5107 maguum
3116 5037 3293 5100 homo,
3335 5047 3381 5090 et
3418 5036 3621 5106 aliquid

2078 5114 2271 5164 honore
2300 5110 2519 5179 dignum
2547 5110 2626 5161 vir
2648 5110 2678 5166 ?.
2704 5128 2721 5158 ι

367 5231 507 5281 Edita
539 5246 567 5281 a
598 5230 745 5291 Maio,
769 5231 803 5280 1.
827 5245 853 5281 c
879 5268 892 5291 ,
914 5246 964 5293 p.
988 5232 1093 5280 89.
1122 5232 1380 5292 Quomodo
1402 5229 1606 5281 Davidis
1627 5230 1776 5279 verba
1802 5229 1934 5277 Psal.
1961 5226 2156 5339 erat”,
2186 5228 2262 5287 15,
2302 5239 2415 5275 cum
2438 5224 2722 5274 Salomonis
2754 5228 2923 5286 emito,
2948 5226 3096 5274 Prov.
3125 5239 3210 5286 xx,
3234 5223 3265 5272 6
3291 5224 3450 5286 (juxta
3473 5222 3615 5285 LXX)

1769 5306 1884 5339 com
1899 5304 1960 5338 en
1987 5304 2045 5338 an
2081 5327 2091 5335 .

1769 5306 1884 5340 COIH
1899 5304 2091 5339 81113111..

376 5376 488 5446 Τὴν
513 5376 622 5431 τῶν
643 5375 952 5448 ἀνθρώπων
979 5376 1143 5446 φύσιν
1169 5378 1247 5441 ὼς
1268 5376 1339 5431 τά
1372 5376 1543 5431 πολλὰ
1578 5376 1673 5430 καὶ
1702 5378 1730 5429 ὁ
1762 5376 1906 5439 θεῖος

297 5469 473 5525 Δαϐὶδ
518 5469 940 5536 κατευτελίζων,
967 5471 1062 5523 καὶ
1098 5473 1126 5523 ὀ
1161 5470 1326 5539 σοφὸς
1380 5469 1699 5540 μεγαλύνων
1748 5468 1908 5521 Σολο-

304 5562 450 5632 μὼν,
490 5561 591 5614 οὐκ
638 5562 890 5616 ἐναντίαν
926 5562 1181 5633 ἀλλήλοις
1254 5560 1645 5629 ἀντεισάγουσι
1713 5559 1905 5625 δόξαν

298 5654 366 5708 οὐ
405 5653 514 5725 γὰρ
543 5649 687 5710 οὗτοι
705 5655 864 5725 μόνον
882 5654 1141 5719 τοιαύτας
1186 5654 1494 5722 ἀποτάσεις
1535 5652 1668 5725 περὶ
1696 5652 1788 5705 τοῦ
1813 5654 1910 5704 ἀν-

301 5747 583 5816 θρωπείου
615 5745 807 5814 γένους
843 5747 1148 5813 ποιοῦνται,
1182 5746 1322 5800 ἀλλὰ
1363 5750 1457 5799 καὶ
1497 5744 1768 5816 πολλαχοῦ
1806 5744 1903 5813 ’ἧς

302 5837 462 5902 Θείας
506 5837 731 5909 Γραφῆς
762 5839 1042 5910 εὑρήσεις,
1081 5839 1242 5893 τοῦτο
1294 5838 1394 5910 μὲν
1426 5837 1753 5907 ἐπαίρουσαι
1806 5836 1904 5906 τὴν

2096 5375 2402 5429 Humanam
2442 5381 2697 5426 naturam
2764 5373 3086 5440 plerumque
3139 5380 3194 5425 et
3258 5369 3477 5424 divinus
3512 5368 3618 5421 Da-

2018 5470 2100 5522 vid
2140 5466 2290 5538 parvi
2323 5462 2531 5518 faciens
2587 5473 2642 5517 et
2674 5465 2893 5534 sapiens
2942 5461 3202 5516 Salomon
3258 5460 3616 5531 magnificans

2020 5576 2127 5615 nou
2162 5557 2444 5628 Oppositas
2484 5556 2623 5609 inter
2654 5571 2713 5610 se
2736 5555 3041 5609 sententias
3090 5552 3468 5607 introducunt.
3494 5550 3612 5605 Non

2017 5653 2162 5706 enim
2196 5651 2269 5705 illi
2296 5648 2643 5705 solummodo
2664 5648 2731 5700 de
2758 5649 2999 5701 humano
3026 5660 3225 5716 genere
3259 5644 3387 5698 talia
3425 5644 3613 5698 decla-

2016 5753 2160 5808 rant,
2192 5743 2284 5797 scd
2323 5741 2455 5796 etin
2503 5739 2783 5810 plerisque
2815 5754 2987 5793 sacra:
3014 5737 3314 5807 Scriptura:
3363 5736 3495 5790 locis
3530 5736 3613 5789 in-

2014 5838 2200 5890 venies
2246 5848 2366 5889 eam
2409 5832 2746 5889 attollentem
2806 5829 3029 5900 quidem
3054 5836 3295 5885 nostram
3330 5837 3607 5895 naturam,
