4134 6436
577 402 681 466 ilia

1742 395 2001 456 ΙἮΟΤΙΙ
2042 395 2557 456 ΡΛΤΒΙΛΒΟΠίΕ
2587 397 2697 456 GP.

3780 399 3878 462 116

574 528 771 568 rursus
804 518 982 564 autem
1013 523 1131 563 eam
1165 506 1586 578 vilipendentcm
1625 515 1675 557 et
1722 505 2121 574 ileprilnentem
2149 521 2168 568 ;

2287 505 2551 574 ἡμετέραν
2578 507 2761 574 φύσιν,
2799 507 2955 560 τοῦτο
2982 509 3037 562 δὲ
3080 511 3239 563 πάλιν
3272 510 3772 573 κατευτελίζουσαν
3790 516 3880 566 καὶ

574 617 676 657 nec
711 611 918 654 tantum
948 598 1256 666 Scriptura,
1293 597 1390 652 sed
1421 605 1476 650 et
1502 597 1817 666 quicunque
1850 601 2166 648 nostrorum

574 704 888 749 sanctorum
922 690 1145 744 Patrum
1184 703 1368 744 veram
1417 688 1743 756 sapientiam
1775 685 1900 739 inde
1945 685 2169 755 mystice

573 787 718 841 docti
762 794 914 849 sunt,
962 785 1206 838 diversas
1251 782 1553 837 sententias
1597 783 1663 833 de
1700 780 1942 833 humano
1969 795 2170 848 genere

575 887 901 940 statuentes,
929 892 1036 930 non
1071 891 1136 930 ea
1168 874 1567 928 sententiarum
1588 872 1892 926 differentia
1923 871 2171 925 rebellio-

576 988 700 1026 nem
727 979 823 1024 aut
849 984 1090 1040 pugnam
1137 969 1189 1022 ill
1225 982 1284 1022 se
1311 968 1460 1036 ipsos
1491 976 1545 1019 et
1576 966 1628 1017 ili
1675 964 1812 1018 alios
1865 963 2172 1017 concitasse

575 1065 852 1128 vide-itur,
895 1065 988 1116 sed
1032 1059 1384 1114 concordiam
1429 1066 1483 1111 et
1511 1065 1838 1112 concentum
1890 1065 2173 1108 servantes

578 1160 947 1230 leperiuntur.
971 1155 1258 1221 Quomodo
1287 1161 1469 1206 autem
1501 1166 1593 1204 eas
1624 1150 1936 1204 dillerentes
1953 1158 2175 1202 senten-

580 1256 686 1309 tias
721 1253 869 1307 nulla
896 1253 950 1306 ill
984 1252 1265 1304 veritatem
1290 1263 1468 1318 pugna
1490 1245 1874 1314 autOppositio
1889 1252 2172 1313 sequatur,

581 1348 710 1400 hinc
740 1344 900 1398 facile
933 1351 1017 1397 est
1047 1341 1367 1409 intelligere.
1401 1338 1681 1408 Duplicem
1723 1337 2174 1390 constitutionem

581 1441 745 1494 habet
776 1439 961 1502 homo,
993 1447 1044 1490 et
1069 1435 1342 1504 duplicem
1371 1432 1505 1486 vixit
1533 1432 1725 1494 vitam,
1762 1445 1924 1483 ullam
1951 1429 2173 1499 quidem

582 1543 710 1585 ante
747 1529 1252 1601 pl'zevaricationeln
1287 1537 1341 1580 et
1375 1526 1606 1580 alteram
1644 1531 1766 1593 post
1814 1524 2174 1578 violationem

581 1624 735 1693 legis.
791 1623 919 1691 Ejus
961 1632 1142 1676 autem
1183 1620 1504 1674 constitutio
1550 1634 1615 1671 ex
1671 1631 1774 1670 una
1807 1626 1961 1686 parte
2003 1617 2179 1671 lutum

580 1729 634 1772 et
663 1719 800 1774 cinis
829 1728 932 1783 est,
959 1734 1023 1772 ex
1053 1719 1221 1772 altera
1251 1717 1821 1784 veruomnipotentem
1849 1725 2099 1769 naturam
2127 1725 2180 1771 et

567 1812 653 1867 'i-is
680 1811 935 1865 omnibus
963 1826 1084 1880 quae
1113 1819 1240 1864 sunt
1291 1809 1653 1878 imperantem
1698 1809 1968 1862 imitatur.
2009 1807 2174 1874 Quae-

2270 597 2444 659 κάτω,
2469 597 2713 650 τιθεῖσαν
2735 615 2748 628 ·
2768 599 2827 651 ού
2865 601 3025 668 μόνον
3052 601 3109 652 δὲ
3141 602 3276 656 ἀλλά
3310 605 3405 656 καὶ
3444 605 3557 656 ὅσοι
3597 604 3715 656 τῶν
3747 607 3879 672 ἠμε-

2269 689 2444 758 τέρων
2488 690 2648 760 ἱερῶν
2675 691 2932 761 Πατέρων
2966 693 3176 746 ἐκεῖθεν
3209 695 3310 765 τὴν
3340 695 3598 766 ἀληθινὴν
3634 698 3883 766 ἐμυστα-

2269 783 2606 854 γωγήθησαν
2645 786 2859 853 σοφίαν,
2885 789 2977 839 καὶ
2998 782 3448 859 οὗτοιδιαφόρους
3465 790 3622 854 δόξας
3661 789 3884 857 θέμενοι

2272 876 2401 945 περὶ
2481 877 2542 928 τὸ
2615 877 2977 948 ἀνθρώπινον,
3043 881 3143 932 ούκ
3197 882 3256 932 ὲν
3316 881 3395 951 τῷ
3447 883 3703 952 διαφόρῳ
3778 882 3887 933 τῶν

2271 966 2644 1036 ψηφισμάτων
2682 970 2937 1040 στάσινῆ
2981 971 3164 1042 μάχην
3209 974 3348 1044 πρὸς
3375 975 3604 1036 ἑαυτοὺς
3659 976 3695 1044 ἢ
3749 975 3888 1044 πρὸς

2274 1060 2539 1131 ἀλλήλους
2568 1062 2850 1129 φαίνονται
2897 1066 3425 1132 ουνεισενεγκόντες,
3466 1065 3584 1118 ἀλλ’
3618 1067 3891 1136 ὁμόνοιαν

2274 1170 2334 1205 τε
2366 1155 2461 1206 καὶ
2494 1155 2815 1224 συμφωνίαν
2842 1156 3075 1226 ὁρῶνται
3106 1157 3601 1228 διαπεπραγμένοι.
3664 1160 3798 1220 Πῶς
3835 1160 3890 1210 ξέ

2275 1245 2511 1316 διάφορα
2540 1248 2998 1318 ἀποφαινομένων
3027 1249 3254 1317 οὐδεμία
3289 1252 3440 1319 μάχη
3476 1251 3507 1322 ἢ
3555 1252 3891 1305 ἐναντίωσις

2278 1338 2417 1410 πρὸς
2451 1340 2550 1411 τὴν
2581 1340 2840 1410 ἀλήθειαν
2864 1341 3248 1406 ἐπακολουθεῖ,
3274 1341 3524 1395 ἐντεῦθεν
3578 1342 3742 1395 ἔστιν
3794 1344 3896 1412 ρᾁ

2278 1431 2390 1484 διον
2459 1431 2666 1485 λαϐεῖν.
2719 1432 2922 1502 Διπλῆν
2978 1431 3076 1501 τὴν
3123 1435 3474 1504 κατασκευὴν
3519 1437 3547 1486 6
3589 1434 3892 1505 ἄνθρωπος

2280 1523 2416 1593 ἔχει,
2452 1525 2547 1578 καὶ
2581 1524 2807 1577 διπλοῦν
2851 1525 3239 1578 ἐπολιτεύσατο
3280 1525 3430 1595 βίον·
3468 1526 3560 1578 τὸν
3617 1526 3728 1597 μὲν
3785 1526 3896 1595 πρδ

2280 1619 2380 1686 τῆς
2417 1617 2806 1686 παραϐάσεως,
2847 1617 2939 1671 τὸν
2967 1618 3023 1671 δὲ
3060 1620 3200 1689 μετά
3232 1621 3331 1690 τὴν
3359 1618 3620 1690 ἀθέτησιν
3661 1620 3772 1690 τῆς
3802 1619 3893 1670 ἐν,

2280 1708 2440 1779 τολῆς
2465 1725 2478 1738 ·
2507 1711 2540 1777 ἡ
2575 1709 2630 1760 δὲ
2665 1709 3000 1780 κατασκευὴ,
3026 1710 3086 1763 τὸ
3113 1711 3212 1780 μὲν
3245 1711 3409 1766 αὐτού
3437 1712 3608 1782 πηλός
3642 1713 3770 1764 ἐστι
3802 1714 3896 1772 καὶ

2283 1805 2454 1866 κόνις,
2485 1803 2550 1855 τὸ
2604 1803 2661 1856 δὲ
2707 1805 2808 1872 τὴν
2841 1804 3357 1876 παντοκρατορικὴν
3412 1806 3508 1857 καὶ
3540 1804 3893 1874 δεσποτικὴ-ι

582 1919 801 1972 cunque
823 1903 1276 1974 igiturhomiuelll
1303 1902 1560 1955 attollunt
1579 1913 1633 1955 et
1659 1917 1876 1956 sursum
1901 1911 2172 1966 statuunt,

2287 1896 2385 1949 τῶν
2401 1896 2573 1949 ὅντων
2597 1896 2850 1948 ἁπάντων
2873 1895 3186 1962 ἐξεικονίζει
3208 1896 3368 1966 φύσιν
3392 1915 3405 1928 ο
3431 1899 3530 1951 ὅσα
3543 1894 3637 1952 οὖν
3664 1896 3897 1966 ἐπαίρει

584 1997 669 2051 vel
698 1997 746 2050 ei
773 1996 914 2049 data:
963 1995 1248 2064 dignitatis
1289 1994 1720 2065 magnitudinem
1762 1995 2046 2058 exhibent,
2095 1995 2179 2050 vel

583 2089 799 2143 beatam
859 2098 914 2142 et.
955 2088 1169 2143 felicem
1213 2096 1338 2142 ante
1393 2089 1905 2157 prazvaricationeln
1964 2092 2177 2156 vitam;

585 2197 927 2254 quacunque
948 2192 1128 2236 autem
1167 2185 1316 2237 illillll
1341 2183 1644 2252 depretiant
1667 2195 1720 2239 et
1750 2186 2082 2254 deprimunt,
2114 2203 2180 2241 ex

586 2295 693 2332 una
731 2289 887 2348 parte
917 2281 1063 2333 mala
1097 2291 1222 2348 post
1259 2281 1755 2349 transgressionem
1780 2282 1966 2349 gravia
1992 2291 2182 2336 osten-

583 2371 742 2434 dunt,
769 2385 834 2424 ex
863 2372 1032 2425 altera
1069 2387 1196 2426 vero
1228 2373 1380 2426 illum
1410 2388 1533 2427 esse
1571 2374 1852 2441 pulverem
1894 2374 2030 2426 etin
2073 2384 2183 2428 ter-

586 2480 704 2518 ram
745 2449 1005 2529 dissolvi,
1041 2467 1330 2521 manifeste
1374 2467 1776 2522 demonstrant.
1821 2467 1926 2522 Sed
1961 2470 2076 2522 llaec
2107 2469 2184 2521 di-

586 2571 766 2610 cnllns
799 2567 1056 2626 tanquam
1095 2559 1270 2625 prima
1305 2568 1358 2612 ct
1383 2560 1722 2613 dominantia
1758 2561 2028 2629 principia
2089 2562 2185 2615 de-

589 2649 916 2702 SCl‘lllcnlt'S.
955 2650 1030 2702 lix
1055 2650 1140 2704 his
1175 2662 1356 2704 autem
1397 2651 1566 2704 multa
1600 2661 1653 2704 et
1689 2651 1793 2705 alia
1829 2662 2131 2704 nascillllnr
2168 2669 2181 2705 :

589 2743 1006 2796 conterminum
1055 2753 1137 2796 cst
1169 2745 1314 2796 enim
1341 2744 1619 2813 quomodo
1661 2744 1824 2797 homo
1857 2758 1981 2796 cum
2010 2743 2186 2798 factus

589 2835 662 2888 sit
687 2844 741 2886 et
780 2835 972 2902 possit,
1005 2837 1048 2889 si
1086 2836 1232 2902 velit,
1267 2837 1405 2892 deus
1437 2837 1601 2901 eflici,
1634 2853 1732 2891 nec
1765 2837 1962 2890 habeat
1999 2853 2187 2891 neces-

587 2929 830 2992 sitatenl,
871 2929 914 2982 si
968 2929 1128 2992 velit,
1179 2931 1242 2983 ad
1291 2929 1478 3000 pejora
1534 2930 1683 2983 illilill
1727 2930 1986 2997 impetum
2027 2931 2188 2983 attol-

589 3021 791 3075 lentem
829 3032 1057 3086 vertere,
1095 3023 1241 3077 mille
1288 3023 1476 3078 laude's
1513 3024 1760 3077 obtinere
1817 3023 2016 3093 dignus
2076 3024 2186 3086 sit;

589 3115 826 3169 Stolidus
897 3126 1076 3170 autem
1120 3127 1174 3171 et
1214 3118 1432 3179 brutus,
1467 3132 1533 3170 ne
1575 3117 1751 3170 dicam
1810 3119 2186 3186 illiproborunl

585 3207 981 3264 daamoniorunl
1005 3211 1217 3264 malitiae
1231 3226 1460 3267 consors
1483 3212 1730 3278 effectus,
1753 3214 1900 3268 mille
1925 3213 2186 3284 subjicia-

584 3309 678 3354 tur
747 3303 1295 3371 exprobrationibus;
1362 3315 1416 3359 et
1476 3316 1602 3360 ante
1648 3307 1760 3362 lla:c
1822 3308 2008 3361 omnia
2060 3311 2184 3362 vitae

586 3395 958 3464 voluptatibus
981 3413 1045 3452 ac
1066 3399 1278 3454 deliciis
1314 3412 1549 3456 mentem
1587 3417 1874 3468 exercens,
1907 3405 2184 3460 sexcentis

585 3486 833 3554 quotidie
855 3488 1532 3557 circulllfundaturmalis,
1562 3496 1648 3545 vix
1677 3493 1978 3562 aliquando
2007 3496 2138 3550 illud
2167 3515 2180 3550 :

586 3576 815 3632 Vanitas
853 3581 1152 3635 vallitatum
1184 3591 1239 3636 et
1267 3583 1449 3637 omnia
1469 3583 1737 3638 vanitas”
1767 3585 1954 3639 valens
1985 3587 2186 3640 intelli-

587 3685 738 3740 gere.
767 3668 836 3725 Se
858 3680 1039 3724 autem
1072 3673 1282 3724 ratione
1305 3687 1334 3724 a
1366 3673 1567 3725 mundo
1584 3688 1878 3742 segregans
1903 3675 2040 3728 etab
2072 3690 2188 3728 om-

589 3763 756 3818 nibus
795 3780 917 3830 qnze
947 3765 998 3816 ili
1042 3765 1247 3818 mundo
1297 3765 1662 3820 cilcnlnStant
1715 3765 1896 3834 nugis,
1947 3768 2187 3820 maxima

592 3855 796 3909 fruitur
843 3856 1144 3924 voluptate,
1198 3866 1250 3911 et
1300 3867 1592 3926 antequam
1635 3855 1817 3909 futura
1864 3857 2002 3911 bona
2037 3875 2188 3912 asse-

590 3958 814 4015 quatur,
860 3954 1120 4016 tanquam
1150 3948 1384 4021 imagith
1425 3958 1479 4002 et
1516 3949 1780 4017 prieludio
1814 3948 1960 4004 illius
2005 3950 2190 4004 multa:

592 4040 870 4093 felicitatis
903 4041 1156 4108 praesenti
1208 4051 1456 4110 tempore
1497 4041 1720 4095 fruitur.
1786 4040 1970 4111 Neque
2027 4043 2190 4112 igitur

594 4145 748 4203 pater
794 4133 904 4187 lilio
945 4133 1290 4198 adversatur,
1344 4142 1518 4204 pater,
1562 4134 1810 4204 inquam,
1858 4134 2025 4189 David
2098 4152 2190 4190 sa-

598 4227 763 4296 pienti
796 4228 1101 4290 Salomoni,
1141 4227 1270 4281 dum
1313 4228 1451 4281 alter
1497 4227 1706 4293 laudat,
1742 4228 1876 4282 alter
1927 4244 2055 4283 vero
2095 4229 2193 4282 ilc-

598 4320 786 4386 pl'iulit
835 4319 1136 4385 hominem,
1175 4335 1353 4388 neque
1397 4319 1584 4374 divina
1621 4319 1907 4390 Scriptura
1942 4323 2046 4376 sibi
2086 4322 2190 4390 ipsi

601 4417 822 4479 pugnat,
854 4408 948 4462 sed
976 4425 1148 4478 neque
1179 4407 1402 4462 Patrum
1438 4419 1756 4463 n0slrorum
1816 4411 2036 4465 divinus
2057 4413 2193 4464 cllo-

598 4518 695 4557 rus
749 4518 895 4555 nunc
929 4501 1148 4570 quidem
1184 4501 1478 4555 humanam
1507 4512 1759 4556 naturam
1795 4504 2190 4568 deificantium,

2277 1987 2370 2040 τὸν
2397 1987 2688 2056 ἄνθρωπον
2723 1988 2815 2039 καὶ
2845 1988 2958 2041 ἀνω
2983 1988 3216 2057 ἵστησιν,
3243 1987 3275 2060 ἢ
3307 1988 3402 2042 τοῦ
3431 1988 3686 2051 δοθέντος
3736 1987 3892 2056 αὐτῷ

2280 2078 2596 2148 ἀξιώματος
2650 2080 2711 2131 τὸ
2752 2079 2987 2148 μέγεθος
3026 2081 3388 2149 ὑπεμφαίνει,
3425 2080 3459 2150 ἥ
3493 2081 3585 2133 τὸν
3627 2080 3745 2150 πρὸ
3795 2080 3898 2148 τῆς

2281 2171 2652 2241 παραὸἀσεως
2674 2170 2947 2241 μακάριον
2966 2172 3060 2224 καὶ
3089 2172 3382 2241 εὐδαίμονα
3403 2172 3516 2240 βίον
3535 2188 3549 2202 ο
3582 2172 3690 2224 ὃσα
3714 2170 3772 2224 δὲ
3804 2169 3896 2222 εύ-

2281 2264 2482 2329 τελίζει
2512 2264 2606 2317 καὶ
2631 2264 2782 2318 κάτω
2803 2263 3008 2334 τίθησι,
3046 2263 3206 2316 τοῦτο
3238 2263 3338 2334 μὲν
3368 2265 3436 2317 τὰ
3465 2264 3606 2334 μετᾶ
3640 2265 3751 2331 τὴν
3779 2279 3894 2316 πα-

2288 2355 2519 2426 ράϐασιν
2543 2354 2760 2425 τίθησιν
2799 2355 3049 2421 ἀλγεινὰ,
3088 2355 3246 2409 τοῦτο
3273 2355 3330 2408 δὲ
3357 2357 3454 2408 καὶ
3481 2357 3563 2409 ὃτι
3595 2356 3732 2425 χοῦς
3775 2356 3892 2408 ἐστι

2285 2450 2378 2501 καὶ
2410 2449 2489 2510 εἰς
2511 2451 2613 2517 γῆν
2647 2448 2888 2512 ἀναλύει,
2913 2448 3243 2518 παρίστησιν
3270 2447 3482 2516 σαφῶς.
3528 2447 3697 2499 Ἀ).λά
3715 2447 3895 2500 ταῦτα

2285 2557 2466 2610 φαμεν
2502 2541 2666 2592 οἱονεὶ
2697 2539 2798 2602 τὰς
2849 2540 3075 2609 πρώτας
3110 2541 3205 2592 καὶ
3235 2539 3582 2609 κυριωτάτας
3636 2539 3894 2609 ἀναγράο

2287 2647 2477 2699 φοντες
2507 2631 2707 2701 ἀρχάς.
2747 2631 2844 2685 Ἐκ
2869 2631 2925 2682 δὲ
2949 2632 3156 2684 τούτων
3173 2630 3342 2684 πολλά
3373 2633 3468 2684 καὶ
3491 2631 3628 2684 ἄλλα
3649 2631 3856 2700 φύεται
3875 2647 3890 2660 ·

2289 2719 2542 2789 μεθόριον
2570 2719 2678 2789 γὰρ
2700 2719 2890 2789 ὥσπερ
2916 2723 2942 2772 6
2965 2720 3251 2792 ἄνθρωπος
3273 2719 3514 2790 γεγονὼς
3537 2721 3630 2774 καὶ
3659 2721 3894 2789 δυνάμε-

2287 2831 2376 2875 νος
2418 2813 2578 2882 εἴπερ
2610 2811 2853 2881 βούλοιτο
2882 2813 3174 2884 θεωθῆναι,
3225 2814 3324 2865 ούκ
3369 2813 3511 2883 έχων
3538 2813 3594 2866 δὲ
3637 2814 3894 2882 ἀνάγκην

2287 2907 2351 2960 ἄν
2374 2922 2478 2978 περ
2503 2904 2746 2973 βούλοιτο
2777 2904 2912 2975 πρὸς
2941 2903 3012 2955 τά
3039 2904 3206 2973 χείρω
3242 2903 3404 2974 ῥέψαι
3447 2904 3894 2957 ἀναστέλλουσαν

2287 3001 2386 3070 τὴν
2419 2998 2614 3070 ὁρμὴν,
2649 2997 2942 3067 θεούμενος
2974 2998 3072 3068 μὲν
3095 2999 3201 3050 τῶν
3222 2998 3432 3069 μυρίων
3457 2998 3701 3052 ἐπαίνων
3739 2996 3894 3064 ἄξιός

2290 3093 2408 3143 ἐστι
2443 3091 2756 3160 τυγχάνειν,
2799 3090 3268 3160 ἀποθηριούμενος
3282 3091 3337 3144 δέ
3363 3092 3456 3144 καὶ
3479 3092 3770 3162 κτηνώδης
3801 3107 3894 3159 γε-

2291 3184 2538 3255 νόμενος,
2599 3185 2686 3238 ἵνα
2734 3183 2809 3254 μὴ
2869 3183 3016 3251 λέγω
3068 3186 3133 3254 τῇ
3165 3183 3275 3236 τῶν
3328 3184 3590 3254 πονηρῶν
3615 3184 3896 3258 δαιμόνων

2291 3276 2786 3347 παραμιλλώμενος
2817 3277 3006 3347 κακίᾳ,
3035 3276 3249 3347 μυρίοις
3273 3277 3639 3333 ὑποϐάλλεται
3666 3279 3892 3349 ψόγοιςο

2290 3373 2385 3425 καὶ
2425 3370 2530 3441 πρό
2547 3386 2612 3438 γε
2646 3369 2839 3422 τούτου
2867 3372 2997 3440 περ).
3053 3371 3122 3422 τὰ
3179 3371 3238 3422 ἐν
3268 3370 3345 3440 τῷ
3386 3371 3486 3441 βίῳ
3530 3375 3744 3444 τερπνά
3797 3373 3891 3425 καὶ

2289 3466 2420 3536 ἡδέα
2453 3464 2544 3517 τὸν
2569 3463 2693 3517 νοῦν
2719 3463 3179 3534 ἐνησχολημένος,
3234 3465 3456 3534 μυρίοις
3492 3465 3617 3518 καθ’
3649 3468 3895 3537 ἑκάστην

2290 3543 2692 3626 περιαντλεῖται
2725 3557 2914 3618 κακοῖς
2939 3571 2952 3586 ο
2989 3554 3141 3624 μόλις
3176 3555 3306 3608 ποτὲ
3327 3555 3386 3607 τὸ
3409 3557 3730 3628 ματαιότης
3791 3573 3893 3628 μα-

2288 3649 2611 3719 ταιοτὴτων,
2636 3647 2703 3699 τὰ
2730 3647 2905 3700 πάντα
2934 3648 3254 3716 ματαιότηξ,
3285 3647 3580 3720 δυνάμενος
3623 3651 3855 3704 συνιδεῖν
3875 3665 3891 3679 ⁸

2291 3743 2484 3796 ἐαυτὸν
2514 3743 2572 3795 δὲ
2600 3739 2842 3812 τῷλόγῳ
2887 3741 3138 3812 χωρίζων
3169 3741 3262 3794 τοῦ
3299 3743 3529 3813 κόσμου,
3575 3745 3670 3797 καὶ
3703 3744 3816 3796 τῶν
3835 3745 3892 3795 ἐν

2290 3837 2368 3907 τῷ
2392 3836 2586 3906 κόσμῳ
2612 3834 2991 3905 περιστάσεων
3044 3835 3140 3887 καὶ
3189 3835 3522 3906 ἀδολεσχιῶν
3545 3837 3645 3906 τῆς
3677 3838 3762 3889 ὅτι
3791 3835 3896 3906 μά-

2290 3930 2448 3982 λιστα
2480 3927 2830 3997 εὐδαιμονίας
2857 3926 3123 3981 ἀπολαύει
3150 3948 3160 3957 -
3203 3928 3298 3980 καὶ
3330 3928 3436 3998 πρὸ
3459 3929 3552 3980 τού
3578 3931 3764 3998 τυχεῖν
3791 3926 3895 3979 τῶν

2294 4021 2504 4076 ἐκεῖθεν
2530 4021 2606 4080 ὼς
2648 4020 2706 4070 ἐν
2772 4019 2943 4072 εἰκόνι
2970 4017 3048 4088 τῷ
3097 4019 3352 4090 παρόντι,
3388 4019 3483 4074 καὶ
3521 4021 3580 4072 ὲν
3625 4020 3896 4092 προοιμίῳ

2294 4114 2498 4182 πολλῆς
2524 4112 2621 4182 τῆς
2654 4110 3059 4182 μακαριότητος
3099 4112 3371 4182 ἐντρυφᾷ·
3416 4113 3560 4166 ὥστε
3583 4111 3708 4165 οὔτε
3743 4114 3772 4165 ὁ
3797 4128 3893 4163 πα-

2292 4209 2396 4277 τὴρ
2424 4206 2502 4276 τῷ
2533 4205 2687 4258 παιδὶ
2735 4205 2992 4274 μάχεται,
3026 4205 3054 4256 6
3086 4203 3398 4275 θεοπάτωρ,
3443 4207 3614 4276 φημὶ,
3638 4206 3804 4259 Δαϐὶδ
3825 4203 3896 4264 τῷ

2296 4298 2446 4368 σοφῷ
2500 4297 2828 4366 Σολομῶντι,
2862 4298 2889 4349 6
2925 4297 3023 4366 μὲν
3075 4296 3338 4361 ἐπαινῶν,
3377 4298 3406 4349 6
3435 4296 3489 4349 δὲ
3515 4300 3777 4364 κατάγων
3807 4297 3894 4348 τὶν

2294 4390 2606 4459 ἄνθρωπον,
2645 4385 2768 4440 οὔτε
2793 4389 2825 4457 ἡ
2846 4387 2965 4439 θεία
2992 4388 3185 4459 Γραφὴ
3203 4387 3532 4458 διαμάχεται
3552 4390 3743 4460 ἑαυτῇ,
3775 4387 3895 4441 ἀλλ’

2294 4481 2414 4535 ούδέ
2447 4481 2554 4533 τῶν
2579 4479 2838 4550 Πατέρων
2857 4479 3017 4549 ἡμῶν
3048 4480 3076 4532 6
3105 4479 3246 4543 θεῖος
3275 4481 3460 4553 χορὸς,
3493 4481 3626 4534 ποτὲ
3675 4481 3776 4551 μὲν
3799 4481 3894 4549 τὴν

597 4607 743 4646 nunc
769 4602 950 4645 autem
981 4591 1134 4660 parvi
1155 4591 1532 4658 pendentium,
1558 4602 1611 4646 et
1644 4593 1708 4647 ad
1740 4593 1988 4647 ultimam
2014 4595 2183 4648 vilita-

2301 4573 2588 4645 ἀνθρώπου
2608 4573 2984 4638 ἐκθειάζοντες
3019 4573 3205 4642 φύσιν,
3244 4575 3375 4627 ποτέ
3403 4575 3461 4628 δὲ
3492 4576 3894 4640 κατευτελίζονο

598 4693 705 4739 telll
737 4686 1118 4753 redigelltium.
1151 4683 1215 4737 Et
1249 4685 1506 4752 sepositis
1538 4701 1659 4754 qu.e
1695 4686 1840 4740 dicta
1877 4696 2026 4752 sunt,
2055 4702 2195 4757 quu-

596 4778 762 4828 modo
841 4775 1092 4844 corporis
1151 4773 1467 4829 affectiones
1524 4785 1579 4828 et
1629 4776 1945 4844 quotidiana
2010 4785 2196 4830 nostra

597 4867 798 4921 damna
854 4885 960 4920 non
1047 4883 1148 4921 nos
1212 4868 1628 4936 deprimerent?
1668 4868 1966 4921 Cullversio
2013 4880 2196 4922 autem

598 4962 797 5014 mentis
827 4961 892 5015 ad
945 4961 1462 5030 contemplationem
1511 4969 1566 5014 et
1603 4977 1857 5030 superna:
1908 4962 2201 5030 voluptatis

600 5056 917 5122 puritatem,
968 5056 1248 5126 quomodo
1309 5067 1555 5110 nostram
1595 5055 1761 5110 vitam
1821 5071 1931 5110 non
1981 5056 2196 5111 beatam

599 5163 662 5204 ac
695 5147 907 5205 felicem
960 5161 1280 5220 ρι’ωεοὶιιιόιιι
1307 5151 1329 5202 ?

1095 5308 1426 5377 QUASSTIO
1456 5309 1524 5363 x.

673 5403 850 5471 Quare
900 5404 1225 5459 dwmom‘acu
1293 5407 1474 5457 morbo
1527 5412 1867 5472 a’grotalites,

1099 5475 1420 5545 evangelista
1447 5484 1595 5529 vocat
1634 5478 1660 5530 ?

1939 5403 2200 5458 lunatin

2299 4684 2393 4730 τες
2428 4669 2522 4719 καὶ
2546 4669 2625 4729 εἰς
2645 4665 2875 4736 ἔσχατον
2899 4665 3427 4734 συγκατακλείοντες
3471 4671 3862 4738 ταπεινότητος
3879 4679 3893 4692 ⁸

2299 4764 2395 4814 καὶ
2435 4759 2603 4830 χωρὶς
2653 4759 2709 4812 δὲ
2741 4759 2850 4812 τῶν
2892 4758 3206 4829 εἰρημένων
3238 4758 3305 4812 τὰ
3352 4759 3484 4830 περὶ
3529 4761 3588 4813 τὸ
3625 4761 3895 4830 σωμάτιον

2301 4852 2454 4920 παθη
2489 4853 2584 4903 καὶ
2608 4852 2662 4902 αἱ
2695 4851 3068 4921 καθημεριναὶ
3098 4849 3275 4903 λῶϐαι
3329 4851 3448 4914 πῶς
3497 4851 3558 4904 ού
3597 4847 3895 4905 κατευτελίσ

2303 4943 2458 5006 ζουσι
2484 4942 2551 4994 τὰ
2582 4942 2869 5012 ἡμετερας
2899 4943 2932 5009 ἡ
2968 4941 3025 4994 δὲ
3045 4943 3182 5012 πρὸς
3213 4941 3446 5012 θεωρίαν
3467 4945 3775 5020 ἐπιστροφὴ
3810 4945 3893 5002 τοῦ

2308 5033 2402 5087 νοῦ
2445 5033 2540 5086 καὶ
2569 5034 2629 5086 τὸ
2654 5033 2864 5086 ἐκεῖθεν
2893 5033 2992 5103 τῆς
3019 5034 3216 5105 ἡδονῆς
3240 5035 3506 5106 καθαρὸν,
3562 5039 3684 5102 πῶς
3710 5042 3768 5093 οὺ
3795 5057 3895 5112 μα-

2311 5130 2510 5199 καρίαν
2578 5127 2736 5198 ἡμῶν
2803 5128 2896 5180 καὶ
2952 5127 3249 5198 εὐδαίμονα
3309 5129 3410 5200 τὴν
3464 5129 3741 5187 πολιτείαν
3771 5135 3897 5188 61:0-

2312 5222 2620 5274 δεικνύουσι
2648 5240 2661 5288 ;

2897 5314 3233 5367 ΕΡΩΤΙΙΣΙΣ
3261 5313 3322 5372 1'.

2318 5409 2376 5461 Τί
2406 5407 2482 5474 δή
2513 5405 2854 5478 ποτεῌτοὺς
2914 5405 3196 5473 δαιμονίᾳ
3252 5407 3419 5478 νόσῳ
3460 5410 3893 5478 κακουμένους,

2399 5475 2950 5545 σεληνιαζομένους
2981 5480 3012 5530 o'
3031 5477 3475 5546 εὺαγγελιστὴς
3507 5475 3818 5549 ὁνομὶὶζει;

724 5592 874 5647 Edita
903 5610 929 5644 a
960 5594 1106 5656 Maio,
1139 5596 1174 5644 l.
1208 5611 1250 5646 c.
1287 5611 1333 5660 p.
1369 5596 1515 5657 9-10;
1542 5598 1817 5660 explanans
1846 5610 1936 5646 cur
1962 5597 2269 5660 evangelista
2298 5595 2494 5659 (Matth.
2521 5608 2587 5655 lv,
2617 5594 2703 5655 ll;
2727 5607 2847 5654 xvll,
2873 5592 2954 5655 14)
2977 5591 3311 5642 daamoniacos
3333 5602 3483 5643 vocet
3514 5593 3780 5645 lunaticos.

701 5702 996 5760 Lunaticos
1017 5705 1351 5774 evangelista
1377 5721 1406 5760 a
1425 5707 1676 5761 dzemone
1716 5705 1976 5760 obsessos
2029 5714 2214 5769 vocat,

613 5809 718 5848 non
766 5797 947 5852 lunam
991 5799 1296 5855 alfectionis
1356 5815 1580 5856 causam
1651 5799 1962 5869 assignans,
2019 5811 2196 5867 neque

684 5908 726 5938 ⁸³
762 5909 940 5970 Eccle.
980 5931 1016 5983 ι,
1059 5915 1093 5968 2

2394 5702 2890 5774 Σεληνιαζομένους
2950 5702 2979 5755 6
3033 5699 3425 5769 εύαγγελιστὴς
3474 5701 3604 5764 τοὺς
3653 5699 3896 5772 δαιμονία

2309 5794 2574 5864 κατόχους
2638 5791 2896 5863 ὀνομάζει
2955 5792 3115 5862 νόσῳ,
3176 5791 3295 5860 ούχὶ
3332 5789 3432 5860 τὴν
3471 5788 3705 5862 σελήνην
3727 5789 3896 5843 αὶτίἅν
