4134 6460
549 413 567 475 1
591 411 649 474 l9
1706 416 1966 475 ΡΙΙΟΤΙΙ
2009 417 2150 477 ΡΑΤ

2253 417 2517 477 ARCIL‘E
2546 418 2655 478 CP.
3768 409 3869 474 120

543 530 810 585 daemonia
835 530 1171 598 speculantia
1209 532 1352 587 luna}
1368 532 1567 602 phases
1599 543 1728 589 tunc
1777 534 1936 588 nobis
1967 534 2150 591 acrius

2257 531 2408 585 αἴτια
2437 531 2506 584 τὰ
2536 530 2677 584 καλά
2738 527 2831 582 τοῦ
2889 528 3025 582 Θεοῦ
3079 529 3552 598 δημιουργήματα
3587 524 3870 578 πείσωσιν

544 619 804 676 insultent
831 630 886 674 et
928 621 981 674 in
1024 637 1124 676 nos
1163 624 1506 694 tyrannidem
1539 634 1855 679 exerceant.
1885 625 2138 678 Attamen

2253 624 2512 687 ὅπονοεῖν,
2547 622 2803 677 κάκεῖθεν
2840 621 3312 692 βλασφημήσωσιν
3339 621 3430 673 τὸν
3465 616 3866 688 Δημιουργύν.

544 713 670 780 quia
705 713 874 769 multa
898 714 1039 769 dicta
1076 726 1226 780 sunt,
1267 715 1513 786 nihilque
1569 718 1676 787 piis
1730 717 2015 787 principiis
2043 717 2142 770 ad-

2253 716 2391 770 Ἀλλ’
2421 712 2576 781 οὗτος
2609 716 2710 788 μὲν
2739 719 2768 769 6
2796 717 2952 783 λόγος
2983 715 3044 768 οὐ
3093 714 3184 768 διὰ
3209 714 3263 764 τί
3289 714 3565 783 κέχρηται
3624 709 3865 778 τοιαύτῃ

545 814 812 872 versetur,
845 807 1084 878 quisque
1121 823 1244 863 eam
1303 825 1469 879 quam
1535 810 1771 864 voluerit
1819 810 2134 880 opinionem

2253 806 2380 873 ιὲξει
2411 806 2441 858 6
2487 806 2630 868 θεῖος
2670 805 2966 868 ἀπόστολος
3020 804 3248 874 γνώμην
3305 805 3515 870 εἰσάγει
3547 815 3563 829 ⁸
3625 799 3779 853 ἀλλά
3822 803 3874 853 τί

547 905 829 966 sequatur.
2235 901 2435 971 δήποτε
2482 899 2845 970 ἐφεδρεύοντα
2874 899 2944 952 τὰ
3003 899 3257 967 δαιμόνια
3285 896 3385 966 τῆς
3432 895 3692 965 σελήνης
3744 895 3875 996 τοὺς

547 989 794 1059 καιροὺς,
827 989 950 1042 τότε
1009 988 1133 1042 καθ’
1157 988 1312 1060 ἡμῶν
1366 987 1724 1059 σφοδρότερον
1769 988 2014 1058 ὲπιπηδᾷ
2047 989 2140 1040 καλ⁸
2175 989 2274 1058 τὴν
2303 991 2593 1061 τυραννίδα
2615 989 2896 1061 κρατύνει.
2926 988 3074 1058 Πλὴν
3110 985 3320 1040 πολλῶν
3376 985 3716 1055 εἰρημένων
3782 985 3877 1032 καὶ

547 1079 762 1143 οὐδενὸς
822 1078 898 1149 τῷ
945 1079 1261 1134 εύσεδοῦντι
1327 1079 1736 1150 διαμαχομένου
1778 1078 2026 1148 λογισμῷ
2047 1114 2062 1142 ,
2097 1079 2156 1132 τὸ
2191 1079 2392 1155 δοκοῦν.
2411 1080 2627 1151 ἑκάστῳ
2648 1078 2809 1132 τοῦτο
2839 1077 2936 1132 καὶ
2967 1076 3262 1147 κρατείτω.

1117 1194 1448 1262 ρυλεδτιυ
1475 1197 1562 1253 XI.

2819 1191 3152 1248 ΕΡΩΊῚΙΣΙΣ
3184 1191 3289 1243 IA'.

553 1284 735 1366 Quare
767 1302 884 1368 cunt
912 1286 1148 1368 Adfatus
1173 1303 1436 1356 peccasset
1464 1301 1513 1345 et
1539 1292 1720 1344 mortis
1752 1307 1955 1359 poenam
1979 1291 2150 1368 incur-

2261 1290 2364 1346 Διὰ
2393 1289 2450 1343 τί
2466 1289 2572 1368 {at}
2613 1287 2796 1368 Ἀδὰμ
2840 1286 3256 1368 ῇμαρτηκότος
3285 1281 3384 1368 καί
3414 1281 3481 1334 τὸ
3519 1279 3647 1368 conj

631 1357 801 1419 risset,
831 1358 1114 1433 ejusﬁlitts
1139 1348 1227 1429 qui
1256 1377 1356 1413 non
1376 1364 1607 1429 peccavit
1633 1348 1802 1415 tamen
1831 1374 1951 1414 ante
1980 1363 2150 1432 ipsum

2331 1379 2436 1413 του
2467 1348 2801 1433 δεξαμένού
2834 1348 3154 1433 sati/nega
3203 1357 3236 1408 ὁ
3277 1353 3492 1406 τούτου
3519 1350 3683 1416 παῖς
3715 1348 3875 1416 μηδὲ

628 1437 850 1480 mortem
877 1428 1092 1483 subierit
1111 1447 1132 1494 ;
1154 1428 1158 1429 ⁷
1378 1428 1383 1429 ⁷
2001 1428 2010 1432 ⁷

2337 1429 2685 1499 ἡμαρτηκὼς
2720 1428 3089 1496 προτελευτᾷ
3116 1441 3135 1489 ,°

1733 1581 1871 1630 Edita
1902 1595 1930 1630 a
1963 1577 2106 1637 .‘Jaio,
2130 1577 2208 1626 loc
2249 1573 2355 1633 cit.,
2389 1587 2438 1635 p.
2476 1571 2636 1620 10-12.

2337 1685 2394 1738 '0
2422 1685 2519 1754 μὲν
2571 1681 2872 1753 βαρύτερος
2920 1679 3017 1732 καὶ
3068 1676 3400 1748 ὑψηλότερος
3466 1675 3602 1747 περὶ
3667 1673 3874 1728 τούτου

2261 1779 2418 1846 λόγος
2468 1776 2869 1846 ὲμφιλοχωρεῖν
2900 1772 3032 1835 ίσως
3073 1773 3155 1835 εἰς
3183 1770 3281 1841 τὴν
3308 1769 3418 1822 τῶν
3449 1769 3616 1823 θείων
3653 1767 3874 1836 κριμά-

2253 1888 2361 1924 των
2415 1867 2589 1923 ὲθέλει
2642 1867 2897 1930 ἄϐυσσον,
2927 1866 3056 1928 τοὺς
3096 1861 3469 1934 ἀνθρωπίνους
3492 1861 3684 1913 λιπὼν
3719 1859 3872 1925 λογι-

2255 1965 2450 2034 σμοὺς,
2482 1961 2619 2032 πλὴν
2644 1961 2746 2014 ὅσα
2787 1959 2880 2012 καὶ
2939 1959 3020 2020 είς
3053 1955 3330 2026 ἡμετέραν
3375 1953 3580 2022 γνῶσιν
3616 1950 3869 2016 κατέϐη.

2252 2057 2536 2128 Λαμϐάνει
2564 2053 2664 2124 μὲν
2701 2051 2873 2121 ’Λδὰμ
2903 2050 2965 2102 τὸ
3013 2048 3311 2117 ἐπιτίμιον,
3340 2045 3694 2118 προτελευτᾷ
3739 2043 3801 2095 δὲ
3841 2045 3872 2141 6

2251 2149 2442 2202 τούτου
2477 2148 2628 2208 παῖς,
2655 2145 2744 2198 ἵνα
2765 2145 2877 2206 τοῖς
2928 2141 3228 2211 ὀφθαλμοῖς
3250 2139 3278 2191 6
3309 2137 3614 2198 ὑπεύθυνος
3651 2135 3720 2187 τὸ
3769 2135 3867 2186 τοῦ

2254 2241 2486 2294 Θανάτου
2517 2237 2654 2308 βαρὺ
2690 2236 2784 2289 καὶ
2816 2233 3087 2287 ἐπώδυνον
3131 2231 3402 2302 καθορῶν,
3436 2231 3515 2292 είς
3543 2227 3868 2294 συναίσθηο

2254 2350 2339 2386 σιν
2375 2333 2474 2402 μὲν
2513 2331 2716 2401 μᾶλλον
2757 2327 2855 2381 τοῦ
2911 2325 3308 2395 ἁμαρτήματος
3339 2323 3610 2392 καταστῇ,
3649 2322 3740 2382 είς
3768 2319 3866 2386 φο-

635 1680 958 1738 Ριόίίιηάἰοι·
986 1694 1039 1740 et
1063 1688 1330 1745 excelsior
1355 1689 1423 1745 de
1464 1691 1568 1747 bac
1620 1708 1682 1748 re
1729 1709 1910 1749 sermo
1964 1691 2151 1747 forsan

561 1772 770 1844 ingredi
818 1775 1130 1834 libenterin
1156 1781 1468 1838 divinorum
1507 1785 1839 1854 judiciornm
1890 1785 2150 1856 abyssum

563 1864 699 1928 vult,
758 1865 1027 1924 humanas
1077 1873 1376 1929 sententias
1433 1891 1726 1945 superans,
1785 1877 2029 1945 exceptis
2084 1875 2152 1931 iis

562 1971 684 2022 qua:
732 1957 798 2010 ad
843 1968 1088 2016 nostram
1138 1965 1504 2035 cognitionem
1549 1970 1904 2025 devenerunt.
1942 1971 2154 2040 Accipit.

563 2047 784 2114 quidem
846 2051 1089 2109 Adamus
1130 2071 1286 2110 suam
1317 2074 1558 2128 poenam,
1593 2062 1769 2116 oritur
1808 2074 1991 2118 autem
2029 2063 2151 2134 ejus

564 2139 728 2208 tilius,
774 2152 832 2198 ut
886 2144 1001 2214 ipse
1029 2148 1156 2203 mali
1185 2159 1375 2206 auctor
1423 2155 1542 2208 suis
1584 2154 1760 2211 oculis
1787 2157 1978 2212 mortis
2017 2172 2152 2227 pon-

562 2233 666 2289 dus
695 2242 748 2288 et
774 2237 1116 2294 aﬂlictionem
1166 2242 1405 2312 intuens,
1472 2247 1538 2301 ad
1585 2248 1997 2317 intelligentiam
2030 2248 2151 2304 cul-

562 2337 644 2390 pae
682 2325 857 2394 magis
889 2327 1140 2384 deveniat
1181 2347 1196 2397 ;
1253 2341 1312 2387 ut
1369 2345 1515 2391 metu
1557 2347 1610 2391 et
1660 2353 1865 2408 angore
1925 2353 2152 2409 pressus

2184 1736 2225 1790 Β

561 2415 876 2482 poenitentia
919 2429 973 2476 et
1009 2421 1196 2478 dolore
1216 2425 1436 2482 sceleris
1462 2429 1569 2483 sibi
1616 2431 1920 2485 molliorem
1961 2433 2154 2486 reddat

562 2517 801 2572 pinnam.
831 2505 1022 2564 Omnis
1056 2510 1203 2566 enim
1247 2517 1627 2591 comminatio,
1654 2519 1835 2573 omnis
1884 2521 2150 2577 intentata

561 2609 722 2665 paena
749 2607 878 2654 tunc
909 2601 1162 2656 timidum
1202 2606 1380 2660 reddit
1406 2649 1422 2673 ,
1443 2623 1568 2663 cum
1601 2610 1857 2666 alicunde
1879 2613 2148 2668 malorum

561 2689 898 2754 experientia
928 2693 982 2746 in
1009 2709 1226 2749 reorum
1249 2698 1496 2752 notitiam
1549 2703 1720 2756 venit.
1781 2702 1970 2774 Neque
2001 2705 2148 2760 enim

562 2779 608 2833 si
643 2796 752 2835 non
816 2793 1092 2840 morttmm
1142 2788 1386 2846 Adamus
1447 2793 1620 2846 lilittm
1673 2795 1935 2863 novisset,
1976 2815 2153 2864 neque

562 2872 745 2926 omnia
779 2889 902 2944 qua:
955 2893 1102 2933 mors
1168 2895 1355 2935 secum
1409 2883 1566 2939 aliert
1622 2885 1889 2942 horrenda
1939 2890 2152 2944 consei-

560 2961 750 3030 visset,
801 2983 908 3022 non
956 2969 1107 3024 illum
1203 2988 1457 3045 magnum
1505 2984 1560 3031 et
1609 2978 1812 3033 auxilio
1873 2990 2150 3036 carentem

2253 2425 2346 2477 60v
2383 2425 2441 2477 δὲ
2504 2425 2598 2476 καὶ
2643 2421 2883 2488 ἀγωνίαν
2923 2418 3120 2487 ἐμϐὰς,
3154 2414 3487 2486 μεταμελείᾳ
3530 2413 3628 2466 καὶ
3661 2411 3864 2464 πένθει

2251 2515 2345 2571 τοῦ
2385 2515 2748 2586 τολμηθέντος
2808 2510 2982 2582 ἐαυτῷ
3044 2508 3407 2580 καταπραΰνῃ
3474 2505 3574 2577 τὴν
3620 2506 3862 2574 ποινήν

2252 2610 2348 2664 καὶ
2375 2608 2485 2679 γὰρ
2509 2609 2660 2660 πᾶσα
2691 2606 2788 2676 μὲν
2815 2603 3035 2672 ἀπειλὴ,
3072 2603 3226 2655 πᾶσα
3277 2600 3333 2653 δὲ
3374 2595 3860 2665 ὲπανατεινομένη

2251 2705 2373 2774 δίκη
2399 2702 2521 2755 τότε
2544 2701 2869 2755 καθίσταται
2911 2697 3165 2770 φοϐερὸν,
3211 2694 3375 2766 ἡνίκα
3408 2692 3572 2746 ποθὲν
3602 2695 3638 2761 ἡ
3685 2694 3862 2760 πεῖρα

2249 2796 2358 2849 τῶν
2383 2795 2576 2850 δεινῶν
2623 2796 2704 2858 είς
2757 2792 2957 2862 γνῶσιν
2991 2791 3135 2844 ἔλθοι
3179 2788 3292 2842 τῶν
3329 2787 3691 2842 ὑπευθύνων
3732 2784 3858 2838 οὐδὲ

2253 2890 2364 2960 γὰρ
2389 2888 2501 2942 οὐδ’
2554 2889 2602 2940 εί
2659 2887 2734 2958 μὴ
2787 2885 3089 2955 τεθνηκότα
3116 2885 3144 2936 6
3191 2881 3368 2952 Ἀδὰμ
3391 2880 3510 2951 ᾔδει
3531 2878 3624 2931 τὸν
3654 2875 3856 2936 παῖδα.

2252 2981 2361 3033 οὐδ’
2381 2980 2446 3032 ἂν
2473 2977 2582 3032 οὐδ’
2609 2979 2750 3031 δσαὸ
2773 2977 3002 3037 θάνατος
3026 2971 3448 3041 συνεπιφέρεται
3479 2969 3692 3039 φρικτά
3724 2982 3855 3019 συν-

560 3073 812 3129 agonem,
855 3077 964 3115 non
999 3064 1202 3120 mentis
1253 3068 1646 3138 tnrbationem,
1678 3089 1786 3127 non
1821 3073 1939 3144 ejus
1966 3091 1996 3129 a
2024 3090 2150 3130 cor-

2253 3073 2390 3144 ῄδει,
2426 3073 2487 3126 ού
2515 3071 2606 3124 τὸν
2641 3071 2809 3124 πολὺν
2840 3071 3047 3122 ἐκεῖνον
3079 3067 3170 3119 καὶ
3213 3063 3519 3136 ἀϐοήθητον
3544 3061 3764 3132 ἀγῶνα,
3792 3059 3854 3112 ού

561 3166 694 3220 pore
721 3156 1143 3223 separationem,
1176 3175 1282 3215 non
1340 3178 1682 3235 quaecunque
1705 3168 1810 3221 alia
1845 3180 2150 3238 sequuntur

558 3243 978 3303 dissolutionem
1019 3260 1074 3304 et
1109 3253 1582 3323 putrefactionem,
1617 3260 1956 3328 pestilentem
2015 3261 2150 3316 odo-

559 3351 695 3404 rem,
725 3347 779 3394 et
809 3341 1110 3412 pulverem,
1166 3352 1221 3400 ct
1249 3349 1458 3403 saniem
1485 3359 1540 3404 et
1571 3367 1806 3412 vermes.
1846 3353 2004 3409 Videt
2046 3354 2145 3426 igi~

561 3438 650 3484 tur
691 3431 934 3490 Adamus
958 3435 1014 3491 in
1041 3437 1148 3492 alio
1193 3440 1460 3511 quidquid
1511 3443 1653 3499 inest
1691 3446 1743 3500 in
1778 3448 1998 3516 propria
2029 3463 2148 3518 ρω-

558 3535 630 3574 na
682 3523 924 3578 terribile
973 3535 1029 3581 et
1100 3528 1487 3598 intolerabile;
1545 3535 1691 3603 quod
1727 3536 1939 3603 videns,
1975 3538 2150 3609 magis

559 3624 763 3682 quanta
800 3615 964 3673 fuerit
1005 3619 1163 3690 culpa
1193 3623 1484 3696 intelligit;
1524 3636 1579 3681 et
1641 3628 1764 3683 ideo
1791 3645 1954 3684 manu
1992 3630 2151 3686 duci-

558 3715 651 3761 tur
678 3709 745 3762 ad
794 3711 1194 3779 paenitentiam,
1230 3726 1285 3770 et
1338 3716 1449 3772 lilio
1509 3720 1738 3775 orbatus
1783 3721 1894 3791 jam
1955 3725 2151 3779 animae

560 3813 674 3853 suae
723 3801 950 3858 salutem
1011 3805 1292 3862 lucratur.
1348 3808 1409 3863 Si
1475 3813 1597 3882 quis
1643 3829 1773 3868 vero
1815 3831 1920 3869 non
1977 3827 2152 3872 morte

559 3893 779 3961 propria
819 3896 1236 3955 tolerabiliorem
1275 3903 1486 3960 Adamo
1553 3905 1646 3960 lilii
1684 3919 1914 3962 mortem
1947 3910 2153 3978 cogita-

559 3992 664 4048 ret,
706 3986 974 4044 inveniret
1020 3992 1218 4048 multos
1279 4003 1460 4064 patres
1503 3998 1623 4052 talis
1678 4000 2021 4068 cogitationis
2069 4012 2150 4059 tc-

561 4083 690 4142 stes,
720 4078 812 4146 qui
846 4081 1120 4139 multoties
1159 4088 1454 4144 morientes
1481 4089 1582 4158 ipsi
1615 4089 1709 4144 lilii
1742 4093 1824 4145 sui
1851 4092 2152 4162 saepissime

561 4170 790 4226 salutem
857 4183 1064 4230 enmnt.
1117 4175 1385 4235 Prtevenit
1443 4181 1608 4253 igitur
1668 4183 1936 4238 Adamum
1995 4184 2151 4254 juxta

561 4263 710 4320 hunc
737 4281 1038 4323 sermonem
1087 4281 1142 4327 et
1202 4284 1330 4328 ante
1380 4284 1634 4341 mortem,
1689 4275 1784 4329 ﬁlii
1833 4292 1992 4346 poena
2049 4275 2152 4346 ipsi

560 4354 804 4421 deﬁnita,
833 4359 1070 4425 graviori
1140 4362 1251 4418 ictu
1295 4379 1458 4434 quam
1497 4382 1644 4422 mors
1671 4377 1775 4431 est,
1809 4367 2152 4422 intoleranda

562 4461 758 4517 nempe
787 4449 1006 4504 tristitia
1039 4464 1369 4523 correptum.

2255 3167 2344 3219 τὸν
2371 3163 2602 3234 θόρυϐον
2648 3164 2748 3233 τῆς
2797 3161 2998 3232 ψυχῆς,
3025 3160 3085 3213 ού
3117 3159 3207 3212 τὸν
3239 3156 3508 3228 μερισμὸν
3533 3155 3710 3224 αὐτῆς
3741 3149 3852 3206 ἀπὸ

2255 3255 2350 3310 τοῦ
2387 3255 2660 3326 σώματος,
2699 3254 2806 3308 οὐδ’
2855 3255 2957 3307 ὅσα
3004 3251 3139 3306 ἄλλα
3171 3250 3386 3312 ἕπεται,
3414 3248 3591 3312 λύσις,
3617 3248 3718 3300 καὶ
3750 3244 3853 3313 σῆ-

2254 3348 2370 3419 ψις,
2392 3349 2484 3401 καὶ
2508 3347 2760 3411 δυσωδία,
2783 3347 2876 3401 καὶ
2895 3343 3043 3416 χοῦς,
3067 3343 3160 3398 καὶ
3181 3341 3400 3413 ἰχῶρες,
3422 3342 3517 3394 καὶ
3538 3339 3848 3409 σκώληκες.

2272 3441 2404 3512 Ὁρᾷ
2426 3441 2606 3495 τοίνυν
2636 3441 2663 3493 6
2697 3439 2866 3509 Ἀδὰμ
2886 3441 2942 3492 ὲν
2974 3438 3148 3508 ἑτέρῳ
3176 3435 3271 3487 τοῦ
3311 3434 3442 3488 ἰδίου
3476 3433 3762 3502 ὲπιτιμίου
3789 3431 3850 3482 τὸ

2257 3531 2487 3602 φοϐερὸν
2509 3531 2602 3583 καὶ
2632 3531 3005 3583 ἀνυπόστατον
3025 3544 3038 3558 ·
3086 3526 3181 3580 καὶ
3202 3525 3367 3596 ὁρῶν,
3411 3525 3612 3595 μᾶλλον
3643 3523 3707 3578 τὸ
3745 3521 3846 3594 μὲ-

2256 3623 2416 3692 γεθος
2449 3621 2544 3676 τοῦ
2577 3622 2917 3693 πταίσματος
2945 3619 3364 3674 συναισθάνεται
3384 3635 3397 3648 °
3430 3619 3527 3672 καὶ
3558 3618 3646 3672 διὰ
3684 3617 3847 3670 τοῦτο

2256 3717 2685 3787 χειραγωγεῖται
2745 3714 2884 3786 πρὸς
2929 3713 3030 3784 τὴν
3061 3711 3386 3784 μετάνοιαν·
3441 3711 3536 3764 καὶ
3565 3709 3844 3782 κερδαίνει

2256 3806 2445 3861 λοιπὸν
2485 3805 2672 3869 παιδὸς
2719 3803 3025 3876 στερηθεὶς,
3059 3805 3157 3873 τῆς
3205 3803 3402 3856 ἑαυτοῦ
3432 3803 3609 3874 ψυχῆς
3637 3803 3700 3855 τδ
3735 3818 3844 3854 σωο

2257 3901 2466 3970 τήριον.
2495 3899 2558 3951 El
2587 3898 2643 3951 δὲ
2678 3898 2772 3951 καὶ
2802 3899 3034 3951 θανάτου
3075 3913 3161 3959 τις
3181 3895 3330 3948 οὐδὲν
3361 3894 3719 3964 ἀνεκτότερον
3745 3893 3844 3960 τὴν

2258 3991 2534 4061 ἀποϐολὴν
2563 3990 2657 4043 τοῦ
2689 3989 2878 4052 παιδὸς
2909 3989 3274 4057 ὲπιλογίσοιτο
3312 3986 3390 4057 τῷ
3439 3988 3631 4057 Ἀδὰμ,
3673 3985 3842 4054 εί)μὴ-

2261 4102 2344 4138 σοι
2375 4084 2606 4145 πολλοὺς
2630 4083 2875 4153 πατέρας
2903 4081 3003 4150 τῆς
3050 4079 3310 4149 τοιαύτης
3348 4079 3587 4141 διανοίας
3633 4081 3840 4148 μάρτυ·
3940 4081 3945 4087 ’

2263 4194 2384 4247 ρας,
2419 4176 2469 4231 οἳ
2504 4175 2715 4230 πολλῶν
2739 4176 2884 4229 ἰδίων
2914 4175 3161 4228 θανάτων
3189 4173 3290 4245 τὴν
3324 4173 3418 4227 τοῦ
3449 4173 3635 4236 παιδὸς
3660 4169 3840 4227 αὐτῶν

2259 4270 2522 4330 πολλάκις
2551 4270 2823 4340 σωτηρίαν
2880 4268 3238 4323 ἀλλάσσονται
3262 4285 3276 4299 ·
3320 4269 3512 4336 φθάνει
3552 4264 3840 4337 τοιγαροῦν

2259 4363 2350 4417 τὸν
2385 4362 2557 4432 Ἀδὰμ
2587 4362 2728 4416 κατὰ
2754 4362 2844 4414 τὸν
2867 4361 3024 4428 λόγον
3050 4359 3239 4414 τοῦτον
3272 4360 3366 4412 καὶ
3394 4359 3501 4430 πρὸ
3541 4357 3636 4412 τοῦ
3677 4356 3837 4417 θανά·

2247 4471 2364 4518 του,
2394 4453 2490 4506 τοῦ
2515 4453 2705 4517 παιδὸς
2731 4452 2791 4506 τὸ
2829 4451 3121 4522 ἁφορισθὲν
3155 4449 3304 4520 αύτῷ
3339 4448 3634 4520 ἐπιτίμιον,
3670 4448 3837 4519 βαρυ-

2252 4551 2386 4621 τέρᾳ
2427 4549 2657 4603 θανάτου
2682 4548 2886 4620 πληγῇ,
2913 4549 2978 4618 τῇ
3003 4548 3262 4617 ἀφορήτῳ
3289 4545 3434 4618 λύπῃ
3463 4546 3835 4617 ἁλισκόμενον.

633 4631 716 4688 Tu
744 4651 874 4689 vero
892 4635 1024 4690 mibi
1045 4645 1100 4691 ct
1131 4639 1349 4694 tertium
1392 4639 1493 4696 hoc
1520 4640 1808 4712 diligenter
1837 4645 2144 4702 considera.

2323 4647 2396 4700 Σὺ
2428 4646 2483 4699 δέ
2516 4662 2607 4716 μοι
2639 4646 2734 4699 καὶ
2781 4645 2965 4716 τρίτον
3013 4641 3335 4715 ὲπιθεώρειο
3381 4645 3532 4713 τρεῖς
3577 4642 3777 4716 ἄνδρας
3812 4643 3836 4693 6

561 4725 697 4783 Tres
720 4729 866 4785 viros
897 4739 1044 4786 totus
1062 4733 1297 4787 mundus
1322 4744 1450 4792 tunc
1488 4735 1878 4791 babebatcives
1906 4755 1919 4805 ;
1950 4738 2150 4794 femina

561 4824 744 4871 autem
770 4832 896 4872 cum
925 4817 1062 4885 ipsis
1085 4819 1303 4874 vivebat
1328 4821 1510 4876 unica.
1547 4821 1795 4888 Quorum
1814 4825 1903 4879 alii
1929 4827 2150 4896 quidem

561 4907 838 4979 genitores
859 4950 874 4974 ,
902 4910 990 4964 alii
1017 4926 1144 4966 vero
1176 4911 1272 4966 lilii
1297 4924 1453 4968 erant
1476 4917 1876 4985 generantium.
1907 4917 2153 4975 Adamus

561 4997 780 5076 quidem
815 5014 923 5053 non
970 5001 1260 5072 subjicitur
1300 5017 1494 5070 poena),
1549 5016 1774 5076 propter
1823 5023 1942 5062 eam
1985 5025 2150 5080 quam

563 5103 744 5142 sermo
774 5104 996 5146 causam
1030 5093 1232 5146 attulit.
1263 5093 1330 5148 Et
1357 5093 1467 5150 Eva
1490 5112 1553 5150 ex
1590 5113 1694 5150 una
1749 5111 1902 5168 parte
1934 5113 2151 5170 propter

562 5182 812 5236 eamdem
843 5198 1065 5239 causam
1097 5187 1261 5242 morti
1295 5203 1401 5242 non
1457 5190 1771 5259 subjicitur,
1813 5207 1880 5246 ex
1919 5193 2023 5247 alia
2049 5209 2153 5248 au-

562 5281 670 5326 tem
696 5284 867 5344 parte,
889 5279 1014 5347 quia
1039 5294 1163 5334 cum
1196 5297 1306 5335 una
1333 5291 1478 5337 esset
1506 5281 1732 5351 femina,
1763 5284 1881 5355 ejns
1903 5287 2150 5341 absentia

563 5373 733 5420 totum
765 5383 961 5438 genus,
1018 5375 1369 5441 generatione
1407 5375 1643 5440 sublata,
1683 5392 1808 5431 cum
1847 5392 1910 5432 ea
1947 5379 2151 5432 traxis-

562 5465 645 5513 set
675 5459 727 5512 in
759 5461 1008 5517 exitium.
1047 5465 1299 5521 Attamen
1352 5483 1526 5538 neque
1576 5468 1712 5524 Cain
1737 5469 1920 5524 datam
1958 5484 2021 5524 ex
2061 5469 2148 5522 in-

563 5550 718 5607 sidiis
749 5563 974 5609 mortem
1016 5557 1201 5612 subire
1227 5560 1547 5628 oportebat;
1587 5561 1738 5631 pejor
1771 5562 1991 5632 quidem
2025 5573 2146 5619 erat

562 5641 671 5706 ille,
725 5645 917 5700 melior
944 5657 1128 5702 autem
1160 5660 1279 5704 erat
1323 5652 1492 5720 Abel;
1525 5663 1579 5708 et
1609 5656 1884 5723 quomodo
1927 5665 2145 5726 poterat

564 5738 677 5794 fieri
709 5747 766 5793 ut
789 5741 834 5795 is
865 5742 958 5811 qui
987 5744 1056 5798 ab
1086 5746 1232 5800 omni
1257 5747 1385 5803 dolo
1423 5759 1477 5805 et
1505 5749 1709 5805 invidia
1737 5761 1792 5806 et
1828 5752 1934 5807 alia
1959 5753 2144 5823 quali-

562 5831 656 5887 bet
706 5833 919 5902 malitia
971 5836 1208 5893 mundus
1261 5850 1399 5907 erat,
1471 5843 1776 5899 homicidas
1823 5845 1875 5900 in
1922 5845 2142 5902 lratrem

2253 4740 2476 4812 σύμπας
2523 4739 2728 4809 κόσμος
2779 4737 3005 4800 πολίτας
3055 4732 3169 4807 εἶχε
3200 4737 3322 4789 τότε
3349 4753 3362 4768 ο
3392 4735 3529 4806 γυνὴ
3575 4736 3621 4789 δ’
3655 4737 3836 4796 αὐτοῖς

2252 4833 2699 4889 συνεπολιτεύετο
2741 4832 2874 4902 μία·
2939 4823 3015 4884 ὧν
3067 4833 3116 4884 0i
3171 4831 3271 4900 μὲν
3313 4829 3662 4900 γεννήτορες,
3710 4827 3836 4882 οἱδὲ

2251 4927 2438 4990 παῖδες
2495 4923 2634 4998 ἦσαν
2675 4926 2785 4979 τῶν
2825 4924 3273 4994 γεννησαμένων.
3315 4923 3372 4976 Ὀ
3415 4924 3514 4992 μὲν
3547 4922 3720 4992 Ἀδὰμ
3743 4923 3837 4990 οὺχ

2250 5021 2526 5089 ὑπάγεται
2549 5023 2615 5091 τῇ
2661 5020 2808 5092 δίκῃ,
2830 5018 2900 5072 δι’
2930 5019 2996 5090 ἣν
3028 5019 3056 5071 6
3082 5017 3240 5086 λόγος
3272 5017 3470 5071 ἔδωκεν
3500 5015 3683 5069 αἰτίαν
3704 5033 3717 5046 ·
3747 5016 3836 5068 καὶ

2250 5113 2282 5182 ἡ
2312 5111 2423 5164 Εὕα
2450 5111 2507 5164 δὲ
2542 5110 2700 5164 τοῦτο
2737 5111 2836 5180 μὲν
2884 5107 2972 5161 διὰ
3005 5106 3103 5179 τὴν
3153 5105 3321 5177 αὐτὴν
3355 5106 3537 5158 αἰτίαν
3575 5106 3672 5176 οὐχ
3704 5106 3834 5158 Ιὃπο-

2249 5204 2503 5259 6άλλεται
2559 5201 2638 5264 τῷ
2691 5201 2927 5271 θανάτῳ,
2968 5199 3127 5252 τοῦτο
3179 5199 3235 5251 δὲ
3267 5199 3349 5251 ὅτι
3376 5201 3470 5252 καὶ
3514 5201 3642 5269 μιᾶς
3667 5197 3833 5267 οὔσης

2246 5295 2529 5364 γυναικὸς,
2553 5297 2581 5348 ὁ
2608 5292 2816 5363 ταύτης
2849 5292 3160 5362 ἁφανισμὸς
3183 5291 3302 5346 ὅλον
3326 5291 3386 5344 τὸ
3421 5290 3597 5360 γένος,
3623 5293 3722 5360 τῆς
3747 5307 3835 5361 γε-

2244 5387 2446 5449 νέσεως
2473 5385 2851 5456 ἀνῃρημένης,
2884 5384 3216 5455 συνήλαυνεν
3249 5385 3328 5446 εἰς
3361 5382 3588 5453 φθοράν.
3624 5383 3700 5436 Ού
3728 5384 3833 5453 μὴν

2245 5479 2382 5533 ἀλλὰ
2410 5477 2532 5531 οὐδὲ
2553 5477 2645 5531 τὸν
2675 5477 2816 5532 Κάῖν
2855 5479 2883 5530 6
2926 5477 2986 5544 ἐξ
3011 5475 3305 5546 ἐπιϐουλῆς
3332 5470 3444 5545 εἶχε
3472 5476 3630 5544 λόγον
3659 5476 3834 5529 διαδέ-

2251 5568 2446 5635 ξασθαι
2475 5569 2705 5632 θάνατος
2731 5585 2745 5600 °
2773 5568 2976 5640 χείρων
3011 5567 3109 5638 μὲν
3157 5567 3265 5637 γὰρ
3323 5562 3498 5632 οὗτος,
3529 5568 3771 5636 ἀμείνων
3793 5569 3834 5622 δ’
3889 5604 3896 5606 -

2249 5661 2319 5736 ἦν
2375 5663 2572 5716 Ἀϐελθ
2638 5666 2728 5717 καὶ
2776 5663 2893 5726 πῶς
2924 5658 3036 5714 οἷόν
3092 5679 3148 5714 τε
3182 5658 3249 5731 ἦν
3292 5661 3384 5713 τὸν
3424 5663 3516 5714 καὶ
3549 5661 3708 5714 δόλου
3743 5663 3832 5714 καὶ

2254 5755 2449 5825 φθόνου
2515 5755 2608 5808 καὶ
2651 5754 2749 5825 τῆς
2783 5752 2949 5824 ἄλλης
2984 5752 3184 5816 κακίας
3210 5751 3587 5824 καθαρεύοντα
3622 5754 3837 5823 μιαιφό-

2255 5866 2377 5913 νους
2411 5848 2701 5917 ἐπαφεῖναι
2723 5847 2912 5917 χεῖρας
2943 5845 3020 5916 τῷ
3053 5845 3571 5917 ἁδελφῷ;λ.είπεται
3596 5845 3660 5917 δὴ
3696 5848 3833 5902 ἐκεῖ·
