4134 6444
323 316 417 380 121

1258 318 1356 378 AD
1398 319 1999 381 AMPIIILOCHIUM
2040 320 2387 392 QU/ESTIO
2414 323 2522 398 XI,
2554 326 2693 385 XII.

3515 335 3621 401 122

317 445 409 481 νον
434 428 515 489 είς
540 424 632 478 τὸν
680 426 740 491 ἐξ
768 425 1065 496 ἐπιϐουλῆς
1111 426 1354 497 ὁρμῆσαι
1386 425 1617 480 θάνατον
1638 428 1732 480 τοῦ
1763 428 1916 481 ἀδελ-

2026 444 2225 485 manus
2267 431 2555 500 injiceret’?
2596 433 2785 491 Restat
2816 446 2875 491 ut
2909 439 2999 495 ille
3028 450 3260 497 mortem
3304 457 3369 497 ex
3401 444 3618 503 insidiis

318 520 450 589 φεῦ,
480 520 538 582 ὃς
564 520 660 571 καὶ
688 520 795 589 πρδ)
850 519 950 589 τῆς
978 517 1219 587 ἀθέσμου
1254 516 1461 585 ταύτης
1488 518 1763 589 πράξεως,
1797 518 1919 571 ἐλύ-

318 631 415 668 πει
450 614 549 683 μὲν
573 608 657 675 οἷς
680 612 1054 683 ὲκαρποφόρει
1082 611 1237 674 Θεὸν,
1275 612 1353 674 εἰς
1381 610 1575 679 φθόνον
1604 612 1660 664 δὲ
1688 611 1784 664 τοῦ
1816 630 1922 683 μη-

317 707 410 759 δὲν
451 705 776 776 ἠδικηκότος
828 704 1180 775 ἀνηρέθιστο,
1225 704 1441 775 πονηρᾷ
1494 703 1552 756 δὲ
1591 704 1787 775 γνώμῃ
1824 704 1919 757 καὶ

323 800 495 870 βουλῇ
524 799 674 870 δολία
695 799 795 860 τὰς
823 798 1019 850 ἑαυτοῦ
1054 800 1244 868 χεῖρας
1275 799 1354 859 είς
1380 799 1476 867 τὴν
1494 796 1917 866 ἀδελφοκτονίαν

322 891 643 961 ηὐτρέπιζε.
700 891 808 943 Ka‘t
863 892 963 960 ὅρα
991 906 1081 959 μοι
1112 889 1391 943 κάνταῦθα
1416 890 1513 960 τῆς
1560 889 1824 961 Προνοίας
1857 890 1918 942 τὸ

325 986 489 1053 σοφόν
521 1002 580 1037 τε
641 986 737 1036 καὶ
772 983 1179 1053 ἀνεξιχνίαστον
1202 1000 1215 1013 ·
1252 983 1321 1034 δι’
1351 975 1425 1035 ὧν
1460 982 1569 1053 γὰρ
1604 982 1856 1052 ἐνόμιζεν
1888 984 1917 1036 6

319 1078 561 1148 πονηρὸς
595 1079 819 1148 κρατεῖν
868 1076 967 1139 τὰς
1027 1078 1216 1147 χεῖρας
1250 1078 1393 1129 κατά
1435 1076 1546 1129 τῶν
1606 1076 1915 1146 ἀμεινόνων

315 1170 656 1232 ἐπανιστῶν,
686 1171 753 1223 δι’
779 1170 1005 1223 ἐκείνων
1030 1169 1181 1239 αὐτῷ
1224 1169 1291 1221 τὰ
1324 1169 1551 1239 προοίμι
1628 1171 1725 1239 τῆς
1748 1187 1917 1224 κατα·-

314 1264 561 1332 στροφῆς
605 1262 865 1332 ἀπαντᾷ·
920 1264 1196 1331 συγχωρεί
1253 1260 1351 1330 μὲν
1412 1262 1524 1331 γὰρ
1569 1262 1597 1313 6
1634 1261 1735 1331 τῆς
1764 1260 1914 1325 Θείας

314 1369 377 1404 τε
414 1353 507 1405 καὶ
538 1353 681 1423 ὑπὲρ
710 1352 919 1405 ἔννοιαν
943 1350 1256 1420 οἰκονομίας
1302 1350 1479 1419 λόγος,
1514 1351 1675 1423 ἔργον
1710 1352 1914 1405 ἀδίκων

316 1444 416 1497 καὶ
442 1446 746 1514 μιαιφόνων
774 1444 975 1515 χειρῶν
1021 1442 1113 1495 τὸν
1143 1442 1310 1495 Ἀὂελ
1346 1442 1621 1511 γενέσθαι,
1657 1443 1751 1496 καὶ
1786 1459 1915 1512 προ-

317 1536 515 1604 φθᾰινει
568 1539 661 1588 τὶν
704 1535 879 1605 φύντα
907 1535 997 1587 ἐπὶ
1026 1534 1105 1605 τῷ
1136 1534 1352 1605 θανάτῳ
1381 1536 1409 1587 6
1451 1537 1600 1598 παῖς.
1640 1534 1802 1587 Ἀλλὰ
1827 1534 1913 1601 γί-

315 1646 473 1682 νεται
503 1629 599 1682 τοῦ
628 1629 757 1700 ᾇδου
818 1628 878 1682 τὸ
933 1630 1135 1699 κράτος
1162 1627 1259 1682 καὶ
1301 1630 1334 1699 ή
1379 1627 1576 1699 πρώτη
1629 1626 1909 1697 καταϐολὴ

318 1719 591 1789 ἀσθενής·
640 1721 690 1771 εἰ
750 1718 848 1789 μὲν
907 1718 1017 1788 γὰρ
1066 1718 1159 1770 τὸν
1205 1717 1378 1787 ’Λδὰμ
1416 1715 1636 1780 ἐδέξατο
1671 1715 1907 1785 πρῶτον,

2024 517 2077 569 in
2139 516 2365 573 fratrem
2398 524 2767 591 aggrediatur,
2800 528 2969 596 quiet
2989 540 3115 585 ante
3154 532 3302 586 illam
3354 534 3613 604 injustam

2022 610 2292 665 actionem
2314 653 2329 678 ,
2363 628 2429 667 cs
2453 614 2521 669 iis
2573 631 2697 686 quae
2735 617 2848 672 Deo
2874 619 3043 676 frater
3069 622 3352 689 offerebat,
3378 642 3617 683 maerore

2021 702 2379 771 allieiebatur,
2409 717 2462 761 et
2481 709 2818 767 ininvidiam
2866 715 2987 783 ejus
3026 717 3118 786 qui
3142 732 3249 773 non
3291 719 3497 775 fecerat
3526 722 3614 775 in-

2015 793 2220 865 juriam
2270 800 2635 867 excitabatur,
2679 806 2918 874 pessima
2970 818 3151 863 autem
3205 821 3384 867 mente
3413 823 3467 867 et
3489 828 3616 883 per-

2019 890 2129 945 tido
2181 893 2412 947 consilio
2445 909 2574 949 suas
2618 912 2812 951 manus
2848 898 2900 950 in
2942 898 3130 955 fratris
3164 917 3349 958 necem
3382 919 3617 959 conver-

2021 985 2105 1039 tit.
2139 986 2201 1040 Et
2227 986 2346 1041 vide
2388 988 2519 1041 mihi
2551 998 2600 1043 et
2638 990 2691 1042 in
2735 990 2841 1044 hoc
2874 989 3238 1048 Providentia:
3289 996 3613 1064 sapientiam

2018 1076 2449 1149 investigabilem
2482 1097 2494 1133 :
2526 1081 2595 1135 iis
2636 1081 2780 1135 enim
2818 1084 3020 1151 quibus
3070 1086 3297 1153 putabat
3340 1090 3613 1156 pessimus

2018 1182 2079 1221 sc
2142 1171 2412 1224 victurum
2474 1186 2671 1228 manus
2714 1182 2906 1227 contra
2964 1175 3219 1229 meliores
3271 1178 3610 1247 erigentem,

2021 1259 2216 1314 iisdem
2250 1262 2330 1315 illi
2380 1265 2625 1332 prolusio
2664 1268 3046 1336 catastrOpltes
3082 1269 3345 1322 occurrit.
3375 1269 3612 1323 Permit-

2017 1350 2082 1404 tit
2115 1351 2259 1404 enim
2314 1352 2513 1409 divinae
2559 1365 2611 1410 et
2632 1372 2799 1427 supra
2848 1359 3233 1427 cogitationem
3288 1361 3613 1414 oeconomia:

2022 1438 2165 1491 ratio
2194 1449 2251 1493 ut
2281 1455 2418 1511 opus
2457 1442 2787 1512 injustarum
2825 1456 2879 1499 et
2913 1446 3314 1500 homicidarum
3347 1464 3611 1502 manuum

2014 1524 2150 1579 Abel
2201 1528 2342 1594 fiat;
2397 1537 2451 1583 et
2495 1532 2754 1599 praecedit
2804 1534 3106 1603 genitorem
3160 1536 3229 1589 ad
3268 1545 3495 1590 mortem
3553 1537 3614 1589 li-

2014 1618 2161 1686 lins;
2214 1621 2309 1675 sed
2367 1622 2674 1678 infirmatur
2704 1626 2760 1679 in
2809 1627 2987 1696 primo
3024 1627 3116 1681 illo
3145 1628 3254 1681 ictu
3285 1628 3480 1682 interni
3512 1644 3614 1699 po-

2013 1712 2205 1764 tentia.
2224 1711 2281 1765 Si
2303 1714 2446 1767 enim
2465 1714 2735 1771 Adamum
2759 1720 2994 1788 primum
3027 1720 3340 1784 invasisset,
3371 1720 3609 1776 solidum

326 1805 545 1875 ἰτχυρὸς
568 1804 634 1857 ἂν
666 1804 815 1875 αὑτῷ
840 1806 867 1857 6
888 1803 1139 1874 θεμέλιος
1158 1803 1455 1874 ἐπήγνυτο,
1484 1801 1574 1854 τὸν
1598 1800 1721 1870 θείᾳ
1750 1816 1914 1853 κατα·

2021 1804 2095 1857 illi
2148 1803 2562 1862 fundamentum
2593 1809 2761 1865 fixum
2790 1824 2957 1880 esset,
2979 1830 3103 1869 cum
3137 1815 3281 1868 hunc
3297 1815 3480 1868 divino
3514 1814 3611 1867 de-

320 1897 652 1951 δικασθέντα
681 1898 847 1968 ψήφῳ
876 1896 1067 1950 τοῦτον
1091 1896 1493 1966 ὑποδεξαμένου
1519 1894 1613 1948 καὶ
1642 1892 1860 1964 πρῶτον
1894 1933 1907 1946 .

336 1998 493 2050 Ἐπεὶ
519 1998 573 2051 δέ
596 1998 688 2051 τὸν
725 1997 965 2050 ἀναίτιον
998 1996 1057 2062 ἐξ
1078 1996 1343 2067 ἐπηρείας
1368 1994 1726 2058 ὑπεϐάλλετο,
1751 1992 1912 2045 αὑτό-

323 2090 419 2142 θεν
444 2090 606 2143 αὑτοῦ
639 2091 1122 2160 ἀνατετραμμένον
1151 2088 1307 2161 lCod.
1332 2086 1447 2159 νου]
1473 2087 1533 2141 τὸ
1564 2086 1766 2157 κράτος
1825 2085 1918 2137 εὑ-

325 2184 576 2252 ρίσκεται
614 2184 689 2247 ὡς
720 2183 918 2255 σαθρὸν
959 2184 1017 2250 ἐξ
1065 2183 1241 2254 ἀρχῆς
1285 2180 1724 2251 ὑποϐαλλομένου
1756 2176 1915 2247 θεμέ-

318 2275 457 2329 λιον·
482 2276 575 2329 καὶ
606 2277 812 2345 γίνεται
836 2276 1120 2346 προοίμιον
1138 2276 1235 2345 τῆς
1254 2273 1552 2337 παντελοῦς
1572 2272 1921 2333 καταλύσεως

314 2367 418 2422 τοῦ
447 2368 572 2439 ᾷῧου
603 2372 631 2421 ὁ
651 2368 745 2421 τοῦ
772 2368 978 2422 δικαίου
1012 2368 1070 2432 ἐξ
1096 2368 1360 2439 ἐπηρείας
1388 2366 1638 2429 θάνατος.

880 2509 1215 2564 ΕΡΩΤΗΣΙΣ
1255 2510 1354 2563 IB'.

310 2630 463 2700 Περὶ
490 2628 595 2683 τοῦ
626 2625 713 2681 ὅτι
739 2630 810 2682 οὐ
826 2628 1082 2696 μάχεται
1132 2625 1249 2680 κᾶν
1279 2641 1401 2700 τισι
1434 2622 1587 2700 δοκῇ
1625 2622 1712 2687 τὸ,
1748 2640 1767 2700 ι
1799 2623 1904 2700 Et;

389 2693 571 2769 ἇιρῖμα
590 2702 704 2767 ἐγὼ
727 2693 962 2765 sic-1'62r
1008 2699 1241 2767 κόσμον
1266 2696 1577 2769 ἐλήλυθα,
1595 2716 1601 2721 ·
1618 2712 1636 2744 ι
1656 2695 1775 2769 ’καί
1808 2693 1905 2769 3'6,

396 2763 580 2824 (Οὐκ
616 2763 808 2842 ἦλθονί
858 2771 959 2822 ἵνα
993 2763 1176 2836 πρίν-’ω
1213 2768 1322 2822 τὸν
1354 2768 1611 2836 κόσμον,
1637 2763 1776 2819 ἀλλ’
1807 2765 1909 2817 ἵνα

391 2844 575 2896 σώσω
598 2847 705 2895 τὸν
725 2842 978 2910 κόσμον.
1014 2860 1032 2891 ι

2021 1905 2171 1951 creto
2191 1898 2508 1954 damnatum
2547 1904 2881 1973 suscepisset
2906 1907 3245 1975 etprimum;
3279 1922 3402 1960 eum
3428 1916 3610 1960 autem

2021 1991 2296 2046 insontem
2339 2008 2405 2047 eo
2440 1994 2640 2065 injuria
2691 1998 2970 2069 dejiceret,
3020 1999 3144 2054 inde
3169 1999 3290 2068 ejus
3339 2014 3611 2054 concussa

2020 2086 2261 2154 potentia
2288 2090 2560 2157 reperitur
2591 2099 2851 2161 tanquam
2889 2092 2957 2145 ab
2983 2092 3137 2147 initio
3170 2092 3445 2161 putridum
3484 2106 3614 2159 sup-

2022 2176 2280 2245 ponentis
2308 2176 2724 2233 fundamentum
2756 2196 2771 2245 ;
2808 2188 2862 2233 et
2886 2180 2947 2233 lit
2974 2181 3303 2250 prooemium
3346 2179 3613 2235 absolutae

2024 2267 2225 2327 inferni
2246 2271 2772 2343 dissolutionisjusti
2806 2289 2953 2329 mors
2982 2290 3050 2329 ex
3104 2273 3328 2345 injuria.

2564 2494 2897 2562 QUIESTIO
2935 2494 3053 2549 XII.

2012 2614 2137 2671 Non
2199 2614 2407 2669 exsistit
2463 2614 2833 2680 contradictio,
2892 2614 2992 2666 etsi
3052 2614 3370 2683 quibusdam
3438 2615 3614 2669 ridea-

2084 2689 2360 2752 tur,inter
2409 2684 2543 2738 illud
2569 2700 2647 2755 .1}
2680 2683 2748 2736 In
2800 2685 3064 2751 judicium
3107 2702 3200 2755 ego
3253 2687 3306 2737 in
3358 2696 3613 2739 mundum

2080 2760 2215 2821 veni,
2230 2776 2247 2807 ι
2270 2772 2312 2809 et
2332 2758 2498 2808 illud:
2522 2775 2539 2805 ι
2564 2753 2686 2807 Νοη
2706 2753 3433 2825 υεηιίιιιῙυιιὶεεηιίιιωιιιιιηι,
3448 2764 3535 2810 sed
3555 2767 3612 2810 ut

2088 2831 2283 2882 solvent
2307 2827 2582 2882 mundum.
2622 2845 2642 2877 ι

480 2985 620 3033 Edita
639 2998 664 3032 a
698 2981 843 3043 Maio,
867 2982 901 3031 l.
926 2994 990 3040 e.,
1023 2993 1074 3042 p.
1100 2978 1263 3028 12-15.
1286 2979 1361 3028 De
1383 2982 1657 3039 apparente
1690 2967 2085 3024 contradictione
2110 2974 2248 3017 inter
2272 2964 2419 3015 verba
2441 2964 2623 3017 Christi
2642 2965 2785 3015 Joan.
2819 2978 2889 3026 ιι,
2922 2966 2985 3015 59
3008 2970 3063 3015 et
3091 2966 3235 3016 Joan.
3260 2980 3349 3028 xu,
3373 2966 3455 3017 47.

396 3096 494 3160 T6,
532 3114 550 3147 ‹
585 3093 676 3157 Εἰς
706 3096 885 3163 κρῖμα
946 3088 1059 3159 ἐγὼ
1091 3091 1170 3152 εἰς
1214 3088 1307 3141 τὸν
1359 3088 1565 3158 κόσμον
1596 3083 1853 3155 ἐλήλυθα·
1891 3102 1909 3134 ι

319 3192 419 3244 καὶ
450 3189 531 3253 τὸ,
570 3207 588 3239 ι
628 3188 743 3241 Οὐκ
774 3182 939 3257 ἦλθον
965 3184 1050 3237 ἵνα
1092 3184 1264 3253 κρίνω
1295 3180 1385 3234 τὸν
1421 3180 1646 3250 κόσμον,
1674 3176 1787 3231 ἀλλ’
1829 3177 1918 3230 ἵνα

320 3282 489 3337 σώσω
546 3282 638 3335 τὸν
664 3281 895 3350 κόσμον,
934 3297 953 3329 ι
988 3276 1049 3331 οὐ
1080 3277 1239 3346 μόνον
1271 3272 1530 3343 οὐδεμίαν
1558 3271 1915 3341 ἐναντιότητα

314 3377 463 3446 πρὸς
485 3373 689 3444 ἄλληλα
717 3374 1000 3442 φέρουσιν,
1046 3368 1184 3421 ἀλλά
1225 3367 1425 3438 μᾶλλον
1461 3364 1555 3417 καὶ
1586 3362 1790 3432 πολλὴν
1816 3362 1915 3430 τὴν

2089 3074 2264 3130 lllud:
2302 3092 2321 3126 ‹
2360 3076 2418 3127 In
2462 3072 2735 3143 judicium
2780 3088 2882 3143 ego
2910 3073 2965 3127 in
3011 3072 3274 3126 mundum
3308 3071 3454 3133 veni,
3502 3090 3521 3122 ι
3555 3079 3613 3126 et.

2019 3170 2175 3225 illud:
2204 3167 2353 3224 (Non
2386 3170 2505 3222 veni
2533 3167 2849 3237 utjudicem
2875 3167 3162 3231 mundum,
3187 3165 3283 3221 sed
3323 3175 3382 3219 ut
3404 3165 3609 3220 saltent

2022 3262 2312 3327 mundum,
2366 3279 2385 3312 ι
2444 3276 2557 3314 non
2613 3261 2779 3314 modo
2845 3260 3050 3313 nullam
3114 3257 3613 3313 contradictiomm

2022 3354 2164 3407 inter
2198 3367 2256 3406 sc
2296 3350 2507 3415 ferunt,
2547 3351 2641 3405 sed
2689 3358 2881 3404 contra
2921 3349 3147 3403 multam
3192 3347 3610 3418 congruentiam

312 3440 647 3523 ἀκολουθίαν
690 3440 803 3519 και
834 3465 934 3534 τὴν
990 3460 1311 3532 συμφωνίαν
1364 3456 1723 3511 δεικνύουσιν.
1763 3474 1781 3506 ι
1821 3455 1916 3517 Εἰς

2021 3456 2077 3500 et
2102 3454 2431 3500 concentum
2470 3443 2792 3498 ostendunt.
2838 3461 2857 3494 ι
2903 3441 2960 3496 In
3002 3442 3272 3512 judicium
3319 3440 3489 3505 enim,
3525 3441 3611 3493 in-

313 3564 503 3631 κρῖμα
525 3560 657 3629 γὰρ,
695 3533 1030 3628 φησὶν,ἐγὼ
1053 3556 1130 3614 εἰς
1152 3554 1243 3605 τὸν
1276 3552 1482 3622 κόσμον
1518 3548 1781 3620 ἐλήλυθα·
1819 3567 1838 3600 ›
1866 3549 1913 3600 οί

2021 3537 2162 3607 quit,
2187 3552 2288 3608 ego
2319 3537 2373 3591 in
2404 3538 2671 3590 tnundum
2696 3537 2858 3601 veni;
2889 3555 2907 3587 ι
2946 3535 3038 3604 qui
3071 3534 3273 3588 debent
3294 3535 3440 3588 enim
3464 3533 3615 3602 aspi-

311 3655 436 3725 γὰρ
478 3653 785 3722 ὀφείλοντες
829 3650 1051 3721 βλέπειν
1083 3646 1299 3709 ἑκόντες
1355 3643 1792 3713 τυφλώττουσινο
1824 3641 1918 3694 καὶ

309 3750 441 3801 ὅσοι
463 3746 792 3817 τυφλώττειν
812 3745 1142 3815 ἐνομίζοντο,
1169 3741 1305 3813 πρὸς
1324 3740 1385 3791 τὸ
1403 3755 1516 3807 φης
1532 3736 1631 3806 τῆς
1658 3733 1917 3806 ἀληθείας

311 3840 648 3911 ἐδείχθησαν
681 3839 971 3909 βλέποντες
995 3851 1008 3864 °
1064 3837 1112 3888 οἱ
1145 3834 1243 3903 μὲν
1267 3834 1377 3903 γὰρ
1403 3832 1503 3902 τὴν
1532 3831 1811 3902 σωτηρίαν
1853 3829 1915 3881 οὐ

310 3934 713 4005 προσήκαντο·
782 3930 832 3982 οἱ
896 3929 951 3982 δὲ
1017 3926 1441 3998 παραγενομένῃ
1498 3924 1914 3996 προσέδραμον’

311 4031 467 4084 ὥστε
499 4027 603 4081 κᾶν
658 4029 692 4096 ή
753 4024 884 4095 ἐμή,
924 4023 1111 4093 φησὶν,
1153 4020 1367 4083 ἐλευσις
1418 4020 1511 4073 ἐπὶ
1544 4017 1787 4088 σωτηρίᾳ
1822 4014 1915 4068 τοῦ

313 4122 535 4191 κόσμου
568 4118 883 4188 γεγένηται,
919 4114 1034 4169 ἀλλ’
1065 4111 1159 4169 οὖν
1188 4117 1235 4168 οἱ
1269 4112 1582 4183 ὲθελοκάκῳ
1612 4114 1752 4183 ῥοπῇ
1779 4109 1918 4180 πρὸς

311 4214 421 4285 τὴν
458 4213 593 4266 ἰδίαν
610 4208 1144 4278 ἀπαυθαδιαζόμενοι
1182 4206 1543 4270 λυσιτέλειαν,
1580 4206 1753 4275 κρῖμα
1787 4205 1916 4255 ἐαυ-

312 4308 440 4367 τοῖς
463 4303 561 4373 τήν
585 4301 726 4373 ἐμὴν
748 4300 1055 4373 παρουσίαν
1107 4296 1545 4368 κατεπράξαντο.
1570 4295 1633 4347 Τί
1660 4295 1719 4347 οὺ
1754 4293 1914 4366 [C0d.

311 4390 444 4465 οὖν]
484 4393 595 4464 πῦρ
631 4393 916 4460 κατάγεις,
958 4390 1081 4443 οὐδὲ
1117 4391 1216 4462 τὴν
1254 4390 1358 4459 γῆν
1391 4389 1575 4451 αὐτοῖς
1605 4386 1916 4449 ἀνασείειςς

311 4488 448 4541 οὐδὲ
492 4490 619 4550 τοὺς
660 4485 1055 4557 καταρράκτας
1098 4481 1193 4536 τοῦ
1248 4480 1483 4552 οὐρανοῦ
1529 4479 1789 4548 ἀνοίγειςς
1823 4477 1919 4532 καὶ

316 4582 566 4655 βυθίζεις
608 4578 791 4633 αὐτῶν
829 4579 930 4647 τήν
992 4576 1285 4640 ἁπόνοιαν;
1344 4574 1428 4627 ὅτι
1487 4592 1505 4624 ι
1562 4572 1677 4624 Οὐκ
1728 4566 1916 4641 ἦλθον,

315 4674 487 4745 φησι,
517 4675 703 4741 κρῖναι
725 4670 817 4723 τὸν
848 4669 1075 4739 κόσμον,
1122 4666 1259 4720 ἀλλά
1292 4665 1485 4731 σῶσαι,
1523 4683 1541 4716 ι
1570 4663 1685 4717 ἀλλ’
1709 4664 1919 4717 ἀνακαο

314 4764 587 4819 λέσασθαι
607 4781 621 4794 ·
656 4763 747 4816 διὰ
770 4761 931 4816 τοῦτο
961 4758 1325 4831 μακροθυμῶ,
1348 4757 1436 4811 διὰ
1466 4756 1625 4809 τοῦτο
1654 4754 1919 4826 ταμιεύο-

2022 3645 2167 3697 cere,
2210 3630 2458 3684 volentes
2519 3631 2889 3693 obcaecantur,
2921 3637 2974 3681 et
3014 3628 3107 3697 qui
3147 3626 3409 3681 obcaecati
3448 3634 3609 3695 puta-

2018 3723 2243 3789 bantur,
2289 3723 2471 3777 lumen
2530 3722 2773 3777 veritatis
2819 3722 3106 3775 monstrati
3137 3727 3267 3775 sunt
3310 3720 3607 3772 intuentes.

2017 3817 2125 3870 Alii
2175 3816 2395 3886 quidem
2445 3816 2679 3871 salutem
2735 3831 2844 3871 non
2890 3821 3243 3885 acceperunt,
3294 3812 3387 3866 alii
3426 3820 3609 3865 autem

2018 3909 2273 3964 adducta:
2314 3909 2479 3963 Saluti
2516 3916 2911 3973 accurrerunt;
2948 3908 3021 3959 ita
3071 3915 3153 3971 ut,
3184 3905 3286 3959 etsi
3318 3918 3495 3968 meus,
3526 3902 3611 3955 in-

2019 4002 2157 4071 quit,
2193 4002 2461 4056 adventus
2496 4016 2594 4070 pro
2627 3999 2819 4054 mundi
2869 3998 3046 4053 salute
3093 3996 3273 4051 factus
3317 3997 3409 4062 sit,
3455 3995 3548 4051 sed
3570 3994 3609 4048 ii

2018 4097 2113 4163 qui
2146 4109 2314 4165 prava
2351 4094 2648 4148 voluntatis
2676 4092 3035 4148 inclinatione
3083 4092 3150 4146 ad
3204 4090 3480 4159 propriam
3516 4105 3610 4144 ar-

2018 4197 2275 4257 roganter
2290 4201 2348 4241 se
2371 4195 2660 4255 gesserunt
2685 4186 2997 4251 utilitatem,
3011 4184 3278 4255 judicium
3300 4185 3402 4238 sibi
3430 4196 3609 4238 meam

2019 4280 2364 4349 praesentiam
2439 4278 2737 4334 effecerint.
2813 4278 2952 4346 Quid
3009 4280 3176 4349 igitur
3260 4278 3441 4347 ignem
3498 4290 3609 4329 non

2019 4373 2290 4439 immittis,
2330 4388 2504 4443 neque
2534 4383 2733 4427 terram
2768 4372 2875 4428 illis
2910 4374 3181 4436 concutis,
3227 4386 3403 4441 neque
3456 4382 3609 4427 cata-

2018 4475 2202 4520 ractas
2227 4465 2351 4521 C(eli
2375 4465 2555 4534 aperis
2578 4476 2632 4519 et
2664 4464 2938 4536 demergis
2964 4464 3182 4518 illorutn
3235 4464 3612 4519 dementiam?

2018 4558 2148 4627 quia
2187 4577 2205 4610 ι
2254 4573 2366 4612 non
2400 4558 2547 4624 veni,
2595 4558 2794 4627 inquit,
2833 4557 3154 4627 utjudicem
3190 4558 3479 4621 mundum,
3514 4558 3612 4612 sed

2020 4662 2081 4704 ut
2108 4649 2337 4714 salvem,
2382 4668 2399 4701 ι
2440 4650 2534 4705 sed
2564 4664 2791 4705 sursum
2830 4663 2956 4704 eum
3004 4665 3216 4716 vocem;
3277 4661 3611 4720 quapropter

2019 4744 2283 4815 patientia
2325 4756 2491 4813 utor,
2554 4753 2891 4815 quapropter
2921 4744 3114 4799 differo
3150 4745 3457 4814 judicium;
3500 4762 3613 4801 non
3664 4738 3665 4741 “

319 4878 426 4933 μαι
452 4860 552 4927 τὴν
592 4856 771 4929 κρίσιν
792 4875 804 4887 ·
832 4857 893 4909 οὐ
922 4856 1028 4924 γὰρ
1059 4852 1295 4923 κρίσεως
1338 4849 1534 4921 καιρὸς
1562 4850 1662 4919 τῆς
1693 4848 1916 4919 πρώτης

2025 4842 2171 4896 enim
2209 4840 2405 4911 judicii
2454 4850 2689 4911 tempus,
2720 4840 2884 4909 primi
2919 4840 3189 4895 adventus
3231 4841 3335 4895 mei
3375 4850 3609 4910 tempus,

320 4972 433 5027 μου
464 4952 767 5025 παρουσίας
815 4953 843 5003 6
874 4948 1087 5019 καιρὸς,
1128 4944 1264 5000 ἀλλὰ
1316 4943 1754 5015 φιλανθρωπίας,
1784 4943 1921 4996 ἀλλὰ

319 5046 702 5119 συμπαθείας,
756 5042 873 5098 ἀλλ’
939 5039 1265 5111 εὐμενείας,
1342 5036 1481 5091 ἀλλά
1539 5035 1917 5105 ἀνακλήσεως.

320 5143 517 5203 Οὕτως
552 5139 613 5192 οὐ
645 5138 807 5209 μόνον
838 5134 1098 5205 οὐδεμίαν
1132 5132 1316 5203 μάχην
1342 5130 1594 5202 ἀλλήλοις
1619 5130 1919 5198 ἐπιφέρου-

322 5254 411 5290 σιν
442 5236 493 5288 οἱ
524 5232 880 5303 προκείμενοι
911 5228 1045 5282 θεῖοι
1074 5226 1332 5298 χρησμοὶ,
1356 5224 1492 5279 ἀλλά
1528 5224 1621 5277 καὶ⁴
1648 5222 1921 5287 πλεῖστον,

320 5331 403 5392 ὡς
435 5328 592 5399 ὁρᾷς,
628 5325 690 5377 τὸ
749 5322 1078 5394 ἐναρμόνιον
1134 5318 1491 5382 διασῴζουσιν
1513 5334 1526 5346 ο
1576 5316 1753 5380 ἄλλως
1784 5334 1843 5369 τε
1866 5315 1922 5368 δὲ

322 5422 424 5473 καὶ
454 5422 629 5488 κρῖμα
655 5418 751 5471 καὶ⁵
790 5415 973 5486 κρίσις
1029 5412 1409 5484 συμφέρονται
1452 5412 1553 5482 μὲν
1585 5413 1642 5463 ἐν
1682 5410 1921 5475 πολλοῖς,

323 5513 687 5583 ἀναδέχονται
733 5512 789 5565 δὲ
849 5510 945 5564 καὶ
996 5508 1298 5578 διαφοράνο
1335 5506 1396 5560 τὸ
1438 5506 1536 5577 μὲν
1596 5503 1707 5575 γὰρ
1747 5506 1925 5573 κρῖμα

329 5606 539 5677 μᾶλλον
568 5605 716 5675 δηλοῖ
736 5604 798 5657 τὸ
829 5603 1172 5673 κατάκριμα,
1205 5604 1238 5671 ἡ
1273 5600 1333 5653 δέ
1376 5598 1556 5670 κρίσις
1596 5601 1673 5661 είς
1708 5598 1806 5669 τὴν
1830 5598 1923 5651 τοῦ

329 5699 707 5768 προσήκοντος
766 5694 1025 5749 ἀπονεύει
1074 5693 1429 5762 διανέμησιν·
1476 5690 1555 5751 είς
1598 5690 1772 5759 κρῖμα
1832 5688 1925 5741 οὖν

333 5791 599 5861 ἐλήλυθεν
649 5791 677 5843 6
732 5786 924 5859 Σωτὴρ
978 5787 1055 5850 εἰς
1105 5785 1197 5839 τὸν
1224 5784 1451 5853 κόσμον,
1516 5781 1802 5834 τουτέστιν
1846 5783 1928 5844 είς

2028 4935 2122 4989 sed
2166 4934 2577 4997 misericordiae,
2617 4934 2711 4988 sed
2744 4933 3168 5003 compassionis,
3235 4932 3330 4987 sed
3370 4933 3610 4987 benevo-

2028 5027 2229 5087 lenti-.e,
2260 5025 2355 5081 sed
2405 5025 2758 5081 ltortationis.
2793 5026 2995 5095 Sicque
3040 5040 3150 5079 non
3204 5026 3367 5079 modo
3403 5026 3611 5079 nullam

2027 5136 2267 5190 pugnam
2343 5123 2483 5174 inter
2555 5135 2614 5174 se
2682 5118 2864 5173 ferunt
2937 5119 3191 5189 prtedicta
3269 5119 3452 5174 divina
3498 5135 3617 5175 ora-

2029 5214 2152 5267 cula
2193 5213 2287 5269 sed
2326 5215 2649 5279 maximum,
2685 5223 2741 5266 ut
2772 5213 2949 5281 vides,
2988 5223 3316 5268 concentum
3367 5222 3610 5266 servant.

2027 5304 2266 5358 Aliunde
2336 5314 2517 5359 autem
2581 5304 2848 5373 judicium
2934 5305 3153 5375 (κρῖμα)
3230 5314 3285 5359 et
3346 5303 3614 5373 iudicatio

2029 5402 2259 5471 (κρίσις)
2309 5399 2645 5455 concordant
2686 5399 2907 5468 quidem
2955 5400 3007 5451 in
3060 5398 3270 5465 multis,
3318 5400 3615 5453 admittunt

2027 5506 2209 5550 tamen
2240 5506 2294 5550 et
2316 5494 2703 5550 differentiam.
2721 5493 2999 5548 Judieium
3025 5495 3170 5547 enim
3188 5494 3360 5566 magis
3377 5495 3611 5550 ostendit

2031 5592 2459 5654 damnationem,
2479 5589 2743 5659 judicatio
2767 5600 2949 5643 autem
2976 5591 3027 5643 in
3055 5590 3221 5645 debiti
3250 5590 3477 5645 inclinat
3502 5593 3612 5645 d:s-

2036 5686 2414 5740 tributionem.
2462 5684 2520 5737 In
2568 5684 2838 5755 judicium
2891 5700 3022 5753 ergo
3072 5686 3217 5739 venit
3252 5684 3507 5740 Salvator
3560 5688 3614 5740 in

2035 5778 2327 5843 mundum,
2370 5778 2423 5833 id
2451 5788 2532 5833 est
2560 5778 2616 5832 in
2655 5778 3065 5834 damnationem
3106 5779 3285 5833 factus
3311 5789 3395 5833 est
3428 5780 3493 5832 iis
3520 5780 3617 5849 qui
