4134 6450
588 311 694 376 123

1759 307 1960 367 ΡΠΟΤ
1965 307 2024 366 ΙΙ
2060 307 2570 369 PATRIARCILE
2609 310 2720 371 (ΖΡ.

3786 304 3879 372 124

585 433 886 488 noluerunt
918 427 984 483 ad
1014 442 1170 482 suam
1208 425 1500 480 utilitatem
1530 425 1798 494 aspicere,
1841 439 2014 494 neque
2055 425 2171 478 dili-

2284 427 2602 496 κατάκριμα
2630 427 2854 494 γέγονεν
2902 425 3133 488 ἐκείνοις
3172 425 3287 477 ὅσοι
3320 423 3394 494 μὴ
3425 423 3716 492 διαϐλέψαι
3749 425 3879 494 πρὸς

584 525 826 595 gentiam
852 521 1229 576 adhibuerunt
1262 527 1322 573 ut
1340 533 1494 572 suam
1522 518 1952 586 redemptionem
2011 532 2182 586 agno-

586 626 823 671 sccrenl.
862 613 976 667 illis
1015 613 1183 681 igitur
1225 609 1564 680 injudicium
1601 609 1781 664 factus
1813 619 1898 662 est
1933 624 2182 662 connnu-

581 708 671 762 nis
715 715 963 760 nostrum
1022 703 1272 758 omnium
1339 700 1648 767 Salvator;
1706 717 1814 754 l-Oll
1867 700 2006 768 quod
2067 700 2182 765 ipse

584 814 803 868 pugnam
862 814 959 852 eos
1011 796 1310 850 incurrisse
1360 803 1556 848 auctor
1623 795 1713 855 sit,
1768 793 1859 846 sed
1909 791 2180 862 quodipsi

581 908 735 945 suam
774 891 1008 944 salutem
1051 890 1103 940 in
1142 886 1489 940 mortiferum
1521 887 1626 939 sibi
1663 885 2182 939 transfornnwerint

586 1001 890 1038 venenum.
927 983 1060 1035 Illud
1117 983 1286 1046 enim,
1339 991 1396 1034 ut
1452 983 1706 1045 videntes,
1759 991 1864 1035 etc.
1931 998 2038 1035 non
2099 989 2183 1036 est.

584 1092 767 1129 causa:
817 1075 1106 1128 iudicatio.
1136 1073 1227 1126 sed
1285 1090 1476 1126 eorum
1531 1075 1879 1127 aununtiatio
1911 1075 2002 1142 qui
2037 1072 2180 1127 mala

584 1170 868 1221 voluntate
891 1177 944 1220 et
965 1175 1142 1219 mente
1166 1166 1350 1234 pejora
1374 1166 1696 1220 melioribus
1723 1174 2180 1235 anteposuerunt;

584 1276 643 1314 se
695 1262 845 1330 ipsos
896 1259 1040 1311 enim
1088 1259 1368 1327 subjectos
1419 1258 1630 1327 judicio
1665 1259 1947 1314 declarare
2007 1272 2182 1326 neque

583 1367 937 1405 communem
983 1352 1320 1404 Salvatorem
1347 1351 1702 1419 accipientes,
1743 1351 1962 1404 malitia:
1990 1365 2179 1403 eorum

583 1455 668 1498 est
697 1444 972 1508 revelatio,
1011 1444 1144 1496 nihil
1194 1454 1375 1497 autem
1409 1443 1477 1497 ad
1521 1444 1792 1498 dicentem
1828 1444 2068 1513 pertinet
2117 1455 2175 1494 se

583 1538 799 1592 venisse
834 1553 939 1590 non
983 1536 1269 1607 utjudieet
1300 1536 1586 1602 mundum,
1619 1537 1784 1590 sedut
1837 1536 2030 1590 salvet.

655 1717 860 1770 Contra
884 1732 1014 1769 vero
1049 1725 1277 1770 testatur
1303 1715 1561 1771 bonitatis
1582 1715 1812 1786 pelagus
1844 1717 2176 1772 immensum

2283 523 2384 590 τὴν
2432 520 2642 573 ἑαυτῶν
2691 519 2966 589 ἠθέλησαν
3027 517 3398 581 λυσιτέλειαν,
3466 519 3601 587 μηδὲ
3666 517 3877 572 σύνεσιν

2289 614 2566 683 παρέσχον
2595 615 2896 680 ἐπιγνῶναι
2925 611 3020 682 τὴν
3053 611 3264 665 ἑαυτῶν
3305 610 3726 682 ἀπολύτρωσιν·
3758 611 3878 664 τού-

2285 722 2401 767 τοις
2429 701 2524 758 οὖν
2562 706 2642 766 εἰς
2673 707 2844 774 κρῖμα
2870 703 3094 771 γέγονεν
3135 705 3164 756 ό
3211 703 3389 765 κοινὸς
3449 702 3608 770 ἡμῶν
3652 702 3875 772 Σωτήρ·

2283 801 2387 854 οὐκ
2415 798 2578 862 αὐτὸς
2605 798 2777 861 αῖτιος
2801 797 2896 850 τοῦ
2933 797 3090 866 δίκην
3119 795 3354 864 ὀφείλειν
3384 796 3584 857 αὐτοὺς
3615 795 3875 860 γεγονὼς,

2284 895 2400 947 ἀλλ’
2439 892 2665 945 ἐκείνων
2693 891 2754 944 τὸ
2785 891 3055 960 σωτήριον
3083 890 3161 952 εἰς
3189 888 3432 959 ὀλέθριον
3467 891 3688 948 ἑαυτοῖς
3722 906 3881 957 μετα-

2286 986 2711 1054 σκευασαμένων
2741 984 3052 1054 φάρμακον.
3097 983 3170 1034 Τὸ
3209 983 3341 1052 γὰρ,
3371 982 3456 1034 ἵνα
3493 983 3542 1033 οἱ
3579 981 3880 1049 βλέποντες

2284 1079 2379 1130 καὶ
2410 1075 2558 1146 ἑξῆς,
2595 1076 2694 1128 οὐκ
2726 1076 2906 1136 αἰτίας
2963 1074 3110 1126 ἐστὶν
3169 1072 3418 1138 ἔνδειξις,
3469 1071 3792 1140 ἀπαγγελία
3831 1071 3883 1123 δὲ

2283 1171 2392 1222 τῶν
2446 1168 2759 1237 ἐθελοκάκῳ
2800 1166 2996 1239 γνώμῃ
3043 1167 3112 1218 τὰ
3175 1165 3344 1235 χείρω
3377 1165 3486 1216 τῶν
3554 1164 3883 1233 κρειττόνων

2286 1261 2671 1330 ποιησαμένων
2731 1258 3082 1328 ἐπίπροσθεν.
3150 1257 3224 1310 Τὸ
3257 1257 3355 1327 μὲν
3383 1251 3476 1309 οὖν
3511 1256 3734 1326 ἐνόχους
3761 1257 3884 1309 ἑαν-

2285 1355 2408 1416 τοὺς
2440 1353 2708 1423 κρίματος
2741 1352 3021 1421 ἀποφῆναι
3049 1349 3143 1402 καὶ
3182 1350 3256 1420 μὴ
3284 1347 3778 1419 παραδεξαμένους
3797 1352 3884 1399 τὸν

2296 1447 2474 1499 κοινὸν
2508 1446 2758 1516 Σωτῆρα,
2789 1445 2889 1515 τῆς
2918 1444 3142 1497 ἐκείνων
3189 1442 3305 1494 ἐστὶ
3335 1440 3643 1512 μοχθηρίας
3672 1440 3882 1493 ἀπόδει-

2287 1538 2403 1603 ξις·
2431 1537 2745 1589 ἀντιπίπτει
2790 1535 2845 1587 δὲ
2901 1535 3055 1586 οὐδὲν
3099 1534 3236 1603 πρὸς
3292 1531 3384 1584 τὸν
3434 1532 3667 1585 εἰπόντα
3713 1531 3882 1583 ἐλθεῖν

2285 1631 2383 1682 οὐκ
2413 1632 2507 1682 ἐπὶ
2536 1630 2596 1681 τὸ
2627 1631 2808 1699 κρῖναι
2836 1627 2928 1680 τὸν
2961 1628 3166 1696 κόσμον
3190 1625 3305 1684 ἀλλ’
3339 1627 3418 1688 είς
3451 1624 3513 1677 τὸ
3532 1624 3733 1678 σῶσαι.

2355 1723 2396 1774 Τ
2401 1722 2678 1775 ούναντίον
2710 1716 2802 1776 οὖν
2840 1722 3111 1793 μαρτυρεῖ
3161 1718 3576 1788 φιλανθρωπίας
3605 1703 3608 1706 ’
3635 1716 3881 1784 πέλαγος

587 1825 646 1862 se
691 1810 889 1862 multos
922 1809 990 1862 ab
1018 1825 1204 1863 errore
1245 1811 1561 1876 retraxisse,
1593 1819 1646 1864 et
1686 1826 1792 1863 non
1837 1821 2098 1880 parentes
2125 1821 2178 1864 et

2285 1813 2533 1884 ἄπειρον,
2569 1814 2650 1866 δτι
2681 1830 2740 1864 τε
2773 1812 3003 1874 πολλοὺς
3043 1811 3144 1880 τῆς
3171 1810 3380 1879 πλάνης
3413 1810 3733 1874 ἀνείλκυσε,
3789 1809 3882 1862 καὶ

583 1916 644 1953 se
691 1903 792 1954 sub
847 1901 1114 1971 judicium
1167 1912 1431 1973 ponentes
1486 1919 1594 1957 non
1662 1905 1924 1968 multare,
1999 1920 2178 1972 neque

583 1994 803 2062 punire,
866 2011 1039 2064 neque
1087 1997 1381 2063 damnare,
1443 1997 1538 2051 sed
1583 2013 1710 2066 erga
1763 2013 1859 2052 eos
1914 1998 2009 2067 qui
2069 2016 2175 2052 non

583 2095 777 2154 parcnt
802 2087 1097 2157 benignum
1127 2104 1248 2142 esse
1289 2107 1303 2144 :
1341 2109 1358 2139 ε
1385 2087 1578 2143 Totam
1601 2090 1744 2143 diem
1773 2091 1942 2154 enim,
1977 2091 2174 2160 inquit,
2208 2078 2212 2082 ’

585 2179 809 2234 extendi
861 2197 1056 2234 manus
1108 2197 1256 2236 meas
1313 2183 1380 2236 ad
1437 2183 1693 2252 populum
1726 2198 1831 2236 non
1896 2193 2176 2252 parentem

583 2280 637 2322 et
671 2272 1165 2325 contradicentcm.
1197 2293 1214 2325 ›
1260 2271 1546 2327 Damnatio
1590 2274 1755 2344 igitur
1787 2275 1843 2327 fit
1875 2275 2015 2343 apud
2054 2289 2177 2336 nos,

583 2374 835 2416 versatus
891 2363 1139 2418 Salvator
1196 2365 1403 2418 malitia
1460 2381 1652 2419 eorum
1691 2366 1784 2434 qui
1837 2363 2014 2435 ipsum
2073 2379 2181 2417 ae-

582 2465 866 2524 ceperunt,
906 2473 1013 2509 non
1058 2457 1272 2526 judicat
1322 2459 1444 2512 illos
1492 2473 1670 2527 neque
1713 2457 1886 2526 punit,
1920 2466 2180 2510 extrema:

581 2545 932 2612 benignitatis
962 2549 1157 2614 gratia,
1190 2555 1242 2599 et
1275 2547 1402 2614 quia
1437 2548 1673 2616 priorem
1727 2546 1848 2616 ejus
1886 2546 2176 2599 adventum

582 2652 692 2689 non
721 2636 912 2706 judieii
950 2647 1186 2706 tempus,
1219 2639 1312 2693 sed
1344 2638 1664 2692 oeconomia:
1703 2647 1756 2691 et
1782 2639 2180 2707 compassionis

583 2730 876 2782 ostendere
912 2731 961 2784 ei
1008 2740 1090 2782 est
1124 2732 1175 2783 in
1220 2732 1426 2784 animo.
1463 2731 1517 2783 Si
1560 2733 1684 2800 quis
1718 2741 1898 2784 autem
1931 2732 2058 2784 Velit
2086 2732 2180 2800 ju-

584 2820 840 2874 veniliter
873 2823 978 2875 vim
1027 2823 1312 2877 intendere
1345 2833 1398 2877 et
1429 2834 1641 2876 mutare
1681 2824 1949 2893 judicium
1982 2826 2034 2878 in
2064 2827 2179 2878 dis-

588 2916 889 2968 cretiunen'i
918 2925 970 2969 et
989 2918 1416 2985 separationem.
1439 2918 1491 2970 in
1518 2919 1690 2973 sacris
1712 2919 1931 2987 quidem
1959 2917 2179 2972 Litteris

585 3023 719 3071 non,
761 3016 818 3060 ut
844 3007 1103 3072 arbitror,
1139 3009 1276 3061 hanc
1307 3025 1494 3062 voeem
1547 3009 1597 3063 id
1637 3021 1949 3073 sonantem,
1985 3019 2177 3066 contra

589 3115 748 3151 usum
785 3098 1002 3153 firmum
1037 3101 1312 3167 inveniet;
1349 3103 1583 3170 reperiet
1615 3102 1848 3156 fortasse
1873 3103 2047 3172 quoad
2081 3103 2179 3156 ltus

585 3209 782 3248 sensus
814 3193 1172 3264 cogitationes
1205 3211 1312 3248 non
1344 3197 1480 3250 satis
1501 3199 1816 3265 probantes,
1847 3206 1940 3250 ut:
1979 3194 2186 3250 «Nolite

588 3287 817 3340 credere
863 3287 989 3356 quia
1041 3288 1163 3341 veni
1214 3288 1434 3343 mittere
1483 3305 1670 3358 pacem
1720 3306 1888 3360 super
1935 3301 2183 3355 terram;

587 3396 694 3433 non
748 3380 873 3433 veni
927 3396 1115 3450 pacem
1167 3383 1386 3436 mittere
1427 3391 1520 3436 seu
1555 3383 1794 3451 gladium
1826 3401 1841 3448 ;
1879 3385 2002 3438 veni
2037 3384 2183 3437 enim

584 3471 890 3540 dijudieare
917 3471 1194 3526 hominem
1221 3483 1409 3528 contra
1437 3484 1647 3542 patrem
1708 3476 1848 3542 ejus,
1887 3483 1940 3526 et
1982 3489 2184 3526 nurum

591 3574 788 3617 contra
855 3579 1074 3618 socrum
1133 3581 1318 3631 suam;
1373 3575 1447 3632 et,
1501 3566 1660 3635 cujus
1711 3566 2077 3620 ventilabrum
2129 3566 2182 3618 in

587 3672 753 3710 manu
787 3657 930 3728 ejus,
969 3665 1023 3710 et
1071 3659 1524 3728 purgabitaream
1556 3675 1735 3723 suam,
1761 3670 1811 3711 et
1851 3660 2181 3713 frumentum

587 3750 812 3820 quidem
866 3751 1227 3822 congregabit
1283 3753 1336 3804 in
1391 3752 1675 3816 horreum,
1735 3753 1943 3821 paleam
2001 3764 2180 3806 autem

587 3843 875 3895 comburct
907 3842 1031 3912 igne
1058 3843 1494 3914 inexstinguibili
1515 3861 1558 3908 ;›
1587 3843 1901 3912 ριίιυωιιυιιι
1923 3843 2183 3912 hujusce-

587 3934 734 3988 modi
770 3934 897 3988 alia.
930 3935 1185 3989 Attamen
1235 3951 1415 4006 neque
1465 3938 1536 3990 ita
1568 3951 1851 3991 sacrorum
1889 3938 2178 3991 verborum

587 4041 769 4096 pugna
799 4026 876 4080 illi
901 4027 995 4097 qui
1028 4029 1107 4082 sic
1151 4044 1270 4082 eam
1304 4030 1547 4094 instruit,
1577 4031 1716 4082 inter
1748 4030 1902 4094 illud,
1934 4030 2177 4099 inquam,

595 4137 614 4169 ι
648 4116 704 4172 ln
733 4119 1005 4189 judicium
1034 4137 1132 4191 ego
1168 4124 1220 4174 in
1250 4122 1396 4177 hunc
1425 4123 1691 4176 nmndum
1725 4124 1870 4186 veni,
1899 4142 1915 4174 ι
1947 4133 1998 4176 et
2024 4123 2175 4187 illud,

595 4207 740 4263 «Non
763 4211 881 4264 veni
907 4210 1155 4280 judicare
1173 4213 1458 4279 mundum,
1473 4233 1490 4263 ι
1518 4214 1626 4266 ullo
1645 4215 1808 4268 modo
1828 4213 2173 4269 conflabitur.

589 4302 841 4355 Salvator
870 4303 1017 4356 enim
1052 4317 1109 4358 ut
1137 4307 1400 4360 mundum
1438 4308 1755 4377 paciﬁcaret
1786 4318 1840 4362 et
1884 4307 2031 4360 Patri
2090 4323 2176 4361 re-

587 4394 907 4448 conciliaret
957 4411 1050 4449 eos
1096 4397 1192 4466 qui
1236 4399 1365 4451 olim
1415 4400 1493 4453 illi
1533 4399 1731 4453 infensi
1779 4409 1956 4465 erant,
1995 4400 2172 4465 venit;

2287 1907 2694 1976 ἀπειθήσαντας
2734 1907 2828 1960 καὶ
2861 1905 2968 1959 ὑπὸ
2989 1907 3170 1975 κρῖμα
3207 1903 3398 1966 θέντας
3427 1903 3662 1964 ἑαυτοὺς
3685 1902 3884 1954 ούκεὺ·

2288 1997 2592 2058 θύνει,ούδὲ
2623 1998 2863 2062 κολάζει,
2894 1994 3526 2063 οὖδὲκατακρίνει,ἀλλὰ
3551 1994 3693 2065 πρὸς
3726 1995 3881 2045 ἀπει-

2288 2089 2511 2153 θοῦντας
2534 2091 2898 2161 χρηστεύεται
2925 2106 2938 2120 ο
2971 2088 3092 2142 οὐδὲ
3123 2089 3248 2160 ὅλην
3275 2089 3406 2158 γάρ,
3429 2090 3584 2157 φησὶ,
3624 2087 3725 2157 τὴν
3748 2087 3883 2156 ήμέα

2289 2202 2389 2256 ραν
2419 2184 2724 2248 ἐξεπέτασα
2751 2183 2849 2246 τὰς
2875 2181 3070 2252 χεῖράς
3102 2199 3202 2250 μου
3219 2181 3354 2251 πρὸς
3381 2180 3507 2232 λαὸν
3545 2177 3879 2232 ἀπειθοῦντα

2287 2277 2384 2329 καὶ
2423 2277 2794 2344 ἀντιλέγοντα.
2856 2277 3192 2345 Κατάκριμα
3222 2274 3315 2326 οὖν
3356 2273 3568 2342 γίνεται
3635 2287 3879 2343 παραγε-

2287 2369 2457 2438 γονὼς
2492 2372 2519 2422 ὁ
2544 2370 2735 2437 Σωτὴρ
2778 2368 2865 2421 διὰ
2925 2367 3229 2438 μοχθηρίας
3267 2365 3376 2417 τῶν
3412 2360 3876 2433 παραδεξαμένων

2289 2464 2451 2517 αὐτόν
2481 2481 2494 2494 ·
2527 2464 2589 2516 οὐ
2628 2463 2802 2534 κρίνει
2843 2462 2899 2515 δὲ
2929 2461 3157 2524 τούτους
3211 2459 3334 2512 οὐδὲ
3395 2460 3729 2528 τιμωρεῖται
3795 2455 3875 2507 διὰ

2288 2557 2702 2630 φιλανθρωπίαν
2752 2557 2950 2626 ἄκραν,
2988 2552 3080 2608 καὶ
3129 2554 3190 2606 τὸ
3254 2551 3352 2619 τὴν
3391 2553 3668 2623 προτέραν
3714 2548 3873 2603 αὑτοῦ

2290 2649 2596 2720 παρουσίαν
2630 2649 2703 2719 μὴ
2756 2647 2990 2718 κρίσεως
3027 2643 3215 2714 καιρὸν
3266 2643 3380 2696 ἀλλ’
3421 2642 3740 2711 οἰκονομίας
3788 2637 3874 2690 καὶ

2290 2740 2630 2810 συμπαθείας
2686 2736 2952 2802 ἐπιδεῖξαι
3017 2733 3290 2804 βούλεται.
3362 2731 3424 2782 Εἰ
3481 2729 3540 2782 δέ
3568 2745 3655 2790 τις
3707 2726 3873 2778 ἐθέλοι

2287 2833 2683 2901 νεανικώτερον
2713 2827 3094 2890 ἐκϐιάσασθαι,
3127 2825 3221 2878 καὶ
3259 2822 3587 2893 μεταλαϐεῖν
3611 2823 3674 2874 τὸ
3708 2821 3873 2889 κρῖμα

2287 2929 2366 2990 εἰς
2400 2925 2670 2995 διάκρισιν
2701 2923 2795 2975 καὶ
2832 2917 3223 2991 διαχωρισμὸν,
3249 2915 3399 2986 παρὰ
3432 2914 3533 2984 μὲν
3559 2915 3676 2976 τοῖς
3716 2913 3868 2981 ἱεροῖς

2287 3015 2746 3088 γράμμασιν,οὐκ
2763 3014 2828 3067 ἂν
2845 3007 2998 3082 οἶμαι
3028 3012 3128 3080 τὴν
3145 3008 3286 3074 λέξιν
3317 3008 3476 3061 τοῦτο
3501 3007 3869 3078 σημαίνουσαν

2288 3108 2434 3162 κατὰ
2463 3107 2659 3177 χρῆσιν
2684 3106 3024 3160 ἀδιάπτωτον
3055 3102 3205 3174 εὖροι
3227 3115 3239 3128 '
3274 3100 3562 3170 εὑρήσειδ”
3593 3101 3732 3161 ῖσως
3761 3097 3869 3150 δια-

2290 3200 2440 3263 νοίας
2477 3198 2586 3251 οὐδ’
2626 3195 3036 3264 ἁποφαινούσας
3069 3194 3206 3264 πρὸς
3229 3193 3296 3246 τὰ
3326 3192 3552 3246 τοιαῦτα
3608 3188 3868 3261 σημαινό-

2293 3309 2430 3360 μενα
2459 3307 2473 3320 '
2505 3283 2614 3342 οἷον
2646 3288 2722 3359 μὴ
2738 3288 2997 3358 νομίσητε
3029 3288 3110 3339 δτι
3139 3282 3304 3356 ἦλθον
3334 3284 3518 3355 βαλεῖν
3535 3284 3763 3355 εἰρήνην
3783 3280 3868 3333 ἐπὶ

2286 3385 2387 3456 τὴν
2421 3385 2545 3454 γῆν,
2579 3383 2679 3436 οὑκ
2708 3378 2872 3452 ἦλθον
2905 3381 3088 3452 βαλεῖν
3112 3381 3356 3449 εἰρήνην,
3390 3377 3528 3431 ἀλλὰ
3561 3378 3861 3448 μάχαιραν·

2285 3475 2449 3548 ἦλθον
2481 3476 2590 3549 γὰρ
2613 3475 2836 3529 δικάσαι
2861 3473 3148 3544 ἄνθρωπον
3170 3472 3311 3525 κατὰ
3342 3469 3437 3524 τοῦ
3461 3469 3673 3539 πατρὸς
3706 3462 3863 3519 αὑτοῦ

2287 3571 2379 3624 καὶ
2412 3569 2688 3639 θυγατέρα
2709 3569 2850 3621 κατὰ
2878 3567 2975 3635 τῆς
3009 3564 3215 3636 μητρὸς
3251 3563 3444 3633 αὐτῆς,
3502 3562 3600 3614 καὶ
3655 3559 3862 3628 νύμφην

2285 3664 2426 3718 κατὰ
2457 3664 2555 3734 τῆς
2599 3662 2866 3732 πενθερᾶς
2891 3660 3061 3728 αὐτῆς
3088 3676 3101 3689 °
3129 3659 3243 3721 mi,
3298 3649 3360 3710 οὗ
3409 3655 3470 3708 τὸ
3508 3654 3680 3708 πτύον
3720 3655 3774 3706 ἐν
3801 3654 3861 3718 τῇ

2283 3757 2431 3828 χειρὶ
2459 3755 2647 3819 αὐτοῦ,
2691 3755 2785 3808 καὶ
2826 3753 3170 3823 διακαθαριεῖ
3199 3751 3299 3822 τὴν
3331 3750 3517 3804 ἅλωνα
3556 3746 3744 3807 αὐτοῦ,
3776 3743 3860 3795 καὶ

2282 3850 2373 3904 τὸν
2407 3851 2504 3922 μὲν
2542 3854 2686 3902 σῖτον
2726 3847 2942 3911 συνάξει
2973 3849 3051 3910 εἰς
3084 3845 3183 3916 τὴν
3211 3843 3519 3913 ἀποθήκην,
3550 3844 3609 3894 τὸ
3647 3839 3705 3893 δὲ
3735 3837 3860 3905 ἄχυ-

2284 3961 2375 4015 ρον
2410 3941 2746 3996 κατακαύσει
2803 3940 2937 4010 πυρὶ
2977 3939 3266 4006 ἀσϐέστῳο
3319 3935 3414 3988 καί
3465 3947 3587 3988 τινα
3645 3929 3858 3984 τοιαῦτα

2281 4037 2465 4108 ἕτερα.
2526 4036 2675 4103 Πλὴν
2707 4033 2815 4086 οὐδ’
2845 4033 3017 4091 οὕτως
3051 4033 3082 4100 ὴ
3112 4029 3221 4082 τῶν
3251 4027 3415 4095 ἱερῶν
3448 4027 3712 4098 ῥημάτων
3763 4019 3858 4090 μά-

2279 4129 2454 4200 χητῷ
2500 4128 2708 4198 ταύτην
2736 4122 3218 4193 διασκευαζομένῳ
3264 4121 3409 4187 λέγω
3458 4120 3521 4190 δὴ
3570 4117 3632 4171 τό
3650 4134 3733 4180 τε,
3767 4115 3856 4174 Εἰς

2279 4225 2454 4290 κρῖμα
2483 4219 2592 4287 ἐγὼ
2620 4221 2697 4283 εἰς
2721 4219 2810 4271 τὸν
2834 4218 3037 4286 κόσμον
3067 4214 3303 4285 ἐλήλυθα
3332 4229 3347 4243 '
3381 4212 3474 4265 καὶ
3501 4211 3580 4275 τὺ,
3617 4211 3732 4264 Οὐκ
3763 4202 3854 4279 ἦλ-

2281 4313 2371 4366 θον
2405 4315 2584 4383 κρῖναι
2615 4311 2704 4364 τὸν
2752 4310 2960 4379 κόσμον
3015 4308 3151 4362 ἀλλὰ
3190 4307 3384 4368 σῶσαι,
3415 4303 3681 4374 οὗμενουν
3706 4301 3854 4356 οὐδαο

2281 4403 2397 4475 μῶς
2434 4402 2960 4472 συγκροτηθήσεται.
3014 4397 3072 4451 Ὀ
3106 4398 3204 4468 μὲν
3241 4395 3350 4467 γὰρ
3387 4393 3570 4464 σωτὴρ
3614 4387 3852 4462 εἰρηνεῦο

586 4492 639 4536 et
683 4485 903 4552 quidem
957 4487 1198 4540 medium
1255 4489 1516 4556 parietem
1577 4490 1901 4543 munimenti
1951 4489 2171 4543 solvens

2284 4515 2367 4549 σαι
2421 4497 2514 4549 τὸν
2570 4495 2773 4564 κόσμον
2829 4493 2924 4545 καὶ
2986 4488 3321 4554 καταλλάξαι
3373 4485 3449 4555 τῷ
3509 4485 3684 4555 Πατρὶ
3735 4480 3850 4542 τοὺς

596 4593 720 4631 cum
755 4578 821 4632 iis
853 4593 976 4647 qua:
1006 4579 1263 4634 deorsum
1294 4590 1421 4634 sunt
1470 4583 1557 4634 illa
1599 4597 1720 4651 (pne
1747 4597 1964 4635 sursum
2001 4583 2172 4635 univit

586 4678 640 4724 et
680 4671 734 4724 in
785 4687 917 4740 pace
957 4673 1284 4738 constituit;
1338 4675 1384 4728 si
1426 4689 1554 4727 vero
1601 4675 1821 4742 quidam
1877 4689 2064 4744 pacem
2122 4676 2173 4728 in

588 4764 938 4817 inimicitiam
983 4775 1356 4830 mutaverunt,
1389 4776 1439 4820 et
1486 4765 1744 4819 unionem
1786 4767 1840 4818 in
1880 4767 2170 4818 tumultum

587 4855 858 4919 fecerunt,
891 4873 1000 4909 non
1055 4859 1106 4910 in
1158 4873 1324 4912 causa
1362 4866 1445 4911 est
1483 4858 1575 4927 qui
1634 4873 1822 4927 pacem
1858 4858 2091 4925 prmbuit
2121 4865 2175 4909 et

588 4950 870 5014 unionem,
906 4948 999 5003 sed
1031 4949 1107 5002 illi
1139 4950 1230 5020 qui
1265 4966 1320 5003 se
1353 4951 1503 5020 ipsos
1536 4950 1605 5003 ab
1651 4950 1717 5003 iis
1745 4950 1833 5018 qui
1862 4949 2006 5002 Patri
2033 4964 2167 5002 con-

581 5041 759 5109 juncti
807 5054 961 5098 erant
997 5053 1048 5097 et
1097 5044 1248 5112 pacis
1287 5044 1446 5097 bonis
1499 5042 1842 5106 fruebantur,
1873 5057 2164 5111 separave-

582 5143 733 5186 runt.
811 5156 813 5158 ’

2276 4588 2841 4659 ἐκπεπολεμωμένους
2878 4586 3043 4639 πάλαι
3075 4583 3221 4651 αύτῴ
3245 4580 3590 4651 παραγέγονε
3612 4594 3626 4607 ’
3660 4579 3755 4631 καὶ
3793 4573 3848 4641 δὴ

2276 4683 2370 4734 καὶ
2409 4683 2469 4734 τὸ
2503 4680 2816 4752 μεσότοιχον
2840 4678 2933 4731 τοῦ
2964 4675 3222 4748 φραγμοῦ
3247 4672 3536 4743 περιελὼν,
3572 4674 3682 4734 τοῖς
3710 4669 3849 4724 κάτω

2276 4774 2343 4827 τὰ
2381 4773 2493 4828 ἄνω
2521 4773 2725 4843 συνῆψέ
2760 4789 2819 4824 τε
2871 4771 2964 4824 καὶ
3003 4766 3413 4840 εἰρηνοποίησεν
3439 4779 3450 4792 ·
3509 4765 3557 4815 εἰ
3608 4764 3666 4816 δέ
3715 4773 3847 4820 τινες

2276 4869 2487 4930 ἑαυτοῖς
2522 4865 2622 4937 τὴν
2647 4867 2872 4936 εἰρήνην
2910 4865 2987 4927 εἰς
3024 4862 3222 4932 ἔχθραν
3244 4859 3602 4929 μετέστησαν,
3639 4857 3735 4908 καὶ
3759 4851 3846 4920 τὴν

2273 4959 2568 5028 διαλλαγὴν
2603 4960 2680 5021 είς
2724 4958 3005 5010 διάστασιν
3034 4952 3464 5022 ἀπειργάσαντο,
3491 4949 3614 5018 οὐχὶ
3641 4948 3733 5001 τοῦ
3758 4945 3844 5015 τὴν

2274 5051 2498 5120 εἰρήνην
2530 5054 2906 5123 παρασχόντος
2931 5051 3051 5104 Οὖδὲ
3081 5050 3174 5104 τοῦ
3211 5047 3646 5111 καταλλάξαντος
3682 5048 3714 5116 ἡ
3765 5041 3843 5093 αι’

2271 5142 2379 5205 τία,
2401 5143 2536 5196 ἀλλὰ
2565 5146 3106 5204 τῶνδιασπασάντων
3120 5152 3344 5218 ἑαυτοὺς
3375 5150 3842 5220 καὶδιακοψάντων

584 5231 691 5282 ἀπὸ
721 5231 828 5286 τῶν
861 5231 1313 5302 καταλλαγέντων
1367 5231 1440 5302 τῷ
1477 5233 1674 5304 Πατρὶ,
1704 5232 1926 5286 καὶτῶν
1953 5231 2052 5300 τῆς
2084 5234 2309 5308 εἰρήνης
2345 5240 2797 5298 ἁπολελαυκότων
2826 5245 3069 5314 ἀγαθῶν,
