4134 6444
326 315 430 378 1:25

896 428 1233 483 ΕΡΩΤΗΣΙΣ
1263 426 1359 481 11”.

323 525 393 578 Εἰ
418 523 486 576 τὸ
512 522 585 576 ἐν
618 521 870 576 κολάσει
901 519 1171 586 διηνεκεῖ
1197 516 1350 572 εἶναι
1401 517 1613 581 πολλῷ
1648 516 1921 586 χαλεπώ-

391 610 591 660 τερον,
627 593 734 645 τοῦ
767 591 914 662 [(εοιι.
952 590 1040 661 τὸ]
1079 592 1188 658 γὰρ
1212 589 1514 662 ἀλγηδόσι
1537 589 1642 662 *καὶ
1677 588 1924 662 ὀδύναις

394 658 884 732 κατατείνεσθαι,
919 662 988 732 τι)
1027 658 1195 731 γρου.
1224 659 1356 732 τοῦ]
1396 658 1593 732 μηδὲν
1648 659 1926 732 τοιοῦτον

396 736 665 802 πάσχειν
691 728 1200 802 πολλῷγᾶμεινον.
1230 728 1359 794 πὼξ·
1397 734 1428 782 ό
1458 730 1606 802 Θεὸς
1630 730 1800 794 ,τοὺς
1848 728 1919 802 ἐν

392 798 728 873 ἁμαρτίαις,
772 801 946 871 φασὶ,
969 798 1321 873 ,μέλλοντας
1354 800 1623 873 τὸνρἰον
1651 798 1927 865 κατατρί-

397 871 524 928 Cen;
554 876 886 943 admirare,
919 874 986 926 τὸ
1017 871 1223 941 χεῖρον
1256 873 1293 940 ἢ
1328 872 1394 923 τὸ
1467 873 1716 940 ἄμεινον
1770 886 1914 938 προ-

393 947 683 1014 ελόμενος
710 961 728 1007 ;

1322 313 1424 373 AD
1455 312 2051 372 AMI‘HILOCHIUM
2087 311 2437 384 ΟΗίΕΞΤΙΟ
2466 313 2638 373 XIII.

3513 316 3614 383 126

2542 426 2874 492 ρυΑΞΞΤὶΟ
2911 427 3052 482 xm.

2022 513 2087 569 Si
2127 518 2177 568 in
2214 527 2414 591 «eterna
2454 534 2606 584 pruna
2630 521 2828 572 νει-δίινὶ
2871 521 3039 573 multo
3076 521 3306 572 deterius
3343 530 3419 574 est
3452 537 3612 591 quam

2099 589 2313 640 omnino
2341 592 2447 640 vita
2476 606 2577 641 non
2612 591 2688 640 uti
2723 591 2874 656 (nihil
2908 594 3045 642 enim
3080 593 3193 657 puti
3222 591 3383 644 multo
3423 589 3611 644 melius

2095 667 2171 711 est
2208 675 2365 728 quam
2415 660 2685 711 doloribus
2716 663 3141 728 cruciatibusque
3193 663 3479 728 (lit-eram"),
3517 678 3614 714 cur

2107 728 2241 781 Deus
2274 731 2511 782 homines
2541 732 2665 782 illos
2692 733 2780 798 qui
2813 733 3114 798 inprecatis
3148 732 3310 784 vitum
3363 749 3613 785 conmm-

2097 801 2240 866 ρίαν-ἰ
2265 802 2650 864 crant,creurit
2673 840 2689 862 ,
2723 818 2827 854 rem
2845 802 3075 870 pejurem
3106 819 3217 870 pra:
3252 804 3466 856 meliore
3509 802 3610 855 eli-

2097 886 2218 939 gens
2241 870 2266 922 ?

1471 1053 1611 1102 Edita
1636 1066 1663 1100 a
1689 1049 1813 1099 Maio
1839 1047 2100 1098 NothColl.
2139 1055 2156 1097 t
2202 1049 2284 1106 1X,
2309 1049 2326 1097 1
2348 1049 2384 1109 i,
2420 1049 2492 1099 15.

389 1148 460 1196 α’.
487 1143 612 1194 Ὅτι
639 1142 736 1210 μὲν
777 1133 868 1193 οὖν
899 1139 1106 1209 βέλτιον
1145 1134 1214 1208 ἦν
1273 1141 1387 1201 τοῖς
1430 1139 1508 1201 εἰς
1563 1136 1912 1206 χαλεπότητα

315 1236 685 1305 πταισμάτων
715 1233 1008 1304 ὲληλακόσι
1038 1233 1099 1285 τὸ
1135 1233 1260 1302 μηδ’
1283 1233 1420 1295 ὅλως
1443 1232 1720 1300 γενέσθαι,
1749 1228 1911 1291 αὐτὸς

303 1334 338 1384 ὁ
395 1331 591 1400 Σωτὴρ
618 1328 778 1398 ἡμῶν
825 1329 882 1379 ὲν
911 1329 1020 1388 τοῖς
1055 1324 1408 1393 Εὑαγγελίοις
1438 1322 1676 1386 ἐδίδαξεν
1705 1319 1873 1373 εἰπών
1894 1334 1907 1348 ·

315 1443 336 1474 ε
382 1421 560 1476 Καλὸν
587 1417 655 1491 ἦν
687 1419 838 1490 αὐτῷ
874 1419 923 1471 εί
952 1422 1052 1471 οὐκ
1099 1416 1333 1487 ἐγενήθη
1364 1417 1392 1468 ὁ
1419 1415 1710 1485 ἄνθρωπος
1763 1413 1910 1463 ἐκεῖ·

304 1532 407 1577 νος
429 1530 444 1544 ·
482 1531 499 1562 ›
531 1512 647 1564 ἀλλ’
697 1511 870 1583 ἰοῦδςι⁸
902 1511 1002 1578 μὲν
1035 1511 1130 1562 καὶ
1175 1512 1287 1571 τοῖς
1316 1507 1438 1562 κατ’
1469 1506 1629 1558 αὑτὸν
1682 1504 1910 1574 ἄμεινον

302 1602 386 1676 ἦν
416 1604 510 1658 τοῦ
537 1603 796 1672 γενέσθαι
825 1577 884 1654 τὸ
905 1577 984 1672 μὴ
1030 1599 1287 1669 γενέσθαι
1321 1617 1334 1630 ·
1368 1599 1430 1652 οὐ
1458 1599 1563 1668 μὴν
1589 1597 1648 1649 δὲ
1679 1596 1867 1656 ἁπλῶς
1895 1611 1908 1624 ·
1947 1577 1990 1632 Β

307 1697 435 1750 ἀλλ’
470 1697 591 1749 οὐδὲ
628 1695 748 1766 Θεῷ
777 1696 1001 1766 ἄμεινον
1021 1711 1035 1725 ο
1061 1694 1195 1746 ὅπου
1228 1710 1288 1761 γε
1316 1692 1380 1746 τὸ
1412 1691 1512 1762 μὲν
1557 1692 1636 1753 εἰς
1669 1688 1914 1742 ἀπόλαυ-

312 1807 409 1842 σιν
435 1790 556 1854 ἄγει
584 1787 678 1840 τοῦ
703 1787 875 1850 ὄντος,
911 1786 1004 1839 καὶ
1032 1786 1130 1855 τῆς
1164 1784 1315 1846 θείας
1351 1781 1611 1854 προνοίας
1656 1780 1752 1833 καὶ
1822 1779 1917 1848 δη-

319 1880 614 1951 μιουργίας
646 1878 794 1930 ἐστὶν
829 1874 1217 1945 ὲξαγγελτικόν
1243 1891 1256 1904 ⁸
1287 1874 1348 1928 τὸ
1377 1874 1432 1926 δὲ
1471 1873 1565 1926 τοῦ
1591 1871 1743 1934 ὄντος
1770 1868 1918 1932 ἅπαξ

311 1972 598 2038 δια-πεσὸν,
643 1969 783 2041 μετά
828 1967 925 2022 τοῦ
986 1967 1157 2039 μηδὲν
1198 1965 1561 2019 ἐκκαλύπτειν
1613 1965 1712 2032 τῆς
1745 1962 1916 2032 ὑπερ-

315 2065 494 2134 φυοῦς
524 2063 716 2132 σοφίας
743 2061 836 2116 τοῦ
865 2062 1020 2128 Θεοῦ,
1055 2060 1179 2114 οὐδὲ
1204 2059 1312 2113 τῶν
1346 2058 1530 2112 καλῶν
1582 2073 1728 2119 τινος
1784 2071 1916 2125 μετ-

306 2159 470 2228 έχειν
499 2156 721 2210 δύναται
748 2173 762 2186 ·
796 2153 993 2208 οὐκοῦν
1025 2153 1148 2206 ἐπεὶ
1179 2151 1502 2220 τὸγενέσθαι
1537 2151 1632 2202 τοῦ
1666 2148 1740 2219 μὴ
1765 2147 1916 2216 γενέ-

312 2250 452 2303 σθαι
483 2250 740 2319 κρεῖσσον
763 2245 930 2300 καὶτὸ
959 2242 1098 2298 εἶναι
1128 2244 1222 2296 τοῦ
1251 2244 1325 2315 μὴ
1356 2237 1516 2306 εἶναι,
1541 2241 1653 2293 ἔδει
1682 2241 1742 2291 τὸ
1772 2240 1916 2291 θεῖον

306 2344 404 2405 εἰς
450 2338 812 2412 δημιουργίαν
858 2337 1050 2391 ἀπιδὸν
1085 2335 1159 2408 μὴ
1225 2334 1321 2389 τοῦ
1361 2333 1605 2404 χείρονος
1661 2329 1915 2400 γενέσθαι

302 2434 381 2488 τὸ
421 2435 478 2488 δὲ
509 2437 760 2506 κρεῖττον
791 2428 1237 2502 ἀπεργάζεσθαι·
1284 2427 1460 2490 οὓτως
1511 2422 1606 2479 οὖν
1661 2422 1917 2493 οὐδαμῶς

303 2532 440 2582 ἐστι
466 2527 586 2599 Θεῷ
611 2527 845 2599 πρέπον,
884 2525 1006 2578 ἀντὶ
1034 2523 1135 2592 τῆς
1176 2523 1254 2584 εἰς
1290 2521 1352 2574 τὸ
1385 2515 1527 2574 εἶναι
1581 2515 1917 2589 προαγωγῆς

301 2621 430 2676 τῶν
459 2621 757 2691 ἐσομένων,
787 2621 819 2690 ή
853 2619 932 2680 είς
960 2615 1021 2669 τὸ
1059 2615 1135 2686 μὴ
1173 2614 1232 2666 ὃν
1265 2610 1650 2682 ὲγκατόιλειψις
1686 2624 1699 2638 ·
1735 2611 1785 2661 εί
1822 2607 1916 2661 καὶ

301 2715 401 2787 τῷ
431 2714 670 2786 προδότῃ
707 2715 766 2764 ὲν
794 2712 946 2782 νόμῳ
977 2707 1418 2778 ταλανιζομένων
1470 2707 1503 2776 ἡ
1534 2703 1915 2774 φιλάνθρωπος

302 2811 428 2878 ἔφη
465 2809 644 2875 σοφία,
680 2805 842 2858 καλὸν
881 2801 950 2875 ἧν
988 2801 1137 2871 αὐτῷ
1188 2803 1237 2852 εί
1287 2799 1363 2869 μὴ
1395 2797 1691 2867 ἐγεγένητο
1724 2811 1738 2824 ⁸
1791 2795 1916 2847 ἐπεὶ

303 2903 419 2955 καὶ
465 2900 641 2962 ἄλλως
695 2899 824 2960 τοὺς
873 2894 1291 2966 ἁμαρτάνοντας
1337 2893 1450 2953 τοῖς
1502 2889 1915 2960 ἀναμαρτήτοις

301 2997 373 3047 ὲν
410 2995 509 3063 ἴσῳ
535 2990 818 3061 τετάχθαι,
861 2986 1217 3058 χαριέστατον
1253 2982 1352 3054 μὲν
1382 2982 1447 3035 ἂν
1494 2980 1577 3051 εἴη
1604 2996 1618 3010 ⁸
1682 2978 1818 3032 Θεοῦ
1854 2978 1913 3030 δὲ

307 3084 500 3156 κρίσει
529 3082 590 3134 οὐ
618 3083 719 3151 μὲν
769 3075 862 3133 οὖν
886 3078 1139 3148 οὐδαμῶς
1184 3075 1409 3129 ἀνεκτὸν
1451 3073 1572 3125 οὐδὲ
1603 3070 1752 3136 ἀξιον
1773 3088 1785 3101 ·
1819 3069 1913 3123 καὶ

308 3177 377 3230 τὸ
412 3174 486 3247 μὴ
515 3173 697 3227 δοῦναι
733 3173 892 3242 δίκην
927 3169 1264 3240 ὀφείλοντας,
1300 3166 1554 3238 δεύτερον
1589 3165 1688 3235 μὲν
1728 3163 1913 3225 αὐτοῖς

307 3267 526 3337 ἀγαθόν
557 3284 571 3294 '
604 3266 720 3319 ἀλλ’
756 3265 1057 3318 οὐδὲτοῦτο
1086 3263 1183 3332 τῆς
1206 3259 1604 3329 δικαιοκρισίας
1627 3256 1795 3325 ἐγγὺς
1816 3253 1910 3308 τοῦ

305 3361 457 3414 Θεοῦ
483 3377 496 3391 ·
523 3362 617 3414 καὶ
650 3358 823 3429 μυρία
857 3356 1015 3410 ἄλλα.

389 3454 460 3524 β’.
502 3453 661 3506 Κατά
687 3452 779 3504 τὸν
803 3450 968 3503 αὑτὸν
1021 3448 1078 3500 δὲ
1123 3447 1323 3518 τρόπον
1370 3445 1466 3498 καὶ
1498 3444 1590 3496 τὸν
1635 3441 1911 3512 ἀμετάθε-

303 3565 412 3602 τον
441 3546 630 3617 εἱρμὸν
659 3543 756 3598 τοῦ
787 3542 968 3612 λόγου,
1003 3541 1098 3595 καὶ
1121 3539 1278 3611 ήτῶν
1303 3537 1576 3607 ἐσομένων
1608 3534 1909 3604 προαγωγὴ

301 3641 509 3703 αὐτοῖς
536 3655 597 3691 τε
633 3637 842 3708 βέλτιον
897 3635 993 3688 καὶ
1034 3631 1154 3703 Θεῴ
1216 3629 1692 3703 πρεπωδέστατον,
1723 3629 1770 3679 εἰ
1817 3625 1910 3678 καί

301 3749 466 3794 τινες
505 3730 616 3782 τῶν
649 3727 1037 3798 προαχθέντων
1094 3723 1274 3795 χρόνῳ
1310 3721 1538 3792 ὕστερον
1597 3720 1911 3790 αὐθαιρέτῳ

301 3820 517 3895 γνώμῃ
545 3821 653 3874 τῶν
689 3819 1017 3890 κρειττόνων
1061 3816 1128 3870 τὰ
1161 3815 1384 3886 χείρονα
1439 3811 1760 3882 ἠλλάξαντο,
1815 3811 1911 3864 καὶ

301 3917 418 3985 τὴν
445 3911 766 3982 θαυμαστὴν
797 3909 895 3962 καὶ
935 3909 1208 3978 σωτήριον
1247 3905 1616 3976 δημιουργίαν
1651 3903 1745 3956 τοῦ
1775 3904 1910 3958 Θεοῦ

307 4005 600 4076 σφαλερὰν
625 4004 813 4066 αὐτοῖς
882 4001 1313 4070 κατεστήσαντο,
1365 3998 1427 4050 τὸ
1489 3998 1713 4069 ἄριστον
1772 4014 1911 4069 προ-

307 4101 550 4168 αγαγεῖν
576 4097 1054 4166 φιλονεικήσαντες
1079 4095 1158 4157 εἰς
1189 4093 1250 4147 τὸ
1285 4093 1560 4165 χείριστον
1583 4108 1596 4123 ·
1648 4093 1728 4146 ἔτι
1776 4093 1832 4146 δὲ
1862 4094 1912 4145 εἰ

303 4191 372 4244 τὸ
407 4189 506 4260 μὲν
539 4188 681 4241 θεῖον
711 4187 797 4241 ἀεί
825 4187 886 4240 τέ
923 4186 1157 4239 ἐστικαὶ
1187 4185 1245 4238 ἐν
1274 4185 1569 4255 ἀτρέπτοις
1604 4182 1697 4236 καὶ
1747 4182 1912 4235 ἀναλ-

2093 1135 2142 1188 l.
2183 1134 2333 1198 Quos
2357 1151 2487 1189 sane
2512 1137 2706 1193 melius
2734 1137 2926 1195 fuisset
2951 1155 3292 1210 nequaquam
3313 1155 3407 1195 eos
3437 1142 3609 1206 nasci,

2019 1229 2112 1297 qui
2146 1229 2380 1284 summis
2409 1231 2710 1286 sceleribds
2744 1242 2918 1288 semet
2942 1233 3263 1288 obstricturi
3295 1242 3474 1299 erant,
3497 1235 3613 1303 ipse

2023 1319 2284 1375 Serrator
2315 1334 2504 1376 DOsICI‘
2539 1325 2592 1377 in
2628 1324 2916 1395 Evangelia
2957 1327 3141 1381 docuit
3170 1328 3360 1382 dicens
3394 1346 3407 1382 :
3450 1346 3468 1379 ι
3504 1329 3612 1381 Bo—

2019 1430 2150 1468 num
2186 1424 2305 1469 erat
2337 1417 2386 1470 ei
2439 1417 2484 1470 si
2523 1428 2684 1472 natus
2724 1437 2830 1474 non
2887 1419 3082 1475 fuisset
3126 1421 3293 1475 homo
3346 1421 3438 1474 ille
3476 1421 3544 1473 ⁸⁸.
3586 1439 3605 1471 ι

2021 1503 2273 1560 Profecto
2317 1505 2471 1561 Juda:
2512 1524 2576 1562 ac
2619 1511 2894 1566 similibus
2944 1512 3064 1581 ejus
3099 1513 3294 1566 melius
3326 1521 3447 1566 erat
3499 1529 3609 1565 non

2019 1597 2171 1651 nasci
2209 1615 2221 1650 :
2255 1612 2344 1653 res
2367 1607 2545 1653 tamen
2577 1603 2878 1667 generatim
2903 1617 3011 1654 non
3044 1602 3118 1656 ita
3146 1617 3206 1656 se
3232 1603 3397 1656 habet
3429 1620 3440 1654 :
3480 1618 3607 1656 nam

2021 1686 2133 1742 Deo
2185 1699 2335 1744 certe
2378 1689 2432 1743 id
2473 1691 2671 1745 melius
2714 1702 2933 1748 nonest
2969 1711 2982 1746 :
3027 1693 3296 1764 siquidem
3331 1694 3506 1759 nasci,
3540 1695 3605 1747 ad

2018 1779 2356 1834 exsistentite
2389 1783 2797 1850 possessionem
2830 1784 3098 1855 perducit,
3127 1785 3436 1855 divinaeque
3479 1802 3609 1856 pro-

2017 1872 2274 1928 videmiae
2300 1882 2352 1927 ct
2384 1875 2682 1930 creatiuuis
2724 1877 3036 1945 praedicatio
3065 1885 3170 1932 est.
3237 1876 3392 1943 Quod
3424 1887 3608 1931 autem

2019 1963 2342 2018 exsistcntia
2375 1977 2546 2031 caret,
2585 1976 2782 2036 praeter
2808 1984 2973 2037 quam
3016 1968 3165 2039 quod
3195 1984 3470 2023 summam
3513 1968 3609 2023 Dei

2019 2058 2344 2128 sapientiam
2381 2062 2534 2115 nullo
2565 2062 2729 2116 modo
2760 2063 3046 2132 praedicat,
3093 2078 3160 2117 ne
3202 2062 3346 2117 bona
3387 2063 3607 2132 quidem

2019 2149 2133 2202 ulla
2185 2152 2449 2221 consequi
2502 2161 2706 2222 potest.
2734 2153 2906 2224 Igitur
2928 2154 3058 2224 quia
3091 2154 3243 2210 nasci
3284 2155 3482 2208 melius
3527 2164 3612 2208 est

2019 2257 2186 2311 quam
2233 2258 2343 2297 non
2375 2245 2550 2310 nasci,
2582 2255 2788 2301 etesse
2837 2247 3035 2302 melius
3085 2262 3251 2317 quam
3310 2263 3422 2301 non
3460 2263 3606 2306 esse.

2020 2333 2267 2403 oportuit
2294 2333 2466 2390 Deum
2495 2336 2564 2390 de
2603 2337 2881 2392 creatione
2904 2339 3236 2408 cogitantem
3261 2339 3488 2393 meliora
3513 2355 3611 2408 po-

2018 2429 2131 2482 tius
2160 2439 2323 2497 quam
2352 2429 2626 2484 deteriora
2651 2446 2832 2499 agere.
2875 2429 2970 2486 Sic
3000 2447 3132 2500 ergo
3164 2430 3334 2486 Deum
3373 2447 3482 2486 non
3513 2433 3609 2486 de-

2019 2520 2156 2583 cuit,
2202 2521 2410 2576 omisso
2454 2523 2678 2576 creandi
2727 2523 2984 2588 consilio,
3031 2539 3145 2577 rem
3201 2523 3342 2576 hanc
3374 2535 3428 2578 et
3457 2524 3607 2578 illam

2020 2607 2320 2664 iucreatam
2370 2611 2724 2682 relinquere:
2759 2613 3012 2682 quamvis
3044 2613 3113 2667 de
3163 2614 3448 2683 proditore
3495 2613 3609 2668 cle-

2019 2714 2174 2754 mens
2205 2701 2476 2771 sapientia
2509 2704 2893 2759 miserantium
2932 2706 3038 2759 ritu
3065 2705 3286 2772 dixerit,
3317 2706 3515 2761 melius
3558 2707 3607 2760 ei

2019 2789 2194 2846 fuisse
2229 2794 2274 2847 si
2321 2804 2484 2848 natus
2533 2809 2638 2848 non
2671 2800 2843 2850 esset.
2892 2793 3030 2850 Nam
3070 2804 3124 2850 et
3150 2797 3354 2866 alioqui
3406 2797 3609 2867 jucun-

1946 2922 1988 2980 C
2022 2883 2312 2937 dissimum
2355 2887 2745 2954 peccatoribus
2784 2886 2944 2952 foret,
2994 2889 3040 2943 si
3070 2889 3187 2958 pari
3223 2889 3344 2943 loco
3375 2904 3500 2943 cum
3532 2905 3612 2944 m-

2023 2977 2352 3032 noceutibus
2398 2978 2733 3041 haberentur
2767 2998 2780 3034 :
2810 2981 2959 3050 quod
3013 2991 3195 3036 tamen
3243 2980 3337 3036 Dei
3384 2983 3611 3052 justitiae

2025 3081 2205 3137 neque
2251 3068 2539 3126 tolerabile
2583 3087 2762 3141 neque
2790 3073 3054 3127 decorum
3106 3083 3210 3128 est.
3237 3072 3376 3128 Tum
3418 3090 3610 3144 poenas

2022 3180 2130 3218 non
2164 3165 2297 3220 dare
2326 3181 2474 3231 reos,
2513 3184 2733 3223 rursum
2779 3169 2867 3224 his
2908 3171 3112 3223 bonum
3147 3179 3333 3236 esset;
3369 3179 3607 3225 attamen

2020 3257 2074 3311 id
2122 3273 2150 3310 a
2175 3259 2326 3327 justo
2377 3259 2471 3314 Dei
2519 3260 2749 3316 consilio
2771 3263 2963 3332 procul
2997 3264 3172 3317 abest.
3207 3262 3476 3318 Sexcenta
3505 3263 3611 3318 hu-

2015 3348 2256 3416 jusmodi
2290 3351 2395 3404 dici
2429 3362 2657 3419 queunt.

2091 3443 2144 3497 2.
2191 3442 2304 3499 Hoc
2339 3445 2532 3500 eodem
2569 3462 2701 3502 sane
2731 3448 2895 3502 modo
2925 3448 3191 3519 ﬁrmaque
3220 3449 3498 3505 ratiocinii
3523 3465 3612 3507 se-

2021 3535 2205 3604 qucla,
2240 3535 2554 3591 futurorum
2594 3539 2878 3594 hominum
2922 3542 3127 3596 crcatio
3165 3550 3218 3597 et
3250 3541 3392 3612 ipsis
3417 3542 3611 3596 melior

2020 3637 2104 3681 est
2136 3639 2189 3683 et
2221 3627 2334 3684 Deo
2373 3630 2896 3686 convenientissima
2932 3649 2945 3685 :
2983 3649 3303 3702 quanquam
3358 3632 3610 3687 nonnulli

2019 3722 2236 3777 labente
2269 3731 2538 3795 tempore,
2572 3726 2890 3781 voluntario
2917 3728 3089 3782 animi
3121 3729 3357 3784 consilio
3384 3729 3610 3783 meliora

2020 3812 2386 3871 deterioribus
2416 3818 2807 3873 commutaturi
2836 3819 2981 3880 sint;
3014 3821 3325 3890 mirumque
3357 3835 3422 3874 ac
3462 3821 3612 3874 salu-

2024 3913 2139 3959 tare
2184 3903 2279 3960 Dei
2311 3921 2472 3977 opus,
2502 3908 2879 3977 perniciosum
2914 3911 3018 3965 sibi
3048 3911 3326 3979 ell‘ecturi;
3379 3927 3610 3981 remque

2021 3998 2288 4067 Optimam
2339 4001 2585 4056 studiose
2614 4003 2956 4069 ,couversuri
3005 4003 3060 4058 in
3092 4005 3412 4074 pessimam.
3469 4004 3610 4059 Prw-

2023 4098 2171 4145 tcrea
2199 4090 2246 4144 si
2289 4091 2432 4147 Deus
2456 4101 2698 4148 :eternus
2724 4106 2807 4147 est
2833 4105 2997 4164 atque
3021 4095 3382 4150 immutabilis
3414 4097 3609 4150 ﬁrmis-

2021 4199 2129 4254 que
2163 4183 2365 4238 ﬁnibus
2390 4194 2602 4239 naturae
2639 4202 2754 4241 suae
2797 4187 2981 4254 nixus,
3008 4203 3172 4243 omne
3221 4198 3402 4244 autem
3458 4189 3608 4261 quod

303 4281 564 4345 λοιώτοις
594 4282 741 4352 ὅροις
771 4279 870 4349 τῆς
899 4278 1033 4343 ίδίας
1067 4279 1280 4349 ἵδρυται
1309 4277 1548 4347 φύσεως,
1601 4276 1708 4328 πᾶν
1753 4275 1811 4328 δὲ
1852 4275 1912 4328 τὸ

2021 4276 2306 4330 nativitate
2362 4278 2630 4346 procedit,
2686 4281 2991 4335 innumeris
3049 4283 3446 4338 mutationibus
3506 4285 3608 4338 ob-

303 4377 404 4431 6::it
436 4376 704 4446 γενέσεως
735 4370 996 4444 προελθὸν
1013 4371 1336 4441 μεταΰολαῖς
1365 4369 1590 4440 μυρίαις
1623 4369 1910 4438 ὑπηρετεῖ-

305 4490 407 4525 ται
441 4471 537 4524 καὶ
564 4467 939 4529 ἀλλοιώσεσιν,
972 4466 1000 4516 ὁ
1027 4466 1154 4529 τοὺς
1218 4466 1514 4535 μέλλοντας
1574 4462 1916 4533 ἀμαρτήσειν

308 4562 513 4630 ἀξιῶν,
547 4560 624 4631 μὴ
657 4559 766 4612 δεῖν
805 4560 1144 4630 προαγαγεῖν
1183 4557 1274 4609 τὸν
1301 4555 1457 4621 Θεὸν,
1516 4555 1548 4628 ἢ
1613 4553 1722 4607 οὐδ’
1775 4553 1916 4614 ὅλως

305 4659 418 4726 τὴν
459 4653 813 4724 ἀνθρωπίνην
846 4651 1009 4721 φύσιν
1038 4649 1342 4721 νομοθετεῖ,
1379 4648 1412 4719 ἣ
1442 4647 1712 4718 ἄτρεπτον
1745 4645 1914 4714 αὐτὴν

306 4745 666 4820 προαχθῆναι
702 4745 799 4797 καὶ⁸
827 4743 1189 4796 ἀναλλοίωτον
1214 4757 1228 4774 ο
1247 4741 1308 4795 τὸ
1333 4739 1390 4794 δέ
1421 4742 1591 4804 ἐστιν,
1623 4738 1655 4810 ἢ
1691 4737 1914 4806 σύμπαν

307 4842 374 4894 τὸ
416 4839 767 4909 ἀνθρώπινον
802 4837 963 4906 γένος
987 4836 1090 4904 τ’ἧς
1117 4832 1486 4905 δημιουργίας
1531 4831 1831 4900 διατεμεῖν,
1878 4828 1912 4899 ἢ

305 4934 572 4987 ἀπαιτεῖν
602 4929 739 4983 Θεοῦ
766 4929 929 4998 φύσιν
962 4927 1156 4999 ἔχοντα
1182 4927 1272 4980 τὸν
1288 4925 1574 4996 ἄνθρωπον
1605 4922 1909 4995 προελθεῖν·

308 5023 391 5080 ὧν
436 5024 724 5092 ἑκάτερον,
766 5023 844 5085 είς
870 5022 994 5075 ὅσον
1040 5021 1300 5082 ἀπονοίας
1330 5018 1427 5070 καὶ
1470 5015 1766 5079 δυσσεϐοῦς
1791 5015 1915 5086 ἥκει

309 5117 572 5187 γνώμης,
602 5114 836 5168 αὐτόθεν
865 5113 1014 5165 ἔστιν
1051 5112 1179 5166 ἰδεῖν
1201 5112 1300 5182 τὴν
1362 5110 1568 5180 στήλην
1615 5108 1914 5178 ἱσταμένην

309 5210 713 5276 ἀνεξάλειπτον
741 5223 756 5237 ’
790 5206 966 5268 ἄλλως
999 5223 1057 5258 τε
1076 5205 1132 5258 δὲ
1157 5204 1217 5256 τὸ
1243 5205 1342 5274 μὲν
1367 5202 1488 5273 μηδ’
1524 5202 1661 5265 ὅλως
1684 5217 1916 5268 γεγενη-

313 5302 485 5372 μένον
519 5300 658 5369 μήτε
697 5297 780 5361 ὃν,
812 5295 912 5348 οὐκ
943 5293 1009 5347 ἂν
1035 5292 1257 5346 δύναται
1308 5287 1448 5344 εἶναι
1500 5290 1703 5360 ἀγαθόν
1733 5305 1748 5320 ο
1803 5291 1829 5342 ό
1859 5289 1916 5342 δὲ

306 5397 372 5447 ὲν
409 5390 714 5462 ἁμαρτίαις
746 5384 1219 5456 ἀναστρεφόμενος
1250 5383 1471 5436 δύναται
1511 5381 1916 5451 γενέσθαιάγα-

307 5487 411 5548 θός
437 5501 452 5514 ⁸
483 5485 543 5536 τὸ
570 5483 626 5536 δὲ
661 5479 868 5551 ἀγαθὸν
913 5476 1009 5531 τοῦ
1037 5475 1263 5543 ἔκδηλον
1314 5475 1472 5547 φέρει
1530 5473 1911 5546 μακαριζόμε-

311 5596 414 5634 νον
449 5577 511 5630 τὸ
556 5576 836 5645 διάφορον.

387 5677 439 5740 γ’
470 5671 655 5740 Χωρὶς
683 5669 738 5721 δὲ
770 5669 879 5722 τῶν
910 5667 1218 5740 εἰρημένων
1245 5665 1274 5718 ὀ
1313 5663 1489 5733 λέγων
1513 5661 1650 5715 διότι
1677 5659 1902 5731 ἔμελλόν

389 5786 434 5816 ⁸³
469 5783 664 5838 Matth.
691 5801 837 5849 xm,
866 5783 956 5838 “ll.

2019 4367 2244 4421 noxium
2281 4378 2365 4422 est
2399 4384 2463 4424 ac
2496 4369 2886 4426 varietatibus:
2929 4372 2975 4427 si
3017 4374 3142 4444 quis
3174 4386 3359 4430 censet
3385 4391 3480 4432 eos
3511 4377 3607 4448 qui

2017 4465 2296 4531 peccaturi
2330 4475 2483 4528 sunt,
2521 4481 2630 4522 non
2662 4466 2835 4522 fuisse
2870 4485 2899 4522 a
2927 4469 3036 4523 Deo
3065 4471 3364 4537 creandos;
3399 4473 3488 4528 hic
3514 4484 3607 4529 aut

2019 4557 2197 4610 nullas
2236 4557 2489 4612 humanae
2528 4566 2741 4615 natura:
2783 4561 2930 4632 leges
2960 4564 3242 4632 ponendas
3277 4563 3454 4620 fuisse
3484 4581 3606 4620 crc-

2017 4645 2129 4711 (Iit;
2161 4660 2254 4700 aut
2285 4663 2406 4702 eam
2439 4650 2841 4705 immutabilem
2873 4655 3166 4708 creandam
3199 4663 3253 4708 et
3279 4653 3398 4709 sine
3428 4657 3606 4710 varie-

2018 4743 2168 4790 tate:
2216 4737 2321 4792 hoc
2365 4748 2449 4794 est
2498 4740 2583 4794 vel
2615 4742 2935 4797 universum
2991 4744 3297 4798 humanum
3353 4760 3526 4815 genus
3575 4761 3606 4800 a

2017 4830 2296 4887 creatione
2349 4845 2614 4898 removet,
2664 4845 2760 4890 aut
2807 4839 3082 4893 hominem
3131 4855 3256 4894 cum
3289 4838 3382 4893 Dei
3409 4850 3606 4895 natura

2017 4923 2135 4978 ﬁeri
2167 4926 2452 4994 postulat:
2489 4944 2610 4996 qua:
2653 4945 2741 4983 res
2776 4940 3006 4998 utraque
3046 4931 3172 5000 quia
3221 4929 3277 4985 in
3328 4946 3604 4986 summam

2018 5017 2291 5072 insaniam
2340 5020 2784 5091 impietatemquc
2826 5022 3048 5088 decidit,
3101 5023 3228 5077 inde
3271 5038 3604 5094 cognoscere

2017 5109 2146 5164 licet
2186 5110 2318 5179 legis
2367 5112 2606 5168 tabulam
2656 5125 2904 5182 perstare
2952 5115 3323 5169 indelebilem.
3375 5116 3605 5185 Insuper

2019 5204 2165 5272 quod
2213 5206 2441 5260 omnino
2490 5222 2666 5275 neque
2701 5206 2908 5262 factum
2940 5221 3023 5262 est
3073 5223 3249 5278 neque
3283 5209 3516 5273 exsistit,
3550 5210 3601 5264 id

2019 5296 2223 5350 bonum
2251 5313 2372 5351 esse
2390 5299 2580 5369 nequit
2603 5317 2617 5352 :
2638 5300 2729 5368 qui
2763 5310 2945 5354 autem
2978 5301 3032 5353 in
3059 5299 3297 5370 peccatis
3329 5309 3604 5368 versatur,

2020 5390 2066 5443 is
2093 5389 2271 5444 bonus
2303 5392 2418 5444 lieri
2451 5403 2649 5461 potest.
2683 5391 2895 5446 Bonum
2931 5401 3113 5448 autem
3141 5394 3209 5447 ab
3231 5409 3297 5448 eo
3329 5393 3476 5464 quod
3509 5395 3606 5449 bo-

2020 5499 2151 5537 num
2186 5500 2294 5538 non
2327 5497 2430 5551 est,
2467 5484 2699 5541 feliciter
2737 5486 2856 5541 sine
2886 5486 3056 5542 dubio
3085 5487 3286 5542 dili'ert.

2096 5661 2148 5718 5.
2200 5665 2392 5722 Verum
2421 5674 2472 5720 et
2507 5664 2590 5720 his
2618 5665 2874 5732 omissis;
2916 5668 3006 5738 qui
3038 5668 3133 5737 ait,
3161 5677 3446 5740 propterea
3467 5669 3612 5742 quod
