4134 6444
604 314 703 376 127

1766 318 2029 379 ΡΙΙΟΤΙΙ
2062 319 2570 379 PATIlIARCll/E
2608 320 2716 380 CP.

3793 314 3887 379 128

602 431 856 484 homines
894 428 1142 483 nonnulli
1206 426 1415 498 lapsuri
1482 427 1535 481 in
1595 438 1879 498 peccatum
1902 431 2186 496 erant,id-

2301 447 2449 493 τινες
2496 430 2607 482 τῶν
2650 429 2958 500 ἀνθρώπων
3012 432 3092 493 είς
3149 429 3427 500 ἁμαρτίας
3474 427 3882 495 ἐξολισθαίνειν,

598 523 746 578 circo
774 537 870 576 eos
898 537 1002 575 non
1051 520 1224 575 fuisse
1261 520 1549 585 creandos,
1600 523 1707 589 hic,
1760 524 2001 593 inquam,
2052 524 2191 579 nihil

598 614 747 669 aliud
789 612 1042 677 atlirmat,
1113 611 1217 665 nisi
1248 621 1533 681 peccatum
1595 612 1839 666 nonduin
1882 615 2057 683 ipsum
2092 630 2191 667 na—

601 720 716 760 tum
756 706 849 759 Dei
905 704 1281 759 ereationibus
1334 704 1609 759 dominari
1658 704 1935 760 debuisse.
1976 706 2110 760 Nam
2144 707 2189 761 si

598 798 725 867 quia
762 796 1015 851 nonnulli
1050 794 1332 865 peccaturi
1383 805 1559 858 erant,
1596 797 1718 851 ideo
1758 798 1922 860 Deus,
1974 800 2191 869 quonii-

596 907 703 944 nos
740 904 835 943 eos
860 897 1097 952 crearet,
1132 887 1511 956 prohibendus
1544 890 1665 953 fuit,
1698 892 1949 960 sequitur
1981 902 2039 945 ut
2069 909 2192 962 pec-

597 980 703 1033 cati
728 980 902 1048 major
930 994 1094 1048 quani
1129 978 1327 1031 divina:
1356 979 1614 1033 etlicacim
1646 983 1887 1049 potentia
1921 983 2010 1037 sit.
2038 983 2191 1039 Adde

596 1069 743 1138 quod
777 1084 1005 1136 peccare
1038 1069 1291 1121 humana’
1316 1068 1612 1123 voluntatis
1646 1080 1729 1124 est
1760 1081 1923 1141 atque
1951 1074 2188 1137 arbitrii,

600 1160 808 1213 creatio
859 1170 1037 1213 autem
1088 1159 1335 1214 factoris.
1370 1160 1481 1217 Cur
1512 1177 1645 1231 ergo
1676 1164 1948 1234 quispiam
1985 1166 2191 1220 omisso

600 1252 808 1323 peccati
851 1268 969 1316 reo,
1022 1254 1076 1306 id
1140 1252 1195 1306 in
1246 1253 1544 1309 innocuum
1615 1257 1912 1311 transferre
1963 1258 2192 1311 nititur?

603 1344 791 1414 Neque
817 1361 948 1399 vero
978 1345 1046 1398 ab
1077 1345 1179 1398 hac
1214 1345 1424 1399 insania
1451 1346 1776 1411 absolvitur,
1808 1350 1854 1402 si
1890 1350 2016 1419 quis
2048 1350 2191 1405 forte

602 1438 701 1501 ait,
752 1448 1077 1505 peccaturos
1128 1439 1513 1492 tantummodo
1565 1439 1818 1494 homines
1859 1458 1966 1494 non
2020 1458 2188 1513 opor-

599 1531 771 1582 tuisse
802 1545 831 1582 a
883 1528 1142 1583 Creatore
1187 1530 1527 1585 nativitatem
1576 1532 1762 1585 sortiri
1804 1548 1981 1603 neque
2016 1535 2069 1588 in
2106 1536 2191 1589 lu-

600 1619 767 1673 minis
800 1635 967 1672 auras
990 1620 1257 1689 protrahi.
1279 1620 1412 1675 Nam
1436 1633 1493 1676 et
1522 1621 1611 1677 hic
1632 1624 1848 1677 videtur
1875 1641 2019 1693 asgre
2046 1625 2190 1680 ferre

600 1712 643 1765 si
663 1715 809 1781 quis,
837 1714 962 1782 quia
991 1722 1076 1767 est
1109 1728 1262 1777 reus,
1287 1729 1480 1783 pmnas
1506 1715 1808 1785 dependat;
1838 1719 2061 1773 studere
2089 1735 2189 1773 au—

608 1814 713 1858 tem
742 1816 798 1859 ut
837 1806 928 1875 qui
954 1816 1176 1875 peccato
1194 1817 1364 1871 caret,
1394 1809 1440 1863 is
1469 1808 1731 1863 damnum
1759 1810 1916 1865 lerat.
1956 1811 2014 1865 Id
2043 1813 2186 1865 enim

608 1913 799 1965 reapse
822 1898 1053 1967 contigit
1082 1898 1127 1952 si
1162 1898 1440 1967 peccaturi
1473 1900 1759 1955 nativitate
1789 1910 1843 1955 et
1868 1903 2186 1957 exsistcutia

607 1989 911 2057 priventur,
968 1988 1109 2043 Deus
1151 1999 1333 2042 autem
1383 2004 1412 2042 a
1456 1991 1695 2044 creando
1720 1991 2065 2061 impediatur.
2100 1992 2189 2046 ln-

605 2096 768 2149 super
816 2081 978 2134 datur
1025 2096 1190 2151 opera
1242 2090 1302 2134 ut
1350 2080 1550 2136 divina
1614 2083 1973 2151 tumscientia:
2020 2100 2187 2138 causa

604 2173 938 2225 damnentur
971 2172 1005 2224 ii
1031 2173 1122 2243 qui
1156 2188 1355 2226 noxam
1392 2174 1728 2229 contracturi
1762 2185 1891 2230 sunt
1928 2192 1941 2228 :
1973 2192 2191 2231 rursus-

599 2276 708 2328 que
754 2269 810 2313 ut
856 2260 1043 2326 iidem,
1086 2271 1376 2330 postquam
1425 2264 1798 2332 peccaverint,
1841 2266 1909 2319 ab
1936 2264 2187 2319 animad-

598 2352 852 2407 versione
878 2362 1239 2423 pr0tegantur
1274 2372 1287 2407 :
1318 2370 1439 2425 qua:
1472 2370 1560 2409 res
1601 2371 1777 2427 neque
1814 2356 2057 2411 humano
2094 2373 2189 2410 ne-

602 2461 707 2513 que
741 2446 927 2498 divino
967 2445 1093 2514 jure
1124 2446 1239 2499 tieri
1275 2446 1543 2501 creditur.
1580 2446 1793 2502 Etenim
1822 2457 1881 2502 ut
1911 2464 1937 2501 a
1970 2449 2188 2503 nemine

596 2546 722 2593 ante
749 2540 965 2607 culpam
994 2548 1319 2608 reposcatur
1346 2556 1532 2609 poma,
1565 2541 1876 2595 communis
1902 2542 2187 2595 hominum

595 2632 865 2685 sententia
900 2641 983 2685 est
1030 2630 1344 2701 divinisque
1386 2632 1595 2701 legibus
1626 2643 2015 2688 consentanea.
2043 2632 2187 2688 Tum

596 2745 725 2782 vero
754 2729 821 2783 de
854 2729 1117 2798 pertinaci
1154 2739 1376 2797 peccato
1398 2746 1592 2800 ptenas
1618 2747 1856 2795 sumere,
1910 2732 1960 2785 id
1992 2732 2191 2787 divinae

601 2837 891 2875 nemeseos
935 2820 1277 2891 justitizeque
1326 2822 1723 2878 demonstratio
1769 2834 1869 2879 est.
1908 2824 2018 2880 Cur
2056 2841 2189 2897 ergo

599 2914 804 2982 aliquis
840 2914 992 2979 velit,
1039 2930 1160 2984 qua:
1206 2918 1423 2971 cunctis
1456 2927 1607 2971 recta
1640 2918 1910 2985 videntur,
1942 2918 2027 2973 his
2056 2934 2190 2972 con-

596 3008 761 3060 traria
816 3004 1038 3062 facere?
1086 3023 1149 3061 ea
1193 3024 1346 3073 vero,
1403 3026 1526 3079 qua:
1552 3009 1721 3065 Deum
1774 3012 2044 3066 vindicem
2101 3012 2191 3081 ju-

604 3102 1297 3169 stumquedemonstrant,
1370 3103 1425 3157 in
1496 3104 1673 3174 pretio
1735 3106 1934 3159 habere
2005 3106 2190 3160 nolit?

592 3192 787 3247 Nonne
818 3194 903 3248 hic
938 3211 1167 3250 summa;
1219 3197 1471 3251 amentia:
1512 3206 1676 3267 atque
1709 3199 2010 3269 impietatis
2037 3216 2190 3253 reum

594 3303 654 3342 se
699 3288 871 3341 facit?
907 3287 1019 3342 Cur
1057 3288 1140 3343 ais
1181 3289 1458 3344 hominem
1500 3300 1772 3360 oportere,
1816 3309 1925 3361 quo
1968 3309 2190 3363 pmnam

594 3381 752 3443 vitet,
793 3377 860 3431 ad
884 3380 1101 3449 culpam
1128 3381 1351 3436 minime
1377 3382 1525 3436 nasci
1552 3383 1795 3437 labilem?
1819 3384 2011 3439 Nonne
2042 3386 2188 3439 enim

592 3484 783 3542 aperte
839 3472 998 3538 dicis,
1040 3474 1255 3528 etiamsi
1294 3474 1517 3529 minime
1545 3475 1720 3543 dicas,
1756 3480 2065 3547 oportuisse
2090 3478 2192 3531 ho-

592 3566 797 3618 minem
841 3566 1017 3620 creari
1070 3568 1483 3636 impeccabilem
1509 3610 1524 3635 ,
1569 3586 1638 3624 ne
1668 3571 1877 3625 scilicet
1918 3573 2142 3627 coronis
2172 3612 2187 3635 ,

595 3674 831 3726 quarum
867 3660 1038 3728 gratia
1078 3658 1247 3713 fortes
1294 3669 1518 3729 peccato
1544 3662 1858 3731 superiores
1901 3663 2059 3727 fiunt,
2092 3665 2190 3719 do-

595 3752 797 3804 netur?
846 3750 990 3805 Sane.
1038 3752 1082 3805 si
1130 3753 1254 3820 quis
1303 3754 1501 3807 mentis
1552 3770 1664 3809 suae
1714 3770 1959 3825 compos,
2010 3772 2189 3827 neque

607 3841 904 3895 vehemens
946 3843 1157 3909 peccati
1205 3852 1440 3907 amator,
1481 3853 1535 3899 et
1566 3844 1911 3899 cruciatuum
1950 3848 2186 3912 timens;

592 3934 637 3987 si
677 3934 745 3997 is,
773 3934 1021 4003 inquam,
1049 3949 1079 3987 e
1104 3934 1319 3988 duobus
1346 3936 1677 3990 alterutrum
1704 3936 1938 4005 eligendi
1969 3939 2184 4007 cepiam

598 4026 846 4092 haberet,
885 4041 1079 4095 nempe
1117 4026 1197 4081 vel
1228 4026 1318 4097 (ne
1351 4028 1447 4097 qui
1482 4026 1621 4082 forte
1654 4039 1939 4098 peccantes
1972 4045 2188 4099 poenam

592 4118 829 4187 luerent)
864 4134 1101 4173 coronas
1134 4120 1406 4189 capitibus
1434 4130 1787 4175 strenuorum
1822 4122 2183 4187 detrahendi;

592 4210 672 4261 vel
702 4210 946 4280 (propter
979 4224 1075 4265 eos
1102 4210 1194 4279 qui
1225 4211 1374 4281 juste
1398 4214 1761 4267 certaminum
1792 4211 2189 4281 przemia'refe-

588 4301 740 4371 runt)
771 4316 839 4355 ne
873 4311 1157 4371 peccatum
1193 4302 1413 4371 quidem
1446 4304 1565 4359 sine
1594 4319 1753 4374 poma
1780 4320 1902 4361 esse
1939 4304 2183 4369 sinendi;

588 4409 771 4448 nonne
800 4394 887 4449 hic
913 4395 1084 4449 multo
1116 4396 1299 4449 mallet
1324 4395 1493 4451 fortes
1515 4398 1748 4453 athletas
1779 4399 2000 4453 coronis
2021 4413 2185 4451 orna-

2295 522 2386 575 διὰ
2416 522 2572 575 τοῦτο
2619 524 2726 575 ἔδει
2778 522 3008 585 τούτους
3050 522 3125 592 μὴ
3162 523 3219 574 δὲ
3270 522 3543 589 γενέσθαι,
3569 526 3599 576 ὁ
3641 524 3886 587 τοιοῦτος

2294 612 2446 664 οὐδὲν
2478 613 2666 683 ἕτερον
2689 612 2861 680 λέγει,
2893 613 2925 683 ἦ
2965 614 3047 665 ὃτι
3084 614 3191 665 ἔδει
3222 614 3321 683 τὴν
3353 614 3632 684 ἁμαρτίαν
3662 616 3761 666 καὶ
3785 618 3884 684 μή·

2297 720 2385 753 πω
2415 702 2805 771 γεγενημένην
2841 702 2937 771 τῆς
2966 703 3061 755 τοῦ
3092 703 3227 756 Θεοῦ
3256 704 3625 773 δημιουργίας
3658 709 3885 775 ἐπικρα-

2292 796 2427 847 τεῖν.
2456 795 2519 846 Ei
2554 794 2663 864 γὰρ
2694 795 2776 847 δτι
2807 794 3033 865 ἔμελλόν
3061 812 3207 857 τινες
3241 796 3597 866 ἁμαρτάνειν,
3631 797 3742 848 ἔδει
3796 797 3886 867 τὴν

2293 886 2381 936 ἐπ’
2410 885 2607 947 αὐτοὺς
2634 885 3007 953 δημιουργίαν
3044 884 3362 937 πεπαῦσθαι
3411 885 3507 937 τοῦ
3538 884 3705 947 Θεοῦ,
3734 885 3886 953 δῆλον

2293 976 2373 1028 δτι
2395 976 2455 1027 τὸ
2488 975 2689 1045 κράτος
2712 980 2811 1045 τῆς
2846 976 3121 1044 ἁμαρτίας
3151 974 3218 1026 ἂν
3265 974 3353 1043 εἴη
3398 975 3431 1045 ἦ
3466 975 3564 1043 τῆς
3596 976 3887 1042 ἐνεργείας

2292 1068 2386 1121 τοῦ
2420 1067 2555 1120 Θεοῦ
2584 1084 2596 1096 ·
2628 1067 2709 1120 ἑτι
2731 1068 2782 1120 δὲ
2816 1068 2877 1120 τὸ
2909 1070 3006 1137 μὲν
3052 1068 3412 1138 ἁμαρτάνειν,
3467 1067 3569 1136 τῆς
3606 1068 3890 1137 ἀνθρωπί-

2293 1175 2391 1228 νης
2420 1159 2538 1210 ἐστὶ
2570 1158 2793 1229 γνώμης
2819 1160 2913 1211 καί
2946 1160 3345 1229 προαιρέσεως,
3389 1162 3423 1229 ἡ
3461 1159 3517 1211 δὲ
3552 1160 3889 1229 δημιουργία

2290 1250 2385 1301 τοῦ
2428 1250 2767 1312 πλάσαντος.
2804 1250 2869 1301 Τί
2913 1246 3006 1303 οὗν
3058 1267 3143 1311 τις
3190 1251 3354 1319 ἀφεὶς
3404 1250 3505 1320 τὴν
3560 1251 3753 1303 αἰτίαν
3799 1250 3889 1301 τοῦ

2293 1342 2656 1413 ἁμαρτάνειν,
2685 1344 2763 1405 εἰς
2784 1342 2877 1394 τὸν
2908 1342 3147 1394 ἀναίτιον
3193 1343 3400 1413 ταύτην
3440 1345 3691 1412 ἐγχειρεῖ
3732 1360 3890 1412 μετα-

2295 1434 2488 1503 φέρειν
2517 1450 2530 1499 ἱ
2563 1435 2685 1487 οὐδὲ
2714 1436 2919 1506 ταύτης
2943 1434 2997 1487 δὲ
3026 1434 3126 1504 τῆς
3165 1435 3352 1497 ἀνοίας
3386 1434 3695 1488 ἀπολύεται
3725 1437 3754 1487 ό
3784 1435 3887 1505 ψῆ-

2293 1544 2395 1595 φον
2438 1528 2679 1596 εἰσάγων
2725 1528 2807 1581 δτι
2858 1545 2965 1598 περ
3015 1530 3144 1591 τοὺς
3197 1529 3493 1599 μέλλοντας
3552 1530 3891 1600 ἁμαρτάνειν

2291 1616 2457 1686 ἐχρῆν
2507 1616 2631 1687 μηδ’
2678 1618 2816 1680 δλως
2864 1618 3018 1689 παρὰ
3070 1617 3165 1669 τοῦ
3209 1618 3564 1688 Δημιουργοῦ
3619 1618 3891 1687 γενέσεως

2297 1712 2614 1777 μετασχεῖν,
2656 1708 2689 1778 ἢ
2740 1708 2878 1778 πρὸς
2914 1708 3090 1777 αὐγάς
3134 1708 3287 1779 ἡλίου
3332 1710 3681 1779 προαχθῆναι
3706 1727 3720 1738 ·
3752 1710 3891 1761 ἔοικε

2229 1810 2265 1862 υ
2296 1800 2405 1868 γὰρ
2437 1799 2731 1863 ότοιοῦτος
2779 1801 3152 1872 δυσχεραίνειν
3210 1800 3311 1870 μὲν
3359 1803 3453 1854 ἐάν
3496 1819 3582 1865 τις
3628 1801 3891 1871 ἁμαρτῶν

2294 1890 2451 1959 δίκην
2484 1889 2558 1959 δῷ
2610 1905 2624 1919 ο
2655 1888 2981 1957 φιλονεικεῖν
3017 1890 3073 1943 δὲ
3126 1890 3279 1960 παρά
3310 1890 3419 1943 τῶν
3462 1892 3634 1961 μηδὲν
3666 1890 3891 1961 μηδέπω

2297 1981 2741 2053 ἁμαρτησάντων
2773 1983 3048 2053 τιμωρίαν
3084 1982 3268 2035 λαϐεῖν
3293 2000 3306 2014 ο
3347 1982 3510 2036 τοῦτο
3537 1985 3648 2053 γάρ
3688 1986 3805 2034 ἐστι
3835 1984 3891 2034 τὸ

2294 2078 2422 2140 τοὺς
2456 2077 2751 2147 μέλλοντας
2780 2077 3120 2147 ἁμαρτάνειν
3153 2077 3423 2145 γενέσεως
3476 2080 3572 2129 καὶ
3602 2077 3889 2147 ὑπάρξεως

2296 2172 2643 2242 ἀποστερεῖν,
2666 2170 2879 2241 καὶτῆς
2900 2171 3265 2241 δημιουργίας
3283 2171 3579 2223 ἐκκόπτειν
3601 2172 3697 2223 τοῦ
3720 2169 3855 2223 Θεοῦ
3873 2186 3886 2201 ·

2295 2263 2434 2317 ἀλλὰ
2464 2264 2574 2334 γάρ
2604 2267 2697 2316 καὶ
2724 2264 2834 2316 ἀπὸ
2872 2263 2969 2333 τῆς
3011 2262 3161 2325 θείας
3199 2262 3567 2333 προγνώσεως
3596 2263 3887 2317 καταδικά-

2295 2356 2411 2419 ζειν
2438 2356 2537 2425 μὲν
2563 2355 2850 2426 βούλεσθαι
2875 2356 3000 2418 τοὺς
3026 2355 3469 2425 άμαρτήσοντας,
3506 2358 3564 2407 ὲν
3597 2356 3793 2416 αὐταῖς
3832 2352 3885 2405 δὲ

2294 2452 2417 2511 ταῖς
2446 2447 2683 2519 πράξεσι
2718 2451 3123 2519 γεγενημένους
3155 2448 3337 2518 ζητεῖν
3368 2448 3628 2515 ἀφίεσθαι
3659 2448 3770 2500 τῶν
3796 2464 3882 2498 κο-

2295 2542 2505 2596 λάσεων
2532 2559 2544 2570 ·
2584 2544 2723 2613 ὅπερ
2752 2541 2876 2594 οὗτε
2924 2540 3267 2611 ἀνθρώπινον
3316 2540 3440 2593 οὔτε
3480 2540 3626 2593 θεῖον
3661 2540 3884 2592 ἐπίστα-

2294 2652 2384 2687 ται
2405 2635 2638 2689 δίκαιον.
2672 2635 2785 2687 Καὶ
2807 2633 2868 2687 τὸ
2899 2626 2996 2703 μὲν
3028 2632 3132 2703 πρὸ
3184 2632 3291 2685 τῶν
3327 2632 3751 2703 ἁμαρτημάτων
3785 2648 3882 2700 μη-

2295 2728 2424 2781 δὲνα
2456 2728 2612 2797 δίκην
2644 2729 2912 2789 ἀπαιτεῖν,
2943 2727 3095 2797 κοινή
3130 2742 3189 2777 τε
3220 2727 3389 2778 πᾶσιν
3420 2724 3738 2795 ἀνθρώποις
3773 2722 3884 2793 κρί-

2299 2837 2381 2883 σις
2408 2822 2502 2872 καὶ
2530 2820 2694 2881 θείοις
2717 2820 2904 2889 νόμοις
2933 2818 3195 2889 ἁρμόδιον
3222 2833 3235 2846 ·
3264 2819 3518 2872 ἀπαιτεῖν
3542 2818 3599 2871 δὲ
3622 2818 3766 2888 μετὰ
3790 2817 3879 2885 τὴν

2297 2911 2695 2981 ἁνεπίστροφον
2730 2910 3005 2979 ἁμαρτίαν
3047 2908 3145 2976 τὴν
3174 2909 3353 2979 δίκην,
3396 2909 3494 2977 τῆς
3544 2908 3701 2972 θείας
3735 2925 3881 2978 μισε-

2298 3002 2561 3073 πονηρίας
2592 3003 2686 3055 καὶ
2716 3002 3066 3074 δικαιοσύνης
3091 3003 3391 3069 ἀπόδειξις.
3421 3001 3545 3064 Πῶς
3572 2998 3667 3056 οὖν
3712 3002 3777 3055 ἀν
3804 3018 3878 3064 τις

2300 3096 2627 3165 μελετήσας,
2662 3094 2697 3148 ἂ
2726 3095 2825 3165 μὲν
2860 3096 2995 3148 πᾶσι
3028 3097 3194 3160 δοκεῖ,
3223 3095 3431 3149 τούτων
3462 3096 3728 3149 τάναντία
3756 3112 3875 3164 φρο-

2217 3176 2260 3238 C
2294 3190 2404 3239 νεῖν
2428 3206 2441 3252 ;
2466 3187 2501 3241 ἃ
2528 3188 2583 3240 δὲ
2607 3188 2979 3259 μισοπόνηρον
3003 3191 3098 3241 καὶ
3125 3190 3333 3243 δίκαιον
3356 3189 3597 3242 δείκνυσι
3622 3191 3713 3244 τὸν
3731 3189 3874 3249 Θεὸν,

2293 3281 2465 3333 ταῦτα
2498 3280 2572 3351 μὴ
2630 3281 2919 3351 ἀνέχεσθαι
2978 3284 3180 3352 τιμᾷν;
3213 3277 3345 3334 Εἶτα
3401 3277 3557 3345 οὗτος
3610 3282 3737 3351 οὐχὶ
3786 3279 3877 3348 τῆς

2293 3376 2529 3445 ἐσχάτης
2563 3375 2657 3427 καὶ
2691 3374 3077 3444 παραπληξίας
3099 3377 3192 3429 καὶ
3219 3375 3541 3438 δυσσεϐείας
3570 3377 3736 3438 αὐτὸς
3760 3375 3873 3425 ἑαυι

2294 3466 2384 3519 τὸν
2411 3466 2594 3535 ἔνοχον
2622 3468 2769 3518 ποιεῖ
2794 3482 2808 3530 ;
2833 3466 2887 3518 τί
2910 3466 3088 3535 λέγεις
3105 3468 3386 3538 ἁπρεπτον
3418 3470 3559 3538 πρὸς
3584 3467 3871 3539 ἁμαρτίαν,

2296 3559 2382 3611 ἵνα
2418 3558 2588 3630 αὐτὴν
2618 3560 2840 3611 κόλασιν
2875 3560 3137 3631 διαφύγῃ,
3165 3561 3256 3613 τὸν
3282 3560 3571 3633 ἄνθρωπον
3598 3562 3771 3633 ἐχρῆν
3791 3574 3875 3627 γε-

2293 3652 2577 3720 γενῆσθαι,
2622 3652 2717 3704 καὶ
2770 3651 2888 3715 πῶς
2943 3653 3065 3722 οὐχὶ
3103 3653 3377 3723 λαμπρῶς
3427 3654 3632 3723 λέγεις,
3672 3654 3774 3707 κᾶν
3809 3651 3875 3721 μὴ

2293 3746 2477 3816 λέγῃς,
2506 3745 2581 3807 ώς
2613 3748 2882 3816 ἄτρεπτον
2927 3748 3096 3817 ἐχρῆν
3126 3747 3262 3819 πρὸς
3316 3748 3590 3820 ἁμαρτίαν
3624 3751 3875 3820 δημιουρ-

2293 3835 2537 3905 γηθῆναι
2562 3835 2654 3887 τὸν
2686 3836 2993 3905 ἄνθρωπον,
3031 3837 3119 3891 ἵνα
3152 3838 3227 3908 μὴ
3250 3838 3360 3891 τῶν
3397 3840 3704 3909 στεφάνων,
3735 3838 3791 3903 ἐξ
3807 3832 3873 3892 ὧν

2293 3925 2693 3995 ἀγωνιζόμενοι
2730 3928 3009 3997 κρατῶσιν
3065 3928 3256 3999 αὐτῆς,
3304 3930 3605 4002 ἀξιωθείης
3642 3933 3737 3985 καὶ
3773 3930 3871 4001 μὴν

2291 4023 2452 4086 εἴτις
2484 4040 2547 4091 γε
2582 4023 2673 4076 νοῦ
2702 4025 3079 4095 μετέχων,καὶ
3112 4027 3187 4097 μὴ
3224 4027 3321 4098 τῆς
3354 4029 3629 4100 ἁμαρτίας
3656 4031 3741 4100 εἴη
3766 4029 3873 4097 ἄμα

2289 4132 2349 4167 τε
2381 4114 2584 4186 θερμὸς
2621 4117 2880 4189 ἐραστὴς,
2921 4118 3015 4170 καὶ
3043 4119 3145 4182 τάς
3178 4118 3447 4189 βασάνους
3476 4120 3719 4191 φεύγων,
3768 4120 3871 4173 ἑλέ-

2292 4209 2417 4263 σθαι
2448 4208 2675 4281 θάτερον
2706 4209 2815 4263 τῶν
2852 4210 2948 4263 δύο
2982 4211 3081 4281 τὴν
3107 4212 3359 4277 ἐξουσίαν
3392 4216 3444 4268 εῖ
3486 4231 3594 4285 περ
3643 4215 3866 4285 εἰλήφει,

2290 4302 2518 4373 πότερον
2542 4304 2630 4355 ἵνα
2656 4305 2729 4374 μή
2754 4321 2899 4367 τινες
2926 4306 3343 4376 ἀμαρτήσαντες
3360 4307 3490 4361 δῶσι
3509 4309 3691 4379 δίκην,
3714 4307 3867 4378 ἐχρῆν

2288 4395 2414 4457 τοὺς
2434 4395 2730 4463 στεφάνους
2753 4396 2861 4449 τῶν
2887 4396 3139 4466 κεφαλῶν
3161 4398 3380 4467 ἀφελεῖν
3401 4400 3509 4453 τῶν
3533 4399 3868 4473 ἀνδραγαθη⁴

585 4499 669 4539 tos
704 4500 950 4552 eernere,
982 4500 1214 4554 reosque
1244 4487 1410 4541 simul
1444 4487 1657 4544 meritis
1698 4489 1981 4558 suppliciis
2008 4489 2186 4543 tradi?

2296 4490 2527 4553 σάντων,
2558 4491 2590 4560 ἢ
2627 4490 2715 4543 διὰ
2740 4492 2866 4555 τοὺς
2898 4491 3123 4555 δικαίως
3149 4492 3256 4545 τῶν
3303 4494 3397 4547 ἐπὶ
3426 4496 3542 4557 τοῖς
3572 4494 3754 4557 ἄθλοις
3784 4508 3864 4559 γε·

584 4574 695 4647 ρῶν
717 4575 1215 4647 ἀξιωθησομένους,
1225 4577 1345 4647 μηδ’
1365 4578 1717 4649 ἀτιμώρητον
1734 4582 1833 4649 τὴν
1860 4580 2136 4651 ἁμαρτίαν
2156 4582 2311 4651 όρᾷν,
2330 4580 2447 4643 πῶς
2468 4582 2569 4633 οὐκ
2601 4582 2667 4633 ἂν
2699 4581 2881 4652 πολλῷ
2903 4582 3188 4653 ποιήσαιτο
3215 4584 3527 4655 ἔμπροσθεν
3561 4590 3675 4649 τοῖς
3701 4605 3757 4639 τε
3777 4586 3861 4651 τῆς

583 4665 953 4738 ἀνδραγαθίας
974 4665 1260 4735 στεφάνοις
1274 4668 1401 4731 τοὺς
1419 4668 1659 4737 ἀθλητὰς
1681 4672 1814 4741 ὁρᾷν
1835 4671 2312 4741 κεκοσμημένους,
2333 4672 2565 4735 καὶτοὺς
2584 4672 2883 4745 ὑποχρέους
2900 4673 3007 4726 τῶν
3022 4674 3353 4745 ὀφλημάτων
3373 4679 3824 4749 κατατιθεμένους
3846 4694 3857 4740 ;

653 4787 707 4839 4.
770 4785 877 4840 Sed
907 4797 1103 4855 praeter
1148 4785 1415 4840 hactenus
1454 4787 1624 4850 dicta,
1670 4804 1799 4841 num
1836 4799 1888 4842 te
1924 4790 2043 4844 sola
2084 4788 2180 4843 ho—

582 4881 791 4935 minum
822 4880 1028 4933 creatio
1070 4878 1393 4947 perturbat?
1452 4895 1521 4933 an
1555 4880 2005 4949 incorporearum
2038 4898 2179 4951 quo-

581 4987 689 5041 que
750 4985 814 5025 ac
870 4970 989 5024 sine
1026 4972 1264 5024 materia
1296 4980 1616 5026 naturarum
1650 4983 1705 5025 et
1744 4973 2181 5028 immortalitatis

584 5079 811 5119 munere
876 5063 1302 5133 perl'ruentinin,
1374 5065 1426 5117 in
1454 5069 1703 5119 eamdem
1763 5066 2177 5136 perplexitatem

580 5158 802 5229 dejicit?
829 5157 964 5213 Nam
995 5169 1048 5213 et
1072 5177 1136 5213 ex
1162 5159 1227 5212 iis
1253 5159 1572 5214 coelestibus
1591 5159 1878 5214 ordinibus
1903 5160 2173 5229 beateque

580 5249 798 5320 fastigio
830 5260 1021 5319 sponte
1047 5251 1135 5305 ille
1169 5250 1446 5319 delapsus,
1478 5251 1733 5320 princeps
1760 5250 1977 5305 malitia:
1995 5250 2173 5305 factus

580 5350 663 5397 est
702 5341 953 5395 diabolus
1010 5360 1022 5395 :
1083 5352 1137 5397 et
1187 5342 1355 5397 simul
1417 5351 1686 5412 quotquot
1747 5353 1984 5397 mentem
2022 5358 2177 5397 suam

582 5435 831 5503 partibus
858 5436 1006 5491 illius
1037 5438 1443 5507 applicuerunt,
1502 5438 1783 5491 meliorem
1811 5438 2177 5491 conditionem

581 5528 766 5595 pejore
799 5538 1233 5583 commutarunt.
1295 5529 1507 5599 Reliqui
1542 5540 1724 5585 autem
1752 5546 1815 5583 ex
1849 5530 1917 5583 iis
1952 5531 2179 5583 immor-

582 5616 784 5670 talibus
825 5618 1155 5689 inclytisque
1203 5621 1391 5675 choris
1456 5622 1512 5675 in
1570 5621 1858 5676 devotione
1889 5621 2179 5691 debitaque

586 5711 854 5763 modestia
887 5722 1224 5777 constantes,
1280 5714 1412 5767 nihil
1447 5714 1515 5767 de
1544 5729 1642 5768 sua
1678 5714 2081 5783 pulchritudine
2115 5730 2179 5767 ac

589 5801 847 5868 dignitate
876 5804 1178 5860 amiserunt
1210 5823 1224 5860 :
1262 5807 1351 5861 Sed
1404 5808 1685 5862 communi
1727 5806 1956 5863 Domino
2007 5807 2176 5863 Crea-

2352 4790 2414 4844 δ’.
2448 4788 2591 4860 Πρὸς
2622 4790 2678 4841 δέ
2702 4806 2765 4858 γε
2796 4793 2906 4849 τοῖς
2938 4792 3273 4861 εἰρημένοις,
3307 4789 3420 4863 ἆρα
3476 4795 3612 4865 μόνη
3665 4813 3724 4849 σε
3766 4794 3860 4847 τιίν

2285 4881 2592 4953 ἀνθρώπων
2621 4884 2653 4953 ὴ
2688 4882 3021 4953 δημιουργία
3051 4884 3363 4958 θορυϐεῖ;ἢ
3394 4890 3489 4940 καὶ
3504 4887 3615 4941 τῶν
3642 4887 3857 4958 ἀσωμά-

2282 4994 2389 5028 των
2417 4975 2512 5028 καὶ
2549 4975 2729 5028 ἁΰλων
2761 4974 2978 5043 φύσεων
3006 4978 3100 5029 καὶ
3131 4978 3267 5047 πρὸς
3316 4977 3414 5049 τὴν
3438 4979 3739 5033 ἀθανασίαν
3772 4982 3857 5032 ἁν-

2282 5070 2560 5139 ηγμένων,
2604 5070 2681 5132 είς
2714 5069 2813 5139 τὴν
2856 5070 3027 5140 αὐτήν
3069 5088 3127 5123 σε
3170 5070 3413 5142 ταραχὴν
3456 5073 3747 5142 ἐμϐάλλει;
3776 5068 3856 5124 καὶ

2282 5164 2390 5230 γὰρ
2424 5162 2630 5213 τούτων
2655 5160 2760 5214 τῶν
2786 5161 3054 5232 οὐρανίων
3097 5165 3397 5231 ταγμάτων
3430 5166 3521 5217 καὶ
3555 5166 3655 5234 τῆς
3692 5180 3853 5235 μακα-

2281 5253 2401 5323 ρίας
2428 5254 2647 5323 ἐκείνης
2693 5253 2921 5323 λήξεως,
2976 5255 3003 5306 ὁ
3042 5255 3141 5323 μὲν
3178 5256 3386 5308 ἐκεῖθεν
3430 5257 3572 5309 ἑκὼν
3627 5256 3849 5329 ἐκρυεὶς,

2279 5345 2522 5414 ἀρχηγὸς
2552 5347 2752 5408 κακίας
2781 5347 3004 5413 γέγονεν
3036 5349 3063 5398 ὁ
3098 5347 3364 5413 διάϐολος,
3397 5350 3491 5401 καὶ
3518 5352 3632 5403 ὅσοι
3654 5352 3748 5420 τὴν
3771 5351 3852 5419 ρο-

2280 5438 2387 5507 πὴν
2419 5438 2553 5506 πρὸς
2589 5439 2686 5508 τὴν
2719 5438 2931 5491 ἐκείνου
2961 5440 3187 5509 γνώμην
3208 5441 3561 5512 τρεψάμενοι.
3593 5444 3653 5495 τὸ
3689 5445 3853 5512 χεῖρον

2278 5531 2402 5582 ἀντὶ
2436 5530 2531 5582 τοῦ
2566 5532 2879 5599 κρείττονος
2923 5535 3377 5603 μεθηρμόσαντο·
3414 5536 3461 5586 οἱ
3513 5535 3568 5587 δέ
3612 5552 3675 5603 γε
3719 5532 3851 5589 ἄλλοι

2286 5622 2395 5675 τῶν
2439 5624 2727 5677 ἀθανάτων
2756 5625 2979 5677 ἐκείνων
3010 5626 3104 5677 καὶ
3139 5626 3441 5680 θεσπεσίων
3470 5629 3651 5698 χορῶν
3674 5641 3852 5697 προσο-

2286 5719 2383 5785 οχῇ
2428 5718 2523 5769 καὶ
2556 5716 2820 5788 σπουδαίᾳ
2854 5716 3035 5787 νήφει,
3073 5719 3225 5769 οὐδὲν
3254 5718 3353 5787 τῆς
3376 5720 3581 5783 οἰκείας
3610 5716 3850 5779 καλλονῆς

2286 5808 2318 5877 ἢ
2352 5809 2561 5875 τάξεως
2584 5810 2999 5877 ἁλλοιώσαντες,
3026 5810 3162 5864 ἀλλὰ
3196 5813 3329 5883 πρὸς
3350 5810 3440 5864 τὸν
3466 5812 3645 5866 κοινὸν
3667 5808 3852 5864 Δεσπό-
