4134 6486
398 449 503 514 129

1362 446 1463 505 AD
1496 438 2094 505 AMPIIILOCHIUM
2147 439 2493 512 QU.’ESTIO
2531 443 2707 505 XIII.

3563 444 3661 509 130

393 582 497 636 την
523 562 621 618 καὶ
650 559 997 633 Δημιουργδν
1020 556 1315 623 ἀνενδότως
1337 559 1562 622 ἑαυτοὺς
1584 557 1974 616 ἀνατείνοντες,

2088 553 2300 623 torique
2339 556 2569 612 llrmiter
2610 556 2973 623 adharentes,
3030 570 3209 627 neque
3252 555 3458 614 fontem
3486 563 3669 616 omnis

393 657 494 711 καὶ
541 655 704 726 κόρον
752 651 854 723 τῆς
895 650 1229 720 ἀγαθοδότου
1260 651 1450 715 οὐσίας
1479 650 1579 704 οὐκ
1614 649 1851 719 ἔχοντες,
1882 646 1984 700 οὐκ

397 748 556 803 αὐτοὶ
584 747 745 816 μόνον
784 742 982 812 ἀγαθοὶ
1013 741 1153 795 κατά
1186 742 1421 814 μετοχὴν
1451 741 1819 811 διαμένουσιν,
1844 737 1981 792 ἀλλά

400 838 498 891 καὶ
550 835 627 906 τῷ
670 834 779 888 τῶν
833 834 1141 903 ἀνθρώπων
1188 833 1337 902 γένει
1375 832 1474 905 τὴν
1504 831 1654 886 θείαν
1676 831 1780 885 κάν
1807 829 1983 900 τούτῳ

403 926 901 997 ἐξυπηρετούμενοι
958 923 1235 996 βούλησιν,
1300 923 1666 994 άγαθοεργίας
1730 926 1982 994 συνεργοὶ

400 1023 493 1075 καὶ
523 1020 809 1089 ἐπίκουροι
838 1018 1125 1085 γίνονται·
1160 1018 1255 1070 καὶ
1292 1019 1340 1070 οἱ
1384 1018 1481 1087 μὲν
1514 1018 1628 1070 ὅσοι
1654 1017 1977 1082 κατέπεσον,

397 1112 493 1166 καὶ
527 1111 692 1166 αὑτὸν
719 1112 811 1163 τὸν
846 1108 1021 1161 τύπον
1052 1108 1148 1162 τοῦ
1181 1108 1419 1180 σταυροῦ
1450 1109 1862 1180 χαρασσόμενον
1888 1110 1980 1179 ὀρ-

391 1204 561 1272 γάνου
616 1200 795 1272 τύπῳ,
840 1201 909 1254 δι’
943 1195 1005 1255 οὗ
1051 1200 1113 1253 τὸ
1166 1202 1436 1271 σωτήριον
1477 1200 1734 1270 ἐτελέσθη
1786 1201 1978 1265 πάθος,

389 1294 737 1363 φρίττοντες,
770 1293 1059 1363 τρέμουσι,
1094 1292 1190 1345 καὶ
1211 1291 1286 1355 ὡς
1315 1291 1979 1365 πορρωτάτω-δραπετεύ-

383 1400 575 1437 ουσιν’
610 1385 661 1437 οί
690 1383 749 1435 δὲ
776 1383 852 1454 τῷ
881 1382 1012 1453 θείῳ
1041 1383 1220 1454 θρόνῳ
1274 1384 1691 1454 περιιστάμενοι
1738 1386 1838 1453 τῆς
1872 1399 1980 1453 μα-

385 1476 594 1546 καρίας
626 1473 843 1545 ἐκείνης
868 1475 962 1527 καὶ
992 1474 1233 1545 φοϐερᾶς
1265 1473 1393 1537 θέας
1432 1474 1559 1527 ὅσον
1606 1475 1840 1545 ἐγχωρεῖ
1874 1472 1978 1543 φύ-

385 1586 477 1622 σει
508 1570 728 1637 κτιστῇ,
773 1569 874 1630 τὰς
918 1565 1293 1638 μαρμαρυγὰς
1322 1567 1675 1636 ὑποδέχονται
1697 1584 1711 1599 ο
1741 1566 1836 1621 καὶ
1864 1567 1979 1631 τοῖς

388 1662 494 1731 μὲν
522 1657 605 1723 οἷς
624 1659 795 1732 δρῶσί
820 1677 882 1713 τε
914 1660 1009 1712 καὶ
1054 1660 1373 1732 δεδράκασι,
1405 1660 1516 1732 πῦρ
1557 1660 1885 1731 ἡτοίμασται
1915 1659 1979 1713 τὸ

383 1753 659 1824 ἐξώτερον
686 1769 699 1783 ·
726 1754 777 1807 οἱ
800 1753 857 1806 δὲ
880 1752 948 1807 δι’
982 1748 1057 1807 ὧν
1092 1752 1152 1807 τὸ
1180 1753 1641 1824 αὐτοκρατορικὸν
1674 1752 1776 1823 τῆς
1803 1752 1977 1824 ῥοπῆς

385 1849 450 1899 ἐν
485 1849 604 1909 ταῖς
650 1844 900 1916 ἀμείνοσι
944 1849 1251 1916 προκοπαῖς
1289 1846 1385 1900 καὶ
1438 1846 1737 1900 ἀναϐάσεσι
1777 1861 1976 1916 συντη-

387 1938 547 2011 ροῦσι
563 1938 655 1993 καὶ
672 1939 1066 2011 συνετήρησαν,
1096 1940 1156 1993 ἐν
1180 1940 1457 2011 ἀδιηγήτῳ
1475 1941 1653 2011 τρυφῇ
1677 1938 1771 1991 καὶ
1783 1938 1979 2010 αίωνίᾳ

382 2028 669 2097 διαμένειν
716 2026 1016 2082 ἀπολαύσει
1062 2026 1160 2091 τὰς
1196 2027 1413 2099 ψήφους
1447 2027 1545 2099 ήδη
1631 2027 1974 2096 κατέχουσιν.

463 2119 525 2175 ε’.
569 2118 747 2189 Ἐρεῖς
763 2118 858 2173 οὖν
883 2118 1124 2184 πάντως,
1170 2118 1269 2173 Διά
1320 2119 1373 2172 τί
1408 2119 1631 2187 γέγονεν
1671 2118 1700 2172 ό
1739 2116 1977 2189 πονηρὸς

384 2214 619 2278 ἐκεῖνος,
672 2211 768 2265 καὶ
806 2211 929 2264 ὅσαι
981 2210 1131 2281 αὐτῷ
1199 2212 1386 2282 μοῖραι
1451 2210 1974 2282 συναπεστάτησαν;

384 2307 558 2376 ἐχρῆν
591 2304 703 2375 γάρ
736 2304 829 2357 τὸν
859 2304 993 2358 Θεὸν
1015 2303 1218 2372 ἀγαθὸν
1249 2303 1397 2369 ὅντα,
1448 2304 1548 2375 τῆς
1585 2304 1777 2366 οὐσίας
1843 2319 1978 2376 προ-

382 2395 670 2461 εξελὲσθαι
690 2396 785 2449 καὶ
808 2394 1129 2466 προανελεῖν
1155 2395 1223 2447 τὰ
1249 2394 1471 2448 τοιαῦτα
1487 2393 1973 2466 δημιουργήματα’

380 2489 613 2557 ἄμεινον
647 2487 756 2557 γὰρ
786 2487 983 2551 αὑταῖς
1020 2483 1113 2558 ἦν,
1146 2486 1180 2558 ἢ
1211 2486 1348 2557 πρὸς
1389 2487 1766 2560 ἀπαραίτητον
1798 2502 1977 2559 παρα·

385 2577 713 2650 πέμπεσθαι
748 2578 985 2647 βάσανον
1012 2595 1026 2609 ·
1060 2572 1181 2631 εἶτα
1226 2577 1337 2630 τῶν
1362 2579 1542 2631 αὐτῶν
1576 2595 1635 2632 σε
1666 2580 1978 2651 περιέργων

378 2671 668 2742 λογισμῶν
693 2670 757 2724 τὸ
784 2670 1099 2735 ἀκόλουθον,
1132 2676 1227 2727 καὶ
1253 2675 1348 2727 ἐπὶ
1385 2672 1457 2726 τά
1504 2672 1668 2726 λοιπά
1705 2672 1812 2726 τῶν
1853 2690 1975 2725 κτι-

384 2765 616 2833 σμάτων
643 2760 1043 2832 παραπέμψειο
1074 2762 1182 2816 ἔδει
1223 2763 1333 2834 γὰρ
1384 2763 1482 2834 τὴν
1525 2763 1633 2832 γῆν
1680 2762 1976 2834 προαχθεῖ-

382 2872 491 2908 σαν
517 2853 549 2924 ῆ
577 2852 759 2924 μένειν
786 2852 1044 2924 ἀκίνητον
1082 2853 1176 2908 ἐπὶ
1229 2855 1329 2925 τῆς
1360 2853 1717 2925 προαγωγῆς,
1768 2855 1864 2908 καὶ
1894 2853 1975 2925 τῷ

381 2945 653 3014 ἀτρέπτῳ
721 2942 1208 3014 περιτειχίζεσθαι,
1250 2945 1284 3016 ἢ
1335 2946 1420 3001 ἵνα
1467 2944 1537 2999 τὰ
1591 2944 1728 3001 ἀλλα
1769 2944 1976 3016 ταύτης

384 3031 541 3102 πάθη
584 3031 684 3085 καὶ
711 3032 811 3095 τὰς
833 3032 1153 3099 ἀλλοιώσεις
1201 3034 1369 3100 ἐάσω,
1407 3034 1483 3107 μὴ
1527 3037 1642 3098 τοῖς
1687 3036 1896 3103 ὕδασιν,
1925 3038 1976 3091 εί

386 3125 488 3177 καὶ
514 3124 591 3194 μὴ
621 3123 745 3179 καθ’
777 3124 927 3196 ὅλην,
959 3124 1103 3180 κατά
1150 3125 1321 3179 πο).λά
1360 3125 1420 3179 δὲ
1457 3126 1568 3183 τῶν
1599 3127 1785 3199 μερῶν
1812 3144 1975 3198 περι-

2084 644 2214 698 1›οηί
2244 645 2612 701 substantiam
2653 644 3015 715 l‘astidientes,
3081 664 3191 704 non
3243 649 3419 705 solum
3467 649 3571 721 lpsi
3612 652 3667 707 in

2084 735 2345 791 bonitatis
2409 738 2803 792 communione
2856 747 3197 804 manserunt,
3248 754 3438 795 verum
3501 740 3665 795 etiam

2084 827 2369 883 hominum
2426 831 2635 900 generi,
2688 830 2890 886 divinat
2928 832 3135 901 pariter
3168 832 3226 886 in
3264 833 3367 888 hoc
3394 830 3665 888 voluntati

2082 918 2470 989 obsequentes,
2533 920 2799 975 bonorum
2837 936 3064 991 operum
3112 921 3392 992 adjutores
3419 924 3665 993 sociique

2081 1019 2392 1064 evaserunt.
2422 1009 2487 1064 Et
2514 1010 2550 1065 ii
2572 1026 2707 1067 sane
2737 1011 2832 1082 qui
2854 1011 3205 1077 exciderunt,
3238 1013 3411 1083 ipsam
3445 1028 3664 1084 quoque

2080 1102 2261 1158 crucis
2294 1102 2613 1173 imaginem,
2665 1102 2718 1157 in
2761 1102 2881 1173 ejus
2925 1102 3275 1159 instrumenti
3303 1104 3477 1159 forma
3509 1107 3665 1160 exhi-

2079 1193 2248 1249 hitam
2294 1208 2405 1263 quo
2460 1192 2769 1250 Servatoris
2836 1195 3022 1265 passio
3078 1204 3298 1266 peracta
3343 1197 3480 1263 fuit,
3535 1214 3662 1253 cum

2082 1286 2314 1342 horrore
2338 1287 2707 1343 extimescunt
2738 1302 2801 1343 ac
2834 1288 3154 1361 longissime
3188 1288 3403 1361 fugiunt
3436 1308 3449 1344 :
3481 1292 3663 1346 caeteri

2081 1389 2263 1434 autem
2299 1379 2544 1434 divinum
2592 1379 2795 1434 solium
2836 1379 3279 1446 circumstantes,
3317 1380 3487 1436 beata:
3516 1381 3664 1435 illius

2079 1487 2144 1528 ac
2198 1472 2496 1528 tremendae
2545 1472 2797 1541 visionis,
2860 1480 3126 1543 quantum
3179 1481 3379 1530 creatae
3452 1482 3664 1529 naturae

2077 1563 2228 1631 licet,
2255 1564 2441 1620 radios
2469 1564 2766 1633 excipiunt.
2832 1563 2942 1621 Illis
2988 1565 3060 1622 ob
3112 1580 3178 1621 ea
3228 1581 3351 1637 quae
3378 1577 3546 1637 agunt
3580 1565 3662 1621 fe-

2077 1664 2400 1728 ceruntque,
2475 1657 2618 1727 ignis
2669 1658 2913 1713 exterior
2973 1666 3203 1729 paratus
3253 1667 3378 1727 est;
3456 1660 3512 1715 hi
3565 1660 3662 1731 qui

2078 1749 2310 1804 liberum
2338 1748 2630 1805 arbitrium
2660 1764 2822 1805 suum
2854 1749 2909 1803 in
2932 1749 3256 1807 melioribus
3278 1752 3662 1824 progressibus

2080 1840 2451 1910 gradibusque
2481 1838 2748 1894 faciendis
2804 1840 3197 1895 continuerunt
3244 1851 3300 1895 et
3355 1841 3661 1903 continent,

2082 1931 2531 1986 inenarrabilium
2563 1932 2887 2003 gaudiorum
2934 1939 3101 2002 atque
3136 1940 3357 1988 aeternae
3386 1931 3663 1988 beatitatis

2077 2032 2277 2080 sortem
2301 2021 2525 2077 decreto
2554 2022 2740 2076 divino
2765 2021 3032 2077 obtinent.

2150 2112 2202 2168 5.
2222 2113 2392 2168 Porro
2408 2114 2557 2169 dices
2578 2132 2592 2169 :
2612 2112 2725 2169 Cur
2746 2128 2870 2167 nam
2895 2113 2985 2169 ille
3005 2112 3286 2185 improbus
3302 2120 3520 2170 creatus
3537 2112 3659 2176 fuit,

2077 2214 2133 2261 et
2169 2214 2439 2276 quotquot
2483 2221 2610 2260 cum
2662 2220 2729 2260 eo
2763 2205 2987 2261 ordines
3009 2206 3299 2276 apostatici
3326 2209 3662 2263 evaserunt?

2082 2298 2363 2354 Decuisset
2411 2299 2557 2353 enim
2617 2296 2712 2352 Dei
2763 2299 2991 2354 bonitati
3033 2314 3063 2353 a
3094 2315 3278 2355 rerum
3313 2308 3511 2355 natura
3543 2299 3662 2371 pri-

2077 2387 2247 2443 mitus
2305 2389 2549 2444 eximere
2595 2388 2695 2443 has
2736 2400 3019 2446 creaturas
3045 2400 3210 2462 atque
3238 2391 3550 2447 excludere.
3603 2391 3657 2446 ld

2075 2480 2222 2536 enim
2277 2481 2474 2537 melius
2520 2488 2641 2536 erat
2696 2481 2780 2536 his
2814 2497 2979 2552 quam
3026 2482 3347 2538 inexorabili
3387 2486 3656 2540 cruciatui

2076 2572 2362 2643 deputare.
2421 2572 2587 2643 Atqui
2630 2574 2754 2627 vani
2788 2573 2956 2645 hujus
2995 2575 3268 2631 ratiocinii
3308 2577 3529 2647 sequela
3565 2593 3663 2647 per

2076 2676 2308 2722 caeteras
2366 2680 2586 2735 quoque
2641 2682 2732 2721 res
2778 2676 2993 2723 creatas
3053 2676 3106 2722 te
3155 2668 3360 2737 pariter
3405 2669 3658 2725 deducet.

2077 2754 2362 2812 Decuisset
2406 2757 2551 2811 enim
2610 2756 2857 2811 tellurem
2908 2771 3130 2827 quoque
3158 2769 3398 2813 creatam
3432 2775 3662 2815 manere

2077 2849 2413 2904 immobilem
2447 2849 2501 2903 in
2537 2857 2680 2904 statu
2716 2863 2819 2905 suo
2834 2859 2886 2905 et
2922 2848 3185 2905 firmitate
3220 2849 3662 2923 muniri:neque

2080 2941 2174 3012 (ut
2228 2952 2455 2997 cmteras
2510 2940 2630 3011 ejus
2680 2942 2967 3011 passiones
3024 2942 3468 3014 mutationesque
3527 2959 3665 3013 prae-

2078 3034 2322 3103 teream)
2357 3034 2518 3103 aquis
2550 3033 2598 3089 si
2637 3035 2818 3088 minus
2851 3034 3165 3090 universam
3195 3043 3342 3091 certe
3365 3036 3660 3091 maximam

2076 3136 2291 3196 partem
2327 3125 2586 3181 inundari
2614 3142 2630 3192 ;
2695 3125 2929 3195 paulove
2951 3125 3135 3181 minus
3163 3141 3330 3196 quam
3361 3142 3486 3181 cum
3516 3127 3661 3182 invi-

386 3215 690 3280 κλύζεσθαι
718 3231 733 3245 ’
775 3217 875 3271 καὶ
900 3218 1102 3288 μικροῦ
1152 3216 1322 3288 μηδὲν
1381 3217 1603 3273 ἔλαττον
1631 3219 1663 3290 ἢ
1693 3221 1781 3273 ὅτε
1810 3220 1974 3291 ἀόρα-

2081 3218 2257 3274 sibilis
2282 3226 2400 3274 erat
2421 3227 2475 3273 et
2498 3217 2774 3283 informis,
2803 3215 3060 3272 fluctibus
3087 3217 3266 3273 obrui.
3300 3217 3495 3273 Aerem
3524 3234 3663 3289 quo-

388 3326 486 3372 τος
512 3310 605 3362 καὶ
633 3308 1124 3372 ἁκατασκεύαστος
1154 3304 1222 3380 ἦν
1250 3312 1316 3380 τῇ
1360 3309 1708 3384 πλημμυρίδι
1746 3311 1979 3384 συγκρύ-

388 3401 661 3454 πτεσθαι·
696 3400 918 3456 καὶτὸν
954 3402 1094 3473 ἀέρα
1132 3400 1189 3454 δὲ
1238 3402 1477 3475 καθαρόν
1532 3421 1591 3457 τε
1642 3404 1738 3458 καὶ
1798 3404 1978 3474 πάσης

387 3494 820 3565 ἀπηλλαγμένον
849 3493 1006 3549 νόθου
1037 3494 1354 3564 μετουσίας,
1386 3494 1655 3566 σωτήριόν
1684 3512 1744 3548 τε
1766 3495 1978 3567 ἀνθρώ-

386 3603 518 3650 ποις
547 3588 641 3639 καὶ
668 3588 784 3649 τοῖς
814 3585 996 3650 ἄλλοις
1019 3582 1181 3650 ζώοις
1206 3585 1537 3651 ὑποστάντα,
1570 3586 1675 3639 οὐκ
1707 3586 1817 3640 ἔδει
1839 3587 1979 3657 πρὸς

385 3680 634 3752 λοιμώδη
665 3680 759 3733 καὶ
785 3680 1097 3754 φθαρτικὴν
1124 3680 1233 3734 τῶν
1268 3679 1596 3752 σωζομένων
1639 3681 1977 3735 κατάστασιν

387 3772 779 3844 μεταπίπτειν.
815 3772 882 3827 Et
919 3773 975 3827 δὲ
996 3772 1173 3828 ταῦτα
1203 3774 1602 3846 προαγομένοις
1633 3774 1818 3838 αὐτοῖς
1851 3775 1977 3846 ὅρος

385 3867 637 3936 ἐνεπάγη
682 3864 1118 3936 μεταϐάλλεσθαι
1142 3866 1241 3937 τὴν
1276 3866 1459 3935 φύσιν,
1505 3868 1568 3921 οὐ
1597 3867 1769 3921 ταῦτα
1790 3868 1847 3922 δὲ
1874 3869 1974 3939 μόε-

385 3973 504 4023 νον,
536 3956 678 4011 ἀλλά
706 3956 800 4010 καὶ
821 3957 889 4009 τὰ
912 3956 1129 4020 τούτοις
1158 3955 1439 4026 σύστοιχα,
1462 3955 1687 4028 ἄμεινον
1709 3952 1780 4029 ἦν
1806 3959 1976 4029 μηδὲν

380 4047 595 4103 τούτων
626 4048 707 4111 είς
737 4047 1071 4119 προαγωγὴν
1094 4048 1378 4118 ἐνεχθῆναι
1402 4065 1415 4078 ·
1457 4044 1577 4103 εἶτα
1605 4050 1634 4103 ὀ
1671 4048 1770 4121 τὴν
1792 4050 1972 4106 κτίσιν

378 4138 513 4210 ὅλην
540 4135 715 4201 οὕτως
746 4137 1157 4203 ἀνασκευάζων,
1181 4138 1282 4209 ὅση
1312 4156 1371 4192 τε
1410 4139 1468 4193 ἐν
1488 4141 1721 4211 νοητοῖς,
1747 4140 1843 4194 καὶ
1870 4141 1970 4213 ὅση

378 4231 440 4281 ἐν
472 4227 778 4298 αἰσθητοῖς,
813 4228 907 4279 καὶ
927 4228 1062 4298 μηδὲ
1084 4227 1194 4281 τῶν
1217 4229 1442 4300 ἀψύχων
1471 4230 1808 4302 φειδόμενος,
1836 4231 1973 4287 ἀλλὰ

382 4320 566 4373 πάντα
610 4319 825 4389 πικρῶς
847 4318 991 4373 οὕτω
1040 4320 1414 4390 ξυγοστατῶν,
1450 4324 1546 4378 καὶ
1576 4325 1642 4394 τῇ
1693 4323 1800 4395 ἰδίᾳ
1835 4324 1969 4377 καθ-

377 4407 708 4462 υποϐάλλων
731 4409 840 4463 τῶν
866 4409 1142 4482 λογισμῶν
1176 4411 1377 4484 κρίσει,
1409 4413 1505 4467 καὶ
1542 4414 1736 4485 μηδενὶ
1763 4415 1969 4469 τούτων

382 4502 878 4572 συναρεσκόμενος,
903 4504 958 4557 τί
994 4506 1181 4573 ποιεῖς
1222 4506 1352 4577 περὶ
1384 4506 1485 4576 τῆς
1530 4506 1625 4560 τοῦ
1675 4506 1966 4579 ἀνθρώπου

2082 3326 2191 3380 que
2219 3310 2496 3366 decuisset
2543 3325 2741 3379 purum
2782 3324 2908 3365 esse
2963 3318 3130 3378 atque
3162 3309 3309 3363 omni
3341 3309 3665 3363 liumiditate

2078 3416 2335 3468 vacuum,
2370 3402 2690 3457 hominibus
2721 3401 3055 3473 caeterisque
3107 3403 3477 3458 animantibus
3511 3402 3664 3459 salu-

2080 3504 2284 3561 tarem;
2344 3508 2455 3548 non
2507 3501 2690 3550 autem
2720 3494 2790 3549 ad
2838 3494 3181 3565 pestilentem
3214 3494 3665 3567 mortiferumque

2077 3588 2385 3642 viventibus
2411 3585 2780 3642 conditionem
2812 3588 3085 3642 converti.
3143 3587 3301 3655 Quod
3359 3588 3406 3643 si
3447 3587 3564 3644 haec
3590 3588 3664 3643 ita

2076 3690 2333 3753 generata
2367 3690 2515 3747 sunt,
2548 3689 2609 3735 ut
2656 3690 2911 3735 naturam
2949 3680 3165 3735 variare
3204 3681 3457 3748 soleant;
3486 3696 3666 3751 neque

2076 3771 2191 3825 hate
2214 3769 2598 3825 tantummodo
2635 3769 2729 3825 sed
2761 3769 2870 3823 alia
2914 3768 3227 3838 ejusmodi;
3288 3771 3465 3825 satius
3519 3779 3657 3832 erat,

2075 3862 2257 3934 inquit
2291 3863 2511 3933 aliquis,
2562 3862 2679 3918 haec
2715 3860 2945 3916 omnino
2994 3877 3106 3916 non
3148 3862 3344 3918 creari.
3394 3862 3487 3919 Sic
3528 3878 3663 3934 ergo

2076 3958 2180 4013 iste
2212 3956 2530 4011 universam
2561 3966 2815 4009 naturam
2869 3953 3225 4019 labefactans,
3289 3954 3405 4011 sive
3452 3971 3575 4027 quae
3602 3956 3658 4011 in

2074 4048 2532 4106 intellectualibus
2557 4056 2641 4104 est
2666 4047 2782 4103 sive
2830 4064 2957 4119 qua:
2994 4048 3049 4103 in
3082 4047 3456 4113 sensibilibus,
3509 4059 3565 4104 et
3590 4066 3660 4104 ne

2073 4139 2331 4194 inanimis
2359 4137 2583 4210 quidem
2623 4137 2789 4193 rebus
2820 4152 3075 4207 parcens,
3109 4138 3205 4194 sed
3243 4149 3440 4194 cuncta
3464 4144 3661 4197 acerbe

2071 4233 2151 4287 sic
2184 4246 2495 4302 exaequans,
2533 4231 2727 4301 suique
2765 4231 3039 4286 ratiocinii
3069 4231 3280 4301 judicio
3313 4232 3616 4303 subjiciens
3640 4278 3653 4300 ,

2072 4324 2318 4395 nihilque
2359 4326 2554 4379 horum
2605 4325 2870 4395 probans,
2930 4324 3062 4394 quid
3119 4324 3341 4380 demum
3382 4327 3534 4399 agit?
3590 4328 3660 4384 de

2070 4419 2310 4474 hominis
2335 4418 2634 4485 creatione,
2671 4418 2817 4488 quod
2858 4432 3027 4472 unum
3056 4427 3141 4473 est
3169 4433 3200 4474 e
3224 4420 3426 4475 creatis
3444 4422 3659 4490 generi-

2069 4512 2175 4567 bus
2193 4511 2451 4581 anibigit;
2484 4511 2570 4564 vel
2597 4510 2765 4564 Deum
2804 4510 2971 4564 alium
3007 4520 3425 4583 creatoreutque
3458 4514 3657 4583 qttterit

376 4595 748 4666 δημιουργίας
788 4596 909 4659 ἐνὸς
953 4597 1129 4661 εἴδους
1173 4598 1283 4651 τῶν
1328 4598 1631 4668 γεγονότων
1679 4599 1962 4670 διαπορεῖο

2077 4601 2140 4674 (0
2171 4600 2315 4656 Deus
2348 4602 2551 4669 bene!)
2607 4616 2769 4670 quem
2818 4601 2948 4655 dum
3001 4603 3255 4673 ignarum
3306 4603 3382 4658 rei
3410 4605 3654 4659 melioris

376 4687 414 4756 ἣ
445 4686 579 4738 Θεὸν
626 4685 816 4757 ἓτερον
866 4687 961 4741 καὶ
1021 4689 1351 4761 δημιουργὸν
1388 4691 1640 4762 ἐπιζητεῖ
1675 4691 1860 4762 (ἵλεως
1906 4693 1966 4748 δὲ

2077 4708 2133 4747 ea
2156 4708 2279 4761 quae
2307 4691 2547 4745 diximus
2580 4691 2777 4747 fecisse
2806 4694 2905 4755 ait,
2937 4692 3154 4747 ellronti
3178 4694 3327 4747 vultu
3360 4694 3655 4764 linguaque

374 4780 516 4849 ἡμῖν
546 4780 656 4849 εἴη)
692 4780 883 4851 ἀμαθῆ
916 4778 975 4833 δὲ
1003 4779 1098 4834 τοῦ
1135 4782 1445 4853 κρείττονος
1496 4785 1587 4837 τὸν
1617 4785 1792 4839 ταῦτα
1825 4804 1964 4859 προ-

2077 4785 2259 4840 ellreni
2286 4784 2471 4839 omnia
2506 4783 2831 4839 subsannat.
2870 4784 2975 4839 Sed
3002 4800 3100 4839 cur
3127 4784 3237 4839 dixi
3277 4784 3448 4839 Deum
3484 4786 3652 4841 alium

373 4871 662 4940 αγαγόντα
689 4872 867 4927 πάντα
896 4872 1104 4927 ἀναιδεῖ
1134 4873 1412 4945 προσώπῳ
1426 4875 1522 4929 καὶ
1545 4876 1815 4947 ἀπυλώτῳ
1842 4877 1968 4931 στό⁹

2077 4887 2483 4947 creatoremque
2535 4877 2604 4931 ab
2648 4892 2715 4931 eo
2773 4876 2987 4946 quaeri?
3046 4876 3166 4947 lpse
3194 4879 3375 4947 potius
3402 4879 3540 4934 sein
3571 4881 3656 4933 in-

375 4978 514 5030 ματι
570 4961 938 5033 διακωμῳδεῖ.
975 4964 1041 5014 Τί
1085 4962 1143 5015 δὲ
1181 4963 1324 5033 λέγω
1370 4963 1503 5017 θεὸν
1530 4963 1718 5036 ἕτερον
1750 4964 1843 5018 καὶ
1871 4965 1967 5035 δη-

2077 4972 2239 5026 saniaa
2305 4967 2661 5039 stultitiaque
2725 4967 2945 5039 fastigio
3018 4969 3297 5024 collocans
3355 4971 3655 5028 creationis

375 5052 645 5123 μιουργὸν
680 5051 963 5123 ἐπιζητεῖς
999 5053 1162 5107 αὑτὸν
1201 5054 1310 5124 γὰρ
1348 5054 1512 5119 αὐτὸς
1546 5054 1779 5118 καθίσας
1800 5056 1858 5109 ἐν
1886 5054 1965 5128 τῷ

2077 5062 2521 5126 emendatorem,
2577 5074 2798 5113 omnem
2858 5057 2955 5114 Dei
3016 5060 3269 5113 notitiam
3333 5076 3397 5114 ex
3455 5063 3655 5119 animis

374 5143 477 5211 τῆς
500 5143 765 5207 ἀπονοίας
804 5145 899 5197 καὶ
920 5144 1108 5208 ἀνοίας
1136 5142 1258 5215 ὕψει
1287 5146 1396 5198 τῶν
1415 5146 1717 5214 γεγονότων
1740 5145 1967 5218 διορθω-

372 5235 497 5304 τὴν,
524 5234 746 5304 ἀφελεῖν
774 5236 1070 5299 σπουδάζει
1100 5236 1381 5301 παντελῶς
1406 5238 1505 5309 τὴν
1535 5239 1664 5310 περὶ
1708 5239 1844 5293 Θεοῦ
1876 5241 1965 5293 ἕν-

377 5344 548 5391 νοιαν,
589 5328 656 5399 ῆν
688 5327 789 5398 τῆς
830 5327 966 5393 ἰδίας
1022 5329 1412 5400 προαφείλετο,
1460 5328 1572 5384 τῶν
1605 5330 1967 5403 ἀνθρωπίνων

366 5418 562 5489 ψυχῶν
584 5433 599 5449 ·
631 5419 768 5474 ἀλλὰ
798 5418 971 5473 ταῦτα
1003 5421 1102 5488 μὲν
1126 5420 1201 5485 ὠς
1228 5421 1369 5475 κατὰ
1401 5421 1563 5489 λόγόν
1609 5421 1964 5493 κεφαλαιώδη

370 5510 539 5563 ἱκανά
559 5504 711 5581 οἶμαι
730 5510 945 5565 καὶτῶν
969 5511 1490 5585 παραλελειμμένων
1511 5515 1589 5577 είς
1607 5512 1815 5568 ἔννοιαν
1831 5514 1964 5567 ἀνα-

364 5603 585 5668 γαγεῖν⁶
605 5602 702 5655 καὶ
732 5604 857 5668 τοὺς
873 5603 1175 5672 ἀντιλέγειν
1189 5604 1357 5658 πάλαι
1403 5604 1859 5677 θρασυνομένους,
1890 5604 1967 5670 ὡς

366 5692 792 5767 βοῦς(51)ὲπέ6η
816 5695 916 5767 τὴν
936 5695 1259 5767 παροιμίαν,
1278 5696 1372 5751 καὶ
1395 5699 1579 5750 πεῖσαι
1606 5694 1961 5766 μεταμαθεῖν.

2073 5153 2383 5217 hominum,
2423 5165 2587 5221 quam
2610 5151 2678 5205 de
2701 5164 2799 5205 suo
2827 5149 2941 5219 jam
2962 5150 3192 5220 expulit,
3228 5150 3413 5207 delere
3438 5153 3650 5208 nititur.

2074 5243 2180 5300 Sed
2238 5245 2503 5299 hactenus
2574 5242 2918 5312 capitulatim
2961 5243 3238 5312 disputata
3278 5243 3550 5300 sulliciunt
3582 5247 3651 5300 ad

2070 5338 2567 5410 praetermissorum
2595 5338 2783 5405 etiam,
2841 5346 2901 5392 ut
2945 5346 3097 5408 puto,
3140 5339 3505 5395 rel'ricandam
3542 5356 3654 5395 me-

2072 5429 2348 5495 moriam;
2387 5442 2550 5499 atque
2603 5437 2665 5483 ut
2720 5429 2757 5483 ii
2794 5430 2889 5499 qui
2923 5430 3053 5484 olim
3073 5431 3450 5487 contradicere
3486 5433 3656 5487 aude.-

2076 5523 2228 5589 bant,
2262 5528 2522 5588 tanquam
2547 5520 2591 5574 si
2624 5520 2725 5575 hos
2750 5520 3060 5591 irrupisset,
3086 5532 3145 5576 ut
3175 5525 3249 5578 ait
3277 5524 3651 5593 proverbium,

2074 5613 2356 5670 dediscere
2385 5626 2494 5666 non
2528 5620 2801 5667 recusent.

441 5852 556 5923 (3|)
590 5850 741 5922 Diog.
771 5866 927 5923 prov.
964 5860 1110 5906 cent.
1157 5850 1248 5920 lll,
1305 5851 1367 5909 ϐι
1412 5870 1424 5907 :
1480 5850 1618 5916 Βοῦς
1651 5851 1858 5923 ἐπέϐη·
1922 5852 1974 5905 ἐς

2077 5848 2165 5905 τῶν
2206 5845 2468 5921 ἐξαίφνης
2512 5847 2865 5906 σιωπώντων·
2919 5851 2982 5904 τὸ
3039 5851 3146 5923 γὰρ
3191 5851 3460 5923 ἀργύριον
3519 5852 3651 5924 βοῦν

614 5967 886 6026 ΡΑτιιοι..
916 5969 1029 6031 tiu.
1071 5966 1158 6029 Cl.

3212 5964 3245 6021 5
