4134 6462
518 415 617 480 m
1044 520 1373 591 QUAESTIO
1426 520 1566 577 xw.

516 622 658 689 Quid
698 628 775 675 est
813 618 980 674 illud:
1031 638 1048 669 ι
1090 618 1272 685 Αρενιὶ
1313 628 1437 669 sunt
1465 632 1647 689 eorum
1689 615 1863 689 oculi,
1906 633 1924 665 ι
1955 612 2095 689 Gen.

590 708 673 754 ιιι,
695 692 747 755 7,
770 711 789 743 ι
823 700 871 744 et
895 684 1155 757 quomodo
1184 689 1539 758 transgressio
1569 688 1670 739 vim
1702 686 1881 738 habuit
1924 684 2104 739 oculos

584 762 852 833 aperiendi
871 762 893 799 9

1676 407 1944 470 PIIOTII
1978 403 2491 467 PATRIARClI/E
2523 404 2635 463 (ΖΡ.

2132 520 2185 578 Α

3705 393 3806 457 132

2782 508 3120 565 ΕΡΩΤΗΣΙΣ
3147 512 3246 563 IA'.

2212 610 2273 665 Τί
2300 608 2433 661 ἐστι
2460 607 2549 671 εὖ,
2579 624 2597 656 ι
2626 605 3073 672 Διηνοίχθησαν
3110 601 3312 656 αὐτῶν
3345 602 3399 655 οι
3431 600 3753 669 ὀφθαλμοῦ
3785 620 3802 652 ι

2280 680 2375 731 καὶ
2414 676 2541 742 πῶς
2580 678 2619 744 ὴ
2657 674 2997 744 παράϐασις
3043 674 3229 741 ἰσχὺν
3282 674 3431 743 ἔσχε
3474 672 3795 739 dias-017w

2285 748 2640 818 ὀφθαλμούς
2660 764 2679 811 ,-

1571 872 1709 920 Edita
1758 884 1785 919 a
1811 869 1954 929 Maio,
1989 870 2121 918 Nov.
2149 864 2294 925 Coll.,
2322 870 2360 914 t.
2395 863 2479 923 1X,
2506 864 2582 921 14,
2617 862 2693 911 15.

584 985 722 1041 illud
760 993 967 1051 autem,
1004 1002 1022 1035 ι
1050 983 1234 1053 Aperti
1271 990 1399 1037 sunt
1429 982 1715 1036 amborum
1762 980 1961 1043 oculi,»
2004 994 2113 1033 non

522 1080 668 1149 quod
714 1077 1085 1149 transgressio
1129 1077 1399 1147 aperuerit
1437 1091 1627 1129 eorum
1674 1080 1887 1137 oculos,
1932 1072 2110 1134 absit;

516 1190 624 1227 non
651 1175 800 1227 enim
839 1174 1105 1241 scriptum
1153 1179 1234 1225 est
1266 1170 1383 1239 ipsa
1426 1169 1868 1238 transgreSSione
1914 1181 2110 1221 eorum

516 1266 709 1321 oculos
758 1274 976 1334 apertos
1034 1263 1226 1327 fuisse,
1271 1261 1363 1317 sed
1415 1271 1541 1331 post
1584 1260 2106 1328 transgressionem.

520 1360 664 1414 liicit
692 1358 839 1413 enim
868 1375 881 1410 :
920 1376 938 1409 ι
976 1355 1040 1410 Et
1068 1365 1356 1426 postquam
1388 1355 1597 1424 accepit
1625 1354 1839 1418 mulier,
1869 1352 1938 1407 de
1958 1353 2109 1406 fruc-

519 1462 577 1507 tu
641 1452 900 1516 comedit,
929 1460 981 1505 et
1011 1451 1182 1520 aperti
1225 1458 1351 1504 sunt
1382 1449 1525 1502 oculi
1556 1448 1882 1513 amborum;
1916 1466 1933 1497 ι
1964 1443 2111 1515 quod

520 1545 628 1599 tale
677 1543 951 1613 quoddam
999 1554 1123 1597 est:
1159 1541 1288 1596 Post
1326 1541 1588 1613 peccandi
1634 1548 1845 1601 actum,
1893 1547 1953 1592 ut
1996 1538 2110 1609 ple-

2286 976 2360 1027 Τὸ
2385 974 2467 1039 δὲ,
2492 992 2510 1025 ι
2533 972 2929 1043 Διηνοίχθησαν
2951 972 2999 1024 οί
3019 967 3287 1039 ὀφθαλμοὶ
3308 966 3416 1021 τῶν
3437 966 3585 1028 δύο.»
3614 966 3717 1035 οὐχ
3737 965 3815 1019 ὅτι

2218 1068 2251 1136 ἡ
2294 1065 2611 1138 παράϐασις
2641 1064 2909 1134 διήνοιξεν
2933 1063 3124 1115 αὐτῶν
3152 1061 3279 1123 τοὺς
3306 1059 3646 1129 όψθαλμοίις,
3673 1057 3814 1111 ἀπαο

2226 1173 2288 1224 γε
2330 1173 2344 1186 ·
2383 1156 2507 1207 οὐδὲ
2535 1154 2645 1225 γὰρ
2677 1153 2786 1207 οὐδ’
2822 1155 2881 1207 ἐν
2928 1152 3067 1224 αὐτῇ
3106 1155 3173 1224 τῇ
3228 1152 3541 1222 παραϐάσει
3611 1151 3819 1218 γέγρα-

2216 1267 2350 1303 πται
2374 1250 2499 1313 τοὺς
2526 1249 2838 1319 ὀφθαλμοὺς
2869 1246 3048 1301 αὐτῶν
3075 1246 3467 1316 διανοιχθῆναι,
3504 1243 3645 1299 ἀλλά
3680 1243 3820 1313 μετά

2214 1344 2313 1414 τήν
2350 1342 2688 1413 παράϐασιν·
2723 1343 2857 1411 φησὶ
2887 1342 3013 1412 γάρ·
3043 1359 3063 1392 ι
3086 1340 3197 1394 Καὶ
3221 1338 3461 1392 λαϐοῦσα
3491 1340 3525 1408 ή
3549 1337 3694 1407 γυνὴ
3714 1338 3819 1389 ἀπὸ

2216 1440 2309 1491 τοῦ
2342 1438 2561 1510 καρποῦ
2597 1437 2765 1491 αὑτοῦ
2792 1437 2966 1507 ἔφαγε
3024 1438 3120 1491 καὶ
3181 1435 3350 1489 ἔδωκε
3391 1436 3486 1487 καὶ.
3526 1432 3610 1504 τῷ
3663 1433 3818 1501 ἀνδρὶ

2222 1533 2417 1602 αὐτῆς,
2452 1531 2548 1585 καὶ
2578 1531 2783 1601 ἔφαγον
2806 1532 2901 1583 καὶ
2917 1528 3307 1600 διηνοίχθησαν
3334 1529 3385 1580 οί
3408 1526 3686 1597 ὀφθαλμοὶ
3712 1524 3818 1577 τῶν

520 1650 755 1704 rumque
802 1635 1009 1704 peccati
1059 1634 1301 1705 cognitio
1352 1633 1719 1703 supervenit,
1769 1640 1823 1685 et
1869 1631 2115 1685 audacia:

2220 1622 2311 1675 δύο
2338 1639 2351 1653 ·
2389 1641 2408 1673 ι
2445 1623 2582 1693 ὅπερ
2616 1622 2858 1675 τοιοῦτόν
2900 1624 3052 1674 ἐστι·
3092 1622 3250 1676 Μετὰ
3274 1620 3372 1691 τὴν
3406 1618 3693 1690 ἁμαρτίαν
3747 1617 3820 1680 ὠς

522 1727 841 1797 magnitudo
871 1727 1043 1797 magis
1078 1727 1415 1796 agnoscitur.
1446 1724 1758 1794 Cupiditate
1819 1724 1965 1778 enim
1993 1736 2116 1791 quae

2220 1715 2289 1765 τὰ
2327 1714 2498 1767 πολλά
2523 1716 2555 1785 ή
2591 1714 2886 1783 ἐπίγνωσις
2905 1714 3000 1768 τοῦ
3025 1716 3426 1785 ἁμαρτήματος
3456 1712 3695 1781 γίνεται,
3725 1710 3820 1763 καὶ

522 1818 589 1871 ad
620 1821 958 1888 peccamlum
994 1816 1326 1885 impellebat,
1368 1825 1418 1868 et
1468 1814 1695 1868 stimulo
1736 1811 1828 1881 qui
1867 1812 2113 1864 animum

2220 1807 2281 1859 τὸ
2313 1806 2549 1876 μέγεθος
2578 1806 2670 1861 τοῦ
2703 1808 3055 1880 τολμήματος
3100 1810 3226 1860 τότε
3293 1806 3495 1876 μᾶλλον
3556 1806 3822 1874 ἐπιγινώ-

522 1907 786 1977 agitabat,
807 1916 926 1975 post
957 1905 1197 1973 exlegem
1224 1914 1403 1957 actum
1427 1911 1678 1957 cessante
1699 1909 1753 1955 et
1771 1899 2112 1969 quiescente,

523 2010 656 2056 tunc
699 2016 832 2055 sane
884 2009 1145 2068 tanquam
1201 2014 1299 2067 per
1352 1997 1492 2051 banc
1545 1995 1775 2049 multam
1824 1992 2115 2062 caliginem

524 2094 872 2166 perspiciens
908 2094 1049 2146 ratio
1080 2101 1133 2145 et
1185 2090 1544 2159 resipiscens,
1576 2103 1638 2142 ea
1672 2103 1795 2156 quae
1834 2095 1957 2139 acta
1988 2093 2119 2138 sunt

524 2188 790 2249 intuetur,
835 2193 889 2239 et
938 2184 993 2237 in
1028 2198 1189 2254 quem
1241 2192 1443 2237 statum
1486 2191 1540 2234 et
1580 2196 1608 2234 a
1655 2195 1766 2249 quo
1802 2188 2011 2232 mutata
2047 2178 2118 2231 sit

526 2280 701 2349 magis
726 2278 1011 2346 intelligit;
1038 2285 1093 2330 et
1120 2291 1244 2330 cum
1296 2272 1632 2329 conscientia
1665 2273 1836 2342 ipsam
1868 2270 2118 2324 vulneret

522 2383 577 2425 ct
606 2378 877 2441 torqueat,
916 2370 1063 2424 clare
1086 2368 1456 2432 discernitea,
1491 2382 1635 2435 qua),
1674 2364 1970 2433 cupiditate
2014 2363 2117 2415 itu-

524 2465 780 2536 pellente,
838 2478 947 2516 non
1000 2460 1253 2515 similiter
1298 2460 1580 2513 cernebat.
1628 2457 1863 2511 Aliunde
1932 2464 2116 2509 autem

525 2558 759 2625 qttiSquc
790 2562 1013 2625 peccato
1038 2553 1260 2611 cedens,
1288 2552 1353 2604 iis
1383 2552 1585 2618 quibus
1611 2549 1867 2601 diabolus
1891 2547 2119 2600 titillans

523 2660 578 2701 ‹-ι
619 2649 866 2701 mulcens
898 2661 998 2699 uos
1017 2645 1291 2697 effeminat
1318 2652 1371 2696 et
1404 2640 1642 2695 tenebris
1670 2640 1860 2709 replet,
1888 2639 2119 2691 innexos

526 2741 685 2810 quasi
727 2740 832 2793 fert
870 2754 1000 2793 suos
1040 2752 1258 2798 sensus,
1286 2746 1342 2791 et
1380 2734 1561 2804 quoad
1610 2735 1721 2787 vim
1769 2730 2116 2787 discernendi

530 2832 837 2885 inutilatos.
886 2830 1017 2885 Post
1079 2830 1351 2883 actionem
1413 2837 1593 2881 autem
1649 2826 1751 2881 sub
1812 2826 2005 2880 oculos
2063 2825 2116 2879 id

529 2924 674 2994 quod
717 2931 979 2977 tentatmn
1007 2929 1091 2974 est
1122 2919 1365 2981 adducit,
1399 2928 1453 2971 et
1497 2917 1695 2972 acerbe
1751 2917 1927 2987 aperit
1970 2917 2119 2986 quod

529 3017 685 3086 prius
735 3014 925 3069 multis
970 3012 1221 3067 artilieiis
1262 3012 1552 3066 celaverat.
1603 3008 1735 3063 Dein
1792 3008 1861 3063 iis
1913 3008 2117 3078 quibus

535 3105 761 3161 :celetis
798 3104 1003 3159 molem
1033 3101 1488 3171 comprehensam
1535 3098 1731 3162 reddit,
1771 3097 1826 3151 in
1859 3095 2117 3167 despera-

531 3202 731 3253 tionem
763 3211 888 3252 eum
924 3194 1019 3265 qui
1050 3193 1296 3265 peccavit
1328 3192 1605 3263 impellere
1631 3198 1886 3246 conatur.

2220 1914 2407 1952 σκεται
2428 1916 2441 1930 ·
2462 1899 2554 1953 τοῦ
2586 1900 2695 1972 γὰρ
2718 1898 3227 1971 ἐπιπροσωθοῦντος
3258 1900 3467 1964 πάθους
3487 1899 3583 1953 καὶ
3600 1897 3819 1953 κινοῦν-

2217 2008 2307 2054 τος
2341 1994 2559 2062 οἴστρου
2595 1993 2735 2063 πρὸς
2767 1994 2864 2063 τὴν
2899 1993 3198 2065 ἁμαρτίαν,
3236 1995 3377 2063 μετὰ
3420 1992 3518 2063 τὴν
3547 1992 3823 2061 ἔκθεσμον

2218 2086 2419 2154 πρᾶξιν
2456 2086 2809 2155 πεπαυμένον
2841 2104 2901 2140 τε
2933 2086 3029 2139 καὶ
3052 2086 3411 2157 ἠρεμοῦντος,
3438 2086 3559 2139 τότε
3589 2085 3658 2157 δὴ
3700 2085 3821 2138 τότε

2219 2175 2411 2246 ὥσπερ
2453 2177 2727 2246 διακύψας
2757 2179 2857 2248 τῆς
2914 2178 3116 2249 πολλῆς
3150 2178 3350 2249 ἀχλύος
3390 2178 3612 2249 ἐκείνης
3658 2179 3689 2229 ὁ
3735 2176 3823 2228 λο-

2219 2268 2416 2337 γισμὸς
2447 2270 2541 2322 καὶ
2594 2270 3106 2340 ἀνανήψαςνέφορᾷ
3161 2271 3232 2323 τά
3279 2270 3682 2341 πεπραγμένα,
3729 2271 3821 2322 καὶ

2221 2361 2304 2423 είς
2334 2361 2451 2414 οἷαν
2480 2363 2817 2416 κατάστασιν
2848 2364 2943 2417 καὶ
2968 2364 3029 2429 ἐξ
3049 2364 3167 2428 οἵας
3200 2363 3538 2435 μετηνέχθη,
3571 2363 3678 2434 τὴν
3706 2380 3822 2416 συν-

2219 2450 2475 2522 αίσθησιν
2512 2454 2716 2523 μᾶλλον
2748 2454 3037 2525 λαμϐάνει,
3070 2457 3164 2509 καὶ
3212 2456 3274 2509 τὸ
3326 2456 3569 2520 συνειδὸς
3616 2455 3821 2527 τιτρῶ-

2222 2560 2352 2597 σκον
2398 2546 2561 2598 αὑτὸν
2601 2547 2694 2599 καὶ
2720 2547 2987 2620 διεγεῖρον
3020 2549 3181 2619 ἔχων,
3213 2548 3497 2603 διαϐλέπει
3546 2550 3766 2622 τρανῶς
3787 2548 3822 2603 ἃ

2219 2635 2315 2689 τοῦ
2344 2638 2553 2703 πάθους
2583 2642 3099 2713 ἐπιπροσωθοῦντος
3151 2643 3250 2713 οὐχ
3281 2644 3488 2714 ὁμοίως
3534 2644 3767 2697 ἔϐλεπεν
3799 2659 3813 2673 ·

2219 2728 2396 2793 ἄλλως
2449 2749 2509 2784 τε
2562 2732 2621 2787 δὲ
2668 2735 2805 2804 πρὸς
2856 2734 2956 2804 τὴν
3008 2736 3287 2805 ἁμαρτίαν
3340 2737 3576 2801 ἕκαστος
3625 2738 3818 2809 χωρῶν

2220 2816 2301 2884 οἷς
2326 2822 2355 2874 ὁ
2394 2824 2631 2895 πονηρὸς
2660 2825 3101 2898 διαγαργαλίζων
3128 2844 3187 2881 τε
3206 2828 3297 2881 καὶ
3326 2827 3648 2897 ὑποθέλγων
3673 2829 3818 2899 ἡμᾶς

2222 2912 2510 2985 ἐκθηλύνει
2550 2917 2643 2969 καὶ
2690 2918 2892 2986 γνόφου
2932 2917 3131 2990 πληροῖ
3161 2920 3588 2989 κεκαρωμένους
3629 2917 3819 2989 ὥσπερ

2222 3004 2379 3076 φέρει
2414 3008 2543 3071 τοὺς
2570 3007 2866 3077 λογισμοὺς
2902 3011 2997 3064 καὶ
3028 3012 3470 3082 πεπηρωμένους
3508 3012 3571 3065 τὸ
3594 3012 3818 3065 ὀπτικον

2222 3098 2320 3169 τῆς
2364 3098 2691 3171 διακρίσεως
2720 3117 2733 3131 ’
2784 3102 2926 3173 μετὰ
2955 3102 3012 3156 δὲ
3044 3103 3142 3174 τὴν
3173 3103 3373 3175 πρᾶξιν
3402 3104 3495 3157 ὑπ’
3524 3104 3652 3174 ὖψιν
3699 3103 3818 3169 ἄγει

2143 3182 2189 3245 C
2221 3189 2284 3243 τὸ
2309 3190 2603 3263 τολμηθὲν,
2652 3196 2747 3249 κα)⁴
2800 3197 3175 3251 ἁνακαλύπτει
3208 3194 3426 3267 πικρῶς
3474 3196 3504 3251 ὃ
3546 3198 3818 3269 πρότερον

528 3297 753 3359 πολλαῖς
779 3295 1049 3366 μηχαναῖς
1080 3290 1486 3345 συνεκάλυπτεν
1513 3306 1526 3320 ·
1593 3283 1713 3342 εἶτα
1774 3288 1842 3341 δι’
1887 3280 1964 3341 ὧν
2024 3284 2357 3359 κατάφωρον
2418 3290 2511 3345 τὸν
2568 3291 2733 3363 ὄγκον
2787 3293 3046 3348 ἀποτελεῖ
3096 3291 3192 3347 τοῦ
3249 3293 3633 3366 τολμήματος,
3685 3290 3818 3363 πρὸς

526 3390 841 3459 ἀπόγνωσιν
861 3386 1025 3440 ὠθεῖν
1079 3387 1338 3456 πειρᾶται
1370 3385 1459 3438 τὸν
1485 3384 1907 3453 ἀμαρτήσαντα.

600 3486 733 3539 lllnd
758 3484 943 3555 igitur,
969 3503 986 3535 (
1013 3483 1197 3553 Aperti
1222 3490 1349 3537 sunt
1370 3497 1559 3537 eorum
1581 3481 1779 3543 oculi,»
1805 3497 1911 3534 non
1941 3481 2123 3536 relati-

528 3594 593 3630 γε
624 3578 690 3630 ad
720 3576 1052 3630 antecedens
1078 3583 1318 3643 tempus,
1346 3589 1523 3643 neque
1540 3573 1860 3642 priusquam
1920 3589 1951 3627 a
2005 3574 2123 3644 lege

530 3668 666 3738 ipsis
695 3667 953 3737 imposita
982 3664 1316 3727 deciderent,
1346 3664 1820 3734 interpretandum
1846 3674 1963 3731 est;
1990 3675 2121 3720 tunc

529 3762 675 3815 etiim
712 3759 904 3814 oculos
942 3758 1113 3829 magis
1142 3767 1365 3827 apertos
1399 3757 1692 3822 habebant,
1727 3758 1967 3813 modum
2001 3776 2120 3814 ser-

529 3852 711 3922 pentis
743 3848 1218 3905 susurrationibus
1256 3847 1489 3918 decepti,
1521 3857 1573 3902 et
1597 3848 1910 3918 vigilantem
1944 3850 2010 3903 ad
2037 3851 2120 3904 vi-

529 3947 768 4000 dendum
804 3945 934 4014 quid
994 3942 1307 3998 faciendum
1356 3950 1524 4006 esset,
1576 3951 1812 3995 mentem
1852 3941 2117 3999 ferebant.

529 4038 651 4095 Non
689 4039 854 4109 igitur
889 4038 1065 4093 visum
1103 4052 1209 4089 non
1250 4035 1535 4097 habentes,
1565 4048 1848 4104 peceatum
1883 4037 2121 4092 admise—

529 4140 679 4196 runt,
700 4130 794 4186 sed
817 4137 1007 4185 contra
1029 4128 1083 4181 in
1108 4127 1441 4182 admittendo
1477 4137 1700 4197 peccato
1737 4129 2119 4196 czrcutientes;

527 4236 821 4296 postquam
848 4232 1029 4276 autem
1055 4231 1333 4291 peccatum
1358 4220 1477 4285 fuit,
1500 4220 1678 4274 visum
1707 4230 2118 4291 recuperarunt.

529 4319 743 4373 l’ravus
794 4317 961 4386 igitur
1011 4326 1065 4369 et
1110 4316 1178 4369 ab
1238 4316 1394 4368 initio
1428 4314 1603 4368 malus
1658 4323 1861 4369 nostrae
1910 4324 2123 4370 naturae

530 4409 709 4463 hostis
747 4409 929 4463 sciens
979 4417 1033 4461 et
1068 4407 1183 4476 ipse
1212 4422 1275 4461 ex
1313 4408 1378 4461 iis
1403 4422 1526 4477 qum
1581 4422 1776 4475 passus
1821 4415 1958 4471 erat,
1996 4415 2123 4476 post

533 4501 732 4554 malam
774 4501 1047 4552 actionem
1083 4498 1353 4552 exsistere
1377 4497 1559 4552 delicti
1593 4496 2033 4567 intelligentiam,
2067 4505 2122 4551 et

532 4592 710 4662 ipsum
760 4606 868 4644 non
923 4605 982 4645 se
1029 4590 1095 4643 ad
1145 4589 1579 4659 resipiscentiam
1629 4588 2010 4654 convertisse;
2067 4596 2121 4642 et

529 4700 655 4739 cum
696 4684 1031 4753 experientia
1068 4682 1319 4738 didicerit
1370 4692 1658 4752 peccantes
1688 4692 1812 4752 post
1839 4692 2117 4752 peccatum

2298 3481 2373 3535 Τὸ
2402 3480 2555 3550 γοῦν,
2595 3498 2613 3532 ι
2653 3480 3047 3551 Διηνοίχθησαν
3083 3480 3266 3535 αὐτῶν
3291 3482 3340 3534 οί
3371 3480 3671 3553 ὀφθαλμοὶ,
3704 3500 3722 3532 ι
3757 3481 3813 3533 οὐ

2224 3573 2365 3646 πρὸς
2388 3574 2482 3627 τὸν
2517 3572 2832 3643 ἔμπροσθεν
2861 3572 3075 3644 χρόνον,
3106 3572 3229 3626 ουδέ
3254 3573 3385 3645 πρὶν
3408 3574 3441 3644 ἢ
3468 3574 3567 3645 τῆς
3594 3575 3813 3643 ἐντολῆς

2224 3668 2421 3731 αὐτοὺς
2452 3668 2709 3720 ἐκπεσεῖν
2734 3666 3141 3737 παραληπτέον*
3165 3665 3287 3720 τότε
3306 3667 3411 3737 γὰρ
3432 3668 3816 3739 ήνεῳγμένους

2223 3778 2284 3814 τε
2320 3760 2525 3831 μᾶλλον
2554 3755 2724 3831 εἶχον,
2775 3760 2943 3831 μήπω
2967 3759 3062 3813 τοῦ
3088 3759 3266 3830 ὄφεως
3299 3763 3415 3826 τοῖς
3457 3760 3817 3835 ψιθυρισμοῖς

2224 3854 2657 3919 ὐποκλαπέντες,
2693 3854 2788 3907 καὶ
2822 3855 3056 3925 συνορᾷν
3101 3854 3165 3907 τδ
3194 3854 3470 3924 πρακτέον
3511 3856 3815 3928 ἐγρήγορον

2224 3946 2420 4017 ἔφερον
2449 3945 2547 4018 τὴν
2573 3945 2837 4001 διάνοιαν.
2867 3946 2981 3999 Οὐκ
3016 3940 3111 3999 οὖν
3161 3944 3222 3998 τὺ
3254 3944 3477 4015 βλέπειν
3517 3946 3619 3999 οὐκ
3669 3946 3816 4017 ἔχον·

2223 4057 2335 4105 τες,
2368 4040 2464 4093 ἐπὶ
2489 4040 2590 4110 τῆς
2616 4038 2895 4110 ἁμαρτίας
2930 4037 3195 4093 ἀνέλαϐον
3220 4053 3235 4068 °
3258 4038 3575 4092 τούναντίον
3633 4039 3693 4091 δὲ
3720 4036 3814 4107 τὴν

2226 4130 2503 4203 ἁμαρτίαν
2530 4134 2588 4185 ἐν
2608 4131 2685 4202 τῷ
2704 4132 2963 4203 πράττειν
2987 4129 3411 4200 τυφλώττοντεςο
3437 4131 3813 4201 πεπαυμένης,

2224 4223 2324 4293 τὴν
2352 4223 2542 4293 ὅρασιν
2582 4222 2954 4293 ἀνεκτήσαντο
2982 4240 2996 4255 ο
3026 4223 3055 4275 ὁ
3092 4219 3223 4289 γοῦν
3270 4220 3508 4292 πονηρὸς
3533 4222 3630 4274 καὶ
3660 4220 3818 4291 ἀρχέ-

2224 4332 2399 4379 κακος
2427 4315 2585 4386 ήμῶν
2617 4316 2715 4384 τῆς
2754 4315 2975 4383 φύσεως
3022 4313 3217 4385 ἐχθρὸς
3240 4312 3399 4378 εἰδὼς
3426 4316 3521 4368 καὶ
3555 4314 3719 4377 αὐτὸς
3758 4310 3814 4377 ἐξ

2224 4402 2301 4461 ὧν
2344 4408 2656 4473 ἐπεπόνθει,
2713 4408 2789 4471 ὡς
2840 4408 2980 4479 μετὰ
3030 4407 3129 4478 τήν
3173 4405 3268 4459 τοῦ
3318 4404 3493 4460 κακοῦ
3544 4404 3742 4478 πρᾶξιν
3783 4406 3814 4472 ἡ

2227 4500 2578 4570 συναίσθησις
2632 4501 2924 4569 ἐφίσταται
2976 4499 3075 4553 τοῦ
3136 4499 3626 4571 πλημμελήματος
3658 4542 3674 4566 ,
3725 4498 3814 4552 καὶ

2226 4592 2388 4654 αὐτὸς
2423 4593 2522 4645 οὐκ
2568 4593 2887 4664 ἐπεστράφη
2932 4592 3070 4664 πρὸς
3105 4592 3207 4663 τὴν
3234 4592 3506 4663 ἀνάνηψιν
3528 4609 3543 4624 '
3580 4594 3677 4647 καὶ
3706 4590 3816 4646 πεί·

2230 4702 2300 4757 ρᾳ
2334 4685 2521 4756 μαθὼν
2555 4687 2629 4751 ὡς
2656 4686 2850 4740 ἕπεται
2876 4689 2989 4751 τοῖς
3020 4687 3403 4759 ἁμαρτάνουσι
3436 4686 3497 4739 τὸ
3532 4687 3674 4757 μετά
3720 4684 3814 4753 τήν

531 4778 687 4847 sequi
712 4777 1066 4831 conscientiae
1086 4774 1402 4845 Astimulum,
1430 4784 1484 4829 et
1511 4775 1782 4828 Adamum
1816 4774 2116 4828 adhortans

2229 4754 2508 4849 ἁμαρτίαν
2529 4778 2755 4849 κέντρον
2782 4780 2879 4849 τῆς
2906 4754 3285 4850 συνειδήσεως,
3310 4780 3404 4833 καὶ
3431 4754 3546 4843 τοῖς
3578 4782 3708 4852 περὶ
3728 4777 3813 4832 τὸν

528 4879 591 4922 ιιι
613 4883 709 4938 per
730 4869 862 4939 legis
877 4866 1364 4939 transgressionem
1384 4876 1570 4935 peccet
1593 4884 1606 4920 :
1634 4884 1651 4918 ι
1677 4863 1796 4932 Qua
1816 4866 2012 4935 inquit,
2030 4867 2120 4921 die

530 4976 600 5015 ex
626 4974 692 5014 eo
721 4960 1037 5026 comedetis,
1084 4960 1400 5030 aperientur
1425 4958 1591 5013 vestri
1654 4957 1797 5013 oeuli
1826 4975 1840 5024 ;
1875 4976 1893 5009 ι
1922 4957 2119 5013 deinde

532 5066 662 5107 cum
685 5051 756 5108 sit
774 5052 841 5105 ab
862 5052 1017 5106 initio
1040 5051 1167 5105 mali
1188 5050 1538 5105 machinator
1564 5060 1619 5105 et
1644 5049 1915 5105 mendacii
1939 5059 2113 5121 pater,

532 5144 1116 5200 commiscetveritatis
1136 5143 1407 5215 ellycbnio
1437 5159 1632 5198 omnes
1666 5142 1931 5198 mendacii
1961 5154 2116 5199 tene-

532 5235 681 5300 bras,
712 5248 765 5291 et
815 5238 923 5290 ait:
968 5256 986 5287 ι
1019 5236 1181 5291 Eritis
1223 5236 1367 5291 sicut
1409 5237 1508 5301 dii,
1548 5235 1789 5291 scientes
1828 5237 2032 5291 bonum
2062 5246 2117 5292 et

533 5327 763 5381 malum.
799 5346 816 5377 ι
844 5327 948 5382 Sed
984 5328 1445 5397 quemadmodum
1529 5328 1806 5397 peccando
1858 5329 2112 5398 -quidem

532 5418 851 5483 caecutiunt,
906 5420 1363 5490 transgressionis
1401 5436 1612 5485 amore,
1654 5430 1779 5492 post
1828 5431 2117 5492 peccatum

533 5508 951 5579 intelligentiam
990 5523 1044 5567 et
1075 5514 1505 5584 resipiscentiam
1557 5514 1741 5570 delicti
1772 5525 2117 5586 reteperunt.

2241 4870 2415 4940 Ἀδὰμ
2444 4871 2714 4942 ἁμαρτεῖν
2742 4871 2830 4925 διὰ
2855 4872 3221 4944 παραϐάσεως
3258 4872 3669 4943 ὑποτιθέμενος,
3704 4892 3720 4924 ι
3739 4864 3812 4941 ᾞ

2226 4962 2271 5016 δ’
2306 4962 2391 5027 ἂν,
2437 4963 2624 5034 φησιν,
2661 4964 2845 5036 ἡμέρᾳ
2895 4965 3107 5035 φάγητε
3147 4965 3245 5020 ἀπ’
3275 4963 3464 5032 αὐτοῦ,
3505 4963 3813 5035 διανοιχθή-

2229 5072 2414 5108 σονται
2433 5055 2588 5124 ὑμῶν
2613 5056 2661 5109 οἱ
2679 5055 2971 5127 ὀφθαλμοί·
2998 5074 3017 5107 ι
3048 5052 3169 5110 εἶτα
3200 5057 3588 5128 κακομήχανος
3615 5054 3692 5109 ὢν
3722 5052 3812 5107 ἀπ’

2224 5147 2403 5219 ἀρχῆς
2434 5148 2530 5201 καὶ
2569 5147 2802 5217 ψεύδους
2832 5148 3036 5221 πατὴρ,
3073 5147 3544 5221 συγκαταμιγνΰει
3609 5152 3676 5220 τῇ
3717 5146 3812 5214 τῆς

2225 5236 2487 5308 ἀληθείας
2518 5236 2794 5308 θρυαλλίδι
2823 5239 2944 5292 ὅλον
2972 5239 3033 5292 τὸ
3070 5239 3165 5294 τοῦ
3200 5239 3431 5309 ψεύδους
3482 5239 3676 5304 σκότος
3727 5232 3811 5291 καί

2224 5346 2423 5401 φησιν’
2461 5330 2720 5385 «Ἐσεσθε
2740 5331 2817 5395 ὡς
2848 5330 2980 5397 θεοὶ,
3011 5331 3373 5401 γινώσκοντες
3405 5331 3572 5385 καλὸν
3604 5332 3699 5383 καὶ
3724 5345 3811 5383 πο-

2227 5421 2416 5494 νηρόν
2453 5440 2473 5473 ι
2518 5420 2633 5476 ἀλλ’
2660 5421 2736 5486 ὠς
2777 5425 2834 5476 ἐν
2864 5422 2943 5495 τῷ
2974 5423 3314 5495 ἁμαρτάνειν
3346 5423 3447 5495 μὲν
3477 5422 3810 5493 τυφλώττον-

2226 5532 2340 5579 τες,
2408 5512 2488 5584 τῷ
2542 5513 2642 5584 τῆς
2698 5515 3066 5586 παραϐάσεως
3131 5515 3295 5587 ἔρωτι
3330 5531 3343 5545 ο
3409 5514 3550 5586 μετά
3602 5515 3660 5569 δὲ
3716 5512 3808 5582 τὴν

2077 5633 2317 5691 NOTAE.

531 5735 648 5821 εἶχε
675 5740 785 5821 τῶν
806 5743 1126 5821 ’ᾼθηναίωντ
1146 5742 1257 5821 οἷον
1287 5749 1337 5800 oi
1356 5748 1812 5820 δωροδοκούμενοι
1838 5748 2112 5821 ἐσιώπων.

533 5813 641 5866 Bos
667 5812 882 5880 irrupit,
913 5816 977 5870 de
1004 5817 1069 5870 iis
1121 5816 1317 5871 dicitur
1341 5812 1673 5887 gui'repente'
1716 5828 1909 5873 tacent.
1949 5812 2115 5876 Ailie-

2224 5750 2490 5824 niensiunt
2530 5749 2669 5824 enim
2725 5753 2951 5824 pecunia
3000 5753 3123 5809 bove
3174 5753 3429 5824 insignita
3483 5755 3605 5823 fuit.
3648 5751 3804 5808 Sileni

2224 5829 2400 5875 autem
2433 5820 2583 5874 donis
2612 5823 2866 5891 corrupti.
