4134 6448
358 416 456 482 1.33

1282 420 1385 480 AD
1416 416 2011 481 AMPIIIIDCHIUM
2040 421 2389 493 ΟΠᾸΞΞΤΙΟ
2428 426 2581 501 XIV,

3554 430 3660 499 134

352 533 636 606 ἁμαρτίαν
671 532 1027 605 συναίσθησιν
1050 531 1147 587 καλ⁸
1170 531 1437 604 ἀνάνηψιν
1454 532 1551 586 τοῦ
1581 532 1952 604 τολμηθέντος

2065 536 2247 604 Quare
2288 548 2471 595 autem
2523 553 2824 613 postquam
2862 541 3037 612 aperti
3083 553 3214 600 sunt
3263 559 3456 602 eorum
3483 550 3655 613 oculi.

355 627 752 697 ἀναλαϐόμενοι
772 643 787 658 ·
820 626 909 680 διὰ
938 625 993 679 τί
1021 625 1082 679 δὲ
1124 626 1264 696 μετὰ
1289 625 1351 679 τὸ
1398 623 1770 695 διανοιχθῆναι
1826 627 1955 689 τοὺς

355 719 673 791 ὀφθαλμοὺς
695 718 898 782 αὐτῶν,
932 718 1152 791 πρῶτον
1191 718 1293 789 τὴν
1330 717 1615 789 γύμνωσιν
1666 716 1776 771 τῶν
1825 736 1956 773 παι-

359 812 594 879 δογόνων
626 811 834 884 μορίων
862 812 1215 866 αἰσθάνονται
1239 811 1334 864 καὶ
1380 809 1768 881 αἰσχύνονται;
1831 811 1953 865 ’Ότι

359 921 419 956 τε
456 904 786 975 δριμύτερον
849 904 1159 958 ἐπιτίθεται
1190 904 1301 957 τῶν
1322 903 1501 957 ἄλλων
1537 903 1953 974 ἁμαρτημάτων

360 998 582 1065 θεσμοῖς
606 997 967 1069 σωφροσύνης
996 998 1057 1050 οὐ
1112 995 1683 1069 χαλιναγωγούμενον,
1744 996 1805 1049 τὸ
1859 996 1952 1049 διὰ

360 1088 565 1143 τούτων
590 1089 762 1154 πάθος
793 1107 806 1121 ·
854 1091 950 1145 καὶ
1015 1090 1100 1144 ὅτι
1161 1088 1483 1161 κινηθείσης
1536 1088 1637 1157 τῆς
1696 1089 1837 1142 κατὰ
1888 1090 1960 1142 τὰ

357 1181 652 1251 ἀφροδίσια
678 1183 737 1237 ὲν
762 1181 840 1254 τῷ
868 1181 993 1251 ζώῳ
1021 1181 1343 1246 διαθέσεως,
1388 1180 1483 1232 καὶ
1535 1179 1604 1232 τὰ
1636 1176 1801 1232 λοιπά
1848 1178 1960 1233 τῶν

356 1274 553 1327 παθῶν
577 1274 1019 1345 συναναφύεσθαι
1049 1274 1234 1338 εἴωθε,
1268 1273 1367 1326 καὶ
1386 1272 1520 1325 διὲτι
1545 1270 1605 1334 ἐξ
1634 1269 1847 1325 ἐκείνου
1864 1271 1960 1325 τοῦ

353 1368 555 1439 χρόνου
586 1369 773 1422 καὶτὰ
801 1369 937 1424 ἄλλα
982 1369 1163 1423 πάντα
1218 1367 1328 1419 τῶν
1387 1362 1807 1436 ἁμαρτημάτων
1856 1364 1962 1417 ὑπὸ

355 1462 545 1532 κρίσιν
574 1462 769 1530 ἄγεται
793 1479 807 1493 °
833 1462 902 1516 τὰ
934 1462 1043 1533 γὰρ
1079 1460 1185 1531 πρὸ
1218 1457 1430 1513 ἐκείνου
1462 1456 1538 1519 ὡς
1581 1454 1786 1508 ἐπίπαν
1830 1473 1963 1529 φρε-

355 1552 469 1605 νῶν
496 1554 785 1625 ἀρρωστία
811 1556 907 1607 καὶ
930 1552 1220 1625 νηπιότητι
1250 1551 1278 1604 ὃ
1306 1567 1366 1603 τε
1395 1546 1771 1619 πνευματικὸς
1796 1547 1963 1618 νόμος

354 1646 459 1698 καὶ
487 1648 516 1698 ὁ
535 1645 625 1699 διὰ
654 1648 755 1713 τῆς
792 1647 1075 1710 πολιτείας
1109 1642 1456 1715 ἀνατίθησιν.

2064 631 2304 701 primum
2350 634 2572 703 quidem
2633 637 3014 705 generantium
3060 639 3301 708 partium
3351 641 3657 698 nuditatem

2060 725 2380 795 intelligunt
2442 735 2498 780 et
2544 728 2924 783 erubescunt?
2970 728 3110 796 Quia
3166 732 3356 787 actius
3419 733 3659 803 imperat

2063 830 2231 885 quam
2284 826 2507 881 caztera,
2570 817 2676 872 nisi
2733 820 3008 889 cupiditas
3083 824 3366 891 sapientiae
3444 825 3659 897 b-gilms

2064 910 2389 975 refrenetur,
2417 929 2511 983 per
2540 930 2632 969 eas
2661 925 2845 985 partes
2883 916 3177 985 cupiditas.
3210 918 3278 973 Et
3302 920 3430 989 quia
3459 920 3510 974 in
3548 922 3661 975 ani.

2057 1004 2210 1067 mali,
2252 1014 2531 1060 commota
2591 1007 2657 1061 ad
2693 1022 2923 1063 venerea
2950 1008 3333 1079 dispositione,
3366 1022 3421 1066 et
3448 1022 3662 1067 czctt-ra:

2059 1097 2392 1167 cupiditates
2436 1113 2748 1154 recrescere
2782 1101 2987 1167 solent,
3032 1110 3088 1156 et
3114 1103 3244 1172 quia
3285 1120 3350 1157 ex
3390 1104 3485 1159 illo
3524 1115 3663 1160 tem-

2060 1204 2191 1261 pore
2219 1191 2406 1245 omnia
2454 1190 2564 1245 alia
2596 1202 2816 1261 peccata
2863 1194 2968 1248 sub
2995 1192 3267 1264 judicium
3336 1196 3659 1263 ducantur;

2063 1282 2181 1337 haec
2208 1296 2338 1337 vero
2372 1290 2499 1337 ante
2526 1283 2662 1338 illud
2701 1294 2918 1355 tempus
2958 1287 3229 1341 utentium
3273 1286 3576 1342 infirmitati
3608 1298 3663 1343 ct

2065 1373 2334 1439 infantiae,
2384 1383 2501 1431 tum
2568 1376 2652 1431 lex
2711 1379 3038 1445 spiritualis,
3091 1390 3210 1437 tum
3269 1381 3353 1437 lex
3393 1397 3517 1452 qua:
3566 1397 3664 1453 per

2064 1468 2191 1522 vitae
2217 1467 2487 1523 rationem
2517 1478 2602 1525 est
2631 1469 2968 1541 imponebat.

898 1826 947 1881 ι.
992 1824 1636 1883 HERGENROETHERI
1674 1824 1961 1883 MONITUl

2065 1824 2106 1880 N
2149 1825 2627 1896 QUIESTIONEM
2674 1823 3121 1892 SEQUENTEM.

435 1983 493 2057 In
521 1982 943 2054 quatuordecim
1004 1982 1199 2057 primis
1240 1981 1647 2057 quarstionibus
1672 2052 1698 2057 __
1723 1993 1864 2057 tres‘
1889 1981 2131 2043 codices,
2165 1980 2484 2057 Vaticanus,
2525 1983 2902 2057 Coislinianus
2932 1992 2986 2037 et
3048 1981 3433 2057 Taurinrnsis,
3475 1988 3661 2057 quoad

360 2052 613 2108 ordinem
647 2063 703 2108 et
732 2068 993 2108 numeros
1039 2054 1205 2121 plane
1235 2054 1617 2108 consentiunt.
1662 2052 1905 2118 Quaestio
1953 2069 2082 2106 vero
2114 2068 2353 2122 sequens
2388 2056 2599 2109 decima
2639 2056 2855 2123 quinta,
2910 2070 3033 2122 qua:
3071 2056 3124 2107 in
3173 2055 3298 2110 eod.
3336 2056 3457 2111 Vat.
3494 2052 3660 2119 'l925,

366 2126 465 2180 fol.
494 2126 659 2179 50-51
699 2134 877 2178 exstat
910 2134 965 2178 et
996 2139 1143 2177 nunc
1174 2124 1350 2193 prima
1376 2124 1497 2193 ivice
1526 2138 1634 2177 una
1663 2140 1787 2177 cum
1821 2123 2043 2193 Antonii
2069 2123 2298 2178 Catifori
2330 2123 2522 2178 Latina
2571 2127 2825 2179 versione
2856 2126 3192 2193 publicatur.
3231 2136 3344 2179 tum
3382 2145 3409 2179 a
3464 2128 3665 2184 Cuisli-

363 2196 534 2249 uiano
574 2205 687 2249 tum
721 2212 749 2248 a
787 2194 1115 2248 Taurinensi
1150 2192 1323 2248 abest.
1371 2192 1513 2248 Hinc
1555 2194 1631 2256 fit,
1666 2202 1725 2246 ut
1748 2210 1870 2264 quae
1901 2196 1956 2247 in
1992 2192 2256 2249 Vaticano
2288 2204 2373 2248 est
2424 2197 2661 2264 qua'stio
2692 2192 2904 2249 deeinia
2939 2205 3118 2261 sexta,
3152 2212 3215 2250 ea
3250 2198 3302 2249 in
3330 2198 3413 2251 bis
3447 2200 3665 2254 duobus

359 2267 439 2339 sit
472 2268 682 2320 decima
712 2268 927 2335 quinta,
964 2274 1019 2318 et
1053 2265 1135 2318 sic
1168 2264 1429 2333 deinceps
1460 2280 1637 2333 usque
1660 2266 1726 2319 ad
1763 2266 2224 2335 scptuagesimam
2254 2275 2489 2331 sextam,
2520 2282 2643 2335 quae
2680 2268 2731 2320 in
2764 2267 2848 2321 bis
2874 2264 3400 2337 est'septuagrsima
3445 2273 3661 2339 quinta,

366 2336 670 2391 Vaticanus
696 2340 863 2391 codex
895 2353 1004 2388 uno
1039 2351 1259 2403 semper
1289 2351 1520 2389 numero
1546 2341 1816 2404 praecedat
1841 2346 2095 2390 caeteros.

440 2406 612 2462 Porro
641 2422 702 2460 ea
753 2422 1093 2477 quamnunc
1137 2421 1204 2459 ex
1256 2405 1521 2460 Vaticano
1579 2406 1775 2460 damus
1828 2407 2059 2474 quaestio
2101 2406 2313 2461 decima
2362 2409 2553 2476 quinta
2599 2408 2847 2473 ejusdem
2886 2408 3200 2477 argumenti
3242 2417 3326 2462 est
3370 2424 3431 2463 ac
3467 2424 3663 2477 sexta;

353 2478 547 2533 aﬂinis
584 2476 997 2548 quodammodo
1042 2476 1130 2531 his
1183 2484 1268 2531 est
1315 2477 1723 2546 septuagesima
1755 2491 1917 2543 nona,
1967 2477 2055 2531 ubi
2099 2478 2167 2533 de
2194 2478 2419 2549 Angelis
2452 2480 2506 2533 in
2556 2480 2855 2533 creationis
2896 2476 3124 2533 historia
3162 2479 3311 2534 haud
3344 2476 3666 2538 memoratis

354 2565 552 2605 δυῐιιιι)
574 2561 679 2605 εει.

950 2700 1286 2757 ΕΡΩἸῊΣΙΣ
1314 2700 1414 2756 ΙΕ’.

359 2798 436 2853 Τί
491 2796 717 2862 δήποτε
786 2793 1045 2861 Μωῦσῆς
1094 2796 1164 2847 ἐν
1204 2792 1276 2861 τῇ
1324 2793 1959 2861 κοσμογονίᾳτῆςβα-

437 2870 675 2932 aristae
727 2865 847 2919 τῶν
894 2864 1169 2934 οὐρανῶν
1210 2865 1462 2933 μνήμην
1489 2865 1562 2917 οὐ
1616 2865 1954 2931 πεποίηται,

438 2941 633 2991 καίτοι
661 2938 767 2991 τοῦ
804 2940 1083 3004 Σωτῆρος
1111 2935 1424 3003 λέγοντος,
1462 2934 1583 2989 ἀπὸ
1609 2935 1954 3003 καταϐολῆς

440 3010 674 3080 κόσμου
699 3009 929 3076 ταύτην
983 3004 1416 3077 ἐτοιμασθῆναι
1473 3006 1600 3071 τοῖς
1650 3004 1908 3071 δικαίοις
1932 3022 1952 3070 ;

2626 2704 2955 2773 ΟΠᾹΞΞΤΙΟ
2990 2705 3108 2762 XV.

2069 2796 2179 2853 Cur
2214 2797 2386 2853 Moses
2413 2799 2469 2853 in
2500 2802 2841 2869 cosmogom‘a
2873 2802 3019 2870 regni
3064 2801 3316 2856 cwlorum
3346 2804 3665 2858 mentionem

2136 2884 2240 2922 non
2269 2872 2411 2939 fecit,
2448 2873 2690 2940 quamvis
2722 2870 2973 2925 Salvator
2992 2872 3157 2936 dicat,
3182 2874 3320 2927 illud
3349 2892 3381 2927 a
3414 2886 3670 2929 constitu-

2138 2941 2498 3017 t_i_one_muntli
2524 2953 2775 3017 paratum
2797 2960 2908 2998 esse
2923 2943 3125 3013 justis?
3162 2943 3315 3015 (Cen.
3354 2962 3393 3011 ι,
3431 2948 3456 3000 1
3508 2964 3663 3017 seqq.

2138 3010 2334 3066 Matth.
2370 3028 2499 3079 xxv,
2531 3014 2647 3085 54.)

1438 3118 1581 3169 Nunc
1600 3119 1815 3181 primum
1850 3118 1988 3171 edita
2008 3121 2071 3172 ab
2101 3124 2149 3175 J.
2174 3125 2607 3190 Hergenroelber.

436 3237 508 3296 α’.
544 3237 703 3300 Τινὲς
732 3236 831 3307 μὲν
858 3232 952 3287 οὖν
975 3248 1161 3303 φασιν,
1193 3230 1270 3295 ὡς
1291 3229 1510 3285 ἀτελέσι
1543 3230 1640 3283 καὶ
1671 3228 1964 3300 προσύλοις

353 3335 484 3396 τοῖς
525 3328 800 3391 Ἰουδαίοις
831 3321 953 3379 οὖσι
988 3325 1083 3378 καὶ
1150 3321 1289 3393 πρὸς
1341 3320 1412 3374 τὰ
1466 3320 1963 3394 εἰσαγωγικώτερα

352 3425 477 3480 τῶν
510 3421 853 3494 μαθημάτων
869 3416 1071 3490 μᾶλλον
1097 3412 1377 3468 νενευκόσι
1397 3413 1493 3467 καὶ
1518 3412 1579 3466 τὸ
1598 3408 1761 3485 ἦττον
1779 3413 1964 3483 ἔχουσι

351 3519 393 3590 ἢ
426 3517 521 3571 διὰ
553 3515 662 3568 τῶν
694 3513 901 3584 νοερῶν
929 3509 1229 3581 ὀφθαλμῶν
1255 3510 1370 3571 τοῖς
1401 3507 1545 3578 ὑπὲρ
1564 3505 1822 3576 αἴσθησιν
1844 3507 1967 3560 ἐπι-

352 3608 609 3670 ὃάλλειν,
648 3605 736 3658 διὰ
772 3602 932 3657 τοῦτο
953 3601 1051 3671 τὴν
1086 3599 1215 3670 περὶ
1247 3600 1347 3669 τῆς
1391 3596 1673 3668 βασιλείας
1700 3595 1809 3649 τῶν
1868 3596 1962 3649 ού-

358 3695 554 3769 ρανῶν
624 3693 920 3762 εἰσήγησιν
949 3691 977 3742 ὁ
1011 3690 1257 3758 Μωῡσῆς
1314 3688 1498 3750 αὐτοῖς
1546 3686 1960 3755 ἀπεσιώπησεν,

354 3792 457 3844 ἵνα
491 3787 565 3858 μὴ
593 3787 804 3856 προστῇ
837 3784 1018 3846 αὐτοῖς
1054 3781 1381 3852 ἀρχομένοις
1415 3779 1708 3851 μανθάνειν
1768 3778 1860 3833 τοῦ
1899 3796 1960 3832 τε

352 3882 578 3950 κόσμου
630 3878 729 3948 τὴν
760 3877 980 3944 γένεσιν
1014 3873 1107 3926 καὶ
1137 3872 1247 3925 τῶν
1278 3874 1336 3925 ὲν
1365 3870 1515 3941 αύτῷ
1557 3871 1849 3944 θειοτέρων
1902 3888 1962 3924 τε

350 3975 462 4029 καὶ
494 3971 633 4043 ὑπὲρ
663 3969 862 4030 αὐτοὺς
898 3967 932 4037 ἡ
991 3964 1313 4035 παράδοσις,
1354 3963 1650 4019 κάντεῦθεν
1703 3964 1841 4035 πρὸς
1862 3963 1963 4035 τὴν

362 4067 475 4119 τῶν
502 4062 705 4116 λοιπῶν
734 4060 1000 4132 ἀκρόασιν
1027 4056 1314 4111 διατεθῶσι
1338 4098 1353 4123 ,
1410 4055 1781 4128 ῥᾳθυμότερον
1806 4072 1820 4087 ·
1882 4055 1964 4108 δεῖ

2130 3235 2181 3289 1.
2224 3234 2424 3291 Dicunt
2487 3235 2701 3307 aliqui,
2746 3233 2950 3292 Iudaeis
3009 3235 3350 3307 imperfectis
3394 3237 3574 3292 adhuc
3612 3246 3669 3292 et

2054 3328 2296 3383 materia:
2348 3329 2581 3384 addictis
2624 3329 2916 3400 potiusque
2969 3332 3039 3385 ad
3088 3330 3309 3385 rudiora
3350 3330 3667 3400 disciplina-

2054 3438 2178 3475 rum
2214 3421 2368 3476 initia
2418 3422 2708 3493 propensis
2758 3437 2861 3478 nec
2908 3423 3043 3479 satis
3084 3423 3285 3477 virium
3333 3424 3670 3479 habentibus

2055 3512 2121 3567 ad
2151 3527 2215 3567 ea
2243 3528 2337 3582 per
2366 3514 2567 3567 mentis
2594 3512 2786 3568 oculos
2824 3513 3110 3577 intuenda,
3157 3529 3281 3583 quae
3331 3529 3499 3584 supra
3533 3530 3668 3570 sea-

2057 3622 2176 3661 Sum
2209 3615 2525 3677 assurgunt,
2576 3607 2780 3661 idcirco
2819 3606 3125 3661 doctrinam
3164 3608 3231 3661 de
3280 3623 3447 3677 regno
3489 3609 3670 3663 ccelo~

2070 3714 2190 3752 rum
2225 3714 2254 3752 a
2306 3697 2454 3753 Mose
2486 3713 2595 3752 non
2624 3697 2797 3753 fuisse
2834 3698 3164 3768 expositam,
3198 3714 3266 3753 ne
3304 3699 3435 3769 ipsis
3476 3701 3665 3754 niundi

2070 3805 2366 3859 rerumque
2393 3790 2446 3843 in
2474 3804 2538 3844 eo
2557 3789 2892 3844 exstantium
2924 3798 3106 3843 ortum
3142 3789 3357 3843 discere
3399 3789 3668 3858 incipien-

2071 3882 2216 3937 tibus
2245 3897 2308 3935 ea
2342 3882 2586 3936 obstaret
2617 3881 2840 3936 traditio
2888 3881 3224 3950 segniusque
3281 3881 3407 3936 inde
3454 3881 3665 3951 reliqua

2069 3975 2473 4038 auscultarent;
2506 3974 2754 4027 doctrina
2797 3974 2946 4028 enim
2991 3974 3202 4028 viribus
3239 3974 3403 4027 etiam
3446 3973 3665 4028 audito-

2070 4079 2191 4117 rum
2259 4064 2530 4117 metienda
2587 4075 2691 4119 est.
2756 4062 2898 4129 Quid
2951 4073 3161 4129 autem,
3217 4065 3495 4134 inquiunt,
3555 4065 3665 4121 illis

355 4164 476 4229 γὰρ
510 4159 709 4228 μέτρον
734 4156 834 4226 τῆς
869 4150 1220 4214 διδασκαλίας
1254 4152 1354 4205 καὶ
1386 4151 1484 4221 τὴν
1509 4151 1619 4205 τῶν
1670 4150 1959 4222 ἀκροατῶν

2065 4159 2282 4211 obstare
2309 4166 2519 4223 poterat
2554 4157 2701 4211 clara
2727 4156 2796 4211 de
2828 4171 2996 4226 regno
3029 4157 3297 4211 caelorum
3337 4156 3667 4212 instructio?

356 4252 523 4321 ἰσχὺν
575 4248 867 4302 ποιεῖσθαι.
934 4245 1096 4298 Ἄλλά
1148 4243 1259 4315 γὰρ
1310 4242 1399 4306 τί,
1465 4245 1652 4313 φασὶν,
1710 4242 1964 4313 ἐμποδῶν

353 4344 555 4405 αὐτοῖς
585 4337 655 4413 ἦν
682 4343 716 4411 ἠ
752 4340 883 4411 περί
914 4340 1013 4409 τῆς
1043 4337 1152 4391 τῶν
1185 4336 1432 4408 οὐρανῶν
1486 4336 1769 4406 βασιλείας
1831 4355 1965 4391 κατ-

351 4440 603 4509 ήχησις;
636 4436 703 4487 δι’
736 4435 854 4487 ἴσου
882 4432 991 4503 γὰρ
1024 4432 1162 4502 πρὸς
1192 4448 1251 4483 τε
1280 4430 1380 4500 τὴν
1408 4429 1613 4499 γνῶσιν
1642 4429 1741 4501 τῆς
1764 4446 1965 4499 κοσμο-

352 4530 585 4599 γενείας
650 4526 746 4580 καὶ
772 4525 907 4596 πρὸς
941 4523 1251 4593 κατάληψιν
1276 4523 1375 4593 τῆς
1401 4522 1513 4575 τῶν
1562 4522 1807 4593 οὐρανῶν
1861 4521 1961 4592 βα-

354 4620 599 4681 σιλείας,
648 4618 753 4669 κᾶν
781 4615 851 4667 τὰ
876 4616 977 4681 μὲν
1012 4613 1118 4667 ὑπο
1162 4612 1260 4684 τὴν
1290 4612 1543 4684 αἴσθησιν
1574 4612 1771 4682 πίπτῃ,
1799 4613 1867 4666 τὰ
1906 4611 1963 4664 δὲ

352 4714 605 4784 κρείττω
668 4708 978 4779 καθέστηκε
1038 4708 1137 4778 τῆς
1172 4704 1504 4776 αἰσθήσεως,
1571 4704 1634 4757 τὸ
1693 4703 1965 4775 Ἐϐραίων

351 4810 522 4876 γένος
554 4805 927 4875 ἁνξεστηκὸτες
962 4804 1263 4873 ἐτύγχανον
1294 4802 1437 4856 ’ἔδει
1466 4802 1521 4855 δὲ
1553 4806 1662 4872 ἄρα
1676 4803 1771 4857 καὶ
1796 4820 1966 4875 προσ-

353 4902 527 4961 ύὶους
575 4899 734 4960 ὄντας
774 4901 867 4951 καὶ
895 4897 1024 4965 περί
1052 4896 1121 4947 τὰ
1173 4897 1335 4965 γήϊνα
1369 4894 1771 4965 στρεφομένους
1829 4913 1962 4964 μετ-

352 4992 596 5060 αρσίους
628 4988 830 5058 μᾶλλον
861 4990 955 5040 καὶ
986 4986 1229 5055 ὑψηλοὺς
1262 4989 1329 5057 τῇ
1364 4986 1471 5038 τῶν
1493 4986 1675 5039 ἀΰλων
1703 4985 1800 5039 καὶ
1824 4986 1963 5057 ὑπὲρ

351 5087 461 5154 τὴν
500 5082 758 5150 αἴσθησιν
784 5081 1097 5151 ἐπαγγελίᾳ
1134 5080 1229 5132 καὶ
1264 5078 1588 5149 διδασκαλίᾳ
1645 5081 1963 5149 ἀπεργάζε-

356 5177 496 5230 σθαι
531 5189 542 5202 ⁸
574 5172 902 5227 διδασκάλου
930 5171 1038 5241 γὰρ
1063 5172 1164 5241 τὴν
1203 5171 1402 5241 τέχνην
1470 5170 1756 5240 ἀμείνονος
1791 5188 1964 5224 κατα-

362 5266 643 5339 μιγνύντα
672 5266 784 5327 τοῖς
820 5263 1144 5333 συντρόφοις
1174 5264 1269 5316 καὶ
1308 5263 1377 5317 τὰ
1411 5262 1553 5333 ὑπὲρ
1577 5260 1833 5333 αἴσθησιν
1860 5280 1963 5316 κα-

355 5365 430 5417 τὰ
479 5362 679 5433 μικρὸν
710 5360 915 5425 ἐθίζειν
947 5361 1085 5431 πρὸς
1115 5360 1214 5428 τὴν
1241 5358 1351 5411 τῶν
1382 5359 1675 5429 θειοτέρων
1726 5358 1961 5412 σπουδάς

354 5456 481 5520 ζειν
535 5454 819 5507 ἐπίϐασιν.
872 5452 963 5504 Διὸ
1005 5452 1100 5504 καὶ
1131 5452 1307 5503 εἰπεῖν
1340 5449 1654 5522 ἐθάρρησαν
1685 5450 1735 5503 οἰ
1785 5450 1964 5504 τοιοῦ-

2068 4248 2248 4319 {Eque
2279 4249 2424 4303 enim
2452 4264 2577 4303 cum
2609 4266 2640 4303 a
2679 4248 2867 4303 mundi
2896 4248 3107 4319 origine
3138 4249 3509 4318 agnoscenda,
3546 4259 3663 4304 tum

2066 4354 2291 4410 arcgno
2335 4340 2608 4395 ccelorum
2657 4340 3204 4411 comprehendendo,
3258 4340 3482 4395 tametsi
3531 4340 3666 4394 illud

2065 4432 2284 4500 quidem
2318 4432 2419 4487 sub
2454 4448 2679 4487 sensum
2717 4433 2899 4496 cadat,
2936 4432 3042 4489 hoc
3071 4449 3201 4488 vero
3241 4450 3463 4490 sensum
3498 4450 3664 4506 supe—

2067 4532 2166 4586 ret,
2194 4522 2504 4578 Judteorum
2542 4540 2676 4595 gens
2712 4534 2833 4581 erat
2871 4526 3085 4581 dissita.
3125 4524 3425 4595 Oportebat
3479 4535 3663 4580 autem

2065 4615 2210 4679 illos,
2256 4632 2381 4671 cum
2437 4618 2681 4672 materiae
2731 4618 2933 4673 addicti
2982 4628 3036 4673 et
3079 4621 3144 4674 ad
3192 4628 3410 4675 terrena
3470 4621 3660 4675 intenti

2065 4717 2273 4775 essent,
2324 4710 2600 4765 sublevari
2656 4711 2838 4780 potius
2881 4721 3046 4782 atque
3089 4712 3143 4765 in
3198 4712 3435 4768 sublime
3474 4712 3663 4768 extolli

2066 4818 2249 4858 rerum
2298 4804 2744 4858 immaterialium
2795 4813 2851 4859 et
2895 4805 3263 4874 spiritualium
3298 4806 3665 4874 explicatione

2067 4912 2130 4951 ac
2173 4897 2458 4962 doctrina;
2495 4907 2581 4951 est
2602 4897 2748 4951 enim
2783 4897 3026 4967 magistri
3061 4906 3179 4951 arte
3208 4898 3544 4965 prtestantis,
3568 4914 3660 4951 re-

2068 4992 2170 5043 bus
2212 4988 2576 5055 familiaribus
2624 5005 2687 5043 ea
2747 5004 2870 5058 qua:
2902 5005 3125 5044 sensum
3168 4990 3439 5046 excedunt
3482 4991 3663 5044 admi-

2068 5083 2271 5137 scendo
2295 5082 2579 5137 auditores
2596 5079 3010 5147 consuefacere,
3037 5093 3096 5135 ut
3128 5082 3389 5151 paulatim
3427 5083 3493 5136 ad
3520 5083 3665 5135 divi-

2068 5176 2224 5229 niora
2257 5173 2625 5228 conscendere
2670 5173 3011 5227 adnitantur.
3071 5173 3444 5239 Quamobrem
3497 5174 3664 5229 etiam

2067 5282 2316 5321 asserere
2357 5265 2443 5321 isti
2475 5275 2606 5319 sunt
2641 5265 2784 5327 ausi,
2820 5263 3024 5318 Mosen:
3054 5265 3282 5335 figurate
3307 5280 3373 5319 ac
3404 5280 3501 5335 per
3530 5265 3665 5319 aani-

2068 5374 2193 5430 gma
2228 5374 2452 5430 regnum
2481 5357 2745 5413 malorum
2784 5357 3078 5411 indicasse.
3132 5355 3370 5411 Ubinam
3413 5358 3562 5411 boc?
3606 5356 3664 5410 In

2070 5450 2189 5519 ipso
2233 5449 2483 5511 exordio,
2543 5448 2823 5517 inquiunt,
2876 5448 2969 5501 ubi
3019 5446 3153 5501 dicit
3187 5465 3200 5500 :
3236 5464 3255 5497 ι
3288 5446 3345 5501 ln
3394 5447 3666 5517 principio

353 5565 473 5612 τοι,
504 5547 581 5609 ὼς
612 5544 861 5607 τυπικῶς
917 5544 1015 5597 καὶ
1068 5543 1135 5596 δι’
1197 5542 1520 5613 αἰνίγματος
1565 5543 1659 5596 καὶ
1719 5542 1961 5613 Μωῡσῆς

2070 5540 2279 5595 creavit
2314 5539 2455 5593 Deus
2498 5539 2698 5592 caelum
2727 5548 2781 5591 ct
2813 5548 3037 5591 terram.
3080 5557 3097 5590 ι
3136 5536 3260 5591 Mox
3303 5540 3448 5592 enim
3503 5539 3667 5608 Opiﬁ-

354 5641 466 5710 τὴν
494 5639 604 5693 τῶν
645 5637 893 5707 οὐρανῶν
924 5636 1205 5706 βασιλείαν
1245 5635 1600 5705 εἰσηγήσατο.
1634 5633 1745 5689 Ποῦ
1774 5633 1965 5699 τοῦτο;

372 5730 471 5784 Ἐν
500 5731 652 5803 αὑτῷ
698 5730 776 5800 τῷ
825 5729 1119 5801 προοιμίῳ,
1150 5727 1305 5799 φασὶ,
1363 5726 1559 5796 λέγων·
1603 5744 1622 5777 ι
1676 5726 1764 5779 Ἐν
1821 5727 1964 5798 ἀρχῇ

361 5823 629 5894 εποίησεν
658 5824 687 5877 ὁ
714 5822 846 5886 Θεὸς
876 5823 969 5875 τὸν
991 5822 1222 5891 οὐρανὸν
1254 5822 1345 5874 καὶ
1376 5818 1474 5892 τ’ὴν
1504 5819 1629 5890 γῆν.
1667 5836 1683 5869 ι
1734 5818 1965 5888 Ἐφεξῆς

368 5916 476 5986 μὲν
508 5918 618 5989 γὰρ
647 5918 745 5985 τὴν
786 5915 1116 5987 ὑπουράνιον
1147 5915 1243 5967 καὶ
1274 5912 1571 5982 ἐγκύσμιον
1595 5909 1961 5981 δημιουργίαν

2075 5632 2221 5685 cium
2249 5630 2485 5699 explicat
2514 5630 2661 5698 quod
2702 5628 2806 5682 sub
2855 5628 2993 5682 cmlo
3021 5637 3076 5682 et
3118 5629 3170 5682 in
3209 5629 3343 5683 orbe
3393 5638 3667 5684 terrarum

2074 5731 2293 5789 exstat;
2341 5724 2445 5777 sub
2478 5722 2617 5777 coeli,
2656 5729 2838 5775 autem
2897 5720 3120 5776 nomine
3152 5731 3281 5776 ante
3323 5711 3429 5775 alia
3478 5721 3665 5777 omnia

2071 5818 2340 5872 eullocato
2368 5825 2569 5870 statam
2604 5832 2794 5870 rerunr
2816 5815 2956 5868 ultra
2979 5815 3057 5884 (et
3081 5816 3229 5886 ante)
3259 5814 3664 5870 ﬁrmamentum

2070 5920 2121 5962 ct
2159 5924 2321 5977 supra
2352 5908 2616 5961 mundum
2659 5904 2965 5976 positarum
3013 5906 3403 5961 subindiravit.
3456 5908 3523 5957 At
3561 5904 3665 5960 boc
