4134 6482
580 416 648 474 ⁸ὶῦ
1696 405 1961 466 ΡΙΙΟΤΙΙ
2003 404 2508 466 ΡΛΤΒΙΑΠΟΠΕ
2553 406 2662 466 CP.
3711 410 3800 477 ης

544 547 650 583 lmll
708 529 775 583 ita
829 527 987 582 facile
1026 526 1226 583 veritas
1261 521 1595 596 probaverit,
1636 530 1750 575 tum
1799 522 1929 591 quia
1964 520 2123 577 nimis

2229 520 2601 575 ἀναπτύσσει·
2643 521 2734 575 τὸν
2772 523 3001 593 οὐρανὸν
3029 524 3086 578 δέ
3120 527 3397 598 προτάξας
3442 529 3542 598 τήν
3566 529 3674 600 πρὸ
3716 531 3801 583 τοῦ

541 634 847 677 contortum
880 636 984 687 est,
1021 632 1133 677 tum
1167 623 1295 691 quia
1332 620 1565 677 dicendo
1609 618 1873 674 caalorum
1899 614 2131 670 creatio-

541 730 664 769 nem
694 715 761 770 dc
787 716 997 770 cmlesti
1040 730 1206 785 regno
1232 714 1453 769 Judzeos
1479 712 1613 768 nihil
1637 711 1821 765 minus
1849 709 2126 762 illumina-

539 808 639 871 vit,
673 823 837 878 quam
871 809 917 863 si
951 808 1179 863 omnino
1221 808 1600 872 conticuisset,
1646 815 1761 860 tum
1794 803 1922 874 quia
1955 801 2125 855 multa

540 899 668 953 item
702 901 809 955 alia
846 901 975 956 huic
1004 900 1249 970 opinioni
1275 900 1657 954 adversantur.

2236 610 2617 681 περεὼματος
2643 613 2738 667 καὶ
2769 614 2909 686 ὑπὲρ
2954 617 3179 687 κόσμιον
3218 620 3549 673 κατάστασιν
3582 621 3671 674 διὰ
3711 621 3803 689 τῆς

2232 704 2425 758 τούτου
2455 707 2729 777 ποιήσεως
2761 707 3131 780 ὑπεδήλωσεν.
3173 712 3335 766 ’Λλλά
3374 714 3531 767 τοῦτο
3588 714 3688 783 μὲν
3715 715 3806 768 οὐκ

2229 795 2295 849 ἂν
2312 796 2511 867 ῥᾳδίως
2524 798 2831 869 ἀγαπήσῃή
2860 800 3107 869 ἀλήθεια,
3127 803 3208 855 ὅτι
3222 820 3280 855 τε
3306 805 3425 857 λίαν
3440 805 3805 867 ἐκϐεϐίασται,

2230 887 2323 941 καὶ
2346 888 2427 941 ὅτι.
2469 886 2637 940 εἰπὼν
2655 888 3133 963 οὐρανῶνιποίησιν
3161 910 3227 946 πε
3236 895 3291 965 pi.
3317 895 3415 964 τῆς
3439 896 3547 948 τῶν
3570 898 3808 968 οὐρανῶν

543 992 821 1063 βασιλείας
888 993 1017 1055 τοὺς
1064 992 1357 1053 Ἰουδαίους
1383 991 1535 1044 οὐδὲν
1572 986 1735 1063 ἧττον
1770 985 2050 1058 ὠφέλησεν
2078 982 2111 1055 ἦ
2148 981 2195 1034 εἰ
2218 978 2498 1043 παντελῶς
2518 978 2875 1052 ἀπεσιώπησε
2904 998 2917 1013 ⁸
2946 985 3039 1039 καὶ
3066 984 3236 1057 πολλὴ
3279 986 3413 1057 ἄλλη
3444 987 3583 1059 πρὸς
3612 989 3808 1059 ταύτην

540 1088 642 1157 τὴν
684 1084 959 1156 ὑπόληψιν
1030 1082 1445 1146 ὐπεναντίωσις.

606 1184 660 1238 2.
704 1184 807 1237 Alii
834 1198 965 1237 vero
997 1184 1049 1236 in
1083 1180 1320 1251 paradisi
1346 1178 1693 1234 enarratione
1732 1176 1923 1231 dicunt
1956 1174 2120 1228 etiam

539 1294 769 1348 regnum
822 1276 1087 1331 cmlorum
1133 1274 1372 1334 includi;
1409 1287 1537 1343 pars
1584 1272 1728 1326 enim
1795 1278 2123 1323 aeternorum

540 1372 810 1426 bonorum
850 1376 904 1421 et
944 1366 1297 1421 beatitudinis
1359 1364 1633 1433 perceptio
1680 1360 1963 1431 paradisus
2006 1368 2122 1422 est;

541 1462 662 1516 ideo
692 1469 746 1514 et
775 1459 969 1513 latroni
1006 1457 1294 1527 flagitanti,
1329 1464 1388 1509 ut
1427 1455 1479 1508 in
1520 1468 1686 1524 regno
1728 1451 1815 1506 Dei
1861 1448 2125 1505 memoria

540 1555 626 1607 sui
675 1552 989 1613 haberetur,
1043 1548 1334 1619 paradisus
1386 1545 1709 1600 incolendus
1771 1542 2028 1598 tribuitur
2083 1540 2121 1594 ¹.

542 1646 743 1700 Verum
779 1643 1106 1704 cavendum,
1142 1656 1209 1696 ne
1258 1641 1363 1694 hoc
1414 1639 1585 1693 multo
1615 1636 1757 1692 infra
1805 1636 2123 1705 dignitatem

539 1737 689 1807 regni
719 1737 983 1790 caalorum
1014 1734 1103 1789 sit.
1137 1732 1457 1787 Plantarum
1489 1731 1634 1786 enim
1671 1731 1831 1783 flores
1861 1736 1915 1781 et
1948 1742 2121 1780 venu—

541 1839 730 1890 states,
766 1827 1026 1896 fluviique
1060 1840 1125 1880 ac
1144 1825 1333 1879 latices
1354 1824 1535 1878 locum
1574 1821 1727 1875 illum
1756 1820 2125 1874 circumluen-

539 1931 646 1981 tes,
700 1920 1089 1987 fructuumque
1127 1917 1483 1987 pulchrorum
1550 1913 1790 1967 varietas
1836 1921 1888 1965 ct
1945 1911 2125 1965 herst
2160 1897 2198 1951 Β

542 2011 869 2065 suavitatem
913 2009 1190 2078 spirantes
1229 2023 1294 2061 ac
1328 2006 1584 2077 gratiam,
1630 2012 1686 2059 et
1730 2003 1913 2057 modis
1940 2002 2123 2057 omni-

541 2101 645 2153 bus
669 2110 824 2153 ιρι-ηιξ
850 2098 1016 2152 facies
1055 2105 1317 2152 exornata
1340 2111 1405 2150 ac
1435 2096 1713 2160 decorata,
1747 2103 1801 2148 et
1830 2095 1970 2147 aeris
1998 2102 2127 2146 tem-

541 2192 719 2261 peries
747 2205 879 2259 pura
906 2198 1068 2260 atque
1094 2188 1364 2258 pellucida
1397 2187 1711 2257 primosque
1741 2186 1875 2241 solis
1936 2184 2125 2239 radios

539 2284 866 2353 suscipiens,
901 2297 1082 2336 nonne
1105 2281 1218 2335 hate
1247 2289 1413 2335 totam
1444 2279 1720 2349 regionem
1749 2279 1893 2333 illam
1922 2280 2125 2347 jucun-

539 2380 705 2431 uitale
726 2392 789 2430 ac
807 2376 1084 2443 voluptate
1123 2373 1379 2428 sensibus
1410 2371 1813 2442 permulcendis
1863 2382 1985 2440 apta
2015 2385 2126 2440 prae

538 2472 645 2524 alio
685 2482 1014 2539 quocunque
1080 2465 1201 2521 loco
1265 2464 1772 2533 pranstantissimam
1836 2462 2122 2517 efliciunt?

544 2561 934 2616 Verumtamen
982 2558 1135 2628 regni
1184 2558 1444 2612 caalorum
1490 2559 1630 2613 bona
1666 2556 1934 2611 itmnenso
1976 2556 2122 2609 illam

535 2660 868 2721 exsuperant
906 2648 1212 2704 intervallo.
1250 2668 1269 2700 ι
1317 2648 1503 2719 Neque
1553 2648 1698 2703 enim
1745 2648 1937 2703 oculos
1969 2646 2120 2711 vidit,

539 2760 716 2813 neque
749 2742 903 2796 auris
931 2740 1160 2806 audivit,
1192 2755 1368 2810 neque
1408 2741 1460 2793 in
1501 2755 1596 2795 cor
1631 2740 1867 2794 hominis
1895 2739 2125 2793 descen-

536 2838 637 2895 dit,
667 2851 788 2905 qua:
816 2833 1142 2904 prmparavit
1170 2833 1312 2886 Deus
1333 2833 1679 2903 diligentibus
1700 2834 1815 2887 se‘.
1850 2850 1868 2882 ι
1895 2830 2125 2885 Praescr-

539 2930 633 2981 tim
667 2942 791 2981 cum
828 2927 1038 2979 Adamn
1063 2923 1348 2994 paradisus
1381 2942 1486 2978 non
1522 2934 1639 2979 erat
1694 2935 1954 2993 tauquam
1988 2939 2125 2993 pra:-

536 3019 707 3073 mium
748 3017 1109 3073 certaminum
1138 3024 1191 3069 et
1216 3015 1460 3071 laborum
1485 3017 1816 3088 assignatus,
1842 3016 1933 3071 sed
1963 3015 2121 3086 quasi

535 3113 784 3175 talzcstra
814 3110 993 3179 potius
1024 3124 1086 3161 ac
1110 3109 1347 3163 stadium
1386 3111 1631 3176 virtutis;
1672 3110 1887 3180 praemia
1918 3126 2046 3164 vero
2071 3118 2125 3163 et

2303 1168 2369 1239 β’.
2409 1165 2592 1221 Ἀλλοι
2622 1165 2679 1221 δέ
2715 1166 2773 1219 ἐν
2793 1168 2860 1238 τῇ
2894 1166 3023 1238 περὶ
3049 1168 3382 1238 παραδείσου
3409 1168 3663 1240 διηγήσει
3716 1190 3810 1241 φα-

2233 1260 2287 1313 σὶ
2332 1259 2427 1312 καὶ
2465 1258 2558 1330 τὴν
2600 1258 2709 1313 τῶν
2736 1258 2983 1330 οὐρανῶν
3012 1258 3291 1329 βασιλείαν
3353 1262 3768 1329 συνεισάγεσθαι
3794 1278 3807 1293 ·

2233 1350 2400 1423 μέρος
2428 1351 2535 1421 γὰρ
2565 1350 2673 1405 τῶν
2698 1350 2933 1404 αἰωνίων
2984 1351 3207 1418 ἀγαθῶν
3266 1353 3362 1406 καὶ⁷
3408 1357 3810 1426 μακαριότητος

2228 1445 2530 1508 ἀπόλαυσις
2559 1446 2589 1498 6
2615 1444 2943 1515 παράδεισος
2966 1462 2979 1475 ο
3017 1445 3097 1499 διὸ
3137 1447 3232 1499 καὶ
3268 1446 3347 1519 τῷ
3378 1446 3550 1521 λῃστῇ
3583 1450 3809 1516 αἰτησα-

2237 1535 2387 1611 μένῳ
2420 1536 2478 1591 ἐν
2502 1538 2566 1606 τῇ
2599 1535 2845 1607 βασιλεία
2874 1535 2968 1590 τοῦ
2996 1535 3133 1591 Θεοῦ
3172 1540 3396 1609 μνήμης
3424 1543 3635 1609 τυχεῖν,
3667 1542 3809 1611 ήτοῦ

2230 1627 2560 1698 παραδείσου
2588 1627 3186 1699 διατριϐήάποδίδοται.
3234 1630 3394 1684 Ἀλλὰ
3424 1634 3638 1702 μήποτε
3660 1631 3811 1684 τοῦτο

2230 1723 2327 1793 τῆς
2350 1725 2458 1776 τῶν
2514 1724 2761 1794 οὐρανῶν
2787 1724 3066 1793 βασιλείας
3115 1724 3250 1778 πολὺ
3301 1726 3366 1779 ἂν
3428 1728 3810 1795 ταπεινότερον

2228 1815 2314 1887 εἴη
2340 1830 2356 1847 ο
2409 1816 2594 1883 φυτῶν
2622 1816 2722 1886 μέν
2760 1816 2870 1887 γὰρ
2894 1816 3027 1885 ἄνθη
3054 1817 3149 1871 καὶ
3180 1816 3375 1883 κάλλη,
3428 1817 3672 1885 ποταμοὶ
3722 1817 3812 1868 καὶ

2227 1909 2445 1977 νάματα
2490 1908 2550 1960 τὸ
2572 1908 2770 1979 χωρίον
2804 1908 3185 1980 περιρρέον-τα,
3223 1907 3453 1978 καρπῶν
3500 1925 3561 1961 τε
3596 1908 3809 1979 ὡραίων

2227 2000 2471 2055 ποικιλία
2521 2002 2615 2054 καὶ
2656 2000 2895 2070 βοτανῶν
2938 2001 3131 2070 φύσεις
3180 2001 3276 2072 ήδύ
3339 2018 3399 2054 τε
3446 2002 3544 2055 καὶ
3589 2001 3810 2071 ἐπίχαρι

2226 2094 2507 2159 πνέουσαι,
2540 2094 2635 2147 καὶ
2666 2094 2755 2146 διὰ
2792 2094 3007 2147 πάντων
3039 2093 3101 2147 τὸ
3128 2094 3415 2165 πρόσωπον
3441 2095 3541 2165 τῆς
3589 2095 3695 2165 γῆς
3725 2111 3812 2147 κο·

2228 2186 2536 2257 σμούμενόν
2564 2202 2624 2239 τε
2664 2184 2758 2239 κα)⁵
2782 2184 3171 2256 ὼραῖζόμενον,
3191 2186 3285 2241 καὶ
3314 2186 3475 2257 ἀέρος
3514 2188 3714 2258 κρᾶσις
3736 2186 3812 2250 είς

2224 2278 2579 2350 καθαρότητα
2646 2280 2739 2331 καὶ
2800 2278 3078 2348 διαύγειαν
3128 2279 3499 2349 ἀνηπλιιιμένη
3563 2280 3663 2332 καὶ
3715 2280 3811 2342 τάς

2228 2372 2453 2445 πρώτας
2481 2374 2705 2435 ἀκτῖνας
2739 2372 3105 2445 ὑποδεχομένη
3145 2371 3239 2425 τοῦ
3286 2372 3460 2442 ήλίου,
3518 2373 3639 2436 πῶς
3695 2373 3811 2441 οὐχὶ

2225 2466 2285 2518 τὸ
2318 2464 2515 2538 χοιρίον
2547 2465 2666 2518 ὅλον
2717 2463 3045 2519 ἀποτελοῦσι
3076 2464 3443 2535 τερπνότητός
3473 2481 3533 2518 τε
3565 2467 3663 2517 καὶ
3695 2465 3812 2535 ήδο-

2225 2558 2341 2626 νῆς,
2373 2557 2473 2627 ὅση
2503 2557 2755 2627 γοητεύει
2783 2556 2882 2618 τάς
2915 2555 3215 2627 αἰσθήσεις.
3247 2557 3470 2609 πάντων
3504 2556 3699 2627 φέρειν
3751 2556 3812 2609 τὸ

2224 2649 2566 2719 ἀκρότατον;
2602 2648 2751 2721 Πλὴν
2782 2648 2919 2702 ἀλλά
2946 2665 3009 2717 γε
3036 2648 3134 2720 τῆς
3178 2648 3458 2719 βασιλείας
3510 2648 3584 2702 τά
3634 2647 3809 2717 ἀγαθά

2225 2740 2439 2811 ἀπείρῳ
2502 2740 2687 2811 μέτρῳ
2738 2739 3197 2811 ὐπερανέστηκεν.
3242 2758 3261 2792 ι
3297 2740 3429 2794 Οὐδέ
3460 2740 3569 2809 γάρ
3613 2740 3810 2809 ὀφθαλ-

2231 2833 2329 2904 μὸς
2363 2830 2521 2895 εἶδεν,
2555 2831 2680 2886 οὔτε
2709 2828 2801 2895 οὗς
2828 2834 3078 2904 ήκουσεν,
3110 2832 3232 2885 οὐτε
3289 2833 3383 2885 ἐπὶ
3422 2832 3656 2905 καρδίαν
3715 2834 3807 2887 ἀν-

2226 2923 2445 2996 θρώπου
2477 2925 2667 2995 ἀνέϐη,
2699 2925 2734 2979 ἃ.
2772 2925 3067 2996 ἡτοίμασεν
3116 2926 3145 2978 6
3188 2925 3320 2988 Θεὸς
3354 2926 3465 2988 τοῖς
3523 2926 3809 2993 ἀγαπῶσιν

2225 3019 2409 3072 αὐτόν.
2451 3035 2468 3069 ι
2504 3017 2711 3080 Ἄλλως
2758 3034 2817 3070 τε
2866 3018 2928 3083 δὲ,
2957 3019 3052 3072 καὶ
3092 3018 3174 3071 ὅτι
3215 3016 3294 3087 τῷ
3339 3017 3512 3087 Ἀδὰμ
3562 3020 3591 3071 ὁ
3629 3017 3807 3089 παρά-

2224 3114 2400 3177 δεισος
2438 3112 2499 3167 οὐ
2533 3111 2805 3183 βραϐείων
2845 3112 2937 3166 καὶ
2981 3110 3230 3165 ἐπάθλων
3258 3111 3427 3182 γέρας
3458 3114 3804 3181 ἐγνωρίζετο,

533 3219 751 3258 coronae
799 3201 1063 3272 majorem
1109 3202 1313 3271 ubique
1353 3212 1407 3255 et
1450 3201 1831 3271 perfertiorem
1887 3201 2122 3257 afferunt

2225 3206 2525 3277 γυμνάσιον
2552 3204 2609 3259 δέ
2643 3204 2843 3275 μᾶλλον
2867 3206 2927 3257 τὸ
2957 3203 3157 3275 χωρίον
3188 3204 3485 3275 προῦκειτο
3534 3206 3632 3258 καὶ
3682 3206 3805 3258 στά-

532 3296 923 3350 oblectatiouis
951 3311 1134 3360 usum,
1166 3293 1477 3349 etstadium
1508 3310 1671 3349 nemo
1700 3293 1881 3349 adhuc
1912 3295 2122 3365 prmmii

2225 3298 2338 3353 διον
2368 3300 2602 3369 ἀρετῆςο
2636 3298 2704 3351 τὰ
2732 3298 2787 3350 δὲ
2822 3297 3030 3351 ἔπαθλα
3056 3298 3151 3351 καὶ
3196 3299 3246 3350 οἱ
3283 3298 3537 3368 στέφανοι
3570 3298 3806 3370 δηλονότι

533 3391 709 3442 luctum
752 3388 1001 3442 obtinere
1038 3387 1268 3441 audivit.
1312 3385 1643 3441 Coniecslitur
1685 3398 1867 3442 autem
1923 3388 2123 3442 latroni

2226 3390 2397 3471 μείζω
2428 3390 2522 3444 καὶ
2553 3390 2891 3462 τελειοτέραν
2918 3391 3015 3462 τὴν
3052 3390 3354 3444 ἀπόλαυσιν
3407 3392 3665 3462 φέρουσι,
3718 3390 3803 3443 καὶ

532 3480 824 3550 paradisus
857 3479 1007 3532 velut
1037 3480 1203 3532 arrha
1240 3480 1487 3547 qumdam
1514 3488 1567 3533 et
1604 3480 1916 3535 futurorum
1952 3482 2123 3535 bono-

2226 3484 2440 3538 στάδιον
2475 3484 2653 3543 οὐδεὶς
2683 3483 2897 3537 οὐδέπω
2925 3483 3197 3555 βραϐείων
3224 3485 3319 3539 καὶ
3348 3484 3608 3539 ἐπάθλων
3650 3485 3804 3554 φύσιν

531 3588 652 3626 rum
694 3570 1055 3641 prommium;
1097 3584 1221 3623 cum
1265 3570 1408 3623 cnim
1459 3578 1591 3623 tunc
1642 3571 1915 3625 communi
1961 3580 2121 3627 aeter-

2225 3574 2504 3646 μετελθεῖν
2532 3574 2641 3628 οὐδ’
2671 3574 2841 3646 ἀκοὴν
2863 3568 2989 3646 εὗρε
3018 3573 3358 3629 διδάσκαλον.
3396 3575 3695 3643 Είσάγεται
3748 3573 3802 3627 δέ

531 3682 732 3720 norum
763 3666 1029 3719 bonorum
1077 3661 1423 3715 rctrihutioui
1475 3662 1717 3715 nondum
1770 3672 1914 3717 esset
1942 3664 2116 3727 locus,

2225 3667 2359 3737 πρὸς
2388 3666 2480 3720 τὸν
2512 3666 2841 3738 παράδεισον
2874 3668 2903 3719 6
2936 3665 3139 3739 λῃστής
3166 3661 3277 3720 οἷον
3312 3668 3635 3738 ἀρραϐῶνός
3665 3685 3803 3731 τινος

533 3773 642 3811 non
673 3764 1051 3825 eratmquum,
1081 3763 1136 3806 ut
1162 3753 1276 3820 ipse
1300 3752 1453 3807 solus
1492 3768 1557 3807 ex
1604 3754 1881 3817 omnibus,
1918 3755 2010 3824 qui
2053 3756 2121 3809 ab

2225 3761 2312 3812 καὶ
2334 3759 2623 3830 προοιμίου
2642 3759 2748 3812 τῶν
2776 3759 3076 3829 μελλόντων
3098 3759 3315 3828 ἀγαθῶν
3328 3759 3650 3831 ἀξιούμενος
3670 3760 3801 3831 (52)·

532 3847 687 3899 initio
717 3845 871 3899 chari
903 3843 1151 3913 gratique
1187 3840 1293 3895 Deo
1324 3840 1557 3907 fuerant,
1584 3844 1650 3897 ad
1673 3842 1835 3897 finem
1864 3857 2121 3900 extremae

2225 3853 2405 3925 ὲπείγε
2436 3853 2536 3923 τῆς
2567 3852 2754 3922 κοινῆς
2783 3852 3191 3917 ἀνταποδόσεως
3219 3851 3329 3906 τῶν
3380 3854 3619 3907 αἰωνίων
3665 3855 3800 3922 ἀγα-

532 3937 889 3991 bt-atitudinis
928 3945 1238 4006 perveniret
1272 3946 1327 3991 et
1363 3937 1483 3992 sine
1507 3938 1810 3994 innumeris
1837 3939 1944 3995 illis
1990 3956 2118 3995 san-

2225 3945 2327 3999 Οῶν
2352 3946 2519 4016 μήπω
2547 3944 2670 3998 τότε
2702 3943 2892 4015 καιρὸν
2921 3942 3176 4015 ἐχούσης,
3208 3944 3316 3997 οὐδ’
3332 3944 3491 4009 αὐτὸς
3513 3940 3583 4017 ἦν
3600 3946 3804 4008 δίκαιος

530 4037 740 4082 clm-um
771 4028 1013 4084 cmtibus
1043 4041 1544 4098 consummaretur,
1575 4041 1633 4084 ut
1657 4040 1712 4086 et
1734 4032 1893 4088 divus
1910 4031 2113 4088 Paulus

2225 4039 2378 4110 αόνος
2408 4040 2471 4092 ἐκ
2501 4038 2718 4091 πάντων
2764 4036 2872 4091 τῶν
2923 4038 3017 4090 ἀπ’
3069 4036 3266 4101 αίῶνος
3316 4038 3801 4109 εὐαρεστησάντων

530 4128 831 4182 protestatu
843 4138 886 4174 r.

2225 4130 2329 4202 θεῷ
2356 4129 2492 4201 πρὸς
2512 4128 2739 4193 τὸτέλος
2766 4129 2971 4200 φθάσαι
3000 4130 3099 4200 τῆς
3130 4130 3366 4201 ἐσχάτης
3407 4134 3803 4203 μακαριότητος

528 4216 622 4267 καὶ
646 4216 813 4286 χωρὶς
842 4216 950 4269 τῶν
976 4216 1188 4287 μυρίων
1217 4216 1444 4271 ἐκείνων
1474 4218 1652 4290 χορῶν
1678 4219 1786 4273 τῶν
1813 4220 1982 4291 ἁγίων
2004 4224 2374 4299 τελειωθῆναι,
2394 4226 2469 4291 ὥς
2490 4244 2591 4281 που
2616 4224 2711 4279 καὶ
2738 4226 2766 4278 ό
2792 4224 3076 4289 θεσπέσιος
3108 4225 3318 4289 Παῦλος
3347 4225 3801 4300 διαμαρτύρεται,

592 4309 645 4362 ’5.
687 4306 893 4362 llorum
937 4309 1106 4379 igitur
1135 4326 1258 4380 quae
1302 4312 1545 4366 diximus
1585 4313 1767 4381 aliqua
1815 4330 1921 4370 non
1957 4318 2116 4385 pauci

2298 4326 2370 4390 γ’.
2404 4321 2526 4373 Τῶν
2555 4320 2734 4374 τοίνυν
2767 4317 3074 4391 εἰρημένων
3108 4317 3223 4371 ἔνια
3251 4322 3349 4373 οὐκ
3379 4321 3549 4390 ὀλίγοι
3584 4325 3686 4395 μὲν
3700 4322 3803 4375 τῶν

530 4415 578 4452 a.
606 4411 654 4451 te
680 4415 777 4453 nos
810 4409 868 4453 ut
898 4415 1096 4455 causas
1120 4401 1452 4466 retulerunt,
1479 4418 1575 4455 cur
1598 4405 1745 4458 nulla
1771 4407 1921 4475 regni
1951 4410 2119 4462 cozlo-

2229 4414 2336 4485 πρὸ
2360 4412 2521 4484 ήμῶν
2551 4412 2627 4477 ὡς
2664 4412 2843 4477 αίτίας
2870 4411 2964 4467 τοῦ
2999 4412 3074 4483 μὴ
3104 4415 3287 4485 τυχεῖν
3324 4414 3546 4485 μνήμης
3569 4417 3671 4487 τήν
3699 4414 3802 4468 τῶν

533 4507 651 4544 rum
698 4494 902 4544 mentio
942 4492 1085 4546 facta
1134 4491 1299 4546 fuerit
1336 4493 1427 4547 ubi
1476 4493 1651 4549 Moses
1700 4499 1885 4551 mundi
1933 4509 2114 4555 ortum

2225 4505 2463 4578 οὐρανῶν
2497 4504 2799 4575 βασιλείαν,
2826 4506 2885 4559 ἐν
2914 4500 2959 4573 ᾧ
3017 4492 3259 4578 Μωῡσῆς
3318 4506 3417 4577 τήν
3454 4506 3548 4561 τοῦ
3601 4508 3801 4579 κόσμου

527 4591 581 4635 et
603 4583 1049 4637 constitutionem
1070 4582 1266 4638 litteris
1284 4585 1588 4652 mandavit;
1619 4602 1723 4641 non
1754 4589 1908 4657 pauci
1936 4600 2116 4647 tamen

531 4674 582 4726 in
622 4673 851 4728 dubium
886 4689 948 4728 ea
982 4685 1332 4731 revocarunt.
1364 4675 1629 4746 Effugerit
1654 4690 1837 4735 autem
1885 4682 2119 4740 fortasse

527 4765 726 4834 aliquis
756 4781 923 4821 ansas
958 4766 1080 4821 illas
1103 4766 1353 4833 dicendo,
1388 4778 1675 4838 propterea
1724 4771 1930 4828 Mosem
1961 4777 2116 4845 regni

527 4856 793 4910 cmlorum
830 4872 940 4909 non
967 4856 1306 4922 meminisse,
1338 4858 1467 4927 quia
1501 4858 1786 4928 Scriptura
1810 4872 1863 4915 et
1886 4862 1969 4919 lex
2001 4881 2032 4919 a
2059 4881 2118 4920 se

528 4961 637 4999 non
682 4954 895 5015 poterat
937 4947 1201 5001 caelorum
1256 4963 1487 5018 regnum
1544 4948 1751 5019 largiri.
1796 4950 1935 5018 Quid
1967 4956 2115 5009 enim

528 5052 650 5091 mea
708 5037 954 5101 interest,
983 5037 1249 5093 cmlorum
1304 5054 1534 5110 regnum
1588 5040 1897 5108 addiscere,
1944 5045 1990 5099 si
2023 5045 2116 5099 illo

528 5146 624 5199 per
658 5130 792 5200 legis
828 5131 1140 5186 institutqu
1169 5132 1334 5200 potiri
1379 5134 1632 5204 nequeo?
1658 5135 1980 5195 Communis
2010 5154 2114 5194 au-

527 5230 635 5277 tem
663 5221 927 5276 Dominus
954 5232 1009 5278 et
1042 5221 1313 5290 Salvator,
1354 5227 1615 5295 quoniam
1662 5227 1769 5282 tale
1799 5230 1957 5286 nobis
2000 5240 2115 5287 tra-

527 5315 664 5369 didit
694 5318 1029 5384 institutum,
1063 5332 1123 5373 se
1162 5319 1340 5388 ipsum
1374 5322 1426 5374 in
1451 5321 1761 5392 exetnplum
1805 5339 2114 5393 pr0poneus

530 5406 780 5476 (habetur
814 5409 958 5464 enim
985 5410 1039 5465 in
1074 5409 1375 5481 Scripturis
1408 5429 1421 5466 :
1451 5431 1468 5463 ι
1512 5412 1617 5469 Ubi
1648 5417 1816 5486 cmpit
1850 5417 2029 5474 facere
2059 5428 2114 5474 et

599 5520 615 5550 ¹
670 5518 807 5576 Luc.
852 5538 1007 5592 χχιιι,
1058 5524 1147 5591 42,
1199 5526 1289 5579 45.
1366 5528 1387 5558 ²
1428 5527 1446 5581 l
1496 5528 1624 5583 Cor.
1674 5545 1732 5595 ll,
1794 5529 1849 5584 9.

2217 4596 2526 4667 καταϐολὴν
2559 4596 2819 4667 ἔγραψεν,
2842 4596 3272 4664 ἀποδεδώκασιν,
3296 4598 3395 4651 οὐκ
3424 4598 3596 4668 ὀλίγοι
3628 4599 3687 4653 δέ
3714 4598 3803 4652 καὶ

2216 4689 2295 4750 εἰς
2315 4687 2731 4759 ἀμφισϐήτησιν
2780 4688 3189 4760 περιείλκυσαν.
3234 4690 3393 4753 Ἴσως
3426 4691 3472 4745 δ’
3496 4693 3561 4746 ἄν
3591 4711 3677 4757 τις
3729 4693 3798 4745 εἰς

2217 4775 2336 4830 πὼν
2363 4777 2595 4847 ἐκφύγοι
2628 4778 2729 4841 τὰς
2758 4779 3171 4851 προειρημένας
3210 4779 3403 4845 λαϐὰς,
3439 4782 3515 4845 ὡς
3571 4783 3800 4853 ἐπείπερ

2217 4867 2251 4937 ή
2275 4866 2366 4920 τοῦ
2394 4867 2678 4934 Μωῦσέως
2704 4870 2995 4941 συγγραφή
3020 4872 3115 4924 καὶ
3157 4871 3449 4941 νομοθεσία
3478 4874 3579 4944 οὐχ
3626 4876 3715 4928 οἶα
3743 4889 3799 4926 τε

2220 4952 2289 5027 ἦν
2316 4954 2596 5027 βασιλείαν
2629 4959 2879 5030 οὐρανῶν
2933 4959 3279 5030 χαρίζεσθαι,
3333 4962 3420 5017 διὰ
3476 4964 3639 5018 τοῦτο
3684 4964 3799 5018 οὐδὲ

2219 5047 2425 5121 ταύτης
2482 5052 2561 5117 είς
2588 5052 2811 5123 μνήμην
2839 5051 3087 5121 ἀφίκετο.
3122 5054 3311 5128 Τίγάρ
3340 5074 3408 5126 με
3433 5056 3514 5111 δεῖ
3526 5058 3798 5128 βασιλείαν

2219 5142 2468 5213 οὐρανῶν
2507 5143 2698 5213 μαθεῖν
2730 5144 2797 5215 ήν
2823 5145 2887 5198 ἐκ
2919 5145 3021 5217 τῆς
3052 5147 3196 5201 κατὰ
3216 5149 3381 5219 νόμον
3404 5149 3681 5214 πολιτείας
3703 5152 3797 5204 οὐκ

2218 5235 2332 5289 ἔστι
2363 5252 2455 5307 μοι
2484 5237 2671 5291 λαϐεῖν
2704 5255 2719 5304 ;
2764 5238 2824 5292 '0
2856 5239 2914 5293 δὲ
2941 5242 3116 5306 κοινὸς
3156 5244 3433 5315 Δεσπότης
3461 5246 3556 5299 καὶ
3588 5246 3793 5315 Σωτὴρ,

2218 5328 2340 5381 ἐπεὶ
2364 5328 2622 5400 τοιαύτην
2673 5331 2804 5402 ἡμῖν
2850 5334 3223 5405 κατεστήσατο
3274 5334 3578 5403 πολιτείαν,
3608 5337 3794 5391 ἑαυτὸν

2223 5420 2575 5493 παράδειγμα
2606 5423 2847 5494 προθείς·
2891 5444 2908 5477 ι
2937 5417 3038 5479 Ὧν
3064 5428 3172 5498 γὰρ
3201 5426 3595 5501 ήρξατο,φησὶ,
3628 5429 3795 5484 ποιεῖν

2054 5647 2292 5706 NOTAE.

602 5751 1662 5851 ilice“gracili-uni“opinionem
1722 5764 1959 5823 innuunt
2026 5767 2095 5823 de
2139 5769 2402 5830 dilatione
2442 5774 2815 5845 beatitudinis,
2870 5795 2977 5851 qua
3032 5779 3251 5840 nonnisi
3296 5791 3543 5841 extremo

529 5835 743 5888 peracto
772 5827 1123 5893 perfruantur
1153 5827 1438 5886 beatorum
1472 5834 1685 5887 animae.

3595 5781 3789 5855 judicio
