4134 6454
418 472 515 538 131

1382 472 1482 533 AD
1509 471 2108 533 AMPIIILOCHIUM
2128 466 2478 543 QUJESTIO
2516 467 2671 529 XVI.

3588 460 3690 525 138

410 599 472 637 τε
499 587 596 637 καῒ⁹
614 581 912 651 διδάσκειν,
946 600 964 636 ι
1004 582 1072 639 δι’
1103 576 1173 657 ἧς
1204 583 1321 639 ἔστι
1351 586 1452 657 τῆς
1479 585 1589 641 τῶν
1615 587 1867 659 οὐρανῶν
1898 587 1995 659 βα-

2119 584 2354 648 ιοοετο³,
2382 584 2431 653 ι)
2463 597 2561 654 per
2589 582 2736 653 quod
2773 580 3133 653 (institutum)
3164 590 3249 636 est
3284 579 3336 634 in
3381 578 3534 651 regni
3576 594 3693 633 ca:-

418 674 619 738 σιλείας
648 676 743 729 τὸν
773 676 975 747 κλῆρον
1017 675 1295 743 ὑπελθεῖν,
1327 677 1554 742 εἰκότως
1604 678 1686 742 εἰς
1740 678 2001 748 τοιαύτην

417 768 565 836 ἡμᾶς
610 766 979 835 ἐπαναγαγὼν
1018 768 1296 822 πολιτείαν
1353 769 1448 823 καὶ
1500 772 1629 841 περ)⁸
1676 768 1853 845 αὑτῆς
1901 768 2003 839 τῆς

419 857 525 910 τῶν
563 857 807 927 οὐρανῶν
838 858 1117 928 βασιλείας
1147 862 1495 933 σαφεστάτην
1524 863 1617 916 καὶ
1670 862 2001 917 ἀδίστακτον

418 947 515 1017 τὴν
540 948 891 1003 διδασκαλίαν
919 950 1017 1004 καὶ
1044 952 1146 1022 τὴν
1209 952 1507 1024 ὑπόσχεσιν
1567 953 1881 1024 ἐχαρίσατο.
1934 954 1999 1007 Εἰ

414 1041 472 1093 δέ
510 1058 593 1105 τις
620 1044 760 1113 πρὸς
788 1044 1049 1114 ἀμείνονα
1073 1045 1307 1119 θεωρίαν
1334 1047 1429 1101 τοῦ
1482 1047 1850 1119 προκειμένου
1908 1042 2002 1117 ζη-

412 1134 658 1202 τήματος
687 1134 897 1199 ἀναϐάς
926 1136 1133 1209 ταύτην
1164 1138 1452 1205 ἐκδιδάξει,
1485 1137 1548 1191 τὸ
1574 1138 1828 1193 εὐκταῖον
1847 1131 2005 1201 οὗτος

412 1222 483 1277 ἄν
514 1225 641 1295 ἐμοὶ
671 1226 930 1297 πράττων
956 1228 1042 1298 είη
1073 1229 1168 1283 καὶ
1182 1230 1580 1301 χαριέστατον.

942 1341 1281 1395 ΕΡΩΤΗΣιΣ
1329 1345 1448 1411 ις’.

406 1428 519 1484 Διὰ
556 1429 617 1484 τι
662 1430 924 1500 ἀόρατον
974 1432 1093 1503 τὴν
1139 1433 1261 1505 γῆν
1303 1437 1337 1490 ὁ
1366 1434 1592 1507 Μωσῆς
1639 1437 1958 1507 ὠνόμασεν
1979 1450 1998 1500 ;

2100 678 2253 732 testis
2311 676 2681 731 baereditatem
2714 674 2920 744 ingredi
2958 688 2972 725 :
3016 672 3212 727 merito
3240 672 3405 727 etiam
3450 671 3518 725 de
3576 670 3693 738 ipso

2102 771 2367 827 cmlorum
2429 784 2619 837 regno,
2649 784 2775 824 cum
2818 768 2871 821 in
2913 767 3020 821 tale
3076 782 3178 821 nos
3210 765 3523 820 institutum
3570 777 3698 831 pro-

2102 863 2365 926 vexisset,
2394 861 2758 916 clarissimam
2791 868 2846 914 et
2875 857 3153 913 indubiam
3191 856 3499 911 doctrinam
3529 864 3696 922 atque

2103 954 2524 1026 promissionem
2557 952 2786 1023 largitus
2824 961 2925 1006 est.
2958 948 3117 1015 Quod
3158 948 3204 1001 si
3247 948 3371 1017 quis
3411 946 3695 999 meliorem

2103 1046 2397 1119 propositae
2424 1044 2746 1115 quaestionis
2774 1040 3186 1111 intelligentiam
3253 1046 3539 1093 assecutus
3573 1050 3697 1089 eam

2107 1137 2475 1210 proposuerit,
2525 1137 2574 1194 is
2624 1152 2740 1191 rem
2795 1134 2930 1190 mihi
2982 1147 3149 1203 quam
3196 1130 3563 1199 gratissimam
3620 1126 3697 1183 fe-

2108 1232 2265 1287 cerit.

2324 1337 2655 1409 ρωΕδτιο
2684 1337 2826 1395 XVI.
2862 1336 3050 1409 [CoisL
3086 1334 3309 1390 Taurin.
3341 1331 3488 1405 ΧΨ]

2220 1430 2332 1487 Cur
2364 1429 2682 1484 inuisibilem
2714 1437 2912 1483 terram
2962 1426 3176 1498 Moyses
3213 1425 3540 1493 nuncupavit
3570 1424 3596 1478 ?

1312 1554 1460 1607 Edita
1479 1571 1508 1606 a
1541 1553 1687 1615 Maio,
1732 1556 1862 1605 Nov.
1893 1548 2019 1603 Coll.
2055 1552 2097 1598 t.
2124 1546 2210 1607 IX,
2238 1545 2401 1595 15-16.
2428 1546 2486 1595 in
2520 1545 2644 1595 Gen.
2670 1557 2707 1605 ι,
2736 1544 2783 1591 2.

499 1633 758 1705 Ἀόρατον
779 1637 879 1708 τὴν
907 1639 1012 1710 γῆν
1039 1638 1243 1712 ἔφησεν
1264 1643 1532 1714 ὁΜωσῆς,
1558 1641 1682 1696 ἐπεὶ
1694 1641 1864 1712 τὸτῆς
1881 1638 2011 1703 Θέας

409 1724 624 1781 δίκαιον
665 1729 765 1798 τῆς
790 1730 900 1784 τῶν
926 1731 1138 1787 ὑδάτων
1163 1734 1505 1806 πλημμύρας
1533 1752 1666 1806 κεχυ
1678 1734 1850 1806 μένης
1901 1734 1999 1789 αὑ-

2189 1632 2525 1688 Invisibilem
2593 1641 2796 1687 terram
2837 1628 3016 1686 Moses
3049 1629 3209 1693 dixit,
3238 1626 3461 1699 quando
3485 1634 3701 1697 specta—

2110 1724 2219 1780 culi
2274 1723 2690 1795 perfectionem,
2738 1736 3009 1793 aquarum
3068 1720 3434 1775 inundatione
3486 1719 3541 1772 in
3578 1734 3701 1772 eam

413 1816 488 1886 τῇ
520 1814 671 1871 οὔπω
702 1813 848 1889 εἶχεν
885 1821 1237 1878 ἀπολαϐοῦσα
1269 1840 1283 1855 ·
1317 1825 1434 1879 ἀλλ’
1463 1820 1533 1897 ἦν
1563 1826 1596 1896 ἡ
1633 1825 1789 1895 ἰσχὺς
1821 1824 2003 1878 καὶτὸ

2119 1816 2325 1883 liﬂ‘usa,
2346 1815 2592 1872 nondum
2623 1824 2949 1885 acceperat;
2982 1812 3078 1869 sed
3104 1820 3222 1869 erat
3244 1812 3324 1868 vis
3373 1820 3429 1866 et
3457 1810 3701 1882 potenti:

414 1910 619 1977 κράτος
659 1911 759 1981 τῆς
800 1912 1063 1979 ἀϐύσσου,
1118 1915 1277 1969 τοῦτο
1337 1916 1435 1988 μὲν
1474 1917 1572 1986 τὴν
1613 1915 1854 1986 ἔμφυτον
1906 1916 2008 1989 τῆς

414 2000 527 2067 γῆς
560 2000 830 2073 ξηρότητα
856 2007 1329 2078 περινοτιζούσης,
1361 2007 1520 2062 τοῦτο
1540 2008 1597 2062 δὲ
1626 2008 1718 2061 τὸν
1753 2008 1885 2063 ἴδιον
1917 2010 2009 2062 κό-

416 2104 560 2156 σμον
587 2091 880 2146 ἀπολαϐεῖν
908 2095 1009 2149 οὑκ
1038 2096 1311 2168 ἐώσης,θς
1343 2097 1406 2168 δὴ
1429 2097 1615 2168 φυτῶν
1643 2093 1712 2170 ἦν
1746 2098 1879 2171 γένη
1912 2098 2009 2152 καὶ

415 2174 661 2248 βοτανῶν
691 2186 786 2238 καὶ
812 2186 844 2256 ἡ
871 2185 1005 2257 ἄλλη
1038 2188 1148 2241 τῶν
1179 2189 1385 2243 ἀνθέων
1413 2190 1507 2243 καὶ
1534 2192 1763 2260 καρπῶν
1809 2190 2010 2261 ὡραιό-

410 2289 520 2342 της
560 2288 573 2302 ·
598 2274 678 2327 ἔτι
706 2276 763 2329 δὲ
783 2278 1013 2347 ἀόρατος
1043 2274 1162 2352 ἧνή
1194 2283 1264 2352 γῆ
1294 2283 1377 2336 ὃτι
1409 2283 1576 2354 μήπω
1602 2285 1785 2355 παρῆν
1814 2284 1842 2336 δ
1877 2281 2010 2337 ταύ-

407 2377 526 2433 την
568 2365 705 2437 aps»
736 2366 1026 2439 ἅνθρωπος
1073 2370 1258 2426 λαϐὼν
1285 2371 1431 2443 ὄψιν.
1470 2373 1582 2426 Καὶ
1636 2373 1865 2443 προσέτι
1918 2372 2010 2426 ἀό-

408 2474 585 2527 ρατος
607 2460 805 2528 λέγοιτ’
826 2461 894 2515 ἂν
917 2463 1165 2529 εἰκότως,
1192 2463 1275 2518 ὅτι
1315 2464 1411 2518 τοῦ
1442 2465 1623 2535 φωτὸς
1660 2464 1815 2519 οὓπω
1844 2481 2009 2533 γενη-

409 2550 606 2613 θέντος
628 2551 697 2606 δι’
727 2547 788 2605 οῦ
814 2555 875 2607 τὸ
903 2556 1098 2626 ὁρατὸν
1126 2559 1191 2628 τῇ
1222 2557 1341 2626 ὄψει
1370 2557 1875 2629 καταλαμϐάνεται,
1900 2557 2010 2611 οὐδ’

406 2642 562 2713 αὐτὴ
588 2643 687 2715 τὴν
716 2646 913 2717 αῐγλην
938 2642 1054 2718 εἶχε
1080 2643 1228 2721 δι’ἧς
1252 2649 1319 2703 ἂν
1346 2650 1672 2720 ὑπηρετεῖτο
1685 2649 1763 2719 τῷ
1776 2649 2007 2719 ὄμματι·

408 2735 568 2787 ὥστε
599 2736 647 2788 εἰ
677 2737 770 2789 καὶ
793 2739 908 2801 τοῖς
938 2737 1160 2803 οἰκείοις
1190 2739 1413 2804 κόλποις
1440 2741 1472 2812 ἠ
1499 2737 1736 2804 ἄϐυσσος
1761 2756 2013 2809 καταμε-

410 2826 672 2896 ρισθεῖσα
706 2828 1107 2895 συνεστέλλετο,
1138 2830 1232 2884 καὶ
1266 2833 1377 2893 τοῖς
1416 2832 1605 2900 φυτοῖς
1638 2830 1734 2885 καὶ
1762 2829 1841 2901 τῷ
1868 2831 2013 2903 ἄλλῳ

408 2917 617 2989 κόσμῳ
647 2920 680 2990 ή
714 2919 787 2990 γῆ
818 2921 1182 2993 ἐκεκόσμητο,
1216 2922 1311 2975 καί
1339 2923 1369 2974 ὁ
1441 2922 1653 2994 μέλλων
1715 2922 1849 2993 όρᾷν
1923 2920 2016 2991 ἐφ-

406 3010 651 3081 εστήκει
699 3009 1012 3082 ἄνθρωπος,
1045 3012 1201 3066 οὑπω
1229 3014 1287 3067 δὲ
1319 3014 1415 3068 τοῦ
1452 3014 1633 3083 φωτὸς
1656 3015 1690 3085 ἡ
1731 3013 1893 3084 φύσις
1927 3012 2015 3078 ἐξ-

411 3104 694 3174 έλαμπεν,
710 3105 819 3159 οὐδ’
849 3104 1024 3169 οὕτως
1048 3106 1127 3160 ἂν
1143 3107 1515 3178 ἐχρημάτιζεν
1538 3108 1708 3179 ὁρατή
1736 3123 1749 3137 ·
1781 3104 1939 3178 δῆλον
1957 3106 2015 3161 δὲ

2109 1909 2314 1980 abyssi,
2345 1924 2468 1979 quae
2503 1915 2619 1963 tum
2670 1906 2979 1962 naturalem
3020 1914 3181 1960 terra!
3233 1904 3540 1960 siccitatem
3596 1903 3706 1957 cir-

2111 1998 2555 2070 cumspargebat,
2601 2008 2717 2053 tum
2772 1997 3124 2068 impediebat,
3173 1996 3305 2067 quin
3364 2012 3526 2053 suum
3568 2010 3702 2066 pro-

2110 2093 2292 2164 prium
2318 2100 2575 2147 ornatum
2600 2090 2872 2154 indueret,
2907 2104 3072 2160 quem
3123 2104 3258 2146 sane
3294 2088 3707 2143 constituebant

2111 2184 2425 2254 plantarum
2456 2197 2653 2251 genera
2700 2190 2754 2237 et
2800 2181 3117 2244 herbarum,
3166 2190 3222 2237 et
3256 2182 3362 2235 alia
3404 2182 3597 2235 ﬂorum
3651 2191 3707 2236 et

2113 2276 2389 2331 fructuum
2438 2284 2721 2331 venustas.
2786 2274 2982 2331 Adhuc
3030 2283 3149 2330 erat
3206 2274 3501 2331 invisibilis
3557 2286 3701 2329 terra

2111 2371 2239 2441 quia
2273 2369 2514 2423 nonduin
2550 2368 2742 2423 aderat
2770 2368 2863 2438 qui
2894 2384 3016 2423 eam
3042 2368 3353 2437 adspiceret
3385 2368 3571 2431 homo,
3621 2368 3704 2423 vi-

2112 2477 2233 2515 sum
2266 2461 2517 2517 sortitus.
2544 2458 2611 2514 Et
2654 2460 2880 2528 insuper
2921 2459 3219 2513 invisibilis
3252 2459 3452 2513 merito
3487 2459 3703 2513 dicere-

2115 2559 2225 2614 tur,
2259 2550 2411 2621 quia,
2452 2549 2575 2605 luce
2628 2549 2874 2603 nomium
2928 2548 3071 2605 tacta
3134 2564 3233 2619 per
3280 2564 3446 2618 quam
3484 2550 3705 2604 visibile

2113 2640 2232 2694 visu
2298 2640 2627 2709 percipitur,
2670 2654 2781 2693 non
2836 2638 2993 2694 illum
3056 2640 3293 2694 habebat
3352 2639 3703 2709 Splendoer

2114 2746 2224 2799 quo
2256 2732 2431 2787 oculis
2462 2730 2980 2787 subministraretur
3007 2774 3023 2798 ,
3057 2732 3130 2785 ita
3162 2740 3223 2785 ut
3249 2732 3465 2787 etiamsi
3498 2733 3551 2785 in
3578 2748 3708 2801 prn-

2114 2826 2251 2895 priis
2276 2825 2413 2881 locis
2444 2824 2694 2894 sejuncta
2740 2826 2974 2897 abyssus
3007 2826 3357 2890 coercitctur,
3402 2835 3456 2880 et
3505 2827 3709 2896 plantis

2115 2926 2169 2972 et
2201 2917 2309 2970 alio
2343 2926 2542 2971 ornatu
2574 2916 2845 2972 instructa
2882 2924 3054 2982 esset,
3091 2926 3146 2971 et
3182 2916 3349 2971 homo
3382 2933 3503 2972 eam
3548 2934 3709 2987 aspe-

2116 3018 2307 3065 cturus
2356 3009 2665 3074 extitisset,
2702 3009 2950 3063 nondum
2982 3024 3117 3065 vero
3156 3008 3300 3066 lucis
3355 3020 3549 3065 natura
3605 3011 3709 3064 mi-

2117 3103 2344 3161 cuisset.
2400 3116 2508 3155 non
2555 3101 2720 3155 etiam
2774 3110 2905 3156 tunc
2969 3099 3170 3158 fuisset
3232 3102 3488 3157 visibilis.
3553 3100 3713 3156 Patet

410 3196 501 3256 ὡς
532 3195 673 3249 κατά
704 3194 797 3248 τὸν
814 3195 928 3249 ἴσον
945 3196 1147 3267 τρόπον
1165 3197 1273 3249 οὐδ’
1288 3197 1449 3261 αὐτὸς
1476 3197 1586 3267 ἀὴρ
1602 3197 1662 3260 ὃς
1681 3199 1781 3269 τὴν
1818 3198 2013 3251 ἀκτῖνα

2119 3199 2299 3244 autem
2330 3189 2487 3258 juxta
2540 3190 2795 3245 eumdem
2831 3191 3050 3246 modum
3108 3208 3287 3263 neque.
3318 3193 3496 3263 ipsqu
3557 3209 3709 3260 acra,

408 3284 520 3338 τοῦ
585 3286 764 3354 φωτὸς
803 3288 1095 3358 δεχόμενος
1148 3287 1247 3359 τὴν
1301 3288 1398 3341 τοῦ
1458 3289 1696 3359 ὁρῶντος
1728 3286 2014 3361 ἐνέργειαν

409 3377 504 3447 τῷ
530 3378 792 3448 ὁρωμένῳ
825 3380 1091 3433 συνάπτει
1132 3380 1296 3450 μέσος
1328 3379 1612 3451 γινόμενος
1642 3396 1656 3411 ·
1697 3380 1808 3434 οὐδ’
1852 3380 2017 3445 αὑτὸς

409 3470 519 3524 οὖν
550 3470 672 3524 οὑδὲ
704 3471 765 3524 τὸ
796 3471 943 3542 ὕδωρ
974 3471 1069 3526 τοῦ
1099 3472 1277 3541 φωτὸς
1315 3473 1375 3526 ού
1416 3473 1675 3537 λαϐόντος
1713 3472 2016 3529 ὑπόστασιν

409 3565 528 3615 οὑκ
563 3564 631 3615 ἂν
663 3563 962 3634 ἐτύγχανεν
990 3564 1187 3635 ὁρατός
1209 3582 1222 3596 ·
1251 3565 1430 3619 καίτοι
1489 3582 1551 3634 γε
1586 3567 1726 3636 μήτε
1758 3567 1849 3636 ὑφ’
1896 3566 2017 3621 ἐτέ-

417 3675 540 3727 ρων
567 3656 1071 3727 ὲπιπροσθούμενος
1098 3657 1288 3731 ὥσπερ
1336 3658 1445 3712 οὐδ’
1495 3661 1528 3730 ἡ
1582 3659 1839 3727 ἄϐυσσος,
1882 3661 2017 3732 μηδὲ

416 3748 634 3813 κόσμου
664 3747 808 3811 τινὸς
840 3748 1054 3803 οἴκοθεν
1070 3748 1569 3819 ἀποστερούμενος.
1601 3750 1702 3803 Διά
1728 3750 1889 3804 τοῦτο
1910 3752 2019 3823 ἄρα

414 3841 524 3894 καὶ
553 3842 761 3911 Μωσῆς
784 3841 878 3895 τὸν
906 3841 1045 3913 ἀέρα
1090 3841 1251 3906 εἰδὼς
1299 3840 1377 3912 τῷ
1411 3840 1565 3896 ὑδατι
1622 3843 2017 3915 ὲποχούμενον,

413 3936 483 3987 τὸ
512 3934 699 3987 ἐπάνω
719 3933 818 4005 τῆς
866 3934 1109 3987 ἀϐύσσου
1171 3933 1364 3998 σκότος
1420 3933 1714 4005 ὠνόμασεο
1756 3937 1851 4007 τῆς
1909 3937 2020 4009 γὰρ

418 4026 775 4099 φωτιζούσης
801 4029 979 4099 αὐτῆς
1006 4029 1094 4083 διὰ
1110 4029 1212 4100 τῆς
1242 4030 1429 4100 ἀερεου
1452 4029 1669 4100 φύσεως
1697 4032 1759 4085 οὑ
1786 4031 2022 4086 διϊκνου-

422 4121 609 4190 μένης
643 4119 818 4192 (οὑπω
849 4121 956 4192 γὰρ
978 4122 1100 4176 οὑδὲ
1131 4122 1192 4175 τὸ
1224 4121 1474 4194 πηγάζον
1506 4123 1715 4196 ταύτην
1758 4121 1873 4196 εἶχε
1919 4126 2022 4197 τὴν

420 4213 687 4282 ὓπαρξιν,
722 4211 845 4266 οὔτε
878 4213 1041 4267 αὑτὸν
1075 4213 1271 4285 ὁρατὸν
1304 4212 1447 4269 εἶναι
1499 4216 1589 4269 τὸν
1644 4216 1803 4287 ἀέρα,
1840 4216 2022 4286 πολλῷ

420 4306 485 4358 δὲ
522 4306 725 4375 μᾶλλον
764 4306 883 4359 οὑδὲ
908 4310 1008 4376 τὴν
1042 4306 1301 4373 ἄϐυσσον,
1333 4310 1420 4378 ἐφ’
1444 4304 1514 4380 ἧς
1539 4311 1716 4379 ἐχεῖτο
1746 4309 1807 4363 τὸ
1838 4310 2024 4381 ἀέριον

422 4394 673 4466 πνεῦμα,
703 4395 1001 4465 ἐνεδέχετο’
1043 4395 1122 4448 διὸ
1156 4395 1254 4449 καὶ
1272 4397 1463 4457 σκότος
1487 4397 1715 4460 εἰκότως
1749 4398 2024 4468 ἐπονομά-

424 4484 610 4546 ζεται.
644 4482 719 4536 Τὸ
742 4482 850 4554 γάρ
882 4483 1062 4553 λέγειν
1090 4484 1153 4537 τὸ
1210 4484 1355 4539 θεῖον
1416 4481 1558 4540 εἶναι
1607 4486 1834 4558 Πνεῦμα
1853 4486 1916 4540 τὸ
1951 4488 2019 4559 τῇ

2118 3285 2213 3353 qui
2254 3284 2439 3340 radios
2476 3284 2617 3340 lucis
2672 3285 2950 3353 accipiens
3005 3286 3115 3341 vim
3155 3287 3393 3343 videntis
3446 3288 3525 3342 rei
3577 3289 3713 3343 visa:

2118 3377 2795 3449 conjungitintermedius
2820 3378 3022 3444 factus,
3074 3396 3175 3435 nec
3212 3381 3415 3451 ipsum,
3459 3381 3710 3451 inquam,

2118 3485 2295 3539 neque
2319 3484 2540 3539 aquam,
2584 3470 2705 3525 luce
2736 3471 3097 3526 substantiam
3129 3487 3235 3526 non
3270 3474 3521 3534 habente,
3544 3472 3714 3527 fuisse

2118 3562 2417 3618 visibilem.
2450 3562 2517 3616 Et
2542 3572 2689 3617 certe
2737 3577 2913 3633 neque
2957 3564 3064 3618 alia
3125 3579 3250 3617 eum
3301 3575 3397 3617 aut
3443 3566 3707 3635 abyssum

2120 3657 2472 3722 invaserunt,
2500 3670 2674 3725 neque
2710 3667 3040 3711 ornamento
3079 3656 3313 3726 quodam
3338 3658 3561 3726 proprio
3601 3659 3716 3728 pri-

2120 3756 2279 3805 Vatns
2310 3759 2415 3805 cst.
2456 3748 2666 3805 Idcirco
2694 3750 2861 3820 igitur
2914 3760 2967 3805 et
3000 3750 3176 3804 Moses
3227 3766 3354 3805 aera
3415 3767 3572 3821 aqua:
3628 3753 3716 3805 iu-

2119 3851 2334 3895 veetum
2364 3841 2568 3906 sciens,
2597 3841 2745 3910 quod
2771 3856 2938 3908 supra
2970 3840 3233 3911 abyssum
3278 3850 3398 3894 erat
3458 3843 3717 3897 tenebras

2122 3934 2447 3989 nominavit.
2485 3932 2836 3987 llluminante
2878 3932 3023 3987 enim
3073 3932 3365 4001 splendore
3425 3947 3523 4001 per
3570 3932 3718 3987 aeris

2122 4025 2487 4080 substantiam
2537 4024 2783 4079 nondum
2825 4024 2976 4078 illato
3028 4024 3135 4093 (vis
3192 4026 3341 4079 enim
3385 4025 3533 4078 hunc
3590 4040 3716 4079 sca-

2124 4117 2362 4172 turiendi
2393 4133 2502 4172 non
2529 4117 2942 4174 illisubstantiae
2984 4117 3207 4189 inerat),
3241 4134 3418 4185 neque
3447 4132 3717 4173 aeraesse

2122 4210 2393 4265 visibilem
2424 4200 2643 4277 licebat,
2689 4224 2866 4280 neque
2924 4224 2956 4264 a
3015 4209 3230 4265 fortiori
3281 4195 3542 4280 abyssum
3594 4228 3719 4282 qua:

2124 4306 2419 4359 aethercum
2454 4302 2667 4359 ferebat
2705 4304 2983 4375 spiritum.
3026 4302 3373 4375 Quapropter
3415 4306 3615 4358 merito
3644 4318 3721 4359 tc-

2124 4399 2307 4452 nebrae
2338 4406 2544 4452 vocatae
2592 4406 2741 4453 sunt.
2785 4396 2841 4452 Si
2891 4398 3015 4467 quis
3055 4407 3238 4454 autem
3292 4398 3543 4453 divinum
3594 4415 3718 4453 esse

2128 4488 2389 4558 Spiritum
2444 4490 2590 4544 dicat
2667 4489 2762 4559 qui
2824 4506 2991 4560 super
3070 4490 3337 4561 abyssum
3414 4489 3714 4553 ferebatur,

422 4574 656 4645 ἀϐύσσῳ
693 4577 1147 4645 περιφερόμενον,
1181 4578 1392 4648 μήποτε
1421 4581 1515 4632 καὶ
1545 4580 1896 4652 περιγραφὴν
1926 4579 2016 4633 τοῦ

2130 4594 2313 4633 nonne
2338 4586 2393 4634 et
2423 4579 2852 4650 descriptionem
2884 4580 3234 4650 indescripta:
3272 4583 3347 4636 rei
3377 4568 3717 4644 introducat,

424 4666 853 4737 ἁπεριγράπτου
882 4668 1193 4736 συνεισάγει
1223 4684 1239 4735 ;
1268 4669 1496 4722 καὶτῶν
1524 4669 1700 4723 ἄλλων
1713 4669 2027 4741 κτισμάτων

426 4756 516 4820 οἷς
567 4759 667 4813 οὑκ
697 4760 997 4830 ἐπεφέρετο
1025 4759 1123 4831 τὴν
1153 4760 1306 4814 θείαν
1330 4761 1588 4831 πρόνοιαν
1648 4762 1742 4816 καὶ
1795 4763 2027 4833 ἐποψίαν

430 4850 718 4904 συστέλλει
744 4868 759 4917 ;
796 4852 928 4915 ίσως
956 4852 999 4904 δ’
1026 4850 1093 4907 ἂν
1116 4852 1218 4905 οὑκ
1243 4850 1310 4905 ἂν
1338 4853 1422 4923 εἰη
1458 4853 1740 4921 θεολογίας
1792 4854 2017 4919 ἐπάξιον

426 4944 493 4994 ἐν
522 4944 590 5013 τῇ
622 4942 720 5013 τῆς
756 4942 989 5006 κτίσεως
1014 4942 1289 5013 καταϐολῇ
1317 4946 1384 5014 τῇ
1421 4944 1665 5014 ἀκτίστῳ
1699 4944 1797 4999 καὶ
1844 4945 2027 5016 μακά-

430 5033 532 5103 ρίᾳ
560 5032 717 5100 φύσει
736 5033 854 5103 ἦτοι
876 5033 952 5104 τῷ
970 5034 1223 5103 παναγίῳ
1250 5033 1526 5104 ιινεύματι
1556 5035 1739 5105 χώραν
1753 5035 2025 5106 ὲκνέμειν’

427 5130 481 5181 εἰ
508 5126 566 5179 δὲ
580 5128 674 5180 καὶ
690 5126 841 5200 Σύρα
858 5127 1079 5195 γλῶσσα
1102 5128 1162 5181 τὸ
1178 5128 1443 5197 πανάγιον
1462 5128 1691 5198 Πνεῦμα
1707 5130 1819 5193 τοῖς
1840 5128 2029 5184 ὕδασιν

428 5220 755 5291 ἐποχεῖσθαι
781 5220 1052 5290 βούλεται,
1065 5222 1161 5275 καὶ
1176 5217 1286 5275 οἷον
1301 5220 1492 5286 ἐπωάζ
1495 5238 1576 5275 ειν
1590 5220 1763 5275 ταῦτα
1777 5222 1871 5275 καὶ
1892 5222 2029 5287 {wo-

431 5315 640 5382 γονεῖν,
670 5314 771 5366 οὐκ
809 5314 876 5367 ἂν
918 5314 1253 5383 καταγνοίην
1277 5313 1499 5386 ’ἀρκεῖν
1528 5312 1638 5383 γὰρ
1670 5312 1869 5368 εἰδέναι
1891 5313 2029 5377 τέως

430 5407 500 5459 τὺ
527 5406 793 5474 πανάγιον
826 5406 1053 5477 Πνεῦμα
1080 5405 1205 5461 ὅθεν
1233 5406 1300 5461 ἂν
1325 5406 1419 5461 καὶ
1440 5407 1709 5473 δύναιντο,
1757 5406 2027 5477 ζωογόνου

433 5515 499 5552 τε
525 5499 621 5552 καὶ
646 5499 1045 5570 δημιουργικῆς
1077 5500 1344 5572 ὑπάρχειν
1370 5499 1559 5564 οὑσίας
1588 5499 1687 5553 καὶ
1717 5499 2025 5571 δυνάμεως·

452 5592 713 5662 ’Λόρατος
740 5591 834 5648 οῦν
867 5594 902 5664 ἡ
931 5592 1005 5662 γῆ
1027 5593 1122 5646 καὶ
1146 5590 1219 5646 τὰ
1246 5592 1410 5647 λοιπὰ
1438 5591 1548 5645 τῶν
1576 5591 1861 5663 στοιχείων
1886 5590 2031 5646 κατά

437 5702 503 5737 τε
531 5685 631 5756 τὴν
653 5685 957 5757 εἰρημένην
987 5686 1169 5740 αἰτίαν
1195 5684 1292 5739 καὶ
1321 5684 1420 5748 τὰς
1441 5683 1862 5755 προδεδομένας,
1886 5683 2030 5755 πλὴν

446 5778 596 5846 μιᾶς·
642 5777 726 5830 ὃτι
756 5776 820 5829 τὸ
858 5774 1226 5846 ἐπιπροσθοῦν
1258 5775 1360 5829 οὐκ
1391 5770 1539 5845 εἶχον
1587 5772 1713 5827 οὑτε
1762 5772 1825 5826 τὸ
1883 5773 2030 5846 ὕδωρ

440 5868 565 5922 οὑτε
592 5870 620 5922 ὁ
648 5870 779 5941 ἀήρ.
805 5869 878 5921 Τὸ
918 5868 1103 5939 μέντοι
1140 5868 1331 5933 σκότος
1352 5868 1406 5922 εί
1434 5884 1520 5931 τις
1549 5865 1625 5937 μὴ
1652 5864 1909 5938 στέρησιν
1930 5867 2027 5921 τοῦ

520 5984 538 6015 ³
590 5986 710 6038 Art.
757 6000 808 6046 I,
859 5987 903 6037 ι.

2130 4678 2185 4725 et
2216 4670 2448 4723 aliarum
2497 4678 2875 4725 creaturarum
2926 4671 2980 4725 in
3035 4673 3236 4742 quibus
3279 4678 3385 4726 non
3443 4670 3720 4725 ferebatur

2130 4761 2531 4832 providentiam
2582 4770 2635 4816 et
2672 4762 3067 4833 iuspectionem
3123 4778 3231 4817 non
3257 4764 3552 4819 coerceat?
3583 4761 3719 4816 For-

2131 4865 2277 4907 tasse
2308 4868 2415 4907 non
2454 4862 2600 4908 esset
2641 4853 2919 4924 theologia
2978 4855 3203 4925 dignum
3262 4855 3557 4910 creationis
3592 4872 3719 4924 pro-

2130 4946 2385 5001 ductione
2420 4946 2674 5001 increataa
2717 4962 2781 5002 ac
2820 4946 3153 5001 beatissima;
3198 4955 3431 5010 naturae,
3490 4948 3719 5002 sanctis-

2130 5038 2272 5091 simo
2293 5038 2501 5093 scilicet
2534 5038 2784 5108 Spiritui,
2827 5039 3008 5092 locum
3055 5039 3375 5108 assignare;
3414 5054 3539 5093 cum
3588 5054 3718 5093 vero

2131 5128 2355 5201 Syriaca
2386 5130 2578 5186 Glossa
2638 5130 3052 5185 sanctissimum
3116 5129 3384 5201 Spiritum
3417 5132 3534 5184 vult
3557 5132 3717 5200 aquis

2131 5220 2285 5287 ferri,
2310 5232 2365 5276 et
2396 5222 2558 5292 quasi
2604 5221 2686 5276 eis
2720 5221 2982 5276 incubare
3011 5236 3217 5290 easque
3269 5221 3572 5287 viviticare,
3608 5237 3715 5276 non

2132 5314 2515 5383 reprehendo;
2557 5315 2761 5369 docent
2789 5314 2937 5368 enim
2998 5316 3144 5369 unde
3199 5324 3255 5369 et
3314 5324 3547 5385 possunt
3594 5316 3717 5384 Spi-

2132 5406 2298 5461 ritum
2320 5414 2573 5462 sanctuin
2606 5406 2937 5462 vivifrcantis
2976 5422 3099 5463 esse
3120 5417 3173 5463 et
3195 5408 3435 5463 creantis
3454 5408 3716 5463 substauo

2132 5498 2221 5553 tize
2248 5506 2304 5554 et
2352 5498 2626 5578 potentias.
2659 5496 2961 5553 Invisibilis
3011 5497 3180 5567 igitur
3214 5506 3360 5552 terra
3401 5505 3454 5552 et
3514 5509 3711 5551 caetera

2132 5593 2404 5647 elementa
2454 5590 2611 5660 juxta
2647 5600 2701 5643 ct
2732 5590 3049 5659 praedictam
3082 5605 3304 5645 causam
3336 5597 3390 5644 et
3430 5589 3564 5644 alias
3591 5601 3717 5643 autc

2132 5684 2311 5747 datas,
2339 5694 2563 5751 excepta
2594 5698 2699 5737 una
2734 5700 2747 5747 ;
2783 5683 2919 5751 quia
2956 5682 3308 5747 supcrtnsum
3352 5681 3559 5753 aliquid
3606 5697 3714 5735 non

2134 5776 2411 5830 habebant
2470 5790 2645 5844 neque
2683 5790 2823 5845 aqua
2881 5789 3058 5841 neque
3110 5788 3225 5828 aer.
3284 5771 3561 5827 Tenebras
3601 5772 3718 5841 qui-

2134 5866 2257 5923 dem
2312 5865 2356 5922 si
2392 5867 2517 5936 quis
2551 5883 2657 5920 non
2694 5865 3053 5935 privationem
3093 5864 3255 5931 lucis,
3306 5863 3399 5919 sed
3444 5863 3715 5919 malorum
