4084 6450
473 373 578 441 139

1633 384 1894 444 1³11οΤ11
1940 386 2217 449 ΡΑΤΒΙᾹ
2231 391 2448 454 11011ιὶ³1
2481 395 2589 455 CP.

3678 398 3772 465 NO

469 501 750 546 auctorem
789 490 1071 548 diabolum
1112 491 1379 559 crederet,
1454 493 1714 566 abyssum
1770 511 1904 552 vero
1964 512 2053 553 eas

2166 505 2367 572 φωτὸς,
2393 506 2530 559 ἀλλὰ
2558 507 2651 561 τον
2674 508 2986 578 ἀρχέκακον
3002 510 3249 565 διάϐολον
3278 513 3583 577 ὑπολάϐοι,
3608 514 3780 569 ἄϐυσ-

466 601 590 655 quze
628 587 731 640 sub
765 586 861 641 illo
904 596 1036 641 sunt
1059 596 1387 658 potestates,
1429 589 1591 659 longe
1628 606 1659 645 a
1693 592 1921 647 veritate
1964 592 2057 647 ille

467 678 773 740 aberraret,
822 686 878 733 et
927 679 1096 750 impia
1146 680 1347 750 plenus
1406 690 1553 737 esset
1608 683 1889 751 opinione,
1925 684 2054 754 quia

468 770 664 825 seriem
721 771 1059 827 narrationis
1094 787 1203 827 non
1264 782 1447 843 potest
1502 774 1831 844 intelligere,
1877 790 2055 845 neque

464 862 712 917 ordinem
761 872 858 918 aut
880 865 1357 920 enumerationem
1396 882 1610 930 eorum,
1647 882 1769 937 quae
1797 870 2053 923 sensibus

464 954 816 1024 percipienda
845 955 991 1012 facta
1024 968 1193 1025 sunt;
1222 974 1460 1030 quorum
1529 959 1710 1015 Moses
1765 961 2053 1016 historiam

463 1048 818 1117 conscripsit,
854 1065 1035 1118 neque
1086 1050 1423 1121 incorporea:
1460 1061 1515 1106 et
1588 1052 1900 1122 spiritualis
1953 1070 2053 1107 na-

462 1149 600 1192 turae
628 1147 683 1193 et
729 1140 1064 1196 creationem
1099 1151 1154 1196 et
1193 1143 1501 1197 doctrinam
1552 1152 1605 1196 et
1646 1152 1865 1212 tempus
1907 1148 2053 1214 quod

463 1232 605 1285 miro
658 1232 856 1287 ordine
916 1233 984 1289 de
1038 1234 1125 1289 his
1170 1236 1336 1289 rebus
1366 1238 1717 1290 traditionem
1780 1236 2050 1293 deﬁnivit.

464 1322 708 1392 Spiritus
740 1323 834 1379 Dei
864 1339 957 1380 aer
983 1325 1166 1383 dictus
1199 1340 1304 1394 est,
1332 1332 1801 1399 quemadmodum
1853 1339 1904 1383 et
1934 1330 2054 1383 ali-.e

460 1417 718 1484 quazlibet
745 1418 887 1487 ejus,
916 1428 1182 1475 creaturae
1207 1431 1263 1476 et
1298 1438 1464 1492 opera
1498 1439 1513 1477 :
1564 1442 1582 1475 ι
1622 1424 1843 1477 Emittet
1883 1424 2053 1485 enim,

464 1509 663 1579 inquit,
719 1512 945 1567 verbum
996 1529 1159 1568 suum
1192 1524 1247 1568 et
1280 1514 1595 1581 liquel‘acict
1662 1532 1829 1579 eam;
1901 1515 2054 1569 ﬂabit

460 1602 688 1670 spiritus
718 1603 860 1673 ejus,
884 1615 933 1659 et
958 1604 1128 1659 ﬂuent
1148 1622 1301 1675 aquae
1321 1606 1377 1638 “‘
1404 1625 1419 1674 ;
1445 1626 1461 1657 ι
1493 1608 1637 1678 quod
1660 1608 1726 1661 de
1756 1606 2051 1677 liquefacta

460 1694 800 1751 australibus
848 1697 1021 1751 ventis
1055 1706 1198 1753 terra
1251 1700 1487 1754 canebat
1536 1699 1726 1753 David.
1770 1700 1835 1754 Et
1868 1700 2051 1754 dictus

459 1786 897 1857 fuissetspiritus
919 1788 1011 1845 Dei
1045 1791 1100 1845 in
1130 1792 1321 1847 eodem
1350 1808 1515 1848 sensu
1544 1809 1607 1848 ac
1639 1792 1771 1847 illud
1798 1808 1811 1846 :
1850 1810 1867 1843 ι
1902 1790 2052 1847 Fecit

2162 615 2254 650 σον
2294 599 2352 652 δὲ
2406 601 2506 664 τὰς
2541 602 2632 654 ὑπ’
2665 604 2832 657 αὐτὸν
2876 606 3120 675 πονηρὰς
3152 607 3434 677 δυνάμεις,
3462 608 3681 677 πόρρω
3719 625 3774 661 τε

2157 691 2257 760 τῆς
2284 691 2545 763 ἀληθείας
2564 685 2721 759 οὗτος
2741 694 3100 767 πλανώμενος
3135 698 3220 768 εἴη
3254 698 3348 751 καὶ
3376 699 3777 768 δυσσεϐούσης

2159 784 2447 847 ἀνάπλεως
2484 785 2665 856 δόξης,
2696 788 2833 858 μετά
2862 789 2956 841 τοῦ
2984 791 3060 859 μὴ
3087 790 3349 845 δύνασθαι
3370 794 3629 862 συνορᾷν
3662 794 3780 861 εἱρ-

2162 876 2263 943 μδν
2286 876 2593 947 διηγήσεως
2627 881 2721 932 καὶ
2750 879 2905 945 τάξιν
2944 882 3037 934 καὶ
3062 882 3439 955 ἀπαρίθμησιν
3479 885 3609 937 τῶν
3656 886 3780 936 κατ’

2158 966 2414 1036 αἴσθησιν
2440 970 2705 1037 γενητῶν,
2746 962 2823 1024 ὧν
2855 973 2882 1024 ὁ
2912 973 3118 1041 Μωσῆς
3160 974 3261 1043 τὴν
3320 974 3581 1044 ἱστορίαν
3648 992 3782 1027 συν-

2157 1060 2420 1129 έγραψεν,
2450 1063 2543 1114 xui
2574 1064 2869 1131 ἀσωμάτου
2898 1064 2994 1116 καὶ
3019 1067 3211 1135 νοερᾶς
3240 1066 3452 1133 φύσεως
3485 1068 3561 1137 δη
3574 1086 3782 1136 μιουρ-

2157 1153 2285 1219 γίαν
2327 1170 2385 1205 τε
2424 1155 2516 1207 καὶ
2557 1153 2794 1225 Θεωρίαν
2826 1158 2920 1208 καὶ
2955 1158 3145 1227 καιρὸν
3182 1158 3240 1221 ὃς
3285 1160 3592 1230 ἀφορίζειν
3631 1155 3784 1211 οἶδεν

2155 1239 2436 1302 εὐτάκτως
2474 1242 2572 1312 τὴν
2610 1245 2739 1313 περὶ
2763 1244 2972 1297 τούτων
3007 1248 3307 1316 παράδοσιν
3338 1265 3353 1279 ·
3417 1248 3668 1318 πνεῦμα
3726 1251 3783 1301 δὲ

2155 1330 2289 1384 Θεοῦ
2321 1335 2348 1386 ό
2378 1334 2485 1403 ἀὴρ
2516 1334 2731 1404 εἴρηται
2757 1351 2769 1367 ⁶
2805 1335 3058 1408 καθάπερ
3091 1337 3183 1390 καὶ
3211 1340 3278 1391 τά
3346 1338 3518 1392 λοιπά
3573 1333 3672 1391 υἷα
3717 1338 3783 1409 δὴ

2156 1423 2363 1493 κτίσμα
2393 1425 2485 1477 καὶ
2516 1426 2725 1495 ποίημα
2754 1427 2917 1479 αὑτοῦ
2941 1445 2953 1456 ·
2989 1446 3006 1478 t
3032 1429 3419 1495 Ἐξαποστελεῖ
3438 1430 3585 1500 γὰρ,
3617 1432 3781 1498 φησὶ,

2153 1514 2243 1566 τὸν
2264 1514 2421 1583 λόγον
2450 1516 2617 1569 αὑτοῦ
2653 1519 2744 1570 xui.
2777 1518 2928 1587 τήξει
2963 1520 3133 1587 αὐτήν
3156 1536 3167 1549 ³
3209 1520 3430 1573 πνεύσει
3453 1520 3521 1573 τὸ
3546 1519 3783 1589 πνεῦμα

2154 1605 2319 1659 αὑτοῦ
2357 1607 2449 1659 xui.
2477 1608 2738 1677 ρ’)ήσεται
2770 1609 2969 1663 ὓδαταο
3002 1632 3020 1663 ι
3057 1612 3185 1683 περὶ
3215 1612 3535 1683 τηκομένης
3566 1613 3639 1665 ἐκ
3669 1613 3783 1665 τῶν

2154 1700 2346 1752 νοτίων
2378 1701 2706 1771 πνευμάτων
2741 1701 2914 1770 λέγων
2954 1704 3129 1774 χιόνος
3160 1706 3185 1757 ό
3212 1704 3374 1757 Δα6ίδ
3399 1720 3415 1735 ο
3440 1704 3543 1758 xui.
3582 1707 3678 1773 εἴη
3713 1706 3783 1759 ἂν

2156 1793 2447 1863 εἰρημένον
2471 1794 2688 1865 πνεῦμα
2713 1796 2849 1850 Θεοῦ
2882 1800 2940 1850 ἐν
2978 1798 3076 1867 ίσῳ
3104 1798 3183 1862 τὸ,
3213 1816 3232 1849 t
3271 1798 3567 1869 Ἐποίησεν
3593 1800 3625 1852 ὁ
3644 1798 3780 1863 Θεὸς

459 1878 605 1933 Deus
636 1880 835 1934 caelum
858 1890 913 1935 et
931 1892 1173 1947 terram;
1205 1902 1222 1934 ι
1261 1894 1315 1939 et
1340 1894 1399 1939 ut
1438 1886 1529 1939 illa
1555 1885 1775 1955 quidem
1808 1895 1935 1937 sunt
1962 1883 2053 1937 Dei

2162 1887 2253 1941 τὸν
2295 1888 2524 1958 οὐρανὸν
2581 1892 2675 1943 xui.
2713 1890 2811 1961 τὴν
2845 1892 2948 1959 γῆν
2981 1911 2994 1922 ·
3041 1909 3059 1941 ι
3092 1891 3320 1945 κάκεῖνα
3353 1891 3464 1961 γάρ
3494 1891 3651 1944 Θεοῦ
3700 1891 3779 1954 ὡς

458 1980 749 2037 creatum,
780 1982 835 2027 et
862 1972 952 2027 ille
985 1975 1240 2031 similiter
1274 1987 1525 2031 creatura
1552 1986 1637 2031 est
1659 1987 1713 2031 et
1736 1991 1875 2046 opus
1892 1978 2049 2046 ejus:

458 2064 581 2120 ideo
614 2065 753 2120 bene
775 2068 1083 2137 appellatus
1119 2080 1203 2125 est
1222 2073 1445 2140 spiritus
1474 2070 1589 2126 Dei.

820 2182 1148 2250 QUAESTIO
1190 2185 1329 2242 xvn
1372 2188 1471 2260 [αί.
1506 2187 1672 2259 xvq.

507 2297 618 2354 Cur
649 2298 889 2368 prohibet
924 2304 1052 2373 quin
1083 2322 1271 2359 carnes
1303 2322 1335 2359 a
1372 2306 1501 2374 [eris
1533 2315 1717 2373 captas
1757 2302 1995 2359 homines

1099 2377 1378 2429 comedunt
1396 2379 1421 2429 .7

528 2489 856 2562 Discrepare
894 2491 1156 2563 praesenti
1192 2504 1466 2563 przeeepto
1505 2492 1649 2549 Deus
1676 2494 1866 2548 statuit
1898 2491 2049 2547 fera-

428 2598 574 2637 rum
596 2592 651 2639 et
673 2585 960 2640 hominum
990 2587 1159 2640 vitam
1190 2603 1204 2639 :
1235 2587 1434 2655 quibus
1460 2587 1605 2641 enim
1629 2586 1953 2657 prohibetur
1982 2599 2049 2637 ne

455 2678 527 2732 sit
558 2693 665 2732 una
704 2687 759 2733 et
792 2679 981 2733 eadem
1025 2695 1239 2745 mensa,
1277 2694 1374 2733 eos
1400 2687 1454 2732 et
1509 2679 1648 2733 alios
1700 2694 1891 2733 omnes
1927 2691 2051 2730 mo-

456 2788 545 2826 res
574 2784 629 2827 et
652 2772 1103 2827 vitminstitutum
1134 2782 1188 2826 et
1218 2784 1400 2825 motus
1420 2782 1475 2826 et
1504 2780 1661 2825 actus
1683 2771 1917 2825 multum
1948 2766 2053 2823 dif-

458 2863 600 2921 ferre
628 2866 716 2921 lex
748 2864 995 2919 addocet.
1022 2864 1182 2934 Rapit
1210 2863 1321 2918 fera
1353 2876 1407 2919 et
1447 2865 1605 2918 avida
1637 2875 1721 2917 est
1751 2873 1806 2917 et
1841 2865 1905 2916 ad
1932 2876 2051 2915 mo-

455 2966 548 3012 tus
594 2964 680 3013 est
726 2957 1166 3027 petulantissima
1218 2958 1473 3027 legesque
1518 2965 1572 3011 et
1605 2956 1959 3027 benignitatis
1999 2962 2055 3009 et

456 3047 873 3102 communitatis
924 3057 979 3103 et
1031 3046 1470 3102 mansuetudinis
1530 3047 1705 3102 nescit
1768 3065 1779 3101 :
1843 3047 1913 3101 ab
1969 3044 2054 3099 his

455 3139 717 3197 omnibus
766 3156 965 3211 purum
1013 3150 1068 3195 et
1125 3140 1355 3195 liberum
1410 3155 1534 3195 esse
1565 3138 2048 3203 honiinemdecet;

2164 1982 2467 2051 ποιήματα,
2502 1984 2594 2035 xui.
2632 1984 2790 2035 τοῦτο
2820 1983 3020 2053 ὁμοίως
3036 1983 3243 2053 κτίσμα
3265 1982 3403 2036 Θεοῦ
3422 1985 3518 2037 xui.
3546 1984 3777 2054 ποίημα

2161 2067 2258 2120 τοῦ
2292 2070 2460 2124 αὑτοῦ
2493 2087 2507 2101 ⁶
2540 2072 2622 2126 διὸ
2674 2072 2860 2137 καλῶς
2890 2074 3103 2144 εἴρηται
3131 2072 3349 2143 πνεῦμα
3375 2073 3544 2131 Θεοῦ.

2713 2191 3048 2246 ΕΡΩΤΙῙΣΙΣ
3083 2195 3180 2247 lZ'.

2157 2297 2261 2352 Διά
2294 2301 2351 2354 τί
2374 2301 2711 2369 θηριάλωτα
2750 2304 2897 2370 κρέα
2950 2304 3091 2370 τοὺς
3122 2305 3476 2373 ἀνθρώπους
3530 2302 3779 2358 ἐσθίειν

2756 2376 3097 2429 ἀποκωλύει
3114 2393 3131 2440 ;

2231 2489 2695 2561 Παρηλλαγμένον
2722 2492 2823 2547 διά
2854 2494 2947 2548 τοῦ
2990 2494 3263 2567 παρόντος
3321 2495 3775 2565 προστάγματος

2156 2585 2446 2654 νομοθετεῖ
2480 2586 2574 2639 τὸν
2607 2586 2719 2641 τῶν
2760 2588 2967 2659 θηρίων
2996 2583 3137 2641 εἶναι
3185 2589 3389 2661 τρόπον
3417 2590 3517 2642 xui.
3543 2590 3645 2641 τὸν
3669 2590 3765 2641 ἀν-

2155 2676 2430 2747 θρώπινον
2452 2678 2568 2749 βίον
2588 2694 2602 2709 ·
2634 2675 2717 2743 οἷς
2731 2680 2840 2749 γάρ
2859 2682 2891 2750 ἡ
2911 2681 3165 2751 τράπεζα
3184 2680 3457 2734 κωλύεται
3482 2681 3591 2752 μία
3618 2681 3719 2732 καὶ
3740 2680 3775 2749 ή

2154 2768 2295 2839 αύτὴ
2328 2765 2491 2834 εἶναι,
2524 2769 2736 2833 τούτοις
2770 2772 2863 2825 xui.
2892 2772 2960 2824 τὰ
2987 2771 3124 2827 ἄλλα
3157 2773 3338 2826 πάντα
3383 2771 3489 2843 ἢθη
3555 2789 3623 2826 τε
3681 2772 3774 2825 xui.

2155 2860 2339 2916 δίαιτα
2368 2863 2461 2916 xui.
2492 2864 2665 2934 ὁρμαὶ
2703 2865 2800 2917 καὶ
2826 2864 3057 2935 πράξεις
3087 2865 3229 2919 κατὰ
3265 2866 3403 2919 πολὺ
3456 2865 3769 2934 διαφέρειν

2162 2954 2549 3023 συνεισάγεται
2585 2956 2749 3026 νόμος
2779 2972 2793 2986 ’
2830 2956 3071 3029 ἁρπάζει
3105 2957 3166 3010 τὸ
3196 2956 3388 3029 θηρίον
3439 2961 3533 3011 καὶ
3571 2959 3772 3012 πλεον-

2156 3048 2324 3112 εκτεῖ,
2362 3046 2460 3101 καὶ
2492 3047 2629 3118 πρὸς
2658 3048 2757 3112 τὰς
2780 3050 2957 3120 ὁρμάς
2985 3050 3103 3103 ἐστι
3152 3051 3634 3121 προπετέστατον,
3674 3050 3774 3104 καὶ

2160 3138 2362 3206 νόμους
2420 3139 2523 3193 οὐκ
2554 3134 2667 3192 οἶδε
2717 3138 3133 3212 φιλανθρωπίας
3168 3143 3265 3195 καὶ
3326 3142 3623 3206 κοινωνίας
3674 3143 3767 3194 καὶ

456 3234 584 3288 item
616 3249 746 3288 vero
766 3206 825 3289 et
856 3233 922 3287 ad
945 3232 1081 3288 alios
1099 3232 1324 3290 aﬂ‘ectus
1343 3233 1714 3301 intemperans
1742 3239 1824 3285 est
1842 3230 2051 3285 animal

2160 3232 2501 3303 ἡμερότητος
2526 3249 2539 3263 ·
2564 3206 2774 3287 τούτων
2800 3206 3058 3289 ἁπάντων
3086 3234 3326 3307 καθαρὸν
3358 3235 3455 3289 xui.
3476 3234 3772 3305 ἀπηλλαγ-

454 3336 509 3380 et
565 3325 922 3381 infrenatum.
967 3325 1154 3397 Itaque
1203 3327 1484 3380 hominum
1542 3323 1738 3394 agendi
1779 3323 1920 3379 ratio
1956 3338 2052 3392 per

457 3419 877 3491 temperantiam
911 3429 966 3476 et
996 3420 1397 3475 institutionem
1432 3419 1732 3489 procedens
1767 3417 1857 3471 illa
1916 3433 2052 3485 pra:-

459 3520 631 3566 staret
651 3511 969 3567 diﬂercntite
992 3513 1145 3583 signa
1169 3530 1184 3579 ;
1215 3512 1265 3567 id
1288 3527 1417 3566 vero
1444 3511 1588 3579 quod
1622 3526 1729 3564 non
1750 3510 1849 3563 hos
1878 3509 2053 3578 signis

457 3603 735 3674 lignatum
764 3614 819 3659 et
850 3614 1097 3659 notatum
1128 3605 1235 3659 erit
1265 3614 1524 3674 tanquam
1559 3602 1733 3657 ferum
1767 3614 1820 3656 et
1853 3618 1881 3655 a
1921 3601 2053 3657 feris

458 3708 678 3765 captum
710 3696 839 3766 quid
867 3706 920 3750 et
946 3707 1287 3751 mansuetam
1320 3696 1817 3765 rationabilemque
1844 3710 2054 3750 exuens

462 3802 715 3846 naturam
772 3792 1073 3863 rejieietur.
1113 3791 1168 3845 Si
1219 3792 1345 3862 quis
1387 3801 1573 3846 autem
1626 3791 1691 3845 ad
1751 3792 2049 3859 puritatem

462 3886 735 3939 instruere
793 3894 849 3939 et
916 3885 1188 3940 adducere
1241 3885 1450 3939 diceret
1516 3899 1611 3954 per
1668 3882 2052 3937 abstinentiam

459 3973 709 4027 carnium
758 3987 785 4026 a
837 3970 967 4028 feris
1011 3982 1296 4043 captarum
1344 3971 1477 4027 illud
1506 3972 1573 4026 ad
1617 3970 1911 4040 imaginem
1960 3970 2054 4023 Dei

460 4065 756 4120 formatum
793 4081 955 4136 opus,
987 4075 1041 4121 et
1073 4067 1253 4123 omnis
1296 4064 1652 4136 turpitudinis
1703 4079 1898 4132 expers
1935 4064 2055 4117 red-

459 4162 591 4217 dere
633 4177 756 4231 quae
799 4172 1018 4233 gustum
1067 4164 1260 4233 polluit
1292 4172 1345 4216 et
1380 4176 1504 4232 quae
1551 4175 1647 4229 per
1682 4159 1820 4213 alios
1854 4172 2054 4212 sensus

462 4256 703 4325 procedit
725 4255 913 4323 (unius
939 4256 1083 4310 enim
1114 4272 1314 4312 sensus
1339 4254 1595 4310 custodia
1628 4261 1682 4308 et
1717 4250 2051 4312 observatio,

458 4360 515 4403 ct
545 4351 686 4405 alios
726 4347 980 4404 similiter
1028 4350 1096 4405 ab
1130 4350 1281 4403 omni
1338 4349 1656 4418 impuritate
1702 4354 1757 4399 et
1814 4344 2053 4412 turpitu-

458 4442 586 4498 dine
618 4443 854 4497 mundos
885 4457 980 4513 per
1008 4442 1159 4497 illum
1204 4441 1379 4511 facit),
1414 4441 1467 4496 id
1515 4456 1625 4495 non
1672 4454 1701 4492 a
1728 4436 1877 4492 civili
1925 4450 2055 4504 pro-

459 4535 699 4589 videntia
732 4544 787 4589 et
821 4544 1011 4591 sancta
1054 4535 1394 4593 institutione
1419 4541 1565 4589 esset
1588 4532 1851 4587 alienum.

2156 3325 2318 3396 μένον
2391 3327 2657 3397 προσήκει
2716 3325 2809 3378 τὸν
2890 3325 3180 3397 ἄνθρωπον
3256 3321 3435 3379 εἶναι·
3487 3325 3764 3387 ὡσαύτως

2153 3420 2210 3473 δὲ
2242 3419 2333 3472 xui
2361 3420 2503 3473 κατὰ
2526 3419 2595 3471 τὰ
2627 3418 2761 3473 ἄλλα
2790 3418 2900 3473 τῶν
2922 3418 3133 3482 παθῶν,
3162 3419 3407 3489 ἀκρατὲς
3432 3420 3552 3471 ἐστι
3581 3418 3645 3470 τὸ
3668 3416 3771 3483 θη-

2156 3516 2271 3587 ρίον
2302 3512 2739 3582 καὶάχαλίνωτον
2754 3530 2768 3543 υ
2796 3511 2989 3565 ούκοῦν
3009 3511 3166 3583 ἡτῶν
3190 3511 3286 3565 ἀνθ
3296 3510 3494 3581 ρώπων
3515 3510 3768 3565 πολιτεία

2153 3608 2571 3678 δι’ὲγκρατείας
2596 3608 2688 3659 xui
2708 3605 3088 3675 παιδαγωγίας
3101 3606 3386 3664 ὁδεύουσα,
3400 3604 3577 3658 ταῦτα
3591 3602 3770 3673 παρά-

2156 3722 2275 3775 σχοι
2310 3706 2411 3774 τῆς
2450 3703 2712 3772 διαφορᾶς
2742 3701 2811 3753 τὰ
2848 3701 3212 3771 γνωρίσματα
3235 3716 3248 3729 ·
3281 3701 3379 3753 xui.
3432 3701 3596 3769 τόνγε
3646 3696 3765 3750 τού-

2155 3814 2269 3860 τοις
2299 3795 2614 3867 ἀσήμαντόν
2636 3812 2696 3847 τε
2724 3794 2817 3847 καὶ
2846 3794 3253 3861 ἀνεπίγνωστον
3282 3795 3397 3854 τοῖς
3426 3793 3764 3864 γνωρίσμα-

2158 3905 2245 3941 σιν
2290 3887 2366 3950 ὡς
2411 3887 2602 3958 θηρίον
2641 3886 2737 3939 καὶ
2765 3884 3107 3955 θηριάλωτον
3139 3884 3233 3937 καὶ
3262 3884 3361 3953 τῆς
3410 3885 3628 3955 ἡμέρου
3672 3880 3763 3936 καὶ

2156 3979 2385 4050 λογικῆς
2414 3976 2895 4048 καταψευδόμενον
2948 3976 3165 4046 φύσεως
3212 3978 3653 4048 ὲκτραπήσεται.
3700 3974 3762 4026 Εί

2157 4071 2213 4125 δὲ
2240 4070 2377 4141 πρὸς
2395 4069 2804 4141 καθαρειότητα
2837 4067 3122 4124 παιδεύειν
3154 4086 3215 4121 τε
3246 4070 3340 4122 xui.
3372 4070 3603 4136 ἀνάγειν
3628 4067 3757 4137 φαίη

2157 4181 2243 4227 τις
2275 4164 2365 4217 διὰ
2388 4163 2489 4233 τῆς
2524 4164 2735 4233 ἀποχῆς
2769 4163 2881 4216 τῶν
2910 4161 3274 4233 θηριαλώτων
3316 4164 3379 4215 τὸ
3415 4164 3538 4216 κατ’
3577 4161 3761 4215 εἰκόνα

2156 4255 2298 4310 Θεοῦ
2334 4256 2815 4327 διαπεπλασμένον
2866 4255 3267 4326 φιλοτέχνημα,
3326 4255 3421 4307 καὶ
3469 4253 3757 4325 βδελυρίας

2158 4350 2384 4421 ἁπάσης
2419 4348 2855 4412 κατασκευάζειν
2886 4348 3185 4417 ἀμέτοχον,
3224 4349 3321 4418 ὅση
3350 4364 3411 4400 τε
3441 4345 3756 4416 διαμολύνει

2156 4441 2259 4513 τὴν
2300 4439 2488 4508 γεῦσιν
2524 4441 2617 4493 xui.
2654 4440 2753 4509 ὂση
2784 4439 2871 4491 διά
2898 4439 3007 4491 τῶν
3054 4438 3231 4492 ἄλλων
3276 4438 3589 4510 αἰσθήσεων
3629 4436 3757 4508 πρό-

2160 4550 2329 4589 εισιν·
2357 4536 2389 4605 ἡ
2422 4533 2531 4605 γάρ
2563 4534 2656 4587 ἐπὶ⁵
2686 4533 2783 4603 τῆς
2814 4534 2941 4603 μιᾶς
2973 4533 3348 4605 παραφυλακὴ
3410 4534 3507 4586 καὶ
3564 4531 3759 4599 συντή-

461 4648 640 4701 ρησις,
673 4630 769 4687 xui.
814 4630 913 4694 τὰς
958 4627 1124 4691 ἄλλας
1163 4628 1362 4696 ὁμοίως
1405 4627 1506 4697 τῆς
1538 4626 1885 4697 ἀκαθαρσίας
1949 4628 2045 4683 καὶ
2088 4627 2372 4698 βδελυρίας
2429 4625 2762 4697 καθαρεύειν
2823 4625 2889 4679 δι’
2947 4628 3166 4695 ἐκείνης
3208 4625 3602 4694 ἀσφαλίζεται,
3634 4624 3754 4680 οὐδὲ

458 4729 617 4783 τοῦτο
640 4728 706 4783 ἂν
732 4725 818 4798 εἴη
871 4727 972 4797 τῆς
1008 4724 1294 4795 πολιτικῆς
1341 4723 1599 4794 προνοίας
1636 4724 1731 4777 καὶ
1790 4725 2162 4797 ἁγιοπρεποῦς
2194 4724 2477 4795 ἀλλότριον
2507 4720 2922 4784 καταστάσεως.

927 4816 1259 4886 ουιιιῑδτιο
1296 4816 1461 4874 xvm
1502 4816 1717 4889 [χνιιι.

464 4935 739 5003 Quomodo
778 4934 1178 5003 intelligendum
1223 4932 1377 4997 illud,
1429 4951 1447 4982 ι
1494 4930 1609 4985 Non
1650 4932 1929 4999 apparebis
1970 4949 2060 4987 co-

979 5022 1095 5059 ram
1132 5021 1211 5058 me
1246 5004 1490 5057 vacuus?
1536 5022 1555 5053 ι

2086 4892 2140 4951 Ι)

2711 4816 3050 4869 ΕΡΩἸῊΣΙΣ
3080 4816 3186 4869 111⁹.

2166 4929 2300 4997 Πῶς
2322 4929 2577 4999 νοητέον
2606 4930 2673 4984 τό
2702 4971 2718 4997 ,
2756 4948 2775 4982 ι
2836 4932 2960 4983 Οὐκ
2990 4930 3234 5001 agona”
3276 4931 3456 4997 κενὸς
3483 4932 3756 4986 ἐναντίον

2849 5018 2967 5069 μου
2985 5016 3003 5064 ;
3026 5021 3045 5053 ι

1088 5096 1230 5147 Edita
1251 5111 1275 5144 a
1302 5094 1447 5154 Maio,
1472 5096 1505 5143 l.
1531 5107 1597 5153 c.,
1619 5108 1669 5157 p.
1698 5094 1773 5155 l7,
1810 5093 1861 5143 in
1883 5094 2041 5145 Exod.
2066 5108 2204 5154 χχιιι,
2229 5093 2326 5153 15;
2368 5106 2543 5153 xxxw,
2569 5093 2655 5153 10;
2678 5094 2890 5144 Deuter.
2929 5093 3133 5154 “1,16.

537 5185 773 5255 Quidam
818 5184 987 5253 igitur
1012 5184 1202 5238 dicunt
1242 5199 1368 5237 eum
1420 5181 1515 5250 qui
1553 5179 1723 5235 Deum
1769 5181 2058 5236 adoratum

469 5280 621 5333 venit
646 5286 904 5351 oportere
944 5285 1000 5334 et
1036 5276 1178 5330 dona
1212 5275 1423 5331 liberali
1455 5290 1621 5329 manu
1680 5274 1877 5330 olferre
1904 5293 1919 5342 ;
1948 5291 2057 5329 non

471 5383 731 5443 tanquam
764 5371 907 5434 Deus
939 5371 1026 5426 his
1075 5370 1339 5440 indigeat,
1367 5368 1591 5441 (quibus
1617 5368 1763 5423 enim
1802 5367 1946 5424 Deus
1975 5369 2061 5422 in-

470 5464 654 5534 digere
686 5464 923 5534 possit?)
982 5462 1077 5519 sed
1122 5473 1381 5533 tanquam
1422 5461 1687 5516 benelieia
1727 5470 1857 5517 tunc
1910 5461 2060 5515 acci-

472 5552 586 5622 piat
616 5554 661 5608 is
691 5553 785 5623 qui
816 5569 1045 5608 munera
1076 5553 1254 5607 olfert.
1280 5550 1510 5619 Quando
1540 5553 1664 5622 quis
1690 5553 1835 5607 enim
1860 5552 2060 5620 dignus

475 5654 736 5699 censetur
755 5644 850 5713 qui
881 5643 988 5699 Deo
1014 5644 1225 5700 fructus
1259 5645 1474 5708 olIerat,
1505 5654 1559 5697 ct
1587 5644 1856 5699 internum
1896 5643 2065 5714 pieta-

477 5742 586 5797 tem
620 5753 719 5808 per
762 5747 989 5793 externa
1022 5738 1241 5803 revolet,
1296 5746 1349 5793 et
1394 5737 1766 5794 mcdiantibus
1797 5737 2063 5807 placami-

556 5856 610 5889 “
633 5854 787 5911 Psal.
826 5868 993 5920 XLVII,
1037 5854 1127 5909 18.

2237 5179 2397 5243 Τινὲς
2447 5179 2547 5250 μὲν
2601 5175 2695 5233 οὖν
2730 5196 2895 5251 φασιν
2955 5180 3031 5245 ὡς
3086 5178 3322 5234 ἀπιόντα
3380 5183 3754 5252 προσκυνῆσαι

2166 5272 2288 5343 Θεῷ
2316 5272 2401 5326 δεῖ
2442 5273 2537 5327 xui.
2559 5272 2707 5344 δῶρα
2756 5266 3145 5344 προσάγεινῶν
3176 5274 3210 5344 ἡ
3238 5274 3361 5344 χεὶρ
3385 5271 3639 5345 εὔπορος,
3664 5272 3753 5340 οὐχ

2166 5368 2242 5430 ὡς
2267 5366 2325 5419 έν
2342 5366 2501 5436 χρεία
2516 5365 2719 5419 τούτων
2736 5366 3085 5430 καθεστῶτος
3102 5365 3260 5419 Θεοῦ·
3287 5367 3435 5429 τίνος
3454 5367 3566 5438 γάρ
3585 5367 3651 5419 ἂν
3672 5363 3749 5432 είη

2167 5460 2303 5521 Θεὸς
2335 5458 2639 5529 προσδεής;
2672 5458 2801 5513 ἀλλ’
2848 5459 2924 5522 ὡς
2976 5458 3442 5531 εύεργετουμένου
3483 5455 3749 5512 κάνταῦθα

2165 5552 2262 5605 τοῦ
2285 5552 2674 5622 προσάγοντος
2708 5554 2765 5605 ὲν
2787 5543 2832 5619 ᾧ
2858 5553 2963 5622 γάρ
2986 5570 3069 5617 τις
3098 5553 3345 5619 ἀξιοῦται
3380 5549 3746 5622 καρποφορεῖν

2166 5642 2325 5715 Θεῷ,
2359 5646 2455 5698 xui.
2496 5644 2605 5698 τῶν
2648 5644 2793 5698 ἔνδον
2844 5646 2934 5698 διὰ
2981 5646 3090 5698 τῶν
3142 5645 3301 5709 ὲκτὸς
3351 5644 3747 5699 ἀνακαλύπτειν

2174 5735 2457 5791 εὐσέϐειαν
2476 5776 2491 5803 ,
2520 5736 2616 5791 καὶ
2652 5735 3023 5792 συνάπτεσθαι
3051 5734 3141 5790 διά
3188 5737 3371 5807 μέσων
3411 5734 3526 5789 τῶν
3556 5732 3749 5806 μειλιγ·
