4084 6450
418 367 510 433 141

1160 373 1260 433 AD
1282 368 1877 432 AMPIIILOCHIUM
1914 365 2262 441 QUIESTIO
2300 368 2487 443 XVII,
2530 368 2752 443 XVIII,
2793 368 2955 429 XIX.

3610 370 3711 436 142

416 484 601 551 μάτων
622 481 682 535 τὸ
699 481 927 553 πλάσμα
940 482 1019 553 τῷ
1036 482 1323 548 πλάσαντι,
1341 483 1433 537 τοῦ
1459 484 1557 554 μὲν
1574 484 1701 537 ἵλεω
1713 482 2002 553 δεχομένου

2131 482 2291 537 nibus
2336 490 2647 537 creaturam
2696 482 2991 553 eonjungat
3032 481 3319 550 Creatori,
3366 486 3539 543 altero
3588 490 3713 558 qui-

410 574 503 627 τ>ῦ
527 574 582 627 δὲ
599 575 805 639 πιστῶς
836 575 933 627 καὶ
956 574 1255 646 προθύμως
1287 576 1566 646 φέροντος,
1590 576 1709 639 πῶς
1725 576 1825 629 οὐκ
1853 574 2019 645 ἀνείη

416 667 734 737 θαυμαστῆς
762 668 1022 736 προνοίας
1052 669 1147 721 καὶ
1180 668 1501 739 εὐεργεσίας
1547 668 1851 730 ἀπόλαυσις
1877 710 1891 734 ,
1922 667 2020 721 καὶ

415 761 468 813 τί
496 759 558 812 Ξιν
593 758 719 813 ἀλλο
751 759 801 811 εί
827 758 903 831 μὴ
930 759 1088 813 τοῦτο
1118 760 1205 830 εἴη
1244 760 1381 831 πρὸς
1400 759 1722 832 εὐεργεσίαν
1757 759 1853 812 καὶ
1880 759 2017 829 πρό-

415 868 561 905 νοιαν
603 851 678 920 τῷ
714 850 917 921 λογικῷ
965 849 1091 921 ζώῳ
1145 852 1563 923 σπουδαιότερόν
1612 868 1671 904 τε
1703 852 1799 906 καὶ
1824 851 2018 922 τιμιώ-

412 961 571 1012 τερον
597 944 685 1005 ;τί
715 944 772 997 δὲ
798 944 1152 1017 χαριέστερόν
1201 962 1262 998 τε
1297 947 1393 999 καὶ
1432 945 1693 1016 ἡδύτερον
1724 962 1739 1012 ;
1768 945 1853 1015 εἴη
1884 945 1929 999 δ’
1952 943 2018 999 ἂν

412 1034 508 1088 καὶ
583 1035 1026 1106 προσφυέστερον
1102 1035 1301 1107 μᾶλλον
1348 1036 1448 1100 τὰς
1517 1036 1720 1108 ἁρετάς
1785 1034 2017 1089 ἐνταῦθα

414 1127 513 1179 καὶ
541 1126 642 1197 τὴν
668 1127 952 1180 εὐσέϐειαν
1003 1128 1227 1191 ἐννοεῖν,
1254 1120 1329 1181 ὧν
1358 1128 1419 1180 οὐ
1454 1127 1610 1180 κενὸν
1650 1126 1905 1180 οὐδέποτε
1936 1125 2018 1179 δεῖ

406 1219 755 1273 κατενώπιον
809 1219 1222 1292 όρᾶσθαιΘεοῦ’
1265 1222 1293 1272 6
1325 1218 1434 1289 γὰρ
1483 1208 1687 1289 ἀρετῆς
1717 1220 1811 1271 καὶ
1856 1218 2015 1271 εὐσε-

403 1312 561 1374 ϐείας
612 1312 989 1382 κεκενωμένος
1023 1354 1040 1379 ,
1099 1314 1203 1366 κᾶν
1232 1313 1362 1383 δοκῇ
1400 1312 1685 1384 προσιέναι
1714 1310 1853 1381 Θεῷ,
1900 1309 2013 1364 οὐτ’

401 1405 472 1457 ἂν
526 1405 719 1473 ὄψεται
779 1405 913 1459 Θεὸν
960 1404 1085 1457 οὔτε
1145 1405 1441 1476 ὀφθήσεται
1491 1406 1583 1457 ὐπ’
1628 1404 1816 1457 αὐτοῦ·
1848 1406 1875 1457 6
1906 1405 2014 1473 γάρ

398 1497 610 1566 ἀσεϐὴς
678 1500 779 1550 οὐκ
827 1497 1018 1566 ὄψεται
1075 1496 1233 1563 δόξαν
1266 1496 1425 1550 Θεοῦ·
1472 1496 1595 1549 οὐδὲ
1640 1496 2013 1565 διηγήσεταιὸ

398 1588 731 1661 ἁμαρτωλὸς
781 1589 852 1642 τά
901 1588 1248 1659 δικαιώματα
1308 1586 1471 1643 αὐτοῦ
1497 1605 1510 1619 ο
1550 1587 1663 1640 ἀλλ’
1694 1587 1815 1639 οὐδὲ
1846 1584 2012 1655 γινὼ-

400 1698 526 1734 σκει
574 1680 779 1752 Κύριος
830 1681 952 1735 οὐδ’
992 1681 1281 1751 εὐμενείας
1326 1681 1534 1751 ὄμματι
1563 1681 1658 1734 καὶ
1686 1680 2013 1743 οίκειώσεως

402 1769 618 1841 καθορᾷ
658 1771 788 1834 τοὺς
843 1770 943 1841 τῆς
974 1770 1206 1842 ἀνομίας
1233 1770 1495 1841 ἐργάτας.
1537 1769 1864 1838 Ἀναγκαῖον
1912 1768 2006 1823 οῦν

2121 572 2243 627 dem
2293 572 2454 625 hilari
2484 573 2636 627 vultu
2674 574 3000 643 accipiente,
3052 576 3223 631 altero
3251 585 3432 633 autem
3475 578 3711 635 ﬁdeliter

2121 672 2175 717 et
2201 662 2461 718 ardenter
2493 663 2775 730 atl‘erente,
2821 668 3098 736 quomodo
3135 684 3244 723 non
3289 685 3355 723 eo
3384 680 3531 726 esset
3558 671 3710 725 mira:

2121 754 2479 824 providentiae
2533 764 2590 810 et
2640 756 2997 826 benignitatis
3025 756 3251 813 fruitio?
3301 759 3366 813 Et
3394 761 3525 831 quid
3555 762 3707 815 aliud

2121 846 2370 901 benelieii
2417 856 2510 902 aut
2537 848 2914 917 providentur,
2952 849 3266 904 rationabili
3299 862 3569 908 creatura:
3609 854 3706 908 de-

2120 939 2477 995 siderabilius
2508 951 2562 995 et
2588 941 2889 1011 pretiosius
2918 943 3104 997 esset?
3125 943 3267 1009 Quid
3304 955 3486 1000 autem
3527 961 3705 1001 amaz-

2119 1034 2246 1089 nius
2296 1044 2349 1088 et
2398 1034 2651 1089 dulcius?
2691 1034 2884 1103 Aptius
2933 1044 3115 1089 autem
3157 1046 3304 1092 esset
3350 1038 3423 1091 ibi
3477 1039 3705 1095 virtutes

2117 1135 2172 1181 et
2220 1126 2475 1197 pietatem
2533 1127 2857 1197 intelligere,
2904 1127 3105 1196 quibus
3147 1144 3428 1198 nunquam
3465 1146 3703 1185 vacuum

2118 1227 2334 1288 oportet
2381 1232 2566 1272 coram
2625 1215 2734 1272 Dec
2764 1232 3066 1287 apparere;
3111 1217 3203 1287 qui
3235 1218 3379 1271 enim
3416 1219 3619 1274 virtute
3650 1228 3705 1275 et

2115 1305 2316 1374 pietate
2355 1313 2522 1369 caret,
2558 1305 2808 1375 quamvis
2834 1305 3080 1360 videatur
3110 1308 3177 1360 ad
3221 1306 3387 1361 Deum
3417 1310 3701 1372 accedere,

2116 1414 2295 1467 neque
2324 1398 2442 1467 ipse
2473 1399 2678 1453 videbit
2709 1398 2903 1466 Deum,
2958 1416 3135 1469 neque
3169 1414 3200 1454 a
3230 1401 3340 1454 Deo
3389 1402 3700 1466 videbitur;

2118 1490 2320 1559 impius
2350 1492 2495 1545 enim
2532 1507 2640 1546 non
2673 1493 2878 1547 videbit.
2901 1494 3132 1564 gloriam
3157 1493 3251 1548 Dei
3281 1512 3295 1560 ;
3327 1511 3504 1564 neque
3536 1512 3700 1549 enar-

2114 1584 2262 1638 rabit
2295 1594 2551 1653 peccator
2598 1584 2843 1654 justitias
2882 1589 3019 1655 ejus.
3060 1586 3248 1657 Neque
3295 1597 3484 1643 noseet
3517 1587 3703 1642 Domi-

2112 1692 2217 1731 nus
2245 1692 2423 1747 neque
2453 1677 2846 1732 benevolentia:
2894 1688 2949 1733 et
2992 1680 3250 1734 amicitia:
3297 1680 3477 1736 oculis
3515 1680 3699 1735 intue-

2112 1765 2263 1821 bitur
2295 1781 2390 1821 eos
2423 1767 2518 1837 qui
2566 1765 2771 1834 injuste
2809 1778 2997 1838 agunt.
3031 1768 3268 1826 Necesse
3294 1778 3377 1827 est
3405 1770 3572 1840 igitur
3604 1786 3702 1827 eos

401 1862 475 1924 ὡς
510 1837 658 1931 δῶρα
718 1863 820 1926 τάς
875 1837 1091 1933 ἀρετὰς-
1133 1862 1229 1917 καὶ
1267 1837 1380 1932 -τὴν
1431 1837 1717 1914 εὐσέϐειαν
1743 1862 1802 1914 ἐν
1852 1861 1999 1931 ψυχῇ

2108 1858 2201 1928 qui
2234 1874 2334 1926 pro
2371 1859 2533 1916 donis
2562 1861 2793 1917 virtutes
2820 1837 2875 1918 et
2924 1864 3181 1932 pietatem
3211 1868 3267 1918 in
3301 1837 3487 1919 animo
3517 1865 3702 1920 ferunt

402 1956 695 2027 φέροντας,
724 1954 868 2008 οὓτω
925 1954 1211 2024 προσιέναι
1260 1953 1381 2023 Θεῷ
1424 1953 1522 2006 καὶ
1570 1952 1633 2007 τὸ
1671 1954 2001 2023 πρόσταγμα

400 2049 651 2120 πληροῦν
688 2048 749 2101 τὸ
780 2047 1103 2101 δεσποτικὸν
1151 2046 1211 2100 τὸ
1238 2045 1749 2117 παρακελευόμενον
1780 2087 1793 2111 ,
1832 2064 1851 2097 ι
1888 2044 2003 2100 Οὐκ

398 2145 617 2214 ὸφθήσῃ
644 2142 799 2205 κενὸς
853 2142 1096 2195 ἐναντίον
1128 2158 1255 2211 μου.
1284 2159 1303 2192 ›
1333 2140 1543 2210 Πρέποι
1588 2139 1644 2192 δ’
1665 2139 1732 2193 ἂν
1758 2141 1859 2193 κάν
1889 2143 2003 2204 τοῖς

398 2235 534 2305 περὶ
563 2233 700 2287 Θεοῦ
757 2233 854 2286 καὶ
891 2233 1053 2287 θείων
1089 2232 1314 2304 ζήτημα
1369 2234 1445 2302 μὴ
1504 2231 1663 2286 κενὸν
1713 2231 2002 2295 εὐλαϐείας

398 2328 543 2399 μηδὲ
573 2326 951 2398 πνευματικῆς
994 2324 1333 2397 ἀνακρίσεως
1362 2319 1526 2377 εἶναι’
1556 2324 1586 2376 6
1610 2323 1719 2394 γάρ
1770 2323 2001 2394 ψυχικὸς

394 2419 492 2472 ἀνθ
505 2434 687 2487 ρωπος
709 2418 771 2469 οὐ
792 2416 1010 2486 δέχεται
1035 2415 1106 2469 τά
1123 2414 1218 2469 τοῦ
1240 2414 1570 2486 πνεύματος,
1590 2414 1710 2467 οὐδὲ
1736 2415 1765 2467 6
1791 2414 2002 2484 ίταμῶς

394 2512 745 2583 ἐπιρῤίπτων
794 2510 988 2564 ἑαυτὸν
1019 2512 1130 2572 τοῖς
1177 2508 1509 2578 θεοπρεπέσι
1562 2508 1873 2579 ζητήμασιν
1906 2506 2001 2560 οὖ-

398 2619 602 2671 μενουν
622 2602 723 2655 οὐκ
752 2602 818 2655 ἂν
838 2601 1128 2673 ἀνιχνεύσῃ
1150 2601 1247 2673 τὴν
1263 2600 1545 2673 ἀλήθειαν,
1576 2619 1596 2653 ι
1624 2603 1845 2671 Ζητεῖτε
1870 2602 2000 2672 γάρ,

395 2695 563 2763 φησι,
592 2693 689 2747 καλ⁵
713 2694 774 2747 οὐ
801 2692 1135 2765 λαμϐάνετε,
1168 2693 1303 2748 διότι
1326 2693 1512 2758 κακῶς
1536 2693 1774 2764 ζητεῖτε.
1816 2693 1875 2749 ’0
1902 2694 2003 2764 μέν

393 2805 473 2840 τοι
497 2786 878 2859 πνευματικὸς
905 2787 1001 2841 σὺν
1022 2786 1277 2859 εὐλαϐείᾳ
1297 2787 1609 2842 διασκοπῶν
1624 2804 1683 2840 τε
1709 2789 1803 2841 καὶ
1818 2787 2004 2859 ἐπιζη-

392 2879 500 2930 τὼν
532 2878 599 2931 τά
621 2878 716 2932 τοῦ
747 2879 1082 2948 πνεύματος,
1102 2872 1255 2943 οὗτος
1272 2879 1351 2941 είς
1374 2877 1593 2948 εὕρεσιν
1614 2878 1715 2948 τῆς
1734 2877 1999 2951 ἀληθείας

393 2971 655 3039 ἀφίξεται
712 2971 809 3025 καὶ
850 2971 949 3042 τῆς
972 2971 1211 3042 σπουδῆς
1242 2972 1302 3025 οὐ
1336 2971 1818 3043 διαψευσθήσεταν
1840 2970 2008 3041 ἀψευ-

390 3063 484 3133 δὴς
534 3064 643 3132 γάρ
673 3065 822 3117 ἐστιν
850 3065 879 3117 6
918 3064 1310 3135 ὑποσχόμενος·
1355 3082 1374 3117 ι
1405 3064 1617 3119 Αἰτεῖτε
1642 3104 1659 3129 ,
1692 3064 1790 3119 καὶ
1842 3064 2003 3135 δοθή-

397 3172 554 3208 σεται
594 3156 749 3226 ὐμῖν’
774 3155 1029 3228 κρούετε,
1063 3158 1159 3211 καὶ
1185 3158 1544 3229 ἀνοιγήσεται
1572 3158 1721 3229 ὑμῖν.
1762 3176 1780 3206 ι

924 3272 1263 3326 ΕΡΩΤΗΣῙΣ
1316 3273 1418 3327 ΙΘ’.

398 3391 530 3457 Πῶς
560 3393 675 3444 οὐκ
704 3392 877 3444 ἔστιν
907 3391 1186 3444 ἐναντίον
1213 3390 1281 3443 τὸ
1313 3388 1517 3457 λέγον,
1556 3410 1575 3443 ι
1614 3389 1775 3445 Ἰδοὺ
1805 3388 2004 3442 πάντα

469 3463 633 3515 καλὰ
665 3464 827 3521 λίαν,
857 3480 875 3512 ι
910 3462 1098 3515 καὶτὸ
1128 3461 1277 3529 μετὰ
1308 3461 1497 3514 ταῦτα
1522 3460 1869 3524 ἐπιδιελεῖν,
1899 3459 2001 3513 καί

467 3534 541 3587 τὰ
552 3533 676 3602 μὲν
692 3531 809 3585 τῶν
825 3532 982 3592 ζώων
1003 3532 1234 3601 καθαρὰ
1244 3530 1468 3602 λέγειν,
1483 3534 1553 3587 τὰ
1568 3533 1635 3586 δὲ
1653 3531 1961 3601 ἀκάθαρτα
1976 3547 1995 3595 ;

2100 1951 2167 2007 ad
2196 1950 2363 2006 Deum
2388 1953 2647 2009 accedere
2666 1962 2722 2009 et
2750 1964 3088 2025 praeceptum
3118 1955 3466 2013 Dominicum
3514 1957 3699 2013 adim-

2100 2044 2270 2115 plere,
2293 2047 2373 2101 sic
2399 2046 2697 2102 adhortans
2722 2064 2736 2099 :
2771 2066 2789 2099 ι
2814 2046 2933 2103 Non
2958 2049 3246 2119 apparebis
3274 2065 3461 2106 coram
3486 2067 3573 2105 me
3603 2067 3702 2106 va-

2101 2152 2261 2194 cuus.
2313 2157 2332 2192 ›
2372 2137 2601 2194 Deceret
2648 2149 2830 2195 autem
2888 2150 2943 2196 et
2996 2144 3327 2212 quiestiones
3376 2143 3443 2198 de
3482 2143 3594 2198 Deo
3647 2155 3703 2199 et

2102 2231 2304 2286 divinis
2348 2246 2459 2286 non
2502 2232 2790 2301 prudentia
2827 2242 2882 2288 et
2914 2234 3187 2302 spirituali
3227 2233 3438 2305 judicio
3487 2251 3698 2291 carere.

2100 2323 2371 2379 Animalis
2400 2325 2545 2379 enim
2584 2325 2751 2381 homo
2781 2341 2890 2381 non
2924 2328 3164 2397 percipit
3184 2342 3248 2382 ea
3280 2344 3402 2398 quce
3429 2336 3559 2383 sunt
3586 2328 3701 2398 spi-

2100 2416 2263 2481 ritus,
2291 2432 2469 2487 neque
2492 2418 2584 2488 qui
2611 2433 2670 2473 se
2695 2427 2899 2475 temere
2920 2420 2972 2474 in
2996 2420 3208 2477 divinas
3231 2420 3404 2491 injicit
3433 2422 3699 2490 quaestio-

2100 2526 2198 2565 nes
2234 2511 2583 2579 invest’igalﬁit
2617 2513 2924 2568 veritatem.
2982 2512 3238 2580 Quaeritis
3285 2513 3454 2579 enim,
3494 2514 3699 2583 inquit.

2101 2612 2157 2659 et
2201 2618 2311 2658 non
2356 2604 2659 2674 percipitis,
2718 2605 2847 2674 quia
2894 2606 3038 2662 male
3070 2606 3335 2676 quaeritis.
3383 2606 3702 2675 Spirituaiis

2103 2698 2324 2768 quidem
2364 2698 2661 2769 prudenter
2692 2700 3016 2755 examinans
3053 2708 3110 2754 et
3146 2698 3436 2769 inquirens
3462 2715 3525 2753 ea.
3573 2717 3698 2771 qua)

2104 2800 2234 2848 sunt
2257 2792 2504 2862 spiritus,
2524 2792 2613 2848 ille
2635 2792 2705 2847 ad
2719 2792 2966 2849 veritatis
2998 2793 3371 2849 inventionem
3399 2795 3699 2862 perveniet.

2105 2901 2205 2941 nec
2234 2902 2369 2943 suus
2390 2902 2515 2941 eum
2537 2886 2700 2942 ardor
2723 2885 3081 2943 frustrabitur
3111 2905 3124 2941 :
3157 2903 3270 2943 non
3300 2887 3447 2943 enim
3465 2888 3703 2943 mendax

2105 2988 2191 3035 est
2216 2980 2304 3035 ille
2331 2982 2422 3051 qui
2446 2981 2725 3051 pollicitus
2754 2991 2841 3038 est
2874 3000 2887 3035 :
2918 3000 2937 3034 ι
2960 2981 3158 3052 Petite,
3186 2990 3241 3039 et
3268 2982 3489 3039 dabitur
3514 2983 3705 3053 vobis;

2106 3075 2346 3145 pulsate,
2381 3082 2436 3131 et
2475 3075 2755 3145 aperietur
2785 3076 2943 3132 vobis
2974 3077 3042 3131 θ’.
3083 3097 3104 3130 ι

2461 3270 2795 3340 quasue
2832 3271 2956 3327 XIX
2998 3272 3097 3346 [ιιι.
3136 3273 3351 3347 XVIII].

2117 3385 2395 3453 Quomodo
2440 3403 2544 3440 non
2585 3387 2721 3441 inter
2751 3404 2808 3441 se
2860 3389 3216 3444 adversantur
3244 3406 3262 3443 :
3303 3408 3322 3441 ‹
3361 3388 3497 3444 Ecce
3522 3392 3706 3445 omnia

2180 3457 2406 3530 pulchra
2434 3459 2618 3530 nimis,
2652 3478 2670 3508 ι
2701 3467 2749 3511 et
2772 3474 2889 3528 qua:
2912 3461 3150 3530 sequitur
3173 3461 3385 3523 divisio,
3414 3477 3532 3514 cum
3563 3466 3635 3515 dii
3654 3465 3703 3515 i-

2182 3538 2269 3581 tur
2300 3528 2411 3581 alia
2450 3528 2660 3595 quidem
2698 3544 2763 3582 ea:
2814 3528 3135 3584 animalibus
3170 3547 3281 3585 esse
3326 3534 3550 3598 munda,
3586 3535 3703 3587 alia

2170 3615 2286 3653 vero
2320 3599 2632 3652 immunda?

926 3716 1071 3766 Edita
1092 3731 1119 3766 a
1142 3712 1291 3775 Maio,
1313 3716 1345 3764 ι.
1391 3728 1454 3772 c.,
1477 3726 1528 3777 p.
1563 3712 1728 3763 18-20.
1752 3715 1830 3763 An
1852 3711 1921 3763 sit
1951 3708 2279 3763 contradictio
2309 3709 2442 3761 inter
2464 3711 2590 3762 Gen.
2615 3723 2647 3770 I,
2675 3711 2730 3760 51
2770 3716 2825 3761 et
2852 3712 2978 3762 Gen.
3008 3726 3093 3773 vn,
3119 3712 3151 3758 εὶ

472 3822 655 3877 Πολλά
685 3822 784 3893 μὲν
817 3820 909 3873 οῦν
939 3820 1004 3873 ἄν
1021 3837 1106 3883 τις
1136 3821 1279 3873 εἴποι
1314 3821 1441 3888 περὶ
1462 3819 1669 3888 ταύτης
1696 3818 1797 3886 τῆς
1831 3818 2002 3889 ζητή-

400 3933 556 3981 σεως*
591 3915 815 3984 καὶγὰρ
837 3914 932 3967 καὶ
957 3913 1065 3964 τῶν
1096 3913 1202 3983 πρὸ
1231 3911 1389 3983 ἡμῶν
1442 3912 1543 3964 οὐκ
1575 3911 1744 3978 ὀλίγοι
1792 3909 2001 3981 ταύτην

398 4009 755 4064 ὲπελύσαντο·
783 4009 926 4061 εἴποι
953 4007 998 4060 δ’
1020 4007 1086 4061 ἀν
1112 4023 1198 4069 τις
1243 4005 1305 4059 οὐ
1358 4003 1549 4074 πόρῤω
1583 4006 1683 4074 τῆς
1711 4003 2001 4073 ἀκριϐείας

401 4105 731 4175 φερόμενος,
793 4102 869 4165 ὡς
904 4100 1005 4154 οὐκ
1035 4098 1290 4169 ἀλλήλοις
1316 4097 1378 4150 τό
1428 4114 1487 4151 τε
1514 4096 1761 4166 καθαρὸν
1794 4097 1889 4150 καὶ
1941 4094 1999 4148 τὸ

400 4197 585 4249 καλόν
610 4194 690 4265 τῷ
725 4194 823 4264 μὲν
855 4192 964 4263 γὰρ
1000 4190 1150 4261 καλῷ
1182 4191 1243 4243 τὸ
1282 4189 1475 4253 κακὸν,
1503 4188 1582 4260 τῷ
1614 4188 1659 4241 δ’
1694 4186 1992 4255 ἀκαθάρτῳ

397 4290 459 4340 τὸ
480 4286 722 4357 καθαρὸν
733 4286 1079 4356 διαμάχεται·
1102 4282 1412 4354 ἀκάθαρτον
1429 4282 1485 4334 δὲ
1504 4282 1597 4334 καὶ
1614 4279 1781 4334 καλὸν
1802 4280 1902 4332 οὐκ
1925 4278 1991 4332 ἂν

400 4384 485 4451 εἴη
523 4398 590 4450 γε
640 4380 706 4451 τῇ
744 4396 807 4448 γε
842 4376 1099 4448 ἀκριϐείᾳ
1129 4375 1461 4447 μαχόμενονο
1494 4376 1542 4427 εί
1577 4374 1677 4444 μὲν
1702 4372 1795 4426 οῦν
1822 4371 1993 4424 εἰπὼν

401 4472 733 4544 ἔμπροσθεν,
766 4491 784 4523 ι
812 4472 997 4523 Πάντα
1032 4468 1175 4523 καλά
1207 4468 1349 4535 λίαν,
1379 4486 1396 4518 ι
1420 4466 1647 4537 ὕστερον
1663 4466 1911 4535 ἐπήγαγε
1925 4462 1993 4516 τὰ

406 4565 504 4634 μὲν
527 4564 709 4618 αὐτῶν
731 4559 870 4615 εἶναι
890 4559 1050 4620 καλά,
1078 4560 1147 4613 τὰ
1165 4559 1221 4612 δὲ
1234 4557 1431 4629 φαῦλα,
1454 4556 1614 4610 τοῦτο
1640 4558 1708 4611 ἂν
1725 4557 1810 4627 εἴη
1849 4572 1995 4627 παρ-

401 4658 520 4728 έχον
534 4658 596 4710 τὸ
612 4652 974 4726 ἀποροψὲπεὶ
999 4652 1055 4705 δὲ
1078 4650 1221 4705 καλά
1242 4650 1362 4704 λίαν
1389 4648 1563 4704 είπὼν
1592 4650 1660 4703 τά
1690 4648 1789 4720 μὲν
1816 4646 1999 4701 αὐτῶν

399 4749 565 4819 ἔφησε
596 4748 814 4817 καθαρά
834 4746 930 4812 ,τά
948 4745 1003 4797 δὲ
1028 4743 1339 4815 ἀκάθαρτα,
1362 4741 1462 4813 τὴν
1494 4741 1674 4813 μάχην
1716 4740 1998 4809 διέφυγενθ

400 4836 540 4891 οὕτω
573 4837 674 4907 μὲν
715 4837 780 4889 ἂν
828 4834 1136 4905 κοινότερον
1180 4834 1245 4888 ἄν
1282 4850 1369 4896 τις
1420 4832 1566 4887 εἴποι
1616 4831 1713 4886 καὶ
1767 4831 2001 4900 λογικώ-

398 4947 454 4981 τε
464 4946 577 5001 ρον.
608 4930 816 4981 Ἐκεῖνο
830 4927 887 4981 δὲ
909 4928 991 4980 δεῖ
1006 4944 1089 4989 τις
1119 4924 1370 4993 συνιδεῖν,
1392 4924 1467 4989 ὡς
1489 4924 1549 4977 τὸ
1572 4924 1671 4994 μὲν
1704 4922 1848 4977 καλά
1878 4923 2000 4976 λίαν

401 5024 581 5077 πάντα
622 5017 762 5075 εἶναι
794 5020 886 5073 ἐπὶ
926 5019 1025 5090 τῆς
1066 5018 1176 5072 τῶν
1221 5015 1737 5088 δημιουργηθέντων
1784 5013 2001 5083 φύσεως

403 5114 633 5186 εἴρηταν
654 5115 714 5169 τὸ
733 5114 789 5169 δὲ
813 5114 1051 5185 καθαρὸν
1068 5113 1162 5166 καὶ
1179 5111 1486 5181 ἀκάθαρτον
1509 5108 1601 5162 ἐπὶ
1620 5108 1716 5178 τῆς
1739 5107 1890 5174 παρὰ
1903 5105 2014 5160 τῶν

402 5208 705 5281 ἀνθρώπων
732 5209 1004 5280 χρήσεως·
1053 5206 1249 5277 χρῆσις
1270 5204 1328 5257 δὲ
1379 5204 1472 5256 καὶ¹
1493 5201 1656 5271 φύσις
1682 5199 2009 5270 παμπόλλην

402 5305 585 5371 ἱχουσι
601 5301 698 5373 τὴν
717 5300 983 5371 διαφοράν
1005 5314 1021 5331 ο
1039 5296 1212 5351 πολλὰ
1230 5295 1329 5367 μὲν
1348 5294 1458 5366 γὰρ
1480 5298 1548 5366 τῇ
1562 5293 1720 5363 φύσει
1740 5294 1857 5346 ἐστὶ
1884 5292 2005 5346 λίαν

403 5394 634 5466 χρηστὰ,
674 5396 786 5457 τοῖς
829 5390 1136 5464 χρωμένοις
1175 5390 1232 5443 δὲ
1272 5389 1485 5458 γίνεται
1512 5387 1630 5440 λίαν
1662 5385 1894 5457 πονηρὰ,
1936 5384 2000 5439 οὐ

405 5487 556 5559 παρὰ
577 5490 689 5552 τοῖς
710 5488 809 5556 τὴν
828 5486 1036 5539 ἑαυτῶν
1067 5483 1250 5553 φύσιν,
1272 5482 1408 5535 ἀλλά
1439 5499 1513 5534 πα
1523 5480 1589 5551 ρὰ
1607 5480 1706 5549 τὴν
1736 5479 1842 5531 τῶν
1864 5494 1998 5547 χρωο

411 5580 583 5650 μένων
611 5578 944 5649 φαυλότητα’
980 5574 1073 5629 καὶ
1104 5575 1188 5629 ἵνα
1216 5576 1326 5637 τοῖς
1352 5572 1735 5643 προκειμένοις
1759 5571 1792 5641 ἡ
1813 5570 1996 5631 πίστις

417 5673 501 5725 ιιαὶ
534 5672 799 5743 ἑτέρωθεν
822 5672 1044 5741 ἐπιστῇ,
1070 5668 1269 5723 αὐτίκα
1300 5667 1328 5719 6
1350 5664 1577 5737 οὐρανὸς
1598 5664 1657 5716 τὸ
1685 5662 1998 5733 θαυμαστὸν

481 5853 521 5882 ⁸⁸
565 5852 752 5908 Matth.
785 5869 883 5921 vn,
923 5852 973 5908 7.

2178 3815 2352 3870 Multa
2400 3815 2625 3886 quidem
2664 3816 2731 3870 de
2793 3817 2896 3872 hac
2947 3818 3253 3887 quaestione
3296 3819 3406 3874 dici
3455 3831 3673 3887 possent

2106 3906 2325 3962 Etenim
2350 3916 2404 3963 et
2432 3918 2558 3962 ante
2586 3924 2686 3963 nos
2721 3924 2827 3961 non
2858 3911 3015 3977 pauci
3054 3926 3174 3964 eam
3212 3911 3521 3966 solverunt.
3580 3912 3675 3965 Nc»

2103 4000 2268 4070 longe
2314 4015 2346 4054 a
2394 4002 2628 4055 veritate
2675 4001 2894 4054 abesset
2938 4002 3033 4071 qui
3088 4003 3297 4058 diceret
3326 4005 3469 4059 inter
3501 4021 3559 4060 se
3593 4021 3659 4061 ne

2104 4092 2307 4163 opponi
2356 4093 2622 4147 mundum
2652 4104 2706 4148 et
2748 4095 3083 4164 pulchrum;
3126 4096 3355 4165 pulchro
3387 4098 3535 4151 enim
3583 4115 3653 4156 in;

2104 4183 2253 4251 lum,
2304 4185 2591 4240 immundo
2650 4195 2834 4241 autem
2892 4188 3156 4241 mundum
3186 4204 3251 4244 ex
3288 4188 3519 4245 adverso
3576 4200 3663 4247 est

2092 4276 2439 4332 immundum
2462 4293 2594 4332 vero
2620 4288 2674 4333 et
2702 4280 2993 4349 pulchrum
3023 4297 3130 4335 non
3165 4291 3422 4336 accurate
3452 4298 3672 4353 oppone

2092 4380 2303 4424 rentur.
2335 4370 2393 4425 Si
2415 4386 2545 4439 ergo
2571 4382 2871 4442 postquam
2907 4374 3119 4427 dixerat
3150 4391 3163 4427 :
3190 4393 3210 4425 ι
3245 4374 3442 4429 Omnia
3472 4376 3701 4445 pulchra

2093 4462 2267 4530 valde,
2300 4482 2318 4514 ι
2351 4463 2547 4519 deinde
2578 4465 2902 4536 subjecisset
2923 4467 3029 4521 alia
3062 4467 3280 4537 quidem
3304 4483 3426 4523 esse
3449 4468 3699 4537 pulchra,

2096 4554 2201 4608 alia
2260 4566 2444 4610 autem
2514 4556 2675 4622 mala,
2706 4558 2831 4611 inde
2860 4567 3182 4613 nasceretur
3206 4558 3527 4626 dilIicultas;
3555 4575 3697 4628 quu-

2033 4628 2075 4681 D
2106 4646 2252 4700 niam
2285 4662 2437 4711 vero,
2465 4656 2753 4717 postquam
2782 4649 2921 4703 dixit
2949 4650 3177 4718 pulchra
3214 4650 3397 4717 nimis,
3419 4650 3525 4705 alia
3555 4651 3699 4704 allii--

2106 4741 2276 4792 mavit
2299 4754 2421 4793 esse
2446 4741 2648 4795 munda
2671 4749 2725 4794 et
2753 4742 2859 4795 alia
2886 4742 3169 4797 immunda
3209 4757 3433 4797 omnem
3465 4752 3694 4797 eontra-

2104 4831 2398 4886 dictionem
2450 4833 2727 4902 praecavit.
2784 4832 2942 4899 Quod
2995 4834 3217 4903 quidem
3258 4835 3610 4889 communitis
3638 4845 3697 4889 et

2103 4923 2483 4979 rationabilius
2510 4923 2617 4979 dici
2652 4935 2853 4995 posset.
2888 4925 3119 4995 Oportet
3148 4937 3328 4981 autem
3360 4936 3414 4981 et
3456 4927 3561 4982 hoc
3606 4927 3698 4981 in-

2109 5015 2371 5085 telligere,
2411 5015 2544 5071 illud
2575 5016 2797 5084 quidem
2830 5017 3015 5071 omnia
3053 5016 3279 5087 pulchra
3301 5033 3423 5073 esse
3444 5017 3513 5073 de
3536 5034 3693 5073 crea-

2116 5116 2569 5163 turarumnatura
2588 5110 2829 5176 dictum;
2856 5110 3194 5165 innnundum
3210 5126 3341 5165 vero
3357 5120 3411 5166 et
3427 5113 3696 5168 mundum

2110 5199 2177 5254 de
2209 5217 2309 5255 usu
2358 5202 2426 5255 ab
2459 5202 2775 5258 hominibus
2812 5202 3079 5259 faciendo.
3130 5202 3272 5258 Usus
3306 5206 3455 5259 enim
3501 5213 3555 5259 et
3596 5221 3695 5259 na-

2105 5302 2227 5347 tura
2276 5296 2505 5347 multum
2563 5296 2705 5348 inter
2728 5311 2785 5350 se
2815 5296 3093 5350 differunt.
3150 5297 3316 5351 Multa
3372 5312 3569 5367 nempe
3600 5313 3695 5351 na-

2100 5393 2224 5440 tura
2261 5386 2417 5441 valde
2456 5388 2596 5442 bona
2629 5399 2779 5451 sunt,
2813 5390 3093 5444 utentibus
3125 5400 3305 5444 autem
3356 5390 3494 5444 ﬁunt
3536 5391 3693 5444 valde

2106 5477 2269 5543 mala,
2301 5495 2408 5533 non
2440 5490 2660 5548 propter
2706 5480 2951 5551 ipsorum
3003 5491 3280 5545 naturam,
3326 5482 3421 5538 sed
3468 5494 3692 5553 propter

2107 5570 2377 5625 utentium
2438 5572 2724 5627 malitiam.
2776 5572 2843 5627 Et
2891 5583 2950 5627 ut
3004 5576 3439 5643 pnecedentibus
3469 5575 3602 5631 lides
3635 5584 3692 5631 et

2106 5662 2325 5718 aliunde
2352 5662 2694 5730 adhibeatur,
2730 5666 2931 5721 coelum
2976 5669 3160 5723 statim
3194 5668 3348 5725 adest
3375 5668 3692 5724 mirandum
