4084 6454
424 337 530 402 M8

1576 352 1840 414 PIIOTII
1881 351 2392 412 PATRIARCIL‘E
2420 351 2531 411 (ΣΡ.

3601 347 3696 413 Hi

414 462 467 506 et
502 452 799 521 perfectum
827 470 966 527 opus
1000 456 1139 513 inter
1164 474 1227 514 ea
1258 476 1381 532 qua:
1406 462 1565 522 valde
1596 465 1823 534 pulchra
1845 474 1993 522 sunt.

2099 463 2259 519 τοῦτο
2289 466 2385 518 καί⁵
2420 463 2584 533 σοφὸν
2628 458 3002 531 φιλοτέχνημα
3045 458 3155 513 τῶν
3184 456 3306 515 λίαν
3334 460 3455 515 ἐστὶ
3501 460 3696 517 καλῶν·

414 544 485 599 lis
516 554 704 603 autem
736 548 830 619 qui
860 550 989 606 illud
1020 552 1281 625 ellingunt
1323 556 1526 612 animal
1572 558 1767 616 videns
1807 568 1863 616 et
1905 574 1995 615 ra-

415 640 564 697 tione
594 642 881 713 praeditum
912 653 966 700 et
1006 644 1203 712 Deum,
1224 648 1429 721 quique
1457 666 1567 707 non
1602 651 1870 718 Creatori,
1903 654 1998 710 sed

412 744 683 791 creaturae
712 738 1115 795 venerationem
1152 750 1435 813 praestant,
1482 750 1536 798 et
1560 746 1765 815 quibus
1796 746 2001 803 licebat

411 846 477 881 eo
524 830 601 885 ιιιί
627 831 1091 901 quemadmodum
1142 844 1396 891 creatura
1454 838 1625 893 utitur
1672 854 1995 909 conservus,

413 920 518 976 illis
546 937 681 978 sane
703 924 850 993 quod
882 933 1093 980 natura:
1115 926 1546 995 pulcherrimum
1561 940 1701 996 erat,
1717 930 1995 988 funestum

2100 558 2215 619 τοῖς
2239 557 2298 610 δὲ
2322 556 2461 621 ζῶον
2491 555 2736 627 ἔμψυχον
2758 553 2892 608 αὐτὸ
2914 554 3007 607 καὶ
3034 553 3254 623 λογικὸν
3290 554 3383 607 καὶ
3412 554 3556 608 Θεὸν
3579 556 3703 609 ἀνα-

2101 648 2361 715 πλάσασι,
2389 649 2484 703 καὶ
2512 647 2634 702 ἀντὶ
2664 646 2759 701 τοῦ
2783 644 3127 717 Δημιουργοῦ
3149 645 3229 715 τῷ
3255 644 3704 718 δημιουργήματι

2100 743 2163 796 τὸ
2221 742 2388 807 σέϐας
2437 740 2722 811 ἀνάψασι,
2757 739 2855 793 καὶ
2899 732 2982 802 οἷς
3019 738 3139 803 ἐξὸν
3182 738 3283 810 μὲν
3341 738 3595 809 χρῆσθαι
3622 739 3695 801 ὡς

2101 832 2367 903 κτίσματι
2404 832 2496 886 τὸν
2522 830 2841 903 ὁμόδουλον,
2867 828 3077 893 τούτοις
3113 829 3182 899 δὴ
3236 827 3449 892 τούτοις
3477 828 3544 881 τὸ
3573 828 3707 882 κάλ-

2101 925 2285 978 λιστον
2337 927 2408 997 τῇ
2462 924 2670 995 φύσει,
2708 922 2955 993 ὀλέθριόν
3009 938 3068 974 τε
3103 922 3198 974 καὶ
3261 920 3532 974 κάκιστον
3582 923 3705 975 ἁνα-

408 1023 465 1067 rt
496 1014 800 1083 pessimum
841 1018 1219 1084 constituitur,
1260 1020 1395 1075 nihil
1426 1021 1644 1091 quidem
1674 1024 1909 1093 propria:
1943 1034 1996 1080 et

2099 1017 2374 1071 δείκνυται
2413 1056 2429 1082 ,
2476 1014 2632 1069 οὐδὲν
2697 1013 2795 1083 μὲν
2847 1012 2979 1066 αὐτὸ
3036 1011 3136 1080 τῆς
3181 1011 3389 1074 οἰκείας
3442 1010 3547 1064 καὶ
3598 1011 3696 1079 έμ-

411 1104 673 1175 iugenitzn
695 1107 1125 1175 pulchritudinis
1159 1112 1442 1181 amittens,
1470 1114 1561 1169 sed
1586 1124 1809 1185 prepter
1846 1117 1996 1172 iusa-

2099 1108 2269 1179 φύτου
2306 1107 2574 1179 καλλονῆς
2627 1105 2904 1161 ἀποϐαλὸν
2930 1143 2947 1169 ,
2993 1102 3142 1174 παρά
3198 1102 3256 1155 δὲ
3284 1102 3382 1172 τὴν
3404 1102 3710 1171 ἀγνώμονα

412 1210 539 1249 nam
574 1210 977 1254 conservorum
1006 1201 1291 1257 audaciam
1323 1212 1380 1259 et
1417 1203 1651 1260 abusum
1685 1216 1995 1262 extremum

2099 1202 2207 1256 τῶν
2232 1200 2541 1271 ὁμοδούλων
2565 1198 2773 1269 τόλμαν
2811 1198 2907 1250 καὶ
2933 1196 3287 1266 παράχρησιν
3324 1194 3567 1265 ἔσχατον
3610 1195 3709 1246 αύ-

413 1287 618 1342 tnalum
671 1288 779 1344 illis
823 1290 1026 1345 factum
1067 1310 1079 1345 :
1115 1291 1300 1363 itaque
1327 1293 1475 1349 aliud
1506 1304 1590 1350 est
1617 1304 1827 1351 natura:
1872 1297 1996 1366 pul-

2099 1297 2210 1357 τοῖς
2244 1294 2413 1348 κακὸν
2443 1294 2687 1362 γεγονός·
2712 1291 2885 1353 οὕτως
2918 1289 3107 1359 ἕτερόν
3162 1288 3282 1340 ἐστι
3320 1287 3545 1356 φύσεως
3578 1285 3712 1339 καλ-

413 1378 691 1445 chritudo,
711 1381 925 1437 etaliud
952 1398 1154 1453 pravus
1184 1384 1346 1455 hujus
1365 1396 1577 1442 natura:
1600 1403 1751 1444 usus.
1793 1387 1993 1445 Omnia

2099 1389 2225 1461 λονὴ
2258 1391 2354 1444 καὶ⁴
2407 1391 2601 1461 χρῆσις
2653 1389 3022 1457 ἀπρόσφορος·
3064 1384 3255 1438 πάντα
3307 1383 3407 1452 μὲν
3442 1378 3545 1437 οὖν
3592 1382 3713 1433 λίαν

414 1470 581 1543 igitur
620 1474 831 1531 ratione
878 1485 1086 1531 natura:
1130 1478 1285 1534 valde
1318 1480 1545 1550 pulchra
1601 1491 1760 1547 sunt;
1802 1498 1993 1537 eorum

2099 1484 2240 1538 καλά
2268 1484 2346 1555 τῷ
2372 1484 2519 1551 λόγῳ
2540 1483 2640 1553 τῆς
2673 1482 2911 1551 φύσεως·
2944 1481 2978 1545 ὴ
3006 1477 3063 1532 δὲ
3090 1476 3297 1531 τούτων
3336 1477 3542 1547 χρῆσις
3586 1474 3712 1529 οὔτε

412 1579 545 1620 vero
559 1580 691 1622 usus
708 1582 816 1623 nun
836 1570 1093 1625 omnibus
1115 1570 1314 1635 bonus,
1333 1587 1509 1643 neque
1531 1573 1778 1628 omnium
1798 1574 1995 1631 similis

2099 1580 2233 1633 πᾶσι
2283 1578 2444 1649 καλὴ,
2471 1574 2596 1631 οὔτε
2628 1576 2849 1629 πάντων
2893 1572 3077 1644 ὁμοία.
3109 1572 3172 1625 οὐ
3217 1571 3377 1640 μόνον
3429 1569 3574 1637 πρὸς
3614 1569 3715 1640 τὴν

413 1672 522 1711 non
555 1658 720 1713 modo
749 1659 975 1717 relative
998 1662 1064 1717 ad
1094 1663 1393 1720 humanam
1426 1673 1705 1729 naturam,
1738 1664 1832 1721 sed
1855 1664 1993 1723 alio-

2099 1670 2449 1740 ἀνθρωπίνην
2522 1666 2985 1739 παραϐαλλομένη
3040 1663 3206 1735 φύσιν
3231 1705 3247 1731 ,
3278 1664 3410 1720 ἀλλ’
3443 1662 3574 1719 οὐδὲ
3604 1662 3714 1715 τῶν

414 1765 534 1804 rum
576 1751 644 1806 ad
677 1752 804 1809 alia.

2099 1761 2276 1817 ἄλλων
2302 1759 2441 1832 πρὸς
2472 1758 2705 1828 ἄλληλα.

483 1838 736 1898 Forsitan
762 1856 945 1901 autem
980 1845 1069 1901 illa
1097 1846 1299 1902 solutio
1333 1847 1400 1902 ad
1428 1847 1706 1918 propriam
1740 1849 1994 1919 pervenit

2169 1857 2325 1926 Τάχα
2351 1856 2408 1909 δὲ
2443 1855 2551 1909 οὐδ’
2588 1856 2623 1924 ἡ
2656 1852 2811 1917 λύσις
2864 1852 3005 1925 αὕτη
3047 1852 3184 1923 πρὸς
3235 1850 3334 1920 τὴν
3384 1847 3712 1914 ἰδιάζουσαν

411 1934 891 2007 perspicuitatem;
950 1939 1044 1997 sed
1094 1940 1275 1995 adhuc
1325 1941 1551 2013 propius
1592 1942 1833 1998 eundum
1884 1951 1990 2000 est.

411 2027 599 2098 Itaque
644 2030 879 2088 dicimus
918 2032 1039 2098 hoc,
1094 2035 1279 2089 omnia
1331 2049 1525 2105 nempe
1568 2049 1692 2092 esse
1736 2037 1878 2093 bona
1922 2036 1991 2092 ad

410 2121 711 2178 rreationis
760 2134 816 2180 et
870 2135 1076 2180 natura:
1108 2126 1377 2182 rationem
1412 2126 1641 2193 referri;
1690 2126 1820 2183 illud
1858 2144 1992 2185 vero

408 2213 515 2268 alia
549 2228 737 2271 eorum
783 2230 907 2272 esse
950 2218 1177 2286 munda,
1214 2226 1267 2277 et
1293 2218 1399 2274 alia
1434 2218 1715 2276 immunda
1770 2235 1877 2275 non
1922 2236 1989 2275 au

406 2307 703 2364 creationis
732 2326 909 2380 neque
952 2318 1181 2378 naturae,
1231 2311 1327 2368 sed
1377 2311 1445 2368 ad
1495 2313 1754 2370 sacriticii
1798 2322 1853 2370 et
1888 2313 1991 2369 hu-

405 2413 582 2455 manae
610 2403 884 2472 opinionis
914 2404 1226 2469 rationem;
1288 2405 1497 2461 creatio
1546 2415 1731 2461 autem
1777 2415 1831 2462 et
1888 2423 1990 2461 na-

2099 2408 2329 2477 φύσεως,
2368 2403 2487 2459 ἀλλ’
2516 2405 2598 2465 είς
2623 2401 2717 2456 τὸν
2741 2400 2843 2471 τῆς
2894 2400 3089 2464 Θυσίας
3140 2399 3235 2454 καὶ
3264 2400 3364 2470 τῆς
3414 2398 3710 2469 ἀνθρωπί-

406 2501 528 2547 tura
555 2493 621 2549 ad
651 2495 963 2565 opinionem
995 2508 1048 2556 et
1073 2500 1410 2557 sacrificium
1444 2517 1555 2557 non
1582 2512 1700 2557 rata
1728 2517 1990 2559 mensura

2099 2514 2193 2566 νης
2221 2495 2564 2566 ὑπολήψεως·
2585 2492 2918 2563 δημιουργία
2935 2491 2992 2546 δὲ
3019 2490 3118 2546 κα)⁵
3146 2490 3309 2561 φύσις
3337 2491 3474 2561 πρὸς
3503 2490 3714 2557 ὑπόλη-

405 2584 782 2656 dirimuntur,
840 2593 1145 2660 prmsertim
1196 2594 1483 2651 sacriﬁciis
1534 2603 1592 2650 et
1636 2594 1991 2664 Opinionibus

2099 2587 2184 2659 ᾡιν
2202 2588 2297 2641 καὶ⁵
2319 2585 2533 2647 θυσίαν,
2548 2584 2668 2639 οὐδὲ
2692 2581 2841 2655 ῥητῷ
2864 2582 3049 2653 μέτρῳ
3077 2580 3514 2652 διατειχείζεται,
3541 2579 3711 2647 μάλι-

405 2690 515 2730 non
549 2677 741 2735 iisdem
774 2682 1003 2738 omnino
1050 2683 1105 2739 in
1133 2685 1327 2741 eodem
1354 2685 1567 2757 judicio
1596 2686 1904 2755 stantibus;
1936 2695 1995 2744 et

2099 2682 2199 2736 στά
2214 2698 2277 2750 γε
2297 2678 2404 2735 τῶν
2428 2678 2629 2732 θυσιῶν
2652 2674 2869 2730 καὶτῶν
2897 2675 3218 2747 ὐπολήψεων
3246 2675 3365 2745 οὐχὶ
3388 2674 3502 2729 τῶν
3522 2671 3710 2726 αὐτῶν

406 2769 534 2837 quia
569 2787 679 2827 non
728 2774 798 2830 ab
837 2775 994 2831 initio
1021 2777 1321 2834 creationis
1365 2778 1472 2837 alia
1505 2778 1728 2849 quidem
1765 2795 1903 2851 pura
1936 2789 1996 2836 et

2099 2775 2180 2830 Βιά
2210 2772 2411 2837 παντὸς
2440 2771 2531 2824 ἐπὶ
2552 2770 2650 2841 τῆς
2670 2768 2838 2839 αὐτῆς
2864 2768 3171 2839 ἱσταμένων
3197 2768 3457 2840 κρίσεως·
3492 2766 3593 2821 καὶ
3626 2766 3711 2818 ὅτι

407 2864 515 2919 alia
543 2864 759 2937 impura
789 2867 1307 2941 distinguebantur,
1340 2887 1407 2928 ex
1440 2872 1676 2943 quadam
1710 2888 1838 2929 vero
1877 2873 1991 2929 cir-

2099 2866 2215 2920 οὺδ’
2236 2864 2332 2919 ἀπ’
2355 2863 2530 2936 ἀρχῆς
2546 2864 2647 2932 τῆς
2675 2860 3039 2932 δημιουργίας
3066 2860 3135 2913 τά
3160 2860 3260 2929 μὲν
3284 2857 3525 2925 καθαρὰ,
3544 2856 3617 2912 τά
3651 2854 3710 2908 δί

407 2960 741 3021 cumstantia
793 2960 935 3020 hanc
979 2963 1344 3023 diderentiam
1388 2974 1739 3035 acceperunt.
1784 2965 1993 3039 Egyp-

2099 2956 2387 3025 ἀκάθαρτα
2419 2951 2777 3007 διεστέλλετο·
2809 2951 2919 3007 ἀπό
2938 2968 3081 3017 τινος
3112 2950 3169 3004 δὲ
3196 2950 3590 3039 περιστάσεως
3608 2949 3709 3018 τὴν

410 3051 501 3106 ttis
532 3052 677 3107 enim
704 3055 846 3123 apud
876 3071 1015 3126 quos
1040 3056 1342 3114 Israelitica
1361 3074 1495 3131 gens
1516 3060 1789 3116 serviebat
1818 3035 1991 3115 multa

2099 3048 2362 3119 διαφορὰν
2392 3043 2599 3115 ταύτην
2655 3043 2893 3110 ἐδέξατο.
2932 3042 3248 3112 Αἰγυπτίων
3275 3043 3385 3116 γὰρ
3426 3043 3485 3096 ὲν
3528 3035 3615 3104 οἷς
3647 3039 3709 3093 τὸ

2097 1948 2335 2019 κατῆλθε
2390 1948 2714 2017 σαφήνειαν,
2767 1944 2899 1999 ἀλλ’
2933 1945 3016 1999 ἔτι
3044 1945 3125 1998 δεῖ
3164 1942 3415 1997 κατιέναι
3446 1940 3714 2011 πλησιαί-

2091 2053 2273 2109 τερον·
2306 2035 2387 2091 διό
2418 2051 2599 2106 φαμεν
2628 2033 2691 2087 τὸ
2729 2032 2827 2103 μὲν
2855 2030 2998 2088 καλὰ
3035 2033 3156 2086 λίαν
3202 2026 3345 2086 εἶναι
3377 2031 3585 2094 πάντα,
3617 2031 3699 2093 είς

2092 2131 2186 2184 τὸν
2224 2129 2321 2199 τῆς
2349 2126 2717 2198 δημιουργίας
2746 2126 2842 2181 καὶ
2863 2126 3082 2195 φύσεως
3106 2125 3265 2193 λόγον
3295 2123 3705 2196 ἀναφέρεσθαι·

2091 2221 2154 2277 τὸ
2182 2222 2238 2275 δὲ
2268 2221 2336 2275 τά
2379 2220 2480 2290 μὲν
2536 2218 2717 2274 αὐτῶν
2740 2215 2882 2271 εἶναι
2910 2216 3147 2289 καθαρὰ,
3192 2216 3261 2271 τὰ
3292 2215 3349 2269 δὲ
3378 2216 3701 2286 ἀκάθαρτα,

2091 2314 2215 2369 οὐδὲ
2244 2315 2323 2379 είς
2352 2313 2446 2366 τδν
2476 2311 2578 2382 τῆς
2605 2309 2998 2382 δημιουργίας,
3050 2307 3176 2363 οὔτε
3215 2308 3323 2381 μὴν
3360 2309 3445 2372 είς
3481 2307 3580 2361 τὸν
3611 2307 3711 2375 τῆς

409 3144 669 3201 animalia
701 3157 759 3202 ut
789 3150 919 3204 deos
953 3152 1336 3208 venerantibus
1357 3190 1373 3215 ,
1406 3167 1531 3207 cum
1563 3152 1631 3207 iis
1661 3152 1817 3208 valde
1859 3168 1993 3209 sane

2112 3137 2505 3209 Ἰσραηλιτικὸν
2556 3136 2708 3199 ἔθνος
2764 3135 2990 3206 ὲθήτευε
3055 3133 3228 3188 πολλά
3276 3134 3385 3187 τῶν
3424 3133 3586 3197 ζώων
3628 3134 3709 3195 είς

410 3237 655 3307 pulchris
681 3240 822 3296 male
864 3250 1169 3308 uterentur,
1219 3261 1288 3301 ne
1335 3254 1391 3301 et
1424 3243 1718 3301 Israelitica
1754 3262 1887 3317 gens
1935 3247 1989 3303 in

2102 3229 2239 3284 θεῶν
2262 3226 2646 3299 ἀναφερόντων
2696 3226 2884 3292 σέϐας,
2902 3226 3203 3298 ἐπειδήπερ
3239 3226 3421 3289 αὐτοῖς
3439 3224 3564 3279 λίαν
3588 3223 3708 3278 οὖσι

413 3331 559 3386 hunc
593 3333 891 3403 pessimum
922 3352 1081 3391 usum
1110 3337 1476 3394 abduceretur
1502 3348 1558 3395 et
1582 3339 1829 3395 divinum
1874 3339 1997 3395 cul-

411 3432 527 3477 tum
561 3423 738 3481 brutis
767 3428 1076 3497 adhiberet,
1104 3430 1384 3486 immunda
1418 3431 1507 3485 illa
1540 3431 1819 3502 legislator
1845 3430 1996 3503 Moy-

410 3531 502 3571 ses
548 3518 744 3573 merito
803 3522 1173 3591 nuncupavit;
1234 3538 1342 3578 non
1396 3522 1542 3577 enim
1600 3538 1667 3577 ex
1719 3523 1998 3579 creatione

412 3606 776 3664 immunditiis
832 3611 1263 3682 participahaut,
1320 3614 1506 3679 absit,
1564 3629 1745 3683 neque
1798 3623 1999 3669 natura

412 3700 699 3758 immunda
751 3714 930 3769 erant,
983 3707 1082 3762 sed
1118 3722 1227 3763 non
1286 3708 1511 3773 munde,
1548 3706 1780 3779 profane
1810 3718 1996 3763 autem

412 3806 463 3849 et
496 3796 661 3869 impie
713 3798 882 3857 nimis
908 3798 1234 3873 Egyptiaca
1274 3804 1423 3858 natio
1459 3803 1527 3859 iis
1563 3803 1837 3858 utebatur.
1881 3800 1999 3857 Etsi

414 3901 544 3943 vero
572 3890 823 3959 quaedam
855 3907 1045 3949 eorum
1070 3910 1192 3964 quae
1224 3896 1367 3967 apud
1410 3895 1698 3968 Egyptios
1728 3896 1805 3951 dii
1832 3897 2000 3954 habe-

413 3980 637 4047 bantur,
668 3995 727 4039 ut
756 3986 945 4039 hovem
974 3996 1029 4043 et
1060 3987 1299 4055 hircum,
1327 3989 1382 4042 in
1428 3990 1760 4043 mundorum
1803 4006 1999 4045 nume-

414 4092 533 4129 l‘ltln
566 4074 779 4148 Moyses
814 4080 1020 4145 retulit,
1049 4081 1187 4136 nihil
1221 4092 1415 4139 contra
1441 4084 1760 4153 praedictam
1789 4084 1996 4139 doctri-

413 4185 540 4224 nam
606 4186 787 4242 neque
840 4180 1031 4228 contra
1090 4174 1376 4245 proprium
1441 4190 1669 4246 scopqu
1731 4174 1995 4245 perfecit;

412 4261 614 4317 etenim
637 4277 827 4318 eorum
856 4279 977 4334 qua:
1015 4265 1159 4336 apud
1186 4282 1281 4322 eos
1309 4274 1370 4320 ut
1399 4266 1476 4322 dii
1503 4267 1845 4332 colebantur,
1890 4267 1996 4322 alia

412 4354 635 4423 quidem
679 4354 961 4412 immunda
1006 4373 1228 4424 vocans,
1268 4358 1373 4413 alia
1404 4367 1587 4415 autem
1627 4359 1992 4415 immolationi

412 4456 470 4501 et
507 4448 759 4519 sanguini
813 4458 869 4504 ct
902 4450 1065 4505 morti
1093 4466 1316 4515 vovens,
1362 4452 1432 4506 ab
1481 4466 1674 4508 eorum
1722 4452 1872 4507 cultu
1919 4450 1998 4508 ls-

411 4540 654 4609 raelitas,
674 4552 731 4600 et
745 4556 776 4597 a
791 4541 993 4598 damno
1010 4542 1122 4599 illis
1140 4543 1264 4599 inde
1282 4553 1538 4601 nascente
1550 4560 1616 4614 pa
1625 4546 1754 4599 riter
1769 4544 1995 4609 avertit;

411 4623 555 4704 quod
587 4634 731 4689 enim
780 4635 1209 4692 abominandum
1264 4645 1349 4692 est
1400 4645 1456 4693 et
1502 4636 1901 4694 immolandum
1946 4649 2000 4695 et

410 4726 573 4795 epulo
601 4736 993 4797 praeparatum,
1044 4742 1153 4782 non
1193 4726 1347 4784 credi
1391 4738 1575 4799 potest
1603 4742 1726 4784 esse
1754 4728 1889 4785 deus
1929 4729 2000 4785 ab

412 4818 481 4873 iis
511 4818 606 4890 qui
643 4816 717 4877 ita
742 4820 930 4877 animo
952 4819 1285 4877 adiciuntur.

479 5054 648 5126 Igitur
676 5056 883 5111 creatio
916 5055 1007 5112 Dei
1037 5072 1205 5127 opera
1228 5057 1411 5111 omnia
1433 5058 1587 5112 valde
1618 5058 1844 5129 pulchra
1874 5074 1997 5130 pro-

412 5147 595 5213 duxit;
624 5157 678 5203 et
700 5158 890 5203 natura
920 5150 1165 5203 oniuium
1191 5159 1275 5205 est
1297 5151 1538 5220 Optima:
1571 5151 1851 5206 hominum
1866 5167 1996 5206 vero

414 5240 597 5295 insani
626 5249 682 5296 et
702 5242 920 5313 exleges
955 5259 1091 5299 usus
1120 5244 1289 5299 multa
1320 5260 1384 5299 ex
1421 5244 1618 5300 creatis
1655 5242 1996 5316 profanando

414 5332 521 5387 alia
580 5333 802 5403 quidem
870 5334 1171 5391 existimari
1247 5344 1301 5391 et
1371 5336 1635 5407 appellari
1714 5336 1996 5391 immunda

416 5422 682 5489 fecerunt,
715 5424 821 5481 alia
852 5442 1003 5492 vero,
1034 5426 1135 5482 etsi
1162 5427 1303 5483 hanc
1338 5429 1407 5484 ab
1443 5428 1788 5483 immunditia
1827 5429 1999 5484 deno-

416 5515 774 5571 minationem
847 5518 1176 5590 effugerunt,
1234 5529 1417 5575 tamen
1477 5521 1639 5576 iidem
1704 5536 1839 5576 usus
1904 5520 2000 5573 Dei

417 5608 597 5662 amico
647 5624 868 5665 causam
918 5612 1265 5680 praebuerunt
1312 5613 1479 5667 altera
1530 5613 1788 5669 methodo
1838 5612 1999 5667 intel-

418 5699 640 5767 ligendi,
672 5709 728 5756 et
768 5716 832 5756 ea
866 5717 897 5757 a
940 5703 1323 5773 profanatione
1371 5706 1675 5772 eaimcndi;
1731 5714 1789 5760 et
1835 5716 2002 5760 utro-

420 5807 529 5861 que
583 5795 750 5851 modo
794 5810 860 5851 ex
915 5796 1285 5853 lsraclitarum
1340 5810 1521 5855 mente
1577 5800 2000 5871 polytheismum

2100 3323 2282 3385 καλοῖς
2302 3320 2490 3381 κακῶς
2509 3320 2852 3392 εὲκέχρηντο,
2877 3319 2965 3372 ἵνα
2989 3318 3065 3390 μὴ
3088 3321 3184 3373 καὶ
3211 3318 3272 3372 τὸ
3306 3317 3709 3389 Ἰσραηλιτικδν

2099 3413 2257 3483 γένος
2276 3411 2357 3475 είς
2377 3409 2594 3479 ἐκείνην
2622 3410 2719 3480 τὴν
2745 3408 2957 3479 φαύλην
2979 3409 3253 3480 ἀπενεχθῇ
3281 3407 3501 3479 χρῆσιν,
3522 3407 3622 3459 καὶ
3645 3405 3709 3459 τὸ

2100 3504 2242 3558 θεῖον
2279 3502 2442 3569 σέϐας
2478 3504 2591 3565 τοῖς
2620 3500 2836 3571 ἀλόγοις
2873 3501 3118 3573 περιάψῃ
3148 3542 3164 3568 ,
3207 3501 3495 3571 ἀκάθαρτα
3524 3497 3705 3553 ταῦτα

2100 3595 2405 3667 νομοθετῶν
2436 3597 2464 3649 ό
2486 3595 2692 3665 Μωσῆς
2716 3595 2943 3657 δικαίως
2994 3594 3273 3664 ὠνόμασε·
3310 3593 3541 3664 μέτοχον
3579 3591 3696 3661 γαρ

2104 3688 2455 3759 ἀκαθαρσίας
2482 3687 2583 3740 ούκ
2610 3686 2719 3741 ἀπὸ
2759 3689 2861 3759 τῆς
2896 3686 3281 3757 δημιουργίας,
3321 3687 3529 3756 άπαγε,
3577 3683 3705 3739 οὐδ’

2101 3782 2135 3854 ἡ
2167 3780 2328 3851 φύσις
2356 3776 2475 3851 εἶχε
2512 3781 2573 3834 τὸ
2599 3778 2911 3850 ἀκάθαρτον
2936 3819 2950 3845 ,
2981 3778 3097 3833 ἀλλ’
3146 3780 3230 3833 ὅτι
3285 3779 3346 3831 ού
3412 3776 3699 3848 καθαρῶς,

2104 3873 2305 3945 μᾶλλον
2334 3872 2391 3926 δὲ
2426 3871 2673 3943 βεϐήλως
2716 3871 2838 3925 λίαν
2869 3871 2963 3924 καὶ
3005 3870 3263 3942 ἀνιέρως,
3295 3870 3358 3923 τὸ
3378 3870 3703 3937 Αἰγυπτίων

2100 3967 2252 4031 ἔθνος
2302 3966 2514 4029 τούτοις
2563 3963 2928 4035 ὲπεχρήσατο.
2964 3962 3028 4016 El
3056 3962 3114 4016 δὲ
3149 3962 3243 4016 καί
3278 3979 3399 4015 τινα
3437 3962 3551 4015 τῶν
3581 3963 3703 4015 θεο-

2102 4058 2447 4128 ποιουμένων
2479 4056 2631 4129 παρά
2676 4058 2787 4119 τοῖς
2839 4055 3165 4122 Αίγυπτίοις
3198 4057 3225 4107 ό
3251 4053 3461 4123 Μωσῆς
3508 4052 3701 4123 ὥσπερ

2098 4150 2190 4204 τὸν
2218 4148 2344 4220 βοῦν
2383 4150 2476 4202 καὶ
2506 4149 2599 4203 τὸν
2646 4150 2852 4221 τράγον
2894 4149 2972 4211 είς
3001 4146 3099 4219 τὴν
3133 4147 3243 4201 τῶν
3269 4144 3526 4217 καθαρῶν
3547 4146 3701 4211 τάξιν

2098 4243 2418 4313 ἀπέκρινεν,
2452 4241 2605 4295 οὐδὲν
2644 4241 2771 4294 οὐδὲ
2825 4239 2980 4309 παρά
3010 4240 3111 4309 τὴν
3157 4238 3527 4309 προκειμένην
3559 4238 3701 4290 θεω-

2102 4335 2246 4404 ρίαν,
2274 4334 2396 4389 ούδὲ
2436 4334 2591 4405 παρά
2621 4334 2716 4388 τὸν
2757 4335 2957 4387 οίκείον
2984 4333 3184 4387 σκοπὸν
3213 4331 3574 4403 διεπράξατο·
3603 4328 3701 4383 καὶ

2098 4427 2209 4499 γὰρ
2243 4428 2351 4481 τῶν
2376 4426 2745 4497 θειαζομένων
2772 4430 2897 4497 παρ’
2938 4427 3123 4489 αὐτοῖς
3172 4425 3243 4480 τὰ
3290 4424 3391 4495 μὲν
3432 4422 3701 4495 βδελυκτά

2104 4520 2341 4584 καλέσας
2369 4560 2386 4584 ,
2424 4521 2494 4574 τά
2539 4519 2598 4575 δὲ
2656 4523 2839 4591 σφαγῇ
2881 4522 2972 4573 καὶ
3023 4519 3217 4588 αἵματι
3258 4518 3353 4571 καὶ¹
3416 4517 3700 4587 ἀναιρέσει

2032 4612 2250 4678 Βδοὺς,
2302 4611 2405 4681 τῆς
2467 4611 2673 4665 τούτων
2732 4612 2993 4682 λατρείας
3036 4610 3163 4673 τοὺς
3228 4608 3569 4680 Ἰσραηλίτας
3606 4607 3702 4663 καὶ

2106 4706 2206 4777 τῆς
2258 4703 2486 4759 αὐτόθεν
2533 4705 2721 4774 αὐτοῖς
2795 4704 3181 4774 ἀναφυομένης
3237 4701 3439 4774 βλάϐης
3494 4700 3701 4772 ὁμοίως

2105 4797 2484 4853 ἀπεκώλυσεν·
2516 4798 2640 4852 οὕτε
2675 4796 2784 4868 γὰρ
2811 4796 2872 4852 τὸ
2923 4796 3214 4866 βδελυκτὸν
3267 4794 3394 4849 οὔτε
3428 4794 3491 4848 τὸ
3548 4811 3695 4865 σφα·

2106 4888 2431 4960 γιαζόμενον
2480 4891 2573 4944 καὶ
2599 4888 2754 4962 θοίνῃ
2784 4887 3147 4959 προκείμενον
3192 4884 3293 4941 οὐκ
3322 4885 3389 4940 ἀν
3416 4884 3699 4956 νομισθείη

2107 4983 2220 5045 τοῖς
2247 4980 2392 5033 οὕτω
2440 4980 2570 5051 περὶ
2608 4980 2747 5035 αύτά
2792 4978 3160 5047 διακειμένοις
3199 4975 3341 5039 θεός.

2189 5072 2252 5126 'H
2282 5072 2383 5139 μὲν
2430 5067 2524 5125 οὖν
2565 5070 2896 5143 δημιουργία
2931 5068 3027 5122 τοῦ
3076 5068 3211 5121 θεοῦ
3250 5066 3317 5122 τά
3358 5067 3699 5138 δημωυθτή·

2107 5180 2253 5235 ματα
2274 5164 2451 5217 πάντα
2472 5163 2592 5215 λίαν
2611 5161 2750 5216 καλὰ
2774 5160 3128 5234 προηγάγετο
3143 5176 3156 5191 ·
3190 5158 3285 5212 καὶ
3311 5161 3346 5230 ή
3376 5157 3538 5227 φύσις
3562 5159 3700 5211 πάνυ

2104 5273 2214 5308 των
2248 5253 2358 5323 ἔχει
2409 5253 2471 5305 τὸ
2514 5252 2773 5324 ἄριστον·
2816 5251 3123 5324 ἀνθρώπων
3176 5249 3232 5303 δὲ
3268 5248 3570 5319 παράλογοι
3606 5248 3701 5300 καὶ

2106 5345 2366 5415 ἔκθεσμοι
2394 5344 2621 5416 χρήσεις
2647 5342 2820 5397 πολλὰ
2853 5342 2962 5395 τῶν
2992 5339 3508 5414 δημιουργηθέντων
3539 5338 3701 5409 βεϐη-

2102 5437 2369 5500 λώσασαι,
2400 5435 2469 5487 τὰ
2493 5434 2594 5505 μὲν
2626 5432 2916 5503 ἀκάθαρτα
2964 5432 3056 5485 καί
3093 5429 3415 5500 νομίζεσθαι
3449 5428 3545 5483 καλ⁹
3594 5444 3697 5481 κα-

2103 5525 2314 5578 λεῖσθαι
2339 5523 2755 5595 παρεσκεύασαν
2776 5538 2788 5552 ·
2821 5523 2889 5577 τὰ
2926 5521 2984 5575 δὲ
3011 5520 3114 5575 κᾶν
3147 5521 3245 5592 τὴν
3277 5520 3387 5573 ἀπὸ
3421 5520 3518 5588 τῆς
3558 5520 3697 5570 ἀκα-

2106 5616 2337 5687 θαρσίας
2361 5616 2552 5686 κλῆσιν
2585 5615 2860 5685 διέφυγεν,
2890 5615 3004 5669 ἀλλ’
3036 5609 3130 5666 οὖν
3156 5612 3431 5683 παρέσχον
3470 5609 3548 5679 τῷ
3579 5609 3698 5662 οεό-

2108 5724 2217 5779 πτῃ
2276 5708 2456 5760 αἰτίαν
2503 5707 2736 5760 συνιδεῖν
2789 5708 2955 5779 ἑτέρα
2992 5706 3219 5777 μεθόδῳ,
3256 5706 3349 5758 καὶ
3394 5702 3569 5756 ταῦτα
3598 5703 3698 5776 τῆς

2111 5798 2465 5871 βεϐηλώσεως
2489 5801 2778 5871 ἐκτεμεῖν·
2809 5801 2902 5854 καὶ
2936 5800 3003 5853 δι’
3049 5798 3311 5869 ἑκατέρου
3356 5797 3556 5865 τρόπου
3591 5794 3701 5850 τῶν
