4084 6438
286 375 386 436 H5

1289 386 1392 447 AD
1430 385 2024 450 AMPHlLOCHIUM
2057 385 2405 457 QU.‘EST[O
2438 385 2568 446 XX.

3460 361 3566 430 1ἑο

293 484 646 558 Ἰσραηλιτῶν
697 487 803 559 τῆς
834 487 1074 553 διανοίας
1121 490 1186 546 τό
1238 509 1300 546 τε
1351 494 1617 548 πολύθεον
1645 494 1875 561 ἐξελεῖν,

1981 497 2199 552 auferre
2248 505 2306 552 et
2353 493 2759 550 damnationem
2813 489 2883 546 ab
2938 487 3022 546 eis
3063 493 3308 542 avertere
3362 481 3553 536 valuit.

279 577 460 630 καὶτὸ
507 577 933 648 ἀκατάγνωστον
987 583 1556 654 πραγματεύσασθαιο
1618 587 1715 640 καὶ
1761 588 1871 658 γὰρ

279 670 377 721 καὶ
402 669 598 741 κλῆσις
650 671 964 744 ἀκάθαρτος
1015 674 1110 728 καὶ
1138 675 1336 746 χρῆσις
1365 676 1428 731 τὸ
1487 677 1753 748 θυόμενον
1793 681 1875 742 είς

283 763 531 832 γαστέρα
563 763 1042 834 παραπέμπουσα,
1097 767 1255 822 οὐδὲν
1315 767 1459 822 θεῖον
1502 769 1623 822 οὐδὲ
1676 769 1875 823 σεπτὸν

280 855 493 906 ἐννοεῖν
528 853 656 922 περὶ⁸
683 855 888 919 αὐτῶν,
921 856 1040 911 ἀλλ’
1071 857 1196 912 οὐδὲ
1223 858 1387 931 ψιλήν
1417 877 1541 914 τινα
1569 860 1876 930 φαντασίαν

281 946 609 1013 παραχωρεῖ
639 945 1019 1016 ἀναδέχεσθαι.
1050 949 1114 1002 Εί
1157 949 1214 1003 δέ
1247 967 1330 1014 τις
1359 951 1494 1024 ἐρεῖ,
1519 951 1646 1017 Πῶς
1671 947 1770 1007 οὖν
1799 951 1878 1022 τῷ

279 1033 413 1086 Νῶε
467 1034 569 1104 τῆς
636 1038 945 1108 Μωσαῖκῆς
1009 1042 1332 1113 νομοθεσίας
1403 1042 1557 1098 οὔπω
1631 1043 1880 1114 δοθείσης

283 1124 510 1196 καθαρὰ
557 1127 652 1180 καὶ¹
702 1129 990 1201 ἀκάθαρτα
1035 1132 1332 1205 διακρίνειν
1381 1136 1478 1189 καὶ
1535 1136 1877 1206 συνεισάγειν

275 1217 356 1286 τῇ
416 1216 635 1288 κιϐωτῷ
685 1221 1084 1292 προστετάχθαι
1139 1223 1398 1296 είρηται;
1449 1226 1722 1298 πρόληψις
1779 1228 1880 1298 μὲν

278 1308 400 1378 γάρ
430 1309 546 1362 ἐστι
570 1310 634 1362 τὸ
664 1312 872 1383 σχῆμαο
905 1315 1000 1368 καὶ
1029 1316 1079 1370 εί
1109 1316 1182 1387 μὴ
1206 1315 1266 1382 ἐξ
1282 1310 1356 1372 ὧν
1379 1318 1495 1371 τότε
1519 1318 1878 1389 ἐγνωρίζοντο

280 1401 361 1451 τὰ
386 1399 521 1463 ζῶα,
539 1401 654 1454 ἀλλ’
679 1402 738 1467 ἐξ
765 1399 840 1457 ὧν
863 1404 1090 1476 ἔσχατον
1118 1407 1541 1480 ἐπεγνώσθησαν
1557 1409 1881 1480 ὠνομάσθη-

285 1507 413 1557 σαν,
443 1491 562 1545 ούδέ
627 1495 778 1564 παρὰ
829 1497 888 1549 τὸ
943 1497 1036 1551 τοῦ
1097 1499 1389 1572 εἰρημένου
1439 1499 1600 1569 λόγου
1658 1500 1875 1571 ἰδίωμα·

285 1582 388 1634 καὶ
419 1581 527 1654 γάρ
555 1584 650 1637 καὶ
696 1586 798 1654 τὴν
832 1586 1052 1642 Γένεσιν
1103 1590 1224 1661 οὐχὶ
1270 1589 1393 1644 Νῶε
1423 1591 1647 1662 γράφει,
1685 1591 1745 1656 ὃς
1780 1593 1880 1661 τῆς

286 1673 615 1742 νομοθεσίας
648 1677 862 1748 ὑπῆρχε
892 1680 1282 1751 πρεσϐύτερος,
1313 1682 1450 1736 ἀλλὰ
1483 1682 1688 1753 Μωσῆς
1708 1680 1882 1754 ὁπερλ⁵

293 1763 550 1833 καθαρῶν
579 1767 676 1820 καὶ⁹
703 1767 1028 1841 ἀκαθάρτων
1066 1771 1231 1843 νόμον
1279 1771 1595 1844 ἐκθέμενος·
1624 1773 1672 1825 εί
1703 1771 1760 1825 δὲ
1786 1772 1880 1825 καὶ

1982 586 2194 641 Etenim
2217 602 2320 641 vox
2349 585 2559 655 impura
2589 589 2892 652 nuncupat,
2919 587 2974 635 et
3012 593 3146 634 usus
3178 575 3454 631 immolata
3501 573 3560 626 in

1976 687 2223 733 ventrem
2267 677 2528 739 immittit,
2567 689 2744 744 neque
2770 672 3018 727 divinum
3061 681 3155 724 aut
3186 665 3558 722 venerandum

1976 769 2183 840 aliquid
2217 769 2285 823 de
2324 768 2390 824 iis
2422 767 2656 839 cogitari
2707 765 2854 828 licet,
2897 764 2992 819 sed
3039 775 3216 830 neque
3246 758 3330 814 vel
3389 758 3560 812 levem

1977 861 2268 932 quamdam
2303 860 2479 916 ideam
2514 858 2688 929 accipi
2745 860 2813 913 de
2856 870 3045 910 eorum
3080 853 3303 907 deitate.
3347 850 3406 905 Si
3435 849 3562 918 quis

1976 961 2158 1009 autem
2178 947 2881 1022 interrogaveritquomodo
2899 944 3158 1004 Noemus,
3178 941 3416 996 nondum
3437 939 3563 993 data

1977 1043 2214 1100 Mosaica
2248 1043 2386 1114 lege,
2417 1042 2597 1098 dictus
2628 1041 2700 1096 sit
2722 1037 2971 1109 jucunda
3012 1045 3065 1091 et
3112 1031 3392 1088 immunda
3447 1030 3565 1084 dis-

1977 1135 2238 1193 cernendi
2270 1144 2326 1190 et
2350 1135 2404 1190 in
2427 1149 2612 1190 arcam
2639 1129 3020 1188 introducendi
3055 1128 3374 1182 mandatum
3403 1140 3562 1178 accc-

1977 1229 2163 1299 pisse?
2223 1227 2340 1283 haec
2403 1226 2578 1298 ﬁgura
2632 1235 2716 1280 est
2774 1238 2938 1294 quam
2990 1219 3285 1292 prolepsim
3347 1225 3561 1269 vocant.

1977 1321 2092 1378 Etsi
2141 1320 2288 1376 enim
2340 1335 2453 1376 nou
2505 1334 2570 1373 ex
2620 1317 2707 1373 his
2760 1317 2963 1386 quibus
3018 1322 3149 1367 tunc
3199 1310 3565 1364 noscebantur

1979 1410 2257 1476 animalia,
2287 1410 2383 1465 sed
2433 1425 2502 1464 ex
2547 1409 2632 1464 his
2679 1408 2880 1477 quibus
2927 1405 3122 1458 ultimo
3159 1401 3378 1471 cognita
3412 1405 3562 1461 sunt,

1979 1501 2249 1557 nominati
2287 1500 2418 1567 sint,
2464 1499 2608 1553 nihil
2659 1498 2792 1553 dicti
2825 1495 2972 1550 verbi
3010 1490 3328 1563 proprietati
3381 1489 3567 1542 adver-

1979 1603 2154 1650 satur.
2183 1591 2395 1648 Etenim
2421 1606 2529 1646 non
2561 1589 2783 1659 scripsit
2811 1586 2924 1643 Noe
2969 1583 3251 1650 Genesim,
3305 1581 3397 1652 qui
3448 1580 3564 1652 lege

1979 1683 2258 1754 antiquior
2301 1682 2425 1748 fuit,
2478 1682 2574 1738 sed
2621 1679 2837 1752 Moyses
2882 1679 3000 1749 ipse
3026 1676 3216 1747 quide
3245 1671 3466 1727 mundis
3512 1678 3568 1724 et

1981 1775 2281 1830 immundis
2302 1774 2472 1844 legem
2501 1772 2712 1828 statuit.
2745 1773 2802 1826 Si
2835 1780 3018 1825 autem
3051 1782 3113 1823 ea
3145 1782 3268 1838 quae
3292 1764 3567 1835 posterius

293 1854 333 1909 ἆ
350 1857 377 1909 ὁ
397 1858 556 1928 νόμος
572 1856 797 1931 ὕστερον
819 1861 1178 1930 ἔθετο,ταῦτα
1207 1865 1286 1936 τῷ
1300 1865 1426 1920 Νῶε
1453 1864 1871 1938 προανεκηρύτ-

1975 1866 2226 1931 saucivit,
2254 1863 2465 1921 Noemo
2518 1864 2880 1936 praenuntiata
2920 1862 3141 1926 fuerint,
3173 1858 3307 1913 nihil
3329 1857 3563 1921 mirum;

293 1963 438 2015 τετο,
487 1948 797 2019 θαυμαστὸν
845 1954 998 2009 οὐδέν
1025 1972 1038 1985 ·
1071 1957 1198 2011 ἐπεὶ
1245 1958 1341 2012 καὶ
1379 1957 1476 2012 τοῦ
1511 1956 1696 2012 κοινοῦ
1720 1974 1886 2013 ναυα-

293 2037 417 2108 γίου
475 2041 642 2111 μήπω
681 2043 906 2110 στάντος
941 2086 956 2106 .
1005 2045 1106 2118 τὴν
1137 2047 1343 2117 γνῶσιν
1392 2047 1574 2103 λαϐὼν
1603 2043 1749 2120 εἶχεν
1771 2048 1886 2102 ἀδί-

295 2147 548 2185 στακτον⁶
572 2133 689 2197 πῶς
703 2129 798 2189 οὖν
816 2138 1015 2209 συνῆκε
1031 2138 1290 2211 καθαρῶν
1307 2140 1402 2196 καὶ
1418 2139 1742 2209 ἀκαθάρτων
1759 2140 1882 2193 δια-

293 2222 471 2294 φορὰν
489 2224 879 2296 ἐνωτιζόμενος
891 2228 1164 2301 διάκρισιν
1179 2232 1384 2287 τούτων
1400 2231 1876 2303 καταπράξασθαι,

287 2316 408 2376 τοῖς
452 2315 619 2385 ἐγγὺς
651 2319 964 2391 εἰρημένοις
1014 2321 1109 2376 καὶ
1153 2323 1314 2379 τοῦτο
1349 2324 1874 2396 συμπεριείληπται·

283 2405 318 2456 ὁ
374 2405 483 2478 γὰρ
525 2407 588 2462 τὸ
622 2411 968 2482 παγκόσμιον
992 2413 1252 2484 ναυάγιον
1278 2416 1407 2488 πρὶν
1436 2417 1726 2488 ἐπιστῆναι
1756 2417 1877 2471 δια-

280 2499 477 2563 γνοὺς,
503 2501 601 2553 καὶ
633 2502 856 2573 σπέρμα
879 2503 958 2575 τῷ
980 2505 1305 2579 ἀνθρωπίνῳ
1338 2508 1486 2576 γένει
1507 2507 1878 2562 διασώσασθαι

279 2589 445 2660 παρὰ
466 2589 600 2644 Θεοῦ
627 2593 787 2663 χάριν
813 2595 1070 2668 εἰληφὼς,
1095 2591 1252 2664 οὗτος
1279 2600 1401 2654 οὐδὲ
1429 2601 1531 2673 τὴν
1561 2599 1671 2654 τῶν
1701 2598 1876 2654 καθα-

285 2679 408 2749 ρῶν
442 2681 537 2734 καὶ
587 2683 917 2756 ἀκαθάρτων
964 2687 1251 2756 διάγνωσιν
1284 2689 1493 2746 ἀνωθεν
1539 2690 1747 2756 λαϐεῖν,
1783 2689 1879 2743 καὶ

278 2767 399 2820 τῶν
430 2770 712 2840 ὀνομάτων
750 2775 783 2844 ἡ
811 2775 1007 2848 χρῆσις
1033 2779 1134 2832 οὐκ
1165 2780 1540 2853 ἐπεχωρίαζεν
1562 2822 1580 2850 ,
1607 2779 1872 2854 οὖμενουν

276 2860 542 2932 οὐδαμῶς
573 2864 869 2938 ὑστερίζων
895 2863 986 2940 ἦν.

855 2981 1194 3039 ΕΡΩΤΗΣΙΣ
1222 2984 1307 3042 κ’.

282 3065 418 3148 Διὰ.
443 3067 502 3120 τί
519 3068 663 3148 λιτῆς
713 3072 1017 3148 ἀἱρέσεως
1063 3076 1473 3148 ἀφιστάμενος
1503 3097 1536 3132 o
1565 3078 1874 3148 ἅνθρωπος

360 3139 473 3218 ζὼς
501 3139 644 3204 ,ϐίον
664 3139 962 3218 mirifsz
993 3139 1306 3218 érrljuoyof
1331 3139 1480 3214 apd}:
1538 3139 1876 3218 ὶερωξγύνηιῖο

363 3209 698 3298 diceretur
739 3216 772 3266 ό
810 3209 878 3298 eis
908 3209 1552 3298 κηλίδωιξσωμαὶιρζῶν
1583 3209 1874 3298 ’γεγονὰξς

354 3281 722 3366 τέπεύθυνος,
773 3283 893 3366 vada:
941 3286 1065 3366 τῶν
1089 3281 1382 3366 ἀθεμίῖῖων
1440 3281 1872 3366 ἁποᾳτῇπρᾲὲ

357 3349 512 3435 fetor
541 3391 557 3414 ,
615 3353 768 3420 πρὸς
832 3354 900 3409 τὸ
947 3354 1062 3425 τῆς
1126 3349 1462 3430 ἱερωσύνης
1515 3349 1693 3428 τέλάξ
1756 3349 1869 3416 οὐκ

351 3420 640 3474 ἀνάγεται
667 3439 688 3474 :

255 3460 288 3470 _
351 3439 640 3490 αναγεται
665 3439 688 3490 ;

1984 1958 2244 2028 quoniam
2286 1957 2567 2013 communi
2601 1955 2888 2027 naufragio
2925 1953 3164 2009 nondum
3211 1951 3564 2010 adventante,

1985 2064 2092 2103 non
2133 2048 2356 2103 dubiam
2409 2048 2620 2119 accepit
2676 2048 2744 2104 de
2803 2047 2898 2103 illo
2955 2044 3229 2100 notitiam.
3276 2038 3565 2107 Quomodo

1979 2149 2163 2196 autem
2196 2140 2526 2197 intellexerit
2557 2139 2884 2195 mundorum
2917 2146 2972 2194 et
3019 2137 3430 2192 immundornm
3460 2130 3567 2185 dif-

1987 2231 2295 2298 ferentiam,
2329 2247 2455 2288 cum
2485 2233 2674 2303 jussus
2705 2239 2791 2287 est
2829 2246 2894 2286 ea
2944 2228 3302 2298 distinguere,
3345 2225 3412 2279 iis
3441 2239 3565 2294 qua:

1979 2326 2142 2380 modo
2174 2324 2320 2380 dicta
2374 2334 2502 2380 sunt
2533 2323 2739 2394 percipi
2774 2331 2986 2394 potest;
3037 2321 3132 2390 qui
3159 2319 3304 2374 enim
3347 2317 3565 2370 univer-

1979 2418 2094 2472 sale
2119 2415 2465 2487 naufragium
2498 2425 2795 2486 antequam
2830 2412 3134 2474 adveniret.
3187 2408 3479 2481 praescivit,
3510 2415 3566 2460 et

1976 2507 2204 2564 seminis
2228 2507 2471 2561 humano
2495 2507 2679 2578 generi
2711 2503 3075 2562 conservandi
3111 2503 3339 2572 gratiam
3386 2515 3416 2553 a
3455 2498 3564 2552 Deo

1976 2597 2205 2665 accepit,
2261 2596 2351 2652 ille
2406 2597 2739 2652 mundorum
2798 2606 2854 2652 et
2907 2594 3314 2650 immundornm
3363 2590 3566 2645 intelli-

1977 2693 2216 2764 gentiam
2267 2689 2335 2744 de
2380 2705 2600 2756 sursum
2630 2690 2902 2760 accipere,
2931 2689 3034 2744 etsi
3087 2687 3370 2742 nominum
3425 2699 3561 2738 usus

1980 2799 2090 2840 non
2109 2781 2290 2837 adhuc
2311 2779 2569 2853 frequens
2595 2782 2946 2846 fuerit,nullo
2974 2780 3136 2835 modo
3165 2793 3300 2834 sane
3329 2776 3566 2846 impera-

1984 2885 2156 2934 verat.

2366 2964 2700 3036 QUIESTIO
2741 2962 2843 3018 xx
2881 2961 2979 3036 [aL
3007 2958 3180 3032 tht.

1979 3061 2158 3128 Quare
2179 3078 2244 3116 ex
2268 3060 2455 3114 limi-esi
2493 3073 2734 3127 egressus
2760 3057 2936 3128 homo,
2988 3055 3035 3107 si
3063 3055 3227 3128 vitam
3274 3061 3398 3128 agat
3434 3050 3569 3102 irre-

2048 3132 2469 3202 preltensibilem,
2496 3125 2564 3202 od
2591 3127 2948 3202 sacerdotium
2974 3125 3205 3202 peruenit
3227 3138 3246 3202 ί
3269 3126 3358 3202 qui
3389 3131 3566 3202 ument

2048 3190 2272 3258 maculis
2295 3190 2573 3272 corporeis
2590 3199 2850 3272 inﬁcitur,
2877 3190 3088 3272 etiamsi
3128 3193 3192 3246 ab
3229 3192 3441 3272 injustis
3473 3190 3567 3272 ab:

1903 3305 1946 3366 α
2050 3275 2268 3342 uincat,
2316 3259 2399 3327 ad.
2431 3259 2715 3326 sacerdotii
2746 3259 3058 3339 dignitatem
3105 3281 3209 3318 non
3251 3262 3515 3316 inve/titur
3542 3259 3568 3310 ?

306 3553 457 3603 I-Zdita
482 3567 510 3602 a
533 3553 675 3616 Maio,
698 3555 733 3605 l.
757 3569 825 3618 c.,
851 3571 899 3622 p.
923 3558 1092 3610 20-21.
1114 3560 1213 3612 Cur
1232 3561 1460 3613 defectus
1477 3567 1700 3630 corporis
1722 3568 2147 3686 irreggllgtatem
2167 3575 2330 3638 quoad
2349 3576 2554 3626 ordines
2591 3571 2884 3634 constituat,
2909 3585 3008 3622 non
3035 3583 3154 3619 vero
3176 3566 3441 3618 conversio
3502 3581 3568 3618 ex

1951 3671 1956 3677 -
1989 3652 2022 3686 ι.

1951 3652 2022 3687 εει.

345 3699 427 3752 Τὸ
456 3700 510 3753 δ’
541 3700 622 3764 είς
653 3701 886 3772 ἀπορίαν
919 3705 1292 3777 προαγόμενον
1323 3709 1642 3781 πρόϐλημα,
1676 3710 1730 3765 τί
1779 3713 1873 3786 δή-

270 3809 415 3844 πυτε
445 3791 556 3844 τῶν
609 3792 1105 3866 πλημμελημάτων
1154 3799 1214 3850 τὸ
1252 3799 1638 3869 χαλεπώτατον
1695 3803 1873 3861 λιπὼν

266 3886 378 3955 τὴν
406 3884 621 3956 αἵρεσιν
651 3886 936 3957 ἄνθρωπος
967 3889 1049 3951 είς
1086 3890 1410 3963 ἱερωσύνην,
1447 3894 1523 3965 μὴ
1550 3895 1660 3950 τῶν
1691 3897 1872 3952 ἄλλων

272 3977 459 4042 ἔργων
495 3976 840 4047 μαχομένων,
870 3981 1272 4049 παραγγέλλειν
1301 3982 1548 4038 δύναται*
1576 3987 1605 4038 ὁ
1639 3987 1684 4040 δ’
1707 3988 1870 4057 ὀρθό-

272 4066 430 4129 ὃοξον
462 4066 645 4136 φέρων
683 4068 746 4119 τὸ
804 4068 1084 4140 φρόνημα,
1128 4072 1357 4144 ἐμφύλῳ
1401 4074 1499 4147 τὴν
1530 4079 1687 4148 χεῖρα
1737 4081 1870 4150 μιά-

274 4173 378 4218 νας
414 4155 633 4226 αἵματι,
662 4156 696 4228 ἢ
726 4158 933 4228 τάφους
961 4160 1253 4233 ἀνορύξας.
1277 4163 1309 4234 ἢ
1329 4167 1676 4236 κατενεχθεὶς
1708 4167 1873 4240 μέχρι

273 4245 532 4317 σώματος
574 4249 653 4312 είς
710 4251 1141 4321 κατενοχλοῦσαν
1203 4254 1418 4327 ἡδονὴν,
1470 4256 1504 4328 ἢ
1559 4258 1726 4329 ἄλλης
1788 4277 1876 4313 τι·

270 4340 366 4400 νὸς
427 4339 530 4392 οὐκ
585 4340 819 4408 εύαγοῦς
868 4343 1122 4415 πράξεως
1155 4345 1340 4417 ἔνοχος
1365 4348 1628 4418 γεγονὼς,
1683 4351 1874 4404 οὐκέτι

267 4433 398 4486 οὖδέ
414 4431 552 4502 πρὸς
579 4433 869 4503 μετάνοιαν
887 4437 1376 4508 ἐπιστρεφόμενος,
1397 4439 1519 4493 ούδέ
1539 4439 1714 4504 διδοὺς
1734 4441 1879 4514 πλη-

269 4525 541 4596 ροφορίαν
591 4525 666 4596 μὴ
699 4525 1058 4592 διστάζουσαν
1085 4533 1200 4593 τοῖς
1243 4530 1560 4597 ἀδεκάστωςν
1604 4529 1874 4605 κρίνουσι,

266 4618 386 4670 τῶν
436 4617 800 4688 μολυσμάτων
843 4619 1208 4692 κεκάθαρταιο
1245 4623 1382 4677 ἀλλά
1408 4625 1519 4696 γάρ
1557 4627 1734 4691 οὐδεὶς
1768 4627 1878 4681 τῶν

265 4707 558 4773 τοιούτων,
577 4710 714 4780 μηδὲ
743 4709 850 4763 τῶν
876 4711 1053 4765 ἄλλων
1079 4715 1293 4784 ἀρετῶν
1327 4717 1875 4791 ἐπιμαρτυρούντων,

264 4802 543 4875 οὓμενουν
606 4803 669 4856 ού
722 4802 1002 4874 νομίζεται
1064 4809 1164 4878 τῆς
1219 4809 1522 4882 ἱερωσύνης
1550 4811 1794 4878 ἐπάξιος.
1891 4813 1896 4816 ’

340 4897 422 4950 Τὸ
453 4895 554 4967 μὲν
584 4895 677 4950 οὖν
723 4895 950 4968 ζήτημα
983 4899 1215 4954 παλαιόν
1239 4919 1300 4955 τε
1329 4903 1426 4956 καὶ
1478 4905 1578 4976 τὴν
1611 4904 1873 4978 τοιαύτην

2050 3721 2104 3777 In
2162 3723 2562 3778 dubitationem
2647 3734 2796 3775 nunc
2865 3716 3160 3773 adducitur
3218 3715 3362 3770 istud
3439 3725 3570 3783 pm‘

1974 3814 2154 3869 hlema
2193 3833 2208 3869 :
2253 3831 2426 3886 quare
2476 3814 2525 3870 is
2600 3812 2695 3884 qui
2757 3822 3110 3883 peccatorum
3175 3805 3567 3878 gravissimum

1977 3906 2231 3960 haeresim
2266 3921 2464 3975 nempe
2493 3903 2733 3975 reliquit,
2764 3901 3158 3962 sacerdotium,
3178 3897 3284 3953 nisi
3313 3897 3417 3951 alia
3446 3897 3576 3966 ejus

1976 4014 2140 4067 opera
2173 4000 2522 4069 prohibeant,
2553 3998 2764 4052 ambire
2793 3996 2998 4065 possit;
3038 3993 3128 4048 ille
3168 4006 3298 4047 vero
3337 3990 3431 4060 qui
3471 4005 3569 4045 or-

1979 4093 2250 4147 thodnxos
2292 4091 2454 4146 habet
2494 4105 2713 4152 sensus,
2767 4103 2989 4142 manum
3045 4100 3178 4140 vero
3227 4083 3411 4138 fratris
3439 4097 3568 4137 san-

1979 4187 2140 4255 guine
2171 4183 2442 4254 polluerit.
2470 4183 2552 4237 vel
2604 4181 2858 4250 sepulcra
2910 4175 3219 4241 violaverit,
3259 4176 3343 4230 vel
3366 4190 3571 4244 corpus

1979 4276 2195 4331 funesta
2255 4275 2532 4345 voluptate
2590 4271 2874 4332 ledaverit,
2924 4269 3008 4322 vel
3054 4268 3216 4322 aliam
3268 4271 3563 4336 quamdam

1979 4383 2088 4421 non
2153 4368 2414 4422 mundam
2468 4367 2740 4420 actionem
2791 4361 3113 4425 admiserit,
3164 4374 3342 4430 neque
3395 4358 3441 4414 si
3497 4358 3566 4413 ad

1980 4459 2357 4530 paenitentiam
2389 4465 2742 4514 convertatur
2777 4469 2956 4524 neque
2988 4455 3034 4510 si
3066 4455 3386 4522 incorrupte
3414 4450 3568 4520 judi-

1979 4553 2220 4608 cantium
2267 4552 2562 4622 opinione.
2617 4550 2780 4620 plene
2825 4547 3185 4610 satisfecerit,
3244 4545 3572 4615 impollutus

1979 4647 2194 4700 evadat.
2229 4645 2396 4701 Nemo
2426 4645 2594 4705 enim,
2616 4643 2818 4697 talibus
2845 4650 2940 4695 aut
2965 4641 3089 4695 aliis
3117 4639 3408 4693 virtutibus
3440 4651 3567 4707 pro-

1979 4745 2182 4803 tectus,
2213 4736 2523 4792 sacerdotio
2554 4733 2755 4805 dignus
2777 4733 3077 4803 judicatur.

2052 4907 2183 4974 Qum
2231 4908 2452 4978 quidem
2493 4904 2722 4977 qumstio
2761 4904 2984 4973 antiqua
3015 4909 3119 4965 est,
3165 4910 3220 4955 et
3268 4901 3370 4953 hoc
3401 4897 3565 4952 modo

271 4990 619 5062 προαγωγὴν
678 4992 1074 5062 οἰκειούμενονο
1109 4996 1160 5048 εί
1181 4995 1238 5049 δέ
1290 5013 1439 5060 τινες
1469 4999 1649 5071 ὀρθῶς
1675 5000 1870 5054 ἐπελύ-

1976 5001 2116 5056 solet
2141 5000 2456 5065 enuntiari;
2488 4999 2534 5054 si
2569 4997 2665 5065 qui
2717 5012 2848 5050 vero
2898 5002 3044 5048 recte
3090 5007 3212 5045 eam
3255 4992 3561 5052 solverunt,

271 5098 466 5148 σαντο,
488 5081 664 5153 ἡδέως
691 5081 758 5136 ἂν
783 5083 965 5137 αὐτῶν
997 5084 1249 5156 μαθητὴς
1281 5088 1562 5161 γενοίμηνο
1592 5090 1872 5162 διδάξαιμι

265 5175 312 5228 δ’
345 5175 420 5230 ἂν
454 5176 588 5237 ἴσως
618 5177 670 5228 εί
698 5175 794 5229 καὶ
835 5179 912 5248 μὴ
946 5177 1166 5243 ἀλλους,
1203 5179 1264 5232 σὲ
1295 5179 1353 5232 δὲ
1393 5182 1631 5246 πάντως·
1657 5183 1730 5247 ὡς
1756 5185 1874 5238 ὅσοι

271 5269 372 5338 μὲν
395 5267 682 5321 δυσσεϐεῖν
731 5268 943 5340 εἴχοντο
982 5269 1212 5342 γνώμης
1238 5273 1508 5344 προῆλθον
1541 5275 1638 5346 οὐχ
1678 5277 1871 5346 αἱρου-

269 5360 454 5430 μένης
482 5360 544 5413 τὺ
569 5359 797 5430 φαῦλον,
834 5361 950 5413 ἀλλ’
971 5362 1340 5434 ἐπιζητούσης
1371 5365 1431 5418 τὸ
1453 5365 1700 5436 ἄμεινον,
1729 5369 1870 5422 ἀπο-

265 5451 575 5522 σφαλέντες
603 5453 660 5506 δὲ
682 5451 781 5506 τοῦ
806 5452 953 5524 ίεροῦ
984 5455 1094 5508 τῶν
1117 5457 1446 5525 κρειττόνων
1477 5458 1702 5529 ἔρωτος,
1727 5461 1867 5530 πρὸς

262 5545 330 5598 τὸ
382 5545 568 5615 χεῖρον
593 5543 624 5598 ὃ
672 5545 749 5616 μὴ
784 5545 1078 5618 προέθεντο
1105 5547 1515 5619 ἀπηνέχθησαν·
1553 5551 1586 5620 ἡ
1622 5551 1724 5620 μὲν
1768 5551 1864 5606 ἀπ’

264 5635 452 5706 ἀρχῆς
475 5635 622 5707 ὁρμὴ
651 5635 861 5700 τούτοις
888 5635 1042 5707 ἡνθει
1069 5636 1132 5690 τὸ
1157 5637 1364 5707 ἀγαθόν
1384 5656 1398 5671 ο
1435 5643 1468 5710 ἡ
1500 5640 1559 5694 δέ
1592 5642 1864 5712 ἀποτυχία

269 5728 480 5782 δύναιτ’
506 5727 572 5782 ἂν
610 5728 976 5799 καταφεύγειν
993 5732 1072 5795 είς
1098 5732 1159 5784 τὸ
1178 5732 1277 5802 τῆς
1300 5730 1518 5802 φύσεως
1549 5735 1864 5806 ἀπομαραι-

270 5825 501 5890 νόμενον
550 5823 642 5877 mi.
679 5822 927 5888 ἀσθενές·
963 5826 1058 5877 καὶ
1091 5818 1236 5879 οὗτοι
1269 5826 1370 5897 μὲν
1410 5827 1518 5881 τῶν
1585 5830 1849 5899 χειρόνων

1973 5093 2207 5148 libenter
2224 5107 2312 5146 me
2327 5106 2517 5147 eorum
2545 5088 2879 5158 discipulum
2899 5084 3314 5140 coustiluerem.
3343 5081 3561 5137 Docebo

1973 5194 2154 5239 autem
2191 5182 2353 5248 forte,
2381 5183 2424 5237 si
2453 5181 2636 5235 minus
2661 5179 2826 5242 alios,
2861 5187 2912 5232 te
2941 5177 3136 5231 saltem
3169 5173 3397 5228 omnino
3423 5189 3437 5238 ;
3467 5171 3563 5241 qui

1973 5277 2196 5347 quidem
2261 5275 2414 5346 impii
2472 5273 2818 5329 habebantur
2871 5287 2902 5324 a
2953 5269 3235 5322 voluntate
3283 5264 3558 5335 progressi

1975 5381 2104 5423 sunt
2130 5367 2338 5421 malum
2372 5381 2480 5421 non
2519 5365 2777 5432 eligente,
2800 5361 2894 5418 sed
2933 5360 3137 5415 bonum
3171 5357 3558 5426 iuvesttgante,

1973 5476 2136 5515 sacro
2167 5468 2347 5513 autem
2374 5457 2707 5527 optimorum
2741 5470 2931 5508 arnore
2970 5452 3188 5522 privati.
3236 5452 3304 5503 ait
3357 5449 3564 5502 malunt

1973 5553 2118 5620 quod
2155 5566 2262 5606 non
2294 5556 2730 5620 praeposuerunt,
2779 5546 2942 5600 delati
2998 5552 3160 5608 sunt;
3212 5557 3242 5596 a
3294 5538 3564 5610 principio

1971 5645 2118 5699 eui-tn
2152 5643 2359 5698 amoris
2392 5642 2662 5697 terminus
2704 5640 2771 5696 iis
2821 5639 3052 5694 ﬂorebat
3088 5637 3329 5700 bonum;
3362 5646 3559 5687 eorum

1972 5752 2136 5807 porro
2167 5735 2356 5789 infelix
2393 5734 2574 5789 exitus
2619 5743 2806 5803 posset
2837 5733 2901 5786 ad
2944 5731 3352 5798 corruptione-tn
3384 5739 3433 5780 ot
3472 5727 3560 5778 iu-

1963 5829 2281 5884 firmitatent
2346 5838 2554 5882 naturae
2616 5824 2950 5896 confugere;
3004 5834 3058 5877 ct
3100 5815 3150 5876 ii
3197 5836 3226 5874 a
3280 5818 3560 5890 pi-joribtts
