4084 6450
637 380 731 446 147

1784 385 2049 445 PIIOTII
2081 385 2588 447 PATRIARCIIE
2625 388 2733 448 (ΣΡ.
3791 390 3879 453 HS

630 496 907 558 conversi,
956 495 1145 551 vident
1198 495 1635 551 misericordiam
1683 497 1945 554 benevole
1987 516 2084 554 eos
2124 514 2194 553 re-

2316 502 2788 571 μεταναστάντες,
2829 501 3070 571 εὐμενῶς
3120 503 3307 566 αὐτοῖς
3352 502 3570 573 δρῶσιν
3639 505 3731 573 τὴν
3772 525 3879 558 σνν-

632 589 974 658 spicientem.
1000 587 1104 653 Qui
1135 604 1266 643 vero
1292 589 1360 643 ab
1393 590 1551 644 Initio
1578 606 1635 643 se
1667 592 1804 643 male
1822 607 1983 660 agere
2007 593 2207 656 sciunt,

626 693 681 734 et
704 682 770 735 ad
808 681 1009 734 malum
1059 696 1221 735 suum
1270 682 1511 736 animum
1561 682 1799 747 firmant,
1832 685 2112 739 conversis
2142 684 2210 738 ad

630 774 1006 843 pinnitentiam
1028 774 1253 828 multam
1279 784 1470 828 contra
1497 774 1643 843 ipsos
1672 780 2037 843 pr:estantiam
2063 794 2207 848 pra:-

629 869 775 921 lzent.
802 866 907 921 Alii
936 867 1082 920 enim
1110 867 1269 920 bonis
1321 866 1607 920 desideriis
1633 870 2001 929 adhaeserunt,
2027 879 2081 923 et
2112 884 2212 922 no-

628 961 798 1013 lentes
839 960 890 1013 in
937 962 1271 1014 contrariam
1323 959 1576 1012 abierunt
1619 968 1859 1028 partem;
1895 960 1983 1013 alii
2026 969 2208 1014 autem

626 1053 697 1104 ab
729 1052 887 1105 initio
936 1052 1079 1105 mala
1120 1051 1424 1121 elegerunt,
1457 1065 1510 1105 et
1538 1068 1727 1106 eorum
1762 1054 2027 1105 sententia
2060 1068 2209 1107 mors

630 1142 697 1197 iis
738 1144 965 1208 accidit;
1003 1144 1125 1199 aliis
1169 1145 1389 1213 quidem
1442 1145 1707 1213 optimum
1746 1144 2030 1198 videbatur
2061 1144 2208 1214 quod

628 1234 949 1299 laudabant,
979 1234 1049 1288 ita
1074 1243 1133 1289 ut
1169 1237 1428 1304 opinione
1459 1252 1555 1289 sua
1582 1237 1950 1304 superbit-ent,
1978 1248 2029 1291 et
2058 1251 2209 1290 mor-

629 1334 735 1377 tem
776 1323 912 1378 forte
942 1325 1122 1393 potius
1156 1326 1407 1378 subirent
1458 1342 1625 1394 quam
1670 1342 1765 1379 sua
1809 1328 2060 1393 dogmata
2110 1327 2209 1380 de-

626 1425 918 1485 negarent;
974 1416 1066 1469 alii
1125 1431 1253 1470 vero
1305 1418 1505 1469 malum
1558 1418 1695 1469 adeo
1756 1419 2093 1481 noscebant,
2149 1428 2207 1472 ut

627 1508 844 1561 nemine
866 1509 1028 1561 etiam
1060 1509 1289 1574 sciente,
1340 1510 1391 1561 in
1436 1526 1492 1562 se
1528 1511 1739 1563 actione
1777 1526 1874 1561 sua
1916 1511 2206 1565 erubesce-

625 1607 767 1663 rent,
800 1611 853 1653 et
888 1600 1102 1655 dillirile
1131 1602 1233 1655 sibi
1267 1603 1660 1670 persuaderent
1693 1618 1748 1655 se
1773 1618 1964 1656 omnes
1994 1601 2201 1673 fugere.

623 1689 759 1744 Cum
795 1690 961 1759 igitur
993 1691 1061 1743 ab
1092 1692 1246 1743 initio
1272 1692 1446 1745 bonus
1484 1701 1632 1745 esset
1675 1707 1897 1759 scopus,
1940 1692 2028 1763 (ad
2057 1695 2203 1760 opti-

623 1799 772 1835 nmm
818 1782 964 1836 enim
1018 1784 1331 1847 tendebant)
1384 1794 1436 1837 et
1489 1786 1718 1837 mutatio
1768 1798 1863 1853 per
1916 1786 2199 1839 scientiam

2315 594 2542 662 γνώμην
2572 594 2986 647 ἐπιϐλέπουσαν·
3020 595 3069 647 οἱ
3095 594 3150 647 δέ
3184 593 3385 663 ιραῦλον
3433 595 3544 663 μέν
3577 595 3767 659 εἰδότες
3802 597 3879 651 ἀπ’

2314 685 2488 753 ἀρχῆς
2520 685 2580 737 τὸ
2607 685 2997 755 πραττόμενον,
3039 686 3171 755 πρὸς
3214 688 3387 738 ἐκεῖνο
3437 686 3502 739 δὲ
3536 684 3631 737 τὸν
3655 686 3769 739 νοῦν
3802 692 3879 741 ἀττ-

2313 779 2633 848 ιρείδοντες,
2666 778 2869 849 πολλὴν
2898 778 3019 831 κατ’
3048 778 3227 831 αὐτῶν
3264 779 3614 849 παρέχονται
3641 781 3748 841 τοῖς
3772 782 3882 851 πρὶς

2313 868 2595 921 εὐσέϐειαν
2620 868 3110 938 μεταϐαλλομένοις
3132 869 3229 939 τὴν
3260 870 3575 938 ὑπεροχήν·
3610 872 3659 921 ei
3691 872 3780 938 μὲν
3797 874 3883 941 γὰρ

2311 957 2490 1028 ὁρμῆς
2519 959 2826 1029 ἀντείχοντο
2875 960 2974 1028 τῆς
3006 959 3237 1028 ἀγαθῆς.
3270 961 3348 1022 εἰς
3376 961 3706 1012 τούναντίον
3751 962 3801 1013 δὲ
3827 965 3886 1030 μή

2311 1049 2469 1104 τοῦτο
2496 1051 2818 1122 προθέμενοι
2850 1052 3261 1122 παρεσύρησανσ
3293 1056 3404 1115 τοῖς
3433 1054 3497 1105 δέ
3542 1051 3655 1104 τῶν
3682 1070 3738 1104 τε
3773 1057 3888 1122 φαύο

2310 1142 2416 1195 λων
2442 1139 2510 1213 ἦν
2547 1144 2579 1213 ἡ
2613 1144 2731 1196 κατ’
2779 1144 2951 1214 ἀρχὰς
2982 1145 3213 1213 αἵρεσις,
3247 1147 3339 1197 καὶ
3364 1146 3518 1197 κατά
3558 1147 3758 1197 σκοπὸν
3784 1164 3887 1197 σνν-

2311 1235 2526 1287 έϐαινεν
2564 1237 2596 1305 η
2642 1235 2905 1288 ἀπώλεια·
2967 1237 3201 1299 καὶτοῖς
3234 1237 3331 1305 μὲν
3370 1237 3558 1296 οὕτως
3622 1236 3791 1288 £6615:
3836 1240 3885 1290 τδ

2309 1325 2665 1396 δοξαζόμενον
2716 1327 3011 1396 βέλτιστον,
3049 1327 3124 1390 ώς
3173 1329 3511 1398 ἐπιγανριᾷν
3572 1345 3633 1378 τε
3682 1332 3742 1396 τῇ
3780 1328 3887 1399 δόξῃ

2309 1418 2402 1469 καὶ
2433 1419 2658 1470 θάνατον
2694 1418 2840 1470 ἔστιν
2895 1420 2982 1471 ὅτε
3019 1419 3396 1487 προαιρεῖσθαι
3433 1419 3555 1469 τῶν
3590 1419 3887 1487 δεδοξασμέ-

2308 1525 2415 1561 νων
2461 1509 2562 1577 τῆς
2618 1510 2920 1578 ἐξομόσεως
2940 1527 2954 1541 ’
2983 1512 3094 1573 τοῖς
3136 1510 3190 1562 δὲ
3222 1512 3281 1561 τὸ
3313 1510 3487 1562 κακὴν
3538 1512 3634 1562 ἐπὶ
3660 1511 3887 1562 τοσοῦτον

2308 1600 2649 1669 ἐγνωρίζετο,
2680 1600 2754 1662 ώς
2787 1605 2878 1653 καὶ
2910 1601 3137 1670 μηδενὸς
3164 1601 3361 1665 ἔξωθεν
3410 1602 3748 1664 συνειδότος,
3780 1602 3883 1653 καθ’

2308 1691 2533 1755 ἑαυτοὺς
2568 1693 2899 1762 ἐπερυθριᾷν
2930 1695 2992 1762 τῇ
3027 1693 3243 1762 πράξει,
3282 1694 3376 1743 καὶ
3402 1694 3583 1762 εὐχῆς
3625 1694 3785 1762 ἔργον
3821 1689 3888 1743 εἴ·

2306 1800 2391 1836 ναι
2427 1783 2667 1851 νομίζειν
2700 1783 2881 1837 λαθεῖν
2916 1784 3178 1847 ἅπαντας.
3220 1784 3308 1849 Ἐξ
3342 1779 3417 1838 ὧν
3463 1781 3567 1837 οὖν
3608 1785 3704 1838 ἀπ’
3731 1784 3887 1854 ἀρχῆς

618 1875 796 1929 solido
846 1874 1191 1928 munimento
1244 1877 1585 1943 imponetur,
1643 1892 1767 1929 vera
1812 1876 2194 1945 dijudicatione

2303 1842 2505 1942 ἀγαθὸς
2547 1842 2613 1943 ῆν
2645 1876 2672 1926 ὁ
2716 1875 2938 1937 σκοπὸς,
2966 1876 3103 1944 πρὸς
3133 1842 3241 1947 γὰρ
3281 1842 3341 1929 τὸ
3376 1876 3610 1944 ἄριστον
3652 1842 3883 1935 ἔϐλεπον,

618 1983 739 2020 eam
776 1966 1115 2029 slabiliente,
1160 1969 1465 2032 immotam,
1516 1975 1573 2021 ut
1620 1968 1939 2035 plurimum,
1978 1983 2090 2021 sua:
2130 1970 2196 2023 ad

620 2060 875 2126 pietatem
906 2059 1283 2113 conversionis
1308 2058 1414 2111 vim
1458 2068 1697 2112 servant.
1747 2060 1883 2111 Aliis
1919 2075 2049 2111 vero
2082 2076 2198 2113 ma-

618 2153 730 2204 lum
776 2160 893 2204 erat
928 2152 998 2205 ab
1040 2151 1161 2220 ipso
1210 2150 1437 2204 exordio
1486 2150 1838 2203 desiderium.
1894 2148 2009 2203 Non
2050 2154 2195 2205 ettitll

614 2258 709 2296 eos
737 2241 978 2311 fugiebat
1000 2257 1059 2297 se
1083 2243 1151 2296 ad
1176 2241 1485 2295 inordinata
1508 2242 1788 2301 accedere.
1811 2248 1865 2294 et
1887 2242 2049 2294 etiam
2075 2258 2198 2309 per-

614 2344 733 2387 acta
774 2332 1064 2387 conversio
1106 2347 1217 2386 non
1256 2331 1701 2385 immutabilitate
1730 2332 2018 2386 solidatur.
2051 2333 2194 2387 Nihil

612 2425 759 2478 enim
802 2425 878 2477 illi
908 2425 975 2479 iis
1006 2439 1129 2494 quae
1160 2432 1321 2478 antea
1351 2424 1600 2479 sciebant
1622 2424 1963 2492 adjecerunt,
1994 2427 2195 2493 quibus

613 2517 826 2571 firmius
888 2516 1298 2580 stabilirentur,
1356 2516 1450 2571 sed
1518 2516 1741 2585 propria
1812 2516 2059 2571 libertate
2126 2517 2193 2571 ad

614 2617 907 2676 utrutnque
944 2616 1335 2676 prorumpente
1378 2606 1681 2672 voluntate,
1725 2623 1825 2663 nec
1867 2618 2014 2663 certe
2055 2611 2196 2665 scire

612 2713 779 2767 quam
810 2698 875 2750 ad
905 2706 1112 2766 partem
1144 2695 1473 2751 inclinatura
1501 2696 1573 2751 sit
1607 2698 1840 2761 sinente,
1888 2714 1997 2753 non
2036 2698 2196 2754 facile

614 2789 696 2843 eis
731 2788 1044 2842 omnimoda
1094 2787 1383 2841 adhibetur
1414 2788 1545 2841 fides
1592 2789 1636 2841 si
1672 2788 1856 2843 dicant
1888 2806 1947 2845 se
1982 2808 2089 2845 non
2126 2792 2192 2846 ad

615 2878 857 2948 priorem
910 2878 1175 2933 vilitatem
1230 2878 1503 2932 redituros
1555 2896 1693 2933 esse.
1728 2882 1897 2946 Adde,
1945 2886 1990 2938 si
2040 2887 2193 2948 \‘clis,

612 2975 669 3022 et
700 2967 842 3020 hanc
874 2967 1140 3021 rationem
1177 2986 1189 3019 :
1222 2968 1367 3036 apud
1401 2969 1536 3022 alios
1562 2980 1615 3023 et
1652 2971 1801 3039 prior
1838 2979 1892 3025 et
1923 2978 2195 3042 posterior

613 3058 800 3128 opinio
825 3059 1015 3111 eodem
1051 3061 1235 3124 modo,
1274 3073 1342 3113 ne
1375 3059 1553 3115 dicam
1586 3062 1941 3129 posteriorem
1995 3064 2193 3121 fortius

2301 1966 2394 2017 καὶ
2425 1966 2455 2032 ἠ
2484 1963 2752 2033 μεταϐολὴ
2783 1963 3047 2032 προῖοῦσα
3069 1963 3134 2016 δι’
3156 1965 3515 2032 ἐπιγνώσεως
3552 1967 3645 2018 ἐπὶ
3672 1967 3887 2036 στερρᾶς

2300 2056 2560 2125 κρηπῖδος
2588 2055 2861 2117 ἐϐάλλετο,
2910 2059 3009 2126 τῆς
3062 2057 3296 2125 ἀληθοῦς
3327 2058 3501 2125 αὐτὴν
3537 2057 3887 2125 πηγνυμένης

2298 2147 2647 2217 διακρίσεως,
2686 2147 2981 2199 ἀσάλευτον
3014 2141 3158 2200 οὗτοι
3219 2149 3360 2200 κατά
3415 2148 3477 2200 τὸ
3520 2148 3777 2199 πλεῖστον
3800 2164 3886 2216 τη-

2302 2238 2452 2308 ροῦσι
2480 2238 2576 2306 τῆς
2610 2239 2701 2291 ἐπὶ
2725 2238 2822 2307 τὴν
2850 2238 3132 2291 εὐσέϐειαν
3163 2239 3472 2309 μεταϐολῆς
3499 2240 3566 2292 τὸ
3614 2240 3878 2309 κραταὶω-

2301 2346 2395 2399 μα·
2430 2332 2539 2391 τοῖς
2564 2329 2620 2381 δὲ
2652 2329 2828 2399 φαύλη
2860 2346 2917 2380 τε
2949 2324 3016 2398 ἦν
3042 2329 3099 2393 ἐξ
3132 2329 3304 2399 αὐτῆς
3362 2330 3648 2397 κινήσεως
3671 2331 3702 2399 ἡ
3729 2329 3880 2397 ὁρμή·

2296 2422 2356 2472 οὑ
2384 2421 2489 2491 γὰρ
2506 2421 2731 2489 ἠγνόουν
2753 2420 2951 2474 ἄτοπον
2974 2421 3289 2491 ἁπτόμενοι,
3310 2421 3525 2491 καὶτῆς
3548 2421 3880 2489 μεταθέσεως

2297 2512 2673 2582 γεγενημένης
2708 2512 2825 2581 μὲν,
2845 2513 2945 2565 οὐκ
2978 2512 3208 2582 ἐχούσης
3228 2512 3287 2565 δὲ
3318 2513 3397 2582 τῷ
3420 2512 3755 2581 ἀμεταθέτῳ
3772 2527 3880 2579 στη-

2299 2604 2565 2676 ρίζεσθαυ
2591 2604 2742 2657 οὐδὲν
2772 2603 2880 2675 γὰρ
2900 2599 3045 2659 οὗτοι
3077 2604 3185 2656 τῶν
3206 2604 3696 2674 προεγνωσμένων
3733 2602 3878 2654 πλέον

2297 2708 2554 2781 προσειλή
2563 2710 2813 2778 φεσαν,ἐν
2823 2704 2903 2773 οἷς
2916 2708 2982 2763 ἀν
2997 2710 3308 2777 ἐδρασθεῖεν
3326 2710 3765 2786 σταθερὼτεῇν,
3779 2706 3878 2760 ἀλλ’

2309 2798 2715 2870 ἐπισκιρτώσης
2744 2798 2821 2868 τῷ
2847 2799 3223 2869 αὐτοδεσπότῳ
3246 2800 3344 2870 τῆς
3394 2799 3632 2869 γνώμης
3657 2799 3741 2868 ἐφ’
3760 2799 3874 2851 ἐκά-

2294 2908 2429 2962 τερα
2453 2890 2646 2960 ἀδηλόν
2671 2908 2729 2943 τε
2755 2891 2853 2961 τὴν
2879 2892 3059 2961 κρίσιν
3078 2892 3462 2961 παρεχομένης
3487 2893 3578 2961 ἐφ’
3600 2892 3629 2943 ὅ
3652 2890 3872 2961 ῥέψειεν,

2298 2981 2524 3042 εἰκότως
2550 2979 2650 3031 οὐκ
2674 2978 2822 3031 ἐστιν
2849 2980 3033 3042 αὐτοῖς
3062 2981 3246 3031 πίστιν
3280 2982 3408 3050 ῥᾷον
3450 2982 3778 3050 παρασχεῖν,
3808 2977 3872 3037 ὼς

2295 3072 2357 3125 οὐ
2378 3072 2574 3143 μηκέτι
2597 3071 2787 3141 εἴησαν
2809 3073 2887 3133 είς
2906 3072 3005 3140 τὴν
3029 3072 3303 3142 προτέραν
3326 3072 3652 3133 ἐπανιόντες
3686 3068 3874 3138 φαυλό-

612 3164 797 3219 agere,
840 3149 1011 3204 libere
1045 3152 1436 3217 ostenduntur;
1479 3155 1571 3207 sed
1610 3152 1775 3222 igitur
1812 3158 2051 3211 secunda
2088 3175 2192 3212 non

2299 3180 2451 3234 τητα.
2484 3162 2723 3233 Πρόσθες
2752 3164 2799 3215 εί
2820 3162 2999 3232 βούλει
3029 3162 3275 3217 καὶδιότι
3298 3167 3411 3226 τοῖς
3447 3164 3550 3233 μὲν
3580 3163 3678 3217 καὶ
3701 3164 3870 3231 ήπρο-

611 3244 753 3300 Cedit
785 3243 971 3313 priori,
1004 3253 1061 3298 ut
1106 3244 1444 3299 multitudini
1491 3258 1615 3301 nom
1645 3247 1757 3311 lial,
1788 3248 1856 3303 de
1898 3250 2022 3304 aliis
2065 3267 2197 3307 vero

612 3352 770 3391 suum
805 3347 1087 3405 peccatum
1123 3338 1458 3407 triumphum
1494 3340 1624 3407 agit.
1667 3340 1867 3395 Amant
1915 3344 2061 3397 enim
2098 3346 2195 3400 lto-

615 3431 793 3485 mines
833 3440 887 3483 et
916 3431 1089 3483 aliena
1138 3431 1407 3499 experiri;
1451 3448 1574 3501 qua:
1621 3448 1750 3487 vero
1798 3434 1849 3487 in
1886 3435 2103 3489 silentio
2142 3446 2196 3492 et

612 3520 906 3575 solitudine
930 3521 1108 3590 agitur
1141 3522 1458 3591 putuitentia
1507 3539 1614 3577 non
1662 3526 1822 3578 modo
1868 3542 1965 3581 sua
1996 3528 2193 3582 obscu-

615 3612 776 3664 titate
824 3615 1085 3681 populum
1139 3613 1294 3685 fugit,
1343 3616 1435 3669 sed
1486 3616 1744 3669 invidiam
1801 3618 1960 3673 habet
2007 3636 2193 3677 amare

616 3702 1025 3771 inquirentem,
1085 3721 1192 3759 non
1247 3715 1428 3760 autem
1472 3711 1751 3762 evidenter
1800 3720 1854 3765 et
1904 3712 2191 3769 manifeste

616 3794 1053 3862 purlieationem
1103 3796 1466 3853 invenientem
1500 3816 1515 3852 :
1558 3809 1772 3867 oportet
1805 3812 1984 3857 autem
2013 3821 2192 3877 neque

615 3886 965 3953 parvulorum
1007 3905 1336 3958 quemquam
1370 3892 1765 3947 scandalizare.

693 3977 809 4033 Non
842 3988 1016 4034 tatnen
1036 3982 1291 4036 omnibus
1315 3984 1533 4038 exhibet
1552 3986 1964 4041 conversionem
1999 4004 2193 4058 quem-

612 4073 905 4128 admodum
956 4083 1303 4142 peccatorum
1342 4076 1471 4130 olim
1512 4078 1878 4148 cognitionem
1916 4083 2188 4141 exhibuit.

2296 3252 2431 3323 τέρα
2451 3252 2577 3318 δόξα
2600 3252 2746 3323 καὶὴ
2777 3269 3038 3323 μεταγενε
3049 3252 3213 3323 στέρα
3240 3252 3381 3305 κατά
3407 3253 3499 3304 τὸν
3523 3254 3641 3305 ἴσον
3664 3250 3869 3320 τρόπον,

2295 3345 2385 3399 ἵνα
2417 3346 2492 3416 μὴ
2524 3344 2668 3413 λέγω
2695 3345 2789 3397 καὶ
2836 3344 3093 3409 πολλάκις
3144 3346 3475 3415 προέχουσα,
3513 3339 3869 3415 παρρησιάζε-

2294 3455 2405 3492 ται·
2437 3436 2553 3491 ἀλλ’
2590 3437 2682 3490 οὖν
2722 3438 2823 3490 οὐκ
2876 3437 3023 3489 ἐστιν
3077 3438 3111 3506 ἡ
3165 3437 3397 3507 δευτέρα
3451 3439 3555 3507 τῆς
3615 3433 3868 3504 προτέρας

2298 3531 2433 3600 πρὸς
2458 3529 2556 3600 τὴν
2585 3529 2695 3583 τῶν
2740 3529 2951 3582 πολλῶν
2989 3530 3286 3597 ἐπίγνωσιν
3327 3530 3748 3600 δευτερεύονσα·
3771 3524 3864 3583 τοῖς

2294 3622 2350 3675 δὲ
2371 3621 2429 3674 τὸ
2452 3621 2550 3690 μὲν
2573 3619 2877 3690 ἁμάρτημα
2905 3618 3320 3688 θριαμϐεύεται·
3354 3619 3510 3687 φίλον
3540 3619 3657 3688 γὰρ
3683 3612 3868 3684 ἀνθρώ-

2297 3729 2420 3774 ποις
2456 3708 2873 3772 διακωδωνίζειν
2918 3709 2985 3761 τά
3035 3708 3314 3778 ἀλλότρια·
3351 3708 3385 3777 ἡ
3431 3710 3491 3762 δὲ
3545 3705 3864 3779 μεταμέλεια

2296 3807 2353 3857 ἐν
2382 3803 2581 3874 ἠσυχίᾳ
2600 3819 2660 3855 τε
2691 3804 2785 3855 καὶ
2806 3803 3117 3872 καταμόνας
3148 3803 3507 3872 πραττομένη
3538 3803 3641 3871 οὐχ
3665 3802 3745 3853 ὅτι
3778 3800 3865 3868 μό-

2298 3913 2387 3949 νον
2418 3895 2495 3965 τῷ
2530 3894 2843 3947 λανθάνοντι
2880 3893 3139 3961 ἐκφεύγει
3188 3892 3315 3955 τοὺς
3364 3891 3621 3955 πολλοὺς,
3652 3890 3764 3944 ἀλλ’
3792 3890 3861 3941 ὅτι

2295 3989 2390 4042 καὶ
2428 3988 2519 4040 τὸν
2543 3986 2736 4056 φθόνον
2778 3987 2888 4053 ἔχει
2924 3985 3119 4053 πικρὸν
3164 3983 3481 4056 ἐξεταστὴν,
3527 3987 3627 4055 οὐχ
3672 3986 3751 4036 ὃτι
3778 3998 3861 4032 πε-

2301 4078 2505 4153 ριφανῆ
2533 4079 2627 4129 καὶ¹
2663 4075 2963 4145 κατάδηλον
2995 4076 3095 4144 τῆς
3127 4074 3453 4147 καθάρσεως
3486 4092 3501 4105 ·
3541 4076 3622 4128 δεῖ
3643 4074 3700 4127 δέ
3744 4070 3861 4142 μηδὲ

612 4162 720 4217 τῶν
745 4164 953 4235 μικρῶν
977 4165 1179 4235 μηδένα
1211 4167 1582 4233 σκανδαλίζειν
1614 4186 1628 4200 ο
1662 4170 1923 4241 οὖμενουν
1956 4176 2016 4227 οὐ
2047 4177 2348 4247 παρέχεται
2401 4168 2789 4241 παραπλησίαν
2848 4169 3016 4221 πᾶσιν
3067 4166 3259 4238 ὥσπερ
3311 4169 3375 4239 δὴ
3414 4168 3512 4221 τοῦ
3560 4165 3861 4235 ἐλαττώμα-

609 4272 703 4318 τος
728 4255 826 4326 τὴν
848 4257 1163 4325 ἐπίγνωσιν.

987 4368 1316 4436 ρυίεδτιο
1356 4371 1478 4427 xxr
1521 4374 1621 4444 lat.
1652 4374 1797 4447 XX].

611 4462 867 4529 Quanam
894 4464 942 4515 in
968 4464 1361 4534 nostrissacris
1404 4464 1620 4518 Litteris
1648 4468 1884 4534 subjecta
1916 4470 2059 4524 notio
2114 4472 2184 4525 sit

682 4535 933 4588 vocabulo
959 4533 1239 4604 respondit
1267 4550 1287 4597 ;
1316 4543 1428 4587 tum
1476 4537 1576 4604 ipsi
1599 4533 1855 4599 videlicet,
1893 4550 2002 4592 tum
2058 4542 2183 4597 aliis

679 4608 750 4659 ad
775 4605 931 4675 hujus
954 4603 1352 4658 similitudinem
1384 4603 1731 4676 conformati:
1762 4610 2108 4677 dictionibus,

2827 4368 3172 4421 ΕΡΩΤΗΣΙΣ
3206 4366 3315 4422 ΚΑ⁹
3332 4411 3343 4422 .

2288 4461 2421 4517 Ἐπὶ
2480 4461 2645 4525 τινος
2709 4459 3239 4529 παραλαμϐάνεται
3306 4462 3467 4528 παρὰ
3522 4461 3648 4526 τοῖς
3700 4456 3856 4529 ἱεροῖς

2352 4531 2545 4611 ἡμῶν.
2579 4524 2820 4611 λογιοιῤ.
2864 4531 2902 4597 ἠ
2950 4524 3068 4611 ξτοῦ
3130 4524 3425 4611 ἀπεκρίθη.
3456 4524 3667 4609 satum?“
3723 4524 3854 4589 αὑτή

2350 4620 2415 4654 τε
2451 4601 2550 4655 καὶ
2581 4600 2834 4671 (ita:de
2859 4602 3086 4668 ταύτην
3120 4602 3190 4655 ἐκ
3220 4600 3328 4669 τῆς
3358 4601 3553 4669 αὐτῆς
3588 4614 3855 4671 σχηματι-

2354 4672 2567 4740 ζόμενα
2604 4670 2827 4736 ,λέξεως
2847 4686 2867 4734 ;

1698 4780 1839 4830 Edita
1867 4795 1893 4830 a
1920 4782 2063 4844 Malo,
2090 4785 2217 4834 Nov.
2245 4784 2459 4846 ϐοηθοίη
2488 4791 2523 4835 t.
2550 4784 2590 4844 Ι,
2625 4798 2673 4847 p.
2711 4784 2788 4833 59.

676 4896 873 4951 1.(Ξιιηι
903 4894 1073 4949 multa
1096 4891 1206 4948 sint
1232 4890 1551 4961 multiplicis
1576 4890 1995 4962 significationis
2022 4909 2186 4949 voca-

601 4989 754 5053 bula,
784 4989 858 5043 ita
897 4998 955 5042 ut
984 5004 1091 5041 non
1124 4986 1281 5055 pauci
1304 4996 1557 5042 auctores
1585 4987 1776 5056 integri
1809 4987 1989 5056 operis
2024 5002 2188 5056 argu-

603 5093 847 5140 mentum
879 5084 945 5137 de
979 5083 1064 5138 his
1088 5080 1478 5136 elaborandum
1526 5080 1907 5146 susceperint;
1970 5080 2044 5133 nil
2082 5080 2185 5132 mi-

605 5192 727 5231 rum
782 5176 908 5239 erit,
962 5175 1158 5228 nedum
1220 5174 1402 5243 aliqua
1474 5173 1849 5228 controversia
1926 5173 2177 5242 dignum,

602 5267 651 5324 si
677 5283 797 5337 qua-
837 5266 1106 5335 ejusmodi
1158 5280 1319 5321 voces
1358 5266 1415 5320 in
1461 5266 1666 5320 nostris
1718 5278 1937 5334 quoque
1995 5264 2171 5317 sacris

604 5359 826 5415 Litteris
865 5358 1264 5413 contineantur.
1300 5355 1433 5411 Nam
1459 5366 1511 5412 et
1540 5356 1684 5426 apud
1725 5373 1840 5421 eos,
1878 5357 1972 5427 qui
2004 5356 2178 5410 Attica

604 5450 789 5519 lingua
851 5450 1092 5506 studiose
1152 5458 1403 5516 utuntur,
1460 5464 1568 5503 non
1637 5449 1813 5504 solum
1880 5457 2183 5503 occurrunt

603 5541 874 5596 dictiones
902 5540 1106 5609 aliquot
1133 5542 1247 5597 sive
1285 5544 1338 5595 in
1367 5541 1657 5610 epidictico
1685 5541 1798 5594 sive
1821 5541 1875 5594 in
1912 5541 2180 5595 historico

606 5630 822 5687 dicendi
849 5646 1045 5702 genere
1076 5649 1195 5702 qua:
1228 5634 1582 5689 multifariam
1624 5635 2042 5705 signiﬁcantiam
2082 5637 2181 5689 ha-

610 5724 756 5783 bent,
781 5735 966 5774 verum
995 5722 1157 5776 etiam
1188 5740 1308 5791 qua:
1339 5724 1392 5777 in
1426 5727 1735 5781 contrarios
1770 5743 1965 5782 sensus
2012 5743 2181 5781 unum

608 5812 864 5883 idemque
904 5812 1227 5868 vocabulum
1268 5816 1687 5885 dispertiuutur.
1720 5816 1964 5888 Exempli
1999 5819 2167 5889 gratia

2365 4903 2435 4951 α’.
2483 4895 2702 4948 Πολλῶν
2741 4895 2910 4947 ὄντων
2954 4892 3150 4962 φωνῶν
3202 4892 3561 4962 πολυσήμων,
3599 4892 3733 4944 ὥστε
3770 4884 3850 4938 καὶ

2294 4986 2681 5055 πραγματείαν
2732 4984 3026 5053 ὁλόκληρον
3064 4983 3165 5035 οὐκ
3214 4982 3417 5049 ὀλίγοις
3466 4982 3708 5035 ἐπελθεῖν
3737 4973 3849 5043 περὶ

2292 5076 2472 5131 αὐτῶν
2502 5074 2891 5146 ἐξεργάσαθαι,
2928 5072 3081 5125 οὐδὲν
3115 5071 3341 5132 ἀπεικὸς
3370 5071 3437 5123 ἂν
3463 5072 3550 5140 εἴη
3596 5068 3709 5122 οὑδέ
3738 5077 3847 5116 τινα

2292 5170 2529 5241 παρέχον
2556 5166 2807 5237 ἀπωρίαν
2831 5164 3087 5227 τοιαύτας
3111 5162 3294 5231 φωνὰς
3319 5162 3515 5232 ὁρᾶθαι
3538 5164 3639 5214 κάν
3665 5160 3765 5219 τοῖς
3784 5156 3849 5206 ἱε-

2292 5265 2407 5332 ροῖς
2434 5260 2590 5331 ἡμῶν
2619 5258 2850 5321 ἐνούσας
2871 5256 3097 5323 λογίοις·
3123 5256 3215 5308 καὶ
3240 5254 3348 5322 γὰρ
3368 5255 3496 5324 παρ’
3515 5248 3597 5316 οἷς
3621 5254 3650 5322 ἡ
3673 5246 3843 5314 ἀττικὴ

2286 5350 2643 5411 σπουδάζεται
2671 5348 2915 5417 γλῶσσα,
2971 5347 3032 5399 οὑ
3079 5346 3241 5415 μόνον
3278 5344 3425 5397 ἐστιν
3473 5345 3653 5414 εὑρεῖν
3682 5339 3844 5410 φωνᾶς

2286 5445 2428 5499 κατὰ
2471 5445 2599 5505 τοὺς
2633 5439 3030 5502 ἐπιδεικτικούς
3073 5455 3132 5491 τε
3167 5438 3260 5490 καὶ
3301 5438 3608 5508 ἱστορικοὺς
3641 5434 3738 5487 τῶν
3764 5427 3840 5480 λό-

2286 5555 2401 5606 γων
2430 5536 2491 5589 τὸ
2526 5534 2843 5605 πολύσημον
2871 5531 3296 5601 ἐμποιουμένας,
3325 5530 3464 5583 ἀλλὰ
3491 5530 3586 5583 καὶ
3614 5526 3739 5598 πρὸς
3758 5523 3840 5575 ἀνα

2285 5629 2601 5700 τικειμένας
2642 5626 2885 5689 διανοίας
2933 5624 3031 5695 τὴν
3076 5624 3243 5693 αὐτὴν
3275 5623 3461 5694 φωνὴν
3499 5611 3836 5691 ἀποσχιζομέ-

2288 5742 2415 5777 νων.
2446 5723 2653 5777 Afri-im
2676 5721 2901 5774 Πλάτων
2928 5719 3027 5788 μὲν
3057 5717 3249 5786 ἄλοχον
3270 5718 3370 5788 τὴν
3404 5716 3669 5786 παρθένον
3690 5711 3831 5775 λέγειν

2292 5816 2386 5869 καὶ
2414 5816 2559 5869 δοκεῖ
2594 5832 2644 5868 τι
2675 5814 2835 5882 σοιρδν
2864 5812 3063 5879 λέγειν,
3100 5808 3252 5863 οὕπω
3298 5807 3407 5880 γὰρ
3450 5808 3622 5876 ἐπέϐη
3653 5803 3829 5871 λέχους’
