4084 6498
328 452 432 519 119

1310 458 1401 518 AD
1439 455 2039 518 AMPHILOCHIUM
2096 455 2445 526 OUJESTIO
2489 457 2646 520 XXI.

3523 454 3621 520 150

321 572 455 625 ἀλλ’
477 575 506 627 ό
532 572 698 638 αὑτός
726 591 788 628 τε
814 574 980 628 πάλιν
1011 589 1108 628 και
1144 572 1333 626 πολλοῖ
1361 573 1512 628 ἄλλοι
1537 573 1638 643 τὴν
1661 576 1718 626 ὲν
1747 573 1905 640 λόγοιι

2031 570 2188 627 Plato
2217 573 2411 644 ἄλοχον
2442 574 2678 644 appellat
2706 573 2994 643 virginem,
3017 574 3343 642 videturque
3393 571 3615 640 sapien-

319 665 596 738 δευτέραν
647 668 749 722 οὐκ
800 667 1021 738 ἔχοντες
1061 663 1238 730 τάξιν,
1291 665 1392 737 τὴν
1430 664 1725 719 συνιοῦσαν
1766 665 1925 734 ἀνδρὶ

317 758 468 829 πρὸς
493 759 654 830 λέχος
693 760 1024 832 σημαίνουσι
1053 758 1131 829 τῷ
1157 758 1408 828 ὀνόματι.
1450 758 1620 812 Πάλιν
1661 759 1926 827 σοφιστὴν

326 850 485 903 ἐστιν
539 849 761 904 ἀκούειν
812 851 907 905 τὸν
950 852 1050 913 τὰς
1074 851 1302 920 λογικὰς
1334 850 1533 920 τέχνας
1573 849 1920 904 διδάσκοντα·

320 942 582 1013 δεύτερον
609 944 666 996 δὲ
699 937 744 1012 ᾧ
772 944 833 997 τὸ
859 943 1111 998 λεκτικὸν
1140 939 1279 1007 εἶδος
1305 945 1640 1014 ἐπήσκηται·
1673 942 1769 996 καὶ
1794 942 1918 1013 τρί·

319 1051 425 1088 τον
463 1036 522 1098 ὅς
553 1053 640 1099 τις
669 1036 772 1106 τὴν
803 1038 863 1089 ὲν
893 1039 1008 1100 τοῖς
1037 1036 1220 1104 λόγοις
1266 1034 1578 1105 γυμνασίαν
1625 1035 1735 1088 τῶν
1785 1034 1923 1105 πλη-

274 1121 291 1145 ⁹
319 1129 631 1192 σιαζόντων
672 1129 812 1200 πρὸς
856 1130 956 1202 τὴν
988 1130 1409 1201 ὲπηρεάζουσαν
1442 1129 1557 1200 ἔριν
1590 1128 1920 1200 διέφθειρεν.

333 1219 509 1274 Ἀλλὰ
541 1223 652 1293 γὰρ
688 1224 784 1276 καὶ
829 1223 892 1277 τὸ
936 1222 1196 1294 σταθερὸν
1225 1223 1285 1276 ού
1324 1223 1384 1275 τὸ
1417 1223 1682 1291 στάσιμον
1737 1221 1919 1290 μόνον,

313 1311 467 1366 ἀλλὰ
502 1314 688 1368 καὶτὸ
735 1315 990 1386 ἰσχυρὸν,
1039 1315 1136 1368 καὶ
1166 1313 1391 1384 θερμὸν.
1439 1314 1536 1367 καὶ
1581 1312 1674 1378 ὀξὺ
1721 1315 1922 1384 σημαῖ-

313 1421 418 1457 νον
448 1405 790 1476 εὑρίσκεται.
833 1406 942 1459 Καὶ
975 1405 1039 1476 δὴ
1071 1406 1166 1460 καὶ
1202 1405 1262 1459 τὸ
1294 1405 1522 1474 φαῦλον,
1567 1405 1627 1458 οὐ
1659 1404 1720 1457 τὸ
1750 1406 1921 1458 κακὸν

321 1497 514 1568 μόνον,
545 1499 666 1551 οὐδὲ
702 1499 763 1553 τὸ
796 1498 1092 1568 μοχθηρὸν,
1126 1499 1248 1552 οὐδὲ
1275 1499 1337 1551 τὸ
1369 1497 1637 1568 ἀπρεπές·
1665 1497 1800 1550 ἀλλὰ
1827 1498 1941 1550 xat‘t’

314 1590 388 1643 τὸ
424 1591 590 1660 μέγα,
619 1593 713 1646 καὶ
749 1593 809 1646 τὸ
844 1594 1060 1664 μικρόν·
1093 1592 1357 1655 ὡσαύτως
1395 1593 1453 1646 δὲ
1481 1593 1576 1646 καὶ
1606 1593 1664 1646 τὸ
1708 1594 1916 1666 ῥᾴδιον,

319 1683 421 1734 καὶ
449 1683 511 1735 τὸ
553 1681 766 1737 ἁπλοῦν
811 1685 908 1738 καὶ
957 1683 1254 1754 ἁπόνηρον,
1280 1683 1375 1737 καὶ
1407 1682 1469 1736 τὸ
1505 1684 1690 1753 τυχὸν,
1731 1684 1826 1737 καὶ
1859 1682 1922 1735 τὸ

323 1773 515 1838 ἁπλῶς
548 1776 892 1847 περιείληφε.
929 1776 1039 1829 Ναὶ
1077 1775 1140 1846 δὴ
1177 1775 1274 1828 καὶ
1319 1777 1381 1828 τὸ
1422 1776 1790 1830 πυνθάνεσθαι
1831 1777 1919 1830 δο-

2038 675 2119 718 ter
2172 665 2342 735 loqui,
2373 666 2498 734 quia
2542 667 2692 721 vocis
2744 667 3072 738 etymologia
3127 666 3385 721 feminam
3431 665 3614 720 innuit

2035 757 2140 811 tori
2163 759 2344 812 adhuc
2372 769 2675 833 eupertem.
2708 759 2814 813 Sed
2842 769 3020 813 tamen
3048 759 3187 813 idem
3212 759 3388 823 Plato,
3420 758 3624 826 aliique

2031 848 2217 918 plures
2247 865 2354 902 non
2391 851 2669 906 inferioris
2698 852 2944 907 subsellii
2995 863 3271 914 auctores,
3325 867 3444 907 eam
3499 867 3624 920 qua:

2031 939 2152 992 viro
2195 940 2459 995 societate
2513 942 2741 996 thalami
2777 942 3070 1008 conjuncta
3096 949 3179 996 cst
3220 942 3322 996 hoc
3356 941 3624 995 vocabulo

2032 1031 2340 1103 indigitant.
2387 1032 2518 1088 Item
2569 1035 2829 1106 σοφιστὴν
2883 1035 3118 1089 dicimus
3173 1044 3286 1089 tum
3342 1050 3466 1087 eum
3525 1033 3621 1102 qui

2032 1121 2237 1190 logicas
2294 1123 2609 1194 disriplinas
2661 1126 2846 1188 tradit.
2881 1134 2997 1180 tum
3050 1128 3214 1180 etiam
3267 1127 3360 1195 qui
3404 1126 3621 1180 dicendi

2031 1222 2202 1268 artem
2231 1216 2534 1284 proﬁtetttr,
2563 1219 2725 1272 tertio
2747 1219 2983 1286 denique
3010 1219 3161 1272 illum
3199 1218 3292 1288 qui
3332 1219 3623 1272 scholasti-

2030 1323 2155 1362 cum
2206 1309 2518 1364 auditorum
2569 1326 2798 1366 suorum
2845 1313 3169 1366 exercitium
3229 1311 3296 1366 ad
3371 1311 3618 1363 fallacem

2029 1402 2433 1455 contentionem
2455 1402 2646 1458 vitiose
2675 1405 2962 1459 traducere
2989 1407 3148 1458 solet.
3189 1402 3458 1456 Prmterea
3493 1419 3621 1454 στα-

2030 1497 2206 1568 θερὸν,
2241 1514 2347 1551 ιιοιι
2386 1498 2562 1552 solum
2591 1500 2803 1563 stabile,
2849 1516 3036 1554 verunt
3066 1500 3232 1553 etiam
3277 1499 3513 1550 validum
3566 1506 3620 1548 et

2029 1585 2320 1650 fervidum,
2350 1596 2403 1640 et
2425 1602 2550 1641 acre
2565 1587 2877 1656 signiﬁcare
2893 1590 3286 1658 comperimus.
3307 1587 3446 1640 Tum
3479 1585 3620 1654 φαῦ-

2026 1676 2117 1732 λον
2146 1693 2254 1733 non
2286 1694 2511 1747 pravum
2537 1681 2915 1734 tantummodo
2941 1693 2995 1734 et
3046 1681 3357 1750 improbum
3417 1689 3472 1731 et
3530 1678 3616 1730 in—

2026 1770 2308 1834 decorum,
2370 1771 2465 1824 sed
2499 1771 2661 1824 etiam
2733 1786 3016 1840 magnum,
3064 1772 3175 1825 into
3225 1778 3276 1824 et
3341 1785 3613 1838 parvum;

323 1865 460 1919 κοῦν
491 1866 625 1937 πρὸς
658 1866 716 1920 ἓν
747 1867 1066 1938 ἀναφέρειν,
1099 1868 1376 1937 διαφόρων
1407 1869 1556 1921 ἐστὶν
1583 1868 1905 1934 ἀποφυάδωι

2026 1862 2267 1932 itemque
2291 1861 2450 1918 facile
2478 1871 2531 1917 et
2563 1864 2794 1932 simplex
2838 1875 2891 1918 et
2924 1864 3210 1917 innoxium
3237 1873 3292 1918 et
3334 1862 3612 1917 fortuitum

325 1955 476 2027 ῥίζα·
507 1958 872 2028 προϐάλλεται
895 1959 1006 2031 γὰρ
1038 1962 1161 2012 τότε
1197 1959 1516 2026 μανθάνειν,
1559 1961 1653 2011 καὶ
1678 1959 1740 2012 τὸ
1769 1960 1905 2012 ίστο-

2023 1953 2307 2023 quodlibet
2342 1963 2398 2007 et
2427 1955 2784 2022 inc0gitatum
2831 1955 3075 2009 denotat.
3111 1953 3176 2008 Et
3226 1953 3446 2022 quidem
3490 1967 3615 2006 ver-

324 2051 468 2118 ρεῖν,
507 2051 601 2104 καὶ
634 2052 865 2124 ἐρωτᾷν,
903 2051 1000 2105 καὶ
1033 2053 1242 2107 τοιαῦθ’
1270 2053 1452 2122 ἔτερα.
1505 2051 1565 2104 Ὁ
1599 2051 1656 2104 δὲ
1686 2051 1918 2116 πελανὺς

321 2142 359 2210 ἡ
390 2140 530 2206 λέξις
553 2142 750 2212 πέμμα
778 2161 838 2196 τε
867 2143 926 2209 ἐξ
948 2143 1183 2215 ἀλεύρου
1220 2143 1435 2206 θυσίαις
1468 2142 1787 2213 ἐπιτήδειον
1815 2143 1916 2214 δη-

319 2232 430 2285 λοῖ·
444 2232 594 2304 δηλοί
609 2234 664 2287 δὲ
684 2234 776 2288 καὶ
797 2235 889 2290 τὸν
911 2238 1040 2306 περὶ
1060 2235 1139 2306 τῷ
1160 2236 1390 2306 στόματι
1407 2235 1694 2306 πεπηγότα
1718 2235 1910 2306 ἀφρόν·

313 2324 460 2378 ἀλλὰ
490 2327 586 2379 καὶ
614 2327 674 2380 τὸ
705 2326 912 2391 ὸπῶδες
943 2327 1178 2399 δάκρυον
1206 2328 1456 2399 πεπηγός
1491 2346 1548 2381 τε
1587 2327 1684 2381 καὶ
1708 2328 1912 2400 ἐξηρα-

317 2417 514 2486 μένον,
545 2415 658 2472 οἷον
699 2420 899 2489 κόμμι,
943 2422 1039 2475 καὶ
1069 2421 1137 2474 τὰ
1167 2422 1328 2492 ὃμοια
1353 2438 1369 2452 ·
1413 2421 1510 2475 καὶ
1532 2421 1795 2492 τέταρτον
1820 2421 1914 2475 τὸν

306 2508 510 2562 ὀϐολὸν
539 2512 662 2564 ὅσον
688 2514 800 2575 τοῖς
828 2512 1085 2581 μάντεσιν
1111 2512 1271 2566 εἴωθε
1293 2513 1535 2567 δίδοσθαι
1560 2513 1772 2583 μισθός.
1801 2513 1911 2566 Καὶ

308 2599 384 2653 τὸ
413 2601 581 2670 ὁμόσε
624 2602 682 2656 δὲ
732 2602 793 2655 τὸ
840 2604 1126 2675 ἐπίρρημα
1153 2604 1306 2674 δηλοῖ
1337 2605 1437 2675 μὲν
1472 2604 1534 2657 τὸ
1569 2604 1906 2671 ἐξεναντίας·

308 2691 350 2761 ἡ
387 2692 443 2746 δὲ
469 2693 579 2746 τῶν
608 2694 852 2764 ἀρχαίων
885 2697 1082 2766 χρῆσις
1108 2695 1477 2748 ἐπιδείκνυσιν
1508 2695 1642 2748 αὐτὸ
1669 2693 1764 2747 καὶ
1787 2693 1912 2748 ἀντὶ

305 2783 416 2837 τοῦ
450 2787 657 2855 σχεδδν,
698 2788 795 2840 καὶ
821 2787 945 2840 ἀντὶ
972 2787 1069 2840 τοῦ
1111 2787 1280 2856 ἐγγὺς
1317 2785 1908 2857 παραλαμϐανόμενον.

305 2876 396 2928 Οὐ
437 2877 544 2947 μὴν
569 2877 708 2932 ἀλλὰ
741 2878 919 2932 καὶτὸ
950 2879 1047 2933 νῦν
1078 2880 1165 2948 δὴ,
1198 2881 1259 2933 οὐ
1299 2879 1360 2933 τὸ
1385 2881 1559 2952 παρὸν
1589 2879 1689 2950 ἤδη
1726 2879 1906 2950 μόνον,

304 2963 454 3018 ἀλλὰ
485 2967 579 3019 καὶ
604 2966 666 3020 τὺ
697 2967 897 3040 μικρὸν
927 2967 1237 3040 ἔμπροσθεν
1267 2971 1490 3040 γεγονὸς
1518 2970 1906 3026 ὑποϐάλλεται.

320 3054 468 3126 Ἤδη
511 3055 568 3109 δὲ
623 3059 720 3112 καὶ
766 3059 828 3112 τὸ
872 3059 1084 3130 κομψὸν
1121 3060 1236 3130 (55)
1282 3063 1362 3126 είς
1409 3062 1581 3116 πολλὰ
1621 3063 1908 3134 μερίζεται

313 3147 717 3218 σημαινόμενα·
752 3150 814 3203 τό
849 3167 908 3204 τε
935 3153 1041 3222 γὰρ
1067 3153 1394 3223 περίτρανον
1425 3155 1520 3207 καὶ
1548 3154 1610 3207 τὸ
1635 3157 1903 3227 τεχνικόν.

310 3239 395 3292 Τὸ
423 3240 480 3293 δὲ
511 3241 951 3315 πολυθρύλλητον
978 3241 1014 3316 ἦ
1043 3245 1089 3299 δ’
1116 3245 1194 3309 ὃς,
1229 3247 1323 3301 καὶ
1355 3243 1424 3317 ἦν
1451 3247 1509 3300 δ’
1548 3246 1683 3317 ἐγὼ,
1731 3251 1764 3321 ἡ
1809 3250 1905 3304 τοῦ

305 3333 602 3398 Πλάτωνος
641 3337 949 3407 φιλοτιμία·
981 3339 1117 3394 ἀλλὰ
1151 3339 1263 3411 γὰρ
1292 3336 1412 3412 τὸῆ
1442 3340 1487 3392 δ’
1519 3340 1600 3406 ὃς,
1648 3342 1904 3412 σημαίνει

306 3426 417 3496 μὲν
467 3426 542 3490 ὡς
572 3429 777 3484 ὲπίπαν
808 3429 870 3484 τὸ
904 3430 1010 3502 ἔφη
1042 3431 1099 3484 δὲ
1126 3428 1282 3496 οὗτος
1306 3450 1321 3464 ·
1370 3431 1509 3486 ἀλλὰ
1560 3436 1655 3488 καὶ
1695 3437 1756 3488 τὸ
1799 3436 1904 3506 ἔφη

302 3517 479 3586 μόνον
502 3557 515 3578 ,
544 3519 641 3573 τοῦ
676 3521 977 3593 συνδέσμου
1009 3524 1104 3576 καὶ
1138 3524 1233 3578 τοῦ
1267 3524 1474 3597 ἄρθρου
1529 3526 1904 3598 παρέλκοντος

299 3609 550 3665 ἐνταῦθα
575 3612 760 3684 χώραν
794 3615 1050 3685 ἑχόντων·
1107 3617 1140 3687 ἢ
1197 3618 1332 3687 μηδὲ
1387 3618 1722 3690 συνδεσμὸν,
1768 3622 1904 3693 μηδὲ

296 3702 514 3774 ἄρθρον
544 3704 1022 3774 ὑπεμφαινόντων,
1056 3708 1194 3761 ἀλλὰ
1221 3709 1321 3780 τῆς
1348 3709 1477 3777 ὅλης
1505 3711 1694 3781 φωνῆς
1718 3714 1904 3782 μερῶν

299 3793 696 3863 ὑπαρχόντων,
753 3796 916 3868 ἡνίκα
959 3799 1093 3870 μηδὲ
1138 3799 1296 3865 γένος
1364 3802 1490 3871 μηδ’
1544 3803 1777 3874 ἀριθμὸν
1811 3803 1904 3856 δύ-

308 3885 457 3937 ναιτ’
495 3885 561 3938 ἂν
593 3889 998 3960 παρεμφαίνειν
1027 3893 1060 3963 ή
1089 3891 1257 3957 λέξις·
1289 3893 1347 3960 ἐξ
1378 3887 1441 3946 οὗ
1470 3896 1564 3947 καὶ
1597 3894 1902 3966 καθορᾶται

297 3979 368 4031 τὸ
405 3973 440 4050 ἦ
471 3978 517 4031 δ’
546 3979 606 4043 δς
641 3981 702 4034 ού
747 3983 909 4053 μόνον
953 3985 1048 4037 ἐπὶ
1091 3986 1186 4038 τοῦ
1239 3985 1433 4058 θήλεος
1472 3987 1899 4059 μεθελκόμενον,

297 4063 418 4122 οἷον
445 4070 552 4142 ἔφη
583 4071 748 4144 αὕτη,
790 4074 928 4128 ἀλλὰ
965 4077 1062 4129 καὶ
1101 4077 1241 4148 πρὸς
1277 4078 1483 4149 πλῆθος
1518 4081 1627 4133 ἀπὸ
1655 4083 1755 4151 τῆς
1787 4084 1900 4135 ὲνι-

299 4162 409 4231 κῆς
435 4163 622 4234 φωνῆς
644 4165 1133 4237 περιτρεπόμενον·
1163 4169 1420 4240 σημαίνει
1439 4170 1547 4242 γὰρ
1568 4171 1664 4224 καὶ
1690 4173 1750 4224 τὸ
1769 4173 1903 4242 ἐφα-

296 4271 428 4306 σαν·
479 4258 528 4309 εί
575 4257 633 4309 δὲ
672 4260 767 4312 καὶ
809 4259 871 4312 τὸ
916 4253 961 4313 ὧ
1009 4261 1162 4330 φίλος
1208 4262 1377 4332 δηλοῖ,
1426 4262 1582 4316 οὖπω
1626 4265 1893 4335 παρέχειν

293 4343 452 4396 ἐστὶν
471 4344 812 4409 ἀξιοπιστίαν
829 4349 1189 4419 Κριτόϐουλος
1206 4351 1362 4423 (55Ὓ
1383 4353 1522 4406 ἀλλὰ
1542 4353 1781 4408 τοσαῦτα
1801 4355 1900 4425 μὲν

292 4436 444 4500 τέως
477 4439 780 4509 παραδηλοῖ
811 4441 874 4494 τὸ
898 4437 935 4514 ἦ
964 4443 1008 4495 δ’
1035 4444 1114 4507 ὅς.
1165 4445 1238 4497 Τὸ
1282 4445 1339 4498 δὲ
1372 4441 1442 4516 ἦν
1474 4445 1520 4499 δ’
1550 4446 1687 4516 ἐγὼ,
1718 4447 1899 4501 καίτοι

292 4545 365 4596 γε
410 4529 502 4583 τὸν
541 4532 727 4600 ὅμοιον
765 4535 1152 4606 σχηματισμὸν
1179 4535 1323 4607 ἕχον,
1359 4539 1440 4601 είς
1486 4537 1611 4610 τρία.
1641 4538 1897 4610 τέμνεται

1933 3297 1976 3356 C

2020 2045 2149 2099 bum
2177 2060 2396 2116 quoque
2431 2046 2828 2111 πυνθάνεσθαι,
2869 2046 3016 2116 quod
3046 2061 3213 2098 unum
3245 2060 3467 2099 sensum
3486 2058 3614 2113 spe-

2017 2144 2167 2193 ctare
2219 2138 2452 2204 videtur,
2499 2140 2868 2208 complurium
2917 2138 3226 2209 germinum
3296 2136 3454 2191 radix
3503 2145 3609 2191 est.

2017 2228 2362 2301 Quandoque
2386 2231 2530 2286 enim
2556 2233 2818 2300 exprimit
2851 2231 3087 2294 discere,
3116 2239 3169 2286 et
3216 2230 3526 2299 explorare,
3555 2239 3612 2284 et

2016 2323 2309 2390 sciscitari,
2361 2335 2416 2377 et
2452 2324 2554 2377 alia
2612 2323 2906 2394 ejusmodi.
2978 2322 3100 2377 Jam
3158 2323 3326 2379 dictio
3374 2321 3611 2385 πελανὸς

2014 2414 2156 2467 valet
2182 2417 2484 2483 placentant
2509 2430 2573 2469 ex
2622 2413 2799 2469 farina
2851 2414 3140 2470 sacriﬁciis
3182 2415 3473 2470 idoneam:
3509 2414 3608 2470 sed

2016 2513 2194 2558 tamen
2231 2506 2372 2560 valet
2407 2507 2573 2561 etiam
2616 2521 2871 2576 spumam
2901 2508 3048 2563 circa
3089 2524 3151 2563 os
3183 2509 3552 2564 adhaerentem
3586 2526 3599 2562 :

2013 2612 2114 2651 nec
2153 2612 2262 2650 non
2293 2614 2535 2653 crassam
2572 2598 2872 2668 lacrymam
2907 2608 3226 2654 concretam
3269 2610 3430 2670 atque
3478 2617 3606 2656 are-

2013 2688 2210 2742 factam
2262 2704 2362 2743 ceu
2425 2689 2655 2758 gummi,
2705 2698 2761 2745 et
2829 2689 3080 2745 similia:
3123 2701 3320 2760 quarto
3374 2691 3610 2760 denique

2012 2784 2259 2850 obolum,
2312 2783 2405 2853 qui
2437 2783 2667 2840 hariolis
2727 2785 2997 2840 mercedis
3027 2800 3159 2855 ergo
3186 2785 3393 2856 porrigi
3444 2788 3606 2842 solet.

2010 2874 2184 2928 Porro
2252 2875 2417 2945 ὀμόσε
2493 2875 2813 2931 adverbium
2876 2878 3154 2948 signiﬁcat
3217 2894 3284 2934 ex
3353 2882 3606 2940 adverso,

2010 2982 2326 3037 quanquam
2383 2968 2436 3021 in
2485 2985 2588 3023 usu
2642 2977 2886 3024 veterum
2939 2980 3239 3040 usurpatur
3288 2974 3452 3026 etiam
3507 2987 3609 3041 pro

2009 3059 2166 3128 quasi
2207 3069 2260 3112 et
2283 3073 2472 3128 prope.
2517 3059 2659 3125 Quin
2709 3060 2875 3115 etiam
2907 3060 3004 3115 νῦν
3047 3077 3157 3116 non
3208 3077 3307 3131 pro
3342 3077 3489 3115 nunc
3513 3079 3606 3116 so-

2011 3153 2122 3206 lum
2161 3153 2254 3207 sed
2298 3153 2464 3206 etiam
2500 3168 2597 3220 pro
2627 3167 2802 3222 nuper
2849 3153 2993 3208 facto
3020 3154 3261 3222 ponitur.
3313 3151 3434 3208 Jan;
3474 3169 3604 3207 vero

2009 3249 2064 3298 et
2092 3242 2301 3312 κομψὸν
2334 3244 2387 3296 in
2420 3243 2622 3298 multas
2654 3242 2913 3298 tribuitur
2937 3244 3372 3314 signiﬁcationes
3406 3262 3421 3311 ;
3478 3261 3605 3298 nam

2011 3345 2065 3390 et
2087 3336 2436 3406 perspicuum
2459 3337 2686 3390 denotat
2731 3346 2785 3391 et
2817 3337 3102 3408 garrulum
3137 3347 3193 3391 et
3237 3347 3520 3392 versutum
3551 3349 3607 3392 et

2009 3439 2196 3498 aptum
2232 3429 2299 3482 ad
2333 3429 2799 3498 persuadendum,
2827 3438 2883 3486 et
2926 3431 3166 3500 denique
3219 3432 3602 3486 artiﬁciosum.

2007 3522 2145 3590 Quid
2177 3537 2308 3576 vero
2348 3522 2480 3576 illud
2513 3522 2756 3577 solemne
2782 3518 2886 3594 ἧδ’
2915 3523 2999 3587 ὃς,
3045 3531 3101 3577 et
3129 3517 3200 3594 ἦν
3224 3522 3268 3574 δ’
3325 3521 3458 3591 ἐγώ,
3509 3523 3606 3592 qui

2009 3610 2255 3665 Platonis
2277 3621 2506 3665 ornatus
2533 3621 2616 3666 cst
2643 3611 2666 3665 ‘2
2695 3606 2732 3682 ἦ
2775 3611 2826 3665 δ’
2855 3612 2938 3676 ὃς,
2975 3612 3197 3681 quidem
3249 3628 3342 3682 per
3377 3629 3439 3666 se
3483 3627 3606 3664 om-

2007 3705 2138 3758 nino
2160 3703 2453 3774 signiﬁcat,
2473 3704 2614 3758 dixit
2633 3703 2722 3759 hic
2741 3721 2754 3758 :
2777 3706 2872 3761 sed
2892 3706 3058 3760 etiam
3082 3705 3222 3760 dixit
3245 3706 3602 3776 simpliciter;

2007 3797 2081 3851 ita
2106 3807 2166 3851 ut
2195 3797 2507 3867 copulativa
2536 3798 2806 3867 particula
2839 3809 2894 3854 et
2923 3801 3193 3856 articulus
3211 3800 3470 3855 relativus
3501 3800 3606 3854 hoc

2005 3888 2128 3943 loco
2163 3889 2371 3944 frustra
2421 3890 2574 3944 sint:
2629 3891 2743 3946 imo
2783 3907 2916 3947 vero
2970 3907 3150 3963 neque
3193 3893 3603 3962 conjunctionis

2006 3998 2180 4052 neque
2204 3983 2420 4038 articuli
2456 3983 2574 4039 vice
2617 3983 2935 4055 fungantur,
2973 3988 3068 4040 sed
3104 3986 3302 4057 integri
3346 3986 3599 4041 vocabuli

2005 4083 2187 4144 partes
2217 4075 2366 4132 sint:
2410 4077 2853 4146 quotiescunque
2902 4079 3022 4132 base
3066 4078 3238 4133 dictio
3285 4094 3465 4147 neque
3507 4095 3602 4148 ge-

2004 4168 2154 4221 neris
2184 4183 2362 4236 neqoe
2393 4169 2606 4223 numeri
2635 4170 2907 4224 rationem
2964 4171 3149 4225 habet.
3201 4171 3384 4237 QUare
3411 4173 3600 4228 videre

2005 4260 2130 4315 licet
2164 4256 2199 4332 ἦ
2229 4261 2274 4314 δ’
2306 4261 2365 4324 ὃς
2396 4278 2506 4316 non
2538 4263 2716 4319 solum
2752 4262 2990 4318 femineo
3020 4279 3218 4334 genere
3259 4265 3592 4330 adhibitum,

2002 4352 2074 4406 ita
2112 4362 2169 4408 ut
2201 4361 2359 4408 sonet
2392 4355 2530 4408 dixit
2579 4354 2716 4424 ipsa,
2769 4372 2957 4410 verum
3001 4357 3168 4410 etiam
3221 4359 3289 4411 ad
3346 4359 3598 4412 multitu-

2002 4443 2188 4500 dinem
2237 4445 2590 4501 indicandam
2626 4447 2728 4502 hoc
2779 4448 3076 4518 singularis
3109 4451 3324 4504 numeri
3357 4452 3599 4504 vocabu-

2003 4538 2116 4593 lum
2147 4539 2444 4610 aliquando
2501 4556 2869 4596 conversum:
2909 4557 3033 4596 nam
3069 4543 3331 4598 dixerunt
3375 4557 3599 4611 quoque

288 4616 497 4681 ταῦτα,
553 4618 634 4683 είς
678 4637 738 4673 τε
775 4622 838 4675 τὸ
881 4623 1020 4694 ἔφην
1070 4625 1116 4678 δ’
1169 4624 1301 4694 ἐγὼ,
1353 4627 1450 4680 καὶ
1479 4628 1559 4691 είς
1596 4627 1656 4681 τὸ
1707 4629 1894 4694 ἁπλῶς

2012 4632 2292 4703 signiﬁcat.
2330 4631 2504 4688 Porro
2528 4643 2712 4688 utrum
2742 4634 2960 4689 dicatur
2999 4635 3164 4690 etiam
3204 4650 3302 4704 pro
3332 4650 3364 4688 ο
3412 4635 3596 4698 sodes,

292 4709 466 4779 ἔφην,
499 4711 637 4782 ὅπερ
665 4713 865 4784 ὁμοίως
893 4715 987 4768 ἐπί
1013 4733 1075 4770 τε
1108 4717 1357 4788 ἀρρένων
1394 4719 1892 4791 παραλαμϐάνουσι

292 4802 398 4856 καὶ
427 4803 680 4874 θηλειῶν.
734 4807 846 4860 Καὶ
881 4807 944 4861 τὸ
987 4807 1242 4879 θράττειν
1280 4810 1359 4875 δὲ,
1409 4812 1668 4882 σημαίνει
1700 4815 1798 4884 μὲν
1832 4815 1894 4869 τὸ

291 4894 596 4963 ταράσσειν
625 4897 720 4950 καὶ
748 4897 809 4951 τὸ
841 4899 1102 4970 ἐνοχλεῖν·
1147 4901 1405 4971 σημαίνει
1438 4903 1497 4956 δὲ
1542 4905 1637 4958 καὶ
1663 4905 1724 4958 τὸ
1754 4905 1888 4959 νύσ-

293 5003 415 5038 σειν
438 4987 534 5039 καὶ
559 4991 749 5042 κινεῖν·
774 4989 910 5045 ἀλλὰ
939 4991 1038 5044 καὶ
1064 4992 1126 5045 τὸ
1164 4991 1556 5061 δυσωπεῖσθαι,
1585 4996 1763 5051 καὶτὸ
1787 4999 1892 5068 ὑφ-

293 5079 549 5148 ορᾶσθαι.
571 5080 681 5134 Καί
709 5098 771 5150 γε
806 5083 902 5136 καὶ
931 5083 994 5137 τὸ
1019 5084 1305 5149 τευτάζειν
1334 5087 1592 5159 εὑρήσεις
1615 5091 1758 5144 κατὰ
1779 5091 1895 5144 δια-

291 5170 482 5241 φόρων
520 5171 900 5244 ὑποκειμένων
954 5179 1278 5247 φερόμενον·
1324 5181 1420 5232 καὶ
1468 5180 1577 5250 γὰρ
1627 5183 1748 5236 ἀντὶ
1798 5183 1894 5237 τοῦ

289 5264 784 5333 πραγματεύεσθαι
807 5267 1317 5338 παραλαμϐάνεται,
1333 5271 1427 5324 καὶ
1443 5273 1564 5326 ἀντὶ
1585 5273 1680 5326 τοῦ
1695 5291 1899 5328 σκευω-

289 5357 530 5425 ρεῖσθαι,
552 5360 948 5430 στρατεύεσθαί
977 5380 1037 5416 τε
1082 5366 1176 5417 καὶ
1207 5365 1528 5436 διατρίϐειν,
1552 5369 1648 5422 καὶ
1674 5369 1896 5441 φροντί-

286 5448 410 5512 ζειν
432 5450 604 5504 ἐνίοτε
629 5466 643 5482 ·
674 5453 1023 5526 ἐπιστρεφῶς
1052 5456 1110 5509 δὲ
1138 5459 1400 5529 πράττειν
1422 5477 1474 5512 τι
1497 5460 1592 5513 καὶ
1621 5462 1885 5532 ἐνεργεῖν·

284 5541 390 5594 καὶ
444 5541 552 5613 μὴν
591 5544 689 5597 καὶ
740 5546 1086 5613 σπουδάζειν,
1124 5551 1220 5603 καὶ
1262 5549 1479 5604 δεῖπνον
1526 5552 1880 5622 παραθεῖναι·

1995 4725 2240 4779 nondum
2276 4725 2411 4781 satis
2463 4726 2723 4781 credibile
2755 4725 2886 4780 fecit
2933 4726 3278 4782 Critobulus.
3307 4726 3587 4782 llactenus

1992 4817 2060 4871 dc
2101 4817 2605 4886 signiﬁcationibus
2659 4819 2924 4874 dictionis
2978 4814 3191 4890 ἧδ’ὄς.
3249 4817 3369 4873 Jaut
3419 4820 3594 4875 dictio

1990 4903 2059 4979 ἦν
2088 4909 2132 4962 δ’
2153 4909 2288 4977 ἐγὼ,
2318 4926 2442 4979 quae
2473 4911 2590 4980 pari
2617 4909 2810 4966 format
2843 4911 3060 4967 ratione
3115 4912 3314 4974 utitor,
3371 4910 3426 4965 in
3480 4923 3594 4967 tres

1993 5001 2247 5058 notiones
2283 5004 2572 5071 tribuitur;
2610 5019 2807 5074 nempe
2846 5005 2962 5059 dixi
2992 5020 3125 5076 ego;
3175 5013 3229 5059 et
3273 5004 3594 5073 simpliciter

1993 5095 2140 5162 dixi;
2191 5097 2335 5167 quod
2381 5113 2576 5152 rursus
2602 5106 2709 5150 tam
2762 5097 3087 5153 masculiuis
3128 5112 3295 5168 quam
3333 5097 3594 5153 letnineis

1994 5191 2250 5259 personis
2282 5191 2607 5245 assumitur.
2677 5189 2790 5261 Age
2832 5204 2963 5244 vero
2997 5199 3053 5245 et
3100 5190 3355 5261 ϐράττειν
3377 5201 3595 5260 pertur-

1996 5281 2126 5335 bare
2181 5280 2478 5351 signiﬁcat,
2512 5289 2567 5334 et
2597 5281 2845 5335 molestia
2877 5279 3123 5349 afﬁcere;
3158 5281 3417 5336 vellicare
3457 5281 3587 5334 item

1996 5386 2160 5442 atque
2192 5383 2485 5427 concutere
2511 5389 2526 5437 ;
2562 5388 2663 5427 nec
2694 5389 2798 5426 non
2827 5374 3088 5442 pudorem
3121 5375 3386 5445 ingerere,
3413 5383 3464 5426 et
3500 5390 3590 5427 re-

1998 5464 2196 5518 vereri.
2229 5463 2434 5518 Deinde
2473 5473 2528 5518 ct
2557 5463 2841 5526 τευτάζειν
2878 5479 2986 5518 ιιοιι
3030 5467 3149 5520 sine
3195 5481 3456 5519 sensuum
3485 5480 3590 5518 va-

2000 5557 2192 5611 rietate
2226 5558 2504 5626 prolatum
2540 5557 2752 5614 videbis
2783 5576 2796 5614 :
2839 5573 2965 5611 nam
2997 5567 3053 5613 et
3087 5573 3185 5626 pro
3221 5566 3469 5628 satagere
3493 5570 3588 5611 ca-

1849 5671 2087 5729 NOTAE.

386 5779 1148 5860 ᾕρεινοοαζιιιιίάκομψον
1185 5791 1328 5858 apud
1387 5791 1561 5860 ipsum
1620 5790 1876 5848 Photium

284 5849 344 5904 in
387 5847 712 5932 βίρίὶοιίιεςα
739 5847 1235 5932 signiﬁcationibus
1256 5847 1433 5932 variis
1471 5861 1707 5932 disserui
1747 5847 1878 5932 ego;

282 5928 405 5982 met
452 5923 507 5979 in
541 5923 862 5994 praefatione
903 5929 972 5985 ad
1007 5945 1179 5987 novas
1203 5929 1450 6002 Dionysii
1483 5930 1658 5990 Halic.
1690 5923 1876 6005 partes

1988 5795 2078 5850 ed.
2110 5795 2329 5849 Mediol.
2362 5793 2515 5865 praef.
2561 5811 2681 5864 cap.
2715 5795 2802 5850 14.

2059 5886 2206 5958 (55⁸)
2243 5886 2300 5943 lu
2331 5885 2530 5943 Lexico
2556 5887 2738 5943 Puetii
2765 5887 3089 5960 Κριτόλαος.
