4084 6442
616 926 1021 996 signiﬁcatum:
1062 943 1487 1013 evetupligratia
1523 950 1787 1018 ἐπιεικῶς
1814 967 1867 1012 et
1928 961 2022 1014 ἐπὶ
2056 966 2188 1036 κόρ-

617 1017 764 1086 ρηςς
806 1021 938 1077 illud
985 1029 1205 1097 quidem
1252 1045 1305 1088 et
1346 1038 1585 1095 abunde-
1620 1017 1778 1101 valet?
1810 1057 1865 1102 et
1916 1017 2196 1111 moderate

615 1116 669 1160 ct
694 1109 926 1181 feative;
963 1118 1066 1174 hoc
1090 1132 1273 1178 autem
1301 1137 1354 1180 et
1389 1132 1662 1188 verberari
1701 1137 1754 1191 in
1791 1142 1969 1209 capite
2010 1147 2186 1215 signi-

616 1201 762 1264 licat,
802 1214 855 1258 et
881 1209 1044 1264 etiam
1087 1214 1141 1267 in
1188 1218 1361 1285 genis.
1406 1222 1509 1277 Sed
1559 1242 1732 1295 neque
1777 1232 2158 1309 ὲπισκηπτόμε

616 1307 704 1326 ιιήυ
737 1310 904 1326 ειη-ην-
947 1300 1209 1326 -:.....:n_..
1348 1311 1359 1326 ι
1431 1323 1439 1326 .
1476 1316 1501 1326 η
1600 1318 1610 1326 .

2297 1201 2580 1326 ὲνιτελλόμε

613 1307 704 1344 νον
737 1310 904 1351 unum
946 1300 1233 1371 signiﬁcat,
1268 1311 1359 1364 sed
1392 1323 1444 1366 et
1472 1316 1703 1371 ﬁrmiter
1731 1326 1897 1378 tncnti
1938 1327 2189 1396 inﬁxum,

611 1391 667 1434 et
695 1384 1147 1459 demonstratum,
1179 1407 1232 1450 et
1278 1402 1419 1468 quod
1475 1419 1504 1457 a
1556 1409 1823 1465 moriente
1871 1419 2187 1474 mandatum

610 1482 713 1535 est,
741 1487 795 1529 et
828 1478 1047 1549 insuper
1084 1489 1228 1554 quod
1256 1491 1597 1549 adversatur.
1655 1496 1895 1559 Pertinet
1930 1508 1997 1561 ad
2049 1514 2187 1569 varii

610 1566 952 1634 signiﬁcatus
984 1580 1241 1635 vocabula
1281 1584 1443 1638 etiam
1484 1586 1857 1650 δυσωπεῖσθαι
1897 1617 1911 1654 :
1966 1618 2091 1658 nam
2130 1615 2185 1661 et

608 1662 841 1715 revereri
900 1665 1143 1734 deuolat,
1195 1682 1247 1727 et
1290 1686 1529 1734 metuere
1560 1700 1684 1738 eum
1740 1690 2078 1759 suspicione,
2130 1708 2183 1753 et

606 1752 799 1805 tetrico
849 1757 999 1811 vultu
1055 1776 1194 1816 eSse.
1239 1764 1475 1831 Quidam
1549 1789 1676 1829 vero
1730 1779 1927 1849 linguae
1980 1784 2181 1845 Graecae

603 1843 847 1909 apprime
895 1850 1077 1916 periti,
1114 1870 1426 1925 quanquam
1488 1864 1704 1923 Atticus
1758 1873 1981 1930 minime
2028 1878 2179 1947 lepos

599 1945 702 1992 est,
737 1950 921 1991 vocem
985 1941 1125 1997 hanc
1174 1947 1336 2000 etiam
1382 1966 1479 2015 pro
1514 1957 1719 2023 pudere
1774 1964 2070 2033 accipiunt.
2113 1969 2176 2024 Et

598 2025 814 2091 quidem
852 2029 993 2101 vulgi
1015 2039 1356 2093 consuetudo
1377 2044 1542 2097 utitur
1566 2046 1669 2102 hac
1694 2066 1824 2107 voce
1858 2058 1922 2109 ad
1959 2062 2174 2129 suppli-

597 2120 836 2173 candum
875 2132 1039 2192 atque
1067 2126 1132 2179 ad
1164 2135 1521 2190 exorandum.
1554 2136 1670 2194 Vox
1706 2132 1887 2213 δεύρο,
1916 2164 2040 2203 cum
2077 2169 2175 2223 age

593 2207 867 2275 signiﬁcat
898 2222 952 2266 et
985 2213 1111 2281 huc,
1143 2227 1255 2273 tum
1304 2237 1372 2276 ne
1405 2225 1473 2278 ab
1496 2228 1759 2285 adesdmn
1804 2207 2023 2304 quidem
2075 2207 2173 2296 ab-

593 2296 796 2354 horret.
822 2303 972 2359 Adde
1009 2306 1095 2363 bis
1136 2317 1404 2382 γενναῖον,
1454 2322 1599 2388 quod
1640 2338 1935 2394 cognatum
1990 2344 2169 2399 sonat,

587 2400 636 2444 et
663 2393 888 2461 bonum,
920 2408 974 2453 et
1005 2402 1266 2473 nobilem,
1297 2420 1349 2461 et
1385 2420 1668 2469 strenuum
1697 2434 1873 2488 mque.
1900 2422 2170 2482 Similiter

587 2488 768 2543 cernis
827 2490 1031 2548 ἄτοπον
1093 2512 1201 2552 non
1260 2503 1439 2558 solum
1476 2522 1775 2579 coarguere
1829 2530 2058 2585 pravum
2117 2535 2170 2579 ct

586 2572 917 2643 improbum,
953 2581 1048 2636 sed
1072 2586 1239 2641 etiam
1260 2592 1406 2660 quod
1432 2595 1672 2653 alienum
1704 2601 1828 2657 loco
1862 2617 1946 2661 est
1986 2626 2001 2674 ;
2041 2627 2165 2667 nam

583 2674 637 2718 et
662 2668 763 2721 hoc
795 2672 996 2726 ἄτοπον
1027 2676 1231 2734 dicitur
1263 2699 1278 2747 ;
1307 2684 1471 2740 sicuti
1507 2691 1671 2745 etiam
1718 2710 1823 2750 non
1860 2703 2163 2772 provisum,

583 2772 683 2809 ceu
731 2759 799 2813 de
825 2778 934 2829 quo
964 2769 1234 2836 suspicari
1294 2790 1399 2829 non
1432 2777 1631 2834 licuit:
1680 2792 1791 2839 tum
1830 2805 1959 2846 vero
2021 2797 2164 2853 valet

583 2850 746 2904 etiam
788 2858 1158 2928 peregrinum,
1183 2864 1488 2935 inopinum,
1519 2874 1716 2930 mirum
1748 2893 1801 2934 et
1834 2885 2028 2940 rationi
2055 2906 2163 2945 non

580 2954 1034 3005 con<entaneum.
1092 2952 1321 3027 Insuper
1375 2960 1679 3035 ἀρνύμενον
1728 2972 1794 3027 de
1850 2991 2162 3044 permutato

578 3034 782 3090 dicitur
832 3052 884 3092 et
922 3042 988 3098 de
1045 3050 1357 3119 acquisiui:
1416 3059 1518 3113 sub
1600 3063 1785 3120 eadem
1840 3084 1970 3127 vero
2030 3090 2162 3132 voce

577 3129 903 3187 concludere
981 3135 1106 3193 licet
1167 3143 1334 3198 etiam
1422 3149 1731 3217 φυλάττων.
1800 3158 1905 3215 Sed
1978 3179 2229 3243 nequec

578 3218 787 3243 HM“
824 3226 930 3243 .,
987 3228 1019 3243 ..
1303 3237 1313 3243 .
1415 3241 1423 3243 μ

574 3218 660 3271 ἀεὶ
682 3236 790 3277 non
824 3226 936 3282 vult
967 3228 1139 3286 dividi
1167 3251 1183 3300 ;
1220 3237 1353 3307 quin
1412 3241 1521 3297 imo
1551 3244 1604 3298 in
1661 3252 1970 3309 contrarias
2002 3258 2153 3311 scin-

573 3312 721 3366 ditur
751 3328 956 3385 partes,
980 3323 1120 3379 valet
1153 3328 1324 3391 enim,
1353 3333 1497 3401 quod
1530 3352 1722 3394 omnes
1765 3342 1973 3412 sciunt,
2008 3363 2154 3403 sem-

570 3510 745 3565 usque
780 3500 844 3554 ad
873 3511 1083 3560 certum
1122 3517 1338 3580 tempus
1376 3524 1431 3568 et
1472 3520 1872 3587 quadanlenus.
1923 3528 2060 3584 Tum
2100 3544 2153 3588 et

570 3586 676 3653 ῑως
700 3593 1029 3665 quandoque
1077 3600 1360 3659 deﬁnitum
1414 3586 1629 3679 tempus
1692 3616 2146 3691 circumscribit;

572 3684 904 3755 quandoque
955 3691 1218 3749 terminos
1265 3693 1603 3767 indignatus,
1654 3705 1780 3761 sinit
1830 3716 2047 3781 tempus
2096 3715 2149 3771 in

571 3771 845 3831 inﬁnitum
893 3783 1133 3837 extendi.
1187 3783 1407 3845 Manant
1440 3807 1507 3846 ex
1541 3794 1803 3871 ἄντικρυς
1865 3806 2146 3872 continuo,

568 3864 841 3931 directim,
878 3881 1023 3926 recta
1052 3873 1160 3939 via,
1204 3880 1404 3949 valide,
1436 3887 1734 3955 sapienter,
1776 3907 2005 3963 aperte:
2052 3915 2149 3955 nec

568 3970 674 4013 non
713 3957 1036 4028 simpliciter
1073 3976 1125 4020 et
1146 3982 1416 4028 accurate.
1453 3976 1607 4042 Quod
1638 3980 1681 4034 si
1730 3993 2030 4041 extremam
2063 4006 2149 4045 re-

561 4047 712 4117 jieiat
745 4068 1063 4119 consonam,
1092 4071 1256 4131 atque
1278 4081 1540 4125 accentus
1569 4073 1637 4127 ab
1671 4075 1829 4131 initio
1880 4082 1945 4133 ad
1984 4082 2145 4138 linem

566 4143 872 4211 trajiciatur
906 4149 1200 4223 (ἀντικρὺ),
1233 4163 1343 4210 tum
1370 4176 1433 4214 ex
1459 4177 1517 4216 se
1548 4164 1720 4233 gignit
1775 4184 1805 4221 e
1836 4171 2057 4239 regione
2093 4183 2147 4228 ct

563 4248 630 4286 ex
659 4236 907 4293 adverso.
946 4238 1114 4297 Viden
1145 4247 1306 4301 etiam
1338 4254 1660 4309 vocabulum
1689 4257 1845 4328 ἀραί
1883 4236 1990 4316 non
2011 4264 2143 4320 illud

562 4323 651 4376 aio
679 4330 822 4394 quod
849 4344 1133 4389 accentum
1164 4338 1421 4395 distrahit
1485 4355 1651 4416 atque
1694 4323 1750 4403 in
1778 4350 1916 4407 duas
1952 4364 2143 4412 exten-

560 4416 641 4470 dit
671 4429 876 4487 partes,
907 4438 1096 4478 verum
1161 4428 1212 4482 id
1265 4433 1409 4501 quod
1443 4438 1632 4492 eadem
1663 4445 1921 4510 prosodia
1976 4449 2138 4501 meti-

559 4525 707 4575 mur,
734 4522 785 4565 et
814 4514 958 4581 quod
997 4532 1024 4569 a
1066 4518 1369 4578 dubitativo
1393 4525 1769 4600 distinguitur.
1813 4532 1924 4591 lloc
1954 4536 2140 4609 itaque
2172 4520 2221 4579 Β

557 4602 828 4673 signiﬁcat
888 4607 1333 4677 conjunctionem
1388 4619 1826 4690 syllogisticam:
1882 4634 2140 4701 exprimit

553 4694 719 4748 eziam
761 4694 1126 4754 intensionem
1169 4707 1461 4771 quamdam
1490 4712 1814 4781 expletivam
1851 4734 1865 4772 :
1900 4724 2137 4779 sumitur

552 4782 783 4853 denique
816 4790 934 4842 loco
968 4790 1223 4849 dictionis
1252 4805 1310 4849 ut
1345 4798 1581 4868 videtur,
1617 4815 1673 4859 ut
1708 4823 1949 4878 apparet.
1992 4814 2137 4873 Con-

552 4875 730 4930 sidera
766 4879 930 4933 etiam
964 4881 1205 4953 ἀτεχνῶς
1235 4889 1653 4950 circumﬂexum
1687 4912 1821 4969 quot
1855 4904 1907 4958 in
1941 4922 2135 4965 sensus

551 4966 948 5027 subdividatur.
980 4974 1261 5045 Signiﬁcat
1284 4982 1431 5037 enim
1468 5001 1609 5053 vere,
1642 4990 1983 5065 simpliciter,
2010 5016 2136 5075 per-

550 5057 709 5128 fecte,
726 5063 935 5120 sincere
953 5084 968 5134 ;
991 5069 1100 5124 imo
1117 5081 1171 5125 et
1188 5075 1358 5131 valide
1371 5089 1424 5131 et
1451 5083 1696 5138 omnino.
1719 5085 1890 5143 Ἃττα
1914 5109 2133 5165 quoque

548 5157 695 5209 varie
721 5159 1048 5227 explicatum
1077 5166 1318 5226 invenies
1353 5188 1365 5226 :
1393 5174 1555 5231 modo
1581 5181 1724 5235 enim
1752 5186 2010 5244 scribitur
2029 5208 2128 5262 pro

544 5262 685 5314 qum,
722 5252 885 5305 modo
931 5269 1029 5323 pro
1073 5273 1194 5326 quae
1219 5264 1476 5332 quidem:
1509 5272 1666 5328 modo
1707 5278 1871 5334 etiam
1902 5299 2002 5352 pro
2029 5252 2128 5342 ali-

542 5341 785 5406 quando,
802 5352 965 5414 atque
984 5348 1036 5402 in
1056 5350 1261 5408 similes
1281 5358 1391 5411 abit
1408 5361 1764 5431 signiﬁcatus.
1780 5341 1983 5431 Praeter
1998 5378 2128 5436 bac—

545 5436 703 5488 tenus
727 5434 891 5502 dicta,
919 5439 1023 5496 hoc
1047 5457 1265 5515 quoque
1301 5451 1641 5513 notissimum
1674 5463 1999 5523 vocabulum
2039 5488 2125 5526 σο-

1776 385 2042 450 PHOTII
2070 390 2346 456 raram
2358 399 2577 467 ncne
2602 411 2707 475 cr.
3786 449 3863 509 13.9

2629 726 2673 772 ς·
2711 713 2770 765 τὸ
2804 716 2904 785 μὲν
2933 720 3014 783 εἷς
3053 740 3113 776 τε
3152 728 3213 779 τὸ
3254 729 3461 795 ἱκανῶς
3518 736 3616 788 καὶ
3646 741 3862 808 μετρίως,

2442 795 2523 859 είς
2552 799 2612 851 τὸ
2646 802 2878 871 ἀστείως
2920 811 3302 884 ὲπιμερίζεται
3324 863 3339 886 ,
3385 825 3454 877 τὸ
3486 826 3549 879 δὲ
3578 795 3673 881 ἐπὶ

2444 888 2548 942 ατὰ
2595 896 2835 967 κεφαλῆς
2865 901 3165 962 τύπτεσθαι
3217 916 3507 982 σημαίνει,
3543 921 3641 972 καὶ
3673 888 3868 992 μὴν

2299 974 2360 1026 τὸ
2389 978 2480 1031 ἐπὶ
2522 982 2632 1037 τῶν
2679 991 2968 1057 σιαγόνων·
3017 998 3141 1053 οὐδὲ
3192 974 3784 1082 τὸΠὲπισκηπτόμενον
3823 1018 3868 1071 δὲ

2298 1069 2376 1129 εἰς
2404 1069 2463 1121 ἒν
2491 1079 2915 1151 περιγράφεται,
2966 1090 3104 1145 ἀλλὰ
3153 1096 3247 1149 καὶ
3274 1097 3364 1152 τὸν
3391 1069 3869 1176 ενα-περειδόμεων

2295 1157 2465 1227 δηλοῖ,
2509 1167 2604 1218 καὶ
2638 1170 2730 1222 τὸν
2772 1174 3201 1250 ἐνδεικνύμενον,
3253 1189 3346 1240 καὶ
3376 1191 3481 1243 τὸν
3510 1157 3613 1246 ἐπὶ

2584 1276 2714 1325 νον,
2756 1267 2850 1319 καὶ
2891 1270 3027 1340 πρὸς
3072 1275 3285 1341 τούτοις
3327 1279 3389 1333 τὸ
3440 1282 3863 1355 ἐναντιούμενον.

2304 1339 2581 1411 Ὡσαύτως
2618 1350 2676 1404 δὲ
2718 1355 2828 1409 τῶν
2872 1339 3203 1434 πολυσήμων
3243 1339 3360 1422 ἐστὶ
3402 1373 3508 1425 καὶ
3535 1374 3601 1427 τὸ
3629 1339 3867 1433 δυσωπεῖ..

2293 1428 2437 1481 σθαι·
2452 1431 2752 1506 ὑφορᾶσθαι
2771 1444 2879 1514 γὰρ
2900 1428 3251 1520 amri-inst,
3270 1460 3363 1511 καὶ
3376 1461 3440 1513 τὸ
3459 1428 3864 1535 φοϐεῖσθελίιίιέθ

2294 1518 2569 1591 ὑπονοίας,
2603 1531 2696 1584 καὶ
2728 1534 2789 1588 τὸ
2826 1518 3275 1611 σκυθρωπάζειν·
3308 1550 3442 1605 ἔνιοι
3471 1518 3543 1607 ’δὲ
3576 1556 3687 1609 τῶν
3727 1518 3863 1627 ἑλλη-

2286 1610 2441 1680 νικὴν
2468 1614 2724 1682 γλῶσσαν
2774 1610 3230 1701 ἐξακριϐούντων,
3272 1641 3321 1693 εί
3356 1645 3455 1696 καὶ
3489 1646 3571 1715 μὴ
3606 1648 3711 1700 τῶν

2284 1703 2395 1756 κῶν
2422 1708 2453 1776 ή
2482 1711 2687 1781 κομψεα
2716 1716 2851 1788 (ει),
2885 1723 2977 1776 καὶ
3005 1726 3129 1781 ἀντὶ
3150 1730 3243 1784 τοῦ
3260 1703 3673 1811 αἰδεῖσθαι-τὴν
3700 1744 3863 1815 φωνὴν

2284 1798 2823 1870 παραλαμϐάνουσιν·
2862 1813 2893 1882 ὴ
2934 1815 3033 1883 μὲν
3070 1835 3153 1873 τοι
3189 1826 3452 1894 συνήθεια
3495 1830 3597 1883 ἐπὶ
3762 1798 3861 1888 ἱκε-

2280 1888 2457 1942 τεύειν
2474 1894 2567 1946 καὶ
2593 1902 2930 1969 παρακαλεῖν
2948 1907 3233 1980 κέχρηται.
3255 1888 3366 1971 καὶ
3391 1921 3455 1972 τὸ
3472 1922 3648 1993 δεῦρο
3663 1926 3718 1978 δὲ
3739 1931 3861 1996 μετὰ

2216 2034 2219 2037 _
2278 1978 2372 2031 τοῦ
2403 1984 2690 2051 σημαίνειν
2718 1991 2778 2043 τὸ
2808 1992 2929 2061 ἄγε,
2971 2000 3062 2051 καὶ
3087 1978 3151 2054 τὸ
3178 2002 3439 2075 ἐνταῦθα,
3478 1978 3611 2065 οὐδὲ
3658 2018 3717 2067 τὸ

2276 2070 2699 2144 ἀποστρέφεται.
2746 2082 2945 2139 Σκόπει
2980 2088 3037 2142 δὲ
3069 2094 3165 2146 καὶ
3192 2096 3252 2148 τὸ
3288 2105 3569 2168 γενναῖον,
3599 2106 3746 2169 ὅπως
3776 2108 3857 2161 τόν

2274 2177 2332 2214 τε
2378 2169 2613 2238 συγγενῆ
2645 2170 2800 2243 δηλοῖ
2844 2178 2939 2232 καὶ
2980 2182 3071 2235 τὸν
3100 2185 3328 2255 ἀγαθὸν,
3359 2193 3501 2248 ἀλλὰ
3526 2200 3628 2249 καὶ
3658 2199 3746 2251 τὸν
3774 2202 3852 2253 εὖ·

2273 2254 2425 2325 γενῆ,
2475 2260 2568 2312 καὶ
2616 2262 2708 2317 τὸν
2750 2265 3020 2339 ἀνδρεῖον,
3066 2276 3166 2330 ούκ
3209 2254 3454 2339 ἔλαττον.
3510 2287 3678 2339 Ἰδοιε
3726 2290 3767 2339 δ’
3797 2291 3821 2339 a

2268 2718 2513 2789 περιέχει
2558 2724 2742 2779 καὶτὸ
2772 2728 2943 2795 ξένον,
2985 2737 3079 2789 καὶ
3126 2741 3456 2810 παράδοξον,
3506 2750 3605 2802 καὶ
3646 2750 3839 2821 θαυμά-

2268 2825 2403 2875 σιον,
2431 2814 2522 2867 καί
2556 2832 2619 2885 γε
2650 2819 2746 2873 καὶ
2776 2823 2837 2877 τὸ
2867 2828 3198 2898 παράλογον.
3244 2834 3366 2890 Ἐπὶ
3395 2841 3625 2906 τούτοις
3668 2844 3759 2897 καὶ
3790 2844 3842 2897 τὸ

2264 2902 2566 2975 ἀρνύμενον
2597 2910 2734 2981 πρός
2773 2931 2832 2967 τε
2870 2916 2930 2969 τὸ
2962 2922 3470 2999 καταλλαττόμενον
3514 2902 3834 2996 ἀποδίδοται,

2266 2996 2360 3049 καὶ
2408 2998 2468 3051 τὸ
2517 3005 2990 3076 περιποιούμενον·
3037 2996 3501 3089 περιλαμϐἀνοιτο
3554 3027 3601 3079 δ’
3637 3026 3702 3079 ἂν
3747 3027 3838 3079 ὑπὸ

2262 3090 2363 3156 τῆς
2392 3089 2561 3161 αὐτῆς
2592 3096 2777 3167 φωνῆς
2807 3101 2901 3152 καὶ
2929 3103 2958 3155 ὁ
2986 3104 3273 3171 φυλάττων
3317 3112 3454 3185 (⁵55).
3510 3117 3649 3171 Ούδὲ
3677 3118 3733 3169 τὸ
3760 3119 3832 3171 ἀεὶ

2262 3179 2320 3233 δὲ
2358 3184 2790 3251 περιπτύσσεται
2823 3191 2886 3243 τὸ
2914 3194 3235 3268 ἀμέριστον,
3282 3179 3421 3259 ἀλλά
3452 3210 3551 3261 καὶ
3588 3212 3669 3272 είς
3693 3212 3831 3262 ἐναν-

2262 3272 2384 3337 τίας
2418 3275 2775 3346 ἀποσχίζεται
2808 3284 3050 3354 μερίδας·
3083 3293 3337 3360 σημαίνει
3365 3298 3465 3365 μὲν
3498 3300 3613 3369 γάρ
3647 3301 3705 3354 τὸ
3729 3301 3828 3354 δια-

2257 3364 2479 3431 παντὸς,
2498 3368 2636 3422 ὃκαὶ
2665 3372 2865 3438 πάντες
2899 3377 3047 3432 ῐσασι
3073 3396 3087 3411 ·
3119 3385 3447 3451 σημαίνειδὲ
3480 3394 3579 3445 καὶ
3612 3394 3671 3445 τὸ
3697 3395 3827 3447 ἀντι-

2255 3457 2528 3527 κείμενον,
2562 3457 2673 3516 οἷον
2710 3464 2771 3517 τὸ
2820 3466 2924 3531 ἕως
2956 3470 3133 3537 τινὸς,
3172 3478 3268 3529 καὶ
3300 3480 3463 3551 μέχρι
3522 3487 3689 3547 τινός.
3732 3484 3824 3537 Καὶ

2254 3546 2386 3599 αὐτὸ
2418 3547 2475 3602 δέ
2504 3566 2568 3618 γε
2598 3551 2659 3604 τὸ
2688 3552 2815 3620 ἕως,
2852 3558 2981 3611 ποτὲ
3012 3562 3113 3631 μὲν
3140 3546 3447 3635 ὡρισμένον
3469 3574 3667 3643 χρόνον
3693 3591 3825 3642 περι·

2254 3638 2477 3707 γράφει,
2524 3643 2656 3696 ποτὲ
2694 3644 2750 3698 δὲ
2780 3645 2877 3718 τὴν
2907 3656 3259 3726 περιγραφὴν
3292 3638 3730 3735 ἀπαρνούμενοι,

2250 3729 2341 3780 τὸν
2375 3732 2563 3801 χρόνον
2595 3735 2731 3807 πρὸς
2756 3737 2817 3791 τὸ
2833 3738 3081 3811 ἀόριστον
3119 3729 3565 3819 παρατείνεσθαιξ
3591 3757 3697 3809 Καὶ
3727 3729 3820 3826 μὴν

2254 3820 2347 3871 καὶ
2386 3821 2446 3873 τὸ
2468 3823 2727 3897 ἄντικρυς
2752 3830 3061 3899 ἀποφύεται
3090 3837 3213 3891 τότε
3240 3839 3569 3913 διαμπερὲς,
3608 3849 3701 3901 καὶ
3743 3848 3820 3899 εύ-

2253 3912 2339 3977 Οὺ,
2376 3915 2469 3967 καὶ
2498 3917 2586 3969 ἐπ’
2613 3918 2851 3989 εὐθείας,
2885 3927 2978 3976 καὶ
3005 3929 3066 3979 τὸ
3091 3929 3349 4001 ἰσχυρῶς,
3382 3912 3477 3989 καί
3507 3940 3704 4008 σοφῶς,
3732 3940 3817 3992 καὶ

2249 4004 2311 4056 τὸ
2348 4004 2483 4070 ἰθύς·
2518 4009 2654 4064 ἀλλά
2688 4012 2783 4064 καὶ
2826 4014 2887 4066 τὸ
2919 4017 3105 4082 ἁπλῶς
3140 4023 3238 4075 καὶ
3268 4024 3538 4097 ἀκριϐῶς.
3576 4004 3634 4084 εί
3678 4033 3729 4088 δὲ
3765 4029 3817 4082 τδ

2248 4097 2556 4153 τελευταῖον
2588 4103 2883 4158 ἀποϐάλλει
2920 4108 3233 4177 σύμφωνον,
3277 4116 3378 4184 τῆς
3408 4120 3586 4191 ἀρχῆς
3615 4122 3701 4174 τὸν
3738 4120 3815 4172 τὸο

2249 4206 2339 4241 νον
2382 4191 2473 4244 τοῦ
2507 4193 2696 4258 τέλους
2732 4198 3226 4271 ἀναλαμϐάνοντος,
3275 4208 3373 4260 καὶ¹
3418 4212 3477 4262 τὸ
3524 4215 3810 4271 κατέναντι.

2248 4283 2341 4334 καὶ
2369 4283 2677 4350 ἐξεναντίας
2707 4288 3125 4348 ἁναϐλαστάνει.
3178 4298 3292 4368 Οὐχ
3347 4302 3481 4371 ὁρᾷς
3529 4305 3589 4358 δὲ
3634 4305 3723 4358 καὶ
3758 4304 3809 4354 τὸ

2246 4372 2387 4443 ἄρα;
2438 4374 2498 4426 ού
2536 4374 2679 4445 λέγω
2706 4378 2762 4430 δὲ
2789 4379 2817 4432 ὃ
2842 4381 2994 4437 τόνον
3020 4401 3079 4437 τε
3110 4384 3410 4457 διατέμνει,
3462 4395 3559 4447 καὶ
3608 4397 3684 4458 είς
3728 4392 3805 4446 δύε

2249 4465 2392 4535 μέρη
2421 4467 2788 4540 περιίστησιν,
2817 4471 2944 4525 ἀλλ’
2968 4473 2997 4526 ὃ
3021 4477 3161 4529 κατὰ
3189 4478 3287 4549 τὴν
3318 4481 3488 4553 αὐτὴν
3518 4484 3801 4556 προσῳδίαν

2246 4556 2591 4627 ῥυθμίζεται,
2636 4561 2728 4613 καὶ
2767 4562 2906 4633 πρὸς
2948 4564 3007 4617 τὸ
3049 4564 3480 4641 διαπορούμενον
3517 4575 3802 4630 διαστέλλε-

2240 4666 2351 4701 ται·
2389 4650 2645 4719 σημαίνει
2679 4652 2779 4722 μὲν
2812 4653 3110 4724 σύνδεσμον
3134 4660 3226 4715 τὸν
3262 4663 3690 4734 συλλογιστικὸν·
3720 4684 3799 4735 ση-

2243 4740 2424 4809 μαίνει
2452 4741 2622 4795 δὲκαὶ
2643 4746 2735 4797 τὸν
2753 4744 2818 4816 δὴ
2838 4747 2990 4801 τόνον
3017 4753 3625 4831 παραπληρωματικὸν·
3644 4777 3799 4831 παρα·-

2238 4830 2576 4900 λαμϐἀνεται
2607 4834 2664 4887 δὲ
2694 4838 2789 4889 καὶ
2825 4838 2948 4892 ἀντὶ
2975 4830 3179 4907 τοῦνὼς
3209 4845 3353 4901 ἔοικε
3386 4853 3481 4902 καὶ
3522 4852 3601 4917 ὡς
3632 4855 3797 4923 φαίνε-

2235 4938 2346 4976 ται.
2378 4924 2699 4980 Ἐπισκόπει
2748 4928 2805 4980 δὲ
2851 4931 2945 4984 καὶ
2985 4932 3046 4985 τὸ
3097 4935 3340 5007 ἀτεχνῶς
3376 4945 3831 5017 περισπώμενον,Ρ

2234 5015 2387 5080 ὅσαις
2435 5016 2695 5083 διανοίαις
2744 5022 3144 5095 ὑποτέμνεται·
3200 5035 3269 5103 τῇ
3312 5050 3372 5087 τε
3422 5036 3532 5107 γὰρ
3576 5015 3795 5109 σημασίᾳ

2232 5107 2328 5160 τοῦ
2359 5108 2579 5179 ἀληθῶς
2622 5113 2717 5165 καὶ
2742 5116 2807 5185 τῇ
2839 5116 2930 5169 τοῦ
2962 5118 3153 5184 ἁπλῶς
3200 5125 3294 5176 καὶ
3324 5125 3550 5192 τελείως
3578 5107 3669 5182 καί
3695 5127 3797 5181 ἀδύ-

2233 5199 2363 5264 λως,
2385 5202 2480 5255 καὶ
2510 5203 2616 5274 μὴν
2644 5208 2738 5259 καὶ
2765 5210 2830 5279 τῇ
2861 5209 2954 5262 τοῦ
2992 5212 3212 5284 ἰσχυροῦ
3242 5218 3336 5269 καὶ
3369 5221 3649 5287 καθάπαξ,
3678 5236 3793 5289 προ·-

2234 5291 2453 5363 έρχεται
2486 5296 2912 5368 πληθυνομένου.
2946 5303 3139 5373 Εὗροις
3172 5307 3215 5359 δ’
3237 5308 3305 5361 ἂν
3335 5310 3430 5364 καὶ
3451 5312 3511 5365 τὸ
3541 5314 3673 5369 ἄττα
3695 5313 3794 5364 δια-

2237 5387 2419 5453 φόρως
2460 5388 2857 5457 προαγόμενον·
2893 5392 2990 5446 νῦν
3028 5396 3126 5464 μὲν
3158 5397 3264 5465 γὰρ
3310 5399 3372 5451 τὸ
3400 5401 3580 5465 ἅτινα,
3624 5406 3711 5456 νῦν
3745 5400 3793 5453 δὲ

2232 5477 2293 5529 τὸ
2322 5479 2462 5531 τινα·
2495 5476 2685 5531 ἄλλοτε
2716 5478 2771 5532 δὲ
2802 5480 2861 5533 τὸ
2893 5480 2928 5535 ἆ
2955 5484 3039 5537 ἄν·
3074 5486 3166 5540 καὶ
3215 5486 3401 5542 ἄλλοτε
3432 5492 3493 5545 τὸ
3536 5494 3665 5547 ποτὲ
3704 5505 3788 5559 ση-

2062 5605 2300 5667 ΝΟΤΛΕ.

612 5704 1178 5807 (ﬁl-"Sidiocabttlurn
1216 5723 1423 5801 gaudia
1445 5730 1629 5807 exiges
1654 5735 1717 5788 ad
1752 5742 1991 5807 regulam
2027 5762 2119 5801 co-

1452 5778 1471 5782 -
1496 5778 1527 5781 _.
1576 5778 1629 5787 νν
1654 5778 1716 5788 ..υ
1752 5778 1807 5790 ιιι
1852 5778 1991 5799 ulla"!
2027 5778 2119 5801 ιυ-

546 5778 689 5840 gnati
723 5781 955 5851 κομψὸν,
980 5788 1112 5841 satis
1144 5778 1354 5848 \“Jl'llllll
1395 5801 1474 5854 vel
1511 5778 1689 5871 pllitius
1718 5778 1983 5872 incSrtum
2016 5817 2119 5874 hoc

2229 5750 2283 5805 in
2316 5751 2437 5805 loco
2473 5751 2840 5821 signiﬁcatum
2870 5756 3115 5815 habebis.

2303 5822 2415 5892 (55)
2449 5820 2641 5892 Odyss.
2676 5824 2719 5889 l,
2752 5825 2799 5879 5.

3993 2224 3998 2527 ί
