4084 6440
244 349 271 412 1
281 352 355 413 53

1210 349 1310 409 ΑΒ
1350 345 1959 415 AMPHILOCIIIUM
1995 344 2341 418 QUEESTIO
2375 344 2513 404 XXI
3406 343 3534 407 ,ΞΜ

246 466 467 532 μαίνειν
493 460 791 527 ἐθέλοι,κα“ι
809 461 889 525 είς
920 459 1160 514 τοσαῦτα
1183 460 1671 532 καταμερίζεσθαι.
1699 460 1828 515 Ἐπὶ

1946 458 2034 528 ,σός
2054 499 2069 524 ,
2099 459 2347 528 designat
2374 459 2589 527 quidcm
2619 472 2745 512 cum
2781 456 2873 526 qui
2904 457 3087 526 aliqua
3119 456 3531 527 sapientinpia--

236 556 301 609 δὲ
322 556 435 617 τοῖς
463 555 777 624 εἰρημένοις
808 554 903 606 καὶ
928 554 956 606 ὁ
977 553 1136 621 σοφὸς
1154 550 1313 605 τοῦτο
1337 552 1402 622 δὴ
1432 554 1493 606 τὸ
1520 555 1837 623 πρόχειρον,

240 646 505 717 σημαίνει
553 645 652 715 μὲν
690 645 782 697 τὸν
827 644 1201 714 μετεσχηκότα
1232 645 1424 713 σοφίας
1453 646 1595 708 τινός
1619 661 1635 676 σ
1694 646 1842 709 ίδίως

238 738 305 793 δὲ
330 739 426 792 καὶ
458 738 551 791 τὸν
583 737 829 805 λογικαῖς
854 737 1071 807 τέχναις
1099 738 1621 807 προσανακείμενον·
1647 736 1840 792 ἔπειτα

242 831 305 885 δὲ
339 830 436 885 καὶ
466 830 557 883 τὸν
587 828 800 883 συνέσει
829 829 938 883 τῶν
969 828 1144 884 ἄλλων
1173 830 1495 901 προέχοντα’
1522 832 1607 901 ἐφ’
1627 825 1709 895 οἷς
1737 832 1834 887 καὶ

245 925 309 977 ὃν
349 924 545 994 ἀρεταὶ
586 922 816 992 κοσμεῖν
852 921 1051 974 ἴσασιν·
1086 922 1223 976 ἀλλά
1270 938 1335 991 γε
1378 922 1443 993 δὴ
1470 922 1563 975 καὶ
1590 922 1681 976 τὸν
1715 923 1838 977 ὲπι-

246 1016 481 1086 τήδειον·
508 1013 759 1085 καὶπρὸς
791 1013 819 1066 ὃ
842 1030 895 1066 τι
920 1013 986 1066 ἂν
1010 1011 1253 1086 ὁρμήσῃ,
1291 1014 1667 1086 θεωρούμενον
1693 1014 1839 1067 Ero:-

245 1120 374 1173 μον·
408 1102 466 1168 ἐξ
494 1120 556 1157 ου
592 1102 685 1157 καί
714 1119 846 1172 φασι
874 1101 1045 1173 Σοφδς
1085 1099 1155 1174 ἦν
1184 1102 1280 1157 τοῦ
1306 1106 1699 1175 κακοποιῆσαι,
1744 1103 1840 1157 καὶ

250 1195 421 1262 σοφὸς
464 1193 666 1263 ἀρετὴν
695 1192 994 1264 μετελθεῖν.
1026 1193 1329 1264 Συνταγείη
1356 1194 1402 1247 δ’
1435 1194 1502 1248 ἂν
1534 1194 1636 1248 οὐκ
1679 1196 1837 1248 ἀπει-

239 1287 421 1349 κότως
446 1286 659 1348 τούτοις
691 1285 786 1340 καὶ
817 1285 880 1339 τὸ
930 1284 1218 1340 Θεσπέσιον
1241 1301 1256 1317 ⁸
1286 1286 1381 1339 καὶ
1406 1285 1517 1358 γὰρ
1556 1285 1653 1340 καὶ
1679 1285 1840 1339 τοῦτο

247 1378 513 1449 σημαίνει
561 1377 661 1447 μὲν
706 1377 768 1431 τὸ
817 1376 961 1432 θεῖον
986 1394 1001 1409 ·
1042 1377 1298 1449 σημαίνει
1336 1378 1394 1433 δὲ
1423 1378 1519 1432 καὶ
1552 1378 1613 1432 τὸ
1639 1378 1838 1449 πρᾶον,

241 1470 387 1524 ἀλλὰ
416 1469 513 1524 καὶ
541 1470 603 1523 τὸ
634 1470 940 1541 θαυμάσιον
977 1472 1074 1524 καὶ
1117 1471 1179 1524 τὸ
1211 1471 1370 1528 πολύ.
1406 1473 1519 1526 Καὶ
1546 1470 1607 1525 τὸ
1636 1471 1836 1541 κομιδῇ

248 1565 311 1617 δὲ
339 1564 421 1628 εἴς
446 1580 504 1616 τε
536 1563 599 1615 τὸ
628 1561 750 1616 λίαν
777 1562 1067 1633 διαιρεῖται
1100 1561 1197 1616 καὶ
1228 1563 1309 1627 είς
1336 1562 1399 1617 τὺ
1439 1560 1718 1625 παντελῶς
1745 1562 1842 1613 καὶ

251 1655 565 1727 εἰλικρινῶς
590 1672 651 1707 τε
681 1654 746 1726 δὴ
778 1655 873 1708 καὶ
899 1655 1145 1717 τελείως.
1178 1655 1344 1710 Ἀλλὰ
1367 1655 1463 1710 καὶ
1489 1654 1549 1708 τὸ
1571 1655 1710 1719 τέως
1730 1655 1839 1707 δια⁴

244 1750 466 1819 σφόρους
492 1748 730 1811 διανοίας
762 1748 1038 1820 περιέχεν
1068 1749 1163 1802 καὶ
1188 1748 1297 1819 γάρ
1322 1747 1575 1801 τάττεται
1607 1747 1706 1818 μὲν
1743 1747 1837 1800 καὶ

1944 550 2093 604 ditus
2116 558 2199 603 est
2222 566 2234 602 :
2272 548 2617 619 peculiariter
2640 559 2819 603 tamen
2840 550 2928 618 qui
2949 548 3137 618 logicis
3156 548 3420 604 doctrinis
3441 551 3533 605 dat

1941 657 2200 711 operam:
2264 640 2391 695 item
2446 640 2538 711 qui
2594 642 2882 710 prudentia
2934 641 3148 697 caeteris
3212 643 3528 697 antecellit:

1940 737 2073 791 item
2124 734 2419 789 virtutibus
2466 742 2787 787 exornatum
2826 751 2840 787 :
2894 735 3024 791 item
3057 736 3226 792 rebus
3270 737 3528 806 gerendis

1949 828 2231 892 idoneum,
2251 836 2302 881 et
2333 826 2427 896 qui
2446 828 2512 881 ad
2541 828 2990 897 consequendum
3026 828 3365 899 propositum
3393 829 3532 883 bene

1941 918 2249 974 instructus
2282 919 2538 972 videtur:
2573 919 2716 973 unde
2753 928 2807 973 et
2859 918 2993 975 illud
3047 921 3297 985 eﬁ'atum,
3339 920 3531 975 Sciens

1939 1018 2058 1063 erat
2091 1018 2145 1065 et
2175 1008 2318 1064 male
2349 1009 2604 1074 faciendi,
2630 1020 2685 1064 et
2726 1025 2880 1079 aeque
2906 1011 3163 1064 virtutem
3209 1011 3522 1064 exercendi.

1940 1099 2078 1155 Cum
2111 1100 2197 1157 his
2224 1115 2336 1155 non
2377 1100 2615 1156 absurde
2634 1101 3056 1155 coacervabitur
3106 1101 3269 1156 etiam
3328 1100 3529 1153 θεσπέ-

1941 1209 2079 1258 σιον,
2114 1193 2259 1263 quod
2282 1193 2592 1264 explicatur
2614 1193 2884 1262 divinum,
2916 1193 3154 1262 itemque
3175 1194 3302 1249 mite
3342 1202 3397 1247 et
3422 1195 3528 1247 mi-

1940 1284 2157 1341 riﬁcum
2191 1295 2245 1342 et
2274 1287 2581 1356 copiosum.
2632 1284 2752 1341 Jam
2812 1297 2866 1342 et
2899 1287 3097 1358 κομιδῇ
3158 1286 3423 1341 dividitur
3474 1286 3530 1341 in

1939 1377 2118 1441 valde,
2147 1368 2203 1432 el
2247 1394 2497 1448 prorsus,
2542 1387 2597 1434 et
2628 1378 2940 1444 manifeste,
2992 1389 3047 1434 et
3095 1380 3420 1443 universim,
3476 1387 3533 1433 ct

1940 1468 2201 1539 perfecte.
2242 1470 2394 1532 Τέως
2421 1485 2643 1541 quoque
2671 1472 2982 1541 complures
3005 1471 3347 1541 signiﬁcatus
3378 1487 3533 1526 com-

1944 1561 2234 1631 plectitur:
2284 1577 2409 1617 nam
2452 1563 2672 1632 ponitur
2709 1578 2807 1633 pro
2841 1563 3082 1630 interim,
3116 1573 3169 1617 et
3204 1578 3301 1632 pro
3348 1564 3525 1633 prius.

1938 1664 1992 1709 et
2018 1669 2116 1723 pro
2158 1670 2330 1723 usque
2351 1654 2505 1719 dum,
2525 1661 2580 1709 et
2605 1669 2702 1723 pro
2726 1653 2778 1708 in
2802 1658 3036 1709 tantum.
3074 1654 3249 1723 Atque
3275 1654 3531 1726 ἀλάστωρ

1944 1744 2217 1816 signiﬁcat
2254 1746 2478 1815 quidem
2510 1745 2836 1816 simpliciter
2860 1746 3205 1812 maleﬁcum;
3241 1745 3333 1801 sed
3348 1756 3529 1799 tamen

252 1843 351 1894 ἐπὶ
390 1839 483 1893 τοῦ
532 1838 670 1902 τέως
694 1855 709 1869 ·
739 1839 999 1892 τάττεται
1027 1838 1084 1892 δὲ
1119 1839 1214 1893 καὶ
1242 1838 1335 1891 ἐπὶ
1363 1836 1456 1891 τοῦ
1487 1837 1615 1908 πρίν
1645 1854 1660 1871 ο
1694 1835 1834 1891 ἀλλὰ

1946 1836 2218 1906 signiﬁcat
2277 1838 2441 1892 etiam
2502 1838 2596 1907 qui
2632 1854 2798 1892 manu
2847 1839 3068 1908 propria
3109 1842 3311 1893 caulem
3358 1837 3527 1892 facit:

254 1932 353 1984 καὶ
379 1929 472 1983 ἐπὶ
496 1928 589 1983 τοῦ
612 1929 718 1993 ἕως
744 1928 907 1991 τινόςο
935 1928 1087 1999 δηλοῖ
1116 1929 1175 1982 δὲ
1198 1928 1295 1981 καὶ
1330 1927 1391 1980 τὺ
1420 1926 1517 1980 ἐπὶ
1555 1924 1834 1980 τοσοῦτον.

253 2023 369 2077 Καὶ
396 2023 425 2075 ὁ
456 2020 708 2092 ἀλάστωρ
735 2019 793 2073 δὲ
835 2020 1090 2091 σημαίνει
1125 2021 1223 2090 μὲν
1254 2018 1443 2082 ἁπλῶς
1476 2019 1567 2073 τὸν
1599 2017 1840 2089 κακοῦρ-

252 2132 352 2183 γον
377 2128 391 2142 '
430 2112 685 2183 σημαίνει
728 2111 785 2165 δὲ
813 2111 1032 2165 καὶτὸν
1075 2110 1393 2182 αὐτοχειρίᾳ
1434 2109 1594 2178 φόνον
1648 2110 1841 2180 εἰργα-

253 2205 473 2276 σμένον
495 2203 632 2258 ἀλλά
658 2221 722 2273 γε
757 2204 823 2275 δὴ
856 2204 949 2257 καὶ
975 2204 1066 2258 τὸν
1098 2203 1385 2268 ἐπεξιόντα
1401 2202 1628 2266 τούτους
1667 2202 1743 2266 ὡς
1774 2201 1841 2256 τὰ

255 2299 472 2352 ἄλαστα
498 2296 948 2362 ἐπισκοποῦντος,
995 2296 1246 2360 καὶτοὺς
1286 2295 1682 2365 εἰργασμένους
1723 2296 1840 2347 εἰσ-

252 2390 572 2459 πράττοντα
598 2388 773 2451 δίκας⁹
800 2386 949 2440 ἔνθεν
976 2386 1103 2459 παρ’
1135 2387 1318 2451 αὐτοῖς
1344 2386 1439 2440 καὶ
1470 2388 1498 2440 ὁ
1530 2386 1665 2448 Ζεὺς
1707 2386 1843 2441 άὶά-

247 2497 427 2550 στωρ.
472 2479 668 2552 Εὖροις
693 2479 751 2531 δ’
781 2477 848 2531 ἂν
889 2478 984 2532 καὶ
1016 2479 1076 2531 τὸ
1110 2478 1247 2532 πῦον
1280 2480 1359 2543 είς
1400 2478 1560 2532 πέντε
1585 2479 1832 2549 διαιρού-

249 2588 421 2639 μενον
466 2571 866 2642 σημαινόμενα·
918 2570 1000 2635 είς
1043 2588 1105 2624 τε
1151 2570 1249 2635 τὰς
1284 2571 1389 2643 πρὸ
1433 2569 1526 2624 τοῦ
1563 2570 1840 2643 γάλακτος

248 2661 478 2731 ῥανίδας
508 2661 619 2714 τῶν
653 2660 833 2732 θηλῶν
862 2661 1300 2731 άποθλιϐομένας
1322 2675 1334 2691 '
1384 2662 1478 2715 καὶ
1512 2664 1592 2725 είς
1623 2661 1756 2715 αὐτὸ
1781 2661 1843 2714 τὸ

245 2752 398 2821 γάλα
420 2768 433 2781 ·
465 2754 561 2806 καὶ
598 2753 704 2823 μὴν
740 2753 839 2806 καὶ
868 2754 948 2817 είς
982 2754 1043 2807 τὸ
1075 2753 1485 2825 μεταϐεϐληκὸς
1534 2747 1676 2822 αἷμα
1748 2752 1844 2805 καὶ

243 2844 317 2915 δὴ
354 2845 451 2898 καὶ
498 2845 579 2909 είς
622 2846 685 2897 τὸ
727 2838 1076 2913 γαλακτῶδες
1126 2843 1313 2916 ὑγρὸν,
1350 2845 1486 2915 ὅπερ
1532 2844 1626 2898 καὶ
1682 2842 1844 2916 ὀρρὸν

251 2937 513 2992 καλοῦσι·
552 2937 696 3001 τινὲς
729 2938 785 2991 δὲ
812 2936 949 2990 πύον
989 2937 1211 2991 καλοῦσι
1251 2937 1346 2990 καὶ
1374 2936 1435 2989 τὸ
1465 2935 1582 2990 νέον
1617 2936 1694 3006 τῷ
1718 2936 1843 3006 χθε-

251 3031 393 3101 σινῷ
438 3029 743 3101 συνεψηθὲν
793 3030 958 3098 γάλα.
999 3025 1122 3082 Οἷδε
1162 3028 1219 3082 δὲ
1252 3029 1349 3082 καὶ
1378 3028 1439 3081 τὸ
1472 3024 1585 3082 εἷεν
1612 3028 1845 3099 διάφορα

1944 1928 2173 1998 insuper
2223 1938 2437 1984 etcum
2488 1930 2581 2005 qui
2644 1929 2964 2000 hujusmodi
3020 1930 3283 1985 scelestos
3340 1946 3525 2000 perse-

1943 2021 2152 2091 quitur,
2190 2038 2385 2086 nempe
2437 2023 2531 2091 qui
2577 2023 2630 2076 in
2668 2024 2934 2077 maleﬁcia
2968 2024 3378 2087 animadvertit,
3415 2040 3533 2093 pa:-

1944 2129 2154 2182 nasque
2196 2129 2224 2167 a
2259 2115 2365 2169 reis
2422 2114 2704 2185 reposcit:
2763 2115 2907 2169 unde
2965 2116 3129 2169 etiam
3184 2115 3398 2186 Jupiter
3461 2116 3532 2169 ab

1943 2206 2177 2261 ethnicis
2211 2207 2389 2260 dictus
2435 2206 2710 2278 ἀλάστωρ.
2764 2206 2906 2259 Πύον
2961 2222 3180 2278 quoque
3238 2209 3441 2262 senties
3475 2207 3530 2261 in

1943 2301 2186 2369 quinque
2216 2298 2554 2368 signiﬁcatus
2589 2299 2781 2354 abire:
2818 2315 3012 2368 nempe
3064 2297 3533 2369 signiﬁcatstillas

1944 2388 2267 2458 papillarum
2316 2398 2442 2442 ante
2483 2390 2565 2442 lac
2600 2404 2909 2458 expressas,
2960 2390 3043 2444 lac
3074 2390 3279 2458 ipsum,
3339 2402 3451 2443 tum
3480 2400 3534 2445 et

1944 2480 2266 2549 sanguinem
2318 2491 2661 2549 corruptum,
2717 2490 2831 2536 tum
2889 2482 3130 2551 denique
3194 2481 3529 2537 subviridem

1946 2571 2230 2626 humorem
2286 2574 2518 2628 lacteum
2577 2573 2722 2643 quod
2772 2590 2952 2628 serum
2975 2584 3193 2630 vocant.
3246 2576 3533 2629 lmonon-

1946 2662 2081 2717 nulli
2115 2664 2255 2716 πῦον
2289 2665 2565 2735 appellant
2602 2682 2801 2719 novum
2836 2666 2922 2720 lac
2960 2682 3082 2721 cum
3117 2669 3371 2721 hesterno
3399 2682 3533 2721 con--

1945 2765 2189 2810 coctum.
2221 2758 2457 2812 Verbum
2512 2773 2731 2827 quoque
2782 2755 2891 2811 εἷεν
2938 2759 3154 2813 diversa
3211 2760 3527 2830 signiﬁcare

1948 2848 2086 2903 solet
2122 2866 2136 2902 :
2165 2864 2292 2903 nam
2325 2859 2379 2903 et
2413 2849 2633 2904 initium
2662 2850 2933 2905 orationis
2952 2859 3073 2919 est;
3107 2860 3162 2906 et
3199 2852 3265 2907 ad
3301 2867 3537 2907 conces-

1948 2939 2160 2994 sionem
2219 2956 2668 3011 consensumque
2718 2943 3036 2997 adhibetur.
3095 2941 3353 2998 Nonnulli
3405 2959 3538 2998 vero

1950 3039 2244 3101 utrumque
2292 3033 2683 3102 amplectentes
2735 3036 3066 3106 praedictum
3138 3037 3535 3107 signiﬁcatum,

254 3122 543 3193 σημαίνειν
569 3135 584 3151 ’
628 3121 723 3175 καὶ
769 3120 878 3201 γὰρ
922 3118 1413 3191 παραλαμϐάνεται
1458 3118 1560 3188 μὲν
1591 3119 1666 3182 ὡς
1698 3118 1842 3189 ἁρχὴ

1953 3139 2082 3179 voce
2111 3126 2291 3180 liaeet
2332 3127 2780 3195 approbationem
2813 3137 2941 3183 ante
2990 3129 3260 3185 dictorum
3314 3132 3365 3185 in
3417 3147 3536 3185 ser—

252 3214 420 3283 λόγου
448 3232 461 3244 ·
498 3212 989 3285 παραλαμϐάνεται
1021 3210 1078 3264 δὲ
1105 3210 1201 3264 καὶ
1243 3210 1336 3264 ὲπλ
1379 3207 1756 3271 κατανεύσεὼς
1789 3225 1847 3261 τε

252 3306 355 3359 καὶ
390 3302 845 3373 συγκαταθέσεως
870 3316 885 3332 ⁸
925 3302 976 3354 oi
1000 3301 1057 3358 δὲ
1088 3299 1557 3370 συλλαμϐάνοντες
1584 3298 1752 3368 ἄμφω
1780 3295 1849 3350 τὰ

248 3400 529 3469 εἰρημένα
588 3393 991 3466 συγκατάθεσιν
1040 3409 1101 3446 τε
1149 3390 1347 3463 δηλοῦν
1393 3390 1526 3445 αὐτὸ
1563 3388 1847 3460 βούλονται

246 3492 367 3543 τῶν
397 3491 456 3542 ὲν
483 3488 563 3560 τῷ
592 3487 738 3559 λόγῳ
764 3485 1204 3559 προειρημένων,
1239 3483 1335 3539 καὶ
1361 3483 1536 3556 ἀρχὴν
1564 3483 1677 3536 τῶν
1716 3481 1847 3553 μελ-

247 3580 462 3635 λόντων
492 3579 769 3651 εἰρῆσθαι·
799 3578 938 3633 ἀλλὰ
967 3577 1062 3631 καλ⁸
1090 3578 1213 3631 ἀντὶ
1238 3576 1340 3629 τοῦ
1367 3576 1470 3645 ἆγε
1498 3576 1564 3649 δὴ
1596 3578 1666 3648 τῇ
1694 3577 1845 3647 φωνῇ

246 3675 579 3746 κέχρηνται·
628 3674 741 3737 τοῖς
784 3672 844 3725 δὲ
894 3670 1383 3743 παραλαμϐάνεται
1431 3671 1528 3726 καὶ
1577 3669 1716 3724 κατά
1750 3668 1844 3722 τοῦ

245 3764 435 3816 ἐπαῖω
462 3764 555 3815 καὶ
587 3762 835 3833 συνίημι.
865 3760 978 3814 Καὶ
1007 3760 1329 3831 πολύστιχον
1357 3759 1423 3815 ἄν
1458 3777 1540 3824 τις
1567 3760 1845 3832 άπαρτίσῃ

249 3855 467 3927 βίϐλον,
491 3855 593 3907 ούκ
617 3853 713 3907 ἐὰν
742 3852 907 3907 ποθὲν
930 3853 1027 3918 τάς
1049 3851 1256 3923 πολυσή
1265 3868 1398 3923 μους
1418 3850 1602 3922 φωνάς
1628 3851 1846 3915 ἁπάσας

248 3946 579 4018 περιλαϐεῖν
600 3943 849 4014 ἐθελησοι
860 3985 874 4009 ,
890 3942 1130 4015 ἐργῶδές
1146 3960 1206 3998 τε
1223 3945 1330 4015 γάρ
1342 3941 1499 3996 τοῦτο
1514 3945 1605 4001 καὶ
1621 3942 1848 4013 πλησίον

251 4040 367 4090 τῶν
394 4037 727 4105 άνηιφίκτων,
754 4034 868 4089 ἀλλ’
892 4036 990 4089 ἐὰν
1016 4037 1094 4100 εἰς
1120 4034 1179 4087 ἓν
1209 4036 1538 4104 συναγαγεῖν
1559 4033 1846 4107 βουληθείη

252 4132 357 4192 τὰς
393 4130 487 4180 ἐπὶ
527 4127 692 4181 πλέον
717 4128 829 4179 τῶν
863 4126 1040 4180 ἄλλων
1072 4124 1350 4195 συνήθεις,
1388 4126 1483 4179 καὶ
1511 4127 1627 4188 τοῖς
1667 4123 1847 4192 λόγοις

256 4220 468 4291 μᾶλλον
501 4217 942 4283 ἐπιπολαζούσας
968 4234 983 4250 ·
1035 4212 1127 4272 οἷα
1163 4218 1230 4291 δὴ
1273 4217 1368 4270 καὶ
1410 4219 1542 4288 ἡμῖν
1594 4216 1844 4288 ἐπράχθη

249 4316 356 4381 τὴν
381 4312 492 4364 τῶν
525 4311 828 4381 μειρακίων
854 4308 1092 4380 ἠλικίαν,
1110 4307 1185 4371 ὼς
1212 4309 1305 4361 καὶ
1331 4307 1489 4371 αὐτὸς
1506 4301 1684 4373 οἶσθα,
1705 4323 1847 4377 παρ-

250 4405 588 4459 αλλάττουσι
607 4404 745 4475 (56)'
769 4403 888 4456 νυν)⁵
905 4403 960 4456 δὲ
987 4403 1082 4455 καὶ
1106 4402 1227 4455 ὅσαι
1248 4401 1515 4471 εἴρηνται,
1534 4400 1633 4472 τὴν
1654 4399 1844 4472 χρείαν

1953 3231 2117 3271 mone
2158 3217 2524 3273 demonstrari
2572 3219 2760 3283 aiunt,
2796 3229 2851 3274 et
2905 3221 3120 3275 initium
3164 3238 3290 3276 mox
3349 3223 3539 3278 dicen-

1953 3309 2168 3361 dorum.
2218 3309 2457 3364 Utuntur
2506 3309 2613 3365 hac
2665 3326 2800 3365 voce
2848 3312 3013 3365 etiam
3071 3328 3169 3382 pro
3219 3329 3319 3384 age
3376 3331 3534 3371 vero.

1948 3400 2183 3468 Quidam
2221 3402 2459 3471 denique
2490 3402 2769 3473 accipiunt
2802 3406 2965 3458 etiam
3006 3420 3104 3475 pro
3158 3408 3325 3460 audio
3356 3416 3409 3461 et
3437 3424 3535 3476 pro

1950 3493 2212 3562 intelligo.
2253 3492 2505 3561 Amplum
2539 3494 2811 3548 coniicere
2864 3494 3053 3548 liceret
3084 3496 3364 3553 volumen.
3423 3513 3533 3550 llnll

1948 3585 2070 3641 dico
2121 3586 2190 3640 ob
2243 3584 2647 3641 coacervandas
2708 3586 2950 3656 undique
3002 3589 3138 3641 varii
3182 3589 3537 3657 signiﬁcatus

1947 3696 2113 3738 voces
2148 3680 2299 3754 (nam
2343 3680 2394 3735 id
2416 3697 2707 3752 Operosum
2744 3693 2796 3737 et
2829 3699 2996 3753 prope
3022 3683 3407 3752 impOSsibile),
3438 3688 3534 3740 sed

1949 3774 1995 3831 si
2027 3774 2155 3843 quis
2174 3774 2257 3827 vel
2281 3773 2597 3828 usitatiores
2623 3776 3001 3830 tantummodo
3034 3791 3333 3845 congerere
3352 3778 3535 3842 Vellet,

1947 3876 1998 3922 et
2024 3882 2146 3936 quae
2174 3868 2226 3920 in
2260 3883 2568 3921 sermonem
2616 3867 2957 3937 frequentius
2990 3869 3320 3936 incurrunt;
3351 3870 3537 3938 cujus-

1950 3958 2097 4013 modi
2136 3974 2273 4029 opus
2301 3976 2329 4011 a
2362 3974 2449 4014 me
2499 3961 2618 4026 ipso
2657 3959 2964 4016 confectum
2995 3961 3118 4024 fuit.
3155 3970 3215 4017 ut
3264 3962 3395 4027 scis,
3426 3977 3537 4032 quo

1950 4060 2193 4121 tempore
2247 4053 2493 4122 epueris
2546 4054 2904 4108 excedebam.
2972 4052 3129 4109 Nunc
3180 4064 3358 4109 tamen
3412 4071 3538 4126 qua:

1950 4142 2216 4198 hactenus
2270 4144 2407 4205 dixi,
2472 4145 2548 4198 rei
2608 4146 2863 4211 praesenti
2935 4146 3154 4201 abunde
3234 4145 3534 4201 sulliciunt.

1949 4232 2064 4289 imo
2116 4252 2182 4289 ne
2240 4236 2427 4291 tandiu
2489 4237 2711 4306 quidem
2784 4254 3094 4294 sermonem
3149 4241 3533 4310 produxissem

1950 4329 2099 4396 (uani
2133 4329 2263 4382 milii
2322 4329 2392 4383 ab
2450 4328 2745 4384 insolentia
2786 4332 3010 4386 cavendi
3068 4348 3191 4388 mos
3235 4344 3535 4404 perpetuus

1952 4418 2100 4488 fuit),
2138 4420 2241 4476 nisi
2267 4436 2649 4490 sarpenumero
2674 4422 3184 4479 animadvertissem
3215 4426 3359 4481 circa
3394 4443 3537 4480 non-

250 4498 516 4566 αὺτάρκη
550 4493 882 4564 παρέχονται
907 4508 924 4524 ·
977 4491 1072 4545 καὶ
1114 4491 1237 4545 οὐδὲ
1278 4491 1371 4544 ἐπὶ
1402 4489 1655 4544 τοσοῦτον
1707 4491 1774 4544 ἂν
1817 4491 1842 4542 ὁ

1951 4511 2134 4567 nullas
2175 4513 2468 4583 caeteroqui
2504 4513 2672 4583 probe
2721 4515 3036 4585 exploratas
3081 4531 3263 4583 voces,
3333 4520 3536 4571 multos

254 4592 395 4660 περὶ
426 4588 610 4642 αὐτῶν
641 4586 883 4658 προῆλθε
911 4586 1091 4654 λόγος’
1131 4583 1286 4654 φίλον
1320 4583 1430 4654 γὰρ
1454 4582 1540 4636 ἀεί
1573 4600 1665 4654 μοι
1698 4582 1843 4637 διευ-

1950 4600 2134 4655 adhuc
2171 4601 2479 4673 disputare,
2505 4602 2858 4675 studiumque
2896 4606 2962 4661 ad
2999 4621 3092 4663 cas
3124 4610 3537 4677 cognoscendas

249 4680 550 4733 λαϐεῖσθαι
572 4678 635 4731 τὸ
661 4675 1047 4748 ἀπειρόκαλον·
1081 4676 1130 4728 εί
1160 4676 1237 4745 μὴ
1264 4674 1524 4736 πολλάκις
1548 4672 1678 4744 περὶ
1706 4672 1852 4737 ἐνίας
1948 4693 2220 4750 conferre.

261 4772 368 4824 τῶν
392 4768 883 4842 διευκρινηθέντων
926 4768 1123 4833 λέξεων
1150 4763 1380 4827 πολλοὺς
1406 4759 1525 4818 οῖδα
1555 4763 1850 4835 συζητοῦν-

258 4880 356 4927 τας
384 4863 481 4915 καὶ
512 4860 747 4932 σπουδὴν
776 4863 853 4922 είς
888 4858 1128 4930 μάθησιν
1159 4857 1599 4925 συνεισάγοντας.

332 4955 401 5025 β’.
456 4951 619 5005 Ἀλλὰ
646 4952 754 5022 γάρ
818 4950 1091 5019 τοσαύτης
1125 4946 1388 5015 ἀφθονίας
1448 4939 1850 5015 εύρισκομένης

253 5050 369 5099 τῶν
392 5044 724 5115 πολυσήμων
759 5045 816 5096 ἐν
845 5044 958 5105 τοῖς
984 5041 1095 5094 τῶν
1148 5039 1391 5110 ἀρχαίων
1447 5036 1847 5106 συντάγμασιν,

255 5134 335 5193 ὧν
367 5140 397 5192 ὁ
431 5136 547 5207 βίος
578 5134 737 5206 εῐπερ
762 5152 816 5187 τι
836 5133 964 5188 ἄλλο
991 5130 1234 5199 λογάδων
1278 5127 1477 5193 λέξεων
1504 5127 1744 5199 ήσοφία,
1798 5127 1850 5178 τί

254 5233 462 5289 κωλύει
487 5232 581 5287 καὶ
615 5234 735 5296 ταῖς
766 5229 1066 5302 ἡμετέραις
1119 5224 1460 5296 ίερολογίαις,
1488 5217 1576 5285 αἶς
1603 5222 1711 5275 τῶν
1742 5238 1845 5274 σω-

250 5329 468 5400 τηρίων
491 5326 668 5398 ἔργων
698 5326 902 5387 σκοπὸς
931 5323 964 5394 ἢ
987 5321 1305 5377 διδασκαλία
1322 5319 1416 5373 καὶ
1442 5320 1475 5389 ἡ
1506 5317 1849 5387 παραίνεσις,

249 5424 535 5494 διαφόρων
586 5421 966 5491 ὑποκειμένων
1049 5418 1341 5489 σήμαντρα
1404 5411 1854 5484 παραλαμϐάνειν

2024 4956 2081 5012 2.
2128 4957 2242 5027 Age
2277 4974 2402 5013 vero
2432 4974 2555 5013 cum
2589 4967 2737 5015 tanta
2770 4960 2840 5015 sit
2868 4960 3326 5031 signiﬁcationuiu
3361 4960 3539 5019 varia-

1953 5067 2075 5107 rum
2104 5052 2258 5119 copia
2296 5050 2349 5104 iu
2389 5050 2608 5119 scriptis
2643 5061 2881 5105 veterum
2906 5095 2921 5118 ,
2948 5069 3181 5123 quorum
3209 5055 3330 5107 vita-
3358 5057 3535 5109 curri-

1953 5144 2136 5199 culum
2163 5144 2215 5196 in
2247 5144 2473 5198 scicntia
2508 5143 2775 5213 praecipue
2803 5145 3211 5216 deligeudorum
3249 5148 3534 5202 verborum

1955 5244 2343 5304 consumptum
2401 5234 2539 5298 fuit;
2583 5235 2711 5303 quid
2767 5235 2822 5290 ni
2873 5247 3073 5290 nostra:
3121 5254 3338 5305 quoque
3393 5236 3537 5291 Scri-

1956 5336 2129 5395 ptura:
2160 5341 2367 5389 sacra),
2421 5342 2651 5395 quarum
2689 5335 2867 5380 tamen
2922 5327 3045 5383 ﬁnis
3090 5338 3174 5382 est
3215 5329 3533 5383 salutarium

1964 5433 2192 5487 Operum
2233 5416 2609 5487 magisterium
2639 5426 2693 5473 et
2725 5417 2912 5472 suasio
2935 5459 2951 5484 ,
2990 5420 3121 5488 quid
3163 5418 3251 5485 ui,
3289 5418 3536 5487 inquam,

1796 5552 2029 5609 NOTAE.

331 5702 446 5774 (36)
481 5701 617 5757 llinc
641 5702 1027 5772 cognoscimus
1079 5714 1185 5774 qua
1222 5696 1654 5774 aetateLexicon
1687 5711 1847 5774 suum

1943 5694 2083 5749 1808
2123 5694 2185 5749 G.
2223 5694 2586 5757 llermanuus,
2618 5708 2722 5746 non
2775 5703 2952 5747 tamen
2985 5689 3102 5746 sine
3136 5688 3285 5760 gravi
3338 5691 3537 5748 lacuna

254 5764 562 5830 confecerit
618 5764 873 5838 Plautius;
915 5764 1588 5842 quam'luculn'ationem
1622 5769 1854 5842 antehac
1946 5766 2091 5821 inter
2124 5764 2167 5819 A
2198 5775 2252 5821 et
2283 5765 2343 5820 E.

258 5845 548 5907 incditam,
591 5854 775 5901 nostra
809 5838 1032 5898 demum
1065 5850 1223 5897 atate
1251 5840 1493 5910 vulgavit
1532 5838 1729 5909 Lipsia:
1761 5853 1849 5891 an.
