4084 6444
575 364 675 425 155

1730 354 1995 417 ΡΠΟΤΙῙ
2039 354 2141 413 PA'

2245 352 2545 414 [ARCIL‘E
2579 354 2689 413 CP.
3766 353 3852 421 156

559 477 720 529 verba
753 471 1071 528 notionibus
1115 468 1238 524 aliis
1276 477 1439 538 atque
1481 467 1602 521 aliis
1637 470 1857 537 praedita
1909 466 2141 533 comple~

2254 466 2493 535 ὀνόματα
2521 483 2535 529 ;
2562 465 2643 518 διὸ
2677 464 2769 519 καὶ
2804 466 2864 518 τὸ
2886 466 3182 537 ἀπεκρίθη,
3220 466 3359 539 ὅπερ
3388 484 3452 521 σε
3491 465 3768 530 πολλάκις
3789 474 3859 531 είς

553 576 771 623 ctantur
784 567 805 617 ?
818 564 997 630 Quare
1012 572 1064 615 ct
1076 561 1350 631 ἀπεκρίθη
1362 600 1373 620 ,
1390 560 1533 627 quod
1567 560 1658 612 tibi
1683 559 2003 611 vocabulum
2020 573 2161 625 sscpe

554 652 1227 721 dubitationeminjecisse
1260 652 1366 712 ais,
1407 652 1491 719 (ut
1524 665 1668 702 nunc
1699 660 1944 701 (innatam
1986 646 2158 717 signi-

555 753 869 813 ﬁcantiam,
912 756 1222 815 separatum
1274 754 1390 805 est;
1446 752 1500 797 et
1545 759 1679 811 quas
1728 742 1924 795 medici
1976 741 2160 809 appri-

553 857 639 897 me
674 842 907 898 eallcnt.
952 838 1251 891 sudoribus
1290 837 1602 904 digestum,
1646 844 1699 887 et
1725 844 2003 889 excretum
2032 871 2048 894 ,
2098 839 2157 885 et

551 936 701 988 vasis
732 932 985 993 ellusum,
1020 940 1074 983 et
1104 930 1157 982 in
1188 930 1293 983 hoc
1316 928 1532 995 desivit)
1581 944 1678 997 pro
1710 928 2042 992 divinarum,
2073 925 2157 977 in-

552 1041 717 1094 quam
741 1067 755 1090 ,
792 1024 1094 1077 litterarum
1128 1037 1227 1075 usu
1254 1019 1531 1090 ἀπεκρίθη
1558 1020 1831 1089 signiﬁcat
1877 1020 1926 1072 id
1949 1059 1963 1082 ,
2010 1015 2153 1086 quod

556 1132 722 1169 nctno
756 1115 961 1177 nescit,
990 1128 1312 1181 responsum
1344 1110 1409 1164 ad
1447 1111 1959 1181 interrOgationem.
2001 1108 2155 1177 Saepe

550 1209 717 1261 etiam
744 1207 1073 1274 expletivqu
1096 1203 1418 1256 vocabulum
1441 1212 1555 1265 est;
1586 1202 1858 1255 interdum
1885 1200 2153 1254 sermonis

551 1299 836 1352 exordium
866 1307 990 1360 est;
1025 1305 1140 1349 tum
1165 1298 1329 1350 etiam
1365 1299 1585 1349 deuolat
1615 1310 1805 1349 eorum
1847 1310 1969 1364 quae
2006 1295 2151 1347 dicta

550 1389 770 1443 luerunt
799 1388 1189 1441 admissionem
1218 1404 1231 1451 ;
1264 1389 1391 1440 item
1428 1389 1641 1450 oravit,
1675 1387 1999 1454 deprecatus
2026 1394 2147 1450 est;

550 1490 664 1532 tum
694 1480 929 1547 denique
959 1476 1315 1547 interrogavit
1344 1493 1561 1546 quoque
1590 1476 1902 1546 signiﬁcare
1927 1490 2149 1543 compc-

547 1573 679 1626 ries.
720 1570 838 1625 Jatu
879 1571 996 1640 ejus
1037 1570 1406 1639 signiﬁcatus,
1452 1585 1615 1639 quem
1676 1584 1869 1622 omnes
1917 1579 2147 1645 norunt,

549 1665 716 1718 multa
746 1673 909 1733 atque
930 1662 1087 1717 obvia
1109 1662 1417 1717 testimonia
1445 1672 1594 1717 sunt.
1622 1660 1820 1725 Veluti,
1851 1681 1868 1711 ι
1901 1659 2147 1728 Respon-

546 1760 679 1810 dens
712 1757 900 1809 Simon
929 1757 1123 1809 Petrus
1154 1756 1227 1809 ait
1281 1771 1293 1806 :
1348 1753 1425 1808 Tu
1454 1771 1513 1809 es
1544 1754 1796 1809 Christus
1843 1752 2014 1807 Filius
2054 1752 2147 1806 Dei

546 1852 656 1905 vivi
685 1851 751 1904 ⁸⁸.
788 1869 806 1901 ι
870 1848 1005 1903 Nam
1055 1851 1346 1903 Dominicze
1383 1848 1795 1918 interrogationi
1848 1864 1969 1917 quae
2011 1863 2147 1917 prze-

547 1951 803 2007 cesserat,
829 1960 847 1993 ι
880 1941 991 1996 Vos
1020 1952 1216 2009 autem,
1256 1959 1415 2011 quem
1448 1958 1531 1997 me
1562 1958 1682 1995 esse
1716 1942 1901 1995 dicitis
1943 1961 1960 1992 ι
1988 1956 2144 1994 suam

552 2049 606 2092 et
668 2038 1170 2106 condiscipulorum
1229 2037 1554 2090 sententiam
1600 2036 1851 2104 princeps
1888 2035 2143 2089 subdidit.

549 2130 679 2183 item
717 2130 768 2181 in
806 2145 869 2183 ea
910 2130 1217 2181 locutione:
1260 2146 1278 2175 ι
1315 2125 1821 2195 Ιὶοδρυιηίίιιίίυοιιε
1857 2145 1868 2179 :
1899 2124 1999 2190 Qui
2054 2125 2149 2177 ha-

557 2222 647 2273 l.et
705 2221 841 2273 duas
887 2222 1100 2273 tunicas
1132 2259 1147 2282 ,
1206 2220 1475 2287 impertiat
1528 2218 1602 2270 illi
1677 2217 1765 2286 qui
1818 2229 1965 2271 caret
1998 2217 2043 2245 "
2081 2231 2141 2278 ;ι

548 2312 693 2366 idem
727 2328 921 2366 sensus
954 2315 1341 2381 cognoscltur;
1376 2311 1557 2364 erudit
1588 2310 1734 2363 enim
1769 2312 1957 2363 turbas
1980 2351 1993 2374 ,
2021 2326 2146 2377 qua:

546 2421 671 2459 eum
721 2416 1046 2473 rogaverunt
1086 2419 1324 2473 quonam
1374 2414 1530 2471 pacto
1572 2404 1802 2457 salutem
1845 2420 2148 2473 conseque-

544 2505 754 2551 rentur.
798 2494 971 2549 Sicuti
1008 2496 1216 2549 etiam;
1283 2516 1301 2546 ι
1336 2494 1636 2565 Respondit
1681 2498 1761 2551 eis
1798 2494 2038 2551 Joannes
2065 2496 2145 2548 di-

543 2605 714 2643 cens:
748 2588 858 2658 Ego
881 2605 1022 2657 aqua
1048 2590 1296 2656 baptizo;
1332 2590 1542 2642 medius
1566 2599 1744 2642 autem
1774 2600 2010 2643 veetrum
2039 2596 2145 2651 est,

546 2697 709 2750 quem
746 2696 841 2733 vos
872 2681 1174 2734 nescitis“.
1218 2698 1236 2731 ›
1270 2679 1515 2744 Namque
1550 2684 1799 2747 \crbum,
1837 2682 2139 2751 respondit,

551 2772 806 2825 cumdem
838 2787 999 2825 usum
1034 2781 1087 2825 et
1120 2770 1225 2824 hoc
1257 2771 1377 2824 loco
1404 2782 1711 2825 coiiserval.
1750 2770 2011 2825 Sexcenta
2040 2772 2146 2826 alia

547 2864 817 2931 ejusmodi
854 2872 1001 2917 sunt.
1036 2862 1141 2916 Sed
1168 2862 1314 2915 enim
1361 2862 1717 2917 locutionem:
1749 2884 1765 2912 ι
1799 2864 2147 2932 lllotempore

548 2956 884 3025 respondens
912 2953 1071 3010 Jcsus
1098 2954 1273 3009 dixit:
1306 2952 1584 3009 Conﬁteor
1612 2954 1727 3019 tibi,
1753 2953 1910 3008 Pater
1939 2956 2062 3023 εφη
2094 2966 2147 3011 et

550 3058 712 3103 terra:
735 3048 816 3113 ⁸⁸;
842 3068 859 3099 ι
894 3048 1053 3111 hanc,
1083 3047 1327 3115 inquam,
1358 3055 1571 3100 coastat
1595 3062 1623 3099 a
1656 3048 1993 3116 pra-cedente
2020 3064 2144 3103 sen-

2264 556 2597 624 άμφιϐολίαν
2627 556 2763 625 ἔφης
2790 556 3047 627 ἐμϐαλεῖν
3076 574 3089 585 ’
3130 559 3217 611 ἵνα
3248 558 3343 611 νῦν
3400 560 3564 612 ὲάσω
3591 560 3656 609 τὸ
3687 558 3858 628 διεχω-

2264 648 2423 719 ρίσθη
2458 664 2471 678 ’
2505 648 2598 701 καὶ
2628 648 2655 700 6
2688 648 2921 717 μάλιστα
2952 650 3141 711 παῖδες
3168 651 3369 720 ἰατρῶν
3404 650 3570 703 ίσασι
3603 650 3670 702 τὸ
3691 650 3863 718 8:299-

2266 739 2404 810 ρήθη
2436 756 2517 803 π’
2552 742 2646 793 καὶ
2669 741 2945 811 ἐξεκρίθην
2981 742 3075 793 καὶ
3098 742 3346 811 ἐξεχύθη.
3402 743 3508 795 καὶ
3588 744 3676 804 εἰς
3718 742 3866 796 τοῦτο

2261 832 2559 901 κατέληξεν
2592 849 2605 861 ’
2637 832 2751 884 ἀλλ’
2782 833 2865 900 ἐφ’
2891 826 2967 887 ὧν
3000 851 3063 901 γε
3088 835 3319 905 συνήθης
3374 836 3499 886 ἐστὶ
3532 833 3656 887 τῶν
3687 835 3866 887 θεοσδ-

2260 942 2375 993 φων
2406 927 2437 995 ἡ
2463 927 2657 996 χρῆσις
2692 926 2909 993 λογίων,
2931 926 3187 997 σημαίνει
3224 927 3323 997 μὲν
3342 912 3402 980 τὸ
3431 927 3756 996 ἀπεκρίθη,
3779 930 3867 979 καὶ

2258 1019 2323 1088 ἧν
2352 1017 2525 1079 οὐδεὶς
2553 1019 2739 1085 ἀγνοεῖ
2761 1018 3021 1085 διάνοιαν,
3056 1019 3178 1089 ἣτις
3212 1020 3307 1073 καὶ
3336 1019 3471 1089 πρὸς
3506 1018 3626 1088 τὴν
3659 1018 3869 1087 ἐρώτη-

2257 1123 2343 1158 σιν
2378 1107 2688 1161 ἀποδίδοται
2719 1124 2733 1139 ’
2764 1109 3023 1173 πολλάκις
3056 1110 3113 1162 δὲ
3172 1111 3266 1163 καὶ
3318 1108 3868 1179 παρα-πληρώματος

2256 1204 2441 1273 ἐπέχει
2464 1204 2645 1269 τάξιν·
2683 1205 2868 1259 ἄλλοτε
2904 1206 2961 1258 δὲ
2986 1206 3081 1258 καὶ
3120 1206 3295 1276 ἀρχὴν
3317 1206 3648 1275 ἀναπληροῖ
3679 1203 3864 1269 λόγον’

2254 1299 2345 1351 ναὶ
2410 1299 2463 1351 δὲ
2502 1298 2679 1352 καὶτὸ
2734 1298 3084 1363 διαδέξασθαι
3117 1300 3207 1352 τὸν
3228 1298 3637 1370 προρρηθέντα
3711 1296 3865 1363 λόγον

2255 1391 2617 1445 ὐποῦάλλεται
2644 1408 2657 1421 ⁶
2688 1393 2785 1446 καὶ
2819 1393 2923 1463 μὴν
2955 1393 3131 1445 καὶτὸ
3166 1393 3408 1446 ἱκέτευσε
3470 1392 3578 1446 καὶ
3644 1391 3863 1460 ἐδέησε,

2252 1481 2435 1555 εὕροις
2469 1482 2513 1535 δ’
2548 1482 2615 1537 ἂν
2648 1486 2932 1553 σημαῖνον,
2958 1484 3136 1537 καὶτὸ
3164 1483 3407 1554 ὲρώτησε
3438 1503 3454 1517 ·
3482 1481 3863 1554 μαρτύριαὸὲ

2251 1572 2346 1627 τοῦ
2396 1575 2493 1643 μὲν
2534 1574 2685 1645 παρὰ
2716 1574 2881 1628 πᾶσιν
2907 1575 3275 1647 ἐγνωσμένου,
3309 1575 3481 1629 πολλά
3502 1576 3570 1628 τέ
3604 1576 3740 1627 ἐστι
3770 1572 3864 1625 καὶ

2251 1666 2438 1720 λαϐεῖν
2468 1667 2775 1737 πρόχειρον,
2807 1663 2943 1733 οἷον,
2979 1688 2997 1719 ι
3024 1669 3370 1739 Ἀποκριθεὶς
3411 1669 3607 1737 Σίμων
3650 1669 3863 1736 Πέτρος

2253 1755 2371 1812 εἷπε
2406 1775 2421 1789 ·
2494 1760 2565 1812 Σὺ
2605 1754 2653 1812 εἰ
2690 1760 2718 1811 6
2758 1760 2993 1830 Χριστὸς
3026 1761 3053 1812 6
3085 1761 3210 1822 Υίὺς
3254 1761 3350 1813 τοῦ
3381 1759 3517 1813 Θεοῦ
3549 1757 3659 1813 τοῦ
3720 1757 3861 1822 ζῶν-

2250 1868 2362 1912 τος.
2404 1870 2421 1902 ι
2454 1852 2563 1905 Καὶ
2593 1851 2701 1923 γὰρ
2734 1852 2868 1924 πρὸς
2898 1853 2997 1923 τὴν
3019 1852 3361 1923 Δεσποτικὴν
3398 1851 3688 1920 ἐρώτησιν
3758 1851 3861 1920 τὴν

2250 1941 2653 2012 προλαϐοῦσαν,
2706 1943 2896 2013 Ὑμεῖς
2943 1943 2999 1996 δὲ
3030 1944 3149 1997 τίνα
3191 1961 3258 2013 με
3299 1944 3487 2012 λέγετε
3518 1939 3717 2005 εἷναις
3760 1943 3860 2011 τὴν

2249 2032 2420 2086 αὑτοῦ
2468 2032 2696 2103 γνώμην
2741 2036 2771 2087 6
2817 2036 3111 2105 κορυφαῖος
3157 2034 3397 2087 καὶτῶν
3461 2034 3859 2104 συμμαθητῶν

2248 2125 2555 2179 ἀποδίδωσι.
2592 2126 2701 2178 Καὶ
2730 2128 2787 2179 ὲν
2819 2126 2919 2197 τῷ,
2956 2146 2973 2179 ι
3010 2126 3308 2198 Ἀπεκρίθη
3342 2128 3399 2179 δὲ
3428 2126 3605 2193 λέγων
3635 2126 3852 2186 αὐτοῖς.

2249 2217 2277 2269 6
2304 2216 2445 2286 ἔχων
2468 2216 2559 2269 δύο
2589 2216 2821 2287 χιτῶνας
2846 2218 3124 2288 μεταδότω
3152 2218 3230 2288 τῷ
3248 2218 3323 2288 μὴ
3354 2218 3551 2288 ἔχοντι,
3590 2238 3610 2269 ι
3648 2220 3686 2288 ὴ
3714 2218 3855 2285 αὑτὴ

2249 2307 2554 2378 καθορᾶται
2584 2308 2777 2380 γνώμῃ
2810 2327 2821 2338 ·
2859 2313 2971 2373 τοῖς
2998 2310 3105 2381 γὰρ
3131 2312 3475 2381 ὲρωτήσισιν
3514 2309 3711 2379 ὄχλοις
3729 2311 3854 2362 ὅθεν

2248 2401 2635 2471 καρπώσονται
2683 2402 2781 2472 τὴν
2828 2404 3121 2472 σωτηρίαν,
3174 2403 3575 2457 ὑποδείκνυσιν.
3628 2403 3854 2471 Ὠσπερ

2248 2495 2342 2547 καὶ
2373 2493 2456 2558 τὸ,
2487 2512 2505 2545 ι
2538 2494 2841 2566 Ἀπεκρίθη
2867 2496 3048 2559 αὐτοῖς
3077 2499 3105 2548 6
3147 2496 3400 2566 Ἰωάννης
3428 2496 3607 2563 λέγων
3642 2512 3657 2525 ⁸
3706 2493 3853 2563 Ἐγὼ

2250 2585 2498 2655 βαπτίζω
2519 2588 2576 2639 ὲν
2610 2585 2767 2640 ὕδατι
2800 2602 2815 2617 ·
2863 2586 3025 2657 μέσος
3054 2586 3108 2639 δὲ
3137 2587 3292 2656 ὑμῶν
3328 2588 3562 2658 ἕστηκεν
3591 2588 3653 2640 ὃν
3686 2588 3850 2656 ὑμεῖς

2247 2680 2346 2732 οὐκ
2371 2680 2547 2733 οἴδατε
2574 2716 2588 2731 .
2640 2697 2661 2733 ι
2702 2678 2795 2743 Εἰς
2844 2682 2950 2751 γάρ
2997 2680 3094 2751 τὴν
3152 2680 3323 2750 αὐτὴν
3352 2682 3444 2734 καὶ
3471 2680 3632 2733 τοῦτο
3652 2682 3847 2751 χρεεαν

2246 2770 2597 2840 ἀναφέρεται·
2647 2771 2738 2823 καὶ
2763 2771 2933 2842 μυρία
2960 2771 3113 2825 ἄλλα.
3146 2771 3219 2823 Τὸ
3238 2772 3318 2838 δὲ,
3354 2790 3372 2822 ι
3407 2771 3498 2824 Ἐν
3529 2772 3735 2842 ἐκείνῳ
3769 2770 3847 2838 τῇ

2248 2860 2427 2932 καιρῷ
2466 2862 2836 2933 ἀποκριθεὶςὸ
2880 2864 3083 2933 Ἰησοῦς
3135 2859 3290 2916 εἶπεν
3317 2878 3331 2892 ·
3370 2860 3846 2932 Ἐξομολογοῦμαί

2249 2969 2355 3019 σοι,
2392 2953 2575 3025 Πάτερ
2612 2954 2787 3026 Κύριε
2834 2955 2927 3007 τοῦ
2962 2954 3194 3025 οὐρανοῦ
3254 2956 3464 3025 καὶτῆς
3486 2956 3648 3027 γῆς,»
3679 2956 3845 3025 δῆλον

2248 3043 2450 3111 ὃτιτῆς
2484 3046 2584 3115 μὲν
2622 3046 3037 3117 προειρημένης
3066 3047 3277 3111 ἐννοίας
3333 3048 3641 3118 διέστηκεν,
3664 3049 3845 3119 ἀρχῆς

548 3140 718 3194 tentia
759 3138 1052 3193 discretam
1104 3153 1258 3201 esse,
1316 3148 1478 3207 atque
1530 3138 1668 3192 initii
1719 3141 1894 3194 locum
1936 3151 2141 3211 tenere.

2251 3136 2308 3189 δὲ
2338 3137 2522 3209 χώραν
2550 3139 2738 3210 ὲπέχει
2763 3157 2777 3170 ·
2806 3139 2929 3192 οὔτε
2961 3142 3070 3209 γάρ
3124 3140 3396 3213 ἐρώτησις
3454 3144 3841 3213 προηγήσατο,

544 3232 680 3287 Nam
736 3247 913 3302 neque
954 3231 1312 3301 interrogatio
1362 3243 1751 3300 praecesserat,
1804 3249 1979 3303 neque
2021 3236 2139 3289 cui-

543 3342 708 3395 quam
763 3325 1004 3394 loquenti
1059 3324 1531 3391 suhjtmgebatur;
1577 3340 1762 3377 verum
1826 3326 1939 3394 ipse
1980 3325 2141 3381 Jesus

545 3433 851 3470 sermonem
898 3416 1194 3469 exordiens
1228 3417 1429 3484 gratias
1467 3414 1612 3468 Patri
1660 3417 1790 3484 egit.
1826 3416 2015 3472 Simile
2058 3428 2143 3473 est

541 3511 703 3562 etiam
749 3526 762 3561 :
810 3526 828 3557 ι
859 3506 1213 3576 Respondeus
1240 3511 1733 3579 archisynagogus,
1786 3513 2140 3568 stomachans

542 3599 688 3669 quod
722 3598 963 3653 Sabbato
996 3599 1322 3652 medicinam
1370 3600 1589 3654 fecisset
1618 3600 1777 3656 Jesus
1802 3604 1869 3657 3°.
1906 3621 1924 3655 ι
1969 3604 2135 3659 Item:

553 3711 572 3741 ι
604 3690 964 3759 ltespontlens
989 3688 1233 3759 pontifex
1259 3691 1393 3743 dixit
1416 3694 1463 3745 ei
1496 3709 1508 3744 :
1542 3692 1751 3762 Adjuro
1782 3703 1831 3749 te
1858 3710 1952 3763 per
1972 3694 2137 3750 Deum

544 3784 749 3846 vivum,
776 3782 865 3836 dic
889 3783 1045 3836 nobis
1077 3796 1205 3833 num
1233 3790 1288 3834 tu
1322 3782 1399 3835 sis
1420 3780 1677 3836 Christus
1698 3782 1787 3838 Dei
1820 3783 1991 3840 Filius
2012 3786 2079 3840 ³⁸.
2113 3804 2132 3839 ι

546 3874 757 3927 Rursus
808 3872 1083 3926 sermonis
1146 3870 1365 3925 initium
1412 3873 1700 3927 continent
1761 3879 1925 3929 verba
1977 3876 2135 3932 haec:

552 3982 569 4014 ι
613 3962 968 4031 ltespondens
1016 3959 1179 4017 Jcsus
1230 3962 1414 4017 dixit:
1468 3962 1570 4028 Qui
1627 3966 1888 4033 receperit
1945 3981 2039 4022 vos
2083 3967 2137 4021 in

546 4056 767 4110 nomine
794 4069 935 4119 meo,
973 4068 1060 4108 me
1095 4055 1329 4124 recipit;
1384 4066 1437 4110 et
1481 4057 1575 4126 qui
1622 4073 1706 4110 me
1758 4059 1983 4129 recipit,
2024 4076 2136 4115 non

544 4167 632 4205 me
665 4150 877 4217 recipit,
911 4150 1003 4204 sed
1032 4166 1154 4205 eum
1183 4150 1275 4219 qui
1315 4151 1462 4207 misit
1499 4168 1584 4207 me
1616 4154 1682 4207 °‘.
1722 4172 1740 4205 ι

613 4242 666 4295 5.
709 4238 877 4294 Porro
918 4250 1098 4294 autem
1144 4243 1306 4295 verba
1338 4243 1427 4296 illa
1464 4261 1478 4298 :
1521 4261 1539 4294 ι
1579 4241 1935 4313 Respoudcns
1973 4244 2136 4303 Jcsus

541 4334 725 4387 dixit:
790 4332 833 4386 Ο
899 4334 1113 4395 mulier,
1172 4350 1369 4403 magna
1432 4345 1517 4390 est
1570 4338 1705 4393 ﬁdes
1759 4348 1891 4404 tua;
1956 4343 2049 4395 ﬁat
2076 4351 2137 4395 ut

543 4425 623 4477 vis
645 4425 726 4476 9’:
773 4442 789 4472 ι
826 4424 891 4476 ad
926 4427 1129 4478 nullum
1160 4428 1540 4493 praedictorum
1568 4446 1765 4484 usuum
1801 4433 2131 4498 referuntur,

2244 3230 2361 3284 ἀλλ’
2391 3230 2515 3283 οὐδέ
2536 3249 2655 3286 τινα
2676 3232 2908 3300 λέγοντα
2938 3232 3232 3299 διεδέξατο,
3293 3232 3408 3286 ἀλλ’
3453 3232 3619 3295 αὐτὸς
3647 3236 3676 3286 6
3737 3234 3843 3301 Ἰη-

2245 3323 2370 3386 σοῦς
2392 3324 2571 3395 ἀρχὴν
2598 3325 2851 3395 ἐμϐαλὼν
2874 3326 2953 3397 τῷ
2983 3326 3148 3396 λόγῳ,
3200 3327 3299 3397 τὴν
3355 3327 3711 3398 εὐχαριστίαν
3762 3327 3841 3397 τῷ

2240 3416 2418 3486 Πατρὶ
2454 3416 2888 3487 προσηνέγκατο.
2914 3404 3189 3480 Ὡσαύτως
3211 3419 3305 3471 καὶ
3331 3418 3413 3482 τὸ,
3441 3437 3459 3471 ι
3482 3418 3841 3490 Ἀποκριθεὶς

2243 3507 2273 3560 6
2305 3508 2757 3578 ἀρχισυνάγωγος
2792 3510 3119 3578 ἀγανακτῶν
3148 3510 3231 3563 ὃτι
3272 3510 3351 3581 τῷ
3406 3510 3669 3581 Σαϐϐάτῳ
3716 3510 3838 3563 ἑθε-

2241 3601 2517 3671 ράπευσεν
2554 3604 2581 3655 6
2616 3601 2824 3671 Ἰησοῦς
2844 3620 2857 3633 ·
2888 3622 2905 3654 ι
2947 3603 3037 3655 ναὶ
3070 3603 3134 3674 δὴ
3162 3604 3354 3668 καὶτὸ,
3386 3623 3404 3656 ι
3428 3604 3783 3673 Ἀποκριθεὶς
3811 3604 3839 3655 6

2239 3694 2534 3763 ἀρχιερεὺς
2581 3689 2735 3747 εἶπεν
2784 3694 2953 3766 αὐτῷ,
2984 3695 3282 3766 Ἐξορκίζω
3318 3713 3377 3748 σε
3410 3695 3552 3749 κατὰ
3578 3694 3675 3747 τοῦ
3697 3695 3836 3749 Θεοῦ

2240 3782 2462 3847 ζῶντος,
2514 3784 2636 3837 εἰπὲ
2674 3787 2807 3855 ἡμῖν
2856 3788 2905 3838 εί
2973 3787 3035 3839 σὺ
3066 3782 3113 3838 εἷ
3147 3788 3174 3838 6
3222 3786 3455 3857 Χριστὸς
3506 3786 3690 3850 ὁΥίὸς
3742 3785 3835 3840 τοῦ

2238 3874 2399 3929 Θεοῦ.
2433 3875 2633 3947 Ἀρχὴν
2659 3876 2703 3929 δ’
2737 3878 2805 3931 ἂν
2830 3877 3018 3947 ἐπέχοι
3050 3878 3209 3945 λόγου
3246 3879 3342 3931 καὶ
3370 3880 3431 3931 τό
3460 3894 3472 3907 ’
3506 3896 3525 3930 ι
3570 3879 3836 3947 Ἀποκρι-

2239 3968 2357 4031 θεὶς
2381 3970 2409 4020 6
2446 3969 2657 4041 Ἰησοῦς
2687 3966 2843 4024 εἶπεν
2868 3987 2881 4002 ⁸
2942 3974 3039 4033 Ὃς
3075 3973 3169 4025 ἐὰν
3210 3971 3432 4042 δέξηται
3458 3973 3600 4043 ὑμᾶς
3636 3971 3730 4025 ὲπὶ
3757 3971 3834 4041 τῷ

2241 4059 2362 4131 ὲμῴ
2392 4061 2639 4133 ὀνόματι,
2684 4063 2787 4134 ἐμὲ
2812 4063 3031 4133 δέχεται
3056 4080 3071 4096 θ
3108 4065 3203 4117 καὶ
3234 4065 3291 4127 ὃς
3322 4064 3388 4117 ἂν
3430 4064 3532 4135 ἐμὲ
3582 4064 3830 4136 δέξηται,

2235 4159 2337 4213 οὐκ
2364 4158 2467 4229 ἐμὲ
2497 4160 2733 4231 δέχεται,
2760 4160 2900 4214 ἀλλὰ
2920 4160 3010 4214 τὸν
3034 4161 3432 4215 ἀποστείλαντά
3465 4178 3555 4231 με.
3592 4178 3610 4211 ι

2307 4256 2378 4318 γ’.
2423 4250 2511 4303 Ἐν
2566 4250 2757 4320 μέντοι
2788 4267 2872 4319 γε,
2916 4271 2933 4303 ι
2983 4251 3333 4321 Ἀποκριθεὶς
3366 4252 3393 4303 6
3432 4250 3642 4320 Ἰησοῦς
3675 4248 3831 4304 εἶπεν

2236 4343 2395 4415 αὐτῇ.
2434 4339 2504 4395 Ὦ
2544 4344 2722 4413 γύναι,
2754 4344 2961 4415 μεγάλη
2996 4363 3086 4397 σου
3126 4347 3157 4415 ἡ
3192 4345 3394 4409 πίστις,
3424 4345 3710 4415 γενηθήτω
3744 4362 3828 4398 σοι

2236 4435 2312 4496 ὡς
2353 4434 2551 4497 θέλεις,
2590 4454 2609 4488 ι
2632 4437 2711 4497 εἰς
2738 4437 3015 4507 οὐδέτερον
3042 4437 3140 4507 μὲν
3180 4437 3515 4506 ἀναφέρεται
3540 4437 3648 4490 τῶν
3673 4438 3827 4508 είρη-

541 4518 632 4571 sed
699 4520 1049 4585 praecedentis
1125 4520 1395 4573 sermonis
1463 4522 1849 4577 admissionem
1911 4527 2130 4580 sistunt.

2245 4526 2436 4596 μένων,
2464 4526 2715 4597 διαδοχὴν
2736 4528 2790 4580 δὲ
2821 4496 2980 4596 λόγου
3010 4496 3317 4595 συνεισάγεί
3341 4496 3481 4598 ’.τῆς
3508 4529 3617 4599 γὰρ
3643 4496 3825 4582 Χανὲο

540 4609 671 4663 Nam
708 4627 829 4662 llllll
863 4609 1187 4664 Chaoanitis
1220 4612 1609 4667 miserabiliter
1632 4617 1977 4683 exposuisset
2010 4621 2132 4673 lilia:

539 4717 651 4754 snze
694 4706 967 4765 mortium,
990 4703 1369 4773 ntedelamque
1399 4706 1657 4774 petisset;
1682 4723 1919 4777 cumque
1942 4712 2129 4765 eadem

538 4794 870 4859 asperiorem
936 4809 1161 4861 precum
1229 4811 1457 4849 suarum
1534 4798 1805 4867 repulsam
1864 4802 2133 4868 patienter

537 4886 860 4951 excepisset,
924 4886 1306 4956 dixissetque:
1370 4906 1389 4939 ι
1429 4886 1650 4958 Utique,
1690 4888 2129 4958 Domine,etiam

535 4977 710 5029 Catelli
743 4976 929 5029 herilis
982 4993 1184 5032 mensae
1205 4980 1453 5049 reliquiis
1499 4992 1827 5048 vescuntur;
1860 5003 1876 5034 ι
1907 4985 2005 5039 hac
2036 4987 2133 5040 ad-

536 5071 703 5125 missa
735 5072 983 5125 oratione
1023 5072 1278 5125 subditur
1311 5088 1326 5126 :
1367 5092 1385 5123 ι
1424 5072 1580 5128 Tunc
1606 5077 1944 5143 respondens
1976 5077 2133 5135 Jesus

534 5163 610 5215 ait
641 5164 712 5215 illi
748 5178 760 5214 :
796 5161 981 5231 Magna
1014 5164 1146 5217 ﬁdes
1180 5175 1313 5231 tua;
1342 5165 1436 5219 ﬁat
1470 5166 1567 5219 tibi
1606 5174 1665 5221 ut
1704 5167 1807 5220 vis.
1853 5186 1870 5218 ι
1906 5166 2133 5225 Constat

534 5255 675 5306 enim
703 5253 885 5307 Jesum
922 5254 1078 5307 bonae
1112 5255 1485 5325 supplicisque
1514 5254 1732 5311 femina:
1758 5259 2006 5313 oratione
2035 5262 2130 5314 ad-

535 5344 725 5409 missa,
788 5342 946 5395 ﬁdem
992 5343 1113 5411 ejus
1164 5344 1321 5399 laude
1355 5345 1701 5412 mactavisse,
1752 5347 2128 5417 medelamque

538 5434 792 5502 largitum
820 5449 963 5489 esse.
998 5432 1250 5500 Ejusdem
1283 5435 1573 5489 sententiae
1604 5445 1735 5490 sunt
1764 5436 1928 5490 etiam
1965 5437 2080 5492 haec
2110 5455 2122 5492 :

542 5522 925 5589 «Respondeus
970 5522 1129 5578 Jesus
1177 5527 1315 5579 dixit
1365 5526 1463 5590 illi,
1498 5526 1693 5582 Beatus
1741 5542 1799 5581 es
1838 5529 2027 5583 Simon
2054 5530 2128 5583 ﬁli

533 5610 703 5679 Jonze,
731 5615 860 5683 quia
912 5631 1042 5669 caro
1073 5626 1125 5670 el
1156 5620 1380 5687 sanguis
1420 5634 1528 5673 non
1580 5620 1838 5674 revelavit
1871 5622 1965 5674 tibi
1994 5623 2059 5674 9³.
2100 5642 2117 5673 ι

604 5724 652 5757 ⁸⁵
684 5725 871 5780 Matth.
896 5742 1007 5785 xvt.
1041 5726 1122 5780 16.
1197 5730 1241 5760 ⁸⁸
1275 5729 1406 5784 Luc.
1447 5747 1528 5795 tu,
1574 5733 1661 5785 Η.

533 5810 684 5862 xm,
718 5796 808 5851 65.
879 5798 922 5829 ⁹¹
956 5795 1119 5850 Marc.
1185 5815 1255 5863 χι,
1285 5804 1371 5854 56.
1478 5805 1522 5833 ⁹²
1565 5802 1749 5857 Matth.
1793 5822 1874 5868 tv,
1906 5809 1993 5859 28.

1740 5734 1784 5764 ⁸⁷
1816 5733 2004 5789 Matth.
2036 5755 2113 5797 Ill.
2184 5741 2272 5794 11.

2242 4618 2443 4681 νίτιδος
2501 4618 3037 4691 ὲλεεινολογουμένης
3071 4620 3170 4689 μὲν
3194 4620 3255 4672 τὸ
3281 4620 3379 4690 τῆς
3413 4619 3686 4691 θυγατρὸς
3717 4622 3821 4674 πάο

2236 4711 2347 4774 θος,
2405 4710 2504 4779 τὴν
2560 4710 2862 4780 θεραπείαν
2901 4711 2957 4763 δὲ
2990 4711 3341 4781 αἱτουμένης,
3402 4712 3672 4783 καὶπρὸς
3725 4713 3823 4780 τὴν

2236 4804 2653 4873 ἀποτρέπουσαν
2682 4803 2781 4873 τὴν
2814 4804 3053 4872 σπουδὴν
3081 4805 3251 4874 αὐτῆς
3275 4803 3821 4874 ὓϐρινεῦγνωμονού-

2236 4911 2335 4965 σης
2366 4894 2457 4947 καὶ
2482 4893 2769 4965 λεγούσης,
2796 4913 2813 4943 ι
2843 4894 2969 4959 Ναὶ,
2998 4894 3192 4964 Κύριε,
3236 4896 3329 4947 καὶ
3360 4894 3466 4963 γὰρ
3488 4896 3555 4949 τὰ
3590 4895 3821 4964 κυνάρια

2238 4986 2406 5039 ἐσθίει
2428 4986 2535 5038 ἀπὸ
2551 4989 2651 5056 τῆς
2670 4986 2949 5057 τραπέζης
2966 4986 3075 5039 τῶν
3104 4986 3307 5055 κυρίων
3339 4986 3540 5051 αὐτῶν,
3572 5007 3590 5037 ι
3621 4987 3819 5054 ἐπάγει

2233 5094 2322 5129 ται
2356 5078 2495 5131 κατὰ
2511 5076 2764 5148 διαδοχὴν
2798 5079 3005 5131 ἐκεῖνον
3031 5078 3124 5131 τὸν
3164 5077 3343 5144 λόγον,
3384 5096 3402 5129 ι
3426 5078 3562 5131 Τότε
3590 5079 3819 5147 ἀποκρι-

2233 5166 2399 5232 θεὶςό
2437 5171 2644 5239 Ἰησοῦς
2700 5164 2854 5222 εἶπεν
2914 5171 3073 5241 αὐτῇ,
3127 5170 3354 5240 Μεγάλη
3386 5186 3479 5222 σου
3529 5172 3562 5239 ή
3612 5170 3814 5233 πίστις,

2231 5258 2517 5329 γενηθήτω
2573 5276 2655 5311 σοι
2694 5260 2769 5322 ὠς
2823 5258 2999 5323 θέλεις
3024 5276 3038 5288 ·
3084 5278 3102 5309 ι
3145 5259 3303 5328 δῆλον
3321 5258 3431 5329 γὰρ
3455 5259 3538 5311 ὅτι
3567 5260 3689 5321 τοὺς
3717 5257 3815 5326 τῆς

2236 5351 2657 5421 εὐγνωμοσύνης
2682 5352 2775 5405 καὶ
2808 5352 3046 5421 δεήσεως
3091 5351 3283 5419 λόγους
3342 5350 3636 5421 δεξάμενος
3663 5352 3691 5403 6
3724 5352 3817 5419 ’1η-

2238 5444 2363 5507 σοῦς
2383 5444 2481 5514 τὴν
2510 5444 2695 5497 πίστιν
2723 5445 2896 5514 αὐτῆς
2919 5446 3246 5515 ἐμεγάλυνε,
3272 5445 3367 5497 καὶ
3394 5444 3489 5516 τὴν
3520 5444 3813 5515 θεραπειαν

2230 5537 2555 5604 παρέσχετο,
2582 5535 2674 5597 Είς
2697 5535 2796 5606 τὴν
2834 5536 3006 5606 αὐτὴν
3038 5536 3094 5589 δὲ
3118 5536 3357 5589 διάνοιαν
3406 5538 3592 5608 ἀφορᾷ
3617 5537 3710 5589 καὶ
3727 5535 3809 5596 τὸ,

2233 5644 2250 5676 ι
2264 5626 2610 5695 Ἀποκριθεὶς
2624 5628 2651 5679 6
2669 5626 2873 5698 Ἰησοῦς
2894 5624 3045 5681 εἶπεν
3063 5628 3231 5699 αὐτῷ,
3248 5629 3534 5700 Μακάριος
3554 5626 3624 5696 εἴ,
3638 5629 3811 5699 Σίμων

2350 5738 2397 5771 οε
2429 5740 2621 5796 ΜιιιιΙι.
2650 5759 2726 5812 XI,
2776 5742 2867 5799 25.
2974 5744 3021 5778 ευ
3051 5744 3185 5801 Luc.
3227 5761 3357 5813 xm,
3387 5724 3501 5802 14(
3552 5749 3598 5781 θ’
3627 5748 3809 5803 Matth.

2094 5810 2137 5842 ³³
2194 5810 2383 5865 Matth.
2419 5828 2525 5878 xvr,
2570 5813 2653 5865 l7.
