4084 6440
258 322 363 387 157

1250 326 1348 383 AD
1380 324 1980 385 AMPIIILOCIIIUM
2038 326 2388 397 QUEESTIO
2427 331 2589 393 XXI.

3441 340 3543 406 158

245 439 359 507 βαρ
407 435 587 500 Ἰωνᾶ,
627 436 712 489 ὅτι
743 434 880 507 σὰρξ
904 436 999 489 καὶ
1033 431 1174 506 αἷμα
1213 438 1313 489 οὐκ
1339 439 1659 507 ἀπεκάλυψε
1701 458 1782 493 σοι
1816 455 1829 468 ·

1952 439 2185 509 Namque
2232 442 2313 495 his
2356 444 2540 499 verhis
2591 444 2734 500 Petri
2763 449 3167 508 confessionem
3212 454 3533 519 admittens.

242 526 634 598 διαδεξάμενος
667 529 778 599 γὰρ
806 530 885 601 τῷ
926 530 1070 599 λόγῳ
1094 530 1192 599 τὴν
1212 531 1642 599 ἀνακηρύξασαν
1676 534 1841 587 αὑτὸν

243 620 547 689 ὁμολογίαν
566 620 811 689 Χριστόν
833 639 890 674 τε
920 622 1013 673 καὶ
1046 622 1167 673 Υίὸν
1198 621 1294 673 τοῦ
1326 622 1462 675 Θεοῦ
1519 623 1613 675 τοῦ
1642 624 1841 688 ζῶντος

245 711 544 765 ὑπολαϐὼν
582 713 694 783 (57)
725 712 980 784 ἐπιφέρει
1008 713 1100 765 τὸν
1133 713 1505 784 μακαρισμόν.
1544 716 1651 785 Τῆς
1671 717 1843 785 αὐτῆς

245 804 297 856 δ’
356 804 424 856 ἂν
458 803 543 873 εῐη
572 804 889 874 συστοιχίας
940 804 1034 855 καὶ
1054 804 1137 867 τὸ,
1178 822 1197 855 ι
1225 805 1526 877 Ἀπεκρίθη
1554 807 1610 860 δὲ
1643 808 1789 878 αὐτῷ
1816 810 1845 863 6

263 892 526 963 Ἰωάννης
551 892 747 959 λέγων,
771 893 1089 959 Διδάσκαλε,
1126 894 1339 964 εἴδομέν
1368 912 1491 950 τινα
1513 897 1605 950 ἐπὶ
1625 897 1702 968 τῷ
1723 899 1845 952 ὀνό-

250 984 395 1053 ματί
453 1002 543 1037 σου
601 984 935 1038 ἐκϐάλλοντα
977 986 1252 1056 δαιμόνια,
1307 986 1367 1051 ὃς
1426 988 1527 1040 οὐκ
1556 990 1848 1045 ἀκολουθεῖ

245 1078 412 1145 ἡμῖν·
444 1097 462 1128 ι
496 1076 590 1130 καὶ
621 1077 795 1131 πολλά
818 1081 1066 1133 τοιαῦτα.
1100 1079 1165 1132 Ἦ
1193 1081 1251 1133 δὲ
1279 1082 1422 1136 κατά
1444 1084 1543 1153 τὴν
1567 1085 1849 1156 μεταμόρ-

240 1183 432 1233 φωσιν
454 1168 555 1238 τῆς
590 1168 913 1239 θεοφανείας
956 1170 1169 1241 ἱστορία
1194 1173 1286 1226 τὸν
1331 1175 1574 1245 Μωῦσῆν
1615 1179 1709 1230 καὶ
1755 1177 1848 1230 τὸν

256 1257 459 1311 Ἠλίαν
487 1260 815 1329 παράγουσα
838 1260 1232 1329 συλλαλοῦντας
1278 1266 1357 1337 τῷ
1408 1270 1674 1340 Δεσπότῃ,
1724 1267 1846 1321 καθ’

239 1352 326 1420 ἢν
357 1352 452 1403 καὶ
479 1354 507 1404 6
540 1352 749 1423 Πέτρος
775 1352 947 1406 ἐδεῖτο
963 1354 1221 1421 γενέσθαι
1240 1356 1424 1422 αὐτοῖς
1454 1360 1659 1430 σκηνάς
1675 1362 1847 1430 τρεῖς,

246 1440 321 1492 ἐν
349 1438 425 1509 τῷ
452 1457 472 1491 ι
505 1440 856 1512 Ἀποκριθεὶς
879 1442 907 1494 6
935 1444 1166 1515 Πέτρος,
1196 1462 1215 1495 1
1253 1446 1354 1516 τὴν
1384 1447 1597 1502 ἱκεσίαν
1627 1447 1724 1502 καὶ
1753 1448 1849 1520 τὴν

245 1528 444 1599 δέησιν
486 1531 745 1599 σημαίνει
765 1549 779 1563 ·
806 1531 994 1606 ὥσπερ
1011 1534 1173 1589 πάλιν
1190 1537 1382 1603 καὶτὸ,
1410 1557 1429 1590 ι
1456 1538 1803 1613 Ἀποκριθεὶς
1823 1543 1851 1594 6

248 1619 469 1689 Πέτρος
515 1616 661 1684 εἷπε,
700 1620 877 1693 Κύριε
946 1626 996 1678 εἱ
1028 1625 1093 1682 σὺ
1136 1620 1210 1692 εἷ,
1250 1628 1507 1683 κέλευσόν
1558 1648 1627 1701 με
1673 1630 1851 1685 ἐλθεῖν

252 1710 405 1781 πρὸς
429 1710 489 1763 σὲ
522 1711 618 1765 ἐπὶ
640 1712 710 1766 τά
735 1711 926 1769 ὕδατα·
956 1733 977 1768 ι
1013 1718 1108 1770 καὶ
1135 1720 1245 1792 γὰρ
1273 1724 1371 1793 τῆς
1397 1722 1682 1793 δειλιώσης
1712 1722 1848 1794 γνώ-

1943 546 2051 600 qua
2107 549 2234 586 eum
2269 544 2323 587 et
2352 536 2631 591 Christum
2683 550 2739 593 et
2780 539 2872 596 Dei
2904 544 3133 600 viventis
3170 545 3366 601 Filium
3402 565 3542 618 prm-

1944 622 2240 687 dicaverat,
2271 625 2487 680 beatum
2543 628 2695 682 illum
2751 632 2995 687 vicissim
3060 637 3246 693 edicit.
3286 640 3540 707 Ejusdem

1944 716 2160 785 generis
2186 726 2269 771 est
2300 734 2314 771 :
2358 736 2376 769 ι
2419 720 2720 789 Respondit
2759 725 2805 776 ei
2849 723 3086 781 Joannes
3120 729 3306 784 dicens
3339 749 3352 785 :
3382 731 3544 803 Magi-

1947 817 2080 873 ster,
2106 809 2346 865 vidimus
2404 813 2701 880 quemdam
2743 815 2797 869 in
2859 820 3080 874 nomine
3136 829 3231 875 tuo
3271 822 3543 880 daemonia

1945 903 2273 972 ejicientem,
2304 906 2395 975 qui
2426 906 2477 958 iu
2514 908 2775 961 comitatu
2827 918 3015 963 nostro
3052 926 3160 965 non
3207 915 3375 971 est”.
3419 934 3437 966 ι
3480 916 3544 970 Et

1948 995 2119 1049 multa
2170 996 2507 1063 hujusmodi.
2543 996 2663 1051 Jam
2698 1000 2749 1052 in
2798 1000 2997 1056 divinae
3037 1005 3541 1073 trausligurationis

1948 1088 2195 1153 historia,
2228 1088 2281 1141 in
2308 1105 2416 1159 qua
2450 1090 2624 1146 Moses
2664 1102 2825 1162 atque
2868 1093 3011 1148 Elias
3044 1110 3168 1150 cum
3212 1096 3443 1153 Domino
3469 1100 3547 1152 lo-

1948 1187 2177 1247 quentes
2203 1178 2491 1241 sistuntur,
2534 1196 2643 1249 quo
2692 1192 2937 1251 tempore
2978 1183 3176 1240 Petrus
3228 1190 3453 1257 rogabat
3484 1198 3547 1243 ut

1950 1270 2036 1326 bis
2088 1271 2192 1325 tria
2251 1271 2605 1326 tabernacula
2646 1274 2859 1341 tierent,
2890 1276 3071 1331 verbis
3109 1278 3218 1334 illis
3258 1296 3276 1330 ι
3319 1296 3547 1349 respou-

1950 1362 2086 1417 dens
2118 1361 2313 1421 Petrus
2339 1384 2357 1415 ι
2376 1366 2582 1434 rogatio
2609 1375 2662 1420 et
2686 1382 2875 1437 preces
2900 1369 3303 1438 significantur.
3332 1370 3548 1427 Rursus

1952 1455 2060 1509 illis
2088 1456 2336 1511 similiter
2366 1475 2379 1511 :
2414 1475 2432 1508 ι
2469 1456 2834 1529 Respoudcns
2862 1459 3057 1516 Petrus
3090 1462 3226 1517 dixit
3257 1480 3270 1520 :
3302 1464 3356 1517 Si
3382 1472 3437 1518 tu
3464 1481 3547 1530 es,

1954 1547 2207 1612 Domine,
2249 1548 2382 1618 jube
2443 1564 2531 1604 me
2586 1551 2654 1605 ad
2715 1561 2766 1605 te
2804 1553 2988 1608 venire
3013 1569 3180 1623 super
3206 1571 3379 1626 aquas
3402 1557 3470 1611 ³⁵.
3522 1576 3542 1609 ι

1952 1637 2086 1692 Nam
2111 1655 2236 1694 cum
2288 1640 2447 1696 Jesus
2478 1657 2509 1696 a
2552 1642 2841 1698 timiditate
2887 1646 3098 1700 consilii
3140 1646 3435 1717 discipulos
3459 1664 3549 1702 re-

1955 1744 2200 1798 vocaret,
2252 1735 2589 1805 diceretque,
2646 1756 2663 1788 ι
2708 1736 2857 1792 Bono
2913 1742 3100 1794 animo
3164 1749 3338 1796 estote
3387 1758 3401 1794 :
3446 1758 3550 1808 ego

259 1780 378 1871 μης
401 1803 524 1865 τοὺς
558 1802 811 1874 μαθητὰς
833 1780 1159 1877 ἀπάγοντος’
1194 1780 1289 1864 τοῦ
1328 1780 1508 1883 Ἰησοῦ
1544 1780 1648 1868 καὶ.
1661 1780 1848 1885 λέγον-

1968 1780 2200 1798 .ν-.,---,
2254 1780 2589 1805 νηυηηιη,
2648 1780 2663 1788 -
2708 1780 2857 1792 ,μνη
2913 1780 3099 1794 ........ν
3165 1780 3337 1796 ww...
3387 1780 3401 1794 .
3446 1780 3549 1808 ην,

1958 1839 2101 1887 sum,
2131 1824 2294 1879 nolite
2318 1827 2542 1893 timere;
2583 1847 2601 1879 1
2634 1827 2827 1884 Petrus
2852 1829 2977 1884 hinc
2995 1839 3209 1896 captata
3224 1834 3549 1888 obsecrandi

255 1907 380 1957 τος,
422 1909 442 1943 ι
479 1892 762 1965 Θαρσεῖτε,
804 1896 917 1966 ἐγώ
963 1900 1099 1969 εἱμι,
1140 1900 1215 1972 μὴ
1276 1902 1551 1971 φοϐεῖσθε,
1591 1924 1612 1957 1
1658 1906 1854 1978 δραξά-

259 1999 430 2054 μενος
459 1986 487 2038 ὁ
512 1986 716 2057 Πέτρος
740 1990 997 2061 ἀφορμῆς
1028 1994 1109 2056 είς
1141 1994 1353 2049 ἱκεσίαν
1384 1997 1549 2051 αὑτὸν
1580 1998 1854 2053 καθιστώ-

258 2091 389 2147 σης,
414 2097 432 2130 ι
456 2078 647 2150 Κύριε,
665 2080 715 2133 εί
732 2081 797 2134 σὺ
815 2076 886 2146 εἴ,
905 2083 1059 2151 φησὶ,
1078 2084 1333 2140 κέλευσόν
1351 2105 1418 2159 με
1440 2088 1577 2160 πρὸς
1602 2090 1663 2144 σὲ
1678 2091 1853 2147 ἐλθεῖν

255 2165 362 2218 ἐπὶ
391 2169 458 2223 τά
490 2169 686 2226 ὖδατα⁴
715 2192 735 2227 1
768 2175 927 2246 δῆλον
947 2177 1056 2249 γὰρ
1078 2180 1159 2234 ὅτι
1195 2181 1255 2235 τὸ
1276 2182 1597 2256 ἀποκριθεὶς
1617 2186 1853 2241 ἐνταῦθα

259 2258 481 2313 ἱκεσίαν
500 2264 592 2315 καὶ¹
624 2264 808 2336 δέησιν
846 2270 1107 2339 σημαίνει
1139 2287 1154 2303 ο
1200 2272 1391 2344 ὥσπερ
1431 2276 1528 2329 καὶ
1559 2277 1616 2330 ἐν
1647 2272 1731 2341 οἷς
1782 2278 1851 2331 τά

252 2345 424 2414 λόγιά
463 2366 617 2420 φησι,
659 2370 678 2403 ι
725 2354 1073 2428 Ἀποκριθεὶς
1109 2360 1138 2412 6
1195 2361 1401 2433 Πέτρος
1444 2360 1590 2428 εἷπε,
1639 2368 1851 2437 Φράσον

247 2437 398 2506 ἡμῖν
424 2442 524 2508 τὴν
548 2442 865 2515 παραϐολὴν
916 2446 1123 2519 ταύτην
1156 2464 1173 2482 ο
1211 2469 1230 2502 1
1266 2452 1361 2504 καὶ
1398 2454 1507 2525 γὰρ
1561 2456 1655 2509 καὶ
1693 2457 1852 2512 τοῦτο

246 2530 453 2599 χρείαν
481 2531 688 2598 ἱκεσίας
719 2538 811 2590 καὶ
839 2538 1078 2610 δεήσεως
1104 2544 1381 2613 ἐμφαίνει.
1416 2546 1540 2599 Τίσι
1571 2547 1616 2600 δ’
1659 2547 1724 2602 ἂν
1752 2553 1851 2604 οὐκ

246 2624 329 2678 ἂν
361 2627 573 2693 γένοιτο
602 2629 759 2699 δῆλον
791 2633 866 2697 ὡς
890 2635 951 2688 τὸ
972 2637 1247 2711 ἀπεκρίθη
1276 2640 1388 2694 ἐσθ’
1433 2643 1523 2696 ὅτε
1583 2645 1679 2697 καὶ
1727 2646 1848 2699 ἀντὶ

244 2716 359 2768 τοῦ
409 2720 707 2785 ἀπεδέξατο
740 2725 835 2777 καὶ
872 2729 1239 2796 συγκατέθετο
1292 2732 1535 2799 τίθεται;
1584 2734 1679 2788 τοῦ
1741 2737 1850 2808 γὰρ

250 2808 516 2880 Σωτῆρος
546 2812 702 2881 ἡμῶν
737 2814 834 2878 τάς
870 2818 930 2869 ἐν
960 2817 1037 2888 τῷ
1069 2820 1221 2891 νόμῳ
1257 2821 1351 2875 δύο
1383 2823 1607 2895 πρώτας
1632 2827 1851 2891 ἐντολάς

255 2898 700 2969 ἁπηγγελκότος,
758 2907 851 2959 καὶ
883 2907 978 2961 τοῦ
1018 2914 1392 2981 γραμματέως
1452 2917 1854 2987 συμφωνήσαν-

253 2990 358 3054 “ad;
386 3009 448 3045 τε
480 2995 575 3048 καὶ
600 2998 666 3067 τῇ
700 2996 795 3049 τοῦ
826 2999 1101 3055 Δεσπότου
1135 3006 1621 3077 συγκαταθεμένου
1649 3009 1848 3079 κρίσει,

1956 1917 2293 1974 occasione:
2330 1938 2349 1971 ι
2397 1919 2623 1975 Domine
2655 1922 2700 1975 si
2727 1931 2807 1988 tu,
2836 1923 3035 1990 inquit,
3061 1940 3142 1988 es,
3180 1925 3313 1994 jube
3354 1941 3440 1980 me
3478 1926 3547 1980 ad

1956 2018 2008 2065 te
2038 2012 2223 2066 venire
2272 2027 2437 2080 super
2466 2029 2638 2084 aquas
2660 2016 2727 2070 ’⁸.
2771 2034 2789 2067 ›
2826 2014 2973 2072 Satis
3014 2019 3159 2072 enim
3189 2026 3334 2088 patet
3358 2017 3549 2084 verbo,

1955 2103 2314 2170 respondens,
2348 2106 2594 2159 denotari
2640 2106 2747 2162 hoc
2793 2109 2913 2163 loco
2962 2125 3149 2178 preces
3190 2119 3354 2181 atque
3387 2112 3552 2167 obse-

1954 2192 2281 2247 crationem.
2338 2192 2508 2249 Sicuti
2541 2196 2706 2250 etiam
2752 2198 2840 2254 ubi
2901 2198 3183 2269 Scriptura
3227 2202 3344 2255 ait:
3390 2220 3409 2253 ι
3441 2201 3550 2255 Re-

1956 2282 2251 2350 spondens,
2294 2281 2487 2340 Petrus
2541 2284 2700 2351 dixit,
2739 2287 2990 2343 Edissere
3020 2288 3182 2343 nobis
3234 2290 3549 2358 parabolam

1956 2373 2193 2441 hanc";
2233 2394 2251 2425 ι
2314 2391 2442 2429 nam
2499 2376 2551 2431 id
2584 2378 2747 2432 etiam
2799 2393 3023 2449 precum
3058 2396 3122 2435 ac
3160 2383 3551 2450 postulationis

1954 2466 2071 2522 vice
2104 2466 2370 2536 fungitur.
2414 2468 2515 2524 Cui
2556 2484 2687 2525 vero
2718 2486 2824 2525 non
2861 2481 2945 2527 est
2988 2474 3354 2543 exploratum,
3384 2489 3550 2527 voca-

1952 2559 2139 2615 bulum
2169 2563 2453 2633 respondit
2487 2565 2743 2634 usurpari
2784 2567 2947 2621 etiam
2998 2582 3096 2635 pro
3147 2568 3417 2622 annuitct
3456 2584 3550 2622 as-

1953 2666 2151 2707 sensus
2179 2653 2296 2709 est?
2321 2654 2454 2708 Nam
2491 2670 2617 2710 cum
2655 2657 2921 2712 Servator
2957 2660 3067 2712 duo
3098 2660 3368 2730 praecipua
3417 2659 3552 2730 legis

1955 2751 2220 2814 prmrepta
2247 2746 2660 2814 proposuisset,
2702 2748 2884 2804 scriba
2936 2758 3116 2803 autem
3161 2751 3214 2804 in
3260 2751 3400 2807 hanc
3424 2769 3553 2808 scn-

1957 2836 2179 2890 tentiam
2214 2836 2447 2906 pedibus
2476 2837 2945 2912 iret,Domiuique
2972 2842 3231 2913 iudicium
3262 2846 3555 2900 conﬁrma-

1953 2936 2066 2994 ret;
2124 2930 2391 2999 prudente
2443 2929 2605 2987 Jesus
2664 2949 2928 3003 responso
2991 2938 3230 3006 cognito.
3293 2939 3370 2992 ait
3423 2938 3550 2993 illi:

1961 3037 1980 3071 ι
2015 3019 2131 3074 Non
2189 3036 2521 3093 magnopere
2567 3024 2699 3080 abes
2762 3041 2793 3080 a
2847 3042 3017 3099 regno
3092 3028 3185 3083 Dei
3205 3030 3272 3084 ⁸⁸.
3321 3050 3340 3081 ›
3413 3029 3553 3086 Hinc

259 3084 464 3153 ἐπάγει
491 3088 519 3140 6
540 3087 957 3163 εὐαγγελιστὴς,
988 3110 1007 3143 ι
1031 3094 1141 3147 Καὶ
1157 3096 1185 3149 6
1214 3095 1420 3166 Ἰησοῦς
1443 3097 1565 3152 ίδὼν
1586 3099 1750 3154 αὐτὸν
1769 3102 1848 3155 ὅτι

1955 3126 2183 3182 prorsus
2211 3123 2379 3184 patet,
2420 3116 2584 3170 verbo
2637 3118 2728 3172 illo
2760 3122 3043 3189 respondit
3081 3122 3355 3192 designari
3387 3140 3418 3179 a
3462 3141 3553 3179 sa-

261 3177 539 3246 νουνεχῶς
590 3180 891 3252 ἀπεκρίθη,
952 3178 1108 3237 εἶπεν
1167 3187 1360 3258 αὐτῷ·
1404 3190 1479 3244 Οὐ
1537 3192 1758 3262 μακρὰν
1799 3188 1848 3247 εἷ

1953 3177 2063 3259 cris
2093 3177 2314 3261 Litteris
2364 3206 2692 3264 deditionem
2729 3177 2897 3266 animi
2950 3214 3147 3268 scribae.
3202 3177 3372 3284 atque
3421 3230 3553 3270 cou-

260 3267 376 3321 ἀπὸ
400 3270 499 3339 τῆς
532 3269 813 3341 βασιλείας
831 3272 926 3327 τοῦ
967 3274 1124 3331 Θεοῦ.
1181 3296 1200 3331 1
1253 3279 1365 3333 Kal.
1395 3281 1504 3353 γὰρ
1530 3281 1751 3354 εὔδηλον
1774 3284 1850 3349 ὼς

259 3359 366 3430 τὴν
399 3362 691 3431 ὁμολογίαν
720 3367 815 3419 καὶ
876 3369 1279 3436 συγκατάθεσιν
1330 3373 1425 3426 τοῦ
1472 3377 1851 3447 γραμματέως

256 3450 356 3505 8ιά
402 3452 499 3505 τοῦ
530 3455 805 3527 ἀπεκρίθη
825 3456 897 3510 τὰ
924 3458 1079 3526 λόγια
1114 3462 1491 3534 παρεδήλωσε.

331 3543 395 3598 δ’.
427 3545 803 3616 Παρέλκοντος
831 3548 875 3601 δ’
916 3549 983 3603 ἂν
1011 3550 1097 3622 εἴη
1162 3552 1483 3623 δηλωτικὸν,
1541 3558 1779 3630 ὁπηνίκα
1822 3559 1851 3611 6

256 3638 719 3708 ἀρχισυνάγωγος
731 3641 1065 3698 ἀσθενοῦσαν
1090 3644 1437 3702 ἐπιθανάτιον
1449 3649 1548 3721 τὴν
1575 3649 1851 3721 θυγατέρα

254 3729 605 3794 καταλιπὼν,
633 3732 724 3785 τὸν
760 3733 969 3805 Ἰησοῦν
1000 3736 1099 3806 μέν
1138 3737 1308 3792 ἐδεῖτο
1337 3741 1560 3812 σωτῆρα
1594 3743 1849 3811 γενέσθαι

253 3824 689 3892 παραγεγονότα
717 3826 817 3896 τῆς
846 3828 1041 3893 παιδός
1072 3845 1085 3858 ·
1116 3831 1175 3883 ἐν
1207 3830 1264 3883 δὲ
1294 3831 1467 3903 τούτῳ
1524 3834 1631 3903 τῆς
1660 3836 1849 3906 φήμης

256 3916 412 3987 αὐτῷ
439 3917 532 3970 τὸν
563 3918 794 3973 θάνατον
842 3921 1280 3995 ἐπαγγελούσης,
1330 3926 1523 3995 ἐπάγει
1549 3928 1577 3980 6
1616 3927 1851 3997 εὐαγγε-

256 4008 468 4079 λιστὴς,
509 4028 527 4061 ι
567 4012 621 4063 Ὀ
653 4009 709 4065 δέ
752 4013 960 4084 Ἰησοῦς
988 4016 1226 4081 ἀκούσας
1257 4018 1530 4090 ἀπεκρίθη
1562 4019 1730 4091 αὐτῷ,
1758 4021 1850 4094 Μὴ

257 4098 456 4167 φοϐοῦ,
487 4100 648 4171 μόνον
682 4102 905 4156 πίστευε
932 4121 948 4138 ο
981 4124 1000 4157 1
1043 4108 1282 4177 ἐμφανὲς
1318 4110 1425 4181 γὰρ
1445 4109 1520 4173 ὡς
1544 4112 1591 4164 εἰ
1614 4113 1709 4165 καὶ
1742 4130 1851 4183 μη-

256 4190 452 4260 δαμῶς
477 4194 842 4267 παρεντεθείη
879 4196 942 4250 τὸ
971 4198 1272 4271 ἀπεκρίθη,
1335 4202 1488 4256 οὐδὲν
1527 4202 1751 4257 ἔλαττον
1788 4205 1850 4257 τὸ

254 4283 557 4338 ὑπόλοιπον
581 4286 677 4339 τοῦ
725 4286 885 4356 λόγου
910 4290 1011 4359 τὴν
1045 4292 1219 4362 αὐτὴν
1241 4294 1542 4365 παρίστησι
1564 4295 1806 4350 διάνοιαν
1832 4313 1846 4327 ο

251 4374 503 4429 τοιοῦτον
519 4378 574 4430 δὲ
593 4380 686 4431 καὶ
710 4379 793 4447 τὸ,
824 4400 841 4432 ι
866 4382 1209 4453 Ἀποκριθεὶς
1231 4387 1260 4438 ὁ
1277 4386 1481 4458 Πέτρος
1503 4382 1657 4442 εἷπεν
1676 4389 1846 4460 αὐτῷ,

1952 3308 2199 3349 sensum.

2022 3553 2078 3607 4.
2119 3553 2348 3622 Insuper
2389 3554 2554 3607 ctiam
2613 3554 2931 3611 redundans
2982 3571 3082 3610 vox
3132 3568 3215 3611 est
3258 3561 3551 3627 respondit,

1950 3645 2125 3700 veluti
2153 3661 2276 3700 cum
2341 3646 2830 3717 archisyuagogus,
2896 3650 2989 3719 qui
3046 3650 3347 3720 reliquerat
3380 3652 3548 3707 tiliam

1953 3736 2171 3792 mortali
2212 3738 2404 3791 morbo
2458 3738 2907 3805 conﬂictautem,
2966 3739 3153 3797 Jesum
3218 3745 3446 3814 rogabat
3491 3755 3553 3799 ut

1952 3830 2188 3900 puellam
2207 3839 2383 3883 morte
2400 3840 2646 3899 ereptum
2679 3833 2796 3886 iret.
2828 3832 2965 3887 Cum
2991 3848 3119 3889 vero
3148 3835 3365 3890 interim
3400 3835 3548 3892 fama

1954 3921 2020 3975 ad
2086 3930 2367 3989 parentem
2422 3929 2569 3973 esset
2616 3922 2779 3975 allata
2829 3924 2893 3976 de
2955 3923 3102 3978 illius
3153 3922 3328 3989 obitu,
3362 3923 3553 3979 subdit

1952 4012 2288 4079 evangelista
2329 4026 2343 4061 :
2387 4030 2405 4060 ‹
2442 4011 2642 4066 Audita
2686 4029 2744 4065 re
2797 4011 2958 4069 Jesus
3006 4015 3287 4085 respondit
3328 4015 3440 4069 illi:
3472 4015 3554 4071 Ne

1954 4103 2171 4167 timeas,
2187 4101 2569 4155 tantummodo
2586 4102 2744 4156 crede
2764 4103 2831 4156 π.
2859 4122 2877 4154 ›
2899 4103 3128 4159 Constat
3144 4106 3312 4172 enim,
3333 4105 3552 4162 etiarnsi

1952 4196 2179 4250 verbum
2245 4195 2521 4262 respondit
2578 4196 2806 4251 minime
2877 4195 3077 4253 fuisset
3140 4198 3549 4268 interpositum,

1956 4289 2313 4343 nihilominus
2344 4287 2535 4357 reliqui
2570 4290 2846 4344 sermonis
2890 4291 3136 4345 eamdem
3184 4290 3300 4347 fore
3326 4302 3550 4347 senten-

1957 4383 2109 4437 tiam.
2138 4381 2266 4436 Tale
2305 4390 2390 4436 est
2429 4392 2482 4435 et
2519 4381 2651 4436 illud
2681 4399 2695 4436 :
2740 4401 2759 4432 ‹
2798 4381 3156 4453 Respondens
3184 4383 3380 4441 Petrus
3414 4386 3552 4441 dixit

253 4466 322 4520 Εἱ
352 4468 555 4532 πάντες
583 4471 1135 4543 σκανδαλισθήσονται
1170 4477 1229 4529 έν
1280 4478 1385 4544 σοὶ,
1439 4478 1551 4547 ἐγὼ
1590 4481 1646 4534 δὲ
1706 4482 1848 4536 οὐδέ-

1954 4481 2292 4535 eizEtiamsi
2335 4495 2525 4535 omnes
2570 4480 2624 4533 in
2666 4490 2718 4533 te
2768 4480 3123 4535 scandalizati
3181 4479 3403 4543 fuerint,
3446 4498 3549 4551 ego

255 4574 397 4610 ποτε
424 4575 438 4589 ο
478 4577 496 4608 1
535 4561 617 4613 ὅτι
644 4564 742 4632 μέν
774 4581 856 4617 τοι
889 4566 1163 4639 παρέλκον
1192 4566 1340 4620 ἐστὶν
1364 4569 1595 4623 ἐνταῦθα
1622 4570 1684 4623 τὸ
1712 4570 1849 4625 ἀπο-

197 4674 205 4689 ·
253 4649 498 4721 κριθεὶς,
539 4653 632 4705 καὶ
661 4654 690 4705 6
714 4656 1116 4730 εὐαγγελιστὴς
1143 4661 1370 4731 Μάρκος
1394 4661 1702 4717 ἐκδιδάσκει
1737 4666 1847 4735 μά-

252 4741 421 4796 λιστα
454 4759 469 4774 ’
512 4744 735 4816 καὶγὰρ
762 4748 896 4800 αὐτὸ
946 4749 1106 4803 τοῦτο
1155 4751 1507 4823 διερχόμενος
1539 4754 1601 4807 τὸ
1650 4757 1849 4828 χωρίον

250 4833 401 4901 ὑπὲρ
432 4834 461 4887 ὃ
489 4837 765 4902 Ματθαῖος
794 4840 892 4895 σὺν
917 4841 996 4912 τῷ
1026 4843 1303 4914 ἀπεκρίθη
1341 4844 1661 4916 διηγήσατο,
1688 4847 1850 4913 αὐτὸς

248 4926 412 4979 οὐδὲν
435 4928 572 4993 ὅλως
588 4930 689 5000 τῆς
706 4932 893 5002 φωνῆς
902 4932 1136 5003 δεηθεὶς,
1149 4955 1167 4986 ι
1189 4936 1249 4988 '0
1264 4935 1320 4989 δὲ
1333 4937 1537 5008 Πέτρος
1554 4936 1657 5009 ἔφη
1675 4938 1846 5009 αὐτῷ,

253 5016 319 5069 Εἰ
350 5018 555 5082 πάντες
582 5021 1165 5094 σκανδαλισθήσονται,
1193 5025 1311 5080 ἀλλ’
1334 5027 1435 5081 οὐκ
1466 5027 1578 5096 ἐγώ
1601 5044 1617 5059 ο
1647 5048 1666 5079 1
1704 5029 1848 5084 οὕτω

252 5108 313 5162 δὲ
346 5110 537 5179 σαφῶς
556 5113 931 5168 ἐπιδείκνυται
957 5116 1238 5189 παρέλκον
1267 5120 1363 5174 καὶ
1385 5120 1445 5173 ἐν
1486 5123 1553 5191 τῇ
1578 5122 1723 5176 κατά
1754 5121 1847 5176 τὸν

256 5200 493 5286 Πιλᾶτον
529 5204 760 5276 ἱστορίᾳ,
793 5206 883 5260 ὅτε
913 5207 1005 5261 τὸν
1045 5209 1252 5280 Ἰησοῦν
1297 5212 1579 5283 ἐπεχείρει
1611 5216 1712 5286 τῆς
1734 5213 1845 5267 τῶν

267 5284 541 5345 Ἰουδαίων
583 5291 843 5347 ἀπολύειν
881 5296 1193 5365 μιαιφονίας
1223 5314 1239 5329 ο
1281 5300 1549 5372 ἐκατέρου
1580 5284 1688 5375 γάρ
1728 5302 1839 5357 τῶν

1955 4581 2136 4628 autem
2191 4572 2668 4642 haudquaquam'.
2707 4590 2725 4622 ι
2790 4573 2933 4627 Sane
2986 4572 3129 4641 quod
3192 4572 3279 4627 hic
3326 4589 3426 4627 vox
3458 4589 3545 4628 rc-

1955 4664 2179 4733 spondit
2203 4662 2489 4726 redundet,
2534 4660 2753 4718 Marcus
2788 4664 3037 4732 apprime
3068 4664 3404 4732 evangelista
3444 4665 3546 4717 do-

1955 4766 2042 4813 cet
2081 4774 2095 4810 :
2123 4772 2361 4827 namque
2387 4756 2441 4810 in
2470 4754 2661 4810 eadem
2691 4756 3008 4810 narratione
3039 4770 3287 4819 versans,
3330 4756 3382 4809 in
3438 4772 3545 4825 qua

1957 4849 2246 4904 Matthaeus
2276 4849 2443 4904 verbo
2506 4848 2789 4918 respondit
2829 4849 3022 4913 utitur,
3055 4849 3169 4919 ipse
3203 4848 3365 4918 hujus
3394 4848 3543 4902 vocis

1958 4939 2206 4996 subsidio
2233 4954 2341 4993 non
2379 4940 2630 4994 invocato
2674 4941 2755 4994 sic
2784 4940 2975 4994 scribit
3012 4959 3025 4994 :
3074 4958 3092 4990 ι
3136 4938 3331 4995 Petrus
3359 4950 3539 4995 autem

1955 5031 2093 5086 dixit
2119 5031 2166 5086 ei
2190 5046 2203 5083 :
2230 5030 2346 5087 Etsi
2380 5044 2573 5085 omnes
2604 5031 2956 5085 scandalizati
2988 5031 3335 5096 fuerint,non
3362 5042 3539 5088 tamen

1953 5136 2055 5191 ego
2078 5123 2122 5177 ¹.
2170 5141 2189 5173 1
2234 5121 2325 5176 Sic
2371 5130 2558 5193 aperte
2613 5122 3022 5177 demonstratur
3074 5125 3379 5179 redundare
3438 5126 3542 5181 hoc

1955 5214 2181 5268 verbum
2236 5212 2289 5269 in
2344 5214 2573 5269 historia
2622 5230 2841 5285 quoque
2902 5232 3083 5269 rerum
3132 5231 3314 5271 coram
3364 5217 3542 5273 Pilato

1947 5311 2247 5374 gestarum,
2276 5319 2384 5373 quo
2414 5313 2656 5374 tempore
2698 5306 2788 5362 hic
2824 5305 3009 5361 Jesum
3052 5306 3363 5364 Iudaeorum
3404 5311 3539 5365 car-di

322 5444 816 5534 tnMar_C-_I_X.__57.
896 5455 942 5487 ”
974 5453 1336 5534 δειλίαι-χχιι,
1372 5458 1427 5514 4.
1502 5461 1549 5491 ⁹⁶
1568 5458 1781 5534 _ll_Iatt|1.
1814 5477 1928 5529 xtv,
1960 5464 2051 5521 28.
2127 5465 2172 5498 "
2204 5463 2396 5521 Matth.
2421 5465 2650 5529 3111,36.
2728 5467 2774 5500 ⁵⁸
2807 5466 2975 5522 Marc.
3014 5483 3109 5534 x11,
3133 5466 3222 5523 54.
3287 5467 3334 5499 ⁹⁹
3367 5464 3533 5520 Marc.

246 5529 304 5581 v,
336 5514 430 5572 56.
514 5520 530 5549 ¹
577 5514 766 5578 Matth.
813 5540 963 5592 xxvr,
1002 5525 1090 5581 55.
1171 5528 1192 5559 ¹
1226 5514 1527 5596 Marcmv,
1562 5529 1650 5585 29.

1794 5664 2030 5721 NOTAE.

329 5763 450 5829 (57)
481 5762 814 5823 Vocabulum
884 5769 1172 5825 ὑπολαϐὼν
1223 5790 1321 5844 pro
1372 5778 1686 5845 respondens
1740 5778 1845 5833 latc
1887 5779 2121 5837 illustrat
2151 5780 2495 5840 Wetstcnius
2524 5782 2591 5837 ad
2628 5782 2761 5841 Luc.
2802 5801 2856 5853 ι,
2890 5783 2980 5841 50.
