4084 6440
552 352 654 417 159

1725 350 1988 411 PHOTII
2021 348 2533 412 PATRIARCIUE
2564 352 2672 412 (ΣΡ.

3743 351 3853 418 160

536 464 841 519 Subducere
876 460 1174 517 nitebatur.
1215 458 1353 515 Nam
1377 459 1595 516 duobus
1633 462 1985 531 evangelistis
2019 477 2123 513 non

2231 460 2325 514 δυο
2365 460 2775 530 εὖαγγελιστῶν
2803 458 2942 528 μετά
3000 459 3095 515 τοῦ
3124 460 3453 531 ἀποκριθεὶς
3480 461 3583 533 τὴν
3618 460 3719 515 τοῦ
3752 463 3853 516 λό-

534 558 653 608 sine
688 554 851 609 verbo
898 552 1179 622 respondit
1219 553 1526 607 orationem
1572 567 1726 606 suam
1770 553 2138 607 construenti-

536 646 659 711 bus,
716 647 876 701 divus
938 654 1120 699 tamen
1182 644 1361 699 Lucas
1383 646 1639 699 eumdem
1682 655 1863 699 actum
1894 645 2140 699 conscri-

533 740 692 800 bons,
762 753 941 808 neque
979 738 1207 793 omnino
1238 739 1409 792 verbo
1464 738 1753 806 respondit
1784 748 1966 803 utens,
1999 738 2136 793 satis

532 833 931 886 demonstravit
982 842 1212 887 caeteros
1263 832 1633 887 redundanter
1688 831 1855 886 fuisse
1904 832 2134 887 locutos.

532 926 625 979 Ait
655 926 855 994 quippe
884 924 1062 979 Lucas
1094 944 1106 979 :
1148 943 1166 975 ι
1205 924 1415 979 Rursus
1444 925 1608 993 igitur
1641 923 1845 980 Pilatus
1876 926 2135 995 pupulum

534 1018 803 1072 ailut'uttts
848 1028 955 1080 est,
1008 1015 1138 1071 dum
1199 1015 1383 1070 Jesnm
1438 1017 1672 1072 liberare
1728 1018 2065 1088 satageret’.
2112 1036 2131 1069 ι

533 1112 811 1167 Permulta
866 1126 999 1165 sane
1051 1110 1328 1179 ejusmodi
1383 1116 1589 1166 erunt:
1645 1109 1742 1165 sed
1799 1111 1945 1164 enim
1977 1110 2136 1165 nobis

535 1220 645 1257 non
710 1213 795 1256 est
837 1202 1182 1272 propositum
1238 1203 1644 1258 multitudinem
1689 1203 2133 1258 testimoniorum

534 1293 810 1363 collig--re,
850 1309 1039 1347 verum
1082 1294 1335 1362 exemplo
1382 1295 1785 1361 tantummodo,
1833 1297 2044 1349 etiamsi
2083 1296 2135 1351 id

535 1401 702 1438 unum
726 1394 892 1449 esset,
926 1384 1272 1455 signiﬁcatus
1302 1384 1464 1454 hujus
1508 1387 1792 1441 veritatem
1830 1388 2009 1456 palam
2054 1387 2133 1440 fa-

535 1492 680 1530 cere.
725 1476 869 1532 Sane
905 1486 958 1531 et
987 1478 1056 1531 ab
1087 1493 1147 1531 ea
1188 1478 1485 1541 locutione,
1514 1494 1637 1548 qua:
1671 1480 2013 1533 curationem
2049 1480 2135 1533 in-

533 1569 748 1622 clinata‘.
796 1568 1042 1623 mulieris
1102 1578 1399 1623 consecuta
1429 1578 1531 1636 est,
1580 1570 1919 1640 respondens
1951 1581 2131 1627 autem

533 1660 1004 1730 arcbisyuagogus
1059 1678 1183 1715 (‘llm
1248 1661 1593 1727 stomacho‘,
1635 1663 1680 1716 si
1738 1664 1863 1732 quis
1906 1664 2130 1719 verbum

532 1751 871 1819 respondens
928 1754 1237 1816 subtrahat,
1286 1754 1490 1822 reliqua
1545 1756 1815 1808 sermonis
1839 1772 1963 1825 pars
1992 1757 2133 1812 inte-

532 1859 683 1912 grant
716 1844 897 1896 adhuc
928 1846 1189 1899 retinebit
1241 1846 1570 1899 sententiam
1613 1862 1790 1901 suam.
1834 1822 2011 1917 Atque
2058 1850 2129 1904 ita
2166 1822 2208 1878 Β

532 1936 819 2003 perspicue
844 1937 1285 1992 demonstratum
1328 1940 1604 2004 existimo,
1637 1941 1863 1994 verbum
1898 1957 2127 2010 respon-

530 2024 667 2079 dens
703 2034 755 2080 et
790 2028 927 2083 initii
962 2030 1080 2083 vice
1114 2045 1255 2099 saepe
1300 2030 1476 2099 fungi,
1512 2045 1565 2085 et
1607 2032 1946 2086 admittentis
1993 2049 2131 2102 prte-

529 2117 808 2173 eedentem
848 2135 1183 2185 sermonem,
1246 2129 1299 2175 et
1364 2121 1649 2191 expletiva:
1683 2138 1902 2193 quoque
1932 2124 2133 2179 dictio-

529 2210 617 2264 nis
642 2228 657 2276 ;
682 2220 735 2265 et
769 2213 1002 2283 denique
1036 2214 1406 2282 deprecationi
1443 2217 1729 2270 inservire.
1920 2268 1921 2271 η

600 2299 652 2355 5.
684 2301 839 2366 Quod
888 2318 1018 2358 vero
1064 2305 1234 2358 etiam
1309 2304 1678 2373 interrogandi
1748 2304 1853 2359 vim
1909 2305 2127 2371 haheat,

524 2392 808 2447 evidenter
881 2396 1234 2466 cognoscitur
1286 2411 1315 2450 e
1354 2396 1499 2449 Petri
1536 2397 1799 2466 principis
1832 2398 2128 2454 locutione.

523 2483 660 2538 Nam
701 2500 825 2539 cum
874 2504 1029 2542 sacra
1071 2488 1301 2542 historia
1340 2488 1568 2543 Ananiae
1621 2488 1729 2542 fata
1757 2498 1810 2543 et
1843 2491 2131 2559 Sapphirte

523 2578 763 2644 exponit,
797 2595 1128 2650 ptBnatnque
1154 2580 1428 2633 mendacii
1448 2591 1679 2634 mortem
1706 2598 1720 2646 ;
1754 2598 1880 2635 mox
1912 2583 2129 2637 attoxit:

530 2689 549 2719 ι
587 2671 651 2722 Et
689 2688 825 2723 uxor
884 2672 1003 2740 rjus
1050 2682 1281 2725 eventus
1337 2671 1521 2725 nescia
1553 2674 1891 2740 supervenit.
1924 2692 1942 2724 ι
1981 2672 2120 2727 Τυιιι

526 2766 701 2835 pergit
735 2766 916 2819 dicere
952 2781 966 2818 :
1009 2782 1027 2815 ι
1078 2763 1485 2833 Responditque
1520 2764 1570 2818 ei
1602 2755 1836 2820 Petrus:
1872 2766 1965 2821 Dic
1997 2769 2128 2823 mihi

527 2870 709 2912 utrum
745 2856 880 2911 tanti
912 2872 1099 2926 agrum
1132 2855 1567 2911 vendideritts'?
1605 2876 1623 2908 ι
1661 2856 1799 2911 Nam
1825 2876 1948 2928 qua:
1983 2878 2129 2915 nunc

524 2953 703 3021 inagis
759 2951 978 3021 propria
1029 2949 1328 3019 excogitari
1369 2959 1549 3020 potest
1588 2950 1923 3021 signiﬁcatio
1978 2955 2125 3009 verbi

523 3044 829 3114 respondit,
870 3059 1032 3115 quam
1066 3043 1421 3112 interrOgavit
1451 3043 1475 3096 ?
1511 3042 1688 3099 Veluti
1740 3046 1901 3100 etiam
1953 3047 2124 3103 illud:

527 3157 546 3189 ι
584 3136 999 3207 Responderunt
1031 3134 1227 3199 Judaei,
1260 3135 1627 3206 dixeruntque
1666 3136 1741 3191 illi
1782 3154 1796 3193 :
1839 3138 2125 3205 Quodnam

519 3231 739 3299 signum
795 3229 1059 3292 ostendis,
1103 3229 1231 3299 quia
1262 3228 1377 3283 haec
1418 3230 1638 3285 facis‘?
1676 3250 1693 3281 ι
1757 3231 1887 3286 Item
1946 3233 2117 3288 illud:

525 3340 543 3372 ι
583 3321 883 3389 Respondit
923 3323 1004 3377 eis
1053 3319 1256 3376 Jesus:
1316 3320 1509 3377 Nonne
1549 3338 1649 3392 ego
1701 3339 1800 3379 vos
1832 3325 2118 3379 duodccnn

519 3417 739 3487 elegi"?
771 3436 789 3468 ι
828 3416 1142 3471 Lectionem
1173 3427 1405 3482 utroque
1445 3418 1566 3473 loco
1591 3420 1698 3472 vim
1750 3420 2119 3491 interrogandi

522 3509 719 3563 habere
751 3508 1098 3578 exploratum
1128 3515 1231 3563 est.
1259 3506 1449 3579 Neque
1478 3518 1708 3565 eatenus
1752 3512 2121 3581 signiﬁcatio-

520 3616 618 3654 n-‘s
648 3600 797 3653 verbi
831 3599 1113 3667 respondit
1142 3598 1493 3669 pertingunt;
1522 3616 1711 3655 verum
1745 3602 1796 3656 id
1823 3603 2121 3673 aliquando

520 3694 586 3746 ad
621 3692 828 3746 nullum
860 3693 1133 3761 prolatum
1161 3706 1257 3746 ore
1282 3693 1509 3747 verbum
1538 3692 1791 3759 refertur,
1820 3696 1913 3749 sed
1934 3697 2121 3751 occul-

521 3786 592 3839 tis
624 3784 907 3839 hominnm
950 3784 1375 3854 cogitationibus
1414 3786 1676 3841 occurrit.
1710 3784 1910 3848 Veluti,
1948 3806 1968 3841 ι
1998 3789 2121 3843 Cer-

521 3894 659 3933 nens
716 3877 1033 3931 Pharisaeus
1087 3877 1181 3948 qui
1239 3876 1427 3932 Jesuni
1485 3878 1741 3933 convivio
1801 3891 2117 3952 exceperat,

521 3970 654 4023 dixit
688 3968 826 4023 intra
860 3982 957 4023 se:
992 3968 1091 4023 llic
1121 3969 1166 4023 si
1195 3978 1340 4023 esset
1376 3970 1664 4039 propheta,
1700 3983 1885 4028 nosset
1930 3976 2119 4045 utique

520 4080 642 4134 qua:
665 4072 980 4133 quantaque
1038 4063 1235 4116 mulier
1267 4077 1390 4116 eum
1449 4064 1725 4133 attingat,
1768 4080 1961 4135 nempe
1991 4083 2119 4137 pec-

520 4154 761 4211 catrix“.
808 4173 827 4206 ι
857 4152 1016 4209 Nunc
1043 4168 1214 4218 certe,
1252 4170 1569 4223 quanquam
1627 4157 1771 4209 nulla
1808 4158 2117 4229 interregn-

518 4244 594 4298 tio
629 4248 990 4315 praecesserit,
1026 4260 1201 4314 neque
1232 4247 1518 4300 exordium
1556 4261 1870 4303 consecuta:
1896 4260 2111 4305 oratio-

517 4340 603 4393 nis
637 4339 749 4406 fiat,
780 4354 953 4408 neque
980 4337 1323 4407 aliicuipiam
1348 4354 1379 4394 e
1402 4340 1871 4407 przedictismodis
1901 4344 2114 4399 locutio

515 4429 984 4495 accommodetur,
1013 4429 1162 4484 addit
1188 4432 1521 4499 evangelista
1560 4449 1574 4485 :
1614 4451 1633 4483 ‹
1674 4432 1741 4487 Et
1772 4438 2114 4506 respondens

2242 571 2337 621 γου
2358 554 2609 619 σύνταξιν
2641 553 3144 623 προενεγκαμένου,
3167 555 3196 607 6
3219 553 3477 625 θεόσοφος
3503 555 3731 616 Λουκᾶς
3744 553 3850 624 τὴν

2239 646 2413 715 αὐτὴν
2448 644 2785 715 ἀναγράφων
2818 642 3037 714 πρᾶξιν,
3070 645 3183 698 οὐδ’
3217 645 3354 709 ὅλως
3382 646 3746 717 χρησάμενος
3762 644 3846 715 τῷ

2239 736 2581 807 ἀποκριθεὶς,
2614 735 2781 800 ἔδειξε
2800 740 2927 799 τοὺς
2956 734 3151 800 ἄλλους
3216 740 3360 791 κατά
3419 737 3484 790 τὸ
3538 736 3843 806 παρέλκον

2239 830 2623 901 χρησαμένους
2652 832 2718 901 τῇ
2747 830 2929 898 φωνῇ’
2956 826 3061 900 ἔφη
3083 829 3212 899 γὰρ,
3247 848 3265 881 ι
3298 828 3466 883 Πάλιν
3492 826 3591 882 οὖν
3615 830 3645 881 6
3663 828 3844 881 Πιλά-

2238 942 2331 989 τος
2364 922 2759 996 προσεφώνησε
2786 924 2955 977 θέλων
2978 922 3247 976 ἀπολύσαι
3282 921 3373 976 τὸν
3408 920 3646 991 Ἰησοῦν
3687 939 3709 972 ι
3745 919 3845 972 καὶ

2240 1018 2412 1072 πολλὰ
2461 1017 2528 1071 ἂν
2580 1018 2666 1087 εἴη
2696 1016 2920 1070 τοιαῦτα
2941 1032 2954 1044 °
2986 1017 3117 1087 ἡμῖν
3174 1016 3231 1069 δέ
3264 1013 3327 1069 οὐ
3360 1011 3651 1082 συλλέγειν
3709 1012 3846 1065 ἐστὶ

2240 1111 2443 1182 πλῆθος
2478 1110 2791 1183 μαρτυριῶν
2822 1110 3041 1173 σκοπὸς,
3074 1109 3210 1163 ἀλλά
3233 1107 3645 1178 παραδείγματι
3666 1106 3846 1177 μόνον

2236 1203 2600 1270 ἐνδείξασθαι,
2627 1201 2731 1255 κᾶν
2764 1200 2841 1272 τῷ
2867 1200 2949 1255 ἐνὶ
2997 1199 3408 1271 περιγράφοιτο,
3460 1195 3556 1250 τοῦ
3626 1213 3847 1265 σημαι-

2238 1297 2467 1366 νομένου
2500 1292 2805 1364 κατάδηλον
2836 1294 2935 1365 τὴν
2973 1292 3213 1346 διάνοιαν
3246 1307 3261 1321 ’
3310 1288 3435 1343 ἐπεὶ
3458 1287 3555 1342 καὶ
3579 1288 3645 1341 τὸ
3664 1287 3846 1359 ῥηθὲν

2240 1388 2379 1457 μετὰ
2404 1387 2503 1457 τὴν
2554 1385 2856 1457 θεραπείαν
2913 1384 3013 1454 τῆς
3068 1380 3487 1452 συγκυπτοὺσης
3542 1379 3842 1449 γυναικὸς,

2236 1478 2639 1549 ἀποκριθεὶςδέ
2670 1478 2700 1531 6
2743 1476 3196 1551 ἀρχισυνάγωγος
3248 1471 3601 1542 ἀγανακτῶν,
3643 1472 3697 1523 εί
3749 1488 3844 1533 τις

2238 1575 2481 1643 περιὲλοι
2502 1574 2563 1627 τὸ
2589 1572 2933 1640 ἀποκριθεὶς,
2966 1571 3028 1625 τὸ
3052 1570 3179 1626 ἄλλο
3217 1569 3385 1641 μέρος
3434 1567 3536 1638 τῆς
3565 1566 3843 1638 φράσεως

2235 1669 2514 1739 ἀκήρατον
2541 1668 2640 1739 τὴν
2672 1666 2841 1738 αὐτὴν
2866 1664 3202 1720 ἀναπτύσσει
3228 1664 3490 1719 διάνοιαν·
3518 1658 3669 1714 οὕτω
3700 1659 3839 1727 μὲν,

2235 1757 2413 1831 οἶμαι,
2451 1760 2635 1829 σαφῶς
2672 1758 3036 1811 ἐπιδέδεικται
3070 1754 3248 1826 ἀρχῆς
3275 1771 3336 1807 τε
3369 1752 3528 1821 λόγον
3560 1748 3844 1809 πολλάκις

2234 1855 2453 1923 ἐπέχειν
2484 1852 2544 1905 τὸ
2591 1849 2946 1921 ἀποκριθεὶς,
2998 1848 3092 1902 καὶ
3146 1845 3398 1915 διαδοχὴν
3446 1840 3835 1913 ἡγησαμένων

2236 1946 2521 2017 ῥημάτων,
2553 1944 2650 1997 καὶ
2677 1942 3044 2012 παρέλκοντος
3082 1937 3249 1994 τόπον
3287 1936 3457 2007 ἔχειν,
3486 1935 3582 1989 καὶ
3606 1928 3841 1993 ἱκεσίας

2234 2033 2580 2107 ἀναπληροῦν
2600 2033 2811 2107 χρείαν.

2303 2305 2366 2358 ε’.
2410 2260 2533 2355 Ὅτι
2561 2300 2619 2354 δὲ
2682 2299 2778 2354 καὶ
2796 2298 2895 2369 τὴν
2949 2294 3217 2370 ἐρώτησιν
3266 2294 3591 2366 ὑπέρχεται,
3642 2290 3679 2361 ἡ
3722 2288 3835 2344 eo?)

2233 2394 2534 2468 κορυφαίου
2566 2394 2774 2465 Πέτρου
2798 2390 3129 2462 παρίστησιν
3150 2385 3399 2457 ἐναργῶς
3427 2385 3580 2454 φωνή
3605 2382 3698 2435 ·τὸ
3713 2380 3835 2452 γὰρ

2232 2489 2373 2543 κατὰ
2401 2488 2491 2540 τὸν
2528 2485 2777 2539 Ἀνανίαν
2810 2483 2904 2536 καὶ
2949 2483 3270 2550 Σάπφειραν
3322 2477 3491 2540 πάθος
3538 2473 3834 2542 ἀπαγγέλ-

2231 2582 2339 2635 λων
2362 2584 2390 2634 ό
2423 2580 2602 2649 λόγος,
2639 2578 2735 2632 καὶ
2763 2575 2864 2646 τῆς
2894 2572 3250 2645 ψευδολογίας
3274 2570 3366 2624 τὸν
3406 2565 3829 2637 εἰσι-πραχθέντα

2233 2675 2488 2737 θάνατον,
2512 2672 2715 2741 συνῆψε
2750 2669 2869 2739 μὲν,
2901 2687 2919 2719 ι
2947 2668 3055 2721 Καὶ
3092 2668 3126 2736 ἡ
3157 2664 3294 2735 γυνὴ
3324 2662 3491 2715 αὑτοῦ
3530 2661 3605 2732 μὴ
3645 2659 3833 2711 εἰδυῖα

2231 2768 2293 2820 τὸ
2316 2765 2559 2835 γεγονὸς,
2593 2762 2843 2832 εἰσῆλθεν
2882 2776 2896 2790 ⁶
2938 2780 2957 2813 ι
2987 2759 3185 2826 ἐπάγει
3220 2757 3299 2821 δὲ,
3330 2775 3347 2807 ι
3377 2755 3487 2808 Καὶ
3538 2751 3828 2823 ἀπεκρίθη

2230 2863 2369 2931 αὐτῇ
2398 2861 2427 2913 6
2466 2858 2693 2929 Πέτρος,
2720 2854 2856 2910 Εἰπέ
2894 2870 2984 2925 μοι
3018 2854 3067 2904 εί
3094 2849 3349 2903 τοσούτου
3381 2848 3441 2901 τὸ
3474 2846 3680 2917 χωρίον
3717 2846 3831 2897 ἀπ-

2231 2953 2450 3017 έδοσθες
2490 2970 2510 3003 ι
2544 2950 2595 3003 τί
2623 2950 2732 3020 γάρ
2766 2948 2833 3002 ἂν
2861 2946 3049 3016 ἓτερον
3073 2943 3406 3012 οἰκειότερον
3430 2936 3684 3008 εὑρεθείη
3716 2935 3828 2987 ὑπὸ

2228 3038 2322 3093 τοῦ
2359 3036 2633 3109 ἀπεκρίθη
2672 3036 2790 3090 νυνὶ
2821 3032 3173 3105 δηλούμενον,
3203 3031 3237 3102 ἢ
3272 3030 3333 3083 τὸ
3356 3027 3671 3100 ἡρώτησενς
3708 3024 3827 3077 ῶσ-

2232 3152 2337 3205 περ
2369 3133 2481 3199 καὶ,
2510 3152 2528 3184 ι
2559 3128 2967 3201 Ἀπεκρίθησαν
2982 3128 3031 3181 οί
3073 3125 3317 3180 Ἰουδαῖοι
3346 3124 3440 3176 καὶ
3460 3116 3611 3175 εἶπον
3642 3118 3825 3187 αὐτῷ,

2230 3228 2297 3281 Τί
2320 3226 2542 3296 σημεῖον
2562 3222 2827 3285 δεικνύεις
2848 3222 2931 3275 ὅτι
2953 3219 3125 3275 ταῦτα
3152 3219 3362 3282 ποιεῖςς
3389 3237 3407 3269 ι
3439 3214 3526 3268 ναὶ
3542 3214 3607 3284 δὴ
3622 3213 3719 3267 καὶ
3733 3212 3823 3277 τὸ,

2236 3340 2254 3373 ι
2305 3319 2604 3388 Ἀπεκρίθη
2653 3318 2839 3379 αὐτοῖς
2870 3316 2899 3368 6
2938 3312 3167 3385 Ἰησοῦς,
3210 3310 3325 3365 Οὐκ
3359 3307 3470 3377 ἐγὼ
3496 3307 3638 3378 ὑμᾶς
3689 3304 3825 3365 τοὺς

2227 3409 2437 3463 δώδεκα
2459 3406 2827 3477 ἐξελεξάμην;
2860 3424 2879 3456 ι
2924 3402 3160 3474 φανερὸν
3190 3400 3300 3471 γὰρ
3333 3400 3425 3452 ἐπὶ
3460 3398 3686 3461 τούτων,
3739 3394 3821 3457 ὡς

2230 3497 2466 3570 ἐκατέρα
2498 3496 2643 3561 λέξις
2690 3494 2791 3564 τὴν
2836 3493 2928 3547 τοῦ
2964 3493 3218 3563 ἠρώτησε
3267 3490 3497 3560 δύναμιν
3550 3486 3684 3557 ἔχει.
3739 3485 3819 3537 Οὐ

2226 3589 2401 3644 ταῦτα
2428 3590 2485 3643 δὲ
2509 3588 2666 3660 μόνον
2699 3587 2760 3640 τὸ
2793 3586 3068 3658 ἀπεκρίθη
3125 3583 3405 3654 σημαίνει,
3446 3580 3564 3634 ἀλλ’
3594 3578 3816 3631 ἐσθ’ὄτε

2231 3683 2338 3753 μὴν
2376 3682 2472 3735 καὶ
2506 3680 2641 3749 πρὸς
2674 3678 2827 3733 οὐδὲν
2855 3678 2965 3731 τῶν
3001 3675 3353 3748 προφορικῶν
3398 3672 3660 3744 ῥημάτων
3690 3674 3815 3722 ἐπι-

2227 3774 2475 3845 φέρεται,
2503 3772 2640 3845 πρὸς
2670 3770 2728 3825 δέ
2758 3769 2860 3842 τὴν
2880 3766 3282 3839 ἐνδομυχοῦσαν
3340 3764 3449 3818 τῶν
3504 3761 3813 3831 ἀνθρώπων

2225 3868 2462 3923 διάνοιαν
2492 3863 2878 3929 ἀπευθύνεται,
2911 3863 2989 3925 ὡς
3018 3863 3111 3914 ἐπὶ
3131 3858 3249 3926 τοῦ,
3294 3876 3314 3911 ι
3340 3855 3486 3911 Ἰδὼν
3512 3855 3567 3908 δέ
3593 3857 3622 3908 6
3653 3856 3818 3923 Φαρι-

2228 3962 2378 4021 σαῖος
2411 3958 2439 4010 6
2467 3958 2702 4021 καλέσας
2726 3955 2912 4020 αὑτὸν,
2941 3952 3094 4008 εἶπεν
3126 3954 3185 4005 ἐν
3234 3949 3435 4022 ἐαυτῷ,
3481 3944 3649 4011 Οὗτος
3671 3950 3721 4000 εί
3744 3943 3813 4016 ἦν

2225 4057 2534 4125 προφήτης,
2569 4052 2867 4120 ἐγίνωσκεν
2900 4048 2967 4103 ἂν
2995 4046 3080 4109 τίς
3106 4047 3200 4098 καὶ
3221 4041 3443 4113 ποταπὴ
3471 4043 3505 4113 ἡ
3527 4041 3666 4110 γυνὴ
3690 4040 3813 4109 ἥτις

2224 4148 2455 4200 ἅπτεται
2477 4145 2664 4208 αὑτοῦ,
2683 4146 2763 4198 ὅτι
2792 4139 3119 4214 ἁμαρτωλός
3146 4140 3316 4192 ἐστιν’
3342 4155 3361 4188 ι
3395 4136 3498 4208 ὅρα
3533 4135 3643 4204 γὰρ
3674 4132 3811 4202 μηδέ

2227 4238 2357 4308 μιᾶς
2413 4237 2737 4308 ἐρωτήσεως
2784 4230 3283 4307 προηγησαμένης,
3331 4227 3455 4297 μηδ’
3501 4227 3581 4288 είς
3633 4223 3810 4295 ἀρχὴν

2221 4328 2317 4383 τοῦ
2369 4329 2496 4400 ἐξῆς
2541 4325 2951 4398 ἀναφερομένου
2996 4324 3198 4392 λόγου,
3238 4323 3360 4393 μηδ’
3415 4321 3546 4375 ἄλλο
3588 4336 3644 4372 τι
3697 4319 3809 4371 τῶν

2222 4420 2643 4493 προειρημένων
2670 4420 2771 4489 τῆς
2794 4418 3048 4486 φράσεως
3071 4414 3520 4485 συνεισαγοὺσης,
3552 4412 3749 4480 ἐπάγει
3780 4412 3810 4463 6

512 4521 671 4576 Jesus
693 4521 833 4576 dixit
858 4521 934 4576 illi
971 4538 985 4575 :
1016 4522 1231 4588 Simon,
1265 4525 1436 4576 habeo
1477 4524 1684 4592 aliquid
1724 4526 1819 4580 tibi
1852 4500 2055 4585 dicere.
2092 4552 2111 4584 ι

2229 4512 2637 4584 εὐαγγελιστὴς,
2672 4532 2691 4563 ι
2724 4513 2835 4566 Καὶ
2862 4508 3183 4581 ἀποκριθεὶς
3211 4511 3239 4562 ό
3278 4506 3487 4577 Ἰησοῦς
3521 4500 3645 4559 εἷπε
3672 4504 3808 4575 πρὸς

515 4615 717 4670 Deinde
763 4615 1149 4684 interrogative
1203 4631 1564 4686 prosequens,
1630 4618 1827 4687 impias
1872 4621 2115 4681 hominis

510 4709 870 4779 cogitationes
894 4708 1205 4778 castigavit,
1225 4724 1466 4779 eumque
1486 4711 1553 4765 ad
1582 4711 1835 4780 pietatem
1851 4729 1915 4769 ac
1949 4716 2110 4771 [idem

506 4817 608 4870 pro
646 4816 745 4856 sua
806 4802 1096 4858 clementia
1154 4802 1379 4856 direxit.
1441 4802 1629 4873 Neque
1661 4804 1809 4858 enim
1844 4806 2101 4863 dub‘tare

507 4894 652 4958 licet,
687 4892 820 4962 quin
881 4896 1047 4949 verba
1101 4895 1422 4964 respondens
1451 4895 1612 4950 Iesus
1645 4896 1785 4950 dixit
1821 4899 1923 4965 illi,
1951 4902 2103 4970 ejus-

505 4986 627 5036 dum
682 4983 810 5038 Jesu
862 5001 1028 5055 quam
1083 4986 1326 5042 diximus
1386 4987 1716 5057 expositioni
1779 4993 2098 5062 praeposita,

504 5075 767 5131 adversus
809 5077 976 5130 animi
1005 5092 1245 5133 arcanos
1264 5088 1442 5133 motus
1472 5082 1914 5149 intorqueantur.
1950 5084 2104 5140 Paris

505 5167 728 5236 insuper
773 5165 961 5223 forma:
1004 5168 1138 5223 illud
1177 5180 1261 5223 est
1294 5186 1308 5224 :
1364 5188 1381 5221 ι
1420 5169 1783 5240 Respondens
1824 5172 1984 5230 Iesus
2024 5176 2102 5231 le-

505 5257 783 5327 gisperitis
810 5262 866 5313 9:
908 5277 926 5309 ι
963 5260 1111 5328 quod
1144 5261 1273 5315 item
1326 5262 1671 5332 perturbatis
1705 5263 2103 5338 seditiosisque

504 5346 725 5401 illorum
756 5349 1030 5404 mentibus
1072 5353 1386 5420 oppositum
1434 5352 1558 5417 fuit,
1596 5370 1707 5425 quo
1740 5366 1987 5428 tempore
2011 5360 2112 5431 hy-

2224 4608 2407 4670 αὐτὸν,
2433 4606 2639 4677 Σίμων,
2669 4604 2777 4675 ἐχω
2810 4604 2893 4657 σοί
2916 4621 2969 4656 τι
2991 4603 3166 4656 εἰπεῖν
3186 4618 3200 4632 ·
3234 4619 3251 4655 ι
3278 4603 3372 4654 καὶ
3393 4599 3463 4652 δι’
3485 4599 3806 4669 ἐρωτήσεως

2220 4698 2522 4773 προελθὼν,
2552 4699 2612 4753 τό
2640 4716 2700 4752 τε
2736 4697 3060 4768 βλάσφημον
3096 4695 3210 4749 τῶν
3242 4691 3610 4762 διαλογισμῶν
3636 4691 3801 4760 ἐπερ-

2219 4797 2440 4867 ράπισε,
2478 4794 2572 4848 καὶ
2603 4792 2738 4865 πρὸς
2765 4793 2825 4847 τὸ
2864 4791 3116 4854 θεοσεϐὲς
3159 4790 3254 4845 καὶ
3308 4787 3652 4853 ἀδίστακτον,
3703 4785 3803 4838 ὅσα

2211 4907 2271 4942 τε
2303 4889 2368 4958 τῇ
2397 4885 2561 4941 αὐτοῦ
2592 4885 3000 4957 φιλανθρωπίᾳ,
3026 4882 3449 4955 μετερύθμισεν·
3478 4883 3582 4935 οὐκ
3610 4879 3801 4950 ἄδηλον

2204 4980 2313 5052 γὰρ
2342 4981 2415 5043 ὡς
2442 4981 2523 5044 τὸ,
2565 4998 2583 5031 ι
2606 4977 2951 5050 Ἀποκριθεὶς
2969 4980 2995 5029 6
3029 4976 3233 5047 Ἰησοῦς
3258 4971 3381 5028 εἷπε
3412 4975 3550 5046 πρὸς
3567 4973 3747 5038 αὑτὸν,
3776 4989 3795 5023 ι

2212 5071 2653 5145 προταττόμενον
2684 5072 2781 5143 τῆς
2811 5070 3223 5143 προρρηθείσης
3275 5068 3598 5141 ἑρμηνείας,
3660 5066 3798 5136 πρὸς

2203 5169 2303 5241 τὴν
2334 5172 2391 5222 ἐν
2420 5167 2499 5239 τῷ
2534 5166 2688 5238 βάθει
2717 5167 2819 5237 τῆς
2849 5167 3079 5238 καρδίας
3136 5165 3353 5235 κίνησιν
3409 5162 3519 5216 τῶν
3561 5160 3801 5227 διαλογι-

2212 5259 2369 5330 σμῶν
2402 5259 2486 5330 είη
2516 5259 2582 5313 ἂν
2614 5257 3035 5328 ἀποδεδομένον.
3087 5257 3435 5327 Ὀμοστοιχεῖ
3461 5253 3517 5307 δὲ
3557 5253 3633 5321 τῷ
3696 5255 3793 5323 ῥη-

2209 5354 2356 5408 θέντι
2383 5356 2478 5408 καὶ
2503 5355 2584 5420 τὸ,
2616 5373 2635 5405 ι
2660 5352 3009 5423 Ἀποκριθεὶς
3032 5353 3060 5405 6
3102 5349 3310 5421 Ἰησοῦς
3333 5349 3470 5416 πρὸς
3496 5348 3621 5412 τοὺς
3648 5364 3798 5413 νομι-

505 5439 790 5508 dropicum
843 5455 1026 5495 coram
1066 5450 1299 5499 stantem
1354 5446 1666 5502 viderunt:
1732 5448 1827 5518 qui
1880 5464 2006 5504 cum
2043 5450 2113 5505 ad

2229 5448 2362 5514 ιοὺς,
2392 5466 2411 5499 ι
2449 5447 2798 5517 ἐπαγόμενον
2827 5449 2893 5517 τῇ
2928 5446 3071 5499 κατὰ
3098 5446 3197 5513 τὴν
3226 5444 3465 5497 διάνοιαν
3495 5441 3674 5494 αὐτῶν
3698 5456 3791 5490 ται

505 5530 935 5586 misericordiam
978 5533 1121 5589 ﬂecti
1173 5534 1455 5603 deberent,
1522 5552 1634 5592 non
1692 5548 1875 5594 tamen
1903 5541 1971 5596 de
1999 5557 2101 5597 sua

575 5700 754 5786 fLuc.
789 5722 946 5786 uti},
976 5709 1089 5786 29g
1156 5709 1345 5765 Matth.
1369 5712 1671 5786 _§xvt_t,2l
1708 5732 1723 5780 ;
1759 5714 1928 5769 Marc.
1968 5732 2056 5784 xv,
2124 5716 2211 5773 12.
2292 5718 2313 5751 ὀ
2343 5717 2478 5774 Luc.
2541 5733 2660 5785 xm,
2726 5717 2810 5774 14.
2886 5720 2906 5751 ⁵
2936 5726 3057 5775 Act.
3089 5733 3140 5786 v,
3187 5719 3241 5776 5.

506 5772 525 5803 '
559 5771 716 5827 Joan.
755 5792 828 5844 vt,
859 5771 943 5833 7|.
1023 5782 1042 5812 ⁸
1071 5778 1204 5835 Lac.
1239 5799 1336 5846 vn,
1368 5782 1455 5835 59.
1535 5771 1724 5839 9Luc.
1757 5802 1865 5852 xrv,
1898 5787 1951 5843 '5.

2212 5543 2354 5612 ραχῇ
2407 5541 2504 5594 καὶ
2526 5540 2739 5609 στάσει,
2773 5537 2939 5610 ἡνίκα
2982 5538 3075 5590 τὸν
3124 5533 3433 5606 ὑδρωπικὸν
3484 5528 3793 5601 ἔμπροσθεν

3346 5720 3367 5751 ⁶
3396 5715 3555 5771 Joan.
3598 5729 3657 5778 ιι,
3698 5709 3782 5766 18.
