4084 6454
336 290 437 358 1ὓ1

1326 292 1425 357 AD
1462 290 2063 359 AMPHILOCHIUM
2102 298 2449 368 QUESTIO
2483 298 2643 360 XXI.

3517 301 3622 370 162

331 410 515 468 αὐτῶν
552 409 843 478 ἱστάμενον
871 406 1139 480 ἐθεώρουν
1165 421 1177 435 ·
1210 409 1305 463 καὶ
1337 410 1457 463 δέον
1479 410 1555 481 τῷ
1591 412 1754 466 πάθει
1782 412 1918 483 πρὸς

2023 411 2245 466 vesania
2292 411 2594 481 quidquam
2649 415 3021 472 remittebant.
3075 414 3276 474 Eadem
3341 419 3617 477 videretur

332 503 485 556 ἔλεον
513 499 945 570 μεταϐαλέσθαι,
975 501 1022 552 οί
1046 500 1104 552 δὲ
1128 499 1227 570 τῆς
1252 501 1516 563 ἀπονοίας
1545 502 1606 554 οὐ
1644 501 1917 571 μεθίεντο.

335 595 451 667 Τὴν
476 594 650 666 αὐτὴν
676 594 724 647 δ’
756 594 823 647 ἂν
847 593 1141 663 παρέχοιτο
1171 594 1446 664 σημασίαν
1470 594 1564 648 καὶ
1586 595 1668 659 τὸ,
1707 614 1727 647 ι
1749 595 1915 647 Ἀπο-

335 688 553 760 κριθεὶς
569 688 625 741 δὲ
650 688 679 740 ὁ
708 686 916 757 Ἰησοῦς
941 682 1096 740 εἶπεν
1113 680 1297 750 αὐτοῖς
1316 726 1331 748 ,
1374 688 1431 740 ’Λ
1440 687 1567 758 μὴν,
1586 688 1757 758 Ἀμὴν
1776 688 1920 757 λέγω

338 778 494 853 ὑμῖν,
524 782 620 835 ἐὰν
652 782 811 852 ἔχητε
844 779 1029 834 πίστιν
1056 780 1151 833 καὶ
1177 780 1252 850 μὴ
1282 780 1626 852 διακριθῆτε,
1663 783 1724 835 ού
1758 782 1919 852 μόνον

330 871 521 942 τὸτῆς
572 870 746 941 συκῆς
792 871 1073 941 ποιήσετε,
1112 870 1251 923 ἀλλὰ
1298 872 1404 925 κᾶν
1444 870 1523 941 τῷ
1578 871 1696 943 δρει
1740 870 1919 940 τούτῳ

330 964 550 1035 εἴπητε,
572 962 860 1030 Μετάϐηθι
890 963 970 1025 είς
1004 962 1106 1032 τὴν
1136 961 1430 1028 Θάλασσαν,
1463 962 1854 1034 μεταϐήσεται’
1896 982 1913 1013 ι

329 1056 431 1109 καὶ
459 1055 569 1123 γὰρ
594 1055 698 1107 ὅσα
726 1070 792 1121 γε
825 1052 968 1107 κατὰ
997 1053 1051 1107 τὶ
1113 1054 1411 1125 πρόχειρον
1452 1052 1553 1124 τῆς
1599 1052 1915 1118 συνεπείας,

323 1148 473 1219 πρὸς
500 1150 602 1217 τὴν
635 1148 695 1200 ὲν
722 1146 801 1216 τῷ
826 1139 978 1215 βάθει
1012 1146 1115 1213 τῆς
1168 1146 1399 1215 καρδίας
1445 1146 1676 1217 μελέτην
1726 1137 1917 1200 ἀπεδί-

316 1239 452 1295 δοτο
501 1240 569 1293 ἂν
627 1239 689 1292 τὸ
740 1238 1084 1307 ἀποκριθεὶς,
1138 1239 1188 1291 εἰ
1218 1240 1293 1309 μὴ
1317 1240 1544 1310 Μάρκος
1569 1241 1597 1293 ὁ
1628 1240 1919 1303 θεσπέσιος

318 1314 697 1402 ἀπαγγέλλων
725 1332 786 1387 τὸ
812 1332 1012 1403 χωρίον
1043 1333 1404 1405 σαφέστερον,
1436 1336 1519 1397 είς
1554 1334 1653 1403 τὴν
1680 1334 1775 1388 τοῦ
1828 1334 1921 1388 λό-

318 1444 430 1494 γου
451 1425 708 1496 διαδοχὴν
741 1425 843 1495 τὴν
865 1424 1144 1496 σημασίαν
1164 1424 1489 1497 μεθίστησιν
1512 1443 1525 1457 °
1573 1425 1746 1480 εἰπὼν
1784 1427 1918 1498 γὰρ.

326 1538 355 1572 ι
382 1518 492 1574 Καὶ
505 1517 874 1589 ἀναμνησθεὶς
895 1520 923 1571 ό
948 1518 1155 1588 Πέτρος
1184 1517 1332 1587 λέγει
1356 1517 1750 1588 αύτῷ,Ῥα66ὶ.
1782 1518 1858 1572 ἴδε
1884 1521 1916 1589 ἡ

324 1614 474 1681 συκῆ
507 1614 574 1683 ἢν
607 1610 908 1683 κατηράσω
942 1609 1229 1681 ὲξήραται,
1261 1629 1280 1661 ι
1319 1611 1536 1679 εἰσάγει
1583 1611 1673 1663 τὸν
1714 1610 1920 1681 Ἰησοῦν

2024 503 2356 573 signiﬁcatio
2411 504 2721 562 dictionis:
2780 526 2797 558 ι
2834 508 3197 578 Respondent:
3252 509 3413 569 Jesus
3477 516 3620 571 dixit

2025 594 2133 647 illis
2167 612 2180 648 :
2210 593 2418 664 |Amen,
2455 610 2613 649 amen
2670 597 2796 652 dico
2838 600 3013 664 vobis,
3046 601 3092 656 si
3119 602 3280 657 ﬁdem
3317 605 3622 661 habueritis

2026 699 2206 755 neque
2261 685 2670 752 hmsitaveritis,
2731 705 2842 744 non
2889 692 3064 746 solum
3108 693 3245 751 ﬁcus
3307 697 3616 768 prodigium

2024 772 2309 841 patr-abitis
2334 791 2348 840 ;
2377 789 2570 828 verum
2604 777 2771 831 etiam
2805 779 2848 833 si
2875 781 3003 835 huic
3028 781 3173 838 forte
3212 787 3385 840 monti
3412 788 3617 844 dixeri-

2023 865 2115 929 tis,
2161 864 2473 938 Commigra
2542 867 2599 922 in
2647 884 2833 937 mare,
2883 875 3350 945 commigrabit“.
3409 898 3429 931 ι
3481 879 3616 936 Nam

2021 956 2169 1025 quod
2231 959 2427 1015 attinet
2476 962 2544 1015 ad
2592 964 2897 1019 naturalem
2958 969 3229 1025 sermonis
3273 981 3614 1040 contextum,

2023 1047 2265 1103 verbum
2294 1066 2429 1106 sane
2472 1054 2815 1123 respondens
2850 1054 3150 1114 referretur
3191 1062 3258 1116 ad
3298 1063 3497 1119 mentis
3529 1081 3618 1120 ar-

2020 1155 2217 1195 canam
2257 1142 2672 1214 cogitationem,
2702 1147 2806 1202 nisi
2834 1148 2995 1204 divus
3029 1151 3275 1218 Marcus,
3299 1155 3395 1223 qui
3432 1155 3615 1212 locum

2023 1234 2171 1288 hunc
2212 1235 2538 1305 explicatius
2575 1238 2853 1304 edisserit,
2917 1242 3071 1297 verbi
3138 1244 3510 1315 signiﬁcatum
3546 1250 3617 1305 ad

2022 1326 2295 1382 sermonis
2327 1328 2516 1397 praevii
2548 1327 2943 1387 admissionem
2988 1335 3402 1403 exprimendam
3426 1341 3619 1395 tradu-

2023 1426 2195 1473 ceret.
2224 1417 2438 1475 Etenim
2470 1436 2596 1476 cum
2649 1422 2882 1479 dixisset
2915 1442 2930 1479 :
2971 1444 2991 1477 ι
3033 1426 3483 1502 Recordatusque
3515 1433 3617 1490 Pe-

2023 1510 2251 1574 trus,ait
2301 1510 2419 1565 illi:
2471 1511 2756 1583 Magister,
2789 1531 2855 1571 en
2889 1515 3025 1573 ficus
3062 1518 3151 1573 cui
3181 1521 3323 1576 male
3357 1532 3616 1591 precatus

2021 1616 2081 1655 es
2104 1603 2362 1670 exaruit;
2406 1622 2424 1655 ι
2470 1603 2602 1661 facit
2633 1605 2823 1662 Jesum
2855 1611 3094 1664 sermoni
3143 1610 3271 1665 huic
3318 1627 3617 1669 occurren-

324 1706 713 1776 διαδεχόμενον
741 1703 834 1757 τὸν
863 1702 1021 1771 λόγον
1053 1703 1147 1756 καὶ
1172 1702 1423 1771 λέγοντα,
1458 1722 1476 1755 ι
1504 1704 1698 1775 Ἔχετε
1735 1704 1918 1757 πίστιν

2024 1700 2132 1746 tem
2173 1693 2296 1749 sic:
2335 1711 2355 1747 ι
2393 1693 2662 1753 Hahetote
2702 1697 2797 1753 Dei
2829 1700 3012 1755 ﬁdem.
3057 1701 3232 1756 Amen
3260 1704 3462 1774 quippe
3490 1704 3617 1761 dico

326 1799 468 1853 Θεοῦ
485 1769 675 1868 rei.qu
709 1796 821 1867 γὰρ
851 1769 998 1864 λέγω
1020 1796 1172 1864 ὑμῖν,
1206 1769 1289 1850 ὅτι
1319 1796 1375 1860 δς
1402 1796 1469 1850 ἂν
1510 1769 1638 1867 εἴπῃ
1686 1796 1764 1867 τῷ
1798 1796 1916 1870 δρει

2024 1785 2200 1851 vobis,
2274 1787 2369 1856 qui
2417 1788 2544 1844 huic
2596 1791 2771 1845 monti
2812 1792 3034 1859 dixerit,
3080 1769 3296 1851 Tollere
3323 1769 3454 1853 hinc
3476 1808 3532 1853 et
3560 1799 3614 1852 in

327 1891 527 1961 τούτῳ,
551 1888 783 1961 Ἀρθητι
799 1888 894 1942 καὶ
916 1888 1144 1960 βλήθητι
1170 1889 1249 1952 είς
1269 1888 1369 1958 τὴν
1399 1887 1699 1953 θάλασσαν,
1722 1893 1818 1944 καὶ
1846 1890 1920 1960 μὴ

326 1983 583 2055 διακριθῇ
620 1984 678 2035 ὲν
707 1985 776 2053 τῇ
807 1981 1011 2053 καρδίᾳ
1040 1980 1229 2046 αὐτοῦ,
1278 1980 1415 2033 ἀλλὰ
1470 1982 1721 2035 πιστεύει
1781 1983 1864 2036 ὄτι
1892 1982 1920 2035 ὂ

328 2073 486 2129 λαλεῖ
513 2074 745 2142 γίνεται,
775 2072 931 2126 ἔσται
961 2069 1113 2142 αύτῷ
1134 2070 1163 2124 ὃ
1194 2070 1365 2139 λέγει.
1400 2089 1418 2121 ι

405 2172 481 2231 ς’.
522 2166 585 2218 EE
621 2165 722 2236 μέν
761 2182 844 2218 τοι
892 2181 959 2233 γε
992 2162 1101 2217 τῶν
1134 2162 1349 2231 Λογίων
1390 2164 1423 2234 ή
1458 2163 1599 2235 αὑτὴ
1639 2166 1919 2237 περικοπὴ

331 2261 414 2330 μὴ
462 2260 547 2327 ἐφ’
600 2259 720 2323 ἑνὸς
773 2258 937 2327 μόνου
990 2257 1100 2310 τῶν
1150 2256 1464 2327 εἰρημένων
1517 2258 1918 2330 ἐπιθεωρηθείη

324 2353 717 2425 παράδειγμα,
745 2350 883 2405 ἀλλὰ
913 2350 1351 2421 μεθελκυσθῆναι
1379 2349 1599 2404 δύναιτο
1624 2351 1703 2415 εἷς
1730 2368 1790 2404 τε
1820 2351 1921 2422 τὴν

320 2447 589 2515 ἀπαρχὴν
640 2444 736 2497 καὶ
769 2441 869 2513 τὴν
897 2441 1152 2513 διαδοχὴν
1184 2441 1281 2495 τοῦ
1326 2441 1511 2509 λόγου,
1566 2440 1710 2512 τάχα
1734 2442 1793 2495 δὲ
1828 2442 1921 2496 καὶ¹

322 2538 417 2601 εἰς
456 2537 520 2590 τὸ
566 2536 865 2606 παρέλκον,
921 2533 1031 2587 οὐδ’
1082 2531 1260 2597 οὕτως
1290 2534 1401 2588 τῶν
1433 2536 1852 2606 σημαινομένων
1892 2536 1921 2587 ὁ

322 2629 569 2702 ἀριθμὸς
594 2628 733 2700 πρὸς
757 2627 820 2680 τὸ
850 2625 1186 2697 βραχύτερον
1210 2626 1628 2696 συσταλήσεται,
1659 2626 1796 2681 ἀλλὰ
1822 2628 1921 2697 τὴν

257 2761 277 2772 -
324 2722 467 2785 ἴσως
501 2718 861 2773 συνδιασώσει
905 2718 1219 2787 ποσότητα·
1256 2718 1418 2787 ἀρκεῖ
1469 2717 1577 2788 γὰρ
1608 2716 1669 2770 τὸ
1712 2717 1919 2787 πλῆθος

327 2808 411 2879 μὴ
441 2806 859 2870 καταϐιϐάζειν,
893 2804 995 2859 κᾶν
1026 2806 1147 2859 ένια
1177 2806 1288 2859 τῶν
1323 2807 1793 2878 παραδειγμάτων
1827 2808 1917 2859 εύ-

325 2897 518 2968 ρεθείη
549 2897 626 2967 μὴ
661 2895 798 2967 πρὸς
827 2895 886 2948 ἓν
913 2912 968 2948 τι
1017 2896 1200 2967 μόνον,
1230 2895 1367 2949 ἀλλὰ
1388 2898 1485 2950 καὶ¹
1518 2900 1654 2966 πρὸς
1684 2897 1919 2965 διάφορα

320 2988 441 3043 ’τῶν
488 2987 909 3058 σημαινομένων
940 2986 1311 3057 ἀναφέρεσθαι
1342 2987 1616 3057 δυνάμενα
1638 3024 1653 3053 ,
1696 2986 1918 3041 ἐπειδάν

328 3096 389 3132 ’τι
431 3078 639 3132 τούτων
674 3078 813 3141 ὅλως
853 3077 1165 3147 εὑρίσκοιτο
1197 3078 1297 3148 τὴν
1344 3078 1438 3132 τοῦ
1468 3078 1587 3140 ἑνὸς
1639 3079 1917 3149 σημασίαν

335 3169 794 3239 ἐξοικειούμενον.
830 3169 905 3222 Τὸ
935 3168 1045 3239 γὰρ
1085 3168 1484 3242 συνεμπίπτειν
1514 3168 1632 3231 πῶς
1671 3167 1919 3237 ἀλλήλοις

330 3263 426 3316 ἐπ’
458 3264 615 3316 ὲνίων
644 3262 825 3333 ῥητῶν
852 3262 923 3314 τὰ
950 3260 1184 3333 διάφορα
1216 3263 1614 3331 σημαινόμενα.
1648 3262 1748 3313 οὐκ
1773 3261 1921 3313 ἔστιν

328 3356 515 3410 αὐτῶν
548 3354 643 3408 τοῦ
685 3352 929 3426 πλήθους
959 3353 1271 3422 ἀναίρεσις·
1309 3354 1547 3426 ἐπείπερ
1592 3354 1713 3408 οὐδὲ
1748 3354 1807 3421 ἐξ
1846 3344 1921 3407 ὧν

328 3446 757 3517 συμϐαίνουσιν,
792 3445 911 3499 ἀλλ’
944 3442 1006 3510 ἐξ
1034 3438 1110 3499 ὧν
1143 3446 1604 3517 παραλλάττουσι,
1638 3464 1921 3519 χαρακτη-

325 3541 604 3611 ρίζονται.
655 3538 867 3593 Οὐκοῦν
904 3538 1013 3593 ἀπὸ
1036 3538 1137 3609 τῆς
1174 3538 1441 3609 διαφορᾶς
1483 3539 1717 3593 ἕκαστον
1745 3556 1920 3611 προσ-

318 3636 436 3703 ῆκε
464 3635 711 3699 σκοπεῖν,
731 3632 829 3685 καὶ
855 3631 918 3687 τὸ
946 3627 1090 3697 εἶδος
1121 3632 1410 3701 φυλάττειν
1439 3633 1768 3703 άσύγχυτον,
1801 3632 1918 3687 ἀλλ’

321 3728 436 3780 οὐκ
473 3727 533 3792 ἐξ
560 3719 635 3779 ὧν
664 3725 748 3789 είς
779 3724 1067 3778 κοινωνίαν
1106 3726 1455 3793 συνάγονται,
1492 3726 1590 3795 τὴν
1635 3727 1692 3777 ἐν
1737 3727 1921 3788 αὐτοῖς

320 3819 673 3891 διαφθείρειν
698 3819 1016 3891 ἑτερότητα.

406 3914 476 3978 ζ’.
517 3913 591 3966 Οὐ
632 3912 797 3982 μόνον
820 3910 879 3963 δὲ
910 3909 1005 3962 τοῦ
1024 3909 1315 3977 ἀπεκρίθη
1345 3908 1592 3979 διάφοροι
1627 3910 1915 3979 σημασίαι,

324 4006 406 4070 ὥς
431 4009 461 4059 ὁ
486 4005 644 4071 λόγος
669 4002 892 4067 ἔδειξεν,
910 3999 1269 4068 ἁποφύονται,
1285 3998 1420 4054 ἀλλὰ
1441 4001 1536 4053 καὶ
1560 4000 1619 4053 τὸ
1644 4000 1920 4069 ἠρώτησε

325 4096 429 4152 δύο
456 4094 621 4148 τινῶν
648 4093 712 4146 τὸ
732 4091 1015 4162 ἐλάχιστον
1041 4091 1422 4162 ὑποκειμένων
1440 4092 1593 4161 παρὰ
1612 4096 1724 4154 τοῖς
1754 4094 1920 4163 ίεροῖς

327 4190 493 4261 ἡμῶν
537 4186 743 4255 λογίοις
800 4184 1143 4251 ἀπαγγέλλει
1189 4184 1428 4237 διάνοιαν
1452 4200 1466 4213 ·
1514 4177 1588 4237 ὧν
1623 4186 1656 4255 ἡ
1689 4185 1789 4254 μὲν
1824 4187 1921 4237 καὶ

326 4285 446 4344 τοῖς
493 4278 694 4347 ἔξωθεν
723 4276 1047 4340 ἐπιπολάζει
1071 4314 1087 4339 ,
1136 4278 1172 4348 ἡ
1202 4277 1300 4330 κα)⁸
1340 4277 1442 4346 τὴν
1489 4277 1783 4349 ἀπόκρισιν
1812 4279 1918 4331 άπ-

328 4374 507 4425 ιιτεῖν
538 4369 729 4422 εἴωθεν
750 4384 763 4397 ·
801 4367 836 4438 ἡ
866 4366 923 4419 δὲ
954 4366 1244 4439 πόρρωθεν
1290 4365 1391 4436 μὲν
1425 4366 1631 4439 ταύτης
1662 4368 1763 4437 τῆς
1800 4369 1919 4421 δια-

327 4464 481 4527 νοίας
508 4463 803 4527 διίσταται,
827 4463 1081 4532 σημαίνει
1103 4459 1240 4529 δὲςτὸ
1255 4461 1638 4531 παρεκάλεσε
1658 4464 1751 4515 καὶ
1768 4462 1914 4531 ᾐτή-

327 4572 510 4620 σατο,
540 4555 664 4627 ἥτις
696 4554 798 4608 οὐκ
824 4553 1048 4606 ἔλαττον
1076 4551 1178 4622 τῆς
1228 4553 1641 4625 προειρημένης
1696 4555 1756 4606 ὲν
1805 4557 1919 4618 τοῖς

327 4647 614 4717 θεοσόφοις
634 4646 907 4717 χρησμοῖς
930 4643 1276 4713 ἐπιφαίνεται
1293 4644 1684 4707 πλεονάζουσα·
1703 4646 1764 4698 τὸ
1785 4647 1915 4717 γὰρ,

332 4756 355 4790 ι
388 4737 579 4811 ἠρώτα
600 4736 990 4808 ἐλεημοσύνην·
1019 4756 1037 4790 ι
1053 4739 1197 4803 mm
1220 4736 1515 4807 ῆρώτησαν
1531 4738 1718 4803 αὐτὸν,
1751 4738 1914 4792 Ῥασ-

327 4830 391 4885 6ὶ
414 4870 432 4894 ,
466 4829 670 4899 φάγεοι
700 4828 819 4893 καὶ,
843 4846 862 4880 ι
883 4828 1104 4898 Ἐρωτῶ
1130 4844 1213 4893 σε,
1241 4826 1332 4897 ἔχε
1369 4844 1437 4897 με
1461 4827 1910 4899 παρῃτημένον-ι

327 4923 430 4977 καὶ
457 4922 541 4986 τὸ,
576 4940 593 4973 ι
618 4918 837 4990 Ἦρώτα
857 4935 941 4981 τις
977 4918 1145 4973 αὐτὸν
1170 4917 1279 4971 τῶν
1309 4919 1619 4989 Φαρισαίων
1646 4918 1733 4972 ἵνα
1762 4920 1919 4993 φάγῃ

328 5014 456 5085 μετ’
491 5011 656 5066 αὐτοῦ
677 5027 692 5041 °
731 5031 748 5064 ι
776 5011 870 5063 καὶ
899 5010 1069 5082 μυρία
1091 5010 1229 5065 ἄλλα
1270 5010 1370 5080 τὴν
1398 5010 1494 5064 τοῦ
1531 5011 1797 5065 ἱκετεύειν
1828 5014 1923 5066 καὶ

328 5105 546 5159 δεῖσθαι
570 5102 764 5157 οὐδένα
798 5100 1056 5156 λανθάνει
1111 5101 1208 5173 τὴν
1235 5101 1419 5173 χώραν
1450 5103 1670 5172 ἐπέχειν
1689 5119 1703 5131 ·
1737 5121 1923 5175 παρα·

336 5198 682 5269 λαμϐάνεται
729 5194 788 5248 δὲ
829 5198 924 5247 καλ.
952 5198 1014 5247 τὸ
1041 5194 1295 5265 ἠρώτησε
1328 5196 1421 5248 καὶ
1466 5196 1587 5249 ἀντὶ
1621 5196 1717 5250 τοῦ
1753 5214 1925 5268 προσ-

339 5289 556 5355 έταξεν,
576 5286 903 5351 ἐνετείλατο,
925 5286 1021 5338 καὶ
1040 5282 1215 5340 εἶπεν.
1242 5304 1259 5335 ι
1284 5285 1489 5357 Ἑμὸὰς
1513 5286 1646 5359 γάρ,
1677 5289 1865 5358 φησιν,
1894 5290 1924 5343 δ

344 5380 558 5452 ἰησοῦς
582 5381 663 5443 είς
702 5380 761 5432 ἓν
790 5378 902 5432 τῶν
936 5378 1139 5432 πλοίων
1169 5378 1198 5431 ὃ
1228 5375 1297 5449 ἦν
1329 5378 1425 5432 τοῦ
1466 5380 1729 5449 Σίμωνος,
1766 5381 1915 5451 ἡρώ-

1950 3131 1993 3188 C

1949 4489 1993 4545 D

2031 1892 2182 1933 mare
2220 1880 2528 1950 projicitor,
2551 1881 2597 1938 si
2628 1884 2791 1939 modo
2825 1883 2881 1939 in
2919 1885 3083 1941 corde
3120 1902 3219 1942 suo
3248 1902 3357 1943 non
3379 1888 3615 1953 dubitet,

2028 1969 2124 2025 sed
2159 1972 2208 2026 id
2244 1972 2383 2039 fore,
2411 1975 2560 2043 quod
2586 1975 2683 2041 ait,
2710 1976 2923 2045 credat,
2947 1978 3039 2032 ﬁet
3055 1978 3105 2033 ei
3130 1981 3432 2035 secundum
3457 1996 3613 2038 suam

2029 2064 2361 2121 locutionem
2384 2068 2447 2122 “.
2494 2085 2514 2119 ι

2100 2157 2153 2212 6.
2204 2157 2362 2224 Quod
2408 2160 2455 2214 si
2510 2159 2808 2231 aliquando
2863 2161 3165 2234 Scriptura:
3212 2180 3384 2222 sacrae
3421 2163 3612 2223 eadem

2028 2252 2284 2321 pericope
2310 2268 2419 2306 non
2442 2253 2511 2307 ad
2538 2255 2702 2308 unius
2732 2268 2764 2309 e
2795 2256 3074 2323 prmdietis
3096 2257 3272 2313 modis
3300 2259 3611 2328 exemplum

2029 2344 2291 2410 sumitur,
2327 2360 2516 2400 verum
2562 2354 2619 2400 et
2648 2347 2715 2401 ad
2755 2347 2971 2402 initium
3019 2360 3072 2405 et
3105 2350 3170 2404 ad
3219 2350 3611 2407 admissionem

2027 2438 2300 2492 sermonis
2327 2438 2468 2493 trahi
2497 2449 2698 2508 poteSt,
2739 2439 2975 2496 fortasse
3004 2441 3169 2496 etiam
3203 2443 3268 2498 ad
3300 2443 3609 2500 redundan-

2028 2527 2199 2592 tiam;
2235 2543 2345 2582 non
2380 2529 2586 2584 idcirco
2627 2539 2807 2585 tamen
2840 2531 3308 2602 significationum
3345 2550 3613 2592 numerus

2028 2624 2234 2677 arctior
2256 2622 2369 2688 fiet,
2393 2623 2489 2678 sed
2511 2624 2874 2693 quantitatem
2899 2639 3056 2679 suam
3081 2627 3449 2683 conservabit.
3472 2626 3610 2684 Nam

2029 2728 2095 2766 ne
2139 2728 2371 2768 numero
2400 2714 2701 2784 quidquam
2749 2715 3090 2781 detrahatur,
3124 2711 3323 2775 Sufﬁcit
3370 2721 3609 2790 (etiamsi
3682 2720 3683 2723 “

2026 2804 2237 2872 aliquot
2281 2806 2527 2875 exempla
2563 2808 2673 2862 sint
2719 2823 2841 2878 qua:
2891 2824 2999 2863 non
3041 2809 3107 2864 ad
3158 2826 3355 2879 unum,
3404 2813 3499 2869 sed
3544 2814 3611 2867 ad

2027 2898 2212 2954 varios
2246 2899 2587 2967 signiﬁcatus
2631 2899 2823 2955 referri
2845 2905 3093 2973 queant),
3118 2902 3337 2971 sufﬁcit,
3363 2904 3610 2975 inquam,

2027 2988 2073 3043 si
2119 2991 2265 3057 quod
2318 2991 2370 3043 in
2408 2990 2496 3046 his
2542 2991 2770 3047 omnino
2807 2994 3115 3062 exemplum
3165 2995 3415 3061 exsistat,
3464 2999 3609 3067 quod

2028 3084 2193 3138 unius
2259 3085 2335 3138 rei
2396 3084 2765 3155 signiﬁcatum
2823 3087 2924 3139 sibi
2980 3087 3242 3142 vindicet.
3293 3086 3413 3143 Non
3461 3089 3608 3144 enim

2025 3176 2154 3244 quia
2187 3175 2579 3230 nonnullarum
2626 3192 2821 3232 vocum
2856 3179 3020 3232 varia:
3065 3178 3497 3249 signiﬁcationes
3526 3181 3610 3236 in—

2025 3266 2201 3322 vicem
2221 3265 2532 3329 incurrunt,
2552 3264 2755 3321 idcirco
2775 3266 3061 3336 perimitur
3085 3268 3279 3321 harum
3305 3284 3569 3326 numerus
3591 3282 3606 3324 :

2025 3373 2149 3412 nam
2181 3373 2355 3426 neque
2384 3358 2505 3413 ideo
2526 3358 2653 3427 quia
2680 3366 3011 3427 congruunt,
3044 3358 3137 3414 sed
3170 3359 3298 3428 quia
3325 3359 3607 3427 differunt,

2022 3454 2399 3509 characterem
2448 3451 2746 3522 accipiunt.
2800 3452 2942 3523 Ergo
2984 3453 3254 3522 cujusque
3301 3453 3606 3509 differentia

2023 3545 2319 3615 spectanda
2351 3553 2458 3612 est,
2484 3554 2538 3598 et
2563 3560 2660 3599 sua
2689 3545 2887 3615 cuique
2914 3546 3122 3615 species
3148 3547 3415 3602 servanda
3448 3565 3463 3603 :
3496 3564 3605 3603 non

2022 3645 2206 3691 autem
2252 3636 2458 3691 idcirco
2505 3636 2634 3706 quia
2686 3637 2886 3691 alicubi
2937 3646 3269 3708 congruunt,
3314 3640 3609 3698 diversitas

2022 3730 2310 3784 abolenda.

2094 3908 2145 3962 7.
2191 3907 2293 3962 Sed
2323 3908 2470 3961 enim
2494 3907 2659 3961 variae
2685 3907 3134 3978 signiﬁcationes,
3160 3918 3219 3964 ut
3242 3924 3426 3965 sermo
3450 3924 3605 3967 meus

2022 4002 2289 4056 hactenus
2345 4001 2604 4066 ostendit,
2658 4016 2764 4053 non
2826 4015 2891 4055 ex
2945 4015 3057 4053 uno
3117 4002 3387 4070 respondit
3440 4005 3606 4060 verbo

2022 4092 2357 4162 gignuntur;
2394 4106 2578 4144 verum
2605 4090 2769 4143 etiam
2806 4089 3034 4144 verbum
3065 4094 3270 4159 rogavit
3295 4092 3338 4124 “
3367 4093 3603 4149 duorum

2022 4185 2215 4238 saltem
2262 4182 2671 4253 signiﬁcatuum
2707 4181 2915 4236 nostris
2945 4181 2998 4236 in
3033 4181 3335 4252 Scripturis
3377 4192 3605 4241 senten-

2021 4277 2153 4330 tiam
2186 4285 2408 4341 tuetur;
2442 4288 2675 4343 quorum
2717 4272 2855 4327 alter
2883 4272 3128 4341 profanis
3153 4289 3375 4344 quoque
3414 4284 3607 4331 aucto-

2023 4368 2176 4422 ribus
2199 4366 2488 4421 familiaris
2510 4373 2614 4429 est,
2642 4364 3170 4435 responsionemque
3197 4366 3398 4422 elicere
3424 4368 3600 4432 solet;

2022 4460 2159 4511 alter
2202 4472 2332 4511 vero
2382 4473 2411 4509 a
2444 4455 2704 4526 praedicto
2751 4456 3104 4510 vehementer
3130 4456 3332 4523 diﬂ‘ert,
3382 4459 3607 4515 denotat

2021 4549 2168 4602 enim
2217 4556 2460 4615 precatus
2487 4556 2564 4600 est
2610 4558 2662 4600 et
2708 4547 3017 4616 postulavit.
3052 4546 3233 4617 Atque
3275 4548 3363 4604 hic
3394 4549 3605 4618 signiﬁ—

2020 4654 2180 4697 catus
2204 4642 2350 4697 haud
2377 4642 2560 4696 minus
2581 4641 2755 4695 altero
2787 4640 2839 4694 in
2859 4639 3060 4696 divinis
3083 4640 3325 4696 oraculis
3347 4640 3606 4712 frequens

2020 4736 2283 4791 occurrit.
2303 4733 2438 4790 Nam
2464 4752 2483 4786 ι
2507 4734 2733 4806 rogabat
2760 4734 3163 4805 eleemosynam
3191 4748 3207 4799 ;
3242 4751 3261 4785 ›
3292 4743 3348 4789 et
3386 4754 3405 4787 ι
3425 4733 3607 4807 Roga-

2024 4838 2222 4884 verunt
2249 4842 2399 4894 eum,
2425 4826 2703 4896 Magister,
2730 4825 3001 4880 manduca
3026 4824 3102 4891 ¹³;
3136 4843 3153 4876 ι
3182 4834 3235 4879 et
3263 4843 3277 4880 :
3308 4843 3327 4877 ι
3355 4824 3507 4895 Rogo
3526 4833 3602 4889 te,

2022 4921 2164 4976 habe
2209 4934 2297 4974 me
2326 4928 2648 4974 excusatum
2676 4918 2750 4981 I‘t;
2789 4937 2808 4969 ι
2847 4926 2903 4970 et
2937 4935 2950 4971 :
2986 4936 3003 4967 ι
3036 4914 3284 4986 Rogabat
3314 4932 3442 4972 eum
3481 4920 3607 4988 qui-

2020 5016 2144 5069 dam
2194 5013 2527 5076 Pharisaaus,
2565 5019 2626 5065 ut
2672 5025 2858 5065 secum
2890 5009 3073 5064 cibum
3124 5017 3347 5077 caperet
3374 5007 3457 5075 ";
3491 5026 3512 5060 ι
3552 5018 3605 5063 et

2023 5108 2076 5160 in
2131 5105 2384 5175 plurimis
2419 5104 2544 5159 aliis
2574 5104 2711 5158 locis
2755 5101 2924 5157 verbo
2977 5099 3107 5155 huic
3144 5099 3429 5155 notionem
3474 5115 3605 5171 pre-

2021 5200 2181 5255 candi
2231 5198 2459 5252 subesse
2512 5195 2788 5251 neminem
2851 5194 3001 5249 latet.
3054 5193 3168 5247 lmo
3214 5206 3346 5247 vero
3394 5195 3603 5264 rogavit

2023 5289 2264 5344 sumitur
2312 5288 2476 5340 etiam
2520 5300 2621 5355 pro
2665 5284 2976 5355 imperavit,
3021 5282 3076 5337 in
3125 5282 3401 5338 mandatis
3433 5284 3604 5345 dedit,

2018 5381 2210 5433 edixit.
2250 5398 2269 5430 ι
2303 5378 2619 5433 Conscensa
2643 5416 2659 5444 ,
2711 5378 2787 5431 ait
2822 5374 3125 5445 Scriptura,
3156 5376 3318 5430 Jesus
3364 5373 3606 5429 Simoni.~

330 5482 502 5539 τησεν
527 5474 691 5527 αὐτὸν
717 5470 829 5524 ἀπὸ
854 5470 955 5539 τῆς
978 5472 1083 5539 γῆς
1115 5471 1486 5540 ἐπαναγαγεῖν
1514 5471 1716 5538 ὀλίγον’
1745 5490 1762 5522 ι
1793 5472 1915 5526 οὐδὲ

2023 5473 2297 5538 navicula,
2334 5474 2546 5542 regavit
2574 5487 2699 5526 eum
2730 5481 2787 5526 ut
2827 5487 2857 5524 ιι
2895 5477 3041 5524 terra
3074 5469 3296 5539 paulum
3331 5467 3608 5524 subduce-

329 5563 449 5633 γάρ
500 5561 846 5632 ἀποκρίσεως
886 5565 1036 5617 ἐστιν
1066 5564 1364 5636 ἀπαίτησις
1396 5566 1430 5635 ἡ
1459 5565 1650 5636 φωνὴ,
1686 5566 1808 5619 οὐδὲ
1854 5567 1917 5620 τὸ

2024 5576 2105 5623 ret
2128 5568 2188 5619 ίθ.
2226 5585 2246 5617 ι
2284 5565 2496 5621 Etenim
2530 5565 2581 5618 id
2612 5563 2840 5618 verbum
2879 5561 3029 5617 haud
3064 5561 3154 5617 hic
3188 5560 3603 5632 responsionem

411 5679 457 5709 ¹⁰
482 5676 671 5730 Matth.
704 5691 821 5740 3m,
845 5677 937 5733 (ξι.
1021 5679 1065 5711 ιι
1098 5678 1259 5735 Marc.
1288 5678 1477 5745 xt,2l.

340 5749 392 5782 ³⁸
433 5747 567 5802 Luc.
601 5763 692 5805 xv,
728 5748 779 5800 4.

632 5844 915 5905 Ριτιιοι..
958 5842 1074 5903 Gn.
1107 5842 1199 5905 Gl.

1558 5680 1599 5711 "
1622 5681 1744 5736 Act.
1780 5696 1861 5743 ιιι,
1894 5681 1943 5734 '5.

2028 5680 2069 5712 ³³
2103 5680 2262 5735 Joan.
2302 5694 2376 5741 tv,
2408 5678 2497 5732 5|.
2578 5676 2620 5708 ⁸⁵
2655 5676 2789 5732 Luc.
2830 5691 2942 5745 xw,
2980 5675 3068 5729 lO.
3146 5676 3188 5706 ¹⁸
3218 5675 3350 5730 Luc.
3382 5687 3481 5737 ut,
3510 5670 3607 5727 3”.

3195 5847 3231 5898 0
