4084 6458
591 306 693 369 163

586 414 798 483 poscit;
872 427 1043 480 neque
1106 411 1285 465 oravit
1354 410 1665 482 signiﬁcat;

587 517 865 576 nutusque
899 505 1011 559 vice
1042 503 1311 574 fungitur.
1356 506 1521 574 quue
1564 504 1799 558 maxime
1825 519 1892 557 ex
1934 502 2022 565 iis,
2052 517 2175 571 qua:

586 602 726 655 hanc
764 599 1095 654 locutionem
1129 600 1445 668 praicedunt
1490 608 1543 652 et
1575 615 1697 668 qua:
1736 598 2169 667 subsequuntur,

582 691 993 760 cognoscitur:
1040 704 1146 742 non
1211 689 1385 743 solum
1440 690 1608 757 quia,
1669 688 1800 741 dum
1867 684 2173 755 magistrali

583 798 837 835 sermone
881 792 1147 844 uteretur,
1183 781 1424 851 dumque
1452 782 1711 851 populum
1747 779 1905 834 avide
1940 778 2171 832 audien-

585 884 693 927 tem
743 874 989 937 haberet,
1045 874 1261 943 sibique
1318 882 1376 925 ut
1427 873 1637 927 doctori
1674 872 1911 925 honores
1957 868 2170 924 debitos

583 966 960 1031 exhibentem,
1014 981 1113 1035 par
1162 975 1282 1019 erat
1332 963 1677 1019 Servatorem
1727 979 1852 1019 cum
1904 961 2171 1031 dignitate

572 1058 767 1127 loqui;
801 1058 893 1112 sed
928 1058 1057 1126 quia
1087 1067 1141 1112 et
1173 1056 1334 1125 paulo
1376 1066 1519 1126 post,
1557 1055 1690 1109 dum
1744 1054 1911 1111 simili
1950 1054 2166 1109 actione

585 1151 662 1203 uti
705 1150 925 1204 Petrum
962 1150 1182 1218 juberet
1214 1148 1396 1215 Jesus,
1432 1164 1531 1219 pro
1576 1150 1801 1218 rogavit,
1832 1148 2169 1217 evangelista

582 1240 738 1309 ponit
783 1241 945 1296 simili
972 1241 1024 1294 vi
1068 1241 1229 1293 dixit.
1266 1239 1473 1294 Etenim
1509 1258 1527 1291 ι
1562 1238 1731 1304 Dixit,
1764 1241 1864 1303 ait,
1911 1237 2166 1293 Simoni:

584 1333 774 1387 Reduc
819 1333 872 1386 in
934 1333 1128 1397 altum,
1180 1343 1345 1402 atque
1397 1334 1447 1386 in
1497 1333 1734 1403 praedam
1796 1331 1932 1386 retia
1989 1341 2168 1387 vestra

581 1422 854 1476 demittite
880 1423 942 1475 ιτ.
975 1440 994 1473 ι
1032 1420 1252 1476 Scilicet
1277 1431 1571 1490 utrumque
1615 1421 1843 1475 verbum
1878 1421 2082 1491 rogavit
2113 1428 2169 1475 et

582 1514 721 1567 dixit
752 1515 1127 1583 imperativam
1162 1514 1271 1566 vim
1299 1512 1518 1567 habent.
1553 1512 1657 1566 Sed
1689 1528 1813 1582 qua:
1844 1511 2165 1566 summatim

587 1606 855 1661 hactenus
891 1604 1005 1659 dixi
1032 1604 1168 1659 satis
1196 1603 1450 1658 videntur
1482 1602 1801 1657 necessitati
1835 1612 1939 1657 tuae
1963 1602 2162 1657 facere.

586 1696 843 1753 Profecto
878 1696 1022 1752 enim
1063 1704 1113 1751 te
1155 1710 1263 1750 non
1304 1695 1511 1757 latebit,
1544 1695 1817 1749 dictorum
1853 1695 1961 1749 huc
1988 1709 2167 1765 usque

584 1802 905 1855 memorem,
949 1787 1075 1857 quis
1110 1787 1443 1855 quibusnam
1489 1800 1659 1841 sacrae
1690 1785 1987 1854 Scriptura:
2032 1786 2169 1843 locis

584 1880 927 1947 signiﬁcatus
985 1879 1136 1934 verbi
1190 1879 1456 1947 respondit
1519 1878 1747 1933 idoneus
1796 1876 2019 1933 futurus
2076 1879 2165 1935 sit.

585 1969 791 2023 Caetera
810 1976 994 2023 autem
1025 1983 1157 2023 voca
1170 1968 1318 2033 bula,
1340 1984 1574 2038 quorum
1600 1968 1747 2022 varia
1766 1968 2170 2039 significatione

585 2074 752 2113 sacra:
799 2059 1017 2115 Littera:
1068 2069 1317 2123 utuntur,
1346 2059 1542 2129 partim
1585 2058 1700 2129 jam
1754 2062 2005 2117 oratione
2050 2078 2168 2117 mea

584 2154 981 2221 comprehensa
1021 2151 1261 2213 luerunt,
1295 2151 1487 2219 partim
1533 2166 1686 2216 vero,
1717 2151 1903 2207 divina
1933 2169 2033 2209 nos
2061 2155 2173 2208 cle-

588 2248 787 2301 mentia
840 2246 1029 2301 mitius
1088 2244 1455 2315 respiciente,
1511 2258 1643 2299 mox
1705 2242 1943 2301 fortasse
2001 2260 2167 2316 expo-

585 2346 803 2393 nentur.

963 2446 1293 2516 QUESTIO
1320 2448 1462 2503 XXII
1493 2448 1590 2521 [αι.
1615 2445 1787 2522 XXI].

585 2542 762 2608 Quare
838 2558 941 2595 non
997 2542 1304 2611 priusquam
1366 2550 1617 2595 statueret
1684 2541 1879 2611 Ioseph
1945 2540 2175 2596 Mariam

640 2613 951 2675 dimittere,
998 2612 1172 2664 astitit
1210 2611 1427 2680 angelus
1468 2612 1605 2663 hanc
1638 2627 1824 2665 curam
1856 2616 2173 2679 prwveniens

655 2692 703 2734 et
729 2683 948 2745 tollens;
976 2683 1065 2735 sed
1100 2683 1311 2734 nonnisi
1353 2696 1470 2733 rum
1488 2697 1519 2732 a
1539 2697 1665 2733 cura
1693 2683 1761 2734 ad
1789 2692 1966 2734 actum
1995 2692 2176 2736 trans—

657 2753 741 2812 iit,
772 2762 891 2821 tum
916 2751 1275 2819 prohibiturus
1326 2751 1668 2821 supervenit?
1718 2750 1785 2804 Et
1826 2768 1992 2821 quare
2052 2752 2173 2807 Vir-

652 2823 825 2891 ginem
857 2819 1074 2889 Joseplti
1099 2821 1371 2873 mulierem
1394 2820 1576 2875 dicit?

1750 304 2012 363 PllOTII
2055 303 2565 364 I’ATRIARCILE
2591 305 2700 365 ΟΡ.
3781 302 3871 373 lu

1758 412 1853 466 sed
1928 408 2173 464 mandati
2203 418 2245 473 Α
2278 410 2659 479 παρεκάλεσεν
2702 410 2935 465 ἐνταῦθα
2988 412 3268 483 σημαίνει,
3314 411 3452 466 ἀλλ’
3506 411 3869 483 ἐπιτάγματος

2278 504 2372 554 καὶ
2402 503 2622 574 ἐντολῆς
2656 504 3021 575 προϐάλλεται
3046 508 3238 576 χρείαν
3261 521 3277 538 ⁸
3311 507 3417 560 καὶ
3448 506 3627 559 τοῦτο
3651 506 3868 575 μάλιστα

2274 597 2398 645 τότε
2427 594 2735 665 ἡγούμενον
2768 594 2861 649 τοῦ
2907 596 3066 664 λόγου
3095 598 3189 650 καὶ
3222 598 3284 651 τὸ
3323 596 3702 666 ἐπαγόμενον
3740 616 3869 672 παρ·

2279 686 2436 755 ιστᾷ·
2497 686 2596 756 οὑχ
2639 688 2723 740 ὅτι
2772 686 2935 757 μόνον
2977 687 3342 759 διδασκαλικῷ
3380 688 3549 760 λόγῳ
3579 688 3870 759 χρώμενος,

2275 778 2369 830 καὶ
2393 779 2483 831 τὸν
2513 779 2669 849 ὁχλον
2697 778 2839 849 ἔχων
2868 779 3041 849 ἡδέως
3062 781 3428 852 προσέχοντα,
3454 784 3562 835 καὶ
3591 781 3695 853 τὴν
3719 800 3867 853 xpos-

2274 870 2514 935 ἥκουσαν
2555 870 2860 941 διδασκάλῳ
2908 872 3076 942 τιμὴν
3107 873 3360 942 νέμοντα,
3415 874 3567 938 τοὺς
3615 874 3810 941 λόγους
3849 880 3874 929 ὀ

2273 961 2465 1031 Σωτὴρ
2500 961 2619 1032 μετ’
2653 962 2903 1026 ἐξουσίας
2931 964 3195 1027 ἐποιεῖτο,
3217 965 3332 1018 ἀλλ’
3358 966 3457 1019 ὅτι
3496 967 3604 1018 καὶ
3628 968 3748 1035 μετ’
3775 966 3876 1020 ὀλί-

2271 1070 2366 1121 γον
2415 1054 2567 1122 παρά
2598 1054 2815 1124 πλησίω
2846 1056 3048 1125 πράξει
3080 1057 3321 1126 χρῆσθαι
3369 1057 3480 1111 τὸν
3536 1056 3770 1127 Σίμωνα
3794 1078 3879 1113 κε-

2273 1143 2520 1207 λεύοντος
2555 1146 2648 1198 τοῦ
2693 1147 2893 1217 Ἰησοῦ,
2929 1148 3051 1200 ἀντὶ
3082 1149 3187 1203 τοῦ
3212 1149 3549 1217 ἠρώτησεν
3586 1152 3619 1202 ὁ
3665 1153 3879 1220 εὐαγγε-

2270 1236 2457 1308 λιστὴς
2489 1238 2551 1291 τὸ
2577 1234 2708 1291 εἷπε
2737 1241 2836 1310 τῆς
2863 1239 3057 1309 ὁμοίας
3099 1242 3287 1310 χρείας
3316 1243 3643 1313 προτάττει
3664 1262 3679 1275 ο
3710 1265 3729 1296 ι
3758 1244 3878 1298 Εἷπε

2270 1332 2399 1402 γὰρ,
2437 1334 2593 1403 φησὶ,
2626 1334 2762 1403 πρὸς
2804 1335 2896 1388 τὸν
2932 1335 3183 1405 Σίμωνα,
3243 1338 3626 1407 Ἐπανάγαγε
3666 1341 3802 1410 πρὸς
3828 1341 3882 1393 τὸ

2273 1422 2461 1493 βάθος,
2514 1426 2607 1477 καὶ
2634 1426 2903 1495 χαλάσατε
2934 1427 3005 1479 τὰ
3035 1427 3228 1481 δίκτυα
3280 1431 3446 1499 ὑμῶν
3476 1433 3569 1495 είς
3607 1433 3787 1502 ἄγραν
3806 1453 3818 1463 ·
3849 1454 3865 1485 ι

2272 1517 2688 1588 προστακτικὴν
2714 1518 2823 1587 γὰρ
2854 1520 3022 1587 ἄμφω
3050 1520 3285 1589 δύναμιν
3314 1522 3457 1591 ἔχει.
3513 1522 3692 1577 Ἀλλὰ
3720 1525 3880 1578 ταῦτα

2273 1608 2374 1679 μὲν
2403 1610 2477 1674 ὡς
2505 1610 2563 1661 ὲν
2593 1611 2874 1681 κεφαλαίῳ
2903 1613 3000 1666 καὶ
3029 1613 3128 1684 τὴν
3158 1614 3258 1684 σὴν
3286 1608 3451 1685 οἶμαι
3481 1616 3693 1685 χρείαν
3731 1618 3879 1671 ἱκανὰ

2272 1700 2599 1771 πληρῶσαι·
2658 1702 2719 1755 οὐ
2766 1702 2877 1772 γὰρ
2923 1703 2989 1757 ἀν
3027 1721 3085 1756 σε
3138 1706 3365 1775 λήσεται
3406 1708 3663 1777 μνήμην
3700 1708 3883 1777 ἔχοντα

2270 1793 2380 1847 τῶν
2409 1793 2742 1863 εἰρημένων,
2800 1794 2985 1857 ποίαις
3014 1794 3125 1848 τῶν
3155 1796 3317 1866 ιερῶν
3352 1796 3575 1863 λογίων
3614 1797 3881 1867 περιόδοις

2269 1884 2392 1939 τίνα
2430 1886 2539 1939 τῶν
2572 1884 2665 1939 τοῦ
2698 1887 2993 1954 ἀπεκρίθη
3020 1888 3447 1957 σημαινομένων
3470 1890 3878 1959 ἐφαρμοσθείη·

2270 1977 2383 2032 τῶν
2416 1977 2462 2030 δ’
2490 1977 2667 2032 ἀλλων
2715 1979 2978 2049 ῥημάτων
3025 1974 3107 2042 οἷς
3142 1978 3211 2032 τὰ
3258 1981 3380 2050 ἱερά
3420 1982 3757 2051 γράμματα
3791 1982 3878 2034 ἐπὶ

2270 2067 2552 2140 διαφόρων
2584 2068 2929 2139 πραγμάτων
2960 2071 3267 2139 ἐχρήσατο,
3300 2072 3371 2123 τὰ
3406 2072 3521 2141 μὲν
3582 2072 3692 2143 ἤδη
3746 2073 3879 2142 λόγῳ

2274 2161 2683 2230 περιείληπται,
2721 2162 2788 2214 τὰ
2811 2160 2869 2213 δὲ
2898 2162 2996 2231 τῆς
3026 2162 3172 2225 θείας
3199 2162 3638 2234 φιλανθρωπίας
3661 2164 3876 2234 εὐμενέ-

2277 2268 2468 2322 στερον
2502 2254 2583 2316 εἰς
2617 2253 2767 2322 ἡμᾶς
2795 2252 3012 2324 ὁρώσης
3038 2254 3179 2324 τάχα
3207 2254 3272 2308 ἂν
3307 2256 3802 2328 ὑποϐληθήσεται.

2810 2446 3163 2499 ἘΡΩΤΗΣΙΣ
3189 2447 3318 2505 κη’.

2278 2540 2337 2593 Τί
2368 2539 2595 2605 δήποτε
2626 2538 2769 2607 πρὶν
2806 2539 3205 2605 διανοηθῆναι
3271 2541 3378 2594 τὸν
3429 2540 3679 2609 Ἰωσηρ
3727 2541 3864 2595 ἀπο·

2341 2610 2527 2681 λῦσαι
2553 2609 2670 2676 τὴν
2700 2612 2954 2677 Μαριὰμ,
2997 2610 3349 2681 μὴνὲπέστη
3377 2615 3411 2665 d
3432 2612 3713 2681 ἄγγελος
3768 2614 3865 2681 αὑ-

2343 2680 2459 2747 τὴν
2506 2681 3023 2746 προαναστέλλων
3052 2680 3168 2745 τὴν
3202 2680 3494 2748 μελέτην,
3530 2680 3537 2681 ί
3570 2683 3720 2735 ἀλλ’
3778 2680 3869 2732 ὅτε

2347 2750 2497 2818 πρὸς
2528 2748 2643 2817 τὴν
2664 2749 2887 2817 πρᾶξιν
2908 2750 3026 2804 ἀπὸ
3056 2749 3167 2817 τῆς
3183 2751 3443 2818 μελέτης
3468 2752 3725 2816 κατέϐη,
3745 2750 3864 2803 τότε

2346 2820 2641 2891 κωλύσων
2675 2820 3027 2891 έφίσταται;
3051 2824 3146 2891 καί
3177 2820 3274 2873 διὰ
3300 2823 3358 2873 τί
3378 2823 3499 2891 τὴν
3536 2820 3861 2890 Παρθένον,

2349 2890 2603 2961 γυναῖκα
2632 2888 2793 2959 λέγει
2814 2888 2923 2943 τοῦ
2964 2889 3223 2959 Ἰωσήφ;

1198 2992 1342 3043 Edita
1362 3006 1390 3041 a
1411 2991 1556 3052 Maio,
1581 2996 1709 3044 Nov.
1739 2992 1885 3055 eou.,
1913 3001 1947 3045 t.
1968 2994 2051 3055 IX,
2079 3010 2126 3059 p.
2153 2998 2171 3046 ε

2273 3004 2321 3053 ι.
2344 3004 2605 3057 Enamtio
2625 3004 2678 3054 in
2706 3004 2988 3056 Mattheum
3015 3021 3051 3066 ι,
3081 3007 3243 3055 18-20.

645 3099 735 3155 ·[)ο
803 3097 1079 3168 preposita
1146 3099 1451 3169 quaestione
1498 3109 1554 3155 et
1602 3100 1888 3155 beatorum
1944 3100 2166 3157 Patrum

588 3202 907 3246 nOStrorum
965 3204 1073 3241 non
1109 3188 1269 3258 pauci
1297 3187 1711 3253 disseruerunt;
1746 3198 1799 3242 et
1846 3190 1964 3243 scio
2000 3205 2171 3260 quos-

584 3284 709 3338 dam
760 3296 827 3335 ex
873 3280 940 3335 iis
981 3280 1191 3335 dixisse
1252 3288 1383 3335 tunc
1426 3280 1690 3349 temporis
1738 3282 1989 3351 angelum
2040 3284 2175 3339 asti-

587 3375 719 3428 tisse
748 3382 801 3427 et
828 3387 858 3426 a
889 3371 1173 3441 proposito
1198 3370 1348 3424 illum
1378 3371 1703 3436 removisse,
1737 3387 1805 3426 ne
1829 3371 1935 3426 (ide
1961 3384 2174 3429 careret

586 3480 712 3519 cum
744 3463 1095 3517 annuntiaret
1140 3460 1419 3532 Virginem
1456 3463 1771 3531 concipere,
1806 3462 1902 3518 sed
1936 3464 1987 3517 in
2018 3474 2174 3521 utero

586 3564 858 3626 gestatum
897 3554 1217 3625 gestationis
1270 3562 1463 3608 testem
1504 3563 1565 3607 ut
1604 3554 1851 3609 haberet.
1884 3552 2093 3611 Forsan
2119 3568 2173 3613 et

586 3648 677 3701 alii
702 3648 835 3701 tales
850 3645 1116 3716 quasdam
1140 3645 1447 3698 attulerunt
1474 3644 1716 3700 rationes
1736 3660 1845 3712 prae
1868 3648 2174 3704 attrahente

587 3740 788 3795 divinae
817 3738 1096 3808 sapientia:
1136 3749 1309 3792 motu.
1364 3736 1495 3790 Mihi
1542 3745 1724 3791 autem
1760 3738 1974 3793 videtur
2002 3749 2057 3794 et
2089 3741 2173 3795 di-

588 3842 801 3888 ctorum
845 3839 901 3886 et
947 3829 1218 3884 factorum
1265 3829 1693 3897 unumquodque
1742 3832 2020 3900 propriam
2060 3834 2171 3887 vim

590 3924 814 3989 habere,
842 3922 1063 3994 quando
1104 3922 1382 3992 proprium
1418 3930 1702 3990 exspectat
1748 3929 1995 3991 tempus;
2027 3923 2172 3994 quod

589 4016 736 4071 enim
786 4032 897 4071 non
935 4025 1020 4069 est
1069 4021 1464 4084 opportunum,
1516 4014 1675 4078 solet,
1735 4026 1794 4069 ut
1820 4015 2169 4087 plerumque,

590 4106 840 4163 elﬁcacim
876 4106 985 4160 vim
1020 4105 1294 4175 frangere.
1339 4104 1571 4171 Quando
1617 4105 1784 4175 igitur
1830 4106 1884 4159 in
1912 4107 2171 4161 consilio-

591 4214 715 4254 rum
764 4200 1005 4269 inopiam
1042 4198 1245 4253 decidit
1291 4196 1512 4266 Joseph,
1564 4206 1695 4252 tunc
1728 4198 1903 4252 astitit
1943 4200 2170 4270 angelus

590 4307 851 4347 sensuum
898 4290 1234 4345 contentioni
1294 4289 1458 4343 ﬁnem
1510 4290 1887 4355 impositurus.
1940 4289 2171 4355 Quando

588 4384 735 4438 enim
785 4385 839 4438 in
890 4384 1101 4438 incerto
1148 4381 1335 4445 fuerit,
1388 4389 1444 4435 et
1482 4382 1777 4437 contrariis
1808 4383 2167 4439 consiliorum

2340 3110 2479 3181 Περὶ
2509 3109 2604 3164 τοῦ
2639 3112 3005 3182 προκειμένου
3041 3111 3355 3183 ζητήματος
3398 3114 3495 3167 καὶ
3539 3115 3659 3167 τῶν
3690 3130 3859 3183 μακι-

2278 3200 2410 3271 ρίων
2445 3202 2605 3272 ἡμῶν
2666 3201 2928 3271 Πατέρων
2956 3203 3056 3254 οὐκ
3107 3202 3281 3269 ὀλίγοι
3321 3204 3605 3259 διέλαϐον·
3636 3204 3731 3258 καὶ
3751 3199 3857 3256 οἶδα

2275 3294 2428 3357 τινὰς
2453 3293 2632 3347 αὐτῶν
2656 3294 2934 3360 εἰπόντας,
2956 3293 3045 3347 διὰ
3058 3293 3220 3347 τοῦτο
3247 3296 3560 3365 τηνικαῦτα
3584 3296 3681 3350 τὸν
3706 3294 3858 3363 ἀγγε-

2274 3388 2365 3443 λον
2422 3390 2709 3458 ἐπιστῆναι
2737 3389 2956 3458 καὶτῆς
2992 3389 3171 3459 ὁρμῆς
3204 3390 3295 3443 τὸν
3328 3391 3547 3445 δίκαιον
3589 3391 3852 3459 ἐπισχεῖν,

2275 3480 2362 3535 ἵνα
2394 3480 2471 3551 μὴ
2513 3481 2678 3552 δεηθῇ
2701 3479 2940 3543 πίστεως
2964 3481 3160 3551 ἑτέρας
3192 3482 3345 3534 κύειν
3373 3481 3741 3551 ἐπαγγέλλων
3767 3480 3855 3548 τὴν

2276 3568 2577 3642 Παρθένον,
2634 3569 2751 3622 ἀλλ’
2783 3568 2881 3643 ἔχῃ
2913 3570 2973 3622 τὸ
2999 3569 3441 3641 κυοφορούμενον
3467 3574 3737 3644 μάρτυρα
3765 3570 3851 3638 τῆς

2272 3662 2588 3731 κυοφορίας.
2617 3662 2773 3731 Τάχα
2800 3662 2846 3714 δ’
2880 3661 2945 3715 ἂν
2987 3663 3081 3714 καὶ
3136 3663 3315 3733 ἕτεροι
3384 3666 3653 3727 τοιαύτας
3712 3662 3852 3724 τινας

2272 3754 2542 3808 ἀπέδοσαν
2563 3754 2739 3816 αἰτίας
2768 3753 3002 3807 καθόσον
3037 3756 3253 3809 εἵλκυσε
3284 3758 3382 3827 τῆς
3413 3758 3630 3811 ἀνωθεν
3652 3756 3847 3825 σοφίας.

2285 3846 2439 3915 Ἐμοὶ
2459 3845 2515 3898 δὲ
2546 3844 2694 3898 δοκεῖ
2720 3845 2831 3897 τῶν
2889 3845 3200 3915 λεγομένων
3241 3864 3300 3899 τε
3338 3847 3432 3900 καὶ
3462 3845 3850 3919 πραττομένων

2270 3938 2393 3991 τότε
2424 3937 2522 4008 τὴν
2570 3938 2777 3991 οἰκείαν
2838 3939 2990 4009 ἰσχὺν
3036 3939 3267 3992 ἕκαστον
3292 3940 3583 4011 παρέχειν,
3638 3940 3726 3993 ὅτε
3764 3934 3848 3987 τὸν

2269 4030 2469 4083 οἰκεῖον
2496 4028 2688 4100 καιρὸν
2712 4030 2974 4100 ἀναμένει
2996 4046 3008 4059 ·
3028 4029 3090 4082 τὸ
3110 4030 3219 4100 γὰρ
3239 4032 3468 4100 ἄκαιρον
3496 4048 3567 4085 πε
3578 4028 3847 4102 ριθραύειν

2270 4122 2463 4175 εἴωθεν
2485 4122 2561 4186 ὡς
2590 4122 2659 4174 τὰ
2684 4122 2855 4176 πολλὰ
2880 4126 2981 4195 τῆς
3013 4122 3295 4194 ἐνεργείας
3337 4125 3433 4193 τὴν
3477 4124 3742 4193 δύναμιν
3765 4120 3843 4172 ὅτε

2270 4210 2365 4268 οὖν
2391 4217 2470 4277 είς
2515 4216 2750 4286 ἀπορίαν
2802 4214 3079 4285 λογισμῶν
3133 4216 3371 4286 κατέστη
3401 4218 3428 4268 ὁ
3468 4216 3699 4287 Ἰωσὴφ,
3731 4211 3841 4265 τότε

2270 4307 2369 4378 τὴν
2399 4306 2514 4378 ἔριν
2540 4309 2566 4359 ὁ
2585 4307 2814 4376 ἄγγελος
2848 4308 3049 4378 ἐπέστη
3078 4308 3219 4361 λύων
3247 4308 3356 4361 τῶν
3385 4308 3688 4379 λογισμῶν.
3718 4306 3836 4357 Ὅτε

2269 4400 2326 4453 δὲ
2355 4400 2669 4471 διηπορεῖτο
2699 4401 2794 4453 καὶ
2826 4403 2947 4463 ταῖς
2976 4400 3087 4452 τῶν
3130 4399 3452 4454 διαϐουλιῶν
3510 4395 3841 4455 ἀντιπνοίαις

532 4538 535 4541 γ
592 4479 768 4533 ventis
821 4477 1096 4531 lluetuarit
1129 4517 1143 4540 ,
1198 4475 1390 4545 agendi
1422 4489 1552 4527 cura
1589 4472 1938 4527 manifestum
1988 4471 2162 4527 fecit:

2274 4490 2624 4560 ὲκυμαίνετο,
2682 4490 2838 4560 δῆλον
2879 4491 2913 4561 ἡ
2960 4490 3162 4561 μελέτη
3206 4493 3307 4562 τῆς
3362 4491 3619 4561 πράξεως
3668 4487 3833 4542 ποιεῖ’

595 4592 615 4623 ι
648 4569 875 4626 Volebat
923 4570 1091 4633 enim,
1151 4567 1347 4636 inquit,
1401 4576 1613 4621 secreto
1652 4580 1771 4619 eam
1810 4563 2115 4628 dimittere;
2150 4581 2167 4613 ι

592 4680 698 4717 non
767 4672 947 4716 autem
1015 4668 1229 4715 secreto
1298 4668 1393 4713 aut
1457 4658 1655 4726 quovis
1719 4655 1885 4711 modo
1937 4655 1991 4709 id
2057 4664 2172 4710 sta-

592 4755 806 4820 tuisset,
860 4754 907 4809 si
950 4752 1137 4823 spuria
1196 4750 1388 4806 sobole
1439 4759 1744 4806 tumescere
1790 4757 2009 4803 uterum
2052 4763 2175 4818 per-

591 4860 817 4900 suasum
853 4842 1171 4909 habuisset;
1210 4844 1305 4898 sed
1330 4849 1523 4895 contra
1565 4854 1689 4895 cum
1732 4838 1918 4909 justus
1943 4846 2089 4892 esset
2121 4845 2175 4891 et

592 4950 807 4999 amans,
840 4944 894 4990 et
945 4934 1080 5003 legis
1118 4932 1617 5001 transgressionem
1668 4928 1844 4999 magis
1879 4942 2047 4998 quam
2076 4927 2172 4996 qui

596 5028 832 5082 maxime
848 5027 1077 5091 odisset,
1105 5025 1287 5095 legum
1304 5020 1661 5078 vindicationi
1691 5018 2030 5075 matrimonii
2059 5017 2177 5072 fur-

592 5126 706 5173 tum
742 5134 960 5175 omnem
995 5121 1047 5173 in
1094 5116 1273 5187 ipsum
1313 5124 1490 5171 ortam
1538 5112 1909 5182 suspicionem
1954 5109 2174 5167 solvens

595 5210 953 5284 prodidisset,
977 5225 1133 5266 suam
1150 5216 1343 5263 autem
1362 5205 1719 5262 excellentem
1751 5202 2026 5273 justitiam
2055 5216 2175 5257 ser-

596 5314 822 5362 vasset:
861 5302 956 5359 sed
1007 5302 1232 5357 minime
1278 5301 1381 5355 hoc
1426 5311 1755 5369 persuasum
1803 5294 2061 5359 habebat,
2112 5300 2174 5348 nt

598 5407 765 5468 patet.
800 5395 965 5451 Multa
1002 5397 1147 5450 enim
1174 5395 1396 5464 pignora
1435 5391 1710 5462 praebebat
1737 5388 1904 5459 Virgo
1935 5402 2057 5458 quae
2087 5397 2173 5441 ta-

600 5488 702 5540 lem
736 5486 881 5542 illius
910 5485 1273 5556 suspicionem
1319 5492 1564 5539 avertere
1611 5481 1898 5536 valebant:
1930 5480 2053 5533 vitae
2080 5493 2173 5532 ac-

601 5590 845 5633 curatam
875 5578 1231 5651 diligentiam,
1258 5576 1578 5633 studiorum
1606 5572 2176 5638 sanetimoniam,dis-

674 5738 715 5769 ‘7
751 5736 883 5792 Luc.
919 5754 967 5801 ν,
999 5740 1054 5793 ὁ.

2281 4601 2296 4633 ι
2321 4581 2623 4652 Ἦόουλήθη
2656 4582 2785 4652 γὰρ,
2810 4582 2967 4652 φησὶ,
2993 4583 3168 4654 λάθρα
3192 4583 3461 4636 ἀπολῦσαι
3487 4583 3681 4654 αὐτήν·
3702 4598 3721 4633 ›
3752 4577 3837 4631 οὐκ

2274 4672 2341 4726 ἂν
2366 4670 2491 4725 οὔτε
2543 4671 2721 4745 λάθρα
2752 4672 2996 4743 δηλονότι
3027 4672 3151 4726 οὔτε
3180 4674 3316 4737 ὅλως
3341 4674 3629 4744 ἐκπέμψαι
3657 4670 3835 4743 βουλη-

2272 4763 2405 4827 θεὶς,
2425 4766 2473 4817 εί
2494 4764 2645 4817 νόθου
2668 4764 2835 4833 γονῆς
2853 4764 2946 4817 τὸν
2965 4764 3132 4834 ὄγκον
3152 4766 3443 4818 ἐπέπειστο
3464 4765 3565 4835 τῆς
3594 4760 3833 4835 γαστρός·

2271 4855 2407 4910 ἀλλά
2436 4856 2747 4910 τούναντίον
2781 4855 2989 4919 δίκαιος
3020 4855 3095 4909 ὢν
3128 4857 3225 4909 καὶ
3257 4855 3495 4927 ἐραστὴς
3526 4861 3622 4909 καί
3674 4868 3832 4921 παρα·

2274 4947 2469 5020 νομίαν
2495 4949 2630 5012 εἴτις
2660 4948 2817 5010 ἄλλος
2851 4948 3049 5017 μισῶν,
3079 4949 3228 5019 νόμῳ
3264 4948 3327 5002 ἂν
3354 4950 3449 5001 uati.
3480 4948 3722 5021 τιμωρία
3750 4940 3832 4995 τοῦ

2274 5042 2454 5112 γάμου
2510 5041 2609 5112 τὴν
2675 5040 2904 5111 κλοπὴν,
2968 5039 3113 5093 λύων
3140 5057 3199 5093 τε
3225 5041 3410 5094 πᾶσαν
3463 5041 3718 5094 ὑπόνοιαν
3761 5034 3831 5093 εἰς

2274 5134 2438 5187 αὑτὸν
2489 5134 2870 5203 ἀναφυομένην
2927 5134 3192 5203 πονηρὰν,
3224 5135 3317 5186 καὶ
3360 5132 3453 5185 τοῦ
3494 5133 3703 5186 δικαίου
3744 5126 3833 5195 τὴν
3872 5204 3875 5205 ν

2273 5225 2612 5298 προστασίαν
2638 5226 2698 5278 οὐ
2727 5223 3038 5296 προδιδοῦς’
3068 5224 3207 5278 ἀλλά
3254 5224 3414 5277 τοῦτο
3448 5224 3547 5293 μὲν
3592 5222 3831 5292 οῠμενουν

2273 5318 2505 5384 οὐδόλως
2556 5318 2879 5372 έπέπειστο’
2934 5318 3135 5382 πολλὰς
3194 5318 3361 5389 γάρὴ
3430 5318 3703 5389 Παρθένος
3748 5310 3831 5369 τὰς

2278 5412 2513 5478 πίστεις,
2540 5412 2597 5467 αἲ
2636 5413 2735 5482 τὴν
2764 5409 3023 5480 τοιαύτην
3089 5410 3253 5463 αὑτοῦ
3285 5407 3554 5482 ὑπὸληψιν
3613 5407 3828 5480 ἀφῄρουν

2278 5506 2532 5574 παρεῖχε,
2588 5505 2689 5575 τὴν
2750 5503 3041 5575 ἀκρίϐειαν
3068 5503 3161 5556 τοῦ
3208 5503 3345 5571 βίου,
3378 5504 3481 5574 τῆς
3509 5490 3824 5570 ἀναστροφῆς

2280 5595 2377 5666 τὴν
2435 5595 2765 5667 σεμνότητα,
2792 5594 2854 5647 τὸ
2876 5591 3118 5663 καθαρὸν
3166 5594 3266 5664 τῆς
3322 5593 3552 5661 διαίτης,
3601 5587 3693 5645 καὶ
3737 5577 3825 5649 ’πρὸ
