4084 6442
297 336 403 401 165

1289 339 1389 399 AD
1424 332 2027 399 AMPHILOCHIUM
2065 337 2414 410 QUESTIO
2447 340 2643 401 XXII.

3468 344 3570 410 166

289 450 502 503 τούτων
521 447 585 500 τὸ
606 448 673 501 ἐκ
703 444 963 517 λαμπροῦ
1005 445 1200 515 γένους
1247 444 1535 514 προελθεῖν
1566 444 1878 516 (βασιλικῆς

1992 444 2209 516 ciplinte
2281 447 2597 516 puritatem,
2627 456 2683 502 et
2707 458 2833 503 ante
2858 450 3040 505 omnia
3087 448 3235 506 illius
3274 466 3339 507 ex
3372 452 3567 511 illustri

290 543 401 611 γὰρ
433 539 529 592 καὶ
564 536 856 607 ἱερατικῆς
871 539 1143 608 κατήγετο
1164 536 1383 608 φυλῆς),
1408 536 1505 607 τὴν
1534 538 1593 589 ἐν
1616 535 1748 607 ἱερῷ
1776 535 1880 606 τῆς

291 634 520 703 πρώτης
543 630 763 700 ἡλικίας
782 630 1097 701 ἀνιέρωσινο
1120 628 1293 683 ταῦτα
1318 628 1643 683 καὶτούτων
1664 628 1887 682 πλείονα

296 723 527 794 μακρὰν
560 722 817 785 ὑπονοίας
844 721 966 792 οὐχὶ
987 723 1088 790 τῆς
1121 720 1337 791 ὁρώσης
1362 722 1444 784 είς
1493 720 1744 784 εὐθύνας,
1771 719 1887 773 ἀλλ’

289 816 418 869 οὐδὲ
443 816 543 883 τῆς
566 815 627 867 τὸ
649 812 900 883 ἀπρεπὲς
966 812 1376 882 εὐλαϐουμένης
1400 810 1493 865 τὸν
1560 810 1886 883 πρεσϐύτην

293 905 505 957 ἐποίει·
534 903 655 957 οὐδὲ
706 905 883 956 έκεῖνο
912 903 971 955 δὲ
998 903 1163 956 πάλιν
1224 903 1341 973 ᾔδει
1388 902 1488 972 τὴν
1534 901 1734 973 κύησιν
1786 902 1889 972 τῆς

294 994 451 1058 θείας
480 994 756 1064 ἐνεργείας
777 990 917 1047 εἶναι
940 1010 953 1023 ·
974 994 1116 1065 ὑπὲρ
1148 993 1359 1046 ἔννοιαν
1392 991 1499 1063 γὰρ
1532 991 1885 1064 ἀνθρωπίνην

293 1089 392 1139 καὶ
424 1087 580 1154 λόγον
612 1087 831 1140 ἅπαντα
860 1087 960 1156 τῆς
1012 1086 1142 1156 περὶ
1180 1086 1332 1156 ἡμᾶς
1370 1083 1509 1137 Θεοῦ
1548 1084 1884 1155 κηδεμονίας

282 1180 351 1229 τὸ
379 1179 542 1249 ἔργον
571 1178 809 1250 ὑπῆρχε.
849 1177 1051 1246 Διόπερ
1078 1178 1209 1240 τοὺς
1235 1176 1532 1248 λογισμοὺς
1562 1176 1887 1248 ἐνοχλούμε-

280 1287 405 1335 νος,
445 1271 546 1323 οὐκ
573 1266 686 1340 εἶχε
713 1272 943 1341 συνορᾷν
974 1272 1113 1341 ὅπερ
1142 1270 1664 1341 ἂνιδιαπραξάμενος
1694 1271 1797 1341 τήν
1825 1288 1885 1323 τε

281 1368 386 1418 τοῦ
417 1366 631 1419 δικαίου
676 1368 750 1437 μὴ
787 1366 1097 1438 καθυϐρίσῃ
1123 1365 1338 1437 κλῆσιν,
1372 1368 1470 1420 καὶ
1517 1366 1637 1436 Θεῷ
1670 1366 1885 1420 συνδια-

286 1457 485 1522 σώζων
508 1457 568 1511 τὸ
590 1458 885 1529 εὐάρεστον
911 1457 1131 1529 ὀφθείη.

364 1548 497 1599 Ὅτε
548 1546 729 1600 τοίνυν
758 1548 951 1607 ἐντοῖς
1009 1548 1273 1611 τοιούτοις
1323 1546 1671 1611 διεκλονεῖτο,
1728 1546 1883 1617 καὶὴ

285 1637 429 1708 πρὸς
461 1637 690 1705 θάτερον
711 1638 854 1707 ῥοπὴ
898 1638 996 1707 τῆς
1024 1637 1373 1707 ἀνθρωπίνης
1430 1638 1671 1707 κρίσεως
1707 1636 1882 1691 αὐτὸν

290 1728 654 1793 ἐπελελοίπει,
688 1728 808 1781 τότε
842 1727 963 1781 λίαν
998 1728 1276 1797 ἁρμοδίως
1311 1729 1407 1782 καὶ
1442 1728 1584 1781 κατὰ
1633 1726 1826 1797 καιρὸν
1849 1728 1879 1781 ό

292 1821 524 1888 ἄγγελος
549 1814 653 1891 ἧκε
689 1820 960 1891 στηρίζων
994 1792 1159 1872 αῦτοῦ
1207 1819 1309 1890 τὴν
1358 1792 1879 1889 κεκινημένηνῠδιά-
1908 1792 1956 1852 Β

293 1926 467 1972 νοιαν,
500 1909 586 1978 ἐφ’
614 1903 784 1977 οὗπερ
817 1907 926 1960 ἔδει
968 1908 1150 1977 μένειν
1209 1907 1529 1978 ὰκλόνητον,
1561 1909 1655 1962 καί
1686 1924 1873 1979 φησιν’

298 2018 320 2050 ι
346 2000 542 2068 Ἰωσὴφ
566 2000 680 2062 υίὸς
699 1998 883 2061 Δαϐὶδ,
909 1998 984 2070 μὴ
1016 1999 1264 2070 φοϐηθῇς
1282 2000 1623 2070 παραλαϐεῖν
1646 2002 1881 2073 Μαριὰμ

290 2094 400 2162 τὴν
444 2093 676 2160 γυναῖκά
725 2109 851 2146 σου’
898 2092 957 2145 τὺ
1008 2093 1114 2163 γὰρ
1174 2096 1233 2146 ἑν
1286 2092 1422 2164 αὐτῇ
1477 2093 1769 2165 γεννηθὲν,
1816 2095 1881 2148 ἐκ

292 2187 341 2238 Π
361 2184 615 2253 θεύματός
646 2185 795 2237 ἐστιν
823 2185 984 2253 ἁγίου
1004 2202 1018 2217 ’
1064 2184 1277 2249 τέξεται
1326 2184 1383 2239 δὲ
1426 2186 1563 2243 υἱὸν,
1590 2186 1686 2239 καὶ
1717 2185 1879 2239 καλέ-

293 2293 414 2338 σεις
430 2276 490 2327 τὸ
510 2275 680 2344 ὄνομα
698 2276 864 2329 αὑτοῦ
882 2274 1111 2346 Ἰησοῦν·
1136 2295 1155 2328 ι
1178 2276 1394 2347 μηκέτι,
1412 2276 1600 2345 φησὶν,
1624 2278 1721 2347 τῆς
1742 2277 1880 2347 ἀμη-

287 2366 485 2435 χανίας
540 2366 664 2428 ἔσο,
704 2366 839 2436 μηδέ
896 2382 957 2418 σε
1014 2364 1165 2431 δόξαι
1218 2366 1531 2437 μαχόμεναι
1598 2366 1879 2436 διαπορεῖν

282 2453 739 2508 ἁναπειθέτωσαν
769 2455 827 2506 τὸ
873 2456 1185 2524 πρακτέον
1248 2457 1316 2508 ὲκ
1364 2454 1684 2524 Πνεῦματός
1731 2458 1879 2509 ἐστιν

282 2547 454 2612 ἁγίου
481 2546 543 2598 τὸ
596 2548 654 2598 ἐν
718 2546 855 2617 αὖτῇ
920 2547 1217 2618 γεννηθέν·
1262 2547 1419 2617 ἁγίου
1460 2549 1515 2601 δὲ
1558 2547 1879 2619 Πνεύματος

287 2638 595 2708 παρουσία,
646 2638 743 2691 καὶ¹
797 2638 1012 2708 θέλημα
1051 2640 1275 2710 σαρκὸς,
1321 2640 1420 2694 οὐκ
1475 2634 1587 2694 οἷόν
1610 2642 1671 2694 τέ
1706 2642 1875 2707 ἐστιν,

282 2731 415 2784 οὐδέ
444 2749 503 2784 σε
541 2731 784 2801 λέληθεν,
841 2734 922 2795 είς
955 2732 1014 2785 ἒν
1058 2732 1356 2798 συνελθεῖν,
1410 2732 1533 2786 οὐδὲ
1576 2736 1675 2804 τὴν
1706 2732 1879 2805 αὐτὴν

284 2820 920 2893 ἐξοικειοῦσθαιπρᾶξινο
952 2822 1256 2892 παράδοξος
1274 2826 1302 2877 ὁ
1320 2822 1501 2891 λόγος,
1534 2824 1670 2877 ἀλλὰ
1692 2841 1878 2896 παρα-

282 2915 573 2985 δοξοτέρα)
596 2914 754 2969 τόκου
788 2915 934 2969 ἐστὶν
974 2915 1295 2983 εὐαγγέλιον
1320 2929 1334 2944 ⁸
1369 2932 1389 2966 ι
1429 2916 1527 2969 Ἐκ
1558 2916 1878 2986 Πνεῦματός

290 3006 446 3057 ἔστιν
462 3003 639 3073 ἀγίου,
653 3022 674 3056 ι
696 3004 789 3057 καὶ
814 3023 831 3055 ι
843 3004 1070 3068 Τέξεται
1090 3003 1223 3057 υἱόν·
1241 3024 1258 3056 ι
1284 3004 1385 3075 ὅρα
1400 3006 1496 3057 καὶ
1516 3004 1624 3075 πρὸ
1636 3006 1734 3076 τῆς
1750 3022 1877 3073 γεν-

292 3098 504 3167 νήσεως
527 3097 619 3150 τὸν
645 3098 779 3151 υἱόν·
804 3097 901 3151 καὶ
925 3095 1280 3165 γεννηθέντος
1304 3096 1444 3150 ἔστω
1475 3114 1557 3150 σοι
1576 3098 1877 3168 τεκμήριον
1903 3133 1950 3193 c

293 3188 393 3240 τοῦ
437 3188 853 3259 ὲκϐεϐηκότοςή
888 3188 1193 3259 πρόρρησις
1243 3187 1340 3241 καὶ
1395 3187 1498 3258 τῆς
1554 3188 1722 3260 ἄλλης
1768 3188 1877 3242 τῶν

294 3278 647 3346 Εὑαγγελίων
701 3278 963 3349 ἀληθείας
988 3296 1003 3311 ⁸
1038 3280 1066 3332 ὁ
1092 3278 1199 3349 γὰρ
1263 3280 1348 3331 ἔτι
1399 3279 1460 3332 τὸ
1497 3281 1877 3351 κρυπτόμενον

287 3376 355 3426 ὲν
378 3378 490 3436 τοῖς
524 3374 786 3443 Θαλάμοις
816 3374 915 3443 τῆς
940 3372 1158 3441 φύσεως
1200 3373 1297 3425 καὶ
1320 3371 1477 3437 εἰδὼς
1510 3374 1606 3427 καὶ
1636 3391 1879 3443 προανα-

288 3468 582 3539 κηρύττων
612 3470 747 3534 υίὸν,
777 3464 931 3531 οὗτος
962 3470 1057 3523 καὶ
1101 3470 1351 3539 τεχνίτης
1380 3467 1573 3538 γέγονε
1610 3470 1711 3538 τῆς
1746 3469 1876 3523 ἄνευ

286 3562 510 3629 σπορᾶς
564 3560 704 3632 ὑπὲρ
749 3562 907 3630 λόγον
941 3561 1447 3632 δημιουργηθείσης
1507 3561 1729 3631 σαρκὸς,
1783 3560 1878 3615 καὶ

282 3653 397 3723 τῆς
432 3655 727 3725 παρθενίας
780 3654 977 3721 φύλαξ,
1008 3653 1199 3723 ὥσπερ
1224 3652 1361 3724 μετά
1392 3652 1486 3706 τὸν
1519 3652 1702 3714 τόκον,
1733 3649 1876 3704 οὕτω

284 3747 389 3798 καὶ
446 3745 551 3815 πρὸ
582 3745 675 3797 τοῦ
707 3748 867 3799 τόκου
898 3746 974 3816 μὴ
1006 3746 1239 3799 διαλύων
1274 3744 1341 3798 τά
1380 3745 1689 3815 σήμαντρα.
1719 3762 1738 3795 ι
1768 3742 1877 3796 Καὶ

283 3833 548 3896 καλέσεις
575 3833 634 3886 τὸ
663 3834 837 3904 ὄνομα
866 3834 1033 3889 αὑτοῦ
1072 3833 1280 3905 Ἰησοῦν
1300 3850 1313 3864 ·
1340 3854 1359 3885 ι
1390 3833 1525 3887 ἀλλά
1557 3833 1653 3886 καὶ
1678 3835 1711 3903 ἡ
1746 3832 1878 3902 κλῆ-

287 3940 377 3985 σις
407 3923 615 3977 ἄνωθεν
652 3924 766 3996 ἔχει
796 3926 894 3995 τὴν
933 3926 1137 3997 κρίσιν’
1186 3924 1396 3994 Ἰησοῦς
1416 3924 1526 3994 γὰρ
1554 3943 1572 3976 ι
1593 3925 1674 3977 ὅτι
1712 3922 1876 3977 σώσει

285 4015 383 4067 τὸν
408 4015 533 4069 λαὸν
588 4016 775 4070 αὐτοῦ.
810 4035 827 4068 ι
852 4045 925 4059 -—
956 4036 974 4068 ι
1006 4017 1097 4087 Μὴ
1122 4016 1369 4086 φοϐηθῇς
1392 4016 1732 4088 παραλαϐεῖν
1758 4016 1875 4069 Μα-

288 4108 432 4177 ριὰμ
456 4108 554 4177 τὴν
584 4112 821 4177 γυναῖκα
847 4128 963 4164 σου.
992 4128 1010 4161 9
1051 4110 1238 4163 Ταῦτα
1270 4109 1378 4179 γὰρ
1405 4108 1467 4161 οὐ
1502 4107 1681 4161 πάντα
1711 4107 1875 4177 μόνον

279 4202 611 4270 ἀφαιρεῖται
651 4203 835 4271 φόϐον,
896 4202 1033 4256 ἀλλά
1060 4202 1156 4255 καὶ
1188 4201 1434 4272 μεγάλης
1482 4199 1755 4270 θυμηδίας
1780 4200 1874 4252 καὶ

281 4291 524 4345 ἐλπίδων
546 4292 885 4347 ἀνελπίστων
906 4290 1191 4364 χαρίζεται
1209 4292 1459 4345 πλοῦτον*
1483 4292 1602 4360 «Μὴ
1628 4289 1873 4360 φοϐηθῇς

278 4382 630 4452 παραλαϐεῖν
662 4383 897 4454 Μαριὰμ
925 4384 1022 4454 τὴν
1056 4383 1291 4453 γυναῖκά
1319 4399 1434 4435 σου.
1453 4400 1469 4432 ι
1506 4382 1745 4434 Γυναῖκα
1774 4380 1870 4451 σὴν

2002 553 2202 609 genere
2228 546 2406 593 ortum
2440 540 2527 608 (ex
2558 539 2701 594 tribu
2736 556 2929 610 nempe
2959 542 3107 611 regia
3138 552 3193 597 et
3242 546 3568 600 sacerdotali

1991 641 2119 685 nata
2141 630 2305 699 erat),
2335 633 2455 700 ejus
2478 631 2532 684 in
2558 631 2807 701 temploa
2829 635 3033 689 teneris
3064 638 3568 706 consecrationem;

1990 723 2109 778 bare
2157 734 2213 779 et
2262 724 2345 779 his
2381 724 2536 793 plura
2588 724 2767 780 adhuc
2814 726 2973 797 longe
3022 742 3055 781 a
3102 728 3417 798 suspicione
3458 746 3567 784 non

1991 822 2205 868 tantum
2239 814 2306 868 ad
2343 815 2747 869 accusationem
2778 815 3055 885 tendente,
3083 819 3177 874 sed
3221 820 3385 874 etiam
3415 820 3571 875 inde-

1989 905 2224 960 centiam
2252 905 2611 973 formidante,
2644 921 2829 961 senem
2866 909 3237 964 removebant.
3266 900 3370 965 Sed
3394 926 3571 982 neque

1989 1012 2185 1051 rursus
2211 996 2420 1052 sciebat
2446 997 2585 1050 banc
2610 997 3022 1066 conceptionem
3040 996 3225 1053 divina
3251 1002 3569 1070 operatione

1988 1086 2260 1150 eﬂ‘ectam,
2283 1102 2449 1156 supra
2478 1087 2745 1141 rationem
2771 1087 2917 1143 enim
2940 1097 2993 1143 et
3021 1104 3243 1145 sensum
3264 1091 3566 1149 humanum

1988 1186 2075 1233 est
2113 1177 2206 1231 Dei
2257 1179 2307 1231 in
2356 1193 2457 1232 nos
2499 1179 2891 1234 misericordiae
2936 1196 3096 1251 opus.
3154 1181 3340 1253 Itaque
3388 1194 3569 1241 mente

1986 1272 2313 1325 conturbata
2354 1284 2463 1323 non
2493 1270 2706 1325 valebat
2738 1270 3039 1343 intelligere
3078 1275 3209 1343 quid
3248 1274 3475 1341 faceret,
3508 1288 3571 1332 ut

1985 1363 2119 1431 justi
2164 1362 2586 1432 appellationem
2639 1378 2747 1419 non
2802 1364 3051 1434 foedaret,
3093 1378 3148 1422 et
3192 1366 3306 1424 Deo
3354 1370 3568 1440 placere

1984 1462 2383 1524 perseveraret.

2057 1545 2193 1598 Cum
2226 1546 2392 1615 igitur
2435 1544 2635 1601 talibus
2675 1547 3123 1616 perturbarctur,
3162 1562 3260 1601 nec
3283 1549 3349 1602 ad
3398 1549 3563 1603 ullam

1985 1645 2196 1707 partem
2225 1637 2455 1691 humani
2481 1637 2673 1706 judicii
2710 1648 2891 1693 motus
2920 1638 3071 1691 illum
3094 1638 3406 1703 inclinaret,
3435 1648 3566 1693 tunc

1986 1738 2111 1799 apte
2138 1738 2193 1783 et
2225 1737 2535 1800 opportune
2561 1730 2711 1785 venit
2737 1731 2960 1801 angelus
3001 1734 3093 1799 qui
3130 1730 3390 1799 agitatam
3444 1732 3564 1800 ejus

1983 1828 2221 1874 mentem
2251 1820 2495 1875 lirmaret
2518 1828 2572 1874 et
2604 1820 2824 1876 doceret
2852 1821 2940 1876 ubi
2960 1822 3169 1891 absque
3198 1821 3565 1876 sollicitudine

1982 1911 2205 1967 deberet
2230 1911 2443 1966 sedere.
2477 1909 2545 1965 Et
2571 1912 2648 1966 ait
2677 1928 2691 1966 :
2731 1931 2751 1964 ‹
2784 1912 3007 1983 Josepb,
3030 1912 3105 1967 ﬁli
3140 1913 3329 1975 David,
3354 1913 3465 1967 noli
3495 1914 3565 1966 ti-

1982 2020 2137 2060 mere
2166 2005 2418 2075 accipere
2460 2002 2684 2059 Mariam
2720 2006 3004 2077 conjugem
3039 2016 3220 2072 tuam;
3245 2004 3390 2075 quod
3414 2004 3560 2058 enim

1982 2094 2038 2149 in
2065 2109 2129 2149 ea
2163 2103 2351 2149 natum
2377 2102 2480 2163 est,
2513 2109 2544 2149 e
2600 2094 2807 2164 Spiritu
2837 2104 3157 2162 sanctoest;
3183 2096 3357 2166 pariet
3378 2103 3559 2150 autem

1982 2186 2153 2240 ﬁlium
2176 2195 2231 2240 et
2264 2186 2488 2241 vocabis
2518 2200 2717 2241 nomen
2746 2186 2865 2256 ejus
2889 2184 3075 2241 Jesum
3098 2204 3113 2252 ;
3139 2206 3158 2238 ι
3196 2201 3294 2241 nec
3313 2185 3427 2255 jam
3460 2186 3559 2251 sis,

1981 2276 2179 2347 inquit,
2210 2276 2457 2332 incertus
2487 2291 2665 2346 neque
2693 2285 3002 2346 pugnantes
3036 2274 3322 2330 sententiae
3364 2283 3422 2328 ut
3459 2275 3563 2328 du-

1979 2369 2122 2426 bites
2174 2369 2542 2440 persuadeant
2576 2385 2590 2422 :
2627 2368 2776 2438 quod
2826 2367 3138 2422 faciendum
3182 2375 3268 2421 est
3295 2382 3325 2420 a
3353 2364 3559 2435 Spiritu

1980 2468 2173 2517 sancto
2196 2470 2281 2516 est
2311 2460 2364 2515 in
2396 2476 2461 2516 ea
2495 2470 2706 2516 natum.
2758 2458 3000 2531 Spiritus
3043 2464 3216 2516 sancti
3255 2476 3386 2517 vero
3419 2476 3559 2531 prae-

1980 2552 2154 2607 sentia
2202 2561 2257 2607 et
2304 2552 2558 2607 voluntas
2609 2552 2793 2607 carnis
2844 2562 3159 2621 nequeunt,
3212 2560 3273 2607 ut
3318 2553 3445 2613 scis,
3502 2552 3557 2605 in

1981 2658 2152 2697 unum
2187 2643 2482 2698 convenire
2517 2658 2693 2713 neque
2722 2643 2979 2698 eumdem
3028 2653 3207 2697 actum
3244 2641 3350 2697 sibi
3380 2641 3557 2695 vindi-

1979 2749 2138 2802 care;
2170 2734 2505 2790 incredibilis
2540 2749 2746 2799 sermo,
2779 2736 2873 2790 sed
2914 2734 3341 2789 incredibilioris
3369 2744 3560 2804 partus

1979 2827 2320 2895 evangelium
2347 2838 2430 2881 est
2453 2845 2466 2881 :
2494 2845 2514 2878 ι
2546 2825 2619 2881 De
2642 2826 2849 2897 Spiritu
2869 2834 3061 2881 sancto
3086 2837 3222 2886 est.»
3249 2834 3304 2879 et
3335 2844 3353 2876 ι
3383 2824 3561 2878 Pariet

1981 2918 2174 2973 ﬁlium.
2204 2938 2223 2970 ι
2264 2916 2402 2974 Vide
2429 2930 2485 2974 et
2518 2930 2648 2974 ante
2718 2919 3057 2974 nativitatem
3100 2918 3270 2972 lilium
3298 2934 3313 2983 ;
3345 2927 3398 2971 et
3434 2931 3559 2970 cum

1980 3022 2144 3067 natus
2177 3011 2357 3077 fuerit,
2388 3012 2460 3068 sit
2490 3013 2586 3067 tibi
2630 3012 2684 3067 in
2718 3012 3096 3067 testimonium
3131 3023 3189 3064 ut
3235 3019 3290 3065 et
3316 3010 3379 3063 de
3406 3008 3560 3063 omni

1980 3105 2385 3174 evangeliorum
2404 3104 2636 3159 veritate
2657 3146 2672 3170 ,
2697 3104 2859 3171 hujus
2881 3114 3105 3159 eventus
3134 3101 3433 3172 praedictio.
3454 3097 3561 3165 Qui

1980 3198 2127 3252 enim
2163 3197 2309 3266 quod
2345 3197 2529 3252 adhuc
2557 3197 2611 3251 in
2650 3197 2772 3252 sinu
2828 3207 3035 3251 natura:
3066 3194 3447 3250 absconditum
3477 3200 3563 3247 est

1978 3298 2033 3343 et
2068 3290 2171 3343 scit
2193 3297 2247 3343 et
2290 3291 2621 3360 praenuntiat
2661 3289 2857 3355 ﬁlium,
2891 3288 2981 3343 ille
3022 3286 3215 3341 artifex
3266 3294 3351 3342 est
3398 3284 3561 3354 hujus

1980 3380 2102 3435 sine
2130 3380 2338 3434 semine
2372 3394 2540 3449 supra
2590 3381 2857 3433 rationem
2897 3388 3092 3433 creatae
3138 3377 3344 3443 carnis,
3373 3386 3427 3431 et
3449 3376 3551 3429 vir-

1979 3470 2225 3542 ginitatis
2254 3480 2462 3536 custos,
2497 3478 2557 3525 ut
2583 3479 2709 3541 post
2734 3481 2973 3540 partum,
3003 3470 3083 3526 sic
3108 3479 3162 3524 et
3186 3476 3312 3524 ante
3341 3477 3555 3540 partum

1979 3560 2157 3628 sigilla
2182 3576 2291 3615 nou
2322 3559 2505 3615 solvit.
2536 3576 2555 3610 ι
2590 3560 2654 3613 Et
2681 3558 2903 3614 vocabis
2928 3574 3126 3613 nomen
3151 3557 3271 3627 ejus
3292 3556 3502 3613 Jesum.
3533 3575 3552 3608 ι

1980 3653 2084 3707 Sed
2110 3661 2166 3707 et
2215 3652 2505 3722 appellatio
2547 3666 2702 3707 suam
2752 3652 3041 3706 desursum
3090 3649 3554 3719 habetsignilica-

1978 3744 2213 3809 tionem;
2237 3742 2399 3799 Jesus
2420 3743 2591 3806 enim,
2610 3742 2770 3813 «quia
2792 3741 3026 3797 salvabit
3050 3741 3309 3811 populum
3334 3756 3516 3796 suum.
3532 3757 3550 3788 ι

1976 3866 2049 3880 -—-
2074 3854 2094 3888 ι
2132 3838 2213 3892 Ne
2243 3839 2440 3893 timeas
2475 3837 2727 3907 accipere
2757 3836 2981 3891 Mariam
3006 3837 3294 3907 conjugem
3330 3844 3504 3889 tuam.
3530 3853 3549 3885 ι

1978 3931 2103 3986 Haac
2135 3929 2281 3984 enim
2314 3943 2424 3983 non
2465 3929 2627 3984 modo
2667 3944 2884 3983 omnem
2922 3928 3117 3983 tollunt
3158 3928 3430 3994 timorem,
3459 3924 3553 3981 sed

1976 4036 2031 4080 et
2060 4036 2271 4094 magna:
2306 4019 2505 4075 latitia:
2543 4030 2599 4075 et
2642 4021 2934 4091 insperatae
2968 4019 3085 4089 spei
3124 4018 3435 4089 largiuntur
3465 4017 3551 4071 di-

1976 4113 2182 4167 vitias:
2218 4127 2237 4161 ι
2291 4108 2372 4165 Ne
2426 4109 2622 4164 timeas
2676 4108 2925 4177 accipere
2986 4108 3211 4161 Mariam
3263 4106 3550 4176 conjugent

1976 4214 2147 4259 tuam.
2188 4221 2205 4253 ι
2241 4200 2542 4271 Conjugem
2594 4210 2742 4255 tuam
2777 4201 3042 4270 virginem
3079 4199 3332 4265 audiens,
3385 4198 3553 4253 habes

1974 4307 2042 4347 ex
2074 4291 2176 4346 hac
2209 4305 2344 4346 voce
2373 4290 2442 4345 ab
2475 4289 2625 4344 omni
2675 4288 2915 4343 hominis
2956 4286 3289 4342 commercio
3335 4284 3553 4340 mundi-

1974 4382 2131 4437 tiam.
2165 4381 2222 4436 Si
2252 4382 2399 4436 enim
2425 4380 2528 4435 sub
2560 4395 2624 4435 ea
2665 4380 2782 4449 lege
2823 4394 2946 4448 quae
2993 4379 3191 4434 innexa
3222 4386 3304 4432 est
3326 4376 3553 4447 virgini-

274 4474 387 4543 τὴν
414 4474 687 4545 Παρθένον
712 4475 927 4529 ἁκούων
968 4476 1115 4546 ἔχεις
1153 4476 1216 4529 ὲκ
1242 4477 1341 4547 τῆς
1384 4476 1571 4545 φωνῆς
1603 4475 1701 4543 τὴν
1729 4474 1865 4547 πρὸς

1979 4483 2136 4530 tatem
2164 4474 2433 4529 intactam
2460 4481 2515 4529 et
2537 4472 2945 4528 immaculatam
2974 4472 3231 4537 servavit,
3256 4485 3367 4541 quo
3390 4470 3551 4524 modo

278 4567 475 4619 πᾶσαν
512 4567 704 4636 ἀνδρὸς
735 4566 953 4637 ὁμιλίαν
1009 4567 1384 4637 καθαρότητα.
1420 4567 1481 4619 Εἰ
1513 4567 1621 4637 γὰρ
1662 4559 1707 4634 ᾧ
1739 4583 1866 4620 συν-

276 4658 437 4727 ήφθη
467 4658 616 4729 νόμῳ
645 4659 707 4711 τὸ
727 4661 825 4729 τῆς
857 4657 1175 4727 παρθενίας,
1206 4658 1485 4726 ἁνέπαφόν
1511 4675 1568 4709 τε
1598 4659 1693 4710 καὶ
1724 4657 1865 4725 ἀκὴ-

276 4766 454 4820 ρατον
479 4749 822 4814 συνδιέσωσε,
858 4749 975 4810 πῶς
996 4750 1063 4803 ἂν
1089 4750 1279 4819 ἐτέρου
1306 4749 1450 4812 τινὸς
1478 4748 1657 4820 ἔρωτα
1684 4764 1867 4818 παρα-

272 4840 547 4907 δέξασθαι
570 4859 585 4907 ;
609 4841 712 4895 κᾶν
729 4842 859 4911 γοῦν
883 4843 1039 4896 σκιάν
1056 4859 1178 4895 τινα
1208 4840 1490 4914 καταλίπῃ
1514 4840 1863 4911 ὑπολήψεως,

275 4931 382 4984 σοῦ
424 4933 562 5004 γυνὴ
597 4934 745 5004 νόμῳ
779 4934 1124 5004 γεγενημένη
1169 4931 1464 5003 μνηστείας
1509 4932 1744 5003 κρείττω
1771 4931 1868 4985 καλ⁵

276 5023 627 5095 ὑψηλοτέραν
681 5025 879 5097 ἑαυτὴν
927 5026 1023 5079 καὶ
1068 5026 1177 5078 τῶν
1235 5024 1483 5094 νομίμων
1520 5023 1862 5094 διετήρησεν,

277 5117 458 5186 ἑτέρῳ
486 5120 822 5188 παρανομεῖν
846 5118 959 5181 πῶς
984 5118 1048 5171 ἂν
1076 5117 1285 5186 ὑπέστη
1310 5115 1493 5185 χώραν
1520 5118 1822 5186 παρασχεῖν
1848 5131 1862 5180 ;

278 5207 380 5259 καὶ
408 5207 510 5276 τῆς
562 5207 773 5261 ἐκείνου
826 5208 1047 5279 χάριτος
1079 5206 1238 5282 ὓϐριν
1283 5208 1639 5272 ἀλλάξασθαι,
1665 5210 1699 5279 ἡ
1728 5209 1865 5279 μηδὲ

276 5297 454 5369 χωρὶς
479 5298 688 5369 ὕϐρεως
706 5300 1053 5371 ἀνασχομένη
1068 5302 1166 5368 τῆς
1184 5300 1488 5371 παρθενίας
1514 5300 1861 5365 ἐξίστασθαις

279 5390 470 5458 Ἔχεις
498 5385 592 5443 οῦν
638 5392 788 5462 παρά
820 5392 1034 5463 σεαυτῷ
1064 5392 1163 5460 τῆς
1188 5391 1566 5462 καθαρότητος
1593 5392 1693 5462 τὴν
1720 5410 1863 5465 μαρ-

271 5479 474 5550 τυρίαν
504 5482 957 5553 ἀπαράγραπτονο
977 5482 1059 5536 διὸ
1094 5503 1111 5536 ι
1137 5484 1230 5554 Μὴ
1256 5483 1500 5554 φοϐηθῇς
1522 5484 1864 5554 παραλαϐεῖν

271 5572 517 5641 Μαριὰμ
569 5573 667 5643 τὴν
694 5574 929 5642 γυναῖκά
962 5591 1055 5627 σου
1079 5588 1094 5602 ⁸
1133 5593 1151 5626 ι
1182 5571 1263 5638 οἷς
1291 5574 1400 5644 γὰρ
1441 5576 1579 5646 πρὸς
1604 5575 1662 5627 σὲ
1686 5574 1745 5627 τὸ
1766 5574 1867 5645 τῆς

275 5661 582 5733 παρθενίας
642 5665 944 5734 ἀμόλυντον
1007 5665 1327 5730 διεσώσατο,
1357 5665 1569 5728 τούτοις
1616 5665 1866 5729 καὶτοὺς

272 5758 708 5830 ἀναντιρρήτους
734 5760 1071 5832 πορίζεσθαι·
1093 5762 1229 5833 γυνή
1249 5778 1363 5827 σου,
1386 5759 1573 5831 φησὶν,
1595 5760 1750 5830 ὁρᾷς,
1772 5761 1866 5814 καὶ

1971 4563 2453 4627 alteriusamorem
2465 4558 2894 4617 admisisset?Et
2909 4558 2953 4613 si
2981 4559 3228 4612 umbram
3257 4557 3549 4628 quamdam

1969 4655 2304 4726 suspicionis
2331 4654 2510 4711 adhuc
2555 4654 2856 4724 reliquerit,
2912 4667 3038 4707 reor
3082 4660 3173 4705 tua
3217 4646 3549 4704 matrimonii

1965 4747 2092 4817 jure
2119 4746 2261 4802 facta
2297 4745 2534 4816 seipsam
2579 4746 2840 4813 majorem
2873 4752 2927 4797 et
2957 4740 3313 4797 excelsiorem
3337 4745 3391 4793 et
3416 4736 3549 4806 legi-

1971 4838 2120 4893 timis
2152 4836 2410 4904 servavit,
2424 4835 2701 4907 quomodo
2726 4835 2878 4889 alteri
2914 4834 3085 4906 legem
3114 4827 3547 4902 transgrediendi

1970 4930 2328 4985 sustinuisset
2360 4929 2546 4984 locum
2574 4926 2861 4997 praebere?
2897 4925 2964 4980 Et
2991 4940 3058 4979 ex
3074 4924 3195 4994 ejus
3229 4935 3417 4977 amore
3452 4934 3549 4987 0p-

1970 5021 2252 5092 probrium
2280 5021 2587 5085 incurrere,
2619 5034 2741 5089 qua:
2776 5033 2875 5071 nec
2902 5016 3020 5071 sine
3051 5011 3349 5083 opprobrio
3374 5009 3551 5065 noluit

1969 5113 2284 5184 virginitate
2306 5113 2606 5170 excedere?
2632 5111 2809 5166 Habes
2834 5109 2998 5181 igitur
3029 5117 3084 5161 et
3114 5118 3282 5177 prope
3316 5102 3547 5173 teipsum

1972 5207 2508 5277 incircunisrriptuin
2574 5204 2859 5259 munditiae
2938 5199 3338 5256 testimonium.
3400 5194 3547 5257 ldeo,

1977 5318 1996 5352 ι
2031 5298 2151 5355 Noli
2195 5298 2389 5354 timere
2417 5300 2664 5368 accipere
2705 5296 2929 5350 Mariam
2969 5292 3259 5363 coniugem
3303 5298 3474 5344 tuam.
3526 5304 3543 5337 ι

1970 5391 2183 5459 Quibus
2228 5391 2374 5445 enim
2431 5390 2613 5462 quoad
2672 5400 2723 5444 te
2784 5386 3111 5459 virginitatis
3183 5382 3547 5453 integritatem

1969 5483 2227 5547 servavit,
2258 5483 2326 5539 iis
2364 5493 2421 5539 et
2450 5482 2773 5538 inconcussa
2799 5489 3123 5551 argumenta
3145 5476 3384 5547 praebet;
3415 5487 3551 5526 uxor

1972 5585 2085 5639 tua,
2119 5574 2317 5645 inquit,
2348 5581 2411 5629 ut
2433 5574 2611 5639 audis,
2641 5590 2671 5629 a
2703 5590 2788 5628 me
2819 5575 2936 5643 ipso
2968 5572 3265 5635 dicitur,et
3291 5579 3413 5622 eam
3439 5578 3547 5617 non

1970 5666 2299 5737 cognovisti.
2330 5664 2386 5720 Si
2419 5675 2600 5721 autem
2637 5681 2700 5720 ex
2728 5679 2838 5734 quo
2869 5666 2971 5719 hoc
2998 5661 3189 5717 uxoris
3218 5671 3416 5713 nomen
3446 5652 3548 5707 silit

1971 5757 2297 5828 assumpsit,
2323 5765 2495 5814 totum
2525 5756 2629 5812 hoc
2659 5765 2877 5827 tempus
2903 5756 2973 5810 ab
3002 5754 3153 5810 omni
3183 5762 3363 5807 tecum
3391 5758 3543 5802 com-
