4084 6442
583 340 688 407 167

1743 333 2011 395 PIIOTl-I
2047 331 2557 394 PATRIARCHJE
2591 332 2702 392 CP.

3791 331 3905 389 168

580 460 788 518 mercio
814 457 1076 514 mundum
1097 455 1358 514 ostendit.
1385 454 1661 525 quomodo
1686 469 1794 509 non
1823 452 2175 508 manifestum

2283 451 2416 522 παρ’
2437 449 2574 522 ἐμοῦ
2628 451 2869 518 λέγεται,
2919 447 3015 503 καὶ
3045 448 3245 520 πεῖραν
3273 446 3443 518 αὐτῆς
3473 445 3578 499 ούκ
3617 445 3771 516 ἔχεις
3800 464 3814 476 ·
3851 449 3904 498 εἰ

577 565 662 610 est
689 552 834 607 illam
864 566 1026 606 omne
1063 548 1291 603 alterius
1319 547 1710 602 commercium
1759 545 2038 607 vitavisse,
2068 560 2168 598 cu-

573 644 667 717 jus
700 657 878 713 neque
910 643 1144 696 lnnnaua
1195 655 1373 711 neque
1424 637 1611 692 divina
1662 651 1761 692 vos
1791 651 2018 691 uxorem
2050 651 2169 690 eam

578 737 922 794 nominavit?

651 917 728 973 Ita
768 919 937 988 igitur
985 916 1215 987 angelus
1270 914 1372 968 hac
1409 915 1598 968 uxoris
1645 912 2009 983 appellatione
2049 926 2171 965 eam

578 1007 843 1062 mundam
871 1020 995 1061 esse
1037 1005 1108 1059 ab
1150 1003 1299 1058 omni
1347 1002 1629 1058 immunda
1669 1001 1987 1072 suspicione
2016 997 2173 1054 lose-

573 1100 750 1169 phum
791 1099 972 1152 docet.
1019 1095 1339 1151 Notninaret
1383 1104 1566 1150 autem
1620 1093 1759 1149 forte
1787 1108 1909 1148 eam
1941 1107 2170 1148 uxorem

573 1201 633 1246 et
663 1189 792 1260 quia
819 1188 970 1243 nulla
995 1201 1259 1243 curarum
1292 1201 1415 1256 qua:
1442 1185 1510 1241 de
1544 1200 1720 1241 uxore
1756 1183 1935 1238 virum
1970 1183 2174 1238 sollici-

575 1291 699 1337 tant
725 1296 847 1337 eam
869 1281 1054 1350 justus
1076 1279 1340 1350 privabat.
1366 1278 1431 1332 Et
1460 1277 1567 1332 alia
1593 1275 1892 1348 providens
1919 1290 2040 1330 eam
2064 1290 2172 1330 non

581 1375 888 1446 negligebat
914 1414 926 1431 .
975 1382 1028 1427 et
1067 1372 1214 1428 domi
1257 1371 1661 1427 cohabitantem
1693 1369 2174 1440 circumloqucba-

583 1479 694 1534 tur,
729 1476 784 1523 et
818 1467 966 1522 omni
1013 1466 1217 1537 probro
1262 1475 1316 1521 et
1359 1465 1660 1530 calumnia,
1706 1463 2172 1534 quemadmodum

582 1560 845 1630 sapientis
874 1560 1065 1614 uxoris
1086 1557 1343 1622 maritus,
1379 1573 1500 1612 eam
1540 1559 1882 1627 superiorem
1920 1556 2177 1611 studebat

581 1654 786 1707 videre.
819 1650 879 1706 Si
909 1661 1093 1707 autem
1119 1659 1174 1705 et
1202 1665 1432 1704 uxorem
1473 1648 1633 1713 dixit,
1683 1649 1815 1716 quia
1860 1647 2049 1718 sponsi
2082 1662 2175 1700 or-

488 1816 500 1825 .
578 1745 762 1801 dinem
815 1743 1019 1815 Joseph
1073 1744 1326 1809 habebat,
1373 1751 1524 1798 etut
1567 1756 1802 1811 sponsos
1859 1757 1980 1797 mos
2038 1754 2171 1810 ipsc.

2270 541 2314 593 δ’
2339 541 2425 610 ἐφ’
2458 536 2519 596 οὗ
2541 541 2603 595 τὸ
2631 541 2730 610 τῆς
2774 539 3036 610 γυναικὸς
3065 540 3312 610 ῆρμοσεν
3351 539 3550 609 ὄνομα,
3623 538 3830 592 τοῦτον
3861 540 3896 606 ἠ

2276 634 2550 706 ΙΙαρθὲνος
2576 633 2741 698 ἔδειξε
2761 631 3138 703 καθαρεύοντα
3158 631 3260 701 τῆς
3298 632 3436 702 πρὸς
3453 632 3626 684 αὑτὸν
3645 630 3848 700 ὁμιλία
3867 650 3902 694 τ,

2273 725 2389 788 πῶς
2410 726 2509 778 οὐκ
2532 725 2753 796 εύδηλον
2773 725 2854 777 ὅτι
2877 724 2974 777 καὶ
2997 723 3197 786 παντὸς
3221 723 3404 787 ἄλλου,
3419 718 3482 778 οὗ
3510 724 3658 795 μήτε
3679 724 3904 792 ἀνθρὼ-

2273 835 2427 882 πινος
2485 818 2622 890 μήτε
2675 818 2820 881 θεῖος
2867 817 3026 886 λόγος
3055 815 3340 887 ὀνομάζων
3387 817 3547 887 ὤφθη
3604 820 3900 884 γυναῖκα;

2351 914 2508 966 Οὕτω
2561 913 2658 984 μὲν
2679 910 2773 965 οὖν
2797 913 2825 964 ὁ
2855 910 3090 979 ἄγγελος
3117 910 3204 962 διά
3224 909 3325 978 τῆς
3356 909 3759 979 προσηγορίας
3789 911 3896 973 τῆς

2273 1006 2533 1075 γυναικδς
2564 1003 2895 1075 καθαρεύειν
2926 1005 3110 1073 πάσης
3138 1003 3238 1056 οὐκ
3271 1001 3503 1070 εὒαγοῦς
3543 1000 3899 1071 ὑπολήψεως

2273 1099 2365 1153 τὸν
2406 1096 2607 1169 Ἰωσὴφ
2633 1096 2964 1150 ἐκδιδάσκει.
3013 1092 3303 1164 Ὀνομάζει
3326 1093 3372 1146 δ’
3407 1094 3474 1146 ἂν
3502 1094 3640 1156 ἴσως
3697 1095 3894 1159 αὐτὴν

2274 1192 2532 1259 γυναῖκα,
2581 1190 2674 1242 καὶ
2713 1188 2849 1242 διότι
2898 1189 3031 1258 περὶ
3075 1187 3339 1256 γυναικὸς
3393 1188 3519 1240 ὅσαι
3584 1186 3903 1255 φροντίδες

2276 1284 2493 1353 ἔχουσιν
2513 1281 2704 1353 ἄνδρα,
2734 1279 2998 1350 οὐδεμιᾶς
3019 1279 3227 1351 ταύτην
3251 1282 3280 1334 ὁ
3308 1279 3523 1339 δίκαιος
3555 1278 3902 1345 ἀπεστέρει.

2277 1377 2360 1430 Τά
2387 1393 2448 1428 τε
2475 1377 2584 1446 γάρ
2640 1374 2778 1427 ἄλλα
2838 1372 3241 1443 προνοούμενος
3294 1373 3468 1441 αὐτῆς
3502 1372 3608 1424 οὐκ
3662 1372 3903 1440 ἠμέλει,

2278 1467 2372 1520 καὶ
2401 1467 2537 1520 οίκοι
2569 1464 2838 1519 συνοῦσαν
2887 1466 3164 1535 περιεῖπε,
3196 1465 3294 1518 καὶ
3319 1464 3517 1534 μώμου
3550 1463 3771 1526 παντὸς
3803 1464 3908 1516 καὶ

2277 1557 2534 1629 διαϐολῆς
2587 1559 2829 1629 ἁπάσης,
2865 1552 2956 1612 οἷα
3006 1558 3072 1630 δὴ
3115 1557 3345 1626 κόσμιος
3411 1559 3552 1629 ἀνὴρ
3618 1559 3908 1624 γυναικὸς

2279 1650 2672 1721 σωφρονούσης
2719 1649 3002 1721 ἁνωτέραν
3039 1650 3352 1716 ἐσπούδαζε
3413 1649 3799 1720 καθορᾶσθαι.
3840 1649 3907 1701 EE

2278 1743 2335 1796 δὲ
2360 1743 2455 1796 καὶ
2504 1745 2741 1812 γυναῖκα
2807 1747 3096 1815 προσεῖπε,
3133 1745 3268 1798 διότι
3301 1744 3622 1816 μνηστῆρος
3661 1743 3839 1807 τάξιν
3877 1746 3907 1795 ὅ

577 1835 796 1891 etiamsi
829 1837 1074 1889 nondum
1110 1835 1411 1888 thalamum
1455 1833 1688 1903 ingressi
1737 1831 1872 1897 sint,
1909 1847 2016 1887 non
2049 1846 2171 1902 pro-

2289 1835 2486 1906 Ἰωσὴφ
2515 1805 2682 1906 εἶχεν,
2706 1805 2896 1905 ὥσπερ
2921 1836 2977 1889 δὲ
3007 1805 3102 1890 καί
3138 1838 3266 1899 τοὶς
3299 1805 3624 1906 μνηστῆρας
3641 1837 3706 1889 τὸ
3737 1805 3905 1899 έθος,

577 1927 730 1984 hibet
753 1928 897 1982 viros
923 1926 1204 1997 appellari,
1239 1926 1320 1981 sic
1357 1934 1412 1979 et
1439 1940 1562 1994 quae
1594 1924 1966 1995 virginitatem
1994 1925 2173 1979 adhuc

579 2029 823 2085 servant,
865 2019 1125 2074 mulieres
1159 2033 1353 2074 eorum
1387 2017 1658 2087 permittit
1698 2016 2028 2087 nuncupari,
2063 2031 2170 2071 non

576 2112 797 2167 deceret
826 2128 914 2167 me
953 2113 1058 2168 hoc
1085 2113 1336 2184 rejicere.
1385 2113 1596 2169 Etenim
1635 2124 1689 2170 et
1727 2112 1898 2169 Iacob
1935 2111 2171 2180 patriar-

575 2205 700 2270 cha,
736 2206 897 2275 cujus
939 2206 1181 2260 nornlum
1224 2206 1561 2261 commercio
1595 2221 1732 2261 usus
1783 2212 1906 2260 erat
1944 2202 2169 2268 Rachel,

578 2296 866 2350 mulierem
895 2312 1050 2350 suam
1087 2295 1373 2352 manifeste
1419 2307 1599 2351 vocat.
1646 2295 1788 2350 Dicit
1840 2294 1908 2349 ad
1959 2292 2169 2356 Laban,

575 2399 872 2461 postquam
901 2389 1016 2460 jam
1058 2389 1141 2443 sui
1180 2390 1388 2444 servitii
1433 2385 1991 2459 tempus,complevit.
2032 2402 2052 2436 ι
2095 2383 2170 2438 Da

578 2499 805 2538 uxorem
838 2498 1042 2545 meam,
1081 2481 1338 2552 completi
1394 2491 1524 2537 sunt
1566 2481 1715 2536 enim
1763 2479 1885 2535 dies
1934 2479 2064 2539 mei.
2111 2487 2172 2532 ut

578 2576 858 2645 ingrediar
877 2576 944 2630 ad
979 2591 1100 2629 eam
1142 2575 1207 2629 “.
1248 2594 1267 2626 ι
1298 2575 1388 2629 Sic
1410 2575 1628 2645 priscus
1655 2589 1775 2628 mos
1806 2582 1887 2629 est
1915 2572 2172 2626 mulieres

578 2683 674 2723 eas
700 2684 824 2738 qua:
852 2676 983 2722 sunt
1012 2681 1232 2737 sponsa:
1267 2682 1487 2720 vocare.
1518 2666 1596 2720 Ita
1634 2675 1695 2720 ut
1727 2665 1856 2719 inde
1889 2665 2073 2718 videre
2104 2662 2174 2718 sit

579 2761 830 2817 mulieris
897 2760 1317 2831 appellationem
1376 2757 1603 2813 minime
1649 2757 1916 2826 virginem
1962 2754 2174 2811 contri-

582 2861 733 2908 stare
783 2851 1048 2905 voluisse.
1080 2849 1319 2922 Virginis
1348 2858 1529 2904 autem
1557 2848 1769 2904 nomini
1815 2863 1923 2902 non
1952 2857 2175 2901 contra-

580 2945 768 2999 dicere
813 2943 1060 2998 mulieris
1123 2957 1322 2996 nomen
1389 2950 1536 3012 patet
1591 2955 1656 2995 ex
1710 2941 1926 3010 generis
1980 2939 2176 2993 distin-

579 3037 786 3101 ctione,
819 3037 872 3091 in
909 3037 1185 3091 hominem
1211 3045 1265 3090 et
1297 3035 1581 3090 mulierem
1615 3044 1868 3089 naturam
1897 3032 2170 3088 dividens.

2275 1926 2381 1980 κᾶν
2407 1926 2562 1980 οὔπω
2618 1927 2883 1996 συνῆλθον
2934 1929 3016 1990 είς
3047 1927 3230 1998 εὐνὴν,
3262 1927 3322 1979 ού
3365 1927 3569 1981 κωλύει
3590 1944 3899 1998 προσαγοο

2278 2019 2460 2091 ρεύειν
2505 2019 2729 2089 ἄνδρας,
2788 2019 2932 2072 οὕτω
2956 2021 3021 2090 δὴ
3055 2023 3146 2072 καὶ
3168 2022 3291 2073 ὅσαι
3324 2022 3427 2090 τὴν
3457 2020 3772 2089 παρθενίαν
3807 2020 3900 2072 ἔτι

2276 2111 2624 2177 διασώζουσι,
2656 2114 2922 2180 γυναῖκας
2954 2112 3133 2166 αύτῶν
3160 2112 3354 2165 δίδωσι
3383 2112 3701 2175 καλεῖσθαι,
3733 2112 3905 2164 οὐδὲν

2277 2207 2400 2276 ἐμοὶ
2461 2205 2816 2276 διαφέρεσθαι
2878 2206 3182 2276 προσήκειο
3216 2205 3309 2258 καὶ
3338 2205 3450 2274 γάρ
3485 2205 3584 2259 καὶ
3618 2205 3836 2258 Ἰακὼὸ
3862 2208 3894 2255 ὁ

2274 2297 2647 2368 πατριάρχης,
2673 2294 2740 2369 ἧς
2769 2297 2924 2351 οὔπω
2985 2298 3262 2361 καταστὰς
3295 2291 3365 2369 ἦν
3397 2299 3477 2360 εἰς
3510 2299 3719 2368 πεῖραν
3751 2300 3897 2367 ὁμι-

2275 2390 2418 2456 λίας,
2445 2391 2544 2463 τὴν
2578 2391 2784 2463 Ῥαχὴλ
2837 2391 3006 2461 λέγω,
3067 2393 3304 2459 γυναῖκα
3347 2391 3515 2445 αὑτοῦ
3554 2391 3900 2460 περιφανῶς

2274 2483 2553 2554 ὀνομάζει.
2617 2484 2758 2554 Φησὶ
2789 2483 2926 2555 πρὸς
2965 2483 3174 2545 Δάδαν,
3211 2483 3314 2554 ήδη
3347 2483 3438 2536 τὸν
3495 2483 3600 2552 τῆς
3629 2483 3899 2543 δουλείας

2275 2576 2402 2646 ὅρον
2451 2573 2922 2647 ἐκπεπληρωκὼς,
2973 2594 2990 2626 ι
3028 2575 3250 2638 Ἀπόδος
3307 2575 3409 2648 τὴν
3459 2577 3708 2645 γυναῖκά
3759 2594 3894 2646 μου,

2278 2667 2673 2739 πεπλήρωνται
2711 2669 2816 2738 γάρ
2841 2669 2898 2720 αἱ
2921 2668 3126 2740 ἡμέραι
3155 2685 3282 2738 μου,
3313 2669 3464 2731 ὅπως
3485 2669 3724 2721 εἰσέλθω
3747 2671 3848 2738 πρ*
3866 2687 3896 2729 ς

2276 2761 2471 2830 αὑτήν.
2502 2781 2519 2812 ι
2556 2761 2746 2826 υῦτως
2801 2763 2920 2814 ἐστὶ
2981 2761 3214 2815 παλαιὸν
3269 2761 3392 2824 ἔθος
3454 2763 3732 2830 γυναῖκας
3785 2766 3893 2812 καὶ

2276 2852 2376 2914 τὰς
2433 2857 2928 2926 μεμνηστευμένας
2984 2855 3301 2924 ὀνομάζειν.
3359 2855 3526 2908 Ὥστε
3576 2854 3895 2908 κάντεῦθεν

2278 2944 2394 2998 ἐστι
2453 2946 2638 3000 λαϐεῖν
2681 2948 2758 3010 ὡς
2790 2949 2958 3020 μηδὲν
2993 2951 3027 3020 ἡ
3057 2949 3159 3019 τῆς
3209 2948 3473 3018 γυναικὸς
3525 2947 3896 3019 προσηγορία

2281 3040 2626 3109 παραλυπεῖν
2657 3041 2836 3095 ἐθέλει
2885 3042 2985 3112 τὴν
3009 3041 3337 3112 παρθενίαν.
3369 3042 3494 3093 ’Ὁτι
3525 3040 3584 3094 δὲ
3614 3042 3761 3110 πρὸς
3786 3043 3896 3110 τὴν

577 3126 824 3184 Mulieris
871 3129 1018 3182 enim
1085 3127 1250 3181 verbo
1307 3142 1413 3180 non
1479 3126 1657 3181 solum
1719 3139 1842 3194 qua:
1895 3124 2173 3180 hominem

2281 3127 2552 3199 παρθένον
2579 3131 2640 3184 τὸ
2698 3131 2800 3201 τῆς
2857 3132 3116 3202 γυναικὸς
3139 3131 3200 3185 ού
3230 3134 3467 3203 μάχεται
3526 3131 3728 3201 ὄνομα,
3787 3133 3895 3200 ﬁt;

578 3237 688 3277 non
715 3229 1110 3293 cognoverunt,
1147 3234 1324 3288 neque
1359 3235 1438 3275 ea!
1468 3220 1648 3276 solum
1676 3219 1878 3288 quibus
1908 3216 2175 3288 contingit

579 3326 662 3383 ut,
708 3317 1023 3387 virginitate
1064 3324 1439 3387 permanente,
1521 3313 1905 3369 adolescentiae
1974 3311 2176 3367 tinibus

583 3410 971 3480 egrediantur;
1012 3407 1106 3463 sed
1141 3415 1197 3461 et
1244 3405 1446 3461 femina
1513 3415 1640 3459 ante
1699 3403 2040 3472 iuventutem
2092 3402 2176 3455 vel

579 3501 744 3554 etiam
777 3514 969 3553 recens
1031 3506 1159 3552 nata
1217 3495 1723 3566 comprehenditur.
1805 3492 2177 3559 Quemadmo-

579 3593 733 3656 dum,
771 3599 832 3644 ut
858 3598 1027 3660 patet,
1057 3602 1256 3642 nomen
1289 3587 1392 3642 viri
1420 3586 1750 3656 participant
1774 3598 1827 3642 et
1855 3585 1948 3657 qui
1976 3601 2176 3656 pueros

580 3693 885 3754 genuerunt
913 3690 970 3736 et
1014 3681 1112 3752 qui
1176 3680 1318 3736 inter
1357 3680 1593 3750 juvenes
1632 3690 2020 3744 numerantur,
2081 3681 2175 3735 sed

579 3787 636 3833 et
688 3777 782 3848 qui
813 3777 978 3846 hujus
1007 3775 1187 3830 aetatis
1227 3790 1402 3845 usque
1451 3775 1519 3830 ad
1556 3785 1776 3830 teneros
1812 3775 2173 3831 descendunt.

583 3865 676 3920 Sic
721 3865 888 3935 igitur
925 3880 991 3918 ea
1042 3863 1204 3920 solito
1251 3880 1353 3918 usu
1404 3863 1564 3918 facile
1614 3873 1871 3934 perceptu
1911 3873 1996 3919 est
2049 3880 2171 3918 mu-

583 3958 734 4013 lieris
777 3972 965 4013 vocem
993 3973 1101 4011 non
1155 3955 1371 4012 auferre
1395 3958 1542 4027 quod
1583 3955 1955 4027 virginitatem
1999 3958 2174 4012 decet.

583 4051 870 4106 Mulierem
920 4051 1066 4105 enim
1105 4065 1215 4104 non
1266 4049 1455 4115 semel,
1510 4049 1606 4105 sed
1641 4058 1696 4103 et
1745 4050 1946 4120 saepius
2005 4049 2174 4104 Evam

583 4153 746 4199 vocat
766 4142 959 4197 Adami
1013 4157 1241 4198 uxorem
1295 4142 1542 4212 virgineo
1568 4141 1748 4198 adhuc
1793 4152 2042 4198 ornatam
2083 4142 2178 4196 de-

583 4251 710 4292 core
739 4245 793 4290 et
818 4235 969 4304 puris
1008 4234 1248 4305 paradisi
1275 4234 1503 4289 ﬂoribus
1537 4242 1882 4298 vcrnantem,
1923 4243 1979 4288 ct
2019 4235 2178 4303 longe

584 4344 616 4383 a
667 4330 1126 4400 transgressione,
1183 4327 1567 4393 eLDominico
1625 4328 1882 4381 mandato
1937 4335 2175 4382 stantem

583 4427 639 4475 et
666 4421 936 4484 nuditate,
969 4431 1024 4475 et
1048 4419 1240 4475 bestiae
1265 4419 1497 4473 consilio
1539 4420 1811 4475 excelsius
1858 4420 2174 4476 institutum

583 4527 746 4568 suum
775 4512 1076 4577 ferentem;
1108 4511 1330 4578 quando
1363 4514 1452 4580 (et
1491 4525 1589 4565 eos
1625 4526 1732 4566 non
1766 4511 1892 4566 licet
1929 4528 2029 4582 pro
2057 4513 2175 4582 ipsa
2210 4493 2252 4548 θ

584 4618 770 4657 rerum
812 4603 1084 4658 evidentia
1131 4603 1437 4672 imputare)
1483 4601 1913 4672 imperturbatos
1968 4603 2182 4660 ferebat

583 4705 866 4761 corporeae
924 4690 1224 4762 voluptatis
1285 4706 1504 4757 sensus,
1570 4706 1695 4761 qua:
1736 4692 1935 4762 szepius
1981 4703 2180 4748 vocata

583 4792 669 4839 est
695 4783 893 4838 Adami
921 4784 1139 4848 mulier,
1177 4783 1402 4838 meliore
1422 4784 1710 4838 vocatione
1745 4784 1908 4854 digna
1933 4785 2178 4855 judicata

585 4889 750 4940 quam
810 4883 870 4930 ut
925 4877 1229 4931 carnalium
1271 4874 1672 4930 desideriorum
1728 4877 1929 4947 pugnis
1978 4879 2179 4936 misera

585 4965 913 5022 eﬂiceretur.

2280 3221 2518 3292 συνήθης
2549 3223 2642 3276 τοῦ
2689 3224 2882 3291 γένους
2913 3224 3186 3295 διαίρεσις
3207 3225 3288 3289 είς
3315 3225 3483 3297 ἄνδρα
3521 3227 3618 3278 καὶ
3643 3228 3896 3294 γυναῖκα

2276 3313 2555 3384 τέμνουσα
2611 3313 2712 3386 τὴν
2759 3315 2946 3384 φύσιν,
3012 3318 3158 3369 ποιεῖ
3213 3318 3469 3388 φανερόν.
3504 3316 3596 3388 Τῷ
3629 3317 3744 3387 γάρ
3779 3319 3889 3387 τῆς

2276 3405 2540 3475 γυναικὸς
2604 3409 2814 3479 ῥήματι
2868 3409 2968 3479 οὐχ
3022 3410 3147 3463 ὅσαι
3209 3410 3372 3480 μόνον
3415 3409 3611 3464 ἕλαῦον
3675 3411 3892 3479 γνῶσιν

2276 3499 2497 3570 ἀνδρὸς,
2544 3501 2657 3554 οὐδ’
2713 3502 2871 3566 ὅσαις
2929 3502 3156 3571 γέγονεν
3193 3503 3253 3558 ἐν
3277 3503 3358 3574 τῷ
3414 3504 3513 3574 τῆς
3572 3503 3891 3574 παρθενίας

2277 3591 2691 3665 ἀπαραλλάκτῳ
2717 3592 2941 3664 τὴντῶν
2968 3595 3228 3648 νεανίδων
3242 3595 3462 3666 ἡλικίαν
3489 3595 3886 3659 ὑπαλλάττειν,

2277 3684 2416 3739 ἀλλὰ
2459 3685 2556 3738 καὶ
2581 3685 2643 3738 τὸ
2681 3686 2790 3756 πρὸ
2834 3684 2939 3755 τῆς
2990 3687 3180 3756 ἀκμῆς
3208 3687 3344 3757 θῆλυ
3373 3690 3535 3760 μέχρι
3564 3687 3660 3740 τοῦ
3691 3705 3887 3755 νεογε-

2277 3776 2403 3842 νοῦς
2459 3776 2973 3849 περιλειιμϐἐινεται⁸
3020 3779 3214 3850 ὥσπερ
3262 3779 3512 3852 δηλονότι
3563 3780 3663 3850 τῆς
3705 3797 3892 3850 προσ.

2276 3869 2506 3941 ηγορίας
2539 3871 2832 3940 μετέχουσι
2851 3870 2947 3924 τοῦ
2984 3871 3182 3942 ἀνδρὸς
3202 3873 3316 3926 ὅσοι
3340 3890 3399 3925 τε
3427 3872 3626 3936 παῖδας
3658 3871 3879 3941 ἔφυσαν

2280 3963 2374 4014 καὶ
2405 3962 2519 4014 ὅσοι
2550 3964 2659 4016 τῶν
2689 3963 2889 4032 ὴῖοέων
2943 3964 3043 4036 τὴν
3076 3965 3232 4029 τάξιν
3270 3966 3586 4036 ἐπέχουσιν,
3617 3965 3758 4019 ἀλλὰ
3787 3965 3886 4017 καὶ

2277 4055 2395 4109 ὅσοι
2427 4056 2527 4126 τῆς
2579 4057 2801 4128 ἡλικίας
2831 4057 3036 4128 ταύτης
3063 4059 3228 4129 μέχρι
3257 4059 3492 4130 βρέφους
3529 4058 3885 4128 ύποϐεὸήκα-

2281 4163 2386 4200 σιν.
2423 4147 2582 4200 Οὕτω
2637 4149 2734 4219 μὲν
2763 4145 2857 4203 οὖν
2896 4150 2991 4202 καὶ
3022 4150 3132 4202 ἀπὸ
3161 4149 3265 4219 τῆς
3285 4151 3606 4221 είθισμένης
3629 4151 3886 4220 χρήσεως

2279 4239 2430 4293 ἐστιν
2465 4240 2654 4294 λαϐεῖν
2682 4243 2756 4305 ὠς
2787 4242 2820 4312 ὴ
2845 4244 2942 4307 τῆς
2959 4241 3222 4311 γυναικὸς
3252 4243 3354 4296 οὐκ
3381 4244 3701 4313 ἀφαιρεῖται
3723 4244 3884 4311 φωνὴ

2279 4332 2379 4404 τῆς
2439 4333 2742 4403 παρθενίας
2776 4335 2837 4387 τὺ
2865 4335 3075 4388 δίκαιον
3100 4351 3115 4366 ⁸
3151 4338 3388 4404 γυναῖκα
3421 4335 3532 4408 γὰρ
3561 4337 3658 4405 οὐχ
3708 4334 3881 4400 ἅπαξ,

2277 4423 2416 4478 ἀλλὰ
2443 4427 2536 4478 καὶ
2568 4425 2832 4490 πολλάκις
2862 4428 2962 4498 τὴν
2992 4425 3135 4481 Εὕαν
3163 4425 3424 4498 ὀνομάζει
3456 4427 3554 4480 τοῦ
3595 4427 3773 4499 Ἀδάμ
3802 4427 3884 4479 ἐτι

2283 4517 2394 4580 τοῖς
2462 4517 2815 4588 παρθενικοῖς
2882 4519 3282 4592 ἐμπρέπουσαν
3333 4521 3724 4592 ὡραΐσμασιν,
3787 4523 3885 4574 καὶ

2282 4607 2396 4667 τοῖς
2419 4605 2721 4677 ἀκηράτοις
2751 4607 2938 4663 ἄνθεσι
2964 4610 3060 4664 τοῦ
3093 4612 3432 4683 παραδείσου
3460 4613 3879 4681 ἐνεαρίζουσαν,

2283 4697 2381 4751 καὶ
2435 4700 2627 4771 πόρρω
2680 4705 2779 4772 τῆς
2837 4704 3211 4775 παραϐάσεως
3259 4706 3354 4759 καὶ
3412 4707 3511 4775 τῆς
3540 4709 3883 4777 Δεσποτικῆς

2284 4791 2696 4865 καθισταμένην
2751 4795 2974 4867 ἐντολῆς
3031 4799 3124 4851 καὶ
3157 4799 3257 4868 τῆς
3286 4801 3628 4870 γυμνώσεως
3658 4802 3755 4852 καὶ
3786 4802 3884 4868 τῆς

2282 4883 2381 4938 τοῦ
2437 4885 2631 4956 θηρίου
2690 4887 3006 4958 συμϐουλῆς
3075 4889 3409 4962 ὑψηλότερον
3461 4892 3524 4946 τὸ
3577 4892 3882 4963 πολίτευμα

2293 4977 2588 5047 φέρουσαν·
2615 4980 2704 5032 ὅτε
2736 4981 2827 5034 καὶ
2855 4983 3057 5046 αὐτοὺς
3089 4984 3192 5036 οὑκ
3213 4983 3330 5036 ἔστι
3353 5001 3437 5038 σοι
3460 4982 3557 5038 ἀπ’
3583 4987 3756 5056 αὐτῆς
3784 4990 3882 5056 τῆς

585 5058 696 5113 τῶν
714 5059 1062 5132 πραγμάτων
1085 5060 1369 5132 ἐνεργείας
1384 5060 1733 5131 λογίσασθαι,
1768 5063 2166 5136 ἀνενοχλήτους
2203 5069 2370 5142 ἔφερε
2398 5073 2528 5137 τοὺς
2563 5074 2864 5146 λογισμοὺς
2899 5080 3223 5150 σωματικῆς
3277 5080 3557 5152 ήδονῆς,ή
3617 5081 3883 5144 πολλάκις

587 5152 1016 5227 ἐξονομασθεῖσα
1041 5157 1180 5230 γυνὴ
1197 5159 1841 5232 τοῦ’Λδάμ,κρείττονος
1876 5162 2179 5236 ἀξιουμένη
2218 5166 2470 5240 κλήσεως
2507 5171 2542 5241 ἡ
2571 5172 2852 5242 σαρκικῶν
2913 5173 3294 5246 ὲοεθισμάτων
3350 5175 3882 5244 ὲνταλαιπωρεῖσθαι

591 5250 814 5322 μάχαις.

945 5365 1278 5434 ρυΑεδτιο
1304 5369 1470 5425 xxm
1499 5370 1598 5443 [αι.
1625 5369 1819 5443 xxu].

593 5455 735 5523 Quid
799 5461 1070 5531 signi/ient
1130 5462 1332 5536 illud:
1391 5485 1410 5514 ι
1448 5463 1589 5536 Ecce,
1641 5467 1816 5520 Adam
1861 5467 2037 5536 factus
2103 5475 2179 5521 est

603 5537 874 5599 unquam
909 5548 1048 5585 unus
1081 5549 1146 5586 ex
1174 5533 1343 5600 nobis,
1375 5537 1543 5590 sciens
1575 5535 1768 5590 bonum
1790 5546 1839 5589 et
1861 5533 2096 5591 'malum.
2124 5555 2144 5590 ι

2823 5377 3162 5433 ΕΡΩἹἭΣΙΣ
3211 5381 3340 5438 Kl".

2293 5470 2354 5525 Τί
2383 5472 2669 5550 cingula-et
2699 5473 2789 5550 τὸ,
2829 5495 2847 5525 ι
2885 5475 3034 5550 ξιδοὺ
3077 5475 3262 5550 Ἀδὰμ
3300 5476 3552 5550 γέγονεν
3578 5467 3772 5550 (bc-75%
3810 5474 3876 5536 ἐξ

2397 5543 2588 5612 ἡμῶν,
2629 5543 2734 5598 τοῦ
2765 5545 3084 5612 γινώσκειν
3105 5543 3698 5616 καλὸν-’καὶβοντψᾰν
3749 5566 3766 5595 ι

1616 5671 1761 5722 Edita
1785 5687 1811 5722 a
1836 5673 1983 5735 Maio,
2011 5674 2050 5722 l.
2074 5687 2140 5729 c.,
2161 5688 2214 5737 p.
2239 5675 2408 5736 24-27,
2442 5677 2492 5726 in
2519 5677 2628 5728 Gen
2675 5690 2746 5733 ιιι.
2770 5679 2849 5730 ‘22.

668 5742 797 5800 Scio
831 5746 998 5814 igitur
1029 5750 1296 5820 quosdam
1337 5753 1520 5810 dicere
1561 5756 1832 5812 irouicum
1869 5773 2182 5815 sermonem

665 5877 712 5912 ⁸⁸
745 5878 882 5936 Gen.
918 5897 1070 5939 χχιιι.
1098 5884 1190 5938 2|.

2365 5758 2499 5815 Οἶδα
2537 5762 2636 5830 μὲν
2672 5758 2766 5815 οὖν
2800 5763 2874 5827 ὣς
2904 5781 3050 5827 τινες
3101 5781 3193 5818 τον
3221 5765 3422 5834 εἴρωνα
3469 5762 3628 5816 λὸνον
3659 5759 3745 5814 διὰ
3768 5760 3874 5812 τῶν
