4084 6492
206 457 297 521 ιιι)

1178 454 1278 512 AD
1316 453 1916 517 AMPHlLOCHIUM
1951 456 2302 528 QU/ESTIO
2326 460 2556 524 XXIII.

3372 462 3471 526 Πθ

197 568 567 642 προκειμένων
603 568 871 640 ῥημάτων
906 569 1043 638 φασὶ
1066 569 1491 640 προενηνέχθαι,
1520 571 1616 625 καὶ
1640 572 1781 624 ὀνει-

1895 573 2164 641 praedictis
2210 576 2394 631 verbis
2439 577 2713 647 prolatum
2737 594 2860 635 esse
2890 588 2944 634 et
2976 579 3247 636 Adamum
3272 596 3475 652 oppro—

198 665 353 729 δίζειν
405 659 502 715 τὸν
558 660 735 732 Ἀδὰμ
771 661 858 731 ἐφ’
900 655 978 724 οἷς
1011 661 1296 733 ὑπέρογκα
1318 662 1655 732 φαντασθεὶς
1686 664 1782 716 καὶ

194 760 229 814 ἃ.
254 754 627 826 φιλανθρωπία
669 754 765 808 τοῦ
830 754 1148 819 Πλάσαντος
1190 754 1350 825 χερσὶ
1400 758 1679 826 κατεῖχεν,
1720 754 1781 820 ἐξ

202 852 333 913 ίδίας
358 848 613 913 ἀϐουλίας
643 847 930 903 ἀπώλεσεν
947 865 962 879 ο
987 850 1035 902 οί
1067 848 1124 902 δὲ
1152 849 1375 917 γείτονα
1406 848 1780 921 προκομίζον-

195 960 284 1007 τες
311 940 487 1010 λόγον,
529 940 723 1011 ἔτερόν
758 958 812 993 τι
834 939 1118 1011 νομίζουσι
1172 939 1377 1009 λέγειν.
1407 941 1779 1014 Διασὺρεσθαι

196 1035 325 1104 γάρ,
367 1032 521 1099 φασὶ,
554 1031 651 1085 καὶ
680 1028 1133 1103 διαχλευάζεσθαι
1174 1033 1286 1095 τοῖς
1322 1032 1564 1103 παροῦσι
1597 1034 1781 1104 λόγοις

194 1124 287 1194 τὴν
315 1121 407 1176 τοῦ
448 1123 622 1193 Ἀδὰμ
650 1123 1030 1193 περιπέτειαν.
1057 1123 1169 1177 Καὶ
1195 1122 1377 1188 ἄλλοις
1406 1124 1586 1190 ἔδοξεν
1606 1127 1780 1197 ἐπεγ-

192 1215 446 1285 γελᾶσθαι
493 1215 595 1287 τὴν
634 1216 855 1287 πρᾶξιν,
905 1216 975 1269 δι’
1008 1217 1074 1285 ἣν
1103 1216 1439 1289 ὑψηλότερον
1477 1220 1583 1291 τῆς
1614 1221 1779 1275 αὑτοῦ

192 1308 401 1376 φύσεως
430 1310 544 1372 τοῖς
598 1309 877 1379 λογισμοῖς
903 1311 931 1362 ό
960 1309 1252 1381 ἄνθρωπος
1298 1312 1657 1384 ἀναδραμὼν,
1684 1317 1781 1369 καὶ

192 1395 256 1471 ἧς
287 1398 494 1469 ἠξιώθη
542 1398 749 1465 τάξεως
780 1401 934 1472 παρὰ
980 1401 1074 1454 τοῦ
1102 1402 1420 1467 Πλάσαντος
1458 1407 1777 1475 ἐφεστάναι,

196 1490 524 1563 κατηνέχθη.
578 1492 955 1564 Παραπλήσια
994 1493 1167 1547 ταῦτα
1205 1496 1301 1548 καὶ
1334 1495 1444 1549 ἀπὸ
1479 1499 1579 1565 τῆς
1608 1497 1780 1566 αὑτῆς

198 1581 444 1651 ἐπιϐολῆς
465 1581 567 1649 τὴν
592 1582 819 1654 πρόοδον
840 1582 1100 1650 λαϐόντα,
1128 1587 1176 1639 εί
1208 1586 1303 1639 καὶ
1326 1585 1465 1657 πρὸς
1485 1587 1781 1658 διαφόρους

197 1674 402 1729 εοκοὺσι
456 1676 825 1746 παραφυάδας
874 1676 1294 1747 ἀποσχίζεσθαι,
1351 1677 1464 1747 ἐγὼ
1505 1678 1562 1731 δὲ
1604 1678 1781 1733 ταῦτα

205 1770 297 1838 μὲν
318 1768 412 1821 οὑκ
443 1768 521 1822 ἀν
540 1768 785 1840 οίηθείην
817 1769 982 1838 σοφὸν
1006 1770 1457 1840 ἀποδοκιμάζειν,
1489 1770 1779 1825 ἀκολουθό-

203 1879 351 1933 τερον
372 1862 416 1916 δ’
450 1860 517 1916 ἂν
552 1862 723 1933 φαίην
785 1865 1071 1916 κατανοεῖν
1128 1864 1324 1935 ἐτέρας
1346 1862 1489 1918 εἶναι
1538 1864 1780 1929 διανοίας

205 1953 600 2023 παραστατικὸν
629 1954 690 2007 τὸ
714 1953 858 2025 ίερὸν
882 1955 1061 2007 ἐκεῖνο
1086 1956 1309 2025 χωρίον·
1351 1956 1513 2019 ποίας
1541 1955 1779 2026 ταύτηςς

218 2044 537 2116 Ἐπειδήπερ
558 2047 587 2099 ὁ
618 2046 792 2116 Ἀδὰμ
814 2047 937 2103 ἀντὶ
965 2045 1060 2100 τοῦ
1086 2047 1522 2118 νομοθετεῖσθαι,
1550 2050 1780 2120 νομοθέ-

205 2153 293 2189 του
338 2136 552 2208 ἀξίωμα
577 2138 829 2209 ἥρπασεν
850 2156 865 2171 ο
894 2138 1020 2192 ἀντὶ
1050 2138 1147 2193 τοῦ
1172 2140 1503 2211 κηδεμονίας
1527 2140 1624 2194 καὶ
1655 2158 1783 2195 παι·-

203 2227 471 2297 δαγωγίας
496 2229 595 2300 τῆς
624 2229 831 2283 ἄνωθεν
867 2229 1188 2297 ἀπολαύειν,
1224 2234 1291 2303 τῇ
1318 2231 1428 2303 ίδίᾳ
1464 2232 1661 2303 γνώμῃ
1686 2232 1783 2285 καὶ

203 2320 418 2391 προνοίᾳ
447 2319 547 2384 τάς
573 2321 668 2374 τοῦ
702 2320 821 2390 βίου
854 2323 1084 2391 πράξεις
1107 2322 1530 2389 κατεπίστευσε,
1556 2324 1653 2377 καὶ
1683 2324 1783 2394 τὴν

203 2412 386 2483 ῥώμην
423 2412 574 2482 ἔχειν
628 2414 884 2484 ἐνόμισεν
913 2412 1045 2467 ἀνευ
1075 2412 1225 2478 Θείας
1246 2416 1519 2485 ἐπιροπῆς
1554 2415 1651 2469 καί⁹
1685 2416 1781 2486 τῆς

196 2505 287 2559 τοῦ
318 2505 629 2575 κρείττονος
670 2505 1025 2571 ἐπινεύσεως,
1082 2505 1339 2578 ἐξαρκεῖν
1379 2506 1529 2579 αὑτῷ
1562 2508 1780 2579 διακρί-

198 2615 306 2650 νειν
337 2597 398 2650 τὸ
425 2597 596 2650 καλὸν
618 2597 727 2651 ἀπὸ
751 2597 845 2650 τοῦ
880 2598 1124 2669 χείρονος
1156 2599 1238 2670 (οὗ
1274 2599 1382 2669 γὰρ
1410 2599 1474 2652 ἂν
1504 2600 1578 2671 μὴ
1610 2599 1783 2654 ταῦτα

198 2689 517 2759 διαθέμενος
541 2690 639 2745 καὶ
664 2689 921 2761 κυρώσας
968 2693 1098 2763 παρ’
1144 2690 1347 2761 ἑαυτῷ,
1383 2691 1647 2761 οὑμενουν
1686 2694 1785 2746 οὑκ

201 2780 263 2837 ἂν
289 2780 511 2849 ὑψῶσαι
560 2781 722 2847 δόξαν
762 2782 957 2835 ἑαυτὸν
1005 2782 1325 2854 ὑπέδραμεν
1350 2784 1431 2845 είς
1460 2782 1518 2835 τὸ
1552 2783 1786 2852 μέγεθος

202 2872 289 2942 τῆς
308 2871 539 2943 πρώτης
572 2874 767 2944 ἀρχῆς,
854 2874 1065 2945 κρίνειν
1089 2890 1149 2926 τε
1180 2874 1277 2927 καὶ
1336 2874 1639 2945 διακρίνειν
1687 2875 1783 2928 τοῦ

199 2962 432 3036 πονηροῦ
462 2964 526 3017 τὸ
546 2964 730 3029 καλὸν,
758 2963 921 3032 σοφία
940 2962 1181 3033 έμφυτος
1206 2965 1307 3017 καὶ·
1336 2965 1700 3036 ἀπερινόητος
1727 2966 1785 3031 ἐξ

202 3056 360 3111 ἀϊδίου
394 3054 700 3126 περίεστιν,
730 3056 1051 3109 ἀλλὀὑδ’ἂν
1069 3057 1397 3127 προτάττειν
1423 3058 1601 3129 ὁρμὴν
1628 3056 1781 3110 ἐτόλ-

212 3165 374 3217 μησεν
402 3154 507 3219 τὴν
542 3149 709 3202 αὑτοῦ
755 3149 854 3219 τῆς
884 3149 1140 3206 ἁπάντων
1190 3149 1570 3219 δεσποζούσης
1605 3167 1665 3202 τε
1695 3150 1789 3202 καὶ

1888 665 2007 719 bt-io
2034 665 2249 722 allicere
2270 668 2420 738 quod
2471 670 2704 740 superba
2738 670 3069 740 imaginatus
3117 681 3265 729 esset
3315 682 3371 728 et
3407 688 3475 729 ea

1885 769 2009 823 qua:
2068 755 2385 813 Conditoris
2450 759 2827 814 benevolentia
2876 761 3133 817 manibus
3169 763 3466 829 retinebat,

1884 848 2119 918 propriae
2165 848 2545 920 imprudentia:
2579 867 2743 907 causa
2778 852 3134 923 perdidisset;
3190 855 3282 909 alii
3317 872 3469 919 vero.

1886 940 2101 998 aﬂinem
2151 944 2419 999 rationem
2477 944 2788 1012 aﬂerentes,
2842 944 3077 1000 alterum
3130 947 3262 1017 quid
3294 947 3476 1003 dicere

1886 1034 2131 1090 student.
2192 1035 2414 1090 lrrideri
2473 1036 2644 1102 enim,
2717 1036 2995 1107 inquiunt,
3042 1046 3097 1093 et
3166 1040 3473 1108 prmsertim

1885 1128 2066 1184 verbis
2116 1128 2314 1183 Adami
2366 1128 2733 1184 infortunium
2765 1130 3052 1185 confundi.
3118 1129 3185 1186 Et
3221 1132 3315 1186 alii
3344 1147 3477 1187 cen-

1887 1228 2121 1274 suerunt
2174 1220 2391 1275 irrideri
2436 1221 2706 1275 actionem
2757 1236 2863 1290 qua
2905 1221 3071 1276 altius
3126 1223 3349 1292 propria
3380 1237 3479 1276 na-

1886 1322 2007 1367 tura
2059 1313 2178 1369 suis
2233 1313 2661 1383 cogitationibus
2696 1315 2864 1369 homo
2910 1315 3236 1380 ascendens,
3294 1330 3361 1370 ex
3407 1330 3475 1371 eo

1885 1405 2049 1458 etiam
2073 1403 2265 1458 ordine
2295 1405 2346 1458 in
2394 1420 2504 1474 quo
2524 1420 2648 1460 eum
2682 1407 2893 1476 erigere
2913 1407 3171 1476 dignatus
3191 1416 3311 1462 erat
3332 1407 3479 1463 Con-

1886 1496 2050 1559 ditor,
2100 1496 2343 1566 deiectus
2387 1507 2491 1553 est.
2561 1499 2815 1554 Proxima
2867 1514 2930 1552 ea
2960 1508 3012 1554 et
3060 1500 3129 1553 ab
3158 1500 3353 1555 eodem
3385 1500 3473 1555 in-

1886 1597 2045 1657 cepto
2098 1587 2204 1642 iter
2233 1588 2606 1657 SttScipientia,
2664 1590 2765 1643 etsi
2818 1589 3200 1646 diiferentibus
3250 1590 3476 1645 videano

1888 1688 1976 1735 tur
2003 1679 2202 1736 deinde
2248 1682 2665 1752 propaginibus.
2735 1680 2849 1751 Ego
2904 1697 3036 1737 vero
3066 1696 3177 1738 non
3210 1681 3478 1752 sapientis

1885 1788 2008 1827 esse
2042 1771 2319 1827 crederem
2374 1789 2437 1828 ea
2465 1773 2715 1841 rejicere,
2746 1773 2953 1829 rectius
2996 1782 3178 1827 autem
3235 1774 3475 1827 dicerem

1887 1865 2035 1919 aliud
2074 1865 2317 1920 indicare
2363 1880 2580 1919 sacrum
2618 1864 2771 1919 illum
2811 1865 3017 1920 locum.
3078 1863 3224 1930 Quid
3264 1862 3476 1933 igitur?

1896 1955 2191 2025 Postquam
2220 1955 2413 2019 Adam,
2438 1955 2621 2025 potius
2662 1971 2826 2024 quam
2861 1956 2963 2025 legi
3004 1956 3272 2019 obediret,
3313 1955 3477 2025 legis-

1888 2047 2073 2102 latoris
2123 2047 2443 2118 dignitatern
2490 2047 2762 2116 abripuit;
2818 2049 3000 2117 potius
3029 2062 3194 2116 quam
3241 2062 3374 2101 cura
3422 2056 3479 2100 et

1886 2140 2227 2195 institutione
2252 2140 2437 2195 divina
2471 2140 2768 2203 frueretur,
2832 2140 3067 2209 preprite
3108 2139 3377 2193 voluntati
3422 2145 3479 2194 et

1887 2232 2009 2286 vita:
2042 2231 2346 2301 prudentia:
2389 2242 2544 2286 actus
2590 2231 2853 2297 credidit;
2902 2240 2956 2285 et
3001 2232 3111 2284 vim
3143 2230 3482 2285 existimavit

1885 2324 2164 2379 sehabere
2205 2323 2415 2393 absque
2470 2338 2573 2393 ope
2622 2323 2812 2378 divino
2862 2330 2918 2377 et
2968 2322 3180 2391 majore
3232 2322 3476 2391 impulsu

1886 2414 2091 2469 bonum
2122 2429 2155 2469 a
2199 2415 2343 2469 malo
2409 2414 2754 2472 discernendi
2806 2413 2950 2485 (nisi
2990 2415 3137 2469 enim
3167 2415 3284 2469 haec
3332 2414 3477 2484 apud

1886 2522 1945 2561 se
1982 2505 2273 2562 statuisset
2325 2518 2377 2561 et
2422 2506 2740 2571 stabilisset,
2806 2522 2915 2561 non
2971 2521 3105 2561 sane
3150 2506 3479 2575 Opinionem

1888 2597 2233 2666 concepisset
2303 2612 2362 2652 se
2402 2600 2470 2651 ad
2528 2598 2874 2667 maiestatem
2943 2598 3135 2667 primae
3195 2598 3480 2668 dignitatis

1886 2688 2163 2758 erigendi,
2244 2688 2332 2742 cui
2379 2688 2667 2757 iudicandi
2742 2697 2797 2743 et
2863 2688 3217 2744 discernendi
3270 2690 3477 2743 bonum

1887 2794 1917 2833 a
1974 2779 2119 2835 malo
2170 2779 2314 2835 inest
2384 2780 2654 2835 naturalis
2698 2791 2753 2833 et
2799 2780 3385 2850 incomprehensibilis
3409 2779 3483 2834 ab

1886 2880 2091 2927 aeterno
2125 2872 2423 2942 sapientia;
2472 2886 2651 2942 neque
2689 2886 2859 2927 ausus
2891 2881 3035 2929 esset
3068 2872 3349 2940 propriam
3384 2885 3478 2925 sa-

1887 2963 2146 3033 pientiam
2192 2962 2477 3032 sapientiae
2509 2962 2640 3016 huic
2661 2970 3023 3030 anteponere,
3071 2974 3195 3029 quae
3221 2959 3482 3014 omnibus

1891 3056 2214 3110 dominatur
2238 3065 2292 3109 et
2318 3069 2512 3108 omnes
2542 3053 2786 3108 scientiae
2824 3062 2879 3107 et
2900 3052 3248 3107 discretionis
3281 3050 3487 3122 gratias

1890 3146 2142 3211 ell‘undit,
2193 3162 2369 3216 neque
2412 3146 2655 3200 divinum
2688 3145 3003 3199 mandatum
3045 3143 3202 3198 nihili
3234 3142 3443 3197 faciens
3466 3182 3483 3209 ,

209 3240 377 3304 πάσας
402 3242 636 3311 χάριτας
668 3239 1015 3309 διαγνώσεως
1044 3240 1405 3312 πηγαζοὺσης
1453 3242 1547 3293 καὶ
1574 3240 1788 3312 διακρί-

1895 3250 2147 3293 cunctam
2176 3239 2368 3308 agendi
2401 3238 2670 3293 rationem
2698 3236 2936 3305 propriae
2960 3235 3223 3289 voluntati
3246 3232 3482 3290 commi-

212 3350 371 3397 σεως*
392 3335 506 3388 οὐδ’
542 3333 609 3387 ἂν
640 3334 741 3404 τὴν
766 3334 919 3388 Θείαν
944 3334 1165 3404 ἐντολὴν
1197 3335 1329 3407 παρ’
1355 3334 1507 3389 οὐδὲν
1540 3334 1790 3406 θέμενος,

207 3426 329 3496 ὃλην
360 3427 533 3481 αὑτοῦ
553 3430 621 3499 τῇ
651 3425 846 3498 γνώμῃ
865 3426 972 3479 τῶν
988 3428 1281 3497 πρακτέων
1304 3426 1572 3498 διοίκησιν
1588 3427 1794 3497 ἐνεχεί-

210 3518 373 3588 ρισεν)
394 3533 411 3551 ·
445 3518 575 3575 ἐπεὶ
601 3516 696 3571 οὖν
716 3557 730 3580 ,
766 3516 936 3585 φησὶν
960 3518 989 3569 ὁ
1021 3517 1174 3581 θεὸς,
1208 3518 1320 3581 τοῖς
1342 3515 1526 3587 ἔργοις
1553 3517 1793 3588 παρέσχε

202 3604 289 3658 τὸν
342 3605 593 3676 ἔλεγχον,
657 3605 853 3676 ἐαυτῷ
886 3606 1338 3669 καταπιστεύσας
1387 3605 1485 3660 τοῦ
1537 3606 1655 3676 βίου
1690 3608 1791 3678 τὴν

203 3699 461 3768 πρόνοιαν
528 3698 627 3751 καὶ
671 3698 855 3751 οὐκέτι
928 3700 1043 3762 τοῖς
1107 3699 1401 3770 ἡμετέροις
1453 3700 1795 3754 ὑποκύπτειν

199 3790 370 3844 ἐθέλει
426 3790 878 3861 προστάγμασιν,
933 3790 1070 3844 ἀλλά
1095 3790 1156 3843 τό
1184 3808 1247 3860 γε
1277 3790 1430 3844 δοθὲν
1476 3791 1629 3862 αὑτῷ
1657 3793 1793 3847 αὑτ-

204 3882 443 3947 εξοὺσιον
472 3883 619 3954 πρὸς
638 3866 743 3954 τὴν
774 3881 870 3937 τοῦ
908 3882 1207 3945 δεδωκότος
1242 3881 1398 3951 ὓϐριν
1419 3884 1796 3954 ἀπεχρήσατο,

207 3973 297 4029 καὶ
325 3975 586 4045 ἐνόμισεν
616 3973 814 4028 ἐαυτὸν
834 3970 975 4027 εἶναι
996 3973 1073 4038 ὡς
1090 3974 1186 4027 ἕνα
1212 3973 1271 4039 ἐξ
1302 3973 1479 4044 ἡμῶν,
1499 3973 1797 4044 νομοθέτην

210 4068 697 4138 νομοθετούμενον,
766 4065 1081 4139 προνοητὴν
1104 4067 1166 4119 οὑ
1203 4066 1463 4137 προνοίας
1516 4066 1795 4137 δεόμενον,

209 4158 474 4232 δεσπότην
539 4160 601 4213 οὑ
666 4159 1103 4229 δεσποζόμενον,
1153 4158 1379 4228 ἄμεινόν
1428 4160 1577 4212 ἐστιν
1634 4158 1799 4211 αὑτὸν

206 4254 545 4325 ἐκϐληθῆναι
576 4252 673 4307 τοὺ
700 4252 1059 4325 παραδείσου,
1086 4252 1177 4306 διά
1203 4250 1299 4304 δύο
1340 4251 1578 4322 μάλιστα
1602 4251 1796 4305 ταῦτα·

203 4342 261 4398 ἐν
288 4344 389 4415 μὲν
423 4346 517 4399 ἵνα
549 4345 624 4417 μὴ
644 4345 859 4418 τρυφῆς
889 4346 969 4409 είς
1013 4344 1243 4415 ἄκαιρόν
1264 4359 1325 4396 τε
1358 4344 1452 4395 καὶ
1483 4342 1801 4410 ἀπαιδαγώ-

202 4450 367 4504 γητον
419 4436 729 4491 ἀπόλαυσιν
786 4437 1097 4500 καταστὰς,
1157 4434 1369 4506 χείροσι
1416 4432 1800 4503 καταλισθήσῃ

205 4527 650 4599 παραπτώμασι,
678 4529 775 4583 καὶ
807 4529 1085 4600 δεύτερον,
1126 4528 1214 4581 ἵνα
1246 4526 1469 4594 τοῖςτῆς
1501 4526 1801 4598 ὑπερορίας

206 4619 425 4683 κόλποις
443 4599 1052 4693 ἐνταλαιπωροὺμενος,
1081 4619 1176 4674 ἀπ’
1196 4617 1377 4673 αὑτῶν
1401 4616 1600 4687 πείρας
1634 4617 1799 4687 μάθοι
1828 4599 1883 4658 D

206 4709 305 4780 τῆς
330 4728 393 4765 τε
440 4713 661 4777 οἰκείας
690 4712 753 4766 τὸ
783 4712 983 4784 μέτρον
1031 4711 1340 4782 δυνάμεως,
1390 4709 1486 4763 καὶ
1538 4709 1613 4771 ὡς
1666 4708 1800 4761 πολὺ

206 4804 354 4875 αὐτῷ
391 4805 845 4876 λυσιτελέστερον
887 4801 977 4875 ἦν,
1038 4805 1138 4875 τῆς
1189 4803 1351 4874 ἡμῶν
1405 4802 1667 4875 προνοίας
1708 4801 1795 4867 eg.

1896 3331 2109 3402 sisset);
2134 3342 2424 3399 postquam
2455 3329 2643 3397 igitur,
2675 3328 2855 3397 inquit
2889 3328 3052 3391 Deus,
3111 3325 3381 3395 operibus
3426 3340 3486 3380 se

1896 3439 2051 3478 reum
2095 3424 2402 3489 constituit,
2460 3422 2565 3478 sibi
2614 3422 2719 3491 ipsi
2766 3421 2959 3483 lidens,
3000 3421 3055 3474 itt
3102 3420 3249 3483 vitae,
3303 3417 3489 3488 provi-

1896 3516 2097 3582 dentia,
2148 3524 2203 3570 et
2236 3516 2412 3570 noluit
2456 3516 2595 3570 meis
2627 3514 2850 3569 obedire
2892 3512 3188 3573 mandatis,
3239 3518 3296 3566 et
3356 3510 3487 3565 dato

1898 3608 2002 3662 sibi
2061 3608 2233 3662 libero
2258 3607 2513 3669 arbitrio,
2551 3608 2618 3661 ad
2654 3606 2915 3675 iniuriam
2956 3604 3107 3660 illius
3134 3604 3230 3673 qtti
3272 3602 3406 3657 illud
3436 3601 3490 3656 ei

1898 3699 2065 3762 dedit,
2102 3700 2309 3755 abusus
2333 3708 2439 3764 est,
2458 3707 2513 3754 et
2537 3698 2839 3755 crediditse
2868 3697 3045 3766 ipsum
3074 3710 3197 3751 esse
3226 3703 3288 3749 ut
3316 3702 3489 3748 unum

1898 3807 1966 3847 ex
1987 3792 2168 3858 nobis,
2186 3791 2551 3863 legislatorem
2574 3800 2627 3847 et
2655 3806 2763 3845 non
2788 3790 2920 3860 legis
2942 3787 3273 3857 subjectum,
3307 3785 3492 3856 provi-

1902 3883 2118 3938 dentetn
2192 3891 2247 3937 et
2296 3898 2406 3938 non
2481 3882 2823 3953 providentia
2868 3891 3141 3953 egentem,
3201 3879 3490 3934 dominum

1899 3984 1954 4029 et
2009 3990 2119 4029 non
2151 3974 2255 4029 sub
2286 3974 2531 4029 dominio
2554 3974 2939 4044 constitutum,
2998 3973 3195 4027 melius
3241 3980 3328 4025 est
3359 3984 3491 4025 eum

1902 4068 2216 4138 aparadiso
2271 4068 2505 4136 expelli,
2555 4075 2777 4137 propter
2819 4066 2929 4120 duo
2980 4064 3097 4119 haec
3148 4063 3489 4133 praesertim:

1903 4161 2079 4229 primo
2111 4161 2331 4231 quidem
2364 4176 2453 4225 ne,
2491 4159 2545 4214 in
2569 4157 2785 4213 funesta
2825 4167 2879 4213 et
2909 4156 3137 4211 indocili
3168 4154 3493 4209 deliciarum

1903 4254 2161 4310 fruitione
2220 4265 2395 4319 stans,
2446 4251 2787 4322 gravioribus
2832 4247 3071 4303 ollendat
3134 4246 3358 4302 casibus
3392 4264 3407 4311 ;
3440 4254 3497 4299 et

1904 4347 2166 4413 secundo,
2228 4356 2285 4401 ttt
2340 4346 2533 4401 exsilio
2584 4344 2835 4407 amictus,
2883 4357 2951 4395 ex
2986 4340 3123 4411 ipsis
3154 4338 3413 4409 operibus
3439 4344 3495 4391 et

1903 4439 2159 4495 dolorum
2215 4438 2594 4509 experimento
2650 4435 2832 4489 discat
2887 4442 2941 4488 et
2982 4430 3219 4503 proprias
3274 4428 3498 4483 virtutis

1906 4544 2263 4593 mensuram,
2330 4538 2384 4585 et
2432 4536 2702 4597 quantum
2758 4525 2862 4595 ipsi
2916 4522 3193 4579 commodi
3247 4518 3497 4576 conferat

1916 4630 2122 4676 nostra:
2164 4621 2523 4691 providentia:
2570 4617 2775 4689 proprii
2824 4614 3059 4671 instituti
3114 4622 3171 4669 et
3196 4609 3498 4667 voluntatis

1906 4722 2087 4768 motus
2119 4712 2401 4782 adaptare,
2425 4719 2480 4765 et
2506 4724 2673 4781 quam
2702 4722 2733 4762 a
2754 4722 2814 4763 se
2835 4708 2954 4776 ipso
2984 4706 3186 4760 bonum
3211 4711 3267 4757 et
3289 4699 3497 4755 malum

1902 4803 2219 4859 discernere
2241 4804 2419 4873 impar
2452 4802 2542 4857 sit.

208 4899 403 4954 ἅπτειν
428 4899 501 4952 τά
525 4897 625 4968 τῆς
658 4896 897 4961 διανοίας
933 4898 1029 4950 καὶ
1056 4898 1159 4968 τῆς
1186 4896 1466 4960 πολιτείας
1497 4898 1797 4966 κινήματα,
1838 4897 1965 4953 ὅσον
1988 4915 2047 4952 τε
2078 4897 2419 4969 καθέστηκεν
2479 4894 2664 4967 ἐνδεὴς
2699 4895 2795 4948 τοῦ
2827 4892 3117 4961 γινώσκειν
3179 4886 3273 4956 ἀφ’
3302 4881 3497 4939 ἑαυτοῦ

209 5004 267 5043 τε
286 4993 348 5045 τὸ
371 4992 546 5047 καλὸν
576 4992 749 5047 καὶτὸ
778 4995 1035 5063 πονηρόν.

284 5087 507 5158 Ταύτης
537 5085 598 5140 δὲ
620 5085 723 5157 τῆς
746 5086 989 5149 διανοίας
1016 5084 1172 5156 οἶμαι
1200 5084 1293 5140 καί
1311 5084 1606 5155 Σύμμαχον
1640 5084 1829 5152 ἐγγὺς

219 5183 481 5247 γεγονότα
536 5181 639 5252 τὴν
702 5180 970 5251 περιοχὴν
1040 5180 1133 5233 τοῦ
1194 5177 1361 5249 ῥητοῦ
1415 5176 1807 5231 ἐκδεδωκέναι·

226 5290 244 5323 ι
266 5273 391 5327 Ἰδοὺ
431 5273 615 5344 ’Δδάμ
639 5273 953 5342 γέγονενώς
984 5266 1067 5334 εἴς
1096 5272 1155 5338 ἐξ
1185 5269 1479 5342 ἠμῶν,τοῦ
1516 5267 1811 5338 γινώσκειν

219 5363 310 5431 ἀφ’
332 5365 537 5419 ἑαυτοῦ
581 5365 748 5419 καλὸν
790 5364 887 5418 καὶ
929 5365 1184 5436 πονηρόν.
1224 5381 1243 5416 ι
1291 5363 1359 5417 Δί
1393 5362 1451 5416 δὲ
1501 5360 1813 5433 ἔμπροσθεν

220 5456 513 5528 είρημέναι
538 5458 634 5511 τοῦ
658 5456 827 5529 ῥητοῦ
848 5457 1131 5528 διηγήσεις
1154 5455 1434 5510 ἐδίδασκον
1463 5452 1529 5507 ἂν
1551 5454 1701 5524 ἡμᾶς
1738 5451 1815 5523 μὴ

220 5550 356 5621 πρὸς
380 5548 579 5619 ἕτερόν
601 5567 657 5603 τι
690 5548 913 5620 βλέπειν
946 5549 997 5601 εί
1016 5565 1080 5615 γε
1119 5546 1350 5617 σύνηθες
1379 5546 1513 5616 ἡμῖν
1538 5544 1665 5613 ἐνῆν
1689 5543 1821 5613 ὀρᾷν

220 5642 332 5704 τοῖς
365 5642 542 5712 ἱεροῖς
565 5642 724 5711 ἡμῶν
780 5641 983 5709 λογίοις
1013 5642 1074 5695 ἐν
1132 5639 1210 5709 τῷ
1257 5634 1567 5707 διασύροντί
1607 5652 1664 5687 τε
1724 5634 1819 5687 καὶ

220 5732 500 5803 εἰρωνικῷ
520 5734 616 5787 καὶ
646 5733 966 5802 διαγελῶντι
1006 5733 1192 5803 τρόπῳ
1215 5730 1282 5785 τά
1325 5727 1678 5798 ἀντικείμενα
1708 5727 1817 5788 τοῖς

299 5914 345 5946 ’⁸
378 5912 521 5969 Gen.
559 5928 640 5983 ιιι,
672 5912 762 5969 22.

1988 5084 2127 5139 Huic
2153 5082 2341 5140 sensui
2356 5081 2583 5152 propius
2604 5077 2908 5135 accessisse
2924 5073 3315 5147 Symmachum
3339 5079 3501 5143 puto,

1918 5182 1971 5228 et
2001 5172 2166 5243 hujus
2192 5172 2322 5227 dicti
2346 5179 2729 5242 argumentum
2749 5166 3055 5239 prodidisse
3083 5183 3096 5219 :
3132 5184 3149 5215 ι
3168 5163 3305 5218 Ecce
3326 5162 3501 5217 Adam

1908 5263 2100 5321 'l'actus
2134 5274 2218 5319 est
2261 5264 2420 5334 quasi
2472 5278 2617 5318 unus
2660 5276 2725 5316 ex
2758 5259 2940 5321 nobis,
2978 5258 3157 5313 sciens
3198 5256 3402 5310 bonum
3448 5260 3507 5309 et

1920 5356 2125 5411 malum
2148 5356 2213 5411 ¹⁹.
2246 5374 2264 5406 ι
2314 5355 2447 5422 Quae
2489 5364 2672 5409 autem
2706 5352 2861 5423 prius
2892 5351 3032 5406 data:
3077 5356 3207 5403 sunt
3238 5346 3503 5416 explana-

1918 5448 2115 5513 tiones,
2148 5462 2248 5502 nos
2270 5462 2377 5501 non
2406 5446 2553 5501 aliud
2576 5460 2697 5501 esse
2724 5441 3170 5514 prospiciendum
3216 5438 3501 5500 docerent,

1919 5538 2152 5594 simodo
2183 5538 2483 5593 soleremus
2532 5536 2587 5590 itt
2644 5534 2849 5590 nostris
2899 5533 3071 5587 sacris
3112 5528 3350 5584 oraculis
3398 5526 3505 5581 sub

1921 5631 2191 5687 irrisionis
2236 5640 2291 5685 et
2325 5630 2515 5686 ironia:
2560 5638 2615 5684 et
2643 5625 2903 5697 diasyrmi
2952 5623 3125 5677 forma
3153 5619 3399 5691 opposita
3435 5618 3504 5672 iis

1921 5738 2041 5793 quae
2097 5721 2501 5791 praetenduntur
2565 5716 2869 5790 signiﬁcata
2932 5724 2985 5769 et
3030 5712 3259 5783 ﬁgurata
3294 5709 3502 5769 videre,
