4084 6474
280 444 394 513 173

1209 458 1311 518 AD
1356 459 1953 527 AMPHILOCHIUM
1989 465 2340 541 QUIESTIO
2376 469 2591 532 XXIV.

3410 438 3413 442 ’
3448 471 3552 539 tu

273 558 514 627 Τριάδος
566 558 845 630 ὑπεροχὴν
883 559 982 631 τὴν
1026 561 1307 635 ἀναφορὰν
1353 565 1521 636 ἔχειν,
1562 568 1677 623 ἀλλ’
1706 571 1787 635 εἰς
1811 571 1873 625 τὸ

1983 574 2168 642 nobis;
2201 596 2219 630 ι
2278 591 2390 631 non
2426 576 2493 631 ad
2528 575 2744 634 Triadis
2784 578 3162 634 excellentiam
3198 578 3411 648 referri,
3455 582 3550 635 scd

269 651 489 719 πλῆθος
513 652 726 721 ἁφορᾷν
758 651 869 705 τῶν
893 651 1283 725 λειωυργικῶν
1324 658 1419 711 καὶ
1442 658 1753 731 ἀσωμάτων
1783 662 1874 716 δυ-

276 740 531 809 νάμεων.
579 740 721 808 Ἐγὼ
754 741 812 794 δὲ
842 741 1030 798 τοῦτον
1065 745 1157 799 τὸν
1199 746 1357 816 λόγον
1406 750 1543 818 μετὰ
1565 751 1660 805 τοῦ
1688 753 1873 824 ἐνέχε-

272 830 409 885 σθαι
434 834 555 896 ταῖς
581 833 1010 905 προειρημέναις
1034 836 1258 904 αίτίαις,
1287 839 1397 893 οὐδ’
1417 840 1529 912 ὁρῶ
1552 842 1671 897 τίνα
1692 845 1873 916 χῶραν

273 922 424 986 ὅλως
457 922 572 993 ἔχει
631 925 1034 996 παρεντεθῆναι
1099 929 1355 985 ἐνταῦθα.
1408 931 1547 985 Οὔτε
1607 935 1717 1006 γὰρ
1772 937 1873 1005 τὴν

277 1014 594 1085 συμϐουλὴν
623 1016 719 1069 τοῦ
743 1016 927 1085 ὄφεως
970 1017 1239 1091 διασύρει,
1278 1021 1400 1075 οὐδὲ
1434 1023 1684 1091 ἀγγέλων
1710 1025 1873 1096 φύσιν

272 1104 535 1158 ὑπελθεῖν
558 1104 739 1177 ἔρωτά
758 1107 922 1161 ποθεν
945 1109 1128 1164 λαϐεῖν
1156 1113 1185 1164 6
1221 1112 1391 1182 Ἀδὰμ
1411 1115 1694 1186 ἐφωράθη.
1727 1119 1866 1172 Οὐδὲ

266 1190 350 1261 ἦν
383 1195 519 1249 πολὺ
558 1197 750 1268 πόρρω
792 1198 950 1270 δόξης
981 1201 1082 1271 τῆς
1114 1202 1419 1275 ἀγγελικῆς
1446 1206 1697 1273 διεστὼς,
1730 1211 1874 1263 κατά

264 1284 372 1338 τὸν
402 1286 730 1358 παράδεισον
754 1290 852 1351 τὰς
888 1290 1173 1362 διατριϐάς
1217 1293 1384 1363 ἔχων,
1414 1298 1507 1349 καὶ
1539 1298 1638 1368 τῆς
1668 1298 1871 1353 ἀθανα-

270 1377 405 1440 σίας
432 1378 523 1430 ἐπί
569 1396 634 1447 γε
676 1383 744 1452 τῇ
788 1383 1018 1453 προνοίᾳ
1047 1383 1141 1438 τοῦ
1175 1385 1489 1452 Πλάσαντος
1537 1389 1827 1445 ἀπολαύων
1854 1408 1867 1423 °

266 1467 370 1522 διὰ
397 1469 572 1523 ταῦτα
608 1472 792 1525 τοίνυν
827 1474 889 1525 οὺ
930 1475 1076 1545 ῥᾴων
1108 1476 1224 1545 εἰμι
1246 1481 1311 1548 τῇ
1342 1479 1679 1552 τοιαύτῃτοῦ
1704 1484 1870 1554 ῥητοῦ

270 1560 657 1616 συνεπινεύειν
711 1564 1015 1637 ἑρμηνείᾳ·
1089 1568 1326 1637 μάλιστα
1370 1571 1425 1624 δὲ
1456 1574 1550 1626 καὶ
1575 1573 1710 1627 διότι
1764 1594 1871 1647 περ

270 1651 343 1705 τὸ
363 1654 484 1706 ἀντὶ
537 1655 805 1726 ὀνόματος
836 1659 1200 1728 παραληφθὲν
1248 1663 1341 1715 τοῦ
1400 1664 1562 1732 λόγου
1601 1666 1767 1737 μέρος
1791 1670 1871 1732 είς

270 1743 526 1797 τοιοῦτον
555 1748 956 1817 σχηματίζεται
985 1750 1177 1806 τύπον.
1249 1754 1402 1824 Τάχα
1437 1756 1481 1808 δ’
1515 1754 1582 1809 ἂν
1616 1758 1710 1810 καὶ
1755 1759 1872 1811 ἑτέ-

283 1849 406 1900 ροις
443 1834 777 1907 τεθεώρηται
808 1839 919 1890 τῶν
948 1840 1260 1910 εἰρημένων
1289 1842 1539 1914 θειότερά
1567 1863 1627 1898 τε
1658 1847 1752 1900 καὶ
1778 1865 1869 1899 τε-

277 1922 551 1996 λειότερα.
601 1927 732 1997 Ἐμὲ
768 1929 826 1982 δὲ
850 1931 988 2000 μήτε
1021 1932 1244 2002 μνήμην
1288 1933 1434 2004 ἔχειν
1471 1935 1675 1991 τούτων
1707 1939 1877 2007 ἡτῶν
1911 1916 1953 1970 Β

280 2015 512 2069 πολλῶν
557 2020 651 2071 καὶ⁴
694 2019 1116 2093 ἁλλεπαλλήλων
1145 2026 1469 2096 πειρασμῶν
1486 2027 1669 2099 πληγὴ
1695 2047 1873 2100 παρα·

275 2107 561 2181 χωροῦσα,
592 2110 715 2180 μηδ’
770 2114 852 2176 είς
901 2112 1129 2184 ἔρευναν
1192 2116 1552 2173 καθίστασθαι
1607 2121 1878 2191 μηδεμίαν

276 2196 471 2251 ἄδειαν
499 2201 873 2272 παρεχομένη,
897 2204 977 2266 εἰς
998 2204 1155 2257 τοῦτο
1181 2208 1289 2275 γὰρ
1318 2208 1465 2278 ἡμᾶς
1485 2212 1513 2262 6
1532 2210 1642 2265 τῶν
1662 2210 1761 2263 ἀνθ
1772 2212 1877 2281 ρώ-

278 2306 409 2343 πων
435 2291 626 2359 φθόνος
651 2294 1019 2362 συνέκλεισεν,
1052 2295 1088 2350 ἂ
1129 2298 1314 2369 παρῆν
1338 2301 1518 2355 εἰπεῖν
1548 2301 1606 2366 ἐξ
1636 2296 1711 2355 ὧν
1747 2320 1874 2355 συν-

278 2383 426 2436 εἶδον
460 2386 599 2440 κατὰ
650 2387 747 2458 τὴν
796 2390 897 2459 σὴν
956 2391 1437 2464 φιλομαθεστάτην
1508 2396 1735 2462 ἀξίωσιν
1778 2398 1878 2450 οὐκ

275 2477 517 2548 ἐπέσχεν
548 2478 805 2550 οὐδεμίαο
832 2482 1036 2555 καίπερ
1072 2523 1086 2537 .
1125 2526 1139 2539 .
1176 2526 1190 2540 .
1230 2528 1243 2541 .
1282 2523 1298 2539 .
1336 2528 1352 2543 .
1376 2488 1538 2559 σιγῆς
1563 2492 1834 2561 πρόφασις
1860 2510 1874 2524 ο

275 2567 423 2622 ἀλλά
470 2570 615 2623 κατά
644 2572 744 2641 μὲν
774 2572 1034 2645 ἐπιϐολὴν
1074 2576 1424 2648 κεφαλαιώδη
1467 2582 1565 2633 καὶ
1613 2583 1879 2652 σύντομον

276 2659 384 2712 καὶ
430 2661 621 2732 καιρὸν
648 2662 892 2717 τοιοῦτον
910 2666 1138 2735 άρκέσοι
1160 2669 1228 2722 τὰ
1259 2669 1554 2741 εἰρημένα.
1617 2674 1680 2727 Ei
1738 2674 1795 2727 δέ
1824 2694 1877 2729 τι

281 2753 386 2808 καὶ
421 2755 487 2809 ab
521 2755 733 2821 τούτοις
767 2759 1063 2829 προσθείης
1094 2762 1194 2814 οὐκ
1219 2762 1443 2818 ἔλαττον
1481 2767 1662 2835 σαυτῷ
1704 2767 1737 2838 ἢ
1784 2768 1879 2821 καὶ

277 2847 421 2919 ἡμῖν
450 2863 517 2915 τε
571 2850 685 2912 τοῖς
718 2849 1067 2915 διδασκάλοις
1119 2852 1220 2923 τὴν
1264 2854 1427 2925 χάριν
1481 2856 1874 2929 ἀνταποδοίηςο

278 2938 419 3000 ἴσως
454 2938 501 2991 δ’
533 2938 603 2992 ἄν.
627 2957 773 3004 τινος
806 2942 1063 3013 ἀφορμῆς
1081 2945 1235 3015 παρά
1263 2945 1357 2999 σοῦ
1379 2947 1751 3020 πορισθείσης,
1782 2951 1879 3003 καὶ

278 3031 423 3099 ἡμῖν
446 3029 513 3083 ἂν
545 3032 759 3099 γένοιτο
806 3034 904 3103 τῆς
931 3036 1235 3105 Μωσαῖκῆς
1289 3037 1546 3102 θεοπτίας
1574 3040 1634 3092 ού
1690 3040 1879 3112 πόρρω

282 3123 392 3187 τὴν
431 3122 670 3193 σπουδὴν
719 3124 881 3195 ἡμῶν
938 3125 1338 3199 διωθουμένης,
1394 3129 1631 3200 μάλιστά
1682 3149 1746 3200 γε
1785 3133 1879 3186 καὶ

1974 668 2248 737 respicere
2276 670 2344 723 ad
2379 669 2782 724 multitudinem
2813 679 3125 726 sanctarum
3187 682 3242 727 et
3294 673 3553 743 incorpo-

1974 773 2192 814 rearum
2232 767 2582 830 potestatum.
2672 760 2786 831 Ego
2832 777 2982 822 vero.
3013 772 3374 833 praeterquam
3406 766 3553 833 quod

1972 850 2245 921 praedictis
2276 850 2457 905 causis
2483 849 2729 919 subiacet
2752 851 2839 905 hic
2859 867 3061 919 sermo,
3091 869 3197 907 non
3215 854 3371 909 video
3388 870 3552 924 quem

1974 941 2155 996 locum
2181 941 2379 996 habeat
2423 940 2514 996 hic
2543 941 2818 997 interseri.
2873 942 3060 1012 Neque
3104 944 3251 998 enim
3284 948 3553 1011 serpentis

1974 1030 2264 1085 consilium
2336 1030 2624 1095 obtrectat,
2685 1044 2864 1098 neque
2912 1030 3229 1099 angelorum
3297 1041 3552 1086 naturam

1974 1116 2309 1187 suscipiendi
2362 1132 2607 1171 amorem
2655 1118 2973 1187 concepisse
3020 1119 3193 1173 Adam
3246 1122 3395 1176 visus
3446 1132 3549 1177 est.

1974 1208 2092 1263 Non
2132 1208 2294 1278 longe
2322 1225 2354 1263 a
2405 1210 2577 1279 gloria
2630 1210 2872 1280 angelica
2901 1211 3099 1277 stabat,
3139 1212 3269 1265 dum
3303 1213 3355 1265 in
3394 1229 3553 1281 para-

1973 1302 2097 1356 diso
2129 1303 2572 1357 commorabatur
2603 1311 2658 1355 et
2695 1302 3047 1371 providentia:
3072 1302 3352 1357 Creatoris
3385 1304 3551 1364 benc-

1974 1390 2100 1445 ticio
2130 1391 2539 1446 immortalitate
2573 1390 2879 1446 fruebatur.
2908 1393 3202 1462 Propterea
3237 1408 3345 1447 non
3375 1393 3554 1447 liben-

1975 1486 2056 1532 tcr
2094 1479 2188 1533 tali
2244 1479 2407 1548 bujus
2451 1480 2603 1534 verbi
2662 1481 3033 1549 explanationi
3103 1483 3551 1551 acquiescerem;

1974 1569 2273 1639 praesertim
2310 1570 2437 1639 quia
2473 1585 2572 1639 pro
2604 1571 2827 1625 nomine
2850 1581 3104 1641 suscepta
3136 1573 3410 1627 sermonis
3428 1588 3555 1643 pars

1973 1658 2028 1713 in
2069 1658 2231 1712 talem
2262 1660 2595 1713 transfertur
2634 1658 2886 1727 ﬁguram.
2939 1659 3105 1715 Forte
3137 1670 3190 1715 et
3232 1663 3300 1716 ab
3327 1663 3450 1719 aliis
3480 1663 3556 1717 in-

1975 1759 2131 1804 venta
2169 1761 2299 1805 sunt
2327 1750 2393 1806 iis
2444 1767 2564 1820 qua:
2612 1752 2754 1806 dicta
2780 1763 2909 1807 sunt
2954 1754 3222 1808 diviniora
3270 1765 3324 1809 et
3375 1755 3556 1823 perfe—

1973 1841 2167 1895 ctiora.
2200 1840 2284 1895 Me
2300 1857 2429 1896 vero
2448 1857 2623 1912 neque
2648 1842 2810 1897 etiam
2830 1846 3354 1909 eorumjmemoriam
3373 1855 3557 1901 tenere

1981 1936 2253 2001 persuasit
2278 1935 2575 1991 multorum
2601 1946 2655 1991 et
2680 1937 2781 1992 sibi
2814 1940 3224 1994 succedentium
3255 1951 3553 1994 conatuum

1980 2024 2121 2079 ictus
2164 2027 2368 2080 nullam
2402 2032 2467 2081 ad
2498 2028 2947 2098 investigationes
2996 2032 3318 2086 statuendus
3350 2031 3559 2086 securi-

1980 2125 2147 2169 tatem
2198 2117 2467 2186 praebens.
2528 2118 2611 2173 Ad
2647 2118 2701 2172 id
2728 2120 2875 2174 enim
2910 2135 3012 2175 nos
3040 2121 3322 2174 hominum
3356 2120 3559 2175 invidia

1978 2209 2233 2277 perduxit
2269 2218 2328 2264 ut
2375 2225 2499 2279 quae
2540 2221 2763 2279 paratus
2798 2226 2948 2267 eram
2982 2212 3165 2268 dicere
3193 2228 3262 2266 ex
3288 2212 3374 2269 his
3437 2227 3562 2281 quae

1981 2301 2242 2367 intellexi,
2287 2302 2444 2373 juxta
2484 2313 2634 2358 tuam
2688 2304 3029 2374 dignitatem,
3097 2306 3279 2360 dicere
3333 2305 3562 2358 minime

1978 2407 2234 2448 securum
2263 2394 2355 2449 sit.
2405 2395 2668 2461 Quamvis
2696 2435 2709 2450 .
2729 2436 2742 2450 .
2766 2435 2781 2450 .
2804 2435 2819 2451 .
2852 2397 3054 2451 silentii
3081 2405 3397 2465 praeteritus.
3456 2395 3561 2449 Sed

1980 2500 2080 2555 pro
2105 2486 2251 2539 brevi
2281 2494 2336 2540 et
2368 2486 2663 2539 summaria
2686 2488 3041 2555 responsione
3067 2495 3123 2541 et
3157 2501 3256 2555 pro
3287 2487 3382 2539 tali
3424 2496 3561 2540 tent-

1980 2591 2111 2647 pore
2150 2578 2263 2632 haec
2301 2575 2571 2632 sulIiciant
2599 2576 2763 2631 dicta.
2814 2574 2869 2630 Si
2914 2586 3176 2632 autemet
3221 2576 3389 2631 tubis
3420 2576 3561 2647 adji-

1980 2683 2158 2735 cercs,
2218 2683 2327 2723 non
2358 2669 2543 2723 minus
2570 2669 2667 2723 tibi
2705 2684 2871 2737 quam
2919 2667 3083 2722 nobis
3132 2667 3411 2737 magistris
3454 2668 3562 2723 tuis

1980 2761 2209 2832 gratiam
2242 2760 2592 2830 rependeres.
2661 2760 2865 2814 Forsan
2914 2774 3043 2813 vero
3098 2760 3144 2813 si
3177 2758 3438 2828 quiddam
3473 2774 3566 2830 ag-

1980 2851 2282 2921 gredereris
2320 2851 2453 2921 ipse,
2481 2849 2721 2906 Mosaica
2762 2850 2972 2904 visione
3012 2863 3125 2902 nou
3158 2847 3348 2918 procul
3391 2850 3558 2901 ardo-

1980 2959 2096 2998 rem
2138 2952 2388 2999 nostrum
2434 2954 2767 3007 removente,
2814 2941 3115 3012 praesertim
3154 2956 3282 2997 vero
3325 2941 3491 2999 malis
3512 2928 3599 2994 etv

1980 3035 2255 3091 continuis
2280 3035 2570 3091 affectibus
2611 3035 2933 3105 potentioris
2961 3034 3339 3090 benevolentia
3378 3033 3565 3088 immi-

1979 3126 2151 3192 nutis,
2201 3127 2417 3183 adesset
2443 3127 2646 3196 aliquid
2688 3126 2987 3196 sapientius
3026 3125 3093 3179 de
3134 3123 3566 3195 praecedentibus

283 3212 402 3265 τῶν
426 3214 759 3284 συνεχόντων
782 3215 969 3269 παθῶν
998 3218 1257 3289 εὐμενείᾳ.
1282 3218 1376 3272 τοῦ
1395 3220 1703 3291 κρείττονος
1722 3220 1877 3276 ὲλατ-
1906 3259 1948 3316 C
1985 3218 2235 3288 cogitari.

282 3304 598 3373 τουμένων,
636 3304 951 3378 σοφώτερόν
982 3326 1035 3361 τι
1056 3310 1187 3379 περὶ
1217 3308 1326 3362 τῶν
1359 3309 1738 3380 προκειμένων
1760 3310 1874 3365 δια-

281 3394 574 3466 νοηθῆναι.

820 3511 1160 3565 ΕΡΩΤΗΣΙΣ
1198 3514 1323 3567 ΚΔ’.

274 3598 427 3666 Πῶς
456 3602 711 3676 θεᾷητός
738 3619 802 3676 τε
829 3602 928 3676 καὶ
949 3603 1243 3676 άθέλῃτος
1278 3605 1360 3671 τῷ
1402 3608 1587 3676 Πατρὶ
1631 3610 1664 3661 ό
1691 3608 1873 3663 θάνα-

356 3687 463 3736 τος
485 3672 706 3744 λέγοιτξ
742 3671 820 3726 ἂν
851 3670 1004 3744 εἶναι
1026 3670 1134 3727 τοῦ
1158 3670 1417 3744 Χριστοῦ
1442 3695 1454 3708 ·
1490 3670 1589 3731 καὶ
1615 3679 1742 3744 πῶς
1766 3678 1869 3733 πά-

356 3745 467 3817 ιζνν
497 3744 529 3795 ό
551 3743 745 3817 μὺτὸς
777 3743 1067 3817 συνέλθοι
1114 3743 1194 3809 τῷ
1235 3748 1482 3815 πονηρῷ
1526 3743 1778 3817 θελητός
1810 3767 1873 3803 τε

365 3810 494 3881 ἅμα
519 3808 674 3865 εἶναι
699 3814 797 3866 καὶ
833 3812 1146 3882 άθέλητος.

2288 3519 2618 3589 QUASSTIO
2651 3518 2814 3574 xxw
2847 3517 3184 3592 [aLXXlll].

1980 3615 2256 3683 Quomodo
2289 3623 2338 3667 et
2377 3612 2679 3668 voluntaria
2726 3623 2775 3666 et
2808 3612 3170 3683 involuntaria
3214 3609 3369 3663 Patri
3418 3623 3568 3683 mors

2050 3685 2251 3741 Christi
2285 3684 2393 3737 dici
2426 3693 2580 3751 queat
2607 3683 2788 3750 fuisse.
2823 3682 2891 3735 Et
2914 3681 3175 3751 quomodo
3204 3695 3389 3733 rursus
3430 3679 3572 3751 acci-

2050 3757 2145 3809 dat
2199 3766 2256 3809 ut
2302 3747 2485 3807 eadem
2522 3747 2661 3806 mors
2692 3747 3266 3807 diabolo-voluntaria
3303 3747 3573 3817 simulque

2052 3825 2422 3879 involuntaria
2466 3824 2647 3892 fuerit.

1432 3931 1574 3981 Edita
1605 3947 1632 3982 a
1657 3932 1799 3993 Maio,
1822 3936 1951 3986 Nov.
1981 3936 2122 3997 Coll.,
2146 3943 2182 3988 t.
2210 3938 2248 4000 Ι,
2277 3950 2326 4000 p.
2350 3935 2431 3985 74.

360 4007 435 4064 α’.
483 4010 550 4062 Ἦ
597 4009 699 4079 μὲν
725 4010 818 4065 οὖν
852 4011 1061 4083 ἀπορία
1090 4013 1524 4085 γλαφυρωτέρας
1556 4016 1701 4080 τινὸς
1739 4022 1877 4072 θεω-

288 4103 423 4174 ρίας
475 4103 702 4157 ἀπαιτεῖ
748 4103 844 4158 καὶ
893 4105 1223 4176 διακρίσεως
1268 4107 1460 4175 λόγον’
1514 4108 1614 4162 οὐκ
1667 4110 1783 4163 ἔστι
1834 4112 1879 4164 δ’

286 4196 668 4267 ἀπρόσδεκτον
697 4198 1016 4270 ἐπικουρίας
1039 4200 1300 4270 ἑκάτερον
1322 4199 1431 4253 τῶν
1454 4200 1876 4272 ἀπορουμένων,

287 4289 579 4357 ἀξιόλογον
615 4289 988 4362 ἐπιδειχθῆναι
1010 4307 1025 4322 θ
1072 4291 1153 4345 δεῖ
1190 4292 1235 4345 δ’
1263 4291 1356 4345 οὖν
1395 4292 1581 4346 ἐκεῖνα
1612 4292 1882 4363 πρότερον

289 4382 382 4443 είς
408 4380 509 4451 τὴν
539 4380 896 4451 ὲνισχύουσαν
931 4383 1105 4453 ῥοπὴν
1144 4383 1543 4453 ἀναγαγόντας,
1572 4382 1717 4437 οὕτω
1741 4383 1885 4437 κατά

286 4474 402 4543 τὴν
430 4475 817 4544 προσήκουσαν
850 4473 1003 4539 τάξιν
1032 4476 1127 4528 καὶ
1175 4479 1273 4546 τὴν
1303 4475 1458 4528 λύσιν
1489 4476 1721 4543 ἐπάγειν
1757 4493 1880 4528 πει-

2060 4026 2111 4077 l.
2142 4022 2379 4087 Qumstio
2408 4020 2522 4075 haec
2560 4018 2722 4089 paulo
2743 4018 2956 4074 altioris
3006 4016 3377 4072 meditationis
3412 4023 3576 4085 atque

1988 4109 2401 4179 disceptationis
2424 4108 2731 4163 orationem
2760 4107 3022 4177 postulat.
3040 4105 3230 4177 Neque
3254 4114 3575 4177 argumenta

1990 4202 2208 4265 desunt,
2235 4199 2438 4269 quibus
2492 4208 2729 4268 utraque
2769 4198 3038 4253 dubitatio
3089 4197 3224 4253 satis
3254 4197 3435 4267 gravis
3480 4197 3573 4249 de-

1991 4290 2285 4346 monstrari
2318 4298 2519 4360 potest.
2549 4287 2693 4360 Ergo
2718 4303 2856 4358 opus
2900 4297 3003 4353 est,
3038 4296 3098 4341 ut
3145 4287 3381 4357 primum
3412 4285 3576 4339 dubia

1991 4383 2108 4437 haec
2154 4383 2270 4438 suis
2315 4381 2528 4452 singula
2562 4382 2856 4436 momentis
2907 4381 3285 4443 corroborata,
3334 4391 3578 4447 expona-

1992 4488 2151 4541 mus;
2180 4473 2374 4529 deinde
2418 4482 2478 4527 ut
2516 4472 2864 4527 convenienti
2915 4471 3108 4525 ordine
3152 4469 3220 4523 ad
3259 4468 3574 4524 corumdem

294 4564 538 4639 ρᾶσθαι·
570 4566 707 4618 ἀλλὰ
735 4565 843 4637 γάρ
874 4567 956 4619 ὅτι
991 4567 1089 4638 μὲν
1129 4567 1344 4637 θέλημα
1388 4566 1480 4620 τοῦ
1511 4566 1726 4637 Πατρὸς
1751 4562 1821 4637 ἦν
1858 4568 1880 4618 6

1991 4565 2312 4621 solutionem
2329 4563 2729 4636 aggrediamur.
2759 4560 2903 4617 Sane
2924 4562 3069 4632 quod
3097 4560 3277 4615 Patris
3300 4560 3580 4613 voluntate

290 4659 537 4730 σταυρὸς
570 4657 666 4711 τοῦ
693 4658 954 4729 Χριστοῦ,
983 4659 1147 4723 αὐτὸς
1174 4659 1322 4728 ἡμᾶς
1352 4660 1381 4710 6
1417 4657 1610 4729 Σωτὴρ
1638 4658 1880 4712 διδάσκει

289 4752 360 4803 ἐν
391 4752 460 4821 τῇ
489 4748 581 4803 τοῦ
610 4750 841 4804 θανάτου
874 4748 1204 4820 παραιτήσει
1223 4748 1419 4816 λέγων’
1452 4765 1470 4799 ι
1501 4746 1648 4809 Πλὴν
1677 4747 1797 4817 οὐχὶ
1822 4747 1885 4800 τὸ

293 4844 440 4913 ὲμδν
468 4843 701 4914 θέλημα,
719 4843 855 4898 ἀλλά
878 4842 940 4897 τὸ
961 4842 1052 4897 σὺν
1080 4843 1373 4912 γενέσθω,›
1402 4843 1571 4914 ἡνίκα
1594 4843 1655 4896 τὸ
1684 4842 1884 4907 πάθος,

292 4939 404 5007 τῆς
436 4936 787 5008 ἀνθρωπίνης
814 4936 1032 5006 φύσεως
1074 4937 1174 5008 τὴν
1228 4935 1488 5002 ἀληθείαν
1540 4936 1886 4999 ἐπιδεικνὺς,

300 5027 593 5100 ἀπηύχετό
644 5047 704 5083 τε
738 5030 835 5083 καὶ
879 5028 1143 5098 ἀθέλητον
1187 5027 1501 5099 ὠνόμαζενο
1534 5027 1595 5081 οὐ
1633 5028 1795 5098 μόνον
1832 5027 1891 5079 δὲ

298 5121 454 5185 τότε,
488 5119 625 5174 ἀλλὰ
654 5121 748 5173 καὶ
780 5119 943 5192 ἡνίκα
972 5120 1274 5189 ἐπετίμησε
1299 5117 1380 5190 τῷ
1402 5118 1615 5189 Πέτρῳ,
1634 5119 1890 5190 φρόνημα

308 5210 412 5281 μὲν
453 5210 548 5263 τοῦ
581 5208 719 5263 Θεοῦ
768 5209 937 5263 εἰπὼν
974 5210 1064 5263 τὸν
1112 5208 1363 5263 ἑκούσιον
1414 5209 1645 5265 θάνατον
1687 5209 1889 5262 αὐτοῦ·

306 5305 569 5373 φρόνημα
604 5304 663 5357 δὲ
699 5304 971 5369 διαόόλου,
1003 5296 1048 5373 ᾧ
1072 5303 1136 5373 δὴ
1168 5305 1259 5357 καὶ
1289 5307 1317 5357 6
1346 5304 1587 5374 Πέτρος,
1620 5301 1681 5367 ἐξ
1705 5296 1767 5357 οὗ
1798 5303 1895 5357 καὶ

303 5395 408 5463 τὴν
459 5394 670 5448 ἐκείνου
719 5396 911 5465 κλῆσιν
954 5393 1346 5459 κατεδικάζετο
1372 5437 1387 5460 ,
1428 5394 1733 5464 τηνικαῦτα
1768 5411 1895 5447 συν-

309 5488 589 5557 υπήγετο,
629 5488 680 5540 εί
715 5487 809 5540 καὶ
836 5487 912 5557 μὴ
942 5487 1008 5539 ὲκ
1037 5489 1137 5557 τῆς
1170 5485 1339 5557 αὐτῆς
1366 5486 1660 5550 διαθέσεως
1683 5502 1698 5516 ·
1731 5486 1760 5538 ὁ
1796 5487 1897 5556 μὲν

307 5579 426 5649 γάρ
458 5580 520 5630 ὲκ
550 5576 934 5650 φιλοστοργίας
967 5577 1163 5647 καιρὸν
1192 5576 1293 5631 οὑκ
1327 5575 1560 5648 ἐχούσης
1593 5616 1608 5641 ,
1646 5579 1675 5630 6
1707 5576 1765 5630 δὲ
1798 5577 1898 5645 τὴν

310 5670 478 5742 ἡμῶν
508 5668 571 5735 ἐξ
623 5662 697 5724 ὧν
750 5669 1078 5740 ἐκακούργει
1121 5670 1217 5723 καὶ
1274 5670 1530 5740 ἐνήδρευε
1584 5669 1892 5739 σωτηρίαν·

314 5763 437 5817 ἀλλ’
467 5760 561 5817 οὖν
606 5764 684 5827 είς
714 5763 774 5815 ἓν
831 5764 1143 5833 συνέρρεον,
1176 5761 1351 5815 καίτοι
1385 5763 1612 5830 γνώμης
1657 5763 1896 5832 ἐκμαχο-

390 5877 433 5911 ’⁸
468 5874 658 5932 Matth.
697 5893 841 5941 XXVI,
899 5876 987 5930 39.
1064 5875 1107 5906 "
1140 5872 1329 5929 Matth.
1364 5887 1495 5943 ,χι-ι.
1539 5871 1628 5927 25.

1988 4672 2206 4714 crucem
2226 4656 2481 4712 Christus
2498 4653 2797 4725 pertulerit,
2826 4654 2943 4722 ipse
2973 4669 3072 4708 nos
3101 4652 3357 4707 Servator
3380 4647 3581 4704 certio-

1987 4764 2077 4805 res
2107 4749 2255 4815 facit,
2276 4748 2403 4801 dum
2426 4762 2614 4803 necem
2639 4746 2709 4801 ab
2743 4760 2802 4801 se
2822 4745 3119 4815 deprecans
3142 4744 3217 4798 ait
3245 4761 3259 4797 :
3302 4761 3320 4793 ‹
3351 4740 3580 4795 Verum-

1976 4850 2174 4913 ,tamen
2213 4855 2321 4895 non
2345 4854 2461 4894 mea
2486 4841 2761 4901 voluntas,
2788 4835 2883 4892 sed
2910 4845 3003 4891 tua
3033 4835 3127 4889 ﬁat
3149 4835 3225 4899 ²¹;
3266 4851 3283 4884 ο
3319 4847 3427 4902 quo
3442 4839 3583 4885 tem-

1990 4948 2121 5004 pore
2137 4930 2342 4987 scilicet
2356 4930 2679 4985 utbumanae
2693 4936 2902 4983 natura:
2914 4926 3192 4981 veritatem
3211 4923 3580 4983 conﬁrmaret.

1992 5034 2221 5080 mortem
2261 5023 2614 5078 aversabatur
2658 5020 2871 5089 sibique
2932 5015 3355 5073 involuntariam
3382 5015 3581 5069 aiebat.

1996 5117 2185 5187 Neque
2226 5124 2356 5170 tunc
2394 5113 2595 5178 solum,
2628 5111 2722 5168 sed
2765 5110 2930 5165 etiam
2981 5123 3104 5163 cum
3139 5106 3356 5161 Petrum
3404 5106 3583 5160 incre-

1994 5211 2132 5282 puit,
2155 5210 2245 5263 Dei
2262 5207 2495 5264 consilio
2514 5213 2766 5269 mortem,
2781 5217 2945 5273 quam
2964 5208 3154 5271 sponte
3176 5199 3427 5254 obiturus
3443 5207 3582 5261 erat,

1997 5302 2273 5358 decretam
2298 5299 2470 5365 ait“;
2500 5296 2699 5351 diaboli
2744 5303 2924 5349 autem
2975 5291 3257 5347 molimine
3285 5299 3416 5344 tunc
3455 5303 3584 5359 pro-

2000 5394 2251 5458 hibitam,
2279 5394 2518 5461 itemque
2545 5406 2575 5444 a
2604 5390 2785 5451 Petro,
2816 5387 2909 5457 qui
2944 5386 3015 5441 ob
3045 5386 3097 5440 id
3127 5383 3329 5439 diaboli
3360 5382 3581 5436 nomine

2002 5488 2068 5542 ad
2101 5484 2455 5558 ignominiam
2508 5490 2729 5537 notatus
2777 5479 2900 5534 fuit.
2950 5479 3137 5549 Neque
3179 5488 3359 5531 tamen
3388 5473 3580 5529 eodem

2002 5579 2167 5634 animi
2196 5577 2459 5632 instinctu
2496 5582 2725 5643 uterque
2749 5571 3030 5636 ciebatur;
3062 5569 3156 5625 sed
3201 5566 3581 5636 intempestiva

2004 5668 2379 5727 benevolentia
2418 5666 2639 5732 Petrus;
2671 5664 2864 5720 salutis
2893 5672 3095 5718 nostra:
3138 5662 3265 5716 odio
3296 5676 3361 5714 ac
3400 5672 3585 5729 perse-

2005 5762 2225 5820 cutione
2260 5759 2529 5817 diabolus.
2571 5755 2875 5825 Caeteroqui
2903 5770 3091 5825 rcapsc
3122 5753 3309 5810 eodem
3343 5749 3584 5806 contine-
