4084 6482
564 453 672 522 1τῦ

1729 457 1993 516 ΡΗΟἹῚΙ
2029 456 2158 516 PA']

2264 453 2540 515 ARCILE
2575 454 2686 515 ΟΡ.
3733 442 3819 509 Πθ

558 565 695 622 bant
734 577 1047 633 quanquam
1078 563 1291 620 diversa
1326 576 1505 619 mente
1534 567 1746 636 perciti,
1775 583 1972 637 nempe
2010 578 2070 623 ut
2093 584 2158 621 ne

2265 566 2434 639 μένης
2463 566 2809 638 ὡρμημένοι,
2842 565 2904 617 τὺ
2940 562 3019 634 μὴ
3059 558 3348 631 βούλεσθαι
3382 557 3580 611 παθεῖν
3600 556 3670 608 τὰ
3695 559 3819 626 παθη

559 655 815 711 Christus
861 664 1185 724 pateretur:
1218 657 1378 727 cujus
1432 660 1617 727 passio
1655 662 1906 714 humanze
1946 670 2156 714 natura:

561 748 913 817 passionibus
959 748 1291 804 medicinam
1345 749 1495 805 fecit.
1545 749 1682 806 Nam
1735 766 1860 807 cum
1908 762 2157 807 cerneret

560 838 821 909 princeps
851 838 1074 894 malitia:
1102 848 1292 893 auctor
1317 839 1583 894 illibatum
1615 841 1747 895 illud
1809 843 2028 912 Deoque
2061 841 2147 896 di-

560 942 727 999 gnum
755 943 957 999 corpus
990 928 1254 999 physicis,
1284 945 1407 1000 qua:
1456 940 1636 985 tamen
1686 932 1956 987 dedecore
2001 932 2155 987 omni

562 1020 846 1085 carebant,
879 1021 1233 1090 passionibus
1282 1022 1604 1090 obnoxium,
1631 1024 1858 1080 insidias
1886 1024 1937 1080 ei
1963 1024 2157 1079 molie-

564 1111 746 1177 batur,
775 1127 982 1181 easque
1023 1111 1243 1172 elIectas
1272 1113 1405 1168 dare
1438 1115 1713 1171 studebat.
1754 1114 1971 1171 Rursus
2005 1115 2059 1169 in
2091 1130 2156 1170 eo

562 1200 867 1258 observans
895 1202 1093 1258 divina:
1139 1203 1421 1273 dignitatis
1454 1205 1799 1274 splendorem
1838 1222 1933 1276 per
1972 1206 2155 1276 prodi-

564 1295 654 1363 gia
690 1304 1100 1360 coruscantem,
1131 1296 1495 1351 cohibebatur
1524 1312 1588 1351 ac
1614 1296 1807 1367 pedem
1842 1296 2114 1352 referebat
2139 1314 2152 1350 :

559 1400 625 1443 ac
649 1388 810 1442 modo
841 1386 1181 1444 Dominicam
1208 1388 1399 1445 volens
1425 1400 1677 1456 mortem,
1716 1389 1878 1445 modo
1903 1390 2153 1444 eamdem

560 1480 773 1546 nolens,
818 1498 849 1538 a
880 1484 1120 1539 versutia
1152 1498 1248 1538 sua
1280 1484 1347 1538 ad
1397 1484 1613 1539 consilii
1660 1484 1900 1554 inopiam
1965 1494 2153 1538 trans-

560 1573 692 1629 ibat.
720 1574 826 1629 Sed
856 1575 1104 1645 idenique
1138 1576 1392 1630 timorem
1428 1576 1647 1631 vesania
1688 1576 1988 1645 superavit.
2016 1573 2153 1630 Nam

559 1665 788 1722 caedium
815 1677 1097 1722 auctorem
1126 1684 1265 1724 suus
1296 1669 1472 1737 magis
1496 1684 1615 1723 nios
1646 1668 1954 1733 delectavit,
1987 1684 2153 1737 quam

561 1758 728 1812 timor
779 1759 905 1814 inde
940 1761 1125 1816 oriens
1173 1762 1489 1817 absterruit.
1546 1763 1637 1817 Sic
1679 1763 1845 1832 igitur
1870 1765 2155 1818 evidenter

559 1864 732 1904 sacra:
758 1860 960 1907 nostr:e
983 1851 1282 1921 Scriptura:
1304 1854 1603 1922 praedicant
1623 1855 1986 1911 voluntariam
2009 1853 2153 1908 Patri

2256 664 2359 734 τῆς
2399 662 2751 735 ἀνθρωπίνης
2808 660 2998 714 ίάσατο
3031 657 3281 727 φύσεως·
3326 652 3471 725 ὀρῶν
3521 651 3623 721 μὲν
3665 650 3763 721 γὰρ
3799 651 3823 703 δ

2256 758 2359 827 τῆς
2394 757 2595 821 κακίας
2624 753 3014 825 γενεσιουργδς
3039 752 3100 806 τὸ
3129 750 3513 820 πανάχραντον
3543 747 3719 798 ἐκεῖνο
3747 745 3824 795 καὶ

2258 849 2565 922 θεοπρεπὲς
2591 848 2752 919 σῶμα
2782 848 2897 911 τοῖς
2924 844 3178 915 φυσικοῖς
3205 841 3301 896 καὶ
3331 838 3687 908 άδιαϐλήτοις
3706 835 3821 893 ὑπο-

2258 942 2513 1012 κείμενον
2540 940 2766 1005 πάθεσι,
2797 939 2897 1009 τὴν
2926 935 3221 1009 ἐπιϐουλὴν
3249 932 3509 988 ἐϐούλευὲ
3544 947 3606 983 τε
3648 928 3738 982 καὶ
3764 929 3830 990 είς

2257 1036 2422 1106 ἔργον
2468 1035 2628 1102 ᾱγειν
2677 1032 3047 1095 ἐσπούδαζεν*
3096 1028 3241 1101 ὀρῶν
3292 1026 3351 1080 δὲ
3389 1024 3559 1079 πάλιν
3607 1022 3695 1075 διὰ
3738 1020 3831 1074 τῶν

2258 1126 2602 1198 θεοσημείων
2623 1126 2722 1196 τῆς
2751 1123 2945 1193 θεῖκῆς
2973 1122 3132 1187 ἀξίας
3159 1121 3259 1192 τὴν
3286 1118 3483 1188 αίγλην
3508 1114 3831 1185 ὑπεραστρά-

2257 1235 2524 1283 πτουσαν,
2562 1216 2955 1273 συνεστέλλετό
2979 1232 3040 1268 τε
3078 1213 3175 1268 καὶ
3197 1210 3473 1275 ἀνεδύετο,
3508 1208 3608 1261 καὶ
3630 1206 3761 1277 πρδς
3782 1204 3835 1257 τὸ

2258 1310 2436 1364 θέλειν
2457 1326 2517 1363 τε
2539 1310 2657 1379 ἃμα
2685 1310 2777 1361 καὶ
2810 1308 2883 1378 μὴ
2920 1307 3099 1361 θέλειν
3123 1304 3214 1358 τὸν
3243 1301 3586 1357 Δεσποτικδν
3621 1299 3833 1352 θάνατον

2258 1401 2710 1474 ὑποφερόμενος,
2759 1400 2858 1470 τὴν
2913 1397 3163 1469 μηχανὴν
3209 1391 3357 1465 εἶχεν
3401 1393 3485 1451 είς
3536 1388 3834 1459 ἀμηχανίαν

2258 1494 2782 1565 καταστρέφουσαν·
2824 1492 2975 1561 ὅμως
3014 1488 3171 1543 ὲνίκα
3225 1487 3285 1540 τὸ
3310 1484 3485 1539 δειλὸν
3514 1484 3550 1553 ἡ
3583 1482 3831 1535 ἀπόνοιασ

2258 1584 2336 1654 τῷ
2368 1585 2480 1656 γάρ
2520 1586 2624 1654 τῆς
2659 1584 2977 1655 μιαιφονίας
3023 1581 3246 1652 τεχνίτῃ
3304 1578 3508 1648 μᾶλλον
3542 1573 3756 1644 αἱρετὸν
3785 1571 3838 1624 τὸ

2260 1677 2511 1747 σύνηθες,
2537 1676 2570 1747 ἦ
2601 1678 2835 1746 φοϐερὸν
2862 1678 2891 1729 ὁ
2920 1674 3291 1743 ἐπιφυόμενος
3324 1671 3489 1740 φόϐος
3511 1687 3524 1701 ο
3551 1667 3698 1721 οὕτω
3721 1663 3836 1735 γοῦν

2260 1767 2520 1835 ἐμφανῶς
2549 1766 2657 1819 τῶν
2689 1766 2855 1837 ἱερῶν
2884 1765 3045 1834 ἡμῶν
3076 1763 3290 1833 Λογίων
3338 1760 3569 1830 θελητὺν
3597 1753 3734 1811 εἶναι
3770 1754 3838 1824 τῷ

2261 1858 2441 1927 Πατρὶ
2474 1857 2565 1910 τὸν
2599 1857 2831 1911 θάνατον
2868 1855 3361 1927 ἀνακηρυττόντων
3391 1851 3489 1906 τοῦ
3543 1848 3699 1909 Υίοῦ.
3726 1848 3838 1901 ἀθέ-

560 1951 788 1997 mortem
818 1942 939 1998 Filii
965 1942 1157 2009 fuisse,
1207 1944 1633 1999 involnntariam
1686 1957 1867 1999 autem
1898 1945 2142 1997 diabolo.

2261 1926 2420 2020 λητον
2447 1952 2501 2005 δὲ
2530 1951 2607 2022 τῷ
2639 1950 2865 2020 πονηρῷ
2886 1966 2897 1980 ·
2938 1950 3001 2002 τὸ
3032 1926 3141 2018 γὰρ
3182 1949 3264 2017 ὅτι
3300 1945 3501 2007 παντὸς
3531 1940 3685 2010 αὐτῷ
3720 1938 3841 2008 μᾶλ-

560 2033 823 2090 Ettamen
845 2036 988 2106 quod
1017 2036 1162 2092 idem
1202 2036 1456 2092 diabolus
1488 2036 1672 2092 crucis
1703 2036 2031 2107 supplicium
2069 2038 2153 2090 in-

559 2125 855 2196 ﬂigendum
886 2128 971 2182 vel
1004 2128 1251 2199 apprime
1279 2128 1575 2194 curaverit,
1604 2137 1721 2182 tum
1755 2143 1823 2183 ex
1857 2129 1983 2182 aliis
2018 2143 2156 2182 con-

559 2218 805 2287 jccturis,
835 2228 948 2274 tum
974 2236 1041 2275 ex
1066 2222 1168 2277 hac
1192 2220 1417 2276 indubia
1449 2221 1706 2291 colligere
1741 2220 2031 2292 Iieet.quia
2074 2224 2156 2275 vi—

559 2313 756 2370 delicet
787 2312 1072 2371 Judaieam
1102 2315 1219 2385 ipse
1247 2326 1465 2386 gentem
1489 2317 1554 2370 ad
1581 2315 1800 2370 facinus
1838 2316 2156 2379 concitavit,

559 2421 669 2475 quo
704 2406 1014 2463 Servatoris
1043 2409 1222 2463 caedes
1264 2417 1483 2479 peracta
1528 2408 1653 2465 fuit.
1689 2409 1858 2480 Atqui
1903 2410 2158 2479 explora-

558 2508 674 2551 tum
704 2513 861 2569 asque
888 2508 993 2567 est,
1024 2498 1145 2555 Filii
1183 2501 1494 2570 passionem
1528 2510 1727 2572 praeter
1751 2500 1940 2556 Patris
1961 2501 2159 2555 volun-

560 2599 724 2646 tatem
781 2593 1121 2663 contigisse;
1154 2592 1207 2647 id
1246 2594 1394 2664 quod
1451 2595 1836 2666 progrediente
1908 2598 2159 2650 oratione

561 2684 774 2743 tuculen
783 2685 889 2741 tius
905 2684 1295 2742 declarabitur.

626 2775 683 2830 2.
706 2777 819 2848 Age
842 2791 996 2843 vero,
1013 2776 1333 2847 quaestionis
1349 2778 1461 2849 jam
1485 2786 1632 2833 statu
1657 2779 1955 2848 proposito.
1974 2779 2155 2849 sequi-

561 2878 652 2930 tur
673 2872 946 2926 utmentis
978 2872 1267 2927 ratiocinio
1292 2880 1346 2928 et
1376 2873 2158 2937 considerationenoscamus,

562 2962 773 3020 etiamsi
801 2962 941 3020 forte
969 2965 1116 3019 circa
1150 2965 1399 3021 eamdem
1434 2980 1569 3032 rem,
1592 2964 1932 3021 Dominicam
1967 2982 2161 3036 nempe

562 3064 820 3128 mortem,
841 3058 1118 3115 contraria
1138 3058 1413 3125 dicantur,
1441 3058 1587 3113 haud
1615 3060 1729 3114 haec
1756 3068 1934 3113 tamen
1960 3042 2161 3114 secun-

561 3152 691 3209 dum
725 3152 951 3206 modum
987 3152 1240 3207 eumdem
1274 3152 1405 3207 dici.
1446 3151 1695 3223 Namque
1734 3169 1905 3207 unum
1937 3154 2157 3219 dicitur,

560 3252 827 3311 quatenus
840 3259 1085 3301 terumna
1098 3252 1180 3298 est
1194 3258 1359 3313 quam
1375 3244 1628 3299 Christus
1648 3244 1878 3313 patitur;
1898 3245 2154 3305 alterum,
2187 3280 2230 3339 Ο

560 3346 833 3406 quatenus
867 3335 1082 3392 fructus
1111 3334 1341 3406 paritur.
1374 3332 1609 3390 Fructus
1636 3346 1814 3389 autem
1848 3335 1971 3405 ejus
2002 3334 2155 3388 necis

560 3428 684 3496 luit,
714 3429 866 3485 salus
915 3428 1139 3483 humani
1169 3427 1387 3499 generis
1433 3428 1809 3489 reconciliata,
1839 3427 2156 3495 diabolique

561 3518 809 3588 tyrannis
833 3517 1033 3573 deleta.
1090 3508 1228 3573 Hin'c
1261 3525 1411 3587 patet
1447 3518 1587 3571 hanc
1622 3532 1738 3571 rem
1794 3516 1965 3571 fuisse
2001 3518 2148 3571 Patri

561 3609 813 3680 placitam
846 3623 911 3663 ac
941 3608 1334 3674 voluntariam,
1366 3616 1531 3677 atque
1555 3608 1677 3678 ejus
1708 3609 1879 3663 totius
1908 3626 2035 3679 erga
2059 3611 2155 3663 he-

562 3699 739 3756 mines
781 3698 1139 3770 providentia:
1190 3698 1573 3752 summarium.
1640 3698 1843 3765 Quidni
1905 3714 2035 3754 vero
2100 3708 2156 3753 et

563 3787 697 3844 illud
716 3788 1068 3859 perspicuum
1091 3787 1393 3854 sit,Chri5ti
1427 3787 1693 3842 nimirum
1715 3787 1930 3843 obitum
1956 3790 2026 3844 ab
2050 3789 2157 3843 ini-

563 3882 687 3936 nilei
720 3880 899 3937 nostri
933 3880 1213 3936 voluntate
1240 3879 1481 3935 alienum
1529 3879 1723 3949 fuisse,
1749 3880 1910 3951 eique
1946 3881 2156 3937 cladem

564 3972 858 4029 maximam
891 3970 1170 4026 intulisse?
1191 3968 1327 4024 Nam
1353 3969 1475 4025 Filii
1506 3971 1814 4042 caades,qui
1846 3982 1962 4028 erat
1993 3982 2158 4027 natu-

564 4065 696 4122 ralis
722 4063 1000 4135 passionis
1028 4062 1280 4127 elIectus,
1316 4078 1412 4133 per
1442 4078 1502 4120 se
1534 4064 1757 4132 quidem
1798 4062 1948 4119 Patri
1974 4080 2155 4134 neque

564 4154 801 4228 jucunda
817 4163 936 4215 erat
956 4168 1134 4225 neque
1163 4163 1341 4225 grata,
1360 4156 1471 4210 imo
1497 4155 1888 4228 indignationis
1910 4157 2160 4227 apprime

564 4264 785 4308 merens
824 4257 990 4320 atque
1016 4247 1256 4317 furoris;
1286 4249 1445 4304 sicuti
1482 4264 1513 4303 e
1551 4249 1833 4305 contrario
1862 4248 1999 4309 nihil
2036 4256 2159 4307 erat

564 4359 631 4397 ex
647 4341 848 4397 diaboli
884 4342 1154 4397 sententia
1184 4342 1380 4412 magis,
1413 4341 1550 4396 nihil
1583 4342 1760 4397 eidem
1789 4342 2016 4401 cbarius
2061 4351 2158 4399 aut

564 4434 878 4493 amabilius.
912 4433 1283 4502 Quamobrem
1319 4436 1560 4491 clemens
1603 4434 1864 4491 Servator
1903 4436 1995 4491 illa
2027 4451 2152 4506 pre-

564 4544 691 4583 cum
716 4543 944 4585 suarum
970 4527 1211 4584 formula
1238 4528 1455 4583 veniam
1489 4528 1556 4583 iis
1583 4528 1678 4598 qui
1706 4543 1765 4584 se
1793 4528 2048 4585 laeserant
2069 4545 2161 4585 cu-

2261 2044 2351 2098 λον
2383 2046 2410 2097 ὁ
2458 2043 2549 2099 διὰ
2583 2040 2819 2111 σταυροῦ
2853 2040 3087 2103 Θάνατος
3130 2037 3453 2108 ἠγωνίζετο,
3505 2034 3693 2089 λαϐεῖν
3735 2032 3839 2084 ἐστι

2260 2137 2356 2191 καὶ
2389 2138 2455 2189 ὲκ
2486 2133 2701 2187 πολλῶν
2734 2133 2912 2189 ἄλλων
2940 2133 3037 2186 καλ⁸
3071 2132 3198 2186 ὅθεν
3219 2131 3321 2184 οὐκ
3352 2128 3554 2199 ἄδηλον
3578 2145 3595 2161 ·
3623 2125 3719 2180 καὶ
3745 2125 3841 2192 γάρ

2258 2230 2321 2281 τὸ
2362 2227 2640 2283 Ἰουδαίων
2667 2226 2822 2290 ἔθνος
2842 2224 3055 2280 ἐκείνου
3082 2225 3417 2295 κακουργεῖν
3444 2218 3838 2279 άνακινοῦντος,

2258 2320 2351 2373 τὸν
2374 2319 2517 2374 κατὰ
2540 2319 2796 2391 Σωτῆρος
2821 2317 3187 2389 ὲπαλαμῶντο
3210 2317 3445 2369 θάνατον
3464 2331 3479 2344 ⁸
3510 2312 3632 2366 ἀλλ’
3656 2309 3841 2379 ὁμοίως

2264 2413 2366 2483 μὲν
2387 2412 2641 2481 ἐπίδηλον
2662 2412 2755 2465 καὶ
2781 2412 2855 2475 ὼς
2877 2411 3000 2479 οὐχ).
3024 2408 3103 2480 τῷ
3126 2408 3301 2479 Iluth
3319 2406 3380 2459 τὸ
3399 2404 3577 2467 πάθος
3606 2402 3699 2456 τοῦ
3722 2398 3839 2453 Υίοῦ

2262 2504 2487 2575 θελητόν
2507 2521 2521 2535 ο
2555 2504 2637 2557 ἔτι
2664 2504 2718 2557 δὲ
2747 2503 2842 2556 τοῦ
2877 2503 3040 2570 λόγου
3078 2500 3361 2570 προϊόντος
3383 2536 3398 2561 ,
3437 2496 3533 2549 ἐπὶ
3575 2494 3737 2547 πλέον

2260 2598 2592 2669 λωθήσεται.

2335 2780 2403 2851 βο,
2448 2774 2607 2832 Ἐπεὶ
2638 2768 2736 2829 οὖν
2770 2773 2852 2837 είς
2881 2770 3037 2837 τάξιν
3071 2768 3214 2841 ἤχθη
3236 2768 3411 2824 ταῦτα
3443 2763 3838 2851 διατυπώσεως,

2261 2850 2665 2940 διαλογίζεσθαι
2715 2864 2961 2935 προσῆκε
2996 2864 3089 2917 καὶ
3112 2862 3361 2922 σκοπεῖν,
3399 2858 3475 2922 ὡς
3510 2859 3565 2911 εί
3604 2856 3699 2909 καὶ
3731 2850 3841 2922 περὶ

2262 2964 2359 3019 τοῦ
2391 2961 2558 3017 αὑτοῦ
2584 2960 2912 3030 πράγματος
2941 2952 3205 3009 τάναντία
3246 2951 3490 3017 λέγεται,
3522 2947 3626 3001 τοῦ
3652 2950 3838 2998 Δεσπο-

2262 3056 2442 3119 τικοῦ,
2473 3052 2642 3123 φημὶ,
2671 3050 2927 3105 θανάτου.
2962 3046 3080 3099 ἀλλ’
3110 3045 3172 3097 οὐ
3221 3042 3365 3096 κατὰ
3416 3041 3509 3094 τδν
3536 3040 3704 3094 αὐτὸν
3733 3036 3840 3104 τρό-

2265 3167 2401 3204 πον’
2454 3146 2593 3201 ἀλλὰ
2641 3145 2703 3197 τὸ
2763 3142 2863 3213 μὲν
2892 3142 2951 3207 ἐξ
2984 3139 3148 3193 αὐτοῦ
3193 3136 3289 3192 τοῦ
3326 3136 3530 3198 πάθους
3562 3135 3594 3187 ὃ
3622 3128 3841 3185 πέπονθε

2266 3241 2505 3308 λέγεται,
2532 3235 2593 3288 τὸ
2619 3234 2676 3287 δὲ
2707 3234 2771 3285 ἐκ
2797 3228 2891 3282 τοῦ
2924 3227 3287 3297 ὲκϐεϐηκότος
3310 3241 3324 3259 ·
3354 3224 3417 3277 τὸ
3435 3222 3668 3293 μὲνγὰρ
3706 3215 3843 3308 ἐκϐε-

2259 3306 2429 3403 ϐηκὸς
2455 3330 2543 3385 διὰ
2558 3326 2655 3385 τοῦ
2676 3324 2930 3385 θανάτου,
2950 3324 2982 3391 ἡ
3005 3320 3253 3391 σωτηρία
3278 3316 3372 3371 τοῦ
3390 3315 3588 3385 γένους
3609 3306 3839 3403 ἐπράχθη

2268 3398 2379 3477 των
2405 3419 2734 3491 ἀνθρώπων,
2790 3416 2885 3469 καὶ
2930 3414 3028 3484 τῆς
3053 3411 3147 3465 τοῦ
3174 3409 3426 3464 διαϐόλου
3477 3398 3839 3477 τυραννίδοςὴ

2260 3515 2581 3587 καθαίρεσις
2599 3528 2615 3544 ⁸
2650 3511 2679 3565 ὃ
2701 3509 2861 3581 δῆλον
2883 3509 2965 3561 ὅτι
2998 3505 3223 3575 θελητόν
3252 3519 3313 3556 τε
3337 3500 3417 3572 τῷ
3440 3501 3625 3571 Πατρὶ
3646 3496 3737 3550 καὶ⁵
3764 3493 3838 3587 efr-

2258 3585 2440 3668 δοκία,
2477 3606 2572 3660 καὶ
2603 3605 2705 3674 τῆς
2756 3601 2922 3655 αὐτοῦ
2988 3598 3247 3670 προνοίας
3306 3594 3605 3665 συμπάσης
3642 3589 3766 3660 περὶ
3790 3585 3842 3639 τὸ

2260 3699 2608 3773 ἀνθρώπινον
2637 3698 2796 3767 γένος
2822 3695 2887 3749 τὸ
2936 3693 3234 3762 κεφάλαιον
3259 3708 3273 3721 ο
3314 3689 3474 3741 τοῦτο
3508 3687 3565 3739 δὲ
3600 3684 3718 3747 πῶς
3754 3680 3841 3732 οὐκ

2260 3793 2485 3864 εὔδηλον
2528 3792 2611 3845 ὅτι
2663 3791 2761 3844 καὶ
2796 3788 2877 3859 τῷ
2910 3786 3093 3858 ἐχθρῷ
3129 3783 3396 3854 άθέλητόν
3422 3799 3483 3834 τε
3517 3779 3617 3832 καὶ
3654 3774 3841 3864 ἐσχάτη

2260 3860 2444 3958 πληγή
2472 3903 2487 3952 ;
2512 3884 2575 3937 τὸ
2602 3884 2852 3955 μέντοιγε
2881 3877 3289 3949 σφαγιασθῆναι
3318 3875 3409 3927 τὸν
3440 3872 3594 3937 Υἱὸν,
3626 3872 3757 3938 ὅπερ
3786 3860 3843 3958 ἦν

2260 3980 2295 4049 ὴ
2319 3956 2408 4031 διὰ
2430 3956 2524 4030 τοῦ
2548 3976 2757 4037 πάθους
2804 3970 3076 4044 προϊοῦσα
3121 3966 3344 4038 πρᾶξις,
3398 3962 3522 4018 καθ’
3555 3959 3721 4015 ἑαυτὸ

2260 4047 2387 4124 οὗτε
2433 4069 2534 4140 ήδὺ
2590 4066 2669 4139 τῷ
2718 4065 2898 4137 Iluth
2946 4062 3073 4117 οὔτε
3143 4060 3567 4132 εὐπρόσδεκτον,
3600 4054 3736 4110 ἀλλὰ
3760 4047 3843 4140 καλ

2261 4160 2385 4216 λίαν
2414 4137 2586 4231 ὀργῆς
2621 4137 2775 4223 άξιον
2822 4154 2920 4210 καὶ
2974 4152 3149 4224 θυμοῦ
3171 4168 3184 4181 ⁸
3218 4150 3409 4222 ὥσπερ
3437 4149 3502 4220 δὴ
3527 4146 3611 4218 τῷ
3639 4137 3842 4212 πονηρῷ

2262 4251 2604 4322 καταθύμιόν
2632 4267 2694 4303 τε
2724 4248 2821 4305 καὶ
2870 4246 3093 4302 πάντων
3143 4242 3559 4315 ἐρασμιώτατον
3597 4238 3707 4291 τῶν
3731 4249 3839 4302 τερ-

2263 4345 2446 4400 πνῶψ
2480 4342 2563 4397 διδ
2593 4344 2689 4398 καὶ
2718 4344 2746 4397 ὁ
2765 4339 3151 4409 φιλάνθρωπος
3184 4335 3344 4407 ἡμῶν
3387 4331 3579 4402 Σωτὴρ
3607 4333 3666 4384 ἐν
3702 4327 3842 4392 τύπῳ

2265 4436 2573 4508 μεθοδεὺων
2597 4433 2909 4507 προσευχῆς
2957 4432 3058 4502 τὴν
3084 4431 3281 4499 ἄφεσιν
3314 4426 3426 4480 τῶν
3454 4423 3842 4494 ἐξυϐρισάντων

2264 4532 2344 4594 είς
2375 4529 2559 4593 αὑτὸν,
2600 4546 2618 4580 ι
2658 4527 2865 4599 Πάτερ,
2896 4529 3084 4595 φησὶν,
3147 4522 3283 4591 ἄφες
3327 4519 3510 4581 αὐτοῖς
3536 4516 3639 4585 τὴν
3674 4515 3837 4581 ἁμαρ-

566 4636 730 4686 rans;
763 4638 785 4674 ι
818 4617 1003 4685 Pater,
1022 4618 1119 4684 ait,
1143 4617 1395 4672 condona
1422 4616 1534 4673 illis
1553 4618 1659 4674 hoc
1691 4628 2009 4689 peccatum;
2043 4634 2157 4674 non

2262 4622 2383 4677 τίαν
2414 4621 2622 4692 ταύτην
2643 4637 2656 4651 ’
2689 4620 2750 4673 οὐ
2782 4618 2891 4689 γὰρ
2922 4617 3129 4673 οἴδασιν
3144 4614 3198 4668 τί
3221 4611 3497 4668 ποιοῦσιν·
3535 4629 3553 4663 ι
3591 4608 3733 4662 οὕτω
3756 4602 3839 4692 μὲν

565 4711 713 4765 enim
749 4709 1195 4765 animadvertunt
1215 4710 1347 4780 quid
1376 4720 1541 4780 agant
1566 4709 1632 4763 ³³.
1657 4728 1677 4762 ι
1710 4710 1861 4766 Adeo
1891 4709 2015 4766 Filii
2045 4726 2155 4766 ca:-

563 4800 661 4857 «ιω
686 4798 883 4856 cont'ra
904 4799 1084 4855 Patris
1114 4800 1451 4857 voluntatem
1478 4802 1662 4867 (iebat,
1684 4810 1743 4858 ut
1774 4804 2004 4859 multam
2027 4804 2159 4860 huic

566 4889 908 4946 iracundiam
950 4899 1359 4959 commoveret;
1391 4907 1457 4949 ac
1492 4907 1715 4948 necesse
1747 4893 1913 4949 fuerit
1965 4894 2155 4951 hesum
2196 4963 2201 4968 _

568 4982 766 5049 ipsum,
799 4980 1211 5051 deprecatorem
1253 4982 1395 5048 ﬁeri,
1424 4998 1536 5053 quo
1593 4983 1669 5038 rei
1707 4986 2030 5055 pmnitcnlia
2057 5004 2157 5042 ex-

566 5076 699 5143 piati
748 5090 941 5146 ptenas
986 5076 1305 5133 evaderent.
1364 5074 1555 5147 Neque
1582 5082 1895 5149 repugnat,
1938 5080 2157 5136 Patrem

567 5166 690 5224 Filii
722 5183 912 5225 necem
932 5168 1172 5241 voluisse
1198 5168 1402 5240 pariter
1430 5185 1498 5225 ac
1524 5170 1768 5228 noluisse
1804 5191 1819 5228 :
1856 5186 1982 5227 nam
2011 5174 2158 5244 quod

565 5275 687 5314 eam
714 5260 895 5326 vellet,
922 5260 1139 5319 fructus
1169 5263 1482 5333 prestantia
1514 5261 1568 5316 in
1609 5277 1776 5319 causa
1813 5274 1972 5333 erat;
2009 5263 2158 5335 quod

567 5367 698 5407 vero
744 5354 934 5418 nollet,
966 5354 1021 5409 id
1066 5353 1284 5412 facinus
1318 5373 1413 5426 per
1451 5372 1510 5411 se
1541 5366 1849 5425 spectatum
1902 5358 2157 5414 faciebat.

632 5445 689 5499 5.
722 5443 862 5501 Nam
892 5446 1055 5502 veluti
1082 5448 1376 5519 imperator
1405 5450 1452 5505 si
1490 5450 1682 5505 fortem
1711 5450 1939 5506 militem
1964 5461 2158 5506 cernat

569 5541 793 5599 vulnera
822 5543 1206 5613 excipientem,
1227 5544 1655 5616 vulneribusque
1676 5547 1914 5602 hostium
1937 5546 2158 5602 ordines

570 5645 1008 5699 consumentem,
1036 5638 1266 5707 ipsomet
1291 5637 1414 5693 belli
1439 5638 1578 5693 duce
1600 5650 1908 5708 prostrato;
1943 5640 2157 5695 laztatur

571 5728 823 5797 equidem
850 5728 997 5797 quod
1027 5729 1306 5785 victoriam
1334 5740 1592 5787 strenuus
1625 5730 1711 5787 hic
1741 5732 1805 5787 de
1832 5732 2160 5787 adversariis

649 5908 692 5943 ²³
734 5905 868 5964 Luc.
906 5923 1061 5978 xxiii,
1101 5909 1188 5964 54.

2260 4713 2525 4784 άθέλητον
2547 4691 2642 4765 τοῦ
2670 4709 2867 4771 Παιδὸς
2895 4709 2929 4778 ή
2971 4705 3157 4775 σφαγὴ
3183 4702 3264 4771 τῷ
3300 4700 3494 4770 [lu-cpi.
3530 4698 3628 4752 καὶ
3657 4691 3838 4758 πολλὴν

2261 4805 2361 4875 τὴν
2390 4803 2767 4873 ἀγανάκτησιν
2788 4797 3125 4853 ἀνακινοῦσα
3146 4811 3158 4824 ·
3206 4798 3283 4857 ὡς
3314 4793 3410 4847 καὶ
3453 4790 3627 4859 αὐτῆς
3650 4784 3837 4843 δεῖσθαι

2263 4897 2364 4966 τῆς
2402 4895 2641 4965 δεήσεως
2704 4890 2799 4950 τοῦ
2854 4887 3210 4959 ἠδικημένου,
3242 4884 3329 4954 ἐφ’
3357 4877 3403 4953 ᾧ
3436 4882 3527 4937 διὰ
3564 4875 3835 4951 μετανοίας

2264 4987 2705 5060 καθῃραμένους,
2771 4982 2847 5053 μὴ
2897 4980 3083 5034 δοῦναι
3130 4978 3287 5046 δίκην
3309 4976 3438 5039 τοὺς
3484 4972 3833 5045 ἠδικηκότας’

2261 5078 2364 5132 καὶ
2393 5078 2495 5132 οὐκ
2523 5074 2765 5129 ἐναντίον
2795 5076 2856 5125 τὸ
2885 5071 3060 5127 θέλειν
3078 5070 3175 5123 καὶ
3200 5068 3277 5139 μὴ
3304 5066 3485 5121 θέλειν
3506 5065 3599 5119 τὸν
3627 5064 3837 5117 θάνατον

2265 5171 2361 5231 τοῦ
2386 5169 2515 5225 Υίοῦ
2538 5170 2629 5224 τὸν
2651 5169 2874 5240 Πατέρα
2894 5182 2908 5201 ο
2942 5165 3005 5218 τὸ
3041 5164 3140 5236 μὲν
3161 5163 3292 5232 γὰρ,
3325 5162 3390 5214 ἐκ
3420 5159 3520 5212 τοῦ
3555 5148 3835 5221 ἐκϐεϐηκό-

2265 5283 2357 5329 τος
2384 5262 2813 5335 κατορθώματος
2835 5276 2848 5289 ⁸
2884 5260 2948 5313 τὸ
2990 5258 3071 5323 δὲ,
3127 5257 3187 5324 ἐξ
3213 5253 3387 5325 αὐτῆς
3412 5253 3511 5324 τῆς
3539 5258 3835 5323 προκαταρ-

2267 5356 2471 5429 χούσης
2499 5356 2720 5424 λέγεται
2750 5353 3029 5424 πράξεως.

2338 5426 2707 5520 γ’(Καθάπερ
2772 5446 2882 5516 γὰρ
2939 5445 2991 5498 εἴ
3044 5436 3460 5511 τιςστρατηγδς
3506 5435 3599 5527 τὸν
3630 5426 3837 5527 ἀριστέα

2269 5541 2483 5612 βλέπων
2507 5538 2802 5609 δεχόμενον
2827 5536 3141 5607 τραύματα,
3179 5532 3272 5585 xui.
3305 5531 3417 5593 τοῖς
3446 5526 3834 5612 ,τραύμασιτων

2270 5634 2528 5688 ἐναντίων
2580 5632 2676 5696 τὰς
2733 5629 3072 5699 παρατάξεις
3119 5623 3402 5689 κενοῦντα,
3447 5623 3543 5675 καὶ
3576 5617 3731 5673 αὐτὸν
3754 5609 3833 5662 τδν

2273 5727 2515 5801 ἀρχηγὸν
2546 5727 2645 5783 τοῦ
2677 5726 2914 5798 πολέμου
2970 5722 3397 5785 καταϐάλλοντα,
3437 5718 3619 5790 χαίρει
3657 5714 3743 5787 μὲν
3763 5703 3831 5769 οἷς
