4084 6444
475 382 579 446 179

1630 375 1891 438 ΡΙΙΟῙἹΙ
1918 374 2430 438 ΡΑΤΒΙΛΒΟΗίΕ
2467 379 2578 441 CP.

3641 370 3740 438 181}

470 492 848 566 accipiendum
895 499 1201 563 raperetur,
1228 489 1535 563 tyrannidis
1582 504 1694 546 sua:
1729 490 1850 546 vice
1890 502 2051 545 versa

2170 491 2319 545 ιῦτοῦ
2347 493 2447 566 τὴν
2466 493 2785 565 καθαίρεσιν
2831 495 2927 549 καὶ
2979 495 3081 567 τὴν
3122 489 3540 565 ἀπροσδόκητόν
3570 508 3627 543 τε
3647 494 3732 550 καὶ

469 586 769 657 perniciem
801 584 1003 646 retulit,
1037 592 1201 652 atque
1235 581 1514 651 inopinam
1572 588 1628 635 et
1685 580 1810 636 sine
1842 577 2051 635 medela

472 679 689 749 plagam
720 694 734 731 :
762 676 829 731 de
860 691 967 745 qua
999 676 1207 745 pridem
1236 674 1530 743 suspicans
1550 712 1566 737 ,
1594 673 1792 744 partim
1825 672 2051 742 quidem

471 770 537 824 ad
566 782 783 823 crucem
810 768 1025 828 ruebat,
1051 766 1247 835 partim
1272 766 1612 819 retinebatur
1636 773 1802 833 atque
1824 778 1853 817 a
1884 762 2053 818 sacri-

473 862 592 929 lego
617 861 819 927 impetu
838 858 1169 913 abstinebat.
1190 857 1368 928 Atque
1390 858 1527 912 adeo
1548 856 1781 926 quaestio
1806 856 1919 910 haec
1938 854 2053 924 jam

472 968 583 1007 non
616 952 821 1023 poterit
839 951 1052 1021 piorum
1077 951 1304 1006 auribus
1323 964 1449 1005 esse
1481 948 1734 1003 molesta.
1752 947 2055 1015 Ceteroqui

473 1046 611 1100 nihil
632 1054 779 1099 vetat
824 1044 1123 1114 quominus
1149 1058 1320 1112 nuper
1342 1042 1609 1113 promissa
1632 1039 1922 1095 faciamus.
1951 1038 2057 1093 Re-

472 1136 706 1207 demptis
756 1137 990 1205 pretium
1039 1136 1242 1205 duplici
1288 1136 1391 1190 sub
1446 1134 1666 1189 notione
1711 1132 2058 1188 considerare

473 1230 623 1293 licet,
658 1229 920 1283 nimirum
952 1237 1011 1282 ut
1059 1228 1394 1296 captivorum
1444 1225 1739 1291 redimias,
1779 1233 1944 1294 atque
2000 1232 2060 1277 ut

476 1322 819 1391 captivorum
845 1321 1073 1375 Domino
1112 1321 1338 1373 donum.
1376 1318 1579 1373 Christi
1609 1317 1832 1389 sanguis
1864 1324 2059 1386 quate-

476 1431 583 1469 nus
635 1415 985 1469 redimiarum
1036 1413 1154 1467 vice
1202 1412 1468 1482 fungitur,
1503 1425 1637 1465 sane
1692 1409 1927 1480 pretium
1975 1424 2061 1464 re-

478 1508 812 1578 demptionis
863 1506 971 1563 dici
1003 1516 1213 1576 potest;
1242 1514 1617 1560 verumtamen
1654 1512 1928 1573 quatenus
1967 1502 2057 1557 do-

479 1617 609 1657 num
630 1599 883 1668 mangoni
916 1609 1017 1664 est,
1048 1599 1139 1652 illo
1166 1598 1386 1651 nomine
1404 1598 1479 1650 uti
1513 1594 1725 1664 nequit.
1757 1594 2057 1665 thuidem

479 1694 586 1748 alia
620 1693 790 1747 multa
821 1690 1210 1761 redemptionis
1238 1689 1453 1758 proprie
1475 1689 1621 1742 dicto
1653 1688 1827 1757 pretio
1850 1688 2057 1751 insunt,

402 1784 405 1789 λ
479 1802 602 1856 quae
633 1800 846 1840 arcanre
901 1785 1025 1838 huic
1078 1791 1133 1837 et
1179 1781 1536 1835 inenarrabili
1588 1780 1909 1835 ceeonomiae
1949 1794 2056 1833 non

479 1883 805 1944 eottgruunt.
831 1873 1109 1941 Siquidem
1134 1872 1223 1942 qui
1244 1873 1478 1941 pretium
1504 1870 1671 1935 dedit,
1692 1870 1820 1939 quia
1841 1869 1917 1923 rei
1942 1869 2059 1938 ejus

480 1965 739 2032 deinceps
770 1962 1024 2017 dominus
1077 1976 1201 2016 esse
1255 1976 1363 2014 non
1408 1969 1619 2030 potest,
1666 1960 2058 2013 detrimentum

482 2055 857 2113 necessarium
907 2056 1113 2125 patitur
1151 2072 1165 2107 :
1196 2062 1387 2107 contra
1414 2052 1506 2122 qui
1538 2053 1757 2123 accipit,
1782 2052 1932 2106 lucro
1960 2067 2061 2106 au-

482 2160 659 2219 getur,
698 2151 869 2218 [itque
901 2148 977 2201 rei
1025 2146 1322 2212 dominus,
1359 2160 1482 2215 qua:
1514 2144 1566 2199 in
1622 2144 1745 2214 ejus
1793 2152 2064 2213 potestate

480 2251 640 2295 antea
670 2257 776 2296 non
798 2248 939 2295 erat.
971 2238 1125 2293 Nunc
1146 2253 1308 2292 omne
1339 2246 1531 2291 contra
1564 2247 1666 2292 est.
1699 2236 1801 2302 Qui
1827 2237 2062 2305 pretium

480 2333 680 2387 obtulit
706 2331 1173 2405 (quandoquidem
1216 2330 1397 2385 omnia
1426 2331 1480 2383 in
1506 2327 1603 2383 Dei
1633 2337 1898 2398 potestate
1918 2337 2063 2393 sunt,

483 2442 660 2497 neque
690 2427 860 2497 ipsius
897 2426 1079 2481 Abelis
1134 2438 1312 2494 neque
1366 2432 1669 2493 martyrum
1726 2422 1952 2492 sanguis
1994 2421 2067 2476 ab

481 2518 603 2588 ejus
646 2515 981 2587 providentia
1018 2514 1369 2582 dominioque
1418 2510 1634 2577 abfuit),
1670 2510 1778 2575 hic,
1816 2511 2067 2579 inquam,

482 2610 698 2665 nullum
724 2615 866 2678 cepit
888 2607 1301 2662 detrimentum.
1335 2603 1471 2657 Nam
1493 2604 1620 2673 quis
1642 2603 1869 2656 omnino
1884 2600 2071 2658 dicere

482 2701 637 2767 velit,
662 2702 730 2754 ab
759 2714 825 2755 eo
845 2698 940 2768 qui
973 2697 1305 2751 famulorum
1325 2711 1574 2758 suorum,
1601 2705 1655 2749 et
1680 2710 1913 2765 quorum
1940 2708 2071 2750 san-

486 2794 609 2866 guis
634 2794 937 2849 exhaustus
963 2792 1084 2855 fuit,
1109 2805 1297 2845 curam
1326 2791 1486 2861 gerit,
1504 2788 1709 2859 quique
1728 2796 2068 2843 mortuorum

488 2893 553 2938 ut
577 2882 872 2937 viventium
905 2881 1175 2933 clamores
1216 2879 1401 2943 audit;
1430 2878 1590 2947 quis,
1625 2876 1872 2947 inquam,
1901 2877 2069 2941 dicat,

489 2975 784 3030 salutarem
808 2982 860 3027 et
886 2972 978 3041 qui
1001 2972 1187 3025 urbem
1216 2972 1453 3026 vivilieat
1481 2971 1832 3041 sanguinem,
1863 2970 1915 3023 in
1950 2968 2071 3024 the-

488 3064 668 3120 sauris
705 3063 1055 3133 providentiae
1080 3076 1193 3116 sua:
1213 3064 1281 3116 ab
1302 3078 1367 3117 eo
1398 3077 1504 3115 non
1544 3060 1710 3117 fuisse
1738 3060 2071 3117 incolumem

2152 589 2373 643 ἀνίατον
2401 588 2615 660 πληγήν
2637 605 2651 618 ο
2669 590 2737 659 ῆν
2766 592 2861 644 καὶ
2891 589 3368 660 ύπιδόμενος,ᾶμα
3391 606 3458 641 τε
3495 587 3734 657 ἐπεπήδα

2152 684 2231 753 τῷ
2254 682 2491 755 σταυρῷ,
2525 682 2619 736 καὶ
2652 682 2767 753 ἅμα
2805 683 3181 735 συνεστέλλετό
3213 699 3271 734 τε
3329 682 3427 734 καὶ
3476 681 3740 748 ἀφίστατο

2153 777 2255 846 τῆς
2292 777 2667 848 θεομαχούσης
2706 776 2920 846 όρμῆς·
2975 776 3070 828 καὶ
3133 773 3317 827 οὐκέτι
3375 770 3743 843 παρενοχλεῖν

2153 867 2310 941 οἶμαι
2330 871 2392 923 τὸ
2411 870 2512 940 τῆς
2538 869 2771 941 ἀπορίας
2800 870 2956 939 ἰσχὺν
2979 868 3090 933 ’ἐξει
3110 868 3206 930 τὰς
3236 866 3342 919 τῶν
3366 865 3746 919 εὐσεϐούντων

2155 962 2367 1027 ἀκοάς·
2404 963 2545 1033 πλὴν
2598 962 2751 1014 οὐδὲν
2812 961 3012 1013 κωλύει
3064 960 3199 1029 πρὸς
3250 960 3350 1028 τὴν
3403 956 3751 1025 ἐπαγγελίαν

2157 1049 2327 1104 ἐλθεῖν
2355 1067 2369 1081 ·
2395 1050 2471 1114 ὡς
2498 1052 2619 1103 ἐπεὶ
2651 1050 2712 1102 τὸ
2732 1049 2927 1119 λύτρον
2966 1048 3102 1120 πρὸς
3138 1048 3231 1101 δύο
3260 1050 3381 1101 τινά
3408 1048 3518 1118 τὴν
3554 1048 3750 1113 Largo-

2162 1144 2260 1213 ρὰν
2289 1144 2366 1205 ὡς
2391 1142 2595 1195 ἐπίπαν
2616 1141 2750 1212 ἔχει,
2788 1142 2971 1213 ρύσιόν
3000 1159 3058 1193 τε
3083 1141 3189 1195 τῶν
3235 1140 3638 1209 κατεχομένων
3675 1133 3752 1189 εἷ-

2159 1252 2268 1300 ναι,
2297 1236 2390 1289 καὶ
2415 1234 2586 1305 δῶρον
2614 1234 2845 1305 ὁρᾶσθαι
2871 1234 2947 1303 τῷ
2980 1234 3259 1303 κατέχοντι
3286 1249 3300 1262 ·
3324 1232 3399 1296 ὡς
3430 1233 3543 1301 μὲν
3568 1230 3754 1301 ῥύσιον

2157 1327 2265 1380 τῶν
2294 1326 2697 1396 κατεχομένων,
2743 1325 2939 1395 λύτρον
2967 1328 3032 1379 ἂν
3059 1327 3143 1394 εἴη
3185 1326 3248 1377 τὸ
3277 1328 3557 1395 σωτήριον
3592 1319 3751 1390 αἷμα,

2156 1417 2234 1481 ὡς
2268 1416 2327 1472 δέ
2359 1415 2529 1486 δῶρον
2588 1415 2684 1469 τοῦ
2731 1415 3075 1485 κατέχοντος,
3137 1415 3421 1485 ούδαμῶς·
3479 1414 3615 1466 ἐπεὶ
3663 1414 3755 1463 καὶ

2167 1508 2332 1562 πολλά
2354 1508 2490 1562 ἄλλα
2550 1508 2629 1578 τῷ
2675 1508 2880 1579 κυρίως
2917 1508 3197 1577 λεγομένῳ
3256 1507 3535 1578 προσόντα
3573 1504 3758 1573 λύτρῳ

2161 1609 2224 1675 τῇ
2262 1604 2529 1674 ἀφράστῳ
2583 1602 2755 1674 ταύτῃ
2806 1603 2901 1655 καὶ
2955 1602 3097 1671 ὑπὲρ
3147 1600 3305 1667 λόγον
3338 1600 3401 1651 ού
3452 1598 3757 1669 πρόσεστιν

2162 1698 2443 1768 οἰκονομίᾳ.
2469 1713 2482 1725 ·
2514 1698 2608 1750 καὶ
2661 1697 2769 1766 γάρ
2795 1696 2824 1748 ό
2857 1696 2953 1764 μὲν
2998 1695 3059 1747 τὸ
3090 1693 3285 1764 λύτρον
3328 1692 3535 1754 διδοὺς,
3568 1689 3757 1741 ούκέτι

2162 1789 2457 1857 δυνάμενος
2485 1782 2624 1839 εἶναι
2654 1787 2857 1857 Κύριος
2884 1778 2957 1837 ὧν
2987 1784 3249 1853 παρέσχε,
3277 1782 3377 1848 τὴν
3399 1780 3618 1849 ζημίαν
3647 1778 3758 1844 ἔχει

2166 1881 2303 1935 κατά
2317 1881 2377 1932 τὸ
2392 1878 2765 1949 ἀπαραίτητον
2779 1875 3201 1930 ἀκολουθοῦσαν·
3225 1873 3505 1942 κερδαίνει
3524 1870 3572 1922 δ’
3594 1872 3623 1922 ὁ
3656 1869 3753 1917 λα-

2165 1973 2273 2026 ϐὼν
2297 1971 2435 2043 [καὶ]
2458 1971 2773 2025 καθίσταται
2802 1968 3066 2037 δεσπότης
3093 1960 3169 2019 ὧν
3194 1967 3457 2036 πρότερον
3478 1963 3585 2031 τὴν
3603 1960 3758 2024 ἐξου-

2166 2067 2286 2119 σίαν
2306 2067 2407 2119 οὐκ
2426 2065 2560 2134 εἶχε·
2580 2062 2811 2116 ἐνταῦθα
2849 2062 2905 2113 δέ
2937 2060 3245 2113 τούναντίον
3287 2056 3453 2109 ἅπαν·
3471 2058 3499 2109 ὁ
3524 2054 3631 2124 μὲν
3654 2068 3756 2103 κα-

2165 2159 2459 2225 ταθέμενος
2475 2156 2535 2208 τὸ
2550 2155 2744 2225 λύτρον
2764 2153 2878 2208 (καὶ
2898 2153 3006 2223 γάρ
3027 2152 3203 2205 πάντα
3225 2152 3281 2201 ἐν
3307 2151 3372 2219 τῇ
3393 2148 3542 2217 χειρὶ
3560 2142 3755 2207 αὑτοῦ,

2167 2250 2261 2304 καὶ
2288 2249 2408 2301 ούδέ
2430 2246 2522 2301 τοῦ
2545 2246 2711 2299 Ἀϐελ
2739 2242 2898 2315 αἷμα,
2924 2246 2983 2298 ού
3016 2243 3121 2314 μὴν
3156 2242 3277 2295 οὐδὲ
3304 2241 3413 2293 τῶν
3454 2237 3760 2308 μαρτύρων

2166 2342 2272 2407 ἔξω
2301 2340 2401 2410 τῆς
2437 2339 2601 2393 αὑτοῦ
2634 2337 2939 2407 καθέστηκε
2971 2334 3226 2405 προνοίας
3257 2332 3351 2386 καὶ
3372 2330 3580 2401 χειρὸς)
3603 2326 3760 2380 οὐδὲν

2170 2432 2271 2503 μέν
2288 2432 2531 2502 δηλονότι
2553 2430 2852 2499 ἐζημίωται
2880 2444 2894 2458 ⁶
2930 2426 3013 2489 τίς
3036 2426 3142 2494 γὰρ
3174 2426 3240 2478 ἀν
3279 2422 3418 2485 ὅλως
3457 2423 3643 2473 εἰπεῖν
3673 2420 3763 2469 ἐν.

2167 2525 2357 2595 νοήσῃ,
2387 2523 2462 2585 ὡς
2506 2521 2604 2591 μέν
2629 2520 2737 2574 τῶν
2783 2518 3129 2590 θεραπόντων
3150 2515 3337 2577 αὑτοῦ,
3370 2513 3466 2567 καὶ
3496 2506 3577 2565 ὧν
3630 2512 3758 2562 ἐκε-

2166 2616 2419 2686 νώθησαν
2481 2613 2729 2683 αἱμάτων
2763 2611 2880 2665 ἔστι
2906 2610 3064 2678 λόγος
3085 2606 3255 2677 αὐτῷ,
3286 2607 3380 2659 καὶ
3413 2604 3555 2675 μετά
3586 2599 3761 2656 θάνα-

2167 2724 2259 2762 τον
2307 2706 2383 2769 ὠς
2416 2705 2701 2759 ἀθανάτων
2731 2703 2980 2774 βοώντων
3032 2700 3258 2766 exedet;
3287 2697 3351 2751 τὸ
3378 2697 3436 2749 δέ
3479 2695 3760 2763 σωτήριον

2170 2800 2264 2853 καὶ
2289 2798 2551 2863 ζωοποιδν
2579 2792 2721 2866 αἷμα
2750 2794 2845 2849 τοῦ
2874 2794 3080 2865 κόσμου
3107 2793 3207 2846 οὐκ
3233 2793 3291 2843 ἐν
3322 2792 3428 2851 τοῖς
3461 2786 3762 2846 ἀθανάτοις

2168 2891 2269 2959 τῆς
2296 2889 2461 2944 αὑτοῦ
2484 2888 2739 2961 προνοίας
2756 2887 3005 2957 ταμείοις
3024 2883 3238 2953 συνέχει
3255 2879 3559 2948 ἀνώλεθρον
3585 2875 3760 2945 αύτῷ,

2171 2982 2266 3036 καὶ
2298 2981 2503 3051 φθορᾶς
2529 2979 2797 3050 σωμάτων
2824 2978 3105 3044 ἀνέπαφον
3143 2971 3589 3042 συντηρούμενος
3620 2966 3771 3039 (59);-

2170 3072 2270 3125 ούκ
2297 3070 2599 3142 ἐζημίωται
2627 3069 2807 3121 τοίνυν
2832 3068 2893 3120 ού
2926 3066 3025 3137 μέν
3070 3060 3164 3119 οὖν
3192 3064 3222 3117 ὃ
3264 3064 3326 3115 τὸ
3355 3062 3550 3132 λύτρον
3583 3076 3762 3113 κατα-

490 3166 903 3218 conservatum,
929 3166 1094 3225 atque
1125 3156 1194 3208 ab
1233 3155 1382 3210 omni
1423 3168 1685 3223 corporea
1718 3153 2068 3223 corruptione

2174 3158 2425 3235 θέμενος,
2456 3164 2591 3218 ἀλλά
2627 3162 2723 3217 καὶ
2770 3160 2866 3215 τοῦ
2896 3159 3085 3228 γένους
3140 3160 3172 3227 ἡ
3184 3157 3301 3227 μῶν
3348 3154 3549 3216 παντὸς
3584 3155 3614 3205 ό
3641 3149 3765 3221 φιλ-

488 3246 963 3321 protcetum?Non
986 3248 1150 3316 igitur
1177 3248 1437 3301 damnum
1465 3247 1687 3317 pertulit
1717 3246 1811 3317 qui
1838 3246 2073 3316 pretium

488 3344 753 3398 contulit:
781 3342 892 3395 imo
920 3341 1159 3397 universi
1190 3341 1406 3409 generis
1438 3340 1609 3395 nostri
1640 3340 1883 3393 clemens
1911 3335 2073 3393 Jesus

490 3434 720 3488 salutem
769 3433 1015 3487 lucratus
1044 3441 1148 3485 est.
1184 3431 1287 3495 Qui
1318 3446 1446 3484 vero
1479 3444 1538 3483 se
1568 3439 1923 3498 accepturum
1973 3443 2077 3499 pu-

492 3525 660 3589 tabat,
685 3524 813 3577 dum
842 3523 909 3575 de
930 3537 1032 3576 suo
1058 3521 1219 3575 unice
1248 3522 1399 3574 luero
1420 3520 1645 3589 cogitat,
1677 3520 1823 3573 illam
1851 3531 2077 3589 quoque

493 3615 699 3678 amisit,
733 3614 893 3682 cujus
925 3614 1070 3667 vires
1098 3622 1381 3680 tantopere
1404 3610 1669 3680 jactabat,
1706 3612 2072 3681 tyrannidem.

494 3705 676 3770 Quare
717 3703 1036 3758 Dominicus
1066 3703 1324 3758 salutaris
1352 3704 1571 3772 Sanguis
1603 3706 1837 3774 pretium
1888 3720 2077 3760 revera

494 3794 887 3863 redemptionis
931 3804 1034 3855 est,
1072 3794 1199 3862 quia
1246 3808 1345 3847 nos
1395 3794 1711 3862 captivitate
1753 3796 2075 3865 expedivit:

494 3884 590 3939 sed
621 3884 763 3939 idem
789 3899 820 3938 a
846 3884 1237 3953 redemptionis
1263 3884 1435 3952 pretio
1454 3884 1655 3950 ditl'ert,
1683 3895 1797 3941 tum
1822 3888 1948 3959 quia
1976 3889 2075 3956 illi,

495 3976 588 4044 qui
608 3985 859 4030 naturam
881 3984 1120 4030 nostram
1143 3974 1517 4031 fraudulenter
1536 3976 1762 4033 servitio
1782 3979 2076 4048 oppressit,

498 4085 607 4122 non
635 4076 720 4122 est
742 4068 992 4133 oblatus;
1020 4078 1131 4121 tum
1165 4068 1291 4137 quia
1318 4068 1476 4137 pretii
1506 4067 1725 4139 quidem
1752 4070 2077 4139 praclarum

496 4163 712 4217 lucrum
760 4178 885 4218 esse
930 4162 1091 4227 solet,
1128 4161 1278 4215 nullo
1313 4162 1515 4215 damno
1558 4161 1802 4216 comite:
1835 4172 2079 4217 attamen

496 4253 717 4309 diabolo
748 4255 1087 4323 captivorum
1130 4252 1266 4307 hero
1303 4253 1638 4321 duplicatum
1684 4252 1868 4322 potius
1922 4268 2080 4308 sum-

497 4360 759 4414 mumque
788 4343 1046 4399 damnum
1078 4342 1277 4398 evenit.
1309 4342 1577 4399 Praeterea
1608 4343 2081 4413 redemptionibus

2177 3256 2462 3325 ἅνθρωπος
2495 3251 2898 3324 προσεκέρδησε
2949 3249 3048 3320 τὴν
3079 3247 3354 3318 σωτηρίαν
3375 3261 3389 3273 ·
3419 3246 3447 3298 ό
3489 3242 3543 3296 δὲ
3573 3240 3765 3295 λαϐεῖν

2175 3348 2423 3417 νομίσας,
2448 3347 2529 3399 ὅτι
2560 3343 2745 3397 λαϐεῖν
2774 3343 2935 3413 μόνον
2968 3340 3209 3411 ἐνόμισε,
3250 3338 3347 3391 καὶ
3370 3336 3541 3404 αὐτὴν
3582 3346 3765 3403 προσ-

2177 3438 2484 3503 απώλεσεν,
2526 3438 2611 3506 ἐφ’
2733 3452 2793 3487 τε
2824 3434 2965 3503 μέγα
3010 3431 3230 3501 ἐφρόνει
3259 3429 3354 3483 καὶ
3391 3426 3459 3497 ἢν
3486 3423 3763 3494 ἐνισχύειν

2176 3531 2429 3598 ἐνόμισεν
2480 3526 2645 3580 αὐτοῦ
2687 3523 3011 3595 τυραννίδα·
3053 3520 3195 3574 ὥστε
3250 3518 3312 3572 τὸ
3363 3518 3636 3586 σωτήριον
3670 3515 3764 3566 καὶ

2176 3619 2491 3674 δεσποτικὸν
2515 3614 2655 3687 αἷμα
2676 3617 2769 3669 καὶ
2813 3615 3012 3683 λύτρου
3041 3610 3228 3682 χώραν
3245 3610 3309 3663 ἂν
3334 3608 3544 3677 ἐπέχοι,
3570 3608 3765 3659 ἀνεκο-

2181 3714 2377 3784 μίσατο
2411 3711 2519 3780 γὰρ
2552 3710 2698 3780 ἡμᾶς
2723 3708 2821 3776 τῆς
2872 3703 3272 3775 αἰχμαλωσίας,
3298 3700 3395 3753 καὶ
3430 3697 3526 3751 τοῦ
3559 3696 3760 3765 λύτρου

2179 3802 2576 3874 παραλλάσσει,
2611 3800 2693 3851 ὅτι
2722 3797 2856 3869 μηδὲ
2886 3793 3225 3866 προσενέχθη
3252 3790 3328 3861 τῷ
3355 3789 3453 3860 τὴν
3485 3787 3765 3859 ἡμετέραν

2179 3899 2342 3968 φύσιν
2375 3894 2559 3965 ἀπάτῃ
2584 3890 2978 3961 δουλωσαμένῳ
3000 3901 3015 3916 ·
3049 3888 3144 3940 καὶ
3163 3886 3243 3939 ὃτι
3268 3885 3325 3937 ἐν
3360 3880 3461 3952 μὲν
3481 3881 3561 3951 τῷ
3580 3878 3767 3949 λύτρῳ

2178 3990 2238 4042 τὸ
2279 3986 2469 4059 κέρδος
2500 3985 2693 4055 ὁρᾶται
2728 3982 2893 4052 μέγα,
2939 3977 3073 4050 μηδέ
3109 3978 3237 4047 μιᾶς
3273 3970 3761 4039 συνεπινοουμένης

2180 4082 2407 4153 ζημίας·
2440 4082 2497 4133 ἐν
2515 4078 2573 4131 δέ
2594 4076 2672 4146 τῷ
2699 4073 2985 4144 κατέχοντι
3014 4072 3141 4135 τοὺς
3170 4065 3574 4139 αἰχμαλώτους,
3598 4062 3761 4129 διπλῆ

2183 4176 2385 4247 μᾶλλον
2448 4172 2505 4224 δέ
2552 4168 2822 4236 παντελὴς
2857 4167 2890 4235 ἠ
2915 4164 3088 4235 ζημία
3108 4177 3121 4190 ’
3150 4162 3200 4215 εί
3228 4160 3402 4231 βούλει
3426 4158 3484 4210 δὲ
3507 4158 3601 4209 καὶ
3631 4156 3763 4247 διότι

2179 4245 2287 4320 τῶν
2320 4265 2417 4335 μὲν
2438 4263 2612 4317 ἄλλων
2646 4260 2860 4331 λύτρων
2887 4256 3251 4327 συμϐατήριοι
3276 4249 3645 4322 προηγοῦνται
3676 4245 3762 4297 λό-

2180 4376 2289 4429 γοι,
2330 4354 2564 4409 ἐνταῦθα
2584 4353 2641 4406 δὲ
2672 4352 2766 4406 τοῦ
2792 4350 2989 4420 λύτρου
3041 4345 3440 4418 μελετωμένου,
3493 4345 3525 4410 ὴ
3580 4338 3764 4393 δικαία

496 4438 620 4493 aliis
650 4436 874 4507 paciﬁca
903 4437 1067 4491 verba
1110 4446 1388 4505 praeeunt;
1439 4437 1527 4491 hic
1572 4436 1702 4491 dum
1730 4437 1964 4507 pretium
1993 4452 2068 4491 re-

2182 4450 2364 4523 κρίσις
2386 4450 2451 4501 ἐκ
2470 4444 2802 4499 παλαιτάτου
2822 4440 2899 4512 τῷ
2929 4439 3170 4509 πολεμίῳ
3194 4436 3254 4490 τὺ
3301 4433 3568 4489 ἄσπονδον
3600 4445 3764 4523 καταέ

496 4529 825 4599 demptionis
851 4529 1198 4599 persolvitur,
1227 4529 1437 4598 justum
1469 4528 1563 4584 Dei
1584 4529 1877 4599 judicium,
1912 4547 2068 4602 quam

2180 4517 2528 4615 ψηφιζομένη
2550 4580 2565 4605 ,
2596 4538 2678 4591 ἐτι
2706 4535 2909 4609 μᾶλλον
2960 4531 3264 4605 τηνικαῦτα
3290 4531 3388 4599 τὴν
3420 4526 3679 4591 τοιαύτην
3705 4522 3762 4587 ἐξ

500 4625 816 4681 ﬁrmissime
844 4625 974 4679 olim
1008 4624 1327 4679 decreverat
1361 4624 1413 4677 in
1448 4624 1661 4679 hostem
1687 4639 1928 4695 poenam,
1957 4642 2078 4681 eam

502 4719 606 4775 hoc
654 4719 1002 4789 potissimum
1038 4728 1283 4783 tempore
1324 4715 1659 4772 facinoribus
1692 4716 1813 4786 ejus
1861 4717 2080 4773 inﬂixit.

500 4808 745 4880 Denique
774 4809 825 4864 in
856 4809 1071 4864 eazteris
1102 4807 1567 4877 redemptionibus
1598 4806 1803 4863 fcedera
1833 4809 2079 4878 quaedam

500 4902 582 4958 vel
612 4903 679 4957 ad
721 4902 944 4970 longum
992 4902 1075 4956 vel
1104 4903 1170 4955 ad
1215 4902 1378 4955 breve
1427 4908 1640 4970 tempus
1687 4899 1989 4968 feriuntur;
2025 4902 2082 4956 in

503 4993 623 5057 hac,
647 4992 714 5047 de
735 5008 843 5062 qua
876 4993 1110 5062 agimus,
1139 4992 1278 5046 nihil
1297 4992 1402 5047 tale
1423 4992 1695 5060 suspicari
1725 4990 1871 5046 licet.
1899 4991 2078 5062 Atque

500 5084 772 5154 ejusmodi
804 5084 926 5139 alia:
954 5084 1201 5155 plurimae
1224 5083 1548 5139 diﬂ‘erentia:
1568 5091 1721 5138 sunt.
1745 5082 1928 5150 Quare
1960 5085 2079 5140 ﬁeri

503 5191 613 5230 non
669 5185 847 5247 potest
890 5186 947 5229 ut
980 5177 1157 5230 oratio
1201 5176 1584 5232 necessitatem
1640 5190 1753 5247 prae
1815 5192 1875 5232 se
1919 5176 2080 5244 ferat,

503 5269 965 5336 quemadmodum
1000 5284 1121 5323 eam
1154 5269 1449 5324 obtendere
1477 5276 1676 5339 potest,
1701 5284 1828 5324 eum
1857 5283 1961 5325 vox
1992 5284 2082 5324 re-

503 5360 686 5423 dimite
712 5361 973 5431 primario
994 5378 1157 5418 sensu
1180 5363 1524 5433 intelligitur.
1547 5359 1682 5416 Nam
1714 5362 1942 5432 ﬁgurate
1976 5362 2083 5419 hoc

507 5451 648 5517 loco,
679 5455 722 5510 si
758 5469 1001 5525 unquam
1030 5455 1193 5519 alias,
1226 5471 1328 5510 vox
1368 5454 1651 5525 accipitur.

2179 4631 2255 4692 ὧν
2280 4637 2491 4698 ἐκεῖνος
2552 4631 2820 4701 ἔπραττεν
2874 4624 3155 4679 ἐπιϐάλλει
3204 4620 3539 4689 καταδίκην·
3582 4619 3677 4671 καὶ
3698 4617 3761 4685 δὴ

2182 4726 2277 4779 καὶ
2304 4724 2397 4778 ἐπὶ
2435 4722 2532 4793 μὲν
2564 4719 2674 4772 τῶν
2702 4718 2899 4780 ἄλλων,
2920 4714 3143 4768 σπονδαὶ
3167 4713 3381 4771 πάντως
3411 4710 3443 4777 ἢ
3480 4706 3575 4761 ἐπὶ
3598 4707 3767 4758 πολὺν

2182 4817 2217 4886 ἢ
2246 4814 2333 4867 ἐπ’
2389 4811 2568 4878 ὀλίγον
2600 4808 2952 4863 συνίστανται
2986 4804 3177 4875 χρόνον
3200 4814 3216 4831 ·
3248 4802 3305 4854 ἐν
3344 4800 3401 4853 δὲ
3433 4798 3512 4869 τῷ
3535 4797 3764 4865 παρόντι

2182 4906 2364 4977 λύτρῳ
2406 4903 2516 4959 οὐδ’
2562 4900 2776 4971 ἐπινοίᾳ
2834 4897 3021 4951 λαϐεῖν
3078 4894 3194 4947 ἔστι
3259 4892 3388 4963 ψιλῇ
3428 4889 3668 4943 τοιοῦτόν
3713 4903 3766 4937 τι

2182 4993 2619 5068 προενηγμένον,
2651 4991 2749 5045 καὶ⁵
2769 4990 2909 5043 πόσα
2948 4988 3085 5042 ἄλλα
3116 4984 3369 5039 τοιαῦτα·
3409 4982 3551 5034 ὥστε
3583 4979 3767 5049 χώραν

2182 5090 2211 5142 ό
2240 5089 2397 5156 λόγος
2448 5083 2832 5156 προτείνεσθαι
2875 5081 3123 5148 ἀνάγκην
3153 5078 3252 5130 οὐκ
3278 5075 3410 5145 ἔχει,
3458 5074 3518 5127 ὃν
3565 5072 3767 5141 τρόπον

2184 5183 2275 5236 ἐπὶ
2328 5177 2424 5233 τοῦ
2474 5177 2678 5248 κυρίως
2724 5175 2945 5230 δύναται
2986 5168 3389 5243 προϐάλλεσθαι
3435 5166 3670 5235 λύτρου·
3701 5164 3765 5215 ἐκ

2188 5272 2505 5345 μεταφορᾶς
2524 5270 2634 5341 γὰρ
2664 5267 2917 5333 ἐνταῦθα,
2933 5266 3092 5335 εἴπερ
3110 5261 3367 5331 ἀλλαχοῦ,
3391 5256 3766 5327 παρείληπται

2188 5368 2223 5437 ὴ
2248 5367 2421 5434 φωνή·

2047 5637 2279 5695 NOTAE.

592 5753 700 5829 ('59)
737 5754 1125 5829 Notandushic
1168 5756 1523 5816 Photiilocus
1552 5767 1771 5829 propter
1812 5758 2077 5815 famosam
2120 5758 2187 5815 de
2218 5758 2483 5828 sanguine
2513 5756 2717 5813 Christi
2771 5755 2892 5812 fuso
2960 5758 3228 5807 versatam
3266 5744 3405 5800 inter
3466 5740 3765 5797 catholicos

520 5824 801 5895 theologos
824 5826 1199 5895 qumstionem.
