4084 6440
377 366 479 437 181

1303 382 1406 443 AD
1442 380 2040 446 AMPHILOCIIIUM
2081 384 2434 453 OUIBSTIO
2466 390 2680 453 XXIV.

3548 387 3653 454 182

445 495 510 546 ε’.
541 489 649 544 Καὶ
672 490 832 562 δῆλον
857 493 934 557 ὡς
960 492 1023 548 οὐ
1046 494 1152 566 χρὴ
1187 494 1467 565 βιάζεσθαι
1500 498 1966 569 συνεψαρμόττειν

2137 505 2193 559 5.
2225 505 2482 563 Pﬂifecto
2506 516 2727 563 constat
2762 521 2876 562 non
2914 521 3040 564 esse
3072 504 3437 563 adnitendum
3496 517 3556 562 ut
3586 509 3659 565 ad

368 585 491 647 τοῖς
526 585 667 637 κατά
704 586 1019 657 μεταφορὰν
1066 587 1400 658 λεγομένοις,
1432 591 1534 643 ὃσα
1569 590 1787 653 πάντως
1825 607 1969 659 παρ-

374 675 614 729 έπεσθαι
648 676 807 730 εῐωθε
836 678 914 750 τῷ
942 680 1085 733 κατὰ
1107 678 1206 750 τὴν
1235 681 1330 733 ἀπ’
1356 681 1530 752 ἀρχῆς
1554 680 1703 733 θέσιν
1729 682 1826 751 τῆς
1848 699 1967 751 φω-

375 766 481 836 νῆς
512 767 885 839 ὠνομασμένῳ
916 785 930 799 ·
979 770 1061 824 δεῖ
1086 771 1195 841 γὰρ
1221 772 1303 835 είς
1331 771 1511 826 κοινὸν
1547 774 1848 839 ἀναγαγεῖν
1872 773 1968 825 τύ-

378 875 505 925 πον,
536 858 572 913 ἃ
601 859 697 913 νῦν
726 860 822 913 ἐπὶ
851 861 945 915 τοῦ
977 862 1342 933 προταθέντος
1371 863 1687 934 ἐγυμνάσθη
1724 863 1968 935 προϐλή-

378 967 553 1019 ματος
580 966 595 981 ⁶
653 951 729 1014 ὠς
771 950 839 1005 ἂν
879 954 1017 1024 πρὸς
1054 954 1225 1007 πολλὰ
1259 954 1345 1023 εῖη
1380 953 1488 1007 τῶν
1521 954 1692 1023 αὐτὴν
1737 953 1971 1023 ἀπορίαν

372 1041 712 1110 συνάγεσθαι
732 1043 1065 1114 δυναμένων,
1092 1046 1152 1112 ἐξ
1175 1045 1392 1116 ἑτοίμου
1415 1047 1509 1100 καὶ
1530 1045 1970 1120 καθολικωτέρας

366 1134 569 1202 ἐφόδου
595 1135 697 1206 τὴν
730 1135 882 1190 λύσιν
920 1137 1171 1205 ἐπάγειν,
1199 1138 1295 1191 καὶ
1333 1138 1394 1190 τὸ
1425 1138 1797 1209 συνταράττον
1829 1139 1971 1191 ἀπο-

365 1225 751 1292 σκευάζεσθαι
774 1271 788 1294 ,
823 1230 883 1283 ού
910 1228 1068 1283 τοῦτο
1094 1229 1151 1283 δέ
1178 1248 1341 1301 φημι,
1372 1230 1577 1299 ἄπαγε,
1605 1230 1681 1294 ὡς
1709 1233 1823 1295 τοῖς
1846 1247 1971 1302 τρο⁴

363 1320 561 1382 πικοῖς
598 1319 1024 1391 τῶνᾋυομάτων
1066 1321 1127 1375 ού
1165 1322 1246 1374 δεῖ
1274 1322 1576 1394 κεχρῆσθαι
1601 1340 1616 1355 ·
1666 1322 1969 1394 σύντροφος

361 1411 490 1482 γὰρ
519 1413 653 1482 ἡμῖν
700 1413 759 1465 ού
791 1413 924 1467 πολὺ
957 1413 1067 1467 τῶν
1093 1414 1298 1483 κυρίων
1324 1413 1546 1468 ἔλαττον
1568 1416 1601 1484 ή
1634 1417 1833 1486 χρῆσις
1867 1415 1965 1469 αύ-

363 1506 490 1559 τῶν
516 1522 531 1535 ο
562 1506 660 1560 καὶ
685 1508 741 1561 εἴ
774 1526 857 1571 τις
887 1508 1079 1577 ἀφέλοι
1122 1509 1328 1573 ταύτας
1364 1510 1429 1563 ἐκ
1456 1527 1517 1563 τε
1554 1512 1652 1581 τῆς
1681 1511 1785 1564 ἀνά
1814 1513 1971 1582 χεῖρα

364 1596 617 1666 ὁμιλίας,
674 1600 771 1652 καὶ
813 1599 871 1663 ἐξ
917 1599 1090 1669 αὐτῆς
1129 1617 1193 1671 γε
1232 1601 1340 1655 τῶν
1371 1602 1821 1673 συγγραμμάτων
1870 1605 1971 1670 τῆς

375 1688 699 1759 ἑρμηνείας,
735 1690 830 1743 καὶ
866 1690 1103 1760 μάλιστά
1133 1709 1198 1760 γε
1239 1692 1339 1757 τὰς
1366 1691 1567 1763 πολλὴν
1611 1692 1842 1763 ἐχούσας
1870 1694 1971 1764 τὴν

372 1781 671 1850 ὁμοιότητα
699 1783 792 1836 καὶ
825 1782 1101 1854 ἐγγύτητα
1130 1784 1267 1855 πρὸς
1292 1783 1390 1846 τὰς
1415 1784 1568 1838 ούδέν
1590 1784 1970 1856 τετραμμένον

376 1875 784 1943 παρεχομένας,
831 1877 932 1929 ούκ
964 1878 1057 1930 ἐπὶ
1105 1877 1240 1930 πολὺ
1276 1877 1499 1931 ἔλαττον
1537 1878 1619 1941 είς
1659 1878 1843 1931 στενὸν
1870 1895 1967 1931 κο·
2001 1855 2041 1909 Β

380 1964 512 2035 μιδῇ
554 1965 654 2036 τὴν
693 1965 801 2018 τῶν
853 1966 1027 2033 λόγων
1056 1967 1365 2035 συγκλείσει
1412 1967 1603 2038 χρείαν
1633 1982 1649 1997 ’
1690 1966 1766 2031 ὡς
1794 1966 1967 2020 πολλὰ

373 2054 491 2108 τῶν
528 2056 869 2127 πραγμάτων
915 2058 1038 2128 μηδ’
1081 2057 1227 2129 ἔχειν
1265 2058 1491 2129 ὀνόματι
1527 2057 1788 2129 δηλῶσαι,
1831 2056 1865 2128 ἢ
1918 2057 1973 2110 εῖ

372 2164 466 2210 τις
495 2146 589 2218 τὴν
616 2149 918 2219 κυριότητα
942 2149 1052 2203 τῶν
1080 2149 1363 2219 ὀνομάτων
1402 2154 1501 2220 τῆς
1524 2150 1801 2222 ἡμετέρας
1829 2150 1967 2221 χρή-

373 2256 521 2302 σεως
548 2240 837 2311 ὑπερόριον
867 2243 1079 2314 ποιήσει
1105 2241 1330 2296 ὀὔκουν
1349 2242 1652 2314 ἀχρηστίαν
1683 2242 1764 2296 ἔτι
1792 2256 1971 2295 κατα-

370 2328 669 2396 γινώσκειν
733 2331 843 2385 τῶν
866 2334 976 2386 ἀπὸ
996 2334 1093 2404 τῆς
1128 2336 1336 2406 τροπῆς
1364 2336 1464 2402 τὴν
1486 2336 1701 2403 γένεσιν
1730 2334 1965 2404 ἐχόντων

364 2420 658 2492 ὀνομάτων
691 2438 706 2453 ο
736 2422 853 2476 ἀλλ’
892 2426 1069 2478 ἐκεῖνο
1100 2425 1266 2497 φαίην
1296 2426 1364 2481 ἂν
1394 2425 1472 2490 ὡς
1502 2425 1701 2479 εἰδέναι
1737 2425 1841 2495 χρὴ
1872 2423 1965 2476 λέ-

368 2513 518 2579 ξεως
550 2515 747 2587 ἰδίωμα
781 2518 989 2589 κυρίως
1019 2536 1080 2572 τε
1103 2519 1405 2590 λεγομένης
1438 2521 1533 2573 καὶ
1571 2519 1713 2573 κατά
1740 2517 1969 2589 μετάθε-

369 2607 467 2661 σίν
492 2625 614 2662 τινα
642 2612 758 2672 τοῖς
785 2613 1111 2680 πράγμασιν
1146 2612 1531 2683 ἐπιτιθεμένης
1562 2626 1576 2641 °
1610 2613 1704 2665 καὶ
1731 2609 1967 2681 χρῆσθαι

372 2700 485 2770 μὲν
511 2702 629 2765 ταῖς
658 2702 866 2770 φωναῖς
901 2701 978 2766 ὡς
1007 2703 1294 2773 ἐπιτρέπει
1324 2702 1386 2756 τὸ
1417 2702 1566 2766 ἔθος,
1602 2702 1677 2773 μὴ
1714 2702 1967 2773 μέντοιγε

365 2790 451 2845 τά
477 2792 569 2845 ὑπ’
599 2791 780 2846 αὐτῶν
809 2793 1186 2864 σημαινόμενα
1208 2796 1289 2858 είς
1311 2797 1410 2866 τὴν
1434 2794 1606 2866 αὐτὴν
1634 2793 1694 2859 ἐξ
1721 2794 1970 2866 ἀνάγκης

371 2884 639 2952 συνάγειν
666 2901 727 2938 τε
772 2885 865 2939 καὶ
899 2886 1307 2940 συνδιαπλέκειν
1339 2887 1502 2957 φύσιν
1530 2903 1545 2918 ο
1579 2887 1830 2957 μεγάλων
1859 2888 1968 2957 γάρ

371 2976 582 3042 γένοιτ’
621 2977 691 3030 ἂν
723 2977 884 3032 τοῦτο
914 2979 1251 3048 σφαλμάτων
1281 2979 1450 3044 αἰτία,
1484 2980 1577 3033 καὶ
1622 2980 1849 3051 ἀπορίαι
1878 2979 1967 3033 δό-

379 3069 532 3133 ξουσι
568 3069 946 3141 προκύπτειν,
1001 3073 1237 3142 ἀπορίας
1288 3072 1385 3142 μὲν
1426 3074 1492 3143 τῇ
1532 3072 1763 3142 ἀληθείᾳ
1812 3070 1971 3141 λόγον

2072 598 2321 654 ordinem
2366 600 2865 670 metaphoricornm
2914 602 3199 655 trahamns
3228 616 3315 666 ca,
3346 616 3468 670 qua:
3504 615 3661 669 pror-

2071 706 2167 747 sus
2197 692 2397 746 sectari
2423 692 2600 746 solent
2618 692 2671 746 id
2688 691 2835 762 quod
2859 692 3188 762 appellatum
3224 692 3325 748 fuit
3353 693 3657 748 secundum

2071 781 2301 850 primam
2324 780 2476 836 vocis
2505 780 2857 850 positionem.
2884 779 3041 852 (Nam
3070 798 3159 836 me
3196 766 3329 851 jam“
3343 792 3557 852 oportet
3590 782 3660 837 ad

2070 872 2377 941 generalem
2406 872 2641 927 formam
2673 873 2918 942 redigere
2950 872 3004 926 id
3068 874 3215 943 quod
3268 873 3535 929 hactenus
3591 874 3662 929 de

2069 964 2351 1034 proposito
2382 963 2622 1019 themate
2682 964 2980 1034 disputavi.
3039 962 3129 1020 Sic
3179 966 3324 1020 enim
3370 966 3555 1020 licebit
3606 978 3661 1020 et

2070 1053 2193 1108 aliis
2215 1054 2420 1120 multis,
2445 1069 2567 1124 quae
2598 1055 2844 1109 eamdem
2875 1054 3283 1125 perplexitatem
3312 1070 3505 1111 creare
3535 1072 3662 1125 pos-

2070 1152 2228 1206 sent,
2275 1143 2527 1213 expedite
2575 1152 2629 1199 et
2672 1143 3051 1199 communiore
3083 1144 3297 1199 ratione
3327 1146 3659 1199 solutionem

2071 1234 2351 1298 adhibere,
2376 1244 2542 1304 atque
2572 1234 2965 1290 obscuritatem
2995 1238 3291 1307 avertere.)
3318 1237 3459 1291 Cave
3478 1245 3658 1291 autem

2073 1336 2254 1397 putes,
2287 1342 2372 1382 me
2404 1328 2694 1382 verborum
2722 1328 3229 1398 metaphoricorum
3284 1345 3442 1383 usum
3481 1331 3661 1383 inter-

2070 1422 2253 1475 dicere
2285 1437 2300 1473 :
2341 1429 2425 1475 est
2457 1419 2603 1473 enim
2642 1418 2801 1474 nobis
2822 1420 3019 1474 horum
3055 1420 3244 1474 innata
3285 1418 3659 1485 familiaritas,

2071 1530 2180 1568 non
2208 1512 2393 1568 minus
2432 1512 2829 1582 propemodum
2860 1528 3025 1583 quam
3054 1527 3244 1567 eorum
3280 1528 3402 1582 quae
3438 1513 3662 1582 proprio

2071 1623 2234 1663 sensu
2268 1606 2587 1663 eﬂeruntur.
2620 1607 2696 1661 Ac
2739 1607 2784 1661 si
2816 1607 2943 1676 quis
2982 1607 3102 1675 ejus
3152 1606 3369 1677 generis
3408 1606 3569 1660 verba
3596 1622 3663 1661 ex

2073 1701 2177 1753 hoc
2210 1700 2350 1769 ipso,
2385 1698 2479 1768 qui
2507 1699 2561 1751 in
2587 1697 2842 1753 manibus
2866 1707 2971 1764 est,
3025 1708 3279 1765 tractatu,
3320 1698 3403 1752 vel
3444 1714 3474 1752 a
3515 1697 3666 1752 Scri-

2072 1801 2352 1860 pturarum
2385 1790 2734 1844 enarratione
2773 1791 3132 1856 submoveat,
3174 1791 3473 1859 praesertim
3511 1791 3665 1845 valde

2072 1880 2273 1934 similia
2303 1895 2367 1934 ac
2397 1880 2648 1949 proxima
2680 1878 2811 1942 illis,
2845 1893 3081 1948 quorum
3112 1880 3296 1934 nullus
3320 1889 3511 1948 tropus
3541 1890 3663 1945 est;

2072 1973 2118 2027 is
2156 1973 2298 2026 haud
2331 1971 2508 2027 multo
2558 1971 2741 2027 secius
2784 1971 2953 2025 arctis
2994 1972 3289 2025 admodum
3316 1972 3516 2027 ﬁnibus
3545 1988 3666 2027 ser-

2071 2064 2250 2118 monis
2280 2078 2442 2118 usum
2475 2062 2786 2117 concludat.
2816 2062 2958 2128 Quin
2997 2062 3135 2117 adeo
3163 2064 3350 2118 multae
3390 2080 3479 2119 res
3514 2072 3666 2129 sunt,

2069 2167 2210 2222 quas
2240 2168 2307 2208 ne
2356 2152 2584 2206 nomine
2616 2151 2834 2221 quidem
2868 2152 3142 2223 appellare
3176 2168 3497 2219 possumus,
3558 2152 3667 2206 nisi

2068 2247 2379 2316 proprietas
2408 2246 2696 2300 nominum
2726 2244 2919 2315 procul
2947 2260 3047 2300 usu
3082 2244 3408 2314 quotidiano
3432 2244 3667 2300 submo-

2067 2347 2282 2393 veatur.
2318 2335 2461 2407 Ergo
2497 2352 2605 2391 non
2634 2336 2761 2391 licet
2796 2334 3111 2391 iuutilitatis
3141 2350 3405 2391 accusare
3436 2337 3668 2389 nomina

2068 2428 2329 2498 illa,qua3
2373 2442 2404 2481 a
2459 2426 2785 2496 metaphora
2839 2426 3109 2497 originem
3151 2425 3362 2481 ducunt
3394 2443 3406 2478 :
3442 2425 3538 2480 sed
3581 2425 3667 2478 vis

2066 2520 2252 2591 potius
2296 2517 2569 2589 cujusque
2620 2518 2874 2573 vocabuli
2936 2518 3323 2588 cognoscenda
3390 2528 3495 2580 est,
3556 2517 3672 2572 sive

2068 2614 2287 2685 proprie
2312 2611 2587 2682 usurpati,
2614 2612 2729 2666 sive
2748 2627 2874 2665 cum
2907 2610 3089 2680 aliqua
3123 2610 3483 2665 translatione
3504 2610 3672 2675 rebus

2067 2704 2332 2776 impositi.
2372 2704 2553 2773 Atque
2585 2702 2766 2776 verbis
2801 2701 3067 2756 utendum
3101 2711 3187 2757 est
3214 2710 3382 2771 prout
3425 2716 3669 2756 consue-

2074 2770 2208 2853 tudo
2246 2796 2374 2861 fert,
2410 2770 2520 2850 non
2554 2770 2989 2849 autem'illorum
3016 2770 3395 2862 signiﬁcantia
3427 2793 3494 2847 ad
3523 2808 3677 2847 eam.

2069 2890 2193 2945 dem
2228 2898 2485 2944 naturam
2516 2885 2847 2942 necessitate
2873 2885 3133 2956 cogenda:
3179 2897 3235 2939 et
3282 2885 3672 2940 convolveudae

2072 2990 2219 3037 sunt.
2250 2980 2393 3035 lliuc
2426 2980 2572 3035 enim
2606 2978 2786 3048 magni
2816 2978 3067 3033 orientur
3117 2992 3359 3044 errores,
3398 2993 3463 3031 ac
3495 2975 3667 3031 dubia

2073 3073 2279 3144 passim
2301 3081 2619 3142 emergent;
2656 3086 2778 3139 qua:
2805 3070 3026 3140 quidem
3068 3084 3253 3124 veram
3282 3070 3488 3123 nullam
3539 3083 3669 3138 per-

380 3160 570 3215 ούδένα
614 3161 1082 3234 προϐεὸλημέναι,
1117 3166 1185 3233 τῇ
1216 3163 1273 3216 δὲ
1302 3163 1379 3234 μὴ
1411 3165 1553 3217 κατά
1589 3163 1747 3230 λόγον
1775 3165 1973 3234 χρήσει

2081 3166 2391 3236 plexitatem
2425 3164 2797 3228 exhibebunt,
2838 3170 3219 3217 verumtamen
3253 3163 3324 3216 ob
3360 3162 3666 3216 absurdum

379 3256 496 3311 τῶν
549 3258 989 3327 σημαινομένων,
1020 3258 1080 3309 ού
1123 3257 1258 3328 πρὸς
1292 3258 1512 3327 ἐτέρους
1545 3256 1746 3326 μᾶλλον
1789 3257 1822 3327 ἦ
1852 3256 1975 3309 καθ’

381 3348 597 3402 ἑαυτῶν
626 3348 736 3402 τῶν
754 3348 900 3402 οῦτω
920 3348 1218 3419 χρωμένων
1246 3352 1365 3413 ταῖς
1388 3351 1594 3418 φωναῖς
1617 3348 1718 3420 τὴν
1743 3346 1980 3419 ἀπορίαν

379 3442 407 3491 ἐ
419 3441 750 3495 πινοούντων
760 3482 774 3496 .

459 3540 535 3600 ς’.
564 3534 771 3587 Αὐτίκα
798 3534 1082 3605 μάρτυρας
1104 3531 1379 3602 καλοῦμεν
1404 3533 1531 3595 τοὺς
1561 3532 1981 3603 ύπεραθλήσαν-

386 3643 491 3689 τας
520 3626 782 3696 Χριστοῦ,
817 3628 910 3680 καὶ
938 3627 1004 3681 τὰ
1033 3627 1241 3695 αἵματα
1270 3626 1449 3678 αὐτῶν
1475 3626 1843 3695 προσαγαγεῖν
1875 3642 1981 3694 φα-

392 3715 496 3784 μέν
520 3714 599 3785 τῷ
626 3716 747 3788 Θεῷ
776 3717 956 3779 καλῶς
983 3734 1045 3781 γε
1088 3716 1182 3770 καὶ
1205 3715 1428 3779 δικαίως
1459 3731 1473 3746 ο
1501 3714 1619 3769 ἀλλ’
1648 3716 1712 3768 ἐκ
1748 3732 1984 3785 μεταφοο

393 3807 496 3876 pl;
517 3807 625 3859 τῶν
653 3808 935 3877 ὀνομάτων
962 3809 1221 3877 ἑκάτερον
1245 3807 1465 3875 λέγεται
1484 3821 1499 3837 ⁸
1533 3806 1641 3860 ἀπὸ
1670 3807 1800 3876 γὰρ,
1833 3805 1926 3866 οὓς
1947 3805 1981 3874 ἡ

394 3897 647 3952 πολιτεία
682 3899 965 3970 μάρτυρας
1012 3900 1198 3952 καλεῖν
1237 3897 1375 3951 οἶδεν
1404 3898 1454 3951 οἳ
1492 3898 1749 3968 πάρεισιν
1775 3899 1866 3949 ἐπὶ
1896 3898 1985 3967 βε-

392 3990 625 4045 ϐαιώσει
652 3992 752 4063 τῆς
787 3994 932 4045 κατά
964 3993 1055 4044 τὴν
1107 3991 1222 4061 βίον
1257 3990 1538 4061 ἀληθείας,
1580 3991 1675 4044 καὶ
1701 3990 1886 4043 πίστιν
1915 3990 1984 4043 δι’

392 4078 471 4137 ὧν
506 4086 686 4137 ῖσασιν
719 4084 987 4151 ἐπάγουσι
1011 4086 1124 4148 τοῖς
1153 4083 1615 4155 προτεινομένοις,
1643 4082 1751 4135 ἀπὸ
1774 4082 1981 4136 τούτων

392 4177 491 4229 καὶ
519 4176 648 4239 τοὺς
688 4175 786 4246 τῆς
822 4175 1103 4238 εὐσεϐείας
1126 4174 1436 4243 ἀγωνιστάς
1467 4171 1809 4243 ὀνομάζομεν
1844 4172 1989 4242 μάρ-

394 4285 567 4340 τυρας
598 4284 614 4299 ο
651 4268 746 4321 καὶ
800 4268 910 4339 γὰρ
947 4267 1023 4330 ὡς
1052 4267 1268 4338 άληθῶς
1309 4260 1458 4320 οὗτοι
1491 4265 1591 4335 τὴν
1623 4264 1988 4317 ἐνυπόστατον

396 4360 777 4429 θεολογοῦντες
809 4360 1086 4432 ἀλήθειαν,
1126 4360 1359 4413 ἐνώπιον
1398 4359 1678 4429 τυράννων
1700 4358 1795 4410 καὶ
1824 4357 1987 4427 βασι-

395 4453 535 4508 λέων
564 4452 955 4524 ὲμαρτύρησαν
974 4468 987 4482 ·
1032 4452 1127 4506 καὶ⁸
1156 4452 1548 4523 προσενεγκεῖν
1594 4448 1776 4501 αὐτῶν
1804 4447 1876 4500 τὰ
1904 4447 1990 4500 αἶα

401 4562 550 4616 ματα.
577 4520 656 4613 τῷ
681 4520 904 4615 Χριστῷ
928 4560 1131 4613 φαμεν,
1168 4520 1589 4614 μετενεγκόντες
1612 4540 1715 4611 τὴν
1745 4556 1987 4614 προσφο-
2018 4543 2064 4599 Ι)
2094 4520 2279 4577 ῑθδιίὶῑί
2313 4535 2415 4575 8"“

400 4635 504 4706 ράν
533 4637 628 4705 ἀφ’
656 4628 731 4690 ὧν
761 4652 819 4689 τε
849 4635 1016 4687 ’Ἅϐελ
1042 4635 1294 4695 όδίκαιος
1332 4632 1401 4687 τά
1437 4632 1546 4685 τῶν
1576 4631 1758 4702 ἀρνῶν
1794 4632 1989 4683 ἐστεαο

398 4728 642 4798 τωμένα,
688 4730 783 4782 καὶ
840 4729 1097 4799 ’Δόραάμ
1142 4728 1212 4780 τὰ
1257 4727 1691 4797 διχοτομήματα,
1727 4724 1822 4777 καὶ
1864 4723 1991 4787 τοὺς

399 4823 602 4895 ἄρτους
640 4822 733 4876 καὶ
759 4821 852 4875 τὸν
875 4818 1017 4875 οἶνον
1042 4821 1071 4873 ὁ
1111 4819 1446 4890 Μελχισεδὲκ
1477 4817 1556 4888 τῷ
1612 4817 1865 4889 ’Δϐραάμ
1892 4832 1909 4847 ο
1941 4816 1991 4868 εἰ

404 4914 589 4985 βούλει
624 4914 680 4968 δὲ
709 4916 801 4968 καὶ
832 4914 933 4985 τὴν
965 4914 1202 4982 δεκάτην
1223 4913 1301 4983 τῷ
1328 4911 1663 4982 Μελχισεδὲκ
1697 4912 1726 4963 ό
1764 4910 1994 4981 προσδε-

400 5004 1070 5075 ξιωθεὶς.προσενήνοχε·
1124 5004 1221 5057 καὶ
1267 5002 1427 5072 δῆλον
1475 5002 1550 5065 ὡς
1602 5001 1836 5063 ἕκαστος
1879 5000 1992 5054 τῶν

401 5094 917 5165 προσενεγκάντων,
974 5095 1160 5166 ἓτερον
1204 5094 1552 5164 προσήνεγκε
1593 5092 1727 5163 παρ’
1772 5091 1988 5154 ἐαυτὸν,

400 5189 496 5241 καὶ
528 5186 698 5257 μηδὲν
740 5185 965 5257 ἀνιαρὸν
1005 5186 1394 5254 ὑφιστάμενος,
1424 5182 1544 5236 ούδέ
1574 5201 1627 5236 τι
1668 5182 1777 5236 τῶν
1815 5180 1992 5252 μελῶν

400 5278 871 5349 περικοπτόμενος
899 5296 915 5311 ο
961 5280 1009 5333 οῖ
1050 5278 1107 5331 δὲ
1140 5278 1234 5332 τοῦ
1278 5276 1517 5348 Χριστοῦ
1554 5275 1831 5346 μάρτυρες
1867 5272 1991 5326 οὔτε

398 5388 455 5423 τι
499 5371 904 5441 κεχωρισμένον
941 5372 1359 5442 προσήνεγκαν,
1387 5369 1497 5423 οὐδ’
1541 5368 1773 5431 ἀπαθεῖς
1813 5367 1873 5420 τὸ
1894 5366 1995 5421 σῶ-

404 5481 484 5533 μα
512 5464 918 5534 προσφέροντες
953 5463 1178 5532 ἔμειναν
1210 5478 1221 5491 ·
1263 5461 1380 5516 ἀλλ’
1417 5462 1536 5515 οὐδὲ
1569 5460 1861 5529 κληθέντες
1889 5458 1995 5511 ύπό

400 5570 570 5617 τινος,
607 5555 907 5624 μαρτυρεῖν
937 5554 1328 5625 ἐφεστήκασιν,
1361 5552 1476 5606 ἀλλ’
1504 5551 1824 5621 αὐτοκλήτῳ
1854 5547 1995 5617 γνὼ-

407 5648 485 5717 μή
530 5645 631 5716 τὴν
681 5644 1006 5716 θαυμαστὴν
1038 5646 1255 5716 ἐκείνην
1285 5645 1381 5698 καὶ
1407 5642 1657 5711 θεόλογον
1685 5640 1998 5713 μαρτυρίαν

403 5736 797 5807 ἐμαρτύρησαν
830 5752 844 5765 ⁸
877 5737 930 5789 εἴ
952 5754 1037 5800 τις
1063 5736 1156 5790 οῦν
1186 5736 1262 5807 μὴ
1292 5734 1599 5797 διαστείλας
1639 5734 1708 5786 τὰ
1739 5732 1833 5785 τοῦ
1866 5731 1996 5803 μάρ-

403 5846 568 5901 τυρος
590 5830 966 5901 σημαινόμενα
990 5871 1005 5898 ,
1032 5829 1127 5884 ἐπὶ
1161 5828 1392 5902 θατέρου
1424 5827 1491 5883 τὰ
1520 5826 1615 5882 τοῦ
1639 5827 1825 5894 ἐτέρου
1860 5842 1996 5896 συμ-

2082 3258 2491 3327 signiﬁcatuum
2515 3270 2676 3309 usum
2700 3295 2717 3322 ,
2753 3255 2803 3307 hi
2843 3254 2937 3323 qui
2974 3256 3046 3308 ita
3072 3253 3337 3307 vocabula
3376 3260 3671 3322 usurpant,

2083 3362 2191 3401 non
2228 3356 2337 3402 tam
2382 3346 2505 3400 aliis
2536 3359 2700 3414 quam
2738 3343 2839 3398 sibi
2869 3343 3243 3398 dubitationes
3273 3344 3561 3398 creabunt.

2153 3509 2204 3564 6.
2239 3508 2486 3577 Exempli
2507 3507 2678 3577 gratia
2699 3514 2865 3559 testes
2895 3503 3212 3574 (martyres)
3240 3502 3546 3557 vocitamus
3576 3517 3674 3557 eos

2084 3604 2179 3675 qui
2210 3618 2307 3673 pro
2331 3600 2552 3655 Christo
2574 3607 2854 3675 certamen
2885 3596 3199 3660 subierunt,
3223 3609 3428 3664 eosque
3454 3596 3677 3664 sangui-

2087 3712 2209 3749 nem
2244 3708 2407 3748 suum
2446 3690 2716 3746 obtulisse
2756 3688 2867 3742 Deo
2889 3688 3147 3742 dicimus.
3170 3684 3441 3741 Praeclare
3470 3685 3521 3739 id
3552 3685 3679 3754 qui-

2086 3786 2211 3841 dem
2235 3793 2290 3840 ct
2318 3784 2515 3838 merito
2546 3799 2559 3835 :
2594 3781 2687 3835 sed
2731 3789 2913 3833 tamen
2953 3778 3073 3833 sine
3112 3778 3433 3848 metaphora
3481 3784 3679 3829 neutra

2089 3877 2294 3933 locutio
2340 3884 2442 3931 est.
2480 3873 2615 3928 Nam
2670 3871 2799 3943 quia
2847 3870 3068 3941 politica
3121 3868 3465 3923 consuetudo
3512 3876 3680 3921 testes

2094 3970 2333 4041 appellat
2377 3982 2474 4023 eos
2517 3966 2611 4036 qui
2654 3964 2721 4018 ad
2758 3960 3195 4018 conﬁrmandam
3234 3960 3679 4031 quotidianarum

2091 4078 2274 4118 rerum
2306 4060 2594 4117 veritatem
2622 4057 2844 4120 adsunt,
2885 4055 3158 4123 iidemque
3192 4061 3463 4124 quatenus
3497 4051 3682 4107 sciunt

2091 4151 2441 4223 suppeditant
2489 4148 2696 4219 judicio
2752 4143 3116 4206 certantibus,
3172 4143 3394 4205 horum,
3430 4142 3678 4210 inquam,

2092 4243 2343 4313 exemplo
2370 4239 2654 4311 religionis
2686 4251 2909 4308 quoque
2954 4233 3178 4290 athletis
3226 4233 3446 4287 testium
3479 4247 3680 4285 nomen

2093 4334 2480 4408 imposuimus.
2514 4330 2728 4385 Etenim
2766 4330 2821 4383 hi
2858 4342 3049 4383 revera
3082 4326 3504 4381 substantialem
3535 4322 3678 4378 veri-

2094 4442 2257 4487 tatem
2288 4426 2590 4495 theologica
2608 4424 2862 4479 oratione
2884 4436 3071 4477 coram
3098 4420 3350 4492 tyrannis
3370 4433 3433 4472 ac
3456 4418 3680 4487 regibus

2424 4528 2464 4572 t.
2501 4515 2725 4585 Hosque
2774 4512 3043 4567 obtulisse
3084 4510 3310 4564 Christo
3359 4510 3679 4578 sanguinem

2094 4618 2351 4680 dicimus,
2384 4609 2705 4680 metaphora
2735 4605 3033 4661 oblationis
3065 4620 3131 4659 ex
3161 4602 3492 4673 Abelejusto
3527 4616 3682 4655 sunt-

2094 4720 2207 4780 pta,
2243 4707 2337 4778 qui
2378 4706 2613 4760 arietum
2645 4701 2870 4770 adipes;
2903 4710 2958 4753 et
2988 4714 3056 4752 ex
3102 4695 3438 4757 Abrahamo,
3467 4694 3560 4762 qui
3593 4693 3682 4747 di-

2092 4802 2241 4855 visas
2262 4812 2487 4863 carnes;
2513 4809 2613 4850 nec
2636 4808 2744 4848 non
2766 4807 2799 4847 a
2824 4789 3236 4851 Melchisedcco,
3257 4785 3680 4856 quiAbrahamo

2094 4909 2264 4966 panes
2297 4900 2353 4947 et
2384 4889 2573 4944 viuum
2606 4885 2840 4950 obtulit;
2872 4884 2982 4937 imo
3021 4881 3166 4937 etab
3202 4881 3308 4935 hoc
3340 4879 3433 4949 qui
3494 4892 3682 4933 susce-

2095 4998 2314 5060 ptarum
2339 5000 2521 5040 rerum
2559 4981 2802 5037 decimas
2832 4976 3228 5033 Melchisedeco
3258 4972 3525 5028 attribuit.
3546 4974 3681 5025 Cer-

2095 5081 2281 5135 nimus
2309 5087 2488 5132 autem
2523 5073 2769 5145 singulos
2810 5071 2915 5125 hos
2951 5084 3067 5125 rem
3114 5085 3143 5123 a
3174 5067 3371 5137 seipsis
3405 5067 3681 5121 diversam

2094 5174 2394 5237 obtulisse,
2441 5169 2577 5225 nihil
2611 5168 2903 5223 molestum
2952 5178 3188 5233 passos,
3249 5160 3521 5230 nullisque
3564 5158 3681 5215 suis

2095 5264 2361 5321 membris
2388 5263 2628 5318 amissis.
2677 5259 2844 5330 Atqui
2877 5258 3081 5313 Christi
3122 5266 3393 5327 martyres
3441 5253 3576 5307 nihil
3611 5253 3681 5307 ab

2095 5375 2155 5415 se
2181 5359 2419 5412 alienum
2450 5355 2840 5418 exhibuerunt,
2871 5366 3048 5421 neque
3077 5350 3207 5405 dum
3254 5348 3305 5402 id
3348 5346 3681 5403 sacriﬁcium

2096 5452 2363 5515 lacerent,
2391 5446 2689 5503 incolumia
2718 5459 2950 5513 corpora
2978 5442 3339 5498 retinuerunt.
3368 5439 3473 5495 Sed
3504 5452 3684 5507 neque

2097 5545 2167 5600 ab
2216 5543 2402 5613 aliquo
2438 5539 2695 5612 postulati
2751 5535 3067 5592 testimonio
3097 5533 3332 5589 dicendo
3365 5529 3681 5595 adfuerunt,

2099 5650 2292 5691 verum
2333 5633 2438 5702 ipsi
2466 5640 2772 5703 spontaneo
2794 5628 3026 5685 consilio
3054 5628 3255 5681 mirum
3288 5624 3421 5681 illud
3470 5622 3682 5678 theolo-

2102 5729 2398 5798 gicumque
2422 5724 2796 5782 testimonium
2835 5724 3205 5792 prmbuerunt.
3259 5717 3317 5773 Si
3359 5716 3484 5787 quis
3521 5714 3683 5785 igitur

2105 5820 2441 5879 indistinctis
2476 5818 2730 5877 vocabuli
2774 5817 2920 5872 testis
2963 5812 3395 5887 signiﬁcatibus,
3437 5805 3684 5865 alterutri
