4084 6446
511 373 618 436 183

1670 368 1931 430 PIIOTll
1966 370 2086 431 PA']

2190 372 2477 433 ,ARCIIE
2517 374 2630 436 ΟΡ.
3706 372 3796 445 184

505 487 559 540 id
589 481 1031 539 accommodabit
1081 479 1225 550 quod
1274 479 1507 537 alterius
1547 490 1670 544 est,
1718 497 1903 537 nonne
1932 498 2086 539 aures

2197 486 2445 550 διδάξειν
2468 486 2858 556 φιλονεικήσει,
2888 482 2976 556 ἆρ’
3007 487 3109 540 οὐκ
3133 486 3407 558 ἐκπλήσει
3444 486 3697 557 ἀποριῶν
3739 494 3798 544 τά

502 578 904 647 imperitiorum
935 574 1336 645 quaestionibus
1358 576 1659 630 onerabit?
1702 573 1887 646 Neque
1917 577 2086 632 minus

2204 575 2319 631 ὦτα
2353 578 2462 631 τῶν
2502 579 2859 649 ἀπειρότερον
2906 580 3245 646 ἀκουόντων;
3278 579 3526 651 σφαλείη
3561 580 3619 634 δέ
3661 583 3803 637 οὐδὲν

503 672 624 740 ipse
652 684 711 725 se
735 668 907 733 fallet,
954 668 1084 722 dum
1116 682 1176 723 se
1203 667 1565 736 quaestionem
1612 668 1663 722 in
1692 669 1931 724 medium
1968 685 2097 739 pro-

2202 671 2426 724 ἔλαττον
2447 671 2608 735 αὐτὸς
2636 671 2875 741 ἀπορίαν
2905 671 3153 742 οἰόμενος
3181 672 3583 744 προκομίζεινι
3606 675 3674 743 ἦν
3714 676 3802 745 οὒκ

498 763 643 817 ferre
663 759 957 831 iudicabit,
986 775 1155 829 quam
1189 774 1382 830 reapse
1426 775 1534 814 non
1578 776 1760 815 rerum
1807 760 2086 816 diﬂiculta:

2203 762 2237 832 ἡ
2267 761 2376 813 τῶν
2407 762 2748 832 πραγμάτων
2776 762 3031 819 δυσκολία
3056 764 3351 834 παρέσχεν,
3378 764 3509 818 ἀλλ’
3532 766 3569 833 ἡ
3601 765 3803 819 ἐκείνου

497 853 744 917 exhibet,
764 853 859 907 sed
884 850 1060 922 ipsius
1090 851 1347 922 imperita
1367 852 1762 907 vocabulorum
1785 853 2096 923 usurpatio.

498 944 651 999 Dicet
674 945 824 999 enim
859 944 949 999 hic
983 944 1174 1006 etiam,
1207 951 1268 997 ut
1288 942 1448 999 facile
1469 953 1624 1015 puto,
1662 944 1708 1000 si
1756 952 1925 999 testes
1960 959 2097 1000 san-

494 1038 715 1106 guinem
743 1035 1014 1103 offerunt,
1071 1036 1201 1107 quis
1237 1037 1385 1091 hunc
1424 1037 1660 1107 recipit?
1720 1035 1779 1092 Si
1820 1037 2096 1102 Christus,

503 1127 789 1196 quomodo
812 1127 920 1181 dici
962 1136 1143 1197 potest
1174 1128 1416 1184 clemens
1466 1129 1554 1183 hic
1589 1129 1954 1200 sanguinibus
1996 1131 2097 1185 bo-

501 1219 714 1274 ininum
743 1219 1053 1275 delectari?
1095 1220 1153 1274 Si
1182 1219 1436 1277 diabolus
1483 1223 1711 1292 rcc‘cpit,
1768 1238 2000 1278 curnam
2057 1223 2093 1277 ii

495 1310 808 1366 Voluissent
836 1327 996 1367 suum
1042 1314 1187 1369 hosti
1229 1314 1554 1385 sanguinem
1593 1314 1800 1368 libare?
1855 1315 2091 1370 Ubinam

496 1416 629 1458 vero
645 1402 838 1472 judex,
872 1405 967 1474 qui
1002 1422 1161 1475 aequo
1185 1406 1311 1476 jure
1341 1407 2095 1481 cumdisceptantibusagat?

501 1495 880 1565 Disceptatites
905 1508 1109 1565 autem,
1148 1515 1383 1569 quorum
1421 1501 1671 1555 alterutri
1702 1501 1859 1559 testis
1896 1502 1965 1557 ad
2004 1504 2090 1559 vi-

494 1590 722 1643 ctoriam
748 1591 1128 1645 testimonium
1158 1592 1275 1657 dat,
1310 1593 1537 1663 quinam
1568 1594 1737 1649 sunt?

566 1682 620 1737 7.
655 1681 950 1737 lnnumera
978 1683 1251 1751 ejusmodi
1282 1700 1310 1738 a
1342 1685 1650 1741 forensibus
1676 1687 1909 1743 testibus
1937 1702 2088 1742 sum-

495 1782 584 1842 pta
617 1775 686 1828 ad
720 1789 917 1830 sacros
953 1775 1247 1831 transferet
1290 1786 1454 1832 testes
1479 1817 1494 1841 ,
1534 1779 1858 1849 quicunque
1902 1781 2087 1849 inepto

2200 853 2311 906 τῶν
2333 854 2617 921 ὀνομάτων
2648 854 2745 907 οὐκ
2774 855 2833 906 ἐν
2865 853 3064 922 γνώσει
3092 856 3478 927 μεταχείρισις
3500 873 3517 886 ⁸
3548 858 3671 927 ἐρεῖ
3705 858 3809 930 γάρ

2206 942 2487 997 κάνταῦθα
2522 946 2674 1015 ῥᾷον,
2715 944 2838 997 Τῶν
2869 944 3167 1016 μαρτύρων
3212 947 3719 1022 προσενεγκάντων
3750 949 3808 1002 τὸ

2197 1030 2360 1104 αἷμα,
2398 1036 2479 1099 τίς
2519 1038 2548 1088 6
2576 1035 3054 1106 προσδεξάμενος;
3099 1037 3163 1089 Εἰ
3195 1055 3293 1107 μεν
3318 1040 3434 1110 γάρ
3474 1039 3508 1091 6
3552 1042 3803 1111 Χριστὸς,

2197 1128 2293 1179 καὶ
2323 1127 2442 1191 πῶς
2474 1130 2502 1180 6
2530 1128 2914 1199 φιλάνθρωπος
2940 1128 3250 1199 ἀνθρώπων
3284 1132 3531 1201 αῖμασιν
3558 1134 3805 1201 ἐπαγάλ-

2196 1217 2387 1285 λεται;
2418 1218 2468 1271 εἰ
2498 1219 2544 1273 δ’
2574 1222 2603 1273 6
2626 1219 2881 1290 πονηρὸς,
2912 1221 3008 1273 καὶ
3039 1221 3156 1284 πῶς
3183 1223 3491 1294 ἠνέσχοντο
3522 1226 3607 1296 τῷ
3630 1226 3807 1298 ἐχθρῷ

2194 1309 2256 1362 τὸ
2289 1310 2491 1364 οίκεῖον
2512 1306 2654 1381 αἷμα
2682 1312 3013 1367 σπείσασθαι
3040 1333 3055 1379 ;
3084 1313 3187 1367 ποῦ
3210 1316 3255 1369 δ’
3286 1320 3314 1370 6
3345 1321 3583 1387 κριτὴς,
3621 1319 3680 1381 ὃς
3715 1322 3809 1390 τὴν

2195 1398 2319 1470 ίσην
2350 1400 2577 1471 γνώμην
2615 1405 2729 1463 τοῖς
2763 1403 3107 1474 κρινομένοις
3146 1406 3463 1476 διένειμενς
3499 1410 3555 1461 οἱ
3590 1410 3649 1462 δὲ
3691 1427 3806 1479 κρι-

2193 1492 2428 1561 νόμενοι,
2465 1488 2539 1548 ὧν
2586 1497 2614 1549 ό
2642 1497 2851 1567 μάρτυς
2894 1496 3109 1569 θατέρῳ
3157 1498 3257 1570 τὴν
3300 1502 3393 1554 ἐπὶ
3455 1503 3593 1573 νίκῃ
3637 1504 3808 1574 ῥοπὴν

2193 1588 2499 1655 παρασχεῖν
2519 1588 2815 1658 ἐφέστηκε,
2851 1590 3032 1651 τίνεες

2264 1674 2332 1738 ζ’.
2364 1676 2475 1729 Καὶ
2497 1678 2639 1730 πόσα
2667 1678 2733 1731 ἀν
2765 1696 2849 1742 τις
2895 1679 3125 1733 τοιαῦτα
3163 1680 3348 1735 λαϐὼν
3382 1683 3503 1735 ἀπὸ
3526 1683 3645 1736 τῶν
3668 1685 3803 1737 κατά

2190 1769 2289 1839 τὴν
2320 1769 2598 1822 πολιτείαν
2630 1771 2923 1841 μαρτύρων
2950 1773 3041 1825 ἐπὶ
3073 1776 3200 1837 τοὺς
3231 1774 3528 1842 θεολόγους
3552 1775 3800 1829 διαϐιϐά-

497 1865 685 1920 studio
734 1868 1098 1937 quastionum
1144 1875 1382 1934 tenetur,
1434 1879 1526 1924 aut
1562 1886 1724 1940 quem
1762 1872 1816 1925 in
1853 1886 1912 1927 re
1943 1873 2086 1928 seria

2194 1875 2306 1911 σειε
2339 1863 2647 1930 μάρτυρας,
2680 1855 2724 1928 ᾧ
2763 1864 2996 1932 φορυτὸς
3028 1865 3169 1934 ἔρως
3202 1866 3477 1936 ἀποριῶν,
3507 1868 3609 1919 καὶ
3642 1868 3801 1936 μυθο-

496 1956 714 2012 fabulas
746 1957 1027 2014 venditare
1057 1971 1153 2016 aut
1184 1961 1359 2031 jocari
1391 1979 1497 2018 non
1535 1966 1716 2033 pudet.
1762 1966 1929 2035 Atqui
1963 1982 2089 2037 per-

492 2046 673 2103 facilis
702 2048 912 2104 solutio
942 2059 1047 2118 est,
1074 2051 1121 2105 si
1149 2052 1217 2107 ad
1251 2054 1483 2122 primam
1509 2055 1921 2111 dubitationum
1956 2074 2078 2128 spe-

491 2139 633 2195 ciem
670 2140 921 2199 dicamus
945 2184 960 2211 ,
1009 2144 1291 2199 Christum
1327 2148 1550 2217 quidem
1584 2149 1727 2203 haud
1757 2152 2086 2206 athletarum

492 2249 691 2290 cruore
721 2236 816 2291 sed
851 2246 1035 2293 mente
1074 2238 1440 2304 delectatum,
1493 2242 1695 2297 caedem
1727 2259 1917 2298 eorum
1953 2260 2088 2301 san-

490 2324 826 2396 guinemque
856 2327 1185 2384 exhaustum
1217 2332 1511 2402 recepisse.
1548 2332 1738 2403 Neque
1770 2336 1931 2391 facile
1974 2337 2084 2391 mi-

490 2431 599 2470 nus
626 2416 783 2473 dicas
804 2458 819 2482 ,
856 2433 1029 2475 caesos
1071 2420 1244 2476 fuisse
1276 2436 1376 2491 pro
1406 2423 1629 2479 Christo
1657 2434 1823 2482 testes
1869 2436 1924 2482 et
1952 2443 2086 2483 san-

490 2508 711 2579 guinem
745 2510 1039 2580 effudisse;
1100 2513 1155 2569 id
1215 2516 1364 2570 enim
1419 2519 1642 2587 proprie
1690 2519 1914 2587 dicitur,
1975 2537 2085 2577 non

493 2600 747 2668 figurate.
786 2600 992 2658 Verum
1032 2605 1303 2661 dictiones
1355 2606 1656 2662 obtulerunt
1700 2620 1755 2665 et
1795 2613 2083 2680 oﬂ'ercbant

489 2698 546 2744 et
580 2691 700 2746 alia:
730 2692 1045 2762 ejusmodi,
1094 2696 1150 2750 in
1198 2698 1380 2752 verbis
1421 2700 1701 2756 translatis
1732 2704 2088 2759 numeranda:

490 2790 644 2837 sunt.
682 2781 873 2853 Neque
906 2785 1073 2854 igitur
1106 2790 1482 2844 necessarium
1523 2801 1607 2846 est
1639 2795 1929 2863 exquirere
1968 2798 2089 2852 cui-

490 2886 618 2925 nam
679 2872 979 2928 obtulerint
1015 2893 1029 2931 :
1063 2877 1224 2932 sicuti
1280 2878 1417 2932 nihil
1468 2895 1605 2950 Opus
1670 2892 1755 2937 est
1817 2900 2085 2953 quzerere,

489 2977 731 3031 quonam
763 2964 798 3017 ii
824 2977 986 3034 pacto
1006 2967 1112 3022 dici
1141 2980 1349 3038 queant
1382 2972 1671 3039 obtulisse,
1698 2990 1935 3044 quorum
1962 2992 2089 3032 cor-

489 3073 627 3127 pora
678 3060 955 3116 exhausto
987 3066 1257 3135 sanguine
1290 3068 1604 3122 exanimata
1658 3069 1901 3124 fuerunt.
1938 3071 2087 3138 Quo-

488 3152 653 3203 modo
686 3153 832 3207 enim
865 3152 1164 3221 offerrent,
1206 3172 1331 3213 cum
1365 3160 1500 3213 nihil
1552 3176 1581 3214 a
1636 3178 1696 3216 se
1759 3163 2081 3219 distim-tum
2110 3192 2153 3252 ο

487 3242 770 3310 afferrent,
807 3262 969 3302 secus
1001 3264 1066 3303 ac
1116 3248 1176 3304 fit
1204 3250 1397 3305 abillis
1425 3252 1518 3321 qui
1560 3254 1781 3323 proprie
1813 3255 2085 3311 offerunt?

489 3332 643 3401 llaec,
679 3338 931 3407 inquam,
959 3342 1145 3395 omnia
1182 3350 1467 3412 tantopere
1493 3345 1695 3399 absunt
1725 3361 1754 3399 a
1781 3345 1956 3401 forma
1984 3347 2089 3403 du-

487 3426 738 3494 bitativa,
768 3438 827 3483 ut
849 3430 1123 3501 negligere
1164 3434 1340 3487 satius
1382 3436 1475 3499 sit,
1503 3450 1568 3488 ne
1601 3434 1741 3490 forte
1768 3437 1865 3490 tibi
1903 3437 2087 3492 videa-

485 3533 611 3573 mur
646 3537 750 3574 non
784 3519 1056 3576 immerito
1082 3522 1538 3592 reprehendendi,
1575 3528 1703 3595 quia
1733 3541 1859 3581 cum
1898 3529 2090 3583 luden-

491 3611 639 3666 tibus
668 3612 1018 3667 dimicemus.
1057 3612 1197 3667 Nam
1229 3614 1392 3669 sicuti
1454 3615 1512 3669 in
1577 3632 1637 3671 re
1690 3619 1833 3671 seria
1892 3620 2088 3675 ludere

488 3702 742 3757 insanum
774 3713 878 3769 est,
921 3703 1002 3757 sic
1032 3704 1088 3758 in
1128 3705 1378 3762 ridiculis
1430 3707 1577 3763 serio
1625 3723 1786 3780 agere
1832 3710 2089 3782 dignissi-

489 3811 639 3849 mum
664 3797 776 3850 risu
796 3806 899 3851 est.
932 3795 988 3851 Si
1018 3813 1140 3868 qua:
1162 3815 1290 3855 vero
1309 3800 1617 3856 locutiones
1644 3804 1845 3857 absunt
1865 3806 2085 3875 quidem

488 3902 521 3946 a
562 3886 845 3942 manifesta
884 3888 1255 3957 absurditate,
1312 3909 1491 3962 neque
1544 3906 1717 3949 semet
1768 3896 1900 3966 ipsa:
1940 3897 2087 3953 refu-

492 3990 644 4048 tant,
705 3981 801 4036 sed
855 3992 1037 4036 tamen
1077 3986 1547 4053 perturbationem
1592 3989 2087 4063 confusionemque

490 4072 790 4131 multorum
829 4072 1061 4130 auribus
1093 4087 1311 4144 creant,
1356 4077 1675 4135 hominibus
1711 4081 1965 4138 videlicet
1990 4082 2085 4153 qui

489 4165 803 4222 discernere
854 4167 1109 4223 nesciunt
1145 4171 1313 4226 verba
1364 4181 1524 4243 tropo
1574 4175 1853 4240 carentia,
1902 4176 1972 4230 ab
2015 4175 2085 4230 iis

489 4273 613 4326 qua:
651 4266 933 4328 troporum
969 4259 1178 4331 legibus
1205 4263 1542 4332 figurantur;
1574 4262 1809 4331 facilius,
1834 4267 2081 4337 inquam,

489 4360 573 4407 est
605 4351 650 4405 si
682 4350 1003 4405 differentiae
1047 4367 1237 4407 earum
1270 4356 1721 4421 considereutur,
1758 4357 2085 4427 propulsare

490 4458 557 4498 ac
583 4443 891 4499 dissolvere
914 4442 1222 4499 umbratilis
1252 4450 1645 4504 controversim
1695 4451 2078 4507 subtilitatem.

2192 1949 2373 2017 λογεῖν
2407 1952 2501 2004 καὶ
2530 1953 2755 2017 παίζειν
2798 1956 2902 2008 κάν
2928 1958 3039 2017 τοῖς
3075 1958 3389 2021 σπουδαίοις
3435 1958 3795 2030 ἀνύϐριστον.

2192 2041 2304 2093 Καὶ
2343 2042 2453 2111 γάρ
2500 2042 2654 2095 οὐδὲν
2688 2043 2849 2113 ἔργον
2896 2044 3033 2113 πρὸς
3065 2046 3125 2099 τὸ
3182 2046 3402 2116 πρῶτον
3435 2048 3639 2118 σχῆμα
3693 2046 3799 2099 τῶν

2190 2135 2569 2203 ἀπορημάτων
2627 2137 2824 2202 εἰπεῖν,
2864 2137 2941 2200 ὡς
2986 2138 3109 2208 οὐχὶ
3147 2140 3226 2209 τῷ
3254 2140 3450 2210 αἵματι
3479 2139 3595 2193 τῶν
3630 2139 3796 2210 ἀθλη-

2189 2228 2321 2292 τῶν,
2352 2230 2417 2298 τῇ
2470 2227 2526 2282 δέ
2571 2228 2768 2302 γνώμῃ
2810 2232 3280 2301 συναρεσκόμενος
3320 2235 3350 2286 6
3391 2233 3664 2305 Χριστὸς,
3707 2231 3798 2284 καὶ

2189 2317 2287 2388 τὴν
2346 2319 2561 2389 σεραγὴν
2622 2322 2717 2373 καὶ
2770 2321 2832 2373 τὸ
2884 2322 3122 2376 κενωθέν
3180 2319 3321 2395 αἷμα
3370 2324 3791 2395 προσεδέξατο·

2189 2410 2381 2481 ὥσπερ
2410 2410 2533 2463 οὐδὲ
2555 2412 2615 2464 τὸ
2639 2413 2958 2481 ἐπενεγκεῖν
2988 2414 3063 2478 ῶς
3085 2416 3410 2487 ἐσςείγησαν
3443 2416 3556 2487 μὲν
3576 2417 3628 2469 οἰ
3655 2416 3795 2487 μάρ-

2188 2525 2347 2577 τυρες
2373 2508 2513 2577 ὑπὲρ
2534 2508 2794 2580 Χριστοῦ,
2827 2510 2921 2564 καὶ
2956 2510 3015 2564 τὺ
3044 2505 3187 2581 αἷμα
3211 2512 3456 2583 ἐξέχεαν,
3486 2512 3657 2565 τοῦτο
3705 2530 3794 2565 κυ-

2192 2599 2323 2667 ρίως
2351 2599 2441 2650 καὶ
2473 2598 2532 2650 οὐ
2566 2600 2828 2669 τροπικόν
2849 2615 2863 2627 ’
2893 2600 2955 2652 τὸ
2979 2600 3035 2653 δέ
3069 2604 3461 2673 προσήνεγκαν
3489 2603 3593 2656 καὶ
3626 2619 3792 2673 προσ-

2188 2694 2384 2761 έφερον
2403 2690 2493 2745 καί⁸
2514 2694 2582 2744 τά
2602 2692 2849 2756 τοιαῦτα,
2878 2694 3141 2764 ῥημάτων
3165 2696 3316 2747 ἐστὶν
3333 2694 3792 2764 ἐξοικειουμένων

2188 2782 2285 2850 τὴν
2316 2782 2524 2851 τροπήν
2558 2797 2571 2811 ·
2619 2781 2815 2835 οὔκουν
2859 2782 2969 2836 οὐδ’
3006 2784 3307 2853 ἀναγκαῖον
3347 2786 3646 2855 ἐπιζητεῖν
3688 2783 3792 2836 τίνι

2190 2874 2608 2942 προσήνεγκαν
2648 2872 2837 2943 ὥσπερ
2875 2875 2996 2927 οὐδὲ
3028 2876 3212 2946 ζητεῖν
3246 2877 3365 2939 πῶς
3401 2879 3452 2930 οί
3480 2876 3787 2947 νεκρωθέν-

2188 2984 2279 3028 τες
2318 2966 2379 3018 τὸ
2417 2965 2577 3035 σῶμα
2611 2969 2678 3038 τῇ
2732 2967 2961 3019 κενώσει
3003 2967 3099 3021 τοῦ
3149 2970 3384 3038 αἵματος
3428 2968 3679 3024 δύναιντ’
3726 2966 3790 3019 ἂν

2188 3061 2581 3127 προσενεγκεῖν
2612 3057 2868 3127 λέγεσθαι
2891 3074 2903 3087 ·
2932 3060 3048 3124 πῶς
3075 3060 3131 3112 δὲ
3157 3061 3524 3132 προσέφερον,
3550 3062 3650 3131 οὐχ
3677 3058 3787 3111 ἐτε-

2191 3169 2284 3222 ρον
2318 3152 2705 3222 προσάγοντες,
2742 3152 2878 3223 ὃπερ
2910 3152 3025 3205 ἐστί⁵
3051 3152 3161 3205 τῶν
3202 3154 3408 3224 κυρίως
3436 3151 3785 3225 προσφερόν·

2188 3261 2335 3307 των;
2377 3246 2445 3297 τὰ
2472 3244 2578 3314 γάρ
2618 3243 2838 3297 τοιαῦτα
2858 3244 3120 3320 τοσοῦτον
3159 3246 3356 3317 ἀπέχει
3394 3247 3494 3300 τοῦ
3535 3247 3786 3314 διαπορη-

2187 3338 2341 3389 τικοῦ
2376 3338 2570 3402 τύπου,
2606 3338 2679 3401 ὠς
2707 3338 2929 3407 ἄμεινον
2960 3340 3257 3410 ὑπεριδεῖν,
3291 3340 3366 3410 μή
3396 3357 3534 3392 ποτε
3566 3338 3676 3408 ἄρα
3707 3351 3783 3387 σοι

2188 3428 2431 3499 δόξωμεν
2468 3429 2910 3499 συμπλεκόμενοι
2944 3433 3057 3492 τοῖς
3104 3430 3416 3495 παίζουσιν,
3447 3430 3555 3483 οὐκ
3586 3426 3785 3492 ἔξωθεν

2187 3522 2284 3576 τοῦ
2341 3524 2550 3585 εἰκότος
2611 3522 3087 3576 συνδιαϐάλλεσθαι
3124 3539 3138 3553 ·
3198 3523 3390 3593 ὥσπερ
3430 3524 3547 3594 γάρ
3590 3525 3648 3575 ἐν
3675 3520 3781 3580 τοῖς

2191 3614 2505 3677 σπουδαίοις
2537 3614 2755 3678 παίζειν
2793 3614 3074 3680 ἀσύνετον,
3124 3614 3269 3669 οὕτω
3303 3615 3443 3687 πρὸς
3484 3617 3556 3669 τά
3582 3610 3783 3683 γελοιό-

2187 3725 2324 3779 τερα
2358 3708 2682 3772 σπουδάζειν
2709 3708 3117 3777 καταγὲλαστον
3148 3725 3161 3738 ·
3198 3708 3266 3761 τά
3289 3709 3345 3761 δὲ
3369 3709 3470 3778 τῆς
3506 3702 3779 3779 ἐμφανοῦς

2192 3801 2292 3870 μὲν
2318 3801 2552 3863 ἀτοπίας
2577 3800 2673 3853 καὶ
2693 3798 2912 3853 οἴκοθεν
2941 3800 3176 3871 ἐχόντων
3209 3802 3300 3853 τὸν
3328 3800 3556 3871 ἔλεγχον
3585 3801 3778 3853 ἀνακεο

2188 3890 2503 3960 χωρηκότα,
2551 3889 2800 3960 ταραχὴν
2829 3888 2931 3958 μέν
2968 3890 3063 3942 καὶ
3112 3888 3339 3962 θόρυϐον
3388 3888 3776 3959 προτεινόμενα

2186 3984 2307 4045 ταῖς
2336 3981 2445 4035 τῶν
2467 3980 2683 4035 πολλῶν
2711 3982 2922 4046 ἀκοαῖς,
2954 3982 3048 4035 καὶ
3075 3977 3158 4045 οἷς
3188 3984 3290 4035 οὐκ
3318 3980 3434 4035 ἐστι
3467 3983 3654 4052 κρίσις
3673 3979 3777 4032 δια·

2189 4073 2430 4125 στέλλειν
2461 4073 2567 4125 τῶν
2596 4073 2724 4128 ἀνευ
2750 4075 2959 4145 τροπῆς
2984 4074 3376 4145 προαγομένων
3402 4074 3623 4142 φωνῶν,
3662 4070 3721 4130 ἃς
3746 4068 3775 4119 ὁ

2187 4167 2284 4233 τῆς
2312 4165 2522 4235 τροπῆς
2556 4165 2718 4236 νόμος
2749 4166 3120 4237 ἐσχημάτισεν
3152 4183 3166 4196 ·
3205 4166 3330 4219 ἐπεὶ
3360 4167 3494 4236 ῥᾷόν
3524 4168 3645 4219 ἐστι
3667 4163 3773 4222 τοῖς

2184 4257 2247 4310 τὸ
2304 4258 2564 4330 διάφορον
2608 4259 2789 4314 αὐτῶν
2853 4259 3311 4329 ἐπεσκεμμένοις,
3368 4256 3770 4332 ἀποκρούεσθαι

2186 4350 2280 4403 καὶ
2334 4350 2573 4404 διαλύειν
2626 4351 2725 4419 τῆς
2770 4350 3035 4422 δοκούσης
3069 4352 3303 4421 ἀπορίας
3336 4350 3397 4403 τὸ
3438 4352 3767 4423 περίεργον·

2184 4442 2265 4497 δεῖ
2308 4443 2353 4497 δ’
2380 4443 2472 4497 οῦν
2501 4444 2679 4513 λέγειν
2706 4446 2805 4515 μὲν
2845 4443 2943 4508 τὰς
2974 4445 3158 4512 φωνάς
3203 4444 3300 4496 καὶ
3346 4443 3556 4498 τιθέναι
3588 4442 3670 4512 ἐφ’
3698 4433 3767 4493 ὧν

489 4533 800 4606 Deligendae
816 4536 983 4603 igitur
1007 4550 1171 4591 voces
1193 4546 1343 4606 sunt,
1366 4538 1808 4612 collocandaeque
1828 4559 1939 4613 quo
1958 4544 2078 4601 loco

2190 4536 2372 4607 φέρειν
2398 4536 2669 4605 εἰώθαμεν
2689 4552 2703 4567 ο
2737 4534 3011 4590 εἰδέναιδέ
3036 4537 3106 4589 τά
3128 4535 3369 4606 ἑκάτερα
3393 4537 3765 4606 παρεπόμενα,

488 4624 735 4682 adhiberi
766 4627 963 4682 solent.
1002 4627 1155 4683 Scire
1173 4629 1341 4683 etiam
1377 4641 1592 4699 oportet
1624 4641 1915 4704 utramque
1966 4634 2077 4689 cir-

488 4721 902 4785 cumstantiam,
944 4722 1017 4775 ita
1048 4729 1106 4775 ut
1131 4720 1377 4776 distincti
1418 4731 1708 4778 serventur
1734 4725 2076 4795 significatus

488 4821 541 4865 ct
569 4813 897 4882 proprietas.
946 4811 1087 4868 Hinc
1126 4815 1407 4883 specimen
1440 4825 1582 4870 esto.
1617 4815 1880 4873 Forensis
1925 4820 2078 4874 testis

488 4900 619 4955 dum
649 4904 747 4958 uni
794 4919 826 4958 ο
874 4904 1309 4975 disceptantibus
1353 4904 1516 4972 favet,
1557 4907 1789 4963 alterum
1827 4909 2075 4980 iniquum

488 4995 739 5066 coarguit
765 5010 781 5049 :
810 5004 865 5050 at
894 4995 1063 5065 judex
1091 4996 1313 5052 interim
1343 5013 1555 5068 aequam
1597 5002 1925 5055 sententiam
1973 5001 2077 5055 ho-

488 5088 732 5144 minibus
778 5088 979 5144 reddit.
1014 5088 1215 5145 Verum
1262 5091 1318 5145 in
1368 5107 1526 5145 sacro
1570 5099 1707 5146 teste
1733 5093 1955 5148 ubinam
1990 5095 2079 5149 hic

488 5193 675 5232 rerum
709 5180 929 5235 status?
971 5181 1055 5235 vel
1095 5182 1366 5236 undenam
1414 5182 1582 5237 libera
1614 5183 1832 5239 dicendi
1881 5185 2080 5255 copia?

488 5270 707 5327 Rursus
754 5272 959 5327 athleta
1015 5276 1396 5330 adversarium
1450 5276 1706 5331 manibus
1771 5279 2079 5349 pugnisque

488 5365 815 5431 verberans,
846 5381 911 5420 ac
948 5365 1183 5437 denique
1205 5383 1496 5439 superans,
1535 5369 1781 5425 victoriae
1812 5385 2077 5425 coronam

493 5457 788 5525 impetrat:
816 5459 908 5512 hic
946 5468 1128 5513 autem
1174 5461 1268 5529 qui
1302 5462 1609 5531 percutitur
1640 5476 1707 5517 ac
1735 5462 2075 5527 vulneratur,

492 5550 824 5620 flammaque
855 5561 952 5606 aut
983 5552 1128 5608 ferro
1156 5553 1483 5610 interficitur
1504 5599 1517 5621 ,
1573 5555 1656 5609 vel
1702 5555 1825 5610 aliis
1859 5555 2076 5611 crucia-

494 5653 649 5695 tuum
682 5644 995 5711 generibus,
1042 5660 1163 5713 qua:
1193 5647 1511 5701 carnificum
1541 5658 1733 5702 contra
1780 5647 2076 5701 humanam

490 5744 745 5791 naturain
775 5735 1071 5793 crudelitas
1093 5736 1164 5791 ob
1185 5738 1493 5793 enecandos
1523 5739 1773 5794 homines
1802 5742 2079 5807 excogita-

494 5828 593 5892 vit,
630 5825 740 5891 hic,
776 5826 1023 5897 inquam,
1057 5826 1297 5883 victoriae
1319 5841 1517 5883 corona
1542 5828 1863 5899 insignitur.
1898 5828 2077 5898 Atque

2186 4628 2281 4680 καὶ
2310 4627 2605 4695 φυλάττειν
2640 4627 2820 4683 αὐτῶν
2856 4627 3164 4697 ἀσύγχυτον
3207 4629 3303 4681 καὶ
3342 4626 3402 4680 τὸ
3436 4626 3765 4698 σημαινόμε·

2185 4735 2275 4771 νον
2306 4717 2398 4771 καὶ
2433 4717 2495 4771 τὸ
2525 4717 2722 4787 ἰδίωμα
2759 4732 2774 4748 °
2812 4719 2945 4789 όρᾷν
2966 4718 3022 4771 δὲ
3053 4718 3171 4770 ἔστι
3201 4715 3499 4770 κάντεῦθεν
3526 4734 3542 4748 ο
3567 4721 3597 4771 ὀ
3630 4716 3763 4786 μάρ-

2183 4828 2279 4873 τυς
2304 4813 2332 4864 ὁ
2370 4810 2647 4874 πολιτικὸς
2678 4810 2773 4863 ἕνα
2812 4811 2921 4863 τῶν
2948 4810 3325 4881 δικαζομένων
3368 4810 3655 4873 συνιστῶν,
3682 4806 3762 4859 τὸν

2184 4902 2371 4972 ἓτερον
2401 4903 2749 4974 συκοφάντην
2767 4904 3065 4973 ἀπελέγχει
3087 4902 3183 4956 τοῦ
3210 4901 3402 4972 κριτοῦ
3428 4902 3529 4973 τὴν
3550 4898 3765 4970 γνώμην

2186 4994 2308 5064 ῐσην
2356 4994 2707 5065 διανέμοντος
2749 4996 2864 5057 τοῖς
2892 4993 3208 5064 προσώποις
3242 5009 3257 5024 ⁶
3293 4994 3351 5046 ἐν
3382 4994 3438 5046 δὲ
3478 4992 3558 5063 τῷ
3598 4990 3760 5045 θεολο-

2184 5089 2373 5159 γοῦντι
2405 5091 2667 5161 μάρτυρι,
2705 5088 2809 5143 ποῦ
2842 5091 3063 5160 σχέσις;
3129 5091 3163 5161 ἢ
3209 5090 3374 5145 πόθεν
3403 5091 3519 5161 ἔχει
3564 5088 3762 5160 παρρη-

2186 5183 2308 5236 σίαν
2357 5185 2391 5253 ἡ
2429 5183 2697 5253 τοιαύτη;
2753 5183 2919 5238 πάλιν
2971 5186 3000 5236 6
3050 5184 3287 5255 ἀθλητὴς
3336 5183 3431 5238 τὸν
3482 5180 3763 5238 ἀντίπαλον

2186 5275 2343 5345 χερσὶ
2375 5276 2469 5328 καὶ
2515 5278 2765 5345 πυγμαῖς
2790 5275 2991 5342 παίων,
3039 5276 3134 5330 καί⁵
3168 5275 3537 5347 κατακρατῶν
3574 5277 3653 5337 εἰς
3680 5268 3758 5323 τέ-

2183 5366 2294 5430 λος,
2333 5365 2426 5418 τοῦ
2470 5366 2751 5437 νικητικοῦ
2786 5367 3040 5436 τυγχάνει
3088 5367 3354 5435 στεφάνου
3388 5381 3405 5398 ο
3454 5364 3683 5420 ἐνταῦθα
3707 5358 3757 5412 δὲ

2187 5457 2521 5528 βαλλόμενός
2574 5474 2637 5511 τε
2693 5459 2787 5511 καὶ
2828 5457 3288 5528 τιτρωσκόμενος,
3318 5458 3411 5510 καὶ
3452 5455 3589 5527 πυρὶ
3617 5455 3758 5510 θανα-

2185 5550 2278 5604 τού
2288 5567 2451 5618 μενος
2490 5550 2522 5621 ἢ
2574 5550 2799 5620 σιδήρῳ,
2828 5550 2860 5620 ἢ
2887 5550 2956 5604 δι’
2979 5544 3055 5603 ὧν
3102 5549 3277 5603 ἄλλων
3306 5550 3605 5620 ἐπενόησεν
3628 5549 3658 5618 ἡ
3679 5542 3759 5612 6f;-

2191 5659 2311 5709 μιος
2346 5642 2567 5713 ὠμότης
2598 5644 2740 5697 κατὰ
2766 5644 2864 5712 τῆς
2906 5643 3257 5714 ἀνθρωπίνης
3288 5641 3506 5712 φύσεως
3529 5644 3653 5703 τοὺς
3676 5636 3755 5689 ἄν·

2188 5733 2439 5803 θρώπους
2494 5734 2785 5803 ἐξαγαγεῖν
2829 5734 2927 5803 τῆς
2977 5736 3142 5802 ζωῆς,
3180 5733 3248 5787 τὰ
3288 5735 3385 5803 τῆς
3424 5733 3581 5803 νίκης
3626 5729 3756 5783 ἐστὶν

2188 5826 2553 5895 ἀναδούμενος
2613 5825 2920 5896 διαδήματα
2954 5842 2966 5855 ·
3018 5826 3111 5878 καὶ
3144 5825 3239 5878 ἐπὶ
3277 5823 3488 5897 μυρίων
3534 5822 3700 5877 ἄλλων
3725 5816 3757 5881 ἠ,
