4084 6468
288 392 392 461 185

1279 388 1380 449 AD
1411 384 2008 449 AMPHILOCHIUM
2039 371 2388 460 'QUzESTto
2423 391 2632 453 xxrv.

3472 395 3573 463 186

285 502 514 572 διαφορά
549 513 564 530 ⁸
614 497 736 562 πῶς
767 493 860 551 οὖν
916 497 977 550 ού
1009 496 1318 568 παράλογον
1350 497 1409 550 έν
1460 494 1708 564 ἑκατέρῳ
1757 493 1868 546 τῶν

1987 494 2095 550 ilia:
2121 505 2384 566 praeterea
2424 499 2725 555 innumerae
2773 500 3100 558 differentiae
3145 512 3294 560 sunt.
3356 504 3565 573 Quidni

289 590 706 667 σημαινομένων
756 589 828 643 τά
873 588 1014 643 αύτά
1063 588 1247 660 ζητεῖν
1291 587 1649 656 ὲπιθεωρεῖν;
1692 587 1788 639 καὶ
1838 587 1874 638 ἀ

289 683 494 756 προσῆν
527 681 604 752 τῷ
637 679 834 752 ἑτέρῳ,
861 679 932 733 τὰ
972 679 1114 734 αύτά
1156 679 1374 750 θατέρῳ
1420 677 1744 750 περιάπτειν
1779 679 1874 731 ὲκ-

291 772 568 841 ϐιάζεσθαι
593 790 608 840 ;

359 875 428 939 η’.
472 864 650 920 Πολλά
678 863 778 934 μὲν
806 862 900 917 οὖν
949 863 1059 916 τῶν
1099 863 1190 916 ἐπὶ
1225 863 1499 934 διαφόρων
1527 861 1873 933 πραγμάτων

289 958 633 1028 ταττομένων
661 957 945 1026 ὀνομάτων
972 956 1391 1025 ἐμφανεστάτην
1420 956 1537 1024 ἔχει
1567 953 1665 1024 τὴν
1689 953 1876 1021 διαφοο

291 1053 392 1126 ράν
419 1067 433 1081 ⁶
477 1050 556 1114 ὠς
622 1049 758 1120 μηδέ
820 1065 944 1102 τινα
969 1047 1078 1101 τῶν
1106 1048 1187 1110 είς
1217 1049 1385 1118 ἀκρον
1426 1047 1810 1116 ἀναισχυντίας
1839 1045 1874 1116 ἢ

285 1141 568 1205 ἀσθενείας
605 1140 852 1211 ἡκόντων
878 1140 1048 1210 χωρὶς
1069 1139 1334 1210 αἰσχύνης
1367 1138 1399 1210 ἢ
1430 1137 1718 1200 εὐλαϐείας
1749 1155 1880 1208 μετ-

281 1237 526 1302 ενεγκεῖν
575 1235 672 1287 ἐπὶ
726 1233 958 1304 θάτερον
1008 1231 1046 1286 ἃ.
1088 1231 1168 1302 τῷ
1205 1233 1380 1303 ἑτέρῳ
1424 1231 1872 1301 διωμολόγηται·

280 1330 451 1385 πολλά
472 1331 530 1383 δὲ
557 1329 790 1400 κρύφιον
817 1329 974 1400 φέρει
1002 1328 1100 1399 τὴν
1127 1327 1445 1399 ἑτερότητα,
1478 1329 1554 1389 ὼς
1580 1329 1608 1380 ό
1635 1328 1871 1398 μάρτυς,

279 1423 354 1486 ὡς
378 1422 408 1474 6
442 1421 704 1491 ἀθλητὴς,
737 1421 813 1484 ὡς
840 1420 902 1474 τὺ
933 1419 1151 1490 λύτρον,
1188 1420 1265 1482 ὡς
1294 1421 1356 1473 τὸ
1388 1420 1674 1490 τρόπαιον,
1707 1419 1783 1482 ὼς
1813 1421 1880 1473 τά

279 1511 373 1564 τού
401 1510 532 1582 ᾅδου
575 1510 846 1580 βασίλεια,
873 1509 949 1573 ὡς
998 1510 1167 1579 μυρία
1207 1508 1342 1563 ἄλλα
1375 1509 1463 1579 ἐφ’
1491 1503 1566 1563 ὧν
1599 1511 1719 1563 ἐστὶ
1747 1511 1880 1580 ῥᾷον

281 1602 374 1656 καὶ
402 1602 571 1656 αὐτὸν
611 1601 876 1663 πολλάκις
915 1601 1135 1672 ἀπάτης
1174 1600 1359 1653 λαϐεῖν
1380 1602 1480 1670 τὴν
1513 1601 1745 1673 ἀπορίαν
1773 1617 1881 1652 πα-

286 1694 635 1768 ραδυόμενον,
686 1692 720 1763 ἢ
756 1692 967 1764 ἑτέροις
1004 1692 1103 1763 τὴν
1137 1694 1355 1762 ἀπάτην
1402 1693 1668 1764 προάγειν
1702 1693 1761 1744 ὲν
1805 1691 1882 1762 τῷ

285 1786 599 1843 λανθάνοντι
629 1801 644 1816 ’
676 1785 760 1838 δεῖ
787 1785 832 1838 δ’
855 1781 951 1838 οὖν
970 1785 1035 1837 ἐκ
1059 1783 1168 1837 τῶν
1193 1784 1617 1855 ἐμφανεστάτην
1644 1784 1880 1853 ἐχόντων

289 1881 381 1952 τὴν
415 1878 780 1950 παραλλαγὴν
809 1879 908 1932 καὶ
945 1878 1229 1939 παντελῶς
1256 1878 1576 1930 ἐπιπόλαιον
1605 1878 1718 1930 τῶν
1748 1894 1881 1945 προ-

288 1974 612 2042 τεινομένων
657 1972 761 2043 τὴν
806 1970 1076 2035 διάλυσιν,
1118 1969 1211 2023 τὸν
1274 1971 1477 2023 κανόνα
1527 1969 1735 2036 λαϐεῖν,
1785 1971 1879 2022 καὶ

290 2066 612 2122 ἀπευθύνειν
659 2066 728 2136 τῇ
779 2065 938 2135 κοινῇ
988 2064 1197 2135 μεθόδῳ
1223 2063 1324 2117 καὶ
1353 2062 1389 2116 ἃ.
1424 2062 1629 2133 πολλὴν
1655 2063 1754 2132 τὴν
1786 2065 1879 2129 ἐγ-

290 2162 496 2233 γύτητα
527 2161 662 2231 πρὸς
692 2158 897 2230 ἄλληλα
925 2157 1262 2228 κεκτημένα,
1290 2157 1350 2210 τὸ
1374 2159 1472 2227 τῆς
1495 2157 1708 2229 ἀπάτης
1745 2160 1879 2226 σ7-ἦ’

293 2270 364 2323 μα
386 2249 766 2321 πιθανώτερον
787 2248 1185 2321 προϐάλληται,
1217 2249 1313 2302 καὶ
1335 2248 1507 2311 οὕτως
1535 2250 1631 2301 ἀπ’
1657 2249 1880 2302 ἐκείεεων

287 2345 380 2414 τὴν
410 2344 599 2414 κρίσιν
661 2343 880 2412 ἀπλανῆ
917 2343 1014 2396 καὶ
1041 2343 1137 2396 ἐπὶ
1187 2341 1397 2396 τούτων
1442 2341 1830 2403 συνδιασώζειν
1862 2358 1876 2372 '

284 2435 476 2488 αὐτίκα
509 2434 572 2487 τὸ
600 2433 895 2504 πτερύγιον
925 2433 1019 2486 τοῦ
1053 2432 1200 2504 ἱεροῦ
1240 2447 1256 2463 ·
1289 2433 1352 2486 τὸ
1385 2432 1442 2486 δὲ
1470 2432 1766 2504 πτερύγιον
1798 2427 1880 2496 οἷς

287 2527 433 2597 μέλει
457 2526 565 2598 τῆς
581 2527 834 2596 ’Δττικῆς
867 2525 1138 2596 γλώττης,
1175 2526 1224 2578 οἱ
1266 2524 1364 2595 μὲν
1381 2524 1540 2580 ἀετὸν
1565 2562 1580 2587 ,
1625 2525 1676 2576 όί
1700 2523 1756 2577 δὲ
1789 2525 1881 2577 καὶ

283 2617 512 2686 ἀέτωμα.
562 2616 811 2680 καλοῦσι,
861 2617 958 2670 καὶ
1000 2616 1286 2686 στέγασμα
1337 2617 1504 2686 φασὶν
1545 2612 1684 2669 εἶναι
1725 2612 1883 2667 τοῦτο

282 2708 387 2763 τῶν
421 2707 590 2779 ίερῶν
618 2707 814 2774 οἴκων,
854 2707 932 2778 τῷ
958 2710 1202 2779 σχήματι
1254 2707 1353 2778 τὴν
1387 2707 1590 2776 πτῆσιν
1619 2706 1710 2759 τοῦ
1741 2704 1881 2776 ζῴου

287 2801 648 2872 μιμούμενον,
680 2799 709 2853 ὃ
747 2801 812 2871 δὴ
845 2803 941 2855 καὶ
994 2801 1196 2872 πτερὸν
1241 2799 1375 2854 ἔνιοι
1416 2799 1676 2852 καλοῦσιν
1700 2816 1714 2830 ο
1736 2799 1786 2851 οἱ
1827 2798 1883 2851 δὲ

280 2893 656 2948 διαστέλλουσι
700 2893 762 2947 τὸ
802 2893 1006 2963 πτερὸν
1046 2891 1226 2947 καὶτὸ
1261 2893 1556 2963 πτερύγιον
1585 2891 1680 2945 τοῦ
1719 2889 1882 2945 ἀετοῦ

282 3002 340 3039 τε
364 2987 456 3041 καὶ
485 2983 593 3039 τοῦ
620 2986 940 3056 ἀετώματος
967 3002 982 3019 ·
1011 2986 1146 3056 φασὶ
1171 2984 1282 3056 γάρ
1302 2981 1442 3038 εἶναι
1469 2984 1529 3038 τὸ
1553 2983 1883 3056 δηλούμενον

287 3080 372 3132 ὑπ’
411 3079 625 3144 αὐτῶν,
673 3078 736 3131 τὸ
795 3077 903 3149 πρό
927 3078 1038 3131 τῶν
1087 3078 1252 3150 ἱερῶν
1283 3079 1347 3130 ὲκ
1394 3077 1544 3130 λίθου
1575 3076 1715 3148 πρὸς
1749 3075 1884 3146 ὕψος

1975 587 2162 658 itaque
2189 589 2261 644 sit
2292 591 2627 659 absurdum,
2666 593 2718 647 in
2753 603 2986 666 utraque
3025 612 3084 651 re
3116 597 3418 669 significata
3449 617 3576 655 eas-

1974 679 2097 735 dem
2139 682 2594 739 circumstantias
2628 688 2965 756 exquirere?
3015 697 3070 744 et
3115 705 3239 760 quae
3287 691 3384 746 uni
3435 707 3573 749 con-

1975 783 2202 844 gruunt,
2234 777 2458 831 easdem
2491 776 2558 832 ad
2587 779 2815 833 alteram
2842 781 2894 835 vi
2923 783 3288 852 pertrahere?

2045 865 2100 920 8.
2135 865 2299 921 Multa
2336 867 2503 938 igitur
2541 884 2610 923 ex
2669 869 2738 924 iis
2774 871 3116 939 nominibus,
3169 888 3294 944 quae
3339 873 3574 929 diversis

1975 958 2142 1012 rebus
2182 959 2578 1030 imponuntur,
2641 962 3154 1019 manifestissimam
3206 966 3572 1022 differentiam

1975 1051 2184 1107 habent
2213 1069 2225 1106 :
2261 1068 2436 1122 quare
2482 1069 2588 1113 nec
2613 1055 2708 1110 ulli
2743 1056 2992 1112 homines
3038 1072 3354 1128 quanquam
3393 1060 3577 1130 appri-

1975 1159 2065 1199 me
2090 1145 2438 1215 impudentes
2461 1148 2548 1202 vel
2572 1148 2790 1219 ingenio
2824 1149 3102 1206 imbecillo
3157 1151 3394 1219 praediti,
3455 1153 3577 1208 sine

1977 1238 2184 1305 pudore
2209 1245 2306 1290 aut
2338 1246 2486 1292 metu
2517 1238 2814 1296 transferre
2848 1241 3029 1297 solent
3072 1241 3140 1297 ad
3188 1258 3304 1296 rem
3342 1243 3573 1298 alteram

1977 1327 2126 1397 quod
2155 1326 2383 1383 alterius
2412 1330 2695 1400 proprium
2726 1339 2831 1387 est.
2862 1331 3023 1386 Multa
3057 1342 3240 1388 tamen
3265 1333 3576 1389 subobscu-

1978 1433 2098 1474 ram
2125 1417 2498 1474 diversitatem
2531 1422 2837 1486 continent,
2872 1431 2930 1477 ut
2961 1424 3142 1487 testis,
3177 1433 3237 1479 ut
3264 1425 3490 1491 athleta,
3518 1436 3577 1481 ut

1979 1511 2240 1578 redimite,
2273 1520 2333 1567 ut
2355 1521 2645 1583 tropreum,
2675 1522 2736 1568 ut
2769 1514 3074 1570 inferorum
3108 1531 3361 1587 regnum,
3389 1531 3450 1572 ut
3470 1519 3578 1572 alia

1978 1604 2219 1674 plurima
2262 1623 2275 1659 :
2322 1605 2375 1659 in
2407 1607 2612 1676 quibus
2657 1607 2874 1663 facilius
2929 1617 3015 1664 est
3072 1610 3252 1678 ipsum
3311 1610 3424 1665 falli
3483 1613 3578 1681 qui

1980 1698 2340 1766 quaestionem
2373 1699 2733 1768 ingredietur,
2782 1715 2948 1769 quam
2990 1700 3116 1756 aliis
3166 1700 3352 1756 fucum
3398 1701 3581 1756 facere

1984 1789 2038 1844 in
2086 1805 2147 1845 re
2189 1791 2413 1845 latente.
2463 1789 2689 1861 Oportet
2743 1791 2927 1861 itaque
2975 1805 3044 1846 ex
3104 1791 3172 1847 iis
3227 1808 3350 1863 qua:
3403 1793 3582 1846 mani-

1984 1881 2339 1938 festissimam
2368 1884 2882 1938 transmutationem
2911 1884 3134 1948 habent,
3156 1893 3320 1954 atque
3355 1885 3581 1940 omnino

1981 1975 2167 2029 tritam
2208 1975 2664 2031 contradictionis
2727 1992 2843 2031 suae
2904 1976 3259 2042 solutionem,
3327 1989 3580 2029 normam

1979 2081 2200 2122 sumere
2233 2083 2248 2121 :
2281 2075 2446 2137 atque
2468 2070 2535 2123 ad
2569 2083 2920 2124 communem
2956 2069 3281 2123 methodum
3317 2068 3408 2122 illa
3443 2084 3582 2138 quo—

1980 2174 2088 2229 que
2117 2159 2359 2229 exigere,
2417 2175 2543 2231 qua:
2593 2162 2721 2232 quia
2781 2162 2942 2217 valde
2992 2161 3225 2217 invicem
3271 2162 3579 2232 propinqua

1980 2258 2130 2314 sunt,
2173 2252 2382 2308 erroris
2423 2253 2681 2322 speciem
2724 2254 3094 2308 credibilioris
3158 2254 3513 2324 suppeditant
3562 2272 3576 2307 :

1981 2351 2148 2411 atque
2177 2341 2252 2396 ita
2275 2357 2342 2396 ex
2374 2342 2463 2396 his
2485 2354 2699 2397 eertum
2727 2342 3000 2414 judicium
3051 2343 3120 2398 de
3173 2343 3296 2398 aliis
3364 2359 3585 2414 quoque

1984 2429 2183 2486 facere.
2241 2431 2508 2504 Exemplo
2557 2434 2630 2489 sit
2664 2443 2962 2506 πτερύγιον
2995 2433 3406 2504 (pinnaculum)
3444 2444 3583 2488 tem-

1983 2525 2110 2594 plis.
2133 2525 2440 2595 Πτερύγιον
2461 2524 2655 2581 Attica:
2679 2527 2880 2598 linguae
2912 2527 3168 2592 studiosi,
3195 2525 3286 2579 alii
3315 2525 3580 2596 aquilam,

1984 2613 2076 2667 alii
2106 2613 2388 2684 fastigium
2444 2616 2666 2687 (aquilae
2711 2617 2882 2688 figura
2927 2617 3238 2686 praeditum)
3287 2627 3449 2686 atque
3501 2626 3580 2671 te-

1982 2716 2132 2762 ctum
2165 2723 2290 2763 esse
2318 2710 2475 2764 aiunt
2505 2724 2790 2764 sacrorum
2818 2708 3198 2773 aedificiorum,
3220 2709 3380 2778 cujus
3409 2709 3584 2781 ﬁgura

1983 2801 2255 2855 volantem
2293 2816 2450 2856 avem
2493 2801 2742 2856 imitatur
2802 2816 2818 2855 :
2875 2817 3039 2871 quam
3099 2801 3313 2856 aedificii
3369 2811 3582 2873 partem

1985 2894 2232 2948 nonnulli
2267 2896 2434 2949 etiam
2464 2895 2692 2965 pinnam
2730 2895 3031 2966 appellant.
3083 2895 3188 2950 Alii
3235 2895 3586 2965 distinguunt

1985 2985 2206 3054 pinnam
2232 2991 2288 3039 et
2312 2984 2671 3054 pinna‘culum
2703 2985 2752 3018 "
2785 2987 2901 3042 sive
2951 2986 3150 3055 aquilae
3197 2986 3313 3041 sive
3355 2986 3582 3054 fastigii.

1984 3077 2152 3132 Aiunt
2172 3077 2319 3131 enim
2353 3077 2440 3133 his
2463 3077 2762 3148 signiﬁcari
2792 3087 3004 3148 partem
3043 3078 3193 3132 illam
3243 3077 3457 3133 tedificii
3505 3078 3587 3132 la-

289 3171 707 3242 ἀνατεινόμενον
743 3172 944 3242 μᾶλλον
965 3171 1472 3242 κατεσκευασμένον
1501 3169 1844 3242 οἰκοδόμημα
1865 3185 1880 3200 ·

1990 3171 2228 3241 pideam,
2273 3171 2545 3241 altiusque
2588 3173 2814 3240 elatam,
2870 3188 2994 3243 qua:
3035 3187 3318 3227 sacrarum
3383 3173 3584 3226 aedium

292 3261 419 3335 πλὴν
446 3263 596 3317 ἀλλά
617 3263 726 3333 γὰρ
757 3264 811 3315 εἴ
844 3279 928 3325 τις
959 3264 1248 3335 προτείνας
1271 3263 1332 3316 τὸ
1361 3261 1675 3334 πτερύγιον,
1698 3262 1888 3330 διερω-

289 3353 396 3424 ttqu
422 3353 660 3423 πότερον
694 3351 978 3423 ὲξήπλωτο
1007 3351 1085 3423 τῷ
1123 3353 1246 3424 ἀέρι
1278 3353 1373 3406 καὶ
1405 3353 1670 3424 ὑπηρέτει
1701 3351 1887 3407 κινού-

295 3463 450 3518 μενον
496 3446 583 3519 τῷ
638 3446 819 3518 ὄρνιθι
867 3446 966 3518 τὴν
999 3449 1220 3517 πτῆσιν,
1264 3447 1296 3518 ἢ
1335 3445 1667 3501 συνέσταλτό
1702 3463 1762 3500 τε
1793 3446 1889 3500 καὶ

294 3539 719 3603 συνεπτύσσετο,
753 3539 847 3592 καὶ
883 3541 964 3602 εἱς
992 3539 1050 3592 τὺ
1089 3540 1278 3610 σχῆμα
1303 3538 1413 3592 τῶν
1439 3537 1796 3612 ἠρεμούντων
1825 3538 1889 3592 τὸ

291 3632 490 3702 πτηνὸν
526 3631 772 3702 συνῆγεν
792 3671 806 3695 ,
839 3627 996 3702 οἶμαι
1026 3631 1093 3684 ἂν
1125 3630 1247 3684 ἀντὶ
1273 3629 1367 3684 τοῦ
1399 3630 1555 3686 λύσιν
1590 3633 1763 3685 αίτείν
1787 3630 1889 3699 τῆς

291 3721 547 3792 ἀπορίας,
593 3723 814 3790 γέλωτα
843 3725 1150 3792 παρασχεῖν
1184 3736 1199 3751 ⁶
1231 3723 1407 3777 καίτοι
1435 3723 1488 3792 γ’
1515 3721 1583 3777 ἂν
1615 3722 1745 3786 ἴσως
1794 3722 1889 3775 καὶ

292 3816 810 3885 ἑπινεωτερίσαιτο,
841 3813 918 3878 ὡς
958 3814 1220 3884 ὁπότερον
1251 3813 1315 3866 ἅν
1346 3831 1428 3876 τις
1475 3813 1614 3884 δοίη,
1651 3814 1888 3866 ἀδύνατα

291 3909 466 3978 λέγων
505 3907 905 3978 φωραθήσεται
932 3923 946 3938 ·
987 3907 1110 3960 οὔτε
1133 3907 1241 3976 γὰρ
1267 3906 1627 3974 ἐκτεταμένον
1663 3907 1725 3959 τὸ
1758 3924 1888 3959 πτε-

295 4002 480 4074 ρύγιον
509 4002 680 4072 ὄγκον
717 4000 972 4070 σώματος
1002 3999 1096 4053 καὶ
1132 3999 1298 4070 βάρος
1345 3999 1628 4052 ἐπιϐαῖνον
1673 3998 1888 4068 ἀνέχειν

291 4096 533 4157 δύναται,
562 4091 695 4147 οὔτε
725 4092 824 4165 τὴν
861 4091 1006 4146 κατά
1041 4091 1307 4163 συστολὴν
1331 4090 1482 4144 θέσιν
1509 4091 1630 4162 ἔχον
1657 4109 1670 4122 ·
1709 4089 1889 4160 πολλῴ

297 4191 496 4262 μᾶλλον
521 4190 650 4244 οὐδὲ
672 4189 771 4258 τὴν
795 4189 1053 4242 ἐπίϐασιν
1077 4189 1216 4251 ὅλως
1250 4187 1599 4258 παραδέχοιέ
1630 4187 1697 4241 ἄν
1730 4204 1745 4218 ο
1778 4184 1889 4258 ἆρα

293 4285 398 4355 γὰρ
428 4286 477 4337 οί
508 4284 578 4338 τὰ
631 4281 860 4336 τοιαῦτα
895 4280 1234 4352 προάγοντες
1255 4281 1376 4334 ἀντὶ
1397 4279 1491 4333 τοῦ
1523 4279 1781 4348 συνάγειν
1808 4280 1889 4342 είς

293 4375 526 4445 ἀπορίαν
585 4372 830 4442 ἐτέρους,
887 4373 950 4424 ού
1003 4371 1139 4424 πολὺ
1197 4371 1464 4441 πρότερον
1519 4371 1746 4434 ἑαυτοὺς
1806 4372 1889 4434 είς

1994 3261 2146 3315 frons
2173 3269 2277 3315 est.
2318 3259 2375 3315 Si
2405 3261 2531 3330 quis
2561 3270 2744 3316 tamen
2780 3261 3004 3330 pinnam
3066 3276 3166 3316 seu
3222 3259 3581 3330 pinnaculmn

1993 3352 2299 3417 inculcans,
2331 3362 2548 3423 rogaret
2576 3361 2756 3406 utrum
2797 3354 2850 3408 id
2888 3353 3290 3423 expanderetur
3336 3352 3390 3406 in
3425 3367 3575 3411 aere.

1993 3453 2440 3510 commotumque
2468 3445 2587 3500 avis
2624 3445 2836 3499 volatui
2865 3445 3108 3500 faveret?
3145 3461 3213 3500 an
3245 3445 3429 3516 potius
3448 3460 3582 3500 con.

1991 3538 2309 3593 traheretur
2337 3547 2502 3607 atque
2524 3538 2970 3608 complicaretur,
3016 3539 3244 3607 avisque
3291 3539 3589 3607 quiescens

1992 3631 2063 3686 tis
2092 3630 2332 3699 speciem
2360 3629 2678 3685 exhiberet?
2709 3629 2875 3684 credo
2912 3629 3166 3699 equidem
3195 3630 3492 3685 excitatum
3520 3631 3584 3684 iri

1993 3721 2174 3791 potius
2194 3721 2264 3776 ab
2295 3723 2402 3777 hoc
2453 3722 2653 3785 risum,
2709 3736 2874 3792 quam
2932 3730 3184 3775 curatum
3242 3728 3303 3775 ut
3351 3722 3587 3790 quaestio

1994 3815 2260 3870 solvatur.
2291 3813 2548 3870 Fortasse
2574 3814 2739 3869 etiam
2780 3828 2922 3868 novo
2950 3814 3060 3868 alio
3099 3825 3424 3884 argumento
3465 3823 3586 3868 ute-

1997 3917 2104 3968 tur,
2142 3923 2338 3977 nempe
2369 3907 2514 3978 quod
2545 3906 2869 3961 alterutrum
2902 3907 3027 3976 quis
3053 3906 3334 3974 concedat,
3377 3907 3584 3976 impos-

1993 3998 2174 4054 sibilia
2202 3998 2384 4053 dicere
2414 3995 2881 4067 deprehendetur.
2933 3993 3070 4049 Nam
3128 4010 3307 4065 neque
3355 4005 3581 4050 extensa

1992 4089 2160 4159 pinna
2213 4089 2534 4157 gravitatem
2590 4087 2839 4157 corporis
2890 4085 3216 4156 pondusque
3269 4087 3582 4157 impositum

1993 4182 2268 4236 sustinere
2289 4189 2489 4250 potest,
2526 4179 2863 4249 nequeitem
2916 4193 3040 4232 cum
3099 4187 3183 4233 est
3234 4177 3582 4248 complicata.

1992 4272 2126 4326 Illud
2153 4287 2284 4326 vero
2317 4272 2672 4342 praecipuum,
2705 4271 2851 4341 quod
2879 4285 3170 4325 ascensum
3198 4270 3253 4323 in
3299 4284 3424 4325 aera
3458 4286 3568 4325 non

1994 4365 2220 4436 patitur.
2255 4361 2449 4419 Nonne
2469 4365 2565 4434 qui
2598 4363 2725 4418 talia
2750 4363 2804 4416 in
2830 4362 3070 4416 medium
3117 4364 3322 4426 ferunt,
3376 4363 3578 4418 nedum

293 4465 492 4537 χλεύην
508 4465 855 4533 ἀπάγουσιν;
892 4463 1042 4534 Ἐρεῐ
1069 4463 1197 4533 γάρ,
1222 4459 1399 4532 οἶμαι,
1426 4464 1626 4535 ῥᾳδίως
1650 4463 1745 4517 καὶ
1779 4462 1884 4515 τῶν

1995 4458 2119 4512 aliis
2149 4457 2525 4512 dubitationes
2564 4455 2708 4510 haud
2738 4462 2948 4520 creant,
2977 4455 3070 4509 sed
3102 4454 3276 4523 ipsos,
3313 4470 3374 4511 se
3407 4456 3581 4509 multo

295 4558 774 4628 ὲπιτυγχανόντων
794 4556 1049 4619 ἕκαστος,
1070 4555 1168 4621 ὡς,
1190 4551 1261 4608 Ὦ
1279 4557 1572 4627 βέλτιστοι,
1586 4554 1762 4610 ταῦτά
1783 4572 1887 4608 που

294 4647 362 4700 τά
383 4646 588 4718 δριμέα
621 4646 1011 4718 διαπορήματα
1040 4644 1133 4698 ἐπὶ
1169 4645 1270 4717 μὲν
1287 4645 1384 4699 τοῦ
1409 4646 1599 4718 ἑτέρου
1626 4663 1890 4716 σημαινου-

299 4739 460 4807 μένου
482 4737 725 4810 ἀπορίαν
753 4738 1136 4811 ὲμποιήσειεν,
1166 4737 1403 4793 ἐνταῦθα
1427 4739 1484 4792 δὲ
1512 4740 1604 4792 καὶ
1632 4739 1741 4793 οὐδ’
1767 4739 1888 4792 ἓτεο

299 4846 390 4900 ρον
437 4831 658 4885 ἔνεστιν
707 4831 908 4894 είπείν,
940 4831 1040 4883 καὶ
1064 4831 1293 4902 οὐδεμία
1331 4830 1584 4900 φαίνεται
1617 4831 1892 4902 πρόφασις

296 4923 533 4992 ἀπορίας
578 4922 974 4976 άνακύπτουσα
1004 4937 1019 4953 ·
1049 4921 1159 4975 ἀπὸ
1187 4920 1320 4992 γοῦν
1348 4922 1458 4976 τῶν
1487 4920 1630 4974 οὕτω
1664 4939 1894 4994 περιφαο

297 5015 563 5086 νεστάτην
613 5015 714 5086 τὴν
742 5014 1010 5086 διαφορὰν
1041 5014 1297 5086 ἑχόντων,
1349 5013 1740 5086 εύχερέστερόν
1775 5015 1892 5068 ἐστι

299 5106 390 5158 καὶ
417 5107 571 5161 οὐδὲν
607 5107 864 5178 ἐργῶδες,
899 5107 996 5160 καὶ
1025 5109 1119 5160 ἐπὶ
1141 5108 1250 5162 τῶν
1279 5107 1738 5180 ὲγκεκρυμμένην
1758 5107 1892 5162 ταύ-

299 5207 398 5263 την
424 5196 728 5265 φερόντων,
757 5195 835 5268 τῷ
855 5195 1023 5268 κοινῷ
1051 5198 1372 5270 χρωμένους
1397 5197 1604 5264 κανόνι,
1629 5198 1727 5263 τὰς
1758 5198 1894 5252 ἀπο-

305 5282 420 5353 ρίας
457 5287 542 5349 είς
568 5286 831 5359 εὐπορίαν
874 5288 1254 5360 μεταϐάλλειν.

371 5375 436 5430 θ’.
471 5377 754 5449 Τρόπαιόν
778 5379 929 5433 ἐστιν
953 5381 984 5433 ὁ
1017 5381 1250 5453 σταυρὸς
1265 5381 1362 5435 τοῦ
1383 5380 1622 5452 Χριστοῦ
1644 5380 1785 5436 κατὰ
1798 5379 1894 5436 τοῦ

299 5461 552 5519 διαϐόλου
577 5468 871 5539 ἱστάμενον
895 5485 908 5501 ο
947 5472 1042 5523 καὶ
1067 5471 1348 5543 τροπαίων
1373 5471 1436 5524 τὸ
1477 5472 1892 5543 λαμπρότατον,

300 5558 435 5611 ὅπου
467 5574 538 5628 γι
571 5559 669 5613 καὶ
695 5562 862 5626 αὐτὸς
887 5565 916 5617 ὁ
944 5562 1116 5628 τύπος
1155 5563 1320 5618 αὐτοῦ
1361 5563 1440 5635 τῷ
1471 5564 1594 5635 ἀέρι
1625 5565 1898 5636 χαρασσό-

303 5663 486 5718 μενος,
525 5654 714 5707 πᾶσαν
744 5655 898 5727 αύτῷ
932 5656 1349 5727 συμφυγαδεύει
1373 5658 1473 5730 τὴν
1502 5658 1734 5729 δύναμιν
1754 5676 1767 5690 ·
1805 5659 1898 5712 καὶ

297 5740 537 5814 οὐδήπου
563 5745 739 5801 δεῖται
767 5748 1075 5822 βαθυτέρας
1113 5750 1414 5820 περινοίας,
1442 5751 1496 5804 εί
1527 5768 1608 5814 τις
1640 5753 1719 5815 εἰς
1759 5753 1898 5805 ἀπο-

381 5860 403 5889 ¹
439 5860 639 5916 Matth.
679 5878 752 5927 ir,
785 5863 837 5918 5.

1991 4551 2159 4606 citius
2190 4551 2428 4605 ludibrio
2459 4549 2768 4619 objiciunt?
2814 4548 3084 4604 Existimo
3129 4547 3275 4603 enim
3329 4547 3580 4618 quemvis

1995 4641 2154 4698 facile
2183 4644 2264 4696 sic
2297 4641 2574 4696 dicturum
2609 4659 2622 4695 :
2665 4641 2708 4694 Ο
2737 4640 2889 4704 boni,
2923 4639 3006 4694 hae
3041 4649 3314 4709 peracuta:
3358 4639 3580 4694 dubita-

1993 4736 2172 4791 tiones
2219 4750 2345 4790 cum
2409 4733 2533 4789 aliis
2571 4731 2807 4788 fortasse
2860 4733 3261 4802 signiﬁcatibus
3323 4719 3583 4801 qttaaStio-

1995 4845 2120 4885 nem
2151 4828 2501 4894 conflabunt;
2538 4827 2628 4882 hic
2672 4835 2857 4880 tamen
2897 4835 3154 4880 neutrum
3209 4823 3321 4878 dici
3380 4831 3577 4893 potest,

1995 4923 2257 4994 nullaque
2281 4937 2415 4977 ansa
2447 4920 2730 4976 dubitandi
2778 4918 2905 4972 hinc
2933 4917 3172 4972 exsistit.
3215 4915 3296 4970 Ex
3344 4917 3428 4972 his
3477 4915 3580 4986 igi—

1996 5025 2108 5081 tur,
2131 5029 2255 5086 quae
2281 5021 2391 5068 tam
2422 5012 2762 5082 exploratam
2801 5008 3166 5064 differentiam
3204 5006 3430 5070 habent,
3498 5006 3582 5059 fa-

1997 5109 2159 5164 cilius
2193 5114 2280 5162 est
2306 5105 2624 5175 nulliusque
2646 5103 2875 5167 laboris,
2912 5115 3104 5156 eorum
3133 5100 3324 5164 etiam,
3345 5113 3583 5169 quorum

1996 5197 2304 5257 differentia
2321 5197 2628 5252 abstrusior
2650 5203 2756 5262 est,
2778 5191 3057 5250 communi
3093 5192 3282 5263 regula
3307 5191 3578 5252 adhibita,

1999 5291 2411 5364 perplexitatem
2435 5287 2738 5360 perducere
2766 5285 2834 5339 ad
2864 5282 3157 5352 liquidum.

2068 5385 2124 5442 9.
2153 5382 2444 5450 Tropteum
2493 5388 2578 5436 est
2617 5387 2808 5434 contra
2859 5376 3142 5431 diabolum
3194 5373 3398 5430 Christi
3446 5388 3581 5428 crux

1997 5478 2332 5541 excitatum;
2365 5474 2660 5544 etquidem
2681 5468 3210 5542 splendidissimum,
3237 5465 3584 5537 quandoqui-

1998 5573 2123 5628 dem
2158 5567 2242 5624 vel
2263 5568 2385 5640 ejus
2407 5560 2581 5638 lypus
2619 5564 2674 5618 in
2727 5578 2853 5618 aere
2901 5563 3226 5632 impressum
3285 5558 3584 5630 quamlibet

1999 5680 2126 5720 cum
2189 5662 2284 5717 illo
2331 5667 2653 5732 potestatein
2714 5655 2883 5727 fugat.
2931 5653 3119 5724 Neque
3161 5661 3340 5706 tamen
3391 5650 3586 5705 altiore

2001 5755 2322 5813 certandum
2354 5761 2436 5809 est
2467 5749 2745 5814 acumine,
2776 5748 2822 5803 si
2851 5745 2973 5817 quis
3003 5745 3143 5802 forte
3191 5743 3259 5800 de
3298 5741 3404 5797 hoc
3426 5755 3587 5796 voca-
