4084 6434
528 335 630 400 187

1684 320 1955 383 ΡΠΟΤΙῙ
1988 317 2505 382 ΡΑΤΒῙΛΒΕΠᾹΞ
2530 318 2641 379 CP.

524 453 654 507 aulo
684 446 1045 520 qumstionem
1072 441 1313 511 aliquam
1343 436 1691 495 conflandam
1736 436 2044 507 susceperit
2091 451 2106 489 :

2223 431 2339 502 ρίαν
2405 431 2704 485 διαπλάσαι
2746 430 2808 484 τὸ
2858 431 3010 502 ῥῆμα
3059 430 3379 503 προέλοιτω
3411 430 3489 485 ἐκ
3549 431 3669 503 γὰρ
3713 435 3817 487 τῶν

524 554 759 609 namque
784 553 815 592 e
839 534 1092 605 superius
1121 532 1284 587 dictis
1319 530 1651 585 solutionem
1698 526 2111 598 deprehendere

523 632 783 705 perfacile
812 638 917 685 est.
974 627 1034 681 Si
1084 641 1244 687 crux,
1295 624 1494 694 inquit,
1554 620 1788 690 aliquis,
1843 628 2108 689 tropaeum

520 735 626 788 est,
657 723 781 795 quis
812 722 867 777 id
900 718 1114 775 erexit?
1144 732 1268 772 nam
1327 715 1374 770 si
1439 714 1558 784 ipse
1600 712 1798 777 victor,
1841 727 1940 766 cur
1999 711 2109 780 jam

522 828 725 869 temere
771 811 1002 867 Judaico
1034 808 1235 879 populo
1280 805 1485 860 Christi
1536 806 1713 858 cades
1773 802 2113 873 imputatur?

520 906 675 973 Quod
702 905 746 960 si
780 902 911 958 illud
947 900 1121 956 Judaei
1148 907 1459 954 statuerunt
1491 896 1663 968 (quod
1718 910 1911 965 reapse
1956 904 2111 949 extra

521 1001 692 1055 aleam
722 995 1094 1052 contentionis
1124 992 1227 1062 est)
1253 1005 1491 1061 quonam
1527 997 1684 1058 pacto
1707 987 1964 1042 Christus
1978 1001 2114 1041 con-

522 1103 606 1148 tra
640 1092 917 1145 diabolum
948 1086 1303 1142 constituisse
1354 1092 1617 1152 tropaeum
1668 1078 1915 1134 dicitur?
1974 1078 2109 1132 Item

523 1184 569 1238 si
600 1184 723 1251 quis
775 1182 843 1235 de
889 1193 1056 1248 regno
1108 1176 1411 1231 inferorum
1472 1186 1781 1229 sermonem
1834 1170 2110 1239 injiciens,

524 1282 714 1345 pergat
744 1286 907 1343 porro
927 1271 1111 1325 dicere
1153 1287 1167 1323 :
1204 1269 1250 1323 si
1273 1278 1355 1323 est
1382 1265 1687 1321 inferorqu
1718 1280 1970 1335 regnum,
1994 1263 2113 1317 sine

523 1366 694 1421 dubio
730 1363 1053 1432 intelligitur
1079 1375 1304 1432 quoque
1348 1375 1464 1415 rex.
1490 1358 1559 1413 Et
1583 1357 1806 1427 quidem
1857 1356 1934 1410 ait
1968 1354 2111 1409 Pau-

524 1460 612 1514 lus
640 1458 685 1490 ³⁸
722 1457 970 1511 veritatis
1001 1470 1202 1525 prteco,
1238 1452 1555 1523 regnavisse
1584 1462 1815 1505 mortem
1852 1450 1922 1502 ab
1965 1448 2112 1502 Ada-

525 1566 616 1605 mo
645 1550 713 1605 ad
746 1548 977 1613 Mosem,
1014 1562 1122 1601 non
1153 1546 1206 1599 in
1233 1560 1327 1600 eos
1357 1544 1536 1599 solum
1566 1558 1801 1614 quorum
1828 1552 2112 1612 peccatum

524 1640 828 1696 secundum
884 1636 1079 1692 Adami
1142 1635 1559 1691 similitudinem
1618 1642 1759 1698 erat,
1812 1648 2003 1687 verum
2056 1632 2111 1686 in

523 1743 621 1783 eos
652 1741 870 1798 quoque
897 1728 991 1797 qui
1022 1725 1143 1795 ejus
1176 1724 1429 1793 exetnplo
1464 1732 1849 1793 peccaverunt.
1883 1720 2040 1787 Quod
2064 1721 2111 1776 si

525 1835 621 1876 rex
656 1829 758 1883 est,
794 1820 905 1889 regi
939 1829 1122 1874 autem
1168 1818 1286 1886 lege
1345 1826 1400 1871 et
1452 1816 1803 1871 subditorum
1854 1813 2115 1882 suﬂ'ragio

524 1906 765 1977 dignitas
808 1907 1159 1971 attribuitur;
1218 1906 1305 1960 cui
1372 1906 1490 1960 haec
1557 1905 1799 1976 dignitas
1848 1904 2113 1975 suppetit,

525 1998 799 2067 quomodo
828 2005 1262 2053 consentaneum
1298 1996 1391 2062 sit,
1416 2012 1541 2050 eum
1574 1996 1801 2052 honoris
1835 1996 1957 2052 loco
1987 2012 2115 2067 per-

526 2088 633 2159 peti
669 2088 798 2159 justi
837 2087 1086 2141 muneris
1114 2086 1557 2141 abdicationem?
1584 2085 1718 2139 Nam
1758 2095 1992 2157 utraque
2038 2087 2118 2140 loc

525 2180 693 2244 cutio,
719 2188 775 2234 et
812 2178 1033 2248 quidem
1060 2193 1124 2233 ex
1152 2178 1345 2233 eodem
1384 2177 1615 2233 fortasse
1656 2175 1825 2242 fonte,
1854 2194 1967 2233 rem
1994 2187 2115 2233 stu—

527 2274 681 2327 diose
721 2272 1075 2342 pensantibus
1121 2279 1177 2326 et
1217 2271 1617 2325 dubitationem
1686 2271 1999 2341 suppeditat
2063 2278 2117 2325 et

526 2366 988 2436 explanationem.
1025 2362 1308 2433 Praecipue
1339 2377 1466 2417 vero
1504 2377 1571 2415 ex
1607 2373 1733 2416 ante
1783 2360 1948 2416 dictis
1988 2376 2116 2431 pro-

528 2477 596 2516 na
639 2460 923 2531 responsio
964 2467 1168 2512 manat.
1205 2455 1303 2511 Est
1352 2455 1498 2511 enim
1550 2455 1686 2509 satis
1747 2452 2116 2523 exploratum,

526 2554 719 2624 tropaei
760 2553 982 2607 nomine
1011 2551 1119 2606 dici
1151 2565 1395 2614 crucem,
1432 2564 1459 2601 a
1492 2556 1698 2618 tropaeo
1747 2546 1944 2601 bellico
1984 2561 2119 2601 voce

527 2646 793 2701 translata
834 2662 847 2697 ε
885 2643 1157 2714 siquidem
1212 2642 1468 2695 Christus
1523 2639 1787 2709 praeclare
1818 2637 2029 2691 hostem
2066 2636 2118 2690 vi

526 2736 747 2807 propria
789 2734 1102 2805 superavit;
1131 2748 1239 2786 non
1288 2741 1468 2785 autem
1524 2730 1670 2800 quod
1734 2730 1850 2799 ipse
1898 2742 2117 2783 crucem

526 2827 924 2883 constituerit:
975 2826 1118 2880 hanc
1164 2825 1310 2878 enim
1370 2823 1638 2891 sacrilega
1698 2835 1834 2892 gens
1902 2819 2116 2886 deﬁxit;

530 2934 706 2988 neque
736 2918 809 2971 uti
844 2927 1109 2986 tropaeum
1143 2916 1209 2969 de
1241 2914 1419 2978 hoste,
1449 2928 1636 2966 verum
1690 2919 1752 2965 ut
1808 2908 2121 2964 communis

530 3012 780 3068 Set-valor
796 3012 844 3066 is
872 3010 1224 3079 supplicium.
1246 3006 1353 3061 Sed
1380 3015 1559 3060 tamen
1584 3004 1673 3059 ille
1697 3002 1905 3057 malitia
1926 3015 2119 3056 eorum

530 3104 584 3158 in
621 3102 904 3157 victoriam
940 3102 1005 3154 de
1038 3100 1196 3154 hoste
1244 3113 1425 3160 versa,
1469 3110 1648 3163 cruce,
1678 3103 1942 3163 tanquam
2006 3100 2120 3145 tro-

528 3210 647 3265 prec
703 3199 855 3261 usus;
891 3202 995 3248 est.
1031 3191 1219 3258 Neque
1274 3190 1439 3261 igitur
1498 3187 1813 3243 Judaaorum
1870 3185 2123 3256 impietas

530 3297 790 3357 tropaeum
831 3284 1043 3347 statuit,
1070 3298 1248 3354 neque
1273 3297 1466 3337 rursus
1520 3281 1780 3335 Servator
1835 3278 2120 3333 hominum

530 3393 749 3433 crucem
789 3377 895 3433 sibi
930 3376 1119 3432 deﬁxit
1160 3392 1175 3429 :
1209 3374 1303 3429 sed
1345 3374 1494 3443 quod
1542 3373 1615 3426 illi
1654 3372 1861 3443 lignum
1905 3370 1971 3425 ad
2012 3368 2123 3422 Do-

530 3469 662 3523 mini
693 3469 1022 3538 supplicium
1051 3466 1378 3529 defixeraut,
1408 3464 1499 3518 hic
1539 3464 1605 3516 ad
1646 3464 1876 3517 salutem
1909 3470 2124 3515 natura:

532 3566 736 3614 nostra:
773 3557 962 3627 tropaei
992 3556 1170 3611 forma
1216 3555 1461 3610 donavit.
1502 3554 1635 3609 Item
1690 3554 1992 3608 inferorum
2038 3566 2127 3605 re-

533 3666 701 3721 gnum
739 3651 963 3716 dicitur,
1005 3648 1303 3719 reginaque
1330 3662 1515 3712 mors;
1546 3661 1653 3699 non
1694 3645 1842 3716 quod
1890 3644 2126 3699 decretis

533 3743 906 3815 suﬂ‘ragioquc
929 3740 1276 3795 subditorum
1301 3739 1642 3793 dominatum
1703 3736 1759 3790 iu
1804 3751 1902 3791 eos
1949 3736 2127 3805 impe-

534 3836 796 3901 traverit;
829 3834 946 3888 haec
979 3831 1127 3887 enim
1180 3834 1327 3899 regis
1384 3828 1656 3885 vocabulo
1709 3827 1931 3898 proprie
1978 3826 2127 3881 dicto

533 3924 904 3987 conveniunt;
941 3921 1035 3977 sed
1075 3920 1202 3989 quia
1244 3934 1409 3990 quam
1443 3935 1536 3975 rex
1597 3927 1848 3974 terrenus
1894 3918 2125 3973 liberam

537 4024 859 4085 potestatem
899 4014 950 4067 in
989 4013 1240 4068 subditos
1271 4026 1402 4066 suos
1457 4020 1694 4073 exercet,
1734 4011 1984 4065 eamdem
2022 4009 2127 4064 sibi

538 4122 689 4162 mors
714 4106 923 4177 peccati
954 4121 1122 4160 causa
1147 4104 1446 4159 vindicavit
1480 4123 1493 4158 :
1527 4113 1691 4173 atque
1730 4104 1801 4157 ob
1840 4102 1892 4157 id
1940 4111 1994 4157 et
2040 4117 2129 4156 re-

536 4198 664 4269 gina
688 4213 837 4252 mors
865 4207 920 4253 et
957 4196 1261 4251 inferorum
1318 4213 1546 4266 regnum
1595 4196 1878 4251 translatis
1937 4194 2125 4265 appel-

537 4291 835 4346 lationibus
863 4290 968 4345 dici
1004 4298 1259 4360 possunt.
1293 4290 1357 4342 Et
1389 4304 1521 4343 sane
1565 4288 1759 4343 mortis
1798 4288 1993 4343 eratin
2026 4302 2128 4342 nos

537 4391 665 4437 ante
711 4395 931 4435 crucem
965 4381 1209 4449 potentia
1250 4380 1474 4445 invicta,
1517 4379 1667 4434 omni
1704 4372 1818 4447 'spe
1872 4392 2122 4432 resurre-

2214 524 2660 596 προειρημένων,
2685 524 3068 594 εῦφωρότατον
3093 524 3204 595 ἔχει
3229 525 3326 596 τὴν
3352 525 3651 595 διάκρισιν
3682 546 3687 547 ί
3712 519 3818 577 οἷον

2212 616 2263 668 εί
2310 616 2575 685 τρόπαιον
2626 618 2655 669 6
2694 615 2951 687 σταυρὸς,
2991 617 3076 679 τίς
3123 619 3151 670 6
3179 619 3385 687 στήσας
3414 618 3484 671 τὸ
3517 616 3818 688 τρόπαιον;

2215 710 2263 762 εἱ
2297 707 2449 778 μὶνό
2483 709 2732 779 νικήσας,
2770 710 2821 761 τί
2879 710 3056 778 μάτην
3108 709 3169 762 τδ
3214 709 3489 763 Ἰουδαίων
3535 709 3701 772 ἔθνος
3748 712 3822 773 είς

2215 802 2630 872 χριστοκτονίαν
2674 800 3063 867 διαϐἀλλεται;
3102 804 3149 853 εί
3196 802 3240 854 δ’
3268 802 3421 855 αὐτοὶ
3471 801 3686 855 τοῦτον
3732 802 3824 855 ἐπ-

2216 892 2416 961 ήξαντο
2442 908 2453 921 ·
2486 892 2607 945 ούδὲ
2635 892 2744 963 γάρ
2765 893 3256 963 ἀμφισϐητήσιμον
3277 893 3464 946 τοῦτο·
3499 894 3635 955 πῶς
3652 896 3684 946 6
3705 894 3828 963 Χρι-

2217 985 2342 1047 στὸς
2393 986 2535 1039 κατά
2571 985 2667 1037 τοῦ
2704 984 2955 1038 διαϐόλου
2998 986 3261 1057 τρόπαιον
3308 985 3513 1055 στῆσαι
3560 985 3825 1053 λέγεταις

2227 1077 2501 1140 Ὡσαύτως
2537 1078 2591 1131 δὲ
2627 1078 2720 1131 καὶ
2743 1079 2795 1131 ετ
2822 1096 2907 1140 τις
2948 1077 3129 1132 λαϐὼν
3180 1078 3257 1148 τῷ
3286 1078 3427 1148 λόγῳ
3454 1079 3535 1132 τὰ
3569 1077 3675 1131 τοῦ
3703 1079 3828 1149 ᾅδου

2216 1168 2516 1239 βασιλείας,
2542 1169 2786 1238 δηλονότι
2816 1170 2907 1221 τὸν
2943 1169 3170 1239 βασιλέα
3205 1171 3616 1238 συνεπάγεται.
3667 1171 3830 1238 Λέγει

2213 1261 2271 1315 δέ
2300 1279 2404 1314 που
2440 1262 2535 1316 καὶ
2557 1260 2767 1324 Παῦλος
2798 1263 2825 1314 6
2849 1262 2949 1331 τῆς
2979 1262 3238 1331 ἀληθείας
3277 1262 3493 1332 κῆρυξ,
3530 1262 3621 1324 ὡς
3646 1262 3833 1315 ἐϐασί-

2217 1354 2410 1408 λευσεν
2440 1355 2470 1407 6
2520 1354 2749 1417 θανάτος
2803 1354 2911 1407 ἀπὸ
2959 1354 3133 1422 Ἀδὰμ
3189 1354 3349 1423 μέχρι
3391 1354 3724 1419 Μωῦσέως,
3771 1354 3828 1407 ού

2221 1448 2383 1518 μόνον
2412 1440 2487 1500 ὧν
2511 1442 2581 1519 ἦν
2612 1447 2673 1499 τὸ
2696 1446 2917 1517 ἀμάρτη
2927 1464 3000 1513 μα
3017 1446 3139 1500 καθ’
3160 1447 3456 1517 ὁμοιότητα
3476 1446 3588 1499 τοῦ
3630 1445 3827 1515 ’Δδάμ,

2217 1539 2357 1591 ἀλλά
2378 1538 2476 1592 καὶ
2510 1537 2605 1591 ἐπὶ⁸
2629 1539 2757 1602 τοὺς
2803 1538 2924 1591 κατ’
2952 1538 3174 1606 ἐκείνην
3216 1538 3315 1607 τὴν
3352 1538 3610 1609 μίμησιν
3642 1538 3831 1607 ἀμαρ-

2214 1633 2523 1703 τήσαντας·
2554 1633 2603 1684 εί
2648 1632 2706 1685 δέ
2737 1631 3011 1702 βασιλεὺς,
3052 1630 3133 1701 τῷ
3186 1630 3244 1683 δὲ
3283 1630 3497 1699 βασιλεῖ
3558 1630 3743 1700 νόμος
3773 1647 3831 1681 τε

2214 1724 2279 1776 τὸ
2314 1723 2534 1793 ἀξίωμα
2563 1725 2715 1794 καὶὴ
2757 1723 2867 1776 τῶν
2901 1723 3162 1793 ὑπηκόων
3206 1721 3590 1793 ἐγχειρίζεται
3618 1720 3829 1791 ψῆφος,

2214 1810 2260 1885 ᾧ
2287 1817 2345 1871 δὲ
2370 1815 2543 1869 ταῦτα
2585 1816 2853 1886 περίεστι,
2894 1814 3010 1879 πῶς
3036 1815 3101 1869 ἂν
3133 1816 3217 1886 εἴη
3253 1814 3413 1883 λόγον
3434 1815 3569 1884 ἕχον
3607 1814 3720 1884 τῆς
3749 1814 3831 1865 ὅτι

2216 1909 2443 1973 δικαίως
2470 1908 2753 1962 ἐϐασίλευε
2796 1908 2985 1979 τιμῆς,
3023 1907 3149 1962 ἀντὶ
3179 1906 3275 1961 τοῦ
3307 1908 3493 1977 γέρας
3513 1905 3831 1977 προσλαμ-

2219 2000 2423 2063 ϐάνειν,
2454 2000 2680 2070 ὑπέχειν
2706 2000 2805 2071 τὴν
2829 2000 3085 2070 στέρησιν
3108 2017 3124 2067 ;
3153 1999 3249 2052 καὶ
3269 1998 3378 2068 γάρ
3403 1999 3687 2069 ἐκάτερον
3716 1997 3832 2049 τῶν

2219 2096 2551 2165 εἰρημένων,
2588 2094 2718 2157 ἴσως
2744 2094 2845 2164 μὲν
2891 2093 2987 2147 καὶ
3033 2092 3282 2153 αὐτόθεν,
3306 2092 3406 2163 τὴν
3429 2091 3686 2161 ἀπορίαν
3714 2091 3831 2151 τοῖς

2218 2186 2610 2257 ἀκριϐέστερον
2643 2184 2845 2254 δρῶσιν
2876 2184 3030 2238 οὐδὲν
3055 2180 3278 2254 ἦττονῆ
3320 2182 3420 2254 τὴν
3468 2182 3639 2235 λύσιν
3692 2197 3833 2250 προ-

2219 2278 2511 2331 ϐάλλεται·
2548 2278 2785 2347 μάλιστα
2810 2279 2866 2331 δὲ
2896 2280 2960 2331 ἐκ
2984 2277 3092 2329 τῶν
3138 2276 3587 2345 προειρημένων,
3630 2273 3831 2345 ῥᾳδίαν

2219 2371 2437 2424 ἕλκουσι
2465 2371 2563 2442 τὴν
2592 2372 2899 2443 ἀπάντησιν
2919 2388 2933 2403 ⁸
2963 2371 3059 2423 καὶ
3101 2371 3211 2443 γὰρ
3254 2370 3507 2439 ἐπίδηλον
3546 2368 3826 2441 τρόπαιον

2223 2463 2322 2533 μὲν
2351 2463 2607 2532 λέγεσθαι
2644 2464 2736 2517 τὸν
2772 2463 3027 2534 σταυρὸν,
3056 2462 3167 2516 ἀπὸ
3193 2462 3289 2516 τοῦ
3320 2462 3464 2515 κατὰ
3488 2461 3634 2522 τοὺς
3658 2457 3826 2510 πολέ·

2224 2570 2362 2625 μους
2390 2554 2655 2625 τροπαίου
2705 2554 2805 2624 τῆς
2854 2554 3041 2622 φωνῆς
3082 2552 3539 2624 μετενεχθείσης·
3571 2548 3707 2603 ἐπεί
3760 2564 3822 2615 γε

2220 2645 2493 2715 λαμπρῶς
2522 2646 2772 2698 καθεῖλεν
2802 2646 2830 2697 6
2863 2644 3099 2716 Χριστὸς
3148 2644 3217 2697 δι’
3249 2645 3413 2697 αὐτοῦ
3450 2644 3546 2697 τὸν
3579 2640 3786 2714 ἐχθρόν
3806 2652 3820 2667 ⁸

2220 2738 2280 2789 ού
2319 2737 2454 2790 διότι
2484 2736 2542 2789 δὲ
2573 2738 2664 2790 τὸν
2711 2736 2945 2808 σταυρὸν
2998 2736 3269 2808 ἔστησεν·
3299 2737 3420 2791 ούδέ
3480 2737 3601 2805 γὰρ
3659 2733 3821 2795 αὐτὸς

2222 2830 2474 2901 ἔστησεν,
2501 2830 2743 2900 ἐπήξατο
2778 2829 2878 2898 μὲν
2906 2828 3017 2899 γὰρ
3044 2829 3210 2881 αύτδν
3248 2828 3311 2881 τὸ
3343 2828 3623 2897 Θεομάχον
3647 2826 3822 2887 ἔθνος,

2223 2923 2322 2993 ούχ
2357 2922 2432 2985 ὡς
2471 2923 2738 2993 τρόπαιον
2765 2922 2820 2975 δὲ
2860 2922 3003 2975 κατά
3034 2920 3129 2974 τοῦ
3172 2920 3398 2991 ἐχθροῦ,
3431 2920 3549 2973 ἀλλ’
3588 2920 3673 2983 ὡς
3728 2915 3819 2970 τοῦ

2223 3012 2404 3067 κοινοῦ
2433 3016 2686 3082 Σωτῆρος
2731 3014 3117 3085 κολαστήριον·
3154 3015 3182 3067 ὁ
3209 3013 3266 3066 δὲ
3305 3013 3405 3083 τὴν
3444 3013 3685 3066 ἐκείνων
3725 3029 3825 3064 κα-

2149 3130 2194 3189 C
2227 3110 2493 3180 κουργίαν
2516 3111 2595 3171 είς
2619 3109 2715 3179 τὴν
2734 3108 2873 3161 κατά
2888 3105 2985 3159 τοῦ
3010 3106 3208 3178 ἐχθροῦ
3230 3106 3390 3177 νίκην
3416 3104 3819 3177 ἀντιστρέψας.

2227 3197 2315 3255 οἶα
2337 3201 2402 3270 δὴ
2428 3200 2673 3273 τροπαίῳ
2696 3201 2772 3272 τῷ
2802 3200 3023 3275 σταυρῷ
3046 3201 3469 3272 προσεχρήσατο
3493 3216 3507 3231 ο
3530 3199 3665 3253 οὔτε
3690 3196 3821 3266 γοῦν

2226 3294 2288 3345 τὸ
2318 3293 2428 3345 τῶν
2467 3293 2738 3346 Ἰουδαίων
2781 3293 2914 3359 ἄγος
2941 3290 3001 3344 τὸ
3031 3291 3293 3361 τρόπαιον
3334 3290 3588 3359 ἔστησεν,
3617 3289 3682 3343 οὐ
3716 3286 3822 3357 μὴν

2226 3384 2346 3439 ἀλλ’
2377 3384 2482 3438 οὐδ’
2514 3386 2541 3437 6
2558 3384 2749 3456 Σωτὴρ
2772 3384 2867 3437 τοῦ
2892 3384 3082 3455 γένους
3114 3383 3292 3453 ἐαυτῷ
3316 3383 3407 3436 τὸν
3427 3383 3669 3453 σταυρὸν
3700 3396 3822 3433 συν-

2228 3476 2493 3547 επήξατο,
2516 3475 2630 3529 ἀλλ’
2660 3475 2883 3528 ἐκείνων
2908 3476 3001 3527 ἐπὶ
3030 3474 3253 3527 κολάσει
3282 3473 3377 3527 τοῦ
3403 3473 3687 3527 Δεσπότου
3715 3487 3820 3530 πη-

2230 3568 2504 3638 ξαμένων,
2535 3567 2699 3630 αὐτὸς
2730 3568 2823 3620 ἐπὶ
2847 3567 3091 3639 σωτηρίᾳ
3119 3568 3217 3636 τῆς
3263 3568 3543 3637 ἡμετέρας
3600 3566 3820 3635 φύσεως

2228 3662 2312 3722 εἰς
2332 3659 2595 3730 τρόπαιον
2625 3661 2957 3729 μετετάξατο
2980 3675 2993 3688 ’
3027 3661 3121 3712 καὶ
3173 3659 3301 3730 ᾅδου
3350 3658 3405 3711 δέ
3439 3656 3701 3726 βασίλεια
3733 3652 3817 3705 λέ-

2228 3765 2411 3817 γεται,
2453 3750 2549 3802 καὶ
2575 3749 2835 3819 βασιλεὺς
2862 3751 2890 3802 6
2930 3750 3187 3814 Θάνατος,
3220 3749 3319 3818 οὐχ
3348 3749 3429 3801 ὅτι
3464 3747 3694 3816 θεσμοῖς
3730 3742 3819 3796 καὶ

2229 3835 2429 3908 γνώμῃ
2454 3836 2561 3891 τῶν
2593 3839 2916 3909 ἀρχομένων
2938 3840 3038 3910 τὴν
3069 3841 3190 3891 κατ’
3224 3837 3406 3890 αὐτῶν
3450 3839 3577 3907 ἔσχε
3626 3834 3816 3904 κυριό-

2228 3944 2392 3997 τητα,
2424 3927 2600 3981 ταῦτα
2647 3930 2756 3999 γὰρ
2801 3928 2880 3999 τῷ
2925 3930 3131 4000 κυρίως
3176 3930 3561 4001 σημαινομένῳ
3591 3927 3685 3981 διά
3720 3925 3816 3992 τῆς

2229 4019 2324 4072 τοῦ
2358 4019 2621 4090 βασιλέως
2649 4022 2835 4091 φωνῆς
2864 4022 3079 4087 ἕπεται,
3111 4023 3228 4075 ἀλλ’
3265 4021 3564 4091 ἐπειδήπερ
3583 4021 3697 4071 τῶν
3727 4014 3816 4068 ἐπὶ

2230 4113 2333 4182 γῆς
2369 4116 2396 4167 6
2428 4112 2727 4182 βασιλεύων
2779 4116 2839 4168 τὸ
2885 4116 3087 4186 κράτος
3132 4115 3428 4168 ἀδέσποτον
3470 4113 3631 4183 φέρει
3678 4104 3815 4162 κατά

2229 4206 2341 4257 τῶν
2375 4205 2481 4258 ὑπὸ
2511 4208 2668 4276 χεῖρα
2690 4222 2704 4237 °
2743 4207 2899 4260 τοῦτο
2926 4207 2982 4259 δὲ
3004 4208 3031 4259 6
3058 4206 3285 4268 θάνατος
3310 4204 3398 4256 διά
3436 4203 3534 4272 τῆς
3561 4196 3815 4270 παραϐά-

2232 4310 2371 4358 σεως
2398 4296 2649 4366 ¹ἥρπασεν
2669 4312 2683 4324 ’
2714 4296 2888 4368 ταύτῃ
2910 4298 2966 4350 δὲ
2996 4297 3089 4349 καὶ
3114 4296 3368 4365 βασιλεὺς
3413 4289 3575 4353 εἶναι,
3612 4292 3708 4345 καὶ
3749 4284 3813 4337 τὰ

2232 4386 2425 4438 τούτου
2466 4388 2717 4455 βασίλεια
2744 4388 3003 4456 λέγεσθαι
3033 4386 3426 4457 μεταθεμένοις
3449 4384 3510 4438 τδ
3531 4384 3705 4452 ὄνομα
3725 4378 3811 4431 δύ’

537 4472 742 4529 ctionis
774 4471 1001 4542 praecisa
1030 4481 1084 4525 et
1112 4472 1385 4526 exstincta
1423 4490 1436 4526 :
1468 4485 1657 4524 verum
1689 4471 1971 4524 enimvero
2006 4486 2120 4523 eum

2236 4491 2394 4527 ναται
2419 4492 2432 4505 ⁸
2469 4476 2565 4530 καὶ
2579 4472 2648 4548 ἦν
2674 4478 2771 4547 μὲν
2794 4476 2945 4547 αὐτῷ
2964 4475 3074 4546 πρὸ
3097 4474 3192 4528 τοῦ
3219 4472 3455 4543 σταυροῦ
3484 4470 3606 4523 καθ’
3635 4464 3811 4539 ἡμῶν,

538 4560 825 4615 Dominica
854 4560 1040 4630 passio
1067 4560 1175 4613 vim
1216 4559 1365 4615 illius
1398 4560 1628 4613 omnino
1662 4559 1974 4625 abstulerit,
2004 4560 2129 4629 jure

540 4654 845 4724 meritoque
884 4651 1122 4707 dicimus
1144 4667 1374 4721 regnum
1414 4652 1535 4720 ejus
1571 4666 1694 4706 esse
1723 4651 2020 4720 direptum.

2236 4567 2451 4637 ἄμαχος
2480 4570 2511 4639 ἡ
2548 4569 2775 4637 τοιαύτη
2816 4570 2981 4639 ἀρχὴ,
3035 4570 3218 4621 πᾶσαν
3244 4566 3600 4625 ἀναστάσεως
3629 4557 3812 4614 ἐλπίδα

2237 4661 2649 4727 περικόπτουσὰ
2678 4679 2737 4713 τε
2780 4664 2872 4716 καὶ
2915 4658 3334 4731 νεκροποιοῦσα,
3366 4655 3460 4710 τοῦ
3485 4655 3541 4708 δὲ
3566 4655 3811 4708 δεσποτι-

540 4743 636 4798 κοῦ
671 4744 877 4807 πάθους
908 4744 1006 4809 τῆς
1041 4742 1224 4813 ἰσχύος
1247 4743 1411 4797 αὑτὸν
1438 4741 1721 4804 παντελῶς
1763 4742 2125 4812 ἀφελομένου,
2164 4749 2389 4813 εἰκότως
2424 4752 2519 4805 καὶ
2543 4753 2689 4806 κατὰ
2715 4753 2872 4823 λόγον
2912 4753 3095 4822 φαμὲν
3130 4748 3493 4804 ἐσκυλεῦσοαι
3548 4748 3621 4801 τὰ
3695 4743 3811 4801 τού-

549 4859 634 4895 του
667 4841 938 4911 βασίλεια.

612 4934 698 4989 10.
744 4933 887 5003 Ergo
928 4934 1080 4996 licet,
1108 4932 1459 4996 utarbitror,
1508 4930 1679 4985 alacri
1723 4932 1910 4985 animo
1959 4932 2129 4987 confl~

542 5026 802 5095 dentique
826 5026 1013 5094 lingua
1060 5024 1261 5088 dicere,
1295 5022 1661 5077 voluntariam
1692 5023 1854 5077 simul
1889 5034 1944 5079 et
1974 5025 2133 5080 invo-

545 5118 840 5172 luntariam
865 5114 1014 5170 Patri
1048 5114 1317 5171 accidisse
1332 5112 1453 5168 Filii
1488 5128 1678 5169 necem
1707 5132 1720 5169 :
1746 5122 1800 5169 et
1828 5115 1881 5171 id
1914 5125 2131 5170 utrum-

543 5225 653 5279 que
698 5209 767 5262 de
803 5208 960 5263 hoste
1006 5222 1223 5278 quoque
1286 5207 1508 5262 diabolo
1560 5206 1905 5276 pronuntiari
1966 5222 2132 5279 posse

545 5300 816 5354 videmus.
850 5297 1092 5355 Dicimus
1122 5300 1346 5369 insuper
1372 5298 1525 5354 cruci
1549 5298 1830 5353 Christum
1855 5314 1951 5369 pro
1973 5299 2133 5355 nobis

548 5391 913 5460 subjacuisse,
945 5406 1215 5461 suumque
1241 5392 1563 5461 sanguinem
1594 5390 1898 5446 clementia:
1932 5392 2134 5446 instin-

550 5489 641 5537 ctu
677 5481 990 5551 profudisse
1022 5501 1036 5537 :
1074 5497 1253 5553 neque
1294 5492 1476 5539 tamen
1520 5483 1777 5555 cuiquam
1813 5486 2081 5541 obtulisse
2115 5502 2131 5541 :

556 5588 661 5627 non
683 5572 830 5627 enim
853 5574 901 5628 ei
928 5576 1268 5643 propositum
1290 5584 1407 5631 erat
1438 5576 1763 5647 sanguinem
1784 5575 2003 5643 oﬂ‘erre,
2036 5577 2132 5632 sed

556 5663 811 5733 passione
840 5679 939 5718 sua
977 5667 1122 5734 quod
1156 5667 1392 5735 perierat
1417 5681 1762 5725 conservare.
1811 5668 1928 5725 Non
1967 5669 2133 5740 igitur

623 5777 668 5808 ⁸⁸
702 5775 864 5831 Rom.
890 5792 945 5846 ν,
976 5778 1059 5832 Μ.

2310 4944 2361 4993 ι’.
2396 4938 2645 4991 Ἐνεστιν
2669 4935 2782 5003 οῦν,
2831 4932 3009 5008 οἶμαι,
3042 4933 3239 5008 γνώμῃ
3294 4951 3351 4996 τε
3410 4931 3678 5002 χαιρούσῃ
3730 4927 3812 4982 καὶ

2240 5030 2740 5103 παρρησιαζομένη
2782 5028 3006 5101 γλώσσῃ
3052 5028 3258 5096 λέγειν,
3296 5027 3447 5088 ὅπως
3486 5041 3546 5078 τε
3604 5020 3812 5090 θελητύν

2238 5122 2356 5174 ἐστι
2382 5122 2475 5174 καὶ
2499 5122 2764 5193 ἀθέλητον
2790 5123 2818 5175 ὁ
2840 5120 3071 5183 θάνατος
3095 5119 3194 5172 τοῦ
3218 5116 3351 5172 Υίοῦ
3381 5116 3461 5186 τῷ
3490 5114 3667 5186 Πατρί
3691 5129 3704 5142 ’
3730 5109 3811 5166 ml

2238 5215 2387 5277 ὅπως
2413 5215 2675 5288 ἑκάτερον
2700 5214 2880 5269 αὐτῶν
2904 5213 3033 5284 περὶ
3053 5213 3145 5267 τὸν
3173 5209 3434 5281 πολέμιον
3457 5208 3650 5279 ὁρᾶται
3670 5202 3793 5273 λεγό

2244 5325 2405 5379 μενον
2429 5325 2443 5340 ο
2480 5311 2577 5362 καὶ
2601 5308 2676 5372 ὡς
2715 5308 2814 5379 μὲν
2845 5306 2985 5378 ὑπὲρ
3011 5306 3168 5377 ἡμῶν
3199 5302 3435 5372 σταυρὸν
3464 5299 3695 5368 ὑπέστη,
3727 5292 3808 5348 xu."

2239 5400 2300 5453 τὸ
2329 5401 2528 5454 οἰκεῖον
2587 5402 2615 5453 6
2672 5398 3056 5469 φιλάνθρωπος
3111 5390 3254 5466 αἷμα
3301 5392 3539 5463 ἐξέχεεν,
3562 5388 3622 5442 οὐ
3658 5397 3791 5457 προσ

2242 5491 2442 5559 ήνεγκε
2468 5490 2526 5544 δὲ
2551 5490 2716 5543 τοῦτό
2743 5507 2850 5544 τινι
2870 5503 2885 5519 ⁸
2916 5488 2978 5543 ού
3013 5487 3124 5559 γὰρ
3150 5482 3299 5555 αὐτῷ
3329 5482 3533 5544 σκοπὸς
3560 5475 3631 5551 ἦν
3659 5490 3805 5547 προσ

2241 5581 2510 5649 ενεγκεῖν,
2534 5579 2651 5633 ἀλλ’
2682 5582 2742 5634 ἐν
2781 5578 2862 5649 τῷ
2905 5578 3070 5632 πάθει
3098 5577 3160 5630 τὸ
3209 5574 3491 5637 ἀπολωλὸς
3537 5570 3801 5626 ἀνασώσα-

2244 5673 2399 5729 σθαι·
2431 5674 2494 5729 ού
2527 5676 2906 5746 προσήνεγκεν
2932 5666 3048 5738 οὖν,
3081 5671 3130 5724 εί
3162 5670 3236 5740 μή
3276 5684 3382 5722 τινι
3412 5664 3557 5720 κατὰ
3591 5674 3801 5735 μεταφο
