4084 6488
265 368 368 435 189

1178 370 1278 430 AD
1314 366 1919 429 AMPHILOCHIUM
1976 365 2328 439 QUIESTIO
2395 368 2573 431 XXV.

3456 364 3563 432 190

260 496 364 567 ρὰν
391 492 453 547 τὸ
473 492 619 565 ὑπὲρ
647 493 680 562 ἡ
691 492 809 563 μῶν
840 491 1039 545 παθεῖν
1062 490 1250 557 αὐτὸν,
1288 491 1443 560 φίλον
1477 492 1629 546 ἐστὶν
1656 489 1859 561 ὀνομά-

1973 486 2174 543 obtulit
2212 505 2225 541 :
2259 486 2367 542 nisi
2402 488 2544 542 forte
2569 486 2810 557 cuipiam
2848 485 3045 557 placet,
3085 485 3396 556 passionem
3441 488 3561 556 ejus

258 586 378 650 ζειν
402 586 800 655 προσενεγκεῖν
824 600 840 615 ·
876 582 1161 647 ἀκώλυτος
1187 582 1297 653 γὰρ
1321 582 1411 635 διὰ
1432 583 1532 653 τὴν
1558 583 1877 654 ὁμοιότητα⁹

258 680 363 750 τῆς
399 679 586 749 φωνῆς
618 680 651 749 ὴ
685 679 886 749 χρῆσις
919 678 977 730 ἐν
1002 678 1243 748 σχήματι
1272 676 1579 747 λεγομένης
1606 677 1815 748 τροπῆς
1838 689 1855 704 ⁶

259 772 455 841 ὥσπερ
498 771 883 843 κεκωλυμένον
920 771 1023 841 τῆς
1072 771 1134 824 τὸ
1171 770 1361 842 κύριον
1412 770 1644 844 ἐχούσης
1688 787 1861 842 προσ·-

260 866 498 937 ηγορίας
530 865 591 919 τὸ
627 866 825 935 ἰδίωμα
852 866 945 918 ἐπὶ
968 865 1174 935 ταύτης
1224 867 1482 918 ἀπαιτεῖν
1507 882 1519 895 ’
1548 866 1644 919 καὶ
1689 881 1860 934 φανε-

265 960 366 1032 ρὸν
392 960 468 1023 ῶς
496 958 621 1012 οὔτε
646 959 1027 1031 προσήνεγκεν
1088 956 1214 1010 οὔτε
1283 958 1626 1030 προσέφερεν
1675 957 1787 1027 (40)
1831 955 1860 1008 6

276 1050 474 1123 Ἀμνδς
491 1050 587 1105 τοῦ
611 1050 748 1104 Θεοῦ
772 1052 801 1103 6
828 1047 1001 1121 αἴρων
1021 1049 1119 1119 τὴν
1148 1049 1427 1120 ἁμαρτίαν
1447 1049 1542 1102 τοῦ
1566 1050 1773 1120 κόσμου
1801 1049 1861 1103 τὸ

263 1147 537 1215 σωτήριον
563 1145 661 1198 καὶ
699 1142 997 1214 καθάρσιον
1036 1138 1177 1214 αἷμα
1221 1143 1317 1197 τοῦ
1367 1142 1557 1212 γένους
1588 1142 1778 1213 ἡμῶν*
1812 1144 1860 1196 εί

256 1238 358 1291 καὶ
400 1239 428 1290 6
462 1236 655 1308 Πατὴρ
692 1238 722 1289 6
755 1236 844 1290 διὰ
893 1236 956 1288 τὸ
1003 1236 1113 1291 ἀπὸ
1153 1235 1250 1289 τοῦ
1292 1235 1502 1299 πάθους
1557 1234 1862 1304 ἐκϐεϐηκὸς

253 1331 579 1403 τερπομένη
614 1333 710 1384 καὶ
738 1331 1014 1403 χαιρούσῃ
1045 1328 1245 1402 γνώμῃ
1274 1329 1336 1382 τὸ
1371 1322 1512 1397 αἷμα
1543 1327 1636 1381 τοῦ
1668 1327 1863 1390 Παιδὸς

255 1424 630 1489 ὐποδέξασθαι
670 1423 929 1493 λέγεται’
961 1422 1100 1476 ἀλλὰ
1138 1421 1313 1475 ταῦτα
1360 1422 1459 1492 μὲν
1513 1421 1560 1473 εἰ
1615 1419 1711 1472 καὶ
1760 1417 1861 1488 τῆς

256 1513 486 1577 ἐλπίδος
524 1514 592 1584 ἢν
622 1512 809 1566 ὤδινεν
837 1514 871 1583 ή
909 1511 1190 1581 ἐξαίτησις
1240 1509 1371 1572 ἴσως
1409 1509 1509 1579 μὲν
1549 1506 1863 1561 ὲντελέστε-

260 1623 380 1676 ρον,
415 1605 559 1676 πλήν
580 1621 643 1672 γε
664 1605 805 1657 κατὰ
823 1604 917 1657 τὸν
933 1602 1198 1673 ἐπίτομον
1220 1602 1624 1673 προενήνεκται
1654 1598 1825 1651 τύπον
1844 1614 1860 1631 ο

260 1698 387 1751 ἐπεὶ
420 1697 550 1768 μηδ’
582 1696 949 1768 ἐπιλέλησμαι
975 1695 1118 1749 κατὰ
1164 1695 1265 1759 τὰς
1294 1692 1665 1765 σχολαζούσας
1698 1691 1859 1761 μελέ-

262 1808 364 1853 τας
392 1792 507 1853 τοῖς
527 1789 844 1860 ἱερωτάτοις
874 1788 1034 1859 ἡμῶν
1069 1788 1308 1857 δόγμασι
1343 1784 1604 1847 πολλάκις
1628 1783 1860 1837 ἀκοῦσαι

1963 594 2067 650 pro
2095 578 2279 647 nobis,
2305 578 2538 649 ﬁgurate
2561 578 2891 633 oblationem
2916 578 3213 649 appellare.
3247 579 3389 633 Nihil
3412 579 3561 635 enim

1960 681 2111 729 vetat
2140 672 2211 727 ob
2237 672 2488 727 vocabuli
2517 672 2959 737 similitudinem,
3004 673 3304 743 quominus
3339 687 3405 727 eo
3436 682 3560 726 uta-

1961 778 2089 818 mur
2114 778 2182 817 ex
2217 761 2395 817 forma
2425 763 2673 833 praedicti
2730 763 2875 834 tropi
2910 779 2923 817 :
2963 771 3021 817 at
3084 764 3313 818 vetitum
3362 774 3556 819 contra

1961 864 2068 921 est,
2096 854 2334 926 prepriae
2362 856 2638 911 strictaave
2668 856 3056 924 appellationis
3098 856 3475 911 characterem
3500 856 3557 909 in

1961 947 2150 1000 eadem
2177 946 2456 1001 locutione
2482 948 2793 1016 exquirere.
2824 946 2955 1001 Sine
2980 946 3149 1001 dubio
3174 948 3358 1017 itaque
3380 961 3561 1017 neque

1962 1038 2228 1095 offerebat
2256 1053 2437 1109 neque
2463 1039 2664 1093 obtulit
2686 1038 2779 1094 Dei
2812 1040 3026 1109 Agnus,
3045 1039 3139 1108 qui
3158 1039 3345 1093 mundi
3364 1054 3560 1109 pecca-

1964 1139 2079 1185 tum
2111 1130 2359 1195 abstulit,
2396 1130 2721 1199 sanguinem
2758 1146 2919 1185 suum
2949 1129 3246 1185 salutarem
3273 1131 3559 1200 nostrique

1963 1225 2181 1295 generis
2229 1231 2584 1294 purgatorem
2618 1240 2633 1277 :
2669 1238 2985 1293 quanquam
3018 1222 3205 1286 Pater,
3244 1222 3315 1277 ob
3340 1222 3557 1293 passio-

1963 1317 2053 1372 nis
2073 1317 2390 1381 utilitatem,
2418 1315 2610 1371 libenti
2628 1316 2860 1386 laatoque
2885 1315 3070 1371 animo
3087 1314 3211 1370 Filii
3228 1315 3554 1386 sanguinem

1963 1410 2277 1479 suscepisse
2305 1408 2816 1464 dicitur..lamvero
2872 1409 2972 1464 etsi
3028 1410 3145 1465 haec
3198 1410 3339 1464 forte
3391 1424 3559 1479 supra

1964 1516 2113 1570 spem
2170 1501 2561 1571 postulationis
2616 1508 2725 1556 tua:
2783 1500 2950 1571 paulo
3001 1500 3219 1572 plenius
3279 1500 3558 1570 disputata

1965 1593 2212 1657 fuerunt,
2256 1593 2619 1649 nihilominus
2650 1595 2841 1649 eadem
2890 1610 2921 1649 a
2984 1595 3289 1649 summario
3340 1593 3558 1648 dicendi

1965 1700 2164 1756 genere
2200 1701 2311 1740 non
2360 1686 2646 1740 recedunt.
2709 1685 2896 1756 Neque
2930 1688 3077 1741 enim
3123 1700 3232 1740 non
3278 1687 3558 1747 recordor,

1966 1783 2115 1830 tuam
2151 1790 2295 1845 saepe
2331 1776 2593 1831 virtutem
2650 1792 2748 1847 per
2801 1776 3164 1832 scholasticas
3210 1776 3277 1832 de
3310 1776 3559 1845 angustis

266 1884 364 1955 τὴν
406 1883 508 1956 σὴν
561 1884 765 1956 ἀρετὴν
829 1882 1309 1954 φυλοκρινούμενα
1360 1880 1431 1933 τὰ
1466 1878 1695 1933 τοιαῦτα
1719 1894 1734 1910 ·
1768 1877 1865 1931 καὶ

1970 1868 2172 1922 nostris
2196 1868 2543 1937 dogmatibus
2566 1869 3013 1935 exercitationes,
3045 1870 3161 1924 haec
3192 1880 3451 1924 accurate
3472 1869 3560 1923 di-

270 1975 399 2047 ρᾷόν
429 1976 580 2027 ἐστιν
614 1975 679 2027 ἐκ
700 1974 809 2027 τῶν
840 1976 1128 2045 παρόντων
1159 1974 1295 2027 εἴτι
1326 1974 1422 2027 καὶ
1451 1972 1592 2042 λήθη
1636 1971 1748 2024 τῶν
1776 1970 1863 2023 λο-

266 2066 485 2137 γισμῶν
522 2066 799 2135 ἀφείλετο,
867 2068 950 2130 είς
999 2067 1103 2137 τὴν
1160 2065 1271 2119 τῶν
1333 2061 1864 2136 παραλελειμμένων

269 2159 604 2228 συνάγεσθαι
651 2160 896 2230 μνήμην.

807 2270 1147 2324 ΕΡΩΤΗΣΙΣ
1179 2267 1307 2324 KE'.

1966 1971 2118 2033 gesta
2143 1961 2440 2017 audivisse.
2477 1960 2573 2017 Est
2597 1971 2782 2017 autem
2829 1961 3070 2028 facilius,
3103 1962 3148 2017 si
3183 1961 3314 2032 quid
3352 1961 3559 2016 oblivio

1967 2058 2034 2113 de
2068 2053 2497 2126 cogitationibus
2529 2054 2733 2109 nostris
2764 2054 3008 2119 detrivit,
3046 2070 3149 2124 ope
3174 2068 3389 2119 eorum,
3434 2069 3559 2124 qua:

1969 2162 2152 2204 coram
2174 2155 2324 2213 sunt,
2343 2146 2838 2216 praetermissorum
2865 2146 3183 2200 memoriam
3212 2159 3558 2215 recuperare.

2306 2258 2642 2327 QUESTIO
2681 2258 2825 2312 xxv
2872 2258 2969 2331 [αι.
3005 2258 3223 2330 XXIX].

1972 2371 2271 2441 Cujusnam
2303 2387 2404 2424 vox
2438 2371 2529 2434 sit,
2566 2387 2684 2439 qum
2730 2370 2901 2422 dicit:
2934 2388 2951 2419 t
2995 2367 3111 2421 [Ioc
3162 2378 3338 2441 autem
3387 2376 3561 2441 totum

272 2384 443 2447 Τίνος
462 2383 502 2450 ἡ
524 2382 694 2451 φωνὴ
720 2382 759 2448 ἡ
777 2382 1069 2452 λέγουσιν
1089 2401 1107 2433 ι
1137 2382 1318 2436 Τοῦτο
1334 2380 1401 2434 δὲ
1420 2381 1568 2435 ὅλον
1592 2379 1823 2452 γέγονε,
1836 2395 1855 2428 ι

334 2454 601 2523 πότερον
616 2454 723 2507 τοῦ
736 2451 1151 2523 συγγραφέως,
1171 2453 1208 2521 ἣ
1232 2452 1340 2506 τοῦ
1367 2451 1792 2520 Ἄρχαγγέλου;

1459 2560 1605 2613 Edita
1622 2560 1682 2610 ab
1712 2560 2034 2617 Ant.Scotto,
2058 2557 2093 2605 ι.
2138 2569 2204 2616 c.,
2232 2569 2281 2618 p.
2318 2554 2420 2604 4-6.

2044 2437 2246 2511 factum
2277 2450 2354 2495 est
2381 2442 2426 2472 ’°
2454 2458 2470 2508 ;
2502 2460 2521 2493 ›
2560 2437 2979 2510 evangelistwne,
3011 2455 3082 2491 an
3116 2437 3456 2508 archangeli?

336 2673 470 2728 Ὅτι
523 2674 623 2745 μὲν
680 2673 1127 2747 ἐκπληττομένου
1178 2675 1273 2729 καὶ
1319 2672 1695 2745 θαυμάζοντός
1745 2673 1863 2725 ἐστι

264 2766 374 2820 τῶν
431 2767 642 2838 ἔργων,
696 2768 792 2821 καὶ¹
833 2767 939 2820 τῶν
968 2767 1143 2836 λόγων
1173 2768 1233 2820 τὸ
1270 2766 1573 2839 ὑπερφυὲς,
1616 2767 1757 2833 αὕτη
1803 2782 1864 2819 τε

1970 2777 2067 2831 que
2123 2760 2464 2814 nobilitatem
2522 2759 2847 2813 admirantis
2895 2773 2959 2813 ea
3006 2759 3079 2813 sit
3112 2773 3259 2827 vox;
3307 2760 3561 2814 sublimis

265 2857 359 2912 τοῦ
388 2858 559 2925 λόγου
592 2861 626 2929 ἡ
664 2858 962 2929 περικοπή,
991 2859 1086 2911 καὶ
1113 2859 1222 2911 τῶν
1248 2859 1586 2929 ὀνομάτωνή
1620 2857 1864 2927 συνθήκη

1970 2854 2081 2923 ipsa
2134 2852 2403 2907 orationis
2458 2853 2749 2923 particula,
2796 2853 3198 2923 numinumque
3263 2860 3561 2908 contextus

266 2949 576 3019 παρίστησι
615 2926 839 3017 σαφῶςί
872 2967 891 2999 ι
924 2926 1097 3000 Τοῦτο
1125 2948 1234 3017 γὰρ
1263 2926 1384 3000 ὅλον
1410 2926 1628 3015 γέγονε,
1660 2965 1677 2997 ι
1709 2926 1865 3015 φησὶ,

1970 2945 2268 3001 luculenter
2300 2945 2561 3001 ostendit.
2612 2944 2870 3001 Profecto
2906 2964 2926 2998 ι
2971 2946 3077 3001 hoc
3126 2955 3302 3001 totum
3355 2946 3561 3002 factum

269 3039 388 3091 ἀντὶ
417 3038 543 3103 τοῦ,
572 3036 692 3101 πῶς
725 3037 846 3091 ὅλον
867 3037 1027 3089 τοῦτο
1057 3036 1332 3106 προῆλθε;
1362 3036 1508 3101 Πῶς,
1542 3034 1587 3088 ὣ
1612 3034 1706 3089 τοῦ
1732 3034 1866 3087 θαύ-

1972 3043 2057 3091 est
2093 3054 2112 3088 ι
2163 3036 2415 3090 adhibuit
2470 3051 2571 3105 pro
2619 3037 2899 3106 quomodo
2956 3036 3010 3091 id
3076 3052 3241 3092 omne
3288 3038 3565 3109 contigit?

278 3133 464 3201 ματοςί
506 3131 680 3201 ἐφάνη
732 3129 795 3183 τὸ
822 3129 1130 3195 ἔκπληκτον
1154 3127 1336 3195 τοῦτο,
1363 3129 1457 3181 καὶ
1479 3127 1649 3197 γέμον
1670 3128 1866 3179 ἐκστά-

1974 3126 2293 3193 Quomodo,
2330 3125 2490 3196 (proh
2522 3127 2785 3196 mirum!)
2833 3129 2938 3183 hoc
2965 3128 3206 3184 novitate
3236 3130 3563 3199 percellens,

281 3240 443 3289 σεως;
528 3222 654 3284 Πῶς
710 3221 953 3275 τοιοῦτον
1012 3220 1164 3290 ἣλιος
1200 3214 1337 3284 εἶδε;
1386 3218 1510 3281 Πῶς
1552 3216 1863 3288 ἀνθρώποις

1972 3227 2025 3273 et
2056 3219 2417 3273 admiratione
2463 3218 2682 3288 plenum
2727 3220 3025 3288 apparuit?
3072 3219 3174 3286 Qui
3219 3223 3325 3276 tale
3356 3220 3563 3278 factum

1895 3279 1938 3339 C

2031 2665 2189 2733 Quod
2220 2665 2584 2736 stupescentis
2614 2665 2803 2731 animi,
2824 2673 2878 2720 et
2909 2664 3178 2721 factorum
3234 2665 3563 2721 verborum-
3654 2712 3674 2730 ,

280 3313 602 3384 ἐπεγνώσθη
625 3314 911 3377 τοιοῦτον;
946 3313 1058 3366 Καὶ
1109 3313 1191 3365 ὅτι
1243 3312 1385 3381 μετὰ
1422 3311 1485 3364 τὸ
1524 3308 1868 3380 άνακηρύξαι

276 3407 335 3458 τό
384 3424 444 3458 τε
498 3407 749 3477 άσποραν
794 3406 889 3459 τοῦ
923 3405 1107 3471 τόκου,
1161 3405 1260 3459 καὶ
1305 3404 1405 3475 τὴν
1449 3405 1511 3456 ἐκ
1555 3402 1872 3473 Πνευμάτος

274 3497 427 3564 ἁγίου
486 3498 774 3569 σύλληψιν,
828 3499 923 3550 καὶ
954 3498 1053 3568 τὴν
1085 3496 1179 3549 τοῦ
1230 3495 1486 3567 Σωτῆρος
1530 3494 1753 3563 κλῆσιν,
1803 3493 1871 3564 ἢν

270 3587 404 3641 διότι
488 3587 677 3653 σώζει,
734 3589 1096 3659 προσείληφε,
1157 3586 1251 3641 τὸν
1288 3586 1419 3640 λαὸν
1451 3585 1639 3647 αὐτοῦ,
1672 3584 1768 3638 καὶ
1787 3582 1873 3636 τό·

271 3698 334 3746 γε
362 3681 462 3733 οὐκ
489 3680 602 3733 ἀπό
651 3697 813 3733 τινων
865 3679 1196 3750 σωματικῶν
1247 3679 1599 3748 νοσημάτων,
1648 3670 1729 3738 οἷς
1776 3674 1873 3730 καὶ

276 3774 479 3844 ἰατρῶν
518 3772 782 3835 πολλάκις
818 3774 999 3843 χεῖρες
1033 3773 1373 3843 ἐπήρκεσαν,
1409 3770 1524 3824 ἀλλ’
1566 3769 1662 3825 ἀπ’
1692 3767 1873 3822 αὐτῶν

271 3882 335 3932 γε
381 3865 485 3935 τῆς
542 3864 723 3935 ψυχῆς
770 3863 1229 3935 ἀρρωστημάτων
1271 3879 1332 3914 τε
1375 3862 1469 3915 καὶ
1509 3860 1873 3931 μολυσμάτων

267 3950 342 4010 ὧν
367 3957 472 4009 οὐκ
504 3954 654 4009 ἔστιν
705 3957 888 4026 εὑρεῖν
921 3956 1221 4026 καθάρσιον
1263 3952 1390 4006 οὔτε
1437 3953 1574 4021 ἴαμα
1596 3952 1695 4022 τῆς
1722 3950 1875 4013 θείας

270 4049 440 4119 χωρὶς
461 4047 763 4118 εὐμενείας
789 4064 850 4099 τε
905 4048 1003 4100 καὶ
1060 4044 1394 4109 ἐπινεύσεως
1429 4061 1444 4077 ο
1486 4044 1577 4097 διὰ
1630 4042 1762 4111 γοῦν
1811 4043 1875 4095 τὸ

268 4139 447 4191 εἰπεῖν
470 4137 549 4191 τὰ
580 4138 871 4208 εἰρημένα,
912 4138 1005 4190 καὶ
1051 4136 1149 4207 τὴν
1184 4135 1277 4189 τοῦ
1315 4136 1594 4206 Σωτῆρος,
1623 4136 1731 4187 ἀπὸ
1770 4136 1870 4205 τῆς

269 4230 457 4299 κοινῆς
482 4228 817 4298 εὐεργεσίας
835 4226 1153 4295 ὀνομασίαν,
1170 4226 1334 4289 εὐθὺς
1361 4226 1631 4293 ἐπήγαγεο
1659 4244 1677 4276 t
1702 4223 1876 4278 Τοῦτο

268 4320 326 4374 δέ
347 4320 474 4374 ὅλον
502 4319 704 4386 γέγονε
736 4318 825 4370 ἵνα
853 4315 1116 4387 πληρωθῇ
1135 4318 1191 4369 τὸ
1225 4317 1388 4387 ῥηθὲν
1411 4318 1515 4370 ὑπὸ
1545 4316 1639 4369 τού
1664 4316 1871 4388 Κυρίου

271 4414 359 4467 διὰ
390 4413 487 4467 τοῦ
541 4414 826 4483 προφήτου
860 4411 1111 4479 λέγοντος
1146 4428 1159 4441 ·
1191 4428 1210 4461 t
1258 4411 1389 4464 Ἰδοὺ
1438 4413 1471 4481 ἡ
1498 4410 1775 4483 Παρθένος
1814 4411 1873 4464 ἐν

274 4507 476 4576 γαστρὶ
506 4505 644 4569 ἔξει,
679 4506 774 4556 καὶ
790 4503 1003 4567 τέξεται
1023 4503 1159 4562 υἱὸν,
1182 4502 1277 4555 καὶ
1299 4501 1591 4555 καλέσουσι
1619 4502 1679 4554 τὸ
1700 4502 1872 4571 ὄνομα

1971 3310 2110 3365 vidit
2169 3311 2299 3365 sol?
2346 3310 2466 3377 Quo
2503 3319 2663 3380 pacto
2721 3311 2959 3366 innotuit
3007 3311 3367 3368 hominibus?
3407 3312 3569 3371 Patet

1973 3399 2192 3473 quoilue
2224 3402 2397 3473 quod,
2439 3403 2529 3457 ubi
2557 3404 2863 3458 nuntiatqu
2928 3416 3011 3460 est
3048 3408 3193 3475 quod
3222 3407 3395 3464 Filius
3444 3410 3568 3465 sine

1972 3494 2180 3549 semine
2204 3493 2367 3561 foret,
2396 3502 2562 3564 atque
2596 3494 2664 3550 de
2697 3497 2906 3565 Spiritu
2932 3506 3124 3553 sancto
3148 3500 3559 3569 conciperetur,

1973 3594 2325 3656 sumeretque
2359 3585 2659 3644 Salvatoris
2700 3603 2926 3652 nomen,
2968 3592 3117 3660 quod
3160 3592 3237 3647 illi
3284 3596 3562 3664 congruit,

1973 3676 2102 3747 quia
2134 3677 2312 3732 salvat
2340 3679 2605 3748 populum
2646 3694 2833 3742 suum,
2862 3696 2970 3735 non
3003 3682 3224 3750 quidem
3258 3684 3327 3738 ab
3352 3686 3566 3755 aliquot

1972 3769 2221 3838 corporis
2258 3770 2489 3835 morbis,
2533 3771 2736 3841 quibus
2783 3774 3044 3829 curandis
3088 3774 3171 3830 vel
3219 3776 3562 3833 medicorum

1973 3876 2172 3917 manus
2203 3877 2347 3932 saepe
2378 3861 2676 3930 sufﬁciunt,
2703 3864 2797 3917 sed
2839 3865 2907 3919 ab
2938 3866 3072 3935 ipsis
3096 3867 3296 3923 animae
3325 3878 3563 3939 aegrota-

1971 3954 2216 4010 tionibus
2266 3963 2320 4009 et
2348 3955 2519 4021 vitiis,
2553 3970 2787 4025 quotum
2822 3957 3049 4012 inveniri
3097 3960 3304 4029 nequit,
3337 3971 3564 4032 excepta

1974 4044 2067 4101 Dei
2111 4046 2448 4117 benignitate
2502 4059 2557 4102 et
2598 4047 2957 4117 indulgentia,
3012 4052 3224 4107 curatio
3288 4061 3343 4107 et
3382 4068 3563 4109 reme-

1972 4137 2163 4193 dium:
2195 4137 2285 4191 ubi
2321 4138 2531 4194 scilicet
2552 4139 2671 4194 haee
2703 4139 2908 4204 omnis,
2937 4148 2991 4194 et
3025 4139 3328 4198 Salvator-is
3357 4159 3559 4200 nomen

1972 4243 2037 4282 ex
2074 4229 2352 4283 beneficiis
2381 4228 2680 4299 unicuique
2712 4231 2926 4286 collatis
2955 4239 3268 4301 susceptum
3311 4235 3560 4304 praemit-

1975 4322 2058 4388 tit,
2095 4322 2349 4391 protinus
2376 4322 2637 4391 subjiciat
2668 4340 2682 4377 :
2725 4342 2744 4375 ι
2790 4322 2903 4379 Hoc
2935 4333 3115 4378 autem
3150 4334 3324 4381 totum
3356 4327 3561 4384 factum

1972 4420 2078 4479 est,
2130 4419 2190 4467 ut
2224 4412 2637 4483 adimpleretur,
2686 4415 2832 4484 quod
2875 4415 3080 4470 dictum
3118 4426 3203 4473 est
3243 4434 3275 4472 a
3324 4417 3563 4476 Domino

1972 4518 2071 4572 per
2102 4503 2421 4573 prophetam
2468 4504 2777 4560 dicentem:
2812 4506 2950 4562 Ecce
2982 4505 3150 4578 Virgo
3180 4509 3233 4563 in
3272 4520 3429 4565 utero
3464 4511 3565 4566 ha-

275 4600 442 4654 αὐτοῦ
494 4597 867 4669 Ἐμμανουήλ.
898 4616 916 4647 ι
966 4595 1127 4648 Ἀλλά
1168 4596 1250 4648 ὅτι
1282 4595 1383 4665 μὲν
1424 4593 1866 4664 ἐκπληττομένου

1975 4595 2144 4660 bebit,
2176 4604 2230 4650 et
2257 4596 2433 4665 pariet
2459 4596 2652 4663 filium,
2683 4610 2738 4653 et
2757 4600 3035 4653 vocabunt
3069 4616 3265 4656 nomen
3287 4603 3407 4672 ejus
3434 4602 3529 4659 Em
3558 4635 3565 4644 -

275 4709 357 4757 τε,
388 4692 487 4745 καὶ
526 4689 905 4760 θαυμάζοντος
952 4688 1072 4740 ἐστὶ
1102 4687 1163 4739 τὸ
1215 4687 1445 4756 ἄπειρον
1506 4685 1745 4754 πέλαγος
1770 4685 1866 4756 τῆς

1977 4685 2215 4739 manuel.
2251 4704 2269 4737 ι
2304 4683 2475 4740 Porro
2519 4686 2663 4757 quod
2717 4687 3094 4758 obstupefacta
3160 4700 3363 4756 mente,
3398 4703 3565 4764 atque

277 4784 405 4852 περὶ
433 4783 499 4836 τὸ
549 4779 893 4852 ἀνθρώπινον
934 4780 1091 4847 γένος
1134 4776 1393 4848 προνοίας
1436 4778 1471 4847 ἡ
1532 4776 1868 4848 προκειμένη

278 4876 449 4948 φωνὴ,
474 4873 733 4945 φανερόν.

349 5055 502 5108 Εἴτε
541 5054 601 5107 δέ
649 5053 856 5125 ταύτην
913 5053 981 5107 ἂν
1042 5048 1246 5107 εἶπενὸ
1299 5051 1553 5121 ἄγγελος,
1608 5051 1664 5104 εί
1683 5068 1742 5104 τε
1774 5049 1875 5104 καὶ

282 5146 440 5209 αὐτὸς
458 5148 489 5200 ὁ
516 5145 931 5217 εὐαγγελιστὴς,
966 5144 1227 5216 οὐδεμίαν
1247 5144 1543 5198 ἐλάττωσιν
1567 5142 1870 5212 οὐδετέρωο

286 5235 371 5289 θεν
419 5239 490 5292 τὰ
533 5238 691 5307 λόγια
738 5238 1103 5308 ἐπιδέχονται.
1174 5238 1257 5292 Τὰ
1306 5235 1410 5308 μὲν
1471 5235 1581 5307 γὰρ
1619 5235 1866 5307 μεγάλην

287 5330 403 5383 τινὰ
447 5330 605 5395 τάξιν
626 5330 819 5401 ἔχοντα
853 5331 1134 5395 πολλάκις,
1169 5328 1329 5383 εἴωθε
1370 5327 1468 5383 καί⁸
1502 5330 1568 5382 ἐκ
1608 5327 1712 5397 τῆς
1758 5327 1869 5380 τῶν

287 5418 594 5484 προσώπων
614 5420 898 5490 ποιότητος
908 5419 1116 5490 προσλα
1125 5418 1351 5489 μδάνειν
1364 5418 1464 5489 τὴν
1482 5417 1730 5487 αὔξησιν·
1750 5416 1787 5471 ἃ
1804 5415 1869 5486 δὴ

1976 4778 2308 4832 immensum
2348 4778 2573 4850 pelagus
2620 4778 2820 4835 divinae
2862 4796 2990 4850 erga
3045 4782 3345 4839 humanum
3390 4803 3562 4856 genus

1975 4872 2335 4942 providentiae
2363 4873 2668 4927 demirante
2704 4888 2807 4928 vox
2853 4875 3131 4944 proposita
3164 4877 3397 4945 oriatur,
3434 4895 3560 4950 per-

1974 4961 2221 5032 spicuum
2261 4971 2366 5017 est.

2048 5053 2175 5109 Sive
2211 5065 2393 5110 autem
2437 5054 2581 5111 hanc
2602 5056 2848 5127 angelus,
2886 5056 3003 5113 sive
3044 5060 3377 5131 evangelista
3432 5078 3562 5132 pro-

1976 5142 2269 5207 nuntiarit,
2296 5158 2645 5215 nequaquam
2681 5161 2866 5201 sermo
2901 5147 3162 5204 alterutra
3188 5166 3255 5205 ex
3285 5160 3437 5222 parte
3458 5170 3561 5208 au-

1976 5236 2252 5292 ctoritatis
2294 5235 2736 5292 imminutionem
2788 5239 3048 5309 patietur.
3101 5242 3557 5314 Quandoquidem

1976 5328 2264 5399 contingit,
2289 5337 2350 5383 ut
2376 5345 2500 5400 qua:
2534 5331 2856 5400 praeclarum
2890 5333 3158 5389 orationis
3179 5337 3425 5391 ordinem
3464 5337 3562 5393 ha-
3622 5344 3627 5347 “

1976 5418 2129 5487 bent,
2161 5434 2226 5474 ex
2264 5434 2619 5489 personarum
2669 5438 2888 5493 quoque
2937 5424 3203 5495 qualitate
3248 5427 3559 5498 splendoris

1811 5528 2042 5587 ΝΟΤᾸΕ.

359 5647 472 5719 (ιο)
513 5647 668 5704 Hosti
699 5650 910 5705 scilicet
945 5659 999 5720 et
1050 5646 1565 5720 mangoni‘generis
1594 5643 1862 5720 humani;

288 5714 901 5789 ut'in'preecedentibus
950 5714 1210 5777 Phetius'
1227 5714 1387 5776 dixit.
1445 5714 1561 5774 Nisi
1607 5716 1755 5773 enim
1790 5715 1865 5771 ita

359 5835 408 5870 '°
445 5834 636 5893 Matth.
672 5852 712 5903 ι,
742 5837 837 5894 22.

1970 5643 2364 5726 intelligatur.“
2380 5662 2560 5726 pugna
2594 5647 3004 5726 q_uodar_m_t_io_do
3038 5648 3129 5707 flet
3174 5664 3300 5707 cum
3332 5649 3400 5706 iis
3436 5630 3557 5725 quae

1971 5715 2230 5773 dicuntur
2258 5732 2290 5774 a
2326 5715 2497 5775 Paulo
2528 5720 2582 5776 in
2612 5715 2709 5791 Ep.
2738 5720 2806 5775 ad
2842 5717 3007 5777 l‘lebr.
