4084 6468
286 388 392 454 193

1199 390 1299 451 AD
1339 391 1934 455 AMPHILOCHIUM
1977 393 2325 464 QUIEST‘IO
2356 394 2565 454 XXVI.

3441 399 3539 463 19L

357 497 421 550 El
448 494 625 566 βούλει
656 494 713 547 δὲ
747 494 843 547 καὶ
874 494 1221 566 παραμύθιον
1240 499 1360 561 ταῖς
1393 498 1679 568 μεγίσταις
1709 516 1863 570 περι-

2034 500 2203 565 Adde,
2238 499 2283 554 si
2324 499 2519 570 placet,
2551 501 2694 570 quod
2737 502 2789 556 iu
2840 504 3177 572 gravissimis
3226 506 3539 563 infortuniis

283 590 543 643 στάσεσιν
580 584 931 655 ἐταζόμενον,
976 586 1109 657 ὀρᾷν
1173 585 1321 640 ἔστιν
1375 588 1752 658 ἀναφυόμενον
1776 590 1861 641 ἐν·

280 680 500 733 τεύθεν.
550 678 918 747 Σφαγιάζεται
957 681 1064 748 γάρ
1097 678 1166 731 τὰ
1205 677 1404 749 βρέφη,
1439 672 1514 733 ὧν
1543 682 1571 733 ὀ
1598 680 1711 750 βίος
1764 681 1865 733 ἀνο

284 770 570 833 επίδεκτος
604 770 873 841 ἁμαρτίας
893 784 907 799 ·
927 769 1006 823 ἵν’
1030 769 1248 823 ἐπειδὰν
1280 769 1531 839 πάσχωσί
1574 788 1741 835 τινες,
1764 772 1861 843 μὴ,

286 862 381 916 διὰ
412 862 688 932 βαρύτητα
732 862 1221 933 πλημμελημάτων
1248 862 1559 933 νομίζοντες
1610 863 1861 935 πάσχειν,

285 953 389 1022 τὴν
450 954 511 1004 ἐκ
574 951 681 1004 τῶν
706 952 895 1004 παθῶν
941 950 1153 1021 πληγὴν
1176 950 1501 1020 ὑφίστανται
1535 952 1861 1023 βαρυτέραν,

284 1044 321 1114 ἣ
366 1042 718 1114 πικροτέραν,
740 1044 838 1095 καὶ
867 1042 1001 1114 πρὸς
1028 1043 1340 1110 ἀπόγνωσιν
1356 1038 1490 1097 ὦσιν
1517 1045 1862 1117 ἀφορῶντες⁹

279 1133 402 1186 ἀλλ’
439 1134 524 1186 ἵνα
562 1133 623 1186 τὸ
672 1133 1057 1204 ἀναμάρτητον
1101 1133 1206 1185 τῶν
1265 1134 1502 1204 βρεφῶν,
1549 1135 1640 1188 καὶ
1690 1136 1751 1188 τὸ
1778 1135 1864 1188 ἐπ’

277 1226 519 1288 ἐκείνοις
546 1224 930 1295 τόλμηματῶν
982 1225 1292 1292 ἀλαστόρων
1327 1225 1541 1296 ἔχοντες
1602 1226 1863 1297 παράδει-

275 1332 405 1384 γμα
426 1315 802 1385 ψυχαγωγίας,
835 1316 930 1369 καὶ
958 1316 1142 1369 ἱκανὸν
1182 1317 1565 1386 παρακαλέσαι
1588 1318 1867 1388 μακροθυ.

280 1408 433 1475 μεῖν,
460 1408 543 1468 είς
572 1406 921 1478 εὐχαριστίαν
943 1406 1315 1461 διανίστανται
1348 1408 1443 1460 τού
1477 1409 1653 1462 πάντα
1686 1408 1870 1478 σοφῶς

275 1498 354 1550 ’τὰ
377 1498 623 1567 ἡμέτερα
649 1498 1079 1568 οίκονομούντος.
1126 1498 1237 1551 Καί
1261 1515 1324 1568 γε
1351 1499 1415 1569 δὴ
1449 1499 1547 1552 καὶ
1576 1500 1636 1553 τὸ
1661 1499 1728 1552 δι’
1753 1493 1869 1554 ὦνὸ

280 1588 481 1658 φθόνος
514 1588 691 1652 οὐδεὶς
740 1589 1140 1659 ἀναφλέγεσθαι
1178 1589 1363 1661 χώραν
1401 1587 1546 1661 εἶχεν
1584 1592 1869 1663 (ἀρτιγενῆ

280 1681 397 1749 γάρ
433 1679 603 1751 βρέφη
642 1679 746 1733 τίν’
797 1680 864 1735 ἂν
889 1680 1164 1752 παράσχοι
1214 1681 1489 1751 πρόφασιν
1509 1682 1867 1753 βασκανίας),

285 1770 428 1823 ἀλλὰ
455 1773 562 1841 γὰρ
578 1770 638 1823 τὸ
659 1769 780 1823 κατ’
805 1771 1027 1824 ἐκείνων
1069 1774 1148 1835 είς
1194 1771 1408 1841 σφαγὴν
1490 1772 1663 1837 οὕτως
1702 1772 1871 1826 ’ἀναί-

291 1838 545 1929 σχυντον,
602 1860 699 1913 καὶ
746 1860 1101 1930 ἀνιστόρητον
1159 1838 1487 1931 ἐξορμῆσαι,
1545 1860 1862 1931 ζητήματος
1902 1838 1946 1895 Β

288 1953 449 2005 λύσιν
497 1953 596 2006 οὐκ
624 1952 772 2005 ἐστιν
822 1952 1029 2024 ἄπορον
1056 1955 1383 2023 παρασχεῖν,
1412 1952 1525 2005 οὐδ’
1572 1955 1653 2016 είς
1692 1953 1871 2023 εὐμά-

290 2062 449 2116 ρειαν
507 2043 931 2114 μεταρυθμίσαι,
1009 2045 1177 2107 ὅπως,
1230 2046 1291 2097 τὸ
1354 2045 1702 2115 μισόχριστον
1764 2044 1872 2099 τῶν

304 2136 573 2190 Ἰουδαίων
605 2137 759 2203 γένος
792 2133 1202 2205 εὐεργετοῦντα,
1226 2135 1321 2189 καὶ
1354 2135 1743 2208 θεραπεύοντα,
1783 2134 1872 2189 νό-

289 2246 422 2292 σους
446 2228 696 2290 ἀνιάτους
737 2228 830 2279 τὸν
859 2227 1085 2298 Σωτῆρα
1137 2227 1258 2279 ἀντὶ
1287 2225 1380 2279 τοῦ
1408 2225 1730 2293 δοξολογεῖν,
1775 2224 1872 2278 καὶ

290 2320 585 2389 στεφάνοις
616 2319 943 2389 ἀμείϐεσθαι
987 2317 1249 2389 χαρίτων,
1285 2318 1501 2387 σταυρῷ
1524 2316 1870 2383 κατεδίκασε,

284 2410 388 2461 καὶ
408 2407 758 2477 ἐπονειδίστῳ
816 2406 1051 2477 Θανάτῳ.
1113 2406 1175 2458 Εί
1226 2405 1464 2475 γὰρ,ἐφ⁹
1512 2399 1637 2461 ὧνό
1682 2406 1875 2475 φθόνος

281 2499 554 2569 οὐδεμίαν
602 2499 835 2571 πάροδον
862 2493 997 2567 εἶχε,
1037 2499 1219 2568 σφαγῇ
1256 2498 1381 2559 τοὺς
1414 2497 1685 2561 ἀναιτίους
1708 2500 1735 2551 ὁ
1764 2498 1875 2551 τῶν

294 2591 577 2644 Ἰουδαίων
609 2588 832 2659 ἡγεμὼν
868 2587 1157 2657 μετῆλθεν,
1189 2588 1238 2640 οἱ
1268 2590 1385 2651 ταῖς
1418 2588 1751 2658 μιαιφονίαις
1782 2589 1873 2642 ὑπ’

282 2682 459 2736 αὐτοῦ
488 2680 1017 2751 παιδοτριὸηθέντες,
1043 2679 1139 2734 καὶ
1168 2680 1680 2751 προγυμνασθέντες
1702 2680 1753 2732 τί
1775 2682 1875 2733 οὐκ

280 2775 359 2827 ἂν
388 2774 795 2843 ἀπετόλμησαν,
823 2772 1057 2840 μάλιστα
1097 2772 1277 2824 αὐτῶν
1327 2771 1647 2842 τηλικούτου
1671 2772 1868 2841 φθόνου

285 2865 765 2937 στρατηγοῦντοςς
829 2865 939 2918 Καὶ
977 2864 1085 2935 γὰρ
1135 2856 1211 2916 ὧν
1245 2863 1392 2916 ἐστιν
1440 2865 1574 2935 ὁρᾷν
1608 2864 1743 2935 ἔργα
1777 2881 1876 2933 με·

283 2959 458 3027 γάλα,
489 2958 581 3011 καὶ
644 2957 945 3025 θαυμάσια,
1003 2956 1097 3009 καὶ
1147 2954 1254 3009 τῶν
1298 2954 1509 3009 πολλῶν
1549 2956 1685 3024 πρὸς
1737 2953 1878 3008 αὐτὰ

286 3049 450 3103 οὐδὲν
481 3048 703 3101 ἔλαττον
732 3046 830 3117 τὴν
853 3046 1003 3109 θέαν,
1028 3046 1061 3113 ἢ
1091 3044 1189 3114 τὴν
1218 3044 1429 3098 εθνοιαν
1461 3045 1874 3115 ἐπιστρέφοντα,

289 3141 410 3208 ὅσῳ
444 3142 567 3202 τούς
584 3136 933 3207 εὐγνώμονας
958 3139 1036 3200 είς
1058 3136 1359 3207 εὐφημίαν,
1378 3135 1471 3189 καὶ
1497 3135 1682 3205 θαῦμα
1704 3135 1875 3203 γλυκύ
1905 3172 1948 3232 C

294 3234 397 3284 καὶ
420 3230 822 3301 σεδασμιότητα
880 3228 1158 3298 διεγείρει.
1207 3227 1448 3298 τοσούτῳ
1480 3227 1715 3297 μάλιστα
1761 3229 1875 3290 τοῖς

293 3323 613 3394 ἀχαρίστοις
664 3323 759 3375 καὶ
809 3320 1217 3391 κακομηχάνοις
1274 3320 1335 3372 τὸ
1382 3321 1665 3388 ἐξάγιστον
1718 3318 1875 3371 τοῦτο

293 3416 469 3478 πάθος
500 3414 870 3467 ἐνδυναστεύει
926 3414 1021 3467 καὶ
1062 3413 1123 3466 τὸ
1150 3412 1350 3476 κοάτος
1386 3413 1597 3483 ἄμανον
1620 3410 1878 3482 περιϐάλ-

288 3523 465 3561 Λεται.

371 3601 432 3652 Εἰ
475 3599 530 3652 δέ
568 3616 650 3651 σοι
684 3596 837 3668 φίλον
879 3596 974 3650 καὶ
1020 3595 1241 3659 πλείους
1290 3595 1612 3666 ἐπιθεωρεῖν
1656 3596 1871 3665 αἰτίας,

288 3692 515 3762 πρῶτος
560 3690 659 3761 μὲν
704 3692 733 3743 ὁ
761 3689 968 3751 δίκαιος
1002 3687 1169 3741 ’Δὸελ
1196 3687 1346 3740 οὐδὲν
1383 3689 1635 3756 ὀφείλων,
1670 3690 1771 3743 ὅσα
1806 3707 1872 3758 γε

286 3779 432 3855 ἧκεν
482 3782 561 3843 είς
610 3780 825 3833 οἰκείων
864 3778 1039 3849 ἔργων
1085 3778 1329 3848 ὀφειλὴν,
1383 3779 1726 3848 παραδοθεὶς,
1781 3781 1876 3834 καὶ

292 3872 626 3940 ὑποϐληθεὶς
654 3870 732 3941 τῷ
776 3870 993 3939 θανάτῳ
1030 3868 1240 3941 σαθρὰν
1269 3869 1434 3922 αὐτοῦ
1467 3869 1576 3922 τῶν
1610 3869 1874 3941 θεμελίων

287 3966 395 4035 τὴν
430 3964 668 4035 κρηπῖδα
698 3962 1178 4033 καταϐαλλομένην
1205 3961 1431 4029 ἔδειξεν.
1478 3963 1631 4015 Ἐπεὶ
1662 3964 1720 4016 δὲ
1755 3963 1874 4034 μετ’

290 4058 462 4109 αὐτὸν
497 4057 682 4108 πολλοὶ
725 4054 833 4106 τῶν
864 4054 1067 4123 ἐνόχων
1112 4053 1518 4125 περιετείχισάν
1551 4071 1610 4107 τε
1657 4054 1756 4106 καὶ
1790 4053 1876 4119 ἐξ·

289 4150 604 4219 ωρόφωσαν
631 4147 796 4200 αὐτοῦ
819 4147 920 4216 τὴν
944 4146 1234 4217 οἰκοδομὴν
1252 4147 1332 4209 είς
1362 4146 1624 4216 ὀχύρωμα
1645 4162 1660 4175 ·
1682 4145 1875 4216 ἔμελλε

290 4241 353 4293 δὲ
393 4242 420 4292 ὁ
449 4240 639 4311 Σωτὴρ
682 4237 768 4291 ἐπ’
809 4238 1100 4309 εὐεργεσία
1128 4236 1223 4290 τοῦ
1251 4236 1442 4305 γένους
1481 4235 1875 4308 παραγεγονὼς

296 4330 584 4384 σκυλεύειν
617 4329 778 4381 αὐτοῦ
810 4327 878 4381 τὰ
926 4328 1159 4397 βασίλεια
1187 4344 1199 4359 ’
1243 4328 1408 4381 οἱονεὶ
1450 4329 1739 4399 δορυφόροι
1794 4347 1876 4381 τι·

294 4424 391 4486 ν“;ς
438 4422 531 4475 καὶ
568 4422 866 4493 πρόδρομοι
895 4421 989 4473 τοῦ
1030 4421 1266 4490 μεγάλου
1309 4421 1573 4491 βασιλέως
1621 4422 1875 4492 ἀναμάρ-

1962 592 2216 647 solatium
2265 592 2393 645 hinc
2436 593 2658 660 prodire
2712 596 2980 650 videatur.
3042 595 3355 653 Enecantur
3394 601 3541 655 enim

1962 682 2137 751 pueri,
2171 698 2405 751 quorum
2438 683 2548 737 vita
2599 692 2820 753 peccato
2856 686 3119 749 carebat,
3168 704 3235 743 ue
3278 702 3401 743 cum
3446 704 3541 759 pa-

1966 769 2173 826 tiuntur
2220 771 2409 841 aliqui,
2464 772 2535 826 oh
2576 772 2856 841 culparum
2909 776 3223 844 gravitatem
3274 792 3332 832 se
3378 777 3545 847 plecti

1964 870 2241 931 putantes,
2276 864 2489 932 plagam
2532 878 2597 916 cx
2642 864 2775 932 ipsis
2822 866 2989 918 animi
3037 868 3541 935 perturbationibus

1966 951 2295 1018 graviorem,
2327 958 2421 1004 aut
2451 951 2787 1006 acerbiorem
2837 953 3085 1019 reddant,
3139 971 3314 1025 neque
3356 957 3409 1011 in
3442 957 3541 1013 de-

1968 1040 2333 1108 sperationem
2379 1042 2739 1112 dejieiantur;
2789 1044 2883 1098 sed
2933 1045 3299 1101 innocentiam
3342 1063 3543 1117 puero-

1966 1144 2108 1194 rum,
2136 1131 2407 1201 simulque
2443 1132 2497 1186 in
2524 1148 2621 1187 eos
2646 1134 2991 1189 exsecranda:
3033 1134 3328 1205 impietatis
3363 1154 3547 1195 exem-

1967 1221 2115 1290 plum
2167 1222 2431 1277 habentes
2469 1228 2584 1292 {pro
2634 1234 2954 1292 argumento
3006 1227 3210 1289 solatii,
3272 1231 3415 1298 quod
3476 1231 3543 1286 ad

1968 1312 2332 1367 constantiam
2359 1313 2655 1368 hortationi
2700 1316 2950 1383 sufliciat,
2978 1318 3042 1371 ad
3071 1321 3273 1387 gratias
3308 1322 3545 1391 agendas

1971 1403 2039 1467 ei,
2072 1404 2164 1473 qui
2199 1414 2386 1459 nostra
2409 1404 2589 1459 omnia
2614 1406 3015 1475 sapientissime
3040 1410 3373 1479 moderatur,
3400 1413 3545 1471 exci-

1972 1503 2172 1550 tentur.
2198 1493 2371 1550 Porro
2393 1506 2571 1552 autem
2602 1513 2669 1552 ex
2706 1513 2770 1553 eo
2801 1501 2970 1569 quod,
3016 1500 3069 1554 in
3101 1502 3301 1571 quibus
3336 1504 3543 1559 nullam

1972 1585 2328 1639 succenseudi
2374 1600 2562 1640 ansam
2614 1586 2848 1643 habebat
2905 1587 3104 1643 invidia
3148 1589 3334 1659 (quam
3394 1593 3541 1646 enim

1972 1692 2149 1747 nuper
2174 1677 2289 1731 nali
2324 1679 2480 1747 pueri
2516 1678 2815 1748 praeberent
2858 1680 2969 1733 odii
3020 1696 3240 1735 causam
3259 1681 3304 1750 τ)
3351 1683 3407 1739 in
3459 1684 3545 1739 bis

1974 1769 2335 1825 nihilominus
2384 1786 2559 1840 usque
2604 1771 2672 1825 ad
2718 1787 2905 1827 necem
2953 1774 3091 1828 adeo
3145 1774 3543 1843 impudentem,

1975 1867 2139 1929 atque
2178 1861 2474 1916 inauditam
2535 1863 2785 1933 impietas
2840 1865 3126 1928 exarserit,
3171 1866 3385 1922 dillicile
3435 1882 3542 1922 nou

1974 1962 2058 2006 est
2091 1952 2411 2022 quaestionis
2442 1952 2765 2007 solutionem
2805 1954 3071 2024 depromi,
3107 1966 3269 2026 atque
3310 1957 3365 2011 iu
3400 1959 3547 2027 apri-

1974 2057 2098 2097 cum
2133 2044 2388 2114 proferri,
2437 2061 2677 2114 quanam
2724 2046 2934 2102 scilicet
2971 2048 3183 2103 ratione
3234 2047 3545 2105 Judaeorum

1975 2134 2123 2187 natio
2176 2133 2395 2189 Christo
2448 2133 2841 2202 infensissima,
2888 2134 3205 2193 [inridentem
3258 2137 3545 2205 beneficia,

1976 2234 2138 2295 atque
2165 2226 2593 2281 immedicabiles
2634 2229 2856 2282 morbos
2887 2237 3171 2283 sanantem
3203 2228 3547 2286 Servatorem

1976 2333 2084 2372 non
2136 2319 2298 2373 modo
2347 2334 2458 2373 non
2513 2320 2766 2375 laudibus
2814 2332 2869 2377 et
2908 2324 3127 2378 coronis
3185 2325 3323 2393 grati
3377 2325 3549 2379 animi

1974 2422 2105 2479 ergo
2147 2418 2432 2476 mactaret,
2482 2412 2575 2465 sed
2624 2412 2786 2466 etiam
2827 2429 2988 2468 cruce
3024 2430 3087 2470 ac
3128 2427 3302 2471 morte
3344 2418 3550 2486 turpis-

1976 2498 2114 2551 sima
2139 2498 2430 2553 damnavit.
2457 2500 2510 2553 Si
2535 2502 2679 2554 enim
2709 2503 3045 2571 innocentes,
3074 2504 3125 2559 in
3145 2506 3344 2574 quibus
3367 2507 3551 2565 nullus

1976 2587 2193 2642 invidiae
2251 2590 2469 2658 patebat
2530 2592 2731 2659 aditus,
2800 2591 3115 2649 .ludzeorum
3171 2596 3424 2667 princeps
3478 2597 3549 2653 ad

1976 2686 2208 2735 mortem
2262 2690 2579 2749 persecutus
2628 2693 2733 2749 est,
2781 2686 2909 2753 quid
2955 2700 3067 2741 non
3120 2686 3393 2756 praecipue
3447 2689 3551 2744 sub

1978 2778 2143 2824 tanta:
2170 2771 2460 2840 impietatis
2510 2774 2772 2842 auspiciis
2813 2776 3076 2830 auderent
3118 2776 3153 2830 ii
3201 2779 3295 2846 qui
3334 2779 3404 2833 ab
3434 2780 3552 2850 ipso

1980 2864 2201 2918 saevitiae
2243 2865 2638 2919 institutionem
2688 2882 2751 2920 ac
2815 2868 3133 2935 praeludium
3189 2872 3552 2941 acceperant?

1978 2953 2114 3008 (lum
2159 2955 2302 3007 enim
2356 2956 2578 3025 grandia
2628 2966 2683 3011 et
2733 2959 2869 3012 mira
2930 2969 3242 3027 spectantur
3284 2960 3549 3029 facinora,

1978 3052 2031 3097 et
2080 3060 2200 3113 qum
2239 3046 2535 3100 multorum
2589 3062 2696 3101 non
2748 3049 2927 3105 minus
2986 3052 3335 3105 attentionem
3383 3069 3550 3122 quam

1980 3135 2411 3190 benevolentiam
2461 3138 2562 3192 sibi
2605 3140 2939 3206 conciliant,
2991 3126 3195 3210 quanto
3229 3144 3401 3212 magis
3435 3144 3553 3201 haec

1982 3224 2037 3279 in
2069 3227 2259 3283 amicis
2300 3228 2742 3293 celebrationem,
2782 3232 3305 3303 demirationemque
3348 3234 3554 3303 jucun-

1981 3316 2105 3370 dam
2158 3328 2318 3388 atque
2352 3319 2672 3389 obsequium
2714 3323 2986 3387 excitant,
3024 3332 3173 3376 tanto
3219 3324 3269 3376 in
3323 3325 3552 3394 ingratis

1982 3422 2046 3460 ac
2077 3409 2324 3478 malignis
2348 3410 2665 3465 detestabile
2715 3413 2817 3467 hoc
2850 3413 3041 3467 vitium
3069 3414 3353 3485 imperium
3406 3434 3552 3472 vtm-

1982 3513 2087 3568 que
2126 3499 2545 3569 insuperabilem
2571 3502 2826 3571 acquirit.

2054 3586 2207 3651 Quod
2260 3588 2304 3641 si
2356 3588 2449 3642 tibi
2504 3589 2659 3658 plura
2709 3607 2926 3660 quoque
2972 3593 3184 3661 placeat
3237 3596 3555 3665 conspicere

1985 3677 2303 3747 hujusmodi
2336 3681 2566 3735 crimina
2595 3722 2609 3746 ,
2649 3693 2922 3737 memento
2964 3684 3108 3754 quod
3146 3685 3303 3752 Abel,
3344 3688 3555 3756 primus

1984 3769 2073 3824 ille
2131 3770 2312 3839 justus
2373 3785 2496 3826 cum
2554 3774 2701 3827 nulla
2772 3789 2997 3829 suarum
3060 3776 3336 3831 actionum
3393 3778 3556 3847 culpa

1982 3872 2276 3924 teneretur,
2311 3864 2559 3932 proditus
2608 3876 2771 3936 atque
2812 3882 2910 3936 per
2942 3866 3170 3925 insidias
3210 3868 3375 3923 morti
3421 3869 3557 3924 sub-

1977 3954 2192 4023 jectus,
2238 3956 2572 4009 exsecranda
2610 3956 2855 4024 ejusdem
2911 3958 3027 4012 vitii
3071 3958 3552 4013 fundamentorum

1981 4044 2247 4114 principia
2294 4044 2438 4115 jaeta
2472 4046 2586 4111 jam
2632 4060 2753 4100 esse
2799 4047 3063 4103 ostendit.
3109 4046 3377 4112 Quoniam
3421 4062 3554 4102 vero

1983 4147 2108 4213 post
2159 4138 2309 4191 illum
2387 4138 2539 4192 multi
2602 4139 2961 4193 conscelerati
3025 4141 3279 4199 homines
3337 4142 3558 4199 invidias

1984 4230 2156 4299 ipsius
2182 4230 2361 4283 sedem
2394 4244 2553 4283 muro
2592 4246 2656 4284 ae
2687 4232 2826 4285 tecto
2862 4234 3212 4299 munierunt,
3240 4245 3405 4306 atque
3432 4248 3558 4290 eam
3652 4273 3663 4286 .

1986 4322 2148 4391 regali
2187 4321 2330 4376 fastu
2366 4321 2694 4391 Redemptor
2725 4324 3005 4378 hominum
3052 4325 3194 4380 bono
3223 4338 3385 4383 natus
3430 4344 3561 4399 spo-

1983 4414 2219 4468 liaturus
2269 4424 2429 4479 erat,
2506 4422 2765 4484 tauquam
2828 4417 3014 4486 magni
3085 4419 3228 4487 regis
3294 4423 3557 4478 satellites

295 4514 453 4585 τητοί
483 4531 540 4565 τε
565 4553 578 4577 ,
612 4513 707 4566 καὶ
736 4516 848 4575 τοῖς
887 4514 1246 4582 μαρτυρικοῖς
1284 4513 1480 4582 αἵμασι
1514 4513 1876 4584 περιρρεόμε-

1983 4508 2202 4576 quidam
2234 4518 2397 4576 atque
2431 4522 2798 4576 prrecursores
2826 4509 3167 4573 innocentes,
3198 4522 3252 4565 et
3306 4515 3557 4584 martyrii

299 4623 383 4658 νοι
419 4604 742 4658 καταλαϐεῖν
773 4605 898 4667 τούς
932 4606 990 4657 ἐν
1018 4603 1095 4673 τῷ
1128 4603 1227 4675 ᾄδῃ
1261 4606 1658 4675 κατεχομένους
1684 4604 1879 4657 διοικοο

296 4699 634 4767 νομούνται,
692 4698 788 4751 καὶ
856 4696 1416 4767 προαποστέλλονται·
1485 4696 1600 4766 ἅμα
1659 4713 1718 4748 τε
1781 4696 1881 4766 τὴν

295 4791 640 4861 Δεσποτικὴν
691 4789 1010 4860 παρουσίαν,
1043 4789 1136 4841 κα)⁵
1165 4789 1350 4859 κοινὴν
1382 4788 1758 4858 ἀπολύτρωσιν
1794 4786 1883 4839 διὰ

294 4886 403 4955 τῆς
460 4883 637 4937 αὐτῶν
679 4882 1004 4945 ἐπιστασίας
1056 4881 1560 4951 εὐαγγελιζόμενοι,
1620 4880 1713 4931 καὶ
1776 4878 1882 4931 δει-

296 4979 532 5040 κνύντες
557 4977 656 5040 τὰς
684 4976 921 5047 σφαγὰς,
949 4974 1013 5038 ἃς
1047 4974 1135 5027 διὰ
1156 4974 1247 5027 τὸν
1272 4972 1452 5026 κοινὸν
1480 4970 1880 5042 Ἑλευθερωτὴν

296 5071 574 5137 ὑπέσχον·
612 5070 706 5122 καὶ
746 5068 815 5121 δι’
859 5066 1039 5121 αὐτῶν
1088 5065 1435 5135 πιστούμενοι
1471 5063 1880 5132 παραγενέσθαι

296 5164 395 5214 τὸν
448 5160 554 5213 ὐπὸ
605 5158 902 5231 προφητῶν
947 5156 1457 5228 άνακηρυττόμενον
1511 5154 1744 5223 Σωτῆρα
1786 5150 1879 5204 τοῦ

298 5254 498 5322 γένους
520 5267 534 5282 ·
565 5252 659 5304 καὶ
686 5250 749 5321 δὴ
782 5251 878 5303 καὶ
908 5248 1001 5302 τὸν
1029 5248 1164 5320 ᾆδην
1191 5247 1406 5318 ὁρῶντα
1454 5245 1723 5314 τοσαύτην
1768 5244 1881 5313 φά-

298 5345 484 5412 λαγγα
522 5343 730 5413 μυρίων
770 5341 1080 5397 ἀνευθύνων
1111 5340 1410 5411 ἁμαρτίαις
1445 5338 1746 5390 ἐπιστᾶσαν
1791 5337 1882 5388 ἐκ·

296 5436 639 5508 δειματῶσαί
673 5453 753 5498 τε,
786 5436 881 5489 καὶ
910 5434 1009 5504 τὴν
1032 5434 1154 5487 ὅσον
1182 5431 1336 5486 οὖπω
1360 5470 1374 5495 ,
1408 5428 1705 5501 μέλλουσαν
1733 5425 1884 5496 αὐτῷ

298 5528 551 5598 παντελῆ
597 5528 919 5597 καθαίρεσιν
964 5525 1054 5579 διὰ
1106 5524 1217 5578 τῶν
1258 5521 1561 5594 προοιμίων
1594 5517 1881 5585 ἐπιδεῖξαι.

310 5621 750 5692 Ἀναμαρτήτων
776 5619 906 5691 γὰρ,
942 5618 1037 5671 καὶ
1057 5616 1183 5670 τότε
1207 5615 1479 5669 τοσούτων
1503 5613 1685 5680 σιραγῇ
1713 5628 1883 5663 κατα-

299 5715 497 5769 ϐάλλει
528 5711 827 5776 παντελῶς,
860 5710 955 5763 καὶ
983 5711 1299 5779 ἀφαιρεῖται
1323 5705 1384 5759 τὸ
1411 5703 1510 5759 τοῦ
1536 5702 1765 5759 θανάτου
1802 5701 1883 5755 δι-

303 5809 557 5878 καίωμα.

586 5898 833 5958 PATle
899 5894 1015 5956 Gtt.
1059 5896 1151 5955 CI.

1985 4600 2251 4669 sanguine
2288 4600 2612 4655 circumfusi
2648 4599 2714 4653 ad
2760 4615 2877 4664 eos,
2921 4601 3014 4670 qui
3050 4602 3103 4655 in
3144 4603 3310 4657 limbo
3341 4604 3558 4660 detine-

1984 4693 2201 4755 bantur,
2225 4690 2618 4760 amplexandos
2642 4690 2957 4761 diriguntur
2990 4693 3505 4763 prtemittunturqne
3524 4734 3541 4759 ,
3578 4742 3579 4745 η

1983 4794 2041 4838 ut
2070 4800 2166 4838 sua
2203 4784 2488 4851 praesentia
2522 4783 2686 4837 simul
2715 4792 2769 4837 et
2819 4782 3034 4837 Domini
3062 4784 3353 4839 adventum
3395 4797 3561 4855 atque

1984 4891 2326 4929 communem
2360 4876 2737 4931 liberationem
2778 4876 3234 4946 evangelizarent,
3274 4880 3559 4935 mactatio-

1984 4950 2217 5037 itemque
2266 4982 2419 5022 suam
2451 4983 2551 5037 pro
2604 4968 2882 5021 communi
2934 4968 3222 5022 Servatore
3270 4969 3559 5024 toleratam

1985 5062 2369 5124 ostenderent,
2404 5076 2467 5116 ac
2492 5059 2683 5115 Patres
2708 5076 2803 5130 per
2832 5075 2928 5114 eos
2955 5060 3240 5114 crederent
3267 5078 3295 5114 a
3318 5062 3557 5131 prophe-

1987 5153 2056 5206 tis
2091 5153 2440 5221 praadicatum
2467 5152 2637 5205 nostri
2675 5153 2891 5222 generis
2922 5150 3296 5206 Liberatorem
3326 5153 3555 5218 adesse;

1986 5245 2096 5298 imo
2134 5245 2297 5299 etiam
2336 5251 2394 5296 ut
2438 5242 2685 5298 infernus
2717 5254 2866 5298 tanta
2918 5244 3335 5298 innumerorum
3367 5244 3560 5298 inson-

1988 5335 2119 5389 tium
2177 5333 2527 5389 multitudine
2582 5335 2906 5389 adveniente
2950 5343 3286 5397 terreretur.
3338 5334 3564 5388 absolu-

1986 5438 2206 5497 tamque
2224 5426 2637 5482 debellationem
2662 5434 2691 5479 a
2719 5441 2778 5480 se
2805 5425 3047 5479 nondum
3069 5434 3437 5495 exspectatam
3466 5437 3561 5493 per

1986 5519 2233 5589 qumdam
2268 5518 2525 5589 praeludia
2558 5518 3015 5588 praesentisceret.
3043 5517 3263 5572 Scilicet
3297 5518 3563 5571 innocen-

1988 5613 2147 5675 tium,
2182 5620 2236 5666 et
2276 5612 2495 5680 quidem
2546 5618 2628 5665 tot
2658 5626 2951 5681 puerorum
3001 5610 3207 5668 occisio
3249 5611 3441 5666 mortis
3469 5609 3563 5681 ius

1988 5720 2216 5775 prorsus
2246 5703 2442 5760 evertit
2473 5718 2537 5759 ac
2566 5704 2817 5759 destruit.

3150 5865 3187 5923 7
