4084 6438
628 380 741 445 ’195

1790 378 2053 438 ΡΙΙΟΤΙΙ
2086 379 2210 439 ΡΑἸ

2320 380 2594 440 ΑΒΟΠᾹΞ
2624 380 2734 441 CP.
3797 373 3882 439 196

711 492 807 546 llis
840 491 1065 555 accedit,
1103 489 1248 560 quod
1293 489 1491 544 divinae
1537 486 1829 558 Sapientia:
1874 493 2210 545 consuetudo

2397 493 2540 563 Πρὸς
2571 493 2627 545 δέ
2653 509 2716 559 γε
2744 490 2858 551 τοῖς
2884 489 3195 561 εἰρημένοις
3225 488 3317 542 καὶ
3341 487 3407 541 τὸ
3438 486 3678 556 σύνηθες
3702 488 3789 549 τῆς
3810 491 3885 540 τοῦ

647 582 749 635 hac
804 582 856 633 iu
920 598 976 634 re
1033 582 1232 635 mirum
1298 592 1563 651 quantum
1630 580 1904 651 eﬂulgeat.
1968 582 2216 648 Quonam

639 672 838 741 pacto?
893 672 1042 725 Solet
1088 672 1143 725 in
1191 673 1447 725 omnibus
1489 671 1791 741 ingenium,
1835 681 1889 725 et
1940 674 2215 741 eloquium

638 764 910 818 excedens
960 763 1147 816 divina
1212 762 1489 831 Sapientia
1538 777 1601 815 ex
1663 762 1915 816 tristibus
1974 777 2037 815 ea
2096 777 2218 831 quae

637 854 894 923 gaudium
944 864 999 907 et
1049 855 1380 924 voluptatem
1421 863 1701 923 prtestant,
1753 854 2003 919 educere,
2055 863 2219 921 atque

635 961 704 1000 ex
760 946 1054 999 contrariis
1107 945 1383 999 contraria
1441 959 1783 1014 comparare.
1851 943 1916 997 Et
1973 945 2214 1013 primum

631 1037 854 1107 quidem
914 1035 1213 1105 .losephum
1266 1036 1504 1090 fraterna
1575 1037 1779 1089 invidia
1841 1045 2091 1089 vexatum
2150 1035 2217 1089 ad

632 1128 856 1199 A‘ngpﬁ
899 1129 1188 1198 imperium
1237 1129 1434 1181 evexit.
1492 1126 1609 1182 Nisi
1653 1129 1799 1181 enim
1852 1126 2050 1181 fratres
2097 1127 2217 1195 ejus

634 1220 853 1274 invidus
898 1220 953 1273 in
999 1221 1174 1289 ipsum
1222 1220 1410 1273 oculos
1464 1218 1854 1287 conjec-issent,
1901 1220 2216 1287 neutiquam

631 1312 887 1366 venditus
918 1311 1131 1374 fuisset,
1190 1313 1536 1380 neutiquam,
1587 1312 1689 1364 nisi
1722 1310 1977 1365 venditus
2012 1321 2065 1365 et
2105 1327 2219 1364 ser-

630 1407 809 1467 viens,
875 1416 931 1459 et
992 1404 1267 1475 pudieitiaa
1324 1420 1435 1457 non
1495 1403 1830 1457 erubescens
1885 1403 2215 1465 libertatem,

632 1498 888 1553 latuisset
944 1498 996 1550 in
1046 1497 1283 1550 vinculis
1315 1495 1568 1551 detentus
1600 1514 1613 1549 :
1648 1495 1755 1549 nisi
1793 1494 2031 1547 vinculis
2078 1508 2217 1546 con-

633 1591 860 1646 strictus
902 1599 1061 1653 esset,
1100 1590 1239 1645 duos
1288 1591 1517 1644 somniis
1554 1588 1859 1657 implicatos
1900 1602 2007 1641 non
2048 1587 2217 1641 extri-

544 1718 547 1721 »
632 1690 832 1743 casset,
886 1696 1066 1750 neque
1122 1681 1249 1735 inde
1306 1681 1634 1735 innotuisset
1678 1679 1976 1742 Pharaoni,
2043 1695 2217 1747 neque

631 1772 830 1827 fuisset
876 1772 1177 1825 secundum
1229 1772 1377 1825 hunc
1424 1770 1654 1839 imperio
1709 1768 1925 1839 )Egypti
1989 1770 2211 1837 potitus.

2320 582 2455 635 Θεοῦ
2494 583 2687 649 σοφίας
2714 579 2951 635 ἐνταῦθα
2980 580 3219 649 μάλιστα
3247 577 3735 650 παρρησιάζεται.
3759 579 3888 631 Ποῖον

2319 673 2510 739 τούτο;
2552 671 2758 726 Είωθεν
2793 672 2869 735 ὡς
2901 671 3104 724 ἐπίπαν
3163 673 3197 741 ἡ
3245 670 3628 741 ἀπερινὸητος
3653 706 3667 729 ,
3706 671 3787 719 καὶ
3818 669 3889 720 ἀνα

2320 766 2631 836 έκφραστος
2680 765 2774 818 τοῦ
2808 764 2945 817 Θεοῦ
2989 764 3151 832 σοφία
3206 765 3269 816 ἐκ
3310 763 3424 814 τῶν
3470 761 3725 831 ἀνιαρῶν
3782 777 3889 830 προ·

2320 860 2498 927 ἀγειν,
2528 858 2563 913 ἃ
2587 860 2761 929 χαρᾶς
2798 859 2934 918 ἐστι,
2962 857 3057 911 καὶ
3085 854 3429 925 εὐφροσύνης
3463 854 3784 923 παρεκτικά
3818 856 3892 905 καὶ

2326 952 2391 1004 ἐκ
2433 951 2544 1003 τῶν
2574 950 2835 1004 ἐναντίων
2879 950 3148 1019 πηγάζειν
3189 947 3256 1000 τὰ
3288 946 3683 1015 ἀντικείμενα.
3718 947 3893 997 Αὐτίκα

2320 1043 2385 1094 ἐκ
2445 1042 2542 1111 τῆς
2603 1038 2903 1109 βασκανίας
2948 1039 3059 1091 τῶν
3119 1038 3361 1104 ἀδελφῶν
3417 1036 3523 1087 τὸν
3562 1035 3763 1103 Ἰωσὴφ
3819 1038 3891 1087 τὸν

2320 1132 2659 1203 φθονηθέντα
2685 1132 2784 1201 τῆς
2814 1132 3093 1198 Αἰγύπτου
3120 1129 3428 1196 κατέστησε
3486 1126 3710 1196 κύριον.
3747 1127 3802 1177 El
3835 1126 3893 1194 μὴ

2319 1224 2429 1295 γὰρ
2474 1223 2732 1294 φθονερὶν
2767 1222 2915 1292 αύτῷ
2947 1220 3213 1273 ἐπέϐαλον
3261 1219 3415 1289 ὄμμα
3468 1218 3523 1270 οἱ
3575 1218 3686 1269 τῶν
3718 1216 3896 1268 ὠδίνων

2319 1318 2587 1378 κοινωνοὶ,
2615 1317 2717 1368 οὐκ
2766 1314 2832 1367 ἂν
2886 1313 3126 1384 ἐπράθη,
3169 1311 3270 1364 οὐκ
3300 1311 3363 1363 ἂν
3397 1310 3483 1380 μὴ
3523 1308 3790 1379 πραθεὶς,
3820 1311 3895 1361 καὶ

2317 1406 2604 1471 δουλεύων,
2656 1406 2752 1460 καὶ
2791 1404 2891 1475 την
2933 1404 3033 1473 τῆς
3082 1403 3445 1472 σωφροσύνης
3489 1404 3600 1453 οὐκ
3651 1401 3894 1469 αἰσχύνων

2319 1498 2635 1568 ἐλευθερίαν
2664 1498 3040 1567 δεσμωτήριον
3064 1496 3311 1566 ᾧκησεν·
3347 1496 3396 1547 εί
3428 1494 3516 1563 μὴ
3545 1493 3769 1561 δέσμιος
3793 1494 3894 1558 ἐγε-

2317 1593 2489 1660 γόνει,
2520 1592 2620 1643 οὐκ
2652 1591 2717 1643 ἀν
2747 1590 2876 1647 τοὺς
2910 1589 3143 1659 ὀνείροις
3168 1586 3521 1656 δεδεμένους,
3549 1585 3787 1637 διέλυεν·
3812 1586 3894 1634 οὐκ

2320 1685 2386 1738 ἂν
2413 1682 2624 1736 ἐκεῖθεν
2656 1681 2981 1753 ἐγνωρίζετο
3026 1680 3258 1751 βασιλεῖ,
3293 1680 3415 1733 οὐδὲ
3470 1678 3579 1747 τὴν
3610 1676 3730 1746 μετ’
3756 1676 3895 1727 αὑτὸν

2317 1774 2493 1845 ἀρχὴν
2526 1775 2624 1845 τῆς
2673 1774 2952 1841 Αἰγύπτου
3000 1771 3358 1841 ἐκεχείριστο.
3402 1770 3583 1839 Ὁρᾷς
3628 1767 3807 1835 ἡλίκον
3841 1768 3893 1817 ἐκ

630 1864 825 1920 Cernis
868 1873 1135 1934 quantum
1172 1879 1239 1917 ex
1290 1863 1489 1917 invidia
1544 1861 1778 1929 odioque
1821 1863 2060 1915 fraterno
2092 1877 2210 1914 ma-

2316 1837 2533 1934 φθδνου,
2570 1837 2663 1919 καὶ
2730 1837 3227 1934 μισαδελφίαςμὲφυ
3276 1837 3532 1929 ἀγαθὸν,
3570 1858 3671 1911 καὶ
3698 1859 3841 1919 ὅσαις
3871 1858 3893 1906 6

632 1958 781 2012 narit
828 1957 1071 2019 bonum,
1117 1964 1172 2010 et
1224 1966 1427 2025 quanta
1487 1954 1631 2009 Deus
1687 1953 1984 2023 Josephum
2037 1954 2209 2023 gloria

630 2050 960 2105 coronavit?

702 2142 860 2196 Alius
893 2141 1089 2196 deinde
1121 2138 1338 2194 Pharao
1383 2149 1573 2194 contra
1607 2140 1960 2195 lsraeliticam
1995 2150 2208 2211 gentem

628 2234 759 2291 odio
788 2233 1017 2299 exarsit,
1056 2249 1119 2287 ac
1150 2234 1353 2302 impius
1383 2232 1644 2287 masculis
1678 2232 1981 2286 infantibus
2025 2232 2207 2287 Nilum

627 2340 727 2394 pro
754 2324 1012 2379 carnifice
1040 2324 1349 2379 constituit.
1386 2325 1455 2376 At
1478 2338 1544 2377 ex
1577 2322 1722 2377 illius
1756 2322 1971 2377 feritate
2006 2323 2209 2377 factum

625 2426 731 2481 est,
761 2424 819 2470 ut
851 2432 950 2486 pro
995 2416 1352 2483 domuncula,
1388 2417 1443 2470 in
1487 2432 1595 2484 qua
1646 2415 1809 2469 simul
1863 2415 2017 2468 multi
2052 2415 2214 2481 dege-

626 2510 779 2572 bant,
812 2522 1044 2577 quaeque
1092 2508 1225 2561 nihil
1260 2524 1288 2559 a
1331 2509 1548 2561 cmteris
1587 2508 1945 2576 pepularibus
1996 2507 2212 2562 ditfere—

627 2597 739 2657 bat.
774 2596 827 2649 iu
870 2596 993 2649 aula
1027 2594 1411 2666 Egyptiorum
1449 2611 1637 2668 regum
1686 2595 1899 2667 Moyses
1939 2599 2212 2652 enutrit-e-

630 2696 740 2752 tur,
787 2688 913 2742 inde
941 2687 1120 2741 divina
1158 2685 1504 2742 Providentia
1548 2688 1868 2742 ostendente
1908 2690 2055 2758 quod
2111 2688 2206 2757 qui

634 2778 850 2835 insidiis
886 2779 1273 2847 impetebatur,
1322 2779 1704 2833 insidiatorum
1749 2780 2037 2847 imperium
2078 2782 2211 2834 sub-

642 2880 870 2923 acturus
920 2878 1089 2922 esset.
1144 2866 1415 2921 Nimirum
1475 2869 1636 2938 paulo
1669 2877 1791 2938 post
1827 2870 2020 2923 tnortis
2052 2885 2208 2938 parua

633 2956 872 3010 alliciens
920 2954 1258 3025 Egyptium,
1294 2956 1387 3025 qui
1424 2972 1542 3009 eain
1592 2957 1885 3011 contribuli
1931 2973 2031 3011 suo
2065 2958 2209 3013 infe~

630 3048 810 3110 rebat,
871 3056 917 3100 et
963 3046 1077 3115 jam
1136 3047 1384 3104 detectus
1446 3048 1594 3102 illinc
1652 3048 1810 3119 fugit,
1862 3066 1927 3105 ac
1988 3067 2206 3106 rursum

632 3139 807 3207 signis
833 3138 1206 3208 prodigiisque
1238 3142 1505 3204 munitus,
1529 3150 1720 3196 contra
1745 3144 2204 3215 exspectationem
2236 3166 2280 3227 ο

629 3233 875 3299 exsurgit
929 3232 1273 3301 percutitque
1318 3232 1636 3303 Egyptum,
1684 3245 1740 3289 et
1782 3251 1938 3291 suam
1976 3238 2211 3306 denique

631 3332 845 3393 gentem
876 3339 905 3376 a
938 3326 1075 3377 dura
1102 3324 1297 3378 liberat
1328 3327 1587 3380 servitute
1616 3344 1627 3379 :
1660 3342 1754 3381 eos
1780 3341 1985 3393 autem,
2013 3331 2212 3399 quibus

630 3416 939 3469 serviebant
996 3414 1249 3479 Hebraei,
1316 3430 1437 3469 cum
1506 3418 1655 3470 omni
1726 3420 1966 3473 exercitu
2040 3421 2212 3475 maris

629 3504 887 3558 ﬂuetibus
938 3519 1037 3572 pro
1094 3503 1335 3557 miluinis
1402 3506 1563 3573 aquis
1613 3505 1777 3559 tradit
1829 3505 2207 3563 suffocaudos.

630 3594 812 3660 Quare
860 3608 927 3648 ex
972 3608 1040 3648 eo
1082 3592 1210 3662 quia
1255 3591 1604 3647 Hebraeorum
1654 3595 1901 3650 insontes
1939 3598 1992 3649 in
2043 3596 2209 3650 fluvio

630 3685 841 3741 enecati
874 3693 1024 3745 sunt,
1060 3695 1167 3737 tota
1197 3684 1344 3737 natio
1378 3698 1407 3736 a
1433 3684 1656 3738 servitio
1684 3685 1961 3755 redempta
1987 3696 2107 3752 est;
2144 3702 2208 3741 ac

630 3775 883 3829 fremitus
912 3774 1287 3843 Egyptiorum
1320 3789 1442 3827 cum
1490 3774 1624 3843 ipsis
1669 3775 2003 3843 agminibus,
2039 3778 2213 3830 curri-

630 3866 755 3929 bus,
788 3864 1229 3932 satellitibusque
1270 3862 1434 3917 fluctu
1472 3864 1653 3918 obruti
1688 3874 1834 3919 sunt.

691 4044 763 4099 Et
816 4044 989 4099 multa
1032 4042 1253 4113 quidem
1302 4040 1620 4111 huiusmodi
1667 4056 1732 4097 ex
1779 4042 1955 4096 sacris
2016 4042 2204 4096 Eccle-

632 4135 729 4192 siae
780 4138 1036 4191 historiis
1103 4136 1333 4191 collecta
1388 4145 1575 4205 posset.
1632 4136 1906 4204 quispiam
1969 4136 2023 4189 in
2092 4151 2207 4188 me-

631 4226 783 4280 dium
813 4227 1025 4280 afferre.
1060 4225 1261 4280 Eadem
1299 4227 1482 4295 itaque
1528 4227 1741 4279 rati0ue
1770 4240 1865 4293 per
1909 4240 2205 4279 exsecran-

632 4318 758 4371 dam
796 4317 1200 4386 immanemque
1230 4332 1532 4387 puerorum
1564 4317 1765 4371 eadem
1810 4332 2023 4371 corona:
2054 4333 2203 4371 mar-

631 4407 844 4476 tyribus
908 4408 1119 4477 dignae,
1176 4417 1231 4461 et
1281 4408 1768 4462 immareescihiles
1834 4410 1967 4477 ipsis
2026 4407 2203 4463 beatis

2310 1957 2443 2019 Θεὸς
2480 1958 2573 2009 τὸν
2614 1955 2814 2025 Ἰωσὴφ
2843 1954 3025 2017 δόξαις
3057 1952 3433 2020 κατεστέψατο
3459 1968 3476 2015 ;

2386 2134 2577 2197 Ἀλλος
2633 2133 2859 2204 ὕστερον
2911 2131 3111 2202 Φαραὼ
3164 2130 3306 2184 κατὰ
3356 2130 3461 2199 τῆς
3519 2126 3886 2200 ’ῐσραηλίτιδος

2312 2226 2487 2295 φυλῆς
2518 2226 2777 2294 ἐξεμάνη,
2808 2226 2902 2277 καὶ
2934 2227 3043 2285 τοῖς
3071 2225 3181 2275 τῶν
3210 2222 3428 2292 βρεφῶν
3454 2222 3664 2292 ἄρρεσι
3686 2220 3773 2270 τὸν
3802 2234 3884 2269 πο·

2310 2319 2484 2387 ταμὸν
2513 2320 2541 2371 6
2573 2318 2891 2387 παράνομος
2938 2314 3200 2383 ἐπενόησε
3237 2314 3458 2383 δήμιον.
3509 2311 3676 2363 Ἀλλά
3711 2312 3771 2361 ἐκ
3805 2308 3885 2375 τῆς

2313 2410 2523 2462 ἐκείνου
2571 2411 2882 2480 μιαιφονίας
2917 2408 2945 2459 6
2988 2405 3228 2474 Μωῦτῆς
3260 2406 3381 2456 ἀντὶ
3408 2403 3516 2473 τῆς
3548 2404 3695 2463 ἰδίας
3725 2400 3884 2459 ἑστίας

2314 2505 2444 2573 μιᾶς
2471 2502 2579 2554 τῶν
2613 2502 2823 2553 πολλῶν
2855 2499 3043 2569 οὔσης,
3089 2500 3181 2551 καὶ
3226 2499 3382 2551 οὐδὲν
3417 2498 3523 2566 τῆς
3560 2496 3674 2548 τῶν
3703 2492 3881 2563 ὁμοφύ-

2310 2595 2419 2647 λων
2448 2594 2813 2664 διαφερούσης
2851 2596 2909 2644 ἐν
2940 2595 3052 2653 τοῖς
3085 2592 3196 2643 τῶν
3223 2591 3548 2657 Αἰγυπτίων
3589 2588 3881 2655 ἀνακτόρων

2311 2685 2661 2756 ἀνετρέφετο,
2711 2684 2936 2737 αὐτόθεν
2980 2682 3079 2752 τῆς
3124 2682 3274 2745 Θείας
3307 2683 3581 2752 προνοίας
3623 2676 3878 2747 ἐπιδηλού-

2313 2794 2433 2847 σης,
2458 2777 2531 2839 ὼς
2554 2779 2582 2829 6
2615 2777 3121 2844 ἐπιδουλευόμενος,
3156 2775 3324 2837 αὐτὸς
3353 2776 3642 2846 ἐγκρατὴς
3665 2773 3760 2841 τῆς
3789 2770 3879 2822 τῶν

2310 2870 2771 2923 ἐπιϐουλευόντων
2819 2868 3136 2933 δυναστείας
3168 2868 3343 2920 ἔσται.
3383 2867 3632 2919 Ἔπειτα
3680 2865 3779 2934 γάρ
3820 2862 3878 2915 δί-

2310 2978 2415 3024 κας
2462 2961 2622 3030 φόνου
2672 2960 2872 3027 λαϐὼν,
2924 2961 3063 3031 ὑπὲρ
3094 2954 3169 3012 ὧν
3201 2959 3375 3029 ἠδίκει
3436 2960 3532 3011 τὸν
3568 2954 3876 3027 ὁμόφυλονὸ

2309 3053 2633 3121 Αἰγύπτιος,
2670 3055 2765 3106 καὶ⁸
2798 3052 3125 3121 κατάφωρος
3165 3052 3406 3120 γεγονώς
3435 3068 3496 3103 τε
3529 3049 3759 3111 ἐκεῖθεν,
3799 3043 3875 3096 καὶ

2313 3146 2474 3213 πάλιν
2530 3144 2827 3217 ὀχυρωθεὶς
2856 3146 3101 3215 σημείοις
3152 3162 3212 3196 τε
3244 3144 3341 3196 καὶ
3366 3143 3587 3214 τέρασι,
3626 3142 3719 3195 καὶ
3750 3138 3875 3207 παρὰ

2314 3238 2473 3303 δόξαν
2524 3241 2833 3308 ἐφίσταται.
2867 3241 2961 3291 καὶ
2998 3238 3253 3306 μαστίζει
3299 3237 3397 3308 τὴν
3448 3239 3769 3305 Αἴγυπτον·
3797 3229 3873 3282 καὶ

2312 3328 2465 3390 τέλος
2491 3329 2615 3390 τοὺς
2644 3328 2745 3397 μὲν
2776 3327 3080 3397 ὁμοφύλους
3110 3328 3212 3397 τῆς
3242 3326 3488 3396 χαλεπῆς
3519 3324 3762 3381 δουλείας
3784 3323 3872 3374 ἀπ-

2313 3419 2595 3473 αλλάττει·
2639 3420 2763 3483 τοὺς
2812 3420 2867 3473 δὲ
2914 3419 3511 3489 καταδουλωσαμένους
3563 3412 3872 3486 πανστρατιᾷ

2313 3512 2583 3581 Θαλάττης
2614 3512 2734 3565 ἀντὶ
2756 3513 2853 3582 τῆς
2879 3512 3149 3581 ποταμίου
3182 3512 3499 3582 μιαιφονίας
3534 3506 3869 3571 ἐναποπνίγει

2312 3604 2603 3677 ῥεύμασιν.
2640 3606 2801 3657 Ὥστε
2846 3603 2906 3669 ἐξ
2952 3597 3025 3658 ὥν
3050 3607 3078 3658 6
3108 3604 3306 3673 Φαραὼ
3352 3606 3421 3658 τά
3471 3604 3587 3658 τῶν
3624 3599 3868 3671 Ἑϐραίων

2313 3696 2489 3767 βρέφη
2529 3698 2785 3767 ποταμίῳ
2816 3697 3033 3767 Θανάτῳ
3059 3697 3478 3759 κατεδικάσατο,
3504 3700 3572 3750 ἐκ
3599 3696 3795 3748 τούτων
3819 3704 3867 3740 τε

2308 3788 2370 3840 τὸ
2407 3788 2568 3856 γένος
2603 3788 2749 3842 ἅπαν
2786 3788 3032 3859 ἀνεσώθη
3086 3789 3185 3857 τῆς
3213 3789 3621 3859 αἰχμαλωσίας,
3654 3784 3745 3837 καὶ
3778 3781 3868 3833 τῶν

2308 3879 2625 3946 Αἰγυπτίων
2652 3880 2713 3932 τὸ
2742 3881 3010 3951 φρύαγμα
3054 3881 3192 3951 αὐτῇ
3230 3883 3483 3952 στρατιᾷ,
3521 3882 3615 3934 καὶ
3656 3878 3863 3947 ἅρματε.

2309 3971 2405 4024 καὶ
2438 3972 2759 4039 τριστάταις
2790 3971 3121 4043 ὑποϐρύχιον
3154 3972 3433 4038 γεγόνασι.

2379 4061 2490 4113 Καὶ
2530 4060 2700 4115 πολλά
2743 4061 2968 4113 τοιαῦτα
3002 4063 3065 4113 ἐκ
3096 4061 3206 4113 τῶν
3254 4061 3417 4131 ἱερῶν
3457 4056 3738 4132 λειμώνων
3780 4052 3861 4119 τῆς

2320 4150 2646 4220 Ἑκκλησίας
2691 4150 3193 4220 ἀνθολογησάμενος
3240 4148 3581 4213 ἐπιδείξειεν.
3613 4146 3760 4200 Οὖτω
3794 4142 3859 4201 ὁὲν

2306 4239 2450 4293 οὕτω
2485 4242 2579 4293 καὶ
2613 4241 2702 4293 διὰ
2760 4241 2858 4310 τῆς
2894 4241 3194 4310 ἀλάστορος
3220 4236 3343 4295 ’καὶ
3388 4239 3735 4310 παλαμναίας
3769 4232 3859 4286 τῶν

2308 4334 2515 4402 νηπίων
2547 4336 2761 4403 σφαγῆς
2791 4334 2840 4385 οἱ
2874 4332 3203 4403 μαρτυρικοί
3228 4349 3285 4384 τε
3309 4374 3323 4398 ,
3354 4334 3450 4386 καὶ
3484 4334 3745 4405 ἀκήρατοι
3765 4326 3859 4385 τοῖς

2310 4425 2601 4494 μακαρίοις
2631 4424 2936 4495 ἐξήνθησάν
2957 4441 3037 4490 τε,
3072 4426 3163 4477 καὶ
3197 4425 3463 4495 διεπλάκη
3477 4445 3575 4479 σαν
3610 4423 3851 4489 στέφανοι·

630 4498 1004 4556 tax-floruerunt
1046 4510 1210 4567 atque
1246 4500 1466 4555 intexta:
1499 4507 1627 4555 sunt
1660 4517 1674 4552 :
1719 4499 1829 4552 imo
1864 4500 2064 4553 factum
2094 4509 2199 4564 est,

2313 4515 2403 4569 καὶ
2432 4516 2493 4568 τὸ
2522 4518 2617 4569 σὺν
2655 4518 2941 4588 παρρησίᾳ
2982 4518 3348 4588 παρίστασοαί
3395 4536 3453 4570 τε
3488 4520 3566 4587 τῷ
3612 4516 3743 4580 Θεῷ,
3778 4506 3854 4561 καὶ

630 4602 691 4647 ut
741 4594 921 4648 securi
979 4590 1089 4646 Deo
1142 4592 1485 4655 sisterentur,
1543 4609 1609 4647 ac
1661 4604 1984 4665 perpetuam
2056 4594 2203 4647 illam

627 4684 887 4739 ineffabili
940 4684 1140 4755 gaudio
1212 4693 1268 4738 et
1337 4684 1595 4739 felicitate
1663 4702 1787 4739 cum
1860 4687 2203 4756 iucorporeis

627 4778 939 4847 agminibus
986 4777 1244 4831 ehoream
1288 4776 1631 4845 plauderent,
1677 4776 2103 4845 beatissiinaque
2154 4788 2207 4831 et

625 4871 867 4940 perfecta
936 4869 1256 4939 optabilium
1325 4885 1507 4923 rerum
1575 4870 1785 4923 visione
1843 4870 2201 4937 la'tat‘enlur;

626 4965 827 5033 quibus
868 4979 1116 5033 quamam
1174 4963 1570 5016 interneciones
1616 4972 1669 5016 et
1702 4978 1951 5031 quaenam
1998 4962 2205 5031 suppli-

625 5055 835 5107 ciorum
890 5053 1217 5107 acerbitates
1248 5053 1533 5120 condignze
1570 5052 2027 5106 aestimabuntur?
2065 5052 2207 5117 Qua-

625 5153 852 5215 propter
891 5146 1026 5197 adeo
1068 5161 1175 5197 non
1222 5144 1544 5214 expediebat
1588 5146 1830 5215 iniquam
1869 5159 1920 5199 et
1958 5161 2199 5216 praepro-

627 5252 813 5306 peram
859 5238 1152 5291 infantium
1186 5248 1416 5291 mortem
1450 5254 1778 5307 quacunque
1810 5239 2017 5293 ratione
2063 5254 2201 5308 pra:-

625 5328 841 5397 pedire;
890 5340 947 5382 ιιι
997 5330 1167 5383 multo
1222 5330 1417 5383 melius
1472 5329 1637 5383 fuerit
1689 5345 1808 5383 eam
1857 5331 2093 5398 permitti
2137 5345 2202 5383 ac

626 5418 947 5487 perpetrari,
982 5434 1090 5488 quo
1123 5420 1221 5487 ipsi
1255 5421 1416 5473 tantis
1446 5420 1499 5472 in
1531 5430 1728 5473 aeterna
1768 5428 1819 5472 et
1852 5421 2200 5475 inenarrabili

626 5513 887 5567 beatilate
916 5514 1310 5581 pullulautibus
1346 5514 1502 5567 bonis
1538 5514 1969 5567 cumularentur.

698 5605 877 5672 Atque
912 5606 1028 5658 inec
1061 5605 1219 5672 quasi
1268 5605 1333 5657 ad
1384 5605 1703 5673 explendam
1738 5619 1909 5658 sacra:
1954 5605 2198 5658 scientiae

625 5695 976 5762 cupiditatem
1007 5694 1102 5747 tibi
1152 5694 1439 5747 suﬂiciant.
1477 5694 1630 5759 Quod
1663 5695 1707 5749 si
1755 5696 1877 5764 quis
1904 5696 1955 5748 in
1998 5712 2196 5750 arcana

622 5798 753 5839 cum
810 5784 979 5838 Paulo
1043 5784 1206 5843 verba
1266 5786 1579 5852 admissus,
1647 5787 1804 5842 nobis
1864 5788 2061 5843 melius
2130 5802 2193 5842 ea

2308 4608 2405 4677 τὴν
2448 4608 2682 4679 ἄληκτον
2719 4609 2935 4678 ἐκείνην
2964 4610 3023 4661 ἐν
3054 4608 3331 4678 ἀδιηγήτῳ
3366 4612 3531 4680 χαρᾷ,
3567 4610 3658 4662 καὶ
3686 4604 3852 4669 ei)???

2310 4696 2443 4766 σύνῃ
2475 4697 2571 4749 σὺν
2606 4700 2717 4760 τοϊς
2749 4699 3064 4768 ἀσωμάτοις
3092 4700 3336 4767 τάγμασι
3366 4698 3748 4763 συνεξελίσσειν
3778 4696 3852 4759 χοὲ

2310 4788 2483 4858 ρείαν,
2520 4791 2615 4841 καὶ
2644 4789 2738 4841 τοῦ
2791 4792 3214 4860 μακαριωτάτου
3242 4833 3255 4857 ,
3292 4793 3387 4844 καὶ
3443 4792 3735 4863 ἀκροτάτου
3761 4782 3848 4835 τῶν

2307 4878 2549 4945 ὀρεκτῶν
2599 4881 2895 4935 ἀπολαύειν
2946 4883 3249 4951 θεάματοςο
3306 4877 3379 4935 ὦν
3430 4884 3592 4936 πόσαι
3652 4873 3845 4946 σφαγαὶν

2308 4971 2457 5022 ποῖαι
2487 4970 2543 5023 δὲ
2580 4973 2860 5041 τιμωριῶν
2892 4974 3223 5043 δριμύτητες
3254 4975 3484 5039 ἀντάξια
3536 4972 3843 5041 λογισθήσον-

2305 5078 2429 5125 ταις
2460 5064 2623 5116 Ὠστε
2656 5066 2714 5116 ού
2751 5066 2913 5136 μόνον
2941 5068 3041 5119 οὐκ
3068 5064 3134 5138 ἧν
3170 5068 3391 5136 ἄμεινον
3424 5067 3714 5135 οὐδαμόθεν
3741 5063 3842 5113 ἐπι·

2310 5156 2456 5222 σχεῖν
2484 5154 2574 5206 τὸν
2600 5156 2867 5225 ἔκθεσμον
2896 5175 2979 5222 τε,
3012 5160 3105 5211 καὶ
3134 5158 3312 5226 ἄωρον
3341 5160 3449 5211 τῶν
3479 5157 3686 5230 βρεφῶν
3714 5150 3843 5203 θάνα·

2304 5262 2396 5297 τον
2424 5262 2436 5274 ·
2466 5245 2601 5303 ἀλλὰ
2630 5247 2721 5299 καὶ
2749 5249 2926 5317 πολλῷ
2952 5253 3204 5318 κρεῖσσον
3240 5252 3519 5317 ἐναφεῖναί
3568 5267 3623 5302 τε
3661 5243 3743 5298 καὶ
3767 5241 3839 5289 ἐν·

2303 5333 2485 5387 δοῦναι
2536 5338 2820 5405 προελθεῖν
2850 5339 3116 5391 τοσούτων
3161 5341 3343 5401 αὐτοῖς
3392 5340 3600 5392 ἐκεῖθεν
3641 5328 3840 5387 αἰωνίων

2302 5444 2375 5479 τε.
2418 5430 2510 5480 καὶ
2541 5430 2850 5499 ἀδιηγήτων
2880 5430 3409 5501 ἀναϐλαστησάντων
3440 5430 3670 5499 ἀγαθῶν.

2387 5607 2544 5661 Ἀλλὰ
2590 5608 2761 5661 ταῦτα
2796 5609 2895 5677 μὲν
2943 5609 3081 5662 ἔστω
3127 5628 3206 5663 σοι
3236 5614 3336 5681 τῆς
3373 5612 3524 5681 ἱερᾶς
3553 5597 3831 5678 (pomosa;

2300 5698 2488 5769 ὥσπερ
2543 5717 2625 5761 τις
2660 5700 2780 5769 iade
2830 5702 3146 5767 ἀφοσίωσις.
3200 5702 3259 5753 Εἰ
3288 5702 3343 5753 δέ
3377 5719 3461 5764 τις
3492 5702 3597 5754 τῶν
3628 5687 3831 5759 ἁποῤῥή·

2299 5806 2409 5843 των
2444 5790 2537 5842 τοῦ
2570 5791 2780 5845 Παύλου
2813 5794 3076 5864 ῥημάτων
3126 5794 3345 5865 μύστης
3402 5792 3653 5866 Vermina
3686 5793 3823 5858 Pw"
