  <div class='ocr_page' id='page_1' title='image "/cluster/home/n/w/nwhite01/storage/ocr_20150623/101:no.1/coo.31924054870054/122.png"; bbox 0 0 4084 6446; ppageno 0'>
   <div class='ocr_carea' id='block_1_1' title="bbox 242 348 347 411">
    <p class='ocr_par' dir='ltr' id='par_1_1' title="bbox 242 348 347 411">
     <span class='ocr_line' id='line_1_1' title="bbox 242 348 347 411; baseline 0.01 -1"><span class='ocrx_word' id='word_1_1' title='bbox 242 348 347 411; x_wconf 80' lang='grc'><strong>197</strong></span> 
     </span>
    </p>
   </div>
   <div class='ocr_carea' id='block_1_2' title="bbox 1186 348 2591 423">
    <p class='ocr_par' dir='ltr' id='par_1_2' title="bbox 1186 348 2591 423">
     <span class='ocr_line' id='line_1_2' title="bbox 1186 348 2591 423; baseline 0.005 -20"><span class='ocrx_word' id='word_1_2' title='bbox 1186 348 1282 406; x_wconf 83' lang='lat' dir='ltr'><strong>AD</strong></span> <span class='ocrx_word' id='word_1_3' title='bbox 1322 350 1919 413; x_wconf 83' lang='lat' dir='ltr'><strong>AMPHILOCHIUM</strong></span> <span class='ocrx_word' id='word_1_4' title='bbox 1971 350 2317 423; x_wconf 72' lang='lat' dir='ltr'><strong>QU/ESTIO</strong></span> <span class='ocrx_word' id='word_1_5' title='bbox 2354 350 2591 410; x_wconf 76' lang='lat' dir='ltr'><strong>XXVII.</strong></span> 
     </span>
    </p>
   </div>
   <div class='ocr_carea' id='block_1_3' title="bbox 3400 357 3497 419">
    <p class='ocr_par' dir='ltr' id='par_1_3' title="bbox 3400 357 3497 419">
     <span class='ocr_line' id='line_1_3' title="bbox 3400 357 3497 419; baseline 0.01 -1"><span class='ocrx_word' id='word_1_6' title='bbox 3400 357 3497 419; x_wconf 71' lang='lat'><strong>198</strong></span> 
     </span>
    </p>
   </div>
   <div class='ocr_carea' id='block_1_4' title="bbox 230 456 1825 543">
    <p class='ocr_par' dir='ltr' id='par_1_4' title="bbox 230 456 1824 531">
     <span class='ocr_line' id='line_1_4' title="bbox 230 456 1824 531; baseline -0.004 -17"><span class='ocrx_word' id='word_1_7' title='bbox 230 463 438 531; x_wconf 76' lang='grc' dir='ltr'>γωγείν</span> <span class='ocrx_word' id='word_1_8' title='bbox 469 461 616 530; x_wconf 74' lang='grc' dir='ltr'>ἡμᾶς</span> <span class='ocrx_word' id='word_1_9' title='bbox 666 459 942 530; x_wconf 76' lang='grc' dir='ltr'>ἐθελήσειε</span> <span class='ocrx_word' id='word_1_10' title='bbox 990 456 1342 529; x_wconf 80' lang='grc' dir='ltr'><strong>τελειότερον,</strong></span> <span class='ocrx_word' id='word_1_11' title='bbox 1387 459 1557 529; x_wconf 78' lang='grc' dir='ltr'>ἡδέως</span> <span class='ocrx_word' id='word_1_12' title='bbox 1607 462 1693 523; x_wconf 85' lang='grc' dir='ltr'>ἂν,</span> <span class='ocrx_word' id='word_1_13' title='bbox 1729 461 1824 514; x_wconf 70' lang='grc' dir='ltr'><strong>καὶ</strong></span> 
     </span>
    </p>
   </div>
   <div class='ocr_carea' id='block_1_5' title="bbox 1930 456 3496 543">
    <p class='ocr_par' dir='ltr' id='par_1_5' title="bbox 1930 462 3496 533">
     <span class='ocr_line' id='line_1_5' title="bbox 1930 462 3496 533; baseline 0.007 -18"><span class='ocrx_word' id='word_1_14' title='bbox 1930 463 2184 533; x_wconf 83' lang='lat' dir='ltr'><strong>mysteria</strong></span> <span class='ocrx_word' id='word_1_15' title='bbox 2230 462 2466 532; x_wconf 88' lang='lat' dir='ltr'><strong>pandere</strong></span> <span class='ocrx_word' id='word_1_16' title='bbox 2513 464 2783 529; x_wconf 89' lang='lat' dir='ltr'><strong>voluerit;</strong></span> <span class='ocrx_word' id='word_1_17' title='bbox 2821 475 2948 521; x_wconf 91' lang='lat' dir='ltr'><strong>tunc</strong></span> <span class='ocrx_word' id='word_1_18' title='bbox 3000 484 3098 523; x_wconf 92' lang='lat' dir='ltr'><strong>nos</strong></span> <span class='ocrx_word' id='word_1_19' title='bbox 3152 469 3401 533; x_wconf 66' lang='lat' dir='ltr'><strong>libenter,</strong></span> <span class='ocrx_word' id='word_1_20' title='bbox 3444 484 3496 526; x_wconf 82' lang='lat' dir='ltr'><strong>et</strong></span> 
     </span>
    </p>
   </div>
   <div class='ocr_carea' id='block_1_6' title="bbox 229 551 1818 625">
    <p class='ocr_par' dir='ltr' id='par_1_6' title="bbox 229 551 1818 625">
     <span class='ocr_line' id='line_1_6' title="bbox 229 551 1818 625; baseline -0.001 -18"><span class='ocrx_word' id='word_1_21' title='bbox 229 556 399 625; x_wconf 79' lang='grc' dir='ltr'>χάριν</span> <span class='ocrx_word' id='word_1_22' title='bbox 441 552 904 623; x_wconf 77' lang='grc' dir='ltr'>ἁνομολογοῦντες</span> <span class='ocrx_word' id='word_1_23' title='bbox 953 551 1188 619; x_wconf 65' lang='grc' dir='ltr'>ὀφείλειν</span> <span class='ocrx_word' id='word_1_24' title='bbox 1215 552 1294 622; x_wconf 83' lang='grc' dir='ltr'>τῷ</span> <span class='ocrx_word' id='word_1_25' title='bbox 1324 552 1499 623; x_wconf 74' lang='grc' dir='ltr'>ἀνδρὶ,</span> <span class='ocrx_word' id='word_1_26' title='bbox 1547 554 1635 606; x_wconf 64' lang='grc' dir='ltr'><strong>διὰ</strong></span> <span class='ocrx_word' id='word_1_27' title='bbox 1679 554 1818 624; x_wconf 78' lang='grc' dir='ltr'>βίου,</span> 
     </span>
    </p>
   </div>
   <div class='ocr_carea' id='block_1_7' title="bbox 228 644 1003 716">
    <p class='ocr_par' dir='ltr' id='par_1_7' title="bbox 228 644 1003 716">
     <span class='ocr_line' id='line_1_7' title="bbox 228 644 1003 716; baseline 0.001 -19"><span class='ocrx_word' id='word_1_28' title='bbox 228 647 336 698; x_wconf 81' lang='grc' dir='ltr'>καὶ</span> <span class='ocrx_word' id='word_1_29' title='bbox 364 647 521 716; x_wconf 77' lang='grc' dir='ltr'>κοινῇ</span> <span class='ocrx_word' id='word_1_30' title='bbox 551 644 1003 715; x_wconf 75' lang='grc' dir='ltr'>μαθητεύσωμεν.</span> 
     </span>
    </p>
   </div>
   <div class='ocr_carea' id='block_1_8' title="bbox 768 756 1271 813">
    <p class='ocr_par' dir='ltr' id='par_1_8' title="bbox 768 756 1271 813">
     <span class='ocr_line' id='line_1_8' title="bbox 768 756 1271 813; baseline -0.004 -2"><span class='ocrx_word' id='word_1_31' title='bbox 768 759 1105 813; x_wconf 81' lang='grc' dir='ltr'><strong>ΕΡΩἸῊΣΙΣ</strong></span> <span class='ocrx_word' id='word_1_32' title='bbox 1144 756 1271 812; x_wconf 79' lang='grc' dir='ltr'><strong>ΚΖ’.</strong></span> 
     </span>
    </p>
   </div>
   <div class='ocr_carea' id='block_1_9' title="bbox 228 848 1817 921">
    <p class='ocr_par' dir='ltr' id='par_1_9' title="bbox 228 848 1817 921">
     <span class='ocr_line' id='line_1_9' title="bbox 228 848 1817 921; baseline -0.001 -15"><span class='ocrx_word' id='word_1_33' title='bbox 228 852 377 918; x_wconf 79' lang='grc' dir='ltr'><strong>Πῶς</strong></span> <span class='ocrx_word' id='word_1_34' title='bbox 406 852 687 921; x_wconf 71' lang='grc' dir='ltr'>λέγοντες</span> <span class='ocrx_word' id='word_1_35' title='bbox 718 852 869 904; x_wconf 78' lang='grc' dir='ltr'>Θεὸν</span> <span class='ocrx_word' id='word_1_36' title='bbox 914 849 1029 921; x_wconf 79' lang='grc' dir='ltr'><strong>μὲν</strong></span> <span class='ocrx_word' id='word_1_37' title='bbox 1075 849 1206 921; x_wconf 74' lang='grc' dir='ltr'>ἕνα,</span> <span class='ocrx_word' id='word_1_38' title='bbox 1255 848 1411 919; x_wconf 82' lang='grc' dir='ltr'><em>τρεῖς</em></span> <span class='ocrx_word' id='word_1_39' title='bbox 1444 850 1521 921; x_wconf 9' lang='grc' dir='ltr'><strong>ᾐδὲ</strong></span> <span class='ocrx_word' id='word_1_40' title='bbox 1553 851 1817 905; x_wconf 76' lang='grc' dir='ltr'>ὑποστά-</span> 
     </span>
    </p>
   </div>
   <div class='ocr_carea' id='block_1_10' title="bbox 314 918 1827 987">
    <p class='ocr_par' dir='ltr' id='par_1_10' title="bbox 314 918 1827 987">
     <span class='ocr_line' id='line_1_10' title="bbox 314 918 1827 987; baseline -0.001 -12"><span class='ocrx_word' id='word_1_41' title='bbox 314 918 599 987; x_wconf 64' lang='grc' dir='ltr'>σεις.’καὶ</span> <span class='ocrx_word' id='word_1_42' title='bbox 640 921 745 973; x_wconf 83' lang='grc' dir='ltr'>τὸν</span> <span class='ocrx_word' id='word_1_43' title='bbox 774 918 1005 986; x_wconf 76' lang='grc' dir='ltr'>Πατέρα</span> <span class='ocrx_word' id='word_1_44' title='bbox 1046 918 1305 987; x_wconf 71' lang='grc' dir='ltr'>λέγομεν</span> <span class='ocrx_word' id='word_1_45' title='bbox 1350 919 1522 981; x_wconf 81' lang='grc' dir='ltr'><em>Θεὸν,</em></span> <span class='ocrx_word' id='word_1_46' title='bbox 1562 921 1661 973; x_wconf 81' lang='grc' dir='ltr'><strong>καὶ</strong></span> <span class='ocrx_word' id='word_1_47' title='bbox 1719 922 1827 974; x_wconf 81' lang='grc' dir='ltr'>τὸν</span> 
     </span>
    </p>
   </div>
   <div class='ocr_carea' id='block_1_11' title="bbox 334 988 1829 1058">
    <p class='ocr_par' dir='ltr' id='par_1_11' title="bbox 334 988 1829 1058">
     <span class='ocr_line' id='line_1_11' title="bbox 334 988 1829 1058; baseline -0.001 -14"><span class='ocrx_word' id='word_1_48' title='bbox 334 993 471 1044; x_wconf 67' lang='grc' dir='ltr'><strong>Υἰὰν</strong></span> <span class='ocrx_word' id='word_1_49' title='bbox 508 991 636 1043; x_wconf 78' lang='grc' dir='ltr'><strong>κατ’</strong></span> <span class='ocrx_word' id='word_1_50' title='bbox 682 991 869 1044; x_wconf 84' lang='grc' dir='ltr'>αὐτὸν</span> <span class='ocrx_word' id='word_1_51' title='bbox 900 991 1067 1050; x_wconf 86' lang='grc' dir='ltr'><em>Θεὸν,</em></span> <span class='ocrx_word' id='word_1_52' title='bbox 1104 990 1205 1041; x_wconf 77' lang='grc' dir='ltr'><strong>καὶ</strong></span> <span class='ocrx_word' id='word_1_53' title='bbox 1239 988 1304 1041; x_wconf 82' lang='grc' dir='ltr'>τὸ</span> <span class='ocrx_word' id='word_1_54' title='bbox 1335 989 1579 1058; x_wconf 81' lang='grc' dir='ltr'><strong>Πνεῦμα</strong></span> <span class='ocrx_word' id='word_1_55' title='bbox 1629 991 1829 1042; x_wconf 84' lang='grc' dir='ltr'>ὡσαύ-</span> 
     </span>
    </p>
   </div>
   <div class='ocr_carea' id='block_1_12' title="bbox 314 1059 1827 1127">
    <p class='ocr_par' dir='ltr' id='par_1_12' title="bbox 314 1059 1827 1127">
     <span class='ocr_line' id='line_1_12' title="bbox 314 1059 1827 1127; baseline -0.001 -14"><span class='ocrx_word' id='word_1_56' title='bbox 314 1076 467 1125; x_wconf 83' lang='grc' dir='ltr'>τως”</span> <span class='ocrx_word' id='word_1_57' title='bbox 525 1062 783 1127; x_wconf 84' lang='grc' dir='ltr'><strong>Θεότητα</strong></span> <span class='ocrx_word' id='word_1_58' title='bbox 827 1059 895 1111; x_wconf 83' lang='grc' dir='ltr'><em>δὲ</em></span> <span class='ocrx_word' id='word_1_59' title='bbox 954 1059 1241 1125; x_wconf 76' lang='grc' dir='ltr'>λέγοντες</span> <span class='ocrx_word' id='word_1_60' title='bbox 1288 1059 1456 1126; x_wconf 82' lang='grc' dir='ltr'>μίαν,</span> <span class='ocrx_word' id='word_1_61' title='bbox 1507 1059 1605 1111; x_wconf 82' lang='grc' dir='ltr'><strong>καὶ</strong></span> <span class='ocrx_word' id='word_1_62' title='bbox 1670 1060 1827 1126; x_wconf 81' lang='grc' dir='ltr'><em>τρεῖς</em></span> 
     </span>
    </p>
   </div>
   <div class='ocr_carea' id='block_1_13' title="bbox 311 1127 1826 1196">
    <p class='ocr_par' dir='ltr' id='par_1_13' title="bbox 311 1127 1826 1196">
     <span class='ocr_line' id='line_1_13' title="bbox 311 1127 1826 1196; baseline -0.001 -13"><span class='ocrx_word' id='word_1_63' title='bbox 311 1128 707 1192; x_wconf 78' lang='grc' dir='ltr'><strong>ὑποστάσεις,</strong></span> <span class='ocrx_word' id='word_1_64' title='bbox 732 1131 840 1182; x_wconf 85' lang='grc' dir='ltr'><strong>οὐκ</strong></span> <span class='ocrx_word' id='word_1_65' title='bbox 866 1130 951 1181; x_wconf 76' lang='grc' dir='ltr'><strong>ἔτι</strong></span> <span class='ocrx_word' id='word_1_66' title='bbox 982 1127 1287 1196; x_wconf 79' lang='grc' dir='ltr'>δυνάμεθα</span> <span class='ocrx_word' id='word_1_67' title='bbox 1308 1129 1511 1193; x_wconf 75' lang='grc' dir='ltr'>λέγειν</span> <span class='ocrx_word' id='word_1_68' title='bbox 1545 1129 1685 1182; x_wconf 80' lang='grc' dir='ltr'>οὔτε</span> <span class='ocrx_word' id='word_1_69' title='bbox 1719 1130 1826 1182; x_wconf 84' lang='grc' dir='ltr'>τὸν</span> 
     </span>
    </p>
   </div>
   <div class='ocr_carea' id='block_1_14' title="bbox 308 1197 1824 1265">
    <p class='ocr_par' dir='ltr' id='par_1_14' title="bbox 308 1197 1824 1265">
     <span class='ocr_line' id='line_1_14' title="bbox 308 1197 1824 1265; baseline 0.001 -13"><span class='ocrx_word' id='word_1_70' title='bbox 308 1199 543 1265; x_wconf 74' lang='grc' dir='ltr'>Πατέρα</span> <span class='ocrx_word' id='word_1_71' title='bbox 609 1202 901 1263; x_wconf 80' lang='grc' dir='ltr'><strong>Θεότητα,</strong></span> <span class='ocrx_word' id='word_1_72' title='bbox 960 1199 1099 1251; x_wconf 82' lang='grc' dir='ltr'>οὔτε</span> <span class='ocrx_word' id='word_1_73' title='bbox 1162 1197 1271 1251; x_wconf 87' lang='grc' dir='ltr'>τὸν</span> <span class='ocrx_word' id='word_1_74' title='bbox 1340 1199 1502 1264; x_wconf 78' lang='grc' dir='ltr'>Υὶὸν,</span> <span class='ocrx_word' id='word_1_75' title='bbox 1560 1200 1701 1253; x_wconf 81' lang='grc' dir='ltr'>οὔτε</span> <span class='ocrx_word' id='word_1_76' title='bbox 1756 1199 1824 1253; x_wconf 86' lang='grc' dir='ltr'>τὸ</span> 
     </span>
    </p>
   </div>
   <div class='ocr_carea' id='block_1_15' title="bbox 310 1267 1079 1339">
    <p class='ocr_par' dir='ltr' id='par_1_15' title="bbox 310 1267 1079 1339">
     <span class='ocr_line' id='line_1_15' title="bbox 310 1267 1079 1339; baseline -0.001 -17"><span class='ocrx_word' id='word_1_77' title='bbox 310 1268 577 1337; x_wconf 75' lang='grc' dir='ltr'><em>Πνεῦμα,</em></span> <span class='ocrx_word' id='word_1_78' title='bbox 611 1267 738 1322; x_wconf 80' lang='grc' dir='ltr'><strong>οὐδ’</strong></span> <span class='ocrx_word' id='word_1_79' title='bbox 772 1268 891 1338; x_wconf 82' lang='grc' dir='ltr'>ἅμα</span> <span class='ocrx_word' id='word_1_80' title='bbox 927 1269 1079 1339; x_wconf 66' lang='grc'><strong>(45);</strong></span> 
     </span>
    </p>
   </div>
   <div class='ocr_carea' id='block_1_16' title="bbox 1928 552 3499 621">
    <p class='ocr_par' dir='ltr' id='par_1_16' title="bbox 1928 552 3499 621">
     <span class='ocr_line' id='line_1_16' title="bbox 1928 552 3499 621; baseline 0.008 -18"><span class='ocrx_word' id='word_1_81' title='bbox 1928 552 2158 621; x_wconf 79' lang='lat' dir='ltr'><strong>gratiam</strong></span> <span class='ocrx_word' id='word_1_82' title='bbox 2179 553 2226 606; x_wconf 83' lang='lat' dir='ltr'><strong>ei</strong></span> <span class='ocrx_word' id='word_1_83' title='bbox 2260 554 2491 607; x_wconf 81' lang='lat' dir='ltr'><strong>fatentes</strong></span> <span class='ocrx_word' id='word_1_84' title='bbox 2518 552 2739 618; x_wconf 86' lang='lat' dir='ltr'><strong>habere,</strong></span> <span class='ocrx_word' id='word_1_85' title='bbox 2771 554 2900 609; x_wconf 89' lang='lat' dir='ltr'><strong>dum</strong></span> <span class='ocrx_word' id='word_1_86' title='bbox 2935 557 3187 621; x_wconf 83' lang='lat' dir='ltr'><strong>vivimus,</strong></span> <span class='ocrx_word' id='word_1_87' title='bbox 3216 564 3499 616; x_wconf 87' lang='lat' dir='ltr'><strong>communi</strong></span> 
     </span>
    </p>
   </div>
   <div class='ocr_carea' id='block_1_17' title="bbox 1932 642 2566 711">
    <p class='ocr_par' dir='ltr' id='par_1_17' title="bbox 1932 642 2566 711">
     <span class='ocr_line' id='line_1_17' title="bbox 1932 642 2566 711; baseline -0.002 -14"><span class='ocrx_word' id='word_1_88' title='bbox 1932 660 2095 697; x_wconf 87' lang='lat' dir='ltr'><strong>usura</strong></span> <span class='ocrx_word' id='word_1_89' title='bbox 2129 642 2400 697; x_wconf 77' lang='lat' dir='ltr'><strong>discemus</strong></span> <span class='ocrx_word' id='word_1_90' title='bbox 2432 643 2566 711; x_wconf 55' lang='lat' dir='ltr'><strong>(id).</strong></span> 
     </span>
    </p>
   </div>
   <div class='ocr_carea' id='block_1_18' title="bbox 2227 756 3181 833">
    <p class='ocr_par' dir='ltr' id='par_1_18' title="bbox 2227 756 3181 833">
     <span class='ocr_line' id='line_1_18' title="bbox 2227 756 3181 833; baseline 0.004 -21"><span class='ocrx_word' id='word_1_91' title='bbox 2227 756 2556 824; x_wconf 66' lang='lat' dir='ltr'><strong>QUAESTIO</strong></span> <span class='ocrx_word' id='word_1_92' title='bbox 2598 757 2787 812; x_wconf 70' lang='lat' dir='ltr'><strong>XXVII</strong></span> <span class='ocrx_word' id='word_1_93' title='bbox 2831 756 2927 829; x_wconf 81' lang='grc' dir='ltr'>[αι.</span> <span class='ocrx_word' id='word_1_94' title='bbox 2969 759 3181 833; x_wconf 70' lang='lat' dir='ltr'><strong>XXVI].</strong></span> 
     </span>
    </p>
   </div>
   <div class='ocr_carea' id='block_1_19' title="bbox 1930 851 3499 924">
    <p class='ocr_par' dir='ltr' id='par_1_19' title="bbox 1930 851 3499 924">
     <span class='ocr_line' id='line_1_19' title="bbox 1930 851 3499 924; baseline 0.004 -21"><span class='ocrx_word' id='word_1_95' title='bbox 1930 851 2203 924; x_wconf 80' lang='lat' dir='ltr'><strong>Quomodo</strong></span> <span class='ocrx_word' id='word_1_96' title='bbox 2249 868 2365 903; x_wconf 86' lang='lat' dir='ltr'><strong><em>cum</em></strong></span> <span class='ocrx_word' id='word_1_97' title='bbox 2398 852 2563 924; x_wconf 63' lang='lat' dir='ltr'><strong>Deum</strong></span> <span class='ocrx_word' id='word_1_98' title='bbox 2601 868 2784 911; x_wconf 83' lang='lat' dir='ltr'><strong><em>unum,</em></strong></span> <span class='ocrx_word' id='word_1_99' title='bbox 2830 863 2931 905; x_wconf 83' lang='lat' dir='ltr'><strong>tres</strong></span> <span class='ocrx_word' id='word_1_100' title='bbox 2968 865 3151 924; x_wconf 64' lang='lat' dir='ltr'><strong>autem</strong></span> <span class='ocrx_word' id='word_1_101' title='bbox 3195 856 3499 924; x_wconf 74' lang='lat' dir='ltr'><strong>hypostases</strong></span> 
     </span>
    </p>
   </div>
   <div class='ocr_carea' id='block_1_20' title="bbox 2001 921 3498 983">
    <p class='ocr_par' dir='ltr' id='par_1_20' title="bbox 2001 921 3498 983">
     <span class='ocr_line' id='line_1_20' title="bbox 2001 921 3498 983; baseline 0.003 -10"><span class='ocrx_word' id='word_1_102' title='bbox 2001 922 2267 983; x_wconf 81' lang='lat' dir='ltr'><strong>dicamus,</strong></span> <span class='ocrx_word' id='word_1_103' title='bbox 2317 932 2365 974; x_wconf 90' lang='lat' dir='ltr'><strong>et</strong></span> <span class='ocrx_word' id='word_1_104' title='bbox 2412 921 2627 975; x_wconf 80' lang='lat' dir='ltr'><strong>Patrem</strong></span> <span class='ocrx_word' id='word_1_105' title='bbox 2685 924 2911 974; x_wconf 76' lang='lat' dir='ltr'><strong>dicimus</strong></span> <span class='ocrx_word' id='word_1_106' title='bbox 2958 922 3141 983; x_wconf 79' lang='lat' dir='ltr'><strong>Deum,</strong></span> <span class='ocrx_word' id='word_1_107' title='bbox 3194 921 3498 978; x_wconf 18' lang='lat' dir='ltr'><strong><em>et&#39;VFilium</em></strong></span> 
     </span>
    </p>
   </div>
   <div class='ocr_carea' id='block_1_21' title="bbox 2000 991 3499 1060">
    <p class='ocr_par' dir='ltr' id='par_1_21' title="bbox 2000 991 3499 1060">
     <span class='ocr_line' id='line_1_21' title="bbox 2000 991 3499 1060; baseline 0.003 -17"><span class='ocrx_word' id='word_1_108' title='bbox 2000 1008 2091 1060; x_wconf 85' lang='lat' dir='ltr'><strong>per</strong></span> <span class='ocrx_word' id='word_1_109' title='bbox 2120 1007 2174 1043; x_wconf 81' lang='lat' dir='ltr'><strong>se</strong></span> <span class='ocrx_word' id='word_1_110' title='bbox 2204 991 2394 1056; x_wconf 85' lang='lat' dir='ltr'><strong>Deum,</strong></span> <span class='ocrx_word' id='word_1_111' title='bbox 2423 1003 2472 1044; x_wconf 87' lang='lat' dir='ltr'><strong>et</strong></span> <span class='ocrx_word' id='word_1_112' title='bbox 2507 991 2766 1059; x_wconf 74' lang='lat' dir='ltr'><strong>Spiritum</strong></span> <span class='ocrx_word' id='word_1_113' title='bbox 2790 1002 3031 1044; x_wconf 81' lang='lat' dir='ltr'><strong>sanctum</strong></span> <span class='ocrx_word' id='word_1_114' title='bbox 3062 994 3310 1048; x_wconf 78' lang='lat' dir='ltr'><strong><em>similiter</em></strong></span> <span class='ocrx_word' id='word_1_115' title='bbox 3337 1010 3353 1047; x_wconf 95' lang='lat'><strong><em>:</em></strong></span> <span class='ocrx_word' id='word_1_116' title='bbox 3382 1013 3499 1048; x_wconf 86' lang='lat' dir='ltr'><strong><em>cum</em></strong></span> 
     </span>
    </p>
   </div>
   <div class='ocr_carea' id='block_1_22' title="bbox 1995 1060 3501 1129">
    <p class='ocr_par' dir='ltr' id='par_1_22' title="bbox 1995 1060 3501 1129">
     <span class='ocr_line' id='line_1_22' title="bbox 1995 1060 3501 1129; baseline 0.003 -16"><span class='ocrx_word' id='word_1_117' title='bbox 1995 1069 2170 1113; x_wconf 88' lang='lat' dir='ltr'><strong>autem</strong></span> <span class='ocrx_word' id='word_1_118' title='bbox 2207 1060 2450 1114; x_wconf 76' lang='lat' dir='ltr'><strong>dicamus</strong></span> <span class='ocrx_word' id='word_1_119' title='bbox 2490 1078 2647 1113; x_wconf 80' lang='lat' dir='ltr'><strong>unum</strong></span> <span class='ocrx_word' id='word_1_120' title='bbox 2692 1062 3055 1125; x_wconf 83' lang='lat' dir='ltr'><strong><em>Divinitatcm,</em></strong></span> <span class='ocrx_word' id='word_1_121' title='bbox 3100 1071 3148 1113; x_wconf 88' lang='lat' dir='ltr'><strong>et</strong></span> <span class='ocrx_word' id='word_1_122' title='bbox 3192 1074 3294 1117; x_wconf 83' lang='lat' dir='ltr'><strong>tres</strong></span> <span class='ocrx_word' id='word_1_123' title='bbox 3338 1066 3501 1129; x_wconf 76' lang='lat' dir='ltr'><strong>Impo-</strong></span> 
     </span>
    </p>
   </div>
   <div class='ocr_carea' id='block_1_23' title="bbox 1994 1131 3498 1196">
    <p class='ocr_par' dir='ltr' id='par_1_23' title="bbox 1994 1131 3498 1196">
     <span class='ocr_line' id='line_1_23' title="bbox 1994 1131 3498 1196; baseline 0.001 -13"><span class='ocrx_word' id='word_1_124' title='bbox 1994 1141 2182 1196; x_wconf 80' lang='lat' dir='ltr'><strong>stases,</strong></span> <span class='ocrx_word' id='word_1_125' title='bbox 2212 1147 2309 1182; x_wconf 85' lang='lat' dir='ltr'><strong>non</strong></span> <span class='ocrx_word' id='word_1_126' title='bbox 2344 1133 2469 1183; x_wconf 86' lang='lat' dir='ltr'><strong><em>item</em></strong></span> <span class='ocrx_word' id='word_1_127' title='bbox 2499 1131 2655 1183; x_wconf 86' lang='lat' dir='ltr'><strong>liceat</strong></span> <span class='ocrx_word' id='word_1_128' title='bbox 2686 1131 2959 1184; x_wconf 71' lang='lat' dir='ltr'><strong><em>Divinimt.‘</em></strong></span> <span class='ocrx_word' id='word_1_129' title='bbox 2979 1149 3025 1183; x_wconf 88' lang='lat' dir='ltr'><strong>m</strong></span> <span class='ocrx_word' id='word_1_130' title='bbox 3055 1132 3228 1185; x_wconf 78' lang='lat' dir='ltr'><strong>dicere</strong></span> <span class='ocrx_word' id='word_1_131' title='bbox 3266 1133 3498 1196; x_wconf 79' lang='lat' dir='ltr'><strong>Patrem,</strong></span> 
     </span>
    </p>
   </div>
   <div class='ocr_carea' id='block_1_24' title="bbox 1996 1199 3501 1321">
    <p class='ocr_par' dir='ltr' id='par_1_24' title="bbox 1996 1199 3501 1321">
     <span class='ocr_line' id='line_1_24' title="bbox 1996 1199 3501 1321; baseline 0.004 -68"><span class='ocrx_word' id='word_1_132' title='bbox 1996 1216 2188 1321; x_wconf 54' lang='lat' dir='ltr'><strong>nequ;9</strong></span> <span class='ocrx_word' id='word_1_133' title='bbox 2211 1199 2449 1265; x_wconf 77' lang='lat' dir='ltr'><strong><em>Filium,</em></strong></span> <span class='ocrx_word' id='word_1_134' title='bbox 2496 1216 2656 1270; x_wconf 84' lang='lat' dir='ltr'><strong>neque</strong></span> <span class='ocrx_word' id='word_1_135' title='bbox 2697 1200 2953 1270; x_wconf 76' lang='lat' dir='ltr'><strong>Spiritum</strong></span> <span class='ocrx_word' id='word_1_136' title='bbox 2999 1212 3278 1267; x_wconf 76' lang='lat' dir='ltr'><strong>sanctum,</strong></span> <span class='ocrx_word' id='word_1_137' title='bbox 3341 1221 3501 1271; x_wconf 83' lang='lat' dir='ltr'><strong>neque</strong></span> 
     </span>
     <span class='ocr_line' id='line_1_25' title="bbox 1996 1288 2175 1321; baseline 0 0"><span class='ocrx_word' id='word_1_138' title='bbox 1996 1288 2130 1321; x_wconf 83' lang='lat' dir='ltr'><strong><em>nmu</em></strong></span> <span class='ocrx_word' id='word_1_139' title='bbox 2164 1311 2175 1321; x_wconf 91' lang='lat'><strong>.</strong></span> 
     </span>
    </p>
   </div>
   <div class='ocr_carea' id='block_1_25' title="bbox 1991 1272 2188 1323">
    <p class='ocr_par' dir='ltr' id='par_1_25' title="bbox 1991 1272 2188 1323">
     <span class='ocr_line' id='line_1_26' title="bbox 1991 1272 2188 1323; baseline 0 0"><span class='ocrx_word' id='word_1_140' title='bbox 1991 1272 2188 1323; x_wconf 79' lang='lat' dir='ltr'><strong><em>simul?</em></strong></span> 
     </span>
    </p>
   </div>
   <div class='ocr_carea' id='block_1_26' title="bbox 1510 1382 2289 1444">
    <p class='ocr_par' dir='ltr' id='par_1_26' title="bbox 1510 1382 2289 1444">
     <span class='ocr_line' id='line_1_27' title="bbox 1510 1382 2289 1444; baseline -0.003 -11"><span class='ocrx_word' id='word_1_141' title='bbox 1510 1384 1652 1433; x_wconf 81' lang='lat' dir='ltr'><strong><em>Edita</em></strong></span> <span class='ocrx_word' id='word_1_142' title='bbox 1679 1382 1741 1431; x_wconf 87' lang='lat' dir='ltr'><strong>ab</strong></span> <span class='ocrx_word' id='word_1_143' title='bbox 1762 1382 1879 1432; x_wconf 79' lang='lat' dir='ltr'><strong>Ant.</strong></span> <span class='ocrx_word' id='word_1_144' title='bbox 1914 1383 2102 1443; x_wconf 90' lang='lat' dir='ltr'><strong>Scotto,</strong></span> <span class='ocrx_word' id='word_1_145' title='bbox 2128 1396 2175 1444; x_wconf 93' lang='lat' dir='ltr'><strong>p.</strong></span> <span class='ocrx_word' id='word_1_146' title='bbox 2210 1382 2289 1431; x_wconf 77' lang='grc' dir='ltr'>ιι.</span> 
     </span>
    </p>
   </div>
   <div class='ocr_carea' id='block_1_27' title="bbox 310 1463 1822 1543">
    <p class='ocr_par' dir='ltr' id='par_1_27' title="bbox 310 1463 1822 1543">
     <span class='ocr_line' id='line_1_28' title="bbox 310 1463 1822 1543; baseline 0.003 -22"><span class='ocrx_word' id='word_1_147' title='bbox 310 1469 385 1521; x_wconf 89' lang='grc' dir='ltr'><strong>Τὸ</strong></span> <span class='ocrx_word' id='word_1_148' title='bbox 417 1468 515 1539; x_wconf 82' lang='grc' dir='ltr'><strong>μὲν</strong></span> <span class='ocrx_word' id='word_1_149' title='bbox 545 1463 639 1521; x_wconf 80' lang='grc' dir='ltr'>οὖν</span> <span class='ocrx_word' id='word_1_150' title='bbox 685 1468 803 1538; x_wconf 77' lang='grc' dir='ltr'>ἅμα.</span> <span class='ocrx_word' id='word_1_151' title='bbox 847 1468 921 1539; x_wconf 82' lang='grc' dir='ltr'>μὴ</span> <span class='ocrx_word' id='word_1_152' title='bbox 972 1468 1152 1537; x_wconf 80' lang='grc' dir='ltr'>λέγειν</span> <span class='ocrx_word' id='word_1_153' title='bbox 1201 1470 1298 1533; x_wconf 83' lang='grc' dir='ltr'><strong>τὰς</strong></span> <span class='ocrx_word' id='word_1_154' title='bbox 1332 1470 1631 1543; x_wconf 82' lang='grc' dir='ltr'>θεαρχικὰς</span> <span class='ocrx_word' id='word_1_155' title='bbox 1687 1472 1822 1525; x_wconf 83' lang='grc' dir='ltr'>ὑπο·</span> 
     </span>
    </p>
   </div>
   <div class='ocr_carea' id='block_1_28' title="bbox 232 1559 1823 1634">
    <p class='ocr_par' dir='ltr' id='par_1_28' title="bbox 232 1559 1823 1634">
     <span class='ocr_line' id='line_1_29' title="bbox 232 1559 1823 1634; baseline 0.002 -21"><span class='ocrx_word' id='word_1_156' title='bbox 232 1560 465 1623; x_wconf 82' lang='grc' dir='ltr'><strong>στάσεις</strong></span> <span class='ocrx_word' id='word_1_157' title='bbox 489 1559 754 1629; x_wconf 81' lang='grc' dir='ltr'>Θεότητα,</span> <span class='ocrx_word' id='word_1_158' title='bbox 784 1561 963 1612; x_wconf 81' lang='grc' dir='ltr'>καίτοι</span> <span class='ocrx_word' id='word_1_159' title='bbox 1016 1560 1318 1630; x_wconf 81' lang='grc' dir='ltr'><strong>λεγομένας</strong></span> <span class='ocrx_word' id='word_1_160' title='bbox 1351 1564 1410 1615; x_wconf 82' lang='grc' dir='ltr'>ὲν</span> <span class='ocrx_word' id='word_1_161' title='bbox 1457 1566 1556 1633; x_wconf 84' lang='grc' dir='ltr'>μιᾷ</span> <span class='ocrx_word' id='word_1_162' title='bbox 1603 1563 1823 1634; x_wconf 82' lang='grc' dir='ltr'>θεωρεί-</span> 
     </span>
    </p>
   </div>
   <div class='ocr_carea' id='block_1_29' title="bbox 235 1650 1825 1722">
    <p class='ocr_par' dir='ltr' id='par_1_29' title="bbox 235 1650 1825 1722">
     <span class='ocr_line' id='line_1_30' title="bbox 235 1650 1825 1722; baseline 0.003 -19"><span class='ocrx_word' id='word_1_163' title='bbox 235 1652 373 1704; x_wconf 86' lang='grc' dir='ltr'>σθαι</span> <span class='ocrx_word' id='word_1_164' title='bbox 416 1650 671 1720; x_wconf 78' lang='grc' dir='ltr'>Θεότητι,</span> <span class='ocrx_word' id='word_1_165' title='bbox 721 1654 769 1703; x_wconf 90' lang='grc' dir='ltr'><strong>εἰ</strong></span> <span class='ocrx_word' id='word_1_166' title='bbox 822 1650 1001 1719; x_wconf 73' lang='grc' dir='ltr'>βούλει</span> <span class='ocrx_word' id='word_1_167' title='bbox 1032 1652 1110 1714; x_wconf 82' lang='grc' dir='ltr'><strong>δὲ,</strong></span> <span class='ocrx_word' id='word_1_168' title='bbox 1166 1653 1262 1707; x_wconf 75' lang='grc' dir='ltr'><strong>καὶ</strong></span> <span class='ocrx_word' id='word_1_169' title='bbox 1295 1654 1695 1722; x_wconf 73' lang='grc' dir='ltr'><strong>γνωρίζεσθαι,</strong></span> <span class='ocrx_word' id='word_1_170' title='bbox 1729 1655 1825 1707; x_wconf 78' lang='grc' dir='ltr'>καὶ</span> 
     </span>
    </p>
   </div>
   <div class='ocr_carea' id='block_1_30' title="bbox 238 1741 1825 1814">
    <p class='ocr_par' dir='ltr' id='par_1_30' title="bbox 238 1741 1825 1814">
     <span class='ocr_line' id='line_1_31' title="bbox 238 1741 1825 1814; baseline 0.003 -19"><span class='ocrx_word' id='word_1_171' title='bbox 238 1742 601 1811; x_wconf 78' lang='grc' dir='ltr'>περιέχεσθαι</span> <span class='ocrx_word' id='word_1_172' title='bbox 627 1758 641 1772; x_wconf 89' lang='grc'><strong>·</strong></span> <span class='ocrx_word' id='word_1_173' title='bbox 688 1741 847 1794; x_wconf 76' lang='grc' dir='ltr'>τοῦτο</span> <span class='ocrx_word' id='word_1_174' title='bbox 878 1742 1070 1809; x_wconf 64' lang='grc' dir='ltr'><strong>δέξατ’</strong></span> <span class='ocrx_word' id='word_1_175' title='bbox 1104 1743 1171 1796; x_wconf 81' lang='grc' dir='ltr'><strong>ἂν</strong></span> <span class='ocrx_word' id='word_1_176' title='bbox 1199 1744 1379 1798; x_wconf 82' lang='grc' dir='ltr'><strong>αἰτίαν</strong></span> <span class='ocrx_word' id='word_1_177' title='bbox 1406 1745 1508 1800; x_wconf 71' lang='grc' dir='ltr'>οὐκ</span> <span class='ocrx_word' id='word_1_178' title='bbox 1534 1747 1730 1814; x_wconf 81' lang='grc' dir='ltr'>ἄλογον</span> <span class='ocrx_word' id='word_1_179' title='bbox 1764 1746 1825 1799; x_wconf 87' lang='grc' dir='ltr'><strong>τὸ</strong></span> 
     </span>
    </p>
   </div>
   <div class='ocr_carea' id='block_1_31' title="bbox 243 1831 1822 1907">
    <p class='ocr_par' dir='ltr' id='par_1_31' title="bbox 243 1831 1822 1907">
     <span class='ocr_line' id='line_1_32' title="bbox 243 1831 1822 1907; baseline 0.006 -24"><span class='ocrx_word' id='word_1_180' title='bbox 243 1832 376 1903; x_wconf 84' lang='grc' dir='ltr'><strong>μηδ’</strong></span> <span class='ocrx_word' id='word_1_181' title='bbox 406 1833 641 1902; x_wconf 80' lang='grc' dir='ltr'>ἑκάστην</span> <span class='ocrx_word' id='word_1_182' title='bbox 679 1831 801 1885; x_wconf 79' lang='grc' dir='ltr'>καθ’</span> <span class='ocrx_word' id='word_1_183' title='bbox 834 1834 1036 1903; x_wconf 72' lang='grc' dir='ltr'>ἑαυτὴν</span> <span class='ocrx_word' id='word_1_184' title='bbox 1075 1834 1184 1886; x_wconf 83' lang='grc' dir='ltr'>τῶν</span> <span class='ocrx_word' id='word_1_185' title='bbox 1232 1836 1523 1907; x_wconf 83' lang='grc' dir='ltr'><strong>μακαρίων</strong></span> <span class='ocrx_word' id='word_1_186' title='bbox 1574 1838 1822 1902; x_wconf 80' lang='grc' dir='ltr'>ἐκείνων,</span> 
     </span>
    </p>
   </div>
   <div class='ocr_carea' id='block_1_32' title="bbox 240 1922 1828 1998">
    <p class='ocr_par' dir='ltr' id='par_1_32' title="bbox 240 1922 1828 1998">
     <span class='ocr_line' id='line_1_33' title="bbox 240 1922 1828 1998; baseline 0.004 -23"><span class='ocrx_word' id='word_1_187' title='bbox 240 1924 347 1976; x_wconf 78' lang='grc' dir='ltr'><strong>καὶ</strong></span> <span class='ocrx_word' id='word_1_188' title='bbox 378 1922 787 1993; x_wconf 73' lang='grc' dir='ltr'>δημιουργικῶν</span> <span class='ocrx_word' id='word_1_189' title='bbox 810 1923 1160 1977; x_wconf 79' lang='grc' dir='ltr'>ὑποστάσεων</span> <span class='ocrx_word' id='word_1_190' title='bbox 1185 1924 1450 1979; x_wconf 81' lang='grc' dir='ltr'>δύνασθαι</span> <span class='ocrx_word' id='word_1_191' title='bbox 1473 1925 1653 1994; x_wconf 86' lang='grc' dir='ltr'>λέγειν</span> <span class='ocrx_word' id='word_1_192' title='bbox 1676 1929 1828 1998; x_wconf 81' lang='grc' dir='ltr'>ἡμᾶς</span> 
     </span>
    </p>
   </div>
   <div class='ocr_carea' id='block_1_33' title="bbox 241 2013 1828 2087">
    <p class='ocr_par' dir='ltr' id='par_1_33' title="bbox 241 2013 1828 2087">
     <span class='ocr_line' id='line_1_34' title="bbox 241 2013 1828 2087; baseline 0.002 -21"><span class='ocrx_word' id='word_1_193' title='bbox 241 2013 512 2083; x_wconf 83' lang='grc' dir='ltr'><strong>Θεὸτητα.</strong></span> <span class='ocrx_word' id='word_1_194' title='bbox 532 2014 631 2066; x_wconf 72' lang='grc' dir='ltr'>Διὰ</span> <span class='ocrx_word' id='word_1_195' title='bbox 660 2014 712 2066; x_wconf 82' lang='grc' dir='ltr'><strong>τί</strong></span> <span class='ocrx_word' id='word_1_196' title='bbox 738 2014 797 2067; x_wconf 77' lang='grc' dir='ltr'><strong>δὲ</strong></span> <span class='ocrx_word' id='word_1_197' title='bbox 823 2013 955 2066; x_wconf 80' lang='grc' dir='ltr'>Θεὸν</span> <span class='ocrx_word' id='word_1_198' title='bbox 991 2013 1090 2083; x_wconf 79' lang='grc' dir='ltr'><strong>μὲν</strong></span> <span class='ocrx_word' id='word_1_199' title='bbox 1120 2014 1359 2085; x_wconf 76' lang='grc' dir='ltr'>ἑκάστην</span> <span class='ocrx_word' id='word_1_200' title='bbox 1390 2014 1499 2067; x_wconf 81' lang='grc' dir='ltr'>τῶν</span> <span class='ocrx_word' id='word_1_201' title='bbox 1530 2016 1828 2087; x_wconf 80' lang='grc' dir='ltr'>ὑπερφυῶν</span> 
     </span>
    </p>
   </div>
   <div class='ocr_carea' id='block_1_34' title="bbox 246 2100 1827 2175">
    <p class='ocr_par' dir='ltr' id='par_1_34' title="bbox 246 2100 1827 2175">
     <span class='ocr_line' id='line_1_35' title="bbox 246 2100 1827 2175; baseline 0.003 -18"><span class='ocrx_word' id='word_1_202' title='bbox 246 2104 601 2157; x_wconf 81' lang='grc' dir='ltr'>ὑποστάσεων</span> <span class='ocrx_word' id='word_1_203' title='bbox 640 2102 896 2174; x_wconf 81' lang='grc' dir='ltr'>λέγομεν,</span> <span class='ocrx_word' id='word_1_204' title='bbox 932 2104 1032 2156; x_wconf 79' lang='grc' dir='ltr'><strong>οὐκ</strong></span> <span class='ocrx_word' id='word_1_205' title='bbox 1064 2102 1231 2157; x_wconf 79' lang='grc' dir='ltr'>ἔτιδὲ</span> <span class='ocrx_word' id='word_1_206' title='bbox 1278 2106 1371 2158; x_wconf 76' lang='grc' dir='ltr'><strong>καὶ</strong></span> <span class='ocrx_word' id='word_1_207' title='bbox 1416 2105 1679 2175; x_wconf 85' lang='grc' dir='ltr'>Θεότητα,</span> <span class='ocrx_word' id='word_1_208' title='bbox 1723 2100 1827 2161; x_wconf 82' lang='grc' dir='ltr'><strong>ὧδε</strong></span> 
     </span>
    </p>
   </div>
   <div class='ocr_carea' id='block_1_35' title="bbox 244 2194 1828 2270">
    <p class='ocr_par' dir='ltr' id='par_1_35' title="bbox 244 2194 1828 2270">
     <span class='ocr_line' id='line_1_36' title="bbox 244 2194 1828 2270; baseline 0.003 -23"><span class='ocrx_word' id='word_1_209' title='bbox 244 2195 323 2247; x_wconf 81' lang='grc' dir='ltr'><strong>ἂν</strong></span> <span class='ocrx_word' id='word_1_210' title='bbox 368 2194 496 2258; x_wconf 75' lang='grc' dir='ltr'>ἴσως</span> <span class='ocrx_word' id='word_1_211' title='bbox 544 2194 772 2265; x_wconf 76' lang='grc' dir='ltr'>θεωροίη</span> <span class='ocrx_word' id='word_1_212' title='bbox 800 2213 813 2228; x_wconf 71' lang='grc' dir='ltr'><strong><em>υ</em></strong></span> <span class='ocrx_word' id='word_1_213' title='bbox 849 2195 1053 2265; x_wconf 84' lang='grc' dir='ltr'>μᾶλλον</span> <span class='ocrx_word' id='word_1_214' title='bbox 1096 2195 1154 2249; x_wconf 78' lang='grc' dir='ltr'><strong>δὲ</strong></span> <span class='ocrx_word' id='word_1_215' title='bbox 1183 2195 1289 2267; x_wconf 87' lang='grc' dir='ltr'><strong>πρὸ</strong></span> <span class='ocrx_word' id='word_1_216' title='bbox 1328 2196 1520 2250; x_wconf 77' lang='grc' dir='ltr'>τούτου</span> <span class='ocrx_word' id='word_1_217' title='bbox 1566 2198 1828 2270; x_wconf 78' lang='grc' dir='ltr'><strong>ζητητέον</strong></span> 
     </span>
    </p>
   </div>
   <div class='ocr_carea' id='block_1_36' title="bbox 242 2285 1829 2359">
    <p class='ocr_par' dir='ltr' id='par_1_36' title="bbox 242 2285 1829 2359">
     <span class='ocr_line' id='line_1_37' title="bbox 242 2285 1829 2359; baseline 0.003 -21"><span class='ocrx_word' id='word_1_218' title='bbox 242 2285 488 2355; x_wconf 73' lang='grc' dir='ltr'>(ἐκεῖθεν</span> <span class='ocrx_word' id='word_1_219' title='bbox 515 2285 626 2355; x_wconf 77' lang='grc' dir='ltr'>γὰρ</span> <span class='ocrx_word' id='word_1_220' title='bbox 654 2287 747 2339; x_wconf 78' lang='grc' dir='ltr'>καὶ</span> <span class='ocrx_word' id='word_1_221' title='bbox 778 2286 871 2339; x_wconf 82' lang='grc' dir='ltr'>τοῦ</span> <span class='ocrx_word' id='word_1_222' title='bbox 908 2286 1174 2357; x_wconf 82' lang='grc' dir='ltr'>παρόντος</span> <span class='ocrx_word' id='word_1_223' title='bbox 1196 2286 1509 2358; x_wconf 78' lang='grc' dir='ltr'><strong>ζητήματος</strong></span> <span class='ocrx_word' id='word_1_224' title='bbox 1532 2291 1564 2359; x_wconf 85' lang='grc' dir='ltr'>ὴ</span> <span class='ocrx_word' id='word_1_225' title='bbox 1602 2288 1829 2359; x_wconf 84' lang='grc' dir='ltr'>βλάστη-</span> 
     </span>
    </p>
   </div>
   <div class='ocr_carea' id='block_1_37' title="bbox 241 2376 1828 2451">
    <p class='ocr_par' dir='ltr' id='par_1_37' title="bbox 241 2376 1828 2451">
     <span class='ocr_line' id='line_1_38' title="bbox 241 2376 1828 2451; baseline 0.003 -23"><span class='ocrx_word' id='word_1_226' title='bbox 241 2393 336 2439; x_wconf 86' lang='grc' dir='ltr'><strong>σις</strong></span> <span class='ocrx_word' id='word_1_227' title='bbox 384 2376 484 2440; x_wconf 85' lang='grc' dir='ltr'>τὰς</span> <span class='ocrx_word' id='word_1_228' title='bbox 534 2376 790 2448; x_wconf 80' lang='grc' dir='ltr'>ἀφορμὰς</span> <span class='ocrx_word' id='word_1_229' title='bbox 830 2378 1187 2449; x_wconf 78' lang='grc' dir='ltr'>ὑπεϐάλλετο)</span> <span class='ocrx_word' id='word_1_230' title='bbox 1217 2380 1447 2451; x_wconf 82' lang='grc' dir='ltr'>πότερον</span> <span class='ocrx_word' id='word_1_231' title='bbox 1477 2382 1506 2432; x_wconf 84' lang='grc' dir='ltr'>ὁ</span> <span class='ocrx_word' id='word_1_232' title='bbox 1543 2380 1696 2444; x_wconf 83' lang='grc' dir='ltr'>Θεὸς,</span> <span class='ocrx_word' id='word_1_233' title='bbox 1732 2382 1828 2435; x_wconf 77' lang='grc' dir='ltr'>καὶ</span> 
     </span>
    </p>
   </div>
   <div class='ocr_carea' id='block_1_38' title="bbox 238 2468 1825 2543">
    <p class='ocr_par' dir='ltr' id='par_1_38' title="bbox 238 2468 1825 2543">
     <span class='ocr_line' id='line_1_39' title="bbox 238 2468 1825 2543; baseline 0.002 -22"><span class='ocrx_word' id='word_1_234' title='bbox 238 2470 277 2539; x_wconf 79' lang='grc' dir='ltr'>ἡ</span> <span class='ocrx_word' id='word_1_235' title='bbox 304 2468 509 2541; x_wconf 83' lang='grc' dir='ltr'>Θεότης</span> <span class='ocrx_word' id='word_1_236' title='bbox 537 2470 734 2523; x_wconf 83' lang='grc' dir='ltr'>ταυτὸν</span> <span class='ocrx_word' id='word_1_237' title='bbox 763 2471 871 2541; x_wconf 78' lang='grc' dir='ltr'>εἴη,</span> <span class='ocrx_word' id='word_1_238' title='bbox 920 2470 953 2541; x_wconf 80' lang='grc' dir='ltr'>ἢ</span> <span class='ocrx_word' id='word_1_239' title='bbox 983 2471 1171 2539; x_wconf 76' lang='grc' dir='ltr'>ἕτερον</span> <span class='ocrx_word' id='word_1_240' title='bbox 1196 2488 1212 2539; x_wconf 89' lang='grc'>;</span> <span class='ocrx_word' id='word_1_241' title='bbox 1245 2472 1309 2524; x_wconf 76' lang='lat' dir='ltr'><strong>Ei</strong></span> <span class='ocrx_word' id='word_1_242' title='bbox 1344 2472 1446 2541; x_wconf 87' lang='grc' dir='ltr'><strong>μὲν</strong></span> <span class='ocrx_word' id='word_1_243' title='bbox 1480 2471 1590 2543; x_wconf 84' lang='grc' dir='ltr'>γὰρ</span> <span class='ocrx_word' id='word_1_244' title='bbox 1616 2473 1825 2542; x_wconf 80' lang='grc' dir='ltr'>ἓτερον,</span> 
     </span>
    </p>
   </div>
   <div class='ocr_carea' id='block_1_39' title="bbox 236 2562 1829 2632">
    <p class='ocr_par' dir='ltr' id='par_1_39' title="bbox 236 2562 1829 2632">
     <span class='ocr_line' id='line_1_40' title="bbox 236 2562 1829 2632; baseline 0.002 -18"><span class='ocrx_word' id='word_1_245' title='bbox 236 2563 297 2615; x_wconf 84' lang='grc' dir='ltr'>τί</span> <span class='ocrx_word' id='word_1_246' title='bbox 334 2562 513 2625; x_wconf 82' lang='grc' dir='ltr'>τοῦτο,</span> <span class='ocrx_word' id='word_1_247' title='bbox 546 2565 641 2615; x_wconf 80' lang='grc' dir='ltr'><strong>καὶ</strong></span> <span class='ocrx_word' id='word_1_248' title='bbox 665 2562 717 2615; x_wconf 82' lang='grc' dir='ltr'><strong>τί</strong></span> <span class='ocrx_word' id='word_1_249' title='bbox 748 2562 899 2632; x_wconf 80' lang='grc' dir='ltr'>παρὰ</span> <span class='ocrx_word' id='word_1_250' title='bbox 931 2562 1022 2615; x_wconf 86' lang='grc' dir='ltr'><strong>τὸν</strong></span> <span class='ocrx_word' id='word_1_251' title='bbox 1051 2562 1186 2616; x_wconf 87' lang='grc' dir='ltr'>Θεόν</span> <span class='ocrx_word' id='word_1_252' title='bbox 1216 2581 1229 2629; x_wconf 94' lang='grc'><strong>;</strong></span> <span class='ocrx_word' id='word_1_253' title='bbox 1270 2564 1335 2616; x_wconf 76' lang='grc' dir='ltr'><strong>Εἰ</strong></span> <span class='ocrx_word' id='word_1_254' title='bbox 1365 2564 1422 2617; x_wconf 82' lang='grc' dir='ltr'><strong>δὲ</strong></span> <span class='ocrx_word' id='word_1_255' title='bbox 1454 2565 1677 2630; x_wconf 83' lang='grc' dir='ltr'>ταυτὸν,</span> <span class='ocrx_word' id='word_1_256' title='bbox 1708 2564 1829 2628; x_wconf 85' lang='grc' dir='ltr'><strong>πῶς</strong></span> 
     </span>
    </p>
   </div>
   <div class='ocr_carea' id='block_1_40' title="bbox 239 2654 1827 2726">
    <p class='ocr_par' dir='ltr' id='par_1_40' title="bbox 239 2654 1827 2726">
     <span class='ocr_line' id='line_1_41' title="bbox 239 2654 1827 2726; baseline 0.001 -19"><span class='ocrx_word' id='word_1_257' title='bbox 239 2654 457 2724; x_wconf 74' lang='grc' dir='ltr'>ἑκάστη</span> <span class='ocrx_word' id='word_1_258' title='bbox 494 2654 605 2708; x_wconf 85' lang='grc' dir='ltr'>τῶν</span> <span class='ocrx_word' id='word_1_259' title='bbox 637 2654 958 2725; x_wconf 82' lang='grc' dir='ltr'>ζωαρχικῶν</span> <span class='ocrx_word' id='word_1_260' title='bbox 990 2656 1344 2712; x_wconf 68' lang='grc' dir='ltr'>ὐποστάσεων</span> <span class='ocrx_word' id='word_1_261' title='bbox 1374 2656 1506 2720; x_wconf 82' lang='grc' dir='ltr'>Θεὸς</span> <span class='ocrx_word' id='word_1_262' title='bbox 1536 2655 1827 2726; x_wconf 82' lang='grc' dir='ltr'>λεγόμενος</span> 
     </span>
    </p>
   </div>
   <div class='ocr_carea' id='block_1_41' title="bbox 239 2743 1829 2818">
    <p class='ocr_par' dir='ltr' id='par_1_41' title="bbox 239 2743 1829 2818">
     <span class='ocr_line' id='line_1_42' title="bbox 239 2743 1829 2818; baseline 0.002 -20"><span class='ocrx_word' id='word_1_263' title='bbox 239 2747 306 2799; x_wconf 82' lang='grc' dir='ltr'><strong>οὐ</strong></span> <span class='ocrx_word' id='word_1_264' title='bbox 339 2746 812 2816; x_wconf 65' lang='grc' dir='ltr'>λέγεταιθεότης;</span> <span class='ocrx_word' id='word_1_265' title='bbox 838 2747 902 2800; x_wconf 77' lang='lat' dir='ltr'><strong>Oi</strong></span> <span class='ocrx_word' id='word_1_266' title='bbox 935 2747 1035 2816; x_wconf 86' lang='grc' dir='ltr'>μὲν</span> <span class='ocrx_word' id='word_1_267' title='bbox 1061 2743 1155 2800; x_wconf 80' lang='grc' dir='ltr'><strong>οὖν</strong></span> <span class='ocrx_word' id='word_1_268' title='bbox 1187 2748 1247 2801; x_wconf 87' lang='grc' dir='ltr'><strong>τὸ</strong></span> <span class='ocrx_word' id='word_1_269' title='bbox 1282 2748 1470 2818; x_wconf 86' lang='grc' dir='ltr'>σχῆμα</span> <span class='ocrx_word' id='word_1_270' title='bbox 1494 2748 1598 2817; x_wconf 82' lang='grc' dir='ltr'>τῆς</span> <span class='ocrx_word' id='word_1_271' title='bbox 1630 2747 1829 2813; x_wconf 78' lang='grc' dir='ltr'>λέξεως</span> 
     </span>
    </p>
   </div>
   <div class='ocr_carea' id='block_1_42' title="bbox 238 2837 1825 2910">
    <p class='ocr_par' dir='ltr' id='par_1_42' title="bbox 238 2837 1825 2910">
     <span class='ocr_line' id='line_1_43' title="bbox 238 2837 1825 2910; baseline -0.001 -19"><span class='ocrx_word' id='word_1_272' title='bbox 238 2837 653 2906; x_wconf 75' lang='grc' dir='ltr'>αἰτιασάμενοι,</span> <span class='ocrx_word' id='word_1_273' title='bbox 693 2837 769 2900; x_wconf 84' lang='grc' dir='ltr'><strong>ὡς</strong></span> <span class='ocrx_word' id='word_1_274' title='bbox 802 2839 835 2907; x_wconf 78' lang='grc' dir='ltr'><strong>ἡ</strong></span> <span class='ocrx_word' id='word_1_275' title='bbox 868 2838 969 2907; x_wconf 81' lang='grc' dir='ltr'><strong>μὲν</strong></span> <span class='ocrx_word' id='word_1_276' title='bbox 992 2837 1291 2909; x_wconf 79' lang='grc' dir='ltr'>ἀρῤενικοῦ</span> <span class='ocrx_word' id='word_1_277' title='bbox 1326 2841 1521 2902; x_wconf 84' lang='grc' dir='ltr'>τύπου,</span> <span class='ocrx_word' id='word_1_278' title='bbox 1549 2844 1581 2907; x_wconf 81' lang='grc' dir='ltr'>ἡ</span> <span class='ocrx_word' id='word_1_279' title='bbox 1608 2839 1665 2892; x_wconf 82' lang='grc' dir='ltr'><strong>δὲ</strong></span> <span class='ocrx_word' id='word_1_280' title='bbox 1690 2839 1825 2910; x_wconf 75' lang='grc' dir='ltr'>πρὸς</span> 
     </span>
    </p>
   </div>
   <div class='ocr_carea' id='block_1_43' title="bbox 237 2927 1827 3000">
    <p class='ocr_par' dir='ltr' id='par_1_43' title="bbox 237 2927 1827 3000">
     <span class='ocr_line' id='line_1_44' title="bbox 237 2927 1827 3000; baseline 0.001 -19"><span class='ocrx_word' id='word_1_281' title='bbox 237 2928 305 2981; x_wconf 81' lang='grc' dir='ltr'><strong>τὸ</strong></span> <span class='ocrx_word' id='word_1_282' title='bbox 336 2927 471 2997; x_wconf 81' lang='grc' dir='ltr'>θῆλυ</span> <span class='ocrx_word' id='word_1_283' title='bbox 510 2930 610 2998; x_wconf 80' lang='grc' dir='ltr'>τῆς</span> <span class='ocrx_word' id='word_1_284' title='bbox 642 2929 825 2999; x_wconf 79' lang='grc' dir='ltr'>φωνῆς</span> <span class='ocrx_word' id='word_1_285' title='bbox 870 2929 1295 2999; x_wconf 78' lang='grc' dir='ltr'>σχηματίζεται,</span> <span class='ocrx_word' id='word_1_286' title='bbox 1330 2930 1424 2982; x_wconf 68' lang='grc' dir='ltr'>καὶ</span> <span class='ocrx_word' id='word_1_287' title='bbox 1454 2930 1543 2983; x_wconf 84' lang='grc' dir='ltr'><strong>διὰ</strong></span> <span class='ocrx_word' id='word_1_288' title='bbox 1566 2928 1725 2983; x_wconf 75' lang='grc' dir='ltr'>τοῦτο</span> <span class='ocrx_word' id='word_1_289' title='bbox 1752 2930 1827 3000; x_wconf 86' lang='grc' dir='ltr'>μὴ</span> 
     </span>
    </p>
   </div>
   <div class='ocr_carea' id='block_1_44' title="bbox 239 3020 1828 3091">
    <p class='ocr_par' dir='ltr' id='par_1_44' title="bbox 239 3020 1828 3091">
     <span class='ocr_line' id='line_1_45' title="bbox 239 3020 1828 3091; baseline 0.001 -20"><span class='ocrx_word' id='word_1_290' title='bbox 239 3020 451 3088; x_wconf 84' lang='grc' dir='ltr'>ὁμοίως</span> <span class='ocrx_word' id='word_1_291' title='bbox 482 3021 748 3091; x_wconf 82' lang='grc' dir='ltr'>ἑκάτερον</span> <span class='ocrx_word' id='word_1_292' title='bbox 781 3020 873 3074; x_wconf 72' lang='grc' dir='ltr'><strong>ἐπὶ</strong></span> <span class='ocrx_word' id='word_1_293' title='bbox 897 3022 989 3073; x_wconf 84' lang='grc' dir='ltr'>τοῦ</span> <span class='ocrx_word' id='word_1_294' title='bbox 1024 3022 1261 3091; x_wconf 79' lang='grc' dir='ltr'>Πατρὸς,</span> <span class='ocrx_word' id='word_1_295' title='bbox 1297 3022 1392 3075; x_wconf 54' lang='grc' dir='ltr'><strong>καὶ⁵</strong></span> <span class='ocrx_word' id='word_1_296' title='bbox 1426 3022 1521 3074; x_wconf 81' lang='grc' dir='ltr'><strong>τοῦ</strong></span> <span class='ocrx_word' id='word_1_297' title='bbox 1547 3021 1701 3088; x_wconf 79' lang='grc' dir='ltr'><strong>Υἱοῦ,</strong></span> <span class='ocrx_word' id='word_1_298' title='bbox 1734 3024 1828 3074; x_wconf 82' lang='grc' dir='ltr'>καὶ</span> 
     </span>
    </p>
   </div>
   <div class='ocr_carea' id='block_1_45' title="bbox 2001 1470 3502 1541">
    <p class='ocr_par' dir='ltr' id='par_1_45' title="bbox 2001 1470 3502 1541">
     <span class='ocr_line' id='line_1_46' title="bbox 2001 1470 3502 1541; baseline 0.003 -17"><span class='ocrx_word' id='word_1_299' title='bbox 2001 1470 2156 1537; x_wconf 88' lang='lat' dir='ltr'><strong>Quod</strong></span> <span class='ocrx_word' id='word_1_300' title='bbox 2191 1471 2352 1525; x_wconf 88' lang='lat' dir='ltr'><strong><em>simul</em></strong></span> <span class='ocrx_word' id='word_1_301' title='bbox 2388 1470 2587 1525; x_wconf 72' lang='lat' dir='ltr'><strong>divina:</strong></span> <span class='ocrx_word' id='word_1_302' title='bbox 2615 1486 2881 1541; x_wconf 76' lang='lat' dir='ltr'><strong>personae,</strong></span> <span class='ocrx_word' id='word_1_303' title='bbox 2910 1472 3037 1525; x_wconf 85' lang='lat' dir='ltr'><strong>licet</strong></span> <span class='ocrx_word' id='word_1_304' title='bbox 3067 1471 3119 1525; x_wconf 89' lang='lat' dir='ltr'><strong>iu</strong></span> <span class='ocrx_word' id='word_1_305' title='bbox 3147 1488 3251 1526; x_wconf 91' lang='lat' dir='ltr'><strong>una</strong></span> <span class='ocrx_word' id='word_1_306' title='bbox 3287 1472 3502 1528; x_wconf 62' lang='lat' dir='ltr'><strong>Diviniu-</strong></span> 
     </span>
    </p>
   </div>
   <div class='ocr_carea' id='block_1_46' title="bbox 1929 1558 3499 1631">
    <p class='ocr_par' dir='ltr' id='par_1_46' title="bbox 1929 1558 3499 1631">
     <span class='ocr_line' id='line_1_47' title="bbox 1929 1558 3499 1631; baseline 0.003 -19"><span class='ocrx_word' id='word_1_307' title='bbox 1929 1567 2041 1613; x_wconf 87' lang='lat' dir='ltr'><strong>tate</strong></span> <span class='ocrx_word' id='word_1_308' title='bbox 2073 1561 2330 1626; x_wconf 78' lang='lat' dir='ltr'><strong>spectari,</strong></span> <span class='ocrx_word' id='word_1_309' title='bbox 2367 1558 2498 1625; x_wconf 90' lang='lat' dir='ltr'><strong>imo,</strong></span> <span class='ocrx_word' id='word_1_310' title='bbox 2542 1560 2588 1613; x_wconf 91' lang='lat' dir='ltr'><strong><em>si</em></strong></span> <span class='ocrx_word' id='word_1_311' title='bbox 2624 1560 2725 1625; x_wconf 87' lang='lat' dir='ltr'><strong>vis,</strong></span> <span class='ocrx_word' id='word_1_312' title='bbox 2753 1568 2806 1614; x_wconf 91' lang='lat' dir='ltr'><strong>et</strong></span> <span class='ocrx_word' id='word_1_313' title='bbox 2834 1561 3112 1631; x_wconf 82' lang='lat' dir='ltr'><strong>cognosci,</strong></span> <span class='ocrx_word' id='word_1_314' title='bbox 3146 1570 3201 1617; x_wconf 90' lang='lat' dir='ltr'><strong>et</strong></span> <span class='ocrx_word' id='word_1_315' title='bbox 3231 1564 3499 1617; x_wconf 81' lang='lat' dir='ltr'><strong>contineri</strong></span> 
     </span>
    </p>
   </div>
   <div class='ocr_carea' id='block_1_47' title="bbox 1931 1647 3501 1722">
    <p class='ocr_par' dir='ltr' id='par_1_47' title="bbox 1931 1647 3501 1722">
     <span class='ocr_line' id='line_1_48' title="bbox 1931 1647 3501 1722; baseline 0.005 -21"><span class='ocrx_word' id='word_1_316' title='bbox 1931 1647 2208 1711; x_wconf 85' lang='lat' dir='ltr'><strong>dicuntur,</strong></span> <span class='ocrx_word' id='word_1_317' title='bbox 2259 1658 2439 1703; x_wconf 86' lang='lat' dir='ltr'><strong>tamen</strong></span> <span class='ocrx_word' id='word_1_318' title='bbox 2488 1648 2753 1704; x_wconf 89' lang='lat' dir='ltr'><strong>Divinitas</strong></span> <span class='ocrx_word' id='word_1_319' title='bbox 2810 1667 2918 1706; x_wconf 90' lang='lat' dir='ltr'><strong>non</strong></span> <span class='ocrx_word' id='word_1_320' title='bbox 2966 1654 3338 1722; x_wconf 90' lang='lat' dir='ltr'><strong>appellentur;</strong></span> <span class='ocrx_word' id='word_1_321' title='bbox 3395 1655 3501 1709; x_wconf 86' lang='lat' dir='ltr'><strong>hoc</strong></span> 
     </span>
    </p>
   </div>
   <div class='ocr_carea' id='block_1_48' title="bbox 1931 1739 3499 1813">
    <p class='ocr_par' dir='ltr' id='par_1_48' title="bbox 1931 1739 3499 1813">
     <span class='ocr_line' id='line_1_49' title="bbox 1931 1739 3499 1813; baseline 0.004 -20"><span class='ocrx_word' id='word_1_322' title='bbox 1931 1739 2129 1809; x_wconf 89' lang='lat' dir='ltr'><strong>poterit</strong></span> <span class='ocrx_word' id='word_1_323' title='bbox 2184 1740 2325 1793; x_wconf 87' lang='lat' dir='ltr'><strong>hanc</strong></span> <span class='ocrx_word' id='word_1_324' title='bbox 2378 1740 2521 1794; x_wconf 89' lang='lat' dir='ltr'><strong>haud</strong></span> <span class='ocrx_word' id='word_1_325' title='bbox 2588 1740 2883 1796; x_wconf 85' lang='lat' dir='ltr'><strong>absurdam</strong></span> <span class='ocrx_word' id='word_1_326' title='bbox 2940 1744 3140 1799; x_wconf 88' lang='lat' dir='ltr'><strong>habere</strong></span> <span class='ocrx_word' id='word_1_327' title='bbox 3194 1748 3499 1813; x_wconf 75' lang='lat' dir='ltr'><strong>ratiOnem,</strong></span> 
     </span>
    </p>
   </div>
   <div class='ocr_carea' id='block_1_49' title="bbox 1929 1832 3501 1905">
    <p class='ocr_par' dir='ltr' id='par_1_49' title="bbox 1929 1832 3501 1905">
     <span class='ocr_line' id='line_1_50' title="bbox 1929 1832 3501 1905; baseline 0.004 -18"><span class='ocrx_word' id='word_1_328' title='bbox 1929 1832 2073 1901; x_wconf 85' lang='lat' dir='ltr'><strong>quod</strong></span> <span class='ocrx_word' id='word_1_329' title='bbox 2118 1832 2332 1887; x_wconf 79' lang='lat' dir='ltr'><strong>scilicet</strong></span> <span class='ocrx_word' id='word_1_330' title='bbox 2360 1848 2537 1902; x_wconf 86' lang='lat' dir='ltr'><strong>neque</strong></span> <span class='ocrx_word' id='word_1_331' title='bbox 2580 1835 2829 1905; x_wconf 77' lang='lat' dir='ltr'><strong>singulas</strong></span> <span class='ocrx_word' id='word_1_332' title='bbox 2864 1837 3053 1891; x_wconf 84' lang='lat' dir='ltr'><strong>beatas</strong></span> <span class='ocrx_word' id='word_1_333' title='bbox 3096 1838 3237 1901; x_wconf 90' lang='lat' dir='ltr'><strong>illas,</strong></span> <span class='ocrx_word' id='word_1_334' title='bbox 3277 1842 3501 1893; x_wconf 86' lang='lat' dir='ltr'><strong>creatri-</strong></span> 
     </span>
    </p>
   </div>
   <div class='ocr_carea' id='block_1_50' title="bbox 1930 1927 3501 2000">
    <p class='ocr_par' dir='ltr' id='par_1_50' title="bbox 1930 1927 3501 2000">
     <span class='ocr_line' id='line_1_51' title="bbox 1930 1927 3501 2000; baseline 0.004 -21"><span class='ocrx_word' id='word_1_335' title='bbox 1930 1939 2130 1994; x_wconf 81' lang='lat' dir='ltr'><strong>cesque</strong></span> <span class='ocrx_word' id='word_1_336' title='bbox 2182 1940 2450 1995; x_wconf 82' lang='lat' dir='ltr'><strong>personas</strong></span> <span class='ocrx_word' id='word_1_337' title='bbox 2518 1942 2616 1997; x_wconf 89' lang='lat' dir='ltr'><strong>per</strong></span> <span class='ocrx_word' id='word_1_338' title='bbox 2669 1941 2727 1981; x_wconf 90' lang='lat' dir='ltr'><strong>se</strong></span> <span class='ocrx_word' id='word_1_339' title='bbox 2776 1927 3121 1983; x_wconf 85' lang='lat' dir='ltr'><strong>Divinitatem</strong></span> <span class='ocrx_word' id='word_1_340' title='bbox 3180 1945 3501 2000; x_wconf 88' lang='lat' dir='ltr'><strong>nuncupare</strong></span> 
     </span>
    </p>
   </div>
   <div class='ocr_carea' id='block_1_51' title="bbox 1930 2018 3503 2091">
    <p class='ocr_par' dir='ltr' id='par_1_51' title="bbox 1930 2018 3503 2091">
     <span class='ocr_line' id='line_1_52' title="bbox 1930 2018 3503 2091; baseline 0.003 -21"><span class='ocrx_word' id='word_1_341' title='bbox 1930 2018 2225 2086; x_wconf 88' lang='lat' dir='ltr'><strong>possimus.</strong></span> <span class='ocrx_word' id='word_1_342' title='bbox 2266 2018 2378 2073; x_wconf 85' lang='lat' dir='ltr'><strong>Cur</strong></span> <span class='ocrx_word' id='word_1_343' title='bbox 2416 2029 2599 2074; x_wconf 90' lang='lat' dir='ltr'><strong>autem</strong></span> <span class='ocrx_word' id='word_1_344' title='bbox 2653 2035 3099 2091; x_wconf 87' lang='lat' dir='ltr'><strong>unamquamque</strong></span> <span class='ocrx_word' id='word_1_345' title='bbox 3142 2021 3355 2076; x_wconf 84' lang='lat' dir='ltr'><strong>illarum</strong></span> <span class='ocrx_word' id='word_1_346' title='bbox 3404 2038 3503 2076; x_wconf 90' lang='lat' dir='ltr'><strong>au-</strong></span> 
     </span>
    </p>
   </div>
   <div class='ocr_carea' id='block_1_52' title="bbox 1930 2107 3499 2178">
    <p class='ocr_par' dir='ltr' id='par_1_52' title="bbox 1930 2107 3499 2178">
     <span class='ocr_line' id='line_1_53' title="bbox 1930 2107 3499 2178; baseline 0 -18"><span class='ocrx_word' id='word_1_347' title='bbox 1930 2107 2375 2177; x_wconf 79' lang='lat' dir='ltr'><strong>gustissimarum</strong></span> <span class='ocrx_word' id='word_1_348' title='bbox 2420 2108 2782 2178; x_wconf 78' lang='lat' dir='ltr'><strong>Itypostaseon</strong></span> <span class='ocrx_word' id='word_1_349' title='bbox 2817 2108 2986 2161; x_wconf 88' lang='lat' dir='ltr'><strong>Deum</strong></span> <span class='ocrx_word' id='word_1_350' title='bbox 3023 2107 3265 2176; x_wconf 83' lang='lat' dir='ltr'><strong>quidem,</strong></span> <span class='ocrx_word' id='word_1_351' title='bbox 3298 2116 3354 2161; x_wconf 90' lang='lat' dir='ltr'><strong>at</strong></span> <span class='ocrx_word' id='word_1_352' title='bbox 3392 2124 3499 2161; x_wconf 90' lang='lat' dir='ltr'><strong>non</strong></span> 
     </span>
    </p>
   </div>
   <div class='ocr_carea' id='block_1_53' title="bbox 1928 2198 3498 2269">
    <p class='ocr_par' dir='ltr' id='par_1_53' title="bbox 1928 2198 3498 2269">
     <span class='ocr_line' id='line_1_54' title="bbox 1928 2198 3498 2269; baseline 0 -17"><span class='ocrx_word' id='word_1_353' title='bbox 1928 2199 2136 2268; x_wconf 88' lang='lat' dir='ltr'><strong>pariter</strong></span> <span class='ocrx_word' id='word_1_354' title='bbox 2169 2198 2519 2253; x_wconf 90' lang='lat' dir='ltr'><strong>Divinitatem</strong></span> <span class='ocrx_word' id='word_1_355' title='bbox 2554 2214 2834 2263; x_wconf 87' lang='lat' dir='ltr'><strong>vocemus,</strong></span> <span class='ocrx_word' id='word_1_356' title='bbox 2866 2199 2953 2253; x_wconf 88' lang='lat' dir='ltr'><strong>hic</strong></span> <span class='ocrx_word' id='word_1_357' title='bbox 2985 2198 3220 2253; x_wconf 80' lang='lat' dir='ltr'><strong>fortasse</strong></span> <span class='ocrx_word' id='word_1_358' title='bbox 3242 2199 3498 2269; x_wconf 84' lang='lat' dir='ltr'><strong>perpendi</strong></span> 
     </span>
    </p>
   </div>
   <div class='ocr_carea' id='block_1_54' title="bbox 1928 2290 3504 2361">
    <p class='ocr_par' dir='ltr' id='par_1_54' title="bbox 1928 2290 3504 2361">
     <span class='ocr_line' id='line_1_55' title="bbox 1928 2290 3504 2361; baseline 0.001 -17"><span class='ocrx_word' id='word_1_359' title='bbox 1928 2290 2089 2345; x_wconf 89' lang='lat' dir='ltr'><strong>debet</strong></span> <span class='ocrx_word' id='word_1_360' title='bbox 2120 2308 2133 2343; x_wconf 93' lang='lat'>:</span> <span class='ocrx_word' id='word_1_361' title='bbox 2162 2292 2344 2359; x_wconf 86' lang='lat' dir='ltr'><strong>potius</strong></span> <span class='ocrx_word' id='word_1_362' title='bbox 2373 2299 2460 2345; x_wconf 78' lang='lat' dir='ltr'><strong>est</strong></span> <span class='ocrx_word' id='word_1_363' title='bbox 2493 2300 2672 2345; x_wconf 87' lang='lat' dir='ltr'><strong>autem</strong></span> <span class='ocrx_word' id='word_1_364' title='bbox 2704 2291 2758 2344; x_wconf 92' lang='lat' dir='ltr'><strong>in</strong></span> <span class='ocrx_word' id='word_1_365' title='bbox 2796 2301 3137 2345; x_wconf 87' lang='lat' dir='ltr'><strong>antecessum</strong></span> <span class='ocrx_word' id='word_1_366' title='bbox 3171 2292 3472 2361; x_wconf 72' lang='lat' dir='ltr'><strong>investigat:</strong></span> <span class='ocrx_word' id='word_1_367' title='bbox 3492 2320 3504 2325; x_wconf 59' lang='grc' dir='ltr'>ηε</span> 
     </span>
    </p>
   </div>
   <div class='ocr_carea' id='block_1_55' title="bbox 1928 2382 3503 2453">
    <p class='ocr_par' dir='ltr' id='par_1_55' title="bbox 1928 2382 3503 2453">
     <span class='ocr_line' id='line_1_56' title="bbox 1928 2382 3503 2453; baseline 0.001 -16"><span class='ocrx_word' id='word_1_368' title='bbox 1928 2382 2057 2437; x_wconf 92' lang='lat' dir='ltr'><strong>dum</strong></span> <span class='ocrx_word' id='word_1_369' title='bbox 2092 2382 2312 2453; x_wconf 85' lang='lat' dir='ltr'><strong>(quippe</strong></span> <span class='ocrx_word' id='word_1_370' title='bbox 2338 2384 2466 2453; x_wconf 92' lang='lat' dir='ltr'><strong>quia</strong></span> <span class='ocrx_word' id='word_1_371' title='bbox 2504 2384 2791 2452; x_wconf 60' lang='lat' dir='ltr'><strong>proposita:</strong></span> <span class='ocrx_word' id='word_1_372' title='bbox 2820 2384 3139 2453; x_wconf 72' lang='lat' dir='ltr'><strong>quazstionis</strong></span> <span class='ocrx_word' id='word_1_373' title='bbox 3170 2393 3335 2452; x_wconf 88' lang='lat' dir='ltr'><strong>caput</strong></span> <span class='ocrx_word' id='word_1_374' title='bbox 3377 2385 3503 2439; x_wconf 84' lang='lat' dir='ltr'><strong>inde</strong></span> 
     </span>
    </p>
   </div>
   <div class='ocr_carea' id='block_1_56' title="bbox 1929 2473 3499 2545">
    <p class='ocr_par' dir='ltr' id='par_1_56' title="bbox 1929 2473 3499 2545">
     <span class='ocr_line' id='line_1_57' title="bbox 1929 2473 3499 2545; baseline -0.001 -16"><span class='ocrx_word' id='word_1_375' title='bbox 1929 2475 2273 2529; x_wconf 87' lang='lat' dir='ltr'><strong>occasionem</strong></span> <span class='ocrx_word' id='word_1_376' title='bbox 2322 2474 2552 2545; x_wconf 81' lang='lat' dir='ltr'><strong>accepit)</strong></span> <span class='ocrx_word' id='word_1_377' title='bbox 2596 2484 2778 2528; x_wconf 90' lang='lat' dir='ltr'><strong>utrum</strong></span> <span class='ocrx_word' id='word_1_378' title='bbox 2824 2473 2969 2529; x_wconf 79' lang='lat' dir='ltr'><strong>Deus</strong></span> <span class='ocrx_word' id='word_1_379' title='bbox 3009 2490 3073 2529; x_wconf 87' lang='lat' dir='ltr'><strong>ac.</strong></span> <span class='ocrx_word' id='word_1_380' title='bbox 3114 2473 3299 2529; x_wconf 85' lang='lat' dir='ltr'><strong>Deitas</strong></span> <span class='ocrx_word' id='word_1_381' title='bbox 3358 2474 3499 2529; x_wconf 87' lang='lat' dir='ltr'><strong>idem</strong></span> 
     </span>
    </p>
   </div>
   <div class='ocr_carea' id='block_1_57' title="bbox 1931 2563 3502 2634">
    <p class='ocr_par' dir='ltr' id='par_1_57' title="bbox 1931 2563 3502 2634">
     <span class='ocr_line' id='line_1_58' title="bbox 1931 2563 3502 2634; baseline -0.001 -14"><span class='ocrx_word' id='word_1_382' title='bbox 1931 2565 2062 2629; x_wconf 84' lang='lat' dir='ltr'><strong>sint,</strong></span> <span class='ocrx_word' id='word_1_383' title='bbox 2112 2580 2182 2619; x_wconf 85' lang='lat' dir='ltr'><strong>an</strong></span> <span class='ocrx_word' id='word_1_384' title='bbox 2242 2565 2411 2619; x_wconf 88' lang='lat' dir='ltr'><strong>aliud.</strong></span> <span class='ocrx_word' id='word_1_385' title='bbox 2465 2563 2713 2634; x_wconf 85' lang='lat' dir='ltr'><strong>Namque</strong></span> <span class='ocrx_word' id='word_1_386' title='bbox 2758 2565 2802 2619; x_wconf 92' lang='lat' dir='ltr'><strong>si</strong></span> <span class='ocrx_word' id='word_1_387' title='bbox 2852 2564 3021 2627; x_wconf 86' lang='lat' dir='ltr'><strong>aliud,</strong></span> <span class='ocrx_word' id='word_1_388' title='bbox 3077 2565 3339 2632; x_wconf 87' lang='lat' dir='ltr'><strong>quidnam</strong></span> <span class='ocrx_word' id='word_1_389' title='bbox 3399 2566 3502 2619; x_wconf 86' lang='lat' dir='ltr'><strong>hoc</strong></span> 
     </span>
    </p>
   </div>
   <div class='ocr_carea' id='block_1_58' title="bbox 1928 2654 3504 2725">
    <p class='ocr_par' dir='ltr' id='par_1_58' title="bbox 1928 2654 3504 2725">
     <span class='ocr_line' id='line_1_59' title="bbox 1928 2654 3504 2725; baseline 0.001 -16"><span class='ocrx_word' id='word_1_390' title='bbox 1928 2662 2032 2718; x_wconf 87' lang='lat' dir='ltr'><strong>est,</strong></span> <span class='ocrx_word' id='word_1_391' title='bbox 2084 2665 2139 2709; x_wconf 92' lang='lat' dir='ltr'><strong>et</strong></span> <span class='ocrx_word' id='word_1_392' title='bbox 2176 2654 2435 2724; x_wconf 91' lang='lat' dir='ltr'><strong>quidnam</strong></span> <span class='ocrx_word' id='word_1_393' title='bbox 2484 2655 2537 2709; x_wconf 91' lang='lat' dir='ltr'><strong>in</strong></span> <span class='ocrx_word' id='word_1_394' title='bbox 2589 2655 2732 2710; x_wconf 89' lang='lat' dir='ltr'><strong>Deo?</strong></span> <span class='ocrx_word' id='word_1_395' title='bbox 2766 2654 2825 2709; x_wconf 91' lang='lat' dir='ltr'><strong>Si</strong></span> <span class='ocrx_word' id='word_1_396' title='bbox 2857 2670 2987 2709; x_wconf 85' lang='lat' dir='ltr'><strong>vero</strong></span> <span class='ocrx_word' id='word_1_397' title='bbox 3033 2656 3195 2720; x_wconf 90' lang='lat' dir='ltr'><strong>idem,</strong></span> <span class='ocrx_word' id='word_1_398' title='bbox 3226 2658 3504 2725; x_wconf 88' lang='lat' dir='ltr'><strong>quomodo</strong></span> 
     </span>
    </p>
   </div>
   <div class='ocr_carea' id='block_1_59' title="bbox 1928 2746 3506 2816">
    <p class='ocr_par' dir='ltr' id='par_1_59' title="bbox 1928 2746 3506 2816">
     <span class='ocr_line' id='line_1_60' title="bbox 1928 2746 3506 2816; baseline 0.002 -17"><span class='ocrx_word' id='word_1_399' title='bbox 1928 2747 2133 2815; x_wconf 58' lang='lat' dir='ltr'><strong>quaevis</strong></span> <span class='ocrx_word' id='word_1_400' title='bbox 2179 2748 2395 2801; x_wconf 93' lang='lat' dir='ltr'><strong>illarum</strong></span> <span class='ocrx_word' id='word_1_401' title='bbox 2445 2746 2834 2802; x_wconf 84' lang='lat' dir='ltr'><strong>viviﬁcantium</strong></span> <span class='ocrx_word' id='word_1_402' title='bbox 2870 2762 3225 2816; x_wconf 87' lang='lat' dir='ltr'><strong>personarum</strong></span> <span class='ocrx_word' id='word_1_403' title='bbox 3261 2747 3425 2810; x_wconf 84' lang='lat' dir='ltr'><strong>Deus,</strong></span> <span class='ocrx_word' id='word_1_404' title='bbox 3452 2759 3506 2803; x_wconf 83' lang='lat' dir='ltr'><strong>et</strong></span> 
     </span>
    </p>
   </div>
   <div class='ocr_carea' id='block_1_60' title="bbox 1931 2836 3505 2905">
    <p class='ocr_par' dir='ltr' id='par_1_60' title="bbox 1931 2836 3505 2905">
     <span class='ocr_line' id='line_1_61' title="bbox 1931 2836 3505 2905; baseline 0 -16"><span class='ocrx_word' id='word_1_405' title='bbox 1931 2852 2037 2889; x_wconf 90' lang='lat' dir='ltr'><strong>non</strong></span> <span class='ocrx_word' id='word_1_406' title='bbox 2068 2836 2252 2889; x_wconf 81' lang='lat' dir='ltr'><strong>Deitas</strong></span> <span class='ocrx_word' id='word_1_407' title='bbox 2296 2837 2641 2905; x_wconf 88' lang='lat' dir='ltr'><strong>appellatur?</strong></span> <span class='ocrx_word' id='word_1_408' title='bbox 2668 2836 2771 2902; x_wconf 89' lang='lat' dir='ltr'><strong>Qui</strong></span> <span class='ocrx_word' id='word_1_409' title='bbox 2808 2836 3145 2891; x_wconf 89' lang='lat' dir='ltr'><strong>discriminis</strong></span> <span class='ocrx_word' id='word_1_410' title='bbox 3177 2851 3399 2890; x_wconf 84' lang='lat' dir='ltr'><strong>causam</strong></span> <span class='ocrx_word' id='word_1_411' title='bbox 3448 2838 3505 2890; x_wconf 90' lang='lat' dir='ltr'><strong>in</strong></span> 
     </span>
    </p>
   </div>
   <div class='ocr_carea' id='block_1_61' title="bbox 1929 2929 3508 2999">
    <p class='ocr_par' dir='ltr' id='par_1_61' title="bbox 1929 2929 3508 2999">
     <span class='ocr_line' id='line_1_62' title="bbox 1929 2929 3508 2999; baseline 0.002 -19"><span class='ocrx_word' id='word_1_412' title='bbox 1929 2929 2184 2982; x_wconf 76' lang='lat' dir='ltr'><strong>vocabuli</strong></span> <span class='ocrx_word' id='word_1_413' title='bbox 2232 2929 2407 2983; x_wconf 90' lang='lat' dir='ltr'><strong>forma</strong></span> <span class='ocrx_word' id='word_1_414' title='bbox 2454 2940 2727 2998; x_wconf 62' lang='lat' dir='ltr'><strong>quaerunt,</strong></span> <span class='ocrx_word' id='word_1_415' title='bbox 2756 2930 2902 2998; x_wconf 88' lang='lat' dir='ltr'><strong>quod</strong></span> <span class='ocrx_word' id='word_1_416' title='bbox 2937 2945 3130 2999; x_wconf 85' lang='lat' dir='ltr'><strong>nempe</strong></span> <span class='ocrx_word' id='word_1_417' title='bbox 3175 2931 3405 2984; x_wconf 86' lang='lat' dir='ltr'><strong>alterum</strong></span> <span class='ocrx_word' id='word_1_418' title='bbox 3436 2930 3508 2983; x_wconf 85' lang='lat' dir='ltr'><strong>sit</strong></span> 
     </span>
    </p>
   </div>
   <div class='ocr_carea' id='block_1_62' title="bbox 1930 3021 3507 3089">
    <p class='ocr_par' dir='ltr' id='par_1_62' title="bbox 1930 3021 3507 3089">
     <span class='ocr_line' id='line_1_63' title="bbox 1930 3021 3507 3089; baseline -0.001 -16"><span class='ocrx_word' id='word_1_419' title='bbox 1930 3021 2221 3075; x_wconf 84' lang='lat' dir='ltr'><strong>masculini</strong></span> <span class='ocrx_word' id='word_1_420' title='bbox 2270 3024 2510 3089; x_wconf 81' lang='lat' dir='ltr'><strong>generis,</strong></span> <span class='ocrx_word' id='word_1_421' title='bbox 2554 3022 2786 3075; x_wconf 87' lang='lat' dir='ltr'><strong>alterum</strong></span> <span class='ocrx_word' id='word_1_422' title='bbox 2833 3038 2962 3076; x_wconf 87' lang='lat' dir='ltr'><strong>vero</strong></span> <span class='ocrx_word' id='word_1_423' title='bbox 2991 3022 3057 3075; x_wconf 86' lang='lat' dir='ltr'><strong>ad</strong></span> <span class='ocrx_word' id='word_1_424' title='bbox 3098 3021 3341 3074; x_wconf 85' lang='lat' dir='ltr'><strong>feminini</strong></span> <span class='ocrx_word' id='word_1_425' title='bbox 3389 3038 3507 3074; x_wconf 91' lang='lat' dir='ltr'><strong>mo-</strong></span> 
     </span>
    </p>
   </div>
   <div class='ocr_carea' id='block_1_63' title="bbox 242 3108 1825 3184">
    <p class='ocr_par' dir='ltr' id='par_1_63' title="bbox 242 3110 1825 3183">
     <span class='ocr_line' id='line_1_64' title="bbox 242 3110 1825 3183; baseline 0.001 -20"><span class='ocrx_word' id='word_1_426' title='bbox 242 3110 347 3163; x_wconf 83' lang='grc' dir='ltr'>τοῦ</span> <span class='ocrx_word' id='word_1_427' title='bbox 377 3111 692 3181; x_wconf 81' lang='grc' dir='ltr'>Πνεύματος</span> <span class='ocrx_word' id='word_1_428' title='bbox 720 3112 961 3180; x_wconf 83' lang='grc' dir='ltr'>λέγεται,</span> <span class='ocrx_word' id='word_1_429' title='bbox 999 3112 1236 3166; x_wconf 78' lang='grc' dir='ltr'>αὐτόθεν</span> <span class='ocrx_word' id='word_1_430' title='bbox 1253 3113 1346 3166; x_wconf 89' lang='grc' dir='ltr'><strong>τὸν</strong></span> <span class='ocrx_word' id='word_1_431' title='bbox 1391 3114 1616 3183; x_wconf 77' lang='grc' dir='ltr'>ἔλεγχον</span> <span class='ocrx_word' id='word_1_432' title='bbox 1644 3113 1825 3183; x_wconf 85' lang='grc' dir='ltr'><strong>δέχον-</strong></span> 
     </span>
    </p>
   </div>
   <div class='ocr_carea' id='block_1_64' title="bbox 1930 3108 3507 3184">
    <p class='ocr_par' dir='ltr' id='par_1_64' title="bbox 1930 3108 3507 3180">
     <span class='ocr_line' id='line_1_65' title="bbox 1930 3108 3507 3180; baseline 0.001 -20"><span class='ocrx_word' id='word_1_433' title='bbox 1930 3108 2057 3161; x_wconf 89' lang='lat' dir='ltr'><strong>dum</strong></span> <span class='ocrx_word' id='word_1_434' title='bbox 2107 3110 2436 3173; x_wconf 84' lang='lat' dir='ltr'><strong>inflectatur,</strong></span> <span class='ocrx_word' id='word_1_435' title='bbox 2485 3126 2549 3165; x_wconf 90' lang='lat' dir='ltr'><strong>ac</strong></span> <span class='ocrx_word' id='word_1_436' title='bbox 2580 3120 2867 3180; x_wconf 89' lang='lat' dir='ltr'><strong>propterea</strong></span> <span class='ocrx_word' id='word_1_437' title='bbox 2924 3126 3030 3163; x_wconf 90' lang='lat' dir='ltr'><strong>non</strong></span> <span class='ocrx_word' id='word_1_438' title='bbox 3082 3112 3257 3178; x_wconf 84' lang='lat' dir='ltr'><strong>possit</strong></span> <span class='ocrx_word' id='word_1_439' title='bbox 3302 3113 3507 3179; x_wconf 86' lang='lat' dir='ltr'><strong>pariter</strong></span> 
     </span>
    </p>
   </div>
   <div class='ocr_carea' id='block_1_65' title="bbox 243 3202 1826 3275">
    <p class='ocr_par' dir='ltr' id='par_1_65' title="bbox 243 3202 1826 3275">
     <span class='ocr_line' id='line_1_66' title="bbox 243 3202 1826 3275; baseline 0 -19"><span class='ocrx_word' id='word_1_440' title='bbox 243 3218 362 3256; x_wconf 69' lang='grc' dir='ltr'>εαι.</span> <span class='ocrx_word' id='word_1_441' title='bbox 393 3202 527 3255; x_wconf 82' lang='grc' dir='ltr'>Κατ’</span> <span class='ocrx_word' id='word_1_442' title='bbox 553 3202 834 3273; x_wconf 79' lang='grc' dir='ltr'>οὐδέτερον</span> <span class='ocrx_word' id='word_1_443' title='bbox 867 3202 975 3273; x_wconf 81' lang='grc' dir='ltr'>γὰρ</span> <span class='ocrx_word' id='word_1_444' title='bbox 1002 3203 1384 3275; x_wconf 80' lang='grc' dir='ltr'>σχηματισμὸν</span> <span class='ocrx_word' id='word_1_445' title='bbox 1417 3206 1476 3257; x_wconf 85' lang='grc' dir='ltr'><strong>τὸ</strong></span> <span class='ocrx_word' id='word_1_446' title='bbox 1507 3204 1734 3274; x_wconf 81' lang='grc' dir='ltr'>Πνεῦμα</span> <span class='ocrx_word' id='word_1_447' title='bbox 1760 3207 1826 3275; x_wconf 83' lang='grc' dir='ltr'><strong>τῇ</strong></span> 
     </span>
    </p>
   </div>
   <div class='ocr_carea' id='block_1_66' title="bbox 242 3288 1828 3366">
    <p class='ocr_par' dir='ltr' id='par_1_66' title="bbox 242 3288 1828 3366">
     <span class='ocr_line' id='line_1_67' title="bbox 242 3288 1828 3366; baseline 0.004 -24"><span class='ocrx_word' id='word_1_448' title='bbox 242 3288 464 3361; x_wconf 78' lang='grc' dir='ltr'>γλώττῃ</span> <span class='ocrx_word' id='word_1_449' title='bbox 494 3293 925 3363; x_wconf 71' lang='grc' dir='ltr'>προφερόμενον,</span> <span class='ocrx_word' id='word_1_450' title='bbox 943 3294 1095 3346; x_wconf 78' lang='grc' dir='ltr'>οὐδὲν</span> <span class='ocrx_word' id='word_1_451' title='bbox 1122 3288 1286 3365; x_wconf 85' lang='grc' dir='ltr'>ἦττον</span> <span class='ocrx_word' id='word_1_452' title='bbox 1319 3295 1553 3366; x_wconf 85' lang='grc' dir='ltr'>Πατρὸς,</span> <span class='ocrx_word' id='word_1_453' title='bbox 1573 3296 1669 3349; x_wconf 81' lang='grc' dir='ltr'><strong>καὶ</strong></span> <span class='ocrx_word' id='word_1_454' title='bbox 1698 3296 1828 3348; x_wconf 85' lang='grc' dir='ltr'><strong>Υἱοῦ</strong></span> 
     </span>
    </p>
   </div>
   <div class='ocr_carea' id='block_1_67' title="bbox 243 3383 1825 3457">
    <p class='ocr_par' dir='ltr' id='par_1_67' title="bbox 243 3383 1825 3457">
     <span class='ocr_line' id='line_1_68' title="bbox 243 3383 1825 3457; baseline 0.003 -22"><span class='ocrx_word' id='word_1_455' title='bbox 243 3384 385 3445; x_wconf 84' lang='grc' dir='ltr'>Θεὸς</span> <span class='ocrx_word' id='word_1_456' title='bbox 411 3383 661 3450; x_wconf 80' lang='grc' dir='ltr'>λέγεται·</span> <span class='ocrx_word' id='word_1_457' title='bbox 694 3386 789 3438; x_wconf 74' lang='grc' dir='ltr'><strong>καὶ</strong></span> <span class='ocrx_word' id='word_1_458' title='bbox 831 3385 939 3439; x_wconf 86' lang='grc' dir='ltr'><strong>τῶν</strong></span> <span class='ocrx_word' id='word_1_459' title='bbox 986 3386 1269 3457; x_wconf 79' lang='grc' dir='ltr'>ὀνομάτων</span> <span class='ocrx_word' id='word_1_460' title='bbox 1294 3387 1356 3440; x_wconf 85' lang='grc' dir='ltr'><strong>τὸ</strong></span> <span class='ocrx_word' id='word_1_461' title='bbox 1385 3387 1701 3456; x_wconf 80' lang='grc' dir='ltr'>ὲτερογενὲς</span> <span class='ocrx_word' id='word_1_462' title='bbox 1734 3388 1825 3440; x_wconf 71' lang='grc' dir='ltr'><strong>οὺ-</strong></span> 
     </span>
    </p>
   </div>
   <div class='ocr_carea' id='block_1_68' title="bbox 238 3476 1825 3551">
    <p class='ocr_par' dir='ltr' id='par_1_68' title="bbox 238 3476 1825 3551">
     <span class='ocr_line' id='line_1_69' title="bbox 238 3476 1825 3551; baseline 0.001 -20"><span class='ocrx_word' id='word_1_463' title='bbox 238 3477 336 3531; x_wconf 80' lang='grc' dir='ltr'><strong>δὲν</strong></span> <span class='ocrx_word' id='word_1_464' title='bbox 367 3476 609 3529; x_wconf 78' lang='grc' dir='ltr'>ἐκώλυσε</span> <span class='ocrx_word' id='word_1_465' title='bbox 649 3478 750 3548; x_wconf 75' lang='grc' dir='ltr'><strong>τὴν</strong></span> <span class='ocrx_word' id='word_1_466' title='bbox 781 3478 953 3548; x_wconf 79' lang='grc' dir='ltr'>αὐτὴν</span> <span class='ocrx_word' id='word_1_467' title='bbox 984 3481 1357 3550; x_wconf 75' lang='grc' dir='ltr'>προσηγορίαν</span> <span class='ocrx_word' id='word_1_468' title='bbox 1402 3480 1730 3548; x_wconf 78' lang='grc' dir='ltr'>ἐπάγεσθαι,</span> <span class='ocrx_word' id='word_1_469' title='bbox 1758 3480 1825 3551; x_wconf 73' lang='grc' dir='ltr'>ἣν</span> 
     </span>
    </p>
   </div>
   <div class='ocr_carea' id='block_1_69' title="bbox 241 3567 1825 3641">
    <p class='ocr_par' dir='ltr' id='par_1_69' title="bbox 241 3567 1825 3641">
     <span class='ocr_line' id='line_1_70' title="bbox 241 3567 1825 3641; baseline 0.001 -20"><span class='ocrx_word' id='word_1_470' title='bbox 241 3567 345 3621; x_wconf 67' lang='grc' dir='ltr'>καὶ</span> <span class='ocrx_word' id='word_1_471' title='bbox 368 3570 430 3621; x_wconf 84' lang='grc' dir='ltr'><strong>οὐ</strong></span> <span class='ocrx_word' id='word_1_472' title='bbox 461 3570 520 3621; x_wconf 86' lang='grc' dir='ltr'><strong>τὸ</strong></span> <span class='ocrx_word' id='word_1_473' title='bbox 549 3569 685 3622; x_wconf 80' lang='grc' dir='ltr'>αὐτὸ</span> <span class='ocrx_word' id='word_1_474' title='bbox 724 3569 881 3637; x_wconf 82' lang='grc' dir='ltr'>γένος</span> <span class='ocrx_word' id='word_1_475' title='bbox 906 3570 1005 3639; x_wconf 87' lang='grc' dir='ltr'>τῆς</span> <span class='ocrx_word' id='word_1_476' title='bbox 1034 3573 1221 3641; x_wconf 82' lang='grc' dir='ltr'>φωνῆς</span> <span class='ocrx_word' id='word_1_477' title='bbox 1256 3571 1712 3639; x_wconf 81' lang='grc' dir='ltr'>περιεπτύσσετο⁶</span> <span class='ocrx_word' id='word_1_478' title='bbox 1731 3571 1825 3623; x_wconf 82' lang='grc' dir='ltr'>καὶ</span> 
     </span>
    </p>
   </div>
   <div class='ocr_carea' id='block_1_70' title="bbox 236 3659 1825 3733">
    <p class='ocr_par' dir='ltr' id='par_1_70' title="bbox 236 3659 1825 3733">
     <span class='ocr_line' id='line_1_71' title="bbox 236 3659 1825 3733; baseline 0.004 -23"><span class='ocrx_word' id='word_1_479' title='bbox 236 3659 439 3713; x_wconf 80' lang='grc' dir='ltr'>τούτου</span> <span class='ocrx_word' id='word_1_480' title='bbox 491 3661 823 3732; x_wconf 78' lang='grc' dir='ltr'>σαφέστερον</span> <span class='ocrx_word' id='word_1_481' title='bbox 867 3661 947 3715; x_wconf 75' lang='grc' dir='ltr'>ἔτι</span> <span class='ocrx_word' id='word_1_482' title='bbox 995 3663 1187 3730; x_wconf 83' lang='grc' dir='ltr'>γένους</span> <span class='ocrx_word' id='word_1_483' title='bbox 1242 3663 1431 3733; x_wconf 81' lang='grc' dir='ltr'>ἑτέρου</span> <span class='ocrx_word' id='word_1_484' title='bbox 1482 3664 1825 3733; x_wconf 76' lang='grc' dir='ltr'>τυγχάνουσα</span> 
     </span>
    </p>
   </div>
   <div class='ocr_carea' id='block_1_71' title="bbox 235 3748 1826 3823">
    <p class='ocr_par' dir='ltr' id='par_1_71' title="bbox 235 3748 1826 3823">
     <span class='ocr_line' id='line_1_72' title="bbox 235 3748 1826 3823; baseline 0.001 -22"><span class='ocrx_word' id='word_1_485' title='bbox 235 3748 389 3801; x_wconf 71' lang='grc' dir='ltr'>κατὰ</span> <span class='ocrx_word' id='word_1_486' title='bbox 436 3750 621 3820; x_wconf 76' lang='grc' dir='ltr'>φωνὴν</span> <span class='ocrx_word' id='word_1_487' title='bbox 668 3752 701 3820; x_wconf 78' lang='grc' dir='ltr'><strong>ἡ</strong></span> <span class='ocrx_word' id='word_1_488' title='bbox 753 3751 912 3805; x_wconf 80' lang='grc' dir='ltr'>οὐσία</span> <span class='ocrx_word' id='word_1_489' title='bbox 963 3752 1058 3805; x_wconf 79' lang='grc' dir='ltr'>ἐπὶ</span> <span class='ocrx_word' id='word_1_490' title='bbox 1111 3753 1343 3823; x_wconf 77' lang='grc' dir='ltr'>ῐιατρὸς,</span> <span class='ocrx_word' id='word_1_491' title='bbox 1394 3753 1486 3806; x_wconf 75' lang='grc' dir='ltr'>καὶ</span> <span class='ocrx_word' id='word_1_492' title='bbox 1530 3752 1687 3815; x_wconf 77' lang='grc' dir='ltr'><strong>Υἱοῦ,</strong></span> <span class='ocrx_word' id='word_1_493' title='bbox 1732 3753 1826 3805; x_wconf 70' lang='grc' dir='ltr'>καὶ</span> 
     </span>
    </p>
   </div>
   <div class='ocr_carea' id='block_1_72' title="bbox 238 3838 1824 3912">
    <p class='ocr_par' dir='ltr' id='par_1_72' title="bbox 238 3838 1824 3912">
     <span class='ocr_line' id='line_1_73' title="bbox 238 3838 1824 3912; baseline -0.001 -20"><span class='ocrx_word' id='word_1_494' title='bbox 238 3838 571 3907; x_wconf 82' lang='grc' dir='ltr'>Πνεύματος</span> <span class='ocrx_word' id='word_1_495' title='bbox 610 3839 888 3910; x_wconf 83' lang='grc' dir='ltr'>ὁμοτίμως</span> <span class='ocrx_word' id='word_1_496' title='bbox 922 3843 1340 3912; x_wconf 68' lang='grc' dir='ltr'>κατηγορεῖταν</span> <span class='ocrx_word' id='word_1_497' title='bbox 1372 3841 1563 3894; x_wconf 76' lang='grc' dir='ltr'>οὐσίαν</span> <span class='ocrx_word' id='word_1_498' title='bbox 1603 3858 1664 3893; x_wconf 83' lang='grc' dir='ltr'><strong>τε</strong></span> <span class='ocrx_word' id='word_1_499' title='bbox 1716 3839 1824 3909; x_wconf 82' lang='grc' dir='ltr'><strong>γὰρ</strong></span> 
     </span>
    </p>
   </div>
   <div class='ocr_carea' id='block_1_73' title="bbox 233 3929 1827 4004">
    <p class='ocr_par' dir='ltr' id='par_1_73' title="bbox 233 3929 1827 4004">
     <span class='ocr_line' id='line_1_74' title="bbox 233 3929 1827 4004; baseline 0.001 -19"><span class='ocrx_word' id='word_1_500' title='bbox 233 3929 420 3993; x_wconf 74' lang='grc' dir='ltr'>αὐτὰς</span> <span class='ocrx_word' id='word_1_501' title='bbox 448 3930 704 4002; x_wconf 79' lang='grc' dir='ltr'>λέγομεν,</span> <span class='ocrx_word' id='word_1_502' title='bbox 739 3935 831 3986; x_wconf 70' lang='grc' dir='ltr'>καὶ</span> <span class='ocrx_word' id='word_1_503' title='bbox 857 3935 987 4002; x_wconf 80' lang='grc' dir='ltr'>μιᾶς</span> <span class='ocrx_word' id='word_1_504' title='bbox 1013 3935 1201 3998; x_wconf 78' lang='grc' dir='ltr'>οὐσίας</span> <span class='ocrx_word' id='word_1_505' title='bbox 1221 3951 1234 3966; x_wconf 77' lang='grc' dir='ltr'><strong>ο</strong></span> <span class='ocrx_word' id='word_1_506' title='bbox 1266 3932 1387 3987; x_wconf 82' lang='grc' dir='ltr'>οὐδὲ</span> <span class='ocrx_word' id='word_1_507' title='bbox 1421 3934 1513 3987; x_wconf 84' lang='grc' dir='ltr'><strong>τὸν</strong></span> <span class='ocrx_word' id='word_1_508' title='bbox 1537 3934 1827 4004; x_wconf 78' lang='grc' dir='ltr'>ἄνθρωπον</span> 
     </span>
    </p>
   </div>
   <div class='ocr_carea' id='block_1_74' title="bbox 233 4022 1830 4098">
    <p class='ocr_par' dir='ltr' id='par_1_74' title="bbox 233 4022 1830 4098">
     <span class='ocr_line' id='line_1_75' title="bbox 233 4022 1830 4098; baseline 0 -19"><span class='ocrx_word' id='word_1_509' title='bbox 233 4023 305 4079; x_wconf 82' lang='grc' dir='ltr'><strong>δὲ</strong></span> <span class='ocrx_word' id='word_1_510' title='bbox 336 4022 496 4090; x_wconf 81' lang='grc' dir='ltr'>ζῶον,</span> <span class='ocrx_word' id='word_1_511' title='bbox 543 4025 575 4096; x_wconf 78' lang='grc' dir='ltr'>ἦ</span> <span class='ocrx_word' id='word_1_512' title='bbox 604 4027 792 4079; x_wconf 81' lang='grc' dir='ltr'>οὐσίαν</span> <span class='ocrx_word' id='word_1_513' title='bbox 819 4026 1103 4081; x_wconf 77' lang='grc' dir='ltr'>καλεῖσθαι</span> <span class='ocrx_word' id='word_1_514' title='bbox 1151 4026 1212 4080; x_wconf 87' lang='grc' dir='ltr'><strong>τὸ</strong></span> <span class='ocrx_word' id='word_1_515' title='bbox 1239 4025 1555 4098; x_wconf 80' lang='grc' dir='ltr'>ἐτερογενὲς</span> <span class='ocrx_word' id='word_1_516' title='bbox 1581 4026 1683 4096; x_wconf 80' lang='grc' dir='ltr'>τῆς</span> <span class='ocrx_word' id='word_1_517' title='bbox 1713 4042 1830 4094; x_wconf 79' lang='grc' dir='ltr'><strong>φω-</strong></span> 
     </span>
    </p>
   </div>
   <div class='ocr_carea' id='block_1_75' title="bbox 236 4114 721 4185">
    <p class='ocr_par' dir='ltr' id='par_1_75' title="bbox 236 4114 721 4185">
     <span class='ocr_line' id='line_1_76' title="bbox 236 4114 721 4185; baseline 0.002 -14"><span class='ocrx_word' id='word_1_518' title='bbox 236 4114 346 4185; x_wconf 86' lang='grc' dir='ltr'>νῆς</span> <span class='ocrx_word' id='word_1_519' title='bbox 375 4116 721 4172; x_wconf 79' lang='grc' dir='ltr'>ἁπεκὼλυσε.</span> 
     </span>
    </p>
   </div>
   <div class='ocr_carea' id='block_1_76' title="bbox 236 4212 1656 4278">
    <p class='ocr_par' dir='ltr' id='par_1_76' title="bbox 236 4212 1656 4278">
     <span class='ocr_line' id='line_1_77' title="bbox 236 4212 1656 4278; baseline 0.001 -10"><span class='ocrx_word' id='word_1_520' title='bbox 236 4212 566 4278; x_wconf 78' lang='lat' dir='ltr'><strong>essentiam,</strong></span> <span class='ocrx_word' id='word_1_521' title='bbox 610 4225 666 4268; x_wconf 89' lang='lat' dir='ltr'><strong>et</strong></span> <span class='ocrx_word' id='word_1_522' title='bbox 716 4216 878 4270; x_wconf 89' lang='lat' dir='ltr'><strong>unius</strong></span> <span class='ocrx_word' id='word_1_523' title='bbox 940 4216 1195 4271; x_wconf 69' lang='lat' dir='ltr'><strong>essentia:</strong></span> <span class='ocrx_word' id='word_1_524' title='bbox 1248 4214 1594 4270; x_wconf 90' lang='lat' dir='ltr'><strong>nominamus</strong></span> <span class='ocrx_word' id='word_1_525' title='bbox 1642 4232 1656 4269; x_wconf 87' lang='lat'><strong>:</strong></span> 
     </span>
    </p>
   </div>
   <div class='ocr_carea' id='block_1_77' title="bbox 238 4306 1106 4376">
    <p class='ocr_par' dir='ltr' id='par_1_77' title="bbox 238 4306 1106 4376">
     <span class='ocr_line' id='line_1_78' title="bbox 238 4306 1106 4376; baseline 0 -17"><span class='ocrx_word' id='word_1_526' title='bbox 238 4306 508 4359; x_wconf 76' lang='lat' dir='ltr'><strong>stantiam</strong></span> <span class='ocrx_word' id='word_1_527' title='bbox 538 4321 778 4375; x_wconf 88' lang='lat' dir='ltr'><strong>unquam</strong></span> <span class='ocrx_word' id='word_1_528' title='bbox 809 4306 1106 4376; x_wconf 82' lang='lat' dir='ltr'><strong>prohibuit.</strong></span> 
     </span>
    </p>
   </div>
   <div class='ocr_carea' id='block_1_78' title="bbox 318 4394 1822 4471">
    <p class='ocr_par' dir='ltr' id='par_1_78' title="bbox 318 4394 1822 4471">
     <span class='ocr_line' id='line_1_79' title="bbox 318 4394 1822 4471; baseline 0.003 -22"><span class='ocrx_word' id='word_1_529' title='bbox 318 4394 387 4449; x_wconf 77' lang='grc' dir='ltr'><strong>Τί</strong></span> <span class='ocrx_word' id='word_1_530' title='bbox 413 4396 507 4450; x_wconf 79' lang='grc' dir='ltr'><strong>οὖν</strong></span> <span class='ocrx_word' id='word_1_531' title='bbox 528 4397 609 4450; x_wconf 82' lang='grc' dir='ltr'>ὄεῖ</span> <span class='ocrx_word' id='word_1_532' title='bbox 636 4397 849 4467; x_wconf 78' lang='grc' dir='ltr'>).ἐγειν;</span> <span class='ocrx_word' id='word_1_533' title='bbox 883 4399 955 4451; x_wconf 83' lang='grc' dir='ltr'><em>Ἢ</em></span> <span class='ocrx_word' id='word_1_534' title='bbox 984 4400 1089 4463; x_wconf 76' lang='grc' dir='ltr'>ὅτι,</span> <span class='ocrx_word' id='word_1_535' title='bbox 1121 4397 1311 4467; x_wconf 82' lang='grc' dir='ltr'>ὥσπερ</span> <span class='ocrx_word' id='word_1_536' title='bbox 1339 4400 1367 4451; x_wconf 80' lang='grc' dir='ltr'>ὁ</span> <span class='ocrx_word' id='word_1_537' title='bbox 1393 4398 1700 4471; x_wconf 83' lang='grc' dir='ltr'>ἄνθρωπος,</span> <span class='ocrx_word' id='word_1_538' title='bbox 1728 4402 1822 4454; x_wconf 77' lang='grc' dir='ltr'><strong>καὶ</strong></span> 
     </span>
    </p>
   </div>
   <div class='ocr_carea' id='block_1_79' title="bbox 1934 3197 3507 3269">
    <p class='ocr_par' dir='ltr' id='par_1_79' title="bbox 1934 3197 3507 3269">
     <span class='ocr_line' id='line_1_80' title="bbox 1934 3197 3507 3269; baseline 0.001 -17"><span class='ocrx_word' id='word_1_539' title='bbox 1934 3198 2001 3252; x_wconf 87' lang='lat' dir='ltr'><strong>de</strong></span> <span class='ocrx_word' id='word_1_540' title='bbox 2033 3197 2214 3264; x_wconf 87' lang='lat' dir='ltr'><strong>Patre,</strong></span> <span class='ocrx_word' id='word_1_541' title='bbox 2255 3200 2322 3253; x_wconf 84' lang='lat' dir='ltr'><strong>de</strong></span> <span class='ocrx_word' id='word_1_542' title='bbox 2346 3198 2503 3262; x_wconf 88' lang='lat' dir='ltr'><strong>Filio,</strong></span> <span class='ocrx_word' id='word_1_543' title='bbox 2553 3208 2608 3254; x_wconf 91' lang='lat' dir='ltr'><strong>et</strong></span> <span class='ocrx_word' id='word_1_544' title='bbox 2639 3201 2730 3255; x_wconf 77' lang='lat' dir='ltr'><strong>(le-</strong></span> <span class='ocrx_word' id='word_1_545' title='bbox 2755 3198 2961 3269; x_wconf 88' lang='lat' dir='ltr'><strong>Spiritu</strong></span> <span class='ocrx_word' id='word_1_546' title='bbox 2994 3209 3184 3254; x_wconf 86' lang='lat' dir='ltr'><strong>sancto</strong></span> <span class='ocrx_word' id='word_1_547' title='bbox 3214 3210 3507 3269; x_wconf 87' lang='lat' dir='ltr'><strong>utrumque</strong></span> 
     </span>
    </p>
   </div>
   <div class='ocr_carea' id='block_1_80' title="bbox 1933 3290 3507 3361">
    <p class='ocr_par' dir='ltr' id='par_1_80' title="bbox 1933 3290 3507 3361">
     <span class='ocr_line' id='line_1_81' title="bbox 1933 3290 3507 3361; baseline 0.001 -18"><span class='ocrx_word' id='word_1_548' title='bbox 1933 3291 2211 3358; x_wconf 87' lang='lat' dir='ltr'><strong>usurpari,</strong></span> <span class='ocrx_word' id='word_1_549' title='bbox 2246 3305 2312 3345; x_wconf 83' lang='lat' dir='ltr'><strong>ex</strong></span> <span class='ocrx_word' id='word_1_550' title='bbox 2345 3291 2451 3345; x_wconf 90' lang='lat' dir='ltr'><strong>hoc</strong></span> <span class='ocrx_word' id='word_1_551' title='bbox 2476 3291 2595 3361; x_wconf 88' lang='lat' dir='ltr'><strong>ipso</strong></span> <span class='ocrx_word' id='word_1_552' title='bbox 2628 3290 2949 3345; x_wconf 81' lang='lat' dir='ltr'><strong>refelluntur</strong></span> <span class='ocrx_word' id='word_1_553' title='bbox 2972 3307 2985 3343; x_wconf 90' lang='lat'>:</span> <span class='ocrx_word' id='word_1_554' title='bbox 3006 3290 3105 3343; x_wconf 85' lang='lat' dir='ltr'><strong>etsi</strong></span> <span class='ocrx_word' id='word_1_555' title='bbox 3132 3290 3274 3344; x_wconf 90' lang='lat' dir='ltr'><strong>enim</strong></span> <span class='ocrx_word' id='word_1_556' title='bbox 3305 3306 3507 3345; x_wconf 88' lang='lat' dir='ltr'><strong>nomen</strong></span> 
     </span>
    </p>
   </div>
   <div class='ocr_carea' id='block_1_81' title="bbox 1932 3381 3505 3454">
    <p class='ocr_par' dir='ltr' id='par_1_81' title="bbox 1932 3381 3505 3454">
     <span class='ocr_line' id='line_1_82' title="bbox 1932 3381 3505 3454; baseline 0.001 -19"><span class='ocrx_word' id='word_1_557' title='bbox 1932 3381 2158 3451; x_wconf 75' lang='grc' dir='ltr'>Πνεῦμα</span> <span class='ocrx_word' id='word_1_558' title='bbox 2203 3382 2467 3453; x_wconf 88' lang='lat' dir='ltr'><strong>(Spiritus</strong></span> <span class='ocrx_word' id='word_1_559' title='bbox 2495 3384 2743 3452; x_wconf 90' lang='lat' dir='ltr'><strong>sanctus)</strong></span> <span class='ocrx_word' id='word_1_560' title='bbox 2790 3394 2978 3437; x_wconf 86' lang='lat' dir='ltr'><strong>nostra</strong></span> <span class='ocrx_word' id='word_1_561' title='bbox 3014 3384 3199 3453; x_wconf 84' lang='lat' dir='ltr'><strong>lingua</strong></span> <span class='ocrx_word' id='word_1_562' title='bbox 3234 3385 3505 3454; x_wconf 87' lang='lat' dir='ltr'><strong>prolatum</strong></span> 
     </span>
    </p>
   </div>
   <div class='ocr_carea' id='block_1_82' title="bbox 1932 3475 3505 3546">
    <p class='ocr_par' dir='ltr' id='par_1_82' title="bbox 1932 3475 3505 3546">
     <span class='ocr_line' id='line_1_83' title="bbox 1932 3475 3505 3546; baseline 0.001 -17"><span class='ocrx_word' id='word_1_563' title='bbox 1932 3476 2181 3530; x_wconf 81' lang='lat' dir='ltr'><strong>neutrius</strong></span> <span class='ocrx_word' id='word_1_564' title='bbox 2208 3476 2279 3529; x_wconf 92' lang='lat' dir='ltr'><strong>sit</strong></span> <span class='ocrx_word' id='word_1_565' title='bbox 2307 3477 2546 3545; x_wconf 83' lang='lat' dir='ltr'><strong>generis,</strong></span> <span class='ocrx_word' id='word_1_566' title='bbox 2579 3486 2759 3529; x_wconf 89' lang='lat' dir='ltr'><strong>tamen</strong></span> <span class='ocrx_word' id='word_1_567' title='bbox 2797 3475 2939 3531; x_wconf 90' lang='lat' dir='ltr'><strong>Deus</strong></span> <span class='ocrx_word' id='word_1_568' title='bbox 2972 3492 3081 3531; x_wconf 89' lang='lat' dir='ltr'><strong>non</strong></span> <span class='ocrx_word' id='word_1_569' title='bbox 3112 3477 3311 3540; x_wconf 88' lang='lat' dir='ltr'><strong>minus,</strong></span> <span class='ocrx_word' id='word_1_570' title='bbox 3341 3493 3505 3546; x_wconf 75' lang='lat' dir='ltr'><strong>quam</strong></span> 
     </span>
    </p>
   </div>
   <div class='ocr_carea' id='block_1_83' title="bbox 1932 3563 3505 3635">
    <p class='ocr_par' dir='ltr' id='par_1_83' title="bbox 1932 3563 3505 3635">
     <span class='ocr_line' id='line_1_84' title="bbox 1932 3563 3505 3635; baseline -0.001 -17"><span class='ocrx_word' id='word_1_571' title='bbox 1932 3563 2114 3629; x_wconf 86' lang='lat' dir='ltr'><strong>Pater,</strong></span> <span class='ocrx_word' id='word_1_572' title='bbox 2146 3574 2200 3619; x_wconf 91' lang='lat' dir='ltr'><strong>et</strong></span> <span class='ocrx_word' id='word_1_573' title='bbox 2238 3564 2409 3621; x_wconf 84' lang='lat' dir='ltr'><strong>Filius</strong></span> <span class='ocrx_word' id='word_1_574' title='bbox 2441 3575 2825 3635; x_wconf 89' lang='lat' dir='ltr'><strong>nuncupatur;</strong></span> <span class='ocrx_word' id='word_1_575' title='bbox 2864 3575 2919 3621; x_wconf 90' lang='lat' dir='ltr'><strong>et</strong></span> <span class='ocrx_word' id='word_1_576' title='bbox 2959 3566 3177 3635; x_wconf 80' lang='lat' dir='ltr'><strong>generis</strong></span> <span class='ocrx_word' id='word_1_577' title='bbox 3222 3567 3505 3620; x_wconf 68' lang='lat' dir='ltr'><strong>nominum</strong></span> 
     </span>
    </p>
   </div>
   <div class='ocr_carea' id='block_1_84' title="bbox 1934 3657 3510 3729">
    <p class='ocr_par' dir='ltr' id='par_1_84' title="bbox 1934 3657 3510 3729">
     <span class='ocr_line' id='line_1_85' title="bbox 1934 3657 3510 3729; baseline 0.001 -18"><span class='ocrx_word' id='word_1_578' title='bbox 1934 3657 2230 3713; x_wconf 80' lang='lat' dir='ltr'><strong>diversitas</strong></span> <span class='ocrx_word' id='word_1_579' title='bbox 2276 3673 2382 3712; x_wconf 89' lang='lat' dir='ltr'><strong>non</strong></span> <span class='ocrx_word' id='word_1_580' title='bbox 2438 3658 2544 3713; x_wconf 91' lang='lat' dir='ltr'><strong>fuit</strong></span> <span class='ocrx_word' id='word_1_581' title='bbox 2592 3659 3013 3728; x_wconf 88' lang='lat' dir='ltr'><strong>impedimento,</strong></span> <span class='ocrx_word' id='word_1_582' title='bbox 3054 3660 3347 3729; x_wconf 72' lang='lat' dir='ltr'><strong>quominus</strong></span> <span class='ocrx_word' id='word_1_583' title='bbox 3395 3660 3510 3712; x_wconf 70' lang='lat' dir='ltr'><strong>lucc</strong></span> 
     </span>
    </p>
   </div>
   <div class='ocr_carea' id='block_1_85' title="bbox 1934 3750 3509 3824">
    <p class='ocr_par' dir='ltr' id='par_1_85' title="bbox 1934 3750 3509 3824">
     <span class='ocr_line' id='line_1_86' title="bbox 1934 3750 3509 3824; baseline 0.001 -19"><span class='ocrx_word' id='word_1_584' title='bbox 1934 3751 2226 3821; x_wconf 88' lang='lat' dir='ltr'><strong>appellatio</strong></span> <span class='ocrx_word' id='word_1_585' title='bbox 2268 3750 2633 3816; x_wconf 90' lang='lat' dir='ltr'><strong>induceretur,</strong></span> <span class='ocrx_word' id='word_1_586' title='bbox 2664 3767 2826 3821; x_wconf 89' lang='lat' dir='ltr'><strong>quam</strong></span> <span class='ocrx_word' id='word_1_587' title='bbox 2879 3762 2933 3806; x_wconf 92' lang='lat' dir='ltr'><strong>et</strong></span> <span class='ocrx_word' id='word_1_588' title='bbox 2965 3752 3106 3807; x_wconf 91' lang='lat' dir='ltr'><strong>idem</strong></span> <span class='ocrx_word' id='word_1_589' title='bbox 3140 3753 3293 3807; x_wconf 82' lang='lat' dir='ltr'><strong>vocis</strong></span> <span class='ocrx_word' id='word_1_590' title='bbox 3336 3767 3509 3824; x_wconf 75' lang='lat' dir='ltr'><strong>genus</strong></span> 
     </span>
    </p>
   </div>
   <div class='ocr_carea' id='block_1_86' title="bbox 1936 3842 3508 3913">
    <p class='ocr_par' dir='ltr' id='par_1_86' title="bbox 1936 3842 3508 3913">
     <span class='ocr_line' id='line_1_87' title="bbox 1936 3842 3508 3913; baseline 0.001 -18"><span class='ocrx_word' id='word_1_591' title='bbox 1936 3856 2045 3895; x_wconf 91' lang='lat' dir='ltr'><strong>non</strong></span> <span class='ocrx_word' id='word_1_592' title='bbox 2099 3842 2600 3912; x_wconf 87' lang='lat' dir='ltr'><strong>complectebatur:</strong></span> <span class='ocrx_word' id='word_1_593' title='bbox 2636 3844 2747 3895; x_wconf 90' lang='lat' dir='ltr'><strong>imo</strong></span> <span class='ocrx_word' id='word_1_594' title='bbox 2782 3844 2954 3913; x_wconf 67' lang='lat' dir='ltr'><strong>magis</strong></span> <span class='ocrx_word' id='word_1_595' title='bbox 2998 3844 3305 3913; x_wconf 89' lang='lat' dir='ltr'><strong>perspicue,</strong></span> <span class='ocrx_word' id='word_1_596' title='bbox 3339 3859 3508 3913; x_wconf 86' lang='lat' dir='ltr'><strong>quam</strong></span> 
     </span>
    </p>
   </div>
   <div class='ocr_carea' id='block_1_87' title="bbox 1936 3934 3507 4005">
    <p class='ocr_par' dir='ltr' id='par_1_87' title="bbox 1936 3934 3507 4005">
     <span class='ocr_line' id='line_1_88' title="bbox 1936 3934 3507 4005; baseline -0.002 -16"><span class='ocrx_word' id='word_1_597' title='bbox 1936 3934 2062 3999; x_wconf 85' lang='lat' dir='ltr'><strong>hoc,</strong></span> <span class='ocrx_word' id='word_1_598' title='bbox 2097 3949 2201 3986; x_wconf 84' lang='lat' dir='ltr'><strong>vox</strong></span> <span class='ocrx_word' id='word_1_599' title='bbox 2245 3936 2504 3998; x_wconf 82' lang='lat' dir='ltr'><strong>essentia,</strong></span> <span class='ocrx_word' id='word_1_600' title='bbox 2550 3942 2672 3987; x_wconf 92' lang='lat' dir='ltr'><strong>utut</strong></span> <span class='ocrx_word' id='word_1_601' title='bbox 2710 3935 2777 3989; x_wconf 89' lang='lat' dir='ltr'><strong>ad</strong></span> <span class='ocrx_word' id='word_1_602' title='bbox 2822 3934 2968 3988; x_wconf 86' lang='lat' dir='ltr'><strong>aliud</strong></span> <span class='ocrx_word' id='word_1_603' title='bbox 3014 3950 3186 4005; x_wconf 73' lang='lat' dir='ltr'><strong>genus</strong></span> <span class='ocrx_word' id='word_1_604' title='bbox 3216 3935 3507 4004; x_wconf 81' lang='lat' dir='ltr'><strong>pertineat,</strong></span> 
     </span>
    </p>
   </div>
   <div class='ocr_carea' id='block_1_88' title="bbox 1936 4025 3509 4096">
    <p class='ocr_par' dir='ltr' id='par_1_88' title="bbox 1936 4025 3509 4096">
     <span class='ocr_line' id='line_1_89' title="bbox 1936 4025 3509 4096; baseline -0.001 -16"><span class='ocrx_word' id='word_1_605' title='bbox 1936 4034 2118 4081; x_wconf 84' lang='lat' dir='ltr'><strong>tamen</strong></span> <span class='ocrx_word' id='word_1_606' title='bbox 2150 4027 2455 4096; x_wconf 69' lang='lat' dir='ltr'><strong>arquojnre</strong></span> <span class='ocrx_word' id='word_1_607' title='bbox 2485 4026 2551 4080; x_wconf 82' lang='lat' dir='ltr'><strong>de</strong></span> <span class='ocrx_word' id='word_1_608' title='bbox 2582 4026 2760 4090; x_wconf 82' lang='lat' dir='ltr'><strong>Patre,</strong></span> <span class='ocrx_word' id='word_1_609' title='bbox 2795 4025 2955 4089; x_wconf 84' lang='lat' dir='ltr'><strong>Filio,</strong></span> <span class='ocrx_word' id='word_1_610' title='bbox 2986 4034 3041 4080; x_wconf 89' lang='lat' dir='ltr'><strong>et</strong></span> <span class='ocrx_word' id='word_1_611' title='bbox 3068 4025 3273 4094; x_wconf 89' lang='lat' dir='ltr'><strong>Spiritu</strong></span> <span class='ocrx_word' id='word_1_612' title='bbox 3316 4034 3509 4080; x_wconf 87' lang='lat' dir='ltr'><strong>sancto</strong></span> 
     </span>
    </p>
   </div>
   <div class='ocr_carea' id='block_1_89' title="bbox 1938 4116 3506 4188">
    <p class='ocr_par' dir='ltr' id='par_1_89' title="bbox 1938 4116 3506 4188">
     <span class='ocr_line' id='line_1_90' title="bbox 1938 4116 3506 4188; baseline -0.002 -15"><span class='ocrx_word' id='word_1_613' title='bbox 1938 4119 2262 4173; x_wconf 87' lang='lat' dir='ltr'><strong>enuntiatur</strong></span> <span class='ocrx_word' id='word_1_614' title='bbox 2287 4137 2301 4172; x_wconf 93' lang='lat'><strong>:</strong></span> <span class='ocrx_word' id='word_1_615' title='bbox 2335 4134 2431 4173; x_wconf 89' lang='lat' dir='ltr'><strong>eas</strong></span> <span class='ocrx_word' id='word_1_616' title='bbox 2461 4117 2730 4188; x_wconf 88' lang='lat' dir='ltr'><strong>siquidem</strong></span> <span class='ocrx_word' id='word_1_617' title='bbox 2760 4132 3025 4187; x_wconf 83' lang='lat' dir='ltr'><strong>personas</strong></span> <span class='ocrx_word' id='word_1_618' title='bbox 3052 4116 3229 4186; x_wconf 86' lang='lat' dir='ltr'><strong>ipsam</strong></span> <span class='ocrx_word' id='word_1_619' title='bbox 3261 4117 3506 4171; x_wconf 81' lang='lat' dir='ltr'><strong>divinam</strong></span> 
     </span>
    </p>
   </div>
   <div class='ocr_carea' id='block_1_90' title="bbox 1724 4211 3510 4285">
    <p class='ocr_par' dir='ltr' id='par_1_90' title="bbox 1724 4211 3510 4285">
     <span class='ocr_line' id='line_1_91' title="bbox 1724 4211 3510 4285; baseline -0.001 -16"><span class='ocrx_word' id='word_1_620' title='bbox 1724 4229 1901 4285; x_wconf 88' lang='lat' dir='ltr'><strong>neque</strong></span> <span class='ocrx_word' id='word_1_621' title='bbox 1938 4214 2156 4285; x_wconf 79' lang='lat' dir='ltr'><strong>generis</strong></span> <span class='ocrx_word' id='word_1_622' title='bbox 2196 4212 2489 4268; x_wconf 81' lang='lat' dir='ltr'><strong>diversitas</strong></span> <span class='ocrx_word' id='word_1_623' title='bbox 2538 4211 2813 4267; x_wconf 85' lang='lat' dir='ltr'><strong>hominem</strong></span> <span class='ocrx_word' id='word_1_624' title='bbox 2842 4212 2949 4267; x_wconf 89' lang='lat' dir='ltr'><strong>dici</strong></span> <span class='ocrx_word' id='word_1_625' title='bbox 2989 4211 3215 4277; x_wconf 88' lang='lat' dir='ltr'><strong>animal,</strong></span> <span class='ocrx_word' id='word_1_626' title='bbox 3247 4211 3329 4267; x_wconf 87' lang='lat' dir='ltr'><strong>vel</strong></span> <span class='ocrx_word' id='word_1_627' title='bbox 3374 4213 3510 4267; x_wconf 87' lang='lat' dir='ltr'><strong>sub-</strong></span> 
     </span>
    </p>
   </div>
   <div class='ocr_carea' id='block_1_91' title="bbox 1998 4396 3506 4470">
    <p class='ocr_par' dir='ltr' id='par_1_91' title="bbox 1998 4396 3506 4470">
     <span class='ocr_line' id='line_1_92' title="bbox 1998 4396 3506 4470; baseline 0 -18"><span class='ocrx_word' id='word_1_628' title='bbox 1998 4398 2139 4465; x_wconf 83' lang='lat' dir='ltr'><strong>Quid</strong></span> <span class='ocrx_word' id='word_1_629' title='bbox 2170 4414 2300 4470; x_wconf 80' lang='lat' dir='ltr'><strong>ergo</strong></span> <span class='ocrx_word' id='word_1_630' title='bbox 2340 4397 2631 4453; x_wconf 89' lang='lat' dir='ltr'><strong>dicendum</strong></span> <span class='ocrx_word' id='word_1_631' title='bbox 2678 4397 2960 4467; x_wconf 84' lang='lat' dir='ltr'><strong>superest?</strong></span> <span class='ocrx_word' id='word_1_632' title='bbox 2991 4397 3071 4449; x_wconf 79' lang='lat' dir='ltr'><strong>An</strong></span> <span class='ocrx_word' id='word_1_633' title='bbox 3106 4396 3272 4466; x_wconf 91' lang='lat' dir='ltr'><strong>quod,</strong></span> <span class='ocrx_word' id='word_1_634' title='bbox 3306 4412 3506 4468; x_wconf 76' lang='lat' dir='ltr'><strong>quem-</strong></span> 
     </span>
    </p>
   </div>
   <div class='ocr_carea' id='block_1_92' title="bbox 1767 4551 2000 4609">
    <p class='ocr_par' dir='ltr' id='par_1_92' title="bbox 1767 4551 2000 4609">
     <span class='ocr_line' id='line_1_93' title="bbox 1767 4551 2000 4609; baseline 0 -2"><span class='ocrx_word' id='word_1_635' title='bbox 1767 4551 2000 4609; x_wconf 69' lang='lat' dir='ltr'><strong>NOTAE.</strong></span> 
     </span>
    </p>
   </div>
   <div class='ocr_carea' id='block_1_93' title="bbox 476 4710 2270 4782">
    <p class='ocr_par' dir='ltr' id='par_1_93' title="bbox 476 4710 2270 4782">
     <span class='ocr_line' id='line_1_94' title="bbox 476 4710 2270 4782; baseline 0.001 -16"><span class='ocrx_word' id='word_1_636' title='bbox 476 4711 725 4769; x_wconf 83' lang='lat' dir='ltr'><strong>Profecto</strong></span> <span class='ocrx_word' id='word_1_637' title='bbox 751 4711 841 4767; x_wconf 93' lang='lat' dir='ltr'><strong>ubi</strong></span> <span class='ocrx_word' id='word_1_638' title='bbox 866 4712 934 4766; x_wconf 90' lang='lat' dir='ltr'><strong>de</strong></span> <span class='ocrx_word' id='word_1_639' title='bbox 963 4711 1162 4766; x_wconf 80' lang='lat' dir='ltr'><strong>divinis</strong></span> <span class='ocrx_word' id='word_1_640' title='bbox 1190 4712 1470 4782; x_wconf 85' lang='lat' dir='ltr'><strong>cperihus,</strong></span> <span class='ocrx_word' id='word_1_641' title='bbox 1502 4725 1566 4765; x_wconf 90' lang='lat' dir='ltr'><strong>ae</strong></span> <span class='ocrx_word' id='word_1_642' title='bbox 1588 4722 1820 4782; x_wconf 65' lang='lat' dir='ltr'><strong>prmser-</strong></span> <span class='ocrx_word' id='word_1_643' title='bbox 1852 4713 1900 4771; x_wconf 87' lang='lat' dir='ltr'><strong>D</strong></span> <span class='ocrx_word' id='word_1_644' title='bbox 1927 4710 2151 4767; x_wconf 86' lang='lat' dir='ltr'><strong>Cantica</strong></span> <span class='ocrx_word' id='word_1_645' title='bbox 2182 4713 2270 4769; x_wconf 79' lang='grc' dir='ltr'><strong>ϐο.</strong></span> 
     </span>
    </p>
   </div>
   <div class='ocr_carea' id='block_1_94' title="bbox 241 4712 1817 4852">
    <p class='ocr_par' dir='ltr' id='par_1_94' title="bbox 241 4712 1817 4852">
     <span class='ocr_line' id='line_1_95' title="bbox 321 4712 1817 4837; baseline -0.003 -72"><span class='ocrx_word' id='word_1_646' title='bbox 321 4712 435 4837; x_wconf 52' lang='grc'><strong>(443</strong></span> <span class='ocrx_word' id='word_1_647' title='bbox 476 4712 725 4769; x_wconf 84' lang='lat' dir='ltr'><strong>Profecto</strong></span> <span class='ocrx_word' id='word_1_648' title='bbox 751 4712 841 4767; x_wconf 94' lang='lat' dir='ltr'><strong>ubi</strong></span> <span class='ocrx_word' id='word_1_649' title='bbox 866 4712 934 4766; x_wconf 91' lang='lat' dir='ltr'><strong>de</strong></span> <span class='ocrx_word' id='word_1_650' title='bbox 963 4712 1162 4766; x_wconf 80' lang='lat' dir='ltr'><strong>divinis</strong></span> <span class='ocrx_word' id='word_1_651' title='bbox 1190 4712 1470 4782; x_wconf 85' lang='lat' dir='ltr'><strong>cperihus,</strong></span> <span class='ocrx_word' id='word_1_652' title='bbox 1502 4725 1566 4765; x_wconf 88' lang='lat' dir='ltr'><strong>ac</strong></span> <span class='ocrx_word' id='word_1_653' title='bbox 1588 4722 1817 4779; x_wconf 61' lang='lat' dir='ltr'><strong>prteser-</strong></span> 
     </span>
     <span class='ocr_line' id='line_1_96' title="bbox 241 4781 1817 4852; baseline -0.001 -16"><span class='ocrx_word' id='word_1_654' title='bbox 241 4783 345 4836; x_wconf 77' lang='lat' dir='ltr'><strong>tim</strong></span> <span class='ocrx_word' id='word_1_655' title='bbox 436 4799 467 4837; x_wconf 84' lang='lat' dir='ltr'><strong>e</strong></span> <span class='ocrx_word' id='word_1_656' title='bbox 514 4784 783 4838; x_wconf 86' lang='lat' dir='ltr'><strong>scelerum</strong></span> <span class='ocrx_word' id='word_1_657' title='bbox 837 4782 1199 4852; x_wconf 82' lang='lat' dir='ltr'><strong>permissione</strong></span> <span class='ocrx_word' id='word_1_658' title='bbox 1243 4797 1423 4837; x_wconf 87' lang='lat' dir='ltr'><strong>sermo</strong></span> <span class='ocrx_word' id='word_1_659' title='bbox 1470 4781 1817 4852; x_wconf 66' lang='lat' dir='ltr'><strong>instituitur:</strong></span> 
     </span>
    </p>
   </div>
   <div class='ocr_carea' id='block_1_95' title="bbox 241 4849 1819 4922">
    <p class='ocr_par' dir='ltr' id='par_1_95' title="bbox 241 4849 1819 4922">
     <span class='ocr_line' id='line_1_97' title="bbox 241 4849 1819 4922; baseline -0.002 -17"><span class='ocrx_word' id='word_1_660' title='bbox 241 4866 381 4922; x_wconf 82' lang='lat' dir='ltr'><strong>tunc</strong></span> <span class='ocrx_word' id='word_1_661' title='bbox 411 4853 681 4922; x_wconf 74' lang='lat' dir='ltr'><strong>przecipue</strong></span> <span class='ocrx_word' id='word_1_662' title='bbox 715 4849 862 4915; x_wconf 67' lang='lat' dir='ltr'><strong>sunt,</strong></span> <span class='ocrx_word' id='word_1_663' title='bbox 914 4852 989 4905; x_wconf 90' lang='lat' dir='ltr'><strong>uti</strong></span> <span class='ocrx_word' id='word_1_664' title='bbox 1013 4852 1297 4922; x_wconf 74' lang='lat' dir='ltr'><strong>scriptum</strong></span> <span class='ocrx_word' id='word_1_665' title='bbox 1331 4860 1414 4905; x_wconf 87' lang='lat' dir='ltr'><strong>est</strong></span> <span class='ocrx_word' id='word_1_666' title='bbox 1462 4849 1698 4922; x_wconf 81' lang='lat' dir='ltr'><strong>Sap._lx,</strong></span> <span class='ocrx_word' id='word_1_667' title='bbox 1719 4849 1819 4922; x_wconf 74' lang='lat' dir='ltr'><strong>_l4.</strong></span> 
     </span>
    </p>
   </div>
   <div class='ocr_carea' id='block_1_96' title="bbox 242 4920 1822 4992">
    <p class='ocr_par' dir='ltr' id='par_1_96' title="bbox 242 4920 1822 4992">
     <span class='ocr_line' id='line_1_98' title="bbox 242 4920 1822 4992; baseline -0.001 -15"><span class='ocrx_word' id='word_1_668' title='bbox 242 4920 605 4992; x_wconf 67' lang='lat' dir='ltr'><strong>Cogitationes</strong></span> <span class='ocrx_word' id='word_1_669' title='bbox 624 4923 890 4975; x_wconf 82' lang='lat' dir='ltr'><strong><em>hominum</em></strong></span> <span class='ocrx_word' id='word_1_670' title='bbox 908 4920 1130 4987; x_wconf 68' lang='lat' dir='ltr'><strong>timidae,</strong></span> <span class='ocrx_word' id='word_1_671' title='bbox 1143 4931 1192 4974; x_wconf 86' lang='lat' dir='ltr'><strong>et</strong></span> <span class='ocrx_word' id='word_1_672' title='bbox 1209 4922 1422 4975; x_wconf 79' lang='lat' dir='ltr'><strong>incerta:</strong></span> <span class='ocrx_word' id='word_1_673' title='bbox 1435 4920 1778 4988; x_wconf 72' lang='lat' dir='ltr'><strong>providentia:</strong></span> <span class='ocrx_word' id='word_1_674' title='bbox 1802 4936 1822 4976; x_wconf 89' lang='lat'><strong><em>:</em></strong></span> 
     </span>
    </p>
   </div>
   <div class='ocr_carea' id='block_1_97' title="bbox 242 4992 1823 5061">
    <p class='ocr_par' dir='ltr' id='par_1_97' title="bbox 242 4992 1823 5061">
     <span class='ocr_line' id='line_1_99' title="bbox 242 4992 1823 5061; baseline -0.003 -15"><span class='ocrx_word' id='word_1_675' title='bbox 242 4994 414 5061; x_wconf 84' lang='lat' dir='ltr'><strong>idque</strong></span> <span class='ocrx_word' id='word_1_676' title='bbox 449 4994 699 5048; x_wconf 75' lang='lat' dir='ltr'><strong>humana:</strong></span> <span class='ocrx_word' id='word_1_677' title='bbox 740 4994 907 5046; x_wconf 86' lang='lat' dir='ltr'><strong>menti</strong></span> <span class='ocrx_word' id='word_1_678' title='bbox 938 4992 1166 5045; x_wconf 90' lang='lat' dir='ltr'><strong>omnino</strong></span> <span class='ocrx_word' id='word_1_679' title='bbox 1200 4992 1526 5061; x_wconf 79' lang='lat' dir='ltr'><strong>impervium</strong></span> <span class='ocrx_word' id='word_1_680' title='bbox 1553 5006 1673 5044; x_wconf 85' lang='lat' dir='ltr'><strong>esse</strong></span> <span class='ocrx_word' id='word_1_681' title='bbox 1702 4992 1823 5058; x_wconf 86' lang='lat' dir='ltr'><strong>plu-</strong></span> 
     </span>
    </p>
   </div>
   <div class='ocr_carea' id='block_1_98' title="bbox 245 5059 1819 5133">
    <p class='ocr_par' dir='ltr' id='par_1_98' title="bbox 245 5059 1819 5133">
     <span class='ocr_line' id='line_1_100' title="bbox 245 5059 1819 5133; baseline -0.002 -17"><span class='ocrx_word' id='word_1_682' title='bbox 245 5059 360 5133; x_wconf 25' lang='lat' dir='ltr'><strong>rie‘s</strong></span> <span class='ocrx_word' id='word_1_683' title='bbox 380 5063 585 5133; x_wconf 79' lang='lat' dir='ltr'><strong>docuit</strong></span> <span class='ocrx_word' id='word_1_684' title='bbox 626 5064 941 5133; x_wconf 86' lang='lat' dir='ltr'><strong>Apostolus,</strong></span> <span class='ocrx_word' id='word_1_685' title='bbox 973 5061 1133 5115; x_wconf 82' lang='lat' dir='ltr'><strong>Rom.</strong></span> <span class='ocrx_word' id='word_1_686' title='bbox 1164 5077 1239 5133; x_wconf 72' lang='grc' dir='ltr'><strong>χι,</strong></span> <span class='ocrx_word' id='word_1_687' title='bbox 1282 5059 1584 5133; x_wconf 74' lang='grc' dir='ltr'><strong>55;Ι(]οι·.</strong></span> <span class='ocrx_word' id='word_1_688' title='bbox 1638 5076 1694 5123; x_wconf 89' lang='grc' dir='ltr'><strong>ιι,</strong></span> <span class='ocrx_word' id='word_1_689' title='bbox 1731 5060 1819 5113; x_wconf 79' lang='grc'><strong>16.</strong></span> 
     </span>
    </p>
   </div>
   <div class='ocr_carea' id='block_1_99' title="bbox 246 5130 1829 5196">
    <p class='ocr_par' dir='ltr' id='par_1_99' title="bbox 246 5130 1829 5196">
     <span class='ocr_line' id='line_1_101' title="bbox 246 5130 1829 5196; baseline -0.001 -11"><span class='ocrx_word' id='word_1_690' title='bbox 246 5132 432 5185; x_wconf 67' lang='lat' dir='ltr'><strong>Nihilo</strong></span> <span class='ocrx_word' id='word_1_691' title='bbox 478 5130 883 5186; x_wconf 54' lang='lat' dir='ltr'><strong>tamen&#39;minus</strong></span> <span class='ocrx_word' id='word_1_692' title='bbox 926 5134 1167 5187; x_wconf 86' lang='lat' dir='ltr'><strong>rationes</strong></span> <span class='ocrx_word' id='word_1_693' title='bbox 1209 5132 1333 5196; x_wconf 61' lang='lat' dir='ltr'><strong>illic,</strong></span> <span class='ocrx_word' id='word_1_694' title='bbox 1370 5141 1427 5183; x_wconf 87' lang='lat' dir='ltr'><strong>ut</strong></span> <span class='ocrx_word' id='word_1_695' title='bbox 1476 5130 1651 5193; x_wconf 87' lang='lat' dir='ltr'><strong>aiunt,</strong></span> <span class='ocrx_word' id='word_1_696' title='bbox 1696 5146 1829 5183; x_wconf 92' lang='lat' dir='ltr'><strong>con-</strong></span> 
     </span>
    </p>
   </div>
   <div class='ocr_carea' id='block_1_100' title="bbox 247 5199 1825 5269">
    <p class='ocr_par' dir='ltr' id='par_1_100' title="bbox 247 5199 1825 5269">
     <span class='ocr_line' id='line_1_102' title="bbox 247 5199 1825 5269; baseline -0.001 -16"><span class='ocrx_word' id='word_1_697' title='bbox 247 5203 531 5269; x_wconf 54' lang='lat' dir='ltr'><strong>gruentia,</strong></span> <span class='ocrx_word' id='word_1_698' title='bbox 557 5217 695 5267; x_wconf 91' lang='lat' dir='ltr'><strong>quas</strong></span> <span class='ocrx_word' id='word_1_699' title='bbox 718 5201 944 5256; x_wconf 87' lang='lat' dir='ltr'><strong>Photius</strong></span> <span class='ocrx_word' id='word_1_700' title='bbox 968 5202 1142 5268; x_wconf 69' lang='lat' dir='ltr'><strong>affert,</strong></span> <span class='ocrx_word' id='word_1_701' title='bbox 1174 5205 1243 5256; x_wconf 90' lang='lat' dir='ltr'><strong>ab</strong></span> <span class='ocrx_word' id='word_1_702' title='bbox 1268 5204 1355 5267; x_wconf 88' lang='lat' dir='ltr'><strong>iis,</strong></span> <span class='ocrx_word' id='word_1_703' title='bbox 1380 5216 1500 5269; x_wconf 70' lang='lat' dir='ltr'><strong>qua:</strong></span> <span class='ocrx_word' id='word_1_704' title='bbox 1523 5201 1577 5253; x_wconf 90' lang='lat' dir='ltr'><strong>in</strong></span> <span class='ocrx_word' id='word_1_705' title='bbox 1604 5199 1825 5269; x_wconf 59' lang='lat' dir='ltr'><strong>Patrum</strong></span> 
     </span>
    </p>
   </div>
   <div class='ocr_carea' id='block_1_101' title="bbox 249 5268 1827 5339">
    <p class='ocr_par' dir='ltr' id='par_1_101' title="bbox 249 5268 1827 5339">
     <span class='ocr_line' id='line_1_103' title="bbox 249 5268 1827 5339; baseline 0.001 -18"><span class='ocrx_word' id='word_1_706' title='bbox 249 5268 507 5339; x_wconf 78' lang='lat' dir='ltr'><strong>operibus</strong></span> <span class='ocrx_word' id='word_1_707' title='bbox 572 5285 889 5333; x_wconf 78' lang='lat' dir='ltr'><strong>occurrunt,</strong></span> <span class='ocrx_word' id='word_1_708' title='bbox 947 5288 1055 5326; x_wconf 87' lang='lat' dir='ltr'><strong>non</strong></span> <span class='ocrx_word' id='word_1_709' title='bbox 1111 5274 1276 5325; x_wconf 85' lang='lat' dir='ltr'><strong>nimis</strong></span> <span class='ocrx_word' id='word_1_710' title='bbox 1346 5268 1567 5325; x_wconf 84' lang='lat' dir='ltr'><strong>absunt.</strong></span> <span class='ocrx_word' id='word_1_711' title='bbox 1618 5268 1827 5325; x_wconf 86' lang='lat' dir='ltr'><strong>Videsis</strong></span> 
     </span>
    </p>
   </div>
   <div class='ocr_carea' id='block_1_102' title="bbox 251 5341 1826 5409">
    <p class='ocr_par' dir='ltr' id='par_1_102' title="bbox 251 5341 1826 5409">
     <span class='ocr_line' id='line_1_104' title="bbox 251 5341 1826 5409; baseline 0.001 -17"><span class='ocrx_word' id='word_1_712' title='bbox 251 5342 397 5393; x_wconf 85' lang='lat' dir='ltr'><strong>inter</strong></span> <span class='ocrx_word' id='word_1_713' title='bbox 434 5341 652 5395; x_wconf 62' lang='lat' dir='ltr'><strong>Grmcos</strong></span> <span class='ocrx_word' id='word_1_714' title='bbox 700 5342 961 5395; x_wconf 69' lang='lat' dir='ltr'><strong>Irenaeum</strong></span> <span class='ocrx_word' id='word_1_715' title='bbox 1001 5358 1083 5403; x_wconf 88' lang='grc' dir='ltr'>ιιι,</span> <span class='ocrx_word' id='word_1_716' title='bbox 1116 5343 1169 5394; x_wconf 78' lang='grc'><strong>4.</strong></span> <span class='ocrx_word' id='word_1_717' title='bbox 1218 5341 1359 5395; x_wconf 83' lang='lat' dir='ltr'><strong>Just.</strong></span> <span class='ocrx_word' id='word_1_718' title='bbox 1391 5350 1585 5409; x_wconf 67' lang='lat' dir='ltr'><strong>quaest.</strong></span> <span class='ocrx_word' id='word_1_719' title='bbox 1630 5342 1715 5402; x_wconf 82' lang='grc'><strong>15,</strong></span> <span class='ocrx_word' id='word_1_720' title='bbox 1758 5342 1826 5393; x_wconf 86' lang='lat' dir='ltr'><strong>ad</strong></span> 
     </span>
    </p>
   </div>
   <div class='ocr_carea' id='block_1_103' title="bbox 243 5410 1824 5481">
    <p class='ocr_par' dir='ltr' id='par_1_103' title="bbox 243 5410 1824 5481">
     <span class='ocr_line' id='line_1_105' title="bbox 243 5410 1824 5481; baseline -0.001 -16"><span class='ocrx_word' id='word_1_721' title='bbox 243 5410 407 5465; x_wconf 77' lang='lat' dir='ltr'><strong>Ortlt.</strong></span> <span class='ocrx_word' id='word_1_722' title='bbox 448 5411 594 5479; x_wconf 84' lang='lat' dir='ltr'><strong>Orig.</strong></span> <span class='ocrx_word' id='word_1_723' title='bbox 633 5412 778 5464; x_wconf 86' lang='lat' dir='ltr'><strong>hom.</strong></span> <span class='ocrx_word' id='word_1_724' title='bbox 831 5413 883 5464; x_wconf 92' lang='lat' dir='ltr'><strong>in</strong></span> <span class='ocrx_word' id='word_1_725' title='bbox 936 5412 1125 5466; x_wconf 85' lang='lat' dir='ltr'><strong>Matth.</strong></span> <span class='ocrx_word' id='word_1_726' title='bbox 1159 5411 1443 5481; x_wconf 67' lang='lat' dir='ltr'><strong>Cltrysrist.</strong></span> <span class='ocrx_word' id='word_1_727' title='bbox 1496 5414 1643 5463; x_wconf 74' lang='lat' dir='ltr'><strong>born.</strong></span> <span class='ocrx_word' id='word_1_728' title='bbox 1687 5411 1722 5462; x_wconf 74' lang='lat'><strong>2</strong></span> <span class='ocrx_word' id='word_1_729' title='bbox 1770 5410 1824 5464; x_wconf 86' lang='lat' dir='ltr'><strong>in</strong></span> 
     </span>
    </p>
   </div>
   <div class='ocr_carea' id='block_1_104' title="bbox 242 5480 1825 5547">
    <p class='ocr_par' dir='ltr' id='par_1_104' title="bbox 242 5480 1825 5547">
     <span class='ocr_line' id='line_1_106' title="bbox 242 5480 1825 5547; baseline 0 -16"><span class='ocrx_word' id='word_1_730' title='bbox 242 5497 368 5533; x_wconf 79' lang='lat' dir='ltr'><strong>var.</strong></span> <span class='ocrx_word' id='word_1_731' title='bbox 412 5482 505 5534; x_wconf 81' lang='lat' dir='ltr'><strong>Ev.</strong></span> <span class='ocrx_word' id='word_1_732' title='bbox 542 5483 833 5535; x_wconf 71' lang='lat' dir='ltr'><strong>Eusebium</strong></span> <span class='ocrx_word' id='word_1_733' title='bbox 866 5482 1139 5535; x_wconf 88' lang='lat' dir='ltr'><strong>Emissen.</strong></span> <span class='ocrx_word' id='word_1_734' title='bbox 1168 5500 1184 5547; x_wconf 86' lang='lat'><strong>;</strong></span> <span class='ocrx_word' id='word_1_735' title='bbox 1218 5480 1360 5535; x_wconf 89' lang='lat' dir='ltr'><strong>inter</strong></span> <span class='ocrx_word' id='word_1_736' title='bbox 1389 5480 1613 5534; x_wconf 88' lang='lat' dir='ltr'><strong>Latinos</strong></span> <span class='ocrx_word' id='word_1_737' title='bbox 1644 5492 1825 5534; x_wconf 88' lang='lat' dir='ltr'><strong>autem</strong></span> 
     </span>
    </p>
   </div>
   <div class='ocr_carea' id='block_1_105' title="bbox 243 5550 1826 5621">
    <p class='ocr_par' dir='ltr' id='par_1_105' title="bbox 243 5550 1826 5621">
     <span class='ocr_line' id='line_1_107' title="bbox 243 5550 1826 5621; baseline 0 -18"><span class='ocrx_word' id='word_1_738' title='bbox 243 5551 603 5618; x_wconf 60' lang='lat' dir='ltr'><strong>Auginum;</strong></span> <span class='ocrx_word' id='word_1_739' title='bbox 648 5556 714 5604; x_wconf 90' lang='lat' dir='ltr'><strong>de</strong></span> <span class='ocrx_word' id='word_1_740' title='bbox 742 5555 975 5621; x_wconf 81' lang='lat' dir='ltr'><strong>exposit.</strong></span> <span class='ocrx_word' id='word_1_741' title='bbox 1014 5550 1205 5621; x_wconf 76' lang='lat' dir='ltr'><strong>Symb.</strong></span> <span class='ocrx_word' id='word_1_742' title='bbox 1237 5552 1287 5614; x_wconf 72' lang='grc'><strong>4,</strong></span> <span class='ocrx_word' id='word_1_743' title='bbox 1332 5560 1388 5605; x_wconf 90' lang='lat' dir='ltr'><strong>et</strong></span> <span class='ocrx_word' id='word_1_744' title='bbox 1446 5551 1625 5621; x_wconf 81' lang='lat' dir='ltr'><strong>Serm.</strong></span> <span class='ocrx_word' id='word_1_745' title='bbox 1678 5552 1711 5605; x_wconf 87' lang='lat'>8</span> <span class='ocrx_word' id='word_1_746' title='bbox 1758 5552 1826 5603; x_wconf 84' lang='lat' dir='ltr'><strong>de</strong></span> 
     </span>
    </p>
   </div>
   <div class='ocr_carea' id='block_1_106' title="bbox 245 5620 1827 5691">
    <p class='ocr_par' dir='ltr' id='par_1_106' title="bbox 245 5620 1827 5691">
     <span class='ocr_line' id='line_1_108' title="bbox 245 5620 1827 5691; baseline -0.001 -17"><span class='ocrx_word' id='word_1_747' title='bbox 245 5622 480 5680; x_wconf 76' lang='lat' dir='ltr'><strong>Sanctis,</strong></span> <span class='ocrx_word' id='word_1_748' title='bbox 510 5621 674 5691; x_wconf 75' lang='lat' dir='ltr'><strong>Prud.</strong></span> <span class='ocrx_word' id='word_1_749' title='bbox 721 5620 908 5691; x_wconf 59' lang='grc' dir='ltr'>Ιιδιιιιι.</span> <span class='ocrx_word' id='word_1_750' title='bbox 940 5620 1133 5690; x_wconf 80' lang='lat' dir='ltr'><strong>Epiplt.</strong></span> <span class='ocrx_word' id='word_1_751' title='bbox 1167 5620 1416 5690; x_wconf 79' lang='lat' dir='ltr'><strong>Fulgent.</strong></span> <span class='ocrx_word' id='word_1_752' title='bbox 1452 5623 1520 5691; x_wconf 81' lang='lat' dir='ltr'><strong>de</strong></span> <span class='ocrx_word' id='word_1_753' title='bbox 1557 5620 1750 5691; x_wconf 86' lang='lat' dir='ltr'><strong>Epiph.</strong></span> <span class='ocrx_word' id='word_1_754' title='bbox 1773 5629 1827 5691; x_wconf 75' lang='lat' dir='ltr'><strong>ct</strong></span> 
     </span>
    </p>
   </div>
   <div class='ocr_carea' id='block_1_107' title="bbox 249 5689 1822 5756">
    <p class='ocr_par' dir='ltr' id='par_1_107' title="bbox 249 5689 1822 5756">
     <span class='ocr_line' id='line_1_109' title="bbox 249 5689 1822 5756; baseline -0.001 -13"><span class='ocrx_word' id='word_1_755' title='bbox 249 5691 433 5743; x_wconf 78' lang='lat' dir='ltr'><strong>librot</strong></span> <span class='ocrx_word' id='word_1_756' title='bbox 484 5691 555 5744; x_wconf 79' lang='lat' dir='ltr'><strong>De</strong></span> <span class='ocrx_word' id='word_1_757' title='bbox 586 5689 720 5743; x_wconf 77' lang='lat' dir='ltr'><strong>Fide</strong></span> <span class='ocrx_word' id='word_1_758' title='bbox 766 5689 834 5742; x_wconf 74' lang='lat' dir='ltr'><strong><em>m1</em></strong></span> <span class='ocrx_word' id='word_1_759' title='bbox 876 5689 1091 5745; x_wconf 80' lang='lat' dir='ltr'><strong>Petrum</strong></span> <span class='ocrx_word' id='word_1_760' title='bbox 1128 5691 1161 5744; x_wconf 78' lang='lat'><strong>3</strong></span> <span class='ocrx_word' id='word_1_761' title='bbox 1207 5689 1408 5756; x_wconf 26' lang='lat' dir='ltr'><strong>et’59;</strong></span> <span class='ocrx_word' id='word_1_762' title='bbox 1449 5690 1578 5743; x_wconf 83' lang='lat' dir='ltr'><strong>Leo.</strong></span> <span class='ocrx_word' id='word_1_763' title='bbox 1608 5689 1772 5743; x_wconf 74' lang='lat' dir='ltr'><strong>serm.</strong></span> <span class='ocrx_word' id='word_1_764' title='bbox 1806 5690 1822 5742; x_wconf 90' lang='grc' dir='ltr'><strong>Ι</strong></span> 
     </span>
    </p>
   </div>
   <div class='ocr_carea' id='block_1_108' title="bbox 248 5758 1821 5830">
    <p class='ocr_par' dir='ltr' id='par_1_108' title="bbox 248 5758 1821 5830">
     <span class='ocr_line' id='line_1_110' title="bbox 248 5758 1821 5830; baseline -0.001 -15"><span class='ocrx_word' id='word_1_765' title='bbox 248 5760 320 5815; x_wconf 86' lang='lat' dir='ltr'><strong>de</strong></span> <span class='ocrx_word' id='word_1_766' title='bbox 368 5758 561 5830; x_wconf 82' lang='lat' dir='ltr'><strong>Epipb.</strong></span> <span class='ocrx_word' id='word_1_767' title='bbox 599 5759 861 5815; x_wconf 82' lang='lat' dir='ltr'><strong>Bernard.</strong></span> <span class='ocrx_word' id='word_1_768' title='bbox 908 5776 1077 5817; x_wconf 86' lang='lat' dir='ltr'><strong>sertu.</strong></span> <span class='ocrx_word' id='word_1_769' title='bbox 1127 5761 1195 5818; x_wconf 83' lang='lat' dir='ltr'><strong>de</strong></span> <span class='ocrx_word' id='word_1_770' title='bbox 1240 5761 1404 5817; x_wconf 89' lang='lat' dir='ltr'><strong>lnnoc</strong></span> <span class='ocrx_word' id='word_1_771' title='bbox 1460 5770 1513 5815; x_wconf 89' lang='lat' dir='ltr'><strong>ct</strong></span> <span class='ocrx_word' id='word_1_772' title='bbox 1546 5760 1733 5816; x_wconf 90' lang='lat' dir='ltr'><strong>bomil.</strong></span> <span class='ocrx_word' id='word_1_773' title='bbox 1766 5761 1821 5813; x_wconf 90' lang='lat' dir='ltr'><strong>in</strong></span> 
     </span>
    </p>
   </div>
   <div class='ocr_carea' id='block_1_109' title="bbox 2000 4782 3507 4854">
    <p class='ocr_par' dir='ltr' id='par_1_109' title="bbox 2000 4782 3507 4854">
     <span class='ocr_line' id='line_1_111' title="bbox 2000 4782 3507 4854; baseline -0.002 -18"><span class='ocrx_word' id='word_1_774' title='bbox 2000 4782 2265 4837; x_wconf 68' lang='lat' dir='ltr'><strong>Caeterum</strong></span> <span class='ocrx_word' id='word_1_775' title='bbox 2321 4801 2417 4854; x_wconf 84' lang='lat' dir='ltr'><strong>per</strong></span> <span class='ocrx_word' id='word_1_776' title='bbox 2467 4782 2840 4837; x_wconf 90' lang='lat' dir='ltr'><strong>Innocentium</strong></span> <span class='ocrx_word' id='word_1_777' title='bbox 2898 4783 3135 4854; x_wconf 62' lang='lat' dir='ltr'><strong>cavlem_,</strong></span> <span class='ocrx_word' id='word_1_778' title='bbox 3178 4782 3270 4854; x_wconf 76' lang='lat' dir='ltr'><strong>uti</strong></span> <span class='ocrx_word' id='word_1_779' title='bbox 3321 4788 3507 4854; x_wconf 63' lang='lat' dir='ltr'><strong>mouet</strong></span> 
     </span>
    </p>
   </div>
   <div class='ocr_carea' id='block_1_110' title="bbox 1931 4846 3507 4917">
    <p class='ocr_par' dir='ltr' id='par_1_110' title="bbox 1931 4846 3507 4917">
     <span class='ocr_line' id='line_1_112' title="bbox 1931 4846 3507 4917; baseline -0.003 -12"><span class='ocrx_word' id='word_1_780' title='bbox 1931 4852 2182 4917; x_wconf 87' lang='lat' dir='ltr'><strong>historia,</strong></span> <span class='ocrx_word' id='word_1_781' title='bbox 2242 4846 2443 4909; x_wconf 77' lang='lat' dir='ltr'><strong>factum</strong></span> <span class='ocrx_word' id='word_1_782' title='bbox 2494 4865 2593 4916; x_wconf 91' lang='lat' dir='ltr'><strong>est,</strong></span> <span class='ocrx_word' id='word_1_783' title='bbox 2631 4863 2689 4905; x_wconf 92' lang='lat' dir='ltr'><strong>ut</strong></span> <span class='ocrx_word' id='word_1_784' title='bbox 2720 4868 2828 4906; x_wconf 92' lang='lat' dir='ltr'><strong>non</strong></span> <span class='ocrx_word' id='word_1_785' title='bbox 2885 4854 3058 4906; x_wconf 84' lang='lat' dir='ltr'><strong>solum</strong></span> <span class='ocrx_word' id='word_1_786' title='bbox 3088 4850 3283 4915; x_wconf 76' lang='lat' dir='ltr'><strong>Jud:ei,</strong></span> <span class='ocrx_word' id='word_1_787' title='bbox 3324 4859 3377 4901; x_wconf 84' lang='lat' dir='ltr'><strong>et</strong></span> <span class='ocrx_word' id='word_1_788' title='bbox 3407 4846 3507 4901; x_wconf 78' lang='lat' dir='ltr'><strong>Sa-</strong></span> 
     </span>
    </p>
   </div>
   <div class='ocr_carea' id='block_1_111' title="bbox 1930 4920 3502 4996">
    <p class='ocr_par' dir='ltr' id='par_1_111' title="bbox 1930 4920 3502 4996">
     <span class='ocr_line' id='line_1_113' title="bbox 1930 4920 3502 4996; baseline -0.004 -20"><span class='ocrx_word' id='word_1_789' title='bbox 1930 4924 2210 4996; x_wconf 74' lang='lat' dir='ltr'><strong>maritam,</strong></span> <span class='ocrx_word' id='word_1_790' title='bbox 2262 4926 2355 4979; x_wconf 85' lang='lat' dir='ltr'><strong>sed</strong></span> <span class='ocrx_word' id='word_1_791' title='bbox 2386 4934 2572 4996; x_wconf 81' lang='lat' dir='ltr'><strong>gentes</strong></span> <span class='ocrx_word' id='word_1_792' title='bbox 2608 4938 2745 4996; x_wconf 85' lang='lat' dir='ltr'><strong>pene</strong></span> <span class='ocrx_word' id='word_1_793' title='bbox 2798 4936 3002 4996; x_wconf 79' lang='lat' dir='ltr'><strong>omnes</strong></span> <span class='ocrx_word' id='word_1_794' title='bbox 3048 4931 3292 4996; x_wconf 78' lang='lat' dir='ltr'><strong>tempus_</strong></span> <span class='ocrx_word' id='word_1_795' title='bbox 3320 4920 3502 4988; x_wconf 82' lang='lat' dir='ltr'><strong>magni</strong></span> 
     </span>
    </p>
   </div>
   <div class='ocr_carea' id='block_1_112' title="bbox 1931 4988 3504 5068">
    <p class='ocr_par' dir='ltr' id='par_1_112' title="bbox 1931 4988 3504 5068">
     <span class='ocr_line' id='line_1_114' title="bbox 1931 4988 3504 5068; baseline -0.004 -23"><span class='ocrx_word' id='word_1_796' title='bbox 1931 4993 2074 5068; x_wconf 84' lang='lat' dir='ltr'><strong>illius</strong></span> <span class='ocrx_word' id='word_1_797' title='bbox 2106 4992 2337 5068; x_wconf 68' lang='lat' dir='ltr'><strong>hlessize,</strong></span> <span class='ocrx_word' id='word_1_798' title='bbox 2370 4988 2692 5068; x_wconf 51' lang='lat' dir='ltr'><strong>qvuijamdiu</strong></span> <span class='ocrx_word' id='word_1_799' title='bbox 2733 4988 3176 5068; x_wconf 48' lang='lat' dir='ltr'><strong>cnspectabatur,</strong></span> <span class='ocrx_word' id='word_1_800' title='bbox 3204 5006 3232 5068; x_wconf 85' lang='lat' dir='ltr'><strong>a</strong></span> <span class='ocrx_word' id='word_1_801' title='bbox 3258 4988 3504 5068; x_wconf 62' lang='lat' dir='ltr'><strong>Prophe-</strong></span> 
     </span>
    </p>
   </div>
   <div class='ocr_carea' id='block_1_113' title="bbox 1932 5059 3502 5131">
    <p class='ocr_par' dir='ltr' id='par_1_113' title="bbox 1932 5059 3502 5131">
     <span class='ocr_line' id='line_1_115' title="bbox 1932 5059 3502 5131; baseline -0.003 -16"><span class='ocrx_word' id='word_1_802' title='bbox 1932 5064 2000 5116; x_wconf 89' lang='lat' dir='ltr'><strong>lis</strong></span> <span class='ocrx_word' id='word_1_803' title='bbox 2030 5065 2344 5131; x_wconf 71' lang='lat' dir='ltr'><strong>praedictum</strong></span> <span class='ocrx_word' id='word_1_804' title='bbox 2382 5059 2668 5118; x_wconf 82' lang='lat' dir='ltr'><strong>advenisse</strong></span> <span class='ocrx_word' id='word_1_805' title='bbox 2692 5063 2963 5122; x_wconf 88' lang='lat' dir='ltr'><strong>audirent,</strong></span> <span class='ocrx_word' id='word_1_806' title='bbox 3018 5070 3183 5130; x_wconf 88' lang='lat' dir='ltr'><strong>atque</strong></span> <span class='ocrx_word' id='word_1_807' title='bbox 3206 5064 3277 5113; x_wconf 90' lang='lat' dir='ltr'><strong>ita</strong></span> <span class='ocrx_word' id='word_1_808' title='bbox 3305 5059 3502 5129; x_wconf 51' lang='lat' dir='ltr'><strong>prati-</strong></span> 
     </span>
    </p>
   </div>
   <div class='ocr_carea' id='block_1_114' title="bbox 1930 5134 3005 5201">
    <p class='ocr_par' dir='ltr' id='par_1_114' title="bbox 1930 5134 3005 5201">
     <span class='ocr_line' id='line_1_116' title="bbox 1930 5134 3005 5201; baseline -0.004 -15"><span class='ocrx_word' id='word_1_809' title='bbox 1930 5134 2132 5186; x_wconf 86' lang='lat' dir='ltr'><strong>cationi</strong></span> <span class='ocrx_word' id='word_1_810' title='bbox 2165 5136 2491 5201; x_wconf 71' lang='lat' dir='ltr'><strong>evangelica:</strong></span> <span class='ocrx_word' id='word_1_811' title='bbox 2524 5136 2608 5187; x_wconf 86' lang='lat' dir='ltr'><strong>via</strong></span> <span class='ocrx_word' id='word_1_812' title='bbox 2650 5141 3005 5187; x_wconf 85' lang='lat' dir='ltr'><strong>sterneretur.</strong></span> 
     </span>
    </p>
   </div>
   <div class='ocr_carea' id='block_1_115' title="bbox 2001 5198 3501 5273">
    <p class='ocr_par' dir='ltr' id='par_1_115' title="bbox 2001 5198 3501 5273">
     <span class='ocr_line' id='line_1_117' title="bbox 2001 5198 3501 5273; baseline -0.006 -16"><span class='ocrx_word' id='word_1_813' title='bbox 2001 5204 2114 5273; x_wconf 71' lang='grc'>(45)</span> <span class='ocrx_word' id='word_1_814' title='bbox 2137 5203 2189 5256; x_wconf 94' lang='lat' dir='ltr'><strong>In</strong></span> <span class='ocrx_word' id='word_1_815' title='bbox 2215 5198 2549 5273; x_wconf 81' lang='lat' dir='ltr'><strong>Coisliniano</strong></span> <span class='ocrx_word' id='word_1_816' title='bbox 2576 5203 2762 5273; x_wconf 84' lang='lat' dir='ltr'><strong>codice</strong></span> <span class='ocrx_word' id='word_1_817' title='bbox 2790 5202 2984 5273; x_wconf 80' lang='lat' dir='ltr'><strong>legitur</strong></span> <span class='ocrx_word' id='word_1_818' title='bbox 3003 5200 3111 5252; x_wconf 79' lang='grc' dir='ltr'>οὐδ’</span> <span class='ocrx_word' id='word_1_819' title='bbox 3131 5199 3247 5268; x_wconf 72' lang='grc' dir='ltr'><strong>ἅμα</strong></span> <span class='ocrx_word' id='word_1_820' title='bbox 3265 5199 3331 5273; x_wconf 65' lang='grc' dir='ltr'>τὰ</span> <span class='ocrx_word' id='word_1_821' title='bbox 3353 5198 3501 5273; x_wconf 57' lang='lat' dir='ltr'><strong>cpia,</strong></span> 
     </span>
    </p>
   </div>
   <div class='ocr_carea' id='block_1_116' title="bbox 1929 5243 3505 5342">
    <p class='ocr_par' dir='ltr' id='par_1_116' title="bbox 1929 5243 3505 5342">
     <span class='ocr_line' id='line_1_118' title="bbox 1929 5243 3505 5342; baseline -0.004 -16"><span class='ocrx_word' id='word_1_822' title='bbox 1929 5243 2072 5326; x_wconf 60' lang='lat' dir='ltr'><strong>et\in</strong></span> <span class='ocrx_word' id='word_1_823' title='bbox 2099 5243 2361 5328; x_wconf 54' lang='lat' dir='ltr'><strong>[Vaticano</strong></span> <span class='ocrx_word' id='word_1_824' title='bbox 2382 5272 2498 5327; x_wconf 80' lang='grc' dir='ltr'><strong>ἀλλ’</strong></span> <span class='ocrx_word' id='word_1_825' title='bbox 2519 5273 2627 5326; x_wconf 76' lang='grc' dir='ltr'>οὐδ’</span> <span class='ocrx_word' id='word_1_826' title='bbox 2658 5272 2774 5342; x_wconf 75' lang='grc' dir='ltr'><strong>ἅμα</strong></span> <span class='ocrx_word' id='word_1_827' title='bbox 2801 5243 2871 5323; x_wconf 54' lang='lat'><strong>:5</strong></span> <span class='ocrx_word' id='word_1_828' title='bbox 2896 5269 3051 5339; x_wconf 76' lang='grc' dir='ltr'>τρίας</span> <span class='ocrx_word' id='word_1_829' title='bbox 3082 5243 3297 5324; x_wconf 51' lang='grc' dir='ltr'>ῑιιιιῖειεὶ</span> <span class='ocrx_word' id='word_1_830' title='bbox 3329 5243 3505 5322; x_wconf 65' lang='lat' dir='ltr'><strong>male-</strong></span> 
     </span>
    </p>
   </div>
   <div class='ocr_carea' id='block_1_117' title="bbox 1930 5341 3503 5414">
    <p class='ocr_par' dir='ltr' id='par_1_117' title="bbox 1930 5341 3503 5414">
     <span class='ocr_line' id='line_1_119' title="bbox 1930 5341 3503 5414; baseline -0.006 -17"><span class='ocrx_word' id='word_1_831' title='bbox 1930 5344 2107 5414; x_wconf 86' lang='lat' dir='ltr'><strong>feriati</strong></span> <span class='ocrx_word' id='word_1_832' title='bbox 2157 5345 2443 5414; x_wconf 81' lang='lat' dir='ltr'><strong>cujusdam</strong></span> <span class='ocrx_word' id='word_1_833' title='bbox 2506 5341 2708 5406; x_wconf 89' lang='lat' dir='ltr'><strong>critici,</strong></span> <span class='ocrx_word' id='word_1_834' title='bbox 2763 5343 2846 5414; x_wconf 88' lang='lat' dir='ltr'><strong>vel</strong></span> <span class='ocrx_word' id='word_1_835' title='bbox 2904 5341 3271 5414; x_wconf 54' lang='lat' dir='ltr'><strong>emendatru&#39;is</strong></span> <span class='ocrx_word' id='word_1_836' title='bbox 3325 5353 3503 5414; x_wconf 77' lang='lat' dir='ltr'><strong>manu</strong></span> 
     </span>
    </p>
   </div>
   <div class='ocr_carea' id='block_1_118' title="bbox 1932 5408 3500 5469">
    <p class='ocr_par' dir='ltr' id='par_1_118' title="bbox 1932 5408 3500 5469">
     <span class='ocr_line' id='line_1_120' title="bbox 1932 5408 3500 5469; baseline -0.004 -4"><span class='ocrx_word' id='word_1_837' title='bbox 1932 5408 2243 5468; x_wconf 58' lang='lat' dir='ltr'><strong>hodiedum&#39;</strong></span> <span class='ocrx_word' id='word_1_838' title='bbox 2263 5414 2322 5467; x_wconf 85' lang='grc' dir='ltr'><strong>τὸ</strong></span> <span class='ocrx_word' id='word_1_839' title='bbox 2344 5414 2463 5469; x_wconf 72' lang='grc' dir='ltr'>οὐδὲ</span> <span class='ocrx_word' id='word_1_840' title='bbox 2495 5414 2733 5469; x_wconf 86' lang='lat' dir='ltr'><strong>deletum</strong></span> <span class='ocrx_word' id='word_1_841' title='bbox 2762 5412 3031 5464; x_wconf 85' lang='lat' dir='ltr'><strong>videatur.</strong></span> <span class='ocrx_word' id='word_1_842' title='bbox 3075 5410 3132 5463; x_wconf 90' lang='lat' dir='ltr'><strong>In</strong></span> <span class='ocrx_word' id='word_1_843' title='bbox 3175 5408 3500 5463; x_wconf 89' lang='lat' dir='ltr'><strong>Taurinensi</strong></span> 
     </span>
    </p>
   </div>
   <div class='ocr_carea' id='block_1_119' title="bbox 1930 5473 3505 5557">
    <p class='ocr_par' dir='ltr' id='par_1_119' title="bbox 1930 5473 3505 5557">
     <span class='ocr_line' id='line_1_121' title="bbox 1930 5473 3505 5557; baseline -0.004 -21"><span class='ocrx_word' id='word_1_844' title='bbox 1930 5498 2058 5538; x_wconf 87' lang='lat' dir='ltr'><strong>vero</strong></span> <span class='ocrx_word' id='word_1_845' title='bbox 2100 5486 2214 5538; x_wconf 69' lang='grc' dir='ltr'><strong>ἀλλ’</strong></span> <span class='ocrx_word' id='word_1_846' title='bbox 2263 5486 2381 5554; x_wconf 80' lang='grc' dir='ltr'><strong>ἅμα</strong></span> <span class='ocrx_word' id='word_1_847' title='bbox 2406 5473 2653 5553; x_wconf 82' lang='grc' dir='ltr'>τὰ’τρία,</span> <span class='ocrx_word' id='word_1_848' title='bbox 2703 5492 2757 5536; x_wconf 86' lang='lat' dir='ltr'><strong>et</strong></span> <span class='ocrx_word' id='word_1_849' title='bbox 2798 5484 2936 5557; x_wconf 76' lang='lat' dir='ltr'><strong>hanc</strong></span> <span class='ocrx_word' id='word_1_850' title='bbox 2980 5481 3292 5557; x_wconf 75' lang='lat' dir='ltr'><strong>lectionem_</strong></span> <span class='ocrx_word' id='word_1_851' title='bbox 3320 5477 3505 5557; x_wconf 75' lang='lat' dir='ltr'><strong>sensui</strong></span> 
     </span>
    </p>
   </div>
   <div class='ocr_carea' id='block_1_120' title="bbox 1931 5547 3506 5629">
    <p class='ocr_par' dir='ltr' id='par_1_120' title="bbox 1931 5547 3506 5629">
     <span class='ocr_line' id='line_1_122' title="bbox 1931 5547 3506 5629; baseline -0.006 -21"><span class='ocrx_word' id='word_1_852' title='bbox 1931 5547 2350 5629; x_wconf 49' lang='lat' dir='ltr'><strong>coltscntaneain</strong></span> <span class='ocrx_word' id='word_1_853' title='bbox 2403 5547 2552 5629; x_wconf 71' lang='lat' dir='ltr'><strong>esse</strong></span> <span class='ocrx_word' id='word_1_854' title='bbox 2609 5563 2826 5629; x_wconf 86' lang='lat' dir='ltr'><strong>_temere</strong></span> <span class='ocrx_word' id='word_1_855' title='bbox 2904 5550 3192 5629; x_wconf 42' lang='lat' dir='ltr'><strong>Josephus&#39;</strong></span> <span class='ocrx_word' id='word_1_856' title='bbox 3256 5547 3506 5629; x_wconf 71' lang='lat' dir='ltr'><strong>Pasiuius</strong></span> 
     </span>
    </p>
   </div>
   <div class='ocr_carea' id='block_1_121' title="bbox 1928 5620 3504 5698">
    <p class='ocr_par' dir='ltr' id='par_1_121' title="bbox 1928 5620 3504 5698">
     <span class='ocr_line' id='line_1_123' title="bbox 1928 5620 3504 5698; baseline -0.003 -21"><span class='ocrx_word' id='word_1_857' title='bbox 1928 5625 2197 5698; x_wconf 77' lang='lat' dir='ltr'><strong>afﬁrmat,</strong></span> <span class='ocrx_word' id='word_1_858' title='bbox 2274 5627 2541 5698; x_wconf 77' lang='lat' dir='ltr'><strong>siquidem</strong></span> <span class='ocrx_word' id='word_1_859' title='bbox 2606 5623 2787 5693; x_wconf 86' lang='lat' dir='ltr'><strong>ipsum</strong></span> <span class='ocrx_word' id='word_1_860' title='bbox 2855 5620 3227 5691; x_wconf 80' lang='lat' dir='ltr'><strong>responsionis</strong></span> <span class='ocrx_word' id='word_1_861' title='bbox 3288 5620 3504 5673; x_wconf 85' lang='lat' dir='ltr'><strong>initium</strong></span> 
     </span>
    </p>
   </div>
   <div class='ocr_carea' id='block_1_122' title="bbox 1928 5697 2253 5768">
    <p class='ocr_par' dir='ltr' id='par_1_122' title="bbox 1928 5697 2253 5768">
     <span class='ocr_line' id='line_1_124' title="bbox 1928 5697 2253 5768; baseline 0.012 -20"><span class='ocrx_word' id='word_1_862' title='bbox 1928 5697 2253 5768; x_wconf 78' lang='lat' dir='ltr'><strong>refragatur.</strong></span> 
     </span>
    </p>
   </div>
  </div>
