4084 6484
659 332 682 396 ί
693 338 763 398 99

1805 340 2066 400 ΡΠΟΊῚΙ
2103 340 2221 400 ΡΛἹ

2324 339 2608 400 ΣΛΒΕΠΕ
2634 343 2743 403 CP.
3799 348 3885 407 20f)

653 449 948 505 admodum
1009 450 1228 502 numina
1291 452 1455 504 homo
1519 461 1573 505 et
1621 451 1936 507 humanitas
1990 469 2100 506 non
2155 453 2221 507 ad

2329 454 2362 520 ἡ
2390 453 2745 526 ἀνθρωπότης
2777 457 2878 511 οὐκ
2907 458 3086 523 ἄλλον,
3137 461 3232 513 καὶ
3278 461 3450 514 ἄλλον
3504 460 3888 529 παραδεχίμενι

654 541 822 594 alium
854 551 1028 608 atque
1069 541 1236 593 alium
1286 555 1509 594 sensum
1554 551 1835 610 spectant;
1863 550 1916 595 et
1947 540 2228 594 nihilomi-

654 647 757 686 nus
787 631 916 684 illud
949 632 1012 684 de
1041 630 1270 685 Socrate
1305 631 1455 684 nullo
1497 632 1882 700 impedimento
1909 641 2224 701 usurpatur,

653 720 758 774 hoc
810 726 991 773 autem
1061 736 1447 790 nequaquam;
1504 721 1577 775 ita
1627 735 1848 790 quoque
1902 736 2062 776 voces
2123 721 2228 775 illae

652 808 821 874 Deus,
870 821 922 865 et
964 812 1169 876 Deitas,
1221 813 1347 866 licet
1391 813 1634 867 diversas
1687 813 1837 868 ideas
1889 829 1996 866 non
2049 815 2226 868 conti-

652 911 838 967 neant,
871 913 1146 972 nequeant
1175 912 1356 959 tamen
1397 905 1464 960 de
1504 905 1704 960 divinis
1735 906 1983 975 personis
2025 907 2227 975 pariter

649 993 800 1047 dici?
852 993 923 1046 At
974 993 1120 1047 dicet
1183 991 1415 1049 fortasse
1480 993 1874 1064 elegantiorum
1938 995 2224 1048 hominum

649 1084 949 1154 quispiam,
982 1085 1128 1153 quod
1162 1095 1361 1156 augeat
1405 1086 1529 1152 hoc,
1581 1101 1690 1140 non
1722 1086 1898 1141 diluat
1933 1086 2226 1156 propositae

650 1175 974 1246 quaestionis
1015 1174 1386 1230 dillicultatem
1415 1193 1430 1240 ;
1465 1185 1630 1246 atque
1658 1176 1936 1245 petitionis
1968 1176 2224 1246 principii

652 1268 1018 1336 suspicionem
1072 1268 1296 1321 minime
1344 1266 1584 1337 elIugiat.
1612 1268 1723 1323 llos
1773 1279 1955 1322 autem
1989 1283 2101 1321 rem
2132 1283 2225 1322 ae-

649 1366 836 1411 curate
869 1374 974 1410 non
1007 1357 1176 1412 fuisse
1213 1367 1496 1412 assecutus
1538 1359 1663 1411 inde
1690 1368 1853 1426 patet,
1879 1359 2024 1428 quod
2056 1374 2162 1412 non
2193 1374 2224 1414 e

653 1465 709 1503 re
761 1449 927 1502 simili
982 1449 1047 1502 ad
1107 1465 1219 1503 rem
1269 1449 1604 1520 propositam
1672 1449 1725 1504 in
1776 1449 2080 1519 quazstione
2131 1451 2224 1504 tiat

650 1541 924 1600 transitio,
951 1555 1127 1610 neque
1156 1539 1207 1594 id
1236 1540 1629 1595 obscuritatem
1665 1549 1882 1608 augeat,
1909 1540 2019 1593 imo
2047 1556 2224 1610 neque

650 1632 878 1698 primam
934 1631 1307 1699 interrogandi
1366 1645 1630 1695 causam,
1692 1630 1849 1699 quasi
1907 1631 2222 1698 cognitam,

647 1731 978 1790 supponat:
1028 1729 1193 1788 atque
1264 1720 1393 1774 hinc
1455 1720 1639 1789 potius
1697 1720 1784 1774 isti
1843 1729 2048 1773 rectum
2111 1735 2220 1772 non

646 1814 840 1868 tulisse
876 1811 1146 1882 judicium
1207 1821 1532 1879 arguuntur.
1595 1811 1651 1864 Si
1703 1811 1848 1864 enim
1904 1811 1958 1863 in
2013 1807 2293 1862 naturae]!

645 1920 900 1960 sermone
929 1905 1242 1975 hujusmodi
1272 1905 1664 1958 vocabulorum
1702 1903 1947 1957 conditio
1975 1901 2224 1955 animad-

644 1997 876 2051 vertitur
928 1995 982 2049 iu
1030 1996 1138 2051 illis
1182 1997 1382 2060 rebus,
1438 1996 1492 2049 in
1554 1995 1754 2065 quibus
1802 1995 2060 2048 identitas
2112 2007 2223 2046 non

644 2088 898 2150 laeditur,
949 2097 1115 2156 atque
1162 2086 1219 2140 in
1271 2085 1743 2140 cnuutiatiouibus
1792 2084 1908 2153 ipsa
1956 2082 2220 2136 vocabula

645 2195 806 2234 ttsum
855 2194 963 2233 non
1012 2178 1246 2235 similem
1293 2177 1529 2244 habent;
1578 2178 1858 2247 quomodo
1903 2177 2129 2230 evidens
2169 2183 2224 2228 et

643 2270 994 2340 perspicuum
1025 2284 1134 2322 non
1183 2276 1290 2334 est,
1337 2267 1481 2338 quod
1535 2281 1712 2337 neque
1758 2269 2074 2320 abstrusum
2119 2280 2220 2334 pu-

640 2362 868 2416 tandum
909 2361 1001 2424 sit,
1032 2376 1208 2429 ueque
1249 2359 1551 2414 absurdum
1594 2359 1647 2412 iu
1681 2358 1976 2427 theologia.
2024 2373 2148 2426 quae
2191 2372 2222 2411 a

643 2455 876 2510 materie
921 2455 1087 2524 longo
1136 2453 1428 2508 intervallo
1460 2451 1646 2515 distat,
1692 2468 1926 2521 qumque
1985 2451 2220 2504 maxuma

641 2547 958 2602 dililcultate
988 2546 1288 2600 humanam
1323 2553 1559 2598 mentem
1595 2543 1960 2611 undequaque
2007 2540 2222 2611 gravio—

643 2640 795 2692 ribus
821 2638 1066 2707 implicat
1096 2635 1520 2706 quatstionibus,
1557 2634 1611 2688 iu
1652 2634 1857 2702 quibus
1902 2648 2080 2702 neque
2113 2634 2220 2686 ulla

643 2730 751 2782 alia
792 2743 925 2782 voce
957 2726 1296 2781 adamussim
1331 2724 1457 2780 licet
1485 2725 1846 2794 qumstionem
1875 2725 2220 2791 expuitnere;

647 2822 701 2874 in
753 2822 859 2885 his,
897 2819 1146 2888 inquam,
1177 2830 1400 2886 quoque
1441 2816 1607 2871 modo
1637 2815 1952 2884 huiusmodi
1993 2815 2223 2868 cummi-

645 2912 785 2967 nisci
849 2926 1010 2966 usum
1069 2908 1459 2964 vocabulorum
1493 2946 1508 2970 ,
1561 2922 1725 2976 quae,
1791 2906 2002 2961 etiamsi
2063 2908 2224 2961 rebus

644 3006 928 3075 corporeis
975 3003 1144 3058 veteri
1185 3011 1239 3057 et
1281 3010 1501 3071 recepto
1542 2999 1756 3069 judicio
1794 2999 2221 3062 accmummlari,

643 3108 809 3168 atque
862 3097 1002 3152 idem
1059 3095 1369 3166 signiﬁcare
1419 3094 1746 3158 videantur,
1801 3093 1991 3146 eodem
2038 3101 2220 3146 tamen

642 3203 801 3263 pacto
840 3189 1121 3261 prtedicari
1163 3203 1272 3242 non
1307 3186 1578 3256 possunt?
1621 3183 1854 3239 Ubinam
1903 3184 2086 3253 itaque
2113 3184 2220 3237 dif-

642 3286 857 3341 ticnltas
884 3285 971 3338 hic
1007 3291 1262 3353 augetur,
1294 3291 1388 3335 aut
1426 3295 1595 3335 causa
1632 3293 1732 3348 pro
1762 3293 1931 3332 causa
1967 3277 2224 3347 ponitur?

711 3377 844 3432 Novi
873 3385 1053 3431 autem
1088 3374 1374 3444 quosdam,
1414 3371 1508 3442 qui
1553 3372 1778 3426 dubium
1819 3370 2031 3425 diluere
2067 3371 2221 3423 arbi-

639 3479 860 3526 trantur
891 3467 1190 3526 hominem,
1223 3479 1288 3518 ac
1323 3475 1602 3525 naturam,
1645 3463 1995 3531 speciemque
2026 3463 2221 3515 Imma-

641 3579 770 3619 nam
799 3561 1151 3624 assumendo,
1189 3572 1311 3627 qua:
1354 3555 1760 3627 quodammodo
1784 3555 1839 3608 in
1881 3553 2027 3608 idem
2078 3554 2221 3608 invi-

642 3670 760 3710 cem
796 3652 1082 3708 concide-re
1113 3651 1401 3714 videntur;
1440 3649 1494 3703 iu
1526 3647 1774 3702 Socratis
1815 3655 1996 3700 autem
2021 3645 2222 3715 praedi-

643 3744 856 3801 catione
891 3742 1285 3803 diversitatem,
1307 3754 1416 3794 non
1451 3737 1888 3793 convenientiam
1916 3735 2218 3804 proferunt.

638 3837 903 3891 Socrates
921 3834 1068 3888 enim
1104 3832 1269 3886 homo
1295 3831 1516 3900 quidem
1540 3829 1761 3892 dicitur,
1796 3837 1852 3882 at
1889 3843 2067 3898 neque
2092 3843 2218 3897 spe-

643 3931 779 3991 cies,
815 3942 992 3995 neque
1032 3934 1248 3988 natura,
1279 3925 1324 3978 si
1357 3924 1440 3977 vis
1481 3932 1686 3986 autem,
1713 3936 1886 3990 neque
1913 3923 2087 3975 forma
2132 3920 2220 3974 his

645 4017 938 4086 conjuncta
969 4014 1230 4085 appellari
1265 4015 1482 4082 poterit.
1509 4012 1618 4068 Uos
1644 4025 1826 4068 autem
1857 4012 2015 4084 fugit,
2052 4023 2113 4067 ut
2141 4013 2222 4066 vi-

643 4111 823 4171 detur,
851 4107 1129 4179 quomodo
1164 4107 1235 4161 sit
1282 4108 1350 4160 de
1393 4106 1709 4162 nominibus
1751 4106 2133 4174 iudicandum,
2166 4114 2221 4159 ct

643 4201 789 4271 quod
827 4214 1166 4270 quaecunque
1233 4198 1300 4253 ad
1335 4198 1590 4270 physicas
1646 4213 1734 4252 res
1787 4199 2011 4252 nomina
2052 4197 2220 4266 perti-

641 4302 794 4357 nent,
832 4294 948 4362 ipsa
971 4292 1038 4346 ad
1059 4307 1144 4346 res
1181 4291 1515 4360 signiﬁcatas
1539 4291 1868 4357 luculenter,
1902 4306 1964 4343 ac
1996 4290 2216 4359 proprie

643 4387 887 4441 ferantur
924 4402 939 4438 :
971 4399 1092 4452 qua:
1126 4398 1256 4438 vero
1295 4398 1326 4437 a
1354 4383 1638 4438 dialectica
1675 4383 1930 4438 oriuntur
1964 4383 2214 4452 specula-

2330 543 2506 612 λόγον,
2557 546 2707 615 ὅμως
2747 547 2807 600 τὺ
2854 550 2952 618 μὲν
2984 550 3200 618 λέγεται
3249 551 3398 605 κατὰ
3452 549 3552 603 τοῦ
3606 551 3889 618 Σωκράτους

2327 637 2643 702 ἀκωλύτως,
2673 639 2734 692 τὸ
2761 639 2813 693 δὲ
2846 641 3064 694 οὐκέτι·
3084 642 3226 695 οὕτω
3249 645 3337 696 καὶ
3375 645 3412 714 ἡ
3447 643 3592 706 Θεὸς
3619 643 3783 713 φωνὴ,
3817 649 3888 698 καὶ

2326 729 2360 796 ὴ
2393 727 2618 800 Θεότης,
2636 731 2736 784 οὐκ
2767 734 2848 795 είς
2875 733 3080 805 ἕτερον,
3110 736 3204 788 καὶ
3231 737 3428 806 ἓτερον
3456 737 3888 804 ἀναπτυσσὸμενι

2329 816 2528 886 νόημα,
2579 820 2676 889 οὐχ
2721 821 2925 890 ὁμοίως
2973 822 3229 876 δύνανται
3277 826 3372 878 καὶ
3433 825 3555 877 τῶν
3621 823 3890 894 omnes"

2329 905 2683 961 ὑποστάσεων
2734 909 3028 978 λέγεσθαι;
3066 913 3224 966 Ἀλλὰ
3270 914 3492 967 εἴποιεν
3537 913 3608 966 ἄν
3663 931 3743 976 τις
3791 916 3892 977 ἴσως

2327 995 2437 1048 τῶν
2463 998 2866 1070 χαριεστέρων·
2893 1002 2969 1065 ὡς
3002 1003 3232 1074 αῦξησίς
3275 1006 3456 1067 ἐστιν,
3516 1005 3584 1057 οὐ
3629 1003 3779 1066 λύσις
3821 1009 3890 1059 τοῦ

2331 1088 2690 1160 ἀπορήματος
2712 1091 2893 1157 τοῦτο,
2923 1094 3020 1147 καὶ
3051 1097 3150 1164 τὴν
3177 1096 3269 1149 τοῦ
3297 1097 3396 1150 ἀπ’
3438 1097 3630 1166 ἀρχῆς
3660 1097 3894 1150 αἰτεῖσθαι

2332 1180 2566 1250 ὑποψίαν
2593 1183 2694 1236 οὐκ
2723 1185 3001 1255 ἐκφεύγει.
3037 1187 3178 1252 Τοὺς
3213 1188 3268 1240 δὲ
3300 1189 3504 1259 μάθοις
3540 1188 3611 1241 ἂν
3653 1189 3892 1250 ἐντεῦθεν,

2327 1271 2403 1334 ὡς
2428 1272 2757 1344 διαπέφευγε
2789 1276 2852 1329 τὸ
2881 1278 3109 1348 ἀκριϐές
3129 1295 3142 1308 ·
3196 1280 3259 1332 οὐ
3291 1281 3401 1350 γὰρ
3453 1280 3573 1333 ἀπὸ
3603 1279 3698 1332 τοῦ
3739 1283 3893 1349 ὁμοίου

2327 1365 2465 1432 πρὸς
2509 1365 2571 1418 τὸ
2601 1369 2965 1438 προκείμενον
3023 1370 3118 1423 ἐπὶ
3164 1371 3392 1440 ζήτησιν
3432 1371 3766 1441 μετάϐασις,
3796 1373 3893 1424 οὗτε

2328 1452 2585 1519 κρατύνει
2638 1457 2840 1525 μᾶλλον
2883 1459 2944 1511 τὸ
2989 1459 3221 1531 ἄπορονο
3275 1461 3389 1513 ἀλλ’
3446 1462 3568 1514 οὐδ’
3605 1462 3893 1530 ἐπισύρετειι

2331 1544 2430 1613 τὴν
2450 1545 2630 1599 αἰτίαν
2654 1547 2746 1599 τοῦ
2776 1548 3033 1620 ἀπαρχῆς
3053 1551 3320 1604 αἰτεῖσθαι
3340 1569 3353 1582 ·
3384 1553 3616 1604 ἐκεῖθεν
3645 1553 3700 1605 δὲ
3722 1553 3892 1623 μᾶλλον

2327 1638 2676 1708 διελέγχοιντ⁸
2712 1641 2779 1694 ἂν
2810 1643 2910 1696 οὐκ
2935 1643 3100 1714 ὀρθὴν
3128 1645 3459 1708 ὑπελθόντες
3495 1645 3602 1715 τὴν
3633 1645 3820 1714 κρίσιν.
3835 1646 3894 1696 Τὸ

2326 1731 2436 1801 γὰρ
2461 1732 2593 1802 ὁρᾷν
2628 1734 2686 1787 ὲν
2717 1735 3035 1807 φυσιολογίᾳ
3057 1737 3314 1809 τοιαύτην
3337 1738 3642 1807 ὀνομάτων
3671 1737 3825 1799 θέσιν,
3847 1740 3892 1790 ἐν

2324 1817 2406 1885 οἷς
2433 1824 2530 1876 καὶ
2558 1825 2619 1877 τὸ
2649 1826 2845 1878 ταυτὸν
2875 1828 2936 1880 ού
2991 1828 3330 1897 λυμαίνεται,
3377 1830 3482 1882 καὶ
3527 1830 3670 1898 πρὸς
3697 1829 3755 1882 τὸ
3782 1845 3892 1880 κατ-

2322 1915 2644 1984 ηγορεῖσθαι
2674 1917 2772 1988 τὴν
2807 1919 2998 1988 χρείαν
3041 1921 3139 1990 οὺχ
3169 1921 3360 1990 ὁμοίαν
3419 1922 3758 1990 παρέχεται,
3795 1919 3892 1981 πῶς

2324 2008 2442 2059 ἔστι
2493 2008 2670 2078 σαφής
2719 2025 2802 2071 τε,
2846 2010 2941 2062 καὶ
2983 2012 3376 2082 ἀναντίρρητος
3423 2012 3775 2080 παράστασις
3812 2011 3888 2061 τοῦ

2327 2095 2493 2164 μηδὲν
2515 2096 2718 2167 ἄπορον
2740 2098 3005 2168 νομίζειν,
3039 2100 3172 2170 μηδὲ
3205 2102 3528 2170 παράλογον
3557 2104 3616 2154 ἐν
3644 2103 3710 2171 τῇ
3738 2100 3888 2169 πολλῷ

2321 2186 2422 2256 τῆς
2476 2186 2608 2258 ὕλης
2652 2190 3034 2264 ὑπερκαιμένῃ
3097 2193 3209 2264 (46)
3267 2193 3549 2266 θεολογίᾳ,
3595 2197 3690 2248 καὶ
3745 2194 3884 2263 πολλῇ

2325 2279 2668 2348 πανταχόθεν
2696 2281 2788 2334 τὸν
2819 2281 3157 2353 ἀνθρώπινον
3190 2283 3315 2338 νοῦν
3351 2287 3408 2338 ὲν
3434 2290 3558 2349 τοῖς
3596 2285 3886 2356 βαθυτέροίς

2323 2370 2432 2424 τῶν
2457 2371 2788 2442 ζητημάτων
2815 2374 3016 2446 ἀπορίᾳ
3046 2377 3516 2450 περιτειχιζούσῃ,
3548 2380 3636 2447 ἐφ’
3660 2372 3732 2430 ὧν
3758 2378 3882 2430 οὐδὲν

2323 2460 2441 2512 οὐδὲ
2467 2461 2574 2513 τῶν
2607 2462 2784 2517 ἄλλων
2816 2464 3098 2535 ὀνομάτων
3135 2467 3311 2520 οὐδενὶ
3346 2470 3486 2540 ῥᾷόν
3518 2472 3639 2523 ὲστι
3677 2469 3882 2538 δηλῶσαι

2323 2552 2416 2604 τοῦ
2447 2552 2781 2622 ζητουμένου
2804 2556 2904 2624 τὴν
2933 2556 3218 2626 ἀκρίϐειαν
3238 2576 3253 2591 ο
3289 2562 3382 2614 ἐπὶ
3410 2563 3630 2614 τούτων
3661 2563 3879 2630 ἀμωσγέ-

2327 2661 2442 2706 πως
2474 2649 2732 2716 τοιαύτην
2785 2649 2980 2716 φωνῶν
3029 2651 3379 2723 ἀνευρίσκειν
3427 2657 3657 2725 χρῆσιν,
3709 2656 3758 2706 αἶ
3801 2657 3879 2706 κάν

2323 2739 2433 2799 τοῖς
2464 2737 2668 2801 ὲνύλοις
2707 2739 2941 2808 ὁρῶνται
2972 2743 3178 2814 παλαιᾷ
3220 2746 3314 2798 καὶ
3344 2747 3578 2816 συνήθει
3605 2748 3773 2816 κρίσει
3809 2748 3874 2796 ἐν·

2324 2826 2719 2897 αρμόττουσαι,
2749 2833 2844 2884 καὶ
2869 2833 2968 2902 τῆς
2997 2833 3096 2902 μὲν
3124 2837 3455 2906 ταυτότητος
3484 2838 3592 2890 οὐκ
3621 2838 3875 2906 ἐξιστάμε-

2324 2934 2434 2979 ναι,
2464 2918 2521 2969 ὲν
2551 2919 2608 2971 δὲ
2641 2919 2720 2989 τῷ
2756 2922 3180 2992 κατηγορεῖσθαι
3210 2925 3601 2997 διιστάμεναις
3657 2927 3760 2982 Ποῦ
3786 2927 3873 2978 τοία

2325 3026 2416 3058 νυν
2451 3009 2684 3062 ἐνταῦθα
2722 3013 2754 3082 ἡ
2785 3013 2884 3082 τῆς
2911 3016 3148 3086 ἀπορίας
3179 3017 3452 3083 ἐπίτασις,
3512 3020 3546 3091 ἢ
3593 3019 3693 3090 τῆς
3741 3019 3876 3086 ἄλλης

2324 3101 2502 3163 αἰτίας
2539 3102 2835 3171 omne“;

2396 3364 2560 3429 Τινὰς
2589 3365 2642 3418 δὲ
2669 3366 2813 3419 λύειν
2845 3369 3176 3439 νομίσαντας
3204 3365 3320 3425 οἴδα
3353 3373 3417 3426 ἐκ
3449 3374 3552 3428 τοῦ
3583 3375 3672 3428 τὸν
3693 3375 3870 3444 ἄνθρω-

2327 3472 2426 3508 πον
2479 3457 2834 3525 παραλαϐεῖν,
2899 3461 2994 3512 καὶ
3046 3461 3144 3531 τὴν
3197 3463 3377 3531 φύσιν,
3427 3467 3524 3518 καὶ
3569 3467 3631 3518 τὸ
3660 3462 3867 3526 εἷδος¹ἂ

2323 3545 2470 3599 δοκεῖ
2495 3548 2592 3617 μὲν
2617 3565 2733 3612 πως
2760 3549 3008 3619 ἀλλήλοις
3028 3553 3106 3614 εἰς
3133 3555 3331 3607 ταυτὸν
3363 3557 3606 3609 συνιέναι
3629 3574 3642 3587 ·
3669 3559 3720 3608 ἐν
3747 3555 3794 3606 δὲ
3814 3557 3862 3620 τῇ

2322 3637 2417 3691 τοῦ
2467 3640 2792 3710 Σωκράτους
2851 3644 3161 3714 κατηγορίᾳ
3191 3645 3288 3715 τὴν
3319 3646 3608 3699 διάστασιν
3639 3648 3749 3699 ἀντὶ
3791 3645 3868 3710 τῆς

2323 3730 2612 3800 ὁμολογίας
2642 3732 3053 3797 ἐξοικειοῦνται.
3089 3735 3409 3805 Ἀνθρωπος
3462 3740 3567 3807 μὲν
3597 3738 3703 3806 γὰρ
3726 3739 3750 3789 ό
3773 3737 3864 3786 Σωσ

2324 3825 2554 3894 κράτης,
2589 3825 2711 3878 οὔτε
2735 3827 2791 3880 δὲ
2821 3823 2978 3890 εἶδος,
3006 3827 3131 3881 οὔτε
3162 3831 3345 3898 φύσις,
3374 3835 3420 3884 εἰ
3462 3835 3645 3901 βούλει
3675 3834 3744 3894 δὲ,
3775 3829 3866 3882 οὗθ’

2323 3917 2357 3984 ἡ
2385 3917 2781 3986 συνταττομένη
2823 3917 3033 3981 τούτοις
3067 3918 3248 3988 μορφὴ
3294 3920 3497 3972 δύναιτ’
3523 3922 3588 3975 ἂν
3621 3919 3860 3988 λέγεσθαι.

2323 4005 2594 4062 Λανθὰνει
2653 4009 2710 4061 δὲ
2759 4007 3001 4074 τούτους,
3055 4010 3130 4074 ὼς
3181 4011 3374 4072 ἔοικεν,
3423 4017 3598 4086 ήτῶν
3621 4013 3864 4083 ὀνομάτων

2319 4096 2612 4167 διάκρισις,
2646 4099 2740 4150 καὶ
2773 4099 2854 4152 ὅτι
2879 4101 2976 4152 ὅσα
3010 4102 3109 4170 μέν
3132 4103 3246 4154 ἐστι
3270 4105 3517 4171 φυσικῶν
3558 4105 3860 4177 πραγμάτων

2318 4190 2578 4260 ὀνόματα,
2635 4190 2807 4244 ταῦτα
2858 4195 3175 4263 περιφανῶς
3210 4213 3290 4259 τε,
3319 4199 3414 4250 καὶ
3448 4198 3701 4268 καΟαρῶς
3745 4193 3859 4247 κατὰ

2318 4283 2428 4336 τῶν
2487 4284 2863 4354 ὑποκειμένων
2940 4285 3165 4356 φέρεται
3201 4304 3215 4320 ο
3273 4290 3372 4342 ὅσα
3424 4291 3481 4344 δὲ
3551 4287 3854 4353 δια)εκτικῆς

2320 4375 2588 4445 προῆλθον
2620 4375 2881 4442 ἐπινοίας,
2909 4377 3004 4429 καὶ
3037 4377 3376 4432 διαλεκτικόν
3403 4399 3523 4434 τινα
3581 4381 3854 4451 περιέχουσι

643 4480 812 4541 tione,
844 4485 897 4531 et
929 4475 1273 4530 dialecticum
1319 4475 1609 4543 quemdam
1644 4474 1925 4528 involvunt
1967 4490 2210 4536 sensum,

2324 4466 2465 4530 νοῦν,
2497 4467 2670 4520 ταῦτα
2700 4467 2807 4518 τῶν
2867 4468 3247 4538 ὑποκειμένων
3300 4470 3402 4539 τῆς
3460 4472 3670 4540 φύσεως
3708 4469 3851 4538 ἔργων

641 4575 756 4627 haec
780 4570 845 4625 ad
875 4568 1211 4638 signiﬁcatas
1245 4574 1453 4622 natura:
1483 4583 1571 4622 res
1605 4567 1655 4619 vi
1687 4567 1909 4636 propria
1949 4582 2055 4620 non
2089 4581 2213 4636 per-

639 4668 876 4735 tiugunt.
921 4661 1098 4714 Ποιηο
1127 4674 1257 4712 vero
1289 4667 1343 4711 et
1372 4658 1708 4721 humanitas,
1743 4673 1954 4711 necnon
2005 4656 2213 4711 Divini-

631 4769 746 4822 tas,
778 4764 832 4808 et
863 4753 1001 4808 Deus
1024 4766 1129 4806 non
1177 4759 1306 4804 sunt
1348 4749 1538 4819 logica:
1573 4749 1890 4804 subtilitatis
1928 4764 2210 4803 commen-

631 4849 895 4908 tationes,
926 4841 1018 4898 sed
1047 4840 1364 4897 evsistentis
1392 4839 1468 4894 rei
1498 4839 1717 4894 nomina
1739 4857 1752 4893 :
1772 4848 2008 4894 attamen
2031 4855 2097 4892 ex
2126 4839 2212 4893 his

637 4941 886 5008 quaailam
928 4949 1150 5006 quoque
1195 4931 1426 5002 vestigia
1473 4931 1681 5002 ingredi
1719 4929 1800 4984 fas
1839 4938 1943 4993 est,
1984 4944 2106 4998 qua:
2143 4929 2211 4983 ad

637 5029 790 5084 dubii
840 5027 1166 5082 solutionem
1213 5025 1512 5079 adducunt.
1553 5021 1764 5077 Etenim
1816 5037 1940 5077 cum
1977 5021 2093 5076 haac
2125 5036 2214 5076 se-

635 5132 762 5172 cum
801 5116 1031 5171 invicem
1065 5123 1471 5184 comparantur,
1505 5125 1686 5165 rerum
1723 5110 1932 5164 scilicet
1971 5109 2212 5173 nomina,

635 5221 693 5267 et
727 5227 790 5268 ea
825 5227 944 5282 quae
989 5209 1218 5280 logicam
1265 5207 1320 5262 in
1362 5205 1542 5260 verbis
1588 5204 1950 5261 subtilitatem
1989 5202 2210 5269 habent,

634 5320 750 5358 non
775 5303 1056 5358 minimam
1085 5300 1139 5356 in
1159 5299 1272 5369 ipsa
1296 5296 1599 5352 diﬂ'crentia
1619 5302 1864 5347 mutuam
1897 5292 2213 5346 communi-

635 5395 909 5450 eationem
954 5393 1214 5448 retinent.
1248 5388 1423 5445 Verba
1453 5386 1598 5443 enim
1630 5384 2004 5456 singularibus
2048 5383 2214 5438 rebus

637 5488 843 5543 tributa
858 5495 909 5542 et
931 5484 1213 5540 involvunt
1236 5484 1336 5539 ista
1367 5480 1615 5546 nomina,
1642 5461 1697 5533 et
1719 5477 1854 5547 ipsis
1880 5475 2213 5540 innituntur,

2324 4561 2474 4630 ἰσχὺν
2503 4561 2600 4612 οὐκ
2627 4560 2739 4630 ἔχει
2771 4560 3206 4625 διαϐιϐάζεσθαι.
3255 4562 3311 4615 Ὀ
3337 4564 3393 4615 δὲ
3454 4564 3750 4635 ἄνθρωπος,
3779 4557 3851 4610 καὶ

2318 4653 2352 4718 ἡ
2385 4651 2759 4722 ἁνθρωπὸτης,
2796 4653 2888 4705 καὶ
2915 4653 2981 4724 δὴ
3012 4653 3105 4706 καὶ
3135 4655 3167 4725 η
3208 4655 3430 4726 Θεὸτης,
3486 4659 3583 4710 καὶ
3610 4659 3635 4710 ὁ
3665 4656 3777 4716 Θεὸς
3800 4650 3845 4701 οὗ

2317 4743 2543 4814 λογικῆς
2568 4743 2684 4797 ἐστι
2715 4745 3108 4814 τεχνασμάτων
3156 4746 3537 4817 προϐλήματα,
3596 4740 3848 4812 ὐποκετρὲο

2317 4853 2410 4890 νου
2444 4837 2498 4888 δὲ
2527 4837 2851 4906 πράγματος
2888 4836 3127 4906 ὀνόματα
3160 4850 3175 4866 ⁶
3225 4836 3364 4907 πλὴν
3401 4840 3509 4891 κάκ
3533 4841 3708 4892 τούτου
3729 4835 3843 4888 ἔστιν

2319 4931 2440 4998 ἴχνη
2465 4928 2586 4980 τινὰ
2613 4928 2799 4980 λαϐεῖν
2846 4928 2981 4998 πρὸς
3017 4929 3115 4998 τὴν
3151 4928 3248 4998 τῆς
3310 4930 3546 5000 ἀπορίας
3598 4931 3735 4983 λύσιν
3779 4928 3846 4978 ἐν·

2315 5017 2538 5086 ἀγοντα.
2571 5018 2678 5072 Καὶ
2704 5017 2812 5088 γὰρ
2834 5017 3084 5086 ἀλλήλοις
3116 5018 3289 5071 ταῦτα
3311 5021 3579 5082 συνιέντα,
3602 5021 3663 5074 τά
3688 5034 3740 5072 τε
3757 5015 3840 5066 τῶν

2317 5110 2662 5180 πραγμάτων
2686 5109 2949 5178 ὀνόματα,
2969 5110 3063 5162 καὶ
3092 5111 3237 5180 ἅπερ
3270 5110 3370 5179 τῆς
3409 5112 3631 5185 λογικῆς
3690 5112 3841 5178 ἐντρε-

2312 5201 2486 5270 χείας,
2545 5202 2798 5271 τυγχάνει
2851 5203 2988 5272 πρὸς
3013 5202 3256 5272 ῥήματα,
3311 5206 3411 5257 οὐκ
3457 5206 3642 5278 ὀλίγην
3687 5204 3737 5254 ἐν
3783 5199 3835 5264 τῇ

2310 5293 2558 5364 διαστολῇ
2591 5293 2688 5364 τὴν
2706 5293 2840 5364 πρὸς
2864 5294 3066 5364 ἄλληλα
3085 5297 3368 5349 κοινωνίαν
3385 5298 3714 5363 ἀσπάζεσθαι
3729 5291 3836 5361 (47).

2312 5385 2632 5456 Περιέλουσι
2659 5384 2766 5455 γὰρ
2791 5385 2859 5438 τὰ
2889 5386 3013 5439 καθ’
3032 5387 3236 5440 ἕκαστα
3258 5387 3351 5440 καὶ
3380 5389 3580 5453 ταῦτα,
3607 5389 3687 5444 καὶ
3712 5386 3835 5447 ὑπερι

2327 5475 2534 5545 ίδρυται
2573 5474 2798 5544 τούτων,
2850 5479 2946 5531 καὶ
2977 5478 3113 5550 πρὸς
3137 5481 3325 5534 ἐκεῖνα
3347 5481 3586 5550 λέγεται,
3613 5481 3657 5535 εἰ
3687 5471 3832 5544 καὶμὴ

1235 5613 1264 5658 ι
2141 5589 2375 5646 NOTAE.

708 5693 823 5766 (16)
854 5690 989 5766 Vide
1030 5706 1096 5744 an
1135 5686 1297 5766 scribi
1347 5686 1535 5741 debeat
1591 5685 2069 5757 ὐπερκαινυμλνῃ,
2133 5683 2213 5738 vel

634 5762 831 5827 saltent
863 5762 1251 5831 ὑπερκειμένη,

2397 5683 2507 5764 (Π)
2536 5683 2787 5752 Corrigas
2812 5687 2969 5764 velim
3006 5689 3331 5756 ἀσπάζεται.
3355 5691 3439 5748 vel
3465 5708 3529 5747 es
3562 5677 3826 5762 prtecelenli

2323 5755 2543 5824 perinde
2577 5771 2824 5810 resumas
2853 5758 3015 5814 ἔστιν.
