4084 6516
137 526 227 593 20!

1046 538 1146 596 AD
1175 537 1770 598 AMPHIIDCHIUM
1832 537 2180 606 ΟυίΕὸΤΙΟ
2205 539 2469 599 XXVII.

3283 547 3395 608 202.

139 640 268 697 κατὰ
294 642 388 697 τὸν
411 642 599 713 ὅμοιον
621 645 840 716 τρόπον.
870 647 1053 717 Φαμὲν
1083 648 1191 719 γὰρ
1249 648 1550 719 Σωκράτην
1597 648 1701 718 φύε

1827 647 2082 717 ιίιιιυιιμιο
2121 648 2432 704 referuntur
2463 649 2530 704 ad
2584 651 2699 714 illa,
2747 654 2873 709 licet
2919 671 3026 710 non
3067 660 3256 714 eadem
3303 678 3392 714 ia—

138 753 236 801 σιν,
290 737 388 790 καὶ
436 733 595 804 εἶδος,
647 739 744 791 καὶ
799 743 1035 810 μορφὴν,
1059 745 1107 794 εἰ
1159 743 1253 794 καὶ
1303 741 1377 812 μὴ
1407 742 1517 794 τῶν
1550 744 1607 794 ἐν
1635 745 1702 813 τῇ

137 828 392 898 προτάσει
438 828 637 899 μερῶν,
693 829 882 900 ὥσπερ
928 833 986 884 ὲν
1043 835 1165 895 ταῖς
1214 836 1474 900 φυσικαῖς
1511 835 1706 904 ὁρᾶται

137 921 360 987 φωναῖς,
395 920 653 991 ἑκάτερον
673 920 954 992 ὁμολόγως
983 922 1124 976 κατὰ
1170 924 1268 995 τὴν
1329 925 1702 994 ὀνομαστικὴν

137 1011 440 1083 προάγεται
474 1013 688 1083 κλῆσιν.

207 1188 398 1241 Ἕτιδέ
433 1206 612 1258 φαμεν
641 1189 731 1242 τόν
759 1207 818 1243 τε
851 1189 1158 1261 ἄνθρωπον,
1193 1192 1286 1244 καὶ
1331 1192 1390 1244 τὸ
1418 1192 1557 1257 ζῶον
1610 1192 1707 1244 λο-

131 1279 308 1348 γικὸν,
342 1279 557 1349 θνητὸν,
589 1281 792 1334 ταυτόν
816 1297 832 1314 ο
867 1282 958 1335 ναὶ
991 1282 1088 1352 μὲν
1129 1283 1225 1336 καὶ
1282 1282 1342 1335 τὸ
1387 1284 1709 1352 γελαστικὸν

132 1370 377 1441 ἐκατέρῳ
405 1390 419 1405 ο
443 1371 504 1425 οὐ
531 1372 657 1442 μὴν,
687 1374 788 1427 ὅσα
808 1373 935 1444 περὶ
967 1373 1084 1437 ἐνὸς
1112 1372 1319 1427 τούτων
1344 1374 1583 1443 λέγεται,
1617 1377 1711 1428 καὶ

133 1462 261 1532 περὶ
293 1461 404 1514 τῶν
433 1462 636 1516 λοιπῶν
667 1463 893 1516 δυνατόν
925 1465 1073 1517 ἐστιν
1114 1465 1312 1519 εἰπεῖν.
1349 1467 1422 1518 Τὸ
1450 1467 1549 1536 μὲν
1603 1467 1712 1539 γὰρ

129 1554 263 1605 ἴδιον
327 1553 642 1624 ἀνθρώπου,
695 1555 755 1606 τδ
782 1554 840 1608 δὲ
863 1556 1009 1626 ὅρος,
1058 1557 1337 1628 οὐδέτερον
1370 1557 1424 1611 δὲ
1449 1556 1653 1611 τούτων
1685 1561 1712 1613 6

134 1643 421 1712 ἄνθρωπος
473 1643 666 1713 ῥηθείη
727 1645 792 1698 ἂν
840 1646 1129 1716 ἀνθρώπου
1165 1664 1180 1679 ο
1233 1649 1409 1702 καίτοι
1458 1653 1601 1705 κατὰ
1654 1651 1712 1703 τ’)

139 1734 375 1803 μάλιστα
387 1734 582 1787 ταυτὸν
612 1733 709 1805 τὴν
723 1734 1032 1805 ταυτότητα
1057 1736 1492 1808 διεκληρώσαντο
1516 1740 1712 1796 ταῦτα.

137 1825 287 1896 Πλὴν
317 1826 406 1879 τὸν
471 1826 761 1897 εἰρημένον
803 1828 934 1897 περὶ
980 1827 1076 1881 τοῦ
1131 1830 1445 1901 ἀνθρώπου,
1472 1835 1564 1885 καὶ
1611 1834 1714 1903 τῆς

138 1919 375 1987 φύσεως,
413 1917 619 1972 καὶτοῦ
665 1919 840 1983 εἴδους
865 1919 1025 1988 λόγον
1071 1923 1351 1976 κάνταῦθα
1382 1923 1569 1978 λαϐεῖν
1597 1925 1713 1980 ἐστι

1812 741 1977 794 tione.
2005 740 2245 794 Dicimus
2274 744 2419 794 enim
2447 743 2729 799 Socratem
2756 756 3029 813 naturam,
3051 759 3103 802 et
3125 753 3386 820 speciem.

1809 841 1864 886 et
1920 832 2175 898 formam,
2230 835 2444 890 etiamsi
2491 851 2598 890 non
2659 837 2920 894 alterutra
3000 844 3390 910 propositionis

1808 938 1957 992 pars,
1983 926 2443 994 quemadmodum
2474 927 2526 980 in
2552 928 2790 997 physicis
2818 932 3064 985 cernitur
3089 935 3388 998 vocabulis,

1809 1015 2000 1068 eodem
2051 1025 2210 1086 pacto
2264 1019 2316 1072 in
2369 1020 2747 1089 appellationis
2803 1023 3123 1080 conditione
3183 1028 3389 1094 produ-

1811 1115 1989 1163 catur.

1880 1197 2149 1254 Praeterea
2205 1201 2441 1258 dicimus
2487 1203 2762 1258 boum-cm
2827 1215 2882 1261 et
2923 1206 3133 1261 animal
3183 1209 3393 1264 ratione

1811 1291 2119 1359 praeditum,
2171 1302 2226 1347 et
2263 1297 2429 1350 morti
2478 1297 2778 1351 obnoxium
2857 1298 3000 1354 idem
3069 1315 3230 1365 esse,
3284 1301 3394 1354 imo

1813 1381 1980 1436 etiam
2027 1384 2227 1438 risibile
2264 1393 2556 1457 utrumque
2598 1407 2611 1441 :
2649 1405 2758 1443 non
2813 1401 3021 1455 tamen,
3055 1407 3397 1461 quascunque

1813 1475 1880 1528 de
1928 1477 2184 1545 quopiam
2237 1477 2430 1531 horum
2470 1479 2755 1544 dicunlur,
2807 1482 2873 1536 de
2904 1482 3133 1551 reliquis
3180 1497 3396 1552 quoque

1813 1577 2042 1637 possunt
2071 1570 2376 1623 enuntiari.
2413 1569 2529 1625 Hoc
2563 1571 2809 1640 profecto
2845 1573 3081 1628 hominis
3114 1574 3394 1642 proprium

1813 1667 1916 1722 est,
1953 1659 2083 1713 illud
2119 1675 2249 1714 vero
2271 1661 2519 1715 deﬁnitio
2553 1679 2567 1714 :
2607 1673 2862 1717 neutrum
2889 1671 3070 1718 tamen
3109 1664 3306 1717 borum
3344 1664 3396 1716 iu

1817 1748 2038 1804 homine
2069 1751 2233 1806 homo
2283 1754 2590 1822 nuncupari
2632 1755 2789 1821 licet;
2826 1756 2930 1809 etsi
2961 1757 3076 1808 base
3104 1758 3220 1818 uni,
3252 1757 3396 1824 quod

1815 1839 1958 1894 idem
1999 1843 2224 1896 ornniuo
2277 1854 2382 1909 est,
2435 1846 2622 1899 eadem
2663 1846 2793 1900 sint.
2835 1845 3204 1916 Praeterquam
3253 1850 3397 1916 quod

1817 1946 1998 1986 sermo
2027 1933 2162 2002 ipse,
2190 1935 2282 2004 qui
2319 1935 2387 1990 de
2419 1937 2662 2002 homine,
2704 1947 2897 1992 natura
2973 1953 3036 1992 ac
3066 1938 3248 2008 specie
3314 1938 3398 1992 fa-

137 2010 238 2078 τὴν
264 2010 463 2066 τούτων
498 2011 676 2082 κρίσιν
705 2013 1123 2084 ἀναδεχόμενον.
1161 2015 1272 2068 Καὶ
1302 2016 1411 2086 γὰρ
1436 2017 1712 2088 ἀφαιρου-

1827 2032 1936 2079 :tus
1967 2035 2070 2089 est,
2103 2026 2191 2080 hic
2216 2043 2434 2096 quoque
2461 2029 2528 2082 ad
2570 2029 2842 2098 judicium
2865 2031 2932 2084 de
2962 2005 3399 2085 istis—ferendum

141 2102 323 2171 μένων
353 2103 446 2174 τῆς
475 2103 696 2173 λογικῆς
723 2105 919 2174 φωνῶν
950 2106 1151 2160 ταυτόν
1179 2107 1329 2160 ἐστιν
1359 2109 1592 2162 ἕκαστον
1618 2109 1716 2162 ἁλ-

140 2193 321 2264 λήλων
341 2195 447 2248 τῶν
476 2195 666 2266 τριῶν.

224 2285 389 2340 Ἀλλὰ
426 2287 518 2340 ἐπὶ
548 2287 647 2356 μὲν
672 2288 781 2342 τῶν
809 2289 1116 2360 εἰρημένων
1144 2290 1441 2346 αἰτιάσαιτ’
1464 2294 1529 2348 ἄν
1551 2312 1633 2358 τις
1657 2294 1718 2347 τὸ

135 2375 457 2444 ἑτερογενὲς
487 2376 598 2428 τῶν
636 2377 830 2446 φωνῶν
862 2379 1324 2451 μεταρῥυθμίζων
1350 2384 1430 2445 είς
1452 2383 1515 2434 τὸ
1555 2381 1718 2436 εὔπο-

126 2483 228 2537 ρον
258 2466 362 2533 τὴν
387 2466 638 2537 ἀπορίαν.
681 2469 804 2522 Ἐπὶ
826 2469 882 2522 δὲ
932 2471 1027 2523 τοῦ
1065 2473 1442 2543 ῥηθησομένου
1497 2475 1550 2528 τί
1598 2477 1718 2529 ποτ’

125 2558 192 2610 ἂν
245 2559 410 2630 ὲρεῖ;
455 2558 514 2612 '0
566 2559 664 2629 μὲν
719 2561 828 2630 γὰρ
891 2561 1180 2632 ἄνθρωπος
1229 2566 1378 2618 ἐστὶν
1417 2567 1594 2633 οὐσία,
1626 2569 1722 2621 καὶ

124 2647 314 2711 ζῶον’
381 2649 577 2703 ταυτὸν
628 2649 687 2704 δὲ
736 2651 796 2704 ὃν
843 2651 922 2722 τῷ
976 2653 1250 2725 ἀνθρώπῳ
1289 2655 1349 2707 τὸ
1375 2656 1720 2724 γελαστικὸν,

123 2742 271 2811 ’ὑπερ
330 2741 455 2793 ἐστὶ
513 2741 744 2810 φυσικοῦ
804 2744 1129 2813 πράγματος
1161 2747 1334 2817 φωνὴ,
1386 2747 1511 2801 οὔτε
1542 2750 1720 2815 οὐσία,

125 2831 255 2884 οὔτε
281 2831 433 2897 ζῶον
464 2833 530 2886 ἂν
561 2833 754 2903 ῥηθείη
784 2850 799 2865 ⁸
830 2837 952 2888 ἐπεὶ
981 2838 1009 2889 6
1071 2837 1358 2909 ἄνθρωπος
1413 2839 1607 2894 ’πολλαὶ⁹
1658 2841 1724 2896 ἂν

123 2923 330 2993 εἴησαν
363 2923 568 2989 οὐσίαι,
594 2927 689 2978 καὶ
718 2926 854 2990 ζῶα.
892 2927 1054 2980 Ὥστε
1084 2929 1184 2982 οὐκ
1236 2929 1294 2994 ἐξ
1323 2931 1570 3002 ἀνάγκης
1601 2932 1730 2986 έπε-

133 3033 218 3069 ιαι
240 3016 472 3088 θατέρῳ
499 3016 606 3070 τῶν
633 3019 1058 3090 συναπτομένων
1083 3023 1147 3092 τῇ
1182 3023 1472 3094 ταυτότητι
1502 3023 1603 3077 ὅσα
1632 3025 1728 3078 καὶ

123 3109 210 3178 τῷ
242 3111 430 3180 ἑτέρῳ
458 3111 790 3180 παρέπεται,
820 3113 852 3184 ἢ
881 3114 909 3166 6
937 3113 1097 3182 λόγος
1120 3107 1275 3178 οὗτος
1305 3115 1592 3188 διορισμοῦ
1619 3119 1728 3171 δεῖ·

134 3219 249 3255 ται.
280 3203 348 3255 Εἰ
385 3202 486 3273 μὲν
509 3205 619 3275 γὰρ
636 3204 958 3273 γελαστικὸν
991 3206 1167 3270 λέγων
1188 3225 1274 3270 τις
1301 3207 1401 3278 τὴν
1448 3207 1544 3260 τοῦ
1599 3209 1728 3262 ἰδίου

1816 2117 2072 2185 usurpari
2098 2126 2297 2186 potest.
2334 2116 2470 2172 Nam
2504 2119 2643 2174 idem
2668 2130 2772 2177 est.
2812 2120 2858 2174 si
2881 2120 3088 2191 logicas
3117 2135 3278 2176 voces
3306 2135 3402 2180 ex-

1817 2207 2010 2277 cipias,
2038 2211 2183 2278 quod
2211 2226 2241 2264 a
2267 2212 2500 2282 singulis
2524 2213 2610 2268 his
2645 2213 2824 2268 tribus
2857 2214 3156 2268 indicatur.

1897 2301 2018 2356 Jam
2047 2318 2173 2357 vero
2217 2304 2271 2357 in
2315 2304 2421 2368 his,
2447 2319 2570 2373 qua:
2607 2304 2750 2359 dicta
2801 2315 2952 2372 sunt,
2983 2307 3126 2360 dicet
3167 2304 3402 2360 fortasse

1820 2397 2120 2468 quispiam,
2158 2405 2217 2449 ut
2265 2394 2319 2446 in
2361 2394 2667 2463 perspicuis
2710 2395 2966 2450 tenebras
3004 2394 3292 2459 obfundat,
3334 2409 3402 2448 ex

1820 2489 2035 2559 generis
2057 2487 2372 2542 diversitate
2415 2501 2638 2540 causam
2675 2486 3046 2542 distinctionis
3076 2501 3386 2554 erumpere.

1821 2582 1891 2634 At
1916 2582 1980 2633 ad
2008 2595 2095 2644 ea,
2119 2594 2242 2648 qum
2274 2578 2618 2647 adjiciemus,
2650 2577 2784 2646 quid
2817 2577 3086 2647 reponet?
3115 2575 3294 2630 llomo
3320 2577 3406 2629 ni-

1825 2672 2023 2726 mirum
2055 2669 2360 2725 substantia
2409 2677 2466 2722 et
2485 2669 2685 2722 animal
2705 2679 2828 2722 est:
2864 2667 3069 2722 interea
3105 2667 3233 2720 licet
3257 2664 3402 2719 idem

1825 2767 1916 2828 sit,
1941 2777 2105 2832 quam
2143 2764 2324 2824 homo,
2353 2759 2574 2823 risibile,
2607 2760 2752 2828 quod
2775 2759 3012 2830 physica:
3040 2759 3272 2813 actionis
3301 2770 3388 2812 est

1827 2869 2049 2916 nomen,
2076 2852 2128 2904 id
2159 2861 2339 2904 tamen
2394 2865 2570 2918 neque
2615 2849 2944 2915 substantia,
2992 2865 3170 2918 neque
3199 2849 3404 2903 animal

1830 2944 2012 2998 vocari
2067 2942 2270 2995 debet:
2325 2941 2456 3010 quia
2506 2941 2690 2995 multze
2739 2940 3082 3004 substantiae,
3132 2941 3412 3010 multaque

1829 3033 2083 3087 animalia
2117 3032 2288 3084 homo
2321 3039 2488 3085 esset.
2516 3031 2885 3096 Quamobrem
2937 3031 3172 3086 alterum
3207 3047 3412 3086 coeun-

1833 3125 1967 3178 tium
1998 3125 2050 3178 iu
2077 3123 2218 3178 idem
2245 3136 2350 3175 non
2379 3122 2689 3176 necessario
2727 3131 3034 3191 sequuntur
3069 3138 3412 3193 quaecunque

1831 3228 1885 3274 et
1910 3217 2141 3270 alterum
2171 3214 2527 3278 comitantur,
2547 3213 2633 3266 vel
2660 3222 2808 3268 certe
2831 3213 3115 3268 distinctio
3138 3214 3191 3267 in
3218 3214 3414 3283 hujus-

127 3296 358 3349 ἔννοιαν
382 3297 677 3367 ἐνδέχεται,
705 3299 805 3352 οὐκ
832 3298 897 3352 ἂν
919 3298 1043 3352 οὔτε
1067 3297 1226 3365 ζῶον,
1252 3299 1375 3353 οὔτε
1404 3301 1560 3354 οὐσία
1575 3301 1726 3355 τοῦτο

1835 3309 1980 3363 modi
2030 3321 2283 3362 sermone
2330 3305 2675 3370 adhibeatur,
2720 3311 2956 3373 oportet.
2990 3303 3046 3357 Si
3095 3304 3221 3374 quis
3267 3305 3422 3358 enim.

127 3386 224 3457 εῖη
260 3400 278 3415 '
308 3387 414 3439 εξδ⁹
449 3389 581 3442 αὐτὸ
615 3388 675 3441 τὸ
709 3388 1069 3459 ὑποκείμενον
1094 3390 1182 3444 διὰ
1217 3389 1325 3444 τῶν
1352 3391 1547 3459 φωνῶν
1599 3392 1732 3446 τοὺ-

121 3496 244 3532 των
281 3478 721 3551 παραδηλοῦσιν,
756 3481 855 3550 οὐχ
903 3480 1068 3553 ἕτερά
1097 3482 1297 3548 τινα,ἃ
1332 3482 1408 3554 μὴ
1477 3483 1737 3554 ἀπαρχῆς

124 3573 397 3644 ὑπῆρχεν
433 3572 648 3644 ἐκείνῳ,
698 3575 922 3644 προσέτι
973 3574 1268 3644 συνάγουσι
1302 3592 1317 3607 ο
1384 3577 1480 3630 καὶ
1532 3578 1735 3648 μᾶλλον

117 3665 191 3719 ἂν
226 3667 445 3736 ἐπεῖχε
476 3664 661 3735 χώραν
719 3667 854 3737 μήτε
884 3665 1101 3735 λογικὸν
1149 3667 1288 3732 ζῶον
1339 3667 1542 3738 λέγειν,
1588 3673 1735 3742 μήτε

115 3756 300 3827 σῶμα
330 3772 348 3786 ⁸
397 3756 540 3809 ἀλλὰ
577 3757 714 3827 μηδὲ
740 3757 930 3812 οὐσίαν
958 3759 1226 3830 ὑπάρχειν
1269 3760 1362 3815 τὸν
1411 3761 1727 3835 ἄνθρωπον,

1837 3399 2038 3454 risibile
2082 3398 2270 3453 dicens
2307 3395 2658 3466 proprietatis
2691 3397 2972 3450 notionem
3017 3395 3412 3456 consideraret,

1837 3493 1953 3547 haec
1979 3505 2154 3560 neque
2186 3489 2392 3542 animal
2435 3495 2601 3550 esset,
2643 3501 2822 3556 neque
2869 3486 3226 3541 substantia:
3264 3490 3413 3555 quod

1837 3584 1883 3639 si
1915 3583 2008 3637 alii
2035 3583 2216 3651 ipsum
2247 3577 2557 3647 subjectum
2607 3592 2704 3647 per
2725 3577 2824 3632 has
2860 3590 3024 3632 voces
3047 3577 3212 3630 velint
3249 3576 3420 3631 deuo-

1840 3684 1974 3739 tare,
2004 3688 2113 3726 non
2161 3670 2268 3726 alia
2315 3669 2587 3739 quaedam,
2622 3683 2746 3738 qua;
2790 3683 2821 3722 a
2870 3667 3142 3737 principio
3187 3667 3266 3721 illi
3308 3683 3418 3723 non

1837 3765 2074 3827 inerant,
2101 3761 2476 3833 superaddunt
2505 3779 2518 3815 :
2552 3768 2717 3830 atque
2749 3758 2803 3814 id
2830 3760 3015 3830 potius
3035 3758 3251 3829 copiam
3296 3759 3420 3813 adi-

108 3851 206 3902 ἵνα
241 3848 330 3919 μὴ
363 3847 618 3902 τοιοῦτον
645 3850 844 3919 πλῆθος
870 3851 1204 3922 ληρημᾶτων
1241 3854 1537 3926 Σωκράτην
1568 3874 1741 3911 κατα-

107 3942 416 4012 )είψεται.
462 3941 606 4012 Πλὴν
633 3943 680 3996 εἰ
712 3945 804 3995 καὶ
831 3943 953 3995 καθ’
981 3945 1239 4015 ἑκάτερον
1277 3946 1441 4016 μέρος
1471 3947 1569 4018 τῆς
1593 3947 1735 4002 διαι-

105 4037 346 4106 ρέσεως
377 4037 585 4104 ὁρᾶται
619 4035 692 4104 μὴ
724 4034 802 4105 τῷ
828 4035 999 4108 ἑτέρῳ
1039 4036 1402 4106 συνεπόμενα,
1435 4038 1472 4093 δι
1507 4040 1739 4095 συνόντα

100 4128 194 4197 τῷ
253 4127 464 4197 ἑτέρῳ
517 4127 866 4197 ὲγνωρίζετο,
921 4128 1073 4181 οὐδὲν
1101 4124 1266 4201 ἧττον
1298 4131 1327 4184 6
1353 4131 1513 4199 λόγος
1537 4132 1732 4202 εὕρετο

105 4219 646 4289 σπουδαζόμενοςο
699 4220 820 4273 οὐδὲ
873 4222 982 4291 γὰρ
1010 4221 1065 4274 εἴ
1111 4239 1182 4292 με
1209 4222 1322 4291 (48)
1378 4223 1579 4288 πάντα,
1639 4225 1741 4278 ὅσα

103 4313 308 4366 ταῦτα
344 4309 684 4382 προῦκειτο,
702 4310 871 4376 δεῖξαι
898 4312 996 4383 τὴν
1022 4312 1286 4384 διαφορὰν
1310 4313 1740 4385 ὲξοικειούμεναο

102 4402 236 4457 ἀλλ’
271 4403 470 4474 ἤρκει
495 4399 574 4470 τῷ
593 4399 737 4470 λόγῳ
761 4400 1132 4471 παραστῆσαι,
1168 4401 1221 4453 εἴ
1265 4418 1387 4454 τινα
1413 4401 1526 4472 (49)
1551 4403 1608 4454 ὲν
1632 4403 1747 4465 τοῖς

101 4493 419 4558 τοιούτοις
447 4493 764 4563 λεγομένων
791 4494 848 4545 ἐν
873 4496 939 4564 τῇ
965 4494 1104 4564 πρὸς
1129 4493 1334 4565 ἄλληλα
1359 4493 1619 4566 κοινωνίᾳ
1644 4494 1743 4548 καὶ

100 4589 219 4660 τὴν
253 4586 596 4660 ἑτερότητα
625 4585 894 4651 διασώζου
903 4605 1008 4642 σιν.

1839 3855 1940 3910 mit
1981 3853 2198 3910 dicendi
2225 3852 2502 3906 hominem
2535 3849 2740 3905 animal
2763 3865 2888 3905 esse
2912 3850 3199 3912 rationale,
3217 3865 3423 3920 corpus

1841 3944 1953 3999 imo
1982 3955 2036 3998 et
2078 3938 2464 4007 subsmntiam,
2500 3956 2568 3996 ne
2612 3949 2763 3996 tanta
2806 3942 3071 3997 tricarum
3125 3943 3423 3999 multitudo

1841 4036 2083 4092 Socratis
2109 4037 2287 4091 ideam
2339 4035 2608 4090 destruat.
2644 4032 2854 4104 Itaque,
2891 4035 3107 4089 tametsi
3159 4034 3216 4088 in
3253 4035 3421 4091 alter-

1843 4140 1964 4184 utra
1992 4128 2282 4184 divisionis
2321 4136 2474 4197 parte
2507 4141 2854 4196 quaecunque
2898 4126 3093 4181 adesse
3109 4125 3420 4194 deprehen-

1843 4219 2046 4273 duntur
2079 4219 2134 4272 in
2164 4218 2359 4279 altero,
2385 4217 2450 4270 ad
2481 4216 2716 4270 alterum
2742 4213 3018 4270 conﬂuere
3038 4231 3144 4269 non
3175 4217 3426 4270 animad-

1843 4320 2144 4376 vertantur,
2177 4325 2361 4366 sermo
2400 4318 2578 4364 tamen
2635 4323 2744 4362 non
2789 4307 2973 4363 minus
2999 4320 3295 4364 accuratus
3337 4309 3424 4363 iu-

1847 4398 2064 4454 venitur
2095 4416 2107 4452 :
2159 4413 2260 4452 nec
2298 4397 2444 4452 enim
2482 4412 2622 4466 opus
2662 4405 2804 4460 erat,
2849 4406 2909 4451 ut
2946 4398 3153 4463 omnia,
3203 4412 3324 4466 quae
3353 4400 3425 4454 ita

1848 4505 1908 4546 se
1934 4489 2226 4553 habebant,
2253 4503 2440 4543 secum
2471 4487 2705 4542 invicem
2739 4488 3036 4542 convenire
3069 4488 3427 4543 ostenderen-

1850 4597 1939 4638 tur
1973 4598 2220 4638 :-verum
2260 4581 2396 4636 satis
2431 4587 2573 4647 erat,
2628 4588 2688 4634 ut
2732 4595 2920 4635 sermo
2966 4581 3238 4650 proderet,
3283 4583 3427 4650 quod

1781 4684 1827 4740 ι)
1855 4676 2034 4744 aliqua
2068 4689 2282 4738 eorum,
2303 4688 2422 4742 quae
2446 4671 2820 4742 proferuntur,
2846 4672 2900 4726 in
2927 4672 3041 4741 ipsa
3065 4681 3254 4725 mutua
3276 4689 3430 4727 com-

1858 4768 2120 4824 munione
2149 4767 2519 4822 diversitatem
2551 4782 2774 4838 quoque
2803 4775 3099 4821 retineant.

1929 4859 2094 4929 Atqui
2119 4858 2174 4914 id
2209 4867 2420 4914 tantum
2459 4867 2686 4928 reponat
2710 4857 3010 4930 quispiam,
3039 4871 3184 4927 quoa
3225 4856 3429 4908 nullum

1860 4967 1929 5007 ex
1986 4950 2236 5006 adductis
2282 4950 2548 5020 exemplis
2591 4965 2718 5007 eum
2787 4950 3070 5020 proposita
3130 4948 3434 5020 qua‘stione

1865 5043 2060 5099 habeat
2101 5041 2307 5111 aliquid
2352 5056 2680 5108 commune;
2743 5041 2960 5110 quippe
2990 5041 3042 5094 in
3097 5055 3161 5095 ea
3202 5039 3432 5093 alterum

189 4874 393 4927 Ὅσον
430 4870 487 4924 δ’
527 4870 593 4925 ἄν
618 4885 702 4932 τις
725 4885 846 4939 ερῃ,
878 4869 952 4931 ως
983 4867 1136 4922 οὐδὲν
1159 4867 1267 4921 τῶν
1287 4867 1754 4939 παραδειγμάτων

105 4967 200 5032 εἰς
233 4965 587 5036 ὁμοιότητα
611 4965 723 5024 τοῖς
756 4961 851 5015 ἀπ’
883 4961 1059 5032 ἀρχῆς
1093 4961 1462 5031 ἠπορημένοις
1497 4960 1757 5030 συνέρχε-

104 5077 240 5124 ται,
266 5059 422 5112 οὔτε
463 5055 600 5108 ἴδιον
629 5054 855 5125 θατέρου
884 5054 1130 5123 θάτερον,
1165 5051 1289 5105 οὔτε
1341 5053 1586 5123 ὁρισμὸς,
1613 5053 1753 5117 ἀλλ’,

107 5151 198 5216 ὡς
243 5150 321 5204 ἂν
357 5149 533 5203 εἴποι
567 5163 672 5210 τις,
703 5146 944 5212 ὀνόματα
982 5143 1074 5196 δύο
1104 5143 1234 5214 περὶ
1275 5142 1336 5195 ἓν
1393 5142 1726 5212 ὑποκείμενα

1862 5134 2088 5190 verbum
2127 5147 2236 5188 non
2279 5142 2363 5187 est
2392 5131 2629 5197 ,alterius
2666 5130 2990 5201 proprietas,
3035 5131 3118 5186 vel
3166 5129 3431 5192 deﬁnitio,

111 5239 653 5312 ἀναστρεφόμενα,
683 5237 757 5302 ὡς
791 5237 1014 5302 λώπιον,
1038 5234 1134 5288 καὶ
1179 5235 1416 5303 ἱμάτιον.
1464 5233 1592 5296 Πῶς
1642 5228 1726 5287 οὖν

1859 5224 1953 5282 sed
1978 5225 2084 5280 diei
2110 5232 2340 5294 possunt
2376 5222 2488 5277 duo
2515 5221 2759 5287 nomina,
2782 5237 2905 5292 quae
2933 5222 3082 5277 circa
3111 5236 3282 5277 unum
3301 5220 3436 5275 sub-

110 5331 334 5403 φασὶν,
369 5333 444 5384 ὲν
486 5330 604 5389 σοῖς
635 5325 953 5397 προνομίοις
977 5326 1039 5378 τὸ
1067 5323 1256 5394 ἕτερον
1278 5325 1393 5385 τοῖς
1413 5321 1618 5386 αὐτοῖς,
1639 5323 1726 5392 οὐ]

1857 5317 2066 5387 jeetum
2108 5322 2418 5378 versantur,
2470 5314 2632 5368 veluti
2709 5313 2884 5369 vestis
2936 5322 2992 5369 et
3035 5313 3435 5370 indumentum.

113 5426 227 5480 καὶ
260 5424 536 5492 θάτερον
566 5418 1030 5486 ἐπιγινώσκεταις
1060 5412 1194 5469 Οἶδα
1248 5415 1346 5484 μὲν
1393 5408 1486 5466 οὖν
1536 5415 1594 5467 ὲν
1643 5417 1726 5466 ταξ

1863 5406 2150 5475 Quomodo
2200 5407 2404 5475 itaque.
2482 5404 2759 5474 inquiunt,
2829 5405 2919 5460 his
2971 5405 3026 5460 in
3086 5414 3439 5462 antecessum

110 5515 523 5590 γυμνασίαις
545 5510 703 5579 λόγον
729 5507 1022 5581 εἰρημένον
1052 5506 1293 5559 τοιοῦτον
1321 5523 1336 5537 ·
1373 5506 1449 5568 ὡς
1477 5507 1504 5558 6
1537 5503 1636 5574 μὲν
1668 5505 1726 5558 ἄν

1865 5500 2178 5556 constitutis
2221 5500 2477 5561 alterum,
2522 5506 2575 5552 et
2610 5513 2718 5551 non
2763 5497 2994 5552 alterum
3055 5498 3188 5568 ipsis
3237 5494 3442 5552 divinis

106 5587 406 5687 θρωπος,
450 5605 559 5661 καὶ
588 5606 623 5674 ἡ
653 5601 1009 5674 ἀνθρωπότης
1027 5599 1087 5653 τὸ
1109 5598 1241 5653 αὐτὸ
1283 5597 1381 5670 μὲν
1405 5597 1726 5667 ὑποκείμενο

1878 5595 2125 5664 personis
2152 5591 2415 5646 tributum
2448 5588 2764 5645 invenitur?
2783 5587 2920 5645 Novi
2949 5591 3210 5646 nimirum
3237 5589 3291 5644 in
3317 5601 3442 5644 scoo

1708 5729 1940 5787 NOTAE.

397 5894 537 5949 Pro
569 5889 781 5943 duabus
817 5887 939 5943 istis
971 5883 1178 5940 voculis
1212 5879 1274 5934 τὸ
1301 5877 1492 5949 ἐχρῆν,
1525 5881 1578 5930 ni
1607 5875 1788 5940 fallor,
1829 5871 2203 5944 reponendum
2235 5881 2400 5929 esset.

199 5898 314 5970 (48
397 5898 537 5949 Pro
569 5898 781 5969 duabus
817 5898 939 5943 istis
971 5898 1178 5964 vocuus
1212 5898 1274 5934 το
1301 5898 1492 5949 εχρην,
1525 5898 1578 5930 ιιι
1607 5898 1613 5929 1

201 5902 342 6028 (69;
390 5966 494 6019 Ita
525 5975 749 6014 oummo
781 5973 880 6028 pro
900 5974 951 6010 τι
989 5951 1337 6011 scribendum
1368 5959 1613 6003 autumo.

201 5902 342 6041 ξΐέῗέ
