4084 6458
308 385 417 449 205

1198 390 1300 450 AD
1326 390 1921 454 AMPHILOCHIUM
1957 392 2303 464 QUIESTIO
2340 394 2615 455 XXVIII.

3459 382 3569 445 206

307 503 489 571 πάσης
508 500 681 571 λαϐῆς
719 500 1115 571 ἀνακεχώρηκε
1149 500 1335 568 Matt;
1372 502 1481 555 Καὶ
1515 503 1645 574 γὰρ,
1681 505 1763 557 ὅτι
1795 506 1894 575 μὲν

1998 520 2160 558 omne
2190 506 2351 559 etiam
2379 507 2581 561 devitet
2611 503 3058 558 incommodum?
3086 500 3281 570 Aliquo
3309 499 3565 553 nimirum

305 594 367 645 οὐ
392 593 573 645 πάντα
606 592 675 646 τὰ
703 593 783 655 εἰς
802 593 1002 645 ταυτὸν
1029 594 1280 646 συνιέντα
1335 595 1474 647 κατὰ
1503 594 1679 648 πάντα
1706 613 1893 649 κοινω-

304 685 434 738 νοῦν
459 684 703 756 ἀλλήλοις
738 686 1071 748 ἁπαιτεῖται,
1100 685 1369 738 δέδεικται
1398 687 1600 757 τρόπον
1624 689 1769 741 τινά·
1802 690 1897 741 καὶ

305 780 396 831 ὅτι
426 779 459 849 ὴ
492 778 600 831 ἀπὸ
658 777 758 846 τῆς
817 778 1129 847 ἀνθρώπου,
1174 780 1269 831 καὶ
1317 781 1416 849 τῆς
1474 780 1895 849 ἀνθρωπότητος

308 870 495 939 φωνῆς
524 870 915 940 προτεινομένη
942 871 1136 939 χρῆσις
1168 871 1266 942 τὴν
1316 872 1375 923 ὲν
1404 874 1470 942 τῇ
1504 872 1752 941 θεολογίᾳ
1781 875 1895 926 δια-

309 962 426 1014 λύει
449 962 583 1032 ἔριν.
614 962 767 1032 Τάχα
792 962 837 1014 δ’
863 962 929 1015 ἂν
954 962 1047 1015 ἐπὶ
1070 961 1270 1032 μέρους
1286 962 1367 1015 ἔτι
1405 964 1553 1033 μένει
1578 965 1636 1018 τὸ
1668 965 1892 1035 ζήτημα

306 1054 406 1106 ναὶ
436 1053 526 1107 τὸν
544 1052 726 1122 ἔρωτα
742 1054 850 1106 τῶν
876 1053 1186 1122 φιλοσοφεῖν
1242 1055 1597 1125 αἱρουμένων
1654 1034 1890 1125 ἀναφλέ-

300 1159 463 1211 γειν·
521 1144 604 1198 ὅτι
657 1144 733 1216 μὴ
769 1145 863 1198 καὶ
885 1144 946 1199 τὸ
1001 1145 1187 1199 λοιπὸν
1237 1148 1472 1218 συνορᾷν
1521 1148 1889 1219 χειραγωγίαν

295 1253 478 1308 ευρομ

370 1415 439 1467 Τί
467 1410 561 1468 οῦν
597 1415 717 1473 ἐστι
747 1417 945 1486 (pawn;
974 1419 1039 1471 Τί
1074 1419 1131 1473 δὲ
1158 1419 1469 1491 σοφώτερον
1516 1421 1705 1492 ἕτερον
1746 1420 1885 1490 πρὸς

293 1504 403 1576 τὴν
430 1506 491 1571 ἐξ
518 1507 696 1577 ἀρχῆς
715 1511 972 1579 ἀπορίαν,
1002 1511 1034 1582 ἢ
1061 1511 1196 1563 διότι
1220 1514 1252 1581 ἡ
1287 1513 1387 1581 μὲν
1440 1511 1574 1575 Θεὸς
1600 1512 1750 1583 φωνὴ
1784 1514 1885 1584 τήν

299 1616 363 1651 τε
396 1601 561 1667 φύσιν
587 1600 747 1653 εἴωθε
782 1601 996 1671 δηλοῦν,
1023 1606 1118 1655 καὶ
1145 1604 1253 1655 τῶν
1284 1603 1504 1672 ἀτόμων
1536 1604 1768 1657 ἕκαστον
1788 1604 1882 1656 οὑ-

294 1690 392 1742 δὲν
420 1690 639 1744 ἔλαττον
662 1692 873 1761 πέφυκε
910 1693 1197 1762 σημαίνειν
1219 1711 1233 1725 ·
1268 1695 1301 1765 ἡ
1331 1694 1385 1747 δὲ
1416 1694 1620 1762 Θεότης
1662 1712 1881 1765 σημαν-

298 1782 457 1834 τικόν
478 1800 555 1847 τε,
581 1784 675 1836 καὶ
703 1784 998 1854 δηλωτικὸν
1029 1786 1201 1855 αὐτῆς
1222 1803 1283 1854 γε
1319 1787 1485 1858 μόνης
1514 1788 1615 1857 τῆς
1639 1786 1876 1857 φύσεως;

299 1874 398 1927 Διὸ
430 1876 769 1946 περιεκτικὸν
804 1877 903 1946 μὲν
936 1878 1217 1949 ήΘεότης,
1259 1878 1447 1949 ὥσπερ
1488 1881 1583 1932 καὶ
1611 1881 1643 1950 ἡ
1694 1878 1876 1948 φύσις,

298 1966 528 2030 εἰκότως
558 1969 623 2020 ἂν
655 1968 845 2039 ῥηθείη
880 1969 988 2021 τῶν
1014 1970 1363 2023 ὕποστ-ἔισεων
1391 1987 1404 2000 ·
1451 1971 1570 2023 οὐδὲ
1592 1970 1651 2023 δὲ
1674 1970 1878 2039 Θεότης

296 2058 413 2109 ⁶τῶν
439 2059 716 2128 ὑπἀὐτῆς
744 2064 1155 2131 περιεχομένων
1216 2064 1332 2133 (καὶ
1388 2063 1496 2131 γὰρ
1533 2063 1654 2116 οὐδὲ
1691 2063 1875 2133 φύσις)

292 2148 523 2202 δύναται
556 2150 829 2219 λέγεσθαι.
876 2153 940 2205 Ἡ
969 2154 1025 2205 δὲ
1064 2154 1196 2215 Θεὸς
1240 2155 1415 2224 φωνὴ,
1468 2155 1660 2225 ὥσπερ
1717 2173 1878 2225 περι-

294 2241 583 2310 ληπτικὸν,
626 2242 768 2297 οῦτω
816 2244 879 2315 δὴ
934 2246 1029 2298 καὶ
1065 2246 1364 2316 δηλωτικὸν
1421 2248 1529 2299 τῶν
1582 2248 1876 2319 ὑπερφυῶν

293 2333 649 2388 ὑποστάσεων
685 2352 697 2365 ·
733 2336 813 2389 διὸ
852 2336 948 2390 καὶ
998 2338 1309 2403 ἀκολούθως
1362 2341 1391 2392 ὁ
1435 2339 1595 2409 λόγος
1640 2340 1875 2395 ἕκαστον

282 2425 405 2478 τῶν
434 2426 599 2495 τριῶν
622 2427 754 2481 Θεὸν
781 2427 1071 2499 ὀνομάζειν
1099 2430 1412 2485 ἐπίσταται.

366 2688 503 2742 Είδέ
530 2708 613 2754 τις
642 2692 818 2744 αἰτίαν
846 2695 1253 2764 νεανιευόμενος
1281 2697 1548 2767 ἐπιζητεῖ,
1580 2699 1632 2752 τί
1653 2700 1717 2772 δή
1742 2718 1871 2754 ποτε

283 2782 327 2850 ἡ
356 2781 457 2851 μὲν
486 2783 840 2853 ἀνθρωπότης
862 2786 961 2853 τὴν
989 2785 1173 2853 φύσιν,
1201 2790 1229 2840 ὁ
1259 2788 1315 2841 δὲ
1343 2788 1630 2860 ἄνθρωπος
1657 2793 1752 2844 καὶ
1783 2794 1873 2862 τὴν

282 2871 477 2936 φύσιν,
514 2872 609 2924 καὶ
642 2871 702 2923 τὸ
726 2872 847 2925 καθ’
876 2874 1079 2927 ἕκαστα
1123 2877 1331 2945 πέφυκε
1376 2877 1602 2947 δηλοῦν·
1651 2881 1873 2951 λέληθεν

281 2961 485 3013 ἑαυτὸν
530 2962 587 3015 ἐν
636 2962 714 3029 τῷ
742 2964 982 3031 νομίζειν
1029 2964 1221 3031 σοφίας
1253 2965 1519 3035 ὑπόληψιν
1554 2966 1749 3037 θηρᾷν,
1790 2970 1871 3032 είς

286 3051 535 3119 ἀμαθίαν
580 3052 926 3123 ἐκφέρεσθαι,
964 3054 1138 3123 ἀρχὰς
1186 3055 1461 3125 ἐπιζητῶν
1515 3057 1622 3109 τῶν
1664 3058 1866 3130 ἀρχῶν,

2000 606 2159 663 pacto
2190 603 2470 649 ostensum
2503 604 2604 659 est,
2640 594 2782 663 quod
2826 608 2934 646 non
2977 591 3180 656 omnia,
3208 604 3330 658 qua:
3374 588 3569 641 eodem

1998 685 2247 748 redeunt,
2297 694 2545 739 mutuam
2594 688 2647 739 in
2699 684 2969 738 universis
3019 679 3567 737 communicationem

1995 786 2294 846 exposcant
2319 795 2332 841 ;
2357 788 2409 831 et
2439 777 2583 847 quod
2622 792 2817 830 vocum
2850 775 3085 829 hominis
3130 783 3184 827 et
3213 770 3569 826 humanitatis

1995 869 2276 937 expositus
2301 885 2435 923 usus
2478 869 2699 921 dirimat
2730 869 2783 921 in
2826 868 2990 921 rebus
3013 865 3213 921 divinis
3250 874 3568 918 controver-

1994 959 2153 1013 siam.
2181 959 2434 1014 Protinus
2484 960 2666 1029 itaque
2696 959 2927 1028 quaestio
2971 972 3035 1011 ex
3061 972 3170 1010 una
3204 954 3382 1009 adhuc
3416 964 3569 1022 parte

1991 1051 2273 1104 enodanda
2301 1060 2570 1120 superest,
2602 1060 2656 1105 et
2678 1050 3007 1105 desiderium
3037 1062 3229 1102 eorum
3272 1048 3363 1116 qui
3394 1046 3569 1116 philo-

1988 1142 2205 1211 sophari
2237 1143 2482 1211 cupiunt,
2535 1142 2835 1197 accendere
2860 1158 2874 1206 ;
2898 1141 3027 1211 quia
3074 1140 3126 1193 id
3151 1154 3389 1207 quoque,
3421 1138 3564 1207 quod

1988 1238 2232 1307 iniquum
2272 1246 2377 1304 est,
2409 1238 2654 1293 nondum
2687 1254 2786 1293 sua
2812 1237 3197 1293 euucleatione
3226 1233 3389 1304 potiri
3414 1233 3565 1287 vide-

1986 1338 2097 1381 tur.

2056 1415 2324 1482 Quidnam
2357 1426 2440 1473 est
2470 1432 2601 1489 ergo
2629 1416 2964 1472 dicendum?
2995 1413 3063 1469 Et
3110 1413 3372 1484 quidnam
3414 1407 3562 1464 aliud

1984 1508 2155 1578 magis
2186 1510 2253 1563 ad
2284 1510 2643 1580 quaeSIiouem
2672 1509 3008 1579 propositam
3041 1506 3190 1570 facit,
3219 1520 3382 1574 quam
3416 1501 3563 1571 quod

1981 1615 2044 1654 ex
2074 1616 2161 1666 eo,
2188 1603 2316 1672 quia
2360 1619 2464 1657 vox
2512 1601 2653 1657 Deus
2684 1612 2738 1655 et
2786 1611 3036 1655 naturam
3081 1598 3389 1667 exprimere
3432 1609 3562 1649 con-

1982 1694 2192 1758 suevit,
2249 1705 2304 1748 et
2365 1695 2433 1749 ad
2498 1708 2943 1764 unamquamque
3005 1703 3361 1761 personarum
3418 1685 3562 1740 indi-

1981 1786 2209 1838 candam
2244 1801 2350 1839 non
2375 1787 2556 1840 minus
2601 1795 2905 1855 opportuna
2944 1793 3028 1838 est
3062 1801 3076 1837 :
3118 1796 3221 1836 vox
3256 1788 3440 1834 autem
3474 1776 3564 1830 Di-

1985 1877 2182 1930 vinitas
2240 1878 2442 1932 imlicat
2512 1877 2879 1945 exprimitque
2948 1874 3123 1944 ipsam
3183 1867 3561 1926 tantummodo

1981 1978 2232 2021 naturam
2262 1984 2277 2033 ;
2309 1968 2512 2022 ideirco
2542 1968 2822 2031 divinitas,
2864 1974 2923 2020 ut
2956 1976 3010 2020 et
3046 1973 3263 2030 natura,
3297 1977 3561 2032 personas

1981 2059 2262 2113 continere
2293 2058 2487 2112 merito
2520 2058 2630 2112 dici
2663 2065 2886 2127 posset:
2922 2063 2979 2109 at
3015 2071 3123 2110 non
3159 2063 3335 2123 potest
3359 2050 3561 2105 Divini-

1982 2153 2066 2198 tas
2109 2145 2333 2215 (quippe
2380 2160 2447 2199 ne
2491 2146 2608 2215 ipsa
2659 2145 2881 2214 quidem
2930 2145 3153 2211 natura)
3199 2142 3267 2196 de
3302 2138 3558 2210 personis

1978 2252 2117 2306 quas
2156 2239 2418 2301 continet,
2456 2237 2760 2291 enuntiari.
2808 2234 2922 2289 Vox
2954 2243 3133 2288 autem
3175 2233 3342 2297 Deus,
3367 2238 3559 2300 utpote

1976 2332 2106 2399 quia
2136 2346 2240 2383 nou
2285 2331 2447 2383 modo
2475 2332 2622 2397 ipsus
2663 2343 2926 2399 personas
2968 2327 3388 2396 angustissimas
3422 2340 3557 2377 con-

1977 2423 2130 2485 tinet,
2162 2422 2256 2475 sed
2293 2428 2346 2474 et
2377 2422 2594 2475 easdem
2622 2420 2903 2488 exprimit,
2936 2418 3058 2472 ideo
3087 2416 3464 2485 consequitur,
3497 2424 3558 2469 ut

1976 2512 2030 2565 in
2066 2526 2314 2565 sermone
2338 2511 2639 2579 quamlibet
2666 2509 2829 2564 trium
2888 2509 3251 2579 hypostaseon
3281 2506 3557 2575 possimus

1975 2602 2143 2657 Deum
2170 2619 2505 2673 nuncupare.

2044 2694 2197 2760 Quod
2226 2696 2269 2748 si
2298 2695 2422 2765 quis
2451 2701 2718 2749 monstrat
2756 2694 2937 2749 denuo
2964 2708 3023 2749 se
3073 2691 3348 2763 inquirere
3382 2690 3553 2745 ratio-

1974 2801 2120 2849 nem,
2151 2802 2248 2840 cur
2273 2785 2586 2840 humanitas
2616 2794 2888 2845 naturam,
2919 2785 3085 2839 homo
3114 2794 3299 2838 autem
3331 2791 3439 2836 tam
3462 2796 3557 2835 na-

1975 2885 2149 2929 turam
2197 2891 2360 2943 quam
2406 2875 2743 2929 individuum
2789 2873 3129 2945 signiﬁcandi
3166 2873 3273 2926 vim
3313 2871 3554 2925 habeat:

1973 2967 2061 3020 hic
2089 2968 2329 3021 nondum
2369 2968 2543 3021 sensit
2580 2982 2718 3030 sese,
2753 2966 2882 3020 dum
2935 2966 3215 3035 sapientite
3240 2962 3556 3033 Opinionem

1972 3058 2159 3112 venari
2195 3067 2371 3127 putat,
2410 3058 2463 3111 in
2491 3058 2776 3112 stultitiam
2804 3057 3068 3123 incidere,
3098 3055 3224 3125 quia
3256 3053 3555 3123 principio-

289 3144 392 3197 καὶ
441 3144 547 3197 τῶν
598 3144 854 3198 ἀναιτίων
913 3146 1165 3206 ἀπαιτεῖν
1204 3148 1381 3210 αἰτίας
1438 3147 1910 3237 ὑποσυρόμενοςἽ

1981 3166 2088 3203 rum
2112 3148 2379 3219 principia
2412 3158 2706 3214 scrutatur,
2742 3157 2796 3203 et
2820 3164 3032 3209 eorum,
3055 3163 3174 3217 quae
3196 3160 3414 3201 causam
3441 3159 3553 3198 non

305 3236 467 3289 Ἀλλὰ
505 3236 677 3291 ταῦτα
716 3237 816 3308 μὲν
844 3238 870 3291 ὁ
897 3236 1271 3310 κεφαλαιώδης
1296 3236 1391 3290 τοῦ
1422 3238 1579 3310 λόγου
1607 3238 1796 3306 τύπος.

821 3440 1157 3494 ΕΡΩΤΗΣΙΣ
1195 3442 1330 3494 KH’.

269 3532 355 3584 El
410 3530 517 3584 τοῦ
569 3532 755 3586 αὐτοῦ
808 3534 1002 3586 αΙτΙου
1048 3534 1323 3601 πρόεισιν
1369 3538 1403 3589 ό
1471 3534 1604 3601 Υἱὸς
1654 3536 1751 3589 καί
1798 3536 1867 3590 τὸ

364 3603 627 3675 Πνεῦμα,
664 3601 791 3675 πῶς
837 3604 973 3675 οὐχί
1008 3607 1124 3675 τὴν
1169 3604 1286 3675 τῶν
1321 3606 1603 3675 ἀδελφῶν
1647 3605 1864 3661 ἀναδέ-

362 3673 568 3747 ξοιςται
599 3673 845 3747 κλῆσιν,
868 3671 977 3747 grai
1011 3673 1125 3741 τὴν
1144 3673 1250 3727 τοῦ
1285 3676 1422 3730 ΥΙοῦ
1454 3671 1865 3747 ἀροσηγορίαν

361 3741 613 3795 ὑπέλθοι
642 3742 707 3795 τὸ
736 3742 1019 3811 ﬁnium;

1976 3240 2197 3301 habent.
2226 3256 2419 3295 causas
2445 3247 2614 3296 tcutat
2640 3241 2929 3311 expiscari.
2962 3239 3143 3309 Atque
3173 3238 3286 3293 haec
3313 3236 3559 3291 sermoni

1976 3333 2381 3402 compendiario
2407 3333 2541 3387 satis
2562 3341 2725 3387 erunt
2751 3332 2886 3402 (52).

2254 3443 2581 3510 QUIESTIO
2616 3444 2832 3499 XXVIII
2868 3442 2967 3517 [ιιι.
3001 3442 3240 3515 XXVII].

1973 3536 2035 3592 Si
2075 3553 2139 3590 ex
2177 3537 2355 3589 eodem
2408 3538 2664 3605 principio
2714 3536 2889 3590 Filius
2938 3553 3001 3590 ac
3058 3536 3552 3606 Spiritusrsanctus

2046 3608 2330 3676 procedunt
2388 3607 2649 3676 quomodo
2706 3623 2799 3660 nec
2852 3607 3084 3676 fratrum
3147 3605 3550 3674 appellationem

2042 3674 2323 3785 accipieyt,
2356 3674 2447 3729 nec
2498 3674 2629 3730 Filii
2681 3674 2867 3730 nomen
2916 3676 3150 3744 Spiritus
3190 3686 3404 3730 sanctus
3457 3692 3552 3729 ac—

2047 3757 2215 3785 nm"!

2047 3757 2215 3816 quiret
2238 3757 2250 3800 Ξ

1122 3854 1259 3906 Edita
1281 3855 1342 3905 ab
1367 3857 1479 3908 Ant.
1517 3859 1707 3918 Seotto,
1742 3859 1778 3907 l.
1803 3871 1869 3919 e.,
1906 3872 1955 3921 p.
1982 3857 2060 3906 26.
2088 3859 2373 3921 Dogmatica
2395 3858 2458 3907 de
2478 3857 2741 3908 Trinitate.

373 3961 438 4014 Ἦ
466 3962 563 4032 μὲν
586 3963 834 4031 πρόοδος,
864 3958 910 4017 ὦ
943 3964 1204 4035 βέλτιστε,
1230 3966 1345 4036 ἅμα
1380 3985 1437 4019 τε
1463 3968 1555 4022 καὶ
1591 3967 1869 4022 ἀδιαστά-

274 4073 403 4121 τως
433 4057 448 4087 ¹
482 4057 545 4108 ὲκ
572 4056 664 4109 τοῦ
707 4058 920 4128 Πατρὺς
965 4059 1044 4127 τῷ
1085 4076 1144 4111 τε
1178 4060 1312 4130 Υίῴ,
1344 4060 1439 4113 καὶ
1481 4061 1557 4128 τῷ
1588 4060 1867 4131 Πνεῦματι

276 4147 641 4215 θεολογεῖται.
674 4149 861 4211 Οὐδεὶς
905 4148 949 4201 δ’
979 4150 1276 4217 ἁναγκάτει
1318 4149 1476 4217 λόγος
1512 4151 1593 4211 είς
1633 4150 1732 4220 τὴν
1770 4148 1865 4202 τοῦ

275 4238 424 4292 Υἱοῦ
458 4241 785 4308 μεταπεσεῖν
819 4242 1209 4311 προσηγορίαν,
1238 4241 1270 4313 ἢ
1295 4240 1392 4312 τὴν
1412 4241 1707 4312 ἀδελφικὴν
1731 4243 1865 4296 ἀνα-

274 4330 542 4394 δέξασθαι
579 4331 794 4400 σχέσιν·
836 4331 916 4384 ὅτι
975 4332 1110 4401 μηδὲ
1163 4330 1225 4384 τὸ
1271 4331 1539 4386 ἀνάπαλιν
1578 4332 1864 4402 ὲννοεῖν,ἢ

2042 3966 2324 4023 Processio
2345 3984 2373 4021 a
2400 3968 2582 4031 Patre,
2605 3967 2810 4037 optime
2836 3966 2936 4027 vir,
2966 3965 3188 4035 pariter,
3212 3978 3276 4019 ac
3290 3965 3406 4018 sine
3431 3980 3554 4019 con-

1973 4061 2226 4113 lroversia
2259 4068 2311 4113 et
2345 4060 2411 4115 de
2442 4058 2598 4125 Filio,
2632 4070 2687 4113 et
2729 4059 2796 4113 de
2830 4058 3039 4128 Spiritu
3075 4066 3266 4112 sancto
3308 4056 3362 4110 in
3398 4071 3551 4112 sacra

1971 4151 2215 4204 doctrina
2237 4150 2552 4204 enuntiatur
2577 4166 2591 4203 :
2622 4148 2803 4203 nullus
2826 4158 3008 4203 tamen
3029 4148 3329 4202 insinuabit
3347 4163 3549 4213 sermo,

1970 4243 2113 4311 quod
2153 4243 2205 4296 in
2240 4243 2361 4296 Filii
2393 4257 2588 4296 nomen
2641 4240 2877 4310 Spiritus
2922 4250 3140 4295 sanctus
3181 4240 3406 4305 incidat,
3455 4250 3551 4296 aut

1973 4336 2117 4405 quod
2146 4335 2441 4389 fraternam
2470 4334 2727 4403 suscipiat
2751 4333 3117 4387 conditionem
3141 4350 3155 4385 :
3181 4332 3435 4400 quoniam
3459 4347 3551 4386 nec

275 4423 488 4488 λέγειν,
513 4422 587 4485 ὠς
616 4423 645 4475 ὁ
673 4423 799 4486 Υἱὸς
821 4425 899 4486 είς
925 4425 986 4476 τὸ
1011 4426 1340 4496 ὲκπορευτὸν
1371 4428 1587 4494 μέτεστι
1618 4426 1863 4496 Πνεῦμα,
1902 4441 1910 4494 1

1981 4441 2079 4496 que
2112 4435 2298 4480 contra
2327 4426 2639 4480 existimare
2684 4440 2975 4495 possumus
2997 4464 3011 4487 ,
3040 4431 3133 4477 aut
3174 4424 3375 4488 dicere,
3405 4424 3550 4493 quod

276 4511 317 4582 ἢ
355 4512 449 4581 τὴν
499 4513 708 4566 ἐκείνου
760 4514 945 4583 σχέσιν
981 4514 1314 4579 ἐξιδιώσατο.
1354 4516 1515 4569 Ἀλλὰ
1563 4515 1737 4570 ταῦτα
1770 4517 1873 4586 μὲν

1981 4518 2137 4571 Filius
2168 4516 2219 4570 in
2260 4515 2525 4587 Spiritum
2562 4526 2813 4572 sanctum
2857 4516 3245 4585 procedentem
3288 4523 3548 4582 mutetur,

232 4669 244 4679 .
276 4603 517 4666 ἕκαστος
546 4604 655 4656 τῶν
680 4604 804 4658 νοῦν
831 4605 973 4679 ἔχειν
1004 4606 1319 4676 ἠξιωμένων
1350 4608 1585 4676 Χριστοῦ
1616 4608 1709 4661 καὶ
1735 4626 1868 4679 φρο-

1981 4609 2203 4679 mtcius
2237 4610 2622 4679 proprietatem
2660 4608 2761 4661 sibi
2805 4607 3060 4662 vindicet.
3095 4606 3335 4676 Quisque
3368 4614 3549 4660 autem

276 4690 423 4758 νεῖν,
461 4696 554 4749 καὶ
586 4697 855 4751 διδάσκειν
905 4699 1097 4763 ἄλλους
1156 4700 1373 4770 ἕτοιμον
1424 4701 1723 4771 παρέχεται
1769 4702 1868 4771 τὴν

1981 4718 2175 4767 aorum,
2207 4702 2299 4771 qui
2327 4700 2527 4755 Christi
2560 4698 2881 4769 sapientiam
2912 4706 3207 4754 censentur
3234 4698 3453 4761 habere,
3480 4696 3548 4749 ad

274 4786 469 4856 χάριν.
497 4790 571 4842 Οὐ
610 4789 719 4860 γὰρ
746 4791 882 4844 διότι
911 4793 975 4844 ὲκ
1005 4792 1097 4845 τοῦ
1134 4793 1296 4846 αὑτοῦ
1328 4793 1701 4860 θεολογοῦνται
1729 4811 1868 4864 προ-

1987 4810 2083 4849 ιξιιο
2129 4804 2236 4848 tam
2268 4791 2573 4855 sentiendo,
2627 4806 2792 4861 quam
2824 4792 2945 4846 aliis
3003 4790 3263 4846 tradenda
3316 4788 3551 4844 libenter

270 4877 449 4942 ῖέναι,
480 4878 513 4949 ἢ
547 4881 628 4943 εἰς
663 4883 888 4952 υίότητα
916 4882 978 4935 τὸ
1011 4883 1239 4953 Πνεῦμα
1276 4883 1725 4955 συνδιαστήσεται
1768 4886 1867 4954 τῆς

1981 4903 2083 4942 sese
2116 4886 2356 4940 exhibet.
2399 4883 2516 4940 Non
2562 4886 2707 4939 enim
2752 4884 2875 4955 quia
2924 4899 2989 4937 ex
3035 4883 3229 4938 eodem
3279 4878 3552 4950 principio

1572 4994 1807 5051 VARI/ES
1848 4998 2258 5056 LECTIONES.

376 5080 525 5137 ‘Non
546 5082 903 5145 ἀδιστὰκτως.
935 5083 1269 5139 Vertcndutu
1301 5103 1313 5138 :
1340 5088 1452 5140 sine
1479 5088 1784 5143 intervallo.

1805 5183 2037 5241 ΝΟΤΑΞ.

361 5271 471 5339 (5‘2)
509 5271 585 5326 Ex
620 5274 720 5328 hac
747 5275 1049 5343 quastione
1080 5274 1150 5328 ita
1188 5290 1308 5329 sese
1341 5275 1569 5329 extricat
1608 5275 1673 5332 D.
1714 5276 1863 5331 Tho-

278 5357 427 5414 mas.
457 5343 679 5397 Fatetur
730 5346 964 5414 primum
1015 5345 1176 5413 (part.
1226 5359 1264 5405 I,
1306 5357 1498 5413 qutest.
1542 5348 1638 5411 59,
1668 5358 1773 5402 art.
1810 5349 1864 5411 6,

275 5412 353 5464 ad
383 5419 598 5479 sccnn.)
620 5412 763 5469 recte
787 5415 893 5468 dici
918 5412 1147 5467 divinam
1186 5412 1467 5468 essentiam
1498 5434 1608 5469 esse
1630 5417 1862 5479 Patrem,

271 5482 410 5551 quia
443 5494 565 5553 tunc
594 5493 673 5537 est
720 5485 1030 5553 pra’dicatio
1080 5500 1173 5551 per
1223 5485 1584 5549 identitatem;
1642 5498 1696 5541 et
1734 5489 1863 5541 alibi

275 5560 414 5624 (art.
443 5552 497 5613 5,
522 5555 586 5606 ad
612 5552 821 5623 quam.)
841 5556 1069 5608 essentia
1094 5556 1295 5618 divina,
1322 5556 1518 5624 inquit,
1539 5559 1866 5623 praedicatur

272 5624 349 5674 de
376 5620 537 5675 Patre
565 5620 655 5691 per
673 5620 903 5678 modum-
922 5624 1219 5679 identitatis
1248 5620 1460 5690 propter
1482 5620 1717 5680 divinam
1742 5630 1867 5681 sint-

272 5692 601 5768 plicitatem.
639 5692 756 5747 Jatu
808 5710 971 5768 porro
1005 5696 1164 5768 ducet
1209 5695 1411 5768 idcirco
1442 5696 1580 5768 hanc
1608 5698 1865 5768 proposi-

277 5764 489 5836 tionem
516 5762 681 5836 Pater
725 5762 975 5836 estiDeus
1008 5765 1190 5836 potius
1224 5765 1509 5829 adhiberi,
1552 5762 1678 5836 quia
1706 5762 1862 5829 (ibid.

278 5840 392 5886 art.
427 5833 482 5900 5,
515 5834 567 5888 in
595 5840 771 5905 corp.)
809 5834 932 5889 licet
967 5834 1252 5889 secundum
1296 5850 1405 5889 rem
1430 5837 1498 5890 sit
1524 5833 1662 5893 idem
1698 5837 1861 5904 Dens,

1968 5280 2105 5349 quod
2141 5278 2341 5343 Deitas,
2367 5296 2467 5332 non
2500 5288 2671 5331 tamen
2706 5288 2780 5331 est
2825 5276 2961 5349 idem
2991 5276 3176 5349 modus
3204 5275 3550 5349 signiﬁcandi

1969 5346 2281 5426 utrobique:
2315 5366 2436 5426 nam
2469 5349 2564 5402 hoc
2596 5364 2783 5426 nomen
2818 5347 2981 5426 Deus,
3007 5347 3129 5426 quia
3168 5346 3435 5426 signiﬁcat
3460 5348 3549 5426 di-

1970 5416 2485 5479 i-inantessentiam,
2517 5428 2575 5472 ut
2604 5420 2658 5471 in
2691 5418 2909 5471 habente
2968 5417 3115 5478 (vide
3160 5416 3323 5469 etiam
3356 5424 3462 5469 art.
3488 5416 3545 5477 4,

1966 5490 2025 5544 in
2058 5490 2235 5557 corp.)
2275 5505 2339 5541 ea:
2395 5493 2549 5541 modo
2583 5504 2693 5541 sua:
2721 5487 3141 5557 signiﬁcationis
3169 5484 3357 5545 habet,
3408 5487 3548 5554 quod

1968 5560 2133 5627 possit
2162 5556 2474 5626 supponere
2515 5575 2609 5627 pro
2638 5574 2955 5626 persona....
2990 5556 3092 5609 Sed
3125 5556 3219 5627 hoc
3245 5571 3431 5608 nomen
3467 5573 3549 5627 ese

1967 5626 2140 5683 sentia
2175 5644 2277 5679 non
2304 5628 2457 5681 liabet
2505 5644 2569 5682 ex
2614 5628 2768 5680 modo
2792 5643 2901 5681 sua:
2934 5626 3358 5695 signiﬁcationis,
3410 5626 3549 5692 quod

1971 5707 2235 5767 supponat
2281 5714 2375 5761 pro
2410 5714 2655 5767 persona,
2690 5698 2815 5767 quia
2842 5700 3105 5767 supponit
3151 5696 3456 5767 essentiam,
3484 5704 3550 5767 (ut

1973 5714 2235 5767 supponat
2281 5714 2375 5761 pro
2410 5714 2655 5765 persona,
2725 5714 2815 5750 uta
2862 5714 3105 5762 supponit
3151 5714 3456 5760 essentiam,
3492 5714 3549 5747 ut

1973 5772 2211 5839 formant
2231 5767 2577 5839 abstractam.
2615 5714 2749 5823 Vige
2781 5766 2947 5822 ctiam
3000 5766 3234 5830 Estium,
3266 5765 3359 5819 lib.
3390 5780 3429 5830 t,
3464 5765 3551 5818 di-

1974 5836 2161 5895 Stinct.
2190 5838 2244 5904 4,
2285 5836 2312 5909 §
2350 5842 2449 5894 let
2470 5837 2525 5895 2.
