4084 6470
650 374 755 441 207

1790 378 2052 440 PHOTlI
2082 356 2588 440 PAanancmi
2626 380 2734 437 ca.
3780 377 3866 442 eos

656 502 882 561 uterque
917 492 1113 547 dicitur
1158 507 1187 545 a
1220 492 1487 560 theologis
1535 490 1827 559 procedere
1849 532 1862 555 ,
1898 492 2102 546 ideirco
2128 498 2223 545 aut

2329 488 2462 551 ίδίας
2491 489 2841 557 ἐξιστάμενον
2871 488 3126 558 ἰδιότητος
3150 504 3163 518 ·
3193 488 3225 557 ἧ
3267 490 3294 541 ό
3325 488 3463 550 Tib;
3505 503 3608 555 της
3642 504 3879 559 χαρακτη-

655 584 888 652 Spiritus
920 592 1139 638 sanctus
1166 599 1231 638 ex
1257 583 1584 652 preprietate
1614 598 1710 637 sua
1731 583 1969 637 dimotns
2001 584 2051 635 in
2086 584 2221 636 filia—

651 675 799 729 tione
824 674 1212 735 collocabitur;
1250 682 1343 727 aut
1369 672 1539 727 Filius
1561 673 1629 727 ab
1656 689 1741 737 ea,
1761 691 1880 743 qua:
1910 675 2086 742 ipsum
2111 675 2221 727 dis-

651 765 867 836 tinguit,
902 766 1249 835 generatione
1276 765 1555 829 recedens,
1614 781 1736 819 eum
1769 766 2005 835 Spiritus
2047 766 2221 819 sam-ti

652 856 984 924 proprietate
1018 855 1387 909 confundetur
1416 872 1513 909 :ex
1545 857 1732 909 eodem
1757 856 1899 909 enim
1926 856 2218 924 principio,

652 943 746 997 sed
781 958 890 997 non
918 945 1107 999 eodem
1143 956 1298 1013 pacto
1323 945 1481 998 ambo
1521 945 1846 1014 procedunt;
1880 961 1978 998 nec
2022 960 2219 998 secun-

652 1035 781 1087 dum
812 1037 1056 1089 eamdem
1092 1037 1476 1106 proprietatem
1499 1047 1581 1091 est
1612 1038 1890 1105 utriusque
1923 1036 2218 1105 processio.

654 1124 867 1178 Etenim
916 1125 1085 1182 Filius
1114 1128 1335 1196 quidem
1370 1129 1610 1195 procedit
1653 1145 1683 1179 a
1731 1127 1906 1190 Patre,
1942 1142 2133 1195 m-mpc
2165 1135 2223 1178 ut

654 1216 893 1282 genitus,
928 1217 1161 1286 Spiritus
1189 1229 1411 1273 sanctus
1442 1229 1619 1272 autem
1656 1234 1751 1288 per
1794 1219 2219 1287 processionem,

656 1320 779 1373 qua:
823 1308 981 1360 aliam
1033 1309 1106 1363 illi
1157 1310 1249 1363 dat
1274 1311 1689 1378 proprietatem,
1740 1310 1834 1363 sed
1881 1324 2059 1376 neque
2109 1310 2223 1361 lizec

657 1400 932 1462 processio
980 1400 1347 1467 generationis
1390 1402 1663 1456 notionem
1707 1401 1809 1454 sibi
1847 1401 2119 1455 conciliat.
2150 1400 2224 1452 Ita

659 1501 791 1539 sane
824 1503 911 1542 res
942 1506 1001 1541 se
1044 1490 1233 1556 habet;
1267 1501 1319 1544 et
1364 1492 1456 1560 qui
1497 1494 1793 1546 secundum
1834 1493 2076 1546 diversas
2124 1507 2227 1543 no-

657 1574 832 1630 tiones
854 1594 883 1630 a
913 1579 1070 1633 Patre
1102 1582 1249 1635 exire
1272 1584 1545 1643 dicuntur,
1580 1583 1851 1635 diversam
1875 1598 2092 1649 quoilue
2127 1596 2226 1632 no-

2325 580 2581 651 ριζοὺσης
2613 581 2774 633 αὑτὸν
2798 583 3039 644 intorti;
3078 581 3384 650 γεννήσεως
3422 581 3510 641 είς
3544 579 3608 631 ’ὐδ
3638 578 3725 631 τ’ιῦ
3748 581 3885 634 Πνεύυ

2326 688 2496 743 ματος
2558 672 2755 740 ἰδίωμα
2818 672 3250 741 συγχυθήσεται·
3313 674 3379 724 ἐκ
3444 670 3549 722 τοῦ
3604 671 3760 723 αὑτοῦ
3801 675 3884 740 γὰρ

2322 764 2508 831 ἄμφω,
2544 762 2659 815 ἀλλ’
2708 763 2805 831 οὑχ
2862 762 3144 825 ὡσαύτως,
3179 763 3299 815 οὐδὲ
3336 761 3494 815 κατά
3534 762 3641 830 τὴν
3688 763 3887 833 ἰδιότητα

2320 856 2421 923 τὴν
2447 855 2615 923 αὑτὴν
2649 854 2966 924 ήέκατέρου
3005 854 3246 925 πρόοδος.
3280 857 3389 907 Καὶ
3421 856 3541 924 γὰρ
3588 857 3619 906 ὁ
3660 855 3755 922 μὲν
3784 857 3886 918 Tib;

2325 944 2422 997 τοῦ
2458 946 2665 1016 [ἰατρὸς
2708 945 2948 1015 προῆλθε
2989 946 3053 1016 δὴ
3080 946 3350 1014 γεννητῶς
3369 965 3384 976 ’
3418 949 3488 1000 τὸ
3517 948 3747 1017 Πνεῦμα
3771 948 3819 1002 δὲ
3840 950 3889 1003 Ξ

2328 1037 2705 1105 ὲκπορεύσεως
2757 1039 3073 1108 αἰκειομένη
3102 1040 3214 1109 (53)
3271 1040 3510 1109 ἰδίωμα·
3555 1040 3696 1093 ἀλλὰ
3738 1042 3891 1112 οὑδὲή

2333 1129 2659 1198 ὲκπόρευσις
2684 1130 2774 1181 τὸν
2793 1132 2892 1197 τῆς
2918 1133 3223 1202 γεννήσεως
3250 1132 3598 1203 χαρακτῆρα
3626 1134 3892 1203 ὲναρμόξεη

2326 1235 2436 1271 ται.
2462 1218 2617 1271 υῦτω
2638 1220 2713 1281 δὲ,
2744 1220 2903 1276 οὕτω.
2948 1223 3058 1275 Καὶ
3095 1223 3129 1276 ἀ
3162 1224 3299 1276 κατά
3332 1224 3434 1287 τὰς
3472 1225 3770 1293 διαφόρους
3794 1226 3893 1294 σιέ-

2331 1325 2442 1370 σεις
2471 1309 2822 1379 ίερολογείται
2856 1312 2948 1364 τοῦ
2987 1314 3198 1381 [ἰατρὸς
3225 1314 3633 1383 προέρχεσθαι,
3673 1316 3894 1382 διάφορον

2330 1397 2511 1466 ἔχουσι
2551 1402 2642 1452 καὶ
2670 1401 2770 1470 τὴν
2798 1400 3009 1470 κλῆσιν.
3035 1402 3128 1454 καὶ
3158 1402 3253 1473 τὴν
3286 1405 3343 1455 ἐν
3375 1406 3510 1465 ταῖς
3559 1404 3894 1456 ὑποστάσεειν

2333 1487 2590 1557 ἰδιότητα,
2620 1485 2706 1553 αἷς
2741 1492 2925 1555 αὑτοῖς
2967 1493 3029 1545 τὸ
3055 1492 3163 1545 τῶν
3203 1495 3443 1563 σχέσεων
3473 1492 3763 1563 ἀφώριστο
3792 1494 3895 1547 i615-

2330 1594 2549 1647 τροπον.

659 1670 1069 1725 meuclationeu
1102 1689 1165 1727 ac
1215 1676 1550 1744 persoialem
1610 1675 1792 1729 inculti
1826 1675 2227 1742 pl'tiplit'lalcm,
2255 1684 2358 1739 qua
2391 1674 2678 1741 peculiaris
2743 1676 2982 1731 notionis
3030 1675 3237 1731 indoles
3292 1678 3345 1730 in
3412 1677 3565 1746 ipsis
3631 1676 3893 1731 constituta

658 1760 853 1817 fuerat.

730 1856 799 1909 At
816 1855 963 1909 enim
994 1858 1067 1911 ita
1093 1861 1399 1926 apparentis
1430 1862 1759 1916 dillieultatis
1781 1881 1904 1917 vera
1937 1864 2133 1918 solutio
2161 1860 2227 1915 ad
2262 1858 2305 1915 Β

616 1964 617 1967 η
656 1945 981 1999 evidentiam
1016 1962 1186 2012 usque
1205 1958 1290 2003 est
1322 1950 1582 2005 deducta:
1607 1953 1748 2022 qum!
1786 1956 1832 2007 si
1868 1957 2039 2008 mavis
2062 1956 2222 2008 etiam

658 2052 689 2089 a
724 2037 1003 2105 corporeis
1028 2040 1195 2094 rebus
1226 2041 1294 2094 ad
1338 2042 1689 2113 incorporeas
1735 2046 2106 2099 similitudinis
2133 2062 2225 2097 ar-

652 2134 913 2195 gumenta
969 2129 1290 2196 desumere;
1330 2134 1561 2186 calorem
1593 2144 1646 2187 et
1694 2138 1867 2189 lucrm
1908 2153 1971 2189 ex
2034 2137 2225 2190 eodem

656 2214 925 2285 pn'neipio
966 2218 1167 2274 ducere
1197 2222 1461 2291 originem
1500 2242 1659 2278 nemo
1688 2237 1793 2289 est,
1836 2227 1925 2295 qui
1978 2228 2222 2297 ignoret;

652 2305 921 2376 siquidem
955 2319 1245 2381 utrumque
1289 2324 1369 2367 est
1401 2316 1541 2385 ignis
1574 2317 1797 2371 eflectus
1845 2333 1905 2371 ac
1930 2320 2222 2371 etnaxmtio.

653 2400 721 2451 At
755 2415 881 2455 vero
912 2417 1088 2471 neque
1114 2407 1351 2460 calorem
1402 2423 1581 2461 aerem
1617 2409 1936 2463 illustrando
1979 2411 2117 2463 visui
2158 2411 2221 2463 ad

648 2504 875 2560 aqua:
898 2506 1219 2561 cernuntur,
1254 2498 1601 2567 percipienda
1652 2501 1905 2568 prodesse
1934 2502 2224 2570 quisquam

651 2596 783 2635 sane
815 2586 1012 2638 mentis
1039 2586 1215 2651 dicet;
1252 2605 1372 2656 quze
1416 2591 1671 2643 nimirum
1701 2601 1786 2644 est
1833 2591 2058 2645 luminis
2094 2607 2223 2661 pro-

650 2673 881 2741 prietas;
906 2691 1081 2747 neque
1111 2690 1302 2733 contra
1335 2680 1442 2734 vim
1471 2681 1790 2736 absumendi
1819 2684 2225 2752 subjectasma—

650 2766 816 2821 teries
839 2768 1130 2837 quisquam
1158 2769 1287 2835 luci,
1318 2774 1617 2826 secundum
1644 2774 1785 2843 quod
1812 2774 1900 2828 illa
1933 2775 2221 2841 illuminat,

648 2855 897 2911 tribuere
941 2859 1206 2914 audebit:
1253 2876 1428 2930 neque
1494 2862 1718 2918 alterius
1781 2879 2024 2929 nomen,
2083 2868 2225 2921 unde

649 2946 1032 3001 exsistentium
1057 2964 1236 3003 rerum
1254 2951 1583 3023 agnitionem
1600 2963 1896 3023 comparat,
1916 2955 1969 3007 in
1994 2956 2223 3010 alterum

652 3036 965 3093 transferet.
994 3038 1109 3095 Hac
1136 3041 1318 3112 itaque
1354 3042 1566 3097 ratione
1593 3059 1660 3099 ex
1696 3045 1889 3099 eodem
1933 3046 2221 3115 principio,

650 3134 711 3180 ut
738 3126 1055 3197 plurimum,
1088 3144 1173 3197 ea,
1204 3146 1325 3201 quae
1357 3133 1543 3199 simul,
1571 3148 1634 3188 ac
1659 3135 1774 3205 pari
1809 3135 2069 3204 dignitate
2095 3153 2221 3207 pro-

648 3194 872 3282 cedunt,
904 3220 997 3275 sed
1022 3194 1132 3275 non
1158 3194 1465 3278 secundum
1504 3194 1760 3281 eumdem
1802 3194 2021 3283 modum
2050 3194 2220 3295 oiigi-
2248 3194 2291 3253 c

648 3324 773 3365 nem
800 3312 1027 3379 ducunt,
1084 3313 1210 3369 licet
1254 3317 1615 3382 coexsistant,
1650 3327 1831 3373 tamen
1877 3319 2105 3375 alterum
2154 3321 2223 3375 ab

647 3401 819 3457 altero
846 3403 1209 3461 diﬂerentiarn
1243 3423 1396 3462 suam
1425 3409 1543 3463 sine
1587 3410 1905 3468 confusione
1945 3429 2009 3467 ac
2040 3423 2222 3468 muta-

648 3493 854 3549 bilitate
883 3506 1189 3551 conservat.

720 3584 880 3649 Quod
935 3587 981 3640 si
1044 3592 1546 3657 comparationibus
1604 3610 1689 3648 me
1748 3596 1904 3662 cupis
1962 3597 2220 3665 spatiari,

650 3674 824 3729 Adam
868 3690 1123 3746 quoque,
1155 3689 1210 3733 et
1250 3680 1456 3747 Evam,
1505 3693 1558 3738 et
1614 3685 1837 3740 Abeiem
1885 3688 1937 3740 in
1984 3700 2221 3743 mentem

654 3781 873 3820 revoca.
939 3767 1222 3825 Processio
1283 3774 1451 3838 enim,
1519 3777 1659 3831 unde
1701 3786 1755 3831 et
1798 3778 1919 3832 Eva:
1965 3779 2222 3836 formatio

652 3859 807 3914 duxit
837 3859 1121 3930 originem,
1174 3863 1302 3918 Atla:
1349 3876 1497 3921 costa
1534 3866 1662 3934 fuit;
1707 3879 1869 3939 atque
1914 3872 2070 3941 primi
2121 3874 2217 3929 lilii

649 3951 836 4006 Abelis
861 3962 1014 4009 ortos
1036 3969 1103 4009 ex
1136 3956 1251 4010 Ada
1281 3972 1377 4026 per
1416 3964 1827 4030 generationem
1866 3966 2129 4032 manavit;
2164 3976 2221 4022 at

650 4058 828 4113 neque
879 4043 935 4098 in
980 4046 1105 4101 filia;
1166 4062 1367 4104 nomen
1415 4050 1523 4106 Eva
1586 4054 1923 4123 detrudetnr,
1972 4074 2071 4114 nec
2116 4076 2220 4113 un-

650 4149 814 4203 quam
851 4135 982 4192 ΑΜ
1034 4140 1177 4196 filius
1206 4156 1327 4197 esse
1354 4143 1674 4215 denegabit,
1725 4156 1779 4201 et
1812 4148 1865 4201 in
1906 4152 2218 4221 quampiam

650 4226 813 4280 aliam
878 4231 1247 4286 conditionem
1310 4234 1555 4291 incurret
1618 4250 1783 4309 atque
1839 4242 2215 4299 transferetur.

648 4318 803 4383 Quod
837 4330 1015 4376 autem
1047 4325 1129 4378 sol
1158 4326 1427 4383 illuminet
1455 4338 1508 4384 et
1533 4331 1838 4399 calefaciat,
1872 4336 1953 4391 liae
1970 4340 2217 4408 quaedam

646 4411 1009 4482 proprietates
1037 4426 1182 4483 sunt,
1206 4434 1327 4488 quae
1363 4422 1428 4475 ad
1458 4438 1685 4495 corpora
1711 4437 1876 4497 atque
1902 4430 1968 4483 ad
2000 4432 2217 4487 animos

2414 1855 2574 1907 Ἀλλὰ
2598 1857 2633 1922 ὴ
2669 1855 2768 1923 μὲν
2802 1853 3151 1923 πραγματικὴ
3178 1853 3271 1904 τοῦ
3301 1850 3604 1913 δοκοῦντος
3630 1850 3894 1918 art-opipa-

2324 1962 2415 2007 τος
2436 1945 2586 2007 λύσις
2606 1944 2775 2007 οὕτως
2798 1944 2862 1997 ἂν
2888 1947 2968 2007 εἰς
2998 1944 3060 1996 τὸ
3084 1943 3456 2012 ἀναμφίὸολον
3485 1940 3789 2009 προαχθείη
3809 1958 3820 1967 -
3851 1942 3890 1989 εί

2326 2039 2382 2091 δὲ
2411 2038 2506 2089 καὶ
2528 2035 3031 2108 παραδειγματικὴν
3053 2035 3254 2097 ἐθέλεις
3279 2034 3467 2087 πίστιν
3495 2034 3567 2085 ἐκ
3586 2032 3697 2083 τῶν
3720 2029 3894 2082 ὲνύλωι

2328 2131 2456 2198 περὶ
2480 2129 2587 2181 τῶν
2612 2128 2791 2180 ἀὺλων
2818 2127 3000 2180 λαϐεῖν
3023 2142 3035 2155 ·
3084 2126 3143 2178 τὸ
3174 2125 3501 2185 καυστικδν,
3535 2123 3635 2177 καὶ
3664 2138 3891 2190 φωτιστι-

2327 2222 2421 2274 κδν
2451 2221 2563 2290 πῦρ
2596 2220 2767 2282 οὐδείς
2802 2221 2968 2281 ἐστιν,
3000 2218 3059 2280 ὃς
3090 2219 3274 2285 ἀγνοεῖ
3302 2220 3366 2269 ἐκ
3400 2216 3501 2269 τοῦ
3541 2213 3709 2268 αὑτοῦ
3743 2212 3890 2265 αἰτίον

2326 2313 2623 2382 λαμϐάνειν
2668 2312 2765 2380 τὴν
2799 2310 3021 2380 πρόοδον
3047 2326 3059 2338 ·
3093 2308 3265 2377 πνρδς
3300 2308 3407 2378 γὰρ
3460 2306 3641 2375 ἄμφω
3674 2305 3801 2375 ἔργα
3822 2321 3887 2363 τε,

2327 2408 2420 2459 καὶ
2447 2405 2828 2476 προῦλήματα.
2870 2401 3029 2455 Ἀλλὰ
3057 2399 3181 2453 οὔτε
3208 2400 3266 2453 τὸ
3297 2398 3605 2453 κανστικδν
3641 2398 3889 2464 συνεργεῖν

2325 2499 2391 2567 τῇ
2425 2496 2544 2565 Ms:
2586 2495 2677 2548 τὸν
2716 2495 2853 2565 ἀέρα
2882 2492 3172 2560 διαυγάζον
3200 2491 3336 2561 πρὸς
3358 2492 3459 2560 τὴν
3493 2489 3777 2556 ἀντίληψιν
3799 2486 3887 2539 τῶν

2326 2587 2537 2659 ὁρατῶν
2563 2588 2675 2649 τοῖς
2697 2603 2759 2654 γε
2785 2584 3151 2656 σωφρονοῦσιν
3176 2583 3382 2635 ἔνεστιν
3407 2585 3623 2635 εἰπεῖν’
3653 2581 3777 2632 ἴδιον
3797 2577 3885 2645 γὰρ

2324 2678 2481 2733 τοῦτο
2512 2676 2607 2730 τοῦ
2641 2675 2969 2745 φωτίζοντος
2992 2692 3006 2706 ο
3047 2676 3111 2728 οὐ
3154 2673 3258 2744 μὴν
3286 2674 3343 2726 δὲ
3375 2672 3437 2725 τδ
3474 2670 3774 2741 φθαρτικὸν
3805 2669 3884 2734 τῆς

2325 2767 2697 2837 ὑποκειμένης
2738 2765 2870 2835 ὕλης
2898 2765 3073 2827 οὐδεὶς
3102 2764 3168 2818 ἀν
3199 2763 3518 2821 ἀποδοῦναι.
3544 2760 3683 2815 καθό
3704 2776 3761 2825 γε
3790 2774 3881 2824 φω-

2322 2858 2482 2921 τίζει,
2506 2855 2864 2925 παρενεχθείη
2894 2853 2971 2923 τῷ
3004 2853 3179 2921 φωτί·
3213 2851 3334 2904 οὐδὲ
3362 2851 3677 2921 μεταδώσει
3704 2846 3882 2914 θατέρῳ

2324 2950 2383 3004 τὸ
2405 2952 2588 3019 ἕτερον
2615 2949 2711 3003 τοῦ
2736 2950 3018 3019 ὀνόματος.
3046 2948 3112 3000 δι’
3138 2940 3199 3000 οὗ
3228 2947 3328 3016 τὴν
3361 2944 3576 3013 γνῶσιν
3614 2940 3880 3011 παρέχεται

2326 3041 2426 3110 τῆς
2478 3040 2781 3109 ὑπάρξεως.
2835 3037 2991 3091 Οὕτω
3034 3036 3165 3105 γοῦν
3216 3038 3280 3088 ἐκ
3337 3035 3431 3087 τοῦ
3493 3032 3665 3088 αὑτοῦ
3713 3028 3877 3089 αἰτίον,

2325 3130 2465 3183 κατά
2495 3146 2560 3198 γε
2589 3129 2649 3181 τὸ
2678 3128 2947 3190 πλεῖστον,
2980 3126 3095 3196 ἅμα
3125 3126 3224 3196 μὲν
3252 3126 3348 3179 καὶ
3386 3125 3677 3193 ὁμοτίμως
3710 3134 3880 3189 προερ·

2326 3221 2531 3291 χόμενα
2573 3220 2634 3272 οὑ
2696 3219 2837 3272 κατὰ
2877 3218 2968 3270 τὸν
3000 3216 3162 3270 αὑτὸν
3192 3216 3247 3268 δὲ
3296 3216 3502 3285 τρόπον
3538 3216 3643 3283 τὴν
3686 3208 3880 3281 πρόοδον

2324 3312 2533 3382 ἔχοντα,
2563 3313 2620 3363 ὲν
2646 3313 2711 3380 τῇ
2740 3308 2992 3378 κοινωνία
3014 3307 3113 3376 τῆς
3138 3306 3425 3379 ὑπάρξεως
3447 3307 3547 3359 καὶ
3570 3306 3632 3358 τὸ
3654 3304 3877 3369 διάφορον

2324 3405 2429 3457 τῶν
2474 3403 2777 3470 ἰδιωμάτων
2808 3400 3066 3469 ἑκάτερον
3092 3398 3436 3468 ἀσυγχὺτως,
3470 3398 3571 3451 καὶ
3598 3390 3877 3465 ἀμεταϐλή-

2324 3513 2430 3559 τως
2455 3492 2805 3556 συνδιασώζει
2832 3494 2969 3564 πρὸς
2998 3494 3281 3562 ἑκάτερον.

2395 3589 2465 3642 Σὺ
2496 3587 2554 3640 δέ
2600 3604 2690 3657 μοι
2730 3587 2841 3648 τοίς
2872 3583 3312 3654 παραδείγμασιν
3351 3582 3405 3634 εῐ
3435 3598 3496 3650 γε
3534 3574 3875 3634 πλατύνεσθαι

2326 3681 2523 3751 βούλει,
2558 3680 2651 3733 καὶ
2681 3677 2771 3731 τὸν
2807 3676 2995 3746 Ἀδὰμ,
3026 3676 3118 3729 καὶ
3153 3676 3250 3745 τὴν
3279 3673 3447 3738 Εὕαν,
3486 3674 3586 3727 καὶ
3618 3673 3705 3725 τὸν
3733 3667 3873 3722 ’Δϐελ

2324 3774 2525 3826 ἐννόει·
2564 3773 2596 3840 ἠ
2629 3768 2853 3840 πρόοδος
2900 3758 2998 3838 μὲν
3031 3766 3158 3837 γὰρ,
3198 3762 3266 3837 ἦς
3304 3784 3363 3819 τε
3411 3766 3640 3833 γέγονεν
3677 3758 3872 3829 ἀπαρχὴ

2321 3866 2421 3935 τῆς
2448 3862 2803 3923 διαπλάσεως,
2834 3861 2867 3929 ὴ
2900 3858 3107 3931 πλευρά
3126 3875 3139 3888 ·
3169 3859 3261 3910 καὶ
3292 3856 3390 3926 τῆς
3416 3857 3686 3925 γενέσεως
3708 3852 3759 3905 αί
3782 3865 3871 3916 πη-

2322 3958 2417 4027 γαὶ
2444 3956 2538 4009 τοῦ
2563 3952 2781 4025 πρῶτον
2821 3952 3138 4021 πλάσματος
3177 3951 3233 4003 αἰ
3266 3948 3421 4017 γοναί
3455 3950 3519 4001 ὲκ
3564 3947 3661 4000 τοῦ
3702 3944 3867 4010 Ἀδάμ.

2334 4050 2493 4104 Ἀλλὰ
2516 4046 2638 4101 οὔτε
2664 4048 2697 4115 ὴ
2732 4043 2844 4098 Εὔα
2881 4044 2963 4106 εἰς
3000 4042 3093 4095 τὸν
3120 4041 3218 4110 τῆς
3253 4039 3501 4110 υἰότητος
3543 4037 3700 4107 λόγον
3735 4049 3867 4103 περι-

2320 4142 2673 4214 ινεχθήσεται
2697 4154 2711 4168 ’
2748 4136 2871 4191 οὔτε
2906 4135 3013 4206 μὴν
3045 4136 3073 4189 ὁ
3107 4131 3271 4186 Ἀὀελ
3299 4131 3391 4185 τὸν
3418 4132 3535 4184 υἰδν
3576 4123 3868 4197 ἀπαρνησά-

2324 4252 2483 4307 μενος
2518 4235 2597 4296 εἰς
2640 4230 2835 4301 ἑτέραν
2879 4227 3002 4281 τινὰ
3031 4225 3215 4297 σχέσιν
3257 4223 3586 4295 παραδόσει,
3628 4220 3717 4275 καὶ
3752 4233 3866 4307 συμ-

2324 4304 2741 4398 μεταστήσεται.
2775 4320 2849 4373 Τὸ
2888 4319 2945 4371 δὲ
2975 4316 3229 4387 φωτίζειν
3261 4316 3353 4369 τὸν
3380 4315 3556 4385 ἥλιον,
3594 4314 3683 4367 καὶ
3706 4304 3867 4380 φλογί-

2320 4422 2452 4486 ζειν,
2484 4418 2633 4472 ἐστὶν
2654 4416 2682 4469 ὃ
2713 4410 2821 4469 τῶν
2851 4413 3139 4485 σωμάτων,
3166 4411 3262 4464 καὶ
3293 4411 3321 4463 ὅ
3349 4427 3409 4463 τε
3437 4411 3617 4463 κοινόν
3640 4410 3747 4461 ἐστι
3773 4400 3861 4454 τῶν

646 4505 951 4561 sentientes
985 4512 1350 4566 communiter
1384 4516 1729 4584 pet-tingunt;
1768 4527 1823 4571 at
1859 4535 2037 4589 neque
2064 4524 2212 4575 eale-

2325 4510 2724 4581 αἰσθανομένων
2751 4506 3071 4577 ὁμολόγημα
3092 4519 3104 4533 ·
3137 4502 3274 4557 ἀλλὰ
3304 4501 3429 4556 οὔτε
3476 4504 3533 4556 αἱ
3578 4502 3761 4605 φλόγεξ
3798 4501 3860 4553 εἰς

645 4598 881 4653 faciendi
908 4600 989 4655 vis
1012 4602 1354 4671 splendorem
1391 4622 1486 4675 pro
1508 4609 1688 4663 calore
1722 4611 1774 4664 iu
1808 4627 1865 4666 se
1889 4612 2058 4681 ipsam
2084 4631 2216 4669 eon-

2325 4605 2513 4666 ἑαυτὰς
2564 4602 2664 4671 τὴν
2715 4596 2996 4665 διαύγειαν
3042 4594 3164 4647 ἀντὶ
3194 4592 3290 4646 τοῦ
3330 4592 3549 4661 φλέγειν
3596 4586 3857 4681 ὴλλάξαντῗ

649 4692 813 4746 vertit
863 4706 927 4746 ac
973 4695 1285 4761 transtulit;
1335 4711 1436 4751 nec
1467 4715 1705 4769 unquam
1754 4679 2095 4760 illuminandi
2138 4707 2217 4760 vis

2325 4690 2789 4763 αεταστήσασθαι·
2822 4690 2881 4742 οὑ
2914 4687 3021 4757 μὴν
3052 4684 3172 4738 οὐδὲ
3203 4683 3263 4737 τὸ
3293 4683 3527 4753 φωτίζον
3552 4685 3634 4747 εἰς
3669 4679 3757 4750 τὴν
3780 4679 3855 4781 τσῦ

645 4780 701 4835 in
732 4782 932 4838 caloris
963 4787 1379 4854 appellationem
1404 4828 1418 4851 ,
1463 4792 1545 4845 vel
1595 4801 1842 4846 naturam
1880 4799 2215 4864 permutabi-

2325 4762 2639 4857 φωτίζοντος
2667 4780 2877 4850 κλῆσιν,
2905 4777 2937 4846 ἢ
2973 4776 3070 4846 τὴν
3103 4775 3401 4827 ὑπόστασιν
3442 4775 3564 4827 ἀντὶ
3592 4771 3681 4827 τοῦ
3716 4762 3853 4837 φωτί-

2673 4873 2722 4876 --
3166 4867 3177 4876 .
3490 4867 3513 4876 ,
3609 4864 3621 4876 .
3722 4857 3849 4876 Μ--

646 4883 770 4929 tur:
800 4890 988 4930 verum
1018 4887 1250 4949 utraque
1303 4881 1385 4935 vis
1419 4884 1588 4951 legem
1618 4899 1648 4939 a
1678 4886 1973 4944 Conditore
2006 4900 2215 4946 natura:

2325 4881 2423 4943 ζειν
2462 4873 2925 4945 ὑπενεχθήσεται·
2962 4868 3098 4923 ἀλλὰ
3131 4867 3225 4971 τὸν
3255 4868 3348 4918 ἀπ’
3380 4866 3554 4971 ἀρχῆς
3589 4857 3852 4971 “assilit?

645 4964 897 5033 primitus
932 4968 1239 5038 impositam
1272 4986 1501 5028 servans
1530 5016 1544 5041 ,
1590 4976 1719 5030 dum
1772 4993 1873 5033 nec
1925 4989 2214 5049 separatur

2325 4969 2464 5040 παρὰ
2506 4966 2603 5021 τοῦ
2646 4958 2992 5034 Δημιουργοῦ
3047 4960 3113 5029 τῇ
3159 4956 3319 5025 φύσει
3377 4956 3543 5049 νόμον
3584 4944 3856 5049 διενλαῦού·

646 5059 953 5122 processio,
1014 5076 1113 5117 nee
1146 5072 1389 5119 mutatur
1441 5069 1698 5133 essentia,
1753 5069 2096 5125 immutatam
2157 5082 2213 5127 et

2325 5037 2473 5133 μενα,
2494 5062 2549 5114 ὲν
2578 5058 2655 5129 τῷ
2674 5055 2961 5125 ἀδιαιρέτῳ
2982 5052 3078 5120 τῆς
3100 5049 3351 5151 προόδουῖ
3373 5048 3467 5151 καὶ
3480 5037 3850 5151 ἀκπαραλλῗῗι)

646 5156 983 5203 constantem
1015 5155 1508 5211 nomenclationem
1543 5160 1777 5214 retinere
1811 5162 2170 5233 conspicitur.

2325 5127 2409 5223 τῆς
2433 5127 2762 5211 οὑσιώσεως,
2791 5142 3142 5213 ἀπαράϐατόν
3169 5156 3228 5192 τε
3260 5139 3355 5192 καὶ
3377 5137 3720 5191 ἀναλλοίωτον
3746 5127 3851 5240 ἱκα-

2316 5219 2474 5315 τερον
2515 5240 2719 5295 τούτων
2749 5238 2850 5309 τὴν
2887 5232 3260 5306 προσηγορίαν
3289 5230 3471 5291 αὸτῶν
3499 5229 3719 5300 ὁρῶνται
3751 5219 3847 5271 δια-

2318 5337 2674 5406 φυλάττοντα.

2382 5426 2444 5480 Ei
2476 5426 2531 5481 δὲ
2564 5428 2626 5479 ὲκ
2653 5424 2760 5477 τῶν
2786 5421 3030 5494 οὐρανῶν
3062 5418 3225 5473 πάλιν
3266 5418 3359 5472 ὲπί
3389 5416 3489 5489 τὴν
3522 5414 3627 5485 γῆν
3651 5426 3723 5465 σοι
3745 5414 3845 5494 κατξ

2318 5519 2451 5574 ιέναι
2494 5518 2668 5589 φίλον,
2696 5517 2820 5587 ὅρα,
2844 5490 2919 5579 ὧς
2951 5513 3012 5567 τὸ
3043 5509 3175 5565 αὐτὸ
3204 5510 3372 5581 φυτὸν
3413 5507 3623 5579 καρπόν
3662 5518 3731 5565 τε,
3771 5490 3843 5548 καὶ

709 5406 867 5472 Quod
915 5410 961 5465 si
994 5412 1088 5467 tibi
1117 5416 1293 5484 placet
1337 5434 1368 5472 a
1399 5418 1714 5475 etnlestibus
1757 5423 1823 5475 ad
1855 5433 2067 5477 terrena
2103 5424 2209 5478 ite-

648 5507 761 5550 rum
807 5499 1133 5560 descendere
1208 5508 1416 5579 inspice
1463 5512 1739 5581 quomodo
1783 5515 1973 5569 eadem
2025 5516 2207 5571 riama

2138 5672 2368 5732 NOTAE.

715 5791 831 5862 (53)
864 5794 1248 5868 Οἱκειουμένης
1274 5809 1452 5872 potius
1480 5820 1675 5863 sensus
1712 5808 1956 5878 requirit.
