4084 6458
400 410 505 473 213

1326 417 1425 476 AD
1483 416 2089 481 AMPHILOCHIUM
2126 418 2475 492 ΟΗᾹΞΞΤΙΟ
2511 419 2733 479 XXIX.

3570 410 3677 474 214

408 525 485 595 τῷ
543 528 813 593 ἐλαττονι,
868 525 983 589 πῶς
1012 527 1131 597 οὐχὶ
1162 526 1340 598 πολλῷ
1367 528 1569 599 μᾶλλον
1600 529 1894 601 ἐνυπάρξει
1917 532 1992 604 τῷ

2101 533 2399 587 criminum
2437 532 2822 587 remissionem
2868 529 3182 601 largiretur.
3241 527 3294 583 Id
3341 527 3487 581 enim
3534 529 3681 597 quod

405 618 613 689 μείζονι
633 636 649 685 ;

478 799 590 854 Καὶ
627 800 849 853 οὐδέπου
880 817 943 869 γε
970 799 1104 854 διότι
1134 800 1243 853 τῶν
1292 800 1690 872 βαπτισμάτων
1728 803 1990 877 ἑκάτερον

409 894 551 947 τότε
593 891 863 958 Ἰωάννου,
900 893 996 947 καὶ
1023 893 1084 946 16
1113 894 1443 947 Δεσποτικὸν
1476 896 1673 963 ἄφεσιν
1703 896 1991 967 ἁμαρτιῶν

409 985 714 1055 ἐχαρίζετο,
749 984 841 1039 διὰ
868 986 1029 1039 τοῦτο
1066 987 1164 1057 τὴν
1188 987 1246 1039 ὲν
1277 988 1459 1051 αὐτοῖς
1482 989 1776 1059 ἀγνοητέον
1804 990 1991 1058 διαιρο-

406 1079 530 1149 ράν.
555 1077 695 1132 Οὐδὲ
738 1078 873 1150 γὰρ,
905 1079 1025 1131 οὐδὲ
1067 1079 1122 1132 αἱ
1154 1080 1376 1150 νομικαὶ
1399 1079 1605 1147 θυσίαι,
1634 1082 1730 1135 καὶ
1759 1083 1813 1135 αἱ
1842 1083 1993 1135 τελε-

400 1169 518 1231 ταὶ,
555 1170 650 1221 καὶ
701 1167 772 1220 τὰ
822 1167 1195 1238 βαπτίσματα,
1224 1169 1363 1223 διότι
1410 1170 1522 1224 τῶν
1577 1172 1992 1241 ἁμαρτημάτων

401 1261 775 1331 ἐχρημάτιζον
830 1261 1120 1331 κάθαρσις,
1166 1262 1257 1316 διὰ
1306 1262 1467 1317 τοῦτο
1509 1265 1697 1319 καὶτὸ
1744 1264 1992 1319 Ἰωάννου

403 1352 576 1421 μηδὲν
623 1351 806 1405 αὐτῶν
837 1352 1119 1421 διαφέρειν
1160 1352 1595 1424 ἀπαιτήσουσινο
1631 1354 1765 1407 ἀλλὰ
1804 1354 1996 1425 ὥσπερ

405 1450 434 1500 6
461 1445 778 1517 Πρόδρομος
801 1465 819 1498 ι
855 1445 1059 1516 μείζων
1086 1448 1144 1499 ὲν
1168 1450 1447 1517 γεννητοῖς
1474 1448 1772 1517 γυναικῶν,
1807 1467 1825 1501 ι
1854 1448 1997 1501 οὕτω

404 1541 467 1592 16
500 1540 785 1610 βάπτισμα
834 1538 997 1593 αὑτοῦ
1032 1539 1219 1609 μεῖζον
1268 1540 1377 1593 τῶν
1403 1541 1647 1611 νομικῶν
1676 1556 1690 1570 ·
1752 1542 1876 1594 ἐπεὶ
1901 1541 1997 1593 καὶ⁸

402 1631 528 1685 ὅσον
560 1631 695 1700 πρὸς
720 1630 781 1684 τὸ
820 1629 1045 1684 ἔλαττον
1083 1630 1474 1685 ὑποστέλλεται
1518 1633 1554 1704 η
1581 1632 1735 1702 φωνὴ
1773 1631 1870 1686 τοῦ
1904 1632 1995 1685 λό-

409 1742 531 1793 γου,
561 1727 590 1778 6
628 1723 808 1795 κῆρυξ
852 1722 948 1777 τοῦ
993 1725 1429 1795 κηρυττομένου,
1481 1727 1510 1779 6
1549 1726 1859 1796 πρόδρομος
1897 1727 1997 1794 τῆς

410 1815 702 1887 βασιλικῆς
742 1815 1072 1886 παρουσίας,
1104 1817 1132 1869 6
1158 1816 1342 1880 δοῦλος
1370 1817 1465 1870 τοῦ
1494 1818 1778 1881 δεσπότου,
1809 1815 1996 1870 τοσοῦ.

2094 625 2273 679 inerat
2305 625 2527 688 minori,
2550 622 2831 693 quomodo
2855 622 2908 676 in
2936 623 3133 691 majori
3160 622 3330 675 multo
3362 619 3538 689 magis
3570 634 3684 674 non

2092 718 2444 772 invenietur?

2163 809 2351 879 Neque
2395 825 2526 864 vero
2568 812 2697 879 quia
2737 817 3033 878 utrumque
3084 808 3391 876 baptisma,
3452 802 3684 861 Joannis

2091 902 2301 957 scilicet
2344 911 2397 956 et
2435 901 2659 966 Christi,
2704 900 3007 956 sceleribus
3048 898 3392 953 remittendis
3445 897 3685 960 valebat,

2094 1004 2383 1064 propterea
2420 994 2567 1048 nulla
2602 994 2747 1047 inter
2772 1008 2835 1046 ea
2886 990 3193 1046 dilTerentia
3244 991 3405 1045 debet
3437 990 3683 1059 agnosci.

2090 1086 2209 1141 Non
2246 1085 2389 1139 enim
2420 1093 2474 1139 et
2506 1084 2706 1149 legales
2734 1082 2991 1145 victimae,
3026 1089 3081 1135 et
3122 1078 3486 1141 caeremonias,
3518 1079 3687 1132 lotio-

2089 1192 2337 1263 pesque,
2373 1175 2503 1246 quia
2539 1174 2954 1228 mundationem
3002 1172 3272 1227 scelerum
3330 1170 3685 1240 praestabant,

2095 1262 2302 1325 ideirco
2338 1268 2476 1323 nihil
2504 1283 2533 1321 a
2573 1267 2905 1335 baptismate
2945 1263 3174 1319 Joannis
3202 1262 3413 1317 distare
3462 1270 3691 1315 conten-

2094 1363 2270 1417 dent:
2334 1362 2427 1414 sed
2485 1356 2949 1427 quemadmodum
3027 1353 3253 1423 «Major
3314 1354 3456 1407 inter
3527 1365 3689 1406 natos

2095 1454 2390 1508 mulierum
2417 1451 2464 1484 ”
2503 1470 2521 1503 ι
2574 1460 2693 1504 erat
2725 1449 3077 1513 Praecursor,
3136 1448 3211 1500 ita
3254 1446 3373 1515 ejus
3414 1445 3687 1515 baptisma

2097 1545 2362 1616 legalibus
2402 1543 2800 1607 antecellebat;
2842 1549 3131 1611 propterea
3162 1538 3326 1592 etiam
3355 1545 3562 1606 quanto
3584 1550 3691 1590 vox

2095 1638 2286 1702 verbo,
2322 1635 2650 1706 prtedicator
2686 1634 3006 1703 praedicam,
3033 1646 3343 1701 prmcursor
3377 1646 3504 1698 rege
3549 1643 3689 1697 pra:-

2098 1741 2273 1797 sente,
2304 1740 2360 1786 et
2388 1746 2587 1785 servus
2631 1728 2855 1783 domino
2901 1728 3082 1781 minor
3124 1733 3386 1795 apparet,
3440 1732 3593 1779 tanto
3636 1733 3693 1779 et

2097 1822 2325 1878 Joannis
2359 1822 2651 1891 baptisma,
2671 1819 2883 1874 tametsi
2912 1819 3241 1873 delictorum
3273 1821 3486 1872 veniam
3514 1816 3689 1881 daret,

405 1928 502 1963 10v
527 1910 623 1963 καὶ
649 1908 713 1961 τὸ
756 1906 850 1959 106
890 1909 1139 1962 Ἰωάννου
1169 1907 1478 1979 βάπτισμα,
1525 1910 1575 1961 εἰ
1602 1910 1697 1962 καὶ
1722 1908 1992 1978 κάθαρσιν

2095 1915 2326 1969 inferius
2361 1913 2652 1983 reperitur,
2683 1912 2772 1966 ubi
2809 1926 2933 1965 cum
2982 1908 3266 1962 Dominico
3312 1918 3689 1976 comparatur.

406 2005 665 2073 παρεῖχεν
694 2000 1001 2070 ἁμαρτιῶν,
1022 2002 1082 2054 16
1111 2001 1455 2072 ἐνδεέστερον
1477 2001 1616 2072 πρὸς
1635 2001 1696 2055 τὸ
1721 2002 1997 2072 Σωτήρων

404 2095 763 2164 ἀποφέρεται.
822 2093 1141 2165 Πρόδρομός
1179 2094 1328 2146 ἐστιν
1359 2094 1566 2155 ἐκεῖνος
1593 2092 1687 2145 τοῦ
1734 2092 1998 2161 βασιλέως

406 2188 644 2252 πάντων,
678 2188 771 2241 καὶ
801 2186 902 2252 τῆς
940 2186 1128 2255 κοινῆς
1161 2186 1439 2256 σωτηρίας
1466 2185 1666 2256 κῆρυξ,
1694 2186 1789 2239 καὶ
1815 2184 1996 2256 τίμιος

404 2279 435 2330 6
480 2277 641 2349 ἀνὴρ,
703 2277 797 2330 καὶ
842 2294 862 2328 ι
906 2275 1109 2347 μείζων
1166 2277 1222 2328 ὲν
1276 2278 1556 2345 γεννητοῖς
1617 2276 1929 2344 γυναικῶν⁸
1970 2293 1989 2326 ι

404 2368 714 2439 πρόδρομός
762 2370 882 2421 ἐστι
919 2368 1014 2422 καὶ
1049 2367 1110 2420 τὸ
1142 2366 1427 2438 βάπτισμα
1462 2366 1627 2421 αὐτοῦ
1670 2366 1766 2420 τοῦ
1812 2369 1996 2437 Σωτη-

405 2461 526 2529 ρίου
569 2461 662 2513 καὶ
707 2460 1055 2529 παγκοσμίου
1101 2458 1476 2528 βαπτίσματος
1503 2474 1517 2487 ·
1585 2460 1680 2512 καὶ
1718 2459 1826 2512 τῶν
1852 2460 1993 2528 φθα-

404 2554 621 2605 σάντων
661 2552 760 2621 μὲν
814 2550 1229 2621 ὲντελέστερον,
1266 2549 1445 2621 πολλῷ
1474 2550 1531 2603 δὲ
1584 2550 1677 2603 τοῦ
1712 2550 1997 2620 μέλλοντος

401 2643 747 2713 ἐνδεέστερον
768 2658 782 2673 ·
811 2644 904 2695 καὶ
926 2641 1188 2713 καθαῖρον
1215 2643 1311 2712 μὲν
1340 2641 1615 2712 ἁμαρτίας
1638 2642 1838 2713 μᾶλλον
1857 2642 1993 2712 (56),

400 2736 550 2805 ἥπερ
583 2737 611 2788 6
644 2736 837 2805 νόμος,
870 2735 970 2787 οὐκ
1009 2736 1067 2786 ὲν
1095 2734 1231 2804 πυρὶ
1281 2734 1336 2787 δὲ
1407 2736 1502 2787 καὶ
1534 2734 1832 2805 Πνεύματι,
1859 2736 1996 2805 ὅπερ

401 2831 438 2898 ή
480 2828 753 2897 τελειότης
784 2845 799 2857 ·
855 2830 953 2898 τῆς
983 2828 1321 2898 Δεσποτικῆς
1368 2829 1476 2899 γάρ
1510 2828 1626 2880 ἐστι
1679 2828 1853 2899 μόνης
1902 2830 1997 2881 καὶ

402 2919 740 2989 ἱερουργίας,
780 2918 873 2971 καὶ
900 2918 1347 2989 φιλανθρωπίας,
1400 2919 1493 2971 καὶ
1527 2918 1645 2990 Θεῷ
1676 2920 1997 2992 πρεπούσης

399 3011 688 3081 δυνάμεως
718 3010 877 3064 τοῦτο
903 3010 1075 3081 δῶρον
1134 3012 1230 3064 καὶ
1256 3012 1527 3083 χάρισμα.

482 3100 638 3155 Ἐπεὶ
668 3101 763 3154 οὖν
794 3101 901 3154 τῶν
935 3101 1282 3172 ὑψηλοτέρων
1311 3102 1516 3155 τούτων
1546 3102 1699 3155 οὐδέν
1742 3120 1849 3174 περ
1879 3104 1998 3157 ἐστὶ

401 3196 508 3265 τῆς
545 3195 641 3249 106
689 3195 941 3249 Ἰωάννου
986 3194 1129 3249 κατὰ
1163 3196 1225 3249 τὸ
1266 3196 1552 3265 βάπτισμα
1610 3196 1858 3267 τελετῆς,
1908 3196 1997 3249 διὰ

2101 2006 2191 2061 Ille
2219 2015 2303 2061 est
2334 2006 2489 2075 regis
2509 2005 2755 2060 omnium
2788 2002 3123 2067 Praecursor,
3150 2015 3571 2068 communisque
3604 2014 3695 2053 sa-

2097 2099 2228 2153 lutis
2262 2098 2607 2167 praedicator,
2640 2097 2833 2165 virque
2856 2096 3066 2148 honore
3104 2093 3327 2164 dignus,
3363 2100 3417 2146 et
3460 2110 3479 2142 ι
3510 2089 3688 2161 Major

2100 2193 2244 2248 inter
2302 2202 2462 2246 natos
2518 2191 2856 2255 mulierum;
2898 2207 2917 2239 ι
2975 2187 3295 2242 Prmcursor
3351 2195 3435 2241 est
3486 2185 3695 2255 pariter

2098 2285 2219 2353 ejus
2246 2284 2551 2353 baptismus
2594 2280 2889 2344 Dominici,
2928 2290 2982 2334 et
3013 2279 3348 2333 universalis
3388 2277 3694 2346 baptisma-

2100 2379 2208 2441 tis,
2258 2385 2423 2445 atque
2472 2376 2733 2429 omnibus
2782 2374 2999 2441 quidem
3063 2371 3262 2441 priscis
3316 2370 3692 2425 ablutionibus

2098 2467 2391 2537 perfectior
2419 2485 2432 2521 :
2461 2464 2803 2520 instituendo
2835 2472 3017 2517 autem
3046 2462 3322 2531 baptismo
3356 2462 3519 2531 longo
3554 2460 3695 2515 infe-

2100 2562 2214 2615 rior
2243 2560 2560 2625 intervallo;
2594 2560 2895 2627 culpasque
2933 2555 3107 2625 magis
3150 2571 3313 2624 quam
3347 2554 3550 2622 scripta
3582 2553 3689 2617 lex,

2098 2651 2455 2715 cmundabat,
2510 2666 2618 2704 non
2668 2659 2849 2703 tamen
2882 2648 2934 2701 in
2967 2649 3090 2717 igne
3131 2656 3186 2700 et
3232 2645 3438 2714 Spiritu
3475 2652 3689 2707 sancto,

2099 2745 2242 2815 quod
2275 2744 2669 2813 perfectionem
2704 2740 3074 2795 constituebat
3102 2756 3115 2790 :
3156 2738 3323 2791 unius
3358 2737 3561 2806 quippe
3588 2735 3693 2789 Do-

2099 2838 2317 2893 minicae
2368 2835 2705 2905 operationis
2726 2872 2740 2895 ,
2797 2842 2851 2887 et
2881 2830 3186 2887 clementia:
3209 2871 3225 2895 ,
3283 2840 3337 2884 et
3369 2829 3479 2885 Deo
3514 2830 3694 2899 digna:

2098 2929 2322 2985 virtutis
2348 2928 2562 2982 esthoc
2601 2926 2807 2981 donum
2864 2932 3029 2995 atque
3061 2922 3361 2977 charisma.

2171 3106 2360 3175 Itaque
2421 3118 2545 3157 cum
2610 3101 2758 3155 nulla
2795 3100 2993 3153 harun.
3025 3097 3408 3154 sublimiorum
3442 3095 3693 3167 proprie-

2100 3208 2270 3251 tatum
2331 3197 2383 3249 in
2440 3194 2786 3262 baptismatis
2836 3190 3066 3245 Joannis
3119 3189 3445 3244 cmrcmonia
3511 3189 3689 3243 locum

398 3287 559 3340 10610
588 3287 679 3340 καί
710 3304 858 3349 τινες
886 3286 995 3340 τῶν
1027 3286 1190 3357 ίερῶν
1215 3286 1373 3357 ἡμῶν
1403 3286 1659 3358 Πατέρων
1681 3287 1992 3359 ἐθάρρησαν

2105 3291 2334 3352 habeat,
2390 3286 2513 3341 ideo
2567 3287 2734 3339 etiam
2786 3283 3036 3337 nonnulli
3090 3290 3408 3336 sanctorum
3463 3278 3689 3334 Patrum

398 3382 599 3448 ἄφεσιν
630 3380 915 3453 ἁμαρτιῶν
962 3381 1139 3435 εἰπεῖν
1174 3382 1251 3452 μὴ
1290 3383 1554 3452 παρέχειν
1614 3382 1768 3436 αὑτό.
1811 3380 1992 3435 Πολλά

397 3477 512 3549 γὰρ
540 3477 641 3547 τῆς
673 3477 895 3548 χάριτος
937 3475 1032 3530 106
1066 3478 1211 3530 κατά
1237 3477 1299 3530 τὸ
1323 3477 1599 3546 Σωτήριον
1636 3476 1992 3530 ἀπολείπεται

400 3571 710 3640 βάπτισμα,
758 3569 857 3623 καὶ
911 3569 1020 3624 ἀπὸ
1064 3568 1167 3639 τῆς
1203 3568 1341 3641 πρὸς
1387 3570 1565 3622 ἐκεῖνο
1620 3570 1988 3641 συγχρίσεωςο

398 3663 529 3714 ἐπεὶ
558 3662 661 3733 τῆς
714 3661 836 3733 ἴσης
875 3661 1082 3733 δωρεᾶς
1124 3662 1473 3734 ἀπεκρίνετο,
1515 3662 1609 3715 καὶ
1659 3662 1759 3730 τῆς
1798 3660 1993 3730 ὁμοίας

396 3752 503 3805 οὑκ
528 3748 595 3822 ἦν
623 3752 890 3824 χορηγίας
911 3751 1210 3822 οὐδαμόθεν
1237 3752 1582 3823 καθάρσεως.
1621 3753 1865 3817 Εἰκότως
1893 3750 1991 3807 οὖν

396 3844 521 3897 οὐδὲ
557 3843 657 3915 τὴν
697 3844 893 3912 άςρεσιν
948 3842 1099 3914 αὑτῷ
1136 3843 1247 3897 τῶν
1297 3844 1720 3915 ἁμαρτημάτων
1768 3844 1990 3898 ἀπελεί-

398 3951 592 3988 ποντο.
630 3934 737 3987 T06
785 3934 894 4006 γὰρ
956 3935 1227 4007 μακαρίου
1282 3937 1518 4006 Μάρκου
1567 3936 1839 4006 λέγοντος,
1896 3938 1992 3990 καὶ

394 4027 494 4080 106
531 4027 887 4098 ἱεροκήρυκος
918 4027 1105 4081 Λουκᾶ
1120 4027 1450 4099 συνάδοντος
1480 4029 1677 4098 ἄφεσιν
1702 4028 1992 4102 ἁμαρτιῶν

396 4116 544 4173 εἶναι
594 4120 929 4189 παρεκτικδν
977 4120 1039 4172 τὸ
1077 4119 1328 4174 Ἰωάννου
1388 4120 1696 4192 βάπτισμα,
1753 4121 1873 4184 πῶς
1921 4123 1991 4192 (εί

397 4214 525 4269 κατ’
546 4214 705 4267 ἄλλον
744 4213 865 4267 τινὰ
889 4214 1114 4285 τρόπον,
1146 4213 1283 4267 ἀλλὰ
1308 4213 1403 4285 μὴ,
1455 4213 1513 4267 ὃν
1539 4218 1571 4286 ἡ
1606 4215 1892 4284 σύγκρισις
1931 4216 1992 4270 τὸ

396 4311 577 4379 τραχὺ
630 4309 728 4378 τῆς
787 4308 1098 4375 ἀντιλογίας
1147 4308 1558 4378 διαπραΰνουσα
1600 4310 1990 4381 παραδέχεται)

402 4403 506 4455 οὐκ
554 4402 617 4455 ἂν
654 4402 942 4465 αὐθαδείας
983 4396 1298 4474 ὑπαίτιονῇ
1349 4404 1409 4453 16
1443 4400 1519 4471 μὴ
1552 4402 1814 4473 παρέχειν
1859 4402 1993 4456 αὐτὸ

401 4494 672 4565 κάθαρσιν
723 4496 833 4548 τῶν
884 4494 1302 4565 ἁμαρτημάτων
1357 4494 1815 4566 διισχυρίζεσθαι,
1850 4495 1988 4548 ἀλλὰ

400 4590 497 4641 καὶ
526 4589 633 4640 τῶν
659 4588 897 4659 νομικῶν
932 4588 1054 4641 κατ’
1074 4588 1207 4642 αὐτό
1232 4606 1295 4658 γε
1324 4588 1485 4642 τοῦτο
1514 4589 1649 4643 πολὺ
1690 4588 1991 4660 διελέγχειν

400 4681 782 4753 εὐτελέστερον
804 4700 818 4749 ;

472 4951 600 5014 Τοῖς
626 4952 682 5005 δὲ
719 4950 929 5017 γένοιτο
961 4952 1093 5018 ἴσως
1124 4972 1416 5025 καταφυγη
1450 4955 1544 5008 καὶ
1568 4955 1628 5008 τὸ
1668 4955 1764 5008 τοῦ
1797 4954 1988 5010 05000-

398 5059 504 5111 φου
540 5044 724 5096 Λουκᾶ
751 5044 914 5115 ῥητὸν
937 5044 1025 5098 διὰ
1058 5044 1151 5098 106
1184 5045 1458 5116 μακαρίου
1493 5046 1725 5117 Μάρκου
1761 5047 1992 5117 ἐξευμε-

396 5134 666 5200 νίζεσθαι,
706 5138 802 5189 καὶ
845 5136 944 5208 τὴν
998 5138 1137 5209 πρὸς
1164 5138 1359 5201 αὐτοὺς
1394 5138 1662 5191 δοκοῦσαν
1692 5139 1990 5207 διαφωνίαν

394 5229 788 5296 ἐκτρέπεσθαι.
800 5230 1017 5301 Τὸγὰρ,
1029 5250 1045 5281 ι
1076 5231 1384 5302 Κηρύσσων
1400 5232 1683 5303 βάπτισμα
1701 5233 1991 5302 μετανοίας

395 5322 480 5382 εἰς
536 5321 729 5386 ἄφεσιν
780 5322 1104 5391 ἁμαρτιῶν,
1157 5342 1176 5374 ›
1231 5324 1353 5393 οὐχὶ
1414 5323 1475 5375 16
1518 5324 1993 5397 αὐτουργούμενον

397 5410 690 5478 βλητισμα
728 5410 881 5480 παρὰ
907 5410 1002 5464 106
1036 5412 1352 5483 Προδρόμου
1382 5412 1589 5466 εἴποιεν
1621 5415 1688 5468 ἂν
1730 5418 1986 5488 παραδη-

395 5498 527 5551 λοῦν
553 5514 567 5528 ο
596 5499 712 5553 ἀλλ’
742 5500 953 5555 ἐκείνου
970 5501 1066 5555 τοῦ
1100 5501 1476 5573 βαπτίσματος
1503 5499 1645 5559 εἶναι
1700 5524 1987 5574 παραστα-

400 5593 559 5644 τικδν
588 5586 650 5647 οὗ
686 5593 863 5664 κῆρυξ
895 5596 924 5647 6
968 5594 1225 5667 Ἰωάννης
1259 5596 1590 5653 ἀπέσταλτο.
1629 5600 1738 5653 Καὶ
1759 5601 1869 5674 γάρ
1899 5601 1992 5654 τὸν

477 5686 521 5716 ¹⁹
552 5681 741 5743 Matth.
776 5703 852 5750 χι,
892 5688 976 5742 Η.

2096 3389 2415 3435 nostrorum
2454 3394 2552 3448 per
2581 3392 2700 3431 eam
2735 3392 2845 3431 non
2887 3374 3088 3429 remitti
3122 3381 3347 3444 peccata
3379 3386 3696 3427 asseverare

2096 3473 2217 3529 ausi
2247 3480 2398 3527 sunt.
2432 3472 2491 3525 In
2533 3470 2723 3525 multis
2772 3467 2918 3523 enim
2954 3483 2984 3521 a
3026 3467 3201 3538 gratia
3226 3504 3244 3531 ,
3281 3480 3445 3535 quam
3485 3462 3692 3518 Christi

2095 3564 2370 3634 baptisma
2393 3561 2629 3626 confert,
2654 3572 2705 3616 et
2736 3576 2766 3615 a
2791 3560 3055 3631 dignitate
3070 3575 3196 3613 eum
3227 3558 3346 3626 ipso
3370 3564 3690 3626 comparata

2093 3656 2312 3721 delicit;
2344 3654 2615 3725 siquidem
2653 3653 2709 3707 in
2742 3652 2990 3706 benelieii
3048 3650 3282 3720 paritate
3316 3648 3694 3720 distingueba-

2098 3758 2208 3810 tur,
2240 3745 2543 3815 eademque
2566 3743 2980 3799 emundatinnis
3011 3742 3167 3813 capia
3198 3755 3548 3811 nequaquam
3579 3738 3697 3809 pol-

2095 3840 2241 3895 lebat
2276 3858 2289 3892 :
2324 3838 2472 3893 unde
2507 3837 2747 3892 fortasse
2783 3851 2852 3889 ne
2880 3834 3267 3889 remissionem
3299 3832 3519 3902 quidem
3565 3845 3691 3900 pec-

2094 3942 2343 3988 calorum
2375 3931 2479 4002 ipsi
2514 3931 2873 4001 reliquerunt.
2933 3928 3226 3983 Enimvero
3305 3941 3431 3981 eum
3497 3923 3693 3979 beatus

2095 4025 2315 4080 Marcus
2349 4034 2624 4086 testetur,
2661 4032 2717 4078 et
2762 4038 2932 4078 sacra!
2972 4036 3151 4092 praeco
3201 4020 3465 4075 doctrinae
3512 4017 3694 4073 Lucas

2096 4117 2441 4183 consentiat,
2511 4116 2656 4185 quod
2727 4114 2958 4170 Joannis
3039 4112 3315 4183 baptisma
3389 4112 3693 4165 remitteret

2096 4221 2320 4282 peccata
2358 4227 2371 4263 :
2406 4207 2689 4279 quomodo
2742 4208 2828 4277 (si
2883 4204 3080 4275 quovis
3132 4204 3239 4257 alio
3279 4211 3438 4271 pacto
3488 4217 3577 4256 res
3634 4215 3694 4255 se

2098 4302 2316 4366 habeat,
2353 4315 2519 4370 quam
2577 4300 2709 4361 isto,
2744 4311 2856 4367 quo
2888 4303 3077 4350 nostra
3113 4291 3494 4362 interpretatio
3548 4289 3693 4345 sale-

2097 4395 2321 4450 brosam
2346 4391 2843 4448 contradictionem
2872 4386 3173 4450 imminuit,
3207 4393 3261 4439 et
3291 4382 3687 4439 admissibilem

2096 4485 2308 4555 reddit)
2359 4499 2472 4537 non
2528 4492 2676 4537 esset
2708 4479 3030 4535 temeritatis
3066 4486 3192 4532 nota
3234 4474 3562 4537 inurendus,
3594 4470 3689 4542 qui

2098 4576 2482 4633 remissionem
2551 4583 2900 4643 peccatorum
2964 4569 3192 4625 Joannis
3246 4567 3518 4637 baptisma
3578 4579 3689 4618 non

2021 4654 2073 4712 D
2099 4675 2341 4730 tribuere
2373 4671 2749 4730 contenderet,
2787 4667 2917 4722 illud
2952 4677 3131 4720 tamen
3164 4664 3265 4717 hac
3296 4662 3415 4731 ipsa
3471 4672 3693 4730 quoque

2104 4766 2157 4820 in
2194 4781 2251 4819 re
2280 4762 2479 4819 veteris
2510 4762 2645 4832 legis
2679 4757 3024 4815 caeremoniis
3047 4756 3246 4810 mirum
3268 4762 3535 4823 quantum
3566 4766 3693 4822 per-

2101 4858 2298 4914 fectius
2329 4857 2491 4911 vellet
2524 4853 2796 4925 arguere?

2173 4951 2272 5007 llis
2320 4960 2502 5005 autem
2552 4948 2811 5002 Patribus
2862 4943 3167 5015 perfugium
3218 4938 3458 4995 fortasse
3504 4945 3692 5006 patere

2103 5046 2336 5116 poterit,
2385 5051 2439 5099 et
2488 5040 2757 5097 divinitus
2804 5036 2984 5093 edocti
3019 5035 3182 5089 Luca:
3228 5031 3511 5087 oraculum
3563 5042 3689 5082 cum

2098 5141 2259 5195 beato
2296 5136 2479 5190 Marco
2506 5133 2817 5194 conciliare,
2834 5139 2889 5185 et
2909 5137 3255 5199 apparentem
3288 5124 3429 5178 inter
3452 5135 3547 5177 eos
3570 5119 3688 5173 dis-

2097 5232 2409 5287 sensionem
2437 5228 2713 5283 declinare
2742 5223 2947 5278 licebit.
2986 5220 3250 5274 Poterunt
3272 5216 3421 5271 enim
3454 5214 3693 5268 allirma-

2098 5341 2179 5388 re,
2212 5323 2355 5393 quod
2383 5321 2564 5376 verbis
2602 5337 2620 5371 ι
2653 5301 2960 5389 praedicans
2986 5314 3318 5384 baptismum
3353 5306 3692 5379 paenitentia:

2098 5418 2154 5471 in
2193 5414 2571 5470 remissionem
2599 5421 3005 5481 peccatorum,»
3038 5417 3384 5475 nequaquam
3418 5398 3688 5469 baptisma

2098 5525 2126 5563 a
2160 5510 2507 5564 Przecursore
2539 5502 2985 5560 administratum
3015 5496 3374 5570 signiﬁcetur,
3409 5491 3503 5547 sed
3552 5488 3687 5543 illud

2097 5601 2461 5673 portendatur
2493 5639 2510 5668 ,
2563 5614 2652 5656 cur
2702 5593 3053 5667 praedicando
3118 5590 3237 5661 ipse
3297 5588 3503 5643 missus
3544 5591 3687 5639 erat.

1925 5777 2155 5836 ΝΟΤᾹῚ.

477 5870 589 5942 (56)
638 5870 750 5927 Hoc
793 5871 1110 5929 adverbium
1156 5891 1316 5932 sensu
1358 5874 1668 5945 postulante
1712 5871 2077 5945 supplendum
2104 5868 2311 5941 putavi.
