  <div class='ocr_page' id='page_1' title='image "/cluster/home/n/w/nwhite01/storage/ocr_20150623/101:no.1/coo.31924054870054/131.png"; bbox 0 0 4084 6502; ppageno 0'>
   <div class='ocr_carea' id='block_1_1' title="bbox 427 405 534 468">
    <p class='ocr_par' dir='ltr' id='par_1_1' title="bbox 427 405 534 468">
     <span class='ocr_line' id='line_1_1' title="bbox 427 405 534 468; baseline 0.028 -3"><span class='ocrx_word' id='word_1_1' title='bbox 427 405 534 468; x_wconf 75' lang='lat'><strong>215</strong></span> 
     </span>
    </p>
   </div>
   <div class='ocr_carea' id='block_1_2' title="bbox 1577 409 2530 473">
    <p class='ocr_par' dir='ltr' id='par_1_2' title="bbox 1577 409 2530 473">
     <span class='ocr_line' id='line_1_2' title="bbox 1577 409 2530 473; baseline 0.006 -6"><span class='ocrx_word' id='word_1_2' title='bbox 1577 409 1840 470; x_wconf 83' lang='grc' dir='ltr'><strong>ΡΙΙΟΤΠ</strong></span> <span class='ocrx_word' id='word_1_3' title='bbox 1881 411 2386 473; x_wconf 68' lang='grc' dir='ltr'><strong>ΡΑΤΒΙΑΗΟΙΙᾸΞ</strong></span> <span class='ocrx_word' id='word_1_4' title='bbox 2423 414 2530 473; x_wconf 87' lang='lat' dir='ltr'><strong>CP.</strong></span> 
     </span>
    </p>
   </div>
   <div class='ocr_carea' id='block_1_3' title="bbox 3634 407 3748 475">
    <p class='ocr_par' dir='ltr' id='par_1_3' title="bbox 3634 407 3748 475">
     <span class='ocr_line' id='line_1_3' title="bbox 3634 407 3748 475; baseline 0 0"><span class='ocrx_word' id='word_1_5' title='bbox 3634 407 3748 475; x_wconf 77' lang='grc'><strong>216</strong></span> 
     </span>
    </p>
   </div>
   <div class='ocr_carea' id='block_1_4' title="bbox 428 517 2022 599">
    <p class='ocr_par' dir='ltr' id='par_1_4' title="bbox 428 517 2005 594">
     <span class='ocr_line' id='line_1_4' title="bbox 428 517 2005 594; baseline 0.004 -22"><span class='ocrx_word' id='word_1_6' title='bbox 428 518 641 573; x_wconf 78' lang='lat' dir='ltr'><strong>Etenim</strong></span> <span class='ocrx_word' id='word_1_7' title='bbox 679 528 927 573; x_wconf 89' lang='lat' dir='ltr'><strong>sanctum</strong></span> <span class='ocrx_word' id='word_1_8' title='bbox 968 517 1205 574; x_wconf 76' lang='lat' dir='ltr'><strong>Marcum</strong></span> <span class='ocrx_word' id='word_1_9' title='bbox 1234 520 1300 575; x_wconf 92' lang='lat' dir='ltr'><strong>de</strong></span> <span class='ocrx_word' id='word_1_10' title='bbox 1329 519 1556 576; x_wconf 91' lang='lat' dir='ltr'><strong>Joannis</strong></span> <span class='ocrx_word' id='word_1_11' title='bbox 1581 524 1800 592; x_wconf 91' lang='lat' dir='ltr'><strong>quidem</strong></span> <span class='ocrx_word' id='word_1_12' title='bbox 1832 525 2005 594; x_wconf 86' lang='lat' dir='ltr'><strong>bapti-</strong></span> 
     </span>
    </p>
   </div>
   <div class='ocr_carea' id='block_1_5' title="bbox 2126 517 3751 599">
    <p class='ocr_par' dir='ltr' id='par_1_5' title="bbox 2130 529 3751 599">
     <span class='ocr_line' id='line_1_5' title="bbox 2130 529 3751 599; baseline 0.002 -21"><span class='ocrx_word' id='word_1_13' title='bbox 2130 529 2252 596; x_wconf 74' lang='grc' dir='ltr'>ερον</span> <span class='ocrx_word' id='word_1_14' title='bbox 2297 529 2524 598; x_wconf 80' lang='grc' dir='ltr'>Μάρκον</span> <span class='ocrx_word' id='word_1_15' title='bbox 2573 529 2704 595; x_wconf 76' lang='grc' dir='ltr'>περὶ</span> <span class='ocrx_word' id='word_1_16' title='bbox 2749 529 2849 598; x_wconf 78' lang='grc' dir='ltr'>μὲν</span> <span class='ocrx_word' id='word_1_17' title='bbox 2883 529 3092 584; x_wconf 77' lang='grc' dir='ltr'>ἐκείνου</span> <span class='ocrx_word' id='word_1_18' title='bbox 3127 531 3332 599; x_wconf 77' lang='grc' dir='ltr'>λέγειν,</span> <span class='ocrx_word' id='word_1_19' title='bbox 3375 551 3398 582; x_wconf 72' lang='grc' dir='ltr'>α</span> <span class='ocrx_word' id='word_1_20' title='bbox 3469 531 3751 597; x_wconf 78' lang='grc' dir='ltr'><strong>Ἐγένετο</strong></span> 
     </span>
    </p>
   </div>
   <div class='ocr_carea' id='block_1_6' title="bbox 430 609 2004 685">
    <p class='ocr_par' dir='ltr' id='par_1_6' title="bbox 430 609 2004 685">
     <span class='ocr_line' id='line_1_6' title="bbox 430 609 2004 685; baseline 0.004 -20"><span class='ocrx_word' id='word_1_21' title='bbox 430 619 604 665; x_wconf 87' lang='lat' dir='ltr'><strong>sntate</strong></span> <span class='ocrx_word' id='word_1_22' title='bbox 639 609 693 662; x_wconf 88' lang='lat' dir='ltr'><strong>hi</strong></span> <span class='ocrx_word' id='word_1_23' title='bbox 723 610 926 664; x_wconf 81' lang='lat' dir='ltr'><strong>dixisse</strong></span> <span class='ocrx_word' id='word_1_24' title='bbox 956 611 1224 680; x_wconf 85' lang='lat' dir='ltr'><strong>inquient,</strong></span> <span class='ocrx_word' id='word_1_25' title='bbox 1250 630 1268 663; x_wconf 84' lang='grc' dir='ltr'>ι</span> <span class='ocrx_word' id='word_1_26' title='bbox 1298 611 1422 666; x_wconf 79' lang='lat' dir='ltr'><strong>Fuit</strong></span> <span class='ocrx_word' id='word_1_27' title='bbox 1453 611 1694 669; x_wconf 73' lang='lat' dir='ltr'><strong>Joannes</strong></span> <span class='ocrx_word' id='word_1_28' title='bbox 1721 617 2004 685; x_wconf 72' lang='lat' dir='ltr'><strong>baptizatus</strong></span> 
     </span>
    </p>
   </div>
   <div class='ocr_carea' id='block_1_7' title="bbox 428 701 2008 777">
    <p class='ocr_par' dir='ltr' id='par_1_7' title="bbox 428 701 2008 777">
     <span class='ocr_line' id='line_1_7' title="bbox 428 701 2008 777; baseline 0.004 -22"><span class='ocrx_word' id='word_1_29' title='bbox 428 701 484 755; x_wconf 90' lang='lat' dir='ltr'><strong>in</strong></span> <span class='ocrx_word' id='word_1_30' title='bbox 520 702 767 767; x_wconf 88' lang='lat' dir='ltr'><strong>deserto;</strong></span> <span class='ocrx_word' id='word_1_31' title='bbox 797 721 816 752; x_wconf 75' lang='grc' dir='ltr'><strong>ι</strong></span> <span class='ocrx_word' id='word_1_32' title='bbox 876 701 928 755; x_wconf 93' lang='lat' dir='ltr'><strong>in</strong></span> <span class='ocrx_word' id='word_1_33' title='bbox 960 703 1138 758; x_wconf 84' lang='lat' dir='ltr'><strong>verbis</strong></span> <span class='ocrx_word' id='word_1_34' title='bbox 1197 715 1378 758; x_wconf 88' lang='lat' dir='ltr'><strong>autem</strong></span> <span class='ocrx_word' id='word_1_35' title='bbox 1418 725 1434 756; x_wconf 73' lang='grc' dir='ltr'>ι</span> <span class='ocrx_word' id='word_1_36' title='bbox 1458 704 1770 761; x_wconf 70' lang='lat' dir='ltr'><strong>Prtedicaus</strong></span> <span class='ocrx_word' id='word_1_37' title='bbox 1832 709 2008 777; x_wconf 92' lang='lat' dir='ltr'><strong>bapti-</strong></span> 
     </span>
    </p>
   </div>
   <div class='ocr_carea' id='block_1_8' title="bbox 427 794 2002 866">
    <p class='ocr_par' dir='ltr' id='par_1_8' title="bbox 427 794 2002 866">
     <span class='ocr_line' id='line_1_8' title="bbox 427 794 2002 866; baseline 0.003 -20"><span class='ocrx_word' id='word_1_38' title='bbox 427 809 605 847; x_wconf 89' lang='lat' dir='ltr'><strong>smum</strong></span> <span class='ocrx_word' id='word_1_39' title='bbox 658 794 988 862; x_wconf 65' lang='lat' dir='ltr'><strong>ptenitentize</strong></span> <span class='ocrx_word' id='word_1_40' title='bbox 1037 795 1090 848; x_wconf 90' lang='lat' dir='ltr'><strong>in</strong></span> <span class='ocrx_word' id='word_1_41' title='bbox 1154 796 1532 850; x_wconf 84' lang='lat' dir='ltr'><strong>remissionem</strong></span> <span class='ocrx_word' id='word_1_42' title='bbox 1593 811 1943 866; x_wconf 68' lang='lat' dir='ltr'><strong>peccatorum</strong></span> <span class='ocrx_word' id='word_1_43' title='bbox 1983 817 2002 850; x_wconf 70' lang='grc' dir='ltr'><em>υ</em></span> 
     </span>
    </p>
   </div>
   <div class='ocr_carea' id='block_1_9' title="bbox 426 884 2010 960">
    <p class='ocr_par' dir='ltr' id='par_1_9' title="bbox 426 884 2010 960">
     <span class='ocr_line' id='line_1_9' title="bbox 426 884 2010 960; baseline 0.003 -20"><span class='ocrx_word' id='word_1_44' title='bbox 426 884 810 956; x_wconf 75' lang='lat' dir='ltr'><strong>Redemptoris</strong></span> <span class='ocrx_word' id='word_1_45' title='bbox 835 887 1102 956; x_wconf 90' lang='lat' dir='ltr'><strong>putabunt</strong></span> <span class='ocrx_word' id='word_1_46' title='bbox 1137 889 1420 942; x_wconf 90' lang='lat' dir='ltr'><strong>nuntiasse</strong></span> <span class='ocrx_word' id='word_1_47' title='bbox 1451 889 1804 958; x_wconf 79' lang='lat' dir='ltr'><strong>baptismum.</strong></span> <span class='ocrx_word' id='word_1_48' title='bbox 1833 893 2010 960; x_wconf 77' lang='lat' dir='ltr'><strong>Atque</strong></span> 
     </span>
    </p>
   </div>
   <div class='ocr_carea' id='block_1_10' title="bbox 431 977 2011 1052">
    <p class='ocr_par' dir='ltr' id='par_1_10' title="bbox 431 977 2011 1052">
     <span class='ocr_line' id='line_1_10' title="bbox 431 977 2011 1052; baseline 0.004 -22"><span class='ocrx_word' id='word_1_49' title='bbox 431 977 505 1031; x_wconf 90' lang='lat' dir='ltr'><strong>ita</strong></span> <span class='ocrx_word' id='word_1_50' title='bbox 546 981 790 1046; x_wconf 82' lang='lat' dir='ltr'><strong>profecto</strong></span> <span class='ocrx_word' id='word_1_51' title='bbox 847 977 1087 1033; x_wconf 82' lang='lat' dir='ltr'><strong>dixerint</strong></span> <span class='ocrx_word' id='word_1_52' title='bbox 1145 979 1361 1032; x_wconf 87' lang='lat' dir='ltr'><strong>beatum</strong></span> <span class='ocrx_word' id='word_1_53' title='bbox 1415 979 1655 1036; x_wconf 82' lang='lat' dir='ltr'><strong>Marcum</strong></span> <span class='ocrx_word' id='word_1_54' title='bbox 1719 993 2011 1052; x_wconf 89' lang='lat' dir='ltr'><strong>utrumque</strong></span> 
     </span>
    </p>
   </div>
   <div class='ocr_carea' id='block_1_11' title="bbox 431 1070 2012 1141">
    <p class='ocr_par' dir='ltr' id='par_1_11' title="bbox 431 1070 2012 1141">
     <span class='ocr_line' id='line_1_11' title="bbox 431 1070 2012 1141; baseline 0.002 -16"><span class='ocrx_word' id='word_1_55' title='bbox 431 1070 747 1126; x_wconf 71' lang='lat' dir='ltr'><strong>distinxisse</strong></span> <span class='ocrx_word' id='word_1_56' title='bbox 775 1071 1071 1139; x_wconf 86' lang='lat' dir='ltr'><strong>baptisma,</strong></span> <span class='ocrx_word' id='word_1_57' title='bbox 1105 1072 1395 1141; x_wconf 89' lang='lat' dir='ltr'><strong>ipsumque</strong></span> <span class='ocrx_word' id='word_1_58' title='bbox 1431 1074 1614 1127; x_wconf 86' lang='lat' dir='ltr'><strong>testari</strong></span> <span class='ocrx_word' id='word_1_59' title='bbox 1657 1074 1787 1127; x_wconf 90' lang='lat' dir='ltr'><strong>illud</strong></span> <span class='ocrx_word' id='word_1_60' title='bbox 1819 1077 2012 1128; x_wconf 87' lang='lat' dir='ltr'><strong>remis-</strong></span> 
     </span>
    </p>
   </div>
   <div class='ocr_carea' id='block_1_12' title="bbox 434 1163 2013 1232">
    <p class='ocr_par' dir='ltr' id='par_1_12' title="bbox 434 1163 2013 1232">
     <span class='ocr_line' id='line_1_12' title="bbox 434 1163 2013 1232; baseline 0.002 -17"><span class='ocrx_word' id='word_1_61' title='bbox 434 1163 642 1216; x_wconf 88' lang='lat' dir='ltr'><strong>sionem</strong></span> <span class='ocrx_word' id='word_1_62' title='bbox 693 1172 1040 1231; x_wconf 87' lang='lat' dir='ltr'><strong>peccatorum</strong></span> <span class='ocrx_word' id='word_1_63' title='bbox 1077 1179 1184 1216; x_wconf 94' lang='lat' dir='ltr'><strong>non</strong></span> <span class='ocrx_word' id='word_1_64' title='bbox 1218 1164 1479 1232; x_wconf 62' lang='lat' dir='ltr'><strong>praebere,</strong></span> <span class='ocrx_word' id='word_1_65' title='bbox 1513 1181 1691 1232; x_wconf 86' lang='lat' dir='ltr'><strong>neque</strong></span> <span class='ocrx_word' id='word_1_66' title='bbox 1742 1181 1862 1220; x_wconf 89' lang='lat' dir='ltr'><strong>eam</strong></span> <span class='ocrx_word' id='word_1_67' title='bbox 1913 1181 2013 1219; x_wconf 90' lang='lat' dir='ltr'><strong>suo</strong></span> 
     </span>
    </p>
   </div>
   <div class='ocr_carea' id='block_1_13' title="bbox 432 1253 2012 1326">
    <p class='ocr_par' dir='ltr' id='par_1_13' title="bbox 432 1253 2012 1326">
     <span class='ocr_line' id='line_1_13' title="bbox 432 1253 2012 1326; baseline 0.002 -18"><span class='ocrx_word' id='word_1_68' title='bbox 432 1253 749 1325; x_wconf 89' lang='lat' dir='ltr'><strong>baptismati</strong></span> <span class='ocrx_word' id='word_1_69' title='bbox 795 1255 966 1309; x_wconf 83' lang='lat' dir='ltr'><strong>fuisse</strong></span> <span class='ocrx_word' id='word_1_70' title='bbox 1007 1271 1036 1309; x_wconf 90' lang='lat' dir='ltr'><strong>a</strong></span> <span class='ocrx_word' id='word_1_71' title='bbox 1071 1255 1281 1309; x_wconf 84' lang='lat' dir='ltr'><strong>Joanne</strong></span> <span class='ocrx_word' id='word_1_72' title='bbox 1336 1257 1654 1310; x_wconf 89' lang='lat' dir='ltr'><strong>attributam</strong></span> <span class='ocrx_word' id='word_1_73' title='bbox 1691 1275 1705 1310; x_wconf 89' lang='lat'><strong>:</strong></span> <span class='ocrx_word' id='word_1_74' title='bbox 1740 1257 2012 1326; x_wconf 88' lang='lat' dir='ltr'><strong>siquidem</strong></span> 
     </span>
    </p>
   </div>
   <div class='ocr_carea' id='block_1_14' title="bbox 433 1341 2012 1413">
    <p class='ocr_par' dir='ltr' id='par_1_14' title="bbox 433 1341 2012 1413">
     <span class='ocr_line' id='line_1_14' title="bbox 433 1341 2012 1413; baseline 0.002 -17"><span class='ocrx_word' id='word_1_75' title='bbox 433 1351 720 1412; x_wconf 82' lang='lat' dir='ltr'><strong>propterea</strong></span> <span class='ocrx_word' id='word_1_76' title='bbox 753 1341 1018 1397; x_wconf 84' lang='lat' dir='ltr'><strong>Joannem</strong></span> <span class='ocrx_word' id='word_1_77' title='bbox 1055 1345 1351 1412; x_wconf 84' lang='lat' dir='ltr'><strong>opinantur</strong></span> <span class='ocrx_word' id='word_1_78' title='bbox 1377 1346 1666 1413; x_wconf 77' lang='lat' dir='ltr'><strong>ingenuam</strong></span> <span class='ocrx_word' id='word_1_79' title='bbox 1695 1345 1843 1400; x_wconf 86' lang='lat' dir='ltr'><strong>illam</strong></span> <span class='ocrx_word' id='word_1_80' title='bbox 1879 1345 2012 1399; x_wconf 79' lang='lat' dir='ltr'><strong>Deo-</strong></span> 
     </span>
    </p>
   </div>
   <div class='ocr_carea' id='block_1_15' title="bbox 434 1434 2016 1506">
    <p class='ocr_par' dir='ltr' id='par_1_15' title="bbox 434 1434 2016 1506">
     <span class='ocr_line' id='line_1_15' title="bbox 434 1434 2016 1506; baseline 0 -17"><span class='ocrx_word' id='word_1_81' title='bbox 434 1450 541 1504; x_wconf 88' lang='lat' dir='ltr'><strong>que</strong></span> <span class='ocrx_word' id='word_1_82' title='bbox 565 1434 1106 1503; x_wconf 85' lang='lat' dir='ltr'><strong>obsequentissimam</strong></span> <span class='ocrx_word' id='word_1_83' title='bbox 1134 1435 1461 1491; x_wconf 89' lang='lat' dir='ltr'><strong>sententiam</strong></span> <span class='ocrx_word' id='word_1_84' title='bbox 1494 1437 1786 1506; x_wconf 84' lang='lat' dir='ltr'><strong>protulisse</strong></span> <span class='ocrx_word' id='word_1_85' title='bbox 1812 1456 1825 1489; x_wconf 88' lang='lat'><strong>:</strong></span> <span class='ocrx_word' id='word_1_86' title='bbox 1857 1456 1874 1487; x_wconf 80' lang='grc' dir='ltr'>ι</span> <span class='ocrx_word' id='word_1_87' title='bbox 1905 1438 2016 1506; x_wconf 80' lang='lat' dir='ltr'><strong>Ego</strong></span> 
     </span>
    </p>
   </div>
   <div class='ocr_carea' id='block_1_16' title="bbox 435 1526 2020 1599">
    <p class='ocr_par' dir='ltr' id='par_1_16' title="bbox 435 1526 2020 1599">
     <span class='ocr_line' id='line_1_16' title="bbox 435 1526 2020 1599; baseline 0.003 -20"><span class='ocrx_word' id='word_1_88' title='bbox 435 1527 655 1596; x_wconf 84' lang='lat' dir='ltr'><strong>quidem</strong></span> <span class='ocrx_word' id='word_1_89' title='bbox 682 1526 948 1595; x_wconf 72' lang='lat' dir='ltr'><strong>baptizari</strong></span> <span class='ocrx_word' id='word_1_90' title='bbox 971 1543 1065 1580; x_wconf 86' lang='lat' dir='ltr'><strong>vos</strong></span> <span class='ocrx_word' id='word_1_91' title='bbox 1092 1527 1142 1581; x_wconf 92' lang='lat' dir='ltr'><strong>in</strong></span> <span class='ocrx_word' id='word_1_92' title='bbox 1170 1544 1332 1596; x_wconf 86' lang='lat' dir='ltr'><strong>aqua,</strong></span> <span class='ocrx_word' id='word_1_93' title='bbox 1365 1528 1479 1598; x_wconf 90' lang='lat' dir='ltr'><strong>ipse</strong></span> <span class='ocrx_word' id='word_1_94' title='bbox 1510 1537 1693 1583; x_wconf 90' lang='lat' dir='ltr'><strong>autem</strong></span> <span class='ocrx_word' id='word_1_95' title='bbox 1723 1529 2020 1599; x_wconf 89' lang='lat' dir='ltr'><strong>baptizabit</strong></span> 
     </span>
    </p>
   </div>
   <div class='ocr_carea' id='block_1_17' title="bbox 435 1617 1242 1685">
    <p class='ocr_par' dir='ltr' id='par_1_17' title="bbox 435 1617 1242 1685">
     <span class='ocr_line' id='line_1_17' title="bbox 435 1617 1242 1685; baseline 0 -15"><span class='ocrx_word' id='word_1_96' title='bbox 435 1632 534 1671; x_wconf 81' lang='lat' dir='ltr'><strong>vos</strong></span> <span class='ocrx_word' id='word_1_97' title='bbox 569 1617 620 1669; x_wconf 91' lang='lat' dir='ltr'><strong>in</strong></span> <span class='ocrx_word' id='word_1_98' title='bbox 659 1617 864 1685; x_wconf 87' lang='lat' dir='ltr'><strong>Spiritu</strong></span> <span class='ocrx_word' id='word_1_99' title='bbox 898 1628 1090 1675; x_wconf 84' lang='lat' dir='ltr'><strong>sancto</strong></span> <span class='ocrx_word' id='word_1_100' title='bbox 1121 1619 1187 1672; x_wconf 84' lang='grc'><strong>³⁰.</strong></span> <span class='ocrx_word' id='word_1_101' title='bbox 1223 1638 1242 1670; x_wconf 72' lang='grc' dir='ltr'><strong>ι</strong></span> 
     </span>
    </p>
   </div>
   <div class='ocr_carea' id='block_1_18' title="bbox 507 1707 2018 1780">
    <p class='ocr_par' dir='ltr' id='par_1_18' title="bbox 507 1707 2018 1780">
     <span class='ocr_line' id='line_1_18' title="bbox 507 1707 2018 1780; baseline 0.004 -20"><span class='ocrx_word' id='word_1_102' title='bbox 507 1707 663 1774; x_wconf 83' lang='lat' dir='ltr'><strong>Quod</strong></span> <span class='ocrx_word' id='word_1_103' title='bbox 688 1708 731 1761; x_wconf 91' lang='lat' dir='ltr'><strong>si</strong></span> <span class='ocrx_word' id='word_1_104' title='bbox 757 1707 969 1763; x_wconf 76' lang='lat' dir='ltr'><strong>Marcus</strong></span> <span class='ocrx_word' id='word_1_105' title='bbox 989 1709 1376 1778; x_wconf 88' lang='lat' dir='ltr'><strong>baptismatum</strong></span> <span class='ocrx_word' id='word_1_106' title='bbox 1397 1710 1805 1764; x_wconf 89' lang='lat' dir='ltr'><strong>distinctionem</strong></span> <span class='ocrx_word' id='word_1_107' title='bbox 1831 1722 2018 1780; x_wconf 83' lang='lat' dir='ltr'><strong>aperte</strong></span> 
     </span>
    </p>
   </div>
   <div class='ocr_carea' id='block_1_19' title="bbox 437 1799 2014 1873">
    <p class='ocr_par' dir='ltr' id='par_1_19' title="bbox 437 1799 2014 1873">
     <span class='ocr_line' id='line_1_19' title="bbox 437 1799 2014 1873; baseline 0.006 -21"><span class='ocrx_word' id='word_1_108' title='bbox 437 1813 540 1852; x_wconf 91' lang='lat' dir='ltr'><strong>nos</strong></span> <span class='ocrx_word' id='word_1_109' title='bbox 589 1799 812 1864; x_wconf 89' lang='lat' dir='ltr'><strong>docuit,</strong></span> <span class='ocrx_word' id='word_1_110' title='bbox 881 1803 1009 1854; x_wconf 87' lang='lat' dir='ltr'><strong>dum</strong></span> <span class='ocrx_word' id='word_1_111' title='bbox 1075 1802 1388 1869; x_wconf 87' lang='lat' dir='ltr'><strong>baptismati</strong></span> <span class='ocrx_word' id='word_1_112' title='bbox 1430 1805 1650 1873; x_wconf 81' lang='lat' dir='ltr'><strong>quidem</strong></span> <span class='ocrx_word' id='word_1_113' title='bbox 1705 1804 2014 1861; x_wconf 88' lang='lat' dir='ltr'><strong>Servatoris</strong></span> 
     </span>
    </p>
   </div>
   <div class='ocr_carea' id='block_1_20' title="bbox 437 1884 2088 1963">
    <p class='ocr_par' dir='ltr' id='par_1_20' title="bbox 437 1884 2088 1963">
     <span class='ocr_line' id='line_1_20' title="bbox 437 1884 2088 1963; baseline 0.004 -21"><span class='ocrx_word' id='word_1_114' title='bbox 437 1888 684 1954; x_wconf 83' lang='lat' dir='ltr'><strong>ascribit,</strong></span> <span class='ocrx_word' id='word_1_115' title='bbox 709 1891 848 1958; x_wconf 88' lang='lat' dir='ltr'><strong>quod</strong></span> <span class='ocrx_word' id='word_1_116' title='bbox 875 1899 1096 1958; x_wconf 79' lang='lat' dir='ltr'><strong>peccata</strong></span> <span class='ocrx_word' id='word_1_117' title='bbox 1131 1893 1466 1955; x_wconf 88' lang='lat' dir='ltr'><strong>dimitteret,</strong></span> <span class='ocrx_word' id='word_1_118' title='bbox 1499 1903 1553 1948; x_wconf 90' lang='lat' dir='ltr'><strong>et</strong></span> <span class='ocrx_word' id='word_1_119' title='bbox 1583 1893 1788 1963; x_wconf 91' lang='lat' dir='ltr'><strong>Spiritu</strong></span> <span class='ocrx_word' id='word_1_120' title='bbox 1824 1907 2015 1950; x_wconf 86' lang='lat' dir='ltr'><strong>sancto</strong></span> <span class='ocrx_word' id='word_1_121' title='bbox 2047 1884 2088 1938; x_wconf 86' lang='grc' dir='ltr'><strong>Β</strong></span> 
     </span>
    </p>
   </div>
   <div class='ocr_carea' id='block_1_21' title="bbox 438 1979 2017 2054">
    <p class='ocr_par' dir='ltr' id='par_1_21' title="bbox 438 1979 2017 2054">
     <span class='ocr_line' id='line_1_21' title="bbox 438 1979 2017 2054; baseline 0.003 -21"><span class='ocrx_word' id='word_1_122' title='bbox 438 1981 839 2045; x_wconf 82' lang='lat' dir='ltr'><strong>conficeretur;</strong></span> <span class='ocrx_word' id='word_1_123' title='bbox 873 1979 1103 2035; x_wconf 88' lang='lat' dir='ltr'><strong>Joannis</strong></span> <span class='ocrx_word' id='word_1_124' title='bbox 1139 1991 1344 2044; x_wconf 87' lang='lat' dir='ltr'><strong>autem,</strong></span> <span class='ocrx_word' id='word_1_125' title='bbox 1379 1985 1524 2052; x_wconf 92' lang='lat' dir='ltr'><strong>quod</strong></span> <span class='ocrx_word' id='word_1_126' title='bbox 1565 1999 1706 2054; x_wconf 87' lang='lat' dir='ltr'><strong>aqua</strong></span> <span class='ocrx_word' id='word_1_127' title='bbox 1748 1987 1919 2049; x_wconf 79' lang='lat' dir='ltr'><strong>fieret,</strong></span> <span class='ocrx_word' id='word_1_128' title='bbox 1962 1992 2017 2039; x_wconf 88' lang='lat' dir='ltr'><strong>et</strong></span> 
     </span>
    </p>
   </div>
   <div class='ocr_carea' id='block_1_22' title="bbox 437 2069 2016 2141">
    <p class='ocr_par' dir='ltr' id='par_1_22' title="bbox 437 2069 2016 2141">
     <span class='ocr_line' id='line_1_22' title="bbox 437 2069 2016 2141; baseline 0.002 -18"><span class='ocrx_word' id='word_1_129' title='bbox 437 2069 708 2140; x_wconf 87' lang='lat' dir='ltr'><strong>baptisma</strong></span> <span class='ocrx_word' id='word_1_130' title='bbox 770 2081 1227 2140; x_wconf 88' lang='lat' dir='ltr'><strong>nuncuparetur:</strong></span> <span class='ocrx_word' id='word_1_131' title='bbox 1268 2073 1617 2141; x_wconf 88' lang='lat' dir='ltr'><strong>perspicuum</strong></span> <span class='ocrx_word' id='word_1_132' title='bbox 1672 2082 1756 2128; x_wconf 91' lang='lat' dir='ltr'><strong>est</strong></span> <span class='ocrx_word' id='word_1_133' title='bbox 1813 2073 2016 2128; x_wconf 90' lang='lat' dir='ltr'><strong>Lucam</strong></span> 
     </span>
    </p>
   </div>
   <div class='ocr_carea' id='block_1_23' title="bbox 439 2162 2019 2234">
    <p class='ocr_par' dir='ltr' id='par_1_23' title="bbox 439 2162 2019 2234">
     <span class='ocr_line' id='line_1_23' title="bbox 439 2162 2019 2234; baseline 0.003 -21"><span class='ocrx_word' id='word_1_134' title='bbox 439 2177 660 2231; x_wconf 87' lang='lat' dir='ltr'><strong>quoque</strong></span> <span class='ocrx_word' id='word_1_135' title='bbox 683 2178 809 2215; x_wconf 91' lang='lat' dir='ltr'><strong>cum</strong></span> <span class='ocrx_word' id='word_1_136' title='bbox 845 2162 996 2216; x_wconf 83' lang='lat' dir='ltr'><strong>socio</strong></span> <span class='ocrx_word' id='word_1_137' title='bbox 1031 2162 1342 2233; x_wconf 78' lang='lat' dir='ltr'><strong>Evangelii,</strong></span> <span class='ocrx_word' id='word_1_138' title='bbox 1375 2164 1724 2233; x_wconf 70' lang='lat' dir='ltr'><strong>bistoriazqne</strong></span> <span class='ocrx_word' id='word_1_139' title='bbox 1755 2166 2019 2234; x_wconf 88' lang='lat' dir='ltr'><strong>scriptore</strong></span> 
     </span>
    </p>
   </div>
   <div class='ocr_carea' id='block_1_24' title="bbox 437 2253 2018 2317">
    <p class='ocr_par' dir='ltr' id='par_1_24' title="bbox 437 2253 2018 2317">
     <span class='ocr_line' id='line_1_24' title="bbox 437 2253 2018 2317; baseline 0.002 -11"><span class='ocrx_word' id='word_1_140' title='bbox 437 2253 853 2307; x_wconf 88' lang='lat' dir='ltr'><strong>consensionem</strong></span> <span class='ocrx_word' id='word_1_141' title='bbox 894 2269 1149 2317; x_wconf 79' lang='lat' dir='ltr'><strong>servare,</strong></span> <span class='ocrx_word' id='word_1_142' title='bbox 1209 2265 1264 2308; x_wconf 90' lang='lat' dir='ltr'><strong>et</strong></span> <span class='ocrx_word' id='word_1_143' title='bbox 1311 2255 1389 2309; x_wconf 87' lang='lat' dir='ltr'><strong>sic</strong></span> <span class='ocrx_word' id='word_1_144' title='bbox 1423 2257 1588 2309; x_wconf 87' lang='lat' dir='ltr'><strong>etiam</strong></span> <span class='ocrx_word' id='word_1_145' title='bbox 1637 2256 2018 2310; x_wconf 77' lang='lat' dir='ltr'><strong>iutemeratam</strong></span> 
     </span>
    </p>
   </div>
   <div class='ocr_carea' id='block_1_25' title="bbox 435 2346 2016 2416">
    <p class='ocr_par' dir='ltr' id='par_1_25' title="bbox 435 2346 2016 2416">
     <span class='ocr_line' id='line_1_25' title="bbox 435 2346 2016 2416; baseline 0 -17"><span class='ocrx_word' id='word_1_146' title='bbox 435 2346 684 2400; x_wconf 76' lang='lat' dir='ltr'><strong>veritatis</strong></span> <span class='ocrx_word' id='word_1_147' title='bbox 719 2347 1100 2400; x_wconf 79' lang='lat' dir='ltr'><strong>auctoritatem</strong></span> <span class='ocrx_word' id='word_1_148' title='bbox 1139 2347 1413 2400; x_wconf 86' lang='lat' dir='ltr'><strong>custodire</strong></span> <span class='ocrx_word' id='word_1_149' title='bbox 1442 2366 1454 2400; x_wconf 90' lang='lat'>:</span> <span class='ocrx_word' id='word_1_150' title='bbox 1488 2346 1744 2416; x_wconf 87' lang='lat' dir='ltr'><strong>quodque</strong></span> <span class='ocrx_word' id='word_1_151' title='bbox 1777 2347 1863 2400; x_wconf 88' lang='lat' dir='ltr'><strong>illc</strong></span> <span class='ocrx_word' id='word_1_152' title='bbox 1889 2362 2016 2400; x_wconf 82' lang='lat' dir='ltr'><strong>nar-</strong></span> 
     </span>
    </p>
   </div>
   <div class='ocr_carea' id='block_1_26' title="bbox 434 2436 2018 2506">
    <p class='ocr_par' dir='ltr' id='par_1_26' title="bbox 434 2436 2018 2506">
     <span class='ocr_line' id='line_1_26' title="bbox 434 2436 2018 2506; baseline 0.001 -18"><span class='ocrx_word' id='word_1_153' title='bbox 434 2445 519 2489; x_wconf 84' lang='lat' dir='ltr'><strong>rat</strong></span> <span class='ocrx_word' id='word_1_154' title='bbox 548 2453 562 2488; x_wconf 91' lang='lat'><strong>:</strong></span> <span class='ocrx_word' id='word_1_155' title='bbox 601 2455 620 2487; x_wconf 75' lang='grc' dir='ltr'>ι</span> <span class='ocrx_word' id='word_1_156' title='bbox 649 2436 714 2489; x_wconf 86' lang='grc' dir='ltr'><strong>ΕΙ.</strong></span> <span class='ocrx_word' id='word_1_157' title='bbox 746 2437 890 2489; x_wconf 82' lang='lat' dir='ltr'><strong>venit</strong></span> <span class='ocrx_word' id='word_1_158' title='bbox 924 2438 977 2490; x_wconf 88' lang='lat' dir='ltr'><strong>itt</strong></span> <span class='ocrx_word' id='word_1_159' title='bbox 1011 2452 1231 2489; x_wconf 90' lang='lat' dir='ltr'><strong>omnem</strong></span> <span class='ocrx_word' id='word_1_160' title='bbox 1275 2437 1551 2506; x_wconf 72' lang='lat' dir='ltr'><strong>regionem</strong></span> <span class='ocrx_word' id='word_1_161' title='bbox 1581 2436 1842 2491; x_wconf 86' lang='lat' dir='ltr'><strong>Jordanis</strong></span> <span class='ocrx_word' id='word_1_162' title='bbox 1881 2453 2018 2506; x_wconf 76' lang='lat' dir='ltr'><strong>pra:-</strong></span> 
     </span>
    </p>
   </div>
   <div class='ocr_carea' id='block_1_27' title="bbox 435 2525 2020 2596">
    <p class='ocr_par' dir='ltr' id='par_1_27' title="bbox 435 2525 2020 2596">
     <span class='ocr_line' id='line_1_27' title="bbox 435 2525 2020 2596; baseline 0.001 -17"><span class='ocrx_word' id='word_1_163' title='bbox 435 2525 627 2580; x_wconf 88' lang='lat' dir='ltr'><strong>dicaus</strong></span> <span class='ocrx_word' id='word_1_164' title='bbox 666 2526 993 2594; x_wconf 86' lang='lat' dir='ltr'><strong>baptismum</strong></span> <span class='ocrx_word' id='word_1_165' title='bbox 1027 2527 1358 2596; x_wconf 69' lang='lat' dir='ltr'><strong>ptenitentize</strong></span> <span class='ocrx_word' id='word_1_166' title='bbox 1392 2527 1444 2579; x_wconf 91' lang='lat' dir='ltr'><strong>in</strong></span> <span class='ocrx_word' id='word_1_167' title='bbox 1476 2527 1858 2580; x_wconf 84' lang='lat' dir='ltr'><strong>remissionem</strong></span> <span class='ocrx_word' id='word_1_168' title='bbox 1891 2543 2020 2596; x_wconf 85' lang='lat' dir='ltr'><strong>pec-</strong></span> 
     </span>
    </p>
   </div>
   <div class='ocr_carea' id='block_1_28' title="bbox 437 2614 2020 2684">
    <p class='ocr_par' dir='ltr' id='par_1_28' title="bbox 437 2614 2020 2684">
     <span class='ocr_line' id='line_1_28' title="bbox 437 2614 2020 2684; baseline 0.003 -18"><span class='ocrx_word' id='word_1_169' title='bbox 437 2623 686 2666; x_wconf 86' lang='lat' dir='ltr'><strong>catorum</strong></span> <span class='ocrx_word' id='word_1_170' title='bbox 713 2615 780 2677; x_wconf 83' lang='grc'><strong>³¹,</strong></span> <span class='ocrx_word' id='word_1_171' title='bbox 808 2632 825 2664; x_wconf 72' lang='grc' dir='ltr'><strong>ι</strong></span> <span class='ocrx_word' id='word_1_172' title='bbox 861 2614 1268 2682; x_wconf 79' lang='lat' dir='ltr'><strong>intelligendum</strong></span> <span class='ocrx_word' id='word_1_173' title='bbox 1307 2630 1427 2669; x_wconf 90' lang='lat' dir='ltr'><strong>esse</strong></span> <span class='ocrx_word' id='word_1_174' title='bbox 1473 2615 1790 2684; x_wconf 86' lang='lat' dir='ltr'><strong>neutiquam</strong></span> <span class='ocrx_word' id='word_1_175' title='bbox 1825 2618 1890 2670; x_wconf 88' lang='lat' dir='ltr'><strong>de</strong></span> <span class='ocrx_word' id='word_1_176' title='bbox 1926 2618 2020 2670; x_wconf 92' lang='lat' dir='ltr'><strong>illo</strong></span> 
     </span>
    </p>
   </div>
   <div class='ocr_carea' id='block_1_29' title="bbox 437 2703 2024 2774">
    <p class='ocr_par' dir='ltr' id='par_1_29' title="bbox 437 2703 2024 2774">
     <span class='ocr_line' id='line_1_29' title="bbox 437 2703 2024 2774; baseline 0.003 -17"><span class='ocrx_word' id='word_1_177' title='bbox 437 2704 784 2772; x_wconf 81' lang='lat' dir='ltr'><strong>baptismate,</strong></span> <span class='ocrx_word' id='word_1_178' title='bbox 817 2706 963 2774; x_wconf 85' lang='lat' dir='ltr'><strong>quod</strong></span> <span class='ocrx_word' id='word_1_179' title='bbox 1016 2721 1214 2758; x_wconf 84' lang='lat' dir='ltr'><strong>ntanus</strong></span> <span class='ocrx_word' id='word_1_180' title='bbox 1261 2703 1630 2760; x_wconf 59' lang='lat' dir='ltr'><strong>Praecursoris</strong></span> <span class='ocrx_word' id='word_1_181' title='bbox 1669 2707 2024 2762; x_wconf 86' lang='lat' dir='ltr'><strong>administra-</strong></span> 
     </span>
    </p>
   </div>
   <div class='ocr_carea' id='block_1_30' title="bbox 439 2791 2024 2861">
    <p class='ocr_par' dir='ltr' id='par_1_30' title="bbox 439 2791 2024 2861">
     <span class='ocr_line' id='line_1_30' title="bbox 439 2791 2024 2861; baseline 0.004 -16"><span class='ocrx_word' id='word_1_182' title='bbox 439 2791 591 2854; x_wconf 89' lang='lat' dir='ltr'><strong>bant,</strong></span> <span class='ocrx_word' id='word_1_183' title='bbox 625 2793 715 2846; x_wconf 87' lang='lat' dir='ltr'><strong>scd</strong></span> <span class='ocrx_word' id='word_1_184' title='bbox 749 2793 814 2845; x_wconf 86' lang='lat' dir='ltr'><strong>dc</strong></span> <span class='ocrx_word' id='word_1_185' title='bbox 837 2808 921 2855; x_wconf 89' lang='lat' dir='ltr'><strong>eo,</strong></span> <span class='ocrx_word' id='word_1_186' title='bbox 949 2795 1095 2861; x_wconf 90' lang='lat' dir='ltr'><strong>quod</strong></span> <span class='ocrx_word' id='word_1_187' title='bbox 1128 2793 1378 2847; x_wconf 85' lang='lat' dir='ltr'><strong>Salvator</strong></span> <span class='ocrx_word' id='word_1_188' title='bbox 1435 2811 1499 2849; x_wconf 91' lang='lat' dir='ltr'><strong>ac</strong></span> <span class='ocrx_word' id='word_1_189' title='bbox 1533 2794 1798 2851; x_wconf 89' lang='lat' dir='ltr'><strong>Dominus</strong></span> <span class='ocrx_word' id='word_1_190' title='bbox 1838 2810 2024 2852; x_wconf 85' lang='lat' dir='ltr'><strong>noster</strong></span> 
     </span>
    </p>
   </div>
   <div class='ocr_carea' id='block_1_31' title="bbox 438 2881 2023 2954">
    <p class='ocr_par' dir='ltr' id='par_1_31' title="bbox 438 2881 2023 2954">
     <span class='ocr_line' id='line_1_31' title="bbox 438 2881 2023 2954; baseline 0.003 -20"><span class='ocrx_word' id='word_1_191' title='bbox 438 2881 804 2944; x_wconf 88' lang='lat' dir='ltr'><strong>instituebat,</strong></span> <span class='ocrx_word' id='word_1_192' title='bbox 862 2883 1118 2950; x_wconf 84' lang='lat' dir='ltr'><strong>quodque</strong></span> <span class='ocrx_word' id='word_1_193' title='bbox 1175 2883 1372 2937; x_wconf 67' lang='lat' dir='ltr'><strong>animat</strong></span> <span class='ocrx_word' id='word_1_194' title='bbox 1429 2883 1660 2938; x_wconf 90' lang='lat' dir='ltr'><strong>maculis</strong></span> <span class='ocrx_word' id='word_1_195' title='bbox 1719 2885 2023 2954; x_wconf 82' lang='lat' dir='ltr'><strong>baptizatos</strong></span> 
     </span>
    </p>
   </div>
   <div class='ocr_carea' id='block_1_32' title="bbox 441 2973 2026 3050">
    <p class='ocr_par' dir='ltr' id='par_1_32' title="bbox 441 2973 2026 3050">
     <span class='ocr_line' id='line_1_32' title="bbox 441 2973 2026 3050; baseline 0.005 -22"><span class='ocrx_word' id='word_1_196' title='bbox 441 2990 635 3029; x_wconf 88' lang='lat' dir='ltr'><strong>omnes</strong></span> <span class='ocrx_word' id='word_1_197' title='bbox 670 2973 1022 3029; x_wconf 84' lang='lat' dir='ltr'><strong>etnuudabat.</strong></span> <span class='ocrx_word' id='word_1_198' title='bbox 1058 2974 1348 3032; x_wconf 80' lang='lat' dir='ltr'><strong>Enimvero</strong></span> <span class='ocrx_word' id='word_1_199' title='bbox 1374 2979 1534 3047; x_wconf 90' lang='lat' dir='ltr'><strong>paulo</strong></span> <span class='ocrx_word' id='word_1_200' title='bbox 1556 2990 1678 3049; x_wconf 90' lang='lat' dir='ltr'><strong>post</strong></span> <span class='ocrx_word' id='word_1_201' title='bbox 1705 2979 1878 3036; x_wconf 88' lang='lat' dir='ltr'><strong>Lucas</strong></span> <span class='ocrx_word' id='word_1_202' title='bbox 1909 2982 2026 3050; x_wconf 84' lang='lat' dir='ltr'><strong>ipse</strong></span> 
     </span>
    </p>
   </div>
   <div class='ocr_carea' id='block_1_33' title="bbox 439 3062 2023 3145">
    <p class='ocr_par' dir='ltr' id='par_1_33' title="bbox 439 3062 2023 3145">
     <span class='ocr_line' id='line_1_33' title="bbox 439 3062 2023 3145; baseline 0.007 -29"><span class='ocrx_word' id='word_1_203' title='bbox 439 3062 707 3117; x_wconf 87' lang='lat' dir='ltr'><strong>Joannem</strong></span> <span class='ocrx_word' id='word_1_204' title='bbox 739 3063 824 3118; x_wconf 89' lang='lat' dir='ltr'><strong>bis</strong></span> <span class='ocrx_word' id='word_1_205' title='bbox 858 3065 1038 3118; x_wconf 83' lang='lat' dir='ltr'><strong>verbis</strong></span> <span class='ocrx_word' id='word_1_206' title='bbox 1066 3066 1374 3135; x_wconf 89' lang='lat' dir='ltr'><strong>loquentem</strong></span> <span class='ocrx_word' id='word_1_207' title='bbox 1422 3070 1632 3126; x_wconf 88' lang='lat' dir='ltr'><strong>inducit</strong></span> <span class='ocrx_word' id='word_1_208' title='bbox 1660 3091 1672 3126; x_wconf 93' lang='lat'><strong>:</strong></span> <span class='ocrx_word' id='word_1_209' title='bbox 1710 3093 1727 3124; x_wconf 88' lang='grc'>‹</span> <span class='ocrx_word' id='word_1_210' title='bbox 1757 3073 1867 3144; x_wconf 79' lang='lat' dir='ltr'><strong>Ego</strong></span> <span class='ocrx_word' id='word_1_211' title='bbox 1897 3075 2023 3145; x_wconf 85' lang='lat' dir='ltr'><strong>qui-</strong></span> 
     </span>
    </p>
   </div>
   <div class='ocr_carea' id='block_1_34' title="bbox 439 3153 2018 3228">
    <p class='ocr_par' dir='ltr' id='par_1_34' title="bbox 439 3153 2018 3228">
     <span class='ocr_line' id='line_1_34' title="bbox 439 3153 2018 3228; baseline 0.009 -21"><span class='ocrx_word' id='word_1_212' title='bbox 439 3153 564 3208; x_wconf 84' lang='lat' dir='ltr'><strong>dem</strong></span> <span class='ocrx_word' id='word_1_213' title='bbox 595 3171 736 3225; x_wconf 89' lang='lat' dir='ltr'><strong>aqua</strong></span> <span class='ocrx_word' id='word_1_214' title='bbox 772 3156 990 3226; x_wconf 87' lang='lat' dir='ltr'><strong>baptizo</strong></span> <span class='ocrx_word' id='word_1_215' title='bbox 1023 3173 1153 3220; x_wconf 90' lang='lat' dir='ltr'><strong>vos,</strong></span> <span class='ocrx_word' id='word_1_216' title='bbox 1211 3160 1391 3214; x_wconf 88' lang='lat' dir='ltr'><strong>veniet</strong></span> <span class='ocrx_word' id='word_1_217' title='bbox 1426 3171 1609 3217; x_wconf 89' lang='lat' dir='ltr'><strong>autem</strong></span> <span class='ocrx_word' id='word_1_218' title='bbox 1667 3163 1863 3220; x_wconf 83' lang='lat' dir='ltr'><strong>fortior</strong></span> <span class='ocrx_word' id='word_1_219' title='bbox 1913 3182 2018 3228; x_wconf 87' lang='lat' dir='ltr'><strong>me,</strong></span> 
     </span>
    </p>
   </div>
   <div class='ocr_carea' id='block_1_35' title="bbox 440 3247 2019 3324">
    <p class='ocr_par' dir='ltr' id='par_1_35' title="bbox 440 3247 2019 3324">
     <span class='ocr_line' id='line_1_35' title="bbox 440 3247 2019 3324; baseline 0.008 -23"><span class='ocrx_word' id='word_1_220' title='bbox 440 3247 599 3316; x_wconf 90' lang='lat' dir='ltr'><strong>cujus</strong></span> <span class='ocrx_word' id='word_1_221' title='bbox 631 3265 738 3302; x_wconf 91' lang='lat' dir='ltr'><strong>non</strong></span> <span class='ocrx_word' id='word_1_222' title='bbox 784 3265 903 3305; x_wconf 91' lang='lat' dir='ltr'><strong>sum</strong></span> <span class='ocrx_word' id='word_1_223' title='bbox 957 3251 1154 3321; x_wconf 71' lang='lat' dir='ltr'><strong>dignus</strong></span> <span class='ocrx_word' id='word_1_224' title='bbox 1199 3253 1409 3308; x_wconf 82' lang='lat' dir='ltr'><strong>solvere</strong></span> <span class='ocrx_word' id='word_1_225' title='bbox 1458 3256 1748 3324; x_wconf 82' lang='lat' dir='ltr'><strong>corrigiam</strong></span> <span class='ocrx_word' id='word_1_226' title='bbox 1804 3259 2019 3313; x_wconf 86' lang='lat' dir='ltr'><strong>calcea-</strong></span> 
     </span>
    </p>
   </div>
   <div class='ocr_carea' id='block_1_36' title="bbox 435 3346 2020 3420">
    <p class='ocr_par' dir='ltr' id='par_1_36' title="bbox 435 3346 2020 3420">
     <span class='ocr_line' id='line_1_36' title="bbox 435 3346 2020 3420; baseline 0.008 -23"><span class='ocrx_word' id='word_1_227' title='bbox 435 3353 743 3400; x_wconf 87' lang='lat' dir='ltr'><strong>mentorum</strong></span> <span class='ocrx_word' id='word_1_228' title='bbox 781 3346 981 3414; x_wconf 60' lang='lat' dir='ltr'><strong>ejusu</strong></span> <span class='ocrx_word' id='word_1_229' title='bbox 1019 3349 1214 3404; x_wconf 90' lang='lat' dir='ltr'><strong>deinde</strong></span> <span class='ocrx_word' id='word_1_230' title='bbox 1253 3350 1318 3404; x_wconf 93' lang='lat' dir='ltr'><strong>ad</strong></span> <span class='ocrx_word' id='word_1_231' title='bbox 1367 3352 1709 3420; x_wconf 87' lang='lat' dir='ltr'><strong>pandendam</strong></span> <span class='ocrx_word' id='word_1_232' title='bbox 1749 3355 2020 3410; x_wconf 84' lang='lat' dir='ltr'><strong>Dominici</strong></span> 
     </span>
    </p>
   </div>
   <div class='ocr_carea' id='block_1_37' title="bbox 438 3435 2022 3513">
    <p class='ocr_par' dir='ltr' id='par_1_37' title="bbox 438 3435 2022 3513">
     <span class='ocr_line' id='line_1_37' title="bbox 438 3435 2022 3513; baseline 0.007 -24"><span class='ocrx_word' id='word_1_233' title='bbox 438 3435 788 3505; x_wconf 77' lang='lat' dir='ltr'><strong>baptismatis</strong></span> <span class='ocrx_word' id='word_1_234' title='bbox 845 3441 1254 3507; x_wconf 71' lang='lat' dir='ltr'><strong>praestantiam,</strong></span> <span class='ocrx_word' id='word_1_235' title='bbox 1301 3461 1318 3492; x_wconf 77' lang='grc' dir='ltr'>ι</span> <span class='ocrx_word' id='word_1_236' title='bbox 1344 3441 1458 3510; x_wconf 88' lang='lat' dir='ltr'><strong>ipse</strong></span> <span class='ocrx_word' id='word_1_237' title='bbox 1501 3459 1598 3498; x_wconf 88' lang='lat' dir='ltr'><strong>vos</strong></span> <span class='ocrx_word' id='word_1_238' title='bbox 1641 3445 1934 3513; x_wconf 85' lang='lat' dir='ltr'><strong>baptizabit</strong></span> <span class='ocrx_word' id='word_1_239' title='bbox 1967 3446 2022 3500; x_wconf 93' lang='lat' dir='ltr'><strong>in</strong></span> 
     </span>
    </p>
   </div>
   <div class='ocr_carea' id='block_1_38' title="bbox 442 3529 2024 3605">
    <p class='ocr_par' dir='ltr' id='par_1_38' title="bbox 442 3529 2024 3605">
     <span class='ocr_line' id='line_1_38' title="bbox 442 3529 2024 3605; baseline 0.006 -22"><span class='ocrx_word' id='word_1_240' title='bbox 442 3529 645 3598; x_wconf 88' lang='lat' dir='ltr'><strong>Spiritu</strong></span> <span class='ocrx_word' id='word_1_241' title='bbox 681 3541 875 3585; x_wconf 91' lang='lat' dir='ltr'><strong>sancto</strong></span> <span class='ocrx_word' id='word_1_242' title='bbox 926 3540 980 3585; x_wconf 93' lang='lat' dir='ltr'><strong>et</strong></span> <span class='ocrx_word' id='word_1_243' title='bbox 1010 3532 1119 3601; x_wconf 80' lang='lat' dir='ltr'><strong>igni</strong></span> <span class='ocrx_word' id='word_1_244' title='bbox 1150 3534 1216 3586; x_wconf 82' lang='grc'><strong>³³.</strong></span> <span class='ocrx_word' id='word_1_245' title='bbox 1251 3534 1617 3602; x_wconf 83' lang='lat' dir='ltr'><strong>Praeterquam</strong></span> <span class='ocrx_word' id='word_1_246' title='bbox 1643 3536 1787 3605; x_wconf 86' lang='lat' dir='ltr'><strong>quod</strong></span> <span class='ocrx_word' id='word_1_247' title='bbox 1814 3537 2024 3592; x_wconf 79' lang='lat' dir='ltr'><strong>Marcus</strong></span> 
     </span>
    </p>
   </div>
   <div class='ocr_carea' id='block_1_39' title="bbox 441 3621 2028 3689">
    <p class='ocr_par' dir='ltr' id='par_1_39' title="bbox 441 3621 2028 3689">
     <span class='ocr_line' id='line_1_39' title="bbox 441 3621 2028 3689; baseline 0.005 -19"><span class='ocrx_word' id='word_1_248' title='bbox 441 3633 682 3688; x_wconf 89' lang='lat' dir='ltr'><strong>quoque,</strong></span> <span class='ocrx_word' id='word_1_249' title='bbox 721 3630 1009 3689; x_wconf 89' lang='lat' dir='ltr'><strong>postquam</strong></span> <span class='ocrx_word' id='word_1_250' title='bbox 1046 3621 1174 3675; x_wconf 90' lang='lat' dir='ltr'><strong>alibi</strong></span> <span class='ocrx_word' id='word_1_251' title='bbox 1218 3631 1499 3676; x_wconf 81' lang='lat' dir='ltr'><strong>narrasset</strong></span> <span class='ocrx_word' id='word_1_252' title='bbox 1542 3622 1848 3677; x_wconf 68' lang='lat' dir='ltr'><strong>Pltarismos</strong></span> <span class='ocrx_word' id='word_1_253' title='bbox 1888 3627 2028 3680; x_wconf 84' lang='lat' dir='ltr'><strong>Sad-</strong></span> 
     </span>
    </p>
   </div>
   <div class='ocr_carea' id='block_1_40' title="bbox 441 3710 2026 3783">
    <p class='ocr_par' dir='ltr' id='par_1_40' title="bbox 441 3710 2026 3783">
     <span class='ocr_line' id='line_1_40' title="bbox 441 3710 2026 3783; baseline 0.004 -20"><span class='ocrx_word' id='word_1_254' title='bbox 441 3710 768 3777; x_wconf 74' lang='lat' dir='ltr'><strong>tluczeosque</strong></span> <span class='ocrx_word' id='word_1_255' title='bbox 792 3713 860 3764; x_wconf 88' lang='lat' dir='ltr'><strong>ab</strong></span> <span class='ocrx_word' id='word_1_256' title='bbox 880 3711 961 3764; x_wconf 88' lang='lat' dir='ltr'><strong>ira</strong></span> <span class='ocrx_word' id='word_1_257' title='bbox 991 3722 1222 3766; x_wconf 84' lang='lat' dir='ltr'><strong>ventura</strong></span> <span class='ocrx_word' id='word_1_258' title='bbox 1255 3711 1457 3782; x_wconf 84' lang='lat' dir='ltr'><strong>fugisse</strong></span> <span class='ocrx_word' id='word_1_259' title='bbox 1488 3713 1689 3783; x_wconf 86' lang='lat' dir='ltr'><strong>(neque</strong></span> <span class='ocrx_word' id='word_1_260' title='bbox 1731 3714 1876 3769; x_wconf 91' lang='lat' dir='ltr'><strong>aliud</strong></span> <span class='ocrx_word' id='word_1_261' title='bbox 1927 3717 2026 3770; x_wconf 81' lang='lat' dir='ltr'><strong>ad-</strong></span> 
     </span>
    </p>
   </div>
   <div class='ocr_carea' id='block_1_41' title="bbox 445 3799 2022 3876">
    <p class='ocr_par' dir='ltr' id='par_1_41' title="bbox 445 3799 2022 3876">
     <span class='ocr_line' id='line_1_41' title="bbox 445 3799 2022 3876; baseline 0.004 -21"><span class='ocrx_word' id='word_1_262' title='bbox 445 3799 848 3871; x_wconf 72' lang='lat' dir='ltr'><strong>erateﬂugium</strong></span> <span class='ocrx_word' id='word_1_263' title='bbox 874 3843 889 3866; x_wconf 97' lang='lat'><strong>,</strong></span> <span class='ocrx_word' id='word_1_264' title='bbox 933 3818 1096 3872; x_wconf 92' lang='lat' dir='ltr'><strong>quam</strong></span> <span class='ocrx_word' id='word_1_265' title='bbox 1131 3805 1196 3858; x_wconf 89' lang='lat' dir='ltr'><strong>ad</strong></span> <span class='ocrx_word' id='word_1_266' title='bbox 1243 3805 1512 3872; x_wconf 87' lang='lat' dir='ltr'><strong>baptisma</strong></span> <span class='ocrx_word' id='word_1_267' title='bbox 1550 3821 1670 3860; x_wconf 86' lang='lat' dir='ltr'><strong>sese</strong></span> <span class='ocrx_word' id='word_1_268' title='bbox 1703 3808 1979 3876; x_wconf 82' lang='lat' dir='ltr'><strong>recipere)</strong></span> <span class='ocrx_word' id='word_1_269' title='bbox 2010 3826 2022 3862; x_wconf 90' lang='lat'>:</span> 
     </span>
    </p>
   </div>
   <div class='ocr_carea' id='block_1_42' title="bbox 448 3891 2020 3966">
    <p class='ocr_par' dir='ltr' id='par_1_42' title="bbox 448 3891 2020 3966">
     <span class='ocr_line' id='line_1_42' title="bbox 448 3891 2020 3966; baseline 0.005 -24"><span class='ocrx_word' id='word_1_270' title='bbox 448 3910 469 3942; x_wconf 73' lang='grc' dir='ltr'>α</span> <span class='ocrx_word' id='word_1_271' title='bbox 498 3891 721 3957; x_wconf 84' lang='lat' dir='ltr'><strong>Facite,</strong></span> <span class='ocrx_word' id='word_1_272' title='bbox 765 3893 1007 3962; x_wconf 87' lang='lat' dir='ltr'><strong>subjicit,</strong></span> <span class='ocrx_word' id='word_1_273' title='bbox 1060 3893 1270 3950; x_wconf 80' lang='lat' dir='ltr'><strong>fructus</strong></span> <span class='ocrx_word' id='word_1_274' title='bbox 1307 3897 1501 3966; x_wconf 79' lang='lat' dir='ltr'><strong>dignos</strong></span> <span class='ocrx_word' id='word_1_275' title='bbox 1543 3898 1962 3966; x_wconf 68' lang='lat' dir='ltr'><strong>poenitentiaz”,</strong></span> <span class='ocrx_word' id='word_1_276' title='bbox 2003 3919 2020 3950; x_wconf 71' lang='grc' dir='ltr'><strong>ι</strong></span> 
     </span>
    </p>
   </div>
   <div class='ocr_carea' id='block_1_43' title="bbox 440 3985 2028 4057">
    <p class='ocr_par' dir='ltr' id='par_1_43' title="bbox 440 3985 2028 4057">
     <span class='ocr_line' id='line_1_43' title="bbox 440 3985 2028 4057; baseline 0.004 -20"><span class='ocrx_word' id='word_1_277' title='bbox 440 3985 667 4054; x_wconf 88' lang='lat' dir='ltr'><strong>perinde</strong></span> <span class='ocrx_word' id='word_1_278' title='bbox 703 3999 767 4039; x_wconf 93' lang='lat' dir='ltr'><strong>ac</strong></span> <span class='ocrx_word' id='word_1_279' title='bbox 799 3987 1104 4055; x_wconf 76' lang='lat' dir='ltr'><strong>praestitum</strong></span> <span class='ocrx_word' id='word_1_280' title='bbox 1133 3987 1404 4057; x_wconf 89' lang='lat' dir='ltr'><strong>baptisma</strong></span> <span class='ocrx_word' id='word_1_281' title='bbox 1450 3989 1580 4042; x_wconf 89' lang='lat' dir='ltr'><strong>tanti</strong></span> <span class='ocrx_word' id='word_1_282' title='bbox 1615 4004 1722 4042; x_wconf 89' lang='lat' dir='ltr'><strong>non</strong></span> <span class='ocrx_word' id='word_1_283' title='bbox 1759 3998 1931 4055; x_wconf 85' lang='lat' dir='ltr'><strong>esset,</strong></span> <span class='ocrx_word' id='word_1_284' title='bbox 1969 3998 2028 4044; x_wconf 93' lang='lat' dir='ltr'><strong>ut</strong></span> 
     </span>
    </p>
   </div>
   <div class='ocr_carea' id='block_1_44' title="bbox 442 4077 2029 4150">
    <p class='ocr_par' dir='ltr' id='par_1_44' title="bbox 442 4077 2029 4150">
     <span class='ocr_line' id='line_1_44' title="bbox 442 4077 2029 4150; baseline 0.004 -19"><span class='ocrx_word' id='word_1_285' title='bbox 442 4077 749 4132; x_wconf 84' lang='lat' dir='ltr'><strong>absolutam</strong></span> <span class='ocrx_word' id='word_1_286' title='bbox 778 4090 1122 4148; x_wconf 89' lang='lat' dir='ltr'><strong>peccatorum</strong></span> <span class='ocrx_word' id='word_1_287' title='bbox 1144 4082 1357 4135; x_wconf 89' lang='lat' dir='ltr'><strong>veniam</strong></span> <span class='ocrx_word' id='word_1_288' title='bbox 1383 4089 1747 4150; x_wconf 85' lang='lat' dir='ltr'><strong>compararet.</strong></span> <span class='ocrx_word' id='word_1_289' title='bbox 1777 4081 1845 4135; x_wconf 86' lang='lat' dir='ltr'><strong>At</strong></span> <span class='ocrx_word' id='word_1_290' title='bbox 1877 4082 2029 4150; x_wconf 86' lang='lat' dir='ltr'><strong>quis-</strong></span> 
     </span>
    </p>
   </div>
   <div class='ocr_carea' id='block_1_45' title="bbox 441 4171 2022 4240">
    <p class='ocr_par' dir='ltr' id='par_1_45' title="bbox 441 4171 2022 4240">
     <span class='ocr_line' id='line_1_45' title="bbox 441 4171 2022 4240; baseline 0.003 -17"><span class='ocrx_word' id='word_1_291' title='bbox 441 4171 587 4240; x_wconf 92' lang='lat' dir='ltr'><strong>piam</strong></span> <span class='ocrx_word' id='word_1_292' title='bbox 622 4180 785 4240; x_wconf 88' lang='lat' dir='ltr'><strong>ponet</strong></span> <span class='ocrx_word' id='word_1_293' title='bbox 816 4171 918 4226; x_wconf 89' lang='lat' dir='ltr'><strong>hoc</strong></span> <span class='ocrx_word' id='word_1_294' title='bbox 963 4189 992 4225; x_wconf 93' lang='lat' dir='ltr'><strong>a</strong></span> <span class='ocrx_word' id='word_1_295' title='bbox 1033 4171 1241 4228; x_wconf 90' lang='lat' dir='ltr'><strong>Joanne</strong></span> <span class='ocrx_word' id='word_1_296' title='bbox 1283 4174 1489 4228; x_wconf 90' lang='lat' dir='ltr'><strong>dictum</strong></span> <span class='ocrx_word' id='word_1_297' title='bbox 1524 4173 1696 4228; x_wconf 59' lang='lat' dir='ltr'><strong>fuisse</strong></span> <span class='ocrx_word' id='word_1_298' title='bbox 1737 4188 1844 4227; x_wconf 92' lang='lat' dir='ltr'><strong>non</strong></span> <span class='ocrx_word' id='word_1_299' title='bbox 1893 4175 2022 4238; x_wconf 79' lang='lat' dir='ltr'><strong>illis,</strong></span> 
     </span>
    </p>
   </div>
   <div class='ocr_carea' id='block_1_46' title="bbox 443 4263 2024 4335">
    <p class='ocr_par' dir='ltr' id='par_1_46' title="bbox 443 4263 2024 4335">
     <span class='ocr_line' id='line_1_46' title="bbox 443 4263 2024 4335; baseline 0.003 -20"><span class='ocrx_word' id='word_1_300' title='bbox 443 4278 583 4332; x_wconf 91' lang='lat' dir='ltr'><strong>quos</strong></span> <span class='ocrx_word' id='word_1_301' title='bbox 608 4279 764 4317; x_wconf 83' lang='lat' dir='ltr'><strong>sacra</strong></span> <span class='ocrx_word' id='word_1_302' title='bbox 799 4263 998 4318; x_wconf 84' lang='lat' dir='ltr'><strong>ﬂuenta</strong></span> <span class='ocrx_word' id='word_1_303' title='bbox 1025 4273 1371 4335; x_wconf 81' lang='lat' dir='ltr'><strong>exceperant,</strong></span> <span class='ocrx_word' id='word_1_304' title='bbox 1402 4279 1467 4319; x_wconf 91' lang='lat' dir='ltr'><strong>ac</strong></span> <span class='ocrx_word' id='word_1_305' title='bbox 1499 4265 1756 4319; x_wconf 89' lang='lat' dir='ltr'><strong>sordibus</strong></span> <span class='ocrx_word' id='word_1_306' title='bbox 1790 4267 2024 4320; x_wconf 83' lang='lat' dir='ltr'><strong>munda—</strong></span> 
     </span>
    </p>
   </div>
   <div class='ocr_carea' id='block_1_47' title="bbox 444 4353 2027 4426">
    <p class='ocr_par' dir='ltr' id='par_1_47' title="bbox 444 4353 2027 4426">
     <span class='ocr_line' id='line_1_47' title="bbox 444 4353 2027 4426; baseline 0.001 -17"><span class='ocrx_word' id='word_1_307' title='bbox 444 4364 660 4419; x_wconf 89' lang='lat' dir='ltr'><strong>veraut,</strong></span> <span class='ocrx_word' id='word_1_308' title='bbox 701 4353 796 4408; x_wconf 90' lang='lat' dir='ltr'><strong>sed</strong></span> <span class='ocrx_word' id='word_1_309' title='bbox 847 4355 974 4417; x_wconf 92' lang='lat' dir='ltr'><strong>illis,</strong></span> <span class='ocrx_word' id='word_1_310' title='bbox 1020 4355 1112 4424; x_wconf 86' lang='lat' dir='ltr'><strong>qui</strong></span> <span class='ocrx_word' id='word_1_311' title='bbox 1143 4356 1545 4411; x_wconf 88' lang='lat' dir='ltr'><strong>contendebant</strong></span> <span class='ocrx_word' id='word_1_312' title='bbox 1579 4356 1798 4426; x_wconf 88' lang='lat' dir='ltr'><strong>quidem</strong></span> <span class='ocrx_word' id='word_1_313' title='bbox 1833 4359 1898 4411; x_wconf 93' lang='lat' dir='ltr'><strong>ad</strong></span> <span class='ocrx_word' id='word_1_314' title='bbox 1931 4360 2027 4411; x_wconf 91' lang='lat' dir='ltr'><strong>ba-</strong></span> 
     </span>
    </p>
   </div>
   <div class='ocr_carea' id='block_1_48' title="bbox 446 4447 2024 4520">
    <p class='ocr_par' dir='ltr' id='par_1_48' title="bbox 446 4447 2024 4520">
     <span class='ocr_line' id='line_1_48' title="bbox 446 4447 2024 4520; baseline 0.003 -20"><span class='ocrx_word' id='word_1_315' title='bbox 446 4448 729 4516; x_wconf 88' lang='lat' dir='ltr'><strong>ptismum,</strong></span> <span class='ocrx_word' id='word_1_316' title='bbox 760 4448 1000 4501; x_wconf 91' lang='lat' dir='ltr'><strong>nondum</strong></span> <span class='ocrx_word' id='word_1_317' title='bbox 1035 4456 1214 4500; x_wconf 87' lang='lat' dir='ltr'><strong>tamen</strong></span> <span class='ocrx_word' id='word_1_318' title='bbox 1243 4463 1307 4501; x_wconf 92' lang='lat' dir='ltr'><strong>ea</strong></span> <span class='ocrx_word' id='word_1_319' title='bbox 1348 4447 1628 4502; x_wconf 81' lang='lat' dir='ltr'><strong>ablatione</strong></span> <span class='ocrx_word' id='word_1_320' title='bbox 1670 4449 1818 4520; x_wconf 73' lang='lat' dir='ltr'><strong>digni</strong></span> <span class='ocrx_word' id='word_1_321' title='bbox 1852 4451 2024 4505; x_wconf 86' lang='lat' dir='ltr'><strong>habili</strong></span> 
     </span>
    </p>
   </div>
   <div class='ocr_carea' id='block_1_49' title="bbox 2125 620 3753 693">
    <p class='ocr_par' dir='ltr' id='par_1_49' title="bbox 2125 620 3753 693">
     <span class='ocr_line' id='line_1_49' title="bbox 2125 620 3753 693; baseline 0.002 -21"><span class='ocrx_word' id='word_1_322' title='bbox 2125 620 2373 688; x_wconf 86' lang='grc' dir='ltr'>Ἰωάννης</span> <span class='ocrx_word' id='word_1_323' title='bbox 2398 620 2673 686; x_wconf 75' lang='grc' dir='ltr'><strong>βαπτίζων</strong></span> <span class='ocrx_word' id='word_1_324' title='bbox 2705 622 2762 674; x_wconf 86' lang='grc' dir='ltr'>ὲν</span> <span class='ocrx_word' id='word_1_325' title='bbox 2789 625 2853 693; x_wconf 82' lang='grc' dir='ltr'>τῇ</span> <span class='ocrx_word' id='word_1_326' title='bbox 2898 624 3089 693; x_wconf 75' lang='grc' dir='ltr'><strong>ἐρήμῳ</strong></span> <span class='ocrx_word' id='word_1_327' title='bbox 3112 641 3126 654; x_wconf 92' lang='grc'><strong>·</strong></span> <span class='ocrx_word' id='word_1_328' title='bbox 3163 645 3181 676; x_wconf 72' lang='grc' dir='ltr'><strong>ι</strong></span> <span class='ocrx_word' id='word_1_329' title='bbox 3217 626 3274 678; x_wconf 79' lang='grc' dir='ltr'>ὲν</span> <span class='ocrx_word' id='word_1_330' title='bbox 3297 625 3356 678; x_wconf 77' lang='grc' dir='ltr'>δὲ</span> <span class='ocrx_word' id='word_1_331' title='bbox 3396 622 3520 693; x_wconf 80' lang='grc' dir='ltr'>τῷ,</span> <span class='ocrx_word' id='word_1_332' title='bbox 3571 642 3592 674; x_wconf 75' lang='grc' dir='ltr'>ι</span> <span class='ocrx_word' id='word_1_333' title='bbox 3627 623 3753 693; x_wconf 79' lang='grc' dir='ltr'><strong>Κη-</strong></span> 
     </span>
    </p>
   </div>
   <div class='ocr_carea' id='block_1_50' title="bbox 2118 711 3748 786">
    <p class='ocr_par' dir='ltr' id='par_1_50' title="bbox 2118 711 3748 786">
     <span class='ocr_line' id='line_1_50' title="bbox 2118 711 3748 786; baseline 0.001 -23"><span class='ocrx_word' id='word_1_334' title='bbox 2118 711 2333 781; x_wconf 81' lang='grc' dir='ltr'>ρύσσων</span> <span class='ocrx_word' id='word_1_335' title='bbox 2367 711 2650 782; x_wconf 78' lang='grc' dir='ltr'><strong>βάπτισμα</strong></span> <span class='ocrx_word' id='word_1_336' title='bbox 2676 715 2964 782; x_wconf 81' lang='grc' dir='ltr'><strong>μετανοίας</strong></span> <span class='ocrx_word' id='word_1_337' title='bbox 2992 717 3071 778; x_wconf 86' lang='grc' dir='ltr'>εἰς</span> <span class='ocrx_word' id='word_1_338' title='bbox 3103 717 3296 784; x_wconf 77' lang='grc' dir='ltr'>ἄφεσιν</span> <span class='ocrx_word' id='word_1_339' title='bbox 3319 714 3688 786; x_wconf 76' lang='grc' dir='ltr'>ἁμαρτιῶν,</span> <span class='ocrx_word' id='word_1_340' title='bbox 3729 732 3748 764; x_wconf 74' lang='grc' dir='ltr'><strong><em>ι</em></strong></span> 
     </span>
    </p>
   </div>
   <div class='ocr_carea' id='block_1_51' title="bbox 2114 803 3758 876">
    <p class='ocr_par' dir='ltr' id='par_1_51' title="bbox 2114 803 3758 876">
     <span class='ocr_line' id='line_1_51' title="bbox 2114 803 3758 876; baseline 0.003 -23"><span class='ocrx_word' id='word_1_341' title='bbox 2114 803 2174 855; x_wconf 77' lang='grc' dir='ltr'>τὸ</span> <span class='ocrx_word' id='word_1_342' title='bbox 2223 804 2494 873; x_wconf 83' lang='grc' dir='ltr'>Σωτήριον</span> <span class='ocrx_word' id='word_1_343' title='bbox 2549 803 2946 874; x_wconf 79' lang='grc' dir='ltr'><strong>ἀνακηρύττειν</strong></span> <span class='ocrx_word' id='word_1_344' title='bbox 2999 806 3304 876; x_wconf 80' lang='grc' dir='ltr'><strong>βάπτισμα.</strong></span> <span class='ocrx_word' id='word_1_345' title='bbox 3369 808 3510 860; x_wconf 79' lang='grc' dir='ltr'><strong>Καὶ</strong></span> <span class='ocrx_word' id='word_1_346' title='bbox 3599 803 3758 858; x_wconf 72' lang='grc' dir='ltr'>οὕτω</span> 
     </span>
    </p>
   </div>
   <div class='ocr_carea' id='block_1_52' title="bbox 2117 895 3760 970">
    <p class='ocr_par' dir='ltr' id='par_1_52' title="bbox 2117 895 3760 970">
     <span class='ocr_line' id='line_1_52' title="bbox 2117 895 3760 970; baseline 0.002 -23"><span class='ocrx_word' id='word_1_347' title='bbox 2117 897 2275 962; x_wconf 79' lang='grc' dir='ltr'>φαῖεν</span> <span class='ocrx_word' id='word_1_348' title='bbox 2302 895 2369 948; x_wconf 84' lang='grc' dir='ltr'>ἂν</span> <span class='ocrx_word' id='word_1_349' title='bbox 2397 897 2491 949; x_wconf 77' lang='grc' dir='ltr'>τὸν</span> <span class='ocrx_word' id='word_1_350' title='bbox 2522 897 2794 966; x_wconf 84' lang='grc' dir='ltr'>μακάριον</span> <span class='ocrx_word' id='word_1_351' title='bbox 2831 897 3062 968; x_wconf 86' lang='grc' dir='ltr'>Μάρκον</span> <span class='ocrx_word' id='word_1_352' title='bbox 3081 899 3336 970; x_wconf 77' lang='grc' dir='ltr'>ἑκάτερον</span> <span class='ocrx_word' id='word_1_353' title='bbox 3360 898 3499 954; x_wconf 81' lang='grc' dir='ltr'>τῶν</span> <span class='ocrx_word' id='word_1_354' title='bbox 3531 897 3760 967; x_wconf 82' lang='grc' dir='ltr'>βαπτι-</span> 
     </span>
    </p>
   </div>
   <div class='ocr_carea' id='block_1_53' title="bbox 2119 988 3758 1062">
    <p class='ocr_par' dir='ltr' id='par_1_53' title="bbox 2119 988 3758 1062">
     <span class='ocr_line' id='line_1_53' title="bbox 2119 988 3758 1062; baseline 0.004 -24"><span class='ocrx_word' id='word_1_355' title='bbox 2119 988 2341 1056; x_wconf 87' lang='grc' dir='ltr'>σμάτων</span> <span class='ocrx_word' id='word_1_356' title='bbox 2369 988 2774 1042; x_wconf 83' lang='grc' dir='ltr'><strong>διαστείλασθαι</strong></span> <span class='ocrx_word' id='word_1_357' title='bbox 2807 990 3356 1062; x_wconf 63' lang='grc' dir='ltr'>ἐπιμαρτυρούμενον</span> <span class='ocrx_word' id='word_1_358' title='bbox 3402 992 3497 1062; x_wconf 85' lang='grc' dir='ltr'>μὴ</span> <span class='ocrx_word' id='word_1_359' title='bbox 3538 990 3758 1059; x_wconf 76' lang='grc' dir='ltr'>ἄφεσιν</span> 
     </span>
    </p>
   </div>
   <div class='ocr_carea' id='block_1_54' title="bbox 2117 1081 3760 1152">
    <p class='ocr_par' dir='ltr' id='par_1_54' title="bbox 2117 1081 3760 1152">
     <span class='ocr_line' id='line_1_54' title="bbox 2117 1081 3760 1152; baseline 0.001 -19"><span class='ocrx_word' id='word_1_360' title='bbox 2117 1081 2406 1150; x_wconf 85' lang='grc' dir='ltr'>ἁμαρτιῶν</span> <span class='ocrx_word' id='word_1_361' title='bbox 2441 1082 2728 1151; x_wconf 78' lang='grc' dir='ltr'>παρέχειν,</span> <span class='ocrx_word' id='word_1_362' title='bbox 2761 1082 2882 1151; x_wconf 83' lang='grc' dir='ltr'>μηδ’</span> <span class='ocrx_word' id='word_1_363' title='bbox 2910 1083 3073 1136; x_wconf 79' lang='grc' dir='ltr'>αὑτὸν</span> <span class='ocrx_word' id='word_1_364' title='bbox 3114 1084 3398 1152; x_wconf 83' lang='grc' dir='ltr'>ὁμολογεῖν</span> <span class='ocrx_word' id='word_1_365' title='bbox 3429 1083 3507 1136; x_wconf 77' lang='grc' dir='ltr'>τὺ</span> <span class='ocrx_word' id='word_1_366' title='bbox 3536 1083 3760 1152; x_wconf 77' lang='grc' dir='ltr'>βάπτι-</span> 
     </span>
    </p>
   </div>
   <div class='ocr_carea' id='block_1_55' title="bbox 2121 1175 3758 1249">
    <p class='ocr_par' dir='ltr' id='par_1_55' title="bbox 2121 1175 3758 1249">
     <span class='ocr_line' id='line_1_55' title="bbox 2121 1175 3758 1249; baseline 0.002 -23"><span class='ocrx_word' id='word_1_367' title='bbox 2121 1191 2235 1242; x_wconf 84' lang='grc' dir='ltr'>σμα</span> <span class='ocrx_word' id='word_1_368' title='bbox 2263 1176 2637 1245; x_wconf 75' lang='grc' dir='ltr'>παρεχόμενον</span> <span class='ocrx_word' id='word_1_369' title='bbox 2669 1192 2682 1205; x_wconf 77' lang='grc'><strong><em>⁸</em></strong></span> <span class='ocrx_word' id='word_1_370' title='bbox 2720 1175 2808 1229; x_wconf 83' lang='grc' dir='ltr'><strong>διὰ</strong></span> <span class='ocrx_word' id='word_1_371' title='bbox 2843 1175 3002 1229; x_wconf 83' lang='grc' dir='ltr'>τοῦτο</span> <span class='ocrx_word' id='word_1_372' title='bbox 3027 1179 3134 1248; x_wconf 77' lang='grc' dir='ltr'>γὰρ</span> <span class='ocrx_word' id='word_1_373' title='bbox 3173 1179 3265 1230; x_wconf 79' lang='grc' dir='ltr'><strong>καὶ</strong></span> <span class='ocrx_word' id='word_1_374' title='bbox 3287 1177 3616 1249; x_wconf 74' lang='grc' dir='ltr'>εἰρηκέναι</span> <span class='ocrx_word' id='word_1_375' title='bbox 3657 1193 3758 1245; x_wconf 75' lang='grc' dir='ltr'><strong>φι-</strong></span> 
     </span>
    </p>
   </div>
   <div class='ocr_carea' id='block_1_56' title="bbox 2119 1265 3761 1340">
    <p class='ocr_par' dir='ltr' id='par_1_56' title="bbox 2119 1265 3761 1340">
     <span class='ocr_line' id='line_1_56' title="bbox 2119 1265 3761 1340; baseline 0.002 -24"><span class='ocrx_word' id='word_1_376' title='bbox 2119 1265 2338 1333; x_wconf 83' lang='grc' dir='ltr'>λαλήθει</span> <span class='ocrx_word' id='word_1_377' title='bbox 2402 1283 2459 1318; x_wconf 90' lang='grc' dir='ltr'><strong>τε</strong></span> <span class='ocrx_word' id='word_1_378' title='bbox 2499 1268 2593 1319; x_wconf 65' lang='grc' dir='ltr'><strong>καὶ</strong></span> <span class='ocrx_word' id='word_1_379' title='bbox 2635 1266 3030 1340; x_wconf 78' lang='grc' dir='ltr'>θεοσεόεστάτῃ</span> <span class='ocrx_word' id='word_1_380' title='bbox 3064 1269 3291 1340; x_wconf 83' lang='grc' dir='ltr'>γνώμῃ·</span> <span class='ocrx_word' id='word_1_381' title='bbox 3340 1287 3360 1321; x_wconf 77' lang='grc' dir='ltr'>ι</span> <span class='ocrx_word' id='word_1_382' title='bbox 3411 1267 3588 1336; x_wconf 82' lang='grc' dir='ltr'><strong>Ἐγὼ</strong></span> <span class='ocrx_word' id='word_1_383' title='bbox 3653 1270 3761 1337; x_wconf 83' lang='grc' dir='ltr'><strong>μὲν</strong></span> 
     </span>
    </p>
   </div>
   <div class='ocr_carea' id='block_1_57' title="bbox 2121 1358 3762 1432">
    <p class='ocr_par' dir='ltr' id='par_1_57' title="bbox 2121 1358 3762 1432">
     <span class='ocr_line' id='line_1_57' title="bbox 2121 1358 3762 1432; baseline 0.001 -23"><span class='ocrx_word' id='word_1_384' title='bbox 2121 1358 2395 1411; x_wconf 77' lang='grc' dir='ltr'>ἐϐάπτισα</span> <span class='ocrx_word' id='word_1_385' title='bbox 2425 1359 2569 1428; x_wconf 76' lang='grc' dir='ltr'>ὑμᾶς</span> <span class='ocrx_word' id='word_1_386' title='bbox 2595 1360 2652 1411; x_wconf 77' lang='grc' dir='ltr'>ἐν</span> <span class='ocrx_word' id='word_1_387' title='bbox 2695 1359 2867 1425; x_wconf 71' lang='grc' dir='ltr'>ὕδατι,</span> <span class='ocrx_word' id='word_1_388' title='bbox 2912 1360 3074 1424; x_wconf 77' lang='grc' dir='ltr'>αὐτὸς</span> <span class='ocrx_word' id='word_1_389' title='bbox 3097 1361 3152 1413; x_wconf 80' lang='grc' dir='ltr'>δὲ</span> <span class='ocrx_word' id='word_1_390' title='bbox 3186 1361 3456 1430; x_wconf 85' lang='grc' dir='ltr'>βαπτίσει</span> <span class='ocrx_word' id='word_1_391' title='bbox 3486 1361 3661 1432; x_wconf 78' lang='grc' dir='ltr'>ὑμᾶς</span> <span class='ocrx_word' id='word_1_392' title='bbox 3696 1360 3762 1412; x_wconf 83' lang='grc' dir='ltr'>ὲν</span> 
     </span>
    </p>
   </div>
   <div class='ocr_carea' id='block_1_58' title="bbox 2124 1451 2646 1521">
    <p class='ocr_par' dir='ltr' id='par_1_58' title="bbox 2124 1451 2646 1521">
     <span class='ocr_line' id='line_1_58' title="bbox 2124 1451 2646 1521; baseline -0.006 -17"><span class='ocrx_word' id='word_1_393' title='bbox 2124 1451 2400 1520; x_wconf 84' lang='grc' dir='ltr'>Πνεύματι</span> <span class='ocrx_word' id='word_1_394' title='bbox 2425 1451 2586 1521; x_wconf 83' lang='grc' dir='ltr'>ἁγίῳ.</span> <span class='ocrx_word' id='word_1_395' title='bbox 2628 1468 2646 1501; x_wconf 72' lang='grc' dir='ltr'><strong>ι</strong></span> 
     </span>
    </p>
   </div>
   <div class='ocr_carea' id='block_1_59' title="bbox 2199 1709 3763 1780">
    <p class='ocr_par' dir='ltr' id='par_1_59' title="bbox 2199 1709 3763 1780">
     <span class='ocr_line' id='line_1_59' title="bbox 2199 1709 3763 1780; baseline 0 -16"><span class='ocrx_word' id='word_1_396' title='bbox 2199 1713 2259 1764; x_wconf 72' lang='lat' dir='ltr'><strong>Et</strong></span> <span class='ocrx_word' id='word_1_397' title='bbox 2294 1711 2338 1764; x_wconf 80' lang='grc' dir='ltr'>δ’</span> <span class='ocrx_word' id='word_1_398' title='bbox 2390 1713 2418 1765; x_wconf 88' lang='grc' dir='ltr'>ὁ</span> <span class='ocrx_word' id='word_1_399' title='bbox 2448 1712 2677 1780; x_wconf 64' lang='grc' dir='ltr'>Βιαρκος</span> <span class='ocrx_word' id='word_1_400' title='bbox 2730 1709 2915 1779; x_wconf 76' lang='grc' dir='ltr'>σαφῶς</span> <span class='ocrx_word' id='word_1_401' title='bbox 2963 1711 3110 1780; x_wconf 77' lang='grc' dir='ltr'><strong>ἡμᾶς</strong></span> <span class='ocrx_word' id='word_1_402' title='bbox 3152 1709 3251 1780; x_wconf 81' lang='grc' dir='ltr'><strong>τὴν</strong></span> <span class='ocrx_word' id='word_1_403' title='bbox 3282 1711 3605 1779; x_wconf 79' lang='grc' dir='ltr'>διαστολὴν</span> <span class='ocrx_word' id='word_1_404' title='bbox 3639 1711 3763 1764; x_wconf 77' lang='grc' dir='ltr'><strong>τῶν</strong></span> 
     </span>
    </p>
   </div>
   <div class='ocr_carea' id='block_1_60' title="bbox 2127 1798 3758 1873">
    <p class='ocr_par' dir='ltr' id='par_1_60' title="bbox 2127 1798 3758 1873">
     <span class='ocr_line' id='line_1_60' title="bbox 2127 1798 3758 1873; baseline -0.003 -18"><span class='ocrx_word' id='word_1_405' title='bbox 2127 1800 2521 1873; x_wconf 85' lang='grc' dir='ltr'>βαπτισμάτων</span> <span class='ocrx_word' id='word_1_406' title='bbox 2543 1801 2841 1866; x_wconf 76' lang='grc' dir='ltr'>ἐδιδάξατο,</span> <span class='ocrx_word' id='word_1_407' title='bbox 2877 1800 2956 1869; x_wconf 80' lang='grc' dir='ltr'>τῷ</span> <span class='ocrx_word' id='word_1_408' title='bbox 2992 1800 3307 1868; x_wconf 86' lang='grc' dir='ltr'>Δεσποτικῷ</span> <span class='ocrx_word' id='word_1_409' title='bbox 3359 1800 3473 1868; x_wconf 80' lang='grc' dir='ltr'>μὲν</span> <span class='ocrx_word' id='word_1_410' title='bbox 3530 1798 3758 1868; x_wconf 75' lang='grc' dir='ltr'>βαπτίσ</span> 
     </span>
    </p>
   </div>
   <div class='ocr_carea' id='block_1_61' title="bbox 2120 1890 3756 1963">
    <p class='ocr_par' dir='ltr' id='par_1_61' title="bbox 2120 1890 3756 1963">
     <span class='ocr_line' id='line_1_61' title="bbox 2120 1890 3756 1963; baseline -0.004 -17"><span class='ocrx_word' id='word_1_411' title='bbox 2120 1910 2288 1962; x_wconf 88' lang='grc' dir='ltr'>σματι</span> <span class='ocrx_word' id='word_1_412' title='bbox 2348 1893 2446 1963; x_wconf 73' lang='grc' dir='ltr'>τὴν</span> <span class='ocrx_word' id='word_1_413' title='bbox 2497 1892 2604 1944; x_wconf 85' lang='grc' dir='ltr'>τῶν</span> <span class='ocrx_word' id='word_1_414' title='bbox 2657 1890 2942 1962; x_wconf 82' lang='grc' dir='ltr'><strong>ἁμαρτιῶν</strong></span> <span class='ocrx_word' id='word_1_415' title='bbox 2980 1891 3270 1958; x_wconf 83' lang='grc' dir='ltr'>ἀπονέμων</span> <span class='ocrx_word' id='word_1_416' title='bbox 3323 1892 3587 1959; x_wconf 73' lang='grc' dir='ltr'>ἄφεσιν,</span> <span class='ocrx_word' id='word_1_417' title='bbox 3651 1891 3756 1942; x_wconf 71' lang='grc' dir='ltr'><strong>καὶ</strong></span> 
     </span>
    </p>
   </div>
   <div class='ocr_carea' id='block_1_62' title="bbox 2119 1980 3752 2051">
    <p class='ocr_par' dir='ltr' id='par_1_62' title="bbox 2119 1980 3752 2051">
     <span class='ocr_line' id='line_1_62' title="bbox 2119 1980 3752 2051; baseline -0.001 -17"><span class='ocrx_word' id='word_1_418' title='bbox 2119 1982 2398 2051; x_wconf 88' lang='grc' dir='ltr'>Πνεύματι</span> <span class='ocrx_word' id='word_1_419' title='bbox 2428 1980 2564 2048; x_wconf 83' lang='grc' dir='ltr'>ἁγίῳ</span> <span class='ocrx_word' id='word_1_420' title='bbox 2591 1981 3182 2050; x_wconf 81' lang='grc' dir='ltr'>διατελεσιουργεῖσθαι</span> <span class='ocrx_word' id='word_1_421' title='bbox 3209 1998 3220 2010; x_wconf 91' lang='grc'><strong>·</strong></span> <span class='ocrx_word' id='word_1_422' title='bbox 3255 1981 3317 2033; x_wconf 77' lang='grc' dir='ltr'><strong>τὸ</strong></span> <span class='ocrx_word' id='word_1_423' title='bbox 3359 1981 3418 2033; x_wconf 82' lang='grc' dir='ltr'><strong>δὲ</strong></span> <span class='ocrx_word' id='word_1_424' title='bbox 3461 1982 3752 2034; x_wconf 76' lang='grc' dir='ltr'>Ἰωάννου</span> 
     </span>
    </p>
   </div>
   <div class='ocr_carea' id='block_1_63' title="bbox 2119 2070 3750 2143">
    <p class='ocr_par' dir='ltr' id='par_1_63' title="bbox 2119 2070 3750 2143">
     <span class='ocr_line' id='line_1_63' title="bbox 2119 2070 3750 2143; baseline -0.004 -14"><span class='ocrx_word' id='word_1_425' title='bbox 2119 2077 2214 2130; x_wconf 72' lang='grc' dir='ltr'>καὶ</span> <span class='ocrx_word' id='word_1_426' title='bbox 2244 2074 2436 2138; x_wconf 77' lang='grc' dir='ltr'>ὓδατος</span> <span class='ocrx_word' id='word_1_427' title='bbox 2460 2070 2623 2138; x_wconf 81' lang='grc' dir='ltr'>εἶναι,</span> <span class='ocrx_word' id='word_1_428' title='bbox 2646 2075 2741 2128; x_wconf 74' lang='grc' dir='ltr'><strong>καὶ</strong></span> <span class='ocrx_word' id='word_1_429' title='bbox 2769 2074 3128 2143; x_wconf 79' lang='grc' dir='ltr'>ὀνομάζεσθαι</span> <span class='ocrx_word' id='word_1_430' title='bbox 3160 2073 3448 2142; x_wconf 76' lang='grc' dir='ltr'><strong>βάπτισμα</strong></span> <span class='ocrx_word' id='word_1_431' title='bbox 3485 2090 3502 2104; x_wconf 77' lang='lat'><strong><em>°</em></strong></span> <span class='ocrx_word' id='word_1_432' title='bbox 3542 2073 3750 2139; x_wconf 73' lang='grc' dir='ltr'>δῆλον,</span> 
     </span>
    </p>
   </div>
   <div class='ocr_carea' id='block_1_64' title="bbox 2121 2163 3742 2235">
    <p class='ocr_par' dir='ltr' id='par_1_64' title="bbox 2121 2163 3742 2235">
     <span class='ocr_line' id='line_1_64' title="bbox 2121 2163 3742 2235; baseline -0.004 -16"><span class='ocrx_word' id='word_1_433' title='bbox 2121 2168 2197 2230; x_wconf 88' lang='grc' dir='ltr'>ὼς</span> <span class='ocrx_word' id='word_1_434' title='bbox 2231 2168 2323 2220; x_wconf 74' lang='grc' dir='ltr'><strong>καὶ</strong></span> <span class='ocrx_word' id='word_1_435' title='bbox 2353 2169 2379 2218; x_wconf 83' lang='grc' dir='ltr'>ὁ</span> <span class='ocrx_word' id='word_1_436' title='bbox 2415 2167 2630 2230; x_wconf 82' lang='grc' dir='ltr'><strong>Λουκᾶς</strong></span> <span class='ocrx_word' id='word_1_437' title='bbox 2655 2166 2764 2235; x_wconf 83' lang='grc' dir='ltr'><strong>ἀρα</strong></span> <span class='ocrx_word' id='word_1_438' title='bbox 2793 2166 2924 2235; x_wconf 79' lang='grc' dir='ltr'>πρὸς</span> <span class='ocrx_word' id='word_1_439' title='bbox 2944 2165 3033 2216; x_wconf 79' lang='grc' dir='ltr'><strong>τὸν</strong></span> <span class='ocrx_word' id='word_1_440' title='bbox 3062 2163 3584 2231; x_wconf 78' lang='grc' dir='ltr'>συνευαγγελιστὴν</span> <span class='ocrx_word' id='word_1_441' title='bbox 3637 2163 3742 2214; x_wconf 71' lang='grc' dir='ltr'>καὶ</span> 
     </span>
    </p>
   </div>
   <div class='ocr_carea' id='block_1_65' title="bbox 2126 2253 3751 2328">
    <p class='ocr_par' dir='ltr' id='par_1_65' title="bbox 2126 2253 3751 2328">
     <span class='ocr_line' id='line_1_65' title="bbox 2126 2253 3751 2328; baseline -0.004 -18"><span class='ocrx_word' id='word_1_442' title='bbox 2126 2259 2407 2328; x_wconf 84' lang='grc' dir='ltr'>συνόμιλον</span> <span class='ocrx_word' id='word_1_443' title='bbox 2440 2257 2498 2309; x_wconf 80' lang='grc' dir='ltr'><strong>τὸ</strong></span> <span class='ocrx_word' id='word_1_444' title='bbox 2535 2257 2826 2326; x_wconf 61' lang='grc' dir='ltr'>σύμφωνον</span> <span class='ocrx_word' id='word_1_445' title='bbox 2868 2255 3166 2318; x_wconf 73' lang='grc' dir='ltr'>διασώζων,</span> <span class='ocrx_word' id='word_1_446' title='bbox 3202 2253 3343 2309; x_wconf 74' lang='grc' dir='ltr'>οὕτω</span> <span class='ocrx_word' id='word_1_447' title='bbox 3374 2257 3476 2306; x_wconf 84' lang='grc' dir='ltr'>καί</span> <span class='ocrx_word' id='word_1_448' title='bbox 3535 2253 3607 2305; x_wconf 80' lang='grc' dir='ltr'>τὸ</span> <span class='ocrx_word' id='word_1_449' title='bbox 3643 2253 3751 2320; x_wconf 84' lang='grc' dir='ltr'>τῆς</span> 
     </span>
    </p>
   </div>
   <div class='ocr_carea' id='block_1_66' title="bbox 2119 2340 3747 2417">
    <p class='ocr_par' dir='ltr' id='par_1_66' title="bbox 2119 2340 3747 2417">
     <span class='ocr_line' id='line_1_66' title="bbox 2119 2340 3747 2417; baseline -0.007 -15"><span class='ocrx_word' id='word_1_450' title='bbox 2119 2347 2376 2417; x_wconf 82' lang='grc' dir='ltr'>ἀληθείας</span> <span class='ocrx_word' id='word_1_451' title='bbox 2408 2346 2733 2416; x_wconf 74' lang='grc' dir='ltr'>ἀνύϐριστον</span> <span class='ocrx_word' id='word_1_452' title='bbox 2763 2343 3180 2410; x_wconf 78' lang='grc' dir='ltr'>συνδιαφυλάξει</span> <span class='ocrx_word' id='word_1_453' title='bbox 3208 2342 3428 2412; x_wconf 77' lang='grc' dir='ltr'>ἀξίωμα</span> <span class='ocrx_word' id='word_1_454' title='bbox 3453 2361 3471 2374; x_wconf 76' lang='grc' dir='ltr'><strong>ο</strong></span> <span class='ocrx_word' id='word_1_455' title='bbox 3505 2343 3617 2394; x_wconf 79' lang='grc' dir='ltr'><strong>καὶ</strong></span> <span class='ocrx_word' id='word_1_456' title='bbox 3652 2340 3747 2410; x_wconf 78' lang='grc' dir='ltr'>εἴη</span> 
     </span>
    </p>
   </div>
   <div class='ocr_carea' id='block_1_67' title="bbox 2122 2431 3746 2507">
    <p class='ocr_par' dir='ltr' id='par_1_67' title="bbox 2122 2431 3746 2507">
     <span class='ocr_line' id='line_1_67' title="bbox 2122 2431 3746 2507; baseline -0.006 -16"><span class='ocrx_word' id='word_1_457' title='bbox 2122 2437 2186 2492; x_wconf 81' lang='grc' dir='ltr'>ἂν</span> <span class='ocrx_word' id='word_1_458' title='bbox 2219 2437 2368 2506; x_wconf 75' lang='grc' dir='ltr'>αὐτῷ</span> <span class='ocrx_word' id='word_1_459' title='bbox 2394 2436 2685 2507; x_wconf 78' lang='grc' dir='ltr'>εἰρημένον</span> <span class='ocrx_word' id='word_1_460' title='bbox 2720 2437 2800 2499; x_wconf 73' lang='grc' dir='ltr'><strong>τὸ,</strong></span> <span class='ocrx_word' id='word_1_461' title='bbox 2857 2455 2874 2486; x_wconf 79' lang='grc' dir='ltr'>ι</span> <span class='ocrx_word' id='word_1_462' title='bbox 2925 2436 3035 2488; x_wconf 71' lang='grc' dir='ltr'><strong>Καὶ</strong></span> <span class='ocrx_word' id='word_1_463' title='bbox 3085 2431 3249 2503; x_wconf 75' lang='grc' dir='ltr'>ἦλθεν</span> <span class='ocrx_word' id='word_1_464' title='bbox 3281 2436 3362 2495; x_wconf 82' lang='grc' dir='ltr'><strong>είς</strong></span> <span class='ocrx_word' id='word_1_465' title='bbox 3395 2436 3604 2488; x_wconf 78' lang='grc' dir='ltr'>πᾶσαν</span> <span class='ocrx_word' id='word_1_466' title='bbox 3637 2433 3746 2500; x_wconf 74' lang='grc' dir='ltr'>τὴν</span> 
     </span>
    </p>
   </div>
   <div class='ocr_carea' id='block_1_68' title="bbox 2123 2525 3737 2600">
    <p class='ocr_par' dir='ltr' id='par_1_68' title="bbox 2123 2525 3737 2600">
     <span class='ocr_line' id='line_1_68' title="bbox 2123 2525 3737 2600; baseline -0.004 -18"><span class='ocrx_word' id='word_1_467' title='bbox 2123 2529 2430 2600; x_wconf 81' lang='grc' dir='ltr'>περίχωρον</span> <span class='ocrx_word' id='word_1_468' title='bbox 2488 2528 2586 2580; x_wconf 80' lang='grc' dir='ltr'><strong>τοῦ</strong></span> <span class='ocrx_word' id='word_1_469' title='bbox 2625 2526 2893 2595; x_wconf 74' lang='grc' dir='ltr'>Ἰορδάνου</span> <span class='ocrx_word' id='word_1_470' title='bbox 2939 2525 3231 2596; x_wconf 77' lang='grc' dir='ltr'>κηρύσσων</span> <span class='ocrx_word' id='word_1_471' title='bbox 3269 2526 3576 2596; x_wconf 76' lang='grc' dir='ltr'>βάπτισμα</span> <span class='ocrx_word' id='word_1_472' title='bbox 3628 2541 3737 2593; x_wconf 82' lang='grc' dir='ltr'>με·</span> 
     </span>
    </p>
   </div>
   <div class='ocr_carea' id='block_1_69' title="bbox 2121 2615 3739 2686">
    <p class='ocr_par' dir='ltr' id='par_1_69' title="bbox 2121 2615 3739 2686">
     <span class='ocr_line' id='line_1_69' title="bbox 2121 2615 3739 2686; baseline -0.006 -14"><span class='ocrx_word' id='word_1_473' title='bbox 2121 2618 2337 2680; x_wconf 87' lang='grc' dir='ltr'>τανοίας</span> <span class='ocrx_word' id='word_1_474' title='bbox 2383 2620 2462 2680; x_wconf 73' lang='grc' dir='ltr'>εἰς</span> <span class='ocrx_word' id='word_1_475' title='bbox 2517 2618 2707 2684; x_wconf 67' lang='grc' dir='ltr'>ἄφεσιν</span> <span class='ocrx_word' id='word_1_476' title='bbox 2755 2615 3038 2686; x_wconf 80' lang='grc' dir='ltr'>ἁμαρτιῶν</span> <span class='ocrx_word' id='word_1_477' title='bbox 3068 2655 3082 2680; x_wconf 94' lang='grc'>,</span> <span class='ocrx_word' id='word_1_478' title='bbox 3133 2634 3151 2666; x_wconf 73' lang='grc' dir='ltr'><strong>ι</strong></span> <span class='ocrx_word' id='word_1_479' title='bbox 3186 2616 3248 2668; x_wconf 87' lang='grc' dir='ltr'><strong>ού</strong></span> <span class='ocrx_word' id='word_1_480' title='bbox 3304 2616 3434 2686; x_wconf 77' lang='grc' dir='ltr'>περὶ</span> <span class='ocrx_word' id='word_1_481' title='bbox 3502 2615 3739 2667; x_wconf 76' lang='grc' dir='ltr'>ἐκείνου</span> 
     </span>
    </p>
   </div>
   <div class='ocr_carea' id='block_1_70' title="bbox 2123 2707 3735 2778">
    <p class='ocr_par' dir='ltr' id='par_1_70' title="bbox 2123 2707 3735 2778">
     <span class='ocr_line' id='line_1_70' title="bbox 2123 2707 3735 2778; baseline -0.001 -18"><span class='ocrx_word' id='word_1_482' title='bbox 2123 2709 2408 2778; x_wconf 78' lang='grc' dir='ltr'>δήπουθεν,</span> <span class='ocrx_word' id='word_1_483' title='bbox 2429 2709 2565 2778; x_wconf 80' lang='grc' dir='ltr'>ὅπερ</span> <span class='ocrx_word' id='word_1_484' title='bbox 2597 2709 2651 2762; x_wconf 75' lang='grc' dir='ltr'>αἱ</span> <span class='ocrx_word' id='word_1_485' title='bbox 2681 2707 2774 2760; x_wconf 73' lang='grc' dir='ltr'><strong>τοῦ</strong></span> <span class='ocrx_word' id='word_1_486' title='bbox 2806 2708 3116 2778; x_wconf 84' lang='grc' dir='ltr'>ΙΙροδρόμου</span> <span class='ocrx_word' id='word_1_487' title='bbox 3147 2710 3324 2778; x_wconf 78' lang='grc' dir='ltr'>χεῖρες</span> <span class='ocrx_word' id='word_1_488' title='bbox 3349 2708 3700 2777; x_wconf 76' lang='grc' dir='ltr'>εἰργάζοντο</span> <span class='ocrx_word' id='word_1_489' title='bbox 3720 2745 3735 2767; x_wconf 87' lang='grc'>,</span> 
     </span>
    </p>
   </div>
   <div class='ocr_carea' id='block_1_71' title="bbox 2124 2798 3739 2869">
    <p class='ocr_par' dir='ltr' id='par_1_71' title="bbox 2124 2798 3739 2869">
     <span class='ocr_line' id='line_1_71' title="bbox 2124 2798 3739 2869; baseline -0.002 -16"><span class='ocrx_word' id='word_1_490' title='bbox 2124 2800 2258 2853; x_wconf 73' lang='grc' dir='ltr'>ἀλλὰ</span> <span class='ocrx_word' id='word_1_491' title='bbox 2307 2801 2433 2869; x_wconf 81' lang='grc' dir='ltr'>περὶ</span> <span class='ocrx_word' id='word_1_492' title='bbox 2476 2798 2566 2852; x_wconf 77' lang='grc' dir='ltr'>τοῦ</span> <span class='ocrx_word' id='word_1_493' title='bbox 2631 2799 2904 2869; x_wconf 80' lang='grc' dir='ltr'>Σωτηρίου</span> <span class='ocrx_word' id='word_1_494' title='bbox 2965 2799 3057 2852; x_wconf 70' lang='grc' dir='ltr'>καὶ</span> <span class='ocrx_word' id='word_1_495' title='bbox 3111 2799 3470 2865; x_wconf 79' lang='grc' dir='ltr'>Δεσποτικοῠ,</span> <span class='ocrx_word' id='word_1_496' title='bbox 3553 2799 3662 2852; x_wconf 78' lang='grc' dir='ltr'>καὶ</span> <span class='ocrx_word' id='word_1_497' title='bbox 3710 2798 3739 2849; x_wconf 81' lang='grc' dir='ltr'><strong>ὃ</strong></span> 
     </span>
    </p>
   </div>
   <div class='ocr_carea' id='block_1_72' title="bbox 2125 2888 3738 2958">
    <p class='ocr_par' dir='ltr' id='par_1_72' title="bbox 2125 2888 3738 2958">
     <span class='ocr_line' id='line_1_72' title="bbox 2125 2888 3738 2958; baseline -0.001 -16"><span class='ocrx_word' id='word_1_498' title='bbox 2125 2891 2332 2953; x_wconf 77' lang='grc' dir='ltr'>πάντας</span> <span class='ocrx_word' id='word_1_499' title='bbox 2372 2892 2496 2952; x_wconf 74' lang='grc' dir='ltr'>τοὺς</span> <span class='ocrx_word' id='word_1_500' title='bbox 2530 2888 2967 2958; x_wconf 78' lang='grc' dir='ltr'>βαπτισαμὲνους</span> <span class='ocrx_word' id='word_1_501' title='bbox 2997 2890 3102 2941; x_wconf 85' lang='grc' dir='ltr'><strong>τῶν</strong></span> <span class='ocrx_word' id='word_1_502' title='bbox 3135 2889 3383 2958; x_wconf 68' lang='grc' dir='ltr'>ψυχικῶν</span> <span class='ocrx_word' id='word_1_503' title='bbox 3426 2889 3738 2958; x_wconf 85' lang='grc' dir='ltr'>μολυσμά·</span> 
     </span>
    </p>
   </div>
   <div class='ocr_carea' id='block_1_73' title="bbox 2124 2975 3725 3047">
    <p class='ocr_par' dir='ltr' id='par_1_73' title="bbox 2124 2975 3725 3047">
     <span class='ocr_line' id='line_1_73' title="bbox 2124 2975 3725 3047; baseline -0.004 -15"><span class='ocrx_word' id='word_1_504' title='bbox 2124 2997 2231 3032; x_wconf 90' lang='grc' dir='ltr'><strong>των</strong></span> <span class='ocrx_word' id='word_1_505' title='bbox 2260 2979 2619 3047; x_wconf 79' lang='grc' dir='ltr'>ἀπεκάθαιρε.</span> <span class='ocrx_word' id='word_1_506' title='bbox 2659 2976 2891 3046; x_wconf 75' lang='grc' dir='ltr'>Καὶγάρ</span> <span class='ocrx_word' id='word_1_507' title='bbox 2920 2975 3038 3045; x_wconf 84' lang='grc' dir='ltr'>μετ’</span> <span class='ocrx_word' id='word_1_508' title='bbox 3067 2976 3246 3042; x_wconf 80' lang='grc' dir='ltr'>ὀλίγον</span> <span class='ocrx_word' id='word_1_509' title='bbox 3275 2976 3369 3028; x_wconf 76' lang='grc' dir='ltr'><strong>καὶ</strong></span> <span class='ocrx_word' id='word_1_510' title='bbox 3399 2977 3576 3038; x_wconf 71' lang='grc' dir='ltr'>αὐτὸς</span> <span class='ocrx_word' id='word_1_511' title='bbox 3603 2977 3725 3026; x_wconf 85' lang='grc' dir='ltr'>είσ-</span> 
     </span>
    </p>
   </div>
   <div class='ocr_carea' id='block_1_74' title="bbox 2126 3068 3731 3144">
    <p class='ocr_par' dir='ltr' id='par_1_74' title="bbox 2126 3068 3731 3144">
     <span class='ocr_line' id='line_1_74' title="bbox 2126 3068 3731 3144; baseline -0.007 -15"><span class='ocrx_word' id='word_1_512' title='bbox 2126 3078 2250 3144; x_wconf 82' lang='grc' dir='ltr'>άγει</span> <span class='ocrx_word' id='word_1_513' title='bbox 2303 3075 2393 3126; x_wconf 77' lang='grc' dir='ltr'><strong>τὸν</strong></span> <span class='ocrx_word' id='word_1_514' title='bbox 2445 3073 2697 3141; x_wconf 76' lang='grc' dir='ltr'>Ἰωάννην</span> <span class='ocrx_word' id='word_1_515' title='bbox 2749 3071 3011 3137; x_wconf 84' lang='grc' dir='ltr'>λέγοντα·</span> <span class='ocrx_word' id='word_1_516' title='bbox 3051 3089 3069 3120; x_wconf 79' lang='grc' dir='ltr'>ι</span> <span class='ocrx_word' id='word_1_517' title='bbox 3115 3069 3257 3136; x_wconf 82' lang='grc' dir='ltr'><strong>Ἐγὼ</strong></span> <span class='ocrx_word' id='word_1_518' title='bbox 3307 3069 3403 3138; x_wconf 81' lang='grc' dir='ltr'><strong>μὲν</strong></span> <span class='ocrx_word' id='word_1_519' title='bbox 3459 3070 3522 3121; x_wconf 80' lang='grc' dir='ltr'>ὲν</span> <span class='ocrx_word' id='word_1_520' title='bbox 3566 3068 3731 3120; x_wconf 77' lang='grc' dir='ltr'>ὕδατι</span> 
     </span>
    </p>
   </div>
   <div class='ocr_carea' id='block_1_75' title="bbox 2129 3155 3730 3237">
    <p class='ocr_par' dir='ltr' id='par_1_75' title="bbox 2129 3155 3730 3237">
     <span class='ocr_line' id='line_1_75' title="bbox 2129 3155 3730 3237; baseline -0.005 -17"><span class='ocrx_word' id='word_1_521' title='bbox 2129 3164 2378 3237; x_wconf 73' lang='grc' dir='ltr'>βαπτίζω</span> <span class='ocrx_word' id='word_1_522' title='bbox 2412 3166 2576 3234; x_wconf 83' lang='grc' dir='ltr'>ὑμᾶς,</span> <span class='ocrx_word' id='word_1_523' title='bbox 2604 3164 2821 3234; x_wconf 77' lang='grc' dir='ltr'>ἔρχεται</span> <span class='ocrx_word' id='word_1_524' title='bbox 2863 3162 2918 3214; x_wconf 75' lang='grc' dir='ltr'><strong>δὲ</strong></span> <span class='ocrx_word' id='word_1_525' title='bbox 2957 3161 3303 3232; x_wconf 78' lang='grc' dir='ltr'>ἰσχυρότερός</span> <span class='ocrx_word' id='word_1_526' title='bbox 3353 3179 3479 3231; x_wconf 87' lang='grc' dir='ltr'>μου,</span> <span class='ocrx_word' id='word_1_527' title='bbox 3518 3155 3586 3214; x_wconf 72' lang='grc' dir='ltr'>οὗ</span> <span class='ocrx_word' id='word_1_528' title='bbox 3625 3161 3730 3213; x_wconf 74' lang='grc' dir='ltr'><strong>οὐκ</strong></span> 
     </span>
    </p>
   </div>
   <div class='ocr_carea' id='block_1_76' title="bbox 2125 3252 3732 3328">
    <p class='ocr_par' dir='ltr' id='par_1_76' title="bbox 2125 3252 3732 3328">
     <span class='ocr_line' id='line_1_76' title="bbox 2125 3252 3732 3328; baseline -0.004 -17"><span class='ocrx_word' id='word_1_529' title='bbox 2125 3259 2240 3328; x_wconf 77' lang='grc' dir='ltr'>εἰμὶ</span> <span class='ocrx_word' id='word_1_530' title='bbox 2289 3257 2471 3318; x_wconf 74' lang='grc' dir='ltr'>ἱκανὸς</span> <span class='ocrx_word' id='word_1_531' title='bbox 2495 3255 2656 3308; x_wconf 80' lang='grc' dir='ltr'>λύσαι</span> <span class='ocrx_word' id='word_1_532' title='bbox 2682 3255 2773 3306; x_wconf 85' lang='grc' dir='ltr'>τὸν</span> <span class='ocrx_word' id='word_1_533' title='bbox 2803 3255 3002 3323; x_wconf 79' lang='grc' dir='ltr'>ἱμάντα</span> <span class='ocrx_word' id='word_1_534' title='bbox 3052 3252 3161 3305; x_wconf 82' lang='grc' dir='ltr'>τῶν</span> <span class='ocrx_word' id='word_1_535' title='bbox 3197 3253 3574 3322; x_wconf 74' lang='grc' dir='ltr'>ὑποδημάτων</span> <span class='ocrx_word' id='word_1_536' title='bbox 3626 3253 3732 3305; x_wconf 79' lang='grc' dir='ltr'>αύ-</span> 
     </span>
    </p>
   </div>
   <div class='ocr_carea' id='block_1_77' title="bbox 2123 3344 3730 3416">
    <p class='ocr_par' dir='ltr' id='par_1_77' title="bbox 2123 3344 3730 3416">
     <span class='ocr_line' id='line_1_77' title="bbox 2123 3344 3730 3416; baseline -0.002 -13"><span class='ocrx_word' id='word_1_537' title='bbox 2123 3350 2239 3403; x_wconf 80' lang='grc' dir='ltr'><strong>τοῦ·</strong></span> <span class='ocrx_word' id='word_1_538' title='bbox 2282 3367 2300 3400; x_wconf 73' lang='grc' dir='ltr'><strong>ι</strong></span> <span class='ocrx_word' id='word_1_539' title='bbox 2347 3346 2464 3401; x_wconf 83' lang='grc' dir='ltr'>εἶτα</span> <span class='ocrx_word' id='word_1_540' title='bbox 2490 3349 2580 3400; x_wconf 76' lang='grc' dir='ltr'><strong>καὶ</strong></span> <span class='ocrx_word' id='word_1_541' title='bbox 2606 3346 2666 3399; x_wconf 84' lang='grc' dir='ltr'>τὸ</span> <span class='ocrx_word' id='word_1_542' title='bbox 2689 3346 2904 3415; x_wconf 80' lang='grc' dir='ltr'>ἀξίωμα</span> <span class='ocrx_word' id='word_1_543' title='bbox 2941 3344 3033 3398; x_wconf 86' lang='grc' dir='ltr'><strong>τοῦ</strong></span> <span class='ocrx_word' id='word_1_544' title='bbox 3079 3345 3360 3416; x_wconf 77' lang='grc' dir='ltr'>Κυριακοῦ</span> <span class='ocrx_word' id='word_1_545' title='bbox 3402 3345 3730 3415; x_wconf 80' lang='grc' dir='ltr'>βαπτίσμα-</span> 
     </span>
    </p>
   </div>
   <div class='ocr_carea' id='block_1_78' title="bbox 2123 3437 3724 3509">
    <p class='ocr_par' dir='ltr' id='par_1_78' title="bbox 2123 3437 3724 3509">
     <span class='ocr_line' id='line_1_78' title="bbox 2123 3437 3724 3509; baseline -0.003 -16"><span class='ocrx_word' id='word_1_546' title='bbox 2123 3458 2235 3504; x_wconf 85' lang='grc' dir='ltr'><strong>τος,</strong></span> <span class='ocrx_word' id='word_1_547' title='bbox 2273 3460 2291 3491; x_wconf 75' lang='grc' dir='ltr'>ι</span> <span class='ocrx_word' id='word_1_548' title='bbox 2341 3439 2512 3502; x_wconf 72' lang='grc' dir='ltr'>Αὐτὸς</span> <span class='ocrx_word' id='word_1_549' title='bbox 2561 3439 2702 3508; x_wconf 84' lang='grc' dir='ltr'>ὑμᾶς</span> <span class='ocrx_word' id='word_1_550' title='bbox 2736 3437 2987 3508; x_wconf 82' lang='grc' dir='ltr'>βαπτίσει</span> <span class='ocrx_word' id='word_1_551' title='bbox 3016 3439 3074 3490; x_wconf 78' lang='grc' dir='ltr'>ἐν</span> <span class='ocrx_word' id='word_1_552' title='bbox 3110 3437 3386 3508; x_wconf 87' lang='grc' dir='ltr'>Πνεύματι</span> <span class='ocrx_word' id='word_1_553' title='bbox 3413 3439 3558 3509; x_wconf 84' lang='grc' dir='ltr'>ἁγίῳ</span> <span class='ocrx_word' id='word_1_554' title='bbox 3623 3437 3724 3489; x_wconf 79' lang='grc' dir='ltr'><strong>καὶ</strong></span> 
     </span>
    </p>
   </div>
   <div class='ocr_carea' id='block_1_79' title="bbox 2126 3523 3728 3595">
    <p class='ocr_par' dir='ltr' id='par_1_79' title="bbox 2126 3523 3728 3595">
     <span class='ocr_line' id='line_1_79' title="bbox 2126 3523 3728 3595; baseline -0.001 -17"><span class='ocrx_word' id='word_1_555' title='bbox 2126 3525 2281 3595; x_wconf 81' lang='grc' dir='ltr'>πυρί.</span> <span class='ocrx_word' id='word_1_556' title='bbox 2315 3544 2333 3576; x_wconf 71' lang='grc' dir='ltr'><strong>ι</strong></span> <span class='ocrx_word' id='word_1_557' title='bbox 2368 3525 2476 3576; x_wconf 76' lang='grc' dir='ltr'><strong>Ναὶ</strong></span> <span class='ocrx_word' id='word_1_558' title='bbox 2515 3523 2620 3594; x_wconf 83' lang='grc' dir='ltr'>μὴν</span> <span class='ocrx_word' id='word_1_559' title='bbox 2657 3525 2749 3576; x_wconf 74' lang='grc' dir='ltr'><strong>καὶ</strong></span> <span class='ocrx_word' id='word_1_560' title='bbox 2791 3525 3017 3594; x_wconf 81' lang='grc' dir='ltr'>Μάρκος</span> <span class='ocrx_word' id='word_1_561' title='bbox 3044 3523 3206 3578; x_wconf 81' lang='grc' dir='ltr'>πάλιν</span> <span class='ocrx_word' id='word_1_562' title='bbox 3241 3525 3378 3594; x_wconf 83' lang='grc' dir='ltr'><strong>μετά</strong></span> <span class='ocrx_word' id='word_1_563' title='bbox 3412 3527 3475 3578; x_wconf 81' lang='grc' dir='ltr'>τὸ</span> <span class='ocrx_word' id='word_1_564' title='bbox 3522 3527 3728 3594; x_wconf 79' lang='grc' dir='ltr'>φυγεῖν</span> 
     </span>
    </p>
   </div>
   <div class='ocr_carea' id='block_1_80' title="bbox 2127 3616 3728 3689">
    <p class='ocr_par' dir='ltr' id='par_1_80' title="bbox 2127 3616 3728 3689">
     <span class='ocr_line' id='line_1_80' title="bbox 2127 3616 3728 3689; baseline 0.001 -21"><span class='ocrx_word' id='word_1_565' title='bbox 2127 3618 2251 3679; x_wconf 73' lang='grc' dir='ltr'>τοὺς</span> <span class='ocrx_word' id='word_1_566' title='bbox 2279 3616 2608 3685; x_wconf 79' lang='grc' dir='ltr'>Φαρισαίους</span> <span class='ocrx_word' id='word_1_567' title='bbox 2653 3617 2746 3668; x_wconf 76' lang='grc' dir='ltr'>καὶ</span> <span class='ocrx_word' id='word_1_568' title='bbox 2792 3617 3189 3680; x_wconf 82' lang='grc' dir='ltr'><strong>Σαδδουκαίους</strong></span> <span class='ocrx_word' id='word_1_569' title='bbox 3225 3619 3330 3670; x_wconf 83' lang='grc' dir='ltr'>ὑπὸ</span> <span class='ocrx_word' id='word_1_570' title='bbox 3359 3619 3457 3688; x_wconf 82' lang='grc' dir='ltr'><strong>τῆς</strong></span> <span class='ocrx_word' id='word_1_571' title='bbox 3489 3617 3728 3689; x_wconf 77' lang='grc' dir='ltr'>μελλούο</span> 
     </span>
    </p>
   </div>
   <div class='ocr_carea' id='block_1_81' title="bbox 2128 3705 3724 3780">
    <p class='ocr_par' dir='ltr' id='par_1_81' title="bbox 2128 3705 3724 3780">
     <span class='ocr_line' id='line_1_81' title="bbox 2128 3705 3724 3780; baseline 0.002 -20"><span class='ocrx_word' id='word_1_572' title='bbox 2128 3725 2226 3778; x_wconf 85' lang='grc' dir='ltr'><strong>σης</strong></span> <span class='ocrx_word' id='word_1_573' title='bbox 2252 3709 2421 3778; x_wconf 82' lang='grc' dir='ltr'>ὀργῆς</span> <span class='ocrx_word' id='word_1_574' title='bbox 2448 3707 2589 3776; x_wconf 83' lang='grc' dir='ltr'>(οὐδὲ</span> <span class='ocrx_word' id='word_1_575' title='bbox 2620 3710 2762 3778; x_wconf 82' lang='grc' dir='ltr'>φυγή</span> <span class='ocrx_word' id='word_1_576' title='bbox 2791 3725 2873 3772; x_wconf 89' lang='grc' dir='ltr'>τις</span> <span class='ocrx_word' id='word_1_577' title='bbox 2912 3709 2976 3761; x_wconf 84' lang='grc' dir='ltr'><strong>ἂν</strong></span> <span class='ocrx_word' id='word_1_578' title='bbox 3008 3705 3095 3779; x_wconf 82' lang='grc' dir='ltr'><strong>ἦν,</strong></span> <span class='ocrx_word' id='word_1_579' title='bbox 3152 3711 3201 3762; x_wconf 82' lang='grc' dir='ltr'>εἰ</span> <span class='ocrx_word' id='word_1_580' title='bbox 3237 3710 3310 3780; x_wconf 81' lang='grc' dir='ltr'>μὴ</span> <span class='ocrx_word' id='word_1_581' title='bbox 3341 3711 3400 3763; x_wconf 68' lang='grc' dir='ltr'>τὸ</span> <span class='ocrx_word' id='word_1_582' title='bbox 3435 3712 3724 3780; x_wconf 81' lang='grc' dir='ltr'>προσδρα-</span> 
     </span>
    </p>
   </div>
   <div class='ocr_carea' id='block_1_82' title="bbox 2129 3798 3724 3874">
    <p class='ocr_par' dir='ltr' id='par_1_82' title="bbox 2129 3798 3724 3874">
     <span class='ocr_line' id='line_1_82' title="bbox 2129 3798 3724 3874; baseline 0 -22"><span class='ocrx_word' id='word_1_583' title='bbox 2129 3802 2250 3870; x_wconf 87' lang='grc' dir='ltr'>μεῖν</span> <span class='ocrx_word' id='word_1_584' title='bbox 2269 3800 2346 3869; x_wconf 82' lang='grc' dir='ltr'>τῷ</span> <span class='ocrx_word' id='word_1_585' title='bbox 2375 3798 2759 3869; x_wconf 85' lang='grc' dir='ltr'>βαπτίσματι),</span> <span class='ocrx_word' id='word_1_586' title='bbox 2793 3818 2811 3852; x_wconf 79' lang='grc' dir='ltr'>ι</span> <span class='ocrx_word' id='word_1_587' title='bbox 2841 3801 3136 3872; x_wconf 83' lang='grc' dir='ltr'>Ποιήσατε,</span> <span class='ocrx_word' id='word_1_588' title='bbox 3168 3802 3440 3872; x_wconf 77' lang='grc' dir='ltr'>ἐπιφέρει,</span> <span class='ocrx_word' id='word_1_589' title='bbox 3465 3802 3724 3874; x_wconf 75' lang='grc' dir='ltr'>καρποὺς</span> 
     </span>
    </p>
   </div>
   <div class='ocr_carea' id='block_1_83' title="bbox 2129 3887 3722 3963">
    <p class='ocr_par' dir='ltr' id='par_1_83' title="bbox 2129 3887 3722 3963">
     <span class='ocr_line' id='line_1_83' title="bbox 2129 3887 3722 3963; baseline 0.002 -21"><span class='ocrx_word' id='word_1_590' title='bbox 2129 3887 2314 3953; x_wconf 78' lang='grc' dir='ltr'>ἀξίους</span> <span class='ocrx_word' id='word_1_591' title='bbox 2345 3891 2445 3959; x_wconf 83' lang='grc' dir='ltr'>τῆς</span> <span class='ocrx_word' id='word_1_592' title='bbox 2480 3889 2788 3958; x_wconf 85' lang='grc' dir='ltr'>μετανοίας,</span> <span class='ocrx_word' id='word_1_593' title='bbox 2825 3909 2844 3941; x_wconf 65' lang='grc' dir='ltr'><strong>ι</strong></span> <span class='ocrx_word' id='word_1_594' title='bbox 2877 3889 2952 3953; x_wconf 81' lang='grc' dir='ltr'>ὡς</span> <span class='ocrx_word' id='word_1_595' title='bbox 2994 3891 3087 3943; x_wconf 80' lang='grc' dir='ltr'>τοῦ</span> <span class='ocrx_word' id='word_1_596' title='bbox 3117 3891 3365 3955; x_wconf 80' lang='grc' dir='ltr'>δοθέντος</span> <span class='ocrx_word' id='word_1_597' title='bbox 3400 3892 3722 3963; x_wconf 81' lang='grc' dir='ltr'>βαπτίσμα-</span> 
     </span>
    </p>
   </div>
   <div class='ocr_carea' id='block_1_84' title="bbox 2126 3978 3720 4052">
    <p class='ocr_par' dir='ltr' id='par_1_84' title="bbox 2126 3978 3720 4052">
     <span class='ocr_line' id='line_1_84' title="bbox 2126 3978 3720 4052; baseline 0.003 -21"><span class='ocrx_word' id='word_1_598' title='bbox 2126 3995 2216 4042; x_wconf 87' lang='grc' dir='ltr'><strong>τος</strong></span> <span class='ocrx_word' id='word_1_599' title='bbox 2242 3979 2341 4031; x_wconf 74' lang='grc' dir='ltr'><strong>οὐκ</strong></span> <span class='ocrx_word' id='word_1_600' title='bbox 2372 3978 2586 4048; x_wconf 75' lang='grc' dir='ltr'>ἔχοντος</span> <span class='ocrx_word' id='word_1_601' title='bbox 2624 3979 2776 4048; x_wconf 75' lang='grc' dir='ltr'>ἰσχὺν</span> <span class='ocrx_word' id='word_1_602' title='bbox 2819 3983 3118 4049; x_wconf 80' lang='grc' dir='ltr'>παρασχεῖν</span> <span class='ocrx_word' id='word_1_603' title='bbox 3150 3979 3248 4049; x_wconf 78' lang='grc' dir='ltr'>τὴν</span> <span class='ocrx_word' id='word_1_604' title='bbox 3275 3983 3486 4034; x_wconf 85' lang='grc' dir='ltr'>τελείαν</span> <span class='ocrx_word' id='word_1_605' title='bbox 3530 3983 3720 4052; x_wconf 80' lang='grc' dir='ltr'>ἀμαρ-</span> 
     </span>
    </p>
   </div>
   <div class='ocr_carea' id='block_1_85' title="bbox 2125 4068 3718 4144">
    <p class='ocr_par' dir='ltr' id='par_1_85' title="bbox 2125 4068 3718 4144">
     <span class='ocr_line' id='line_1_85' title="bbox 2125 4068 3718 4144; baseline 0 -22"><span class='ocrx_word' id='word_1_606' title='bbox 2125 4070 2386 4139; x_wconf 81' lang='grc' dir='ltr'>τημάτων</span> <span class='ocrx_word' id='word_1_607' title='bbox 2412 4069 2812 4139; x_wconf 84' lang='grc' dir='ltr'>ἀπολύτρωσιν.</span> <span class='ocrx_word' id='word_1_608' title='bbox 2839 4070 2909 4124; x_wconf 85' lang='grc' dir='ltr'>Ἢ</span> <span class='ocrx_word' id='word_1_609' title='bbox 2938 4068 3094 4122; x_wconf 82' lang='grc' dir='ltr'>τοῦτο</span> <span class='ocrx_word' id='word_1_610' title='bbox 3119 4071 3216 4138; x_wconf 80' lang='grc' dir='ltr'>μὲν</span> <span class='ocrx_word' id='word_1_611' title='bbox 3241 4071 3304 4123; x_wconf 84' lang='grc' dir='ltr'><strong>ἀν</strong></span> <span class='ocrx_word' id='word_1_612' title='bbox 3349 4089 3431 4134; x_wconf 86' lang='grc' dir='ltr'>τις</span> <span class='ocrx_word' id='word_1_613' title='bbox 3460 4071 3718 4144; x_wconf 73' lang='grc' dir='ltr'>εἰρῆσθαι</span> 
     </span>
    </p>
   </div>
   <div class='ocr_carea' id='block_1_86' title="bbox 2128 4160 3718 4236">
    <p class='ocr_par' dir='ltr' id='par_1_86' title="bbox 2128 4160 3718 4236">
     <span class='ocr_line' id='line_1_86' title="bbox 2128 4160 3718 4236; baseline -0.001 -21"><span class='ocrx_word' id='word_1_614' title='bbox 2128 4162 2244 4231; x_wconf 87' lang='grc' dir='ltr'>θείη</span> <span class='ocrx_word' id='word_1_615' title='bbox 2289 4161 2349 4214; x_wconf 86' lang='grc' dir='ltr'><strong>ού</strong></span> <span class='ocrx_word' id='word_1_616' title='bbox 2399 4161 2536 4232; x_wconf 79' lang='grc' dir='ltr'>πρὸς</span> <span class='ocrx_word' id='word_1_617' title='bbox 2591 4162 2854 4225; x_wconf 76' lang='grc' dir='ltr'>ἐκείνους,</span> <span class='ocrx_word' id='word_1_618' title='bbox 2901 4160 2994 4224; x_wconf 86' lang='grc' dir='ltr'><strong>οὒς</strong></span> <span class='ocrx_word' id='word_1_619' title='bbox 3032 4162 3100 4215; x_wconf 76' lang='grc' dir='ltr'>τά</span> <span class='ocrx_word' id='word_1_620' title='bbox 3143 4162 3465 4218; x_wconf 79' lang='grc' dir='ltr'>τελεσθέντα</span> <span class='ocrx_word' id='word_1_621' title='bbox 3522 4163 3718 4236; x_wconf 73' lang='grc' dir='ltr'>ῥεῖθρα</span> 
     </span>
    </p>
   </div>
   <div class='ocr_carea' id='block_1_87' title="bbox 2125 4252 3715 4323">
    <p class='ocr_par' dir='ltr' id='par_1_87' title="bbox 2125 4252 3715 4323">
     <span class='ocr_line' id='line_1_87' title="bbox 2125 4252 3715 4323; baseline 0.001 -17"><span class='ocrx_word' id='word_1_622' title='bbox 2125 4252 2394 4323; x_wconf 76' lang='grc' dir='ltr'>δεξάμενα</span> <span class='ocrx_word' id='word_1_623' title='bbox 2451 4253 2561 4306; x_wconf 80' lang='grc' dir='ltr'>τῶν</span> <span class='ocrx_word' id='word_1_624' title='bbox 2620 4253 2984 4322; x_wconf 86' lang='grc' dir='ltr'>μολυσμάτων</span> <span class='ocrx_word' id='word_1_625' title='bbox 3039 4253 3347 4307; x_wconf 82' lang='grc' dir='ltr'>ὲπλύνατο’</span> <span class='ocrx_word' id='word_1_626' title='bbox 3407 4256 3546 4310; x_wconf 75' lang='grc' dir='ltr'>ἀλλὰ</span> <span class='ocrx_word' id='word_1_627' title='bbox 3599 4257 3715 4318; x_wconf 80' lang='grc' dir='ltr'>τοῖς</span> 
     </span>
    </p>
   </div>
   <div class='ocr_carea' id='block_1_88' title="bbox 2127 4345 3712 4417">
    <p class='ocr_par' dir='ltr' id='par_1_88' title="bbox 2127 4345 3712 4417">
     <span class='ocr_line' id='line_1_88' title="bbox 2127 4345 3712 4417; baseline 0.001 -19"><span class='ocrx_word' id='word_1_628' title='bbox 2127 4347 2476 4417; x_wconf 79' lang='grc' dir='ltr'>ὡρμημένοις</span> <span class='ocrx_word' id='word_1_629' title='bbox 2512 4347 2609 4416; x_wconf 81' lang='grc' dir='ltr'><strong>μὲν</strong></span> <span class='ocrx_word' id='word_1_630' title='bbox 2629 4346 2721 4398; x_wconf 73' lang='grc' dir='ltr'><strong>ἐπὶ</strong></span> <span class='ocrx_word' id='word_1_631' title='bbox 2751 4346 2826 4416; x_wconf 79' lang='grc' dir='ltr'>τῷ</span> <span class='ocrx_word' id='word_1_632' title='bbox 2869 4345 3225 4416; x_wconf 84' lang='grc' dir='ltr'>βαπτίσματι,</span> <span class='ocrx_word' id='word_1_633' title='bbox 3257 4347 3412 4401; x_wconf 73' lang='grc' dir='ltr'>οὔπω</span> <span class='ocrx_word' id='word_1_634' title='bbox 3458 4349 3516 4402; x_wconf 82' lang='grc' dir='ltr'><strong>δὲ</strong></span> <span class='ocrx_word' id='word_1_635' title='bbox 3574 4365 3712 4402; x_wconf 89' lang='grc' dir='ltr'>κατ-</span> 
     </span>
    </p>
   </div>
   <div class='ocr_carea' id='block_1_89' title="bbox 2129 4436 3714 4508">
    <p class='ocr_par' dir='ltr' id='par_1_89' title="bbox 2129 4436 3714 4508">
     <span class='ocr_line' id='line_1_89' title="bbox 2129 4436 3714 4508; baseline 0 -18"><span class='ocrx_word' id='word_1_636' title='bbox 2129 4437 2407 4500; x_wconf 77' lang='grc' dir='ltr'>αξιωθεῖσι</span> <span class='ocrx_word' id='word_1_637' title='bbox 2440 4437 2539 4508; x_wconf 85' lang='grc' dir='ltr'><strong>τῆς</strong></span> <span class='ocrx_word' id='word_1_638' title='bbox 2568 4436 2911 4507; x_wconf 83' lang='grc' dir='ltr'>καθάρσεως.</span> <span class='ocrx_word' id='word_1_639' title='bbox 2933 4437 3078 4508; x_wconf 80' lang='grc' dir='ltr'>Πλὴν</span> <span class='ocrx_word' id='word_1_640' title='bbox 3110 4437 3161 4489; x_wconf 74' lang='grc' dir='ltr'>εἴ</span> <span class='ocrx_word' id='word_1_641' title='bbox 3183 4454 3267 4498; x_wconf 87' lang='grc' dir='ltr'>τις</span> <span class='ocrx_word' id='word_1_642' title='bbox 3299 4439 3393 4490; x_wconf 78' lang='grc' dir='ltr'><strong>καὶ</strong></span> <span class='ocrx_word' id='word_1_643' title='bbox 3423 4439 3559 4508; x_wconf 84' lang='grc' dir='ltr'>πρὸς</span> <span class='ocrx_word' id='word_1_644' title='bbox 3587 4438 3714 4499; x_wconf 81' lang='grc' dir='ltr'>τοὺς</span> 
     </span>
    </p>
   </div>
   <div class='ocr_carea' id='block_1_90' title="bbox 446 4526 2022 4606">
    <p class='ocr_par' dir='ltr' id='par_1_90' title="bbox 446 4535 2022 4606">
     <span class='ocr_line' id='line_1_90' title="bbox 446 4535 2022 4606; baseline 0.002 -15"><span class='ocrx_word' id='word_1_645' title='bbox 446 4535 684 4592; x_wconf 79' lang='lat' dir='ltr'><strong>fuerant.</strong></span> <span class='ocrx_word' id='word_1_646' title='bbox 718 4536 983 4591; x_wconf 68' lang='lat' dir='ltr'><strong>Caeterum</strong></span> <span class='ocrx_word' id='word_1_647' title='bbox 1008 4537 1107 4590; x_wconf 91' lang='lat' dir='ltr'><strong>etsi</strong></span> <span class='ocrx_word' id='word_1_648' title='bbox 1135 4539 1259 4606; x_wconf 90' lang='lat' dir='ltr'><strong>quis</strong></span> <span class='ocrx_word' id='word_1_649' title='bbox 1283 4537 1574 4606; x_wconf 84' lang='lat' dir='ltr'><strong>baptizatis</strong></span> <span class='ocrx_word' id='word_1_650' title='bbox 1605 4539 1768 4592; x_wconf 91' lang='lat' dir='ltr'><strong>etiam</strong></span> <span class='ocrx_word' id='word_1_651' title='bbox 1800 4541 2022 4594; x_wconf 87' lang='lat' dir='ltr'><strong>allatum</strong></span> 
     </span>
    </p>
   </div>
   <div class='ocr_carea' id='block_1_91' title="bbox 2126 4526 3712 4606">
    <p class='ocr_par' dir='ltr' id='par_1_91' title="bbox 2129 4526 3712 4601">
     <span class='ocr_line' id='line_1_91' title="bbox 2129 4526 3712 4601; baseline -0.001 -19"><span class='ocrx_word' id='word_1_652' title='bbox 2129 4530 2228 4601; x_wconf 70' lang='grc' dir='ltr'>ἤδη</span> <span class='ocrx_word' id='word_1_653' title='bbox 2264 4529 2698 4599; x_wconf 83' lang='grc' dir='ltr'>βαπτισαμένους</span> <span class='ocrx_word' id='word_1_654' title='bbox 2746 4526 2839 4579; x_wconf 79' lang='grc' dir='ltr'>τὸν</span> <span class='ocrx_word' id='word_1_655' title='bbox 2888 4527 3249 4598; x_wconf 81' lang='grc' dir='ltr'>προκείμενον</span> <span class='ocrx_word' id='word_1_656' title='bbox 3291 4527 3468 4595; x_wconf 70' lang='grc' dir='ltr'>λόγον.</span> <span class='ocrx_word' id='word_1_657' title='bbox 3503 4529 3712 4600; x_wconf 78' lang='grc' dir='ltr'><strong>ἁρμότ-</strong></span> 
     </span>
    </p>
   </div>
   <div class='ocr_carea' id='block_1_92' title="bbox 447 4629 2026 4700">
    <p class='ocr_par' dir='ltr' id='par_1_92' title="bbox 447 4629 2026 4700">
     <span class='ocr_line' id='line_1_92' title="bbox 447 4629 2026 4700; baseline 0.002 -18"><span class='ocrx_word' id='word_1_658' title='bbox 447 4629 628 4683; x_wconf 85' lang='lat' dir='ltr'><strong>locum</strong></span> <span class='ocrx_word' id='word_1_659' title='bbox 664 4643 966 4697; x_wconf 83' lang='lat' dir='ltr'><strong>congruere</strong></span> <span class='ocrx_word' id='word_1_660' title='bbox 1005 4629 1360 4694; x_wconf 84' lang='lat' dir='ltr'><strong>concesserit,</strong></span> <span class='ocrx_word' id='word_1_661' title='bbox 1388 4636 1567 4683; x_wconf 89' lang='lat' dir='ltr'><strong>tamen</strong></span> <span class='ocrx_word' id='word_1_662' title='bbox 1595 4645 1661 4683; x_wconf 87' lang='lat' dir='ltr'><strong>ne</strong></span> <span class='ocrx_word' id='word_1_663' title='bbox 1680 4629 1782 4683; x_wconf 91' lang='lat' dir='ltr'><strong>boc</strong></span> <span class='ocrx_word' id='word_1_664' title='bbox 1807 4631 2026 4700; x_wconf 90' lang='lat' dir='ltr'><strong>quidem</strong></span> 
     </span>
    </p>
   </div>
   <div class='ocr_carea' id='block_1_93' title="bbox 447 4720 2028 4792">
    <p class='ocr_par' dir='ltr' id='par_1_93' title="bbox 447 4720 2028 4792">
     <span class='ocr_line' id='line_1_93' title="bbox 447 4720 2028 4792; baseline 0 -16"><span class='ocrx_word' id='word_1_665' title='bbox 447 4733 792 4792; x_wconf 85' lang='lat' dir='ltr'><strong>peccatorum</strong></span> <span class='ocrx_word' id='word_1_666' title='bbox 828 4720 1210 4774; x_wconf 88' lang='lat' dir='ltr'><strong>remissionem</strong></span> <span class='ocrx_word' id='word_1_667' title='bbox 1244 4736 1272 4772; x_wconf 90' lang='lat' dir='ltr'><strong>a</strong></span> <span class='ocrx_word' id='word_1_668' title='bbox 1303 4720 1667 4775; x_wconf 71' lang='lat' dir='ltr'><strong>Praacursoris</strong></span> <span class='ocrx_word' id='word_1_669' title='bbox 1700 4721 2028 4790; x_wconf 88' lang='lat' dir='ltr'><strong>baptismate</strong></span> 
     </span>
    </p>
   </div>
   <div class='ocr_carea' id='block_1_94' title="bbox 447 4811 2030 4881">
    <p class='ocr_par' dir='ltr' id='par_1_94' title="bbox 447 4811 2030 4881">
     <span class='ocr_line' id='line_1_94' title="bbox 447 4811 2030 4881; baseline 0 -13"><span class='ocrx_word' id='word_1_670' title='bbox 447 4815 764 4869; x_wconf 71' lang='lat' dir='ltr'><strong>necessario</strong></span> <span class='ocrx_word' id='word_1_671' title='bbox 797 4813 1015 4868; x_wconf 83' lang='lat' dir='ltr'><strong>auferre</strong></span> <span class='ocrx_word' id='word_1_672' title='bbox 1045 4821 1428 4881; x_wconf 85' lang='lat' dir='ltr'><strong>cognoscetur.</strong></span> <span class='ocrx_word' id='word_1_673' title='bbox 1471 4811 1705 4867; x_wconf 88' lang='lat' dir='ltr'><strong>Fructus</strong></span> <span class='ocrx_word' id='word_1_674' title='bbox 1742 4813 1887 4868; x_wconf 85' lang='lat' dir='ltr'><strong>enim</strong></span> <span class='ocrx_word' id='word_1_675' title='bbox 1919 4815 2030 4868; x_wconf 87' lang='lat' dir='ltr'><strong>vir-</strong></span> 
     </span>
    </p>
   </div>
   <div class='ocr_carea' id='block_1_95' title="bbox 447 4904 2030 4974">
    <p class='ocr_par' dir='ltr' id='par_1_95' title="bbox 447 4904 2030 4974">
     <span class='ocr_line' id='line_1_95' title="bbox 447 4904 2030 4974; baseline 0.001 -16"><span class='ocrx_word' id='word_1_676' title='bbox 447 4913 625 4959; x_wconf 87' lang='lat' dir='ltr'><strong>tutum</strong></span> <span class='ocrx_word' id='word_1_677' title='bbox 657 4905 820 4970; x_wconf 89' lang='lat' dir='ltr'><strong>ferre,</strong></span> <span class='ocrx_word' id='word_1_678' title='bbox 862 4905 1030 4959; x_wconf 81' lang='lat' dir='ltr'><strong>animi</strong></span> <span class='ocrx_word' id='word_1_679' title='bbox 1072 4905 1255 4973; x_wconf 88' lang='lat' dir='ltr'><strong>potius</strong></span> <span class='ocrx_word' id='word_1_680' title='bbox 1290 4904 1537 4958; x_wconf 90' lang='lat' dir='ltr'><strong>mundati</strong></span> <span class='ocrx_word' id='word_1_681' title='bbox 1568 4911 1672 4967; x_wconf 89' lang='lat' dir='ltr'><strong>cst,</strong></span> <span class='ocrx_word' id='word_1_682' title='bbox 1715 4919 1878 4973; x_wconf 91' lang='lat' dir='ltr'><strong>quam</strong></span> <span class='ocrx_word' id='word_1_683' title='bbox 1910 4905 2030 4974; x_wconf 83' lang='lat' dir='ltr'><strong>ejus</strong></span> 
     </span>
    </p>
   </div>
   <div class='ocr_carea' id='block_1_96' title="bbox 447 4994 2031 5067">
    <p class='ocr_par' dir='ltr' id='par_1_96' title="bbox 447 4994 2031 5067">
     <span class='ocr_line' id='line_1_96' title="bbox 447 4994 2031 5067; baseline 0.001 -19"><span class='ocrx_word' id='word_1_684' title='bbox 447 5011 609 5066; x_wconf 75' lang='lat' dir='ltr'><strong>quem</strong></span> <span class='ocrx_word' id='word_1_685' title='bbox 639 4997 823 5050; x_wconf 72' lang='lat' dir='ltr'><strong>multa:</strong></span> <span class='ocrx_word' id='word_1_686' title='bbox 861 4996 1333 5067; x_wconf 88' lang='lat' dir='ltr'><strong>perturbationum</strong></span> <span class='ocrx_word' id='word_1_687' title='bbox 1357 4995 1550 5065; x_wconf 77' lang='lat' dir='ltr'><strong>spinze,</strong></span> <span class='ocrx_word' id='word_1_688' title='bbox 1583 5004 1638 5048; x_wconf 84' lang='lat' dir='ltr'><strong>et</strong></span> <span class='ocrx_word' id='word_1_689' title='bbox 1672 4994 1854 5049; x_wconf 91' lang='lat' dir='ltr'><strong>innata</strong></span> <span class='ocrx_word' id='word_1_690' title='bbox 1885 4996 2031 5050; x_wconf 70' lang='lat' dir='ltr'><strong>ziza~</strong></span> 
     </span>
    </p>
   </div>
   <div class='ocr_carea' id='block_1_97' title="bbox 451 5087 2028 5157">
    <p class='ocr_par' dir='ltr' id='par_1_97' title="bbox 451 5087 2028 5157">
     <span class='ocr_line' id='line_1_97' title="bbox 451 5087 2028 5157; baseline 0 -19"><span class='ocrx_word' id='word_1_691' title='bbox 451 5088 539 5140; x_wconf 89' lang='lat' dir='ltr'><strong>nia</strong></span> <span class='ocrx_word' id='word_1_692' title='bbox 603 5087 968 5157; x_wconf 87' lang='lat' dir='ltr'><strong>iniquinatum</strong></span> <span class='ocrx_word' id='word_1_693' title='bbox 1027 5087 1380 5142; x_wconf 87' lang='lat' dir='ltr'><strong>reddiderunt</strong></span> <span class='ocrx_word' id='word_1_694' title='bbox 1442 5094 1606 5155; x_wconf 88' lang='lat' dir='ltr'><strong>atque</strong></span> <span class='ocrx_word' id='word_1_695' title='bbox 1672 5097 2028 5154; x_wconf 90' lang='lat' dir='ltr'><strong>corruptum;</strong></span> 
     </span>
    </p>
   </div>
   <div class='ocr_carea' id='block_1_98' title="bbox 450 5175 2032 5248">
    <p class='ocr_par' dir='ltr' id='par_1_98' title="bbox 450 5175 2032 5248">
     <span class='ocr_line' id='line_1_98' title="bbox 450 5175 2032 5248; baseline 0.001 -18"><span class='ocrx_word' id='word_1_696' title='bbox 450 5178 563 5232; x_wconf 90' lang='lat' dir='ltr'><strong>imo</strong></span> <span class='ocrx_word' id='word_1_697' title='bbox 624 5193 716 5245; x_wconf 89' lang='lat' dir='ltr'><strong>per</strong></span> <span class='ocrx_word' id='word_1_698' title='bbox 775 5180 947 5248; x_wconf 87' lang='lat' dir='ltr'><strong>ipsam</strong></span> <span class='ocrx_word' id='word_1_699' title='bbox 1004 5177 1417 5247; x_wconf 86' lang='lat' dir='ltr'><strong>productionem</strong></span> <span class='ocrx_word' id='word_1_700' title='bbox 1473 5175 1739 5233; x_wconf 88' lang='lat' dir='ltr'><strong>sanctitas</strong></span> <span class='ocrx_word' id='word_1_701' title='bbox 1796 5175 2032 5232; x_wconf 88' lang='lat' dir='ltr'><strong>fortasse</strong></span> 
     </span>
    </p>
   </div>
   <div class='ocr_carea' id='block_1_99' title="bbox 451 5265 1508 5337">
    <p class='ocr_par' dir='ltr' id='par_1_99' title="bbox 451 5265 1508 5337">
     <span class='ocr_line' id='line_1_99' title="bbox 451 5265 1508 5337; baseline 0.002 -17"><span class='ocrx_word' id='word_1_702' title='bbox 451 5265 604 5320; x_wconf 87' lang='lat' dir='ltr'><strong>brevi</strong></span> <span class='ocrx_word' id='word_1_703' title='bbox 640 5267 805 5320; x_wconf 86' lang='lat' dir='ltr'><strong>etiam</strong></span> <span class='ocrx_word' id='word_1_704' title='bbox 840 5265 1138 5337; x_wconf 79' lang='lat' dir='ltr'><strong>perfectius</strong></span> <span class='ocrx_word' id='word_1_705' title='bbox 1160 5275 1508 5337; x_wconf 80' lang='lat' dir='ltr'><strong>agnoscetur.</strong></span> 
     </span>
    </p>
   </div>
   <div class='ocr_carea' id='block_1_100' title="bbox 524 5356 2029 5427">
    <p class='ocr_par' dir='ltr' id='par_1_100' title="bbox 524 5356 2029 5427">
     <span class='ocr_line' id='line_1_100' title="bbox 524 5356 2029 5427; baseline 0 -18"><span class='ocrx_word' id='word_1_706' title='bbox 524 5356 598 5409; x_wconf 75' lang='lat' dir='ltr'><strong>At</strong></span> <span class='ocrx_word' id='word_1_707' title='bbox 625 5357 1247 5427; x_wconf 88' lang='lat' dir='ltr'><strong>euim,inquiunt,quod</strong></span> <span class='ocrx_word' id='word_1_708' title='bbox 1267 5357 1646 5412; x_wconf 87' lang='lat' dir='ltr'><strong>remissionem</strong></span> <span class='ocrx_word' id='word_1_709' title='bbox 1680 5368 2029 5426; x_wconf 80' lang='lat' dir='ltr'><strong>peccatorum</strong></span> 
     </span>
    </p>
   </div>
   <div class='ocr_carea' id='block_1_101' title="bbox 452 5449 2030 5519">
    <p class='ocr_par' dir='ltr' id='par_1_101' title="bbox 452 5449 2030 5519">
     <span class='ocr_line' id='line_1_101' title="bbox 452 5449 2030 5519; baseline 0.001 -17"><span class='ocrx_word' id='word_1_710' title='bbox 452 5463 563 5503; x_wconf 85' lang='lat' dir='ltr'><strong>non</strong></span> <span class='ocrx_word' id='word_1_711' title='bbox 588 5459 872 5518; x_wconf 61' lang='lat' dir='ltr'><strong>praestaret</strong></span> <span class='ocrx_word' id='word_1_712' title='bbox 912 5449 1276 5506; x_wconf 73' lang='lat' dir='ltr'><strong>Praecursoris</strong></span> <span class='ocrx_word' id='word_1_713' title='bbox 1304 5451 1630 5519; x_wconf 87' lang='lat' dir='ltr'><strong>baptismus,</strong></span> <span class='ocrx_word' id='word_1_714' title='bbox 1663 5449 1779 5518; x_wconf 86' lang='lat' dir='ltr'><strong>ipse</strong></span> <span class='ocrx_word' id='word_1_715' title='bbox 1810 5464 2030 5519; x_wconf 86' lang='lat' dir='ltr'><strong>quoque</strong></span> 
     </span>
    </p>
   </div>
   <div class='ocr_carea' id='block_1_102' title="bbox 455 5538 2030 5610">
    <p class='ocr_par' dir='ltr' id='par_1_102' title="bbox 455 5538 2030 5610">
     <span class='ocr_line' id='line_1_102' title="bbox 455 5538 2030 5610; baseline 0.001 -18"><span class='ocrx_word' id='word_1_716' title='bbox 455 5539 716 5593; x_wconf 86' lang='lat' dir='ltr'><strong>Servator</strong></span> <span class='ocrx_word' id='word_1_717' title='bbox 743 5556 869 5595; x_wconf 86' lang='lat' dir='ltr'><strong>cum</strong></span> <span class='ocrx_word' id='word_1_718' title='bbox 894 5539 1194 5595; x_wconf 80' lang='lat' dir='ltr'><strong>Nicodemo</strong></span> <span class='ocrx_word' id='word_1_719' title='bbox 1225 5541 1292 5594; x_wconf 91' lang='lat' dir='ltr'><strong>de</strong></span> <span class='ocrx_word' id='word_1_720' title='bbox 1317 5540 1728 5610; x_wconf 80' lang='lat' dir='ltr'><strong>regeneratione</strong></span> <span class='ocrx_word' id='word_1_721' title='bbox 1757 5541 1922 5593; x_wconf 79' lang='lat' dir='ltr'><strong>verba</strong></span> <span class='ocrx_word' id='word_1_722' title='bbox 1949 5538 2030 5593; x_wconf 86' lang='lat' dir='ltr'><strong>fa-</strong></span> 
     </span>
    </p>
   </div>
   <div class='ocr_carea' id='block_1_103' title="bbox 454 5628 2024 5700">
    <p class='ocr_par' dir='ltr' id='par_1_103' title="bbox 454 5628 2024 5700">
     <span class='ocr_line' id='line_1_103' title="bbox 454 5628 2024 5700; baseline 0 -16"><span class='ocrx_word' id='word_1_723' title='bbox 454 5628 606 5685; x_wconf 89' lang='lat' dir='ltr'><strong>ciens</strong></span> <span class='ocrx_word' id='word_1_724' title='bbox 639 5630 898 5685; x_wconf 82' lang='lat' dir='ltr'><strong>indicavit</strong></span> <span class='ocrx_word' id='word_1_725' title='bbox 928 5649 945 5688; x_wconf 85' lang='lat'><strong>:</strong></span> <span class='ocrx_word' id='word_1_726' title='bbox 982 5649 1003 5684; x_wconf 80' lang='grc' dir='ltr'>ι</span> <span class='ocrx_word' id='word_1_727' title='bbox 1032 5629 1149 5685; x_wconf 88' lang='lat' dir='ltr'><strong>Nisi</strong></span> <span class='ocrx_word' id='word_1_728' title='bbox 1179 5630 1306 5700; x_wconf 90' lang='lat' dir='ltr'><strong>quis</strong></span> <span class='ocrx_word' id='word_1_729' title='bbox 1326 5639 1551 5686; x_wconf 79' lang='lat' dir='ltr'><strong>renatus</strong></span> <span class='ocrx_word' id='word_1_730' title='bbox 1581 5629 1767 5697; x_wconf 88' lang='lat' dir='ltr'><strong>fuerit,</strong></span> <span class='ocrx_word' id='word_1_731' title='bbox 1805 5631 1915 5692; x_wconf 90' lang='lat' dir='ltr'><strong>ait,</strong></span> <span class='ocrx_word' id='word_1_732' title='bbox 1953 5645 2024 5684; x_wconf 75' lang='lat' dir='ltr'><strong>ex</strong></span> 
     </span>
    </p>
   </div>
   <div class='ocr_carea' id='block_1_104' title="bbox 457 5719 2025 5791">
    <p class='ocr_par' dir='ltr' id='par_1_104' title="bbox 457 5719 2025 5791">
     <span class='ocr_line' id='line_1_104' title="bbox 457 5719 2025 5791; baseline 0.001 -17"><span class='ocrx_word' id='word_1_733' title='bbox 457 5733 598 5790; x_wconf 83' lang='lat' dir='ltr'><strong>aqua</strong></span> <span class='ocrx_word' id='word_1_734' title='bbox 625 5727 679 5774; x_wconf 87' lang='lat' dir='ltr'><strong>et</strong></span> <span class='ocrx_word' id='word_1_735' title='bbox 702 5719 912 5786; x_wconf 89' lang='lat' dir='ltr'><strong>Spiritu</strong></span> <span class='ocrx_word' id='word_1_736' title='bbox 939 5730 1129 5776; x_wconf 88' lang='lat' dir='ltr'><strong>sancto</strong></span> <span class='ocrx_word' id='word_1_737' title='bbox 1154 5760 1168 5785; x_wconf 92' lang='lat'><strong>,</strong></span> <span class='ocrx_word' id='word_1_738' title='bbox 1199 5737 1307 5775; x_wconf 91' lang='lat' dir='ltr'><strong>non</strong></span> <span class='ocrx_word' id='word_1_739' title='bbox 1345 5731 1523 5791; x_wconf 88' lang='lat' dir='ltr'><strong>potest</strong></span> <span class='ocrx_word' id='word_1_740' title='bbox 1557 5721 1782 5776; x_wconf 85' lang='lat' dir='ltr'><strong>introire</strong></span> <span class='ocrx_word' id='word_1_741' title='bbox 1833 5722 1886 5775; x_wconf 93' lang='lat' dir='ltr'><strong>in</strong></span> <span class='ocrx_word' id='word_1_742' title='bbox 1935 5737 2025 5777; x_wconf 85' lang='lat' dir='ltr'><strong>re-</strong></span> 
     </span>
    </p>
   </div>
   <div class='ocr_carea' id='block_1_105' title="bbox 527 5828 1716 5897">
    <p class='ocr_par' dir='ltr' id='par_1_105' title="bbox 527 5828 1716 5897">
     <span class='ocr_line' id='line_1_105' title="bbox 527 5828 1716 5897; baseline 0.01 -14"><span class='ocrx_word' id='word_1_743' title='bbox 527 5832 573 5863; x_wconf 76' lang='lat'>&quot;</span> <span class='ocrx_word' id='word_1_744' title='bbox 606 5828 775 5886; x_wconf 81' lang='lat' dir='ltr'><strong>Marc.</strong></span> <span class='ocrx_word' id='word_1_745' title='bbox 815 5847 852 5893; x_wconf 84' lang='grc' dir='ltr'>ι,</span> <span class='ocrx_word' id='word_1_746' title='bbox 885 5831 936 5885; x_wconf 89' lang='grc'><strong>8.</strong></span> <span class='ocrx_word' id='word_1_747' title='bbox 1011 5833 1053 5865; x_wconf 78' lang='grc'><strong>³⁸</strong></span> <span class='ocrx_word' id='word_1_748' title='bbox 1095 5830 1225 5887; x_wconf 90' lang='lat' dir='ltr'><strong>Luc.</strong></span> <span class='ocrx_word' id='word_1_749' title='bbox 1261 5849 1341 5897; x_wconf 88' lang='lat' dir='ltr'><strong>Ill,</strong></span> <span class='ocrx_word' id='word_1_750' title='bbox 1371 5834 1425 5888; x_wconf 81' lang='lat'><strong>&#39;5.</strong></span> <span class='ocrx_word' id='word_1_751' title='bbox 1503 5834 1546 5866; x_wconf 82' lang='grc'><strong>³¹</strong></span> <span class='ocrx_word' id='word_1_752' title='bbox 1585 5833 1716 5888; x_wconf 77' lang='lat' dir='ltr'><strong>ibid-</strong></span> 
     </span>
    </p>
   </div>
   <div class='ocr_carea' id='block_1_106' title="bbox 2127 4617 3713 4689">
    <p class='ocr_par' dir='ltr' id='par_1_106' title="bbox 2127 4617 3713 4689">
     <span class='ocr_line' id='line_1_106' title="bbox 2127 4617 3713 4689; baseline -0.002 -17"><span class='ocrx_word' id='word_1_753' title='bbox 2127 4637 2238 4672; x_wconf 84' lang='grc' dir='ltr'>τειν</span> <span class='ocrx_word' id='word_1_754' title='bbox 2253 4619 2390 4689; x_wconf 81' lang='grc' dir='ltr'>δοίη,</span> <span class='ocrx_word' id='word_1_755' title='bbox 2417 4619 2536 4670; x_wconf 70' lang='grc' dir='ltr'>οὐδὲ</span> <span class='ocrx_word' id='word_1_756' title='bbox 2570 4618 2711 4670; x_wconf 77' lang='grc' dir='ltr'>τοῦτ’</span> <span class='ocrx_word' id='word_1_757' title='bbox 2741 4617 2806 4670; x_wconf 82' lang='grc' dir='ltr'>ἂν</span> <span class='ocrx_word' id='word_1_758' title='bbox 2831 4617 3152 4686; x_wconf 78' lang='grc' dir='ltr'>ἐξάνάγκης</span> <span class='ocrx_word' id='word_1_759' title='bbox 3179 4617 3366 4689; x_wconf 81' lang='grc' dir='ltr'>ὀφθείη</span> <span class='ocrx_word' id='word_1_760' title='bbox 3399 4619 3498 4688; x_wconf 76' lang='grc' dir='ltr'>τὴν</span> <span class='ocrx_word' id='word_1_761' title='bbox 3520 4622 3713 4689; x_wconf 74' lang='grc' dir='ltr'>ἄφεσιν</span> 
     </span>
    </p>
   </div>
   <div class='ocr_carea' id='block_1_107' title="bbox 2129 4707 3710 4781">
    <p class='ocr_par' dir='ltr' id='par_1_107' title="bbox 2129 4707 3710 4781">
     <span class='ocr_line' id='line_1_107' title="bbox 2129 4707 3710 4781; baseline 0.001 -19"><span class='ocrx_word' id='word_1_762' title='bbox 2129 4709 2238 4762; x_wconf 77' lang='grc' dir='ltr'><strong>τῶν</strong></span> <span class='ocrx_word' id='word_1_763' title='bbox 2272 4708 2558 4777; x_wconf 76' lang='grc' dir='ltr'>ἁμαρτιῶν</span> <span class='ocrx_word' id='word_1_764' title='bbox 2592 4708 2685 4760; x_wconf 79' lang='grc' dir='ltr'>τοῦ</span> <span class='ocrx_word' id='word_1_765' title='bbox 2734 4709 2878 4760; x_wconf 72' lang='grc' dir='ltr'>κατὰ</span> <span class='ocrx_word' id='word_1_766' title='bbox 2921 4707 3012 4760; x_wconf 77' lang='grc' dir='ltr'><strong>τὸν</strong></span> <span class='ocrx_word' id='word_1_767' title='bbox 3045 4708 3358 4778; x_wconf 83' lang='grc' dir='ltr'>Πρὸδρομον</span> <span class='ocrx_word' id='word_1_768' title='bbox 3397 4709 3710 4781; x_wconf 84' lang='grc' dir='ltr'>βαπτίσμα-</span> 
     </span>
    </p>
   </div>
   <div class='ocr_carea' id='block_1_108' title="bbox 2127 4799 3709 4872">
    <p class='ocr_par' dir='ltr' id='par_1_108' title="bbox 2127 4799 3709 4872">
     <span class='ocr_line' id='line_1_108' title="bbox 2127 4799 3709 4872; baseline 0.001 -20"><span class='ocrx_word' id='word_1_769' title='bbox 2127 4817 2218 4862; x_wconf 88' lang='grc' dir='ltr'>τος</span> <span class='ocrx_word' id='word_1_770' title='bbox 2257 4799 2678 4870; x_wconf 83' lang='grc' dir='ltr'>ἀφαιρούμενον.</span> <span class='ocrx_word' id='word_1_771' title='bbox 2716 4799 2782 4852; x_wconf 82' lang='grc' dir='ltr'><strong>Ἦ</strong></span> <span class='ocrx_word' id='word_1_772' title='bbox 2816 4801 2924 4870; x_wconf 80' lang='grc' dir='ltr'>γὰρ</span> <span class='ocrx_word' id='word_1_773' title='bbox 2968 4801 3317 4870; x_wconf 80' lang='grc' dir='ltr'>καρποφορία</span> <span class='ocrx_word' id='word_1_774' title='bbox 3357 4803 3467 4854; x_wconf 80' lang='grc' dir='ltr'>τῶν</span> <span class='ocrx_word' id='word_1_775' title='bbox 3500 4802 3709 4872; x_wconf 83' lang='grc' dir='ltr'>ἀρετῶν</span> 
     </span>
    </p>
   </div>
   <div class='ocr_carea' id='block_1_109' title="bbox 2129 4890 3705 4966">
    <p class='ocr_par' dir='ltr' id='par_1_109' title="bbox 2129 4890 3705 4966">
     <span class='ocr_line' id='line_1_109' title="bbox 2129 4890 3705 4966; baseline 0.001 -22"><span class='ocrx_word' id='word_1_776' title='bbox 2129 4892 2410 4962; x_wconf 78' lang='grc' dir='ltr'>ἐγγυτέρω</span> <span class='ocrx_word' id='word_1_777' title='bbox 2429 4891 2631 4959; x_wconf 75' lang='grc' dir='ltr'>μᾶλλον</span> <span class='ocrx_word' id='word_1_778' title='bbox 2654 4891 2773 4944; x_wconf 80' lang='grc' dir='ltr'>ἐστι</span> <span class='ocrx_word' id='word_1_779' title='bbox 2789 4890 2889 4960; x_wconf 78' lang='grc' dir='ltr'>τῆς</span> <span class='ocrx_word' id='word_1_780' title='bbox 2906 4891 3331 4963; x_wconf 82' lang='grc' dir='ltr'>κεκαθαρμένης</span> <span class='ocrx_word' id='word_1_781' title='bbox 3351 4893 3552 4963; x_wconf 68' lang='grc' dir='ltr'>ψυχῆς,</span> <span class='ocrx_word' id='word_1_782' title='bbox 3568 4897 3705 4966; x_wconf 70' lang='grc' dir='ltr'>ἢπερ</span> 
     </span>
    </p>
   </div>
   <div class='ocr_carea' id='block_1_110' title="bbox 2130 4982 3706 5056">
    <p class='ocr_par' dir='ltr' id='par_1_110' title="bbox 2130 4982 3706 5056">
     <span class='ocr_line' id='line_1_110' title="bbox 2130 4982 3706 5056; baseline 0.002 -20"><span class='ocrx_word' id='word_1_783' title='bbox 2130 4984 2198 5053; x_wconf 72' lang='grc' dir='ltr'>ἦν</span> <span class='ocrx_word' id='word_1_784' title='bbox 2243 4983 2435 5036; x_wconf 70' lang='grc' dir='ltr'>πολλαὶ</span> <span class='ocrx_word' id='word_1_785' title='bbox 2471 4982 2661 5037; x_wconf 80' lang='grc' dir='ltr'>παθῶν</span> <span class='ocrx_word' id='word_1_786' title='bbox 2727 4983 2959 5037; x_wconf 80' lang='grc' dir='ltr'>ἄκανθαι</span> <span class='ocrx_word' id='word_1_787' title='bbox 2999 4985 3093 5037; x_wconf 76' lang='grc' dir='ltr'>καὶ</span> <span class='ocrx_word' id='word_1_788' title='bbox 3142 4986 3496 5056; x_wconf 84' lang='grc' dir='ltr'>παραφυάδες</span> <span class='ocrx_word' id='word_1_789' title='bbox 3551 4988 3706 5052; x_wconf 74' lang='grc' dir='ltr'><strong>ζιζα-</strong></span> 
     </span>
    </p>
   </div>
   <div class='ocr_carea' id='block_1_111' title="bbox 2131 5074 3700 5146">
    <p class='ocr_par' dir='ltr' id='par_1_111' title="bbox 2131 5074 3700 5146">
     <span class='ocr_line' id='line_1_111' title="bbox 2131 5074 3700 5146; baseline 0.001 -18"><span class='ocrx_word' id='word_1_790' title='bbox 2131 5075 2283 5140; x_wconf 87' lang='grc' dir='ltr'>νίων,</span> <span class='ocrx_word' id='word_1_791' title='bbox 2327 5074 2745 5145; x_wconf 82' lang='grc' dir='ltr'>λελυμασμένην</span> <span class='ocrx_word' id='word_1_792' title='bbox 2781 5091 2837 5126; x_wconf 88' lang='grc' dir='ltr'><strong>τε</strong></span> <span class='ocrx_word' id='word_1_793' title='bbox 2874 5075 2968 5127; x_wconf 71' lang='grc' dir='ltr'><strong>καὶ</strong></span> <span class='ocrx_word' id='word_1_794' title='bbox 2995 5074 3252 5146; x_wconf 77' lang='grc' dir='ltr'>ρυπῶσαν</span> <span class='ocrx_word' id='word_1_795' title='bbox 3281 5077 3666 5145; x_wconf 79' lang='grc' dir='ltr'>ἐξειργάσαντο</span> <span class='ocrx_word' id='word_1_796' title='bbox 3687 5093 3700 5108; x_wconf 77' lang='grc' dir='ltr'><strong>ο</strong></span> 
     </span>
    </p>
   </div>
   <div class='ocr_carea' id='block_1_112' title="bbox 2129 5164 3704 5240">
    <p class='ocr_par' dir='ltr' id='par_1_112' title="bbox 2129 5164 3704 5240">
     <span class='ocr_line' id='line_1_112' title="bbox 2129 5164 3704 5240; baseline -0.001 -20"><span class='ocrx_word' id='word_1_797' title='bbox 2129 5165 2268 5220; x_wconf 84' lang='grc' dir='ltr'><strong>ἀλλά</strong></span> <span class='ocrx_word' id='word_1_798' title='bbox 2314 5165 2454 5234; x_wconf 77' lang='grc' dir='ltr'>αὕτη</span> <span class='ocrx_word' id='word_1_799' title='bbox 2499 5166 2596 5236; x_wconf 81' lang='grc' dir='ltr'>μὲν</span> <span class='ocrx_word' id='word_1_800' title='bbox 2635 5167 2667 5235; x_wconf 77' lang='grc' dir='ltr'>ἡ</span> <span class='ocrx_word' id='word_1_801' title='bbox 2707 5164 2904 5237; x_wconf 80' lang='grc' dir='ltr'>ἐκϐολὴ</span> <span class='ocrx_word' id='word_1_802' title='bbox 2956 5167 3049 5219; x_wconf 71' lang='grc' dir='ltr'><strong>καὶ</strong></span> <span class='ocrx_word' id='word_1_803' title='bbox 3109 5168 3227 5236; x_wconf 87' lang='grc' dir='ltr'>μετ’</span> <span class='ocrx_word' id='word_1_804' title='bbox 3251 5168 3430 5237; x_wconf 84' lang='grc' dir='ltr'>ὀλίγον</span> <span class='ocrx_word' id='word_1_805' title='bbox 3477 5171 3614 5240; x_wconf 82' lang='grc' dir='ltr'>τάχα</span> <span class='ocrx_word' id='word_1_806' title='bbox 3643 5169 3704 5222; x_wconf 72' lang='grc' dir='ltr'><strong>ἂν</strong></span> 
     </span>
    </p>
   </div>
   <div class='ocr_carea' id='block_1_113' title="bbox 2128 5257 3138 5328">
    <p class='ocr_par' dir='ltr' id='par_1_113' title="bbox 2128 5257 3138 5328">
     <span class='ocr_line' id='line_1_113' title="bbox 2128 5257 3138 5328; baseline 0.001 -18"><span class='ocrx_word' id='word_1_807' title='bbox 2128 5257 2267 5328; x_wconf 83' lang='grc' dir='ltr'>τύχῃ</span> <span class='ocrx_word' id='word_1_808' title='bbox 2297 5257 2392 5310; x_wconf 77' lang='grc' dir='ltr'><strong>καὶ</strong></span> <span class='ocrx_word' id='word_1_809' title='bbox 2417 5257 2756 5327; x_wconf 78' lang='grc' dir='ltr'>τελειοτέρας</span> <span class='ocrx_word' id='word_1_810' title='bbox 2793 5257 3138 5328; x_wconf 78' lang='grc' dir='ltr'>διακρίσεως.</span> 
     </span>
    </p>
   </div>
   <div class='ocr_carea' id='block_1_114' title="bbox 2203 5347 3703 5424">
    <p class='ocr_par' dir='ltr' id='par_1_114' title="bbox 2203 5347 3703 5424">
     <span class='ocr_line' id='line_1_114' title="bbox 2203 5347 3703 5424; baseline 0.004 -25"><span class='ocrx_word' id='word_1_811' title='bbox 2203 5347 2399 5400; x_wconf 59' lang='lat' dir='ltr'><strong>&quot;ortae</strong></span> <span class='ocrx_word' id='word_1_812' title='bbox 2425 5347 2499 5417; x_wconf 80' lang='grc' dir='ltr'><strong>μὴ</strong></span> <span class='ocrx_word' id='word_1_813' title='bbox 2520 5349 2781 5417; x_wconf 81' lang='grc' dir='ltr'>παρεῖχεν</span> <span class='ocrx_word' id='word_1_814' title='bbox 2810 5347 3004 5416; x_wconf 81' lang='grc' dir='ltr'>ἄφεσιν</span> <span class='ocrx_word' id='word_1_815' title='bbox 3031 5347 3319 5418; x_wconf 82' lang='grc' dir='ltr'>ἁμαρτιῶν</span> <span class='ocrx_word' id='word_1_816' title='bbox 3349 5349 3407 5402; x_wconf 79' lang='grc' dir='ltr'>τὸ</span> <span class='ocrx_word' id='word_1_817' title='bbox 3442 5351 3534 5404; x_wconf 73' lang='grc' dir='ltr'>τοῦ</span> <span class='ocrx_word' id='word_1_818' title='bbox 3570 5355 3703 5424; x_wconf 81' lang='grc' dir='ltr'>Προ-</span> 
     </span>
    </p>
   </div>
   <div class='ocr_carea' id='block_1_115' title="bbox 2128 5437 3694 5514">
    <p class='ocr_par' dir='ltr' id='par_1_115' title="bbox 2128 5437 3694 5514">
     <span class='ocr_line' id='line_1_115' title="bbox 2128 5437 3694 5514; baseline 0.001 -21"><span class='ocrx_word' id='word_1_819' title='bbox 2128 5439 2326 5509; x_wconf 78' lang='grc' dir='ltr'>δρὸμου</span> <span class='ocrx_word' id='word_1_820' title='bbox 2351 5438 2653 5510; x_wconf 78' lang='grc' dir='ltr'>βάπτισμα,</span> <span class='ocrx_word' id='word_1_821' title='bbox 2685 5438 2778 5490; x_wconf 76' lang='grc' dir='ltr'>καὶ</span> <span class='ocrx_word' id='word_1_822' title='bbox 2806 5439 2834 5490; x_wconf 80' lang='grc' dir='ltr'><strong>ὁ</strong></span> <span class='ocrx_word' id='word_1_823' title='bbox 2862 5437 3072 5509; x_wconf 83' lang='grc' dir='ltr'>Σωτὴρ,</span> <span class='ocrx_word' id='word_1_824' title='bbox 3115 5439 3267 5506; x_wconf 76' lang='grc' dir='ltr'>φασὶ,</span> <span class='ocrx_word' id='word_1_825' title='bbox 3303 5440 3437 5509; x_wconf 74' lang='grc' dir='ltr'>πρὸς</span> <span class='ocrx_word' id='word_1_826' title='bbox 3464 5443 3694 5514; x_wconf 77' lang='grc' dir='ltr'>Νικόδη-</span> 
     </span>
    </p>
   </div>
   <div class='ocr_carea' id='block_1_116' title="bbox 2134 5527 3699 5603">
    <p class='ocr_par' dir='ltr' id='par_1_116' title="bbox 2134 5527 3699 5603">
     <span class='ocr_line' id='line_1_116' title="bbox 2134 5527 3699 5603; baseline 0.002 -20"><span class='ocrx_word' id='word_1_827' title='bbox 2134 5549 2233 5601; x_wconf 87' lang='grc' dir='ltr'><strong>μον</strong></span> <span class='ocrx_word' id='word_1_828' title='bbox 2278 5530 2658 5598; x_wconf 83' lang='grc' dir='ltr'>διαλεγόμενος</span> <span class='ocrx_word' id='word_1_829' title='bbox 2701 5527 2832 5598; x_wconf 75' lang='grc' dir='ltr'>περὶ</span> <span class='ocrx_word' id='word_1_830' title='bbox 2877 5527 3291 5596; x_wconf 73' lang='grc' dir='ltr'>παλιγγενεσίας</span> <span class='ocrx_word' id='word_1_831' title='bbox 3337 5532 3699 5603; x_wconf 58' lang='grc' dir='ltr'>ὑπεδήλωσεν</span> 
     </span>
    </p>
   </div>
   <div class='ocr_carea' id='block_1_117' title="bbox 2140 5619 3698 5695">
    <p class='ocr_par' dir='ltr' id='par_1_117' title="bbox 2140 5619 3698 5695">
     <span class='ocr_line' id='line_1_117' title="bbox 2140 5619 3698 5695; baseline 0.002 -19"><span class='ocrx_word' id='word_1_832' title='bbox 2140 5643 2160 5675; x_wconf 73' lang='grc' dir='ltr'>ι</span> <span class='ocrx_word' id='word_1_833' title='bbox 2205 5622 2330 5676; x_wconf 80' lang='grc' dir='ltr'>Ἐάν</span> <span class='ocrx_word' id='word_1_834' title='bbox 2358 5639 2442 5684; x_wconf 83' lang='grc' dir='ltr'><strong>τις</strong></span> <span class='ocrx_word' id='word_1_835' title='bbox 2485 5621 2560 5692; x_wconf 83' lang='grc' dir='ltr'><strong>μὴ</strong></span> <span class='ocrx_word' id='word_1_836' title='bbox 2590 5619 2824 5690; x_wconf 80' lang='grc' dir='ltr'>γεννηθῇ</span> <span class='ocrx_word' id='word_1_837' title='bbox 2871 5619 2930 5684; x_wconf 81' lang='grc' dir='ltr'>ἐξ</span> <span class='ocrx_word' id='word_1_838' title='bbox 2989 5619 3177 5684; x_wconf 81' lang='grc' dir='ltr'>ὓδατος</span> <span class='ocrx_word' id='word_1_839' title='bbox 3235 5623 3324 5674; x_wconf 76' lang='grc' dir='ltr'>καὶ</span> <span class='ocrx_word' id='word_1_840' title='bbox 3370 5623 3698 5695; x_wconf 76' lang='grc' dir='ltr'>Πνεύματος,</span> 
     </span>
    </p>
   </div>
   <div class='ocr_carea' id='block_1_118' title="bbox 2133 5715 3702 5788">
    <p class='ocr_par' dir='ltr' id='par_1_118' title="bbox 2133 5715 3702 5788">
     <span class='ocr_line' id='line_1_118' title="bbox 2133 5715 3702 5788; baseline 0.001 -16"><span class='ocrx_word' id='word_1_841' title='bbox 2133 5719 2583 5788; x_wconf 62' lang='grc' dir='ltr'>ἀποφαινόμενος,</span> <span class='ocrx_word' id='word_1_842' title='bbox 2609 5717 2670 5771; x_wconf 75' lang='grc' dir='ltr'><strong>οὐ</strong></span> <span class='ocrx_word' id='word_1_843' title='bbox 2705 5716 2780 5788; x_wconf 81' lang='grc' dir='ltr'>μὴ</span> <span class='ocrx_word' id='word_1_844' title='bbox 2810 5715 3029 5786; x_wconf 73' lang='grc' dir='ltr'>εἰσέλθῃ</span> <span class='ocrx_word' id='word_1_845' title='bbox 3064 5718 3142 5780; x_wconf 87' lang='grc' dir='ltr'>εἰς</span> <span class='ocrx_word' id='word_1_846' title='bbox 3169 5716 3266 5788; x_wconf 79' lang='grc' dir='ltr'><strong>τὴν</strong></span> <span class='ocrx_word' id='word_1_847' title='bbox 3289 5716 3575 5788; x_wconf 77' lang='grc' dir='ltr'>βασιλείαν</span> <span class='ocrx_word' id='word_1_848' title='bbox 3602 5722 3702 5774; x_wconf 82' lang='grc' dir='ltr'>τῶν</span> 
     </span>
    </p>
   </div>
   <div class='ocr_carea' id='block_1_119' title="bbox 1794 5831 2426 5889">
    <p class='ocr_par' dir='ltr' id='par_1_119' title="bbox 1794 5831 2426 5889">
     <span class='ocr_line' id='line_1_119' title="bbox 1794 5831 2426 5889; baseline -0.009 1"><span class='ocrx_word' id='word_1_849' title='bbox 1794 5834 1838 5865; x_wconf 83' lang='grc'><strong>³⁸</strong></span> <span class='ocrx_word' id='word_1_850' title='bbox 1874 5833 2001 5889; x_wconf 84' lang='lat' dir='ltr'><strong>ibid.</strong></span> <span class='ocrx_word' id='word_1_851' title='bbox 2038 5834 2071 5887; x_wconf 92' lang='lat'>8</span> <span class='ocrx_word' id='word_1_852' title='bbox 2102 5849 2207 5887; x_wconf 90' lang='lat' dir='ltr'><strong>non</strong></span> <span class='ocrx_word' id='word_1_853' title='bbox 2245 5831 2426 5886; x_wconf 70' lang='lat' dir='ltr'><strong>Marci.</strong></span> 
     </span>
    </p>
   </div>
  </div>
