4084 6516
272 394 372 457 217

1226 391 1326 450 AD
1364 387 1958 451 AMPHILOCHIUM
1981 386 2326 460 QU/ESTIO
2353 387 2569 447 XXIX.

3405 380 3516 445 218

267 503 528 575 οὐρανῶν.
573 520 591 554 ι
642 503 752 557 Καὶ
802 502 908 574 μὴν
953 500 1264 571 όἸωάννης
1313 505 1370 555 ἐν
1419 505 1695 573 Πνεύματι
1747 504 1849 556 οὐκ

1970 517 2116 571 gnum
2153 501 2416 555 caelorum
2440 499 2507 552 ³⁸.
2539 519 2558 550 ι
2612 499 2674 552 Et
2699 496 2936 552 Joannes
2962 495 3180 566 quidem
3227 493 3284 549 in
3313 493 3518 565 Spiritu

267 596 581 661 ἐϐάπτιζεν,
631 595 829 648 οὐκοῦν
883 594 1003 647 οὐδὲ
1061 596 1140 657 είς
1193 595 1292 666 τὴν
1362 594 1640 664 βασιλείαν
1700 613 1846 666 παρ-

269 691 482 758 έπεμπε
531 687 640 738 τῶν
689 686 934 757 οὐρανῶν
957 703 970 716 ·
995 687 1044 739 εί
1080 685 1136 738 δέ
1187 687 1262 756 μὴ
1297 686 1687 756 παρέπεμπεν,
1723 686 1845 739 οὐδὲ

274 780 370 849 τὴν
393 779 586 846 ἄφεσιν
612 776 784 829 ἐδίδου
813 775 921 828 τῶν
950 775 1270 830 κωλυόντων
1295 776 1394 848 τὴν
1431 777 1656 829 εἴσοδον.

354 867 442 932 Ἐξ
476 865 568 918 οῦν
597 864 705 918 τῶν
735 864 1064 936 εἰρημένων,
1105 867 1200 918 κατ¹
1241 867 1310 918 δι’
1363 860 1438 918 ὧν
1500 865 1768 936 προῆλθεν
1813 865 1846 934 ὴ

276 955 789 1025 ἀμφισϐητημάτων
820 954 1152 1025 παράθεσις,
1194 955 1329 1024 πρός
1360 972 1420 1007 τε
1456 955 1555 1025 τὴν
1581 955 1792 1008 δίαιταν
1822 958 1850 1009 ὁ

275 1047 431 1114 λόγος
465 1044 794 1115 ὡρμημένος
826 1046 1054 1114 ἐφέρετο
1078 1087 1094 1111 ,
1137 1047 1360 1098 σκοπεῖν
1411 1045 1652 1116 προσῆκε
1705 1045 1849 1108 τίνος

275 1137 372 1206 μὲν
410 1136 467 1188 ἐν
500 1135 683 1206 κέρδει
716 1134 1158 1208 καταστήσομεν·
1196 1134 1298 1186 ποῦ
1326 1134 1383 1187 δὲ
1411 1134 1720 1204 στησόμεθα
1755 1133 1849 1186 τοῦ

270 1227 606 1295 ζητήματος,
649 1227 745 1279 καὶ
801 1226 933 1294 πρὸς
979 1225 1042 1277 τὸ
1081 1225 1380 1279 ἀσάλευτον
1409 1228 1442 1295 ἡ
1470 1226 1679 1279 διάνοια
1721 1243 1852 1296 στη-

269 1317 634 1388 ριχθήσεταις,
691 1318 853 1370 Ἀλλὰ
905 1317 1014 1388 γὰρ
1043 1317 1149 1388 πρό
1190 1334 1253 1384 γε
1295 1317 1389 1370 τοῦ
1433 1318 1618 1381 τέλους
1647 1318 1853 1388 βραχύς

265 1427 352 1472 τις
377 1409 728 1481 προηγείσθω
755 1411 853 1478 τῆς
881 1410 1093 1480 διαίτης
1122 1409 1280 1478 λόγος
1313 1411 1473 1481 μέχρι
1506 1409 1601 1464 νῦν
1635 1411 1853 1463 ὑπολει⁶

265 1503 528 1571 πόμενος.
575 1501 648 1553 Τό
688 1519 746 1555 τε
792 1502 900 1571 γάρ
941 1500 1036 1553 τοῦ
1073 1501 1362 1554 θεσπεσίου
1403 1501 1630 1572 Μάρκου
1675 1501 1854 1568 λόγιον

265 1593 431 1664 διπλῇ
481 1591 876 1657 άναϐαπτίζειν
934 1593 1316 1662 βαπτίσματος
1361 1593 1549 1664 χρείαν
1606 1591 1855 1656 ἐκϐιάζε-

271 1682 397 1734 σθαι
435 1681 550 1753 (57)
591 1683 672 1752 (τὸ
702 1682 812 1752 γάρ
844 1682 956 1752 (58)
988 1682 1082 1736 τοῦ
1123 1684 1373 1737 Ἰωάννου
1414 1683 1572 1751 μόνον
1609 1683 1854 1752 άϐιάστῳ

273 1773 477 1843 κρίσει,
540 1775 635 1827 καὶ
673 1774 1005 1844 ἀποστολικῇ
1069 1776 1304 1846 φράσει,
1369 1775 1850 1846 ἐπισημαίνεται)-

276 1865 371 1915 καὶ
399 1864 462 1934 δὴ
497 1864 589 1916 καὶ
615 1862 675 1915 τὺ
708 1845 1183 1934 ἁμφιϐαλλόμενον
1207 1867 1287 1928 εἰς
1309 1845 1654 1935 κατασκευὴν
1687 1881 1852 1934 μετα·
1885 1845 1926 1899 Β

275 1956 569 2025 λαμϐάνειν
596 1956 833 2019 διανοίας
861 1957 996 2025 πρὸς
1018 1957 1274 2027 διάφορον
1299 1958 1588 2027 ὁμολογίαν
1617 1960 1854 2029 ἐναρμο-

280 2047 535 2118 ζομένης,
565 2047 928 2101 ἀνακόλουθον
949 2064 961 2078 ·
989 2049 1298 2103 τούναντίον
1318 2049 1430 2120 γάρ
1453 2049 1598 2104 sum
1619 2050 1680 2104 τὸ
1705 2054 1858 2120 μονό-

278 2156 478 2209 τροπον
508 2138 616 2191 τῶν
671 2138 829 2210 ίερῶν
886 2139 1148 2209 ῥημάτων
1197 2139 1292 2193 τοῦ
1324 2142 1531 2205 Δουκᾶ,
1584 2142 1654 2195 δι’
1697 2137 1772 2194 ὧν
1800 2142 1857 2195 ἓν

279 2231 569 2302 βάπτισμα
596 2231 657 2283 τὸ
688 2229 782 2284 τοῦ
825 2232 1071 2285 Ἰωάννου
1096 2235 1258 2301 μόνον
1273 2232 1486 2303 τρανῶς
1515 2234 1857 2302 ἀπαγγέλλε-

279 2341 394 2388 ται,
431 2327 522 2375 καὶ
562 2323 673 2376 τῶν
707 2325 1122 2395 ἁμαρτημάτων
1155 2325 1188 2396 ἡ
1232 2326 1427 2394 ἄφεσις
1478 2326 1857 2396 παραδίδοται.

281 2414 456 2468 Τοῦτο
495 2415 699 2484 μᾶλλον
732 2413 890 2482 εἴπερ
921 2416 1044 2467 τινὰ
1087 2417 1182 2468 καὶ
1221 2415 1552 2486 ἀμφιϐολίαν
1590 2417 1858 2488 μερισμοῦ

277 2511 543 2578 παρεῖχεν
580 2507 648 2559 τά
676 2507 776 2559 τοῦ
803 2509 1076 2577 μακαρίου
1111 2509 1341 2578 Μάρκου
1369 2509 1615 2579 ῥήματα,
1657 2510 1737 2571 είς
1764 2507 1862 2580 τὴν

271 2597 375 2650 τοῦ
407 2599 526 2661 ἐνὸς
556 2598 620 2651 ἂν
643 2598 850 2652 ίθύνετό
871 2615 928 2650 τε
968 2599 1065 2650 καὶ
1087 2599 1520 2668 συναπηρτίζετο
1551 2600 1864 2671 βαπτίσμα-

271 2705 371 2749 τος
402 2687 654 2758 δήλωσιν.
680 2687 842 2741 Ἀλλὰ
867 2687 974 2759 γάρ
995 2689 1090 2741 καὶ
1119 2690 1180 2741 τὺ
1214 2689 1271 2741 ἐν
1294 2689 1449 2743 ὕδατι
1470 2690 1748 2759 βαπτίζειν
1773 2691 1865 2745 τὸν

287 2781 575 2850 Ἰωάννην,
600 2783 657 2832 ἐν
681 2781 962 2850 Πνεύματι
1002 2781 1058 2834 δέ
1104 2783 1194 2835 τὸν
1258 2783 1485 2853 Ἰησοῦν,
1542 2783 1604 2835 τὸ
1639 2783 1868 2853 μέγεθος

273 2873 448 2942 ἴσμεν
469 2873 567 2943 τῆς
597 2874 887 2942 διαφορᾶς,
923 2874 1018 2926 καὶ
1045 2874 1104 2927 τὸ
1131 2874 1274 2928 κατὰ
1323 2876 1647 2947 παραϐολὴν
1694 2877 1868 2944 ἀσύγο

273 2983 475 3036 κριτον
490 2960 922 3032 ἀπαγγέλλει,ο’ὗ
948 2965 1044 3035 τὴν
1070 2965 1264 3033 ἄφεσιν
1281 2967 1390 3018 τῶν
1405 2968 1687 3036 ἁμαρτιῶν
1703 2970 1870 3036 ἀφαι-

279 3059 465 3126 ρεῖται
487 3059 583 3126 τῆς
615 3057 928 3126 ἱερουργίας
968 3056 1243 3111 Ἰωάννου.
1279 3059 1389 3110 Ναὶ
1423 3059 1480 3110 δὲ
1517 3059 1611 3110 καὶ
1634 3058 1694 3110 τὸ
1731 3059 1871 3127 μετὰ

1950 610 2060 650 ιιοιι
2094 595 2439 663 baptizabat,
2494 593 2638 648 unde
2674 606 2774 645 nec
2812 590 3142 645 immittebat
3191 589 3244 644 in
3293 605 3517 659 regnum

1951 687 2214 740 eoelornm
2250 703 2262 738 :
2291 687 2433 755 quod
2474 685 2521 739 si
2556 699 2663 737 non
2697 683 3040 746 inminebat,
3061 691 3207 736 certe
3232 697 3408 752 neque
3431 683 3520 737 illa

1950 777 2278 843 dimittebat,
2314 793 2341 830 a
2377 777 2576 846 quibus
2599 777 2879 846 ingressus
2905 775 3355 844 praecludebatur.

2023 870 2099 924 Ex
2131 871 2214 924 bis
2247 871 2428 939 igitur,
2452 885 2572 939 qua:
2593 869 2740 923 dicta
2767 876 2915 931 sunt,
2946 878 3000 922 et
3026 884 3120 938 per
3144 883 3264 936 qua:
3307 868 3522 923 luctan-

1954 960 2087 1015 tium
2122 970 2570 1032 argumentorum
2612 959 2784 1014 erevit
2811 960 3088 1029 congeries
3109 999 3124 1023 ,
3158 969 3212 1014 et
3241 976 3422 1016 sermo
3454 961 3523 1014 ad

1954 1068 2054 1107 nos
2077 1053 2265 1106 tandiu
2293 1051 2634 1107 distinendos
2663 1054 2964 1120 processit,
3005 1068 3142 1122 opus
3175 1062 3319 1108 esset
3348 1054 3521 1121 inspi-

1953 1159 2078 1201 cere
2106 1145 2294 1213 quanti
2325 1160 2424 1214 pro
2467 1159 2567 1198 sua
2617 1145 2846 1198 utilitate
2885 1143 3018 1197 illud
3070 1145 3336 1212 baptisma
3380 1146 3527 1200 aesti-

1953 1239 2212 1294 ntandnm
2243 1239 2334 1293 sit.
2366 1237 2596 1304 Quando
2626 1252 2756 1292 vero
2797 1251 2827 1290 a
2879 1238 3245 1308 disputatione
3287 1237 3524 1292 desiste-

1953 1347 2098 1395 nius,
2124 1340 2176 1383 et
2204 1346 2358 1384 mens
2385 1331 2438 1383 in
2462 1331 2695 1399 quadam
2723 1330 3046 1383 certitudine
3072 1330 3528 1384 confirmabitur?

1953 1419 2022 1472 At
2049 1420 2194 1473 enim
2231 1420 2344 1472 haec
2366 1427 2482 1471 esto
2529 1418 2674 1472 velut
2705 1418 2884 1472 brevis
2918 1418 3164 1486 quaedam
3217 1426 3342 1471 ante
3382 1418 3529 1472 solu-

1956 1508 2159 1561 tionem
2190 1507 2469 1576 praunissa
2499 1508 2754 1570 diatriba,
2786 1522 2907 1576 quae
2933 1508 3038 1561 huc
3065 1523 3238 1576 usque
3264 1509 3528 1578 producta

1955 1610 2056 1654 est.
2104 1599 2356 1654 Profecto
2391 1615 2490 1655 nec
2524 1602 2591 1656 ad
2641 1602 2984 1670 baptismatis
3016 1602 3302 1653 utilitatem
3343 1601 3530 1655 exclu-

1955 1691 2184 1745 dendam
2223 1692 2364 1745 valet
2421 1692 2550 1745 illud
2595 1692 2705 1746 divi
2756 1693 2942 1746 Marci
2971 1691 3368 1755 testimonium,
3418 1707 3530 1760 quo

1956 1783 2134 1836 denuo
2165 1783 2423 1852 baptizari
2443 1785 2814 1854 praescribitur
2840 1785 2996 1854 (nam
3035 1785 3086 1836 id
3111 1785 3288 1838 solum
3310 1798 3340 1837 a
3365 1781 3532 1836 Joano

1957 1891 2024 1930 ne
2074 1875 2316 1945 Baptista
2347 1876 2708 1945 irrcfragabili
2768 1876 2862 1929 illo
2909 1876 3171 1938 oraculo,
3217 1883 3272 1928 et
3306 1884 3531 1943 aposto-

1957 1969 2059 2024 lica
2087 1969 2352 2023 sententia
2368 1971 2703 2039 signiﬁcatur
2723 1971 2737 2035 )
2761 1987 2774 2022 :
2795 1984 2892 2022 nec
2914 1967 3179 2037 quidquid
3209 1977 3530 2037 congestum

1956 2067 2073 2123 est,
2127 2068 2184 2113 ut
2222 2059 2391 2113 animi
2423 2057 2667 2128 opinioni
2706 2057 2839 2112 mihi
2871 2055 3158 2111 contraria:
3200 2055 3532 2109 adiumentis

1958 2159 2347 2205 astruerentur
2385 2158 2729 2220 argumenta,
2761 2157 2843 2203 est
2873 2157 3296 2202 consentaneum
3321 2164 3334 2200 :
3363 2145 3534 2214 siqui-

1958 2242 2081 2296 dem
2120 2251 2312 2295 contra
2365 2250 2448 2295 est
2496 2249 2640 2294 totus
2696 2253 2980 2294 sacrorum
3021 2237 3183 2291 Lucae
3236 2237 3532 2290 verborum

1961 2333 2252 2386 uniformis
2286 2340 2596 2392 contextus,
2631 2331 2683 2383 in
2709 2329 2909 2398 quibus
2931 2329 2996 2384 de
3026 2343 3135 2380 uno
3152 2334 3357 2380 tantum
3376 2324 3537 2378 Joan-

1962 2424 2050 2479 nis
2076 2423 2350 2492 baptismo
2377 2421 2581 2476 diserte
2607 2423 2666 2474 lit
2694 2435 2897 2482 sermo,
2943 2428 2996 2472 et
3021 2418 3306 2486 culparum
3341 2415 3537 2469 remis-

1963 2517 2048 2572 sio
2076 2516 2331 2570 traditur.
2359 2514 2526 2584 ldque
2568 2528 2633 2568 eo
2662 2513 2856 2581 magis,
2903 2511 3053 2580 quia,
3098 2511 3141 2564 si
3187 2510 3327 2562 beati
3371 2507 3536 2560 Marci

1963 2607 2129 2663 verba
2164 2606 2458 2675 quamdam
2489 2603 2861 2658 distinctionis
2886 2601 3300 2671 ambiguitatem
3345 2598 3539 2652 afferre

1969 2698 2314 2760 videbantur,
2338 2714 2398 2750 ea
2442 2697 2507 2750 ad
2539 2711 2704 2749 unum
2728 2695 2957 2749 Joannis
2996 2693 3263 2762 baptisma
3295 2692 3542 2744 indican-

1968 2789 2096 2844 dum
2129 2788 2314 2842 referri
2358 2799 2521 2856 atque
2545 2785 2948 2841 accommodari
2990 2782 3280 2836 debebant.
3319 2781 3389 2833 At
3412 2792 3543 2833 vero

1969 2881 2116 2949 quod
2143 2888 2197 2935 et
2228 2880 2280 2933 in
2313 2894 2452 2948 aqua
2489 2878 2792 2946 baptizaret
2817 2873 3094 2938 Joannes,
3141 2880 3195 2925 et
3230 2871 3284 2923 in
3331 2869 3543 2937 Spiritu

1970 2969 2150 3032 Jesus,
2185 2970 2289 3023 hoc
2339 2984 2608 3023 summam
2649 2983 2772 3022 esse
2801 2964 3139 3020 diversitatis
3173 2962 3542 3032 agnoscimus,

1974 3073 2027 3116 et
2083 3062 2225 3130 quod
2285 3060 2338 3112 in
2385 3059 2794 3129 comparatione
2846 3057 3209 3126 imparilatent
3261 3053 3456 3123 prodit,
3493 3059 3548 3104 at

279 3150 345 3201 τδ
389 3148 671 3219 βάπτισμα
704 3152 950 3221 καρποὺς
973 3151 1154 3216 ἀξίους
1178 3153 1277 3219 τῆς
1297 3149 1678 3221 προλαϐούσης
1709 3168 1869 3220 μετα-

1978 3150 2354 3209 remissionem
2388 3162 2735 3222 peccatorum
2789 3165 2946 3204 sacro
2993 3146 3222 3201 Joannis
3269 3144 3394 3198 ritni
3437 3156 3548 3196 non

283 3242 440 3304 νοίας
473 3242 751 3311 ἐπιζητεῖν
775 3259 834 3294 τε
867 3243 1015 3311 παρὰ
1045 3243 1152 3296 τῶν
1172 3243 1619 3313 βαπτισαμένων,
1648 3243 1744 3295 καὶ
1768 3259 1874 3295 πα-

290 3335 500 3404 ραινεῖν
523 3332 949 3399 ἐπιδείκνυσθαι,
979 3333 1113 3386 ἀλλὰ
1140 3334 1213 3405 μὴ
1245 3333 1630 3403 καταισχύνειν
1651 3333 1740 3386 διά
1766 3332 1874 3386 τῶν

287 3429 541 3497 ὑστέρων
568 3427 636 3480 τὰ
669 3427 952 3496 φθάσαντα
977 3443 990 3457 ’
1042 3427 1397 3496 βεϐαιωτικὸν
1451 3427 1648 3497 μᾶλλον
1681 3428 1747 3480 ἂν
1789 3427 1874 3496 εἴη

284 3521 390 3571 καὶ
422 3519 829 3590 παραστατικὸν
877 3521 942 3571 ἐκ
990 3519 1099 3586 (59)
1134 3518 1226 3571 τοῦ
1272 3518 1612 3588 κεκαθάρθαι
1643 3519 1732 3572 διὰ
1775 3519 1876 3588 τῆς

280 3610 611 3680 ἱερουργίας
661 3610 906 3662 Ἰωάννου
935 3614 1047 3673 τοῖς
1087 3611 1349 3681 Ἰορδάνου
1379 3611 1584 3680 νάμασι
1617 3609 1746 3672 τοὺς
1783 3610 1874 3662 λε-

279 3702 596 3772 λουμένους
626 3719 641 3733 ο
680 3702 817 3754 ἀλλὰ
868 3702 968 3754 οὐκ
1025 3702 1301 3774 ἀναίρεσις
1345 3703 1407 3757 οὐ
1471 3703 1570 3773 μὲν
1619 3699 1713 3756 οὖν
1763 3704 1876 3765 τοῖς

284 3793 461 3846 λελου
470 3794 650 3863 μένοις
681 3793 822 3846 καθά
830 3810 1023 3864 ρσεως.

359 3983 590 4037 Τούτων
616 3983 756 4036 οὕτω
777 3982 1245 4047 διατυπωθέντων,
1268 3982 1362 4034 καὶ
1394 3982 1502 4035 τῶν
1537 3981 1878 4034 ἀντιπίπτειν

271 4083 602 4136 δοκούντων
633 4081 740 4131 τῶν
779 4079 878 4148 μὲν
899 4078 1369 4148 ἐκκαθαρθέντων,
1400 4077 1507 4129 τῶν
1541 4077 1596 4129 δὲ
1622 4077 1720 4148 τὴν
1746 4095 1881 4146 συμ-

275 4173 509 4242 φωνίαν
545 4171 938 4238 ἁνθελομένων,
993 4172 1131 4239 μετὰ
1188 4169 1500 4240 παρρησίας
1529 4168 1879 4239 φιλαλήθους,

273 4264 390 4318 καὶ
460 4260 739 4329 θεοφιλοῦς
790 4261 964 4326 ἔξεστι
997 4260 1092 4314 καὶ
1139 4263 1375 4331 φρονεῖν,
1427 4260 1524 4313 καὶ
1572 4259 1771 4328 λέγειν,
1806 4257 1882 4321 ὼς

277 4354 537 4423 παρεῖχε
607 4353 704 4421 μέν
754 4350 1039 4420 ἁμαρτιῶν
1088 4351 1280 4419 ἄφεσιν
1326 4351 1386 4403 τὸ
1423 4351 1514 4403 τοῦ
1564 4351 1882 4421 Προδρόμου

279 4448 614 4517 βάπτισμα,
650 4447 713 4499 οὑ.
742 4447 959 4498 πάντων
988 4445 1064 4509 δὲ,
1096 4442 1281 4512 ὥσπερ
1310 4445 1430 4496 οὐδὲ
1455 4445 1508 4496 αἱ
1544 4447 1763 4514 νομικαὶ
1793 4462 1884 4497 τε-

1975 3247 2191 3301 adimit.
2228 3246 2495 3299 Praeterea
2537 3245 2582 3299 si
2615 3259 2644 3298 a
2679 3242 2970 3311 baptizatis
3005 3238 3215 3293 fructus
3249 3236 3399 3304 digiti
3427 3250 3550 3289 sus-

1975 3349 2146 3408 ceptze
2185 3338 2520 3408 poenitentiae
2574 3335 3016 3404 requirebantur,
3064 3344 3363 3398 eorumque
3408 3342 3551 3397 pra:-

1977 3431 2324 3484 scribebatur
2341 3427 2763 3488 demonstratio,
2793 3441 2861 3478 ne
2891 3439 2986 3493 per
3021 3429 3335 3491 sequentem
3368 3419 3552 3488 pravi-

1979 3530 2142 3575 talem
2167 3521 2349 3589 priora
2373 3523 2510 3572 bona
2547 3518 2916 3580 fin-darentur;
2949 3515 3049 3568 hoc
3080 3515 3215 3566 adi-0
3249 3511 3555 3580 baptizatos

1978 3631 2076 3669 sua
2101 3613 2458 3666 mundatione
2486 3626 2593 3663 non
2623 3607 2888 3667 destituit,
2911 3617 2968 3660 ut
2997 3605 3324 3660 confirmare
3352 3603 3552 3672 potius,

1977 3717 2032 3761 et
2087 3715 2335 3759 astruere
2379 3703 2664 3764 videatur,
2707 3701 2854 3769 quod
2910 3715 3006 3767 per
3067 3712 3275 3751 sacram
3328 3693 3556 3747 Joannis

1979 3799 2359 3854 caeremoniam
2398 3795 2680 3849 hominum
2715 3796 2853 3847 inter
2878 3791 3075 3845 fluenta
3108 3787 3365 3842 Jordanis
3395 3787 3555 3840 ablu-

1981 3901 2161 3946 torum
2202 3889 2371 3943 corda
2401 3895 2833 3956 extergerentnr.

2051 3982 2144 4036 llis
2173 3990 2352 4034 autem
2415 3981 2485 4032 ita
2538 3978 2856 4038 enucleatis,
2889 3986 2941 4029 et
2993 3973 3315 4044 quibusdam
3342 3987 3556 4036 eorum,

1980 4089 2102 4142 qua}
2163 4072 2392 4125 invicem
2453 4067 2729 4121 adversari
2778 4065 3124 4125 videbantur,
3173 4062 3409 4129 rejectis,
3436 4060 3558 4114 aliis

1982 4174 2161 4218 autem
2211 4163 2276 4215 ad
2331 4159 2679 4215 concordiam
2739 4156 2996 4218 redactis,
3029 4161 3262 4222 oportet,
3296 4153 3469 4220 utqui
3505 4159 3560 4203 et

1984 4256 2264 4310 veritatem
2311 4262 2365 4306 et
2404 4251 2573 4304 Deum
2612 4250 2841 4314 diligunt
2872 4257 2989 4301 tuto
3022 4247 3124 4301 sibi
3173 4246 3558 4315 persuadeant.

1985 4361 2144 4417 atque
2197 4346 2469 4399 fateantur
2524 4342 2898 4396 remissionem
2948 4349 3290 4407 peccatorum
3333 4335 3559 4389 Joannis

1985 4440 2251 4509 baptisma
2287 4446 2598 4507 praestasse,
2632 4450 2735 4487 non
2773 4433 3017 4486 omnium
3062 4440 3264 4493 tamen,
3298 4428 3564 4498 quemad-

277 4503 462 4593 λεταὶ
506 4503 613 4591 καί
633 4538 836 4591 θυσίαι.
894 4503 1168 4607 Οὑδέγὰρ
1196 4503 1317 4588 οῦδέ
1366 4537 1472 4589 τὼν
1516 4538 1580 4589 ἐκ
1609 4503 1869 4607 ’προνοίας

1989 4532 2209 4586 modum
2249 4545 2314 4582 ne
2339 4531 2466 4597 ipsa:
2491 4528 2705 4596 qtiidem
2754 4525 2954 4594 legales
3005 4521 3343 4576 caeremoniae
3372 4530 3426 4573 et
3478 4534 3565 4571 sa-

280 4630 508 4700 φόνων,
542 4627 603 4679 οὐ
636 4627 741 4697 μὴν
768 4625 874 4678 οὐδ’
905 4624 957 4676 εἴ
985 4641 1066 4686 τις
1089 4622 1400 4692 ἀλλοτρίους
1451 4622 1661 4692 γάμους
1685 4621 1884 4690 διώρυ-

282 4723 417 4789 ξεν,
457 4719 691 4771 οὐδ’ὃσα
739 4717 801 4770 τὸ
855 4715 1080 4787 φρικτὸν
1133 4716 1310 4767 ἐκεῖνο
1352 4715 1447 4767 καὶ
1495 4714 1742 4784 οὐράνιον
1771 4710 1884 4784 πῦρ

281 4816 417 4875 τοῖς
463 4810 668 4880 ἐνόχοις
705 4808 906 4879 ζημίαν
967 4805 1292 4858 ἐπέϐαλλονο
1327 4804 1420 4858 οὐδ
1461 4805 1638 4857 ἄλλων
1670 4804 1883 4858 πολλῶν

283 4900 614 4968 ἐξαγίστων
669 4899 763 4950 καὶ
821 4895 1216 4966 παραπλησίων
1269 4892 1446 4962 ἔργων
1489 4892 1588 4960 τὴν
1623 4891 1888 4962 κάθαρσιν

282 4994 433 5048 οὔτε
451 4992 483 5043 ὁ
512 4991 693 5058 νόμος,
713 4988 836 5042 οὔτε
861 4988 922 5041 τὸ
937 4987 1186 5041 Ἰωάννου
1209 4983 1561 5053 διεπράττετο
1585 4983 1886 5053 βάπτισμα.

302 5089 371 5138 Ἀ
383 5083 492 5135 λλὰ
521 5081 725 5133 τούτων
757 5080 1008 5133 ἁπάντων
1034 5077 1064 5128 ὁ
1101 5077 1201 5146 μὲν
1245 5076 1430 5144 νόμος,
1461 5075 1559 5126 ὅσα
1586 5074 1660 5145 μὴ
1688 5076 1892 5145 προλα-

290 5175 426 5228 ϐὼν
447 5176 476 5228 ὁ
513 5171 727 5244 πρῶτος
771 5171 1067 5240 νομοθέτης
1101 5167 1511 5237 εἰσεπράττετο,
1542 5165 1802 5236 δικαστὴν
1830 5166 1893 5220 τὸ

296 5266 473 5335 ξίφος
511 5261 732 5328 ἐκάθιζε
752 5277 766 5292 ·
802 5262 864 5315 τὸ
897 5261 953 5315 δὲ
1000 5261 1245 5315 Ἰωάννου
1271 5257 1555 5329 βάπτισμα
1583 5259 1661 5321 είς
1687 5260 1750 5310 τὸ
1776 5275 1891 5310 κοι-

381 5382 435 5410 ³⁵
466 5379 626 5434 Joan.
662 5394 743 5444 ιιι,
779 5377 833 5433 5.

1989 4623 2213 4678 criﬁcia.
2248 4620 2496 4675 Profecto
2524 4635 2624 4673 nec
2650 4617 2945 4670 homicidia
2973 4615 3152 4668 dedita
3185 4628 3346 4681 opera
3381 4619 3565 4678 patra-

1992 4725 2065 4776 ta,
2122 4729 2223 4767 nec
2278 4712 2440 4766 alieni
2503 4709 2739 4779 conjugii
2782 4708 3122 4768 Violationes,
3183 4718 3283 4757 nec
3334 4714 3566 4767 ea.qu:c

1992 4803 2328 4858 horrendum
2373 4802 2544 4859 illum.
2602 4811 2656 4856 et
2683 4799 2960 4854 ccelestem
3010 4798 3187 4866 ignem
3230 4795 3282 4847 in
3320 4807 3441 4845 reos
3471 4806 3569 4859 pro

1990 4911 2151 4966 pinna
2206 4895 2578 4957 demittebant,
2621 4908 2720 4947 nec
2769 4889 3165 4958 denique-alia
3215 4885 3381 4938 multa
3413 4897 3570 4936 exse-

1994 4987 2214 5051 cranda,
2249 4994 2302 5038 et
2332 4985 2526 5038 similia
2570 4998 2733 5052 opera
2787 4981 3165 5035 remissionem
3219 4976 3299 5030 vel
3327 4989 3394 5028 ex
3434 4973 3569 5042 lege.

1994 5080 2079 5134 vel
2107 5095 2172 5134 ex
2210 5077 2438 5132 Joannis
2465 5078 2785 5144 baptismate
2818 5071 3307 5141 consequebantur.
3342 5065 3446 5120 Sed
3473 5078 3566 5132 pro

1996 5170 2250 5225 omnibus
2286 5170 2370 5224 his
2421 5169 2595 5240 culpis
2633 5168 2716 5221 lex
2745 5166 2988 5236 quidem,
3031 5162 3120 5215 ubi
3159 5159 3320 5231 primi
3359 5155 3576 5240 legisla-

2000 5263 2133 5316 toris
2165 5239 2766 5331 providentiarmultam
2803 5273 2911 5312 non
2946 5257 3286 5315 decreverat,
3335 5239 3574 5320 gladium

1840 5507 2073 5568 NOTAE.

390 5658 513 5728 (57)
542 5657 619 5711 Ita
649 5655 831 5728 scribo
860 5669 960 5728 pro
995 5651 1349 5728 ἐκϐεϐιᾲσθη.

397 5721 512 5795 (οδ)
553 5727 752 5796 Supple
783 5721 913 5794 ἁπδ,
948 5739 1017 5780 ne
1049 5733 1160 5780 tota
1187 5723 1285 5780 ista
1310 5721 1566 5793 periodus
1597 5728 1648 5777 tc
1682 5733 1900 5792 quoque

299 5807 605 5868 torqueat.

2072 5652 2186 5722 (59)
2222 5651 2484 5724 Expunge
2518 5649 2581 5705 τὸ
2609 5651 2695 5717 ἐκ,
2723 5655 2779 5706 et
2819 5661 3043 5704 sensum
3107 5641 3335 5700 habebis
3361 5641 3596 5713 'ptanio-

2009 5741 2144 5782 rem.
