4084 6444
584 345 692 409 219

1737 332 2003 395 PHOTII
2034 331 2172 393 PAT

2274 326 2545 389 ARCHE
2582 326 2693 387 (ΣΡ.
3732 315 3822 377 220

584 471 687 526 pro
711 452 921 507 vindice
953 449 1222 505 statuebat
1256 466 1272 505 :
1314 447 1543 505 Joannis
1571 458 1752 505 autem
1799 450 2068 521 baptisma
2110 446 2172 502 ad

2279 446 2371 499 νὺν
2411 445 2507 497 καὶ
2532 442 2807 511 Σωτήρων
2831 479 2847 503 ,
2897 435 2971 499 ὡς
3022 432 3202 505 πολλῷ
3244 433 3430 505 μεῖζον
3474 430 3710 502 ὑπάρχον
3741 431 3823 500 τῆς

585 541 912 603 universale,
977 550 1033 595 et
1088 540 1451 606 Dominicum,
1505 540 1652 609 quod
1704 555 1862 594 suam
1912 540 2170 593 virtutem

585 636 757 688 multo
791 631 1093 694 excederet,
1122 631 1469 685 amandabat.

654 724 837 790 Quare
881 731 935 777 et
993 722 1108 792 ipse
1138 722 1468 792 Redemptor
1511 731 1718 788 noster,
1758 738 1881 778 cum
1912 721 2171 775 duritiem

583 814 764 869 cordis
794 822 848 867 et
878 812 1313 866 incredulitatem
1362 811 1759 865 Pharisaeorum
1790 813 2169 880 exprobraret,

583 906 919 973 diceretque,
964 904 1108 971 quod
1150 902 1395 957 animum
1439 906 1614 973 magis
1659 919 1823 973 quam
1863 904 2169 967 fornicarii,

585 1006 640 1050 et
686 996 963 1067 publicani
1040 995 1371 1058 improbum,
1422 1004 1477 1049 et
1524 996 1975 1050 inemendabilem
2018 1010 2172 1064 gere-

583 1097 742 1153 rent;
792 1088 1062 1155 simulque
1106 1102 1344 1150 doceret,
1406 1088 1630 1156 quinam
1678 1099 1863 1142 essent
1902 1087 1996 1156 qui
2039 1102 2173 1141 con-

584 1188 930 1233 verterentur
990 1194 1019 1231 a
1072 1189 1315 1247 peccato,
1353 1190 1408 1232 et
1455 1179 1785 1248 quibusnam
1846 1180 2169 1233 criminibus

585 1271 1001 1324 absolverentur
1033 1287 1045 1323 :
1079 1290 1097 1321 ι
1140 1268 1298 1323 Venit
1328 1271 1393 1323 ad
1426 1286 1544 1334 vos,
1582 1273 1676 1336 ait,
1720 1271 1960 1326 Joannes
2001 1273 2054 1325 in
2086 1272 2171 1326 via

582 1361 824 1431 iustitiae,
881 1370 933 1414 et
967 1376 1075 1414 non
1108 1362 1415 1415 credidistis
1465 1363 1611 1429 ei";
1659 1380 1677 1413 ι
1741 1363 1815 1416 ita
1848 1371 1904 1416 ut
1933 1362 2171 1417 Joannes

584 1460 750 1514 esset,
811 1451 904 1519 qui
969 1466 1063 1518 per
1134 1452 1468 1519 baptismum
1538 1452 1757 1520 injustaa
1823 1453 2167 1521 vectigalium

584 1542 914 1605 exactionis,
947 1540 1358 1606 fornicationis,
1397 1553 1451 1597 et
1483 1544 1864 1612 hujuscemodi
1901 1546 2168 1599 scelerum

586 1631 898 1686 hominibus
953 1633 1169 1687 sincere
1216 1635 1611 1702 pcenitentibus
1636 1636 1847 1688 veniam
1879 1635 2164 1703 pra:beret.

583 1724 653 1777 At
685 1740 857 1793 neque
909 1725 1170 1785 latrones,
1214 1741 1389 1793 neque
1432 1737 1774 1779 mortuorum
1824 1728 2167 1795 spoliatores,

584 1828 762 1884 neque
814 1816 1042 1870 aliorum
1100 1816 1461 1870 nefandorum
1517 1819 1813 1871 criminum
1862 1828 2168 1887 patratores

583 1905 933 1971 absolvebat;
961 1907 1219 1975 quoniam
1264 1908 1314 1960 hi
1350 1924 1418 1962 ne
1446 1910 1719 1962 audebant
1750 1910 1975 1978 quidem
2008 1925 2168 1965 acce-

584 1996 733 2060 dere,
776 2007 830 2050 et
870 1996 1081 2051 facinus
1141 2013 1299 2052 suum
1357 1999 1626 2061 conliteri,
1685 2015 1809 2054 cum
1839 2003 2174 2056 conscientia

584 2089 723 2158 ipsis
763 2092 1165 2157 adversaretur,
1198 2102 1253 2147 et
1300 2108 1516 2161 poenam
1559 2094 1903 2148 minitaretur
1930 2111 1995 2150 ex
2038 2096 2171 2167 legi-

583 2180 708 2243 bus.
737 2198 836 2237 nec
869 2186 1070 2237 sineret
1093 2185 1301 2254 piacula
1332 2200 1517 2240 coram
1548 2186 1670 2240 aliis
1704 2202 2011 2241 recensere.

655 2268 827 2339 Igitur
858 2272 1175 2339 praestabat,
1225 2281 1285 2325 ut
1310 2272 1515 2326 dictum
1546 2282 1650 2339 est,
1684 2284 1740 2328 et
1773 2274 1888 2342 ipse
1924 2276 2174 2329 Prarcur-

586 2360 731 2414 soris
810 2360 1113 2430 baptismus
1182 2373 1531 2431 peccatorum
1598 2365 2013 2432 remissionem,
2066 2382 2174 2421 non

586 2452 832 2506 omnium
867 2464 1087 2519 autem;
1124 2457 1322 2526 quippe
1347 2457 1464 2511 haec
1497 2455 1769 2513 Dominici
1840 2472 1905 2511 ac
1947 2458 2174 2513 divinis-

586 2542 713 2597 simi
769 2542 1116 2612 baptismatis
1158 2546 1449 2614 peculiaris
1496 2555 1582 2601 est
1620 2548 1832 2602 virtus:
1883 2550 2177 2617 praestabat

588 2643 794 2695 tamen,
841 2636 968 2688 dum
1018 2635 1261 2700 perfecto
1309 2637 1609 2693 Salvatoris
1656 2650 2007 2695 sacramento
2031 2643 2175 2695 viam

590 2729 909 2793 sternebat;
938 2737 1165 2797 eratque
1191 2738 1316 2783 ante
1346 2730 1681 2785 ablutionem
1714 2731 1944 2796 ablutio,
1976 2732 2173 2786 remis-

591 2816 681 2871 sio
699 2818 1043 2885 psrticularis
1058 2829 1182 2872 ante
1197 2820 1569 2875 omnimodant
1590 2824 1992 2887 remissionem,
2012 2833 2176 2893 atque

592 2907 910 2978 imperfecta
972 2910 1253 2965 inundatio
1313 2913 1576 2967 absoluta:
1629 2915 1976 2968 mundationi
2036 2931 2177 2983 prte-

592 2999 796 3063 missa;
851 2998 946 3052 sed
1001 2999 1204 3053 nullam
1253 2998 1560 3055 futurorum
1634 3003 1902 3057 bonorum
1966 3012 2170 3057 certam

2276 535 2413 597 ίδίας
2438 532 2649 603 ἰσχύος,
2682 528 3038 599 παρέπεμπε.

2343 730 2435 784 Διὸ
2465 730 2560 783 καὶ
2595 730 2623 782 ό
2652 726 2844 796 Σωτὴρ
2874 724 3033 797 ἡμῶν
3061 722 3161 793 τὴν
3188 718 3653 791 σκληροκαρδίαν,
3680 718 3764 771 καὶ
3782 720 3829 771 τὸ

2272 820 2500 883 ἀπειθὲς
2534 814 2870 883 ἐξονειδίζων
2923 815 3032 868 τῶν
3059 812 3391 883 ⁴Ιναρισιιίων,
3428 810 3531 863 καὶ
3559 808 3746 877 δηλῶν,
3771 808 3832 871 ὡς

2270 911 2380 962 τῶν
2410 910 2467 960 ἐν
2489 908 2717 979 πορνεία
2763 907 2859 959 καὶ
2906 903 3166 973 τελωνείᾳ
3216 901 3483 971 βιούντων
3514 898 3729 968 χείρους
3753 898 3835 959 τὰς

2271 1000 2495 1071 γνώμας
2554 999 2648 1053 καὶ
2692 996 3054 1067 ἀδιορθώτους
3110 993 3311 1063 μᾶλλον
3346 993 3581 1061 ἐφερονο
3613 992 3703 1042 καὶ
3738 989 3835 1058 ἅμα

2270 1091 2558 1153 διδάσκων,
2583 1089 2730 1152 τίνες
2756 1106 2817 1140 τε
2850 1088 3039 1157 είησαν
3062 1084 3170 1138 τῶν
3203 1083 3263 1148 ἐξ
3292 1082 3577 1153 ἁμαρτίας
3605 1082 3836 1150 ἐπιστρε-

2273 1184 2503 1252 φόντων,
2564 1183 2657 1234 καὶ
2713 1181 2875 1235 τίνων
2928 1179 3339 1250 ἁμαρτημάτων
3400 1175 3721 1237 ἀπελύοντο,
3750 1174 3835 1236 τὸ,

2278 1295 2297 1328 ι
2338 1273 2508 1328 Ἦλθε
2545 1276 2680 1345 πρὸς
2752 1275 2915 1343 ὑμᾶς,
2970 1273 3155 1341 φησὶν,
3183 1273 3210 1323 ὁ
3251 1269 3513 1337 Ἰωάννης
3552 1270 3611 1319 ἐν
3770 1265 3834 1316 δι·

2273 1370 2592 1440 καιοσύνης,
2626 1370 2719 1422 καὶ
2768 1369 2866 1421 οὐκ
2898 1366 3254 1420 ἐπιστεύσατε
3305 1362 3462 1432 αὑτῴ
3490 1378 3505 1393 ’
3542 1380 3561 1412 ι
3602 1359 3736 1411 ὥστε
3763 1374 3836 1411 τε·

2276 1462 2503 1524 λωνείας
2538 1463 2657 1531 μὲν,
2689 1460 2785 1513 καὶ
2806 1458 3083 1529 πορνείας,
3122 1458 3215 1509 καὶ⁸
3250 1455 3360 1507 τῶν
3391 1453 3659 1506 τοιούτων
3685 1450 3761 1519 εἴη
3782 1448 3836 1501 ἂν

2272 1554 2300 1605 ό
2363 1552 2616 1621 Ἰωάννης
2677 1551 2764 1603 διὰ
2798 1550 2893 1603 τοῦ
2958 1548 3335 1618 βαπτίσματος
3381 1547 3501 1607 τοῖς
3556 1539 3836 1603 εἰλικρινῶς

2278 1642 2601 1714 μετανοοῦσι
2644 1640 3169 1711 πραγματευόμενος
3218 1638 3515 1707 κάθαρσιν.
3549 1634 3627 1687 Οὐ
3660 1633 3761 1702 μήν
3784 1649 3835 1699 τε

2272 1735 2504 1807 λῃστάς,
2534 1735 2656 1787 ούδέ
2686 1732 3099 1803 τυμϐωρύχους,
3126 1729 3247 1782 ούδέ
3290 1730 3417 1790 τοὺς
3455 1726 3652 1788 ἄλλους
3689 1726 3839 1794 άρρη-

2273 1828 2537 1896 τουργους
2584 1825 2695 1878 τῶν
2753 1824 3116 1894 μολυσμάτων
3166 1820 3559 1891 ἀπήλλαττεν
3605 1818 3687 1869 ὅτι
3723 1816 3837 1885 μηδὲ

2276 1917 2500 1988 θαρρεῖν
2531 1911 2673 1986 εἶχον
2697 1908 2842 1967 οὗτοι
2873 1914 3180 1984 προσιέναι,
3208 1911 3301 1965 καὶ
3325 1906 3765 1979 ἐξομολογεῖσθαι
3790 1904 3840 1955 τὸ

2273 2012 2552 2079 τόλμημα,
2582 2008 2676 2061 τοῦ
2713 2008 3016 2070 συνειδότος
3046 2007 3232 2068 αὐτοῖς
3251 2002 3741 2075 προαπαντῶντος.
3759 1999 3840 2050 καὶ

2276 2101 2386 2155 ἀπὸ
2442 2100 2552 2153 τῶν
2615 2100 2798 2170 νόμων
2827 2099 2984 2168 δίκην
3014 2098 3370 2162 ἐπισείοντος,
3407 2094 3509 2148 καὶ
3542 2094 3644 2146 οὐκ
3663 2090 3839 2151 ἐῶντος

2276 2196 2390 2257 τοῖς
2421 2192 2601 2257 ἄλλοις
2633 2190 3159 2259 συγκαταλέγεσθαι.

2350 2284 2582 2354 Παρεῐχε
2610 2282 2709 2352 μὲν
2737 2278 2855 2343 οὖν.
2887 2283 3077 2351 ὥσπερ
3110 2280 3350 2351 εἴρηται,
3383 2278 3485 2333 καὶ
3505 2277 3569 2331 τὸ
3589 2276 3682 2329 τοῦ
3720 2278 3837 2345 Πρω

2273 2376 2475 2447 δρόμου
2500 2375 2783 2444 βάπτισμα
2836 2373 2944 2425 τῶν
2975 2373 3256 2443 ἁμαρτιῶν
3289 2372 3513 2441 ἄφεσιν,
3551 2373 3613 2424 ού
3647 2371 3836 2423 πάντων

2275 2468 2332 2521 δέ
2351 2484 2366 2500 ·
2400 2469 2559 2520 τούτο
2587 2467 2695 2537 γὰρ
2716 2464 2809 2518 τοῦ
2839 2463 3170 2517 Δεσποτικοῧ
3217 2462 3314 2515 καὶ
3346 2462 3634 2516 θειοτάτου
3671 2458 3837 2529 βαπτί-

2279 2574 2485 2628 σματος
2510 2557 2569 2609 τδ
2592 2557 2867 2627 ἐξαίρετον
2887 2572 2900 2585 ·
2939 2556 3167 2625 παρεῖχὲ
3219 2552 3275 2605 δέ
3310 2550 3753 2623 προευτρεπίζων
3773 2548 3834 2615 τῷ

2275 2646 2538 2716 Σωτηρίῳ
2568 2645 2668 2716 τὴν
2700 2644 3015 2713 τελειότητα
3035 2659 3046 2671 ·
3099 2643 3195 2697 καὶ
3240 2643 3471 2714 λουτρὸν
3509 2638 3579 2712 ἦν
3607 2641 3707 2710 πρὸ
3736 2640 3834 2689 λου-

2274 2740 2428 2811 τροῦ,
2481 2741 2577 2793 καὶ
2636 2740 2830 2808 ἄφεσις
2880 2739 2946 2790 ἐκ
2995 2736 3194 2807 μέρους
3239 2737 3346 2807 πρὸ
3407 2736 3516 2804 τῆς
3570 2728 3834 2791 παντελοῦς

2275 2831 2545 2900 ἀφέσεως,
2580 2831 2675 2884 καὶ
2700 2831 2895 2899 ἀτελὴς
2945 2830 3217 2899 κάθαρσις
3266 2823 3731 2899 προοιμιαζομένη
3756 2821 3835 2891 τὴν

2277 2922 2635 2975 τελειοποιόν·
2668 2922 2820 2975 οὐδὲν
2850 2922 2907 2975 δέ
2945 2913 3209 2990 ἀσφαλὲς,
3241 2920 3362 2973 οὐδὲ
3420 2921 3688 2990 ἐχέγγυον
3730 2916 3833 2984 περὶ

2275 3014 2385 3066 τῶν
2414 3013 2717 3083 μελλόντων
2760 3013 3138 3083 χαριζόμενον.
3187 3012 3261 3065 Τὸ
3312 3012 3651 3065 Δεσποτικὸν
3683 3010 3734 3063 δὲ
3758 3009 3834 3059 καὶ

592 3092 1040 3159 promissionem,
1089 3108 1153 3147 ac
1207 3102 1378 3147 ratam
1449 3096 1606 3149 tidem
1651 3094 1909 3150 faciebat.
1948 3096 2172 3149 Divinos

2278 3106 2553 3175 Σωτήρων
2607 3107 2825 3159 πάντων
2891 3105 2988 3175 μὲν
3045 3106 3154 3157 τῶν
3199 3104 3588 3175 προλαϐόντων
3637 3102 3828 3172 ῥύσιον·

591 3194 803 3244 contra,
838 3192 891 3236 et
930 3184 1275 3239 Christianus
1303 3186 1609 3254 baptismus
1636 3188 1819 3241 Otttllla
1857 3197 1982 3241 ante
2016 3203 2169 3242 com-

591 3277 759 3329 missa
794 3276 953 3329 nobis
983 3276 1255 3345 indulget;
1288 3279 1419 3347 quin
1448 3279 1613 3332 etiam
1650 3280 1824 3332 robur
1863 3288 1917 3331 et
1955 3280 2173 3333 fortitu-

590 3368 795 3430 dinem,
846 3384 912 3421 ne
941 3368 1121 3423 denuo
1155 3369 1455 3422 secundum
1503 3369 1711 3438 priores
1744 3370 1933 3439 lapsus
1958 3386 2170 3425 concu-

590 3460 873 3529 piscentiae
922 3475 1249 3528 pareamus,
1304 3461 1582 3523 concedit;
1644 3460 1753 3513 imo
1817 3460 2067 3515 homines
2120 3460 2171 3513 in

592 3566 821 3620 regnum
845 3551 1103 3605 caelorum
1132 3550 1314 3612 infert,
1341 3561 1395 3604 et
1422 3550 1568 3619 quod
1598 3555 1777 3617 maius
1800 3561 1905 3615 est,
1930 3551 2178 3620 adeptio-

594 3657 719 3693 nem
796 3641 1028 3693 filiorum
1102 3639 1197 3693 Dei
1276 3640 1603 3709 impertitur.
1682 3640 1911 3694 Joannis
1994 3650 2177 3695 autem

596 3732 865 3801 baptisma
891 3747 1079 3786 eorum
1113 3732 1427 3796 criminum,
1456 3748 1578 3800 qua:
1609 3734 2058 3797 memoravimus,
2094 3749 2179 3787 re-

2272 3195 2461 3267 ῥώμης
2488 3197 2544 3249 δέ
2579 3197 2907 3268 παρεκτικὸν
2938 3197 3031 3250 καὶ
3089 3196 3290 3266 ἰσχύος,
3331 3196 3405 3266 μὴ
3433 3195 3581 3248 κατὰ
3600 3194 3693 3254 τὰς
3718 3188 3836 3259 πρώ-

2270 3303 2369 3349 τας
2397 3286 2698 3356 ὀλισθήσεις
2730 3286 2809 3339 ἒτι
2838 3288 2973 3356 πρὸς
3003 3286 3074 3339 τὰ
3098 3286 3244 3354 πάθη
3278 3283 3685 3356 κατασύρεσθαι
3708 3298 3720 3311 ·
3745 3282 3829 3331 καὶ

2274 3377 2335 3430 τὸ
2370 3375 2465 3445 μὶν
2493 3380 2572 3441 είς
2593 3377 2691 3443 τὴν
2712 3376 2822 3429 τῶν
2850 3377 3096 3447 οὐρανῶν
3121 3377 3383 3447 ἀναφέρει
3413 3375 3710 3445 βασιλείαν,
3737 3370 3832 3428 καὶ,

2276 3468 2338 3521 τὸ
2370 3468 2551 3537 μεῖζον
2612 3467 2852 3532 πάντων,
2902 3467 3171 3521 υἱοθεσίαν
3216 3466 3529 3540 χαρίζεται.
3566 3463 3639 3517 Τὸ
3662 3462 3716 3515 δὲ
3750 3460 3830 3527 τὴν

2282 3559 2383 3628 μὲν
2417 3560 2630 3623 ἄφεσιν,
2657 3553 2844 3629 ὧνπερ
2903 3559 3142 3629 εἴρηται,
3186 3560 3468 3628 παρεῖχεν,
3511 3555 3634 3609 οὔτε
3659 3554 3713 3606 δὲ
3752 3549 3831 3619 βα·

2281 3647 2485 3711 σιλείας
2529 3648 2773 3721 οὐρανῶν
2792 3649 3144 3719 κληρουχίαν,
3164 3648 3283 3700 ούδέ
3306 3644 3487 3715 πολλῷ
3514 3644 3708 3715 μᾶλλον
3725 3637 3833 3707 πρδς

2288 3736 2562 3800 υἱοθεσίας
2600 3737 2924 3803 ἀναϐιϐάζει
2956 3738 3198 3807 ἀξίωμα.

596 3825 941 3889 missionem,
991 3839 1100 3878 non
1154 3833 1335 3877 autem
1393 3824 1546 3894 regni
1594 3824 1835 3880 caelestis
1892 3826 2167 3894 przebebat
2200 3825 2597 3895 haereditatem,
2636 3839 2690 3885 et
2720 3831 2889 3885 multo
2910 3830 3093 3884 minus
3120 3829 3187 3883 ad
3238 3827 3564 3898 dignitatem
3614 3819 3833 3892 adoptio-

596 3919 683 3973 nis
711 3917 960 3972 bomines
996 3918 1261 3973 evebebat
1290 3917 1428 3988 (60).

668 4074 713 4107 ³⁸
742 4072 929 4129 Matth.
962 4090 1076 4141 xxi,
1103 4072 1192 4128 52.

2092 4184 2325 4243 ΝΟΤΑΞ.

673 4343 785 4417 (60)
810 4343 900 4417 ᾲυι
928 4345 1107 4417 aliqua
1129 4344 1198 4399 de
1225 4344 1327 4417 hac
1365 4342 1669 4417 quaestione
1717 4342 1981 4417 dicamus,
2012 4340 2180 4417 Joan—

598 4414 692 4471 nis
712 4425 766 4470 et
796 4415 995 4469 Christi
1024 4414 1217 4468 unum
1270 4414 1522 4483 idemque
1573 4414 1743 4467 fuisse
1778 4415 2042 4481 haptisma
2070 4415 2171 4466 tri-

598 4486 701 4540 bus
730 4486 1007 4556 gradibus,
1060 4498 1224 4556 aqua.
1268 4484 1390 4550 igne
1444 4494 1506 4556 Aet
1557 4484 1748 4556 spiritu
1797 4483 1869 4556 ita
1893 4498 2177 4556 consecra-

601 4552 826 4616 tumfut
853 4570 1049 4623 aquam
1080 4552 1339 4623 Joannes,
1376 4552 1627 4619 spiritum
1680 4552 1954 4618 Christus,
1993 4554 2172 4623 ignem

596 4620 1164 4684 Paracletustlederit,
1227 4620 1526 4677 Petilianus
1582 4632 1926 4676 comntentus
1949 4620 2033 4674 est
2066 4638 2078 4674 :
2110 4622 2179 4675 de

596 4695 976 4763 quolegendus
998 4692 1061 4745 ῐ).
1080 4694 1412 4763 Augustinus
1433 4692 1525 4745 lib.
1548 4707 1585 4745 tt
1602 4700 1783 4744 contra
1812 4689 1931 4763 Lit.
1950 4690 2105 4763 Petit.
2121 4705 2175 4763 c.

597 4765 686 4817 54.
714 4760 1095 4817 Mélanchthou
1126 4775 1331 4823 autem,
1362 4762 1622 4825 Bncerus,
1671 4771 1726 4814 et
1764 4762 1879 4821 alii,
1922 4760 2175 4828 baptismi

595 4833 824 4888 Joannis
873 4843 927 4886 et
956 4834 1155 4887 Christi
1204 4848 1371 4885 unum
1420 4832 1670 4899 idemque
1708 4829 1880 4884 fuisse
1925 4832 2176 4883 ministe-

597 4904 761 4968 rium,
786 4904 1117 4970 eosdemque
1148 4902 1372 4955 effectus
1407 4902 1525 4955 sine
1580 4900 2026 4970 tergiversatione
2058 4914 2177 4968 pro—

598 4974 936 5026 nuntiarunt.
972 4969 1042 5025 In,
1062 4974 1158 5025 hos
1186 4974 1455 5041 praecipue
1483 4979 1827 5041 sacrosancta
1860 4969 2176 5022 Tridentina

598 5044 839 5113 synodus
858 5058 1123 5094 canonent
1156 5039 1305 5113 illum
1330 5041 1649 5113 ediditsess.
1683 5055 1755 5113 vit
1784 5039 1855 5090 De
1876 5040 2018 5107 bapt.
2048 5055 2173 5113 can.

600 5108 666 5164 [ε
710 5113 908 5181 Siquis
934 5113 1125 5164 dixerit
1163 5112 1481 5179 baptismum
1524 5108 1749 5181 Joannis
1790 5114 2023 5181 eamdem
2070 5109 2175 5161 vim

598 5179 997 5250 cumoaptismo
1027 5182 1225 5235 Christi
1258 5181 1521 5243 habuisse,
1554 5179 1837 5231 anathema
1874 5180 1978 5250 sit.
2004 5181 2176 5230 Porro

599 5249 952 5306 haneuotam
985 5250 1179 5303 Photio
1213 5268 1316 5304 non
1370 5252 1666 5313 inurimus;
1711 5264 1775 5301 ex
1806 5265 1870 5301 eo
1896 5249 2040 5301 enim
2070 5263 2174 5299 sa:-

600 5336 894 5388 penumet'o
953 5322 1280 5385 audivimus,
1334 5334 1497 5388 quam
1565 5334 1847 5385 persptcue
1905 5319 2173 5382 baptisma

597 5391 798 5445 Christi
842 5390 1153 5458 baptismatt
1174 5390 1401 5443 Joannis
1430 5390 1585 5457 longe
1610 5398 1896 5457 pru‘stasse
1926 5388 2173 5439 fateatur.

599 5458 713 5514 Hoc
750 5468 926 5513 autem
984 5459 1253 5527 baptismo
1307 5468 1526 5527 peccatu
1588 5474 1694 5510 non
1748 5459 1917 5527 fuisse
1949 5458 2175 5508 dimissa

599 5529 667 5582 ad
711 5532 872 5581 fidem
921 5544 1028 5579 non
1056 5526 1356 5594 ipertiuere
1412 5527 1684 5579 Drouven.
1746 5526 1817 5577 De
1864 5543 1915 5578 re
1942 5542 2173 5580 sacram.

599 5608 782 5649 contra
817 5599 1001 5650 haeret.
1034 5598 1125 5650 lib.
1163 5611 1438 5667 tt,qua:st.
1582 5613 1703 5665 cap.
1732 5613 1778 5667 γι,
1830 5596 1855 5665 §
1888 5596 1957 5657 xi;
1994 5595 2176 5648 Estius

603 5668 655 5717 in
686 5683 736 5720 ιν
782 5667 929 5719 Sent.
978 5667 1220 5719 distinct.
1264 5666 1338 5733 ’2,
1407 5667 1435 5735 §
1490 5666 1543 5726 4,
1605 5681 1653 5719 et
1694 5666 1783 5717 alii
1842 5667 2173 5732 opinantur;

601 5746 764 5806 atque
794 5736 847 5789 id
879 5742 1161 5802 prapterea
1190 5752 1297 5791 non
1329 5739 1497 5790 fuisse
1537 5750 1565 5789 a
1598 5736 1830 5790 concilio
1860 5736 2169 5797 definitum,

2283 4342 2409 4412 quia
2468 4341 2711 4397 nonnulli
2768 4340 2977 4412 Patres,
3029 4343 3329 4412 pmsertim
3364 4354 3587 4399 sanctus
3626 4340 3824 4412 Optatus

2209 4387 2254 4441 Β
2284 4387 2623 4467 δίίΙενῙιοιιιιε
2659 4414 2753 4465 lib.
2790 4426 2849 4464 ιιι
2891 4387 3089 4465 Contir-a
3134 4411 3409 4475 Parmen.,
3441 4387 3823 4468 sanctusrBisi-

2283 4483 2412 4545 lius,
2436 4484 2604 4553 hom.
2637 4484 2658 4535 1
2698 4481 3079 4553 debaptisnio,
3115 4492 3341 4537 sanctus
3382 4482 3625 4553 Cyr-illus
3651 4481 3822 4553 liiero-

2284 4553 2387 4607 sol.
2418 4551 2655 4624 Catech.
2676 4567 2735 4615 ιι,
2772 4550 2875 4624 hoc
2927 4552 3197 4624 afﬁrmare
3228 4550 3565 4607 viderentur.
3599 4551 3818 4624 Photiutu

2280 4633 2461 4691 autem
2490 4622 2681 4691 Cyrilli
2714 4623 2874 4674 verba
2908 4622 3145 4691 putarim
3184 4625 3353 4677 fuisse
3401 4632 3719 4680 mutuatum,
3744 4618 3817 4669 ubi

2278 4690 2505 4744 Joannis
2533 4691 2799 4759 baptisma
2859 4690 3237 4745 remissionem
3281 4702 3627 4759 peccatorum
3656 4695 3819 4745 contu-

2280 4762 2429 4822 lisse,
2461 4761 2788 4826 baptismum
2804 4774 2931 4829 vero
2958 4759 3161 4814 Christi
3184 4762 3535 4829 adoptionem
3560 4764 3821 4828 importare

2281 4833 2518 4884 filiorum
2557 4837 2854 4885 asseverat.
2888 4828 3053 4899 Igitur
3085 4833 3185 4883 hac
3216 4832 3268 4883 in
3296 4828 3359 4883 re
3386 4829 3581 4886 Photio
3605 4832 3815 4897 aliquan-

2280 4904 2450 4953 tulum
2489 4916 2781 4966 pOSsumus
2821 4914 3064 4967 parcere.
3095 4900 3324 4969 ejusque
3357 4904 3675 4955 sententiam
3723 4909 3812 4969 non

2278 4971 2569 5022 admodum
2595 4966 2909 5023 abnormem
2944 4966 3279 5023 existimare.
3322 4970 3412 5023 Illa
3445 4984 3622 5026 autem
3652 4966 3817 5022 distin-

2264 5042 2407 5102 ctio,
2445 5055 2607 5107 quam
2640 5040 2779 5091 inter
2807 5038 3032 5091 crimina
3064 5042 3514 5105 comminiscitur,
3550 5044 3671 5095 dum
3696 5047 3815 5105 qut?-

2277 5110 2400 5161 dam
2443 5108 2822 5163 tantummodo
2861 5109 2949 5160 illa
3003 5109 3281 5162 ablntione
3330 5112 3530 5165 remitti
3581 5113 3812 5164 autumat.

2278 5180 2390 5232 risu
2429 5180 2609 5248 potius
2638 5177 2975 5245 excipienda,
3005 5193 3166 5245 quam
3201 5183 3536 5248 argumentis
3567 5173 3811 5233 refutanda

2279 5250 2514 5303 videtur.
2545 5247 2699 5301 Unde
2738 5249 2883 5301 enitn
2922 5249 2971 5299 id
3009 5250 3197 5301 novit?
3230 5247 3515 5313 Quomodo
3537 5250 3812 5302 divintcmt-

2278 5320 2382 5372 silii
2442 5320 2642 5372 certior
2692 5320 2867 5372 factus
2899 5317 3026 5371 est?
3059 5319 3173 5382 Qua
3225 5326 3291 5370 de
3320 5334 3483 5373 causa
3528 5323 3624 5382 his,
3653 5328 3699 5369 et
3726 5325 3810 5365 non

2278 5390 2401 5442 aliis
2425 5389 2695 5442 limitibus
2728 5388 3111 5441 remissionem
3145 5391 3461 5443 conclusit?
3509 5390 3612 5443 Ms
3642 5389 3809 5439 interea

2277 5472 2625 5512 communem
2673 5458 3050 5527 theologorum
3098 5460 3494 5513 catltolicoruat
3528 5453 3807 5512 sententiam

2275 5543 2360 5590 ea,
2394 5544 2501 5597 qua
2534 5543 2630 5594 par
2665 5538 2768 5589 est,
2797 5528 3149 5580 veneratione
3183 5538 3453 5592 tenentes,
3485 5531 3710 5582 dicemus
3735 5531 3811 5588 per

2276 5598 2505 5651 Joannis
2536 5598 2800 5664 baptisma
2831 5611 2895 5648 ex
2925 5611 3075 5663 opere
3101 5602 3392 5665 aperantis,
3438 5616 3545 5654 non
3582 5607 3736 5650 autem
3756 5599 3809 5640 et

2277 5684 2427 5721 overc
2460 5679 2673 5736 operata
2726 5668 2896 5723 fuisse
2919 5667 3173 5723 Hebraeos
3203 5670 3378 5723 culnis
3411 5670 3695 5724 absolutos.
