4084 6444
209 366 313 430 9⁵21

716 478 1049 534 sparum
1076 481 1135 533 A'
1163 482 1299 551 (61).

204 568 347 635 Πῶς
372 571 483 625 τοῦ
527 570 801 644 Σωτῆρος
832 571 1026 644 ,ἡμῶν
1090 573 1380 644 λέγοντος
1400 593 1413 605 ·
1446 595 1465 627 ι
1494 575 1642 644 Οὐχὶ
1698 574 1809 628 δύο

283 643 579 708 στρουθία
611 642 915 709 ἀσσαρίου
945 642 1251 704 πωλεῖται,
1283 646 1380 696 καὶ
1406 644 1482 697 ἓν
1506 642 1811 708 ἐξαύτῶν

284 711 656 782 οὑν-πεσεῖται
687 711 835 764 ἄνευ
854 712 962 764 τοῦ
994 713 1221 777 Πατρός
1258 732 1378 782 μου
1408 715 1512 768 τοῦ
1533 717 1602 767 ἐν
1624 719 1802 781 οὐρα-

286 780 439 843 νοῖς,
476 800 492 830 ι
518 781 776 845 Παῦλος,
802 784 835 833 ὀ
866 782 973 833 τὸν
999 780 1269 845 Χριστὸύ
1295 784 1453 849 ἔχων
1497 780 1808 837 λαλοῦντα

287 850 360 903 ἐν
386 849 576 915 ἐαυτῷ
605 866 754 918 φησι
776 867 789 880 ·
819 870 836 901 ι
868 850 963 914 Μὴ
986 850 1102 902 τῶν
1119 850 1288 913 ,βοῶν
1306 852 1471 917 μέλει
1506 854 1584 919 τῷ
1611 854 1732 917 Θεῷ
1752 870 1800 915 ;›

306 920 817 991 ξΑγτιφθέγγ-εσθαι
848 922 958 987 γὰρ
1004 922 1042 987 ἡ
1071 922 1177 974 τοῦ
1210 924 1479 989 μαθητοῦ
1524 926 1675 991 πρὸς
1700 924 1807 977 τὸν

291 989 665 1043 διδάσκαλον
693 992 1039 1057 φαντασίαν
1071 994 1393 1061 παρέχεται
1420 995 1612 1062 φωνή.

1170 372 1271 431 ΑΙ)
1308 370 1816 434 AMPHILOCHII

1934 372 2285 443 QUASSTIO
2310 374 2494 438 XXX.
3385 381 3498 447 222

1844 492 1893 546 Α

2271 488 2601 555 ρυΑεδτιο
2634 489 2778 543 xxx
2808 490 2905 563 [αι.
2939 490 3158 565 xxix].

1914 576 2209 642 Quomodo,
2241 595 2357 631 cum
2389 578 2635 631 Salvator
2667 589 2845 633 noster
2870 582 3057 637 dicat:
3111 601 3129 632 ι
3161 581 3345 635 Nonne
3391 582 3497 633 duo

1983 664 2221 717 passeres
2280 665 2395 701 asse
2445 661 2685 709 veneunt,
2735 662 2783 703 et
2818 667 2953 704 unus
2980 669 3045 704 ea:
3067 651 3176 705 illis
3218 670 3319 704 non
3349 652 3499 703 cadet

1983 719 2097 789 sine
2130 718 2293 771 Patre
2320 735 2452 778 meo,
2477 721 2567 787 qui
2605 722 2659 771 in
2685 720 2829 773 cmlis
2859 732 2934 773 est
2962 723 3045 775 ‘6?
3072 742 3092 773 ι
3142 721 3366 782 Paulus,
3408 723 3499 789 qui

1983 787 2253 860 Christum
2286 790 2338 841 in
2372 806 2423 841 se
2454 790 2741 860 loquentem
2796 790 2978 860 habet,
3020 793 3187 860 inquit
3218 807 3235 843 :
3266 811 3283 842 ι
3328 787 3499 843 Num-

1985 860 2111 926 quid
2137 863 2200 911 de
2222 859 2385 910 bobus
2406 875 2532 911 cura
2558 869 2632 912 est
2660 858 2763 911 Deo
2775 859 2817 889 ‘7
2842 861 2864 911 ?
2886 879 2902 909 ι
2931 858 3199 914 Nimirum
3218 877 3316 914 rex
3338 861 3501 914 disci-

1984 929 2099 997 puli
2142 930 2393 998 magistro
2423 930 2699 983 adversari
2727 931 2951 983 videtur.

285 1084 318 1107 ”
380 1104 518 1153 Edita
542 1106 605 1153 ab
625 1104 841 1154 Antonio
866 1106 1052 1162 Scotto,
1078 1107 1113 1154 Ι.
1150 1120 1215 1166 c.,
1234 1121 1281 1169 p.
1312 1108 1389 1156 45.
1416 1108 1490 1157 De
1515 1114 1788 1170 apparente
1818 1105 2207 1158 contradictione
2243 1105 2374 1155 inter
2402 1106 2564 1155 locum
2587 1105 2759 1155 Matth.
2784 1120 2837 1167 ι,
2857 1106 2919 1153 29
2946 1112 3001 1155 et
3032 1106 3051 1155 Ι
3075 1105 3187 1155 Cor.
3206 1120 3274 1165 rx,
3294 1104 3343 1153 9.

289 1192 409 1244 Ὀτι
446 1194 544 1260 μὲν
575 1195 608 1262 ἡ
638 1192 730 1245 τοῦ
758 1194 894 1245 Θεοῦ
927 1195 1153 1264 πρόνοια
1184 1197 1280 1247 καὶ
1302 1196 1587 1265 μέχριτῶν
1622 1214 1818 1268 στρου-

200 1281 349 1336 θίων
380 1283 582 1351 διήκει,
616 1286 711 1336 καὶ
734 1284 857 1337 οὐδὲ
881 1287 938 1337 ὲν
956 1287 1139 1348 αὐτοῖς
1164 1286 1261 1356 τὴν
1291 1289 1457 1340 αὐτοῦ
1486 1291 1819 1359 περιγράφει

202 1374 573 1444 κηδεμονίαν,
624 1375 741 1429 ἀλλ’
772 1378 871 1447 ἤδη
920 1377 1015 1429 καὶ
1054 1379 1260 1445 φυτῶν,
1296 1380 1390 1431 καὶ
1429 1380 1689 1450 βοτανῶν,
1721 1382 1815 1433 καὶ

206 1467 432 1530 ἁπλῶς,
462 1462 538 1520 ῶν
568 1468 819 1539 ἐγνώσθη
867 1472 1275 1540 γενεσιουργὸς,
1327 1472 1534 1525 τούτων
1587 1473 1683 1527 καὶ
1714 1475 1811 1544 τῆς

206 1558 504 1629 διαμονῆς,
546 1561 642 1611 καὶ
671 1562 985 1631 οἰκονομίας
1007 1563 1369 1616 ἁναλλοίωτόν
1413 1582 1493 1629 τε,
1525 1566 1620 1618 καὶ
1651 1566 1807 1619 ἀδιά-

1990 1196 2146 1262 Quod
2180 1195 2271 1248 Dei
2299 1196 2643 1263 providentia
2670 1196 2735 1249 ad
2758 1210 3013 1265 passeres
3036 1210 3207 1264 usque
3229 1194 3499 1263 pertingat

1916 1296 2096 1341 etnec
2129 1287 2216 1340 his
2272 1286 2542 1340 limitibus
2595 1287 2713 1354 ejus
2766 1286 3044 1356 vigilantia
3097 1285 3501 1351 concludatur;

1916 1381 2010 1435 sed
2043 1388 2099 1434 et
2132 1381 2414 1446 arborum,
2444 1388 2499 1433 et
2532 1380 2843 1443 herbarum,
2902 1389 2958 1431 et
2998 1378 3240 1432 omnium
3274 1378 3503 1431 omnino

1915 1488 2122 1536 rerum,
2154 1488 2385 1541 quarum
2426 1480 2639 1525 creator
2682 1471 3019 1540 agnoscitur,
3068 1469 3497 1534 conservationi,

1912 1567 2402 1637 gubernationique
2442 1566 2788 1630 immutabili,
2826 1580 2889 1618 ac
2918 1573 3173 1634 perpetua
3214 1579 3345 1619 cura
3370 1579 3501 1633 pro.

210 1649 377 1719 δοχον
412 1654 566 1723 φέρει
597 1653 698 1721 τὴν
750 1654 1027 1722 φροντίδα,
1060 1655 1124 1708 αἴ
1144 1672 1200 1707 τε
1232 1655 1388 1709 ἄλλαι
1424 1657 1637 1727 τρανῶς
1662 1658 1808 1726 ἡμᾶς

1919 1661 2138 1730 spiciat,
2174 1661 2379 1714 diserte
2410 1676 2511 1714 nos
2532 1661 2728 1713 docent
2758 1668 2871 1711 tum
2890 1659 2995 1711 alia
3030 1673 3307 1712 sacrarum
3334 1656 3500 1711 Litte-

216 1743 628 1796 ὲκδνδάσκουσιν
682 1745 824 1813 ἱεραὶ
852 1745 889 1795 Γ
896 1745 1087 1814 ραφαὶ,
1121 1746 1219 1799 καὶ
1270 1747 1333 1818 δὴ
1366 1749 1462 1801 καὶ
1507 1751 1535 1801 6
1566 1748 1807 1818 ἔμφυτος

218 1832 505 1901 λογισμὸς,
536 1834 593 1896 ὃς
623 1834 714 1887 τὸν
761 1837 1176 1907 παραγαγόντα,
1203 1839 1300 1892 καὶ
1342 1840 1725 1909 ὑποστήσαντα
1748 1842 1811 1894 ὲκ

224 1925 307 1996 μὴ
340 1926 505 1979 ὄντων
534 1928 627 1980 καὶ
657 1928 903 1997 συνέχειν
940 1929 1001 1981 τὸ
1039 1930 1517 2001 παραγαγόμενον,
1560 1932 1650 1985 λαὶ
1680 1950 1814 2003 προ-

222 2019 463 2071 νοεῖσθαι
510 2020 649 2071 κατὰ
699 2021 793 2072 τὸν
830 2022 1047 2093 ἑκάστῳ
1092 2025 1375 2094 πρέποντα
1414 2026 1513 2095 τῆς
1552 2027 1813 2096 Προνοίας

220 2106 385 2177 λόγον
406 2111 644 2163 ἀπαιτεῖ.
694 2112 848 2163 Ἐπεὶ
886 2113 978 2166 καὶ
1012 2114 1173 2176 αὐτὸς
1202 2115 1230 2166 6
1262 2115 1452 2186 Σωτὴρ
1486 2116 1642 2187 ήμῶν
1690 2119 1812 2186 φιλ·

219 2201 531 2271 ανθρώπως
566 2203 799 2270 ἀπάγων
825 2206 974 2273 ἡμᾶς
992 2206 1092 2272 τῆς
1117 2206 1320 2276 πολλῆς
1356 2209 1482 2278 περὶ
1515 2209 1582 2261 τὰ
1608 2208 1816 2278 ἀνθρώ-

219 2310 362 2345 πινα
385 2295 617 2359 σπουδῆς
633 2312 691 2346 τε
723 2296 818 2348 καὶ
848 2296 1203 2367 κατατριϐῆς·
1225 2298 1317 2349 καὶ
1342 2298 1447 2349 τῶν
1467 2298 1697 2367 ῥεόντων
1720 2300 1816 2352 καὶ

215 2384 595 2453 διαλυομένων
625 2389 725 2455 τῆς
755 2387 949 2455 σχολῆς
980 2387 1297 2455 ἐλευθερίαν
1346 2404 1405 2439 τε
1438 2390 1531 2440 καὶ
1569 2389 1815 2442 ἀπαλλα-

212 2476 332 2546 γὴν
363 2476 777 2545 εἰσηγούμενος,
823 2478 923 2529 οὐκ
979 2476 1089 2530 ἀπὸ
1134 2478 1245 2530 τῶν
1314 2478 1617 2546 στρουθίων
1656 2479 1816 2549 μόνον

211 2570 321 2620 καὶ
353 2568 463 2621 τῶν
482 2569 658 2623 ἄλλων
683 2570 899 2639 πτηνῶν
921 2570 1020 2639 τὴν
1050 2571 1285 2639 ἀρίστην
1316 2572 1522 2641 ταύτην
1580 2572 1814 2642 εἰσήγη-

216 2678 316 2713 σιν
357 2663 615 2721 ποιεῖται,
649 2662 783 2733 tota
839 2662 903 2733 δὴ
931 2662 1027 2715 καὶ
1066 2661 1158 2714 ἀπ’
1210 2661 1390 2713 αὐτῶν
1422 2678 1485 2729 γε
1523 2662 1630 2714 τῶν
1655 2661 1816 2731 βοτα-

215 2752 360 2807 νῶν.
388 2773 407 2804 ι
438 2755 831 2823 Κατανοήσατε
862 2753 992 2821 γὰρ,
1023 2752 1180 2821 φησὶ,
1204 2752 1269 2803 τὰ
1310 2753 1473 2823 κρίνα
1500 2752 1592 2804 τοῦ
1624 2752 1813 2821 ἀγροῦ,

218 2846 347 2907 πῶς
371 2846 626 2909 αὐξάνει·
666 2846 726 2897 οῦ
757 2846 949 2915 κοπιᾷ,
1000 2845 1123 2897 οῦδὲ
1156 2844 1308 2913 νήθει
1333 2859 1345 2872 ⁸
1384 2862 1401 2893 ι
1429 2841 1546 2896 εἶτα
1584 2844 1679 2896 τοῦ
1705 2845 1815 2913 ἁμ-

219 2938 537 3007 φιάσματος
589 2937 652 2990 τὸ
706 2937 926 3000 κάλλος,
967 2937 1061 2989 καὶ
1108 2935 1170 2989 τὸ
1216 2936 1466 3007 ἀξίωμα·
1518 2954 1536 2986 ι
1576 2936 1734 3004 Λέγω
1760 2936 1814 2987 δὲ

222 3032 382 3100 ὑμῖν,
436 3032 516 3083 ὅτι
570 3028 693 3081 οὐδὲ
742 3027 994 3097 Σολομῶν
1044 3028 1101 3080 ὲν
1163 3028 1313 3097 πάσῃ
1365 3030 1429 3096 τῇ
1480 3027 1607 3098 δόξῃ
1649 3028 1815 3080 αὐτοῦ

225 3122 646 3193 περιεϐάλλετο,
666 3120 742 3182 ὡς
769 3120 826 3171 ἓν
851 3118 1076 3182 τούτων,
1119 3118 1289 3172 ποιῶν
1337 3119 1543 3171 τούτων
1567 3120 1674 3172 τῶν
1700 3122 1816 3189 μετ’

225 3214 413 3281 ὀλίγον
436 3211 854 3281 ἐμϐαλλομένων
902 3210 982 3273 είς
1011 3209 1263 3279 κάμινον.
1300 3229 1318 3260 ι
1348 3211 1409 3262 Εἰ
1439 3210 1495 3262 δὲ
1542 3210 1649 3262 τῶν
1676 3210 1818 3264 οὕτω

231 3306 439 3377 μικράν
481 3321 602 3356 τινα
655 3301 1011 3372 πληρούντων
1056 3300 1368 3372 ἀνθρώποις
1409 3301 1599 3372 χρείαν
1627 3302 1817 3370 (πόσον

225 3403 342 3473 γὰρ
367 3404 560 3470 ἀνάψει
586 3400 698 3470 πῦρ
726 3403 759 3471 ἡ
795 3400 1013 3470 καλάμη
1041 3400 1150 3453 τῶν
1177 3400 1410 3472 κρίνων;
1445 3401 1516 3452 Ἦ
1550 3400 1643 3451 τοῦ
1675 3397 1817 3469 χρώ-

228 3509 401 3561 ματος
430 3492 489 3544 τὸ
519 3493 679 3553 ἄνθος
706 3493 798 3544 ἐπὶ
847 3493 1015 3544 πόσον
1063 3493 1339 3561 χαριεῖται
1385 3490 1484 3561 τὴν
1512 3490 1707 3560 τέρψιν
1740 3488 1817 3559 τῷ

223 3582 498 3651 δμματι),
556 3582 824 3652 τοσαύτην
871 3584 898 3634 ὁ
950 3582 1081 3644 Θεὸς
1116 3583 1214 3652 τὴν
1244 3581 1501 3650 πρόνοιαν
1538 3581 1674 3651 ἔχει,
1700 3581 1818 3644 πῶς

222 3674 352 3743 οὐχὶ
384 3671 565 3742 πολλῷ
599 3672 821 3740 μᾶλλον,
847 3673 943 3725 καὶ
961 3674 1281 3744 ἀσυγκρίτῳ
1306 3674 1561 3743 διαφορᾷ,
1590 3675 1699 3725 τῶν
1721 3674 1817 3725 ἀν-

225 3762 505 3834 θρώπωνς
570 3762 727 3815 Οὕτω
760 3762 890 3831 γοῦν
950 3764 1010 3816 οὐ
1075 3763 1299 3835 μόνονὴ
1342 3763 1451 3816 τῶν
1517 3763 1818 3833 στρουθίων

226 3856 677 3923 ἁνεῖταιγένεσίς
704 3873 785 3919 τε,
807 3856 899 3908 καὶ
916 3854 1165 3925 αὔξησις,
1197 3857 1291 3907 καὶ
1315 3854 1545 3925 διαμονὴ
1570 3853 1647 3925 τῷ
1676 3854 1815 3923 Θεῷ,

227 3951 328 4002 καὶ
361 3948 525 4001 πάλιν
560 3950 593 4015 ἡ
622 3947 763 3999 κατὰ
796 3948 921 4009 τοὺς
947 3947 1182 4008 οἰκείους
1217 3947 1444 4014 καιροὺς
1471 3944 1649 4008 λύσις,
1681 3944 1821 3997 ἀλλὰ

228 4044 328 4096 καὶ
352 4044 386 4113 ἡ
415 4041 524 4093 τῶν
578 4043 637 4093 ἐν
671 4040 749 4110 τῷ
798 4039 954 4110 ἀγρῷ
982 4039 1224 4109 βοτανῶν
1246 4054 1262 4070 ⁸
1305 4037 1415 4090 ἀπὸ
1443 4038 1550 4107 γὰρ
1575 4037 1667 4089 τοῦ
1701 4037 1819 4100 ἑνὸς

232 4136 416 4198 εἴδους
450 4134 547 4187 καὶ
574 4136 702 4203 περὶ
730 4133 839 4186 τῶν
872 4134 1047 4185 ἄλλων
1076 4131 1182 4183 τῶν
1202 4130 1479 4201 ὁμογενῶν
1509 4133 1537 4183 6
1579 4130 1739 4192 αὐτὸς
1756 4130 1820 4181 ἂν

224 4229 336 4298 τῆς
384 4228 711 4289 ἀκολουθίας
761 4226 1028 4279 διαϐαίνει
1090 4225 1286 4292 λόγος·
1333 4223 1506 4285 οὕτως
1548 4224 1611 4276 οὐ
1660 4223 1821 4292 μόνον

1914 1765 2099 1803 rarum
2173 1751 2309 1813 loca,
2364 1756 2478 1802 tum
2526 1748 2640 1817 ipsa
2670 1747 2827 1800 insita
2856 1746 3172 1800 [nominibus
3204 1746 3345 1800 ratio
3379 1761 3501 1815 quae

1913 1841 2174 1911 postulat,
2204 1852 2280 1903 ut,
2336 1841 2428 1909 qui
2463 1855 2550 1893 res
2576 1854 2607 1893 e
2650 1840 2827 1893 nihilo
2861 1838 3071 1902 eduxit,
3114 1847 3281 1906 atque
3310 1838 3502 1907 dispo-

1914 1934 2043 1998 suit,
2090 1933 2206 2003 ipse
2252 1934 2542 2002 productas
2595 1931 2892 1985 secundum
2948 1928 3301 1999 providentiae
3331 1926 3502 1981 ratio-

1916 2044 2038 2083 nem
2064 2028 2355 2096 unicuique
2389 2032 2810 2080 consentaneum
2853 2030 3163 2084 conservet,
3195 2030 3359 2088 atque
3398 2035 3501 2088 gu-

1914 2124 2127 2176 bernet.
2181 2121 2448 2186 Quoniam
2510 2130 2565 2172 et
2621 2118 2735 2187 ipse
2763 2115 3091 2185 Redemptor
3138 2122 3345 2174 noster,
3374 2126 3499 2166 cum

1917 2227 2017 2265 nos
2038 2226 2103 2264 ex
2140 2210 2500 2263 humanarum
2533 2221 2714 2259 rerum
2758 2204 2929 2257 nimio
2980 2202 3182 2266 studio,
3222 2201 3503 2269 nimiaque

1916 2303 2197 2356 curatione
2242 2306 2588 2369 pet-amanter
2643 2307 2931 2361 avocaret;
2986 2308 3151 2367 atque
3183 2302 3236 2347 ut
3270 2309 3299 2347 a
3328 2292 3503 2347 ﬂuxo-

1917 2405 2037 2443 rum
2077 2390 2517 2457 caducorumque
2559 2387 2826 2440 honorum
2881 2384 3249 2439 sollicitudine
3299 2384 3502 2437 libere-

1918 2497 2043 2535 mur
2087 2490 2533 2549 avertamurque,
2565 2478 2725 2532 nobis
2769 2478 3058 2542 suaderet;
3100 2491 3208 2529 non
3242 2490 3272 2528 a
3316 2490 3503 2544 passe-

1916 2574 2069 2628 ribus
2120 2573 2498 2627 tantummodo
2546 2581 2599 2625 et
2627 2572 2751 2625 aliis
2784 2571 3096 2624 volatilibus
3151 2569 3501 2623 utilissimam

1916 2667 2058 2721 hanc
2081 2666 2515 2721 cohortationem
2558 2678 2791 2718 exorsus
2822 2673 2928 2723 est.
2973 2662 3068 2715 sed
3096 2662 3164 2714 ab
3195 2660 3327 2729 ipsis
3359 2676 3498 2727 quo-

1917 2776 2023 2829 que
2066 2759 2294 2813 herbis:
2365 2757 2577 2811 Etenim
2640 2775 2658 2807 ι
2695 2755 3068 2816 Considerate,
3124 2753 3343 2822 inquit,
3386 2750 3496 2803 lilia

1919 2848 2055 2917 agri,
2096 2847 2371 2916 quomodo
2432 2854 2721 2908 crescunt;
2805 2858 2914 2896 non
2988 2842 3257 2902 latim-aut,
3322 2853 3501 2907 neque

1919 2949 2085 2993 nent:
2126 2958 2144 2990 ι
2203 2939 2397 2992 deinde
2425 2937 2492 2990 de
2549 2935 2860 2989 vestimenti
2910 2933 3176 3005 elegantia
3220 2941 3275 2987 et
3308 2934 3505 2986 decore

1920 3032 2169 3099 adjecit:
2221 3053 2239 3083 ‹
2281 3031 2412 3085 Dico
2466 3041 2671 3090 autem,
2722 3027 2868 3097 quod
2926 3042 3102 3095 neque
3145 3024 3407 3080 Salomon
3447 3024 3504 3077 in

1920 3122 2065 3177 omni
2088 3123 2251 3193 gloria
2289 3137 2387 3174 sua
2429 3130 2725 3187 coopertus
2769 3126 2853 3171 est
2902 3116 3044 3169 sicut
3087 3132 3227 3168 unus
3259 3131 3319 3167 ex
3362 3113 3502 3177 istis,

1917 3217 2009 3285 qui
2039 3214 2198 3284 paulo
2242 3222 2363 3282 post
2394 3213 2447 3265 in
2489 3211 2765 3265 caminum
2809 3207 3255 3261 immittuntur”.
3299 3224 3317 3257 ι
3348 3204 3503 3271 Quod

1918 3306 1960 3359 si
2020 3306 2200 3367 rebus,
2238 3320 2359 3373 quae
2393 3311 2502 3355 tam
2556 3310 2775 3355 tenuem
2829 3299 3121 3351 utilitatem
3179 3307 3507 3363 comparant

1918 3398 2235 3452 hominibus
2297 3395 2559 3465 (quandin
2609 3394 2752 3448 enim
2798 3392 3071 3445 ﬂammam
3122 3391 3213 3443 alit
3266 3391 3504 3442 liiiorum

1918 3486 2125 3539 caulis?
2152 3487 2257 3538 Aut
2291 3485 2531 3554 quandiu
2561 3483 2819 3537 flosculus
2844 3482 3154 3549 variegatus
3176 3480 3339 3534 oculo
3356 3480 3505 3532 oble-

1920 3586 2252 3633 ctamentum
2301 3577 2498 3645 creat?)
2545 3576 2709 3641 Deus,
2744 3575 2881 3629 adeo
2916 3573 3184 3642 providet,
3227 3573 3506 3641 quomolo

1920 3686 2028 3725 non
2057 3672 2230 3725 multo
2260 3670 2453 3739 magis,
2484 3678 2541 3723 et
2571 3669 2840 3722 immenso
2865 3666 3185 3721 discriminc
3221 3665 3501 3718 hominum

1919 3778 2107 3817 curam
2146 3761 2324 3832 gerit?
2365 3762 2444 3815 lla
2483 3775 2617 3815 sane
2654 3774 2761 3812 non
2806 3772 3054 3828 passeres
3083 3757 3374 3819 duntaxat,
3411 3757 3503 3811 sed

1919 3854 2173 3909 cthetba:
2193 3854 2367 3923 campi
2402 3862 2459 3906 ut
2492 3860 2807 3915 nascantur,
2866 3858 3136 3914 crescant,
3186 3858 3239 3903 et
3276 3864 3503 3903 conser-

1921 3956 2133 4011 ventur,
2174 3958 2228 3999 et
2253 3959 2442 3999 rursus
2492 3959 2591 3998 suo
2623 3952 2865 4009 tempore
2905 3940 3197 4004 intereant,
3242 3938 3307 3991 ad
3335 3936 3503 3991 Deum

1923 4038 2188 4107 pertinet,
2221 4033 2666 4101 quandoquidem
2693 4032 2762 4084 ab
2794 4045 2898 4083 una
2928 4030 3111 4098 specie
3140 4029 3207 4082 ad
3249 4044 3335 4082 res
3366 4027 3507 4096 pari-

1924 4140 2006 4184 tcr
2049 4129 2295 4197 ejusdem
2346 4135 2557 4179 natura:
2616 4124 2758 4177 idem
2811 4137 2876 4175 ex
2903 4119 3295 4189 consequentia
3322 4134 3504 4173 sermo

1924 4223 2169 4294 procedit
2195 4240 2207 4275 :
2233 4229 2397 4289 atquc
2426 4218 2501 4271 ita
2536 4232 2641 4270 non
2675 4214 2837 4268 modo
2866 4214 3051 4274 boves,
3078 4213 3171 4265 sed
3192 4213 3337 4281 ipsas
3367 4228 3505 4281 quo-

228 4322 344 4375 τῶν
373 4320 534 4391 βοῶν,
561 4319 699 4372 ἀλλὰ
727 4320 821 4371 καὶ
847 4317 1149 4371 αὐτῶντῶν
1174 4316 1431 4387 ἀπαρχῆς
1454 4315 1816 4385 ἀτελεστέρας

1924 4334 2028 4391 que
2080 4332 2188 4381 res,
2249 4328 2373 4383 qua:
2431 4312 2499 4364 ab
2550 4318 2670 4363 ortu
2698 4322 2799 4361 suo
2820 4306 3002 4360 minus
3035 4306 3270 4359 nobilem
3301 4307 3505 4359 sortita:

231 4414 453 4483 φύσεως
482 4412 860 4482 τετυχηκότων
884 4412 917 4480 ἡ
941 4408 1238 4480 κηδεμονία
1282 4410 1381 4477 τῆς
1410 4406 1558 4469 θείας
1585 4406 1816 4477 ἐξῆπται

1919 4419 2044 4469 sunt
2099 4419 2372 4462 naturam.
2427 4410 2599 4458 amnt
2645 4398 2929 4470 vigilantia
2971 4396 3160 4452 auxilii
3190 4412 3301 4451 non
3341 4396 3505 4451 dese-

235 4510 491 4649 ροξίῗιῦν
518 4596 686 4655 ἐστιν.
704 4593 891 4660 δλέγει
920 4591 1128 4654 Παῦλος
1144 4592 1171 4642 6
1189 4590 1480 4660 μετάρσιος
1508 4587 1813 4659 ἄνθρωπος,

1914 4500 2006 4555 rit.

1986 4588 2127 4654 Quid
2158 4587 2338 4655 itaque
2363 4593 2465 4648 est,
2495 4582 2640 4653 quod
2670 4580 2871 4636 Paulus
2900 4580 3079 4642 docet,
3110 4578 3192 4631 vir
3216 4578 3302 4631 ille
3328 4577 3506 4632 excel-

231 4693 266 4761 ἠ
301 4689 526 4757 γλῶσσα
572 4684 665 4739 τοῦ
713 4684 1049 4753 ἰινεύματος,
1078 4682 1143 4752 ἥν
1191 4681 1341 4732 οὐδὲν
1383 4679 1663 4749 δυσχερὲς,
1695 4678 1816 4729 οὐδὲ

1919 4695 2029 4744 sus,
2072 4678 2244 4732 sancti
2278 4675 2515 4745 Spiritus
2570 4674 2775 4741 lingua,
2829 4685 2991 4740 quam
3052 4668 3185 4722 nihil
3215 4668 3501 4731 absonum,

229 4779 435 4834 πολλοῦ
467 4779 548 4831 δεῖ
564 4776 743 4847 μάχης
776 4776 1114 4844 ἁπτόμενον;
1142 4771 1409 4841 Νομίμων
1432 4772 1541 4839 γὰρ
1572 4769 1816 4822 παλαιῶν

225 4881 311 4942 εἰς
344 4877 452 4946 μ.νή
463 4892 569 4945 μην
605 4872 904 4935 καταστὰς,
936 4870 971 4923 ἃ
990 4869 1160 4922 πολλὰ
1180 4867 1330 4937 παρὰ
1352 4866 1461 4919 τῶν
1490 4864 1699 4931 ἀλόγων
1730 4879 1818 4915 νο-

230 4973 453 5030 μοθετεῖ
484 4968 744 5034 ζώων,δι’
768 4966 991 5019 ἐκείνων
1026 4961 1476 5031 παιδαγωγοῦντα
1490 4960 1551 5012 τὸ
1579 4959 1815 5027 λογικόνο

340 5152 386 5184 ³⁸
409 5150 601 5205 Matth.
643 5164 696 5210 ι,
724 5144 816 5199 29.
937 5143 981 5173 ³⁷
1022 5140 1270 5205 lCoer,
1298 5140 1352 5194 9.

1920 4782 2016 4825 aut
2047 4769 2340 4837 litigiosum
2369 4766 2520 4820 decet
2545 4762 2793 4834 profari?
2820 4760 2963 4813 Sane
2986 4762 3113 4813 dum
3148 4760 3233 4811 ille
3261 4767 3504 4810 veterum

1925 4864 2116 4933 legalia
2163 4867 2432 4930 praecepta
2463 4859 2518 4911 in
2561 4866 2798 4910 mentem
2849 4860 3153 4912 revocaret,
3185 4866 3304 4919 qua-
3337 4849 3505 4902 multa

1922 4956 1988 5009 de
2022 4955 2197 5008 brutis
2224 4951 2594 5007 animantibus
2624 4956 2891 5010 statuunt,
2927 4954 2984 4999 ut
3008 4958 3103 5013 per
3132 4958 3195 4998 ea
3232 4940 3504 4995 hominem

1468 5138 1512 5170 ³⁸
1547 5137 1739 5193 Matth.
1793 5154 1867 5200 γι,
1901 5136 1990 5191 ‘28.

1797 5260 2005 5317 ΝΟΤίΕ
2018 5300 2033 5315 .

301 5364 421 5437 (6|)
462 5361 661 5437 Noster
690 5359 991 5437 exscriptor
1016 5358 1159 5437 hanc
1182 5355 1537 5437 quaestionem
1568 5354 1620 5406 in
1643 5356 1828 5437 codice

225 5426 321 5491 his
343 5436 622 5493 exaravit;
654 5439 706 5481 ct
735 5426 907 5497 primo
938 5428 1155 5493 quidem
1204 5429 1323 5480 luco
1354 5426 1623 5497 mutilam,
1657 5428 1828 5497 altero

227 5516 418 5559 autem
476 5493 747 5569 integram
788 5509 840 5551 ct
872 5498 1177 5569 absolutam
1221 5496 1500 5569 exhibuit.
1535 5493 1707 5559 llujus
1748 5496 1823 5569 rei

230 5591 407 5629 causa
468 5565 723 5631 iniu—nisi
754 5568 1083 5635 conjecturis
1143 5566 1421 5632 indulgere
1454 5566 1534 5617 fas
1563 5576 1663 5617 est.
1698 5565 1823 5633 quia

229 5655 369 5699 tunc
392 5645 458 5695 ad
490 5657 679 5695 vocem
736 5634 888 5707 μέλει
921 5654 1019 5707 pro
1056 5636 1236 5691 μέλλει
1267 5636 1458 5707 (ιειιιος
1491 5634 1742 5707 advertit,
1772 5644 1826 5687 et

232 5729 494 5783 magnam
534 5704 816 5783 orationis
886 5704 1090 5783 partem
1124 5706 1302 5783 verbis
1333 5706 1452 5783 istis
1477 5704 1821 5783 interjcctam

223 5775 469 5841 cirrisit:
514 5782 709 5838 deinde
748 5775 896 5836 vero,
921 5777 1307 5833 vocabulorum
1345 5775 1703 5830 similttudiue
1732 5775 1826 5830 de-

1933 5366 2148 5425 ceptum
2215 5373 2271 5410 se
2327 5358 2601 5420 sentiens,
2661 5356 2901 5409 laborem
2946 5365 3104 5425 suum
3162 5342 3503 5425 instauravit,

1934 5416 2251 5493 addiditque
2281 5428 2419 5479 hanc
2448 5416 2760 5495 ἐπιγραφὴν
2819 5416 3462 5495 secuntlzn_exscriptiuni
3489 5432 3503 5465 :

1932 5498 2079 5564 Λῦτη
2109 5491 2490 5566 προγραφεῖσα
2538 5491 2694 5556 αὖθις
2718 5491 3031 5566 γράφεται.
3069 5491 3175 5566 Ego
3205 5504 3351 5547 vero,
3382 5502 3447 5566 ne
3476 5500 3507 5537 α

1930 5558 2273 5631 Coisliniani,
2306 5558 2359 5623 et
2394 5558 3009 5621 Taurincnsis'cotlicis
3045 5560 3235 5631 ordine
3288 5558 3511 5631 recede-

1933 5657 2068 5704 rem,
2102 5628 2273 5705 ipsam
2306 5639 2572 5707 integram
2610 5637 2722 5690 aedi
2768 5650 2878 5691 smn
2936 5630 3173 5693 reSIitui,
3227 5638 3386 5699 atque
3419 5628 3511 5681 hic

1930 5711 1982 5764 in
2014 5711 2188 5765 lucem
2216 5710 2477 5765 edendam
2505 5708 2713 5778 putavi.
