4084 6450
628 337 734 402 223

1773 332 2041 395 ΡΗΟΤῙΙ
2082 332 2207 395 ΡΑἸ

2317 334 2590 397 ARCFUE
2624 336 2733 397 (ΞΡ.
3764 341 3850 402 224

623 452 877 507 erudiant
908 448 1096 519 (veluti
1135 463 1243 503 non
1292 448 1461 505 licere
1496 448 1571 516 ei,
1599 446 1693 519 qui
1729 448 1909 517 pullos
1944 450 2130 503 avium
2171 464 2201 505 e

2312 446 2414 503 οἷον
2429 452 2489 503 οὑ
2514 451 2594 504 δεῖ
2609 450 2856 513 νεοττοὺς
2874 450 3103 521 ὀρνίθων
3130 450 3234 519 τῆς
3251 467 3396 505 vom
3408 452 3473 514 ἃς
3490 450 3850 522 demptam

623 545 753 599 nido
798 541 1106 607 abstulerit,
1159 551 1416 611 parentes
1466 540 1628 595 simul
1688 549 1873 596 tenere
1895 544 1973 610 ³⁹;
2025 557 2125 597 nec
2155 542 2209 596 in

629 624 766 688 lacte
794 634 984 687 matris
1010 648 1123 686 sua:
1162 648 1364 702 agnum
1396 648 1630 702 coquere
1646 633 1724 698 “;
1754 633 1887 695 imo,
1932 634 1975 686 si
2014 633 2208 702 placet.

625 741 725 779 nec
760 725 971 777 vineam
999 725 1169 778 altero
1208 726 1417 779 semine
1440 740 1619 778 serere
1634 725 1716 790 “;
1767 740 1866 779 nec
1909 735 2113 779 vestem
2146 740 2212 778 ex

624 817 792 868 variis
828 824 1138 868 contextam
1174 816 1315 872 liciis
1347 816 1497 869 indui
1525 818 1607 880 “;
1642 826 1697 870 et
1737 816 1889 886 plura
1928 816 1978 869 id
2016 831 2209 885 genus,

625 906 932 972 cujusmodi
963 914 1123 959 estet
1154 906 1285 959 illud
1318 921 1332 958 :
1376 925 1394 957 ι
1430 903 1549 961 Non
1587 906 1840 975 alligabis
1878 921 1939 960 os
1970 907 2091 960 bovi
2119 906 2215 960 tri-

627 998 907 1059 turanti“,
948 1000 997 1065 ι)
1030 998 1141 1059 ille.
1192 998 1442 1067 inquam,
1475 998 1557 1050 vir
1587 998 1721 1066 legis
1747 999 1956 1059 doctor,
1989 1014 2112 1051 cum
2159 998 2210 1051 in

626 1086 792 1152 hujus
831 1086 962 1154 legis
993 1088 1209 1139 abolitre
1241 1103 1339 1139 usu
1390 1096 1549 1140 natus
1582 1096 1751 1150 esset,
1786 1102 1851 1140 ac
1886 1088 2048 1140 vellet
2090 1086 2213 1140 inde

632 1177 1069 1229 Culmrlaliunelll
1116 1177 1382 1241 exordiri,
1428 1178 1571 1241 quod
1606 1193 1821 1246 nempe,
1862 1178 1953 1247 qui
1986 1179 2119 1231 alios
2144 1178 2211 1231 ad

633 1269 886 1321 virtutem
938 1269 1147 1329 incitat.
1202 1270 1301 1321 hac
1351 1270 1500 1336 prius
1529 1268 1725 1322 debeat
1761 1270 1876 1338 ipse
1910 1270 2134 1339 pollere,
2160 1278 2214 1323 et

633 1360 712 1411 sic
742 1359 936 1412 deinde
979 1360 1258 1413 auditores
1286 1360 1350 1412 ad
1397 1360 1753 1415 imitationem
1805 1362 2063 1426 allicere;
2103 1362 2213 1415 imo

626 1450 813 1510 etiam.
872 1451 1015 1519 quod
1062 1460 1313 1517 upon-teat
1361 1452 1670 1506 laborantes
1732 1452 1912 1506 debita
1965 1452 2213 1507 mercede

627 1557 734 1594 non
807 1540 1045 1595 fraudari
1084 1560 1097 1595 :
1145 1543 1260 1597 hiec
1315 1559 1379 1595 ex
1439 1542 1642 1612 Moysis
1692 1560 1911 1613 quoque
1941 1545 2057 1612 lege
2095 1546 2211 1611 ipse

628 1648 928 1701 personans
960 1636 1203 1689 subdidit
1237 1654 1250 1689 :
1288 1655 1307 1687 ι
1358 1635 1475 1689 Νοιι
1523 1637 1777 1705 alligabis
1806 1653 1867 1690 os
1894 1636 2017 1690 bovi
2052 1637 2211 1690 tritu-

628 1728 791 1781 ranti.
830 1745 846 1777 ι
884 1726 1083 1781 Deinde
1108 1744 1171 1780 ne
1200 1729 1322 1797 quis
1345 1728 1547 1782 diceret
1574 1748 1585 1783 :
1616 1727 1758 1794 Quid
1796 1731 1992 1782 bovum
2030 1745 2205 1799 genus

627 1818 693 1871 ad
726 1819 1004 1872 hominum
1040 1820 1335 1873 naturam?
1382 1818 1618 1889 Subjicit
1652 1841 1663 1875 :
1700 1820 1820 1875 Non
1852 1822 1939 1877 hic
1976 1840 1994 1873 ι
2027 1824 2093 1875 de
2120 1824 2211 1876 bo-

627 1907 727 1961 bus
764 1923 893 1962 cura
918 1919 999 1963 est
1025 1909 1153 1964 Deo.
1188 1928 1207 1962 ι
1261 1908 1391 1962 Nam
1441 1922 1661 1980 propter
1692 1927 1792 1965 nus
1820 1913 1935 1967 haec
1973 1912 2039 1967 de
2072 1914 2208 1981 ipsis

625 2000 799 2067 posita
838 2000 919 2053 lex
950 2012 1068 2067 est;
1110 2017 1217 2055 non
1265 2002 1409 2055 enim
1435 2003 1555 2071 ejus
1589 2004 1957 2073 promulgatio
1987 2005 2204 2058 illorum

625 2092 840 2146 utilitati
908 2092 1137 2146 intendit
1195 2110 1369 2161 neque
1422 2095 1708 2148 brutorum
1758 2097 2207 2166 gubernationem

625 2181 803 2251 legum
834 2182 1197 2239 Mosaicarum
1224 2186 1493 2239 institutio
1530 2186 1630 2239 sibi
1665 2201 1760 2255 pro
1802 2203 1971 2256 scopo
2004 2202 2207 2256 propo-

624 2276 733 2327 suit
760 2290 773 2327 :
803 2275 896 2328 sed
931 2291 1050 2343 qum
1086 2278 1232 2330 circa
1262 2278 1367 2331 alia
1399 2287 1687 2332 versantur
1730 2279 2053 2342 animantia,
2094 2280 2209 2333 hinc

622 2364 795 2415 nostri
818 2366 991 2430 gratia
1019 2369 1225 2419 sancita
1258 2376 1403 2419 sunt.

695 2455 805 2509 Deo
843 2458 1027 2526 itaque
1062 2473 1207 2511 cura:
1242 2467 1371 2512 sunt
1413 2457 1597 2522 boves,
1633 2466 1768 2511 utet
1799 2459 1918 2514 alia:
1946 2469 2211 2515 creaturae

623 2562 732 2601 non
763 2547 898 2601 adeo
922 2564 1049 2601 vero
1076 2558 1133 2602 ut
1161 2565 1259 2618 pro
1290 2550 1395 2602 illis
1432 2551 1573 2619 leges
1622 2564 1863 2618 quoque,
1896 2560 1948 2604 et
1984 2552 2208 2620 regimi-

623 2639 710 2692 nis
741 2638 965 2700 formas,
1008 2641 1306 2692 secundum
1350 2656 1487 2709 quas
1518 2642 1781 2705 viverent,
1833 2642 2123 2707 conderet;
2155 2652 2210 2695 at

626 2731 827 2798 potius,
855 2731 897 2784 si
924 2730 1066 2799 quod
1092 2732 1156 2785 de
1178 2732 1283 2786 illis
1308 2734 1510 2800 prodiit
1540 2741 1833 2796 statutum,
1892 2734 1943 2786 id
1979 2749 2077 2803 pro
2106 2736 2209 2788 hu-

626 2834 787 2874 mana
840 2821 1093 2885 utilitate,
1149 2831 1202 2876 et
1252 2822 1540 2890 disciplina
1598 2826 1800 2877 meruit
1852 2825 2206 2895 promulgari.

624 2913 802 2980 Atque
824 2912 874 2965 id
910 2912 1078 2981 magis
1116 2916 1397 2985 magisque
1424 2930 1487 2969 ex
1515 2915 1727 2969 caeteris
1758 2918 1967 2984 pariter
1995 2919 2209 2987 perspi-

624 3005 768 3056 citur
810 3004 1203 3069 animantibus,
1231 3005 1299 3059 de
1331 3005 1530 3075 quibus
1560 3008 1708 3061 nulla
1745 3009 1922 3079 legum
1952 3011 2083 3063 latio
2110 3026 2211 3079 po-

2316 543 2554 604 καὶτοὺς
2603 542 3000 612 γεγεννηκθτας
3038 543 3371 612 λαμϐάνειν·
3420 542 3535 595 οὐδ’
3575 543 3716 611 ἕψειν
3744 548 3855 614 ἄρνα

2314 636 2372 687 ἐν
2400 634 2631 702 γάλακτι
2666 634 2871 706 μητρὸς
2922 634 3111 699 αὐτοῦ,
3144 638 3191 687 εί
3217 635 3393 705 βούλει
3435 635 3518 699 δὲ,
3552 634 3681 704 μηδὲ
3706 635 3857 705 διαιρέω·

2318 741 2430 795 ροις
2495 725 2772 792 σπέρμασι
2827 723 2917 776 τὸν
2963 724 3258 793 ἀμπελῶνα
3312 723 3855 792 κατασπείρεινοοῦδ*

2318 817 2533 885 ίμάτιον
2559 816 2833 885 διαφόρων
2866 816 2930 867 ἐκ
2988 814 3247 885 νημάτων
3298 814 3619 884 ὑφασμένον
3650 816 3856 883 περιδύε-

2317 908 2471 961 σθαιο
2494 907 2587 960 καὶ
2620 907 2787 959 πολλὰ
2817 905 3065 965 τοιαῦτα,
3084 899 3159 957 ὧν
3183 908 3297 958 ἐστι
3325 908 3421 957 καὶ
3447 907 3531 957 τό·
3560 923 3581 956 ι
3617 906 3690 958 Οὐ
3714 906 3857 972 φιμώ-

2317 1015 2428 1061 σεις
2454 997 2579 1065 βοῦν
2627 996 2889 1049 ἀλοῶντα.
2919 1014 2938 1047 ι
2985 996 3074 1047 Ἐν
3103 996 3260 1065 χρείᾳ
3292 996 3475 1047 τοίνυν
3528 997 3557 1047 ὁ
3586 994 3863 1063 νομομαθὴς

2315 1093 2541 1151 ἐκεῖνος,
2574 1087 2863 1157 ἄνθρωπος
2911 1086 3006 1140 τοῦ
3063 1089 3300 1156 πάρετος
3322 1088 3435 1153 (62)
3469 1086 3704 1153 νομίμου
3734 1102 3862 1151 γεγο-

2315 1180 2442 1244 νὼς,
2472 1179 2724 1233 κάκεῖθεν
2752 1179 2994 1247 ὑφαίνων
3015 1180 3113 1249 τὴν
3133 1180 3481 1246 παραίνεσιν,
3504 1176 3581 1238 ὡς
3607 1176 3686 1227 δεῖ
3698 1176 3779 1227 τὸν
3802 1175 3863 1237 είς

2316 1271 2515 1343 ἀρετὴν
2545 1272 2764 1339 ἐτέρους
2808 1270 3279 1339 προτρεπόμενον,
3333 1268 3502 1322 αὑτὸν
3530 1268 3730 1336 ταύτης
3753 1268 3861 1319 ἀπο-

2314 1364 2499 1417 λαύειν
2534 1365 2819 1434 πρότερον,
2874 1358 2974 1415 εἷθ’
3025 1361 3200 1425 οὕτως
3245 1362 3339 1415 ἐπὶ
3371 1360 3478 1432 τὴν
3517 1361 3747 1429 μίμησιν
3764 1360 3865 1421 τοὺς

2314 1457 2589 1527 ἀκροατάς
2620 1453 2956 1524 παρακαλεῖν
2982 1469 2997 1485 ο
3108 1455 3155 1506 εί
3188 1452 3387 1521 βούλει,
3426 1452 3563 1514 τοὺς
3592 1450 3863 1511 κοπιῶντας

2313 1549 2413 1617 τῆς
2437 1548 2543 1602 ἀπὸ
2587 1547 2697 1599 τῶν
2755 1546 2931 1599 πόνων
2990 1544 3347 1615 παραμυθίας
3388 1544 3469 1613 μὴ
3512 1542 3861 1611 ὑστερεῖσθαιυ

2313 1638 2488 1693 ταῦτα
2513 1638 2607 1691 καὶ
2630 1637 2717 1690 διὰ
2745 1638 2842 1705 τῆς
2867 1634 3167 1703 διωσαῖκῆς
3188 1633 3519 1703 νομοθεσίας
3562 1632 3863 1701 συγκροτῶν,

2314 1730 2641 1798 ἐπήγαγενοι
2673 1726 2749 1781 Οὐ
2774 1724 3041 1795 φιμώσεις
3075 1723 3201 1793 βοῦν
3213 1722 3482 1777 ἀλοῶντα.
3510 1740 3530 1771 ι
3560 1717 3687 1773 Εἶτα
3711 1721 3789 1773 ἵνα
3808 1721 3865 1787 μή

2309 1840 2393 1884 τις
2440 1823 2567 1891 είπῃ
2606 1835 2620 1849 ·
2670 1820 2727 1872 'H
2756 1819 2807 1871 τί
2832 1818 2967 1886 πρὸς
3000 1816 3301 1887 ἀνθρώπων
3333 1815 3503 1882 φύσιν
3532 1813 3595 1865 τὸ
3626 1812 3727 1865 τῶν
3755 1810 3865 1879 potin

2310 1916 2495 1984 γένος;
2520 1931 2539 1965 ‹
2568 1912 2641 1964 Οὐ
2661 1910 2765 1963 τῶν
2790 1909 2946 1978 βοῶν,
2964 1909 3150 1979 φησιν,
3182 1906 3417 1960 ἐνταῦθα
3453 1904 3610 1974 μέλει
3634 1901 3862 1972 τῷΘεῷ.»

2310 2005 2386 2058 Δι’
2420 2005 2567 2073 ἡμᾶς
2597 2003 2706 2072 γὰρ
2739 2004 2767 2055 ὁ
2797 2000 2880 2054 ἐπ’
2916 2001 3100 2063 αὐτοῖς
3131 1999 3291 2067 ἐτέθη
3323 1998 3494 2068 νόμος
3522 2014 3537 2027 ο
3565 1998 3625 2050 οὐ
3653 1996 3751 2065 γάρ
3773 1996 3865 2063 ἔχει

2311 2096 2732 2167 προηγουμένην
2753 2094 2851 2162 τὴν
2880 2091 3029 2144 θέσιν
3067 2089 3150 2144 ἐπ’
3198 2089 3423 2143 ἐκείνων
3449 2104 3465 2118 ⁸
3501 2088 3624 2140 οὐδε
3654 2087 3746 2154 τῆς
3777 2084 3865 2136 τῶν

2309 2188 2520 2254 ἀλόγων
2543 2186 2815 2247 πολιτείας
2846 2185 2879 2255 ἡ
2910 2182 3179 2253 Μωσαῖκὴ
3206 2180 3505 2251 νομοθεσία
3540 2178 3858 2247 στοχάζεται·

2309 2279 2425 2334 ἀλλ’
2457 2279 2600 2349 ἅπερ
2630 2278 2840 2349 ἑτέροις
2896 2276 3188 2347 περιετέθη
3240 2272 3594 2345 προσώποις,
3626 2270 3787 2323 ταῦτα
3809 2267 3860 2320 δι’

2308 2375 2457 2444 ἡμᾶς
2488 2373 2710 2444 seton.

2380 2468 2549 2519 Μέλει
2582 2465 2679 2535 μέν
2712 2464 2820 2535 γὰρ
2849 2463 2957 2516 τῶν
2990 2462 3129 2533 βοῶν
3166 2459 3243 2530 τῷ
3272 2459 3416 2530 Θεῷ,
3451 2458 3646 2527 ὥσπερ
3675 2456 3761 2509 καὶ
3775 2453 3861 2505 τῶν

2310 2560 2485 2613 ἄλλων
2536 2558 2853 2626 κτισμάτων
2872 2571 2886 2587 ’
2945 2554 3081 2607 ἀλλὰ
3113 2554 3213 2621 οὐχ
3239 2551 3381 2604 ὥστε
3430 2551 3565 2621 περὶ
3596 2546 3762 2601 αὐτῶν
3787 2545 3856 2597 καὶ

2310 2653 2507 2720 νόμους
2540 2648 2869 2711 ἐκτίθεσθαι,
2894 2648 2988 2701 καὶ
3026 2649 3126 2717 τῆς
3172 2644 3447 2706 πολιτείας
3500 2643 3721 2703 τύπους,
3762 2636 3856 2690 καθ’

2310 2746 2402 2808 οὓς
2435 2761 2497 2811 γε
2527 2742 2849 2813 βιώσονται·
2885 2738 3021 2793 ἀλλὰ
3058 2737 3156 2792 καὶ
3196 2731 3272 2790 ὧν
3326 2733 3570 2806 προῆλθε
3600 2733 3853 2797 διάταγμα,

2310 2837 2398 2888 διὰ
2447 2836 2543 2905 τὴν
2567 2834 2674 2886 τῶν
2699 2833 2795 2885 ἀνθ
2807 2832 3003 2903 ρώπων
3033 2831 3221 2902 χρείαν
3264 2828 3360 2881 καὶ
3388 2823 3757 2893 παιδαγωγίαν
3781 2819 3854 2887 τὴν

2310 2928 2569 2995 εἰσφορὰν
2603 2922 2942 2977 οίκειώσατο.
2974 2920 3083 2974 Καὶ
3106 2918 3264 2972 τοῦτο
3296 2917 3535 2986 φανερὸν
3564 2913 3713 2967 οὐδὲν
3734 2909 3855 2995 ἐλατ-

2311 3037 2402 3073 τον
2446 3020 2539 3070 καὶ
2590 3020 2655 3070 ἐκ
2714 3016 2822 3068 τῶν
2853 3015 3027 3068 ἄλλων
3082 3011 3237 3076 ζώων
3280 3009 3637 3068 καθίσταται,
3670 2992 3853 3070 περὶῶ

624 3101 733 3150 test
759 3096 1027 3149 exhiberi.
1056 3098 1316 3163 Qumnam
1350 3097 1607 3153 nimirum
1645 3101 1709 3153 de
1759 3102 2026 3165 leonibus,
2061 3118 2207 3171 qum-

2312 3111 2539 3181 οὐδεμία
2565 3109 2742 3180 νόμων
2767 3106 2995 3177 εἰσφορὰ
3024 3104 3406 3157 διαδείκνυται.
3441 3102 3603 3159 ﬂcio;
3628 3096 3728 3165 γάρ
3755 3088 3854 3160 περὶ

624 3202 747 3241 nam
780 3188 846 3241 de
901 3188 1303 3257 clephautibus,
1357 3198 1451 3244 aut
1482 3192 1550 3245 de
1603 3192 1977 3259 unieornibus,
2018 3206 2111 3248 aut
2144 3195 2213 3248 de

622 3278 973 3341 draconibus,
1026 3288 1118 3332 aut
1168 3280 1235 3333 de
1302 3280 1605 3337 innumeris
1672 3284 1791 3337 aliis
1843 3285 2210 3340 animantium

623 3368 935 3437 generibus,
970 3384 1198 3437 quorum
1223 3371 1468 3439 quaadattt
1496 3373 1846 3428 mansuefieri
1880 3386 2207 3441 cernuntur,

622 3468 814 3511 czetcra
848 3475 975 3512 vero
1014 3461 1297 3513 hominum
1329 3460 1760 3518 familiaritatem
1806 3476 1860 3519 et
1915 3468 2210 3522 centuber-

625 3551 776 3604 nium
806 3566 1029 3618 prorsus
1079 3554 1372 3619 refugiunt,
1428 3555 1648 3609 inducta
1679 3556 1762 3611 lex
1803 3559 1919 3611 est?
1946 3560 2058 3612 lloc
2088 3575 2212 3628 pro-

628 3640 769 3695 fecto
792 3656 915 3694 cum
950 3643 1140 3696 beatus
1187 3644 1299 3706 ille,
1328 3655 1381 3697 et
1404 3644 1621 3700 divinus
1666 3649 1766 3713 vir,
1801 3650 2016 3714 melius,
2044 3668 2209 3722 quam

626 3732 806 3800 quivis
853 3731 1014 3793 alius,
1046 3734 1395 3801 comperiret,
1440 3746 1626 3804 utpote
1680 3738 1813 3807 legis
1860 3741 2073 3808 doctor,
2110 3747 2210 3801 Ec-

625 3823 806 3875 clesiae
837 3825 984 3886 tuba,
1014 3832 1067 3877 et
1104 3840 1257 3877 mens
1279 3827 1553 3893 sublimis,
1590 3838 1701 3881 tum
1744 3847 1924 3887 rerum
1953 3838 2199 3892 omnium

627 3913 1020 3983 providentiam
1076 3916 1127 3969 in
1189 3919 1374 3974 multis
1432 3922 1677 3988 epistolis
1732 3923 2041 3993 frequenter
2102 3930 2208 3985 Deo

574 4022 579 4029 '
627 4006 1027 4061 attribuendam
1083 4010 1360 4077 praedicat,
1413 4022 1522 4067 tum
1572 4015 1730 4068 docet
1782 4020 1900 4073 illas
1928 4021 1995 4075 de
2035 4023 2207 4079 brutis

626 4097 791 4167 leges,
820 4115 957 4168 quas
1013 4101 1248 4157 lllosaica
1285 4104 1459 4159 littera
1508 4108 1751 4174 adhibet,
1811 4128 1915 4165 non
1961 4116 2203 4183 ipsorum

627 4188 841 4243 vivendi
895 4208 1140 4245 normam
1190 4195 1439 4261 delinire,
1504 4215 1681 4267 neque
1743 4203 1879 4256 adeo
1914 4207 2073 4260 bruta
2112 4211 2202 4263 llci

628 4278 909 4342 interesse.
946 4292 1005 4335 ut
1027 4289 1187 4338 etiam
1213 4286 1336 4354 jura
1374 4290 1440 4342 ad
1478 4290 1718 4359 ipsorum
1758 4295 2203 4362 gubernationem

628 4376 929 4439 spectantia
999 4379 1396 4440 conscriberet;
1456 4388 1511 4434 at
1572 4384 1754 4450 potius
1812 4387 1925 4441 lure
1986 4391 2051 4443 ad
2118 4392 2203 4444 in-

2315 3204 2541 3256 λεόντων
2570 3219 2583 3267 ;
2642 3202 2725 3263 τίς
2770 3200 2825 3253 δὲ
2858 3216 2922 3250 πε
2935 3200 2986 3268 ρὶ
3015 3196 3342 3264 ἐλεφάντων,
3373 3193 3405 3263 ἢ
3482 3182 3851 3262 μονοκερώτων,

2313 3297 2676 3369 ἢδρακόντων
2718 3294 2880 3362 νόμος
2932 3290 3327 3360 εἰσενήνεκται,
3374 3286 3405 3356 ἢ
3457 3284 3669 3355 μυρίων
3709 3276 3852 3377 ἄλλως

2312 3365 2507 3457 γενῶν,
2543 3384 2617 3441 ὧν
2640 3388 2706 3439 τά
2738 3386 2835 3456 μὲν
2868 3386 3059 3454 ὁρᾶται
3117 3381 3379 3453 χειροήθη
3433 3368 3787 3445 γινόμενα,τά
3809 3365 3852 3417 δὲ

2313 3479 2591 3541 παντελῶς
2621 3478 2717 3548 τὴν
2744 3477 2879 3547 πρὸς
2898 3474 3202 3547 ἀνθρώπων
3240 3470 3481 3541 ὁμιλίαν,
3512 3466 3608 3521 καὶ
3631 3464 3688 3516 τὸ
3711 3459 3848 3528 ὀμορ-

2314 3574 2498 3643 ρόφιον
2525 3570 2959 3638 ἁποστρέφεται;
3022 3565 3195 3620 Τοῦτο
3242 3564 3373 3633 γοῦν
3420 3562 3520 3614 καὶ
3560 3560 3589 3610 ὁ
3620 3551 3847 3643 μακάριξς

2312 3632 2511 3726 ἐκεῖνος
2567 3664 2662 3716 καὶ
2708 3632 2857 3723 ’θείος
2919 3632 3226 3729 ἄνθρωπος,
3258 3632 3424 3723 εἴπερ
3464 3668 3551 3713 τις
3592 3646 3757 3706 ἄλλος,
3782 3632 3850 3690 οἶα

2310 3755 2374 3825 δὴ
2417 3756 2650 3823 μάλιστα
2680 3749 3132 3821 καὶνομομαθὴς,
3179 3745 3358 3810 εἰδὼς,
3388 3745 3491 3813 τῆς
3560 3730 3849 3803 Ἐκκλησίας

2311 3844 2620 3916 ἡσάλπιγξ,
2674 3847 2702 3897 ὁ
2750 3842 2875 3904 νοῦς
2922 3843 2950 3892 ὁ
3007 3840 3322 3909 μετάρσιος.
3365 3837 3461 3888 καὶ
3500 3832 3597 3901 τὴν
3630 3826 3849 3899 “Vivam

2309 3939 2645 4007 ἀνηρτῆσθαι
2677 3936 2893 3989 πάντων
2922 3930 3212 3999 πολλαχοῦ,
3264 3929 3357 3982 καὶ
3390 3926 3649 3983 πολλάκις
3676 3920 3849 4010 evang-

2313 4029 2494 4096 ρύττει
2524 4025 2663 4095 θεῷ,
2704 4026 2798 4076 καὶ
2850 4025 2973 4085 τοὺς
3005 4024 3132 4090 περὶ
3161 4020 3269 4071 τῶν
3310 4017 3523 4084 ἀλόγων
3554 4014 3758 4079 νόμους,
3786 4014 3847 4105 οἷς

2308 4120 2579 4189 ἐχρήσατο
2606 4118 2665 4169 τὺ
2684 4118 2917 4185 γράμμα
2967 4114 3027 4166 τὸ
3060 4110 3372 4171 Μωσαῖκὸν,
3411 4109 3470 4159 οὐ
3508 4105 3594 4158 διὰ
3620 4102 3703 4154 τὸν
3732 4098 3847 4148 ἐκει-

2310 4231 2413 4265 νων
2447 4213 2558 4281 βίον
2598 4209 2954 4276 θεσπισθῆναι
3010 4203 3437 4276 προηγουμένως
3487 4194 3843 4281 ἀποφαίνεται·

2307 4303 2427 4355 οὐδὲ
2455 4301 2709 4353 τοσοῦτον
2768 4297 2949 4352 αὐτῶν
3001 4295 3216 4366 μέλλειν
3274 4292 3352 4362 τῷ
3413 4290 3553 4358 Θεῷ,
3608 4286 3733 4337 ὥστε
3770 4273 3842 4327 καὶ

2309 4393 2543 4463 θεσμοὺς
2595 4394 2675 4454 εἰς
2726 4390 2822 4460 τὴν
2871 4388 3093 4441 ἐκείνων
3138 4383 3411 4439 πολιτείαν
3442 4371 3841 4448 ἁναφερομένηυς

626 4462 817 4517 docilis
868 4464 1075 4519 Judaici
1112 4471 1291 4537 populi
1348 4471 1675 4538 doctrinam,
1724 4479 2075 4547 regimenque
2118 4498 2201 4537 sa-

2312 4462 2755 4555 ἁναγρέιφεσθαι·
2811 4480 2923 4532 ἀλλ’
2983 4481 3075 4531 ἐπί
3132 4476 3503 4543 παιδαγωγίᾳ,
3561 4470 3651 4523 καὶ
3709 4473 3839 4529 νομο-

625 4557 969 4623 pientissimo
1017 4570 1070 4611 et
1111 4562 1328 4615 occulto
1361 4564 1591 4620 consilio
1641 4570 1876 4636 prolata,
1916 4582 1969 4626 et
2010 4575 2200 4631 litteris

624 4645 828 4699 credita
852 4646 1021 4702 fuisse
1048 4651 1233 4705 tradit.

694 4847 845 4901 Patet
874 4847 1074 4918 itaque,
1106 4849 1248 4917 quod
1298 4864 1405 4903 non
1452 4851 1611 4904 modo
1661 4853 1983 4920 prasdieator
2035 4859 2203 4913 docu-

626 4940 821 4993 tuentis
846 4942 1085 5010 magistri
1146 4942 1198 4993 in
1250 4942 1398 4995 nulla
1463 4958 1701 5011 unquam
1751 4961 1806 4997 re
1846 4947 2201 5017 adversetur;

627 5046 809 5084 verum
836 5033 999 5084 etiam
1039 5048 1100 5085 ea
1145 5032 1469 5086 documenta
1502 5037 1917 5091 conﬁrmatione
1951 5042 2202 5094 munian-

628 5132 732 5185 tur,
769 5124 1039 5192 praecipue
1069 5125 1197 5177 dum
1229 5124 1458 5181 diversis
1491 5142 1670 5180 rerum
1701 5134 2039 5196 argumentis
2067 5150 2198 5188 usus

622 5215 985 5271 diversitatem
1009 5221 1395 5273 convenienter
1425 5223 1821 5285 accommodat,
1842 5235 1894 5276 et
1915 5225 1965 5276 in
1998 5228 2196 5294 quovis

624 5322 722 5360 usu
762 5309 1038 5365 doctrinas
1067 5311 1209 5364 inter
1242 5327 1300 5365 se
1328 5312 1613 5367 distinctas
1642 5314 1864 5367 minime
1885 5316 2192 5385 confundit;

624 5397 932 5468 prazbetque
960 5414 1021 5454 se
1053 5400 1156 5469 piis
1185 5401 1318 5456 viris
1354 5417 1627 5467 normam,
1668 5419 1777 5471 quo
1807 5415 1966 5473 pacto
2000 5407 2199 5461 debeat

734 5514 779 5546 ”
810 5514 965 5572 Deu't.
1020 5532 1155 5582 χιιι,
1195 5515 1247 5570 6.

626 5583 721 5638 vit.
763 5601 875 5649 χιιι,
910 5586 1007 5653 l9;
1034 5586 1191 5640 Deut.
1230 5587 1447 5654 xxv,-l;
1489 5588 1509 5642 l
1546 5590 1672 5643 Cor.
1703 5605 1779 5651 Ix,
1807 5591 1859 5643 9.

1357 5515 1405 5591 δέ
1440 5516 1609 5591 Ειιοιί.
1642 5534 1824 5578 xxxiv,
1856 5519 1956 5588 2's;
1994 5521 2149 5576 Deut.
2183 5539 2294 5591 xw,
2320 5524 2412 5577 21.

2309 4579 2463 4647 θεσίᾳ
2492 4576 2585 4628 τοῦ
2612 4574 2883 4645 δυσηνίου,
2913 4572 3006 4623 καὶ
3046 4569 3335 4623 Ἰουδιῖκοῦ
3386 4567 3594 4626 ἔθνους,
3638 4575 3721 4611 και
3764 4555 3840 4622 βψ

2307 4673 2486 4741 θῆναι,
2544 4671 2636 4722 καὶ
2694 4666 3079 4734 ἀναγραφῆναι
3130 4662 3436 4730 cognitam,
3480 4658 3576 4711 καὶ
3617 4660 3836 4705 συνεπτυ·

2302 4763 2479 4833 γμένῃ
2513 4762 2690 4830 κρίσει
2718 4760 3074 4828 παραδίδωσι.

2377 4855 2542 4921 Δῆλον
2586 4849 2701 4916 οὖν,
2754 4852 2827 4913 ὼς
2854 4851 2911 4902 οὐ
2942 4851 3097 4919 μόνον
3152 4847 3303 4899 οὐδὲν
3352 4840 3650 4913 οὔδειμῶςὸ
3688 4836 3832 4929 κῆρυξ

2304 4946 2727 5013 ἀντιφθέγγεται
2759 4942 2893 5012 πρὸς
2928 4944 2995 4994 τὰ
3024 4939 3346 4993 διδασκάλου
3386 4937 3703 5005 διδάγματα⁶
3726 4924 3833 4977 ἀλλα

2304 5039 2394 5089 καὶ
2420 5037 2705 5106 βεϐαίωσις
2730 5036 2910 5087 αὐτῶν
2940 5033 3287 5091 καθίσταται,
3327 5030 3563 5099 μάλιστα
3585 5030 3639 5079 ὲν
3659 5022 3725 5091 τῷ
3743 5018 3833 5069 δια⁶

2302 5131 2453 5199 φὸρῳ
2478 5130 2586 5182 τῶν
2627 5127 2937 5180 ὑποθέσεων
2968 5126 3063 5178 καὶ
3083 5128 3183 5195 τὴν
3209 5125 3476 5194 διαφορὰν
3500 5122 3595 5189 τῆς
3623 5114 3831 5187 χρήσεωῖ

2300 5223 2649 5293 καταλλήλως
2696 5220 3126 5291 διορθούμενος,
3186 5218 3279 5270 ml.
3329 5217 3611 5285 φυλάττων
3662 5206 3827 5293 ἑκάστῃ

2301 5316 2460 5387 χρείᾳ.
2491 5292 2551 5368 to
2579 5315 2679 5384 τῆς
2730 5314 2964 5383 θεωρίας
2984 5312 3402 5381 διακεκριμένον
3425 5308 3727 5375 ἁσύγχυτον,
3755 5292 3829 5387 111‘-

2310 5382 2469 5479 voao‘v
2488 5411 2599 5471 τοῖς
2627 5382 2909 5459 εὐσεϐέσιν
2933 5404 3124 5457 ἑαυτὸν
3150 5402 3449 5473 προτιθεὶς,
3475 5402 3613 5461 ὅπως
3628 5390 3720 5466 χρὴ
3742 5382 3830 5437 τῶν

2524 5524 2567 5554 ⁸¹
2603 5521 2762 5575 Deut.
2800 5536 2937 5587 χχιι,
2962 5520 3017 5576 9.
3113 5518 3158 5551 δ’
3196 5518 3356 5572 Deut.
3388 5513 3609 5581 xxn,ll.
3677 5505 3719 5538 ”
3743 5499 3825 5554 Le’

2144 5683 2377 5739 NOT/E.

697 5766 807 5838 (δὲ)
840 5770 912 5823 Τὸ
946 5772 1182 5843 παρέλου
1247 5773 1431 5832 sulIice
1484 5775 1561 5848 τῷ
1589 5779 1841 5851 πάρετος,
1886 5784 1979 5831 aut
2022 5776 2199 5833 scribe

2312 5779 2367 5849 ,ρ’
2400 5775 2572 5843 ἔθνος,
2608 5776 2733 5847 legis
2768 5776 2822 5830 in
2852 5783 2999 5846 gente
3028 5790 3124 5829 sua
3158 5772 3395 5845 vigentis.
