4084 6432
296 308 403 371 225

1256 310 1352 369 AD
1389 308 1985 371 AMPHILOCIIIUM
2017 312 2364 385 QUIESTIO
2398 319 2579 381 XXX.

3458 326 3565 390 2‘25

296 425 458 496 ιερῶν
510 422 672 497 ἡμῶν
715 421 927 492 Λογίων
987 422 1080 477 τὸν
1123 421 1249 477 νοῦν
1316 424 1652 494 ἀνιχνεύειν’
1690 426 1781 478 καὶ
1806 424 1866 496 τᾷ

1989 439 2271 484 sacrarum
2308 430 2631 486 Litterarum
2668 446 2863 487 sensus
2924 431 3259 502 investigari,
3319 448 3421 489 nec
3470 451 3569 504 pro

289 516 571 589 προχείρῳ
626 515 737 569 τῶν
788 514 1088 586 ῥημάτων,
1137 516 1237 587 τῆς
1288 518 1530 583 διανοίας
1586 519 1879 588 ἀντιφθεγ-

287 609 536 679 γομένης
562 648 578 674 ,
646 608 885 679 μάλιστα
934 607 1012 679 μὴ
1051 608 1195 664 κατά
1249 610 1312 663 τὸ
1368 612 1501 680 ῥᾷον
1561 611 1881 683 παρασύρε-

292 697 443 753 σθαι.

368 791 621 843 Ἐνεστιν
645 790 739 844 οὖν
772 790 1080 861 διδασκάλῳ
1112 792 1191 863 τῷ
1211 792 1376 864 κοινῷ
1413 795 1512 865 τῆς
1553 795 1881 866 Ἐκκλησίας

284 882 600 953 διδασκάλῳ
621 883 928 953 χρώμενον,
962 881 1044 949 οἷς
1072 886 1214 957 ἔρως
1246 887 1345 957 μὲν
1370 888 1695 959 ήεύσὲϐεια.
1718 889 1879 960 ἔργον

290 973 355 1027 δὲ
418 973 611 1042 σοφίας
656 976 690 1044 ἡ
750 974 1045 1046 διάκρισις,
1094 977 1187 1031 καὶ
1216 977 1251 1047 ἡ
1289 978 1497 1031 ἀνωθεν
1550 977 1660 1032 τῶν
1702 978 1879 1047 λόγων

286 1066 473 1135 χάρις,
501 1066 881 1135 ὲναυγάξουσα
921 1067 1067 1122 κατὰ
1107 1067 1344 1139 μίμησιν
1372 1068 1466 1121 τοῦ
1498 1067 1877 1138 καθηγεμόνος

277 1157 671 1227 μεθοδεύοντα,
730 1158 1112 1231 φανερώτερον
1153 1161 1234 1213 ἔτι
1287 1160 1584 1227 δεικνύναι,
1616 1160 1693 1225 ὡς
1725 1162 1876 1216 οὐδὲν

274 1252 310 1319 ἡ
333 1252 565 1322 τοιαύτη
607 1252 716 1307 τῶν
748 1255 1009 1324 ῥημάτων
1074 1256 1270 1326 χρῆσις
1311 1254 1435 1308 οὒτε
1464 1273 1518 1308 τι
1548 1256 1657 1309 τῶν
1714 1256 1881 1327 ίερῶν

274 1342 439 1410 ἡμῶν
494 1342 783 1413 δογμάτων
837 1344 1277 1415 ὲπιλυμαίνεται,
1334 1345 1459 1400 οὔτε
1510 1348 1632 1401 τινά
1682 1348 1875 1418 μῶμον

274 1432 651 1504 ἑπιτρίϐεται,
685 1434 823 1489 ἀλλά
858 1436 952 1490 καὶ
982 1436 1296 1491 τούναντίον
1326 1437 1473 1492 ἅπαν
1496 1439 1557 1492 τὸ
1582 1439 1874 1511 σύμφωνόν

272 1539 338 1575 τε
375 1525 469 1578 καὶ
501 1523 827 1596 ἀδιάϐλητον
882 1526 1303 1597 συνεργάζεται.
1337 1521 1463 1581 υἷον
1496 1528 1873 1598 ἀσπλαγχνίας

277 1632 365 1678 τις
403 1616 500 1669 καὶ
545 1618 932 1689 ἀσυμπαθείας
966 1618 1246 1688 μεθέλκων
1278 1620 1479 1691 τινά,ῆ
1510 1621 1642 1689 πρὸς
1691 1621 1870 1691 ἀπλη-

282 1708 439 1762 στίαν
470 1709 704 1778 ρἐυσαν
744 1712 1111 1779 ἀναχαιτίζων
1158 1711 1406 1784 γνώμην,
1437 1713 1471 1782 ἢ
1504 1715 1625 1777 ταῖς
1659 1712 1871 1781 ίγνύσιν

282 1801 643 1871 ἀμφοτέραις,
675 1802 737 1856 τὸ
760 1802 1054 1874 λεγόμενον
1085 1805 1216 1876 (65),
1249 1806 1676 1875 ὲπιχωλαίνοντα
1709 1807 1873 1877 ἀνορ-

280 1892 393 1947 θῶν
422 1910 504 1957 τε,
530 1894 624 1947 καὶ
665 1895 1067 1967 ὑποστηρίζων,
1121 1897 1215 1951 καὶ
1261 1897 1399 1968 πρὸς
1437 1899 1537 1971 τὴν
1580 1900 1870 1971 σωτήριον,

277 1989 376 2041 καὶ
411 1988 743 2060 μονότροπον
784 1992 1107 2047 ἀπευθύνων
1148 1994 1358 2067 τρίϐον,
1402 1994 1609 2048 τούτων
1639 1996 1870 2051 ἕκαστον

274 2081 382 2149 τῆς
407 2081 603 2149 ἀλόγου
639 2084 815 2155 ῥοπῆς
846 2086 901 2139 εί
935 2104 1019 2151 τις
1053 2087 1245 2153 ἄλλαις
1276 2090 1376 2161 μὲν
1405 2090 1631 2155 πολλαῖς
1668 2109 1872 2163 παραι-

274 2171 494 2226 νέσεσιν
552 2176 839 2247 ἐπέκειρεν
893 2180 1236 2236 ἀνακτᾶσθαι
1268 2225 1283 2249 ,
1334 2183 1571 2255 συνείρει
1617 2184 1673 2237 δὲ
1728 2185 1871 2255 μάλα

271 2264 551 2335 εὐστόχως
587 2285 646 2321 τε
678 2272 775 2323 καὶ
826 2272 1154 2344 ἐπικαίρως·
1178 2275 1239 2329 ού
1272 2276 1381 2347 γάρ
1403 2276 1629 2347 ἔμαθες,
1661 2278 1871 2350 ἀνθρω-

270 2372 369 2419 πε,
390 2358 543 2429 παρά
563 2359 672 2413 τῶν
689 2363 1004 2417 Μωσαῖκῶν
1026 2367 1227 2437 νόμων,
1251 2369 1348 2422 καὶ
1366 2370 1868 2440 παραγγελμάτων,

271 2447 352 2517 μὴ
385 2448 542 2517 ἕψειν
573 2451 712 2523 ἀρνα
748 2456 806 2507 ἐν
828 2455 1062 2525 γάλακτι
1088 2460 1296 2530 μητρὸς
1326 2461 1515 2527 αὐτοῦ,
1543 2462 1678 2532 μηδὲ
1710 2462 1868 2516 σπεί-

270 2555 392 2606 ρειν
414 2539 508 2593 τὸν
554 2542 874 2612 ἀμπελῶνα,
915 2550 1049 2620 μηδὲ
1086 2552 1436 2623 περιϐόλαιον
1467 2554 1653 2626 σαυτῷ
1692 2557 1867 2609 ποιεῖ-

271 2633 423 2698 σθαι,
466 2636 562 2688 καὶ
594 2636 775 2707 βδέλον
809 2640 920 2712 (64)
960 2641 1020 2708 ἐξ
1041 2644 1379 2714 ἑτερογενῶν
1427 2646 1687 2717 νημάτων
1715 2647 1867 2719 ἐρίου

262 2742 328 2778 τε
382 2727 479 2781 καὶ
527 2728 674 2784 λίνου
713 2736 1162 2805 συνυφασμένονς
1193 2738 1261 2789 Ἢ
1288 2737 1353 2790 οὐ
1388 2739 1555 2792 πᾶσιν
1590 2738 1866 2809 ἐπίδηλον,

260 2818 339 2883 ὡς
372 2819 439 2873 τά
460 2820 810 2894 θεσπίσματα
838 2824 1012 2880 ταῦτα
1060 2826 1184 2882 οὔτε
1228 2828 1427 2899 ἀρνῶν,
1471 2829 1566 2883 καὶ
1607 2830 1864 2903 μητρῴου

263 2910 543 2977 γάλακτος
594 2915 1019 2987 προηγουμένην
1084 2917 1198 2987 ἔχει
1226 2919 1327 2990 τὴν
1391 2920 1564 2973 θέσιν·
1603 2920 1719 2972 ἀλλ’
1746 2920 1867 2973 οὐδέ

266 3021 335 3070 γε
356 3006 487 3073 περὶ
519 3005 869 3075 ἀμπελῶνος,
898 3008 959 3061 οὐ
995 3008 1101 3079 μὴν
1133 3010 1251 3064 οὐδὲ
1283 3012 1415 3083 περὶ
1443 3012 1553 3065 τῶν
1581 3012 1866 3083 διαφόροις

277 3094 493 3164 γήμασι
532 3098 964 3169 συντεθειμένων
1013 3101 1390 3171 ύφασμάτων;
1438 3102 1550 3156 Ποῦ
1578 3102 1687 3173 γὰρ
1734 3103 1863 3173 περὶ

271 3186 554 3256 νημάτων,
579 3186 612 3259 ἢ
636 3206 702 3241 πε
711 3188 768 3261 ρ).
790 3190 1155 3259 ἀμπελώνων,
1187 3192 1437 3266 ἢάρνῶν,
1465 3194 1561 3247 καὶ
1589 3195 1863 3263 γάλακτος

266 3278 352 3347 τῷ
406 3278 523 3348 Θεῷ
569 3281 742 3350 μέλει,
774 3282 917 3336 ὥστε
973 3286 1066 3337 καὶ
1125 3285 1312 3356 νόμοις
1373 3285 1703 3340 ὑποϐάλλειν
1761 3287 1860 3341 αύ-

268 3370 363 3432 τά,
396 3372 488 3423 καὶ
522 3372 690 3443 μηδὲν
747 3374 931 3427 αὐτῶν
955 3376 1055 3446 τὴν
1085 3376 1435 3450 ἀνθρωπίνην
1485 3379 1669 3450 φύσιν,
1697 3381 1764 3435 δι’
1795 3383 1862 3454 ἢν

265 3463 488 3515 ἅπαντα
550 3465 828 3537 προήχθη,
881 3467 1185 3539 διαφέρειν.

352 3554 515 3610 Ἀλλά
534 3558 714 3629 δῆλον,
739 3560 820 3612 ὃτι
848 3560 916 3613 δι’
944 3562 1093 3633 ἡμᾶς
1116 3562 1212 3616 καὶ
1229 3564 1542 3636 προύνοήθη
1564 3564 1662 3636 τὴν
1684 3564 1861 3636 ἀρχὴν

257 3649 334 3701 τά
362 3648 610 3714 τοιαῦτα,
683 3652 779 3704 καὶ
812 3652 1107 3723 γράμμασι
1142 3653 1477 3725 διετυπώθη.
1509 3656 1583 3709 Τὸ
1622 3656 1721 3726 μὲν
1750 3656 1861 3710 τῶν

257 3745 472 3815 ἀρνῶν,
505 3746 557 3799 εί
590 3746 769 3817 βούλει
794 3748 873 3813 δὲ,
909 3750 1004 3803 καὶ
1051 3749 1162 3803 τῶν
1201 3750 1520 3821 στρουθίων,
1558 3752 1635 3816 ώς
1668 3752 1735 3806 ἂν
1768 3751 1860 3805 ἐπὶ

214 3838 379 3891 -τῶν
433 3839 646 3908 ἀλόγων
680 3841 740 3894 τὸ
772 3842 1059 3912 συμπαθὲς
1118 3843 1213 3895 καὶ
1269 3842 1647 3916 εὔσπλαγχνον
1698 3845 1857 3898 παιδ-

258 3931 679 4003 αγωγηθέντες,
712 3933 891 4004 πο).λῴ
927 3935 1131 4005 μᾶλλον
1160 3936 1255 3990 ἐπὶ
1283 3937 1391 3990 τῶν
1430 3937 1730 4008 ὁμογενῶν,
1766 3936 1860 3991 καὶ

254 4026 365 4095 τὴν
396 4026 569 4097 αὐτὴν
612 4027 887 4097 λαχόντων
939 4028 1101 4096 φύσιν
1136 4029 1196 4082 τὸ
1227 4030 1611 4100 φιλάνθρωπόν
1637 4046 1695 4082 τε
1718 4072 1732 4096 ,
1762 4029 1861 4083 καὶ

255 4121 358 4172 τὸν
389 4120 539 4173 ἔλεον
586 4113 737 4191 ὦμεν
780 4120 1231 4193 ὲπιδεδειγμένοι.
1260 4121 1336 4175 Τὸ
1364 4123 1420 4176 δὲ
1452 4123 1541 4176 ἵνα
1605 4124 1680 4193 μὴ
1721 4122 1859 4193 πρὸς

259 4213 577 4284 ἀπληστίαν
628 4216 920 4284 κεχηνότες
968 4216 1038 4269 τά
1085 4233 1145 4269 τε
1180 4215 1315 4269 ἀλλα
1358 4215 1641 4284 δυστυχῶν
1682 4214 1860 4286 φερώ-

263 4306 432 4377 μεθα’
460 4306 674 4359 πολλῶν
707 4307 865 4379 γάρὴ
885 4307 1160 4378 ἀπληστία
1186 4306 1373 4361 κακῶν
1397 4306 1590 4370 αἴτιον,
1617 4308 1711 4360 καὶ
1733 4324 1857 4361 συν-

258 4402 553 4471 απορῤεἰν,
590 4399 666 4462 ὡς
690 4401 913 4465 ἐπίπαν,
939 4400 1129 4453 εἴωθεν
1154 4401 1292 4471 αὐτῇ
1327 4400 1441 4464 καὶ,
1473 4398 1503 4452 ὃ
1532 4398 1756 4462 δικαίως
1790 4399 1857 4452 ἂν

1891 3152 1934 3212 C

1985 518 2143 573 obvia
2172 521 2462 575 verborum
2496 523 2735 588 notione,
2770 522 2857 575 ubi
2892 531 3037 577 recta
3085 524 3225 576 ratio
3279 534 3563 595 repugnat,

1985 609 2038 663 in
2068 627 2126 665 re
2158 613 2457 682 pnesertim
2492 613 2636 667 facili
2661 614 2714 668 in
2746 629 2988 668 errorem
3023 614 3241 669 abduci.

2051 786 2221 858 Igitur
2245 788 2525 844 doctorem
2545 792 2718 858 decet,
2751 789 3030 845 communi
3062 792 3321 847 Ecclesiae
3343 790 3569 846 doctore

1982 888 2247 946 utentem,
2286 880 2377 947 iis,
2420 882 2623 951 quibus
2662 882 2815 937 cordi
2864 890 2949 936 est
3011 882 3220 952 religio,
3290 883 3568 952 sapientiae

1980 980 2163 1025 autem
2197 987 2338 1042 opus
2368 982 2453 1027 est
2484 974 2765 1039 discretio,
2795 973 3147 1043 cmlestisque
3174 974 3564 1044 interpretandi

1980 1081 2267 1122 sermones
2293 1068 2488 1137 gratia,
2512 1084 2635 1137 quae
2660 1068 2941 1123 hominem
2975 1082 3035 1122 se
3058 1075 3376 1137 sequentem
3405 1066 3565 1137 quasi

1979 1158 2090 1213 dux
2131 1158 2425 1223 illuminat,
2480 1160 2661 1214 adhuc
2712 1157 3017 1213 evidentus
3074 1158 3381 1221 ostendere,
3422 1158 3567 1224 quod

1978 1252 2103 1305 talis
2134 1266 2418 1307 sacrorum
2464 1252 2814 1307 oraculorum
2878 1265 3013 1306 usus
3041 1266 3145 1304 nec
3185 1248 3407 1320 aliquod
3441 1265 3569 1303 sau-

1977 1354 2192 1400 ctorum
2225 1344 2541 1416 dogmatum
2587 1354 2901 1401 nostrorum
2956 1344 3133 1411 laedat,
3175 1359 3275 1398 nec
3327 1342 3565 1412 aliquam

1978 1445 2165 1491 notam
2194 1446 2506 1504 mereatur;
2540 1438 2634 1493 sed
2668 1437 2934 1507 quidquid
2990 1437 3135 1491 inter
3194 1450 3252 1491 se
3300 1434 3565 1504 refragari

1970 1529 2213 1601 videtur,
2245 1544 2523 1584 consonas
2553 1529 2831 1595 veritates,
2885 1537 2940 1583 et
2991 1528 3126 1582 nulli
3190 1526 3567 1582 criminationi

1976 1621 2249 1677 obnoxias
2283 1621 2561 1676 conﬁciat.
2590 1621 2667 1676 Ita
2695 1636 2826 1675 sane
2872 1620 2917 1676 si
2952 1620 3076 1690 quis
3128 1621 3195 1674 alt
3248 1619 3569 1674 inhumani-

1978 1722 2087 1769 tate
2115 1722 2281 1784 atque
2309 1712 2660 1768 inclementia
2692 1713 2925 1767 alterum
2990 1721 3297 1777 revocaret,
3338 1720 3393 1766 et
3440 1726 3568 1780 pro-

1978 1823 2110 1861 num
2151 1807 2215 1861 ad
2248 1806 2562 1861 aviditatem
2588 1806 2831 1860 animum
2874 1818 3149 1866 coercere,
3187 1812 3283 1857 aut
3331 1812 3567 1873 utroque

1972 1900 2199 1970 poplite,
2234 1906 2293 1953 ut
2327 1898 2500 1965 aiunt,
2538 1897 2936 1954 claudicantem
2977 1897 3209 1966 erigere,
3245 1906 3299 1953 et
3328 1898 3566 1952 solidare

1981 1990 2164 2055 vellet,
2196 2004 2439 2060 cumque
2470 1989 2523 2043 in
2569 1988 2863 2043 salutarem
2910 1998 3227 2058 rectamque
3252 1988 3397 2040 viam
3428 1988 3564 2042 diri-

1974 2098 2102 2153 gere
2133 2101 2147 2138 :
2179 2082 2394 2153 siquis,
2458 2082 2704 2151 inquam,
2749 2093 3198 2151 unumquemque
3250 2080 3443 2134 horum
3493 2079 3563 2134 alt

1973 2172 2083 2227 illis
2111 2172 2311 2227 rationi
2341 2171 2588 2227 adversis
2635 2170 3097 2243 propensionibus
3132 2170 3213 2224 vel
3246 2184 3339 2240 per
3376 2169 3564 2240 plures

1972 2264 2110 2319 alias
2191 2265 2603 2319 adhortationes
2658 2279 2851 2320 eruere
2907 2264 3339 2335 aggrederetur,
3399 2262 3564 2319 nimis

1972 2357 2226 2428 apposite
2255 2366 2673 2427 opportuneque
2700 2356 2995 2425 subjiceret
3022 2372 3035 2409 :
3074 2371 3256 2411 nonne
3300 2355 3561 2422 didicisti,

1972 2464 2006 2503 ο
2033 2450 2218 2514 homo,
2251 2448 2321 2504 ab
2354 2447 2622 2503 institutis
2676 2447 3072 2518 praeceptisque
3110 2446 3385 2513 Mosaicis,
3413 2446 3561 2515 quod

1972 2558 2074 2597 nec
2097 2542 2150 2597 in
2189 2541 2329 2596 lacte
2358 2543 2551 2596 matris
2576 2556 2691 2597 suae
2715 2556 2916 2611 agnum
2946 2541 3131 2612 coqui,
3157 2556 3259 2597 nec
3290 2556 3474 2596 semen
3505 2541 3559 2595 in

1972 2633 2129 2688 vinea
2164 2633 2346 2704 spargi
2378 2633 2561 2698 liccat,
2593 2647 2693 2688 nec
2725 2633 3106 2687 indumentum
3135 2632 3233 2687 tibi
3280 2640 3377 2687 aut
3404 2633 3560 2704 poly-

1971 2727 2158 2781 mitam
2190 2735 2396 2780 vestem
2423 2742 2489 2780 ex
2520 2725 2757 2781 diversis
2789 2724 2947 2793 lanae,
2982 2733 3037 2780 et
3063 2725 3159 2780 lini
3190 2725 3331 2781 liriis
3360 2725 3560 2781 debeas

1969 2818 2304 2873 contexere?
2337 2817 2527 2873 Nonne
2572 2816 2831 2872 omnibus
2871 2826 3209 2886 compertum
3263 2826 3369 2882 est,
3411 2815 3561 2886 quod

1970 2911 2352 2982 hujuscemodi
2379 2919 2711 2966 statutorum
2740 2909 3105 2983 promulgatio
3134 2924 3238 2965 nec
3259 2910 3439 2980 agnis,
3459 2923 3563 2964 nec

1971 3010 2224 3057 materno
2281 3002 2407 3056 lacti
2440 3040 2455 3065 ,
2516 3001 2627 3057 imo
2666 3015 2765 3056 nec
2824 3003 3019 3061 vinem,
3076 3013 3177 3053 nec
3231 2999 3559 3053 vestimento

1969 3094 2204 3149 diversis
2234 3094 2341 3149 ﬁlis
2368 3094 2643 3149 constanti
2698 3093 3037 3164 prospiciat?
3088 3091 3228 3145 Num
3280 3105 3347 3145 co
3386 3105 3564 3161 usque

1969 3184 2082 3249 ﬁla,
2112 3193 2208 3240 aut
2235 3186 2424 3249 vineae,
2457 3193 2553 3239 attt
2573 3184 2720 3254 agni,
2748 3191 2802 3237 et
2833 3183 2917 3237 lae
2942 3180 3053 3237 Deo
3109 3189 3239 3236 sunt
3283 3196 3451 3243 curas,
3498 3189 3563 3235 ut

1970 3278 2182 3349 legibus
2225 3293 2448 3349 quoque
2488 3277 2593 3333 ista
2626 3276 2902 3347 subjiciat,
2940 3284 2994 3331 et
3028 3276 3283 3330 humanae
3330 3282 3561 3340 naturas,

1970 3371 2131 3441 cujus
2160 3370 2335 3439 gratia
2375 3369 2560 3424 omnia
2587 3368 2854 3440 producta
2882 3375 3029 3432 sunt,
3072 3367 3125 3420 in
3167 3366 3314 3420 nulla
3363 3366 3559 3420 harum

1971 3480 2156 3520 rerum
2184 3463 2506 3535 provideat?

2044 3556 2207 3626 Atqui
2239 3562 2583 3626 perspectum
2607 3562 2711 3619 est,
2740 3553 2887 3624 quod
2930 3560 3153 3623 propter
3195 3566 3297 3606 nos
3343 3566 3405 3605 ea
3443 3551 3559 3621 jam

1975 3665 2044 3704 ao
2076 3650 2232 3704 initio
2262 3650 2502 3719 provisa,
2522 3658 2577 3703 et
2600 3647 2793 3703 litteris
2814 3645 3073 3701 mandata
3107 3644 3331 3699 fuerint.
3354 3644 3556 3699 Partim

1971 3741 2141 3810 (quod
2176 3740 2385 3795 scilicet
2415 3738 2482 3794 ad
2514 3752 2707 3808 agnos,
2738 3737 2851 3791 imo
2868 3736 3003 3791 etad
3035 3749 3285 3805 passeres
3316 3734 3556 3804 attinet).

1969 3844 2031 3890 ut
2060 3849 2160 3890 nos
2197 3835 2252 3889 in
2282 3833 2443 3889 bruta
2486 3832 3050 3894 commiserationem,
3106 3837 3161 3883 et
3209 3828 3554 3884 clementiam

1968 3927 2168 3993 edocti,
2190 3926 2364 3981 multo
2390 3925 2566 3997 magis
2594 3925 2674 3980 eis
2694 3924 2977 3993 quigenus
3006 3922 3147 3977 idem
3197 3920 3559 3990 eamdemque

1967 4021 2148 4075 sortiti
2182 4028 2313 4074 sunt
2342 4029 2620 4081 naturam,
2676 4017 3071 4072 humanitatem
3130 4022 3187 4068 et
3239 4012 3557 4068 misericor-

1968 4113 2114 4167 diam
2145 4108 2526 4166 exhibeamus.
2561 4108 2768 4164 Partim
2808 4123 2939 4162 vero
2981 4105 3149 4176 (quod
3210 4104 3279 4159 ad
3337 4105 3553 4159 vineam

1967 4219 2181 4273 nempe,
2218 4212 2273 4256 et
2302 4200 2542 4271 bovem),
2576 4215 2645 4254 ne
2677 4200 2729 4253 in
2762 4198 3079 4252 aviditatem
3105 4196 3475 4266 prolabamur,
3500 4205 3558 4248 et

1967 4295 2101 4350 alias
2134 4294 2299 4349 simul
2335 4294 2607 4362 patiamur
2633 4304 2907 4345 :erumnas
2935 4306 2948 4340 :
2983 4291 3281 4345 multorum
3306 4286 3555 4359 profecto

1966 4390 2237 4444 malorum
2269 4402 2434 4442 causa
2467 4395 2549 4440 est
2572 4382 2828 4449 aviditas,
2856 4391 2912 4437 et
2940 4382 3108 4437 simul
3147 4396 3273 4437 cum
3323 4383 3462 4451 ipsa,
3495 4389 3556 4434 ut

260 4493 404 4560 ἡμῖν
440 4492 502 4555 ἐξ
554 4490 887 4561 αὐταρκείας
936 4492 1308 4562 περιεγένετο.
1361 4492 1442 4545 Τά
1484 4490 1540 4545 δὲ
1578 4492 1857 4563 γεννήμα-

1971 4480 2288 4551 plurimum,
2313 4477 2559 4533 dimuere
2603 4475 2740 4531 solet
2772 4475 2823 4529 id
2851 4490 3091 4545 quoque,
3116 4475 3261 4546 quod
3284 4474 3429 4545 juste
3457 4489 3557 4528 no-

258 4595 334 4639 τα
356 4585 501 4651 (65),
532 4586 618 4637 ἴνα
648 4585 722 4656 μὴ
753 4585 1091 4656 τάςιγνώμας
1121 4581 1274 4655 ὦμεν
1293 4584 1529 4638 ποικίλοι
1546 4602 1628 4651 τε,
1657 4586 1752 4637 καὶ
1771 4602 1860 4638 πο-

258 4677 553 4747 λύτροποι,
568 4678 633 4730 ὲκ
651 4678 923 4747 διαφόρων
942 4679 973 4748 ἢ
995 4680 1303 4748 δογμάτων,
1321 4679 1353 4748 ἢ
1374 4677 1565 4742 ἐθνῶν,
1592 4678 1623 4749 ἢ
1644 4676 1862 4749 βουλευ-

262 4767 507 4839 μάτωνῆ
531 4767 854 4840 ρημάτιυν,ἢ
870 4767 1120 4837 πράξεων
1151 4766 1573 4839 συντεθειμένοι,
1597 4768 1692 4820 καὶ
1722 4766 1860 4837 πρὸς

260 4862 495 4925 ἑαυτοὺς
531 4862 730 4926 ἀθλίως
760 4879 818 4916 τε
846 4864 940 4917 καὶ
976 4862 1399 4932 καταγελάστως
1455 4860 1855 4927 στασιάζοντες.

338 5044 506 5099 Ὥστε
544 5046 609 5098 οὐ
644 5045 804 5115 μόνον
844 5045 1021 5111 οὐδὲν,
1062 5046 1095 5115 ἡ
1142 5044 1237 5098 τοῦ
1281 5044 1571 5099 θεσπεσίου
1642 5044 1858 5100 Παύλου

268 5137 516 5207 μέθοδος,
540 5139 649 5191 οὐδ’
685 5138 801 5209 ήὲξ
822 5136 988 5191 αὑτοῦ
1027 5137 1371 5208 προχεομένη
1422 5136 1533 5190 τῶν
1570 5137 1858 5208 δογμάτων

261 5226 429 5298 αἴγλη
460 5229 587 5292 τοὺς
613 5229 861 5290 εὐσεϐεῖς
897 5227 1194 5297 λογισμοὺς
1226 5229 1306 5290 είς
1336 5228 1683 5298 διιστάμενον
1712 5246 1853 5294 τινα,

250 5323 359 5387 ,καὶ
381 5320 647 5390 σύγχυσιν
678 5320 1011 5392 παρίστησιν
1033 5338 1047 5351 ·
1069 5318 1206 5374 ἀλλά
1242 5319 1337 5373 καὶ
1354 5319 1675 5374 διδασκαλία
1700 5319 1859 5374 δύνα-

1966 4572 2051 4627 bis
2084 4586 2180 4641 per
2211 4569 2580 4640 frugalitatem
2626 4568 2869 4623 obvenit.
2925 4567 3133 4622 Caetera
3188 4566 3425 4636 denique
3485 4566 3555 4620 de

1966 4663 2110 4719 liciis
2144 4676 2209 4718 eo
2243 4668 2515 4733 spectant,
2560 4668 2621 4715 ut
2678 4674 2779 4714 nec
2812 4658 2998 4712 animo
3051 4658 3227 4714 simus
3276 4656 3431 4711 vario
3489 4671 3556 4709 ae

1965 4755 2265 4825 versipelli,
2305 4770 2406 4809 nec
2436 4751 2669 4807 diversis
2720 4751 3016 4823 dogmatis,
3054 4750 3137 4803 vel
3173 4749 3441 4813 moribus,
3466 4748 3551 4802 vel

1967 4849 2238 4911 consiliis,
2265 4848 2346 4901 vel
2379 4846 2582 4907 verbis,
2625 4844 2706 4899 vel
2735 4844 2993 4915 operibus
3053 4841 3414 4903 instruamur,
3454 4855 3555 4895 nec

1966 4941 2261 4997 infeliciter
2296 4946 2351 4994 et
2382 4936 2608 4993 ridicule
2638 4952 2668 4990 a
2704 4936 2864 4990 nobis
2896 4934 2997 5003 ipsi
3032 4931 3419 4989 dissideamus.

2036 5033 2382 5104 Quapropter
2407 5046 2514 5084 non
2551 5028 2716 5084 modo
2761 5026 2870 5082 divi
2902 5025 3056 5081 Pauli
3098 5025 3370 5088 doctrina,
3402 5031 3458 5079 et
3484 5022 3554 5078 ab

1964 5142 2031 5181 eo
2058 5127 2321 5185 emissum
2356 5123 2675 5193 dogmatum
2705 5120 2891 5174 lumen
2946 5118 3001 5173 in
3046 5117 3287 5187 aliquam
3336 5116 3554 5171 dissen-

1965 5223 2175 5278 sionem
2220 5218 2710 5285 confusionemque
2739 5222 2950 5269 mentes
2997 5213 3213 5283 piorum
3268 5210 3553 5266 hominum

1966 5332 2072 5372 non
2111 5312 2321 5370 inducit
2365 5330 2380 5367 :
2414 5310 2507 5365 sed
2529 5308 2693 5363 etiam
2727 5308 2806 5375 hi,
2837 5308 2930 5379 qui
2969 5306 3096 5361 inde
3131 5305 3415 5376 sapientia:
3462 5318 3553 5356 ra-

1790 5474 2030 5534 NOTA'Z.

333 5623 451 5691 (63)
478 5624 555 5678 Τδ
577 5622 871 5693 λεγόμενον
893 5638 924 5677 e
955 5622 1121 5676 tacito
1165 5617 1307 5673 κατὰ
1346 5617 1457 5688 regi
1491 5616 1694 5671 (ἑταίρω
1722 5633 1850 5675 συντ

258 5695 474 5761 τάξεως
500 5696 749 5761 analogia
783 5694 998 5750 suadet.

334 5758 452 5835 (ιιι)
473 5764 589 5821 Nisi
612 5758 808 5829 Βέὖδος
825 5764 1087 5829 reﬁngas,
1108 5761 1321 5815 nullum
1346 5774 1566 5817 sensum
1587 5758 1847 5815 excudes.

649 5860 921 5921 Ρλτιιοι.
964 5857 1083 5919 (in.
1132 5856 1233 5917 Cl.

2035 5615 2149 5686 (65)
2181 5613 2240 5668 in
2273 5605 2800 5686 primaquaastionis
2829 5603 2995 5675 hujus
3024 5597 3395 5670 exseriptione
3434 5603 3555 5655 erat

1961 5676 2198 5759 νήματα,
2231 5676 2395 5754 atque
2418 5680 2471 5738 id
2496 5676 2878 5750 opportunius.
