4084 6482
574 362 678 426 227
1736 359 2002 420 ΡΗΟΤῘΙ
2045 358 2186 418 ΡΑΤ

2193 355 2552 417 ΒΙΛΒΟΗίΕ
2589 354 2700 416 CP.
3720 361 3804 426 29,3

576 481 695 534 dios
721 483 951 548 possunt
993 473 1258 544 aspicere,
1301 468 1505 525 mirum
1538 467 1598 524 in
1633 469 1854 524 modum
1884 469 2160 528 ediscunt,

2193 472 2233 528 Α
2265 484 2356 520 ται
2389 465 2714 536 πρόκεισθαι
2757 463 3048 536 θαυμαστὴ
3085 465 3198 530 τοῖς
3225 466 3437 521 ἐκεῖθεν
3481 465 3576 531 τὰς
3611 468 3700 538 τῆς
3733 489 3804 526 σο-

573 586 685 638 quo
726 578 884 638 pacto
945 567 1119 621 sancti
1156 566 1394 634 Spiritus
1434 562 1660 618 oracula
1719 575 1845 616 cum
1913 560 2163 633 ejusdem

2273 557 2402 624 φίας
2453 558 2681 619 ἀκτῖνας
2709 554 3108 624 ἐναυγάζεσθαι
3167 557 3507 628 δυναμένοις,
3568 559 3698 623 ὅπως
3726 567 3805 633 χρὴ

573 663 814 720 oraculis
843 660 1186 716 concilianda
1210 660 1322 714 sint
1349 658 1485 729 (66).

2273 650 2486 720 διαιτᾷν
2545 649 2684 719 μετά
2737 647 2832 701 τοῦ
2893 648 3212 720 Πνεύματος
3263 651 3330 702 τὰ
3385 649 3480 702 τοῦ
3542 651 3806 722 Πνεύματος

2273 741 2450 806 λόγια.

805 852 1141 920 QUESTIO
1183 853 1350 907 xxxt
1396 852 1493 926 [αι.
1544 852 1736 925 xxx].
1797 853 1910 924 (67)

1710 854 1736 924 |.
1797 853 1910 924 (67)
2833 856 3170 911 armum
3201 856 3323 912 ΑΜ.

572 948 847 1014 Quomodo
880 949 1242 1016 accipiendum
1275 959 1348 1000 est
1381 948 1550 1011 illud,
1599 965 1618 998 ι
1683 947 1861 1000 Potest
1911 946 2050 1000 Deus
2095 944 2162 1000 de

2267 945 2401 1014 Πῶς
2446 947 2702 1014 νοητέον
2729 946 2816 1012 τὸ,
2859 967 2878 998 ι
2912 949 3168 1002 Aﬁr-atat
3197 951 3231 1003 ὁ
3260 950 3406 1015 Θεὸς
3435 950 3505 1003 ἐκ
3534 951 3645 1004 τῶν
3663 954 3812 1008 λίθων

675 1020 942 1089 lapidibus
975 1020 1091 1072 istis
1114 1019 1372 1072 suscitare
1412 1019 1554 1088 ﬁlios
1605 1018 1874 1071 Abraham
1899 1018 1983 1070 ‘5?
2023 1036 2044 1070 ι

2023 1036 2044 1070 ι
2481 1020 2710 1072 τούτων
2731 1018 2950 1086 ἐτεᾷπιι
2983 1018 3166 1072 τέκνα
3196 1018 3278 1084 τῷ
3310 1021 3632 1092 Ἀϐραὰμ;ι

1158 1133 1303 1183 Edita
1329 1131 1525 1182 abAnt.
1562 1133 1752 1191 Scotto,
1779 1132 1811 1179 l.
1836 1144 1900 1190 c.,
1928 1132 2068 1193 p.55.
2100 1130 2501 1183 Commentarios
2531 1130 2583 1180 in
2610 1131 2728 1180 Luc.
2757 1147 2828 1192 ιιι,
2856 1132 2914 1192 8;
2944 1131 3116 1181 Matth.
3152 1147 3225 1192 ιιι,
3249 1132 3296 1181 9.

639 1242 850 1298 Obvius
879 1241 1047 1312 hujus
1081 1241 1289 1296 oraculi
1319 1257 1534 1305 sensus,
1562 1241 1608 1295 si
1636 1241 1958 1310 peuitiorem
1986 1239 2160 1305 signi-

2337 1241 2412 1294 Τὺ
2449 1243 2549 1311 μὲν
2578 1243 2674 1297 οὖν
2707 1244 2999 1315 πρόχειρον
3033 1246 3131 1315 τῆς
3183 1247 3368 1317 φωνῆς
3407 1246 3539 1302 ἄνευ
3577 1245 3706 1309 τινὸς
3735 1245 3813 1315 βα-

568 1335 880 1390 ﬁcationem
925 1349 1033 1388 non
1062 1333 1428 1402 inquiramus,
1470 1333 1674 1402 poterit
1718 1333 1908 1401 utique
1936 1332 2157 1394 docere,

2267 1333 2503 1406 θυτέρας
2558 1336 2799 1401 ἐπινοίας
2833 1337 3144 1391 ἐκδιδάσκοι
3179 1337 3267 1401 ἂν,
3303 1339 3384 1392 ὅτι
3418 1337 3618 1392 καθ’ὃν
3648 1339 3812 1407 τρόπον

568 1428 716 1498 quod
748 1427 1212 1497 quemadmodum
1236 1425 1380 1481 Deus
1416 1442 1482 1481 ex
1511 1425 1776 1480 diﬂluenti
1803 1425 2158 1494 iul‘ormique,

2265 1427 2330 1479 ἐκ
2359 1427 2457 1496 τῆς
2492 1428 2835 1498 εὐδιαχύτου,
2882 1429 2977 1482 καὶ
3018 1429 3289 1498 ἀπαγοῦς,
3331 1432 3428 1485 καὶ
3484 1433 3677 1500 γεηρᾶς
3707 1429 3812 1498 ὕλης

569 1534 635 1573 ac
671 1529 847 1573 terrea
878 1518 1109 1572 materie
1133 1517 1290 1570 tinxit
1312 1515 1578 1570 animanti
1601 1531 1824 1585 corpus,
1852 1515 2162 1584 pulverem-

2268 1522 2574 1591 συνέπηξεν
2604 1525 2632 1576 ό
2653 1523 2808 1587 Θεδς,
2830 1523 2909 1593 τῷ
2940 1522 3065 1594 ζώω
3085 1524 3146 1576 τὸ
3177 1524 3359 1595 σῶμα,
3404 1524 3503 1578 καὶ
3541 1527 3616 1588 εἰς
3639 1524 3812 1596 ἀνθρώ-

568 1628 676 1682 que
704 1611 772 1665 ad
827 1619 1080 1665 naturam
1119 1611 1464 1680 speciemque
1498 1609 1796 1663 humanam
1844 1608 2161 1662 conforma-

2198 1654 2236 1709 Β
2267 1629 2370 1665 που
2405 1613 2565 1682 φύσιν
2620 1616 2716 1668 καὶ⁸
2744 1609 2885 1679 εἶδος
2903 1616 3320 1688 διεμορφὼσατο
3351 1617 3453 1688 τὴν
3484 1618 3629 1671 κόνιν
3655 1635 3668 1650 ο
3698 1618 3811 1670 κατὰ

567 1705 648 1759 vit
671 1743 688 1768 ,
719 1705 792 1758 ita
849 1703 1005 1757 facile
1032 1702 1364 1772 minimeque
1395 1717 1687 1771 operosum
1723 1701 1793 1756 sit
1825 1717 1890 1756 ex
1911 1701 2159 1756 solidiori

2198 1701 2234 1709 ’⁷
2263 1705 2356 1758 τὸν
2387 1707 2550 1758 αὑτὸν
2582 1707 2788 1779 τρόπον
2818 1709 2946 1779 ῥᾷόν
2979 1727 3038 1762 τε
3091 1711 3185 1762 καὶ
3215 1710 3369 1762 οὐδὲν
3402 1710 3636 1779 ἐργῶδες
3659 1713 3714 1762 ἐκ
3731 1710 3811 1778 τῆς

567 1797 812 1866 lapidum
855 1804 1069 1858 natura,
1105 1793 1216 1849 Deo
1261 1796 1469 1850 artilice
1499 1795 1551 1849 id
1587 1795 1770 1865 operis
1804 1797 2158 1866 suscipiente,

2265 1797 2638 1870 στερεωτέρας
2669 1796 2886 1867 φύσεως
2915 1798 3024 1851 τῶν
3055 1798 3239 1862 λίθων,
3274 1798 3581 1868 ἀνθρώπων
3611 1798 3810 1851 ὑπόστα-

566 1889 852 1943 hominum
890 1887 1259 1943 substantiam
1300 1888 1688 1958 compingerc,
1739 1889 1998 1959 ipsosque
2062 1890 2160 1944 ho-

2264 1905 2348 1941 σιν
2372 1888 2720 1957 συντεθῆναι,
2766 1887 2905 1942 Θεοῦ
2954 1889 3200 1959 τεχνίτου
3231 1890 3328 1960 τὴν
3364 1890 3561 1943 πλάσιν
3590 1888 3811 1957 ἀναδεχο-

569 1980 749 2033 mines
787 1995 854 2033 ex
904 1978 994 2032 tali
1020 1991 1206 2031 massa
1246 1976 1511 2032 conflatos
1563 1977 1797 2032 Abraha:
1845 1979 1988 2033 lilios
2047 1978 2159 2033 etii-

2265 1982 2450 2050 μένου,
2507 1980 2601 2032 καὶ
2626 1982 2792 2033 τέκνα
2825 1981 2954 2045 τοὺς
2975 1981 3271 2050 γεγονότας
3300 1983 3364 2034 ἐκ
3393 1981 3636 2035 τοιούτου
3663 1981 3811 2052 φυρά-

566 2085 712 2126 cere.
746 2069 959 2125 Etenim
985 2085 1094 2123 non
1128 2069 1333 2133 minus,
1363 2084 1431 2123 ne
1458 2069 1636 2124 dicam
1671 2078 1724 2123 et
1752 2070 1925 2124 multo
1958 2071 2156 2142 magis,

2263 2089 2435 2140 ματος
2488 2071 2830 2142 χρηματίσαι
2884 2071 2978 2125 τοῦ
3022 2072 3296 2144 Ἀϐραάμ.
3343 2074 3421 2127 Ού
3455 2076 3563 2144 γὰρ
3585 2068 3812 2144 ἦττονείς

565 2163 878 2218 mirandum
904 2172 987 2219 est
1021 2162 1297 2232 pulverem
1342 2162 1409 2217 ad
1459 2161 1700 2217 hominis
1739 2179 1960 2217 carnem
2012 2164 2157 2219 redi-

2261 2161 2470 2231 θαῦμα,
2500 2163 2586 2214 ἵνα
2615 2163 2691 2234 μὴ
2719 2161 2865 2231 λέγω
2897 2164 2990 2217 καλ⁸
3018 2165 3189 2234 μείζω
3209 2177 3257 2230 ι,
3281 2165 3434 2219 κόνιν
3457 2168 3536 2228 εἰς
3558 2163 3807 2234 ἀνθρώπου

565 2269 692 2323 gere
727 2265 890 2322 atque
928 2252 1369 2319 accommodare,
1427 2269 1592 2324 quam
1655 2254 1708 2308 in
1762 2255 2012 2324 corporis
2078 2255 2160 2310 vi-

2261 2254 2548 2325 συμπῆξαί
2583 2272 2665 2317 τε,
2696 2255 2790 2310 καὶ
2820 2257 3300 2327 συναρμολογῆσαι
3320 2258 3346 2298 δ
3377 2260 3558 2328 σάρκα
3585 2274 3597 2286 °
3625 2257 3710 2309 καὶ
3746 2255 3811 2306 λί-

562 2348 743 2402 ventis
784 2362 924 2418 opus
970 2346 1169 2402 duram
1227 2345 1467 2416 lapidum
1539 2345 1935 2401 transformare
1993 2358 2156 2402 natu-

2259 2345 2352 2399 θου
2388 2346 2552 2415 φύσιν
2613 2346 2845 2418 στερεὰν
2879 2348 2959 2412 εἰς
2994 2350 3250 2419 σώματος
3300 2348 3446 2414 ζώου
3499 2346 3811 2419 μεταπλάσαι

564 2453 707 2492 ram.

2259 2439 2472 2511 χρείαν.

639 2532 1008 2602 Praeterquam
1043 2531 1191 2601 quod
1251 2544 1360 2585 non
1408 2531 1576 2586 modo
1626 2532 1837 2601 primus
1897 2532 2062 2586 homo
2126 2546 2158 2586 e

2334 2532 2547 2596 ’Ἄλλως
2602 2549 2662 2586 τε
2714 2532 2769 2586 δέ
2801 2526 2862 2586 οὖ
2891 2531 3052 2602 μόνον
3100 2533 3129 2586 ό
3179 2531 3395 2603 πρῶτος
3452 2530 3723 2602 ἄνθρωπος
3758 2529 3810 2581 ἐκ

562 2627 698 2681 limo
722 2624 1101 2679 admirabilem
1137 2623 1296 2678 duxit
1315 2623 1606 2692 originem,
1665 2624 1759 2677 sed
1805 2623 1924 2678 Loti
1991 2623 2154 2678 etiam

2258 2626 2422 2694 χόουο
2451 2625 2544 2678 καὶ
2575 2625 2890 2698 παραδόξαν
2940 2627 3066 2696 ἔσχε
3098 2624 3197 2696 τὴν
3237 2625 3456 2694 γένεσιν
3488 2640 3502 2655 ο
3527 2623 3658 2676 ἀλλά
3681 2620 3806 2690 καὶὴ

566 2733 706 2771 uxor
735 2717 788 2770 in
825 2718 958 2772 salis
982 2716 1296 2772 columnam
1331 2715 1625 2778 obdurata,
1675 2715 1942 2777 divinam,
1987 2730 2154 2785 quam

2257 2713 2351 2767 τοῦ
2389 2713 2515 2768 Λὼτ
2548 2716 2687 2786 γυνὴ
2745 2717 2826 2779 είς
2863 2716 3068 2787 στήλην
3113 2715 3241 2777 ἁλὸς
3279 2713 3678 2768 ἁπολιθωθείσα
3731 2711 3811 2781 τὴν

565 2822 670 2861 nec
707 2807 885 2873 clfari,
935 2821 1038 2862 nec
1069 2813 1249 2860 mente
1279 2806 1496 2874 assequi
1530 2820 1843 2874 possumus,
1895 2808 2153 2859 virtutem

2255 2806 2353 2860 τοῦ
2395 2807 2532 2860 Θεοῦ
2585 2808 2816 2878 δύναμιν
2869 2808 3166 2879 ἀδιήγητόν
3201 2825 3260 2862 τε
3311 2809 3406 2862 καὶ
3463 2807 3809 2876 ἀκατάληπτον

566 2898 860 2968 praedicat,
919 2899 1054 2952 dum
1103 2913 1199 2968 per
1262 2895 1638 2968 irrefragabile
1690 2899 1997 2967 prodigium
2051 2901 2157 2968 pri-

2257 2898 2645 2971 ἀνακηρύττει,
2687 2903 2746 2954 ἐν
2768 2899 2845 2971 τῷ
2877 2900 3150 2972 ἀδιαλύτῳ
3178 2900 3270 2953 τοῦ
3304 2899 3586 2969 θαύματος
3617 2899 3706 2967 τὴν
3732 2895 3810 2961 τῆς

565 2991 957 3046 stinanraturaa
998 2991 1118 3046 sine
1149 2987 1440 3044 manifesta
1488 2990 1843 3060 corruptione
1886 2989 2178 3060 alijectio-l

2195 2989 2472 3060 :cptiasto;
2503 2991 2762 3045 ἀπόθεσιν
2818 2991 2948 3046 ἄνευ
3010 2991 3309 3060 ἐπιφανοῦς
3369 2991 3600 3062 φθορᾶς.
3651 2988 3808 3053 ἐτέρας

565 3099 693 3139 nem
727 3082 1146 3139 fuissealterius
1171 3081 1382 3149 formae,
1435 3091 1491 3139 et
1547 3083 1869 3137 substantiae
1922 3098 2151 3152 genera-

2263 3083 2479 3153 μορφῆς
2511 3084 2951 3156 ἐπιδεικνυμένη,
2973 3087 3065 3138 καὶ
3089 3086 3450 3151 ὑποστάσεως
3482 3085 3688 3155 γένεσιν
3706 3099 3718 3112 ·
3737 3080 3810 3133 καί

566 3176 769 3230 tionem
799 3175 1042 3230 ostendit
1089 3174 1406 3245 :illudque,
1453 3175 1596 3244 quod
1653 3172 1778 3235 fuit,
1841 3181 1999 3228 antea
2046 3189 2152 3228 non

2257 3172 2286 3225 ὃ
2322 3174 2418 3243 μὲν
2451 3175 2697 3242 γέγονεν,
2735 3177 2836 3231 οὐκ
2885 3173 2985 3248 ἦν’
3019 3177 3047 3230 ὃ
3067 3177 3124 3231 δέ
3151 3178 3226 3248 μὴ
3257 3172 3370 3231 οἷόν
3392 3196 3454 3231 τε
3485 3175 3551 3248 ἢν
3575 3171 3811 3245 ἀνθρωπί-

563 3278 713 3334 erat;
749 3268 893 3338 quod
922 3276 1104 3322 autem
1139 3267 1259 3322 ﬁeri
1304 3283 1410 3322 non
1465 3282 1628 3337 posse
1678 3269 1930 3322 humana:
1983 3268 2152 3321 menti

2259 3278 2372 3323 νοις
2391 3261 2675 3333 λογισμοῖς
2708 3266 2982 3333 γενέσθαι,
3008 3267 3179 3338 χωρὶς
3215 3268 3421 3338 ὑπέστη
3467 3269 3564 3339 τῆς
3593 3266 3678 3319 τοῦ
3700 3262 3809 3334 πρά

561 3359 877 3421 videbatur,
909 3357 959 3411 id
981 3358 1164 3427 priore
1188 3357 1358 3426 ﬁgura
1388 3371 1498 3411 non
1529 3357 1822 3421 dissoluta,
1870 3356 1973 3426 ipsi
2033 3355 2157 3409 sub-

2257 3371 2415 3424 τερον
2461 3354 2787 3420 διαλύσεως.
2835 3357 2892 3411 '0
2919 3358 3101 3411 τοίνυν
3131 3360 3264 3424 Θεὸς
3283 3363 3310 3414 ὁ
3336 3360 3512 3414 ταῦτα
3545 3356 3808 3428 παραδοξο-

564 3453 759 3508 stituit.
797 3453 939 3508 Deus
971 3454 1176 3522 itaque,
1211 3451 1304 3520 qui
1329 3460 1478 3505 tanta
1511 3453 1762 3519 patraliat
1790 3451 2078 3511 miracula.
2102 3459 2155 3504 et

2260 3446 2450 3509 ποιῶν,
2493 3448 2588 3500 καὶ
2651 3448 2773 3501 τότε
2814 3449 2974 3518 δίκην
3030 3451 3502 3522 εἰσπραττόμενος
3543 3452 3744 3521 γύναιον
3764 3446 3809 3498 ἓν

561 3547 786 3618 quidem
835 3556 1013 3610 tunc,
1080 3561 1203 3601 cum
1265 3545 1334 3599 ab
1402 3560 1508 3598 una
1575 3543 1897 3598 muliercula
1963 3543 2152 3598 violati

2257 3535 2625 3606 παραϐάσεως
2654 3537 2898 3608 ἐντολῆς,
2930 3557 2948 3591 ι
2973 3540 3000 3592 ὁ
3019 3540 3188 3594 θέλων
3219 3542 3309 3594 τὸν
3337 3542 3628 3614 ἄνθρωπον
3658 3537 3805 3606 σωθῆ-

562 3641 820 3712 praacrpti
883 3655 1100 3711 pomam
1161 3638 1446 3703 sumebat;
1498 3638 1614 3706 ipse
1664 3655 1684 3689 ι
1749 3636 1844 3709 qui
1900 3637 2153 3692 homines

2255 3644 2366 3693 ναι,
2405 3629 2495 3681 καὶ
2528 3632 2608 3691 εἰς
2664 3629 2962 3698 ἐπίγνωσιν
2992 3631 3251 3702 ἀληθείας
3297 3634 3498 3700 ἐλθεῖν,
3532 3653 3550 3686 ι
3584 3634 3632 3686 τί
3650 3632 3738 3684 οὑκ
3758 3629 3809 3682 ἂν

562 3735 680 3789 vult
717 3735 899 3790 salvos
949 3733 1086 3797 tleri,
1136 3741 1190 3786 et
1236 3732 1302 3785 ad
1367 3730 1698 3800 agnitionem
1761 3728 2009 3783 veritatis
2063 3743 2153 3781 ve-

2253 3718 2472 3788 δράσειε
2519 3720 2608 3773 διὰ
2669 3721 3144 3791 φιλανθρωπίανά,
3175 3728 3223 3777 εί
3250 3725 3412 3778 λίθων
3468 3728 3652 3796 ὄψεται
3679 3721 3809 3792 φύσιν

561 3826 684 3879 nire
714 3826 782 3891 ⁸⁸,
811 3843 828 3876 ι
875 3825 1006 3893 quid
1038 3837 1135 3892 pro
1169 3836 1269 3877 sua
1303 3819 1592 3875 clementia
1623 3833 1731 3872 non
1773 3827 1916 3889 agat,
1947 3817 1993 3872 si
2025 3816 2152 3871 ﬁliis

2255 3810 2701 3882 ἐπιτηδειοτέραν
2756 3813 3105 3884 παρέχουσαν
3155 3815 3343 3885 χρείαν
3391 3818 3476 3879 εἰς
3511 3816 3570 3868 τὸ
3593 3810 3809 3883 γενέσθαι

565 3918 802 3972 Abrahae
849 3915 1184 3972 suscitandis
1227 3913 1471 3982 lapidum
1532 3911 1901 3966 conditionem
1953 3925 2154 3980 oppor-

2253 3903 2420 3956 τέκνα
2469 3902 2563 3956 τοῦ
2609 3903 2895 3974 Ἀεραάμ;
2937 3907 3008 3959 Οὐ
3049 3907 3160 3978 γὰρ
3215 3907 3359 3960 οὕτω
3409 3911 3542 3979 ῥᾷον
3565 3910 3670 3970 τοῖς
3707 3905 3810 3958 Ἰού·

563 4010 797 4064 tunioris
839 4008 1081 4063 futuram
1137 4022 1272 4061 usus
1321 4002 1700 4076 perspexerit?
1761 4002 1950 4072 Neque
2002 4002 2150 4056 enim

2253 3995 2425 4060 δαίοις
2463 3995 2559 4049 τοῦ
2599 3997 2852 4070 Ἀϐραὰμ
2889 4001 3251 4070 χρηματίζειν
3273 4003 3464 4065 τέκνα,
3504 3998 3578 4058 ὧν
3597 4003 3690 4056 οὑκ
3717 3995 3808 4051 ὀλί-

564 4113 674 4155 tam
711 4101 872 4154 facile
921 4099 1025 4155 fuit
1076 4098 1283 4154 Judaeis
1323 4097 1558 4152 Abraha:
1588 4095 1953 4164 multiplicare
1985 4093 2149 4160 ﬁlios,

2253 4104 2350 4156 γον
2375 4089 2542 4160 μέρος
2567 4089 2661 4142 τοῦ
2686 4091 2875 4158 γένους
2891 4091 3234 4164 ἐξώσθησαν,
3253 4094 3328 4158 ὡς
3358 4096 3438 4164 τῷ
3471 4096 3590 4168 Θεῷ
3616 4094 3696 4149 διά
3721 4090 3809 4144 τῶν

561 4208 796 4262 quorum
818 4193 1033 4264 generis
1063 4207 1171 4246 non
1210 4191 1436 4246 minima
1469 4204 1594 4258 pars
1618 4187 1818 4258 rejecta
1851 4196 1956 4253 est,
1983 4200 2148 4257 quam

1902 4196 1956 4253 il,
1983 4200 2148 4257 quam
2253 4181 2418 4235 λίθων
2439 4183 2590 4254 αὐτῷ
2630 4184 2861 4249 πολλοὺς
2892 4186 3042 4249 υἱοὺς
3066 4189 3515 4257 ἀπεργάσασθαι.

565 4285 674 4338 1)εο
699 4299 794 4353 per
819 4284 1029 4353 lapides
1059 4285 1232 4338 eidem
1261 4283 1464 4338 multos
1503 4281 1641 4336 ﬁlios
1671 4280 1928 4335 condere.

633 4352 713 4427 At
734 4376 780 4428 si
813 4352 939 4444 quis
964 4375 1094 4429 velit
1121 4376 1408 4445 quidpiam
1453 4373 1828 4444 propheticum
1868 4374 2017 4427 dicto
2041 4373 2148 4427 hoc
2173 4352 2227 4412 Ῑ)

2194 4352 2227 4411 D
2329 4364 2470 4418 Είδέ
2516 4381 2601 4428 τις
2658 4365 2836 4419 ἐθέλοι
2898 4366 2991 4420 καὶ
3047 4369 3387 4440 προφητικὸν
3442 4368 3807 4442 ἀνακηρύττειν

561 4465 870 4531 enuntiari,
903 4465 1133 4534 lapides,
1168 4481 1308 4535 quos
1337 4464 1653 4520 Praecursor
1699 4474 1830 4520 tunc
1874 4479 2150 4520 memora-

2253 4454 2414 4525 ἔργον
2442 4454 2502 4507 τὸ
2535 4455 2707 4524 ῥῆμα,
2733 4456 2923 4509 οἱτότε
2957 4457 3216 4528 ῥηθέντες
3245 4459 3383 4514 λίθοι
3405 4463 3487 4533 τῷ
3522 4459 3801 4532 Προδρόμῳι

560 4556 661 4622 vit,
692 4567 745 4611 et
775 4571 838 4610 ex
873 4556 1077 4626 quibus
1121 4556 1261 4612 ﬁlios
1307 4557 1544 4611 Abrahae
1594 4558 1945 4613 suscitandos
2007 4572 2149 4628 prae-

2252 4549 2312 4613 ἐξ
2344 4543 2419 4603 ὧν
2441 4549 2519 4619 τῷ
2558 4549 2810 4621 Ἀὕραάμ
2838 4550 3234 4624 ἐχρησμῴδησε
3289 4555 3614 4610 ἀνίστασθαι
3636 4555 3792 4610 τέκνα,

561 4649 719 4715 dixit,
763 4647 796 4701 ii
856 4647 1101 4719 profecto
1136 4655 1286 4712 sunt,
1340 4648 1455 4718 qui,
1507 4665 1631 4704 cum
1693 4659 1840 4706 esset
1885 4648 2148 4704 Servator

2251 4635 2396 4695 οῦτοι
2420 4640 2484 4713 δὴ
2514 4643 2658 4696 κατὰ
2681 4641 2741 4694 τὸ
2771 4642 3020 4696 ἑκούσιον
3067 4645 3162 4697 τοῦ
3210 4646 3464 4718 Σωτῆρος
3517 4650 3678 4709 πάθος
3705 4641 3801 4717 [καὶ

541 4739 657 4796 'sua
691 4750 886 4811 sponte
914 4749 1187 4808 mortuus,
1229 4751 1395 4810 atque
1439 4741 1697 4795 universo
1736 4740 1938 4794 mundo
1997 4741 2147 4796 salus

2250 4733 2348 4806 τὴν
2372 4734 2718 4806 παγκόσμιον
2737 4737 3032 4805 σωτηρίαν,
3051 4737 3147 4791 καὶ
3165 4738 3464 4792 ἀνάστασιν
3481 4739 3522 4813 j,
3545 4739 3618 4811 τῷ
3632 4740 3801 4790 Δεσποο

556 4843 612 4885 ιιι
643 4832 752 4886 vita
780 4831 1012 4896 reddita,
1048 4832 1194 4902 passi
1227 4830 1544 4888 Conditoris
1585 4831 1854 4902 obsequio
1902 4831 2146 4901 abrupti,

2249 4824 2387 4895 τικῷ
2418 4824 2675 4896 ῥαγέντες
2737 4824 2919 4889 πάθει,
2974 4825 3071 4878 καὶ
3117 4826 3549 4896 διασχισθέντες,
3603 4825 3688 4879 καὶ
3711 4816 3800 4874 οἷον

557 4934 723 4992 atque
752 4923 996 4987 discissi,
1033 4933 1090 4978 et
1131 4921 1291 4992 quasi
1339 4920 1469 4976 facti
1523 4937 1623 4992 pro
1682 4921 1951 4976 miraculo
2006 4937 2149 4992 prte-

2251 4917 2560 4987 ἐγκύμονες
2596 4917 2884 4986 γεγονότες
2904 4919 2981 4990 τῷ
3010 4917 3276 4990 θαύματι,
3333 4921 3562 4985 πολλοὺς
3609 4919 3707 4972 τῶν
3727 4913 3801 4966 ἀν-

555 5024 807 5085 gnantes.
839 5017 1042 5071 multos
1075 5015 1329 5072 homines
1379 5027 1582 5069 nostrae
1623 5013 1874 5084 religioni
1919 5021 1974 5068 et
2015 5027 2148 5082 par-

2252 5008 2487 5080 θρώπων
2540 5012 2618 5072 εἰς
2678 5009 2961 5064 εὐσέϐειαν
2988 5011 3258 5082 ὠδίνησάν
3299 5031 3360 5066 τε
3409 5017 3504 5068 καὶ
3547 5012 3797 5068 ἀπέτεκον.

556 5107 852 5171 tut-ierunt,
894 5115 952 5164 et
983 5119 1334 5178 pepererunt.
1366 5107 1409 5161 li
1452 5121 1580 5161 vero
1615 5122 1713 5162 sua
1749 5107 2144 5171 commotione,

2252 5104 2356 5175 Οἴᾳ
2383 5103 2438 5157 δὲ
2460 5115 2482 5143 ε
2510 5104 2742 5176 λαμπρᾷ
2764 5105 2830 5175 τῇ
2855 5107 3028 5177 φωνῇ,
3093 5107 3185 5161 καὶ
3229 5107 3474 5180 οὐρανίῳ
3522 5105 3800 5178 κηρύγματι

627 5222 672 5255 ⁵³
712 5222 902 5278 Matth.
937 5239 1022 5289 ιιι,
1050 5223 1104 5278 9.
1181 5223 1275 5277 “l
1309 5222 1452 5278 Tim.
1491 5239 1551 5288 ιι,
1593 5223 1648 5278 4.

1255 5361 1259 5365 .
1876 5313 2112 5371 VARhE
2157 5311 2570 5370 LECTIONES.

626 5410 725 5468 'N.
761 5411 971 5484 μεῖζον.
1084 5413 1113 5454 δ
1144 5413 1211 5470 Ν.
1247 5413 1608 5486 συναρμόσαι.
1725 5424 1748 5452 ε
1780 5410 1848 5468 Ν.
1897 5413 2041 5484 χοός.
2155 5411 2274 5466 ἀΝ.
2318 5410 2524 5481 φιλίαν.
2642 5422 2664 5450 ε
2693 5412 2755 5484 δή
2797 5409 2862 5466 Ν.

2089 5502 2331 5560 NOTAE.

630 5591 757 5666 (66),
778 5595 837 5650 Si
871 5610 1033 5651 nosse
1059 5595 1236 5666 cupis,
1268 5596 1323 5650 in
1339 5596 1670 5666 quibusnam
1692 5597 2010 5652 auctoribus
2047 5597 2146 5652 has
2252 5598 2448 5650 mium.

559 5661 802 5743 aliaquin
834 5661 1183 5743 pervulgatas
1213 5661 1850 5743 pr0p{)si_t:e_iiiv1t).oyiag
1885 5668 2141 5743 explaua-
2257 5737 2286 5743 η
2325 5667 2441 5736 (67)
2474 5664 2598 5743 Haec
2627 5665 2741 5724 fere
2763 5677 2876 5723 tota
2905 5673 3138 5743 quaestio
3173 5671 3372 5743 legitur
3394 5673 3539 5743 apud
3567 5671 3793 5743 Nicegﬂ.

563 5730 738 5814 tiones
768 5730 946 5803 poSsis
986 5730 1254 5814 ίιξξςειιίιχὲ,
1284 5730 1486 5790 videsis
1515 5730 1748 5814 Templi:
1784 5741 1830 5814 Ιζ
1851 5754 1902 5804 ν,
1938 5730 2142 5792 Contra
2248 5730 2453 5814 gateua
2478 5739 2532 5792 in
2562 5737 2696 5794 Luc.
2738 5753 2790 5795 c.
2829 5730 3049 5806 [Ib-Mai
3081 5730 3474 5800 Νουῗςοιιεεὶ.
3502 5744 3590 5810 IX,
3618 5757 3666 5814 ι).
3691 5730 3793 5792 558v

562 5799 914 5874 Marcioiiem,
940 5817 993 5862 et
1024 5807 1351 5862 'l‘heodoret.
1378 5818 1570 5878 quarst.
1595 5807 1657 5860 ‘21
1715 5810 1767 5863 in
1799 5799 2138 5863 Dcuterono-
2247 5808 2373 5864 6&9.
