4084 6444
365 380 470 445 229

1172 385 1270 445 AD
1304 382 1894 444 AMPHILOCHIUM
1921 382 2266 454 QUIESTIO
2301 384 2528 460 XXXI,
2570 385 2812 447 XXXII.

3512 388 3619 451 230

362 494 443 566 τῷ
466 496 587 548 κατ’
612 495 810 560 αὐτοὺς
833 495 1147 566 παθήματι,
1167 497 1264 565 τῆς
1288 498 1381 549 ἐπὶ
1398 495 1475 566 τῷ
1493 497 1705 565 Σωτῆρι
1723 495 1948 566 τόλμης,

2055 496 2217 549 veluti
2241 494 2388 549 clara
2411 496 2648 564 quadam
2686 511 2841 563 voce,
2867 496 3185 567 coalestique
3213 497 3488 568 przeeonio
3518 498 3625 554 hoc

365 588 462 640 καὶ
482 587 694 657 πλάνης
736 590 864 652 τοὺς
881 589 1202 661 ἀνθρώπους
1233 587 1650 651 ἀνακαλοῦντες,
1676 588 1773 641 καὶ
1804 586 1944 657 πρὸς

366 678 467 748 τὴν
513 677 807 746 ἐπίγνωσιν
862 678 960 748 τῆς
1018 676 1275 746 ἀληθείας
1314 674 1804 745 χειραγωγοῦντες,
1848 673 1944 728 καὶ

372 770 509 840 πρὸς
539 770 599 822 τὸ
637 769 737 839 τῆς
783 770 1204 838 παλιγγενεσίας
1257 769 1429 837 δῶρον
1492 770 1626 839 όρᾷν
1683 767 1942 839 ἀφορμὰς

373 861 685 931 ἐχαρίζοντο
710 860 731 899 τ
758 878 774 891 ·
803 861 895 925 οὓς
930 861 1075 931 καὶὴ
1105 861 1359 914 κοινωνία
1385 861 1482 931 τῆς
1505 861 1768 924 πίστεως,
1794 860 1945 921 υίοῦς

386 951 650 1020 Ἀϐραὰμ,
683 952 776 1005 καὶ
805 952 1047 1023 νομίζειν
1068 946 1199 1017 οἶδε,
1217 953 1311 1006 καὶ
1334 950 1624 1023 ὀνομάζειν
1653 953 1877 1023 μᾶλλον,
1907 953 1941 1023 ἢ

368 1042 494 1103 τοὺς
525 1040 583 1106 ἐξ
604 1043 859 1111 αἵματος.

440 1135 501 1187 Ei
529 1134 584 1187 δὲ
616 1136 713 1188 καὶ
767 1134 856 1189 διὰ
907 1135 1003 1189 τοῦ
1062 1134 1392 1206 γράμματος
1445 1133 1746 1187 ἐπιϐαίνειν
1796 1134 1944 1197 τινὸς

365 1225 711 1297 ὑψηλοτέρας
745 1226 979 1296 θεωρίας
1005 1226 1146 1298 ἔρως
1175 1226 1289 1297 ἔχει
1316 1243 1411 1279 σου
1442 1225 1502 1279 τὸ
1531 1225 1812 1293 φιλόθεον*
1849 1226 1943 1279 καὶ

362 1317 503 1369 λίθοι
530 1318 629 1386 μὲν
659 1318 724 1372 ἂν
754 1320 956 1371 νοοῖντο
988 1319 1036 1370 oi
1058 1316 1165 1371 τῶν
1195 1317 1365 1371 ἐθνῶν
1388 1316 1811 1387 πεπωρωμένοι,
1849 1316 1944 1371 καὶ

365 1409 815 1480 σκληροκάρδιοιο
848 1409 911 1474 ἐξ
931 1410 1157 1465 ἐκείνων
1191 1409 1248 1462 δέ
1281 1411 1309 1462 ὁ
1341 1408 1436 1462 τοῦ
1470 1407 1722 1480 Ἀϐραὰμ
1745 1409 1944 1478 κλῆρος

364 1500 848 1571 ἀναπεπλήρωται,
911 1499 1358 1571 μεταωηθέντων
1403 1499 1468 1552 ἐκ
1506 1499 1607 1568 τῆς
1632 1498 1944 1569 πωρώσεως

366 1592 461 1645 ἐπὶ
487 1590 552 1643 τὸ
585 1591 815 1661 συνορᾷν
854 1590 917 1643 τὸ
969 1593 1259 1661 σωτήριον,
1321 1592 1416 1644 ναὶ
1462 1592 1563 1662 τῆς
1616 1590 1945 1662 Ἑλληνικῆς

367 1681 579 1751 πλάνης
632 1682 711 1745 είς
734 1683 829 1754 τὴν
886 1683 1275 1753 μυσταγωγίαν
1306 1682 1401 1736 τοῦ
1425 1681 1769 1751 Πνεύματος.
1804 1682 1944 1737 Οὐδέ

367 1773 563 1838 οὕτως,
592 1769 767 1845 οῐμαι,
796 1776 983 1847 πόρρω
997 1776 1063 1830 ἂν
1080 1774 1306 1845 ὀφθείης
1324 1776 1424 1847 τῆς
1452 1775 1658 1846 νύσσης
1681 1776 1942 1841 ἐλαύνων,

2046 587 2224 642 mines
2252 589 2319 642 ab
2357 588 2587 643 audacia
2632 588 2688 642 in
2746 589 3189 660 Redemptorem,
3236 598 3400 660 atque
3429 589 3497 644 ab
3533 605 3625 645 er-

2049 694 2171 734 rore
2198 687 2539 746 revocantes,
2588 679 3029 751 adducentesque
3078 682 3146 736 ad
3185 682 3430 736 veritatis
3472 682 3625 751 agni-

2047 770 2270 837 tionem,
2303 771 2649 827 occasionem
2675 771 2898 842 insuper
2917 773 3269 842 praebuerunt
3290 774 3624 843 perspicien-

2045 862 2099 916 di
2134 878 2336 919 munus
2388 864 2861 933 regenerationis:
2894 880 3031 933 quos
3058 865 3308 919 homines
3356 868 3519 919 etiam
3561 864 3625 918 ti-

2046 950 2130 1005 dei
2167 951 2361 1022 magis,
2393 967 2558 1022 quam
2583 951 2867 1022 sanguinis
2896 952 3208 1022 conjunctio
3237 952 3376 1007 ﬁlios
3391 952 3624 1007 Abrahae

2046 1051 2099 1094 et
2129 1040 2342 1096 censeri
2379 1040 2528 1107 fecit,
2564 1051 2617 1097 et
2656 1043 2983 1112 nuncupari.

2115 1130 2268 1199 Quod
2296 1136 2340 1188 si
2374 1134 2537 1188 etiam
2581 1148 2739 1187 amor
2772 1131 3151 1203 progrediendi
3198 1147 3295 1202 per
3334 1131 3618 1186 litteralem

2045 1238 2269 1278 sensum
2306 1223 2373 1277 ad
2405 1222 2643 1293 aliquam
2684 1223 3057 1277 sublimiorem
3094 1222 3620 1276 animadversionem

2044 1324 2096 1370 te
2127 1315 2329 1369 divinis
2350 1314 2515 1369 rebus
2536 1314 2845 1369 studentem
2891 1315 3154 1379 incessat;
3205 1314 3444 1382 lapidum
3499 1312 3623 1382 qui-

2044 1406 2166 1461 dem
2229 1406 2451 1460 nomine
2481 1406 2708 1469 ethnici,
2743 1405 2837 1475 qui
2877 1406 3151 1459 obdurato
3194 1414 3354 1459 erant
3392 1413 3446 1458 et
3485 1404 3595 1474 lapi

2043 1497 2145 1551 deo
2175 1497 2360 1561 corde,
2390 1506 2613 1566 possent
2658 1496 2882 1564 intelligi
2922 1513 2936 1550 :
2968 1511 3033 1550 ex
3084 1495 3191 1549 illis
3231 1503 3409 1549 autem
3445 1493 3623 1548 Abra-

2044 1588 2129 1643 hze
2159 1589 2451 1645 hereditas
2484 1589 2754 1659 completa
2810 1600 2917 1652 est,
2958 1604 3083 1643 eum
3115 1603 3145 1642 e
3170 1603 3269 1643 sua
3310 1587 3512 1642 duritie
3548 1585 3621 1641 ad

2043 1679 2445 1750 agnoscendam
2484 1681 2738 1745 salutem,
2775 1689 2829 1735 et
2878 1695 2908 1734 a
2959 1678 3273 1734 Graecarum
3311 1678 3621 1733 fabularum

2045 1789 2231 1830 errore
2254 1775 2322 1829 ad
2348 1774 2587 1845 Spiritus
2610 1774 2971 1829 initiationem
3033 1773 3268 1828 traducti
3320 1781 3467 1827 sunt.
3518 1771 3625 1827 Ne—

368 1865 440 1936 ἣν
473 1868 505 1937 ἡ
539 1839 845 1937 καταληψις
869 1839 981 1938 ’τῆς
1009 1839 1155 1923 κατα
1321 1839 1559 1934 θεωρίαν
1610 1839 1870 1937 αληθείας
1891 1839 1948 1921 ἐν

2052 1879 2156 1932 que
2179 1880 2309 1919 vero
2343 1864 2446 1919 hac
2472 1865 2707 1931 ratione,
2740 1865 2998 1929 arbitror,
3040 1863 3201 1932 longe
3234 1862 3438 1917 distare
3465 1860 3621 1913 vide-

369 1956 451 2025 τῷ
474 1957 667 2021 σταδίῳ
691 1958 788 2028 τῆ,
823 1956 1151 2028 Ἐκκλησίας
1188 1956 1432 2028 ἐπήξατό
1460 1973 1545 2022 τε,
1582 1955 1675 2010 καὶ
1704 1956 1947 2025 ὑπεστή-

373 2066 504 2103 σατο
535 2049 669 2121 (68).

875 2253 1213 2307 ΕΡΩΤΗΣΙΣ
1242 2252 1367 2309 ΑΒ.

372 2344 439 2397 Τί
469 2342 665 2412 οηλοῐ,
702 2362 719 2394 ι
752 2338 833 2400 Οὖ
852 2344 917 2397 τὸ
948 2344 1238 2478 anim;
1265 2341 1340 2410 τῇ
1379 2343 1531 2410 χειρί
1552 2342 1763 2407 αὐτοῦ,
1790 2360 1808 2394 ι
1843 2340 1944 2394 καί

1006 2431 1038 2466 τ
1198 2429 1305 2478 ης;

1006 2429 1078 2467 τα
1123 2429 1305 2480 εξης;

2052 1954 2245 2009 rerisa
2275 1970 2464 2025 scopo,
2497 1969 2661 2025 quem
2721 1954 2777 2008 in
2829 1952 3085 2009 Ecclesiae
3142 1952 3319 2007 stadio
3372 1948 3622 2005 veritatis

2051 2041 2293 2096 inventio
2322 2057 2419 2111 per
2464 2041 2872 2098 meditationem
2923 2042 3148 2098 obtenta
3197 2041 3404 2107 deﬁxit,
3456 2048 3622 2112 atque

2050 2134 2333 2187 constituit
2354 2132 2489 2204 (69).

2259 2247 2591 2315 QUESTIO
2617 2246 2807 2302 xxxn
2842 2247 2939 2322 [aL
2988 2246 3207 2319 xxxu.
3260 2247 3376 2319 (το)

2054 2338 2199 2406 Quid
2230 2338 2332 2392 sibi
2362 2338 2472 2393 vult
2498 2338 2633 2391 illud
2662 2353 2681 2392 :
2715 2357 2733 2390 ‹
2768 2337 2937 2407 Cujus
2963 2338 3314 2392 ventilabrum
3360 2337 3418 2391 ίιι
3459 2351 3623 2391 manu

2403 2410 2517 2477 ejus
2550 2409 2617 2473 ",
2652 2427 2671 2460 ι
2712 2418 2761 2461 et
2786 2424 2902 2477 quae
2928 2410 3255 2477 sequuntur?

878 2523 1023 2574 Edita
1046 2523 1106 2574 ah
1127 2523 1342 2575 Antonio
1364 2525 1553 2585 Scotto,
1576 2525 1612 2575 ι.
1638 2537 1683 2574 c.
1733 2539 1785 2588 p.
1810 2523 1890 2573 56.
1916 2523 1971 2575 Ct

2052 2519 2305 2570 nentarius
2328 2519 2379 2569 in
2403 2519 2575 2569 Matth.
2596 2535 2667 2580 ιιι,
2699 2520 2784 2580 12;
2810 2520 2928 2569 Luc.
2964 2533 3036 2580 ιιι,
3056 2520 3133 2570 17.

449 2609 670 2680 Ἐπειδὴ
691 2609 783 2663 τὸν
812 2610 1041 2682 Σωτῆρα
1063 2611 1355 2682 κηρύσσων
1381 2617 1408 2666 ὁ
1447 2613 1785 2684 Πρόδρομος,
1814 2611 1950 2666 ἄλλα

360 2720 426 2756 τε
464 2702 735 2770 θεολογῶν
764 2703 894 2775 περὶ
924 2703 1091 2756 αὐτοῦ
1134 2703 1353 2776 διεξῄει,
1377 2707 1473 2758 καὶ
1504 2704 1581 2768 ὼς
1641 2724 1658 2756 ι
1688 2705 1746 2756 ἐν
1780 2705 1950 2757 lived-

379 2812 517 2866 ματι
538 2796 696 2865 ἁγίῳ,
732 2797 827 2848 καὶ
846 2798 983 2866 πυρὶ
1000 2795 1125 2860 τοὺς
1144 2797 1465 2867 προσιόντας
1480 2796 1631 2867 αύτῷ
1659 2796 1941 2868 βαπτίσει»

364 2887 458 2957 (τὸ
491 2886 548 2938 δὲ
572 2886 864 2950 ,ϐαπτίσει
906 2885 1007 2957 τῆς
1041 2886 1252 2957 δωρεᾶς
1302 2888 1394 2941 τὸν
1454 2887 1706 2950 πλοῦτον,
1760 2885 1948 2941 καὶτὸ

363 2974 590 3045 δαψιλὲς
609 2977 710 3046 τῆς
739 2976 1057 3047 εὺεργεσίας
1090 2976 1345 3045 ἐμφαίνει
1376 2993 1439 3029 τε
1486 2978 1581 3029 καὶ
1625 2976 1942 3046 παρίστησι·

2122 2607 2389 2674 Quoniam
2421 2608 2735 2664 Prazcursor
2761 2606 3105 2663 Servatorem
3139 2607 3460 2678 praedicans,
3484 2622 3626 2677 prae-

2051 2712 2133 2757 ter
2159 2703 2286 2768 alia,
2320 2718 2443 2773 quae
2465 2718 2626 2758 sacro
2658 2717 2911 2759 sermone
2944 2711 3028 2757 est
3052 2702 3120 2756 de
3160 2717 3225 2756 eo
3284 2708 3625 2771 persecutus,

2049 2792 2124 2846 ait
2150 2792 2314 2846 etiam
2360 2791 2684 2847 accedentes
2710 2791 2777 2845 ad
2805 2805 2863 2845 se
2893 2808 2918 2841 ς
2948 2789 3252 2859 Baptizabit
3307 2790 3363 2844 in
3419 2787 3624 2859 Spiritu

2048 2894 2259 2947 saneto,
2282 2892 2339 2937 et
2367 2884 2490 2952 igne
2514 2882 2594 2948 ⁴⁸,
2647 2900 2666 2933 ι
2727 2882 2805 2953 (in
2864 2883 3031 2937 verbo
3096 2892 3277 2936 autem
3333 2880 3627 2951 baptizabit

2047 2975 2235 3044 graia:
2265 2973 2589 3035 divitias,ac
2635 2973 3024 3027 beneﬁciorum
3076 2972 3290 3040 copiam
3346 2970 3625 3041 patefacit,

366 3072 469 3126 καὶ
533 3072 642 3141 γὰρ
695 3071 1099 3143 ἀπολύτρωσιν,
1160 3072 1254 3125 καὶ
1311 3073 1578 3127 υἱοθεσίαν
1647 3074 1955 3143 παρεχόμε-

2058 3077 2221 3134 atque
2254 3064 2514 3135 proponit
2557 3084 2570 3119 :
2614 3065 2705 3119 ille
2752 3064 2897 3119 enim
2960 3064 3333 3119 liberationem
3374 3064 3626 3134 adoptio-

371 3169 464 3213 σὺν
514 3162 848 3231 πανταχόθεν
894 3164 1042 3232 ἡμᾶς
1095 3164 1407 3234 περιαντλεῖ
1445 3168 1556 3229 τοῖς
1603 3166 1701 3235 τῆς
1732 3168 1948 3237 χάριτος

378 3255 691 3325 ἁειῤῥύτοις
743 3256 978 3326 νάμασι)
1005 3276 1017 3288 ·
1047 3258 1222 3313 ταῦτα
1251 3258 1418 3312 είπὼν
1440 3261 1508 3313 τὰ
1533 3262 1774 3331 σωτήρια
1799 3300 1815 3325 ,
1856 3260 1949 3314 καὶ

370 3344 578 3414 ⁴πολλῆς
628 3345 727 3414 τῆς
780 3347 908 3417 περὶ
940 3348 1086 3417 ἡμᾶς
1129 3348 1443 3419 φιλοτιμίας
1468 3350 1706 3420 γέμοντα
1726 3367 1740 3382 ο
1770 3352 1856 3403 ἵνα
1875 3350 1949 3421 μὴ

369 3434 502 3509 δόξῃ
553 3438 719 3502 τισὶν,
768 3437 842 3501 ὼς
871 3439 1221 3510 δωρήσασθαι
1284 3440 1383 3510 μὲν
1434 3440 1737 3510 τηλικαῦτα
1780 3441 1948 3512 δῶρα,

365 3530 472 3580 καὶ
514 3532 571 3582 ἐν
624 3530 917 3602 εὐεργεσίᾳ
968 3531 1202 3605 ’.οσαύτῃ
1257 3535 1598 3604 καταστῆσαι
1636 3535 1816 3605 παρῆν
1873 3533 1952 3605 τῷ

370 3621 588 3690 Σωτῆρι
636 3621 790 3690 ήμῶν
835 3621 1110 3692 βούλησις,
1147 3624 1242 3677 καὶ
1274 3626 1429 3695 ἰσχύς
1452 3627 1466 3665 ί
1492 3643 1505 3655 '
1537 3626 1952 3698 τιμωρήσασθαι

357 3709 457 3774 δὲ,
502 3711 595 3761 καὶ
622 3710 847 3764 κολάσαι
866 3712 993 3775 τοὺς
1018 3712 1372 3776 ὑπευθύνους,
1400 3714 1493 3767 καὶ
1510 3714 1755 3777 ἀπειθεῖς
1780 3715 1954 3778 οὐδεὶς

370 3800 527 3870 αὐτῷ
556 3800 713 3869 λόγος
755 3803 970 3873 περιῆν*
1006 3803 1095 3857 διὰ
1120 3803 1276 3857 τοῦτο
1305 3805 1551 3875 ἐπήγαγε
1570 3805 1953 3876 διορθούμενος

362 3892 476 3960 τὴν
528 3892 745 3961 ἀπάτην
795 3895 1006 3947 αὐτῶν
1053 3914 1070 3946 ι
1095 3890 1168 3950 Ob
1199 3896 1257 3949 τέ
1280 3895 1445 3950 πτύον
1478 3900 1537 3950 ἐν
1571 3900 1635 3968 τῇ
1666 3900 1809 3969 χειρὶ
1850 3899 1953 3950 αύ-

364 3984 472 4038 τεῦ
524 3984 643 4057 [καὶ
674 3987 1052 4057 δισκοιθαρίσει
1082 3991 1180 4061 τὴν
1220 3990 1401 4044 ἅλωνα
1458 3992 1622 4046 αὐτοῦ
1722 4011 1740 4043 ι
1770 3986 1898 4046 Οἷον
1926 3989 1940 4041 i

360 4076 439 4127 οὗ
470 4076 631 4144 μόνον
676 4078 824 4130 ἐστὶν
883 4079 1254 4148 εὐεργετικὸς,
1313 4082 1409 4133 καὶ
1456 4082 1693 4153 χορηγὸς
1722 4082 1954 4151 ἄφθονος

368 4170 494 4231 τοῖς
549 4168 875 4239 ἐπιτηδείοις
907 4170 1018 4223 τῶν
1062 4172 1304 4240 ἀγαθῶν,
1341 4171 1480 4226 ἀλλὰ
1505 4174 1601 4226 καὶ
1631 4173 1953 4237 κολαστικὸς

362 4258 488 4311 ⁴τῶν
534 4258 818 4330 ἐκθὲσμων
877 4259 1075 4330 ἔργων,
1106 4262 1201 4314 καὶ
1250 4259 1363 4315 τῶν
1393 4263 1757 4333 παραϐάσεων
1784 4280 1955 4333 τιμω-

370 4351 628 4422 ρητικός.

457 4460 476 4493 ι
506 4442 580 4494 Τὸ
600 4442 709 4512 γὰρ
755 4442 923 4495 πτύον
962 4444 1019 4495 ἐν
1071 4445 1137 4513 τῇ
1192 4444 1336 4515 χειρὶ
1398 4443 1563 4498 αὐτοῦ
1603 4463 1622 4497 ι
1660 4446 1784 4499 ἀντὶ
1814 4444 1908 4497 τοῦ
1935 4462 1949 4475 θ

376 4534 681 4604 Πρόχειρος
709 4533 915 4605 αύτῷή
966 4534 1363 4606 ἀνταποδοτικὴ
1394 4535 1504 4589 τῶν
1556 4536 1775 4604 φαύλων
1812 4538 1957 4609 πρά-

374 4626 791 4696 ξεων-τιμωρία
807 4625 1014 4696 ,ὥσπερ
1038 4626 1103 4695 δὴ
1121 4627 1216 4679 καὶ
1237 4626 1345 4679 τῶν
1374 4625 1555 4679 καλῶν
1575 4627 1890 4697 ἀντιμισθία
1910 4630 1957 4683 ιε.

374 4715 475 4766 Διὸ
522 4714 554 4782 ή
609 4713 965 4779 διακρίνουσα
1022 4713 1118 4767 καὶ
1180 4712 1490 4784 χωρίζουσα
1536 4715 1786 4786 δύναμις,
1866 4718 1963 4771 καὶ

380 4804 605 4868 ἐξουσία
633 4806 757 4866 τοὺς
791 4804 1008 4876 ἐνόχους
1037 4805 1308 4873 τιμωρίας
1336 4805 1444 4859 τῶν
1484 4805 1652 4868 ἀξίων
1675 4805 1773 4878 τὴς
1802 4808 1963 4879 εὐερ-

376 4897 572 4966 γεσίας
603 4895 918 4970 [πρόχειρος
962 4895 1134 4968 αὐτῷ,
1178 4898 1217 4967 ή
1258 4897 1362 4952 ἀνὰ
1393 4896 1596 4970 χεῖρα].
1636 4896 1727 4963 Ἐξ
1773 4894 1834 4953 οὗ
1860 4900 1951 4954 τὸν

378 4990 487 5061 μὲν
549 4992 715 5052 σῖτον,
774 4988 837 5041 ὃν
900 4987 996 5041 νῦν
1053 4991 1085 5041 ὁ
1135 4987 1245 5042 τῶν
1325 4988 1547 5042 δικαίων
1616 4990 1953 5063 ὀνομαζόμε-

453 5105 499 5137 "
540 5104 675 5161 Luc.
715 5118 794 5169 tu;
830 5101 884 5155 7.
961 5100 1006 5132 “
1033 5098 1285 5166 ibid.,16

1984 4410 2031 4467 Ι)

2053 3172 2288 3226 nemque
2326 3156 2564 3210 ﬁliorum
2616 3156 2864 3211 tribuens
2902 3170 3004 3210 nos
3052 3155 3385 3224 perennibus
3439 3156 3629 3224 gratiae

2053 3247 2275 3304 ﬂuentis
2294 3248 2534 3318 undique
2555 3245 2967 3318 circumfundit)
3000 3264 3016 3300 :
3055 3263 3178 3302 eum
3200 3262 3290 3301 res
3311 3244 3626 3314 hujusmodi

2053 3341 2345 3407 salutares,
2376 3349 2431 3395 et
2458 3339 2643 3394 multae
2673 3338 3058 3394 muniﬁcentia:
3093 3338 3281 3408 plenas
3324 3351 3627 3391 memoras-

2054 3442 2167 3498 set;
2201 3447 2267 3487 ne
2297 3432 2623 3500 quibusdam
2658 3431 2953 3495 videretur,
3012 3428 3358 3499 Redemptori
3404 3427 3625 3499 quidem

2055 3535 2245 3581 nostro
2275 3527 2401 3580 talia
2421 3524 2756 3580 concedendi
2795 3524 2958 3587 dona,
3000 3531 3057 3578 et
3090 3538 3190 3577 nos
3238 3530 3385 3576 tanta
3425 3520 3628 3575 beneﬁ-

2054 3618 2229 3672 centia
2263 3617 2575 3673 clmuulandi
2626 3624 2680 3671 et
2724 3615 3057 3670 voluntatem
3100 3615 3314 3676 adesse,
3344 3622 3405 3667 et
3450 3613 3627 3667 virtu-

2053 3718 2201 3776 tem;
2244 3724 2366 3764 reos
2420 3719 2628 3773 autem,
2679 3716 3139 3777 contumacesque
3175 3705 3425 3761 homines
3486 3704 3629 3759 ulci-

2057 3800 2267 3863 scendi,
2298 3815 2363 3855 ac
2392 3799 2656 3869 plectendi
2706 3800 2909 3854 nullam
2951 3798 3151 3853 habere
3181 3798 3483 3861 rationem;
3540 3796 3628 3850 id-

2055 3892 2202 3947 circo
2223 3891 2288 3946 ad
2319 3907 2508 3945 eorum
2569 3906 2810 3945 errorem
2862 3888 3243 3960 corrigendum
3283 3887 3517 3957 subjecit
3564 3886 3631 3941 il-

2058 3984 2149 4038 lud
2186 4002 2199 4038 :
2239 4002 2257 4034 ι
2290 3983 2462 4054 Cujus
2489 3984 2854 4039 ventilabrum
2884 3984 2938 4038 in
2964 3998 3126 4037 manu
3157 3982 3299 4051 ejus,
3323 3991 3377 4037 et
3401 3979 3633 4036 munda-

2057 4074 2140 4129 hit
2171 4089 2356 4128 aream
2384 4090 2561 4129 suam.
2601 4093 2620 4126 ι
2656 4072 2972 4129 Perindeac
3015 4074 3059 4127 si
3090 4072 3294 4127 diceret
3330 4088 3347 4129 :
3382 4072 3472 4127 Ille
3517 4086 3631 4126 non

2056 4166 2221 4221 modo
2245 4166 2523 4220 beneﬁcus
2560 4174 2664 4229 est,
2724 4165 3040 4233 effususque
3099 4164 3366 4218 bonorum
3407 4162 3632 4232 largitor

2055 4272 2183 4328 erga
2208 4258 2460 4313 homines
2485 4258 2623 4312 bene
2648 4257 2965 4327 dispositos,
2990 4254 3085 4311 sed
3114 4264 3169 4309 et
3193 4269 3483 4324 pravorum
3499 4268 3634 4324 ope-

2059 4367 2179 4405 rum
2209 4351 2379 4414 ultor.
2409 4358 2464 4405 et
2500 4349 2793 4405 criminum
2823 4359 2907 4403 est
2930 4356 3250 4416 persecutor

2131 4461 2152 4495 ι
2175 4441 2549 4497 Ventilabrum
2582 4440 2727 4495 enim
2788 4439 2848 4494 in
2874 4453 3039 4493 manu
3063 4438 3184 4507 ejus
3225 4456 3244 4489 ι
3284 4437 3426 4492 idem
3472 4446 3636 4492 sonat

2058 4550 2123 4589 ac
2152 4534 2285 4589 illud
2318 4533 2414 4588 :ln
2450 4532 2703 4587 manibus
2725 4532 2845 4602 ejus
2874 4545 3051 4601 poma:
3088 4530 3262 4599 culpis
3306 4527 3633 4599 irrogandze,

2059 4624 2139 4678 uti
2169 4633 2224 4679 et
2255 4623 2475 4693 praemia
2508 4621 2871 4692 impendenda
2918 4620 3211 4675 virtutibus
3269 4620 3447 4688 posita
3482 4626 3633 4672 sunt.

2060 4716 2242 4781 Quare
2275 4716 2356 4769 vis
2387 4722 2441 4769 et
2481 4722 2721 4782 potestas
2772 4712 2883 4778 illa,
2928 4726 3050 4783 quae
3080 4710 3330 4765 homines
3369 4708 3637 4778 supplicio

2060 4806 2330 4862 obnoxios
2361 4806 2430 4861 ab
2459 4806 2548 4869 iis,
2592 4804 2684 4875 qui
2713 4804 2962 4859 mercede
2993 4812 3121 4859 sunt
3150 4801 3323 4871 digni,
3374 4800 3638 4855 discernit

2064 4915 2129 4954 ac
2151 4898 2365 4962 dividit,
2397 4898 2451 4952 in
2478 4905 2731 4968 promptu
2764 4896 2865 4963 illi,
2906 4895 3021 4949 sive
3071 4908 3185 4965 prae.
3237 4892 3492 4947 manibus
3530 4899 3637 4946 est.

2069 4990 2365 5062 Propterea
2427 4989 2801 5055 frumentum,
2870 4987 3031 5058 cujus
3090 4986 3315 5042 nomine
3361 4984 3640 5055 iustorum

1652 5194 1887 5252 VARIrE
1939 5196 2348 5256 LECTIONES.

446 5338 465 5377 ί
501 5340 567 5393 Ν.
618 5338 986 5410 χαριζόμενοι.
1017 5407 1026 5410 _
1068 5339 1094 5378 ε
1124 5336 1189 5391 Ν.

382 5422 400 5460 ι
433 5411 500 5467 Ν.
540 5404 829 5463 cadi-{mi
881 5407 907 5446 ¹ι
939 5407 1043 5462 ἀνὰ
1070 5404 1256 5478 χεῖρας
1290 5404 1453 5459 αὑτοῦ
1487 5407 1522 5475 ἡ
1549 5405 1690 5459 διακ.
1727 5405 1794 5459 Ν.

1227 5335 1450 5412 βούλει.-
1498 5334 1668 5412 Ρῌίο.
1702 5336 1795 5412 lat.
1828 5334 1953 5392 Mal.
1974 5336 2038 5391 Ν.
2070 5340 2132 5393 C.
2167 5356 2241 5407 ιιι,
2281 5358 2335 5410 p.
2369 5341 2492 5403 660,
2535 5340 2658 5407 661,
2691 5340 2880 5412 paucis
2919 5338 3162 5395 mutatis.

3244 5339 3261 5379 ί
3295 5335 3362 5392 Ν.
3390 5334 3645 5405 δύναμις.

1905 5492 2136 5549 NOTAE.

456 5594 573 5665 (68)
606 5592 853 5665 Hurusq.
882 5593 1001 5649 Cat.
1033 5593 1282 5665 Nic.,”p.
1312 5591 1436 5648 659.

460 5657 574 5734 ('69)
604 5664 699 5721 Hae
723 5657 987 5734 propositi
1015 5657 1751 5734 oraculi'commentationeg
1776 5658 1831 5714 in
1864 5657 1961 5734 SS.

2071 5588 2221 5641 tione
2249 5596 2567 5641 occurrunt.

2146 5657 2444 5731 (79)__Prior
2476 5672 2602 5731 pars
2633 5655 2799 5731 hujus
2824 5655 3145 5731 quaestionis
3165 5656 3407 5731 occurrit
3430 5671 3653 5731 quoque

383 5725 986 5810 Hieronimoﬂliiarie,
1018 5733 1339 5810 Augustino,
1368 5726 1969 5810 _Ambr_osio,ﬁregorio
2073 5725 2492 5810 agamagam
2534 5727 2586 5783 in
2639 5725 2854 5783 Catena
2895 5727 3017 5794 Mai,
3070 5741 3195 5783 nov.
3238 5728 3364 5784 coll.
3384 5725 3653 5810 1.1199.

386 5806 579 5862 homiL
604 5797 702 5861 '20.
723 5797 778 5859 in
809 5797 999 5859 Matth.
1034 5813 1082 5859 et
1107 5797 1420 5873 'Euthymio
1454 5800 1641 5858 eadem
1671 5797 1841 5853 ferme
1873 5813 1965 5853 ra-

2072 5798 2195 5865 660,
2220 5798 2343 5854 σοι.
