4084 6446
526 365 626 427 231

1682 355 1948 416 PHOTII
1983 354 2104 417 PA']

2209 355 2494 417 TARCILE
2524 358 2632 417 (ΣΡ.
3679 357 3773 420 9.32

530 486 729 545 agmen
780 480 928 524 nunc
977 464 1338 537 signiﬁcatur,
1374 465 1428 520 in
1475 480 1712 535 superna
1742 467 1939 522 horrea
1970 482 2104 523 con-

2210 487 2299 534 νος
2333 470 2515 540 χορὸς,
2541 471 2618 531 είς
2650 467 2750 530 τὰς
2789 466 2903 520 ἀνω
2943 465 3112 534 μονάς
3147 464 3581 537 ἀποθησαυρίζει
3622 461 3665 531 ι,
3702 468 3775 519 ἐν-

525 573 735 639 gregat,
761 563 813 616 in
856 560 1056 631 quibus
1080 558 1498 629 prompturariis
1530 574 1627 614 nec
1652 560 1818 623 tinea,
1849 574 1948 615 nec
1978 575 2108 615 esus

526 654 822 719 consumit,
868 666 968 705 nec
1019 649 1169 705 fures
1203 651 1501 715 effodiunt,
1546 660 1709 719 atque
1751 651 2104 719 subripiunt:

524 744 823 801 sceleratos
872 749 1054 794 autem
1115 740 1391 803 homines,
1460 740 1665 808 quibus
1709 740 2105 809 suppliciorum

522 834 859 908 perennitas,
913 839 1176 901 tanquam
1221 832 1348 886 mali
1380 832 1618 897 culmen,
1674 833 1954 898 adiicitur,
1998 830 2107 901 igni

522 924 952 998 inexstinguibili
990 933 1257 980 aeternum
1283 925 1589 980 cruciatum
1638 925 1941 980 continenti
1994 934 2108 979 tra-

522 1022 737 1075 diturus
767 1028 869 1073 est.

601 1110 999 1166 Verosimiliter
1031 1118 1213 1164 autem
1250 1128 1267 1161 ι
1295 1109 1653 1164 ventilabrum
1676 1110 1729 1163 in
1754 1123 1918 1164 manu
1949 1108 2100 1180 ejus»

524 1210 860 1272 promptam,
930 1208 984 1254 et
1030 1200 1338 1268 expeditam
1403 1198 1606 1255 Christi
1664 1201 1935 1255 actionem
2003 1199 2106 1255 sub

529 1293 817 1361 aenigmate
841 1289 1113 1361 signiﬁcat
1140 1308 1152 1343 :
1187 1305 1362 1358 neque
1389 1291 1535 1344 enim
1560 1306 1655 1360 per
1671 1290 2103 1357 meditationem,

522 1398 704 1453 neque
757 1398 853 1452 per
905 1398 1137 1446 moram,
1188 1396 1361 1450 neque
1407 1396 1502 1451 per
1558 1382 2096 1452 argumentationum

524 1472 836 1542 indaginem
872 1471 1127 1526 meliores
1177 1489 1207 1525 a
1238 1471 1602 1525 deterioribus
1646 1472 1950 1537 discernit;
2008 1472 2104 1528 sed

524 1580 556 1619 ο
610 1565 862 1634 vestigio,
926 1573 981 1619 et
1032 1564 1323 1633 derepente
1378 1563 1766 1619 salvandorum
1813 1578 2024 1635 partem
2072 1581 2103 1621 a

525 1659 853 1713 damnandis
895 1658 1178 1729 dispescit.
1254 1658 1474 1713 Scilicet
1521 1658 1716 1724 voluit,
1789 1669 1975 1715 secuta
2022 1668 2105 1714 est

524 1752 817 1820 separatio,
843 1751 1124 1820 praecessit
1146 1750 1433 1820 judicium,
1471 1758 1527 1805 et
1564 1765 1689 1804 cum
1725 1750 1936 1820 judicio
1985 1751 2104 1807 vin-

522 1819 625 1897 dex
652 1819 863 1911 justitia
889 1860 903 1909 ;
932 1819 1344 1913 quippeiunico
1382 1851 1508 1895 actu
1566 1843 1620 1895 in
1664 1819 1957 1911 conspectu
2007 1841 2101 1895 Dei
2139 1819 2179 1877 Β

521 1942 651 1988 sunt
729 1932 1005 1989 universa.
1091 1933 1545 2003 Quandoquidem
1605 1932 1677 1988 ita
1739 1933 1989 1997 astitrix,
2048 1941 2105 1987 et

518 2026 771 2080 ministra
816 2025 1150 2097 judiciorum
1190 2025 1280 2080 Dei
1333 2034 1417 2080 est
1450 2026 1691 2097 potentia
1723 2024 2008 2096 puniendi,
2044 2034 2100 2078 et

516 2118 761 2189 justitia;
816 2118 1278 2189 quemadmodum
1332 2128 1386 2173 et
1423 2118 1668 2187 profusa,
1734 2127 1790 2171 et
1844 2116 2099 2186 benigna,

518 2227 851 2281 omnemque
875 2209 1547 2283 gratitudinemexcedens
1572 2210 1966 2273 remuneratio,
1992 2224 2099 2279 qua

518 2303 679 2358 nobis
713 2303 938 2357 meliora
972 2302 1222 2373 largitur.
1277 2301 1635 2357 Frumentum
1672 2302 1915 2373 profecto
1944 2316 2100 2356 sacra

516 2395 737 2465 eloquia
778 2394 899 2448 illos
936 2394 1233 2463 appellant,
1296 2395 1387 2463 qui
1443 2394 1751 2458 nobilitate,
1811 2409 1977 2463 quam
2032 2393 2101 2447 ab

516 2488 676 2541 initio
706 2469 1083 2551 obtinuerunt,
1114 2486 1408 2553 custodita,
1442 2488 1734 2557 pristinum
1789 2488 1979 2551 etiam,
2032 2501 2101 2542 ac

517 2574 759 2629 salutare
815 2590 1004 2629 semen
1054 2590 1085 2629 a
1133 2573 1245 2629 Deo
1293 2586 1503 2631 natura:
1541 2576 1923 2642 commissum,
1976 2592 2100 2645 ger.

517 2680 743 2720 manum
796 2681 1104 2737 purumque
1134 2684 1307 2738 usque
1358 2669 1425 2724 ad
1489 2667 1663 2739 ipsam
1712 2668 1927 2724 fructus
1972 2682 2102 2738 pro-

517 2758 831 2812 ductionem
882 2769 1283 2815 conservarunt
1322 2779 1336 2814 :
1372 2760 1559 2815 fenum
1606 2772 1811 2823 autem,
1868 2770 1923 2815 et
1962 2758 2103 2830 ignis

521 2864 707 2903 escam
727 2859 1044 2919 nuncupant
1067 2866 1182 2917 eos,
1210 2852 1262 2906 in
1284 2853 1484 2921 quibus
1503 2861 1736 2906 connata
1763 2851 2100 2905 zizaniorum

521 2940 790 2996 immistio
841 2943 1066 3013 spiritus
1106 2942 1391 2999 suﬂ'ocavit
1430 2944 1726 3010 culturam,
1776 2951 1831 2998 et
1885 2942 2104 3012 frugum

2209 556 2297 623 αἷς
2336 561 2647 629 ἀποθήκαις
2671 558 2795 613 οὔτε
2826 558 2923 628 σὴς
2957 557 3084 611 οὔτε
3119 557 3321 629 βρῶσις
3365 555 3642 625 ἀφανίζει,
3663 557 3775 610 οὔτε

2210 650 2444 705 κλέπται
2473 649 2843 719 διορύσσουσι,
2876 648 2973 701 καὶ
3000 648 3295 701 κλέπτουσι
3320 665 3335 679 ·
3364 642 3445 709 οἷς
3473 647 3532 699 δὲ
3559 646 3621 699 τὸ
3655 646 3778 714 ἀμε·

2207 745 2475 814 τάϐλητον
2528 753 2587 807 ιη,
2623 742 2799 797 κακοῦ
2850 742 3165 813 προσθήκη,
3219 746 3333 805 τοῖς
3376 741 3779 811 ἡμαρτημένοις

2211 837 2625 905 συνεφέλκεται,
2651 836 2783 905 πυρὶ
2806 834 3056 905 ἀσϐέστῳ
3081 835 3180 904 τὴν
3200 833 3475 905 τιμωρίαν
3498 832 3600 885 οὐκ
3620 832 3780 902 ἔχοντι

2207 930 2506 1002 λήγουσαν,
2537 928 2764 992 τούτους
2794 927 3241 997 παραπέμψειεν.

2278 1104 2519 1167 Εἰκότως
2550 1104 2606 1157 δὲ
2642 1121 2659 1154 ι
2711 1103 2862 1156 τὸέν
2910 1105 2976 1173 τῇ
3024 1102 3171 1173 χειρὶ
3230 1102 3397 1155 αὑτοῦ
3438 1102 3633 1167 πτύον,
3667 1122 3685 1155 ι
3728 1103 3783 1155 τδ

2206 1197 2505 1267 πρόχειρον
2534 1194 2933 1266 αίνιγματίζει,
2981 1196 3076 1247 καὶ
3100 1196 3316 1265 ἕτοιμον
3341 1211 3356 1225 ο
3398 1194 3461 1246 ού
3496 1194 3607 1264 γάρ
3635 1194 3782 1264 μελέ-

2205 1305 2292 1356 τῃ,
2325 1288 2422 1341 καὶ
2455 1287 2732 1357 λογισμῶν
2768 1286 2965 1357 ἐρεύνῃ
3005 1286 3319 1355 διαχωρίζει
3357 1285 3471 1338 τῶν
3508 1284 3785 1355 βελτιόνων

2204 1382 2332 1443 τοὺς
2364 1378 2616 1451 χείρονας
2639 1394 2651 1406 ·
2679 1377 2814 1432 ἀλλά
2845 1379 2909 1429 ἐκ
2939 1377 3032 1430 τοῦ
3056 1377 3279 1440 εύθὲως,
3315 1378 3411 1430 καὶ
3446 1377 3783 1447 παραχρῆμα

2204 1472 2505 1526 διαστέλλει
2533 1473 2631 1541 τῆς
2679 1470 2996 1542 σωζομένης
3028 1470 3225 1541 μοίρας
3262 1470 3323 1523 τὸ
3349 1470 3780 1540 τιμωρούμενον.

2218 1563 2523 1634 ἸΙὸουλήθη
2554 1563 2685 1633 γάρ,
2725 1561 3093 1631 ἠκολούθησεν
3123 1563 3155 1631 ή
3198 1561 3498 1630 διάκρισις,
3526 1559 3783 1630 προῆλθεν

2205 1658 2237 1726 ἡ
2273 1656 2475 1727 κρίσις,
2504 1655 2602 1711 καὶ
2657 1656 2690 1725 ή
2729 1655 2970 1725 τιμωρὸς
3025 1652 3378 1723 συμπροῆλθε
3429 1651 3595 1721 δίκηο
3626 1652 3783 1723 ἁθρόα

2205 1748 2314 1819 γὰρ
2341 1747 2574 1801 ἐνώπιον
2602 1746 2739 1800 Θεοῦ
2770 1747 2974 1801 πάντα.
2993 1746 3149 1798 Ἐπεὶ
3172 1746 3266 1798 καὶ
3296 1746 3329 1814 ἡ
3352 1744 3604 1815 τιμωρὸς
3640 1743 3785 1813 ἐνέρ-

2210 1856 2354 1907 γεια,
2380 1840 2473 1893 καὶ
2504 1838 2627 1909 δίκη
2652 1837 2926 1909 πάρεδρός
2956 1838 3095 1899 ἐστι,
3139 1837 3234 1889 καὶ
3264 1836 3536 1907 ύπηρέτις
3564 1835 3670 1890 τῶν
3700 1834 3782 1887 τοῦ

2211 1932 2346 1986 Θεοῦ
2368 1932 2686 2004 χριμάτων·
2711 1930 2902 2000 ὥσπερ
2932 1930 2965 1999 ἡ
2995 1930 3245 1999 ἇςρθονος,
3272 1928 3365 1981 καὶ
3388 1928 3782 1996 φιλάνθρωπος,

2210 2026 2306 2079 καὶ
2330 2026 2597 2095 κρείττων
2638 2023 2877 2093 ἀμοιϐῆς
2926 2021 3303 2086 ἀνταπόδοσις,
3348 2020 3416 2073 δι’
3475 2015 3545 2091 ἧς
3575 2021 3701 2090 ἡμῖν
3724 2018 3784 2070 τὰ

2209 2118 2421 2188 ἀμείνω
2454 2116 2872 2187 πρυτανεύεται.
2904 2117 3059 2170 Σίτον
3092 2115 3276 2185 μέντοι
3326 2114 3590 2186 ὀνομάζει
3628 2113 3692 2166 τὰ
3714 2113 3781 2165 ίε-

2215 2209 2286 2281 ρὰ
2321 2208 2502 2276 λόγια,
2546 2209 2744 2272 οἵτινες
2778 2206 2876 2278 τὴν
2922 2207 2979 2273 ἐξ
3028 2208 3202 2278 ἀρχῆς
3232 2206 3517 2274 εὐγένειαν
3562 2205 3787 2273 φυλαξά-

2213 2317 2367 2371 μενοι
2400 2300 2494 2354 καί
2527 2300 2625 2369 τῆς
2654 2298 2841 2353 θεόθεν
2865 2302 2930 2369 τῇ
2967 2298 3127 2367 φύσει
3162 2299 3606 2369 καταϐληθείσης
3636 2299 3784 2366 dple-

2208 2392 2369 2459 γόνου
2402 2409 2484 2458 τε,
2516 2392 2610 2443 καὶ
2664 2388 2934 2460 σωτηρίου
2972 2393 3182 2461 σπορᾶς
3233 2392 3294 2444 τδ
3338 2391 3649 2455 ἀνόθευτον,
3700 2389 3786 2441 καὶ

2210 2484 2454 2553 καθαρὸν
2488 2485 2681 2556 μέχρις
2714 2486 2889 2555 αὐτῆς
2912 2486 3009 2553 τῆς
3032 2484 3413 2556 καρποφορίας
3444 2484 3779 2537 διεσώσαντο·

2210 2578 2416 2650 ἄχυρον
2438 2578 2517 2643 δὲ,
2547 2578 2643 2631 καὶ
2675 2578 2845 2649 πυρὸς
2896 2578 3165 2649 δαπάνην,
3189 2574 3269 2641 οἷς
3306 2581 3338 2648 ἡ
3394 2578 3649 2649 ἐπιμιξία
3686 2576 3783 2629 τῶν

2212 2670 2471 2735 ζιζανίων
2500 2675 2855 2741 παραφυεῖσα
2882 2671 2982 2743 τὴν
3027 2671 3120 2724 τοῦ
3163 2673 3480 2741 πνεύματος
3528 2670 3784 2741 γεωργίαν

2210 2763 2563 2829 ἐναπέπνιξε,
2600 2768 2694 2818 καὶ
2756 2765 3192 2836 ἀτελεσιρόρητον
3244 2764 3645 2836 ἀπειργάσατο,
3702 2762 3782 2815 καὶ

2211 2851 2347 2923 πρὸς
2368 2852 2467 2922 τὴν
2495 2852 2602 2905 τῶν
2640 2853 2926 2906 σκυῦάλων
2960 2853 3264 2923 ἀχρηστίαν
3288 2855 3388 2925 τὴν
3430 2854 3545 2908 τῶν
3575 2852 3782 2923 καρπῶν

2213 2939 2579 3011 ἐλπιζομένην
2608 2941 2916 3014 ἀπέρριψεν
2949 2953 2975 2979 η
3003 2943 3334 3014 ὡραιότητα.

517 3031 908 3103 perfectionem
967 3035 1297 3107 intercepit,
1367 3038 1480 3093 imo
1538 3047 1811 3107 speratam
1874 3036 2093 3090 illarum
2172 3032 2643 3103 pulchritudinem
2698 3036 2767 3091 ad
2821 3035 3074 3091 inutilem
3142 3052 3342 3092 acuum
3429 3036 3783 3092 conditionem

520 3127 750 3197 projecit
779 3127 913 3199 (71).

588 3223 724 3278 illud
765 3233 947 3279 autem
999 3241 1012 3278 ε

517 3314 683 3384 igne.)
708 3355 724 3381 ,
780 3314 922 3369 haud
975 3314 1047 3369 ita
1076 3316 1452 3385 accipiendum
1482 3326 1586 3381 est,
1624 3326 1682 3373 ut
1702 3317 1812 3372 duo
1852 3317 2103 3387 quaedam

519 3406 650 3471 siut,
686 3422 806 3476 quae
838 3422 951 3462 sua:
994 3406 1354 3463 alternatioue
1388 3416 1599 3463 naturae
1660 3411 1880 3464 unicam
1934 3409 2106 3479 bapti-

519 3497 713 3550 smatis
743 3497 1023 3563 virtutem,
1066 3506 1120 3551 et
1150 3499 1546 3566 perfectionem
1587 3501 1900 3555 conliciant.
1931 3500 2105 3570 Cujus

519 3588 666 3641 enim
689 3590 767 3642 rci
784 3590 1171 3644 sanctissimus
1186 3589 1428 3657 Spiritus
1452 3591 1523 3645 ibi
1548 3607 1648 3661 pro
1663 3608 1762 3647 sua
1783 3592 2105 3661 operatione

521 3680 703 3734 adhuc
736 3680 1044 3750 indigebit?
1102 3680 1244 3747 Quid
1291 3692 1473 3737 autem
1504 3684 1607 3737 erit
1648 3684 1737 3739 ille
1764 3684 1904 3754 ignis
1939 3685 2105 3740 simul

523 3771 836 3839 adjunctus,
867 3772 961 3841 qui
1009 3772 1313 3828 deﬁcientis
1350 3788 1583 3828 vacuum
1644 3775 1982 3844 complebit?
2036 3778 2105 3832 At

520 3862 653 3916 illud
713 3863 769 3915 in
819 3863 936 3933 igne
991 3879 1137 3919 nunc
1177 3880 1284 3921 una
1311 3866 1553 3919 additum
1592 3877 1695 3929 est,
1758 3876 1815 3921 ut
1868 3867 2105 3937 Spiritus

518 3957 653 4023 vim,
708 3966 763 4013 et
812 3957 1105 4014 ellicaciam
1142 3961 1443 4016 mundandi
1476 3964 1742 4017 enuntiet.
1792 3963 1927 4018 Cum
1956 3966 2101 4021 enim

520 4050 859 4105 sanctissimi
898 4049 1137 4121 Spiritus
1166 4054 1307 4109 dona
1366 4054 1507 4109 inter
1539 4070 1598 4109 se
1636 4054 1921 4121 dilferaut,
1994 4071 2102 4111 una

523 4151 706 4196 autem
737 4142 1047 4199 divinarum
1079 4145 1197 4215 ejus
1218 4147 1602 4216 operationum
1636 4146 1726 4211 sit,
1770 4156 1831 4201 ut
1857 4157 1910 4202 et
1938 4164 2103 4202 mun-

519 4233 627 4297 det,
659 4240 733 4298 et,
786 4237 931 4302 quod
968 4251 1196 4305 pravum
1227 4247 1347 4301 est,
1392 4236 1659 4306 destruat,
1720 4240 2099 4311 ipsorumque,

519 4320 575 4372 in
609 4335 748 4390 quos
780 4327 1175 4394 supervenerit,
1218 4337 1385 4383 totam
1439 4333 1667 4385 omnino
1726 4340 1978 4387 naturam
2017 4348 2104 4387 re-

457 4467 460 4470 ,
518 4409 743 4478 formet,
798 4414 916 4469 ﬁeri
954 4418 1245 4487 nequit,ut
1276 4421 1558 4491 quidpiam
1603 4425 1849 4479 eamdem
1887 4425 2102 4480 fmdans

518 4502 891 4562 abscondatur
914 4508 1092 4563 adhuc
1113 4521 1166 4565 et
1196 4511 1379 4566 lateat.

1077 3242 1096 3276 ι
1122 3221 1427 3294 Baptizabit
1457 3224 1511 3280 in
1536 3224 1741 3297 Spiritu
1780 3234 2003 3291 sancto,
2053 3232 2104 3278 et

2293 3223 2367 3275 Τὸ
2406 3224 2463 3278 δέ
2498 3241 2561 3292 γε
2602 3244 2621 3276 ι
2686 3224 2775 3277 Ἐν
2828 3226 3107 3292 Πνεύματι
3151 3225 3292 3296 ἁγίῳ
3350 3224 3635 3295 βαπτίσει,
3700 3220 3781 3274 καὶ

2212 3321 2369 3393 πυρὶ,
2410 3343 2429 3373 ι
2462 3320 2559 3389 οὐχ
2594 3318 2669 3382 ὡς
2690 3318 2783 3371 δύο
2807 3318 2972 3371 τινῶν
2997 3319 3094 3388 τὴν
3119 3317 3283 3387 φύσιν
3303 3313 3780 3389 παρηλλαγμένων,

2214 3413 2343 3485 μίαν
2372 3412 2473 3481 τὴν
2513 3407 2610 3462 τοῦ
2660 3407 3036 3478 βαπτίσματος
3088 3409 3299 3481 χρείαν,
3354 3409 3449 3462 καὶ
3488 3406 3781 3472 τελειότητα

2210 3502 2645 3559 ἀποτελούντων.
2666 3501 2824 3563 Τίνος
2853 3502 2961 3571 γάρ
2989 3502 3054 3555 ἂν
3082 3503 3177 3555 καὶ
3205 3503 3373 3573 δεήσῃ
3414 3501 3550 3555 ἔνθα
3569 3500 3627 3554 τὸ
3651 3515 3775 3552 πανο

2211 3599 2367 3667 ἀγιον
2417 3594 2643 3665 Πνεῦμα
2680 3597 2940 3665 ἐνεργεῖς
2975 3596 3040 3647 Τί
3088 3596 3135 3649 δ’
3176 3596 3242 3649 ἂν
3270 3596 3354 3665 εἴη
3392 3594 3779 3666 συμπαραλαμο

2210 3689 2529 3759 δανόμενον,
2560 3689 2589 3742 ὃ
2616 3690 2715 3759 τὴν
2744 3690 2929 3759 χώραν
2948 3687 3331 3758 ἀναπληρώσει
3366 3686 3460 3741 τοῦ
3498 3688 3777 3745 λείποντοςς

2225 3781 2386 3834 Ἀλλά
2414 3798 2477 3849 γε
2510 3783 2571 3835 τὸ
2601 3782 2672 3835 ἐν
2696 3782 2839 3849 πυρὶ
2880 3782 2997 3834 νυνὶ
3032 3782 3517 3851 συμπαρείληπται
3548 3783 3643 3849 τὴν
3694 3794 3777 3831 και

2211 3872 2478 3943 Θαρτικὴν
2530 3872 2876 3941 ἀπαγγέλλον
2934 3872 3029 3925 τοῦ
3084 3874 3401 3943 [Ινεύματος
3456 3872 3682 3943 δύναμίν
3726 3886 3775 3920 τε

2210 3966 2305 4020 καὶ
2365 3967 2666 4034 ἐνέργειαν.
2719 3966 2872 4020 Ἐπεὶ
2930 3966 3037 4037 γάρ
3090 3966 3323 4037 διάφορα
3370 3968 3467 4021 τοῦ
3532 3965 3779 4033 παναγίου

2211 4055 2535 4126 Πνεύματος
2561 4057 2631 4109 τὰ
2661 4057 2983 4127 χαρίσματα
3006 4074 3021 4087 ο
3060 4056 3121 4109 ἒν
3149 4057 3206 4110 δὲ
3230 4058 3394 4111 αὑτοῦ
3424 4058 3538 4111 τῶν
3570 4058 3774 4125 θεοπρε-

2210 4145 2329 4198 πῶν
2359 4147 2655 4217 ἐνεργειῶν
2691 4150 2787 4200 καὶ
2814 4147 2874 4199 τὸ
2897 4148 3252 4219 καθαρτικὸν,
3293 4150 3386 4203 καὶ
3412 4150 3513 4220 τῆς
3558 4148 3777 4221 χείρονος

2211 4238 2342 4311 ὓλης
2374 4240 2753 4309 ἀφανιστικδν,
2794 4242 2909 4307 καὶ,
2952 4240 3031 4307 οἷς
3065 4243 3130 4296 ἂν
3184 4245 3615 4311 ἐπιφοιτήσειεν,
3663 4240 3775 4305 ὃλην

2211 4332 2391 4385 διόλου
2423 4334 2522 4403 τὴν
2545 4334 2709 4401 φύσιν
2740 4336 3112 4405 ἁναχωνεύειν
3140 4350 3155 4366 ⁸
3191 4336 3359 4406 μηδὲν
3384 4338 3496 4390 τῶν
3524 4334 3773 4406 καταρρυ·

2210 4424 2462 4478 πούντων
2490 4425 2662 4496 αὐτὴν
2695 4426 3040 4496 ἐμφωλεύειν
3072 4429 3179 4494 ἔτι,
3232 4431 3323 4482 καὶ
3381 4429 3660 4485 λανθάνειν
3698 4430 3774 4480 δυ·

2210 4530 2393 4568 νατον.

590 4595 795 4663 Quare,
821 4615 947 4656 cum
971 4602 1201 4657 dixisset
1237 4622 1255 4655 ι
1275 4604 1329 4657 in
1349 4605 1555 4675 Spiritu
1583 4615 1831 4669 sanctor,
1868 4607 2101 4678 subjecit

2276 4605 2377 4658 Διὰ
2440 4606 2600 4660 τοῦτο
2663 4606 2835 4661 εἰπὼν
2867 4626 2886 4659 ι
2920 4609 2979 4661 ἐν
3025 4608 3303 4679 Πνεύματι
3349 4609 3513 4681 ἁγίῳ,
3556 4630 3574 4662 ι
3628 4621 3772 4678 προσ·

523 4710 607 4755 «οι
642 4699 847 4768 ignei,
914 4695 993 4748 uti
1047 4694 1253 4749 dixeris
1302 4696 1357 4750 in
1400 4696 1606 4766 Spiritu
1649 4708 1858 4766 sancto,
1882 4702 1974 4769 qui
2004 4702 2103 4755 de-

519 4805 745 4861 generes
782 4797 999 4843 nostras
1024 4787 1353 4857 cupiditates
1399 4788 1701 4860 depurgat,
1754 4800 1919 4863 atque
1968 4809 2104 4848 con-

519 4883 721 4949 sumit;
745 4896 776 4936 a
810 4880 1014 4952 quibus
1038 4896 1135 4951 per
1161 4882 1539 4952 operationem
1573 4884 1757 4950 illam,
1786 4901 1907 4954 quae
1944 4886 2102 4955 ignea

518 4985 577 5028 et
599 4972 785 5029 eﬂicax
818 4972 984 5028 simul
1012 4972 1264 5039 est,etvi
1299 4972 1633 5029 reconﬂandi
1663 4976 1913 5045 praedita,
1966 4994 2102 5047 pur-

527 5064 657 5132 gati,
687 5062 1034 5120 sanctitatem
1073 5063 1292 5133 assequi
1324 5078 1623 5119 meremur.
1667 5084 1683 5116 ι
1710 5062 1926 5121 Etenim
1960 5070 2102 5123 Deus

2207 4699 2373 4770 έθηκε
2413 4719 2431 4752 ι
2465 4700 2558 4753 καὶ
2596 4702 2771 4772 πυρὶ,
2810 4720 2828 4752 ι
2866 4700 2954 4754 ἵνα
3002 4701 3163 4773 εἴπῃς
3212 4703 3272 4755 ἐν
3321 4704 3601 4774 υνεύματι
3650 4696 3769 4766 ἁγίῳ

2206 4792 2285 4862 τῷ
2322 4792 2643 4863 καθαρτικῷ
2692 4810 2753 4846 τε
2787 4794 2885 4847 καὶ
2914 4794 3275 4866 δαπανητικῷ
3297 4796 3408 4848 τῶν
3439 4798 3498 4849 ἐν
3527 4797 3652 4867 ἡμῖν
3687 4790 3770 4856 τῆς

2206 4883 2407 4947 κακίας
2435 4884 2624 4937 παθῶν
2648 4901 2663 4916 ·
2702 4879 2780 4939 ὢν
2807 4885 2895 4939 διὰ
2922 4886 3021 4955 τῆς
3051 4886 3323 4957 ἐμπύρου,
3368 4889 3463 4941 καὶ
3501 4881 3769 4958 δραπικῆς

2207 4976 2349 5045 ἅμα,
2381 4977 2476 5029 καὶ
2512 4980 2961 5049 ἁναχωνευτικῆς
2982 4980 3267 5050 ἐνεργείας
3309 4977 3769 5051 ἀποκαθαιρούμε·

2206 5085 2291 5121 νοι
2306 5070 2404 5140 τῆς
2434 5071 2723 5142 ἁγιότητος
2750 5071 3071 5143 ἁξιούμεθα.
3099 5093 3117 5126 ι
3147 5073 3259 5128 Καὶ
3288 5075 3399 5147 γὰρ
3432 5076 3462 5128 ό
3490 5074 3614 5136 Θεὸς
3633 5065 3768 5140 ἡμῶν

1865 5221 2102 5279 VARIE
2144 5224 2551 5283 LECTIONES.

516 5352 520 5357 ’
630 5356 865 5443 ιΝςεὰς
890 5357 1132 5422 αίωνίας.
1244 5366 1282 5389 ³⁸
1316 5356 1381 5412 Ν.
1419 5359 1851 5429 ἀμεταμέλητον.

1966 5371 1993 5398 ιι
2016 5363 2082 5416 ἀν
2114 5361 2233 5419 Nic.
2270 5364 2564 5437 [lucusque
2600 5368 2716 5421 lat.

2054 5540 2284 5597 NOTAE.

563 5719 707 5800 ,01)
756 5723 889 5789 Quae
916 5724 1141 5800 Photius
1166 5727 1448 5800 hactenus
1506 5730 1827 5800 disputavit,
1887 5734 2090 5788 nemini

524 5791 774 5847 videntur
800 5808 959 5862 nova,
995 5797 1040 5851 si
1072 5798 1369 5866 scriptores
1400 5800 1532 5865 adit,
1561 5791 1654 5871 qui
1690 5804 1743 5857 in
1780 5791 1975 5859 Hatth.
2005 5820 2086 5869 ni,

2206 5737 2295 5803 l2,
2329 5748 2775 5795 commentantur
2822 5761 2834 5796 :
2880 5741 3059 5796 iusius
3093 5750 3297 5808 tamen,
3359 5750 3436 5799 uti
3464 5742 3616 5806 solet,
3649 5734 3757 5789 Cor-

2202 5811 2381 5865 nelius
2410 5826 2446 5866 a
2472 5811 2675 5882 Lapide
2708 5814 2810 5868 ista
2850 5813 3221 5883 persequitur.
