4084 6436
313 423 422 490 233
1210 439 1313 501 AD
1340 440 1942 506 AMPHILOCHIUM
1987 446 2339 519 QU/ESTIO
2376 452 2658 514 XXXIII.
3502 458 3618 520 23L

315 537 449 632 πῦρ⁸
464 539 868 632 καταναλίσκον
905 543 1024 600 ἐστὶ
1063 564 1111 613 ι,
1139 548 1244 620 τήν
1283 568 1343 604 τε
1385 551 1553 626 ἄλλην
1579 555 1908 625 φθοροποιὸν

2029 571 2200 616 ιοειοι·
2229 564 2373 632 ignis
2399 578 2735 622 consumens
2767 575 2853 624 est
2885 568 2930 601 δ’
2969 587 2988 622 ι
3041 579 3157 625 tum
3187 583 3410 626 omnem
3442 573 3614 630 aliam

317 629 667 729 μοχθηρίαν,
699 634 796 688 καὶ
870 637 972 729 ὅσα
1058 641 1358 712 παρεισέδυ
1387 683 1402 710 ,
1455 647 1553 700 καὶ
1600 649 1917 719 ἐναπετάκη

2029 629 2392 720 corruptionis
2418 654 2765 723 pravitatem,
2805 665 2919 712 tum
2967 657 3234 729 quidquid
3267 659 3322 714 in
3358 629 3608 720 nostram

315 721 382 786 ἐξ
399 723 735 795 άπροσεξίας
766 729 831 800 τῇ
858 728 1020 798 φύσει
1059 732 1237 802 ἡμῶν.

866 908 1207 964 ΕΡΩΤΗΣΙΣ
1246 912 1367 968 AI".

320 991 458 1060 Πῶς
478 993 597 1076 ’τῆς
620 999 939 1076 ῥεομηνίας
966 999 1072 1067 τῆς
1092 1003 1224 1076 περὶ
1248 1005 1355 1058 τὸν
1375 1005 1544 1074 Κορὲ,
1569 1008 1669 1062 καὶ
1693 1009 1910 1076 Δαθὰν,

391 1064 519 1144 καὶ.
538 1064 824 1144 ςΑδνειρὼν
852 1064 1283 1144 γεγε-κήμέῦης,
1319 1076 1417 1129 καὶ
1448 1064 1623 1132 ’δέον
1654 1079 1719 1132 τὸ
1751 1064 1910 1135 ἀλλὸ

391 1138 630 1220 “alr-1004‘
653 1138 1106 1220 κατεπτηχότας
1133 1138 1369 1220 καῖτρν
1393 1146 1542 1220 περὶ,
1559 1149 1674 1218 τὴν
1699 1151 1915 1220 ψυχὴν

389 1206 686 1290 κίνδυνογ
713 1206 1007 1290 δεδιότᾰς,
1035 1206 1102 1290 τῇ
1126 1231 1186 1268 τε
1220 1216 1328 1270 τοῦ
1351 1206 1733 1290 φροῖνιήμάτοξπ
1764 1206 1911 1290 ﬂii?-

381 1292 522 1354 ροις,
569 1280 669 1332 καὶ
702 1280 1196 1354 ἀπονενοημένων
1227 1280 1620 1354 συοῗτὲλλέὶν,
1655 1280 1914 1344 κάΓέπι-

386 1349 702 1426 τνιρμονας
731 1349 1013 1426 γένεσθιλι
1045 1353 1167 1426 τῶν
1209 1349 1686 1426 ἡμαρτημένων·
1730 1364 1786 1415 oi
1844 1361 1915 1414 δὲ

382 1417 898 1497 μηδὲιςκτοιόῦτον
930 1417 1413 1496 ἐπιδεικνύὼῦοι
1434 1417 1601 1482 ’Ξιατὰ
1649 1431 1913 1497 Μωσέως

389 1487 793 1558 γογγύζουσιν
805 1507 829 1556 ;

2019 753 2276 799 naturam
2321 761 2389 801 ex
2444 748 2775 820 negligentia
2825 750 3072 822 irrepsit,
3127 767 3366 825 eamque
3417 764 3616 815 conta-

2018 835 2254 893 minavit
2278 838 2416 910 (72).

2291 928 2628 997 QUIES'I‘IO
2658 931 2879 988 XXXIII
2917 933 3018 1006 [αι.
3050 935 3296 1011 XXXII].

2018 1014 2295 1082 Quomodo
2325 1034 2444 1072 cum
2489 1019 2643 1083 Core,
2684 1030 2735 1074 et
2775 1021 3013 1085 Dathau,
3063 1034 3112 1078 et
3147 1027 3345 1083 Abirou
3375 1031 3616 1087 divinant

2088 1088 2228 1171 irem
2252 1091 2454 1171 experti
2485 1100 2655 1171 essent
2685 1091 2756 1157 '°,
2795 1109 2858 1146 ac
2890 1094 3104 1171 reliqua:
3132 1098 3302 1171 turbae
3322 1105 3612 1171 exterritw,

2089 1159 2314 1226 vitisque
2335 1159 2641 1214 discrimine
2654 1175 2951 1225 commota,
2977 1159 3143 1218 duimi
3159 1168 3438 1223 audaciam
3461 1159 3614 1226 rem:

2090 1230 2336 1296 uiamque
2381 1232 2704 1299 reprimere,
2753 1242 2802 1286 et
2840 1250 2872 1286 a
2887 1238 3132 1357 [recentis
3170 1239 3477 1308 resipiscere
3517 1243 3613 1297 de-

2090 1299 2358 1357 buissent.
2407 1301 2489 1353 Ita:
2531 1310 2718 1355 contra
2777 1303 2886 1357 nihi
2957 1304 3261 1357 huiusmodi
3305 1312 3611 1357 exhibentes

2090 1299 2358 1376 ίηιὲιιεεηε2
2407 1301 2489 1353 lia:
2531 1310 2718 1355 contra
2777 1299 3611 1376 nihil,[cujusmodi'exliibentes

2089 1379 2276 1423 contra
2301 1367 2487 1425 Mosen
2521 1383 2856 1428 murmurant
2881 1374 2966 1429 “1

1079 1608 1226 1661 Edita
1246 1611 1307 1662 ab
1324 1612 1538 1664 Antonio
1559 1615 1751 1676 Scotto,
1773 1617 1808 1666 ι.
1833 1629 1899 1677 c.,
1923 1630 1973 1680 p.
1998 1615 2077 1666 δι.
2101 1616 2355 1667 Excursus
2389 1615 2437 1666 in
2465 1617 2612 1669 Num.
2637 1633 2738 1681 xvr,
2763 1621 2841 1670 51.

387 1719 463 1772 Ἦ
493 1717 629 1772 διότι
655 1718 860 1790 πλῆθος
875 1719 1028 1784 ὄντες
1052 1721 1252 1794 ὁρμαῖς
1279 1723 1500 1793 ἀλόγοις
1523 1726 1910 1799 ἐκδεδιῃτημέ-

2082 1727 2333 1783 Proiecto
2356 1728 2409 1782 id
2443 1727 2649 1785 factum
2682 1738 2789 1796 est,
2831 1731 2956 1800 quia
2982 1731 3156 1786 turbae
3186 1732 3396 1790 insanis
3442 1735 3613 1792 animi

312 1827 433 1876 νον,
483 1812 578 1864 καὶ
629 1810 911 1882 λογισμοῖς
951 1813 1277 1884 ἐνεχόμενον
1356 1816 1735 1889 ίταμωτέροις,
1791 1819 1913 1882 ταῖς

315 1902 419 1956 τιιῦ
463 1902 708 1965 Μωσέως
744 1903 995 1974 ἐνόμιζον
1033 1905 1292 1975 ἐπῳδαῖς,
1345 1905 1378 1976 ἦ
1437 1908 1800 1978 περιδρομαῖς
1853 1909 1916 1962 τὺ

314 1996 477 2048 Θεῖον
511 1993 820 2063 θέλγεσθαι,
868 1997 964 2049 καὶ
997 1997 1133 2067 πρὸς
1174 1998 1234 2050 τὸ
1263 2000 1667 2070 κεχαρισμένον
1714 2001 1916 2073 ἐκείνῳ

314 2087 783 2158 παραπείθεσθαι,
849 2089 940 2142 καὶ
994 2090 1084 2143 διὰ
1133 2090 1291 2145 τοῦτο
1319 2093 1420 2156 τὰς
1470 2093 1746 2165 τιμωρίας
1775 2095 1916 2148 κατὰ

311 2178 429 2232 τῶν
464 2178 778 2231 λυπούντων
806 2181 1084 2250 ὁμογενῶν
1132 2183 1486 2252 ἐπαφὶεσθαι.
1530 2185 1737 2238 Ἐδόκει
1765 2203 1830 2254 γε
1860 2171 1918 2239 ἐν

309 2273 435 2333 τοῖς
479 2269 806 2335 διαϐουλίοις
851 2273 1065 2338 τούτοις
1117 2277 1647 2349 περιπλανώμενον,
1701 2279 1800 2334 καὶ
1848 2282 1914 2350 τῇ

311 2362 626 2435 θρασύτητι
657 2367 1153 2437 συγκροτούμενον,
1187 2369 1274 2424 διὰ
1303 2373 1404 2443 τῆς
1434 2373 1584 2441 σφῶν
1605 2375 1918 2427 ἐπαναστά-

304 2471 458 2518 σεως
497 2456 835 2512 δεδίττεσθαί
883 2477 944 2514 τε
989 2462 1081 2516 τὸν
1123 2463 1350 2531 Μωσέα,
1403 2466 1498 2519 καὶ
1542 2466 1783 2534 ἀπάγειν
1822 2465 1918 2520 τοῦ

303 2547 757 2618 ἐγχειρήματος,
789 2552 884 2604 καὶ
921 2553 1060 2623 μήτε
1116 2553 1178 2608 τὸ
1225 2555 1412 2610 λοιπὸν
1460 2557 1782 2626 παροξεύειν
1827 2559 1920 2610 τὸν

300 2635 470 2697 Θεὸν,
563 2631 644 2702 οἷς
710 2639 874 2693 αὐτὸν
956 2642 1049 2695 ἐπὶ
1123 2644 1223 2708 τὰς
1297 2645 1550 2712 κολάσεις
1618 2649 1922 2719 παρεκάλει

301 2729 426 2784 τῶν
451 2728 803 2794 ἀδικούντων,
825 2733 919 2785 καὶ
947 2733 1012 2806 δὴ
1042 2736 1138 2789 καὶ
1156 2737 1254 2806 τῆς
1266 2735 1416 2802 θείας
1438 2738 1610 2811 ὀργῆς
1642 2739 1923 2795 ἀπαλλάτ-

303 2839 433 2877 τειν
461 2822 523 2876 τὸ
551 2823 846 2894 ὁμόφυλον.
874 2820 966 2889 (li;
998 2827 1106 2898 γὰρ
1151 2829 1308 2883 αὐτοὶ
1339 2829 1564 2902 γνώμης
1595 2831 1919 2897 ἀδεκάστου,

305 2914 413 2968 καὶ
461 2914 755 2980 ἀπαθείας,
811 2918 907 2970 καὶ
955 2919 1250 2991 ὀρθότητος
1298 2924 1416 2986 ταῖς
1459 2922 1723 2988 διανοίαις
1780 2924 1919 2996 (72⁸)

310 3007 421 3076 οὺχ
454 3007 758 3062 ὑπέϐαλλον
778 3009 839 3062 τὸ
884 3011 1165 3084 στήριγμα
1221 2999 1383 3085 (πρὸς
1435 3015 1492 3068 δὲ
1525 3015 1594 3069 τὰ
1625 3016 1773 3088 πάθη
1821 3017 1923 3088 τὴν

2017 1821 2260 1877 motibus
2305 1824 2613 1890 concitatur,
2666 1839 2835 1894 seque
2889 1825 3227 1895 coniecturis
3268 1828 3614 1898 implicantes

2021 1914 2195 1984 magis
2219 1916 2503 1985 magisque
2548 1916 2876 1982 temerariis,
2928 1931 3026 1987 per
3065 1916 3234 1974 Mosis
3281 1918 3612 1974 incantatio-

2020 2020 2138 2068 nes,
2167 2015 2331 2075 atque
2363 2005 2554 2060 itinera
2587 2013 2834 2061 tortuosa
2903 2005 3071 2061 Deum
3101 2009 3329 2063 mulceri
3359 2018 3413 2062 et
3439 2008 3611 2072 allici,

2019 2105 2182 2166 atque
2209 2097 2275 2152 ad
2300 2111 2506 2152 morem
2535 2098 2585 2152 ei
2603 2098 2900 2168 gerendum
2927 2097 3134 2162 induci,
3160 2098 3396 2170 ideoque
3416 2113 3613 2170 poenas

2023 2189 2076 2243 in
2102 2189 2333 2245 miseros
2364 2190 2706 2245 contribules
2739 2191 2965 2261 irrogari
2995 2193 3380 2247 autumabant.
3441 2191 3613 2248 Vide-

2022 2285 2222 2339 bantur
2281 2283 2428 2338 enim
2505 2283 2820 2353 lmjusmodi
2877 2285 3125 2341 consiliis
3186 2285 3448 2355 deceptre,
3529 2286 3615 2340 in-

2022 2376 2418 2446 dulgentesque
2475 2376 2806 2444 temeritati,
2878 2394 2976 2450 per
3017 2393 3176 2433 suam
3254 2379 3612 2434 rebellionem

2021 2477 2376 2523 consternare
2412 2466 2622 2535 Mosen,
2675 2479 2840 2540 atque
2895 2484 2924 2523 a
2963 2470 3246 2540 proposito
3303 2485 3610 2536 revocare,

2024 2568 2085 2611 ut
2131 2557 2298 2611 Deum
2353 2557 2409 2612 in
2475 2568 2750 2629 posterum
2794 2573 2904 2613 non
2960 2568 3287 2628 provocaret
3342 2561 3614 2615 adversus

2025 2649 2197 2720 ipsos,
2233 2648 2300 2702 ad
2339 2663 2577 2718 quorum
2613 2648 2823 2704 scelera
2864 2649 3154 2720 plectenda
3181 2665 3309 2704 eum
3350 2651 3618 2706 sollicita-

2025 2739 2150 2804 bat,
2218 2738 2330 2792 imo
2405 2739 2569 2791 etiam
2643 2747 2814 2791 totam
2884 2737 2954 2791 ab
3006 2738 3088 2792 ira
3149 2737 3337 2792 divina
3397 2746 3614 2807 gentem

2027 2832 2302 2886 liberaret.
2342 2828 2682 2900 Cupiditates
2703 2830 2872 2895 enim,
2908 2830 3110 2899 quibus
3137 2828 3240 2898 ipsi
3285 2829 3618 2899 incorrupta:

2027 2927 2246 2988 mentis,
2313 2933 2368 2979 et
2419 2923 2857 2993 imperturbatae,
2918 2933 3193 2991 rectaeque
3249 2921 3608 2992 cogitationis

2028 3013 2244 3070 frenum
2281 3030 2389 3070 non
2419 3013 2739 3085 iujiciebant
2772 3013 3042 3085 (ferebant
3094 3021 3277 3068 autem
3311 3015 3614 3069 secundum

317 3097 506 3168 κρίσιν
531 3100 903 3171 ἐρρύθμιζον),
920 3103 1129 3168 τούτοις
1156 3105 1217 3158 οὐ
1241 3109 1332 3158 τὸν
1350 3107 1554 3160 Μωσέα
1579 3109 1762 3179 μόνον,
1785 3109 1922 3164 ἀλλὰ

2029 3105 2246 3161 easdem
2267 3105 2590 3174 cupiditates
2611 3104 2927 3175 judicium),
2950 3104 3047 3158 bas
3067 3119 3175 3158 non
3200 3101 3388 3156 Mosen
3409 3104 3614 3170 solum,

320 3193 421 3243 καὶ
447 3193 606 3246 αὑτὸν
633 3194 724 3247 τὸν
758 3195 939 3260 κοινὸν
966 3197 1246 3269 Δεσπότην
1285 3199 1379 3252 καὶ
1410 3203 1757 3274 Δημιουργὸν
1778 3203 1918 3256 ὑπο-

321 3281 542 3334 κεῖσθαι
571 3284 960 3352 ἐφαντάζοντο.

398 3373 602 3438 Ἄλλως
627 3392 685 3428 τε
712 3377 767 3429 δὲ
790 3377 886 3430 καὶ
916 3377 978 3431 τὸ
1011 3379 1235 3452 μέτριον
1262 3383 1364 3453 τῆς
1402 3384 1678 3456 τιμωρίας
1715 3403 1920 3456 κεραν-

317 3463 558 3536 νύμενον
586 3469 654 3538 τῇ
697 3467 772 3539 μὴ
799 3467 922 3523 λίαν
969 3473 1497 3550 καταπεπληγμένῃ
1552 3477 1665 3531 τῶν
1707 3479 1922 3551 ἀνθρὼ-

317 3575 444 3608 πων
473 3557 693 3633 γνώμῃ,
742 3563 1085 3635 ἐπιστροφῆς
1137 3566 1404 3631 πολλάκις
1465 3569 1561 3623 καὶ
1612 3571 1920 3644 μεταϐολῆς

315 3651 619 3722 παραίτιον
652 3654 887 3722 γίνεται,
921 3658 1202 3731 φοϐούσης
1239 3661 1336 3732 μέν
1371 3661 1474 3734 τῆς
1517 3664 1812 3734 κολάσεως,
1843 3664 1922 3738 τῷ

316 3744 611 3814 ὑξειμένῳ
633 3746 689 3800 δὲ
723 3747 1048 3820 λεαινούσης
1075 3752 1174 3824 τὴν
1201 3753 1544 3827 τραχύτητα,
1568 3757 1663 3810 καί
1687 3761 1922 3830 συνορᾷν

313 3835 387 3888 τὸ
411 3836 532 3890 δέον
569 3840 1044 3913 χειραγωγούσης.
1104 3844 1548 3917 Ἀνυπερϐλήτου
1604 3849 1662 3902 δὲ
1719 3849 1924 3920 ταύτης

313 3929 419 3984 διὰ
452 3929 554 4002 τὴν
595 3930 906 4004 ύπερὸολὴν
950 3933 1060 3986 τῶν
1118 3935 1535 4006 ἡμαρτημένων
1590 3927 1923 4012 φερομένης,

315 4021 451 4076 ἀντὶ
481 4020 578 4074 τοῦ
610 4022 746 4093 πρὸς
787 4023 1124 4094 συγγνώμην
1157 4027 1314 4097 όρᾷν,
1366 4030 1442 4092 ὡς
1493 4030 1699 4085 ἐπίπαν
1729 4033 1793 4086 τὸ
1831 4033 1929 4088 ἀνε-

317 4113 604 4183 Ορώπινον
639 4116 718 4178 είς
747 4115 1080 4183 ἀπόγνωσιν,
1101 4118 1198 4171 καὶ
1232 4119 1516 4186 ἀπόνοιαν,
1576 4122 1670 4176 καί
1713 4140 1798 4177 τοι
1846 4126 1924 4196 μὴ

316 4207 470 4273 δέον,
533 4207 973 4280 περιτρέπεται·
1043 4209 1137 4263 καὶ
1172 4210 1309 4280 πρὸς
1355 4211 1777 4286 ἀγνωμοσύνην,
1831 4221 1928 4270 καὶ

318 4299 665 4370 δυσφημίαν,
694 4299 836 4353 ἐπὰν
869 4301 943 4371 μὴ
980 4305 1094 4365 τοῖς
1124 4302 1310 4375 ἔργοις
1354 4303 1452 4376 ἔχῃ
1500 4306 1600 4377 τὴν
1628 4307 1799 4380 ὀργὴν
1844 4310 1930 4363 ἐν-

320 4391 632 4459 δείξασθαι,
667 4393 1038 4449 διανίσταται⁶
1091 4395 1270 4449 καίτοι
1303 4397 1382 4470 τῷ
1439 4399 1641 4468 μᾶλλον
1673 4402 1927 4470 φοὸοὗντι

328 4484 542 4555 μᾶλλον
571 4483 680 4538 ἔδει
707 4483 817 4536 τῶν
848 4485 907 4538 οὑ
934 4486 1174 4556 Οεμιτῶν
1207 4488 1542 4558 ἀπάγεσθαι,
1576 4479 1672 4544 καὶ
1699 4493 1838 4564 πρὸς
1867 4495 1928 4549 τὸ

323 4575 619 4630 νουθετοῦν
642 4576 1094 4641 κατευθύνεσθαι,
1128 4579 1222 4631 καὶ
1248 4579 1324 4651 μὴ
1356 4582 1496 4635 κατὰ
1520 4581 1620 4652 τῆς
1652 4583 1789 4648 ἰδίας
1814 4602 1920 4639 σω-

325 4687 398 4739 τη
408 4667 531 4740 pia;
552 4663 1013 4741 παρατάττεσθαι.
1043 4671 1150 4724 Καὶ
1167 4673 1274 4742 γάρ
1297 4690 1462 4744 φησιν
1479 4715 1492 4728 .
1516 4693 1535 4726 ‹
1551 4677 1720 4729 Ὅταν
1748 4677 1924 4732 ἀπέκ-

324 4778 508 4817 τεινεν
532 4763 731 4827 αὐτοὺς
758 4781 777 4814 ι
806 4762 962 4836 (άλλη
999 4764 1159 4818 τοῦτο
1194 4765 1290 4818 τού
1327 4765 1564 4840 Ἰσραὴλ,
1582 4767 1659 4832 ὡς
1693 4771 1750 4824 ἐν
1773 4770 1929 4824 ἐλάτ-

325 4875 485 4912 τοσιν
517 4859 941 4931 ἀρῥωστήμασι,
969 4860 1168 4927 νόσος),
1201 4861 1326 4914 τότε
1367 4879 1385 4912 ι
1428 4861 1720 4932 ἐξεζήτουν
1741 4865 1924 4933 αὐτὸν,

327 4953 432 5006 καὶ
463 4953 821 5022 ἐπέστρεφον,
865 4954 958 5007 καὶ
991 4952 1262 5023 ὣρθριζον
1291 4955 1428 5026 πρὸς
1463 4956 1556 5011 τὸν
1582 4955 1738 5014 Θεόν.
1771 4977 1790 5010 ι

408 5045 531 5110 Πῶς
561 5045 618 5100 δὲ
645 5048 709 5100 οὐ
738 5045 859 5100 λίαν
893 5047 1232 5120 ἔμπληκτον,
1263 5048 1358 5102 καὶ
1385 5049 1580 5114 ποινὰς
1608 5049 1677 5121 βα
1688 5051 1929 5122 ρυτέρας

328 5136 738 5208 ὲκκαλούμενον
764 5138 840 5203 ,τὸ
870 5139 1007 5209 μηδὲ
1037 5141 1103 5210 τῇ
1164 5139 1488 5211 σφοδρότητι
1517 5141 1628 5196 τῶν
1666 5143 1932 5214 χειρόνων

336 5229 649 5301 μεθίεσθαι,
682 5232 778 5286 καὶ
811 5231 910 5303 τὴν
941 5234 1231 5304 μετάνοιαν
1279 5234 1783 5304 άνταλλάττεσθαις
1816 5236 1930 5291 Καὶ

409 5343 455 5375 δ’
485 5340 652 5400 iIebr.
686 5360 788 5411 xu,
821 5345 914 5402 29.
981 5347 1028 5380 ⁵⁰
1061 5346 1222 5402 Num.
1254 5363 1366 5416 xvr,
1403 5347 1492 5403 5i.

2030 3201 2122 3253 sed
2159 3211 2212 3253 ct
2243 3198 2422 3269 ipsum
2465 3212 2813 3253 communem
2838 3195 3132 3252 Dominum
3178 3204 3232 3250 et
3261 3195 3620 3250 Conditorem

2028 3291 2139 3361 pati
2180 3290 2285 3345 sibi
2322 3289 2619 3360 fingebant.

2099 3383 2366 3438 Caeterum
2403 3382 2491 3437 illa
2528 3397 2691 3453 poena
2729 3380 3044 3448 mediocris,
3113 3396 3236 3451 quae
3290 3379 3460 3435 menti
3519 3379 3622 3434 ho-

2028 3474 2240 3528 minum
2298 3489 2405 3530 non
2466 3474 2764 3530 admodum
2818 3471 3215 3543 obstupefacta:
3273 3471 3617 3541 adjungitur,

2031 3581 2173 3636 saepe
2229 3581 2396 3621 causa
2441 3565 2819 3620 conversionis
2852 3572 3016 3626 atque
3041 3563 3376 3633 poenitentiae
3404 3561 3619 3626 evadit,

2031 3673 2158 3712 cum
2207 3672 2364 3711 mens
2411 3656 2621 3711 scilicet
2645 3654 2987 3726 punitionem
3025 3655 3235 3717 timeat,
3277 3662 3333 3708 et
3378 3650 3623 3707 submis-

2030 3751 2184 3805 sione
2236 3748 2592 3804 acerbitatem
2637 3747 2812 3801 lenire
2859 3755 3128 3812 conetur,
3163 3757 3217 3800 et
3249 3750 3316 3800 ad
3377 3744 3618 3799 olIicium

2030 3841 2440 3912 agnoscendum
2471 3839 2898 3894 manuducatur.
2941 3838 3012 3892 At
3037 3853 3222 3908 paena,
3248 3853 3371 3908 quae
3398 3845 3623 3907 propter

2031 3933 2338 3987 facinorum
2406 3932 2804 3986 immanitatem
2859 3931 3262 3985 immanissima
3317 3929 3618 4000 irrogatur,

2030 4026 2167 4081 adeo
2190 4026 2256 4080 ad
2289 4023 2507 4080 veniam
2553 4038 2660 4076 non
2710 4022 2964 4087 intendit,
3026 4030 3086 4075 ut
3125 4021 3290 4076 etiam
3317 4022 3534 4075 animus
3565 4019 3619 4074 in

2032 4119 2468 4189 desperationem
2505 4133 2568 4172 ac
2600 4115 2931 4177 vecordiam,
2972 4114 3190 4170 etiamsi
3244 4128 3351 4168 non
3375 4114 3620 4178 deberet,

2033 4225 2093 4266 se
2131 4210 2428 4281 projiciat:
2461 4218 2626 4279 atque
2677 4205 3195 4277 ad‘improbitatem
3245 4214 3301 4260 et
3350 4202 3623 4268 convicia,

2035 4304 2082 4361 si
2111 4304 2248 4360 iram
2277 4305 2437 4359 IaCliS
2479 4303 2709 4374 prodere
2742 4317 2851 4356 non
2898 4300 3096 4371 possit,
3152 4298 3381 4370 gradum
3422 4297 3622 4353 faciat:

2037 4397 2258 4453 tametsi
2286 4396 2564 4451 hominem
2598 4393 2772 4464 magis
2803 4401 3118 4464 paventem,
3151 4391 3328 4462 magis
3347 4406 3376 4444 a
3404 4388 3628 4446 sceleri-

2033 4492 2136 4547 bus
2178 4491 2422 4555 avocari,
2484 4499 2804 4558 rectamque
2854 4486 3140 4556 suscipere
3191 4483 3622 4546 institutionem,

2035 4601 2100 4640 ac
2117 4584 2279 4640 saluti
2317 4598 2432 4639 suae
2470 4598 2574 4636 non
2608 4580 2827 4636 oilicere
2855 4585 3155 4650 oporteret.
3218 4576 3495 4645 Scriptum
3541 4585 3628 4628 cst

2034 4676 2181 4731 enim
2217 4693 2230 4729 :
2265 4693 2283 4728 ι
2310 4674 2448 4730 Cum
2478 4673 2750 4729 occideret
2780 4688 2876 4727 eos
2912 4671 3266 4742 (czeteroquin
3322 4667 3433 4729 hic,
3459 4664 3627 4720 veluti

2033 4767 2174 4823 inter
2205 4767 2445 4821 minores
2497 4763 2872 4833 aegritudines,
2925 4761 3144 4818 lsraelis
3189 4760 3414 4815 morbus
3461 4757 3624 4842 erat),

2035 4861 2357 4932 quierebant
2376 4874 2525 4921 eum,
2549 4870 2603 4914 et
2625 4857 3060 4922 revertebantur,
3092 4865 3146 4910 et
3172 4853 3415 4910 diluculo
3445 4853 3628 4908 venie-

2038 4961 2170 5008 bant
2197 4951 2262 5005 ad
2291 4950 2458 5005 Deum
2479 4953 2548 5004 ³³.
2574 4969 2592 5002 ›

2109 5044 2405 5112 Quomodo
2435 5054 2616 5099 autem
2663 5057 2772 5097 non
2823 5052 2906 5098 est
2930 5041 3171 5096 hominis
3200 5040 3496 5095 admodum
3527 5037 3631 5093 ob-

2041 5148 2125 5193 stu
2134 5137 2428 5208 pescentis,
2459 5146 2512 5191 et
2537 5137 2842 5208 graviorem
2859 5135 3178 5190 advocamis
3191 5132 3626 5204 castigationem,

2041 5247 2112 5287 ne
2143 5231 2413 5285 malorum
2443 5230 2664 5300 quidem
2717 5227 3067 5286 vehementia
3091 5226 3310 5293 mutari,
3361 5239 3426 5280 ac
3450 5222 3628 5294 pumi-

1571 5347 1616 5379 ⁸¹
1659 5347 1792 5403 ibid.
1826 5348 1917 5403 Η.
1979 5348 2025 5379 ⁵³
2059 5345 2204 5401 I‘sal.
2239 5360 2443 5413 Lxxvn,
2481 5343 2572 5398 54.

1856 5460 2090 5518 ΝΟΤΑΞ.

415 5551 528 5622 (72)
551 5550 828 5624 AOrigenes
862 5563 1022 5610 tract.
1069 5556 1103 5612 9
1152 5556 1206 5610 in
1235 5553 1450 5622 Matth.,
1485 5564 1540 5611 et
1579 5555 1729 5610 hom.
1769 5553 1842 5610 ει
1877 5555 1928 5609 in

337 5622 474 5678 Luc.
525 5622 790 5698 Hilarius,
846 5639 904 5698 et
949 5624 1317 5698 llieronynms
1370 5627 1423 5681 in
1465 5627 1653 5680 Matth.
1701 5641 1822 5698 cap.
1870 5625 1925 5690 5,

339 5709 486 5747 vers.
521 5695 620 5768 1‘2,
669 5697 842 5765 ignem
894 5695 1173 5768 hocrloco'
1205 5698 1542 5768 interpretati
1589 5706 1716 5768 sunt
1749 5697 1928 5766 ignem

342 5767 769 5838 purgatorium,
837 5783 947 5833 quo
1019 5767 1272 5824 homines
1347 5767 1760 5838 quodammodo
1794 5776 1931 5838 ipost

345 5844 579 5890 mortem
628 5837 997 5906 baptizantur,
1053 5839 1104 5892 id
1161 5849 1297 5893 esta
1328 5835 1614 5907 culparum
1649 5835 1930 5904 λειψάνοις

350 5907 667 5962 abluuntur.
726 5908 830 5962 Alii
873 5918 1076 5976 autem,
1137 5909 1209 5964 uti
1246 5919 1299 5966 et
1328 5909 1573 5973 I'liotius,
1623 5908 1802 5978 ignem
1842 5907 1929 5962 in-

2041 5553 2298 5631 telligunt
2333 5553 2539 5631 _ipsum
2567 5623 2580 5631 _
2602 5551 2868 5631 Splritum
2937 5560 3187 5609 sanctum
3242 5549 3518 5631 _:__aildita.
3548 5557 3630 5604 est

2039 5623 2188 5694 enim
2227 5623 2482 5688 σύνθεσις
2515 5623 2582 5679 ad
2615 5623 3072 5694 explicationem;
3127 5632 3186 5678 ut
3241 5625 3331 5678 illa
3359 5623 3632 5694 praecipuo

2043 5693 2284 5764 Spiritus
2349 5696 2527 5750 sancti
2575 5691 3027 5757 conin'muicatio,
3080 5711 3203 5764 qme
3247 5696 3414 5748 indie
3439 5691 3634 5764 Pente—

2041 5762 2221 5821 costes
2254 5765 2437 5834 specie
2484 5767 2626 5835 ignis
2655 5767 2795 5821 facta
2823 5780 2928 5830 εει,
2971 5762 3334 5836 signilicetur.
3391 5762 3631 5819 Consule

2038 5839 2404 5906 expositores.

2111 5904 2204 5977 (7?.
2223 5905 2272 5978 ')
2309 5904 2531 5964 Rectius
2571 5905 2670 5978 τῆς
2691 5905 2957 5972 διανοίας.
