4084 6452
499 439 610 504 235

1663 440 1926 501 PHOTII
1964 436 2473 499 PATRIARCHE
2505 438 2616 498 ΟΡ.

3668 432 3760 497 236

496 550 724 607 tentiam
747 551 1069 621 suscipere?
1116 551 1165 608 ls
1192 552 1478 619 nimirum,
1522 553 1617 623 qui
1651 553 1868 609 modica
1899 554 2083 623 aliqua

2213 549 2295 621 ’ἀρ
2326 550 2355 601 ὁ
2388 549 2490 620 μὲν
2528 548 2609 620 τῷ
2655 547 2863 620 μετρίῳ
2915 549 3014 618 τῆς
3070 546 3340 617 τιμωρίας
3382 543 3464 616 μὴ
3511 560 3763 614 σωφρονι.

498 643 857 714 castigatione
907 658 1016 699 non
1086 645 1341 717 resipuit,
1398 660 1549 717 spem
1603 645 1865 717 relinquit
1889 661 1949 701 se
1972 645 2087 701 for-

500 746 649 790 tasse
677 735 874 790 acriori
914 737 1021 793 alia
1053 752 1214 807 posse
1248 737 1318 793 ad
1363 738 1802 794 emendationem
1837 740 2086 810 perduci.

500 830 570 881 At
597 829 691 899 qui
724 846 789 884 ne
823 846 919 901 per
944 832 1085 887 hanc
1112 832 1331 903 quidem
1359 833 1674 903 corrigitur,
1696 847 1875 901 neque
1900 848 2092 901 sapere

503 922 703 975 melius
730 937 851 976 esse
883 923 1055 985 ducit,
1108 940 1272 993 quam
1297 925 1574 990 insanire;
1631 926 1719 978 hic
1753 924 1948 978 mentis
1978 939 2092 979 suae

502 1012 704 1067 vulnus
768 1010 970 1067 fatetur
1016 1028 1140 1067 esse
1185 1015 1512 1070 insanabile.
1597 1013 1700 1080 Qui
1750 1024 1934 1070 autem
1985 1030 2091 1069 non

506 1104 737 1156 modum
760 1104 1038 1158 meliorem
1063 1103 1274 1169 frugem
1302 1120 1420 1160 sese
1438 1121 1545 1160 non
1577 1107 1788 1176 recipit,
1813 1107 1906 1162 sed
1926 1107 2091 1161 etiam

508 1196 575 1249 ad
591 1196 919 1251 deteriorem
945 1198 1381 1267 peliusdevenit,
1440 1200 1554 1267 ipse
1582 1201 1791 1269 reliqua
1818 1200 2089 1269 supplicia

509 1305 620 1343 non
652 1288 877 1343 nimiam
891 1305 1012 1345 esse
1040 1292 1398 1361 punitionem,
1420 1293 1513 1348 sed
1542 1293 2005 1363 complementum
2027 1292 2095 1347 ad

507 1380 713 1450 justam
732 1397 1067 1449 mensuram,
1087 1384 1132 1438 si
1150 1398 1257 1439 nou
1275 1384 1476 1455 lingua,
1495 1385 1687 1440 saltem
1710 1401 1896 1455 opere,
1914 1386 2100 1440 decer-

512 1489 649 1529 nere
691 1474 922 1529 videtur.
958 1494 975 1527 ι
1000 1474 1267 1541 Peccasti,
1299 1477 1375 1530 ait
1420 1476 1705 1541 Dominus,
1728 1478 1951 1547 quiesce
1976 1477 2042 1529 ⁸³.
2075 1494 2095 1528 ι

584 1608 750 1677 Atqui
803 1607 1012 1663 Hebraei
1051 1618 1163 1663 tum
1191 1607 1296 1662 alia
1344 1618 1567 1678 peccata
1619 1618 1923 1679 patrantes,
1984 1618 2101 1663 tum

516 1714 620 1770 pro
668 1700 984 1757 hominibus
1027 1704 1252 1757 meritas
1284 1717 1475 1773 pmnas
1528 1702 1813 1777 luentibu;
1862 1702 2099 1757 nimium

516 1794 786 1861 dolentes,
822 1812 930 1851 non
980 1796 1157 1851 solum
1212 1811 1321 1851 non
1376 1796 1633 1851 tacebant
1693 1796 1911 1867 (neque
1958 1797 2102 1852 enim

2194 642 2363 707 σθεὶς,
2397 642 2540 711 τάχα
2576 640 2645 695 ἂν
2680 640 2760 711 τῷ
2792 638 3001 711 μείζονι
3042 638 3176 709 πρὸς
3205 637 3303 707 τὴν
3329 637 3620 708 διόρθωσιν
3655 639 3766 690 πολ-

2192 736 2293 798 λὰς
2326 734 2554 795 ἐλπίδας
2577 734 2853 804 παράσχοι
2890 730 3371 801 συνελαθήσεσθαι.
3411 729 3489 783 Ὀ-
3504 729 3563 783 δὲ
3596 730 3669 800 μὴ
3690 730 3767 783 διὰ

2192 825 2388 880 τούτου
2420 826 2834 895 παιδευόμενος,
2874 824 3015 895 μηδὲ
3047 823 3107 877 τὸ
3144 826 3443 893 σωφρονεῖν
3489 821 3767 893 αἱρετώτιο

2198 935 2291 989 ρον
2330 916 2423 970 τοῦ
2482 917 2856 987 παραφρονεῖν
2902 914 3211 985 τιθέμενος,
3260 915 3485 968 ἀνίατον
3536 914 3773 983 ὁμολογεί

2197 1010 2259 1062 τὸ
2281 1008 2685 1079 πλημμέλημα.
2724 1007 2783 1061 Ὀ
2815 1008 2871 1061 δὲ
2904 1008 2981 1078 μὴ
3020 1007 3179 1078 μόνον
3225 1007 3359 1077 πρὸς
3383 1007 3446 1059 τὸ
3488 1005 3692 1073 βέλτιον
3717 1006 3775 1057 οὐ

2204 1099 2651 1172 μετατιθέμενος,
2691 1098 2827 1152 ἀλλὰ
2856 1098 2952 1151 καὶ
2991 1098 3084 1151 τοῦ
3116 1098 3356 1168 χείρονος
3409 1095 3619 1166 μᾶλλον
3646 1095 3777 1161 γινό-

2204 1207 2390 1258 μενος,
2422 1190 2483 1242 τὸ
2512 1188 2698 1241 λεῖπον
2735 1188 2835 1258 τῆς
2868 1189 3142 1258 τιμωρίας
3164 1187 3263 1256 οὐχ
3292 1184 3608 1257 ὑπερϐολῆς
3631 1183 3778 1237 κόλα-

2205 1299 2309 1347 σιν,
2338 1282 2474 1336 ἀλλὰ
2497 1283 2577 1346 εἰς
2607 1282 2705 1352 τὴν
2730 1280 2826 1334 τοῦ
2875 1281 3092 1334 δικαίου
3125 1280 3288 1350 φύσιν
3339 1277 3779 1348 προστιθέμενον.

2204 1374 2311 1429 κᾶν
2353 1375 2429 1446 μὴ
2461 1377 2525 1445 τῇ
2558 1372 2801 1444 γλώσσῃ,
2832 1375 2903 1444 τῇ
2935 1372 3138 1443 πράξει
3165 1372 3223 1426 δὲ
3250 1372 3348 1442 τὴν
3364 1370 3551 1441 ψῆφον
3582 1368 3782 1438 ἐλέγχεα

2204 1484 2295 1520 ται
2323 1465 2528 1536 φέρων.
2567 1484 2586 1517 ι
2629 1465 2937 1536 Ἦμαρτες,
2972 1465 3157 1533 φησιν,
3186 1460 3485 1533 ἡσύχασον.
3522 1480 3542 1512 ι

2279 1599 2344 1652 Ui
2373 1598 2428 1652 δὲ
2458 1598 2867 1669 ἁμαρτάνοντες
2898 1598 2967 1652 τά
2999 1614 3057 1650 τε
3088 1596 3250 1662 ἀλλα,
3306 1594 3403 1650 καὶ
3449 1588 3537 1659 οἷς
3566 1592 3674 1647 τῶν
3718 1593 3787 1646 δι-

2207 1690 2381 1753 καίως
2409 1689 2506 1760 τὴν
2548 1689 2707 1759 δίκην
2745 1688 3056 1742 δεδωκότων
3109 1689 3485 1760 ὑπερήλγουν,
3539 1687 3602 1741 οὐ
3644 1687 3789 1756 μόνον

2207 1784 2311 1836 οὐκ
2341 1782 2541 1851 ὲσίγων
2570 1781 2712 1852 (οὐδὲ
2745 1781 2854 1853 γὰρ
2884 1780 2971 1835 εἶα
3000 1781 3112 1851 (73)
3149 1780 3257 1834 τῶν
3303 1779 3722 1850 ἁμαρτημάτων
3759 1779 3790 1846 ἡ

516 1888 857 1943 facinoribus
884 1903 979 1957 par
1006 1898 1125 1943 erat
1144 1887 1599 1956 animadversio),
1652 1888 1747 1943 sed
1774 1896 1826 1943 et
1856 1888 2106 1959 insurgea

2213 1875 2518 1945 ὑμοιότης)·
2553 1872 2692 1927 ἀλλὰ
2744 1874 2837 1926 καὶ
2868 1876 3005 1945 πρὸς
3037 1873 3355 1941 γογγυσμὸν
3384 1869 3484 1923 τοῦ
3523 1867 3766 1936 παιδαγω

518 1974 652 2031 bant
690 1976 758 2030 ad
791 1978 1248 2031 murmurandum
1292 1976 1360 2032 de
1388 1993 1489 2033 suo
1523 1978 1684 2041 duce,
1732 1987 1787 2033 et
1826 1994 1919 2049 per
1959 1980 2106 2035 hunc

517 2065 572 2119 in
607 2080 951 2119 communem
977 2065 1292 2131 Dominum,
1330 2068 1708 2139 bonorumque
1761 2068 2102 2141 Largitorem

515 2157 914 2227 irrumpebant,
968 2160 1198 2214 crimine
1228 2159 1434 2229 majore
1480 2162 1662 2216 minus
1692 2162 1839 2217 aliud
1870 2164 2106 2219 abscon-

514 2247 647 2303 dere
686 2249 1097 2304 contendentes.
1132 2248 1429 2320 Propterea
1462 2250 1645 2307 simile
1673 2252 1797 2307 aliis
1830 2253 2109 2323 prioribus

513 2340 860 2410 excepissent
886 2342 1184 2405 excidium,
1217 2351 1272 2397 et
1305 2343 1371 2397 ad
1400 2358 1569 2397 unum
1607 2343 1901 2412 periissem
1924 2385 1939 2410 ,
2001 2344 2106 2399 nisi

514 2433 683 2490 Musis
729 2435 1062 2505 placationes
1086 2445 1141 2491 et
1166 2451 1357 2506 preces
1370 2438 1734 2495 calamitatem
1749 2440 2017 2495 stitisseut
2034 2439 2105 2493 ".

587 2570 742 2637 Quod
775 2571 820 2625 si
877 2572 1132 2642 populus,
1166 2573 1261 2643 qui
1300 2572 1472 2644 legem
1523 2586 1830 2645 acceperat,
1882 2576 2103 2633 virtutis

516 2677 583 2717 ac
613 2662 894 2733 religionis
941 2664 1308 2733 legis-latorem
1336 2668 1685 2723 cantionibus
1719 2669 2101 2740 praestigiosis,

519 2749 805 2821 Deumque
848 2750 1193 2808 flectentibus
1238 2754 1623 2822 susyicabatur
1659 2757 1997 2823 incumbere,
2026 2769 2111 2814 at-

520 2858 629 2913 que
667 2858 763 2913 per
802 2858 896 2898 eas
925 2860 954 2897 a
984 2846 1196 2900 vexatis
1232 2845 1555 2903 hominibus
1590 2863 1785 2919 ptenas
1820 2850 1961 2922 exigi
1990 2891 2005 2914 .
2057 2860 2113 2907 et

523 2935 628 2989 hoc
660 2935 1008 3005 potissimum
1058 2946 1217 3006 pacto
1275 2936 1445 2993 Deum
1490 2948 1543 2994 et
1590 2939 1908 2998 Crealorem
1964 2942 2109 3001 facta

524 3024 810 3079 hominum
843 3027 1067 3093 intueri,
1101 3036 1155 3082 et
1185 3044 1440 3085 coercere
1469 3041 1691 3099 peccata
1718 3050 1734 3100 ;
1790 3032 1957 3090 habet
1989 3037 2113 3106 qui-

522 3120 647 3171 dem
665 3118 971 3187 expeditam
994 3121 1275 3190 proposita
1290 3123 1525 3191 quaestio
1538 3123 1893 3181 solutionem.
1929 3126 2109 3183 Aliam

2208 1967 2432 2035 γοῦντος
2458 1965 2868 2031 ἀντανίσταντο,
2915 1966 3012 2018 καὶ
3032 1965 3112 2018 δι’
3142 1964 3307 2018 αὑτὸν
3345 1961 3431 2033 τῷ
3467 1961 3637 2031 κοινῷ
3702 1965 3791 2012 Δε-

2210 2061 2405 2133 σπότῃ,
2427 2059 2520 2113 καὶ
2552 2060 2818 2132 εὐεργέτῃ
2840 2055 3511 2130 προσερῤήγνυντο,κακῷ
3529 2054 3797 2125 μείζονιτδ

2208 2154 2431 2208 ἔλαττον
2473 2151 2907 2222 φιλονεικοῦντες
2956 2150 3413 2222 ἀποκρύψασθαι.
3459 2149 3556 2202 Διὸ
3599 2147 3795 2201 καὶτὸν

2207 2248 2429 2319 ὄλεθρον
2464 2246 2853 2317 παραπλήσιον
2873 2243 2981 2296 τῶν
3003 2243 3429 2314 προδεδωκότων
3463 2242 3792 2311 ἀνεδέχοντο,

2210 2343 2305 2395 καὶ
2334 2340 2603 2408 παγγενεὶ
2631 2338 2884 2393 διώλοντο
2913 2338 2977 2391 ἀν
3000 2352 3013 2366 ·
3045 2337 3095 2389 εἰ
3127 2336 3204 2405 μὴ
3226 2334 3319 2387 τοῦ
3361 2334 3611 2398 Μωσέως
3641 2335 3668 2387 ὁ
3720 2330 3796 2394 ἐξ·

2212 2434 2464 2505 ιλασμὸς,
2485 2434 2580 2487 καλ⁸
2608 2434 2641 2503 ἡ
2673 2431 2859 2502 δέησις
2887 2430 2987 2501 τῆν
3017 2427 3247 2501 θραῦσιν
3271 2426 3529 2497 ἔστησεν.

2283 2571 2346 2624 Εἰ
2402 2570 2459 2623 δὲ
2517 2570 2802 2639 γοητικαῖς
2862 2560 3260 2637 μαγγανείαις,
3329 2565 3427 2620 καὶ
3505 2563 3795 2631 θειοδάμςις

2209 2664 2302 2718 τὸν
2369 2662 2469 2731 τῆς
2534 2662 2735 2732 ἀρετῆς
2766 2702 2781 2727 ,
2841 2662 2935 2713 καὶ
3013 2659 3346 2729 θεογνωσίας
3386 2652 3713 2728 νομοθέτην
3771 2652 3796 2702 ὁ

2210 2753 2672 2827 νομοθετούμενος
2725 2751 3049 2808 ἀνακεῖσθαι
3095 2751 3474 2822 ὑπελάμϐανε,
3546 2750 3642 2801 καὶ
3680 2744 3796 2797 ταύ-

2210 2865 2331 2911 ταις
2362 2846 2789 2918 εἰσπράττεσθαι
2817 2845 2915 2907 τας
2947 2846 3223 2916 τιμωρίας
3266 2844 3393 2907 τοὺς
3422 2837 3799 2913 παραλυποῦν-

2210 2957 2311 3003 τας
2350 2934 2463 3010 εἶχε
2494 2940 2775 3009 φρόνημα,
2822 2937 2999 3001 οὕτως
3033 2938 3149 3006 (74)
3182 2937 3273 2989 ἐπὶ
3298 2936 3523 2989 πάντων
3570 2931 3626 2985 δὲ
3660 2930 3793 2994 Θεὸν,

2213 3033 2308 3088 καὶ
2330 3031 2681 3103 Δημιουργὸν
2734 3031 2940 3102 ὲφορᾷν
2988 3030 3057 3082 τὰ
3104 3029 3385 3099 δρώμενα,
3448 3025 3551 3079 xui.
3600 3023 3799 3091 ἐπέχειν

2212 3125 2322 3178 τῶν
2353 3123 2818 3197 παραπτωμάτων
2847 3120 3254 3193 ἐπικαλούμενον
3281 3135 3294 3149 ·
3346 3121 3381 3190 ἡ
3418 3118 3521 3189 μὲν
3562 3112 3797 3184 ἐξαρχῆς

526 3222 654 3264 vero
674 3209 816 3264 haud
850 3210 1073 3268 levioris
1098 3214 1363 3268 momenti
1391 3214 1728 3285 impietatem
1754 3217 1872 3287 ipsa
1904 3220 2110 3275 solutio

2216 3215 2422 3288 ἀπορία
2449 3214 2589 3269 κατά
2616 3216 2677 3269 τὸ
2702 3214 2883 3285 ῥᾴδιον
2910 3212 3011 3285 τὴν
3033 3213 3187 3265 λύσιν
3218 3212 3333 3283 ἔχει
3358 3228 3371 3241 ·
3430 3212 3537 3263 οὐκ
3563 3207 3801 3262 ἐλάττονα

525 3299 805 3369 patefacit,
837 3312 891 3358 et
921 3304 1110 3373 turbae,
1181 3306 1227 3362 si
1280 3305 1421 3362 forte
1476 3308 1676 3363 talibus
1708 3312 2118 3381 suspicionibus

525 3393 767 3464 decepta:
796 3408 1142 3464 erraverunt,
1205 3415 1317 3455 non
1354 3417 1464 3456 una
1500 3418 1698 3471 morte,
1727 3409 1821 3462 sed
1862 3410 2118 3477 pluribus

527 3484 706 3555 digna:
757 3494 887 3541 sunt
931 3489 1123 3558 :quod
1180 3492 1485 3559 praesertim
1555 3493 1725 3566 Magis
1774 3498 1830 3552 in
1885 3499 2121 3573 Egypto

532 3590 640 3629 non
668 3578 859 3642 semel,
882 3578 976 3633 sed
1006 3580 1191 3651 decies
1216 3581 1488 3648 confusis,
1508 3599 1811 3656 eorumque
1838 3589 2124 3649 fraudibus

532 3682 629 3736 per
655 3666 824 3723 Mosis
872 3669 1119 3740 prodigia
1168 3688 1336 3741 quam
1387 3675 1805 3734 evidentissime
1866 3681 2121 3752 detectis,

533 3760 602 3815 de
641 3760 725 3815 liis
747 3760 911 3815 etiam
945 3763 1136 3819 oculos
1173 3765 1304 3835 ipsae
1326 3782 1456 3822 suos
1480 3768 1755 3826 immunes
1786 3773 2124 3845 deceptionis

535 3862 703 3908 testes
736 3849 1026 3909 haberent.
1071 3854 1442 3927 Praeterquam
1473 3861 1622 3929 quod
1657 3878 1753 3930 per
1792 3864 2124 3922 incantatio-

536 3966 659 4015 nes,
714 3959 771 4006 et
820 3948 1095 4021 praestigia
1135 3950 1394 4020 quisnam
1433 3967 1582 4007 mare
1613 3953 1904 4022 divideret,
1941 3968 1996 4013 et
2024 3974 2124 4028 po-

534 4044 666 4113 pulo
722 4044 942 4114 quidem
997 4058 1100 4099 suo
1162 4043 1307 4097 viam
1368 4059 1471 4099 nec
1516 4047 1747 4117 vestigia
1781 4049 2125 4108 humiditatis

535 4137 861 4192 retinentem
903 4144 1196 4203 sterneret,
1235 4137 1487 4195 hostibus
1537 4149 1721 4195 autem
1774 4153 2125 4216 extempora-

534 4245 702 4286 neum
729 4229 1039 4301 sepulcrum
1071 4229 1350 4299 aperiret?
1374 4229 1547 4287 Porro
1577 4236 1856 4303 quomodo
1886 4247 2070 4309 posset
2094 4254 2127 4296 e

535 4322 678 4376 caelo
724 4336 1047 4390 comparare
1079 4322 1288 4388 cibum,
1346 4331 1401 4377 et
1435 4340 1680 4380 mensam
1733 4342 2032 4399 apponere,
2070 4341 2125 4387 et

536 4421 733 4470 caetera
769 4423 1005 4485 patrare,
1051 4431 1171 4485 quae
1200 4414 1381 4471 Moses
1409 4417 1593 4473 divina
1615 4418 1789 4475 fretus
1817 4423 2021 4479 virtute
2055 4426 2124 4479 ad

534 4504 759 4562 lsraelis
776 4506 1007 4562 salutem
1023 4508 1259 4579 placato,
1283 4520 1624 4582 exoratoque
1640 4510 1874 4571 Numine
1896 4516 2125 4588 agebat?

632 4770 700 4826 At
731 4769 807 4824 illi
838 4768 1057 4840 quidem
1118 4784 1229 4823 non
1269 4769 1543 4827 immerita
1576 4770 1690 4827 suae
1721 4774 2124 4829 murmuratio-

536 4863 625 4919 nis
649 4878 809 4934 poena
863 4862 1073 4917 multati
1101 4870 1251 4917 sunt.
1290 4864 1449 4933 Apud
1510 4863 1749 4933 majores
1801 4875 1983 4920 autem
2027 4881 2131 4920 no-

539 4963 683 5012 stros
728 4957 795 5010 de
832 4955 936 5020 his,
988 4973 1111 5028 quae
1168 4958 1314 5014 dicta
1346 4966 1496 5023 sunt,
1553 4957 1681 5027 quia
1736 4959 1963 5027 quaestio
2022 4974 2131 5013 non

538 5050 768 5114 exstitit,
801 5049 920 5104 ideo
949 5065 1049 5104 nec
1079 5050 1280 5104 solutio
1316 5050 1626 5121 excogitata
1666 5048 1786 5105 fuit.
1820 5051 1999 5105 Tuum
2030 5067 2131 5106 au-

541 5147 651 5196 tem
706 5150 788 5197 est
860 5143 1185 5212 expendere,
1246 5153 1429 5199 utrum
1484 5142 1600 5197 hmc
1652 5143 1770 5213 ipsa
1797 5144 2051 5201 enodatio
2102 5161 2131 5198 a

540 5248 670 5289 vera
695 5236 1082 5302 speculatione,
1115 5252 1184 5291 an
1224 5251 1257 5292 a
1306 5235 1639 5307 loquacitate
1670 5236 1951 5292 silentium
1998 5253 2129 5293 eru—

543 5325 799 5383 bescente
827 5327 1056 5382 oriatur.

2221 3309 2278 3362 δὲ
2309 3312 2341 3379 ἡ
2372 3307 2528 3371 λύσις
2560 3306 2729 3377 ἀλλην
2754 3305 2987 3359 ἀτοπίαν
3014 3304 3323 3370 ἀποτίκτει,
3365 3303 3462 3358 καὶ
3492 3302 3552 3355 τὸ
3584 3298 3795 3369 πλῆθος,

2223 3402 2272 3453 εί
2304 3403 2422 3463 ταῖς
2444 3399 2623 3465 δόξαις
2650 3398 2876 3461 ταύταις
2902 3397 3145 3451 ἑάλωκεν
3198 3396 3287 3464 ἂν,
3311 3397 3411 3465 οὐχ
3456 3394 3629 3457 ἅπαξ,
3674 3388 3796 3443 ἀλλᾶ

2223 3491 2320 3545 καὶ
2351 3489 2614 3552 πολλάκις
2649 3488 3057 3542 ἀπολωλεκέναι
3116 3488 3317 3542 δίκαιοί
3345 3489 3492 3540 εἰσιν
3514 3503 3528 3517 ⁸
3583 3478 3800 3555 μάλιστα

2223 3599 2288 3651 γε
2304 3580 2412 3635 τῶν
2436 3584 2493 3636 ἐν
2507 3580 2772 3652 Αἰγύπτῳ
2796 3582 3011 3652 γοήτων
3032 3580 3515 3651 καταιηυνθὲτων
3534 3574 3799 3648 οὐχηᾶπαξ,

2224 3674 2364 3729 ἀλλά
2390 3675 2487 3728 καὶ
2510 3674 2758 3741 δεκάκις,
2792 3675 2890 3729 καὶ
2940 3674 3043 3745 τῆς
3078 3674 3423 3745 κακουργίας
3478 3671 3668 3727 αὐτῶν
3718 3664 3799 3719 τοῦ

2224 3768 2471 3832 Μωσέως
2500 3766 3053 3838 θαυματουργοῦντος
3085 3769 3168 3832 είς
3197 3767 3256 3822 τὸ
3281 3766 3671 3838 λαμπρότατον
3729 3758 3804 3823 ὲξ-

2228 3863 2626 3933 εληλεγμένης,
2678 3862 2774 3917 καὶ
2796 3862 2974 3917 ταῦτα
3030 3861 3159 3925 τοὺς
3215 3860 3453 3923 οἰκείους
3501 3853 3805 3928 ὀφθαλμοὺς

2230 3954 2514 4026 μάρτυρας
2587 3954 2825 4024 ἔχοντες,
2887 3953 3271 4025 παραγραφὴν
3332 3953 3395 4006 ού
3483 3950 3805 4021 δυναμένους

2226 4046 2391 4117 ἔχειν.
2441 4046 2564 4099 Ἔτι
2594 4046 2651 4099 δὲ
2684 4048 2963 4118 τερατείᾳ,
2994 4047 3090 4102 καὶ
3144 4045 3456 4117 μαγγανεία
3492 4047 3581 4108 τίς
3608 4046 3672 4098 ἂν
3698 4040 3801 4094 δια-

2224 4141 2386 4211 τέμοι
2418 4140 2718 4206 θάλασσαν,
2775 4140 3006 4205 καὶτοῖς
3043 4140 3142 4210 μὲν
3205 4139 3474 4208 ὑπηκόοις
3531 4137 3649 4191 ὁδὸν
3684 4130 3803 4205 μηδὲ

2225 4234 2432 4298 νοτίδος
2460 4235 2585 4305 ἴχνη
2624 4232 2903 4303 φέρουσαν
2934 4233 3359 4296 κατασκευάσοι,
3384 4233 3501 4296 τοῖς
3522 4230 3730 4300 ἐχθροῖς
3754 4226 3801 4278 δὲ

2224 4329 2396 4397 τάφον
2426 4326 2777 4397 αὐτοσχέδιον
2795 4325 3136 4392 ἀποδείξειεν
3163 4342 3178 4391 ;
3220 4321 3311 4389 Ἐξ
3337 4324 3396 4377 οὐ
3408 4324 3577 4393 ρανοῦ
3611 4322 3667 4376 δὲ
3696 4320 3800 4380 πῶς

2226 4418 2292 4473 ἂν
2326 4420 2534 4490 τροφὴν
2568 4420 3005 4489 παρασκευάσω,
3048 4417 3143 4471 καὶ
3176 4414 3461 4486 τράπεζαν
3509 4414 3796 4485 ἐτοιμάσοι,

2226 4512 2405 4565 καὶτὰ
2421 4511 2577 4579 ἄλλα,
2601 4514 2703 4566 ὅσα
2727 4510 3004 4584 θεουργῶν
3028 4514 3055 4565 ὁ
3075 4510 3284 4581 Μωσῆς
3307 4511 3387 4573 εἰς
3420 4508 3692 4579 σωτηρίαν
3717 4501 3798 4556 τοῦ

2153 4596 2200 4651 D
2243 4603 2461 4674 Ἰσραὴλ
2489 4603 2549 4656 τὸ
2575 4605 2729 4659 Θείον
2751 4602 3234 4673 ὲξευμενιζόμενός
3263 4618 3345 4667 τε,
3378 4602 3475 4655 καὶ
3505 4599 3649 4654 ίλεού
3660 4609 3801 4669 μενος

2232 4693 2614 4765 διεπράττετοζ

2317 4785 2479 4839 Ἀλλά
2512 4787 2708 4839 ἐκείνοι
2738 4786 2836 4856 μὲν
2873 4786 2972 4856 τῆς
3004 4784 3432 4847 ἐπαναστάσεως
3474 4783 3536 4837 οὐ
3563 4777 3800 4853 μεμπτὴν

2231 4874 2333 4947 τὴν
2387 4877 2543 4947 δίκην
2604 4877 3084 4949 εἰσεπράχθησαν·
3120 4876 3228 4930 τῶν
3285 4876 3340 4928 δὲ
3370 4875 3477 4945 πρὸ
3520 4875 3696 4944 ἡμῶν,
3728 4871 3797 4921 ὅτι

2236 4968 2374 5039 μηδὲ
2402 4969 2733 5041 διηπόρηται
2762 4969 2915 5023 οὐδὲν
2948 4969 3059 5023 τῶν
3106 4967 3440 5040 εἰρημένων,
3475 4966 3584 5019 οὐδ’
3616 4966 3691 5027 εἰς
3714 4958 3799 5013 λύ-

2236 5080 2320 5115 σιν
2354 5064 2717 5131 ἐπινενόηται.
2748 5063 2847 5115 Σδν
2870 5062 2913 5115 δ’
2945 5062 3063 5115 ἐστὶ
3086 5062 3337 5133 συνορᾷν,
3362 5060 3474 5113 εἴτε
3506 5069 3797 5130 πραγματι-

2234 5156 2338 5226 κῆς
2366 5158 2512 5209 ⁸ἔστιν
2545 5158 2578 5227 ὴ
2608 5155 2762 5218 λύσις
2792 5154 3028 5227 θεωρίας
3073 5153 3255 5226 ἔργον,
3292 5154 3405 5207 εἴτε
3433 5152 3623 5217 λαλιᾶς
3658 5145 3798 5217 σιγᾷν

2236 5248 2657 5316 αἰσχυνομένης.

583 5503 631 5537 ⁵³
668 5503 804 5561 Gen.
839 5520 915 5569 ix,
945 5505 1002 5571 7,
1031 5520 1098 5561 ex
1135 5521 1276 5562 vers.
1304 5502 1469 5570 LXX,
1501 5520 1628 5561 nam
1659 5506 1813 5563 deest
1837 5506 1891 5562 in
1926 5502 2175 5577 Vulgata.
2245 5508 2289 5539 “
2320 5507 2482 5563 Num.
2526 5523 2638 5561 χχι.
2676 5504 2747 5559 22
2770 5510 2823 5560 et
2850 5506 2941 5560 46.

2072 5702 2304 5762 NOTAE.

617 5817 740 5893 (75)
765 5813 891 5871 Sive
921 5817 1027 5886 εἴη,
1069 5818 1184 5893 sive
1212 5813 1299 5893 οία
1332 5827 1648 5888 reponatur,
1693 5827 1883 5876 nostra
1943 5821 2113 5874 inter-

546 5888 783 5962 pretatio
805 5897 953 5944 recto
980 5888 1144 5943 stabit
1181 5888 1310 5944 talo.
1807 5914 1813 5920 -

2298 5825 2410 5897 (74)
2442 5824 2632 5893 Οΰτως
2663 5843 2763 5899 pro
2790 5824 2963 5883 οὕτων
2991 5825 3151 5883 obvia
3186 5824 3500 5882 emendatio
3524 5831 3625 5882 est.
