4084 6446
274 453 380 518 237

831 570 1172 625 ΕΡΩΤΗΣΙΣ
1213 572 1330 625 AA'.

284 662 383 734 Ἐν
414 661 497 729 τῷ
520 663 904 734 Etiamnum?)
917 663 1082 730 ῥητῷ
1127 663 1264 716 τίνα
1299 661 1396 716 δεῖ
1423 661 1592 734 νοεῖν
1636 660 1863 726 παιδία,

346 733 387 789 ἆ
413 734 539 800 τοῖς
569 733 876 799 Ἰουδαίοις
891 735 1200 800 ηὔλησαν,
1229 734 1325 786 καὶ
1351 735 1463 786 οὐκ
1485 733 1861 801 ὠρχήσαντο,

351 807 723 872 ἐθρήνησαν,
755 807 851 858 καί
896 807 1008 858 οὐκ
1044 805 1388 871 siadd-arto;
1427 803 1536 856 Ter
1579 805 1690 871 γὰρ
1720 805 1870 869 Πρό-

351 871 614 943 (Sequor,
675 875 770 929 καί
828 875 935 928 τὸν
1001 874 1211 928 κοινὸν
1278 873 1594 938 Δεσπότην
1631 871 1870 943 iamdiu

350 942 535 1007 νοεῖν,
564 946 644 1012 μὴ
674 947 754 1010 τῷ
775 946 977 1008 ἀτόπῳ
1001 944 1433 998 συνδιαλύεται
1455 944 1552 996 καί
1579 942 1699 996 τῶν
1723 944 1871 996 ἰου-

349 1017 533 1068 δαίων
565 1021 624 1068 τὸ
658 1016 936 1085 ἔγκλημα
952 1031 972 1080 ;
994 1014 1261 1082 Παιδίοις
1286 1017 1395 1086 γὰρ
1415 1013 1501 1084 μὴ
1528 1012 1875 1082 πειθαρχεῖν

343 1088 459 1154 οὐχ
485 1087 845 1141 ὑπεύθυνον.

1209 457 1312 519 AD
1345 457 1942 520 AMPHILOCHIUM
1966 455 2316 531 QUIESTIO
2352 459 2617 523 XXXIV.

3461 461 3564 523 233

2224 569 2552 638 QUAESTIO
2597 570 2819 627 xxxrv
2873 573 2970 647 [αι.
3012 573 3278 648 xxxm].

1980 660 2046 716 In
2109 659 2206 737 illo
2273 660 2555 737 Euange‘lii‘
2618 663 2732 737 loco
2794 667 3007 735 quinam
3057 666 3384 737 intelligendi
3443 674 3568 718 sunt

2049 732 2228 798 pueri,
2261 733 2351 800 qni
2377 731 2583 786 Iudaeis
2619 731 2937 801 cecinerunt,
2969 747 3015 791 et
3048 738 3128 790 illi
3152 731 3252 790 non
3276 735 3564 793 soltarunt,
3623 786 3632 799 ,

2048 803 2492 875 ζαιιιεηιιηιθνωιι,
2527 813 2576 856 et
2609 805 2693 875 illi
2727 822 2828 858 non
2859 808 3277 875 planxerunt"?
3319 805 3564 874 Profecto

2047 872 2464 944 Prwcursorem.
2495 889 2557 925 ac
2601 873 2666 926 D.
2703 875 2756 927 N
2811 872 3094 944 puerorum
3131 878 3338 930 nomine
3368 872 3566 927 intelli-

2049 959 2192 1014 gere,
2234 942 2717 1014 nonneilocutionis
2747 942 3076 1000 absurditate
3118 947 3325 1014 culpam
3363 959 3566 1014 quoque

2049 1013 2361 1067 Judworum
2387 1013 2588 1088 diluit?
2621 1015 2805 1088 Pueris
2832 1017 2970 1070 enim
2995 1033 3097 1070 non
3136 1013 3349 1088 abaequi
3373 1013 3567 1086 nequa-

2051 1099 2207 1154 quam
2234 1083 2541 1152 reprehendi
2570 1084 2736 1140 debet.

1023 1205 1169 1255 Edita
1190 1205 1253 1254 ab
1274 1209 1386 1255 Ant.
1411 1204 1602 1264 Scotto,
1625 1205 1662 1252 1.
1689 1215 1755 1262 c.,
1787 1217 1838 1265 p.
1863 1201 1942 1251 66.
1979 1201 2035 1252 In
2065 1200 2239 1251 Matth.
2270 1215 2337 1262 τι,
2360 1200 2450 1261 17;
2475 1201 2712 1264 Luc.'vn,
2734 1205 2811 1255 52.

351 1293 517 1348 Ἄλλο
555 1293 654 1365 μὲν
678 1295 744 1349 ἄν
776 1310 860 1357 τις
888 1294 996 1349 τῶν
1027 1295 1378 1367 παραϐολῶν,
1413 1297 1506 1350 καὶ
1547 1294 1866 1366 ὁμοιώσεων

263 1385 376 1454 τῆς
407 1385 672 1454 ἰδιότητος
700 1384 792 1437 τὸν
819 1384 993 1438 τύπον
1040 1386 1369 1454 φυλάττειν,
1403 1387 1465 1440 οὐ
1499 1386 1718 1446 πάντως
1751 1386 1869 1457 ἐρεῖ

265 1476 685 1547 παραδέχεσθαι
714 1476 836 1529 καθ’
871 1477 1103 1532 ἕκαστον
1133 1481 1370 1550 πρᾶγμα
1387 1480 1478 1533 τὸν
1495 1479 1866 1550 ὲπιμερισμὸν

265 1569 387 1623 τῶν
419 1571 722 1639 ὀνομάτων.
763 1570 898 1622 Οὐδὲ
927 1569 1213 1640 βιάζεσθαι
1235 1573 1301 1626 τὰ
1326 1573 1597 1644 πρόσωπα
1619 1573 1727 1626 τῶν
1754 1590 1864 1626 πα-

275 1660 717 1731 ραϐαλλομένων,
745 1664 842 1714 καὶ
869 1656 948 1724 οἷς
983 1662 1417 1732 παραϐάλλεται,
1449 1663 1592 1718 κατὰ
1620 1663 1683 1716 τὸ
1713 1665 1862 1717 ἁπα-

2046 1289 2322 1345 Nimirnm
2372 1291 2633 1346 fatebitur
2679 1294 2977 1364 quispiam,
3030 1294 3176 1364 quod
3208 1294 3390 1363 aliqua
3438 1308 3564 1363 pars

1972 1383 2380 1454 parabolarum,
2427 1392 2484 1439 et
2528 1385 2950 1441 similitudinum
2978 1395 3163 1458 typum
3204 1387 3438 1456 propriae
3463 1402 3563 1458 ap-

1973 1477 2288 1548 plicationis
2319 1486 2666 1543 servet,—non
2723 1478 2871 1548 quod
2916 1478 3020 1533 illa:
3054 1483 3106 1532 in
3143 1478 3400 1533 omnibus
3447 1493 3567 1533 om-

1975 1568 2105 1622 nino
2136 1566 2298 1623 rebus
2330 1567 2554 1622 nomina
2598 1567 2913 1622 nominibus
2951 1567 3334 1637 respondentia
3386 1567 3564 1622 conti-

1966 1667 2173 1725 neant;
2224 1673 2324 1714 nec
2365 1659 2508 1729 quod
2537 1674 2804 1730 personae,
2861 1675 2984 1729 quae
3030 1668 3438 1729 comparantur,
3509 1667 3564 1713 et

277 1753 554 1822 ράληπτον
581 1752 709 1822 περὶ
755 1752 894 1806 πόδα
924 1756 1122 1820 ποιεῖν,
1148 1753 1328 1807 καὶτὸ
1386 1755 1490 1824 τῆς
1544 1753 1866 1826 ὁμοιότητος

1976 1766 2075 1816 eae,
2108 1765 2234 1805 cum
2293 1750 2496 1821 quibus
2533 1761 2944 1822 comparantur,
2995 1751 3131 1806 adeo
3175 1751 3566 1821 detorquendze

272 1843 564 1907 διασώζειν
599 1844 1026 1914 ἀπαράλλακτον
1050 1863 1064 1877 ·
1087 1843 1214 1898 οὕτε
1245 1846 1354 1917 μὴν
1380 1847 1479 1916 τὴν
1508 1846 1678 1918 ἄλλην
1705 1847 1861 1913 τάξιν

1968 1843 2102 1909 sint,
2165 1851 2246 1907 ut,
2303 1842 2360 1897 in
2400 1857 2661 1913 quonon
2715 1843 3021 1897 instituitur
3059 1843 3417 1912 comparatio,
3494 1843 3560 1895 ad

273 1935 391 1989 τῶν
423 1937 706 2008 ῥημάτων,
736 1937 831 1990 καὶ
880 1937 990 1990 τῶν
1042 1937 1388 2008 πραγμάτων
1440 1939 1707 2008 ἑκατέρας
1748 1940 1866 1994 δια-

1976 1951 2207 2006 unguem
2287 1944 2619 2007 congruant,
2679 1945 2734 1990 et
2797 1936 3210 1991 similitudinem
3280 1949 3561 2005 nunquam

271 2029 428 2092 νοίας
453 2029 634 2096 ζητεῖν
663 2028 981 2099 ἀδιάφορον.
1009 2029 1197 2099 Μηδὲν
1233 2030 1289 2082 δὲ
1333 2031 1472 2100 μήτε
1504 2029 1575 2083 τὰ
1609 2030 1744 2102 πρὸς
1766 2032 1866 2102 τὴν

273 2121 596 2192 παραϐολὴν
627 2121 982 2192 εἰκαζόμενα,
1030 2123 1168 2193 μήτε
1212 2124 1311 2192 τῆς
1339 2122 1658 2193 παραϐολῆς
1693 2123 1868 2193 μηδα-

274 2210 401 2282 μῶς
430 2210 546 2264 ὅλον
595 2211 759 2282 μέρος
808 2215 1136 2282 παραχωρεῖ
1184 2213 1724 2284 προσλαμϐάνεσθαι,
1771 2216 1868 2268 καὶ

271 2303 396 2373 (75)
427 2304 604 2358 συνδεῖ
621 2304 755 2376 πρὸς
773 2305 980 2377 ἄλληλα
997 2305 1194 2372 ταῦτα,
1221 2307 1316 2360 καὶ
1345 2307 1482 2378 πρὸς
1510 2306 1868 2376 λεπτολογίαν

264 2395 506 2450 ἕκαστον
534 2398 749 2470 ἑκάστῳ
776 2398 1215 2453 ἁνταποδίδοται.

359 2655 422 2708 Ὀ
454 2655 556 2725 μὲν
582 2655 690 2726 γὰρ
721 2656 820 2726 τῆς
853 2656 1096 2729 ἱστορίας
1118 2657 1296 2728 λόγος,
1329 2658 1428 2713 καὶ
1457 2660 1552 2714 τοῦ
1591 2661 1868 2734 διηγήμα-

263 2764 391 2812 τος,
426 2748 632 2820 καίπερ
678 2749 806 2820 ὃνή
852 2749 1122 2822 ἕκφρασις
1164 2753 1522 2823 ἀναφέρεται,
1573 2749 1729 2821 οὗτος
1769 2758 1865 2812 καὶ

265 2841 385 2894 τῶν
416 2841 683 2912 ῥημάτων
719 2841 820 2913 τὴν
855 2841 1006 2895 θέσιν
1051 2842 1188 2913 πρὸς
1241 2843 1474 2898 ἕκαστον
1531 2846 1702 2918 ὄνομα
1755 2849 1866 2904 τῶν

269 2931 658 3000 ὑποκειμένων
727 2933 1161 3004 ἐναρμόττεσθαι
1232 2933 1724 3007 πολυπραγμονεῖ·
1772 2941 1866 2994 καὶ

272 3025 431 3078 οὐδὲν
467 3024 592 3077 οὔτε
637 3025 1145 3096 συνεπινοούμενον,
1195 3026 1321 3081 οὔτε
1377 3030 1864 3114 παρεντιθέμενον,

277 3116 481 3187 ἄριστα
527 3115 728 3184 λέγειν,
775 3116 1029 3187 ἀνέχεται
1086 3117 1510 3174 ὑποϐάλλεσθαι.
1552 3121 1610 3174 'O
1653 3121 1709 3174 δὲ
1766 3125 1866 3190 τῆς

279 3209 628 3279 παραϐολῆς,
667 3211 762 3263 καὶ
799 3209 1113 3280 ὁμοιώσεως
1141 3213 1238 3265 οὐκ
1281 3211 1457 3265 ἐθέλει
1492 3213 1768 3268 δουλεύειν
1806 3215 1864 3282 ἐξ

279 3303 530 3371 ἀνάγκης
553 3305 663 3366 τοῖς
697 3303 882 3367 αὐτοῖς
927 3302 1153 3374 θεσμοῖς
1178 3344 1193 3368 ,
1235 3304 1346 3358 οὐδ’
1379 3305 1702 3361 ὑπόκεισθαι
1755 3311 1865 3371 τοῖς

278 3392 729 3464 παραγγέλμασι.
791 3393 944 3454 Διατί
972 3410 986 3459 ;
1016 3393 1161 3448 Διότι
1197 3396 1229 3464 ἡ
1268 3394 1368 3465 μὲν
1414 3397 1644 3468 ἱστορία,
1677 3396 1772 3450 καὶ
1802 3398 1871 3451 τά

275 3484 666 3555 παραπλήσια,
707 3485 802 3538 καὶ
837 3485 900 3538 τὸ
921 3485 1189 3556 διήγημα,
1221 3486 1331 3538 τῶν
1363 3488 1742 3558 ἀγνοουμένων
1774 3491 1870 3542 ὲκ-

267 3578 524 3633 διδάσκει
548 3578 646 3648 τὴν
682 3578 939 3648 μάθησιν,
973 3578 1068 3630 καὶ
1110 3578 1210 3648 τὴν
1253 3577 1427 3647 ἀρχὴν
1469 3579 1570 3648 τῆς
1613 3576 1872 3645 γνώσεως

263 3674 392 3735 τοῖς
427 3673 730 3743 ἀκροαταῖς
757 3671 1135 3741 παρεχόμενα,
1175 3670 1319 3724 κατὰ
1373 3670 1433 3722 τὸ
1476 3669 1872 3742 ἀκριϐέστατον

263 3765 598 3818 ἀπαιτείται
629 3764 725 3825 τὰς
755 3762 938 3831 φωνὰς
978 3762 1088 3816 τῶν
1122 3762 1466 3833 πραγμάτων
1503 3763 1867 3831 περιάπτειν*

261 3879 375 3915 κο..
396 3859 550 3913 οὐδὲν
580 3857 704 3912 οὔτε
729 3858 882 3929 ῥῆμα
915 3857 990 3928 μὴ
1028 3857 1149 3910 λίαν
1177 3855 1424 3928 συνᾷδον,
1461 3853 1585 3908 οὔτε
1637 3858 1872 3927 πρᾶγμα

260 3954 389 4008 τῶν
417 3952 829 4022 άευναρτήτων,
860 3948 985 4003 οὗτε
1007 3949 1328 4019 βιαζόμενον
1355 3947 1453 4016 τὴν
1475 3947 1661 4017 νόησιν
1693 3965 1872 4019 παρα-

258 4044 541 4114 δέχεται·
589 4042 875 4112 ἀναίρεσις
947 4041 1056 4112 γὰρ
1111 4041 1288 4094 ταῦτα
1327 4042 1455 4111 κτῆς
1509 4039 1871 4109 προτεθείσης

263 4133 619 4198 ὑποθέσεως,
649 4133 746 4186 καὶ
774 4131 1152 4197 διδασκαλίας,
1179 4131 1294 4185 ἀλλ’
1312 4131 1374 4184 οὐ
1406 4130 1724 4199 κατασκευὴ
1753 4130 1871 4184 δια-

264 4225 568 4298 γνώσεως.
612 4226 678 4279 Ἦ
703 4225 758 4278 δὲ
784 4225 1090 4297 παραϐολὴ,
1117 4225 1214 4278 καὶ
1241 4224 1501 4295 ὁμοίωσις
1527 4221 1745 4292 πρῶτον
1770 4222 1871 4292 μὲν

266 4319 466 4390 δῆλον,
497 4319 572 4383 ὡς
596 4319 659 4371 ὲκ
689 4317 1160 4389 προεγνωσμένων
1193 4316 1540 4387 πραγμάτων
1578 4313 1872 4385 παραλαμ-

269 4410 533 4474 ϐάνεται,
559 4410 652 4462 καὶ
685 4406 1024 4479 παραϐαλεῖν
1060 4406 1412 4477 ἁμωσγέπως
1446 4405 1516 4458 τὰ
1549 4405 1872 4474 ἐγνωσμένα

269 4505 399 4565 τοῖς
428 4501 940 4572 παρασκευάζουσιν
962 4500 1105 4554 αὐτὰ
1130 4503 1480 4572 προαιρεῖται
1507 4498 1867 4569 πιθανότερα·

1969 2028 2337 2098 perturbatam
2371 2026 2682 2082 custodiant
2726 2044 2741 2081 :
2775 2041 2874 2082 nec
2916 2026 3062 2098 quod
3114 2025 3320 2095 reliqua
3364 2025 3562 2080 verbo-

1967 2135 2088 2174 rum
2132 2129 2187 2173 et
2239 2134 2422 2173 rerum
2452 2135 2581 2189 pars
2613 2119 2667 2172 in
2698 2119 2957 2173 alterutra
2997 2117 3217 2172 notione
3265 2118 3436 2187 quaeri
3471 2117 3564 2173 de-

1967 2205 2094 2260 beat
2115 2205 2442 2264 conformis.
2504 2204 2679 2261 Porro
2725 2206 2860 2260 nihil
2890 2221 3130 2275 unquam
3163 2207 3376 2277 copiam
3423 2223 3561 2276 pra-:-

1967 2298 2059 2353 bct
2091 2297 2395 2368 applicandi
2456 2307 2553 2352 aut
2582 2313 2669 2353 res
2705 2313 2824 2368 quae
2868 2313 2991 2353 cum
3047 2297 3303 2368 parabola
3367 2297 3559 2354 confe-

1969 2398 2187 2454 runtur,
2250 2399 2344 2445 aut
2390 2405 2606 2445 onmem
2639 2405 2865 2460 prorsus
2899 2391 3172 2459 parabolae
3223 2397 3430 2460 partem
3458 2408 3472 2456 ;
3505 2398 3561 2444 et

1969 2483 2103 2538 nihil
2137 2483 2242 2538 ista
2279 2482 2514 2537 invicem
2548 2482 2825 2562 conciliat,
2851 2492 2904 2538 et
2927 2482 3083 2553 jubet
3103 2498 3277 2553 usque
3299 2482 3366 2538 ad
3399 2481 3560 2536 mini-

1968 2591 2118 2631 mum
2154 2575 2387 2631 alterum
2415 2575 2570 2631 alteri
2602 2577 2956 2645 resriondere.
3314 2625 3329 2636 .

2044 2667 2292 2721 Historiae
2312 2667 2482 2733 enim,
2513 2677 2566 2722 et
2594 2668 2928 2722 narrationis
2965 2682 3170 2732 sermo,
3212 2668 3258 2722 is
3316 2682 3557 2737 quoque,

1967 2758 2062 2829 qui
2097 2758 2218 2812 viva
2273 2773 2404 2813 voce
2444 2743 2754 2821 conﬁcitur,
2799 2768 3046 2829 satagere
3084 2759 3266 2822 debet,
3303 2767 3363 2812 ut
3392 2758 3559 2812 verba

1967 2861 2335 2923 apponantur,
2391 2867 2513 2922 qua:
2540 2867 2664 2906 cum
2703 2852 2936 2923 singulis
2975 2851 3350 2920 subjectorum
3383 2852 3533 2906 nom:

1967 2946 2129 3000 nibus
2155 2945 2463 3000 cohaereant
2487 2962 2501 3011 ;
2535 2959 2659 3008 nec,
2687 2958 2799 3014 quo
2838 2943 3080 2998 numeris
3104 2942 3358 2997 omnibus
3379 2942 3562 2998 absolo

1967 3049 2124 3094 vatur
2148 3038 2346 3100 oratio,
2379 3037 2603 3106 patitur,
2629 3035 2997 3105 ntiquidpiam
3025 3036 3108 3089 vel
3131 3035 3562 3091 simulanimad-

1967 3143 2211 3192 versum,
2261 3128 2344 3183 vel
2370 3127 2920 3181 obiterintersertnm
2952 3127 3234 3194 subrepat.
3279 3125 3562 3180 Parabolas

1970 3230 2176 3287 autem,
2248 3237 2314 3278 ac
2365 3219 2740 3277 similitudinis
2804 3220 3038 3275 elocutio
3105 3218 3300 3275 iisdem
3349 3220 3570 3290 legibus.

1974 3315 2287 3372 necessario
2311 3313 2598 3377 inservire,
2637 3314 3031 3384 prmeeptisque
3066 3311 3262 3380 subjici
3303 3325 3412 3365 non
3466 3327 3562 3381 pa-

1974 3407 2131 3462 titur.
2173 3405 2314 3472 Quid
2377 3405 2490 3459 itn?
2522 3403 2662 3470 Quia
2710 3404 2937 3459 historia
2977 3401 3219 3471 quidem,
3265 3409 3319 3456 et
3364 3413 3561 3456 caetera

1975 3495 2312 3564 hnjusmodi,
2339 3493 2564 3562 ipsaque
2592 3490 2870 3545 enarratio
2905 3490 3152 3544 notitiam
3196 3504 3376 3543 rerum
3407 3489 3568 3558 ignon

1972 3599 2174 3650 tarum,
2244 3587 2660 3656 impertiuntur,
2711 3594 2763 3640 et
2846 3584 3173 3655 cognitionis
3231 3582 3562 3652 principium

1973 3679 2323 3736 audientibus
2375 3679 2645 3744 tradunt;
2704 3677 2908 3732 idcirco
2958 3677 3238 3746 postulant
3266 3690 3428 3743 quam
3468 3691 3562 3729 ac-

1973 3772 2324 3827 curatissime
2369 3785 2534 3824 voces
2555 3784 2680 3824 cnm
2716 3768 2880 3824 rebus
2916 3767 3164 3822 connecti
3193 3782 3208 3832 ;
3244 3766 3566 3835 nullumque

1977 3873 2074 3919 aut
2097 3863 2321 3918 verbum
2356 3863 2539 3917 minus
2565 3877 2893 3921 consonum,
2919 3869 3014 3914 aut
3042 3858 3247 3914 factum
3276 3873 3566 3928 perperam.

1974 3956 2324 4025 dispositnm,
2367 3953 2449 4008 vel
2483 3953 2758 4007 intellectu
2804 3951 3020 4006 diilicile
3072 3949 3369 4004 admittunt
3402 3967 3413 4002 :
3449 3949 3566 4002 haec

1973 4045 2118 4099 enim
2146 4043 2332 4106 tinctu,
2361 4041 2837 4109 ernditionemque
2871 4039 2976 4095 sibi
3029 4039 3365 4108 propositam
3409 4053 3566 4092 cvm--

1974 4140 2171 4193 terent,
2199 4147 2380 4186 rerum
2414 4139 2593 4185 autem
2631 4129 2884 4183 notitiam
2940 4143 3047 4181 non
3082 4128 3398 4195 praeberent.
3460 4125 3566 4181 Pa-

1973 4222 2160 4279 rabola
2209 4233 2413 4286 autem,
2445 4229 2498 4275 et
2545 4219 2849 4275 similitudo
2890 4219 3129 4289 primum
3162 4217 3382 4287 quidem
3443 4232 3565 4284 per-

1977 4317 2224 4388 spientim
2253 4323 2357 4380 est,
2386 4313 2530 4384 quod
2561 4328 2591 4367 e
2631 4311 2794 4366 rebus
2819 4311 2930 4380 jam
2955 4311 3252 4379 compertis
3279 4325 3566 4364 assuman-

1977 4416 2088 4473 tur,
2118 4414 2172 4460 et
2211 4404 2376 4474 quod,
2406 4402 2499 4472 qui
2528 4401 2676 4470 ipsas
2714 4401 2978 4462 condunt,
3013 4414 3099 4452 res
3138 4411 3358 4468 quoquo
3404 4396 3567 4450 modo

1976 4503 2312 4570 perspectas,
2367 4499 2557 4562 utpote
2605 4487 2948 4560 persnasioni
2987 4487 3411 4557 opportuniores
3447 4500 3566 4538 ma-

274 4595 386 4651 καὶ
414 4593 614 4657 σκοπὸς
642 4594 742 4647 οὐκ
772 4592 920 4646 ἔστιν
952 4593 1112 4657 ἄλλος
1139 4593 1557 4664 προηγούμενος
1587 4596 1700 4657 τοῖς
1725 4610 1869 4662 χρω-

1977 4593 2075 4646 lint
2131 4589 2378 4659 eligere:
2435 4582 2704 4655 etquod,
2758 4581 2852 4652 qui
2895 4581 2988 4635 tali
3053 4579 3310 4650 loquendi
3369 4593 3567 4648 genere

271 4691 477 4762 μένοις
519 4689 586 4759 τῇ
625 4687 834 4758 μεθόδῳ
880 4686 1075 4760 ταύτῃ,
1113 4686 1148 4757 ἢ
1185 4685 1363 4739 πειθὼ
1406 4689 1710 4758 παρασχεῖν
1751 4688 1875 4750 ταῖς

275 4780 510 4852 ψυχαῖς,
545 4781 639 4833 καί
672 4779 810 4851 πρὸς
846 4779 1247 4846 συγκατάθεσιν
1286 4779 1442 4845 ἄγειν
1475 4779 1567 4831 τὴν
1594 4780 1874 4848 ἀκροατὴν

276 4874 363 4937 ὡς
399 4872 674 4944 σωτηρίας
704 4872 966 4944 πρόξενον
996 4870 1340 4936 ἀσπάζεσθαι
1377 4869 1475 4942 τὴν
1507 4871 1831 4942 παραίνεσιν
1857 4885 1872 4901 ⁸

279 4965 323 5035 ἢ
351 4967 414 5017 τό
447 4982 509 5033 γε
549 4966 971 5034 προτεινόμενον
1004 4963 1191 5026 ἁπλῶς
1221 4963 1297 5026 ὡς
1328 4961 1625 5033 συμφέρον,
1657 4963 1690 5033 ἢ
1723 4962 1877 5016 δυνα-

280 5057 383 5112 οτδν
414 5058 799 5129 ἀποδέχεσθαι.
837 5059 1006 5111 Ἐπάν
1030 5058 1086 5110 δὲ
1112 5059 1193 5122 είς
1211 5056 1368 5110 τοῦτο
1393 5057 1502 5110 τῶν
1525 5055 1872 5125 παραϐολῶν,

283 5151 388 5204 καὶ
423 5151 740 5220 ὁμοιώσεων
763 5153 797 5221 ἡ
824 5151 983 5222 χρεία
1013 5149 1091 5220 τῷ
1128 5149 1273 5220 λόγῳ
1310 5149 1746 5220 κατεσκευάσθη,
1777 5149 1877 5220 τὴν

285 5241 673 5311 λεπτολογίαν,
731 5243 827 5296 καὶ
867 5242 959 5297 τδν
1009 5242 1135 5296 καθ’
1169 5242 1399 5295 ἕκαστον
1445 5240 1713 5310 ἑκατέρας
1762 5240 1878 5292 δια-

289 5335 449 5398 νοίας
478 5333 866 5405 ὲπιμερισμὺν,
898 5333 993 5387 καὶ
1014 5335 1113 5397 τὰς
1141 5332 1283 5386 κατὰ
1323 5329 1521 5384 λεπτὸν
1559 5330 1877 5398 συναφείας,

291 5429 396 5482 καὶ
425 5426 812 5490 ἀνταποδόσεις
849 5425 884 5498 ἢ
911 5425 1144 5498 δευτέρᾳ
1183 5425 1448 5499 φροντίδι,
1481 5423 1516 5495 ἢ
1552 5421 1782 5493 οὐδεμιᾷ
1813 5438 1880 5490 γε

295 5519 754 5588 παραπέμπεται.

376 5725 423 5757 ⁵⁵
456 5723 645 5779 Matth.
679 5740 758 5790 χι,
791 5724 877 5777 l7.

1983 4690 2232 4745 utuntur,
2287 4678 2494 4732 nullum
2562 4676 2729 4730 alium
2787 4687 3013 4742 scopum
3062 4672 3176 4726 sibi.
3204 4669 3562 4734 constituant,

1983 4784 2145 4840 quam
2186 4765 2392 4837 aliquid
2429 4764 2628 4819 animis
2660 4763 2987 4832 persuadere
3041 4771 3204 4829 atque
3255 4758 3562 4812 auditorem

1982 4863 2037 4917 in
2072 4863 2362 4916 assensum
2399 4857 2680 4919 inducere,
2733 4865 2793 4909 nt
2851 4853 3146 4907 salutarem
3204 4849 3566 4918 amplectatur

1983 4953 2436 5015 cohortationem,
2476 4957 2568 5002 aut
2614 4947 2687 5014 id,
2737 4947 2882 5017 quod
2915 4944 3254 5015 propositum
3301 4951 3405 5005 est,
3432 4944 3566 4995 sim-

1985 5045 2199 5116 pliciter
2225 5053 2483 5112 tanquam
2535 5039 2688 5103 utile,
2748 5037 2831 5092 vel
2880 5035 3138 5105 possibile
3195 5033 3562 5103 aggrediatur.

1985 5137 2254 5203 Quoniam
2284 5149 2412 5188 vero
2453 5131 2830 5202 parabolarum
2858 5143 2921 5182 ac
2950 5125 3372 5182 similitudinum
3431 5140 3567 5179 usus

1987 5232 2126 5284 hanc
2162 5227 2234 5283 ob
2267 5240 2488 5280 causam
2541 5223 2593 5276 in
2631 5221 2936 5276 sermonem
2978 5219 3217 5272 invectus
3273 5227 3375 5280 est,
3407 5231 3566 5285 argu-

1991 5322 2134 5376 tulas
2185 5314 2708 5377 animadversiones,
2755 5321 2810 5367 et
2860 5310 3196 5382 singularum
3247 5308 3566 5364 alterutrius

1989 5410 2228 5466 notionis
2256 5407 2490 5478 partium
2517 5403 2981 5465 distributionem,
3007 5417 3218 5456 necnon
3249 5408 3304 5455 et
3331 5401 3569 5453 minutas

1993 5499 2387 5573 applicationes
2427 5504 2759 5565 mutuasque
2807 5493 3120 5560 relationes,
3167 5500 3263 5548 aut
3302 5490 3579 5548 secunda..

1993 5603 2089 5650 aut
2126 5591 2271 5648 nulla
2296 5605 2429 5646 cura
2453 5594 2828 5660 persequetur.

1822 5807 2052 5864 NOT1E.

383 5913 496 5982 (75)
532 5912 605 5966 Ad
637 5914 952 5983 perbrchm
983 5911 1234 5968 lacunam
1296 5908 1620 5978 explendam
1686 5906 1982 5974 σύνδεσμον
2012 5902 2117 5956 huc
2155 5897 2340 5968 injeci.
