4084 6440
560 416 669 483 239

1730 418 1992 481 PHOTII
2032 420 2544 483 PATRIARCH/E
2574 423 2687 487 CP.

3726 420 3817 485 2'10

630 531 809 600 Atque
846 527 894 584 id
934 544 1040 585 non
1099 528 1152 583 in
1188 529 1394 586 nostris
1435 532 1817 589 tantummodo
1840 533 2014 589 sacris
2045 533 2151 588 Lit-

2332 535 2444 589 Kal.
2468 534 2624 589 τοῦτο
2648 535 2709 588 ού
2738 535 2900 606 μόνον
2931 535 3076 589 κατά
3104 536 3229 600 τοὺς
3255 535 3435 607 ἱεροὺς
3455 534 3616 606 ἡμῶν
3639 536 3814 605 Λόγους

562 623 715 685 teris,
745 622 841 677 sed
882 622 935 676 in
963 622 1191 693 reliquis
1252 623 1441 688 etiam,
1496 624 1697 693 quibus
1728 624 1998 693 divinum,
2052 640 2157 695 pu-

568 730 801 784 rumque
828 715 1109 786 religionis
1159 726 1374 786 septum
1435 717 1805 783 concluditur,
1882 720 2159 774 invenitur

568 808 863 861 identidem
918 807 1228 862 factitatum
1277 828 1289 863 :
1330 809 1533 879 quippe
1568 809 1689 864 talis
1726 811 1979 881 loquendi
2015 814 2157 866 ratio

564 898 796 951 multum
839 899 1121 968 sapientia:
1154 915 1339 954 secum
1382 900 1502 955 fert.
1539 902 1708 970 Igitur
1752 903 1901 956 nulla
1934 902 2016 957 lex
2067 919 2161 959 eo-

565 990 661 1055 rit,
688 999 745 1043 ut
787 990 1024 1046 delinitis
1082 1007 1375 1061 pucrormn
1407 994 1677 1062 personis,
1748 1009 1934 1048 earum
1994 995 2157 1049 etiam

566 1084 899 1151 peculiarem
922 1084 987 1137 ad
1014 1084 1153 1138 alios
1176 1086 1423 1140 homines
1443 1086 1755 1141 relationem
1773 1087 2115 1157 inquiramus
2143 1104 2157 1142 :

570 1172 858 1226 snl‘lit-iunt
886 1176 1031 1227 enim
1086 1190 1148 1229 ea
1182 1192 1424 1247 quoque,
1455 1194 1577 1247 quae
1632 1178 2037 1233 indetinitarum
2064 1194 2159 1233 or-

569 1264 752 1318 dinem
803 1265 1111 1335 designant,
1152 1269 1218 1320 ad
1249 1268 1523 1337 parabolae
1573 1269 1733 1324 ﬁnem
1777 1270 2156 1325 obtinendum.

666 1354 877 1424 Scopus
913 1357 1094 1425 itaque
1144 1355 1442 1414 Dominica:
1468 1360 1757 1429 parabolae,
1782 1375 1846 1415 ac
1903 1360 2163 1416 similitu-

572 1447 720 1504 dinis
760 1449 1053 1503 admodum
1109 1452 1432 1520 perspicuus
1473 1462 1555 1507 est
1600 1464 1766 1523 atque
1796 1452 2160 1518 manifestus,

571 1539 717 1608 quod
758 1538 1065 1594 Iudaeorum
1092 1551 1307 1610 gentem
1354 1543 1566 1608 innuat,
1612 1560 1735 1615 qua:
1779 1562 1961 1616 neque
1990 1546 2163 1601 voluit

569 1647 668 1701 per
706 1647 795 1687 res
837 1633 1171 1689 hilaritatem
1246 1636 1569 1702 excitantes,
1628 1637 1842 1693 scilicet
1882 1655 1976 1709 per
2007 1654 2164 1695 com-

571 1739 793 1777 munem
829 1726 1164 1797 minimeque
1212 1743 1454 1784 severam
1510 1730 1724 1785 vivendi
1776 1732 2043 1789 rationem
2076 1736 2164 1805 (li-

570 1827 655 1872 cet
685 1817 1041 1873 similitudine.
1065 1821 1185 1874 vitae
1215 1822 1361 1877 allici
1399 1838 1464 1877 ac
1488 1821 1627 1877 ﬂecti
1680 1826 2037 1895 oportuisset)
2065 1828 2116 1883 id
2144 1869 2161 1894 ,

2260 627 2523 691 πολλάκις
2553 628 2750 698 ὁρᾶται
2779 627 3174 698 πραττόμενον,
3209 628 3345 681 ἀλλά
3371 630 3474 681 καὶ
3505 628 3654 691 ὅσοις
3677 628 3816 695 αὐτος

2258 720 2287 771 ὁ
2314 717 2474 783 θεῖος,
2517 720 2609 771 καὶ
2641 719 2881 789 καθαρὸς
2909 720 3009 790 τῆς
3046 719 3329 783 εὐσεϐείας
3381 719 3671 788 περίϐολος
3713 738 3817 774 συν-

2258 812 2538 881 τηρῆται·
2567 810 2744 864 καίτοι
2810 809 2943 879 περὶ
2989 810 3185 864 πολλοῦ
3223 810 3331 864 τῶν
3359 810 3545 880 λόγων
3586 804 3820 883 οὗτοιτὴν

2262 903 2457 974 σοφίαν
2508 904 2649 958 εἰσὶν
2706 903 2957 973 ἄγοντες.
3010 903 3224 957 Οὐκοῦν
3281 905 3399 958 οὐδὲ
3446 904 3520 957 τὰ
3554 904 3737 959 παιδία
3756 922 3825 967 τις

2263 1000 2545 1054 ἐπιτάττει
2575 998 2738 1069 νόμος
2768 996 3094 1069 ὡρισμένων
3126 995 3460 1068 προσώπων,
3490 995 3588 1049 καὶ
3604 996 3825 1066 τὴνπρὸς

2261 1094 2387 1155 τοὺς
2410 1092 2605 1155 ἀλλους
2629 1090 3080 1162 ἀποκεκριμένην
3116 1090 3396 1159 ἐπιζητεῖν
3447 1089 3823 1143 ἀνταπόδοσιν·

2267 1182 2427 1236 ἱκανά
2458 1181 2568 1253 γάρ
2595 1181 2689 1235 καὶ
2709 1180 2808 1251 τὴν
2835 1182 2944 1235 τῶν
2961 1180 3232 1251 ἀορίστων
3250 1181 3680 1250 ἀναδεδειγμένα
3701 1180 3829 1245 τάξιν

2262 1274 2363 1345 τῆς
2391 1273 2712 1344 παραϐολῆς
2733 1272 3132 1343 ἀναπληρῶσαι
3170 1272 3231 1325 τὸ
3262 1271 3536 1342 βούλημα.

2351 1366 2409 1419 '0
2439 1365 2538 1435 μὲν
2576 1360 2671 1418 οὖν
2716 1365 2916 1427 σκοπὸς
2961 1364 3063 1433 τῆς
3116 1366 3458 1431 Δεσποτικῆς
3515 1363 3829 1435 παραϐολῆς,

2264 1458 2361 1513 καὶ
2394 1457 2707 1528 ὁμοιώσεως
2739 1460 2916 1529 σαφής
2954 1475 3013 1511 τε
3061 1457 3201 1523 λίαν,
3233 1458 3329 1511 καὶ
3379 1458 3566 1528 δῆλος,
3603 1459 3676 1520 ὡς
3702 1458 3755 1509 τό
3779 1475 3830 1526 γε

2279 1549 2551 1603 Ἰουδαίων
2579 1549 2730 1613 ἔθνος
2761 1548 3026 1614 ἐπιδεῖξαι
3052 1548 3323 1619 βούλεται,
3362 1551 3391 1604 ὁ
3428 1551 3573 1622 μήτε
3603 1553 3707 1613 τοῖς
3726 1550 3832 1603 θέλ-

2265 1659 2425 1711 γουσι
2452 1644 2545 1695 καὶ
2576 1644 2917 1713 εὐφραίνειν,
2948 1642 3095 1696 τοῦτ’
3135 1643 3252 1695 ἔστι
3284 1646 3349 1713 τῇ
3386 1644 3595 1714 ὲθίμῳ,
3625 1646 3717 1697 καὶ
3736 1644 3837 1695 ἐπι-

2265 1733 2577 1804 πολαζούσῃ
2608 1733 2784 1804 διαίτῃ
2839 1732 3044 1803 (καίτοι
3083 1734 3205 1787 δέον
3244 1733 3323 1803 τῷ
3377 1734 3557 1805 ὁμοίῳ
3602 1734 3836 1785 Erexit-1:-

2268 1827 2395 1881 σθαι
2427 1843 2511 1891 τε,
2546 1827 2642 1879 καὶ
2675 1826 3125 1895 συνειρέλκεσθαι)
3170 1826 3231 1878 τὸ
3275 1824 3602 1878 λυσιτελοῦν
3627 1825 3837 1895 ἠθέλησε

570 1908 718 1976 quod
747 1911 1091 1979 expediebat,
1120 1913 1438 1983 suscipere:
1472 1930 1649 1985 neque
1691 1932 1785 1986 per
1822 1918 2162 1975 vitamcom-

2275 1921 2569 1993 Ξρέψασθαι
2595 1937 2608 1951 '
2643 1918 2767 1973 οὔτε
2798 1919 2887 1971 διά
2915 1918 3010 1972 τοῦ
3059 1919 3564 1988 ἀνακεχωρηκὸτος
3596 1916 3703 1969 τῶν
3729 1917 3839 1969 πολ-

569 2000 749 2055 modis
787 2001 1041 2071 pluribus
1069 2012 1369 2067 carentem,
1403 2021 1466 2061 ac
1498 2006 1730 2075 rigidam
1763 2008 2007 2079 (tametsi
2060 2011 2165 2066 hoc

572 2096 721 2161 ipsos
746 2108 966 2164 quoque
991 2096 1357 2166 religiosiores
1391 2099 1647 2156 homines
1674 2116 1893 2157 movere
1941 2103 2165 2159 debuis—

568 2184 675 2254 set)
719 2185 799 2249 id,
859 2188 1004 2257 quod
1072 2205 1186 2243 sua:
1231 2192 1573 2261 repugnabat
1613 2194 1883 2263 opinioni,
1941 2198 2167 2268 exsequi

569 2278 735 2348 erepit
771 2296 786 2332 :
819 2288 875 2334 at
913 2281 1058 2350 quod
1090 2283 1283 2337 borum
1339 2297 1539 2341 neutro
1589 2287 1654 2341 ad
1683 2286 1928 2343 animum
1962 2300 2169 2360 proter-

567 2385 697 2423 vum
732 2378 785 2425 et
830 2373 1081 2444 religioni
1126 2384 1504 2432 contumacem
1553 2377 1959 2448 deponendum,
2002 2398 2169 2437 excu-

569 2462 929 2535 tiendumque
960 2465 1193 2521 adducta
1224 2470 1316 2523 sit.
1375 2472 1555 2540 Atque
1599 2486 1726 2526 vero
1784 2472 1975 2527 eadem
2007 2488 2168 2543 para-

567 2554 689 2608 bola
714 2557 1126 2624 persuasionem
1159 2574 1284 2614 cum
1312 2560 1687 2631 increpatione
1716 2564 1977 2629 contexit,
2021 2566 2167 2634 quod

571 2645 1099 2714 populus‘Judaicus
1118 2665 1226 2703 non
1264 2651 1475 2721 agendo
1505 2654 1906 2722 paenitentiam,
1953 2673 2168 2711 omnem

573 2739 675 2792 sibi
701 2743 1111 2796 cltcusationem
1140 2745 1466 2815 veniamque
1493 2748 1831 2815 praecideret.

652 2830 922 2886 Parabola
955 2848 1083 2887 vero
1141 2834 1213 2888 ab
1269 2836 1360 2901 iis,
1427 2838 1521 2907 qui
1567 2838 1639 2892 ita
1689 2850 2168 2907 commentanlur,

577 2924 828 2984 nomina.
884 2934 939 2980 et
972 2941 1079 2992 res,
1112 2943 1236 2998 quae
1278 2929 1481 2987 nullius
1515 2932 1884 2997 necessitatis,
1925 2936 2175 2991 admoiii-

576 3016 810 3071 tionisve
858 3018 1119 3076 salutaris
1197 3034 1361 3088 sunt,
1425 3024 1640 3079 curiose
1700 3027 2016 3098 investigari
2064 3046 2175 3084 non

575 3119 752 3164 curat.
780 3108 1013 3177 Quinam
1031 3113 1176 3169 enim
1204 3126 1351 3180 sunt,
1385 3116 1478 3187 qui
1529 3128 1720 3173 aestum
1746 3119 1853 3174 dici
1888 3123 2177 3193 noctisque

2266 2014 2397 2079 λῶν,
2438 2014 2531 2066 καὶ
2562 2011 2997 2082 συνεσταλμένου
3035 2012 3151 2081 βίου
3178 2012 3406 2082 (καίπερ
3434 2010 3710 2063 δυσωπεῖν
3747 2006 3838 2062 οἶδε

2268 2106 2363 2161 καὶ
2412 2104 2863 2176 εὐλαῦεστέρους)
2925 2103 3337 2174 ἀπεργάζεσθαι
3398 2103 3462 2156 τὸ
3522 2101 3839 2172 παράδοξον·

2269 2198 2407 2253 ἀλλά
2428 2199 2503 2263 ὡς
2532 2200 2621 2251 ὑπ’
2658 2198 2873 2263 οὐδενὸς
2903 2200 3109 2252 τούτων
3160 2196 3619 2267 ἐπεστράφησαν,
3650 2196 3706 2248 τὸ
3733 2195 3841 2247 ἀκό-

2269 2292 2466 2345 λαστον
2498 2292 2699 2355 αὐτῶν,
2737 2291 2831 2345 καὶ
2870 2290 3189 2358 δυσάγωγον
3238 2289 3374 2359 πρὸς
3411 2289 3699 2342 εὐσέόειαν
3733 2288 3825 2340 ἀπο

2272 2386 2458 2442 θέσθαι
2488 2387 2582 2440 καὶ
2629 2384 3047 2439 ἀποτείσασθαι.
3110 2384 3222 2436 Καὶ
3263 2383 3362 2454 τὴν
3411 2381 3593 2436 πειθὼ
3629 2383 3685 2435 δὲ
3735 2399 3840 2435 συν-

2272 2480 2488 2549 υφαίνει
2518 2479 2611 2531 τὸν
2641 2477 2864 2547 ἔλεγχον
2900 2475 3288 2546 ἐπιφέρουσαν,
3318 2474 3393 2536 ὡς
3428 2476 3507 2546 μὴ
3547 2471 3841 2544 μετανοοῦν·

2272 2591 2364 2635 τες
2406 2570 2515 2623 τῶν
2562 2568 2831 2622 Ἰουδαίων
2883 2569 2911 2619 ὁ
2952 2566 3124 2635 δῆμος
3178 2567 3364 2619 πᾶσαν
3400 2564 3719 2633 ἀπολογίαν,
3762 2563 3840 2615 καὶ

2275 2664 2611 2735 συγγνώμην
2650 2663 2865 2724 ἑαυτοῖς
2894 2677 2959 2713 πε
2970 2659 3310 2732 ρικὸπτουσι.

2275 2863 2289 2908 '.
2348 2848 2535 2902 Ταῦτα
2577 2847 2674 2917 μὲν
2720 2844 2785 2916 δὴ
2837 2844 3169 2916 πράττουσιν
3198 2844 3232 2914 ή
3266 2842 3559 2915 παραϐολὴ
3597 2841 3664 2893 τὰ
3705 2840 3840 2893 λοιπὰ

2276 2942 2384 2997 τῶν
2414 2941 2697 3010 ὀνομάτων
2733 2955 2794 2991 τε
2854 2938 2949 2991 καὶ
2994 2936 3359 3007 πραγμάτων,
3409 2937 3513 2990 ὅσα
3560 2936 3721 3006 μηδὲν
3752 2932 3838 2985 τῶν

2276 3033 2618 3102 ἀναγκαίων,
2652 3030 2911 3099 καὶπρὸς
2944 3029 3221 3099 σωτηρίαν
3264 3027 3687 3097 ἐκκαλουμένων
3728 3040 3841 3092 προ-

2279 3127 2440 3195 ξενεῖ,
2471 3125 2592 3179 οὐδὲ
2627 3122 2951 3195 σεμνύνεται
2990 3121 3498 3193 πολυπραγμονεῖν.
3539 3119 3689 3174 Ἐπεί
3717 3134 3837 3177 τινες

576 3196 805 3266 glaciem
839 3199 893 3253 in
926 3202 1100 3257 sacris
1151 3202 1435 3261 laboribus
1464 3208 1709 3265 animose
1745 3210 2077 3268 invenerunt
2106 3214 2170 3268 ":

2278 3221 2329 3273 οἱ
2367 3220 2460 3273 τὸν
2490 3217 2748 3272 καύσωνα
2789 3218 2887 3286 τῆς
2923 3216 3163 3286 ἡμέρας,
3212 3216 3309 3268 καὶ
3351 3215 3442 3268 τὸν
3488 3212 3719 3282 παγετὸν
3760 3210 3841 3277 τῆς

574 3295 632 3341 ιι
684 3286 740 3341 in
779 3288 915 3345 alios
948 3300 1071 3359 post
1102 3307 1160 3347 se
1214 3293 1279 3347 ad
1307 3294 1537 3349 similem
1566 3296 1811 3353 laborem
1848 3302 2173 3366 conductos,

578 3380 673 3449 qui
742 3396 927 3451 parem
988 3386 1298 3441 mercedem
1364 3399 1709 3459 acceperant,
1809 3392 2053 3447 invidum
2123 3402 2178 3447 et

578 3487 815 3542 nequam
844 3476 1063 3530 oculum
1088 3477 1443 3547 conjecerunt
1466 3482 1576 3535 »⁸τῖ
1600 3481 1736 3548 Quis
1764 3494 1945 3540 autem
1968 3494 2053 3541 est
2083 3486 2176 3543 ille

585 3564 1245 3637 cjudexiniquitatis,qui
1277 3568 1443 3629 Deum
1478 3587 1587 3625 non
1627 3573 1873 3638 timebat,
1903 3584 1957 3629 et
1987 3576 2171 3632 homi-

585 3670 709 3709 nem
733 3671 840 3710 non
874 3659 1228 3713 reverebatur
1257 3660 1334 3724 ⁵⁸;
1361 3676 1425 3715 ac
1446 3662 1644 3717 deinde
1657 3664 1815 3719 vidua
1837 3665 2179 3725 declamante

580 3761 839 3802 vesanam
872 3751 1183 3819 superbiam
1221 3751 1274 3810 in
1318 3752 1751 3808 misericordiam
1789 3758 2179 3813 convertit"?

580 3839 834 3895 Profecto
878 3840 1071 3897 borum
1100 3844 1421 3899 alterutrum
1477 3861 1544 3901 ne
1574 3862 1669 3917 per
1688 3848 1915 3903 multam
1958 3850 2179 3920 quidem

584 3937 988 3993 aberralionem
1060 3956 1089 3994 a
1147 3943 1453 4013 proposito,
1523 3953 1688 4015 atque
1775 3946 2175 4017 nugacitatem,

583 4032 747 4087 alicui
827 4033 1088 4104 peculiari
1162 4051 1410 4106 personae
1464 4052 1689 4109 quoquo
1746 4039 1909 4093 modo
1994 4049 2181 4108 posset

583 4127 780 4196 aptari.

646 4225 765 4282 .Iam
819 4245 949 4285 vero
985 4232 1091 4288 illze
1136 4233 1426 4305 «virgines,
1466 4249 1700 4305 quarum
1735 4236 1980 4308 quinque
2021 4244 2182 4293 erant

584 4321 764 4388 fatuae,
802 4332 856 4377 et
897 4326 1139 4395 quinque
1201 4328 1499 4396 prudentes
1526 4328 1572 4359 ⁸ο
1606 4348 1655 4394 ,ι
1701 4329 1991 4399 cuiusnam
2044 4331 2181 4387 deli-

583 4416 711 4471 nitaa
744 4431 993 4486 personae.
1027 4419 1318 4491 imaginem
1353 4420 1636 4477 referent?
1694 4421 1937 4493 Tempus
1969 4435 2178 4491 autem,

582 4524 693 4579 quo
746 4508 832 4563 lue
868 4510 1089 4580 quidem
1140 4512 1507 4581 intraverunt,
1562 4514 1668 4570 illae
1712 4531 1842 4570 vero
1882 4532 1911 4569 a
1960 4515 2179 4586 Sponso

580 4602 818 4659 exclusa:
856 4614 987 4659 sunt
1047 4604 1090 4636 ⁶¹
1118 4649 1133 4673 ,
1173 4607 1451 4677 quodnam
1501 4623 1624 4663 esse
1670 4608 1907 4679 poterit?
1964 4608 2175 4664 Etenim

582 4698 893 4753 communis
926 4698 1122 4768 judicii
1153 4708 1371 4769 tempus
1404 4701 1647 4755 nondum
1700 4701 1864 4755 venit.
1915 4700 2094 4772 Atque
2127 4701 2181 4758 in

582 4790 770 4847 multis
796 4791 919 4845 aliis
952 4792 996 4846 si
1035 4793 1158 4861 quis
1193 4801 1370 4849 certas
1407 4808 1692 4862 personas,
1750 4809 1815 4849 ac
1848 4810 1933 4849 res
1983 4794 2181 4864 exqui-

581 4892 749 4949 reret,
791 4884 1187 4954 parabolasque
1218 4901 1391 4956 usque
1415 4885 1480 4940 ad
1536 4886 1767 4940 minima
1822 4887 2175 4942 subdividere

583 4974 871 5039 niteretur,
912 4975 958 5031 is
1005 4975 1389 5046 perpendeudo
1431 4992 1496 5032 ac
1530 4975 1849 5033 ﬂuctuando
1901 4991 2177 5050 torquere-

583 5078 708 5136 tur;
769 5085 875 5123 non
934 5077 1043 5123 tam
1080 5070 1205 5138 quia
1272 5071 1547 5139 parabolae
1586 5070 1830 5125 conditio
1874 5071 1927 5125 id
1987 5086 2175 5127 secum

583 5160 711 5227 l'ert,
735 5176 899 5231 quam
936 5162 1063 5231 quia
1094 5161 1412 5226 curiositas,
1454 5163 1763 5232 ineptteque
1793 5160 2026 5230 argutiae
2079 5176 2179 5230 po-

584 5253 694 5308 tius
726 5253 780 5308 iu
815 5254 1241 5325 ignorationem,
1269 5270 1435 5326 quam
1470 5254 1525 5311 in
1552 5254 1923 5310 inventionem
1974 5254 2182 5309 verita-

588 5343 658 5399 tis
689 5342 944 5399 desinere
978 5345 1176 5399 solent.

656 5436 870 5493 liursus
910 5439 1137 5509 quinam
1194 5445 1323 5494 sunt
1366 5440 1459 5509 qui
1501 5456 1569 5496 ne
1594 5440 1823 5511 siliquas
1857 5438 2079 5510 quidem
2109 5439 2177 5493 ad

589 5528 931 5584 saturitatem
959 5530 1252 5596 dabantei,
1287 5549 1306 5582 ι
1336 5531 1431 5601 qui
1451 5547 1677 5603 peregre
1699 5531 1983 5600 prolectus
2010 5540 2092 5586 est
2124 5530 2179 5583 in

590 5621 870 5692 regionem
916 5621 1295 5694 longinquam,
1332 5633 1387 5679 et
1449 5624 1741 5695 dissipavit
1812 5624 2180 5679 substantiam

658 5847 706 5879 ⁸³
745 5843 935 5903 Matth.
1009 5864 1097 5913 xx,
1155 5849 1240 5904 12.
1352 5849 1395 5881 "

590 5931 642 5973 et
678 5916 769 5972 12.

1455 5849 1587 5905 ibid.
1626 5849 1718 5905 15.

1803 5850 1847 5883 ⁵⁸
1893 5848 2027 5905 Luc.
2100 5864 2252 5918 xvm,

2279 3310 2473 3375 νυκτὸς
2499 3312 2592 3365 ἐπὶ
2621 3312 2732 3373 τοῖς
2768 3306 2937 3372 θείοις
2974 3307 3159 3378 ἔργοις
3180 3306 3443 3378 ἐμψύχως
3458 3304 3807 3374 διενεγκόντες
3825 3317 3841 3331 ⁸

2278 3408 2390 3469 τοῖς
2417 3405 2471 3457 δὲ
2512 3403 2630 3475 μετ’
2664 3401 2863 3464 αὐτοὺς
2910 3399 3134 3452 ἐλθοῦσι
3183 3400 3534 3470 μιμήσασθαι
3582 3398 3839 3469 βάσκανον,

2280 3500 2374 3552 καὶ
2409 3496 2647 3567 πονηρὸν
2675 3492 2977 3563 ὀφθαλμὸν,
3033 3492 3118 3562 ἐφ’
3153 3488 3233 3556 οἷς
3280 3492 3548 3563 μετέσχον
3577 3491 3683 3544 τῶν
3712 3491 3841 3547 ἰσων.

2282 3591 2668 3653 ἐπιϐάλλοντες
2693 3606 2708 3655 ;
2738 3589 2835 3651 Τίς
2866 3587 2923 3640 δὲ
2960 3606 2978 3639 ι
3016 3588 3044 3640 ὁ
3068 3587 3170 3657 τῆς
3215 3586 3431 3649 ἀδικίας
3459 3584 3658 3659 κριτὴς
3678 3583 3703 3635 ὁ
3730 3580 3845 3635 Θεὸν

2284 3685 2361 3757 μὴ
2395 3684 2752 3755 φοϐούμενος,
2793 3682 2890 3735 καὶ
2934 3680 3223 3752 ἄνθρωπον
3261 3680 3335 3752 μὴ
3374 3681 3796 3751 ἐντρεπόμενος·
3822 3692 3838 3723 ι

2282 3774 2401 3832 εἶτα
2434 3778 2533 3848 τῆς
2567 3778 2743 3847 χήρας
2775 3771 3137 3843 καταϐοώσης
3166 3773 3247 3835 εἰς
3271 3772 3599 3843 οἰκτιρμοὺς
3636 3767 3842 3824 διαλύων

2281 3870 2379 3943 τὴν
2407 3869 2667 3923 ἀπόνοιαν
2694 3884 2710 3933 ;
2740 3866 2959 3919 Τούτων
3000 3865 3111 3937 γὰρ
3142 3866 3402 3938 ἑκάτερον
3440 3867 3520 3939 μὴ
3575 3862 3707 3937 μετὰ
3736 3858 3842 3913 πολ·

2282 3962 2382 4032 λῆς
2437 3963 2538 4031 τῆς
2590 3958 2937 4030 παρεκϐολῆς
2986 3957 3080 4010 καὶ
3128 3957 3474 4027 ἀδολεσχίας,
3535 3958 3596 4011 οὐ
3643 3954 3736 4027 μὲν
3767 3944 3845 4004 οὖν

2281 4057 2382 4111 οὐκ
2452 4055 2572 4107 ἔστι
2655 4051 2935 4123 προσώπῳ
3027 4052 3457 4122 περιωρισμένῳ
3548 4045 3843 4120 ἐναρμόσα-

2285 4147 2431 4201 σθαι.

2365 4238 2529 4293 Ἀλλά
2560 4256 2580 4289 ι
2611 4238 2666 4291 αἱ
2698 4237 2985 4307 παρθένοι,
3016 4238 3074 4291 αἱ
3108 4236 3206 4307 μὲν
3262 4235 3427 4288 πέντε
3477 4234 3680 4304 μωραὶ,
3714 4231 3763 4283 αἱ
3795 4227 3841 4279 δὲ

2286 4332 2448 4385 πέντε
2474 4331 2751 4403 φρόνιμοι,
2789 4349 2808 4382 ι
2840 4330 2988 4393 τίνος
3039 4326 3336 4399 προσώπου
3387 4325 3694 4398 ὡρισμένον
3719 4323 3841 4375 εἰκο·

2286 4424 2563 4491 νίσουσιν;
2603 4423 2661 4476 Ὁ
2690 4422 2881 4493 χρόνος
2910 4421 2987 4487 δέ,
3034 4419 3159 4474 καθ’
3186 4420 3246 4474 δν
3278 4421 3333 4473 αί
3366 4421 3466 4491 μὲν
3520 4416 3770 4489 εἰσῆλθον,
3795 4410 3839 4463 αἱ

2284 4516 2341 4569 δὲ
2372 4515 2466 4568 τοῦ
2505 4512 2792 4584 νυμφῶνος
2819 4511 3285 4582 ἀπεκλείσθησαν,
3312 4512 3397 4575 τίς
3423 4514 3548 4565 ποτ’
3575 4511 3637 4566 ἂν
3661 4509 3735 4578 εἴη
3756 4522 3767 4570 ;
3792 4504 3840 4555 ’0

2285 4610 2394 4682 γὰρ
2421 4610 2521 4681 τῆς
2551 4608 2739 4678 κοινῆς
2790 4605 3028 4677 κρίσεως
3066 4606 3225 4658 οὔπω
3256 4605 3585 4676 ἐφέστηκεν.
3617 4602 3716 4657 Καὶ
3740 4595 3842 4651 ποῦ-

2279 4700 2393 4763 λοίς
2419 4698 2602 4761 ἄλλοις
2630 4699 2659 4751 ὁ
2687 4696 2868 4767 ζητῶν
2921 4695 3206 4766 ὡρισμένα
3240 4695 3535 4765 πρόσωπα,
3568 4695 3659 4748 καὶ
3687 4690 3837 4760 πράγ-

2284 4809 2455 4864 ματα,
2488 4791 2584 4844 καὶ
2609 4805 2812 4843 κατατε
2822 4786 2991 4858 μαχίς⁹
2998 4803 3076 4840 ειν
3100 4786 3558 4858 φιλοτιμούμενος
3576 4786 3671 4850 τάς
3689 4796 3837 4850 παρα·

2285 4884 2468 4947 ϐολὰς,
2489 4881 2866 4952 περιενεχθείη
2891 4879 2957 4933 ἂν
2979 4881 3075 4948 τὴν
3098 4880 3359 4945 διάνοιαν,
3385 4882 3482 4934 καὶ
3517 4878 3837 4950 ἀπορήματα,

2284 4978 2346 5030 οὐ
2385 4975 2641 5029 τοσοῦτον
2690 4972 2800 5026 τῶν
2851 4970 3181 5043 παραϐολῶν
3226 4970 3385 5025 τοῦτο
3453 4968 3835 5044 παρεχομένων.

2286 5070 2411 5123 ὅσον
2458 5068 2562 5138 τῆς
2612 5064 2960 5137 περιεργίας,
2988 5063 3083 5117 καὶ
3136 5062 3342 5117 ἀτόπου
3381 5064 3727 5133 λεπτολογίας
3771 5055 3837 5114 εἰς

2286 5159 2532 5229 ἀμαθίαν
2593 5156 2815 5230 μᾶλλον,
2856 5154 2995 5210 ἀλλά
3044 5153 3145 5208 οὐκ
3187 5155 3272 5217 εἰς
3319 5152 3543 5226 εὕρεσιν
3584 5147 3839 5208 ἀποτελευ-

2286 5269 2488 5324 τωσης.

2362 5435 2517 5496 Τίνες
2542 5432 2598 5485 δὲ
2622 5432 2784 5484 πάλιν
2808 5433 2857 5484 oi
2890 5432 2964 5503 μὴ
2981 5430 3218 5493 διδόντες
3250 5428 3360 5482 τῶν
3415 5425 3675 5497 κερατίων
3696 5428 3831 5513 iis“:

2296 5529 2445 5598 σχεῖν
2482 5544 2500 5579 ι
2536 5524 2614 5596 τῷ
2638 5527 2717 5587 εἰς
2756 5524 2974 5593 μακρὰν
3013 5522 3436 5593 ἀποδημήσαντι
3479 5518 3649 5579 πόλιν,
3677 5507 3758 5563 καὶ
3780 5507 3835 5598 fit

2296 5618 2527 5691 πατρῷα
2573 5616 3021 5673 καταναλώσαντι
3086 5614 3346 5681 ἀσώτως;
3389 5633 3407 5666 ι
3450 5616 3513 5665 ()1
3546 5608 3751 5681 μίσθιοι
3787 5595 3831 5647 δὲ

3598 5837 3635 5871 ει
3664 5824 3769 5889 ibid.
3794 5813 3821 5871 6

2305 5849 2359 5904 2.
2444 5850 2489 5881 δῖ’
2536 5848 2669 5904 ibid.
2743 5846 2795 5902 5.
2925 5846 2969 5879 ⁸ο
3004 5843 3194 5901 Matth.
3263 5858 3390 5912 χεν,
3432 5840 3483 5896 2.
