4084 6446
326 435 425 501 241

1265 435 1366 495 AD
1402 431 2001 495 AMPHILOCHIUM
2035 431 2385 505 QU/ESTIO
2421 431 2666 493 XXXIV

3503 423 3612 493 242

328 549 496 603 πάλιν
525 547 672 611 τίνες
698 563 713 612 ;
737 545 911 616 Ετπερ
938 546 998 599 τὸ
1021 543 1364 617 ἀνθρώπινον
1391 545 1551 613 γένος
1571 545 1652 608 είς
1676 543 1916 605 δικαίους

2025 542 2448 598 suam'vivendo
2483 543 2763 598 luxuriose
2793 542 2836 572 ⁶²
2868 541 2892 595 ?
2925 559 2944 594 ι
2979 538 3300 595 Mercenan'i
3341 553 3471 595 vero
3489 541 3611 606 qui-

329 641 429 694 καὶ
462 637 823 710 ἁμαρτωλοὺς
855 634 1254 706 διαιρούμενον,
1285 635 1374 690 διὰ
1404 635 1516 688 τῶν
1546 637 1606 688 ὲν
1639 636 1705 704 τῇ
1738 650 1919 702 παρα-

333 732 468 803 ϐολῇ
515 731 609 785 δύο
651 727 1084 799 λαμϐανομένων
1141 726 1275 780 υἱῶν
1335 727 1768 798 παραδηλοῦται,
1821 727 1920 778 καὶ

335 824 458 888 πῶς
483 816 657 885 οὗτος,
692 821 769 883 ώς
814 814 898 885 εἷς
942 819 1020 890 τῷ
1051 820 1220 890 πατρὶ
1257 818 1368 873 τῶν
1410 819 1667 888 μισθίων,
1700 838 1718 870 ι
1772 835 1924 889 νομι-

337 915 530 986 σθῆναι
570 912 864 980 ὲξαιτεῖται
890 929 905 979 ;
977 913 1035 966 '0
1068 911 1182 975 υἱὸς
1211 913 1240 964 ὁ
1275 905 1669 984 πρεσϐύτερος,
1695 911 1724 964 ὁ
1742 910 1802 963 τὸ
1825 908 1921 962 τοῦ

336 1005 542 1077 πατρὸς
575 1003 789 1074 θέλημα
805 1001 1052 1073 πληρῶν,
1077 997 1198 1056 εἶτα
1234 1002 1395 1071 φθονε
1407 1005 1520 1072 ροίς
1547 1001 1759 1070 ὄμμασι
1782 998 1921 1052 θεω-

333 1094 449 1163 ρῶν
477 1093 574 1164 τὴν
601 1095 965 1167 ἐπιστροφὴν,
995 1093 1092 1147 καὶ
1123 1092 1398 1164 σωτηρίαν
1430 1091 1526 1146 τοῦ
1547 1091 1803 1162 ἀδελφοῦ,
1825 1091 1921 1144 καὶ

321 1185 788 1254 δικαιολογεῖσθαι
831 1184 1271 1256 παροξυνόμενος
1320 1184 1399 1257 τῷ
1445 1185 1636 1254 πατρὶ,
1679 1184 1798 1248 πῶς
1851 1183 1920 1238 ἂν

321 1275 628 1347 ὡρισμένῳ
648 1277 754 1330 τινὶ
772 1275 1053 1348 προσώπῳ
1076 1276 1416 1346 παρατεθείη
1439 1293 1453 1341 ;
1477 1277 1642 1329 Ὥστε
1661 1275 1917 1344 φανερὸν,

321 1366 406 1430 ὡς
440 1369 538 1435 οὐχ
567 1366 785 1422 ἅπαντα
827 1369 927 1439 τῆς
969 1369 1288 1439 παραϐολῆς
1322 1369 1388 1423 τὰ
1436 1369 1578 1441 μέρη
1608 1368 1922 1438 νιτολυπροιγ⁴

326 1462 536 1530 μονείν,
568 1461 662 1514 καὶ
689 1461 996 1531 λογοθετεῐν
1035 1463 1332 1533 προσήκει,
1372 1461 1509 1532 πρὸς
1537 1461 1698 1531 μόνον
1729 1461 1786 1514 δὲ
1815 1462 1920 1530 ἁιρ-

319 1554 461 1624 ορᾷν
503 1553 567 1606 τὸ
615 1552 705 1607 διὰ
770 1553 873 1624 τῆς
930 1552 1258 1626 ὁλοκληρίας
1321 1553 1528 1624 ταύτης
1576 1553 1918 1624 σημαινόμε-

322 1662 438 1699 νον.

401 1828 504 1880 Τὸν
533 1826 591 1880 δὲ
619 1825 878 1880 πλούσιον
908 1825 1217 1898 ἄνθρωπον,
1249 1827 1325 1890 ώς
1370 1825 1464 1878 τὸν
1490 1824 1919 1895 διαϐεϐλημένον

2023 651 2151 689 nam
2202 644 2333 690 sunt
2383 634 2565 688 "1’Si
2625 634 2922 688 humanum
2981 648 3151 704 genus
3210 632 3264 686 in
3329 632 3510 701 justos
3557 642 3613 686 et

2022 735 2338 796 peccatores
2371 727 2730 795 discerptum,
2766 725 2984 779 duobus
3042 724 3167 780 liliis
3209 725 3264 778 in
3293 725 3608 791 parabolam

2019 817 2261 873 inductis
2308 818 2667 888 signiﬁcatur,
2727 817 3008 886 quomodo
3037 817 3260 885 juvenis
3309 817 3411 870 iste
3463 817 3606 869 sicut

2024 925 2164 966 unus
2210 924 2280 964 ex
2321 910 2674 964 mercenariis
2707 909 2879 978 patris
2927 923 3048 963 esse
3108 909 3402 977 cupiebat?
3433 908 3603 962 Filius

2021 1011 2200 1056 autem
2241 1001 2444 1066 senior,
2473 1001 2566 1070 qui
2607 1001 2748 1070 patri
2787 1001 2840 1054 in
2877 1001 3138 1054 omnibus
3176 1001 3603 1065 obsequebatur,

2019 1103 2076 1148 et
2111 1101 2296 1163 postea
2326 1093 2525 1146 invidis
2557 1092 2734 1147 oculis
2769 1095 3185 1152 conversionem
3263 1093 3607 1162 saluto-mque

2018 1182 2207 1238 fratris
2246 1183 2632 1253 conspiciebat,
2665 1199 2730 1238 ac
2775 1186 2839 1237 de
2889 1183 3458 1252 hujusjustilieatione
3496 1185 3607 1236 ira-

2020 1276 2275 1331 scebatur
2327 1275 2382 1330 in
2457 1286 2663 1345 patrem
2700 1276 2767 1342 ⁸⁸,
2822 1265 3122 1344 quomodo,
3179 1290 3388 1344 quatso,
3443 1277 3606 1330 alicui

2018 1370 2242 1426 delinito
2273 1369 2480 1424 homini
2509 1377 2694 1439 posset
2741 1370 3006 1438 applicari
3042 1368 3063 1420 ?
3101 1367 3174 1421 Ex
3241 1384 3352 1437 quo
3397 1369 3608 1437 perspi-

2020 1463 2182 1528 citur,
2214 1463 2357 1532 quod
2399 1478 2510 1516 non
2543 1463 2704 1529 liceat
2726 1477 2919 1516 omnes
2953 1460 3227 1530 parabolae
3252 1468 3431 1528 partes
3458 1460 3609 1514 solli-

2022 1557 2126 1612 cite
2157 1555 2493 1625 perquirere,
2549 1555 2907 1621 omniumque
2953 1554 3222 1608 rationem
3262 1567 3558 1622 exposcere
3590 1593 3606 1618 ,

2020 1648 2115 1704 sed
2155 1649 2222 1702 ad
2274 1648 2405 1703 illud
2447 1647 2825 1703 tantummodo
2847 1647 3091 1702 animum
3122 1647 3435 1709 admovere,
3461 1645 3606 1716 qttod

2021 1755 2119 1810 per
2147 1739 2225 1793 rei
2259 1755 2532 1794 summam
2572 1739 2870 1793 indicatur.

2095 1832 2360 1887 Praeterea
2419 1832 2638 1886 cuinam
2689 1845 2936 1899 personas
2986 1830 3204 1885 divitem
3277 1830 3453 1890 illum,
3513 1829 3606 1897 qui

324 1918 612 1988 οἰκονόμον
633 1917 731 1988 τῆς
759 1918 940 1980 οἰκίας
963 1918 1363 1989 προεστήσατο,
1393 1917 1500 1971 τίνι
1535 1917 1599 1972 ἄν
1627 1934 1711 1980 τις
1739 1933 1912 1987 προσ-

2018 1921 2252 1976 villicum
2296 1920 2638 1976 dill‘amatum
2687 1935 2800 1976 sua:
2851 1921 2996 1976 domi
3059 1919 3376 1991 pra-fectum
3437 1920 3608 1974 habe-

321 2010 464 2080 ὡπῳ
491 2008 858 2074 ἐξῶιώσαιτος
886 2007 1054 2071 Τίνας
1084 2008 1129 2060 δ’
1153 2007 1220 2062 ἂν
1253 2007 1394 2060 εἴποι
1426 2007 1554 2070 τοὺς
1593 2006 1911 2061 διαϐάλλον-

321 2112 424 2160 τας
445 2113 460 2162 ;
501 2096 564 2149 Ἥ
586 2096 643 2150 δὲ
659 2096 1018 2159 ἀνταπόδοσις
1042 2095 1152 2148 τῶν
1179 2096 1278 2166 μὲν
1303 2095 1528 2164 ἀγαθῶν
1550 2095 1628 2167 τῷ
1649 2097 1910 2167 Λαζάρῳ,

321 2189 439 2242 τῶν
465 2189 520 2242 δὲ
547 2189 781 2243 ἀνιάτων
805 2189 993 2243 κακῶν
1022 2187 1101 2258 τῷ
1129 2187 1391 2259 πλουσίῳ,
1427 2188 1544 2251 πῶς
1577 2188 1644 2242 ἂν
1695 2187 1781 2259 εἴη
1816 2205 1912 2257 γε·

321 2281 600 2351 γενημένη
651 2281 806 2335 οὔπω
849 2281 952 2352 τῆς
986 2282 1173 2352 κοινῆς
1230 2282 1466 2354 κρίσεως
1523 2279 1908 2352 συνεστώσης;

317 2372 438 2428 Καὶ
464 2373 521 2426 αἱ
555 2373 821 2437 διαλέξεις
848 2374 925 2440 δὲ,
954 2373 1018 2435 ἃς
1041 2373 1405 2428 ὑποϐάλλεται
1435 2375 1468 2445 ἡ
1500 2373 1786 2445 παραϐολὴ
1813 2372 1910 2426 τοῦ

329 2465 610 2534 Ἀϐραὰμ,
637 2467 734 2518 καὶ⁹
784 2464 879 2518 τοῦ
926 2465 1146 2519 κολάσει
1197 2465 1750 2537 καταδεδικασμένου,
1793 2466 1914 2531 πῶς

313 2558 392 2612 ἂν
416 2558 629 2626 γένοιτο
660 2557 737 2629 τῷ
767 2558 868 2629 μὲν
898 2560 1058 2630 σιγὴν
1087 2557 1198 2612 τῶν
1227 2559 1476 2629 βασάνων
1501 2561 1909 2615 ὲπιταττόντων

317 2652 443 2721 (καὶ
480 2650 621 2722 πλὴν
648 2650 758 2704 τῶν
795 2650 920 2704 καθ’
951 2650 1147 2705 ἑαυτὸν
1178 2653 1507 2723 στεναγμῶν
1546 2671 1604 2706 τε
1631 2653 1724 2706 καὶ
1748 2652 1912 2725 ὀδυρ-

321 2743 447 2814 μῶν
473 2744 693 2814 χαλινὸν
720 2747 836 2808 τοῖς
869 2745 1050 2808 ἄλλοις
1086 2746 1514 2818 ἐπιϐαλλόντων)
1541 2762 1555 2776 ·
1585 2747 1679 2801 τοῦ
1713 2748 1771 2802 δὲ
1804 2765 1912 2819 μη-

314 2837 442 2890 κέτι
468 2835 611 2906 μετὰ
635 2837 734 2908 τὴν
762 2837 946 2907 κρίσιν
973 2838 1110 2910 πρὸς
1137 2838 1230 2892 τὸν
1279 2840 1498 2909 ἐφάπαξ
1549 2840 1912 2894 καταδεδικαα

317 2929 527 2998 σμένον
557 2930 718 2983 ἐπιστ
730 2930 1031 3001 ρεφομένου
1058 2947 1074 2998 ;
1103 2931 1259 2985 Κατὰ
1289 2931 1380 2986 τὸν
1407 2930 1572 2986 αὑτὸν
1602 2928 1695 2985 οὖν
1717 2931 1910 2997 τύπον,

318 3024 418 3075 καὶ
462 3022 625 3093 νόμον
663 3023 786 3077 οὐδὲ
831 3024 900 3078 τὰ
946 3026 1012 3095 τῇ
1073 3025 1359 3096 παραϐολῇ
1417 3024 1607 3079 παιδία
1658 3025 1912 3096 ζητήσειε

323 3113 863 3184 περιγεγραμμένων
884 3111 1195 3186 προσώπων
1213 3115 1581 3184 ἀπαγγέλλειν
1601 3115 1872 3186 ἰδιότητας
1895 3133 1909 3146 ·

319 3206 463 3260 ἀλλὰ
489 3205 595 3278 γὰρ
619 3207 708 3261 διὰ
736 3205 847 3260 τῶν
890 3207 992 3277 τῆς
1051 3207 1369 3279 κοινοτέρας
1430 3208 1614 3278 φωνῆς
1685 3209 1912 3279 ίδιωμά-
1939 3245 1983 3305 C

316 3316 434 3352 των
458 3299 550 3352 καὶ
591 3298 723 3371 περὶ
791 3298 896 3370 τῆς
951 3300 1328 3371 προκειμένης
1372 3299 1692 3373 παραϐολῆς
1747 3300 1912 3354 ἐπέλ-

318 3389 428 3444 θοι.

393 3482 504 3535 Καὶ
529 3480 843 3552 ὁμοιώσεως
872 3481 1048 3536 ταῦτα
1086 3482 1153 3537 ἂν
1196 3482 1284 3554 εἴη
1311 3499 1324 3512 ·
1354 3482 1480 3536 ἐπεὶ
1519 3483 1580 3537 τό
1621 3499 1686 3552 γε
1736 3484 1915 3553 αἰνιγ-

315 3571 554 3641 ματικον
606 3567 746 3636 εἶδος
800 3571 972 3642 αὐτῆς
993 3611 1008 3636 ,
1039 3571 1164 3626 καθ’
1194 3571 1223 3625 ὃ
1255 3572 1406 3643 καὶὴ
1456 3571 1553 3626 νῦν
1607 3571 1912 3644 ἐταζομὲνη

309 3665 758 3736 προενήνεκται,
809 3663 904 3719 καὶ
945 3663 1162 3736 ἑτέραις
1226 3663 1532 3734 περινοίαις
1591 3663 1684 3718 τὸν
1741 3665 1914 3719 πολὺν

309 3759 599 3830 ἀκροατὴν
678 3758 739 3813 οὺ
790 3757 1264 3828 παραδεχομέναις
1332 3756 1759 3829 θαλαμεύεσθαι.
1803 3757 1916 3812 Καὶ

307 3851 481 3904 τοῦτο
506 3851 638 3923 ἄρα,
669 3851 764 3904 καὶ
800 3851 829 3903 ὁ
871 3851 1148 3921 Σωτήριος
1166 3849 1325 3918 λόγος
1365 3849 1911 3920 ὑποσημαινόμενοςο

321 3965 346 3998 σ
392 3945 572 4016 Ὑμῖν,
621 3963 642 3997 ι
673 3943 828 4012 ἔλεγε
863 3942 1003 4015 πρὸς
1029 3946 1157 4006 τοὺς
1183 3942 1453 4015 μαθητὰς,
1484 3962 1502 3996 ι
1531 3942 1742 3998 δέδοται
1773 3942 1916 4012 γνῶ·

328 4057 416 4092 θαι
466 4038 536 4092 τὰ
583 4037 892 4107 μυστήρια,
933 4037 1164 4100 ἐκείνοις
1205 4037 1262 4090 δὲ
1290 4037 1348 4088 ὲν
1379 4034 1745 4105 παραϐολαῖς,
1786 4054 1804 4086 ι
1844 4037 1912 4106 τῇ

314 4132 720 4205 ἀκριϐεστάτη,
752 4132 848 4186 καὶ
884 4131 1026 4185 κατὰ
1071 4129 1269 4184 λεπτὸν
1301 4127 1621 4198 ἐπιγνώσει,
1654 4130 1750 4182 καὶ
1779 4129 1915 4182 ἀνα-

316 4226 556 4297 καλύψει
587 4226 682 4280 τοῦ
705 4225 1028 4298 μυστηρίου,
1046 4224 1146 4296 τὴν
1174 4223 1318 4278 κατὰ
1336 4223 1438 4287 τὰς
1465 4221 1788 4294 παραϐολὰς
1815 4223 1913 4277 ἀν-

312 4317 712 4373 τιδιαστέλλειν
743 4315 1072 4385 κατάληψιν.

393 4498 485 4552 Διὸ
521 4499 615 4552 καὶ
649 4516 668 4549 ι
704 4498 915 4567 Φράσον
937 4497 1089 4568 ἡμῖν,
1123 4515 1142 4549 ›
1175 4495 1362 4566 ἔλεγον
1391 4497 1440 4550 ol
1463 4495 1773 4557 ἀπόστολοι,
1810 4493 1911 4567 τὴν

2014 2015 2108 2070 bat
2137 2016 2204 2080 ⁸⁵,
2239 2015 2510 2085 quispiam
2551 2015 2968 2085 appropriarit?
3010 2013 3287 2080 Quosnam
3327 2029 3457 2068 vero
3483 2028 3607 2068 esse

2013 2107 2213 2163 dixerit
2238 2108 2383 2163 illius
2411 2108 2802 2163 accusatores?
2840 2106 3008 2161 Porro
3048 2106 3336 2162 retributio
3381 2105 3609 2160 [elicita-

2017 2199 2086 2254 tis
2119 2198 2346 2263 Lazaro,
2389 2208 2443 2254 et
2472 2198 2860 2253 insanabilium
2913 2213 3281 2252 aerumnarum
3337 2197 3492 2251 diviti
3528 2197 3604 2260 “,

2015 2291 2291 2362 quomodo
2314 2289 2458 2346 facta
2509 2305 2632 2345 esse
2683 2291 2903 2360 poterit,
2958 2305 3084 2345 cum
3146 2289 3606 2360 eommunejndiv

2014 2380 2158 2435 cium
2192 2379 2434 2434 nondum
2467 2377 2753 2432 advenerit
2786 2377 2805 2430 ί
2835 2376 3068 2433 Abrahae
3102 2393 3252 2441 vero,
3276 2388 3331 2432 et
3368 2377 3608 2432 hominis

2014 2469 2284 2539 supplicio
2316 2469 2517 2524 addicti
2542 2468 2837 2539 colloquia,
2866 2484 2986 2538 qua:
3009 2468 3234 2536 subjieit
3259 2467 3515 2538 parabola
3534 2467 3604 2536 ⁸⁷,

2013 2562 2288 2633 quomodo
2342 2562 2752 2633 contingebant,
2817 2561 2948 2616 dum
2987 2561 3140 2616 diviti
3196 2560 3470 2615 silentium
3501 2560 3608 2613 im-

2014 2659 2290 2730 ponebant
2341 2666 2609 2713 tormenta
2661 2657 2983 2727 (etquidem
3026 2657 3129 2726 ipsi
3176 2656 3295 2726 ejus
3346 2656 3608 2727 gemitus,

2015 2761 2070 2808 et
2106 2752 2356 2822 ploratus
2386 2750 2509 2806 aliis
2544 2749 2774 2808 vocibus
2806 2749 3020 2804 frenum
3073 2747 3456 2818 injiciebant);
3503 2747 3609 2801 La-

2017 2861 2178 2901 zarus
2213 2859 2344 2899 vero
2399 2843 2609 2897 homini
2656 2843 2770 2915 jam
2819 2841 2989 2896 semel
3047 2841 3410 2896 condemnato
3442 2840 3606 2893 verba

2015 2941 2253 3009 dirigere
2279 2953 2387 2994 non
2420 2937 2673 2992 debebat.
2722 2935 2932 2993 Eodem
2956 2936 3138 3006 itaque
3165 2943 3346 3005 pacto,
3386 2932 3608 2987 eadem-

2015 3043 2123 3098 que
2147 3028 2266 3097 lege
2300 3041 2398 3081 nec
2421 3027 2574 3096 pueri
2605 3026 2660 3080 in
2698 3038 2886 3080 nostra
2915 3023 3176 3095 parabola
3217 3021 3603 3092 proprietatem

2015 3118 2376 3190 peculiarium
2432 3133 2794 3187 personarum
2857 3114 3234 3186 poteruntsibi
3275 3112 3601 3166 vindicare:

2017 3225 2072 3269 at
2098 3214 2261 3268 etiam
2291 3227 2388 3282 pro
2427 3210 2678 3266 vocabuli
2701 3209 2930 3264 notioris
2949 3206 3379 3279 proprietatibus
3407 3204 3463 3257 in
3490 3219 3606 3258 me-

2017 3311 2231 3360 morata
2263 3304 2525 3374 parabola
2558 3301 2743 3356 locum
2773 3300 3104 3354 habuerunt.

2085 3482 2263 3551 Atque
2291 3478 2407 3534 haec
2435 3475 2708 3547 parabolae
2759 3473 2978 3544 propria
3037 3486 3160 3526 esse
3199 3469 3495 3535 videntur;
3526 3467 3605 3522 si-

2014 3572 2236 3644 quidem
2279 3571 2346 3625 ad
2384 3571 2557 3640 ipsam
2594 3566 2993 3637 aanigmaticam
3034 3563 3154 3633 ejus
3199 3562 3457 3632 speciem,
3497 3576 3606 3631 qua

2013 3666 2181 3722 etiam
2218 3666 2331 3720 haec
2364 3671 2548 3718 nostra
2599 3661 2808 3730 prolata
2838 3667 2942 3724 est,
2991 3657 3228 3728 pertinet
3278 3671 3499 3725 quoque
3549 3662 3608 3707 ut

2016 3772 2141 3813 sese
2178 3756 2461 3811 contineat
2514 3754 2661 3807 inter
2706 3750 2845 3804 alios
2889 3749 3090 3803 mentis
3145 3755 3464 3815 conceptus,
3510 3745 3606 3814 qui

2017 3863 2048 3903 a
2079 3847 2264 3902 multis
2284 3845 2630 3901 auditoribus
2663 3859 2771 3898 non
2815 3842 3216 3912 intelliguntur.
3253 3839 3318 3894 Et
3359 3839 3411 3895 id
3443 3838 3608 3893 nimi-

2016 3959 2138 3998 rum
2188 3943 2273 3998 vel
2306 3945 2422 4011 ipsa
2475 3937 2790 3996 Scrvatoris
2851 3937 3118 3991 sententia
3173 3934 3370 3998 innuit,
3424 3949 3547 3988 eum
3591 3971 3606 3995 ,

2025 4036 2277 4098 «Vobis,»
2317 4034 2495 4104 inquit
2553 4030 2858 4100 discipulis,
2897 4048 2917 4080 ι
2943 4030 3130 4084 datum
3172 4038 3257 4083 est
3297 4042 3463 4083 nosse
3494 4043 3612 4096 my-

2016 4129 2202 4194 steria,
2225 4127 2332 4182 illis
2363 4141 2491 4181 vero
2523 4125 2574 4177 in
2601 4121 2932 4193 parabolis"
2958 4139 2972 4175 :
3001 4139 3020 4172 ι
3056 4121 3213 4174 vobis
3243 4118 3492 4173 videlicet
3527 4117 3617 4173 fas

2014 4233 2121 4288 est,
2158 4231 2217 4276 ut
2243 4218 2684 4278 accuratissima,
2716 4222 2770 4267 et
2805 4229 2981 4283 usque
3011 4212 3078 4266 ad
3116 4212 3403 4265 minimum
3434 4211 3612 4264 dedu-

2013 4326 2104 4374 cta
2135 4314 2432 4386 agnitione,
2461 4319 2516 4365 et
2558 4306 2893 4363 revelatione
2917 4304 3159 4377 mysterii
3185 4302 3608 4374 intelligentiam

2012 4407 2400 4481 parabolarum
2426 4400 2686 4458 dilatetis.

2085 4501 2268 4567 Quare
2314 4505 2369 4552 et
2425 4515 2444 4548 ι
2481 4494 2735 4549 Edissere
2779 4490 2971 4554 nobis,
3002 4507 3023 4541 ι
3073 4487 3292 4544 aiebant
3340 4485 3612 4556 apostoli,

313 4591 640 4663 παραϐολὴν
682 4589 889 4661 ταύτην
914 4605 930 4620 ·
972 4608 992 4642 ι
1020 4589 1230 4659 ταύτην
1259 4589 1367 4661 ἄρα
1412 4588 1508 4642 καὶ
1536 4586 1644 4643 τῶν
1683 4587 1906 4641 ἀπειθε-

2018 4615 2038 4646 ι
2060 4591 2372 4664 parabolam
2394 4588 2552 4644 istam
2579 4605 2597 4638 ι
2615 4585 2662 4616 θ’
2687 4602 2700 4650 ;
2733 4595 2786 4639 et
2813 4586 2970 4638 istam
2994 4583 3180 4650 utique
3198 4580 3613 4634 contumacium

316 4686 537 4738 στάτων
595 4681 864 4735 Ἰουδαίων
911 4683 944 4752 ἡ
1011 4681 1312 4753 Συναγωγή
1370 4701 1389 4734 ι
1437 4679 1563 4735 οὔτε
1618 4679 1912 4751 βλέποντες

313 4775 569 4838 ἔϐλεπον,
597 4774 691 4828 καὶ
717 4772 1012 4836 ἀκούοντες
1035 4773 1136 4826 οὐκ
1153 4773 1404 4842 ῆκουονοι
1427 4771 1502 4835 ώς
1529 4772 1636 4826 τῶν
1652 4771 1912 4825 τοιούτων

316 4867 673 4940 παραϐολῶν,
703 4866 798 4920 καὶ
824 4863 1143 4936 ὁμοιώσεων
1171 4864 1332 4918 τοῦτο
1366 4864 1464 4934 μὲν
1494 4863 1781 4932 καθορᾷν,
1814 4864 1912 4918 καὶ

312 4961 565 5024 ἀκούειν
587 4961 1000 5031 παρεχομένων.
1019 4961 1082 5013 El
1111 4959 1221 5030 γὰρ
1244 4959 1342 5012 καὶ
1371 4957 1629 5029 πωρώσει
1657 4960 1758 5029 τῆς
1774 4978 1913 5032 καρ-

312 5053 439 5114 δίας
468 5054 527 5106 τὸ
556 5052 667 5106 τῶν
699 5053 970 5106 Ἰουδαίων
987 5052 1212 5121 πλῆθος,
1248 5051 1345 5105 καὶ
1376 5050 1513 5122 πρὸς
1542 5050 1604 5104 τὸ
1631 5053 1729 5122 τῆς
1761 5055 1918 5106 εὐσε-

313 5144 474 5206 ϐείας
521 5145 638 5213 φῶς
680 5145 948 5207 ἑκουσίως
1011 5143 1421 5214 καταμύοντεςο
1469 5163 1487 5195 ι
1517 5144 1630 5197 Οὐκ
1686 5145 1917 5200 ἔϐλεπον

317 5234 634 5305 βλέποντες,
663 5233 784 5287 οὐδὲ
810 5233 1102 5296 ἀκούοντες
1124 5233 1322 5302 ἤκουον
1343 5247 1356 5261 ο
1384 5249 1402 5283 ι
1429 5229 1570 5301 πλὴν
1587 5229 1724 5285 ἀλλά
1739 5248 1804 5299 γε
1821 5231 1916 5286 καὶ

315 5331 354 5398 ἡ
393 5327 678 5397 παραϐολὴ
730 5326 900 5397 μηδὲν
948 5326 1086 5396 πρὸς
1133 5324 1232 5395 τὴν
1285 5322 1467 5377 αὐτῶν
1508 5323 1915 5396 ἀνθισταμένην

312 5418 562 5473 διάθεσιν
589 5421 678 5490 (τῇ
703 5419 813 5489 γὰρ
836 5417 1079 5489 ἀσαφείᾳ
1109 5414 1464 5486 ὲπεσκίαστο)
1495 5413 1619 5468 οὔτε
1656 5415 1913 5485 ἀγνωμο-

318 5509 488 5580 σύνης
522 5512 783 5584 ἀφορμήν
815 5529 936 5565 τινα
966 5510 1296 5582 παρέχεται⁹
1325 5507 1464 5564 ἀλλὰ
1489 5508 1584 5562 καὶ
1604 5507 1695 5561 τὸν
1711 5507 1914 5576 τρόπον

315 5601 502 5655 αὐτῶν
532 5603 630 5672 τῆς
662 5601 935 5665 ἀπαθείας
965 5601 1170 5672 μᾶλλον
1207 5599 1479 5670 διελέγχει
1500 5615 1512 5628 ·
1545 5599 1629 5652 ὅτι
1664 5598 1785 5652 δέον
1818 5595 1914 5669 ζη-

393 5848 438 5880 “
480 5845 613 5902 Luc.
673 5862 760 5910 xv,
817 5846 906 5902 l5.
1002 5848 1046 5879 ⁸³
1105 5847 1238 5902 ibid.
1295 5848 1479 5913 17,19.

323 5933 479 5992 qu.
559 5919 603 5952 ⁸⁸
628 5918 759 5976 ibid.
800 5933 920 5991 vttt,
954 5918 1042 5974 l0.
1120 5920 1162 5952 ⁶⁹
1191 5917 1384 5975 Matth.
1417 5933 1539 5988 stu,
1570 5917 1638 5974 56
1666 5935 1683 5988 ;
1717 5933 1806 5984 xv,
1841 5917 1926 5972 15.

1581 5845 1625 5878 “
1678 5846 1809 5902 ibid.
1857 5846 1949 5902 28.

2022 4663 2308 4757 Svnagoga
2345 4677 2662 4734 Judaeorum
2702 4692 2721 4726 ι
2761 4674 3006 4728 videntes
3058 4687 3167 4725 non
3209 4663 3505 4731 videbant,
3553 4674 3610 4719 et

2019 4777 2304 4832 audientes
2357 4786 2464 4826 non
2507 4767 2806 4824 audiebant
2849 4766 2935 4830 7°;
2971 4782 2989 4816 ι
3035 4763 3237 4833 quippe
3293 4757 3609 4830 hujusznodi

2020 4869 2215 4927 videre,
2251 4875 2306 4919 et
2339 4863 2527 4916 audire
2557 4860 2830 4932 parabolae
2861 4868 2914 4912 et
2946 4853 3338 4911 similitudines
3385 4861 3616 4922 pra-sta-

2023 4961 2172 5015 bant.
2209 4957 2322 5015 Etsi
2349 4956 2495 5010 enitn
2526 4969 2660 5024 gens
2684 4949 3033 5013 Iudaeorum,
3071 4962 3196 5002 cum
3225 4947 3390 5001 corde
3437 4946 3612 4998 obdu-

2020 5065 2141 5108 rato
2175 5056 2404 5110 essent,
2438 5055 2493 5101 et
2537 5044 2644 5099 luci
2694 5041 2978 5112 religionis
3025 5051 3218 5109 sponte
3276 5053 3376 5092 sua
3418 5037 3613 5091 ouulos

2019 5144 2338 5200 clauderent
2366 5158 2380 5194 :
2437 5158 2456 5191 ι
2492 5137 2747 5193 Videntes
2778 5151 2886 5188 non
2916 5132 3192 5196 videbant,
3237 5137 3291 5183 et
3323 5128 3611 5182 audientes

2019 5251 2129 5290 non
2176 5231 2513 5297 audiebant;
2546 5249 2564 5282 ι
2606 5229 2812 5284 nullam
2870 5237 3050 5281 tamen
3097 5224 3369 5279 resistenti
3416 5238 3607 5276 eorum

2021 5324 2188 5379 indoli
2228 5323 2484 5394 parabola
2527 5326 2760 5390 (utpote
2797 5333 2919 5388 qua:
2981 5315 3319 5371 obscuritate
3366 5311 3610 5366 involve-

2020 5413 2224 5482 batur)
2276 5411 2598 5482 ignorantia:
2634 5409 2980 5463 occasionem
3009 5406 3249 5476 praebet,
3301 5404 3393 5458 sed
3425 5401 3609 5473 potius

2021 5505 2266 5576 ipsorum
2300 5518 2482 5558 mores
2517 5500 2828 5556 indolentia:
2852 5498 3082 5554 crimine
3113 5495 3428 5564 redarguit;
3462 5495 3610 5566 quod

2022 5613 2111 5653 res
2142 5612 2251 5652 non
2296 5607 2612 5666 perspectas
2639 5609 2706 5649 ex
2739 5594 2856 5658 his,
2890 5607 3014 5664 quae
3042 5591 3157 5661 jam
3186 5590 3608 5654 intellexerant,

2037 5845 2082 5878 ευ
2118 5845 2248 5901 i-hid.
2334 5860 2444 5908 xvi,
2500 5845 2549 5899 t.
2656 5843 2700 5876 σε
2730 5842 2864 5901 ibid.
2916 5840 2988 5899 22
3036 5857 3192 5913 seqq.
3288 5838 3335 5871 ιτ
3361 5836 3492 5895 ibid.
3536 5834 3610 5890 ει

2334 5860 2444 5908 xvi,
2500 5845 2549 5899 l.

2005 5918 2048 5949 ⁷⁰
2083 5916 2213 5973 ibid.
2247 5931 2366 5986 xui,
2406 5915 2492 5969 15.
