4084 6444
553 427 662 493 243

1713 428 1940 490 PIIOT]
1956 431 1979 489 Ι
2021 430 2143 491 PA’]

2257 428 2532 489 ARCII/lt‘.
2564 428 2674 489 ΕΡ.
3730 420 3816 483 ΞΗ

554 547 633 600 ιιιί
688 542 939 600 solebant
982 540 1218 611 apostoli
1246 540 1277 605 ,'
1311 541 1645 613 investigare
1692 544 2051 610 debuissent;
2098 544 2143 598 hi

2257 547 2391 608 τεῖν,
2422 543 2481 608 ἐξ
2506 537 2581 596 ὧν
2606 541 2887 607 συνίεσαν,
2908 539 2943 594 ἃ
2972 538 3047 611 μὴ
3070 536 3554 608 συνίεσαν,ῶσπερ
3586 537 3815 609 ἔπραττον

554 646 735 691 autem
786 635 997 689 nullum
1038 650 1350 690 sermonem
1401 651 1510 691 non
1556 636 1659 691 rite
1707 637 2043 692 intellectum
2094 639 2148 693 iu

553 730 737 783 animo
774 727 1166 781 recondehant.

628 822 781 876 llanc
820 835 948 875 vero
1004 818 1387 888 parabolarum
1454 829 1509 873 et
1546 818 1969 875 similitudinum
2005 821 2147 876 dim-

555 914 812 965 cultatem
859 912 941 964 vel
980 912 1093 980 ipse
1127 913 1387 965 Salomon
1433 912 1484 965 iu
1541 913 1681 965 libro
1714 911 2143 968 Proverhiorum

559 1000 835 1063 indicavit,
860 1000 986 1052 dum
1015 1000 1181 1053 verbo
1204 1000 1474 1066 parabola:
1508 1016 1668 1055 voces
1697 1003 1964 1070 quasdam
1993 1018 2151 1071 aeque

555 1089 824 1155 pollentes
857 1089 1118 1154 apponit;
1148 1088 1238 1140 ubi
1267 1092 1567 1155 sapientum
1596 1094 1911 1156 quemdam.
1935 1100 1987 1143 et
2013 1106 2148 1157 pru-

554 1174 817 1237 dentem,
878 1175 970 1244 qui
1025 1189 1259 1227 mentem
1312 1191 1467 1228 suam
1520 1176 1825 1244 proverbiis
1868 1177 2146 1243 excoluit,

554 1268 872 1322 describens
922 1284 936 1321 :
993 1286 1011 1317 c
1043 1266 1347 1337 Exquiret,
1397 1268 1615 1337 inquit,
1670 1270 1982 1338 parabolam
2014 1311 2029 1331 .
2079 1278 2134 1324 et

554 1362 789 1415 obscura
824 1361 981 1413 verba
1015 1361 1374 1429 sapientium,
1412 1371 1461 1415 et
1507 1361 1795 1431 aenigmata
1831 1364 1896 1417 ⁷⁸.
1938 1381 1956 1413 ι

628 1450 831 1503 Verum
878 1451 991 1505 lucc
1045 1451 1292 1504 doctrina
1320 1466 1349 1504 a
1378 1452 1650 1521 parabolae
1690 1462 1743 1506 et
1768 1451 2147 1507 similitudinis

554 1541 981 1610 proprietatibus
1014 1542 1119 1596 huc
1160 1558 1266 1596 non
1302 1544 1469 1598 invite
1502 1544 1758 1607 deducta,
1795 1544 1919 1597 aliis
1980 1552 2147 1614 atque

554 1633 678 1687 aliis
714 1634 1115 1703 quaestionibus
1139 1634 1419 1688 solvendis
1448 1635 1659 1689 ratione
1689 1635 1869 1688 adhuc
1900 1636 2146 1704 exposita

553 1735 733 1794 potest
788 1726 1071 1780 inservire.
1126 1727 1182 1781 ld
1235 1743 1406 1793 vero,
1462 1729 1608 1797 quod
1664 1730 1848 1798 potius
1899 1731 2146 1797 dicetur,

2255 640 2303 691 οί
2323 638 2646 691 ἀπόστολοι·
2678 638 2727 689 οἱ
2762 636 2820 689 δὲ
2873 635 3032 704 λόγον
3089 634 3282 687 οὐδένα
3333 632 3451 686 τῶν
3476 633 3816 704 ἀγνοουμένων

2257 730 2519 784 ἐτίθεντο.

2327 822 2401 875 Τὸ
2428 822 2485 875 δὲ
2514 821 2611 889 τῆς
2639 818 2986 891 παραϐολῆς,
3013 818 3109 872 καὶ
3129 815 3449 886 ὁμοιώσεως
3482 815 3820 887 δυσθεώρητον

2257 914 2403 967 καὶὸ
2434 912 2848 983 Παροιμιαστὴς
2880 914 2945 982 τῇ
2998 909 3299 981 παραθέσει
3333 909 3452 961 τῶν
3494 909 3821 977 παραλλήλων

2257 1006 2451 1075 φωνῶν
2478 1005 2850 1075 ὑπεσήμηνεν.
2878 1004 3041 1072 ἡνίκα
3072 1002 3162 1055 τὸν
3186 1004 3303 1063 ταῖς
3340 1001 3669 1069 παροιμίαις
3697 1000 3822 1053 τελε-

2258 1099 2453 1152 σθέντα
2482 1099 2580 1169 τὴν
2607 1099 2847 1153 διάνοιαν
2879 1097 3043 1165 σοφόν
3083 1113 3203 1148 τινα
3228 1094 3582 1162 διαγράφων,
3610 1098 3699 1146 καὶ
3722 1095 3824 1163 νοήσ

2262 1208 2424 1263 μονα,
2471 1209 2489 1242 ι
2533 1192 2736 1260 Νοήσει
2771 1206 2830 1243 τε
2874 1188 3210 1260 παραϐολὴν,
3277 1188 3439 1256 φησι,
3491 1189 3588 1240 καὶ
3650 1203 3828 1240 σκοτεισ

2255 1284 2363 1337 νῶν
2400 1282 2511 1353 (76)
2544 1286 2733 1355 ῥήσεις
2775 1299 2834 1335 τε
2861 1281 3062 1351 σοφῶν,
3088 1282 3185 1334 καὶ
3215 1279 3549 1350 αἰνίγματα.
3588 1298 3605 1329 ι

2338 1438 2499 1517 Ἀλλα
2529 1454 2685 1525 οὗτος
2714 1462 2813 1532 μὲν
2851 1464 2880 1515 ό
2912 1460 3071 1529 λόγος
3092 1461 3119 1512 ὁ
3137 1459 3244 1514 ἀπὸ
3271 1459 3385 1513 τῶν
3414 1458 3720 1528 ἰδιωμάτων
3745 1457 3825 1525 τῆς

2258 1556 2597 1628 παραϐολῆς.
2627 1558 2720 1609 καί
2753 1555 3070 1625 ὁμοιώσεως
3090 1556 3151 1607 οὺ
3192 1555 3481 1615 παντελῶς
3519 1551 3825 1620 καθελκόμεο

2256 1667 2366 1716 νος,
2399 1648 2634 1713 πολλῶν,
2672 1648 2766 1700 κα)⁵
2798 1646 2975 1699 ἄλλων
3003 1646 3145 1699 κατὰ
3189 1646 3280 1697 τὸν
3325 1643 3628 1715 εἰρημένον
3653 1644 3825 1712 τρόπον

2256 1739 2635 1812 ὲξευμαρίζειν
2664 1739 2958 1809 ζητήματα
2983 1737 3226 1791 δύναται.
3262 1739 3327 1790 Ὂ
3358 1736 3419 1788 δὲ
3450 1734 3653 1806 μᾶλλον
3682 1732 3825 1804 ῥηθή-

553 1826 764 1886 quanto
794 1819 1109 1871 accuratius
1142 1818 1418 1882 notioaes,
1455 1829 1507 1873 et
1542 1820 1704 1873 verba
1743 1819 2007 1874 doctrina:
2034 1822 2143 1889 jam

2257 1851 2435 1897 σεται,
2464 1834 2588 1886 ὅσον
2616 1833 2715 1901 τῆς
2735 1831 3190 1901 προτεταγμένης
3212 1830 3450 1899 θεωρίας
3477 1829 3675 1899 μᾶλλον
3691 1829 3824 1897 ἀκρι-

554 1918 771 1965 statuta:
823 1912 1116 1976 enucleat,
1175 1921 1329 1965 tanto
1374 1912 1548 1982 magis
1597 1914 1873 1982 propriam
1926 1914 2143 1967 solutio-

2259 1928 2559 1995 6ολογεῖται
2594 1928 2663 1981 τά
2691 1944 2749 1979 τε
2784 1926 3111 1996 πράγματα,
3146 1926 3240 1977 καὶ
3277 1925 3348 1977 τὰ
3380 1926 3633 1995 ῥήματα,
3665 1920 3826 1974 τοσοῦ-

554 2015 676 2053 "em
729 2002 1018 2071 βτοροηίιν
1069 2016 1303 2071 eamque
1346 2010 1550 2057 ηοεῑτίε
1586 2002 1681 2057 υ¹¹ί
1730 2004 1967 2074 applicat
1998 2021 2153 2075 (μηδ’
2254 2036 2346 2073 τον
2373 2019 2683 2083 ἰδιάζουσαν
2715 2020 3015 2087 ἀποφαῖνον
3038 2018 3123 2086 ἐφ’
3159 2017 3240 2070 ἐνὶ
3269 2016 3555 2087 ζητήματι
3580 2013 3823 2085 περιγρά-

558 2090 749 2146 stioni.

2254 2130 2344 2182 φει
2366 2112 2467 2182 τὴν
2496 2111 2652 2165 ὲπίλυ
2662 2128 2766 2165 σιν.

626 2181 836 2253 Duplici
882 2194 1062 2238 autem
1117 2199 1282 2240 sensu
1348 2200 1503 2240 sacra
1574 2186 1795 2241 oracula
1853 2202 2143 2256 puerorum

2269 2181 2275 2182 ί
2324 2181 2511 2259 Διττόν
2536 2221 2618 2258 τοι
2672 2205 2782 2275 γὰρ
2824 2196 2918 2255 οὗν
2969 2200 3122 2273 παρὰ
3168 2204 3281 2264 τοῖς
3321 2201 3494 2271 ἱεροῖς
3530 2198 3822 2269 ἠμῶνχρη-

552 2288 752 2328 nomen
807 2285 1118 2345 usurpant:
1161 2277 1368 2332 scilicet
1398 2321 1413 2343 ,
1473 2296 1492 2330 ι
1545 2276 1720 2332 Sinite
1769 2280 2064 2348 parvulos,
2098 2288 2143 2334 et

2255 2299 2412 2366 σμοῖς
2435 2295 2503 2347 τὰ
2533 2295 2722 2348 παιδία
2745 2310 2759 2324 ⁸
2790 2314 2808 2343 ι
2850 2295 3053 2362 Ἀφετε
3106 2292 3217 2363 γὰρ
3278 2292 3347 2345 τὰ
3394 2291 3611 2353 παιδία,
3648 2291 3734 2341 καὶ
3759 2288 3821 2357 μὴ

552 2364 720 2417 nolite
763 2381 873 2434 eos.
908 2366 1197 2433 prohibere
1236 2366 1303 2420 ad
1354 2382 1439 2420 me
1480 2368 1666 2421 venire
1707 2368 1794 2435 7';
1829 2388 1847 2419 ι
1896 2370 2143 2438 quodque

2255 2364 2490 2444 κωλύετε
2518 2388 2659 2441 αὐτὰ
2687 2385 2945 2457 ἔρχεσθαι
2982 2385 3119 2456 πρός
3151 2402 3218 2455 με
3238 2402 3255 2418 ⁸
3284 2404 3302 2436 ι
3322 2384 3422 2437 καὶ
3452 2384 3555 2453 τῆς
3573 2383 3729 2451 αὐτῆς
3749 2384 3819 2433 ἐν·

550 2456 619 2509 ab
650 2456 753 2510 hac
796 2457 1192 2528 signiﬁcatione
1224 2474 1329 2513 non
1366 2460 1523 2527 longe
1563 2459 1759 2520 distat.
1817 2478 1837 2512 ι
1871 2460 1981 2515 Nisi
2011 2478 2143 2516 con-

2250 2481 2398 2543 νοίας
2429 2480 2491 2534 οὺ
2522 2456 2732 2551 πόρρω,
2762 2498 2779 2530 ι
2828 2478 2956 2531 Ἐὰν
3000 2475 3074 2548 μὴ
3110 2477 3411 2548 στραφῆτε,
3445 2476 3543 2529 καὶ
3592 2472 3817 2543 γένησθε,

547 2550 692 2604 versi
726 2548 959 2613 fueritis,
993 2561 1045 2604 et
1080 2551 1389 2607 elliciamiui
1454 2552 1597 2607 sicut
1626 2554 1837 2621 parvuli
1866 2594 1880 2615 .
1920 2570 2027 2607 non
2066 2555 2143 2608 in-

2250 2575 2325 2638 ὼς
2348 2574 2415 2627 τὰ
2436 2573 2642 2637 παιδία,
2680 2572 2739 2625 οὐ
2776 2572 2850 2643 μὴ
2881 2570 3159 2641 εἰσέλθητε
3192 2572 3271 2631 εἰς
3302 2570 3405 2639 τὴν
3435 2567 3707 2639 βασιλείαν
3729 2565 3817 2617 τῶν

551 2641 771 2695 trabitis
815 2641 867 2695 in
922 2658 1150 2712 regnum
1202 2645 1469 2699 cmlorum
1520 2646 1589 2695 ⁷³.
1632 2664 1651 2697 ι
1716 2646 1921 2701 Deinde
1974 2662 2143 2702 vero:

2251 2666 2497 2739 οὐρανῶν
2525 2682 2538 2696 ⁸
2582 2686 2599 2717 ι
2635 2641 2827 2728 εἷτα,‹
2868 2662 3135 2731 Ἀδελιφοὶ,
3173 2662 3247 2732 μὴ
3275 2662 3471 2715 παιδία
3497 2657 3705 2729 γίνεσθε
3721 2659 3816 2718 ταῖς

555 2752 576 2785 ι
614 2732 831 2789 Fratres
856 2776 871 2801 ,
902 2736 1071 2791 nolite
1108 2738 1263 2805 pueri
1302 2736 1437 2793 etlici
1489 2738 1773 2803 sensibus,
1821 2740 1912 2795 sed
1942 2741 2143 2796 malitia

2254 2760 2471 2831 φρεσὶν,
2506 2758 2641 2810 ἀλλὰ
2666 2760 2731 2826 τῇ
2756 2756 2925 2826 κακία
2956 2754 3276 2823 νηπιάζετε.
3311 2775 3330 2804 ι
3375 2754 3543 2806 “om
3585 2748 3815 2804 amara-1

550 2826 763 2897 parvuli
799 2836 975 2881 esmte
1004 2828 1072 2881 ⁷⁸.
1108 2847 1125 2879 ι
1178 2827 1361 2894 Quare
1399 2846 1529 2899 puer
1567 2831 1675 2884 duo
1718 2832 2022 2901 significat,
2055 2845 2143 2887 aut

2252 2826 2337 2922 είη
2369 2850 2431 2904 τὸ
2463 2849 2724 2911 παιδίον,
2753 2847 2952 2918 μᾶλλον
2975 2846 3030 2899 δὲ
3056 2847 3148 2898 καὶ
3173 2844 3359 2914 τριτόν
3382 2861 3396 2875 ⁸
3431 2846 3593 2913 εἴπερ
3618 2844 3644 2895 6
3668 2840 3805 2907 σοφὸς

550 2916 734 2986 potius
775 2916 918 2981 tria;
962 2916 1231 2987 siquidem
1298 2919 1523 2985 Paulus,
1562 2922 1648 2976 vir
1701 2923 1788 2976 ille
1835 2924 1887 2977 in
1936 2925 2141 2980 divinis

552 3007 927 3077 hutnanisque
960 3009 1124 3064 ro-bus
1162 3012 1407 3080 quolibet
1454 3014 1564 3067 alio
1596 3016 1895 3085 sapientior
1920 3061 1934 3083 ,
1970 3027 2024 3072 et
2053 3018 2146 3088 qui

549 3109 711 3153 norat
742 3110 1144 3157 consentaneas
1172 3118 1333 3159 voces
1358 3109 1607 3176 cognatis
1640 3108 1954 3165 notionihus
1988 3119 2146 3179 apta-

548 3206 609 3246 re
632 3231 647 3257 ,
685 3192 929 3261 profatus
959 3203 1041 3249 est
1075 3214 1087 3249 :
1127 3215 1145 3248 ι
1176 3196 1314 3263 Quia
1349 3213 1480 3268 ergo
1508 3200 1663 3269 pueri
1696 3203 2144 3257 communicave-

548 3292 682 3339 runt
737 3286 889 3340 carni
933 3297 986 3341 et
1018 3289 1295 3357 sanguini,
1329 3299 1381 3345 et
1413 3291 1530 3361 ipse
1562 3292 1819 3347 similiter
1850 3296 2144 3364 participa-
2171 3281 2214 3338 Ο

546 3379 625 3433 vit
645 3378 873 3441 eisdem.
911 3393 970 3436 ut
1006 3398 1100 3452 per
1132 3393 1363 3438 mortem
1422 3386 1730 3441 destrueret
1761 3403 1885 3441 eum
1926 3388 2018 3458 qui
2049 3390 2142 3443 ha-

547 3468 712 3524 bebat
743 3472 934 3525 mortis
968 3472 1257 3540 imperium
1290 3474 1354 3528 ⁷³.
1396 3492 1414 3525 ι
1448 3474 1604 3531 Patet
1637 3478 1781 3531 enim
1813 3518 1829 3543 ,
1872 3479 2022 3547 quod
2056 3480 2144 3533 hic

546 3576 653 3615 vox
709 3578 838 3626 puer
885 3578 1058 3632 neque
1098 3565 1323 3634 simplex
1350 3606 1364 3631 ,
1406 3583 1581 3636 neque
1617 3572 1867 3623 innocens
1893 3610 1908 3633 ,
1969 3588 2145 3641 neque

549 3651 869 3707 calliditatis
919 3668 1103 3721 expers
1129 3694 1144 3719 ,
1197 3656 1309 3710 imo
1349 3672 1488 3726 neqe
1543 3659 1803 3724 stultum,
1844 3672 1893 3715 et
1934 3666 2143 3732 patiens

550 3744 711 3812 facile
764 3746 1165 3800 circumversari
1216 3750 1391 3818 possit
1437 3750 1705 3821 intelligi,
1753 3752 1848 3807 sed
1894 3768 2143 3808 naturam

555 3833 849 3887 humanam
874 3836 1196 3904 simpliciter
1225 3839 1514 3908 signiticet.

621 3926 799 3993 Quam
829 3930 899 3984 ob
922 3946 1146 3984 causam
1182 3930 1520 3999 Praecursor,
1549 3942 1602 3988 et
1628 3934 1955 4006 Redemptor
1986 3940 2144 4008 pueri

549 4023 758 4092 Optimo
795 4022 919 4093 jure
964 4024 1147 4078 vocari
1190 4036 1526 4095 potuerunt,
1568 4028 1694 4098 quia
1743 4037 1796 4083 et
1846 4047 2143 4100 puerorum

549 4124 761 4169 naturae
790 4118 1274 4173 communicat-unt
1301 4136 1316 4185 ;
1358 4129 1411 4173 et
1436 4120 1581 4189 quod
1618 4124 1793 4193 magis
1825 4124 2099 4193 peculiare
2126 4166 2142 4190 ,

547 4213 603 4258 ct
632 4206 913 4275 proprium
949 4214 1064 4272 est,
1107 4208 1236 4277 quia
1272 4209 1499 4262 multam
1543 4209 1825 4265 lenitatem
1852 4251 1868 4278 ,
1906 4222 1959 4267 et.
2000 4216 2145 4269 inter

548 4298 884 4368 multiplices
938 4302 1316 4369 perpessiones
1359 4304 1838 4359 mansuetudinem
1869 4345 1883 4369 ,
1928 4323 2143 4362 mores-

549 4405 657 4461 que
704 4392 888 4461 pueris
920 4406 1026 4446 non
1069 4392 1349 4449 absimiles
1380 4411 1491 4465 pra.l
1518 4412 1578 4451 se
1610 4396 1882 4454 ferebant.
1926 4399 2143 4455 Etenim

549 4502 846 4557 puerorum
897 4504 1076 4543 mores
1118 4489 1218 4559 ipsi
1266 4492 1319 4545 in
1362 4506 1421 4547 se
1457 4490 1770 4547 referebant
1810 4509 2100 4564 expressos
2125 4534 2140 4560 ,

2252 2942 2303 2994 εἴ
2356 2958 2438 3003 τις
2484 2938 2644 3001 ἄλλος
2695 2937 2764 2990 τὰ
2825 2936 2945 2989 θεῖα
2983 2936 3080 2988 καὶ
3131 2934 3199 2987 τὰ
3226 2933 3575 3003 ἀνθρώπινα,
3614 2931 3813 2991 Παῦλος,

2251 3034 2588 3106 ἐφαρμόζειν
2650 3048 2711 3085 τε
2772 3030 2930 3093 εἰδὼς
2960 3028 3055 3092 τὰς
3115 3026 3466 3095 καταλλήλας
3518 3024 3694 3095 φωνὰς
3721 3023 3816 3081 ταῖς

2254 3124 2717 3196 συγγενεστάταις
2751 3123 3005 3185 ἐννοίαις.
3043 3120 3412 3191 διακέκραγεν
3434 3136 3452 3151 ⁸
3486 3139 3505 3172 ι
3555 3115 3702 3172 Ἐπεὶ
3741 3108 3815 3165 οὖν

2250 3226 2318 3275 τὰ
2342 3220 2530 3273 παιδία
2558 3216 2929 3289 κεκοινώνηκε
2962 3216 3164 3287 σαρκὸς
3191 3214 3285 3268 καὶ
3320 3215 3581 3284 αἵματος,
3629 3209 3716 3262 καὶ
3734 3207 3813 3259 αὖ·

2247 3313 2340 3376 τὸς
2401 3311 2808 3383 παραπλησίως
2855 3308 3085 3378 μετέσχε
3123 3307 3234 3360 τῶν
3260 3306 3471 3371 αὐτῶν,
3497 3307 3582 3358 ἵνα
3609 3302 3691 3357 διὰ
3739 3296 3812 3351 τοῦ

2247 3407 2477 3461 θανάτου
2506 3405 2839 3476 καταργήσῃ
2887 3402 2978 3456 τὸν
3010 3401 3070 3454 τὸ
3101 3400 3306 3471 κράτος
3336 3398 3533 3469 ἔχοντα
3559 3395 3647 3450 τοῦ
3676 3391 3812 3445 θανά·

2245 3515 2360 3551 του.
2404 3516 2422 3548 ι
2458 3495 2629 3566 Δῆλον
2663 3495 2792 3565 γὰρ,
2832 3492 2907 3555 ὡς
2936 3492 2996 3545 τὸ
3026 3490 3270 3544 παιδίον
3327 3489 3589 3553 ἐνταῦθα,
3630 3483 3741 3537 οὔτε
3765 3479 3815 3531 τὸ

2248 3589 2512 3652 ἁπλοῦν,
2546 3590 2640 3641 καὶ
2669 3586 2923 3649 ἄκακον,
2953 3586 3049 3638 καὶ
3095 3582 3475 3652 πανουργίας
3504 3579 3812 3641 ἐλεύθερον.

2246 3683 2606 3751 ἀπαγγέλλει,
2647 3680 2774 3735 οὔτε
2836 3679 2941 3750 μὴν
2972 3678 3034 3731 τὸ
3065 3678 3391 3741 ἀσύνετον,
3433 3674 3541 3729 καὶ
3584 3671 3691 3738 τὴν
3716 3664 3817 3719 διά·

2244 3791 2421 3830 νοιαν
2457 3773 2878 3843 εὐπερίφορον,
2910 3771 3046 3826 ἀλλὰ
3090 3770 3203 3839 τὴν
3230 3768 3621 3837 ἀνθρωπίνην
3658 3758 3815 3817 ἁπλῶς

2245 3870 2411 3939 ὲπιση
2421 3868 2671 3938 μαίνεται
2705 3866 2915 3935 φύσιν.

2316 3960 2520 4028 Διόπερ
2544 3960 2571 4010 ό
2596 3956 2909 4028 Πρόδρομος
2965 3956 3059 4008 καὶ
3109 3955 3138 4007 ὁ
3174 3953 3386 4024 Σωτὴρ,
3442 3952 3631 4007 παιδία
3650 3948 3707 4002 ἂν
3735 3944 3817 3997 οὐκ

2246 4050 2555 4113 ἀπεικότως
2595 4048 2847 4119 κληθείη,
2898 4048 2981 4101 ὅτι
3008 4064 3068 4100 τε
3104 4047 3205 4117 τῆς
3262 4045 3446 4099 αὐτῶν
3482 4048 3618 4099 εἰσιν
3653 4036 3812 4097 οὐσίας

2247 4142 2709 4213 κεκοινωνηκότες
2730 4156 2742 4170 ⁸
2775 4140 2870 4194 καὶ
2900 4139 3361 4211 προσεχέστερον,
3386 4140 3487 4193 καὶ
3519 4135 3813 4197 οἰκειότερον

2245 4235 2333 4290 διὰ
2362 4235 2463 4306 τὴν
2486 4235 2687 4304 πολλὴν
2718 4233 3058 4303 ἡμερότητα,
3079 4233 3175 4286 καὶ
3208 4232 3498 4303 πραότητα
3545 4228 3647 4282 τῶν
3678 4222 3814 4276 πολυ-

2244 4328 2459 4399 τλήτων
2493 4326 2709 4391 παθῶν,
2738 4325 2834 4379 καὶ
2859 4325 3009 4395 ἠθῶν
3039 4324 3141 4393 τὴν
3177 4323 3314 4393 πρὸς
3347 4321 3415 4375 τὰ
3445 4321 3632 4375 παιδία
3663 4310 3807 4385 ὁμοιόι

2245 4437 2405 4489 τητα.
2440 4419 2550 4472 Καὶ
2577 4418 2685 4490 γὰρ
2713 4419 2772 4471 ὲν
2798 4417 3012 4479 ἑαυτοῖς
3061 4413 3339 4468 ἐδείκνυον
3368 4408 3807 4485 διαμορφούμενα.

2246 4510 2372 4566 οὔτε
2424 4511 2536 4582 πῦρ
2580 4512 2638 4577 ἐξ
2684 4508 2918 4582 οὖρανοῦ
2988 4507 3484 4573 καταϐιϐἁςοντες,
3536 4505 3653 4561 οὔτε
3692 4498 3809 4566 ξίφει

547 4578 678 4633 dum
714 4596 812 4634 nec
847 4581 1023 4647 ignem
1059 4581 1402 4637 deducebant
1434 4599 1466 4638 e
1496 4585 1673 4649 cutio,
1719 4602 1818 4640 nec
1863 4586 2142 4656 improbos

2250 4604 2375 4666 τοὺς
2402 4578 2723 4665 ἀδιέοῦντας
2752 4578 3102 4665 κολάζοντες,
3131 4599 3254 4653 οὐδὲ
3285 4600 3537 4670 χάσμασι
3571 4588 3809 4689 τιμωρού-

549 4671 733 4741 gladio
762 4674 1066 4743 plectebant
1096 4715 1110 4739 ,
1145 4690 1243 4728 nec
1285 4684 1445 4730 terra:
1484 4676 1723 4731 hiatibus
1761 4679 2137 4747 castigabant,

546 4779 649 4819 nec
689 4766 986 4821 oliduratos
1043 4766 1431 4836 demergehant
1469 4770 1520 4821 in
1559 4784 1748 4834 mare;
1786 4769 1880 4823 sed
1910 4771 2135 4825 lenitate

548 4872 612 4910 ae
664 4858 979 4927 placiditate
1033 4859 1087 4913 in
1137 4875 1434 4929 puerorum
1485 4862 1846 4916 similitudine
1878 4879 1936 4917 se
1968 4864 2143 4918 collo-

545 4960 735 5004 cantes
760 4992 773 5015 ,
814 4952 1162 5007 sermonibus
1203 4952 1396 5020 puerili
1448 4953 1669 5022 ingenio
1712 4954 2146 5010 accommodatis

544 5042 854 5097 edocendos
876 5046 1221 5107 erudiebant,
1249 5046 1550 5100 secundum
1582 5046 1711 5099 illud
1742 5064 1757 5100 :
1788 5066 1804 5098 ι
1846 5047 1957 5102 Lac
1990 5049 2147 5102 vobis

545 5144 733 5200 potum
758 5134 906 5199 dedi,
931 5150 1040 5189 non
1066 5150 1249 5191 escam
1271 5137 1345 5202 ⁷⁶;
1378 5155 1395 5186 ι
1424 5146 1477 5191 et
1500 5148 1761 5206 praeterea
1789 5157 1806 5187 ι
1833 5137 2002 5191 Multa
2034 5139 2143 5192 alia

545 5226 720 5282 habeo
749 5228 953 5293 dicere,
985 5230 1079 5284 sed
1112 5246 1219 5285 non
1254 5232 1484 5301 potesuis
1516 5241 1735 5300 portare
1769 5232 1930 5286 modo
1962 5233 2026 5286 ⁷⁷.
2072 5252 2090 5282 ι

617 5318 921 5376 Luculione
967 5320 1153 5391 itaque
1194 5338 1374 5392 neque
1417 5324 1679 5390 absurda,
1733 5340 1910 5393 neque
1943 5336 2143 5379 contu-

545 5412 773 5467 meliosa
805 5415 957 5483 pueri
993 5415 1180 5485 utique
1216 5416 1404 5471 haberi
1441 5425 1696 5486 poterunt
1718 5453 1734 5481 ,
1762 5428 1815 5471 et
1846 5417 1951 5471 dici
1975 5459 1988 5483 ,
2020 5428 2137 5470 tum

615 5527 667 5601 "_’_
694 5526 854 5583 Prov.
882 5544 921 5589 ι,
955 5529 1010 5584 6.
1043 5528 1142 5584 Hic
1169 5547 1369 5601 sequor
1402 5532 1709 5587 versionem
1748 5532 1913 5589 LXX.

546 5596 593 5629 "
621 5595 785 5653 Hebr.
821 5615 886 5655 ιι.
922 5601 1012 5655 M.
1089 5602 1132 5633 ⁷⁸
1166 5595 1341 5659 lCor.
1378 5618 1462 5668 ιιι,
1494 5603 1550 5657 2.
1626 5604 1671 5635 ⁷⁷
1699 5602 1860 5660 Joan.
1897 5620 2008 5671 xvi,
2047 5605 2136 5658 12.

1991 5534 2036 5564 ’⁷²
2069 5531 2261 5588 Matth.
2294 5549 2409 5599 XIX,
2448 5536 2533 5590 14.
2610 5534 2658 5567 ⁷³
2693 5533 2884 5590 Matth.
2924 5549 3056 5588 xvul
3081 5575 3094 5598 ,
3144 5534 3197 5587 5.

2253 4714 2427 4767 μενοι,
2461 4696 2582 4748 οὐδὲ
2614 4693 3114 4757 καταποντίζοντες
3161 4693 3315 4746 ὕδατι
3350 4694 3477 4756 τοὺς
3511 4686 3807 4746 ἀπειθότας’

2248 4782 2387 4835 ἀλλὰ
2414 4782 2621 4835 παίδων
2649 4783 2760 4853 (77)
2798 4784 2877 4845 είς
2916 4782 3215 4851 ὁμοιότητα
3255 4782 3349 4836 διὰ
3383 4782 3485 4852 τῆς
3522 4779 3807 4853 πραότητος,

2252 4875 2347 4927 καὶ⁵
2373 4874 2681 4945 ἀοργησίας
2706 4872 3081 4937 καθιστῶντες
3101 4875 3352 4939 ἑαυτοὺς,
3380 4875 3646 4933 παιδικοῖς
3663 4866 3807 4930 λόγοις

2249 4967 2377 5029 τοὺς
2415 4966 2831 5037 μαθησομένους
2856 4966 3154 5036 ἐρύθμιζον
3183 4968 3325 5019 κατὰ
3350 4968 3434 5027 τὸ.
3475 4986 3492 5018 ι
3527 4964 3665 5019 Γάλα
3692 4954 3808 5024 ὑμᾶς

2253 5060 2505 5122 ἐπότισα,
2530 5061 2623 5111 καὶ
2644 5062 2703 5111 οὐ
2727 5058 2929 5129 βρῶμα
2948 5076 2961 5089 ⁸
2994 5078 3011 5110 ι
3038 5059 3133 5111 καὶ⁸
3167 5060 3295 5129 μὴν,
3323 5082 3340 5109 ει
3367 5061 3477 5113 Καὶ
3504 5059 3634 5112 ἄλλα
3667 5042 3807 5103 πολλὰ

2253 5151 2362 5222 ἔχω
2387 5152 2589 5220 λέγειν,
2624 5151 2761 5205 ἀλλὰ
2792 5153 2853 5204 οὐ
2878 5150 3111 5205 δύνασθε
3150 5152 3448 5222 βαστάζειν
3480 5151 3625 5223 ἄρτι.
3657 5165 3673 5198 ι

2323 5329 2486 5382 Ὥστε
2520 5329 2709 5393 παῖδες
2729 5329 2830 5383 οὐκ
2857 5330 3141 5401 ἀπᾴδοντι,
3168 5329 3291 5383 οὔτε
3334 5330 3468 5402 πρὸς
3491 5329 3640 5400 ὓϐριν
3668 5323 3803 5385 EX???

2252 5420 2466 5491 ρομένῳ
2522 5422 2668 5491 λόγῳ
2723 5423 2819 5474 καὶ
2867 5422 3177 5491 νομισθεῖεν
3211 5420 3299 5485 ἂν,
3332 5422 3427 5474 καὶ
3484 5411 3800 5491 ῥηθεῖενὸτε

3318 5534 3364 5565 ⁷⁸
3397 5532 3416 5587 l
3442 5533 3569 5589 Cor.
3598 5543 3693 5590 XIV,
3717 5517 3791 5574 2ου

2110 5722 2339 5780 ΝΟΤΛΞ.

547 5829 733 5963 ωέἯῐ)
764 5832 1026 5889 Σκοτεινὰ
1077 5835 1280 5908 retluge
1309 5852 1374 5894 ex
1407 5853 1572 5895 sensu
1604 5848 1659 5895 et
1705 5839 1848 5897 libro
1907 5838 2141 5896 Prover-

645 5917 787 5959 tum.

584 5916 763 5963 torum
772 5940 787 5959 .

2324 5839 2437 5909 ('77)
2470 5840 2719 5907 Quatuor
2767 5840 3131 5910 praecedentia
3174 5840 3338 5896 verba
3392 5857 3455 5897 ex
3509 5856 3632 5896 mss,
3680 5825 3795 5883 Vall-

2243 5927 2391 5969 cano
2414 5922 2466 5970 ct
2496 5912 2792 5969 Barbcrino
2827 5914 3222 5983 supplevimus.
