4084 6436
221 445 334 509 245

1172 446 1272 506 AD
1294 442 1897 506 AMPHILOCHIUM
1922 442 2273 516 QU/ESTIO
2311 441 2576 504 XXXIV.

3411 435 3520 500 2m

225 557 511 631 βαπτίζων
531 559 590 613 ὲν
617 556 794 626 ὕδατι,
823 557 918 613 καὶ
945 559 974 613 6
996 557 1276 630 βαπτίζων
1305 561 1364 615 ἐν
1386 561 1542 634 πυρὶ,
1589 562 1733 616 κατά
1754 579 1819 630 γε

1930 558 2022 630 qui
2055 559 2112 614 iu
2143 574 2318 629 aqua,
2363 566 2478 613 tum
2518 553 2613 626 qui
2654 554 2708 609 in
2739 555 2861 626 igne
2897 553 3207 624 baptizabat
3225 553 3291 621 ⁷³,
3317 568 3519 609 secun-

219 654 318 706 τὸν
343 653 506 721 λόγον
534 653 632 721 τῆς
654 650 890 721 φύσεως,
911 653 1011 705 καὶ
1048 651 1158 705 τῶν
1202 654 1626 726 σημαινομένων
1647 654 1709 708 τὸ
1735 673 1817 709 τι-

227 742 524 816 μιώτερον,
561 745 656 798 καὶ
685 744 1031 816 σεμνότερον.
1061 745 1254 808 Παῖδες
1280 746 1339 798 δὲ
1365 745 1465 816 τὴν
1501 745 1818 817 ἀφροσύνην

221 837 591 908 νηπιάζοντες
609 837 677 890 τὰ
699 836 809 891 τῶν
850 837 1125 892 Ἰουδαίων
1155 837 1359 907 πλήθη,
1385 839 1433 891 οἱ
1454 840 1592 908 μήτε
1610 856 1820 892 καταυ-

222 930 504 1001 λούμενοι,
545 932 682 1002 μήτε
704 929 1224 1001 θρηνούμενοι,ούδὲ
1258 930 1382 985 καθ’
1411 931 1598 1004 ἕτερον
1611 932 1820 985 τούτων

219 1025 330 1094 τῆς
384 1023 717 1096 ἀπροσεξίας
767 1024 1181 1094 μετανέστησαν
1215 1064 1232 1088 ,
1297 1023 1418 1077 οὐδὲ
1457 1028 1558 1095 τῆς
1611 1025 1822 1089 οἰκείας

224 1114 540 1186 μοχθηρίας
568 1116 669 1187 τὴν
695 1115 1020 1187 ἀπαλλαγὴν
1044 1115 1228 1188 ζητεῖν
1266 1117 1613 1186 ᾐρετίσαντο.

298 1210 371 1264 Σὺ
390 1209 446 1263 δὲ
462 1209 555 1263 τὸν
574 1211 806 1280 Σωτῆρα
855 1209 1078 1264 λέοντα
1134 1209 1398 1273 πολλάκις
1444 1209 1682 1275 ἀκούων,
1724 1209 1821 1263 καὶ

215 1302 315 1355 τὸν
345 1302 470 1354 καθ’
533 1302 696 1373 ήμῶν
761 1302 955 1374 ἐχθρὸν
1001 1303 1315 1374 ώρυόμενον
1370 1303 1476 1356 ὑπὸ
1516 1304 1614 1374 τῆς
1648 1303 1822 1374 αὐτῆς

219 1395 557 1464 δηλούμενον
580 1395 850 1466 κλήσεως,
872 1395 1162 1461 σκώληκὰ
1175 1412 1235 1449 τε
1254 1395 1415 1450 πάλιν
1435 1395 1529 1450 τὸν
1549 1398 1824 1466 Δημιουρ-

221 1488 324 1556 γὸν
352 1489 452 1559 τῆς
510 1487 720 1558 ὁρατῆς
771 1505 831 1544 τε
886 1487 984 1542 καὶ¹
1024 1487 1260 1560 ἀοράτου
1299 1488 1567 1552 κτίσεως·
1616 1507 1635 1540 ι
1677 1487 1822 1557 Ἐγὼ

223 1581 340 1650 γάρ
369 1583 484 1652 εἰμι
538 1579 779 1650 σκώληξ,
838 1581 935 1634 καὶ
990 1581 1092 1635 οὐκ
1133 1580 1453 1652 ἄνθρωπος’
1490 1581 1695 1645 δνειδος
1723 1583 1822 1636 άν-

227 1673 476 1746 θρώπου,
506 1675 604 1728 καὶ
632 1673 976 1745 ὲξουθὲνημα
1004 1673 1136 1728 λαοῦ
1159 1691 1175 1707 ο
1206 1693 1225 1727 ι
1252 1675 1391 1728 ἀλλὰ
1438 1675 1535 1728 καὶ
1568 1695 1588 1728 ‹
1631 1675 1660 1728 6
1678 1673 1824 1729 σκώ-

227 1764 336 1833 ληξ
361 1765 537 1818 αὑτῶν
566 1766 859 1836 (τιμωρίας
881 1764 1040 1819 τοῦτο
1080 1763 1393 1836 βαρυτάτης
1440 1761 1604 1836 εἶδος)
1635 1767 1698 1820 οὐ
1730 1783 1822 1820 τε-

229 1853 520 1926 λευτήσειο
560 1874 579 1906 ι
618 1853 694 1919 ὡς
737 1857 797 1908 ὲν
852 1854 1086 1918 ἐκείνοις
1137 1854 1302 1924 σοφὸς
1354 1854 1547 1923 ἐγένου
1579 1855 1815 1926 διαιτᾷν,

230 1948 330 2001 καὶ
357 1948 448 2000 τὸν
489 1946 588 2016 μὲν
611 1947 722 2001 τῶν
775 1945 1006 2000 λεόντων
1038 1947 1122 2009 είς
1158 1945 1259 2018 τὴν
1308 1947 1498 2001 εἰκόνα
1530 1947 1820 2018 μεθέλκεις

228 2036 330 2092 τοῦ
360 2039 653 2104 Δεσπότου,
674 2038 766 2092 τδν
785 2037 842 2091 δὲ
861 2037 941 2109 τῷ
973 2039 1274 2110 ἀρχεκάκῳ
1304 2039 1482 2112 θηρίῳ
1505 2040 1822 2112 προσαρμό·

231 2133 383 2198 ζειςο
446 2133 540 2186 καὶ
592 2132 658 2204 δὴ
715 2131 810 2186 καὶ
873 2132 967 2187 τὸν
1020 2131 1281 2204 σκώληκα
1313 2132 1412 2186 νῦν
1460 2135 1560 2204 μὲν
1589 2133 1685 2185 ἐπὶ
1721 2135 1818 2204 τῆς

229 2222 500 2294 ἀσπόρου,
534 2225 626 2279 καὶ
646 2223 944 2294 ἀχράντου,
977 2225 1075 2278 καὶ
1098 2224 1456 2298 άγεωργήτου
1493 2225 1695 2298 σαρκὸς
1719 2224 1822 2281 τοῦ

228 2315 489 2386 Σωτῆρος
517 2314 902 2386 ἐκλαμϐάνειν,
931 2316 1026 2371 νῦν
1046 2318 1104 2371 δὲ
1126 2317 1188 2372 τὸ
1212 2317 1429 2390 πικρὸν,
1464 2319 1560 2373 καὶ
1581 2319 1825 2390 ἀπαραί-

224 2425 399 2478 τητον
433 2408 529 2478 τῆς
548 2407 827 2472 κολάσεως
848 2409 1139 2479 σημαίνειν
1156 2411 1256 2463 οὐκ
1281 2411 1540 2483 ἐρυθριᾷς
1555 2412 1820 2481 νομίζειν·

222 2501 375 2556 οῦτω
430 2503 525 2556 καὶ
584 2503 678 2558 ἐπὶ
734 2504 842 2558 τῶν
893 2504 1272 2574 εύαγγελικῶν
1299 2506 1556 2561 παιδίων
1584 2507 1722 2578 (78),
1755 2511 1822 2580 τῇ

229 2595 456 2666 συνήθει
479 2594 765 2666 χρώμενος
792 2597 1074 2668 θεοσοφίᾳ,
1112 2599 1208 2651 καὶ
1238 2597 1457 2670 ἑκάστῳ
1487 2599 1692 2670 νέμων,
1729 2601 1826 2654 καὶ

228 2687 608 2757 ἀπομερίζων,
635 2688 788 2741 οὐδὲν
820 2687 944 2742 οὔτε
970 2689 1201 2760 ἀσαφὲς,
1232 2689 1358 2745 οὔτε
1379 2691 1826 2764 δυσπαρακολού-

227 2778 394 2850 θητον
419 2779 700 2851 εὑρήσεις.

302 2954 482 3028 Πολλὴ
510 2955 568 3009 δὲ
601 2955 700 3009 καὶ
753 2955 890 3028 άλλη
935 2959 1049 3021 τοῖς
1096 2958 1490 3030 ίεροπρεπέσιν
1519 2959 1677 3031 ἡμῶν
1724 2961 1828 3014 Λο-

226 3047 380 3116 γίοις
400 3047 508 3101 τῶν
531 3048 791 3102 τοιούτων
844 3048 1126 3116 ὀνομάτων
1158 3049 1605 3122 ἐγκατέσπαρται
1629 3052 1665 3121 ὴ
1693 3051 1832 3122 χρῆ·

235 3160 326 3206 σις
345 3160 361 3174 ·
392 3143 645 3215 καθάπερ
675 3162 694 3195 ι
731 3143 760 3195 6
785 3141 1026 3213 σκύμνος
1058 3146 1087 3197 6
1124 3144 1222 3214 μὲν
1257 3144 1592 3218 ὠρυόμενος,
1615 3145 1712 3198 καὶ
1731 3147 1829 3216 ζη-

1925 651 2056 706 dum
2091 651 2362 706 rationem
2391 650 2413 702 ?
2447 656 2676 714 naturae,
2712 659 2874 718 atque
2892 664 2990 718 pro
3021 647 3258 717 digniori
3290 646 3524 701 nobilio—

1923 745 2080 814 rique
2107 759 2389 799 sensuum.
2424 743 2494 796 At
2539 757 2669 795 vero
2700 741 2854 811 pueri
2889 741 3192 796 secundum
3227 740 3518 794 stultitiam

1921 835 2145 891 fuerunt
2179 836 2351 890 turba:
2382 832 2700 888 Judaaorum
2728 874 2743 899 ,
2784 834 2878 903 qui
2915 849 3088 903 neque
3115 843 3302 898 cantu,
3342 845 3523 900 neque

1923 928 2316 984 lamentatione
2346 926 2630 990 commoti,
2667 927 2863 979 horum
2902 934 3099 979 neutro
3133 941 3161 979 a
3205 941 3302 979 sua
3339 939 3522 978 reces—

1923 1029 2112 1077 serunt
2138 1021 2414 1086 siicordia,
2441 1027 2497 1073 et
2531 1017 2825 1072 mutationi
2860 1017 3228 1087 improbitatis
3283 1032 3396 1070 sua:
3435 1024 3524 1068 at-

1923 1110 2149 1166 tendere
2181 1111 2497 1163 noluerunt.

1995 1204 2078 1259 Tu
2111 1213 2294 1257 autem
2323 1202 2453 1255 dum
2492 1199 2839 1255 ServatOrem
2868 1195 3078 1266 passim
3109 1192 3374 1261 appellari
3409 1191 3520 1245 ιω-

1923 1311 2041 1350 nem
2075 1296 2119 1327 "’
2144 1335 2160 1361 ,
2193 1304 2248 1349 et
2279 1293 2656 1349 adversarium
2700 1301 2948 1344 nostrqu
2985 1290 3291 1356 rugientem
3324 1285 3522 1338 eodem

1922 1389 2147 1444 nomine
2186 1389 2532 1457 indigitatum
2564 1385 2735 1440 fuisse
2762 1383 2921 1436 audis
2964 1382 3049 1442 ⁸⁰;
3099 1391 3152 1433 ct
3188 1393 3380 1432 rursus
3405 1393 3522 1430 ver-

1923 1499 2062 1538 mem
2099 1481 2452 1537 Conditorem
2516 1477 2754 1533 visibilis
2796 1483 2851 1529 et
2881 1473 3172 1528 invisibilis
3222 1484 3524 1532 creaturae;

1921 1576 2125 1646 quippe
2165 1591 2184 1625 ι
2215 1572 2328 1643 Ego
2359 1587 2478 1627 sum
2505 1611 2520 1636 ,
2556 1569 2763 1638 inquit,
2799 1567 3038 1630 vermis,
3074 1573 3128 1618 et
3173 1579 3281 1617 non
3319 1563 3524 1623 homo,

1923 1667 2276 1739 opprobrium
2308 1666 2618 1728 hominum,
2645 1672 2700 1717 et
2727 1659 2959 1726 abjectio
2985 1656 3154 1728 plebis
3176 1655 3216 1686 ⁸⁸
3235 1674 3281 1721 ι,
3336 1669 3524 1708 verum

1923 1761 2088 1816 etiam
2123 1779 2142 1812 ι
2178 1758 2380 1814 vermis
2410 1772 2608 1812 eorum
2647 1758 2739 1827 (et
2773 1754 2875 1807 hoc
2906 1749 3289 1805 immanissimi
3312 1744 3526 1814 suppli—

1930 1854 2003 1908 cii
2036 1868 2208 1923 genus
2241 1851 2368 1923 est)
2417 1865 2530 1904 non
2574 1848 2843 1903 morietur
2871 1846 2916 1877 ⁸³
2945 1862 2959 1910 ;
2995 1863 3013 1896 ι
3060 1839 3527 1914 quemadmodum

1925 1946 1993 2009 iis
2019 1943 2303 2000 vocabulis
2333 1957 2557 1998 sensum
2585 1939 2868 2009 assignare
2911 1953 3108 2001 noras,
3141 1944 3196 1988 et
3231 1931 3394 1986 modo
3421 1930 3529 1983 leo-

1925 2053 2042 2091 nem
2088 2036 2155 2090 ad
2202 2034 2496 2104 imaginem
2551 2031 2762 2085 Domini
2801 2028 3066 2084 transfers
3093 2067 3107 2092 ,
3142 2024 3306 2080 modo
3341 2031 3526 2077 autem

1924 2129 2113 2185 bestiae
2161 2128 2430 2182 malorum
2495 2140 2679 2180 causa:
2738 2120 3164 2184 accommodas;
3225 2116 3532 2184 eodemque

1923 2233 2084 2296 pacto
2129 2238 2350 2278 vermem
2405 2235 2549 2275 nunc
2598 2218 2822 2288 quidem
2883 2216 2950 2270 de
3013 2228 3183 2270 carne
3229 2208 3532 2264 Salvatoris

1925 2335 2028 2375 nec
2051 2317 2265 2373 semine
2290 2314 2494 2385 genita,
2521 2327 2622 2366 nec
2647 2310 2812 2366 sorde
2845 2307 3050 2378 polluta
3078 2345 3096 2374 ,
3130 2319 3230 2359 nec
3273 2301 3531 2356 humani-

1927 2425 2016 2470 tus
2055 2410 2285 2466 educata
2329 2402 2674 2475 interpretari
2698 2443 2712 2466 ,
2764 2415 2910 2455 nunc
2941 2414 3072 2453 vero
3137 2396 3395 2451 acerbum
3422 2435 3438 2460 ,
3473 2411 3529 2454 ei.

1927 2501 2267 2560 inexorabile
2314 2496 2643 2566 supplicium
2699 2493 2932 2548 innuere
2990 2506 3100 2544 non
3144 2489 3403 2551 dubitas;
3454 2485 3529 2540 ita

1928 2611 2148 2669 quoque
2181 2596 2233 2648 in
2266 2589 2562 2662 propositis
2588 2587 2868 2656 Evangelii
2897 2585 3074 2655 pueris
3105 2624 3120 2648 ,
3163 2583 3207 2636 si
3241 2582 3402 2636 solita
3435 2595 3531 2634 sa-

1929 2699 2152 2741 crarum
2185 2697 2368 2735 rerum
2410 2679 2642 2734 scientia
2679 2677 2852 2732 uteris
2873 2715 2888 2739 ,
2920 2684 2975 2729 et
3012 2674 3312 2742 unicuique
3334 2713 3351 2740 ,
3382 2669 3531 2741 quod

1931 2792 2093 2834 suum
2158 2782 2262 2836 est,
2297 2772 2555 2840 adsignas
2587 2779 2640 2824 et
2673 2768 2890 2833 tribuis,
2926 2767 3060 2822 nihil
3099 2766 3182 2820 vel
3208 2765 3531 2828 obscurum,

1931 2867 2017 2923 vel
2042 2865 2341 2922 absurdum
2369 2861 2645 2916 invenies.

2003 2959 2209 3015 Verum
2243 2959 2296 3011 in
2331 2954 2504 3010 saciis
2537 2951 2758 3007 Litteris
2810 2950 2914 3004 alia
2966 2957 3128 3017 atque
3162 2945 3267 3000 alia
3308 2942 3532 2998 nomina

1931 3055 2038 3110 hoc
2076 3062 2235 3123 pacto
2269 3058 2528 3118 usurpata
2571 3046 2774 3117 passim
2829 3051 3172 3107 occurrunt;
3212 3039 3290 3094 uti
3327 3057 3346 3090 ι
3381 3046 3535 3092 catu-

1933 3148 2064 3210 lus,
2116 3144 2290 3216 (alter
2333 3140 2598 3212 quidem)
2641 3139 2907 3209 rugiens,
2953 3145 3008 3190 et
3045 3149 3298 3204 quaerens
3349 3147 3378 3185 a
3427 3132 3537 3185 Deo

231 3231 352 3286 τῶν
370 3232 573 3304 τροφὴν
601 3232 756 3303 παρὰ
775 3233 910 3286 Θεοῦ
934 3249 948 3263 ⁸
991 3251 1011 3286 ι
1048 3235 1076 3288 6
1105 3233 1163 3288 δὲ
1217 3235 1588 3304 κοιμώμενος,
1621 3235 1719 3289 καὶ⁵
1745 3235 1827 3300 ἐξ·

1933 3254 2116 3295 escam
2142 3236 2303 3291 sibi“
2329 3253 2345 3303 ;
2385 3254 2404 3286 ›
2433 3235 2570 3288 alter
2609 3240 2789 3286 autem
2811 3269 2826 3293 ,
2865 3228 2957 3298 qui
2993 3225 3262 3281 accumbil
3288 3266 3303 3292 ,
3336 3232 3391 3278 et
3417 3238 3539 3277 ειη-υ

237 3326 627 3396 ανιστάμενος,
696 3329 792 3380 καὶ
843 3328 1178 3400 συνεγείρων
1233 3328 1294 3382 τὸ
1336 3330 1493 3399 γένος
1519 3329 1616 3383 τοῦ
1637 3347 1698 3384 τε
1726 3347 1831 3387 πα·

233 3417 393 3472 λαιοῦ
419 3419 740 3489 πτώματος,
773 3420 991 3490 καὶτῆς
1029 3420 1124 3474 τοῦ
1159 3421 1393 3475 θανάτου
1423 3422 1832 3493 κατασχέσεως.

233 3511 699 3584 Καὶ,Ἑωσφόρος
739 3531 756 3564 σ
789 3515 816 3567 6
843 3514 940 3585 μὲν
971 3513 1117 3585 πρωῒ
1137 3515 1473 3579 ἀνατέλλων,
1505 3534 1523 3567 ι
1551 3517 1647 3569 καὶ
1682 3535 1702 3568 ι
1732 3516 1834 3580 τὰς

227 3605 344 3658 τῶν
368 3605 580 3658 πιστῶν
621 3605 848 3676 καρδίας
887 3625 905 3658 ι
945 3605 1027 3660 ἔτι
1067 3607 1269 3678 μᾶλλον
1294 3607 1373 3678 τῷ
1401 3608 1545 3677 φωτὶ
1583 3608 1684 3679 τῆς
1714 3609 1837 3663 θεο-

226 3697 480 3762 γνωσίας
506 3697 846 3764 ὲναυγάζωψ
865 3699 893 3752 6
917 3699 974 3753 δὲ
996 3697 1075 3770 τῷ
1095 3701 1274 3770 σκότῳ
1292 3700 1834 3772 προσαρμοζόμενος,

226 3790 332 3844 καὶ
361 3789 423 3843 δν
476 3791 538 3842 τὸ
573 3789 823 3844 ἑκούσιον
870 3791 968 3861 τῆς
1011 3791 1317 3862 μοχθηρίας
1375 3791 1479 3863 τῆς
1509 3794 1705 3861 νοερᾶς
1743 3793 1840 3845 καὶ

231 3883 519 3954 μακαρίας
542 3884 928 3956 λαμπρότητος
960 3884 1190 3954 ἀπάγει.
1214 3886 1379 3954 Ὄφις
1413 3903 1473 3938 τε
1505 3884 1652 3956 ὀτὴν
1691 3885 1838 3938 Εὕαν

228 3976 613 4048 ἐξαπατήσας,
651 3978 748 4031 καὶ
770 3979 837 4050 δὴ
859 3983 953 4032 καὶ
976 3972 1037 4033 οὗ
1069 3978 1318 4049 μιμητὰς
1348 3979 1498 4050 ἡμᾶς
1516 3981 1543 4032 6
1563 3979 1840 4048 Σωτήριος

227 4068 400 4137 λόγος
435 4069 842 4140 προτρέπεταιο
880 4088 898 4123 ι
936 4070 1158 4124 Γίνεσθε
1190 4070 1320 4144 γάρ,
1373 4072 1531 4142 φησὶ,
1559 4071 1838 4142 φρόνιμοι,

230 4161 317 4222 ὡς
343 4159 395 4212 οἱ
431 4158 606 4228 ὄφεις.
649 4179 669 4212 ι

327 4253 494 4307 Ἀλλὰ
519 4253 631 4326 γὰρ
684 4255 778 4307 καὶ
811 4253 1065 4326 βασιλεὺς
1093 4255 1123 4308 6
1153 4254 1252 4326 μὲν
1299 4254 1411 4308 τῶν
1435 4254 1715 4320 ἁπάντων,
1744 4254 1842 4306 καὶ

234 4341 305 4401 οὗ
336 4344 609 4417 σύμπασα
663 4347 857 4412 κτίσιςι
906 4347 1193 4404 δακτύλων
1245 4347 1448 4420 ἔργονο
1479 4348 1575 4402 καὶ
1609 4347 1716 4418 μὴν
1745 4346 1844 4400 καὶ

232 4438 356 4492 τῶν
385 4439 444 4492 ὲν
469 4438 548 4510 τῷ
576 4439 677 4511 βίῳ
697 4439 998 4512 δυσχερῶν,
1057 4441 1154 4494 καὶ
1207 4439 1706 4510 σκυθρωποτάτων,
1745 4438 1843 4492 καὶ

1933 3333 2052 3404 git,
2090 3343 2146 3385 et
2180 3333 2475 3398 congregat
2509 3335 2726 3396 gentem
2761 3319 2964 3374 veteris
2993 3319 3168 3372 ruinae
3190 3359 3205 3383 ,
3234 3325 3287 3370 et
3318 3329 3512 3387 posses

1934 3425 2106 3481 sionis
2144 3422 2337 3476 mortis
2371 3418 2518 3490 (79).
2567 3415 2698 3469 ltvm
2738 3412 2967 3468 Lucifer
2997 3420 3080 3466 est
3107 3454 3121 3474 ,
3164 3410 3260 3480 qui
3321 3429 3338 3460 ι
3378 3423 3540 3461 mane

1935 3518 2114 3572 oritur
2150 3516 2220 3584 ⁸³,
2253 3533 2271 3566 ι
2305 3521 2359 3566 et
2383 3511 2478 3580 qui
2525 3529 2541 3561 ι
2577 3507 2821 3562 fidelium
2855 3506 3018 3559 Corda
3046 3524 3063 3555 ι
3106 3503 3314 3557 lumine
3340 3502 3541 3555 divina:

1935 3608 2164 3665 visionis
2199 3604 2496 3676 perfectius
2530 3603 2817 3656 collustrat
2839 3597 2926 3664 ⁸⁵;
2968 3612 3032 3651 ac
3064 3592 3306 3658 Lucifer,
3344 3592 3436 3662 qui
3471 3592 3537 3644 ad

1939 3702 2193 3759 tenebras
2227 3697 2524 3752 damnatus
2554 3703 2670 3758 est,
2705 3705 2759 3748 et
2789 3691 2857 3745 ob
2886 3686 3254 3743 voluntariam
3287 3683 3543 3754 perduel-

1936 3796 2140 3851 lionem
2169 3788 2496 3859 iutelligibili
2554 3787 2827 3854 beataquc
2849 3781 3102 3838 claritate
3128 3777 3448 3833 destituitur
3469 3777 3541 3832 ".

1938 3888 2174 3957 Serpens
2206 3882 2412 3953 pariter
2443 3881 2604 3944 alter,
2637 3877 2732 3947 qui
2768 3876 2932 3930 Evam
2958 3871 3170 3942 decepit
3200 3870 3268 3934 ⁸⁷,
3298 3879 3351 3924 ct
3379 3872 3541 3933 alter,

1940 3978 2100 4048 cujus
2138 3992 2239 4031 nos
2274 3974 2392 4029 tieri
2429 3973 2737 4026 imitatores
2785 3964 3071 4021 Dominica
3122 3965 3376 4018 hortatur
3415 3974 3544 4014 sen-

1941 4072 2144 4128 tentia:
2193 4089 2212 4120 ‹
2246 4067 2464 4132 Estote,
2498 4063 2715 4134 inquit,
2753 4060 3052 4132 prudentes
3076 4096 3091 4122 ,
3137 4055 3284 4110 sicut
3317 4065 3546 4117 serpen-

1945 4178 2025 4223 tes
2049 4166 2118 4220 ⁸⁸.
2156 4183 2175 4217 ι

2013 4259 2238 4314 Accedit
2271 4255 2415 4328 quod
2445 4258 2782 4308 memoratur
2805 4244 2968 4316 hujus
2996 4238 3239 4298 universi
3276 4233 3544 4296 rector”.

1943 4363 1999 4410 et
2025 4351 2184 4422 cujus
2211 4349 2508 4420 digitorum
2541 4342 2724 4399 omnis
2754 4351 3008 4395 creatura
3038 4348 3178 4403 opus
3209 4337 3326 4396 est;
3367 4336 3424 4383 et
3455 4341 3545 4380 re-

1945 4454 2065 4500 ctor
2098 4421 2392 4496 malorum
2448 4433 2978 4501 detestabiliumque
3032 4427 3156 4482 vitae
3211 4437 3395 4479 rerum
3446 4421 3542 4484 ἀ,

235 4532 303 4584 ὃν
350 4510 718 4600 φευκτότατον
775 4510 906 4586 ὄντα
962 4535 1191 4602 φυγεῖνο
1238 4532 1300 4586 τὸ
1348 4531 1738 4603 χαλεπώτατόν
1783 4549 1827 4585 τε

1947 4551 2111 4607 quem
2148 4531 2375 4588 omnino
2409 4529 2586 4583 vitare
2625 4525 2918 4587 debemus,
2965 4528 3021 4575 et
3065 4533 3176 4588 quo
3225 4529 3378 4570 mors
3426 4510 3546 4580 ipsa

235 4628 348 4680 οὐκ
378 4625 524 4680 ἔστιν
567 4626 596 4678 6
635 4625 886 4691 θάνατος.
925 4625 1212 4698 ’Λστραπὴ
1250 4624 1309 4677 δὲ
1331 4625 1516 4689 πάλιν,
1561 4623 1710 4696 ήδιά
1744 4623 1827 4697 τὴι

1952 4604 2250 4684 terribilior
2283 4639 2392 4678 non
2427 4629 2529 4676 est.
2569 4616 2784 4673 Rursus
2817 4623 3002 4669 autem
3040 4609 3225 4680 fulgur
3254 4604 3408 4660 audit
3432 4640 3448 4665 ,
3491 4609 3547 4654 et

238 4719 488 4790 ἔπαρσιν
517 4719 578 4785 ἐξ
621 4717 855 4790 οὐρανοῦ
885 4696 1295 4782 καταπεσοῦσα,
1336 4719 1434 4773 καὶ
1463 4718 1532 4772 δι’
1563 4713 1632 4790 ἧς
1663 4718 1696 4789 ἡ
1721 4696 1827 4772 δευ-

1947 4721 2094 4794 quod
2130 4727 2350 4790 propter
2398 4715 2540 4770 acris
2575 4710 2956 4768 elasticitatem
2987 4703 3191 4760 decidit
3225 4716 3253 4755 e
3284 4699 3424 4754 cmlo
3456 4696 3505 4799 ’f
3529 4733 3545 4757 ,

236 4811 408 4882 τέρου
433 4810 526 4865 τοῦ
555 4813 792 4882 Χριστοῦ
819 4811 1021 4884 φρικτὴ
1041 4852 1055 4875 ,
1089 4812 1188 4866 καὶ
1219 4812 1518 4884 σεϐάσμιος
1565 4813 1827 4886 παρουσία

1947 4821 2004 4871 et
2034 4812 2085 4867 id
2114 4851 2130 4877 ,
2169 4809 2260 4865 cui
2293 4809 2430 4862 alter
2460 4803 2668 4861 Christi
2724 4803 2994 4857 adventus
3024 4808 3234 4851 terrore
3283 4806 3346 4844 ac
3380 4803 3550 4856 maje-

237 4903 632 4970 ἀπεικάζεται.
679 4905 792 4959 Καὶ
833 4882 938 4976 ὅρα
975 4882 1034 4957 δὲ
1092 4905 1190 4958 καὶ
1237 4882 1429 4968 σκότος
1485 4882 1662 4976 ἱερὸν,
1706 4903 1736 4958 ὃ
1783 4905 1827 4958 τί

1948 4914 2090 4963 state
2119 4903 2309 4973 plcuus
2339 4906 2691 4969 comparatur
2723 4895 2794 4948 ".
2828 4891 3000 4947 Porro
3027 4887 3256 4943 observa
3290 4882 3550 4936 tenebras

240 4998 396 5051 θεῖον
443 5000 825 5070 παρασκήνιον
858 4973 958 5070 τῆς
1013 5000 1344 5071 ἀποκρυφῆς
1387 4973 1556 5052 αὐτοῦ
1601 4999 1827 5070 παρατί-

1948 5014 2172 5073 quoque
2221 5010 2410 5052 sacras
2440 4989 2772 5054 memorari,
2820 5000 2942 5057 quae
2985 4982 3054 5038 ad
3107 4979 3273 5034 Deum
3323 4975 3378 5029 in
3413 4973 3546 5028 Sina

315 5134 363 5204 77"
402 5133 597 5188 Matth.
631 5149 723 5196 Ill,
757 5133 844 5188 Η.
919 5134 966 5166 ⁷³
996 5132 1225 5204 Apoc.v,
1264 5133 1317 5190 5.
1393 5135 1442 5166 ⁸ο
1471 5133 1492 5189 l
1525 5134 1674 5191 Petr.
1711 5154 1764 5200 v.
1803 5137 1827 5192 8

1959 5137 2001 5168 ⁶¹
2036 5133 2184 5189 Psal.
2219 5149 2334 5204 xxi,
2364 5132 2417 5186 7.
2493 5127 2678 5204 °’_l_sa.
2705 5141 2850 5204 pavi,
3051 5111 3548 5204 "_i?salznc_ni,li2.l_.

237 5208 290 5239 “
319 5187 446 5258 Joh.
469 5187 554 5268 ixi,
579 5204 679 5270 1'1;
711 5187 943 5266 ixmil,
969 5187 1064 5260 ’ὁοῘ
1141 5204 1187 5236 ⁸⁵
1208 5187 1250 5258 ll
1281 5187 1430 5262 lietr.
1453 5187 1492 5271 ι,
1526 5187 1673 5262 iii."
1696 5187 1827 5263 “vis

1930 5187 2128 5273 :iv,i§.
2202 5204 2246 5236 ⁸⁷
2281 5187 2419 5258 δ’ριι.
2443 5217 2526 5265 ιιι,
2549 5200 2636 5253 15.
2678 5197 2760 5273 -δο
2787 5195 2976 5273 Matth.
3009 5192 3182 5273 xLili.
3215 5267 3224 5273 Δ
3259 5187 3302 5218 ⁸⁸
3339 5187 3549 5273 Esther.

240 5255 446 5337 “,3.
484 5255 554 5308 "50'
579 5255 1058 5344 Εῇῖιὲέζῖῐξὶἑῖ
1088 5278 1133 5310 ει
1165 5255 1617 5346 mouisti-5;
1671 5255 1827 5345 xile

248 5349 299 5379 ¹³³
331 5346 528 5401 Matth.
549 5362 700 5409 xxiv.
735 5345 826 5399 ‘27.
1493 5355 1497 5357 ’

1930 5255 2230 5349 etpassim
2285 5255 2394 5329 hoc
2444 5255 2624 5328 ﬁsc'nsu
2677 5269 2732 5322 in
2800 5264 2989 5321 multis
3050 5260 3346 5330 Scripturre
3379 5255 3550 5308 libris.

1821 5417 2056 5478 NOT/E.

1966 5582 2056 5634 σῃ,
2094 5561 2194 5616 καὶ¹
2233 5560 2309 5634 μὴ
2441 5559 2489 5634 6_
2516 5553 2934 5634 ἐξαιρούμενοςο
2971 5539 3556 5634 ύψωθήσεξαείηῑχείρ

325 5612 342 5629 \
397 5612 436 5629 'I
473 5612 564 5615 —"'
601 5612 629 5630 Ἰ
657 5612 697 5616 ν’
729 5612 815 5631 I"'
843 5612 1000 5618 "'""
1035 5612 1202 5618 """‘
1226 5612 1438 5620 "'""""
1471 5612 1692 5622 """"
1721 5612 1818 5637 τ’*

248 5630 496 5686 fuerunt.

1966 5612 2062 5688 «3'6
2092 5634 2185 5686 ἐπὶ
2210 5612 2338 5691 τούς
2367 5612 2654 5689 θλίϐοντάξ
2690 5612 2774 5689 σε’,
2806 5612 2900 5676 καί.
2935 5612 3213 5692 πάντ-εςοί
3243 5612 3427 5692 ἐχθροί
3459 5627 3552 5692 σου

326 5683 791 5774 (Ἰὼίίιιιιιιιίιιιι-ί,
828 5702 1063 5758 fortasse
1143 5703 1273 5760 illud
1335 5703 1581 5762 Michm
1673 5722 1726 5773 v,
1799 5708 1827 5762 8

1962 5683 2462 5774 ἑὲἇλόῡρεύάὸρτάι.
2497 5698 2566 5752 Et
2590 5683 3023 5773 (runt'reliquiw.
3055 5683 3330 5774 Jacobhul

257 5759 382 5848 Κάι
401 5759 645 5848 ἔσται-τὸ
674 5772 993 5848 ὑπόλειμμα
1031 5759 1353 5848 Tantm-md);
1385 5759 1622 5848 λέρέῖῖιν
1653 5759 1827 5848 κτήνει

1954 5759 2211 5848 Ῐιῖιιιειιίίδ
2253 5773 2536 5848 silvarum,
2579 5777 2627 5822 et
2665 5777 2721 5819 ut
2744 5759 2961 5848 catulus
3006 5762 3060 5814 in
3094 5759 3333 5848 gregibus
3353 5759 3550 5848 ouium,

254 5858 341 5927 ειν
366 5842 426 5895 ἐν
445 5841 523 5927 τιΞ)
555 5843 770 5927 δρυμῷ,
801 5831 896 5927 καὶ
916 5831 1011 5927 ’ὡς
1037 5831 1278 5927 σκύμνος
1308 5831 1366 5927 ἐξ
1397 5847 1682 5918 ποιμνίοις
1710 5831 1827 5918 π’ρο-

1954 5831 2969 5927 quemadmodum‘cum'truusierit,‘ft

253 5910 458 5979 ϐάτων,
486 5899 545 5969 ὃν
585 5899 783 5986 τρόπον
816 5915 944 5972 ὅταν
974 5899 1178 5988 διέλοῇ,
1213 5899 1304 5970 καὶ
1333 5899 1827 5991 διάᾶέὲἐλᾱϊάῥῖτά

1963 5899 2148 5986 suerit,
2172 5924 2222 5971 ct
2245 5931 2347 5971 non
2371 5915 2460 5983 sit,
2492 5913 2583 5982 qui
2611 5909 2800 5980 eripiat
2832 5922 2848 5962 :
2884 5899 3209 5960 multabitur
3249 5909 3437 5952 manus
3459 5903 3559 5971 tua_

322 5559 439 5629 (78)
471 5559 570 5615 Hic
595 5575 818 5631 quoque
843 5559 1002 5618 nobis
1035 5561 1202 5618 modo.
1226 5561 1438 5620 laudati
1465 5563 1693 5622 codices
1721 5580 1852 5637 pro-
