4084 6500
217 437 328 503 2ί9

1168 430 1271 491 AD
1298 416 1899 493 AMPHILOCHIUM
1936 423 2284 498 QUIESTIO
2309 422 2544 485 XXXV.

3394 410 3501 474 2.50

218 550 318 603 καὶ
344 545 811 617 συναπαρτίζεται
835 542 1095 597 διάνοιαν.
1137 540 1197 596 '0
1222 543 1355 612 γοῦν
1381 542 1623 614 ἕτοιμος,
1651 540 1811 612 μελέ-

1942 537 2184 611 »ρηεὶεηιθ
2212 535 2515 592 certamine
2557 532 2614 588 in
2650 528 2785 601 ipsis
2815 524 3098 600 praeludiis
3149 523 3383 591 turbari,
3433 527 3502 578 ad

218 656 342 709 της,
378 638 476 692 καὶ
504 637 799 710 μερίμνης,
828 636 924 690 xui.
952 634 1285 707 ἀμφιϐολίας
1310 633 1660 705 ἀπήλλακται
1683 648 1697 664 ⁸
1718 632 1813 686 καὶ

220 734 281 797 ὃς
316 730 748 801 ἀπηλλαγμένην
786 727 945 799 φέρει
979 727 1079 798 τὴν
1113 726 1417 796 συνείδησιν
1462 725 1670 795 ταύτης
1714 724 1816 793 τῆς

225 823 515 897 ὲμπαθοῦς
549 820 860 885 διαθέσεως,
894 820 1049 873 οὐδὲν
1087 819 1262 873 δεῖται
1301 817 1666 890 προμελετᾷν,
1694 816 1818 869 οὐδὲ

226 914 756 987 προαγωνισμάτων,
775 912 896 965 οὐδὲ
921 911 1056 983 πρὸς
1080 912 1204 974 τοὺς
1219 909 1578 979 ὲνεστηκότας
1596 907 1812 972 ἄθλους,

228 1007 328 1060 καὶ
351 1006 420 1059 τὰ
442 1003 720 1074 γυμνάσια
750 1000 1240 1074 καταμερίζεσθαι.

312 1274 475 1328 Ἀλλὰ
500 1274 561 1326 τὸ
590 1272 775 1336 καλῶς
799 1272 1228 1344 προμελετηθὲν,
1255 1274 1350 1327 καὶ
1373 1273 1674 1345 ἐκϐεϐηκὸς
1701 1274 1821 1337 ταῖς

223 1367 495 1429 διανοίαις
542 1366 965 1436 ἀμετακίνητον,
1003 1382 1081 1436 τῳ
1117 1383 1175 1418 τε
1212 1366 1412 1437 χρόνῳ,
1449 1365 1545 1419 καὶ
1585 1364 1664 1435 τῷ
1709 1363 1820 1417 ἔθει

222 1461 329 1531 τὴν
365 1458 549 1530 κρίσιν
582 1458 907 1510 ἀδίστακτόν
938 1459 1086 1511 ἐστιν
1113 1459 1533 1530 ἐπιφερόμενον.
1562 1457 1733 1510 Τοῦτο
1763 1456 1821 1509 δὲ

229 1550 675 1623 προϐαλλόμενον
714 1550 926 1603 οἴκοθεν
966 1552 993 1604 ὁ
1024 1551 1122 1620 τῆς
1164 1551 1448 1615 εὐσεϐείας
1475 1551 1822 1621 ὑπέρμαχος,

229 1647 332 1717 τῆς
358 1644 453 1697 τοῦ
484 1644 755 1711 παναγίου
785 1642 1103 1713 Πνεύματος
1138 1644 1510 1715 συνεργούσης
1540 1643 1690 1712 αὑτῷ
1725 1644 1823 1714 χά-

238 1755 405 1808 ριτος,
435 1736 653 1806 ἕτοιμός
677 1738 792 1788 ἐστι
820 1736 1046 1799 καὶτοῖς
1076 1735 1268 1804 μαθεῖν
1298 1735 1542 1788 ἐθέλουσι
1566 1736 1824 1806 χορηγεῖν

236 1828 338 1900 τὴν
374 1827 482 1881 ἀπὸ
509 1828 607 1897 τῆς
633 1826 986 1890 διδασκαλίας
1012 1826 1281 1896 ὠφέλειαν
1301 1843 1314 1857 ·
1351 1829 1446 1881 καὶ
1475 1829 1590 1890 τοῖς
1617 1844 1825 1899 πειρω-

1923 631 2096 701 ipsam
2128 630 2415 701 redigitur,
2440 634 2495 681 et
2526 624 2761 694 quadrat
2791 620 3143 677 sententiam.
3182 616 3286 683 Qui
3321 618 3507 685 itaque

1922 733 2007 778 cst
2035 731 2283 793 paratus.
2315 721 2362 775 is
2405 716 2786 779 meditatione,
2842 712 3233 777 sollicitudine,
3271 724 3335 764 ac
3386 723 3507 779 per-

1926 816 2184 886 plexitate
2231 815 2345 884 jam
2406 811 2622 867 solutus
2650 818 2772 864 est:
2832 816 2886 861 et
2940 807 3031 876 qui
3098 802 3500 859 conscientiam

1926 910 2065 979 gerit
2104 908 2173 962 ab
2196 908 2299 961 hac
2328 906 2559 960 molesta
2588 900 2904 955 conditione
2963 899 3218 963 solutam,
3247 897 3363 966 ipse
3410 908 3509 948 nc-

1924 1016 2033 1072 que
2066 1000 2262 1070 praevia
2291 994 2791 1059 animadversione,
2841 1005 3019 1061 neque
3059 987 3507 1059 praelusionibus,

1927 1112 2104 1167 neque
2137 1112 2199 1150 ea
2237 1092 2647 1165 perturbatione
2686 1089 2910 1159 indiget,
2960 1101 3082 1155 qua:
3127 1085 3275 1139 circa
3322 1079 3509 1135 immi-

1928 1179 2121 1243 nentes
2154 1202 2365 1257 pugnas
2392 1193 2445 1240 et
2476 1182 2776 1238 certamina
2808 1189 3081 1236 versatur.

2001 1280 2176 1334 Porro
2208 1277 2352 1347 quod
2378 1276 2650 1346 quispiam
2692 1282 2841 1328 recte
2885 1270 3293 1342 praemeditatus
3324 1278 3429 1333 est,
3461 1276 3516 1322 et

1929 1370 2076 1441 quod
2109 1378 2426 1424 constanter
2456 1364 2695 1434 propriis
2745 1361 3320 1417 animadversionihus
3346 1373 3516 1413 excu-

1941 1463 2044 1527 dit,
2070 1462 2122 1516 id
2160 1459 2391 1529 tempori
2442 1473 2505 1512 ac
2544 1457 2667 1510 vitae
2699 1454 3030 1509 institutioni
3077 1454 3327 1509 stabilem
3364 1454 3517 1524 judi-

1931 1551 2089 1607 caudi
2124 1550 2393 1605 rationem
2428 1547 2658 1602 inducit.
2696 1545 2832 1600 Cum
2857 1554 3039 1599 autem
3074 1545 3518 1616 hauejudirandi

1932 1642 2202 1696 rationem
2241 1647 2616 1710 propugnator
2651 1637 2801 1692 Fidei
2836 1637 2953 1706 ipse
2994 1652 3091 1707 per
3131 1653 3187 1693 se
3223 1640 3516 1708 producat,

1932 1734 2225 1805 adjuvante
2257 1734 2431 1788 sancti
2476 1732 2717 1802 Spiritus
2756 1731 2930 1801 gratia
2970 1740 3199 1801 paratus
3238 1742 3341 1799 est,
3377 1744 3436 1787 ut
3463 1743 3520 1788 et

1935 1823 2022 1891 iis,
2059 1824 2153 1893 qui
2188 1823 2398 1879 discere
2420 1821 2666 1892 cupiunt,
2699 1820 2963 1875 doctrina:
2988 1820 3341 1876 commodum
3379 1821 3524 1876 clar-

241 1922 429 1991 μένοις
456 1918 766 1989 μωμείσθαι
794 1920 891 1973 καί⁵
918 1918 1290 1989 διαχλευάζειν
1314 1917 1410 1972 τοῦ
1437 1918 1704 1990 δόγματος
1728 1920 1827 1993 τὴν

1942 1916 2157 1988 giatur;
2190 1925 2246 1970 et
2285 1914 2453 1971 simul
2490 1914 2580 1979 iis,
2606 1913 2701 1985 qui
2736 1914 3010 1984 degmatis
3041 1914 3355 1969 certitudiui
3389 1914 3518 1969 irri-

238 2011 531 2084 ἁκρίϐειαν
559 2009 963 2081 ἀνθυποφέρειν
1002 2009 1139 2081 μετὰ
1171 2009 1426 2082 στεῤῥοῦ,
1464 2012 1559 2064 καλ⁸
1592 2010 1827 2083 ἀκλονή-

238 2122 335 2159 του
381 2104 728 2175 φρονήματος
786 2103 887 2172 τῆς
932 2119 993 2155 τε
1042 2101 1469 2174 πεπλανημένης
1524 2103 1682 2175 δόξης
1738 2104 1829 2159 τὸν

240 2194 481 2267 ἔλεγχον,
512 2195 607 2247 καὶ
632 2195 733 2265 τῆς
762 2193 1047 2256 εὐσεϐείας
1072 2193 1132 2246 τὸ
1170 2192 1500 2265 ἀμώμητον.
1530 2194 1831 2260 Βεϐαίωσις

239 2290 375 2359 γὰρ,
412 2288 505 2341 καὶ
537 2287 878 2358 σταθηρότης
912 2283 1139 2356 γνώμης
1172 2286 1300 2349 τούς
1325 2304 1386 2340 τε
1417 2288 1555 2359 πρὸς
1592 2289 1831 2360 μάθησιν

240 2380 488 2452 ὁρῶντας
540 2378 1007 2449 προσεχεστέρους
1058 2380 1224 2443 ποιεῖ,
1283 2380 1378 2432 καὶ
1429 2379 1540 2434 τῶν
1586 2382 1830 2450 ὲπηρεα·

240 2473 446 2539 ζόντων
504 2471 894 2543 ἐπιρραπίζειν
936 2466 1045 2524 οἶδε
1084 2469 1148 2523 τὸ
1188 2472 1517 2544 κακοῦργον,
1565 2475 1660 2529 καὶ
1706 2474 1831 2529 ὲπί-

240 2566 465 2637 μοχθον.
698 2556 699 2559 Ἴ

314 2658 407 2709 Διὸ
433 2655 688 2711 τοσοῦτον
717 2657 907 2711 ἀποδεῖ
935 2657 1003 2711 τὰ
1035 2659 1305 2729 εἰρημένα
1325 2659 1461 2730 πρὸς
1490 2658 1699 2730 ἄλληλα
1731 2659 1836 2731 μά·

240 2749 436 2821 χεσθαι
461 2750 558 2819 (ὡς
594 2751 686 2803 καὶ
724 2749 807 2802 σοὶ
841 2750 936 2804 νῦν
967 2751 1143 2819 ἔξεστι
1174 2754 1451 2824 συνορᾷν),
1481 2752 1641 2818 ὥστε,
1674 2753 1833 2823 εἴπερ

240 2860 298 2897 τι
318 2844 429 2896 τῶν
460 2844 821 2913 συνᾳδόντων,
840 2846 934 2897 καὶ
963 2846 1424 2916 συμφωνούντων,
1459 2846 1715 2916 οὐδεμίαν
1738 2844 1835 2900 άλ-

239 2936 358 2999 λοις
411 2935 721 3006 ὑπερϐολὴν
769 2936 1197 2991 ἀπολείπεσθαι·
1246 2938 1366 2993 οὐδὲ
1418 2940 1451 3010 ἡ
1495 2937 1834 3009 προκειμένη

240 3028 356 3081 τῶν
388 3023 567 3099 ῥητῶν
598 3026 826 3097 θεωρία,
860 3030 955 3083 καὶ
993 3030 1241 3095 ἐξέτασις
1272 3031 1333 3083 ού
1368 3031 1466 3101 μὲν
1501 3026 1594 3084 οὖν
1632 3030 1735 3083 οὐκ
1773 3029 1838 3081 ἂν

247 3122 337 3192 εἴη
389 3120 524 3190 πρὸς
550 3119 867 3189 ὁμολογίαν,
900 3122 993 3175 καὶ
1034 3123 1353 3193 συμφωνίαν
1385 3123 1644 3194 δευτέραν
1683 3122 1839 3187 τάξιν

250 3215 554 3283 ἀπέχουσα.
584 3215 645 3266 Ei
671 3213 755 3284 δὴ,
783 3213 858 3277 ὡς
889 3213 1042 3280 ἔνιοι,
1076 3215 1137 3269 τὸ
1168 3216 1267 3286 μὲν
1291 3218 1405 3279 τοῖς
1434 3217 1538 3287 πρὸ
1560 3217 1667 3269 τῶν
1695 3216 1839 3284 ἀγώ-

250 3326 361 3360 -Αυν
406 3304 754 3376 σχολάζουσιν
810 3307 1048 3377 εἴρηται,
1087 3308 1175 3361 ἵνα
1222 3307 1297 3379 μὴ
1342 3302 1479 3362 ὦσιν
1522 3308 1837 3379 άμελὴτως,

252 3398 394 3467 μηδὲ
425 3397 524 3467 τῆς
552 3395 812 3468 ἀληθείας
850 3398 1031 3465 ὀλίγον
1056 3399 1214 3467 λόγον
1244 3398 1486 3469 ἔχοντεςθ
1516 3398 1577 3453 τὸ
1609 3398 1668 3451 δὲ
1704 3398 1840 3468 πρὸς

246 3490 379 3551 τοὺς
414 3493 470 3542 ἐν
498 3491 685 3553 αὐτοῖς
720 3490 1103 3560 ἐμϐεϐηκότας
1143 3495 1255 3556 τοῖς
1284 3492 1514 3560 ἀγῶσιν,
1545 3492 1632 3544 ἵνα
1669 3490 1743 3561 μὴ
1772 3493 1838 3561 τῇ

243 3581 421 3652 δειλίᾳ
449 3581 584 3652 πὼς
612 3580 816 3651 ἀθρόαν
844 3581 1044 3654 κρίσιν,
1081 3583 1174 3635 καὶ
1204 3582 1451 3647 ἐξέτασιν
1475 3580 1757 3650 ἀγόμενοι,
1781 3582 1842 3634 τὸ

246 3673 485 3743 στερρὸν
533 3674 632 3741 τῆς
681 3671 907 3743 ἐνούσης
934 3673 1117 3734 αὐτοῖς
1157 3671 1534 3725 ὑποσαλεύωσι
1567 3670 1839 3733 πίστεωςο

241 3770 344 3821 καὶ
393 3770 426 3838 ἡ
455 3767 684 3839 τοιαύτη
711 3768 821 3821 τῶν
849 3769 1109 3839 ῥημάτων
1145 3767 1282 3837 πρὸς
1312 3768 1410 3838 τὴν
1438 3766 1703 3838 διαφοράν
1732 3767 1841 3820 τῶν

244 3862 641 3931 ὑποκειμένων
668 3860 919 3931 διανομὴ,
953 3862 1048 3915 καὶ
1080 3860 1352 3930 διαίτησις
1380 3860 1518 3930 μετὰ
1546 3858 1640 3912 τοῦ
1675 3860 1842 3930 μηδὲν

244 3954 661 4018 ἐναντιοῦσθαι,
719 3958 815 4008 καὶ
870 3955 969 4025 τῆς
1029 3954 1367 4024 Δεσποτικῆς
1419 3953 1696 4023 προνοίας,
1750 3954 1845 4005 καὶ

249 4048 584 4118 συνεργείας
621 4048 767 4118 μέγα
804 4047 1126 4119 μαρτύριον,
1164 4047 1261 4102 καὶ
1289 4046 1725 4118 άπαράγραπτον
1755 4045 1843 4114 γί-

247 4155 428 4194 νεῖαι.

342 4401 677 4472 Ἠρεμοῦσιν
722 4404 772 4455 οἱ
815 4403 1068 4475 διωγμοὶ,
1103 4404 1167 4458 σὺ
1202 4403 1259 4457 δὲ
1298 4404 1407 4459 τῶν
1448 4403 1610 4476 ἱερῶν
1635 4404 1845 4475 Λογίων

247 4499 321 4567 τῇ
354 4497 556 4569 μελέτῃ
590 4495 839 4565 σχόλαζε.
877 4496 1352 4570 Ἀναρριπίζονται
1381 4498 1521 4552 κατὰ
1562 4499 1657 4568 τῆς
1688 4499 1846 4551 εὐσε-

1934 2010 2065 2065 dere
2095 2018 2325 2076 tentant,
2360 2018 2525 2079 atque
2556 2008 2824 2071 cavillari,
2858 2024 2965 2062 una
3000 2024 3126 2062 cum
3156 2008 3337 2069 ﬁrma,
3368 2017 3421 2061 et
3448 2008 3527 2063 iu-

1934 2117 2204 2159 concussa
2242 2100 2442 2157 mentis
2494 2100 2832 2166 constantia,
2875 2108 2989 2154 tum
3032 2100 3184 2156 falsae
3245 2100 3526 2171 Opinionis

1934 2196 2345 2268 refutationem,
2379 2205 2494 2251 tum
2534 2194 3069 2265 irreprehensibilem
3117 2194 3399 2264 religionis
3427 2207 3528 2247 uo-

1935 2299 2066 2345 stra‘,
2119 2289 2403 2344 veritatem
2458 2286 2705 2356 objiciat.
2764 2287 2947 2340 Animi
2991 2287 3137 2340 enim
3190 2286 3524 2352 obtirmatio,

1934 2393 2100 2450 atque
2129 2382 2437 2436 constantia
2455 2395 2564 2435 non
2594 2380 2758 2435 modo
2777 2381 3123 2435 addiscentes
3148 2378 3328 2434 reddit
3346 2388 3526 2433 atten—

1937 2475 2128 2538 tiores,
2161 2474 2253 2529 sed
2278 2474 2440 2529 etiam
2472 2475 2538 2529 ad
2566 2474 2916 2529 refellendam
2949 2473 3397 2529 contendentium
3425 2475 3529 2528 im-

1942 2568 2278 2636 probitatem
2303 2576 2357 2621 et
2381 2568 2671 2622 molestam
2704 2568 3105 2623 cavillationem
3171 2568 3337 2624 valet.

2008 2657 2306 2728 Propterea
2368 2669 2579 2714 tantum
2652 2660 2808 2716 abest
2873 2660 3361 2731 (quemadmodum
3428 2659 3527 2714 tibi

1937 2764 2159 2820 quoque
2206 2751 2519 2821 perspicere
2575 2752 2659 2807 fas
2688 2754 2816 2821 est),
2851 2761 2910 2805 ut
2970 2752 3253 2820 proposita
3300 2753 3527 2806 oracula

1938 2851 2183 2914 pugnent
2213 2848 2356 2899 inter
2386 2860 2466 2908 se,
2502 2854 2562 2900 ut
2593 2847 2978 2916 petius,quasi
3012 2862 3275 2911 consona,
3310 2855 3366 2900 et
3398 2861 3533 2900 con-

1941 2937 2256 2999 sentientia,
2312 2937 2366 2990 in
2411 2937 2561 2991 nulla
2604 2954 2664 2993 re
2704 2954 2735 2993 a
2796 2952 2855 2993 se
2918 2938 3150 2993 invicem
3204 2938 3528 2993 discedant:

1943 3041 2122 3096 neque
2173 3026 2536 3083 nihilominus
2595 3027 2832 3082 adducta
2878 3043 3070 3083 eorum
3118 3029 3530 3092 commentatio,

1942 3128 1998 3173 et
2026 3118 2288 3188 expensio
2335 3119 2569 3174 alterum
2605 3119 2939 3185 concordiae,
3000 3132 3057 3176 et
3121 3122 3528 3178 conciliationis

1945 3210 2283 3265 inveniendaa
2316 3214 2538 3267 modum
2575 3214 2774 3280 poterit
2815 3214 3128 3284 prohibere.
3159 3214 3433 3269 Nimirum
3460 3216 3532 3281 si,

1948 3310 2009 3356 ut
2042 3302 2264 3372 quidam
2295 3311 2511 3372 putant,
2542 3316 2874 3375 praeceptum
2910 3308 3129 3375 quidem
3164 3306 3308 3361 Petri
3333 3308 3402 3361 iis
3439 3306 3536 3377 qui

1949 3404 2075 3449 ante
2106 3397 2546 3453 concertationes
2577 3399 2865 3453 exercendi
2908 3411 3055 3463 sunt,
3092 3402 3279 3456 datum
3313 3412 3395 3456 est
3426 3418 3440 3465 ;
3469 3416 3537 3456 ne

1949 3488 2160 3542 desidia
2193 3497 2529 3559 torpescant,
2585 3507 2689 3546 neu
2720 3508 2913 3560 parum
2943 3508 3046 3561 pro
3094 3496 3323 3548 veritate
3353 3494 3539 3548 dicere

1949 3581 2166 3635 valeant
2196 3599 2211 3649 ;
2244 3583 2471 3637 verbum
2504 3594 2689 3638 autem
2720 3584 2929 3640 Christi
2967 3586 3035 3640 iis
3068 3587 3161 3654 qui
3196 3586 3249 3639 in
3284 3586 3435 3655 ipsas
3460 3586 3540 3640 in-

1950 3672 2142 3727 cidunt
2169 3676 2643 3739 concertationes,
2676 3691 2745 3730 ne
2780 3676 3125 3746 trepidando,
3162 3676 3292 3730 dum
3333 3677 3387 3731 in
3426 3678 3539 3733 fre-

1950 3782 2148 3836 quens,
2183 3766 2403 3836 aliquod
2452 3768 2726 3838 judicium
2806 3784 2860 3826 et
2910 3772 3323 3841 inquisitionem
3369 3774 3543 3828 adduc

1952 3868 2154 3913 cuntur
2180 3859 2359 3913 insitae
2402 3862 2507 3915 sibi
2540 3862 2660 3916 ﬁdei
2688 3863 3002 3918 ﬁrmitatem
3029 3867 3379 3920 subcutiant:
3413 3880 3542 3935 pro-

1953 3948 2100 4005 fecto
2157 3950 2473 4020 hujusmodi
2524 3955 2689 4008 etiam
2745 3957 3094 4011 oraculorum
3134 3958 3363 4011 diversis
3410 3958 3544 4013 sub-

1958 4043 2124 4113 jectis
2173 4045 2519 4109 distributio,
2559 4056 2613 4101 et
2642 4048 2944 4117 assignatio
2979 4050 3142 4104 simul
3183 4062 3236 4103 et
3296 4051 3349 4104 iu
3390 4051 3542 4106 nullo

1953 4145 2244 4208 repugnat,
2283 4147 2338 4192 et
2370 4139 2571 4193 divinae
2599 4141 2980 4208 providentiae,
3008 4152 3173 4211 atque
3216 4144 3407 4197 auxilii
3438 4158 3540 4197 va-

1953 4227 2152 4293 lidum,
2220 4228 2485 4297 onmique
2537 4230 2861 4299 exceptione
2898 4231 3077 4301 majus
3134 4236 3340 4303 praebet
3383 4233 3543 4289 testi-

1952 4334 2216 4373 montum.

2027 4410 2333 4478 Quiescunt
2386 4413 2817 4482 persecutiones,
2881 4424 2937 4469 tu
2986 4415 3194 4472 interea
3256 4432 3539 4475 sacrarum

1956 4498 2291 4554 Litterarum
2331 4500 2673 4556 meditationi
2724 4504 2997 4558 incumbe.
3058 4504 3379 4563 Excitantur
3431 4509 3541 4565 illa:

252 4587 439 4649 Θείας,
465 4587 560 4640 καὶ
591 4588 897 4656 μαίνονται,
928 4589 1094 4659 μηδὲν
1120 4589 1416 4661 δειλιάσῃς,
1447 4589 1584 4660 μηδὲ
1615 4589 1834 4662 θορυϐη·

1956 4600 2151 4645 contra
2210 4591 2557 4661 religionem,
2610 4604 2665 4647 et
2700 4592 2907 4659 furuut,
2967 4612 3034 4650 ne
3088 4598 3304 4662 timeas,
3360 4615 3542 4671 neque

256 4674 382 4745 θῇς·
420 4676 555 4747 μηδὲ
588 4676 725 4747 πρὸς
754 4677 815 4729 τὸ
849 4674 1056 4743 λοιπὸν,
1086 4678 1150 4732 ἂν
1180 4676 1325 4732 οὕτω
1352 4679 1505 4750 τύχοι
1535 4679 1635 4749 τῆς
1667 4695 1848 4750 παρα-

257 4771 487 4840 σκευῆς,
516 4770 863 4835 ἁποϐλέπων,
909 4772 970 4825 τὸ
1006 4774 1352 4843 παράστημα
1380 4772 1479 4841 τῆς
1506 4771 1682 4843 ψυχῆς
1734 4774 1849 4835 τοῖς

252 4862 548 4933 τυράννοις
592 4864 866 4936 ὲπιδείξῃς
913 4865 1332 4936 δειλαινόμενον.
1372 4865 1560 4935 Ἔχεις
1607 4865 1718 4935 γὰρ
1757 4865 1850 4918 τὸν

252 4954 563 5025 Δεσπότην,
592 4956 731 5027 ὑπὲρ
766 4951 827 5010 οὗ
863 4955 955 5010 τὸν
976 4956 1164 5025 ἀγῶνα
1197 4957 1405 5029 φέρεις,
1428 4957 1490 5010 ού
1526 4956 1619 5011 τὸν
1660 4956 1848 5010 λοιπὸν

257 5044 426 5116 μόνον
472 5045 916 5118 ἀναπληροῦντα,
947 5046 1084 5101 ἀλλά
1118 5046 1211 5099 καὶ
1242 5046 1422 5116 πολλῷ
1461 5046 1846 5117 δαψιλέστερον

252 5136 357 5209 τὴν
379 5138 723 5211 συνέργειαν,
760 5141 856 5193 καὶ
887 5138 1119 5210 δύναμιν
1145 5138 1526 5211 χαριζόμενον.

1956 4683 2311 4753 perturberis,
2378 4700 2560 4754 neque
2617 4686 2684 4740 ad
2739 4703 2824 4753 ea,
2872 4702 2993 4757 qua:
3047 4689 3246 4743 desunt
3305 4690 3426 4753 tibi,
3482 4701 3541 4745 ttt

1956 4776 2463 4846 possintapparari,
2509 4788 2745 4833 mentem
2796 4780 3107 4847 intendens,
3149 4783 3315 4837 animi
3372 4784 3544 4838 rolmr

1959 4866 2270 4936 trepiditate
2344 4869 2660 4925 submotum
2720 4874 2968 4943 tyrannis
3021 4875 3299 4930 ostendas.
3362 4872 3542 4931 Habes

1957 4958 2103 5012 enim
2151 4957 2469 5024 Dominum,
2499 4976 2597 5030 pro
2623 4977 2734 5031 quo
2767 4971 3046 5017 certamen
3080 4965 3257 5031 subis,
3304 4966 3397 5036 qui
3433 4984 3542 5022 non

1957 5050 2162 5115 solum,
2190 5051 2338 5120 quod
2386 5051 2483 5105 tibi
2514 5053 2688 5118 deest,
2720 5054 2970 5124 supplet,
3016 5057 3109 5111 sed
3163 5058 3329 5112 etiam
3361 5074 3542 5129 opem,

1954 5150 2008 5196 et
2026 5142 2170 5199 vires
2204 5143 2375 5199 multo
2401 5144 2680 5216 copiosius
2708 5147 3019 5217 impertitur
3046 5148 3180 5220 (82).

1793 5318 2021 5376 ΝΟΤΑΞ.

352 5508 446 5575 8?.)
480 5507 775 5573 Memento,
817 5506 965 5578 quod
1024 5508 1199 5563 nostri
1251 5508 1574 5578 interpretes
1626 5506 1707 5563 sic
1744 5507 1843 5563 ad-

250 5580 487 5635 ductum
546 5579 655 5632 divi
687 5579 832 5633 Petri
877 5579 1056 5632 locum
1113 5578 1460 5649 intelligant:
1520 5578 1693 5648 parati
1730 5579 1843 5631 sint

249 5664 473 5713 omnes,
503 5649 667 5702 etiam
700 5649 844 5712 laici,
871 5664 979 5704 non
1015 5649 1081 5702 ad
1113 5649 1502 5719 disputandum
1542 5650 1607 5701 de
1645 5650 1842 5717 quovis

252 5720 387 5775 ﬁdei
420 5720 700 5788 mysterio,
728 5719 779 5773 id
810 5720 957 5773 enim
992 5721 1057 5773 ad
1087 5719 1341 5774 doctores
1394 5728 1606 5772 tantum
1639 5728 1692 5773 et
1742 5734 1840 5788 pa-

251 5800 438 5846 stores
470 5789 723 5845 Ecclesiae
755 5792 996 5858 pertinet
1027 5809 1040 5844 :
1075 5791 1168 5845 sed
1193 5792 1260 5845 ad
1305 5789 1743 5860 respondendum
1774 5793 1842 5843 de

256 5860 632 5930 peculiaribus
649 5861 993 5928 vcritatibus,
1020 5862 1066 5917 si
1102 5863 1236 5916 satis
1265 5861 1379 5917 sint
1418 5860 1671 5917 instructi
1705 5876 1718 5913 :
1747 5870 1841 5915 aut

1951 5521 2098 5587 certe
2131 5513 2184 5568 in
2217 5515 2480 5587 generali,
2534 5512 2662 5587 quia
2714 5515 2794 5570 sic
2851 5516 3150 5571 revelatum
3199 5532 3229 5571 a
3281 5517 3409 5587 lico,
3472 5519 3555 5574 sic

1951 5583 2243 5649 traditum;
2296 5586 2377 5640 sic
2430 5586 2580 5640 onmi
2649 5588 2850 5640 saeculo
2895 5597 3161 5643 statutum
3189 5588 3258 5640 ab
3285 5586 3550 5651 Ecclesia,

1950 5668 2072 5726 qua:
2098 5655 2458 5726 columnaet
2494 5656 2902 5711 ﬁrmamentum
2943 5665 3030 5713 est
3109 5657 3378 5720 veritatis,
3438 5675 3549 5726 gu-

1950 5724 2176 5779 beruata
2227 5742 2256 5779 a
2292 5725 2495 5795 Spiritu
2545 5735 2739 5781 sancto
2805 5738 2859 5783 et
2893 5743 3102 5793 errore,
3146 5744 3211 5782 ac
3266 5724 3554 5784 mendacio

1952 5809 2236 5870 nunquam
2294 5798 2635 5870 deturpata._
2675 5797 2733 5870 §i
2799 5798 2872 5870 ita
2945 5797 3397 5870 interpretaberis
3452 5799 3556 5854 hoc

1950 5865 2256 5936 Oracuium,
2316 5867 2545 5936 pronius
2571 5866 2637 5923 ad
2672 5866 2878 5927 Christi
2911 5865 3443 5926 verha'dcsceudes.
