4084 6488
274 389 383 453 253

1134 384 1237 445 AD
1286 383 1886 447 AMPHILOCHIUM
1923 384 2273 459 QUzESTlO
2302 386 2563 450 XXXVI.

3472 385 3583 454 254

276 501 571 569 εἰκονίξειν
631 499 772 563 ὅλως
828 497 1116 570 ὁμολογεῖν
1174 497 1236 551 τὺ
1278 498 1682 572 εἰκονιζόμενον
1730 494 1889 554 δύναν

2003 501 2257 569 peculiari
2309 518 2418 557 non
2461 499 2719 571 exprimit
2762 499 3054 572 imaginem
3093 501 3242 573 (licet
3287 500 3583 573 imaginem

278 597 429 651 σθαι.

363 770 644 834 Ὡσαύτως
669 769 726 823 δέ
759 769 854 822 καὶ
904 768 966 822 τὸ
995 767 1224 840 ἀρχικὸν
1270 767 1359 823 διὰ
1381 769 1481 839 τὴν
1502 767 1671 835 αὐτὴν
1702 768 1884 822 αἰτίαν

278 864 599 934 νομίζουσιν
634 858 1065 930 ἀποδοκιμάζειν
1093 877 1106 891 ·
1136 862 1231 915 καί
1254 879 1336 916 τοι
1369 879 1432 930 γε
1462 861 1687 915 καὶτῶν
1722 862 1885 932 ἱερῶν

283 956 503 1024 Λογίων
539 953 726 1023 σαφῶς
752 953 1184 1024 ἐνδεικνυμένων
1209 957 1275 1026 τῇ
1297 955 1548 1026 συνεχείᾳ
1570 954 1672 1024 τῆς
1702 972 1883 1025 παρα-

284 1048 509 1111 θέσεως,
548 1046 623 1109 ῶς
642 1046 703 1097 τὸ
742 1064 761 1097 ι
782 1044 903 1097 κατ’
929 1044 1112 1098 εἰκόνα
1139 1065 1157 1096 ι
1190 1046 1250 1098 τὸ
1279 1046 1509 1117 ἀρχικὸν
1542 1046 1761 1117 ἀξίωμα
1792 1064 1889 1117 ση-

279 1117 503 1210 μαίνειν
551 1138 820 1210 βούλεται.
879 1139 1035 1209 Ἔχει
1101 1139 1211 1209 γὰρ
1268 1139 1333 1192 τὸ
1381 1142 1484 1210 τῆς
1553 1140 1884 1205 συνεπείαςο

280 1250 302 1279 σ
324 1233 652 1301 Ποιήσωμεν
670 1230 961 1300 ἄνθρωπον
976 1231 1098 1282 κατ’
1124 1230 1309 1283 εἰκόνα
1327 1231 1628 1303 ἡμετέραν,
1649 1232 1745 1285 καὶ
1767 1232 1887 1286 καθ’

271 1326 305 1375 ὁ
318 1323 670 1393 μοίωσιν,καὶ
688 1324 1012 1394 ἀρχέτωσαν
1030 1322 1137 1376 τῶν
1154 1322 1354 1393 ἰχθύων
1370 1325 1469 1394 τῆς
1483 1324 1889 1396 θαλάσσηςζκαὶ

271 1416 392 1467 τῶν
419 1414 683 1467 πετεινῶν
721 1413 814 1467 τοῦ
843 1413 1099 1485 ούρανοῦ,
1130 1416 1227 1468 καὶ
1261 1415 1370 1468 τῶν
1401 1418 1643 1488 κτηνῶν,
1667 1418 1762 1470 καὶ
1786 1416 1885 1471 πά-

278 1525 386 1577 σης
407 1508 507 1577 τῆς
528 1508 653 1578 γῆς·
683 1526 699 1557 ι

359 1600 423 1651 Oi
452 1598 509 1650 δὲ
538 1599 674 1669 μηδέ
702 1599 861 1654 τοῦτο
890 1600 1325 1671 δυσωπηθέντες,
1354 1601 1413 1654 οὗ
1438 1619 1569 1672 φασι
1600 1601 1891 1672 δηλοῦσθαι

278 1692 375 1745 διὰ
398 1691 488 1744 τού
520 1693 671 1745 ικατ’
700 1694 916 1747 εἰκόνα»
956 1694 1018 1746 τὸ
1068 1694 1323 1764 ἀρχικὸν,
1358 1697 1481 1749 ἐπεὶ
1524 1696 1620 1749 καὶ
1646 1696 1757 1750 τῶν
1792 1698 1892 1765 ἁγ-

283 1782 468 1849 γέλων
494 1784 527 1852 ἡ
565 1781 727 1849 φύσις
747 1783 922 1854 ἀρχῆς
944 1784 1279 1853 ἐπιϐέϐηκεν
1306 1787 1729 1857 ἐπιστατούσης.
1757 1788 1893 1860 ’Λρ-

1989 595 2315 664 imprcssam
2345 595 2623 651 evidenter
2645 593 2945 666 exhibeat),
2981 596 3228 651 dicamus
3253 595 3586 665 exemplaris

1988 687 2070 740 sui
2108 685 2401 756 imaginem
2436 687 2665 741 omnino
2685 702 2808 741 esse
2839 702 2946 742 non
2974 702 3158 756 posse.

2061 777 2328 833 Similiter
2376 778 2701 834 dominandi
2763 780 3151 835 auctoritatem
3214 781 3285 835 ob
3336 782 3585 837 eamdem

1990 885 2245 925 caussam
2277 870 2615 925 arbitrantur
2646 887 2767 927 esse
2798 871 3149 943 rejiciendam
3185 892 3197 927 :
3236 875 3453 928 tametsi
3496 890 3585 927 sa-

1990 978 2096 1017 cra:
2129 961 2349 1017 Litterae
2389 978 2682 1033 progressu
2746 973 3037 1019 contextus
3068 974 3252 1034 aperte
3287 966 3585 1028 declarent,

1990 1054 2133 1125 quod
2177 1054 2308 1110 illttd
2348 1074 2366 1107 ι
2406 1057 2473 1110 ad
2514 1056 2807 1127 imaginem
2848 1075 2867 1109 ι
2907 1057 3307 1111 dominationis
3351 1059 3589 1129 dignita-

1992 1157 2100 1202 tem
2139 1148 2427 1219 significet.
2467 1147 2643 1204 liabet
2670 1151 2816 1205 enim
2852 1158 3144 1205 contextus
3182 1170 3195 1205 :
3236 1171 3254 1202 ‹
3295 1149 3588 1207 Faciamus

1992 1238 2267 1295 hominem
2295 1241 2361 1295 ad
2422 1241 2715 1312 imaginem
2755 1249 2809 1296 et
2852 1242 3268 1297 similitttdisem
3318 1252 3584 1308 nostram,

1992 1341 2047 1388 et
2096 1332 2279 1404 praesit
2331 1333 2579 1404 piscibus
2626 1334 2820 1398 maris,
2870 1341 2924 1389 et
2962 1334 3283 1389 volatilibus
3339 1337 3486 1399 εαξη,
3536 1346 3592 1390 et

1994 1425 2204 1493 bestiis,
2240 1428 2619 1499 universaeque
2659 1437 2837 1484 terrae.
2869 1446 2889 1481 ι

2066 1588 2129 1642 lli
2163 1598 2367 1658 autem,
2397 1605 2468 1646 ne
2499 1591 2604 1646 hoc
2628 1592 2847 1663 quidem
2872 1591 3169 1662 Scripturae
3194 1593 3319 1649 loco
3336 1596 3590 1666 permoti,

1994 1682 2312 1738 dominandi
2362 1693 2684 1753 potestatem
2744 1700 2841 1755 per
2893 1685 3023 1739 illud
3057 1705 3075 1736 ‹
3119 1687 3186 1741 ad
3233 1688 3523 1757 imaginem
3565 1708 3586 1741 ι

1997 1772 2227 1827 indicari
2275 1789 2381 1828 non
2422 1772 2680 1836 fatentur,
2720 1774 2790 1827 ob
2827 1774 2877 1829 id
2919 1774 3154 1839 scilicet,
3197 1776 3327 1846 quia
3370 1778 3595 1847 angelos

287 1891 463 1945 κοντα
500 1880 608 1946 γὰρ
658 1876 983 1947 Ἀσσυρίων,
1027 1877 1123 1929 καὶ
1178 1878 1423 1948 ἄρχοντα
1454 1879 1564 1931 τῶν
1620 1878 1892 1934 Ἰουδαίων

2003 1880 2119 1918 rum
2153 1880 2375 1935 quoque
2401 1875 2595 1920 natura
2629 1866 2929 1935 imperandi
2968 1867 3283 1921 facultatem
3325 1868 3591 1923 obtinuit.

288 1968 478 2031 ἔθνους
508 1968 779 2040 λαμπρῶς
832 1968 863 2020 ό
911 1971 1198 2040 προφήτης
1245 1971 1447 2040 Δανιηλ
1501 1971 1892 2043 ἀνακηρύττει.

289 2061 406 2113 Καί
443 2079 545 2114 που
602 2062 695 2113 καὶ
746 2061 775 2112 ό
829 2060 1065 2130 θεόπτης
1114 2062 1302 2133 φησίνσ
1374 2081 1392 2113 ι
1441 2064 1711 2134 Ἐστησεν
1772 2066 1897 2136 ὅρια

286 2148 464 2207 ἐθνῶν
538 2152 662 2207 κατ’
736 2152 970 2223 ἀριθμὸν
1053 2154 1303 2222 ἀγγέλων
1364 2155 1521 2209 Θεοῦ.
1583 2177 1600 2208 r
1684 2158 1898 2211 Οὐκοῦν

289 2246 491 2316 ὥσπερ
516 2245 576 2299 τὸ
606 2246 825 2315 λογικὸν
856 2246 950 2298 καὶ
968 2245 1028 2298 τὸ
1050 2246 1399 2312 αὐτεξούσιον
1428 2249 1685 2317 ἀγγέλοις
1718 2268 1777 2303 τε
1803 2251 1900 2305 καὶ

287 2338 606 2409 ἀνθρώποις
651 2338 855 2402 κοινὸν,
889 2338 1033 2391 οὕτω
1056 2338 1120 2411 δὴ
1146 2341 1240 2392 καὶ
1261 2342 1322 2394 τὸ
1344 2341 1664 2396 δεσποτικὸν
1711 2361 1773 2397 τε
1806 2343 1899 2397 καὶ

286 2431 600 2502 βασιλικόν.
1534 2424 1537 2427 ’

381 2696 547 2751 Ἀλλὰ
584 2697 637 2751 τί
668 2696 855 2765 τοῦτο;
891 2699 953 2752 Εἰ
990 2700 1090 2771 μὲν
1119 2702 1232 2774 γὰρ
1268 2703 1484 2773 προσῆν
1518 2704 1594 2775 τῷ
1624 2703 1790 2775 λόγῳ,
1825 2705 1901 2769 ὡς

292 2789 467 2860 μόνος
504 2788 794 2861 ἄνθρωπος
827 2791 948 2844 κατ’
979 2792 1167 2847 εἰκόνα
1198 2794 1391 2862 γέγονε
1410 2795 1547 2849 Θεοῦ
1582 2797 1901 2867 μαχομένην

291 2881 366 2935 ἂν
400 2881 531 2943 ἴσως
595 2880 698 2951 τὴν
758 2880 870 2933 τῶν
922 2882 1174 2950 ἀγγέλων
1215 2882 1378 2954 φύσιν
1438 2881 1589 2955 εἷχε’
1636 2885 1902 2939 διότικαὶ

291 2975 436 3043 παρ’
466 2974 648 3026 αὐτῶν
678 2976 893 3045 ὁρᾶται,
924 2975 992 3028 δι’
1016 2969 1202 3046 ὧνπερ
1252 2978 1311 3029 ἐν
1340 2980 1486 3049 χαρᾷ
1510 2980 1570 3031 τὸ
1629 2979 1783 3032 Θεῖον
1814 2980 1902 3032 ὲν-

294 3064 741 3134 απομάττεσθαι.
789 3066 852 3119 Εἰ
896 3066 953 3118 δὲ
986 3067 1153 3137 μηδὲν
1174 3067 1415 3121 τοιοῦτον
1436 3069 1582 3123 ἔστιν
1609 3071 1787 3139 εὑρεῖν
1813 3073 1903 3138 ἐγ-

299 3156 717 3227 γεγραμμένον,
758 3157 818 3211 ού
856 3159 1017 3228 μόνον
1040 3160 1141 3213 οὐκ
1169 3161 1487 3231 ἀφαιρεῖται
1508 3162 1616 3215 τῶν
1653 3163 1903 3231 ἀγγέλων

302 3248 342 3318 ἡ
400 3248 645 3301 κοινωνία
698 3248 804 3319 τῆς
846 3250 1197 3322 ἀνθρωπίνης
1244 3252 1461 3321 φύσεως
1516 3253 1578 3306 τὸ
1620 3254 1764 3307 κατὰ
1802 3254 1900 3326 τὴν

303 3340 509 3394 πλάσιν
534 3341 751 3411 ἀξίωμα
787 3357 801 3373 ο
852 3341 988 3395 ἀλλά
1014 3345 1109 3396 καὶ
1156 3346 1678 3418 παραδειγματικὴν
1742 3348 1902 3420 ἱκανὴ

302 3433 496 3486 πίστιν
544 3433 640 3503 τῆς
668 3432 933 3504 ἀληθείας
988 3436 1351 3507 παρέχεσθαι.
1415 3437 1601 3502 Οὕτως
1657 3435 1751 3494 οὖν
1779 3441 1902 3494 οὐδὲ

299 3526 445 3579 διότι
477 3525 724 3595 λογικῆς,
754 3527 850 3580 καὶ
880 3530 1122 3597 νοερᾱςό
1150 3530 1383 3599 ἄγγελος
1422 3529 1659 3600 φύσεως,
1698 3532 1903 3603 ταύτης

295 3620 329 3672 ὁ
363 3618 654 3688 ἄνθρωπος
684 3619 1088 3692 ἀποστερηθείη
1123 3622 1226 3692 τῆς
1256 3622 1563 3693 δυνάμεως.

396 3792 561 3845 Ἀλλὰ
600 3792 712 3862 γὰρ
748 3792 843 3857 οὓς
884 3793 998 3865 ἔχει
1022 3795 1229 3866 σπουδὴ
1253 3798 1366 3860 τοῖς
1404 3796 1581 3867 ὀρθῶς
1611 3797 1903 3868 ἀντιφέρεο

303 3885 438 3939 σθαι
490 3884 881 3954 δεδογμένοις;
926 3890 1027 3941 οὐκ
1066 3887 1129 3941 ἂν
1151 3888 1341 3958 ἔμοιγε
1388 3893 1583 3961 κριτῇ,
1648 3891 1905 3945 τοσοῦτον

308 3976 544 4027 ἐκείνων
591 3978 1007 4046 προσάπτεσθαι
1034 3978 1309 4046 δοκοῦσιν,
1368 3980 1482 4034 ὅσοι
1518 3980 1643 4033 καθ’
1688 3982 1904 4037 ἑαυτῶν

304 4066 740 4137 ἀντιστρέφουσι
778 4069 876 4140 τὴν
916 4072 1274 4141 κατηγορίαν.
1344 4072 1517 4124 Ἔνθα
1538 4076 1648 4144 γὰρ
1676 4073 1906 4145 ὀρθότης

304 4159 573 4223 διανοίας,
610 4160 705 4212 καὶ
737 4163 856 4225 ταῖς
890 4162 1133 4232 Γραφαῖς
1156 4164 1267 4235 (86)
1299 4166 1651 4237 ἁρμόττουσα
1703 4166 1906 4238 θεωρία

310 4254 553 4325 μάλιστα
574 4272 637 4323 γε
664 4256 778 4318 τοῖς
812 4256 1104 4328 μακαρίοις
1127 4256 1283 4327 ἡμῶν
1302 4257 1663 4329 ἐφιλοπονήθη
1686 4258 1906 4330 Πατρα-

313 4365 426 4413 σιν,
470 4350 785 4419 ἐπικουρεῖν
822 4349 943 4418 μὲν,
1002 4350 1160 4420 εἴπερ
1209 4367 1263 4402 τι
1318 4350 1415 4403 καὶ
1473 4350 1906 4421 παραλέλειπται

308 4435 877 4506 ταύταις,καὶώςοίόν
901 4458 963 4494 τε
985 4444 1304 4514 συγκροτεῖν
1327 4442 1686 4512 εὐγνωμόνων
1708 4459 1790 4506 τε,
1813 4442 1909 4495 καί⁸

1999 1954 2134 2008 Nant
2170 1956 2470 2026 principem
2495 1956 2847 2027 Assyriorum
2880 1957 2962 2021 ";
2992 1964 3048 2009 et
3086 1954 3385 2025 principem
3415 1958 3593 2026 gentis

1999 2049 2313 2103 Jndzeorum
2345 2049 2361 2079 ⁸
2401 2048 2671 2119 Propheta
2713 2048 2899 2102 Daniel
2944 2058 3131 2118 aperte
3172 2058 3590 2105 commemorat.

2002 2141 2067 2197 Et
2107 2142 2305 2197 alicubi
2340 2142 2428 2196 ille
2466 2142 2653 2207 etiam,
2686 2143 2781 2213 qui
2833 2142 2967 2196 vidit
3008 2141 3182 2197 Deum
3218 2142 3360 2197 facie
3393 2144 3460 2197 ad
3506 2142 3592 2197 fa-

2002 2236 2164 2297 ciem,
2197 2235 2375 2303 inquit
2406 2253 2418 2288 :
2456 2254 2474 2285 ‹
2512 2233 2813 2290 Constituit
2853 2235 3118 2289 terminos
3152 2235 3395 2305 gentium
3434 2236 3592 2304 juxta

2002 2340 2293 2378 numerum
2344 2324 2664 2394 angelorum
2725 2323 2820 2378 Dei
2867 2324 3001 2395 (85).
3056 2344 3075 2376 ι
3114 2325 3593 2391 Quemadmodum

2002 2419 2187 2489 itaque
2227 2417 2620 2485 ratiocinandi,
2673 2427 2839 2489 atque
2898 2419 3066 2474 libere
3121 2418 3315 2489 agendi
3362 2418 3595 2473 facultas

2000 2511 2230 2583 angelis,
2267 2527 2333 2567 ac
2361 2511 2678 2568 hominibus
2707 2513 3019 2567 communis
3051 2521 3157 2578 est,
3199 2514 3269 2566 ita
3300 2512 3465 2566 etiam
3490 2513 3597 2567 (ἴο-

2003 2606 2249 2661 minandi
2276 2620 2341 2660 ac
2371 2605 2631 2675 regnandi
2662 2615 2925 2675 potestas.

2076 2698 2182 2753 Sed
2214 2697 2345 2768 quid
2381 2697 2546 2766 ergo?
2585 2696 2641 2750 Si
2674 2696 2818 2750 enim
2851 2692 3131 2763 proposito
3170 2692 3398 2747 oraculo
3429 2691 3600 2746 adde-

2002 2789 2186 2855 batur,
2223 2789 2369 2860 quud
2405 2792 2558 2844 solus
2590 2788 2756 2841 homo
2802 2787 2869 2839 ad
2928 2785 3221 2854 imaginem
3279 2783 3373 2838 Dei
3417 2783 3599 2838 factus

2006 2882 2219 2949 fuisset,
2282 2893 2412 2938 tunc
2470 2879 2820 2936 obstacnlutn
2878 2878 3110 2933 fortasse
3166 2879 3221 2931 in
3273 2878 3595 2945 angelorum

2005 2987 2201 3031 natura
2235 2975 2610 3039 inveniretur;
2655 2973 2785 3043 quia
2825 2979 2879 3025 et
2916 2971 2969 3024 in
2998 2972 3133 3040 ipsis
3170 2982 3479 3025 cernuntur
3530 2985 3597 3026 ea

2006 3087 2105 3140 per
2134 3087 2256 3141 qua!
2284 3069 2469 3124 Divina
2514 3076 2711 3122 natura
2752 3066 2987 3135 exprimi
3029 3075 3234 3135 posset.
3271 3064 3339 3116 At
3379 3064 3423 3118 si
3460 3063 3597 3117 nihil

2008 3162 2318 3233 ltnjnsmodi
2352 3162 2424 3216 ibi
2456 3161 2724 3228 scriptum
2772 3159 3073 3221 invenitur,
3106 3155 3424 3210 communio
3455 3155 3601 3207 inter

2004 3255 2226 3325 angelos
2272 3261 2326 3307 et
2366 3253 2666 3306 humanum
2702 3264 2872 3320 genus
2918 3263 3026 3302 non
3075 3245 3243 3299 modo
3272 3260 3377 3298 non
3418 3243 3598 3298 aufert

2006 3349 2187 3403 datam
2235 3346 2392 3399 nobis
2442 3343 2721 3397 creatione
2773 3340 3133 3411 dignitatern;
3170 3338 3262 3391 sed
3310 3336 3479 3391 etiam
3525 3336 3596 3391 ad

2006 3439 2251 3493 veritatis
2300 3436 2680 3506 probationem
2742 3447 2839 3502 per
2890 3428 3198 3498 exemplum
3263 3440 3597 3495 comparan-

2006 3534 2131 3587 dam
2164 3531 2323 3584 valet.
2360 3528 2475 3582 lloc
2505 3528 2689 3595 itaque
2748 3531 2906 3593 pacto
2949 3535 3048 3574 nec
3089 3520 3218 3589 quia
3268 3517 3595 3571 rationalem

2005 3637 2059 3683 et
2108 3624 2497 3693 iutelligentcm
2558 3627 2809 3672 naturam
2865 3613 3091 3681 angelus
3154 3611 3336 3677 habet,
3400 3610 3593 3665 eadem

2007 3718 2172 3773 hOIIIO
2201 3730 2391 3770 carere
2422 3712 2582 3767 debet
2613 3710 2892 3764 facultate.

2077 3812 2146 3864 At
2192 3809 2336 3863 enim
2381 3806 2473 3876 qui
2520 3804 2781 3857 veritates
2824 3800 2927 3853 rite
2980 3807 3227 3867 receptas
3275 3809 3597 3866 oppugnare

2008 3902 2250 3967 student,
2287 3916 2416 3958 non.
2449 3894 2764 3966 mejndice,
2806 3902 3016 3947 tantum
3052 3890 3170 3943 illas
3213 3897 3485 3943 attentare
3515 3887 3598 3941 vi-

2010 3998 2224 4060 dentur,
2257 4000 2522 4062 quantum
2554 3987 2606 4040 in
2642 4001 2699 4040 se
2732 3984 2835 4054 ipsi
2879 3982 3311 4038 confutationem
3353 3988 3592 4033 vertunt.

2010 4089 2110 4144 Hic
2163 4086 2310 4141 enim
2344 4091 2487 4137 recta
2517 4079 2789 4150 cogitandi
2820 4078 2979 4141 ratio,
3005 4086 3058 4131 et
3094 4090 3264 4128 sacrae
3294 4074 3594 4142 Scriptura:

2010 4187 2375 4236 consentanea
2406 4173 2674 4235 doctrina,
2712 4186 2742 4223 a
2794 4167 3000 4223 sanctis
3042 4165 3347 4235 przesertitn
3386 4164 3594 4218 nostris

2010 4266 2574 4328 Patribuselaborata
2622 4271 2725 4327 est,
2756 4270 2815 4314 ut
2853 4259 3171 4327 suppleatur
3209 4255 3475 4326 quidquid
3525 4255 3597 4310 ab

2009 4381 2071 4421 ea
2096 4340 2365 4417 omissum
2398 4366 2502 4422 est,
2534 4365 2589 4410 et
2618 4353 2762 4425 quod
2793 4360 2972 4420 potest
2997 4364 3120 4406 cum
3155 4349 3441 4404 sententiis
3468 4348 3594 4417 pio-

2010 4471 2134 4511 rum
2168 4451 2612 4523 sapientiamque
2668 4445 2913 4499 virorum
2946 4443 3304 4497 concordare.
3336 4439 3438 4506 Qui
3469 4456 3597 4497 veto

314 4530 593 4592 συνέσεως
618 4532 718 4583 οὐκ
741 4531 1148 4602 ἐστερημένων.
1203 4532 1393 4607 Ὅσοις
1433 4532 1549 4603 (87)
1585 4533 1642 4585 δὲ
1679 4535 1898 4604 ἐρεσχε-

2007 4545 2286 4605 doctrinas
2351 4549 2496 4596 recte
2561 4545 2795 4593 statutas
2842 4534 3283 4589 cavillationibus
3342 4540 3599 4602 satagunt

311 4623 461 4685 λίαις
508 4624 577 4677 τὰ
634 4624 815 4688 καλῶς
873 4624 1067 4694 ἔχοντα
1127 4624 1512 4679 κατασείεσθαι
1553 4624 1775 4697 γνώμη,
1810 4626 1907 4679 καὶ

326 4714 629 4785 καινότητα
658 4717 936 4786 ἐπιζητεῖν
960 4717 1260 4787 φιλοτιμία,
1288 4711 1435 4771 οὗτοι
1457 4717 1744 4789 λελήθασιν
1777 4718 1905 4770 ἐαυ-

309 4809 443 4870 τοὺς
477 4809 533 4860 ἐν
566 4808 644 4878 τῷ
674 4809 848 4880 θηρᾷν
895 4808 1164 4881 ὑπόληψιν
1205 4811 1541 4881 ἐντρεχείας,
1593 4811 1684 4864 καὶ
1734 4810 1906 4881 αὐτῆς

307 4901 417 4970 τῆς
496 4900 896 4972 ίεροπρεποῦς,
954 4903 1048 4956 καὶ
1112 4901 1358 4973 ἐμφύτου
1414 4903 1903 4975 παρασυρομένους

386 5017 434 5049 ⁹⁹
469 5018 606 5072 Dan.
638 5034 691 5081 Χ,
734 5018 818 5083 15,
849 5015 941 5073 20.
1020 5019 1037 5049 ⁸
1070 5017 1205 5075 ibid.
1238 5018 1329 5073 21.

2013 4634 2355 4707 perturbare,
2401 4638 2455 4684 et
2494 4626 2792 4682 novitatem
2832 4624 3032 4679 sectari
3088 4623 3348 4688 student;
3390 4621 3442 4674 bi
3487 4634 3597 4674 non

2011 4723 2275 4783 sentiunt,
2325 4718 2497 4791 quod,
2555 4718 2685 4771 dum
2732 4716 2799 4769 de
2854 4725 3049 4784 arguto
3102 4712 3322 4783 ingenio
3372 4720 3598 4780 captant

2009 4815 2454 4879 aestimationem,
2482 4811 2586 4881 ipsi
2612 4825 2672 4865 se
2702 4825 2731 4863 a
2760 4807 3038 4873 religiosa,
3068 4821 3132 4859 ac
3154 4820 3289 4875 pura
3318 4804 3597 4874 cogitandi

2010 4912 2224 4966 ratione
2253 4907 2536 4963 divellant.
2568 4902 2631 4957 lli
2659 4901 2807 4956 enim
2836 4900 2890 4954 in
2920 4909 3160 4969 turpem,
3205 4900 3599 4968 propriumque

1838 5111 2073 5169 ΝΟΤᾹΞ.

382 5222 495 5293 (85)
528 5220 703 5295 Dent.
732 5239 913 5289 xxxn,
938 5224 1154 5295 33Mserl
1192 5222 1418 5295 Photius
1444 5223 1535 5279 hic
1565 5238 1784 5295 quoque
1810 5240 1899 5280 se-

309 5297 505 5366 quitur
565 5294 874 5366 versionem
934 5293 1097 5354 LXX.
1154 5294 1230 5366 uti
1270 5303 1324 5348 et
1376 5293 1802 5366 Cltryso'stontus
1843 5297 1896 5350 in

311 5365 489 5434 Epist.
522 5365 587 5418 ad
615 5364 828 5420 Coloss.
864 5365 1051 5435 homil.
1087 5366 1155 5433 5;
1206 5364 1801 5435 interpres'Origenis,
1842 5368 1897 5421 in

312 5452 470 5506 rrum.
502 5435 651 5489 hom.
702 5435 808 5506 28;
839 5434 926 5506 7D.
959 5435 1255 5506 Gregorius
1288 5451 1456 5506 papa,
1509 5434 1659 5491 hom.
1690 5436 1799 5501 34;
1831 5436 1893 5490 D.

314 5505 706 5576 Hieronymus,
744 5505 799 5559 in
835 5505 1180 5576 Micltmiilib.
1236 5522 1300 5566 ιι.
1338 5515 1392 5559 et
1442 5505 1671 5561 Rufinus
1723 5506 1896 5576 Aqui—

314 5575 542 5648 leiensis
574 5577 627 5648 in
655 5578 997 5648 expositione
1032 5575 1298 5648 Symboli.
1348 5575 1580 5648 Atvero
1603 5575 1822 5646 Aquila,
1847 5584 1902 5648 et

315 5645 685 5718 Symmachus
716 5645 1215 5701 reddiderunt'xat'
1243 5646 1475 5718 ἀριθμὸν
1491 5647 1623 5700 υἱῶν
1657 5645 1900 5718 Ἰσραὴλ,

313 5716 373 5770 et
398 5716 737 5773 Scholiastes
774 5718 950 5786 inquit
987 5736 1000 5771 :
1035 5718 1193 5770 Οὕτω
1236 5716 1296 5769 οἰ
1332 5716 1509 5770 λοιποὶ
1540 5716 1904 5771 ἐκδεδώκασιν

315 5787 665 5868 ἑρμηνευταί.
691 5806 707 5820 ο
744 5789 888 5843 inter
928 5804 1067 5859 quos
1106 5787 1389 5868 Vet‘sionis
1424 5786 1667 5868 yttlgata:
1688 5798 1903 5852 auctor,

316 5857 601 5928 quibabet
636 5862 793 5930 juxta
831 5857 1107 5914 nunternm
1138 5860 1373 5928 ﬁliorum
1416 5857 1590 5916 Israel
1617 5872 1908 5917 recensea-

2006 5236 2112 5281 tur.
2144 5222 2305 5279 Certe
2361 5216 2579 5287 quidem
2622 5215 2886 5286 scriptum
2944 5222 3031 5269 est
3087 5213 3142 5268 in
3178 5223 3326 5268 textu
3359 5199 3599 5275 τηεσεὲ

2004 5304 2192 5379 Βκ-τξῃτ
2232 5323 2320 5375 9:3
2343 5308 2622 5380 Lentispar
2651 5310 2775 5364 bene
2808 5307 3004 5371 Israel,
3038 5307 3109 5361 ad
3151 5323 3427 5360 numerum
3451 5310 3600 5377 [ttio-

2006 5404 2124 5443 rum
2156 5387 2346 5441 Israel.

2079 5458 2192 5532 (86)
2222 5459 2299 5511 Ex
2333 5456 2553 5532 ingeni.)
2584 5451 2645 5505 τὸ
2672 5451 2918 5532 Γραξειαῖς
2970 5448 3238 5532 suppleri,
3281 5447 3386 5532 sed
3419 5450 3599 5532 brew-

2006 5520 2095 5586 tas'
2119 5531 2347 5586 lacunae,
2379 5520 2674 5592 insequens
2700 5520 2945 5586 verbum,
2978 5531 3032 5573 et
3050 5535 3249 5573 scmus
3280 5520 3332 5573 id
3367 5522 3595 5575 omnino

2007 5601 2419 5739 su?‘8‘;;)q'lt|)la0t;
2448 5678 2548 5739 pro
2581 5663 2721 5717 ὁδοῖς
2801 5660 3195 5739 κατα-σείεσθαι
3220 5676 3338 5739 _pro
3368 5663 3601 5739 καταεί-

2014 5732 2225 5805 νεσθαὶ,
2258 5750 2313 5794 et
2342 5732 2640 5805 καινότητα
2678 5747 2776 5809 pro
2805 5733 3101 5803 κρινότητα
3129 5734 3185 5787 in
3220 5732 3322 5787 hac
3378 5734 3604 5801 periodo

2012 5814 2338 5869 emendasse
2366 5822 2473 5863 non
2496 5820 2583 5861 me
2615 5812 2839 5874 puemet.
