4084 6476
562 357 669 420 Ξ55
1716 352 1981 411 ΡΠΟΤΙΙ
2028 350 2536 412 ΡΑΤΒΙΑΠΕΗᾹΞ
2574 350 2681 409 CP.
3706 352 3791 415 256

566 473 768 529 animm
810 468 1070 525 absurdis
1105 468 1456 524 illusionibus
1490 466 1740 522 obnoxia:
1788 481 2026 522 errorem
2076 466 2156 521 in-

2261 466 2524 530 διανοίας.
2598 463 2943 535 Ὕδριστικόν
2976 479 3035 516 τε
3084 461 3215 533 γὰρ,
3262 461 3351 515 καὶ
3402 462 3607 531 ἀλόγοις
3643 463 3793 537 ψυχῆς

563 577 807 626 currere,
851 563 961 615 imo
1006 560 1407 615 ineluetabilem
1451 560 1504 614 in
1540 568 1711 614 semet
1754 557 1855 629 ipsi
1899 556 2149 613 confuta-

2260 560 2585 630 φαντασίαις
2632 559 2963 629 ὲνεχομένης
3011 558 3181 622 πάθος
3236 558 3505 619 ὑπελθεῖν.
3566 560 3653 612 καὶ
3714 562 3793 615 ἀν-

566 655 769 710 tionem
805 654 1063 709 exhibere
1095 653 1366 707 videntur.
1396 652 1465 705 At
1498 652 1635 708 istos
1662 651 1882 723 quidem
1920 660 2155 722 praeter-

2260 654 2592 723 απόδραστον
2618 653 2712 705 τὸν
2750 652 2970 721 ἔλεγχον
3002 651 3121 705 καθ’
3151 652 3359 705 ἑαυτῶν
3400 650 3629 722 ὁρῶνται
3677 669 3795 724 παρ-

565 761 779 801 ealnus.
2256 745 2574 815 εσχημένοι.
2636 745 2795 799 Ἀλλά
2818 744 3038 807 τούτους
3074 744 3172 814 μὲν
3202 744 3402 814 ἐῶμεν.

639 835 914 904 Quidquid
948 842 1129 887 autem
1161 833 1432 903 objectum
1457 843 1541 888 est
1567 842 1757 888 contra
1799 833 1949 897 illud,
1978 832 2155 886 homi-

2327 838 2439 907 Τῆς
2464 839 2633 906 αὐτῆς
2658 837 2713 891 δὲ
2730 837 2795 891 ἂν
2817 837 2901 904 εἴη
2925 836 3418 906 συστοιχείας,ὂσον
3438 838 3517 900 εἰς
3535 836 3799 906 ἀντιλογίαν

568 944 693 983 nem
729 927 1030 981 secundum
1062 927 1258 979 anima:
1307 926 1713 995 simplicitatem
1748 927 1813 979 ad
1848 925 1942 979 Dei
1974 925 2156 995 imagi-

2260 929 2449 998 φθάνει
2502 929 2596 982 τοῦ
2652 929 2775 982 κατ’
2810 928 2998 982 εἰκόνα
3026 927 3161 981 Θεοῦ
3186 928 3586 981 διαπεπλάσθαι
3626 929 3709 981 τὸν
3731 931 3804 983 ἀν-

565 1036 691 1074 nem
746 1019 917 1073 fuisse
956 1018 1262 1081 conditum,
1308 1018 1554 1086 ejusdem
1595 1018 1823 1072 furl'uris
1870 1026 1990 1082 est;
2048 1034 2154 1071 non

2260 1021 2478 1093 θρωπον
2496 1021 2639 1074 κατὰ
2678 1020 2789 1090 (88)
2836 1020 2897 1072 τὸ
2941 1019 3043 1088 τῆς
3090 1018 3268 1089 ψυχῆς
3299 1019 3590 1089 ἀσώματον
3612 1034 3625 1048 ⁸
3655 1021 3709 1072 οὐ
3733 1021 3806 1091 μό-

570 1112 737 1165 ιιιοιΙο
771 1112 921 1180 quia,
961 1121 1019 1165 ut
1043 1112 1096 1164 in
1125 1110 1354 1181 angelis,
1394 1110 1465 1164 ita
1488 1119 1541 1164 et
1574 1111 1629 1164 in
1666 1111 1782 1179 ipsa
1819 1113 2025 1173 anima,
2062 1125 2156 1178 per

2260 1131 2349 1167 νον
2381 1114 2535 1179 διότι,
2594 1114 2846 1183 καθάπερ
2875 1114 2933 1165 ὲν
2975 1115 3091 1176 τοῖς
3128 1112 3379 1181 ἀγγέλοις
3413 1114 3555 1167 κατά
3583 1116 3804 1185 μετοχὴν,

574 1205 1055 1274 participationem
1077 1204 1356 1267 nobilitas,
1384 1213 1435 1257 et
1462 1204 1770 1271 praestantia
1804 1202 2156 1256 nobilissimae

2260 1206 2402 1260 οῦτω
2440 1207 2532 1259 καὶ
2561 1208 2619 1259 έν
2666 1207 2803 1276 αὐτῇ
2859 1204 2921 1257 τὸ
2958 1204 3279 1273 ὑπερούσιόν
3308 1221 3368 1257 τε
3422 1205 3519 1257 καὶ
3569 1205 3807 1275 ὑπερφυὲς

574 1306 808 1361 naturze,
838 1306 891 1351 et
918 1297 1255 1366 incorporea:
1286 1296 1711 1367 pulchr-tudinis
1733 1296 1950 1358 divina},
1991 1294 2156 1348 veluti

2260 1300 2357 1369 τῆς
2386 1315 2443 1351 τε
2475 1298 2802 1369 ὑπερουσίου
2835 1296 3021 1358 οὐσίας
3046 1297 3251 1350 καὶτοῦ
3282 1297 3577 1366 ἀσωμάτου
3608 1298 3809 1359 κάλλους

571 1390 625 1443 in
677 1392 920 1459 speculo,
969 1391 1243 1455 cernitur;
1285 1406 1473 1443 verum
1509 1390 1671 1443 etiam
1725 1390 1853 1458 quia
1902 1391 1953 1443 in
2017 1390 2156 1442 trina

2261 1389 2639 1461 ένοπτρίξεται
2664 1406 2677 1419 ·
2737 1388 2875 1443 ἀλλά
2930 1389 3015 1441 ὅτι
3048 1390 3141 1442 καί⁵
3186 1390 3243 1440 έν
3280 1391 3346 1459 τῇ
3374 1388 3629 1458 τριαδικῇ
3654 1390 3812 1441 ταυτό-

570 1481 891 1536 facultatum
945 1483 1297 1553 (intellectus,
1354 1484 1674 1546 memoriae,
1726 1494 1779 1535 et
1839 1480 2156 1553 voluntatis)

2261 1502 2383 1553 τητι
2417 1486 2449 1554 ἠ
2482 1483 2736 1553 ἑτερότης
2779 1482 2971 1553 ὁρᾶται
3014 1481 3075 1532 τὸ
3118 1480 3427 1551 ἀσύγχυτον
3477 1481 3806 1545 διασώζουσαι

572 1576 853 1631 identitate
912 1575 1286 1631 confusionem
1339 1576 1530 1646 ell‘ugit
1573 1575 1889 1639 distinctio;
1950 1574 2059 1627 imo
2109 1585 2156 1627 it

2262 1581 2312 1631 εἰ
2337 1577 2515 1648 βούλει
2553 1578 2610 1630 δὲ
2668 1578 2763 1630 καὶ
2788 1576 2923 1630 διότι
2946 1577 3103 1643 λόγος
3138 1576 3388 1646 πρόεισιν
3418 1578 3484 1627 ἐκ
3532 1572 3701 1643 ψυχῆς
3731 1575 3809 1639 τῆς

569 1672 700 1741 quia
732 1672 955 1725 verbum
989 1671 1230 1740 procedit
1253 1687 1317 1724 ex
1355 1670 1554 1723 anima:
1583 1679 1777 1723 natura
1824 1667 1952 1721 illud
1983 1664 2156 1736 profe-

2264 1674 2611 1745 προαγούσης
2633 1672 2793 1726 αὑτὸν
2818 1671 3050 1741 φύσεως,
3068 1670 3128 1724 τὸ
3152 1668 3475 1738 ἀσύστοιχόν
3506 1683 3564 1719 τε
3593 1668 3678 1719 καί
3702 1683 3811 1718 κατ-

570 1768 747 1825 rente,
779 1762 906 1815 dum
942 1762 1011 1815 ab
1044 1762 1159 1829 ipsa
1192 1762 1509 1815 distinctum
1543 1768 1648 1824 est,
1678 1770 1733 1813 et
1763 1774 1886 1811 cum
1916 1773 1979 1811 ea
2024 1756 2156 1810 rela-

2264 1764 2493 1836 ἀλληλον
2540 1764 2937 1832 διαφυλάττων,
2958 1780 3211 1833 συμπροη
3222 1761 3390 1831 μένην
3411 1758 3524 1831 (89)
3543 1758 3814 1820 ἐπιδεικνὺς

571 1854 775 1907 tionem
811 1854 1175 1923 oppositionis
1222 1862 1441 1919 servat;
1491 1852 1585 1905 sed
1642 1861 1822 1906 tamen
1875 1866 1904 1904 a
1936 1850 2156 1919 spiritus

2264 1856 2358 1909 καὶ
2382 1856 2483 1925 τὴν
2512 1856 2757 1927 ὁμοταγῆ
2781 1854 2877 1908 τοῦ
2908 1856 3214 1926 πνεύματος
3242 1854 3567 1908 ὑπόστασιν.

572 1954 767 1998 natura
800 1959 977 2012 neque
1006 1953 1320 2013 separatum
1350 1953 1455 2004 est,
1484 1957 1659 2011 neque
1691 1942 1980 1996 dissimile.

644 2036 768 2091 Haec
819 2048 997 2092 autem
1054 2038 1239 2107 utique
1288 2047 1547 2106 poterunt
1586 2051 1771 2090 secum
1824 2034 1984 2097 ferre,
2014 2032 2159 2102 quod

570 2130 639 2183 ad
674 2129 964 2199 imaginem
1011 2128 1327 2183 Conditoris
1360 2128 1524 2187 homo
1570 2128 1639 2182 ab
1692 2127 1848 2181 initio
1882 2127 1951 2180 sit
1997 2126 2160 2180 eﬂ‘or-

572 2232 774 2277 matus.
808 2221 925 2275 Tibi
963 2232 1142 2277 autem
1176 2222 1302 2287 alia,
1343 2231 1509 2292 atque
1556 2221 1685 2285 alia,
1738 2236 1859 2289 qua?
1904 2219 2029 2274 hinc
2072 2234 2161 2289 pc-

568 2324 782 2379 tuntur,
817 2316 937 2370 sine
974 2317 1200 2385 penuria
1237 2323 1527 2385 suppetunt
1567 2313 1841 2383 exempla.
1883 2311 2160 2382 Sapientia

568 2408 735 2472 enim,
762 2408 846 2463 vis
896 2408 1163 2473 ell‘ectrix,
1212 2408 1617 2469 immortalitas,
1665 2415 1718 2461 et
1768 2406 1923 2476 plura
1975 2406 2163 2472 hujus-

568 2501 738 2566 modi,
766 2501 821 2553 in
853 2500 1074 2555 homine
1107 2515 1369 2570 expressa
1406 2515 1470 2554 ex
1510 2500 1684 2570 prima
1712 2500 1827 2564 illa,
1869 2506 1919 2552 et
1962 2498 2165 2552 incom-

569 2588 918 2655 prehensibili
963 2591 1249 2658 sapientia,
1296 2599 1349 2645 et
1398 2589 1668 2644 eﬂectrice
1703 2589 1774 2650 vi.
1817 2596 1979 2657 atque
2008 2600 2165 2643 mter

572 2683 760 2747 nitate,
782 2681 979 2735 divinae
1008 2691 1215 2736 naan
1263 2681 1677 2736 similitudinem
1713 2682 1912 2735 ferunt.
1952 2680 2009 2734 Si
2037 2680 2164 2749 quis

571 2783 755 2825 autem
800 2772 1075 2836 maluerit,
1126 2772 1290 2826 veluti
1327 2787 1393 2826 ex
1435 2772 1602 2826 variis
1632 2772 1928 2837 coloribus,
1959 2770 2167 2827 similli-

571 2877 717 2915 mam
752 2862 843 2915 Dei
874 2863 1165 2931 imaginem
1194 2864 1458 2932 exprimi;
1494 2872 1657 2933 atque
1684 2879 1746 2917 ex
1783 2864 1870 2917 his
1904 2864 2163 2917 omnibus

572 2953 1021 3021 pulcherrimam,
1056 2964 1108 3007 et
1132 2954 1595 3023 speciosiSsimam
1626 2954 1863 3008 hominis
1913 2954 2147 3008 formam

2267 2956 2360 3009 καὶ
2390 2955 2477 3008 διὰ
2499 2955 2703 3008 τούτων
2732 2955 2986 3009 ἁπάντων
3021 2953 3382 3025 μορφοῦσθαι,
3422 2954 3521 3006 καὶ
3567 2948 3817 3006 διατυποῦ·

569 3045 770 3115 cllingi,
804 3055 857 3099 et
884 3048 1077 3100 excudi
1115 3046 1434 3113 allirmarit;
1472 3048 1646 3101 isnon
1680 3047 1842 3101 modo
1870 3046 2156 3115 imaginem

2270 3046 2417 3113 σθαι,
2449 3047 2551 3119 τὴν
2580 3046 2882 3119 καλλίστην
2911 3064 2968 3099 τε
2999 3048 3093 3100 καὶ
3128 3046 3476 3117 ὡραιοτάτην
3513 3043 3716 3115 μορφὴν
3739 3040 3814 3093 τοῦ

568 3139 636 3192 ad
669 3151 917 3193 naturam
950 3149 1191 3193 nostram
1227 3141 1447 3210 proprie
1492 3141 1854 3209 pertinentem
1884 3138 2155 3202 ostendet,

2265 3141 2558 3213 ἀνθρώπου
2590 3142 2891 3213 ἀποφήνειε
2916 3158 2929 3171 ’
2966 3140 3105 3212 μετά
3160 3138 3254 3193 τοῦ
3309 3138 3604 3202 ἰδιάζοντος
3639 3135 3722 3190 ἐπὶ
3738 3134 3817 3203 τῆς

2330 2035 2518 2092 Ταῦτα
2554 2035 2669 2105 (90)
2714 2035 2759 2088 δ’
2791 2034 2857 2089 ἂν
2897 2034 2990 2087 καὶ
3039 2032 3118 2086 ἔτι
3144 2031 3469 2096 διασώζοιτο
3520 2030 3579 2086 τὸ
3611 2031 3722 2085 κατ’
3750 2032 3813 2084 εἰ·

2262 2130 2397 2185 κόνα
2463 2126 2559 2182 τοῦ
2624 2127 2936 2191 Πλάσαντος
2986 2128 3240 2196 ἀπαρχῆς
3280 2124 3814 2196 διαμορφωθῆναιτὺν

2261 2222 2578 2294 ἄνθρωπον.
2655 2220 2873 2273 Ἐνεστι
2918 2218 2975 2272 δέ
3028 2234 3109 2272 σοι
3157 2215 3368 2272 πολλῶν
3429 2216 3676 2271 ἐντεῦθεν
3738 2218 3815 2283 όρ-

2273 2303 2551 2386 μωμένων
2578 2350 2596 2379 ,
2667 2312 2761 2366 καὶ
2827 2312 3001 2367 ἀλλων
3073 2310 3539 2384 παραδειγμάτων
3598 2308 3816 2378 ἀφθονία.

2266 2407 2340 2459 Τὸ
2405 2408 2514 2476 γάρ
2570 2403 2756 2474 σοφὸν,
2837 2404 2928 2455 καὶ
2998 2402 3059 2456 τὸ
3147 2402 3574 2472 δημιουργικὸν,
3643 2402 3730 2454 καὶ
3770 2399 3817 2451 τὸ

2262 2498 2550 2561 ἀθάνατον,
2595 2497 2690 2550 καὶ
2739 2494 2911 2548 πολλὰ
2930 2494 3174 2558 τοιαῦτα,
3206 2497 3270 2547 ὲκ
3296 2494 3395 2563 τῆς
3434 2494 3674 2565 πρώτης,
3701 2492 3817 2543 ὲκεί-

2264 2608 2384 2660 νης,
2415 2590 2513 2643 καὶ
2552 2589 2694 2661 ὑπὲρ
2754 2588 2880 2641 νοῦν
2929 2588 3141 2657 σοφίας,
3204 2588 3298 2641 καὶ
3345 2587 3715 2657 δημιουργίας,
3740 2581 3815 2637 καὶ

2263 2682 2571 2753 ἀῖδιότητος
2592 2680 3037 2750 ἐντετυπωμένα,
3063 2679 3217 2749 φέρει
3247 2678 3347 2748 τῆς
3373 2678 3591 2747 φύσεως
3617 2676 3673 2729 τὸ
3687 2677 3815 2728 ἀπει-

2265 2772 2521 2841 κόνισμα.
2569 2773 2631 2825 Εἰ
2660 2771 2715 2824 δέ
2762 2787 2868 2835 τις,
2902 2772 3092 2842 ὥσπερ
3120 2771 3184 2823 ὲκ
3214 2769 3496 2839 διαφόρων
3520 2768 3813 2839 χρωμάτων,

2267 2863 2677 2933 θεοειδεστάτην
2736 2863 3047 2932 οἰκονομίαν
3100 2861 3513 2932 διαγράψασθαι
3565 2860 3812 2928 θελήσειε·

567 3237 663 3287 sed
713 3237 878 3288 etiam
930 3235 997 3288 ab
1051 3235 1385 3305 elegantiore
1440 3251 1623 3291 causa:
1668 3235 1995 3299 redditione,
2032 3249 2155 3289 meo

565 3329 787 3398 quidem
818 3328 1042 3397 judicio,
1083 3344 1189 3383 non
1220 3327 1459 3383 excidet.

640 3504 828 3574 Itaque
864 3504 996 3559 nihil
1024 3514 1108 3559 est
1144 3504 1288 3573 quod
1326 3520 1393 3559 ex
1432 3504 1593 3561 dictis
1630 3506 1885 3575 operibus
1925 3506 2053 3577 quid
2088 3508 2158 3562 sit

568 3593 773 3661 imago,
805 3601 899 3645 aut
933 3593 1059 3659 quid
1112 3593 1490 3662 archetypum,
1534 3602 1627 3649 aut
1654 3596 1784 3665 quid
1821 3596 2157 3665 illud,‘quod

570 3683 637 3734 ad
685 3682 977 3750 imaginem
1034 3682 1127 3735 Dei
1191 3684 1472 3736 conditum
1536 3696 1653 3749 est,
1727 3689 2153 3753 excogitemus:

572 3776 786 3827 tametsi
818 3774 1074 3843 imaginis
1103 3777 1327 3829 nomine
1352 3777 1576 3846 intelligi
1608 3789 1790 3845 posset
1821 3780 1983 3833 etiam
2026 3797 2157 3835 una-

569 3880 805 3934 quaaque
845 3880 1030 3918 earum
1064 3868 1464 3935 praastantium,
1508 3870 1880 3939 nobiliumque
1911 3872 2155 3940 proprie-

570 3965 771 4021 talum,
803 3972 939 4023 quas
980 3959 1245 4013 hactenus
1278 3962 1656 4015 recensuimus
1679 3979 1693 4027 ;
1720 3964 1884 4017 veluti
1936 3965 2157 4019 ratioci-

572 4047 738 4100 nandi
793 4047 1045 4113 facultas,
1106 4066 1214 4121 qua
1274 4052 1438 4106 homo
1485 4054 1670 4123 pollet,
1718 4061 1772 4109 et
1816 4071 2159 4125 qumcunque

572 4152 743 4204 nuper
773 4138 1004 4193 addueta
1036 4151 1183 4194 sunt.
1232 4139 1356 4195 lla-c
1386 4143 1530 4195 enim
1579 4143 1868 4213 imaginem
1914 4144 2153 4199 referunt

572 4227 889 4296 inell‘abilis,
943 4239 996 4284 et
1060 4231 1669 4301 incomprehensibilis,
1723 4251 1888 4305 quam
1941 4237 1993 4289 in
2047 4236 2157 4291 Deo

569 4322 1025 4390 contemplantnr,
1064 4324 1311 4385 ditionis,
1375 4326 1673 4394 sapientia},
1722 4321 2035 4391 creat'ionis,
2103 4337 2158 4383 et

568 4408 731 4464 Verbi
766 4411 929 4475 illius,
973 4413 1118 4481 quod
1154 4430 1254 4469 nec
1278 4415 1541 4480 dillluere,
1576 4432 1676 4470 nec
1712 4419 2017 4486 perturbari
2060 4435 2157 4490 po-

2262 3233 2473 3303 φύσεως
2502 3234 2660 3304 ⁴ἡμῶν
2686 3232 2946 3305 παρέχειν
2986 3233 3120 3301 όρᾷν
3151 3232 3251 3303 τὴν
3280 3230 3469 3283 εἰκόνα
3503 3225 3818 3298 γλαφυρωτέ-

2259 3344 2382 3398 ραν,
2408 3327 2471 3379 οῦ
2538 3344 2628 3397 μοι
2678 3327 2827 3380 δοκεῖ
2854 3326 3131 3381 διαπεσεῖν
3172 3325 3270 3395 τῆς
3325 3325 3471 3377 κατὰ
3524 3322 3625 3392 τὴν
3655 3318 3810 3374 αἰτίαν

2258 3420 2584 3483 ἀποδόσεως.

2331 3509 2542 3563 Οὐκοῦν
2590 3509 2741 3563 οὐδέν
2766 3510 2913 3562 ἐστιν
2934 3509 2999 3561 ὲκ
3024 3507 3132 3560 τῶν
3155 3504 3466 3577 εἰρημένων
3521 3504 3693 3576 ἔργων
3712 3499 3816 3555 οὔτε

2258 3603 2357 3671 τὴν
2392 3602 2576 3655 εἰκόνα
2599 3601 2802 3667 λαὸεἰν,
2849 3600 2971 3654 οὗτε
3009 3599 3071 3652 τὸ
3110 3598 3419 3669 ἀρχέτυπον
3468 3597 3686 3657 ἐννοεῖν,
3728 3585 3817 3646 οὐδ’

2258 3694 2286 3747 ὃ
2322 3694 2440 3747 κατ’
2464 3695 2648 3748 εἰκόνα
2678 3694 2811 3746 Θεοῦ
2847 3692 3243 3747 διαπέπλασται
3268 3707 3282 3721 '
3336 3691 3521 3744 καίτοι
3564 3686 3717 3743 εἰκὼν
3741 3687 3818 3757 μὲν

2259 3787 2327 3840 ἂν
2356 3787 2578 3857 νοηθείη
2611 3786 2748 3840 Θεοῦ
2780 3787 2874 3840 καὶ
2899 3786 3130 3839 ἕκαστον
3156 3785 3264 3838 τῶν
3307 3784 3618 3855 εἰρημένων
3664 3778 3818 3833 καλῶν

2257 3896 2319 3932 τε
2350 3880 2444 3931 καὶ
2476 3879 2674 3949 τιμίων
2698 3896 2711 3911 ο
2746 3876 2858 3931 οἷον
2895 3878 2958 3931 τὸ
2988 3878 3045 3930 ὲν
3073 3878 3150 3947 τῷ
3170 3874 3446 3946 ἀνθρώπῳ
3481 3872 3710 3942 λογικόν,
3741 3868 3819 3923 καὶ

2258 3973 2361 4026 ὅσα
2395 3973 2531 4024 ἀλλα
2562 3971 2911 4042 προείρηται.
2961 3971 3068 4024 Καὶ
3107 3971 3215 4041 γὰρ
3268 3967 3531 4032 εἰκονίξει
3564 3962 3819 4030 ταῦτατὴν

2262 4062 2405 4133 ὑπὲρ
2434 4062 2613 4130 λόγον,
2662 4062 2759 4115 καὶ
2806 4062 3016 4115 ἔννοιαν
3072 4062 3130 4115 ὲν
3157 4059 3237 4130 τῷ
3273 4058 3392 4128 Θεῷ
3463 4055 3819 4128 θεωρουμένην

2263 4155 2542 4225 βασιλείαν
2572 4174 2651 4221 τε,
2700 4156 2793 4209 καὶ
2822 4155 3038 4224 σοφίαν,
3072 4154 3167 4208 καὶ
3215 4152 3603 4223 δημιουργίαν,
3633 4146 3818 4201 καὶτὸν

2260 4247 2561 4317 ἄρρευστόν
2593 4264 2672 4311 τε,
2705 4248 2799 4299 καὶ
2832 4245 3044 4316 ἀπαθῆ,
3066 4246 3158 4298 καὶ
3188 4243 3478 4315 όμοούσιον
3516 4243 3702 4310 Λόγον.
3728 4235 3818 4291 Καὶ

2258 4340 2287 4391 ὁ
2320 4339 2606 4409 ἄνθρωπος
2659 4338 3046 4393 διαπλάττεται
3074 4339 3215 4391 κατά
3271 4336 3372 4407 τὴν
3412 4331 3815 4405 δημιουργικὴν»

2262 4429 2357 4481 καὶ
2424 4428 2730 4498 βασιλικὴν,
2789 4428 2883 4480 καὶ
2940 4426 3184 4498 λογικὴν,
3267 4427 3362 4479 καὶ
3448 4426 3641 4494 σοφίας
3712 4420 3817 4489 μέτ-

569 4510 693 4567 test,
730 4512 893 4572 atque
932 4504 1080 4558 Patri
1116 4517 1199 4560 est
1245 4508 1730 4563 eonsuhstantiale.
1778 4509 1838 4563 Et
1880 4519 2026 4565 certe
2071 4511 2152 4567 vis

2261 4536 2384 4590 οχον
2435 4519 2642 4582 εἰκόνα,
2672 4519 2772 4571 οὐκ
2799 4518 2963 4581 αὐτὸς
2988 4517 3062 4571 ὢν
3086 4516 3279 4589 (ταῦτα
3300 4516 3350 4568 εἴ
3373 4533 3458 4579 τις
3477 4511 3814 4579 λεπτολογεῖν.

566 4594 831 4659 ι·ἰ]“οοῑι·ἰι,
882 4594 1271 4649 dominationis
1307 4598 1628 4660 auctoritas,
1675 4599 2035 4654 ratiocinandi
2070 4600 2152 4656 fa-

566 4688 764 4750 cultas,
791 4695 847 4741 et
881 4688 1164 4756 sapientia:
1188 4688 1535 4757 participatio
1554 4704 1674 4743 esse
1693 4700 1915 4759 possent
1950 4692 2150 4764 imago,

565 4782 632 4835 ad
666 4796 831 4850 quam
876 4781 1040 4835 homo
1076 4780 1347 4836 lorinatus
1379 4790 1481 4846 est,
1518 4783 1646 4836 dum
1686 4799 1793 4837 non
1821 4792 1903 4839 est
1934 4785 2049 4855 ipse
2086 4802 2151 4841 ea

566 4869 746 4939 imago
782 4872 850 4939 (si
877 4872 1003 4940 quis
1039 4870 1152 4925 haec
1192 4870 1467 4925 subtiliter
1509 4874 1837 4941 expendere,
1869 4884 1923 4928 et
1966 4877 2148 4930 nomi-

563 4977 694 5015 num
741 4973 1063 5033 petestalem
1117 4963 1183 5017 ad
1230 4966 1465 5033 rigorem
1521 4965 1774 5034 persequi
1815 4981 2145 5035 supervaca-

2257 4612 2351 4664 καὶ
2377 4610 2511 4679 πρὸς
2532 4610 2823 4681 ἀκρίϐειαν
2848 4609 3152 4679 ἀνιχνεύειν
3192 4608 3300 4661 τῶν
3324 4608 3607 4674 ὀνομάτων
3627 4606 3717 4672 τὴν
3737 4599 3814 4653 δύο

2253 4720 2419 4771 ναμιν
2438 4702 2768 4773 ἀπερίεργον
2798 4702 3052 4771 νομίζει),
3073 4700 3209 4754 ἀλλὰ
3239 4700 3380 4754 κατὰ
3397 4699 3600 4770 ταυτὴν
3646 4698 3811 4751 διαπε-

2257 4792 2605 4862 πλασμένος·
2636 4792 2723 4845 ἵνα
2761 4793 2857 4845 καὶ
2913 4794 2947 4863 ἡ
2989 4790 3177 4855 εἰκὼν,
3237 4790 3334 4843 καὶ
3376 4790 3438 4842 τὸ
3490 4788 3610 4842 κατ’
3653 4784 3810 4838 εἰκόνα

2255 4881 2591 4951 σαφέστερον
2643 4879 2971 4952 θεωρηθείη,
2997 4882 3091 4934 καὶ
3119 4879 3257 4950 μηδὲ
3287 4878 3381 4932 τοῦ
3417 4871 3809 4948 πρωτοτύπουή

2253 4974 2444 5042 ἄγνοια
2470 4976 2601 5044 ἡμῖν
2631 4976 2868 5046 περιῄει.

564 5069 724 5107 neum
759 5070 866 5108 non
892 5054 1119 5127 censet),
1150 5056 1243 5110 sed
1273 5057 1576 5111 secundum
1607 5057 1779 5127 ipsam
1851 5060 2028 5118 factus
2094 5078 2216 5121 est:
2260 5079 2319 5123 ut
2357 5068 2523 5122 simul
2558 5076 2613 5123 ct
2641 5068 2840 5137 imago,
2884 5068 3107 5139 etquod
3148 5068 3214 5123 ad
3251 5067 3542 5138 imaginem
3582 5074 3679 5127 est,
3708 5060 3807 5130 pla'

563 5148 688 5201 nius
744 5147 1136 5218 intelligantur,
1186 5164 1286 5203 nec
1346 5149 1506 5204 nobis
1561 5151 1839 5221 exemplar
1894 5154 2148 5223 ignorare
2189 5160 2490 5230 contingat.

635 5238 691 5293 Si
726 5240 847 5309 quis
876 5251 1055 5295 autem
1085 5245 1188 5301 ista
1226 5243 1389 5297 simul
1425 5244 1489 5295 ad
1531 5243 1847 5312 imaginem,
1886 5254 1940 5299 et
1968 5261 2147 5302 exem-

558 5331 679 5400 plar
709 5332 961 5387 maluerit
992 5336 1251 5391 reducere
1291 5335 1523 5406 (scilicet
1548 5350 1654 5389 non
1686 5336 1941 5405 cogitarit
1967 5337 2147 5393 homi-

561 5438 684 5477 nem
721 5426 1020 5480 secundum
1060 5426 1194 5483 istas
1241 5426 1625 5497 proprietates,
1660 5442 1783 5497 quae
1816 5426 1909 5481 Dei
1966 5428 2147 5500 imago

2326 5254 2387 5307 Ei
2406 5255 2465 5308 δέ
2481 5273 2567 5320 τις
2615 5253 2789 5307 ταῦτα
2812 5255 3138 5323 συναγαγεῖν
3174 5251 3419 5319 ἑθελήσοι
3464 5250 3599 5322 πρὸς
3624 5246 3715 5318 τὴν
3741 5244 3799 5297 εἰ·

2256 5341 2411 5408 κόνα,
2438 5345 2533 5397 καὶ
2575 5342 2637 5397 τὸ
2671 5344 3049 5413 πρωτότυπον,
3085 5343 3239 5395 οὐδὲν
3272 5342 3381 5395 οὐδ’
3414 5336 3567 5405 οὗτος
3597 5340 3807 5407 διαμαρ-

2256 5435 2430 5489 τάνει.
2480 5437 2562 5489 Τά
2587 5436 2695 5508 γὰρ
2731 5439 2790 5489 ἐν
2820 5434 2938 5507 Θεῷ
2989 5436 3135 5508 μόνῳ
3195 5436 3577 5508 καθορώμενα,
3610 5428 3733 5486 Θεοῦ
3752 5427 3807 5482 ἂν

2034 5539 2271 5602 NOTAE.

635 5648 748 5725 (88)
785 5651 966 5725 Κατὰ,
987 5652 1132 5721 quod
1165 5654 1254 5710 hic
1283 5653 1501 5721 reﬁnxi,
1532 5656 1903 5725 calligraphus
1931 5655 2139 5714 dormi-

565 5728 686 5772 tans
721 5724 773 5772 in
804 5722 898 5772 καὶ
928 5732 1248 5779 mutaverat.

635 5789 749 5860 (89)
782 5789 1261 5865 Συμπροημμένην
1282 5795 1327 5849 si
1357 5796 1525 5865 legas,
1559 5813 1713 5873 atque
1766 5813 1986 5855 sensum
2036 5818 2133 5857 ex-

2249 5668 2437 5812 militi}
2457 5737 2698 5811 Sic‘puto
2729 5738 3128 5798 emendandum
3158 5754 3256 5810 pro
3284 5737 3477 5811 ταύτῃ.
