  <div class='ocr_page' id='page_1' title='image "/cluster/home/n/w/nwhite01/storage/ocr_20150623/101:no.1/coo.31924054870054/152.png"; bbox 0 0 4084 6440; ppageno 0'>
   <div class='ocr_carea' id='block_1_1' title="bbox 309 307 417 372">
    <p class='ocr_par' dir='ltr' id='par_1_1' title="bbox 309 307 417 372">
     <span class='ocr_line' id='line_1_1' title="bbox 309 307 417 372; baseline 0.037 -6"><span class='ocrx_word' id='word_1_1' title='bbox 309 307 417 372; x_wconf 73' lang='grc'><strong>257</strong></span> 
     </span>
    </p>
   </div>
   <div class='ocr_carea' id='block_1_2' title="bbox 1275 305 2670 392">
    <p class='ocr_par' dir='ltr' id='par_1_2' title="bbox 1275 305 2670 392">
     <span class='ocr_line' id='line_1_2' title="bbox 1275 305 2670 392; baseline 0.006 -23"><span class='ocrx_word' id='word_1_2' title='bbox 1275 310 1375 370; x_wconf 83' lang='grc' dir='ltr'><strong>ΑΙ)</strong></span> <span class='ocrx_word' id='word_1_3' title='bbox 1399 305 1998 370; x_wconf 81' lang='lat' dir='ltr'><strong>AMPHILOCHIUM</strong></span> <span class='ocrx_word' id='word_1_4' title='bbox 2027 305 2375 392; x_wconf 64' lang='lat' dir='ltr'><strong>QUz‘ESTIO</strong></span> <span class='ocrx_word' id='word_1_5' title='bbox 2401 311 2670 378; x_wconf 77' lang='lat' dir='ltr'><strong>XXXVI.</strong></span> 
     </span>
    </p>
   </div>
   <div class='ocr_carea' id='block_1_3' title="bbox 3497 325 3604 387">
    <p class='ocr_par' dir='ltr' id='par_1_3' title="bbox 3497 325 3604 387">
     <span class='ocr_line' id='line_1_3' title="bbox 3497 325 3604 387; baseline -0.009 0"><span class='ocrx_word' id='word_1_6' title='bbox 3497 325 3604 387; x_wconf 56' lang='lat'><strong>23:3</strong></span> 
     </span>
    </p>
   </div>
   <div class='ocr_carea' id='block_1_4' title="bbox 306 423 1890 510">
    <p class='ocr_par' dir='ltr' id='par_1_4' title="bbox 306 423 1890 500">
     <span class='ocr_line' id='line_1_4' title="bbox 306 423 1890 500; baseline -0.001 -21"><span class='ocrx_word' id='word_1_7' title='bbox 306 427 390 496; x_wconf 82' lang='grc' dir='ltr'>εἴη</span> <span class='ocrx_word' id='word_1_8' title='bbox 417 443 433 458; x_wconf 88' lang='grc'>·</span> <span class='ocrx_word' id='word_1_9' title='bbox 457 425 554 480; x_wconf 67' lang='grc' dir='ltr'>καὶ</span> <span class='ocrx_word' id='word_1_10' title='bbox 585 427 614 480; x_wconf 86' lang='grc' dir='ltr'><strong>ό</strong></span> <span class='ocrx_word' id='word_1_11' title='bbox 647 424 788 500; x_wconf 72' lang='grc' dir='ltr'>πρὸς</span> <span class='ocrx_word' id='word_1_12' title='bbox 843 427 1031 483; x_wconf 80' lang='grc' dir='ltr'>ἐκεῖνα</span> <span class='ocrx_word' id='word_1_13' title='bbox 1082 425 1448 497; x_wconf 78' lang='grc' dir='ltr'>τυπούμενος,</span> <span class='ocrx_word' id='word_1_14' title='bbox 1499 424 1635 498; x_wconf 79' lang='grc' dir='ltr'>πρὸς</span> <span class='ocrx_word' id='word_1_15' title='bbox 1657 424 1792 478; x_wconf 75' lang='grc' dir='ltr'>Θεὸν</span> <span class='ocrx_word' id='word_1_16' title='bbox 1847 423 1890 477; x_wconf 70' lang='lat' dir='ltr'><strong>Er</strong></span> 
     </span>
    </p>
   </div>
   <div class='ocr_carea' id='block_1_5' title="bbox 2000 423 3606 510">
    <p class='ocr_par' dir='ltr' id='par_1_5' title="bbox 2016 425 3606 510">
     <span class='ocr_line' id='line_1_5' title="bbox 2016 425 3606 510; baseline 0.013 -31"><span class='ocrx_word' id='word_1_17' title='bbox 2016 434 2164 491; x_wconf 89' lang='lat' dir='ltr'><strong>sunt,</strong></span> <span class='ocrx_word' id='word_1_18' title='bbox 2199 425 2370 484; x_wconf 76' lang='lat' dir='ltr'><strong>fuisse</strong></span> <span class='ocrx_word' id='word_1_19' title='bbox 2415 430 2720 504; x_wconf 88' lang='lat' dir='ltr'><strong>conditum)</strong></span> <span class='ocrx_word' id='word_1_20' title='bbox 2752 447 2821 490; x_wconf 87' lang='lat' dir='ltr'><strong>ne</strong></span> <span class='ocrx_word' id='word_1_21' title='bbox 2866 434 2916 492; x_wconf 71' lang='lat' dir='ltr'><strong>is</strong></span> <span class='ocrx_word' id='word_1_22' title='bbox 2943 438 3167 507; x_wconf 82' lang='lat' dir='ltr'><strong>quidem</strong></span> <span class='ocrx_word' id='word_1_23' title='bbox 3201 451 3431 497; x_wconf 81' lang='lat' dir='ltr'><strong>erraret.</strong></span> <span class='ocrx_word' id='word_1_24' title='bbox 3469 445 3606 510; x_wconf 66' lang='lat' dir='ltr'><strong>Quae</strong></span> 
     </span>
    </p>
   </div>
   <div class='ocr_carea' id='block_1_6' title="bbox 303 514 1912 590">
    <p class='ocr_par' dir='ltr' id='par_1_6' title="bbox 303 514 1912 590">
     <span class='ocr_line' id='line_1_6' title="bbox 303 514 1912 590; baseline -0.001 -21"><span class='ocrx_word' id='word_1_25' title='bbox 303 517 406 570; x_wconf 81' lang='grc' dir='ltr'>οὐκ</span> <span class='ocrx_word' id='word_1_26' title='bbox 425 517 642 585; x_wconf 78' lang='grc' dir='ltr'><strong>ἀλόγως</strong></span> <span class='ocrx_word' id='word_1_27' title='bbox 668 518 981 573; x_wconf 76' lang='grc' dir='ltr'><strong>τυποῦσθαι</strong></span> <span class='ocrx_word' id='word_1_28' title='bbox 1040 516 1258 590; x_wconf 76' lang='grc' dir='ltr'>ῥηθείη.</span> <span class='ocrx_word' id='word_1_29' title='bbox 1309 516 1588 578; x_wconf 77' lang='grc' dir='ltr'><strong>Ὡσαύτως</strong></span> <span class='ocrx_word' id='word_1_30' title='bbox 1636 515 1693 567; x_wconf 79' lang='grc' dir='ltr'>δὲ</span> <span class='ocrx_word' id='word_1_31' title='bbox 1732 514 1828 568; x_wconf 74' lang='grc' dir='ltr'>καὶ</span> <span class='ocrx_word' id='word_1_32' title='bbox 1861 515 1912 567; x_wconf 82' lang='grc' dir='ltr'><strong>εἰ</strong></span> 
     </span>
    </p>
   </div>
   <div class='ocr_carea' id='block_1_7' title="bbox 302 607 1912 682">
    <p class='ocr_par' dir='ltr' id='par_1_7' title="bbox 302 607 1912 682">
     <span class='ocr_line' id='line_1_7' title="bbox 302 607 1912 682; baseline 0 -22"><span class='ocrx_word' id='word_1_33' title='bbox 302 609 375 661; x_wconf 77' lang='grc' dir='ltr'>τὰ</span> <span class='ocrx_word' id='word_1_34' title='bbox 403 609 463 661; x_wconf 75' lang='grc' dir='ltr'>ἐν</span> <span class='ocrx_word' id='word_1_35' title='bbox 494 608 573 679; x_wconf 80' lang='grc' dir='ltr'>τῷ</span> <span class='ocrx_word' id='word_1_36' title='bbox 595 609 891 682; x_wconf 83' lang='grc' dir='ltr'><strong>ἀνθρώπῳ,</strong></span> <span class='ocrx_word' id='word_1_37' title='bbox 925 611 1002 674; x_wconf 85' lang='grc' dir='ltr'>ὡς</span> <span class='ocrx_word' id='word_1_38' title='bbox 1030 613 1086 664; x_wconf 83' lang='grc' dir='ltr'>ὲν</span> <span class='ocrx_word' id='word_1_39' title='bbox 1115 609 1214 681; x_wconf 79' lang='grc' dir='ltr'><strong>ὕλῃ</strong></span> <span class='ocrx_word' id='word_1_40' title='bbox 1236 609 1299 662; x_wconf 83' lang='grc' dir='ltr'><strong>τὺ</strong></span> <span class='ocrx_word' id='word_1_41' title='bbox 1320 609 1506 671; x_wconf 81' lang='grc' dir='ltr'>ἄῦλον,</span> <span class='ocrx_word' id='word_1_42' title='bbox 1533 609 1609 672; x_wconf 83' lang='grc' dir='ltr'>ὼς</span> <span class='ocrx_word' id='word_1_43' title='bbox 1632 607 1912 678; x_wconf 81' lang='grc' dir='ltr'>παραχθὲν</span> 
     </span>
    </p>
   </div>
   <div class='ocr_carea' id='block_1_8' title="bbox 302 697 1910 773">
    <p class='ocr_par' dir='ltr' id='par_1_8' title="bbox 302 697 1910 773">
     <span class='ocr_line' id='line_1_8' title="bbox 302 697 1910 773; baseline 0 -23"><span class='ocrx_word' id='word_1_44' title='bbox 302 699 400 752; x_wconf 73' lang='grc' dir='ltr'><strong>τὸν</strong></span> <span class='ocrx_word' id='word_1_45' title='bbox 435 701 759 773; x_wconf 80' lang='grc' dir='ltr'>παράγοντα</span> <span class='ocrx_word' id='word_1_46' title='bbox 790 701 1146 766; x_wconf 78' lang='grc' dir='ltr'>ἐξεικονίζειν</span> <span class='ocrx_word' id='word_1_47' title='bbox 1178 700 1370 754; x_wconf 75' lang='grc' dir='ltr'>ἔλαϐεν</span> <span class='ocrx_word' id='word_1_48' title='bbox 1411 698 1566 769; x_wconf 75' lang='grc' dir='ltr'>ίσχῦν</span> <span class='ocrx_word' id='word_1_49' title='bbox 1603 697 1816 770; x_wconf 86' lang='grc' dir='ltr'>(γέγονε</span> <span class='ocrx_word' id='word_1_50' title='bbox 1853 697 1910 750; x_wconf 83' lang='grc' dir='ltr'>δὲ</span> 
     </span>
    </p>
   </div>
   <div class='ocr_carea' id='block_1_9' title="bbox 303 788 1909 864">
    <p class='ocr_par' dir='ltr' id='par_1_9' title="bbox 303 788 1909 864">
     <span class='ocr_line' id='line_1_9' title="bbox 303 788 1909 864; baseline -0.002 -21"><span class='ocrx_word' id='word_1_51' title='bbox 303 790 484 844; x_wconf 79' lang='grc' dir='ltr'>ταῦτα</span> <span class='ocrx_word' id='word_1_52' title='bbox 537 792 717 863; x_wconf 83' lang='grc' dir='ltr'>χάριτι</span> <span class='ocrx_word' id='word_1_53' title='bbox 745 793 865 863; x_wconf 73' lang='grc' dir='ltr'>θείᾳ</span> <span class='ocrx_word' id='word_1_54' title='bbox 914 794 1008 846; x_wconf 77' lang='grc' dir='ltr'>καὶ</span> <span class='ocrx_word' id='word_1_55' title='bbox 1042 793 1221 864; x_wconf 82' lang='grc' dir='ltr'>δωρεᾷ</span> <span class='ocrx_word' id='word_1_56' title='bbox 1242 793 1339 845; x_wconf 87' lang='grc' dir='ltr'><strong>τοῦ</strong></span> <span class='ocrx_word' id='word_1_57' title='bbox 1369 788 1709 862; x_wconf 84' lang='grc' dir='ltr'>ἀνθρώπου),</span> <span class='ocrx_word' id='word_1_58' title='bbox 1737 789 1796 841; x_wconf 81' lang='grc' dir='ltr'>ὲν</span> <span class='ocrx_word' id='word_1_59' title='bbox 1831 788 1909 860; x_wconf 80' lang='grc' dir='ltr'><strong>τῷ</strong></span> 
     </span>
    </p>
   </div>
   <div class='ocr_carea' id='block_1_10' title="bbox 304 881 1903 956">
    <p class='ocr_par' dir='ltr' id='par_1_10' title="bbox 304 881 1903 956">
     <span class='ocr_line' id='line_1_10' title="bbox 304 881 1903 956; baseline -0.002 -20"><span class='ocrx_word' id='word_1_60' title='bbox 304 885 482 936; x_wconf 77' lang='grc' dir='ltr'><strong>εἰκότι</strong></span> <span class='ocrx_word' id='word_1_61' title='bbox 512 885 654 956; x_wconf 82' lang='grc' dir='ltr'>λόγῳ</span> <span class='ocrx_word' id='word_1_62' title='bbox 677 884 894 956; x_wconf 78' lang='grc' dir='ltr'>λεχθείη</span> <span class='ocrx_word' id='word_1_63' title='bbox 923 885 993 939; x_wconf 81' lang='grc' dir='ltr'>ἂν</span> <span class='ocrx_word' id='word_1_64' title='bbox 1025 888 1122 939; x_wconf 80' lang='grc' dir='ltr'>καὶ</span> <span class='ocrx_word' id='word_1_65' title='bbox 1162 887 1190 938; x_wconf 88' lang='grc' dir='ltr'>ὁ</span> <span class='ocrx_word' id='word_1_66' title='bbox 1211 883 1502 955; x_wconf 80' lang='grc' dir='ltr'>ἄνθρωπος</span> <span class='ocrx_word' id='word_1_67' title='bbox 1536 881 1703 935; x_wconf 85' lang='grc' dir='ltr'>εἰκὼν</span> <span class='ocrx_word' id='word_1_68' title='bbox 1739 897 1903 950; x_wconf 79' lang='grc' dir='ltr'>γεγεο</span> 
     </span>
    </p>
   </div>
   <div class='ocr_carea' id='block_1_11' title="bbox 302 976 690 1048">
    <p class='ocr_par' dir='ltr' id='par_1_11' title="bbox 302 976 690 1048">
     <span class='ocr_line' id='line_1_11' title="bbox 302 976 690 1048; baseline 0.005 -19"><span class='ocrx_word' id='word_1_69' title='bbox 302 980 376 1048; x_wconf 82' lang='grc' dir='ltr'>νῆ</span> <span class='ocrx_word' id='word_1_70' title='bbox 386 977 504 1030; x_wconf 88' lang='grc' dir='ltr'>σθαι</span> <span class='ocrx_word' id='word_1_71' title='bbox 535 976 690 1032; x_wconf 84' lang='grc' dir='ltr'>Θεοῦ.</span> 
     </span>
    </p>
   </div>
   <div class='ocr_carea' id='block_1_12' title="bbox 371 1241 1903 1316">
    <p class='ocr_par' dir='ltr' id='par_1_12' title="bbox 371 1241 1903 1316">
     <span class='ocr_line' id='line_1_12' title="bbox 371 1241 1903 1316; baseline 0.001 -23"><span class='ocrx_word' id='word_1_72' title='bbox 371 1241 464 1295; x_wconf 80' lang='grc' dir='ltr'>Διὸ</span> <span class='ocrx_word' id='word_1_73' title='bbox 501 1243 599 1296; x_wconf 75' lang='grc' dir='ltr'>καὶ</span> <span class='ocrx_word' id='word_1_74' title='bbox 624 1243 653 1296; x_wconf 87' lang='grc' dir='ltr'><strong>ό</strong></span> <span class='ocrx_word' id='word_1_75' title='bbox 691 1243 833 1308; x_wconf 87' lang='grc' dir='ltr'>θεῖος</span> <span class='ocrx_word' id='word_1_76' title='bbox 856 1242 1160 1316; x_wconf 88' lang='grc' dir='ltr'>Γρηγόριος</span> <span class='ocrx_word' id='word_1_77' title='bbox 1196 1241 1352 1312; x_wconf 74' lang='grc' dir='ltr'>ἔλεγε</span> <span class='ocrx_word' id='word_1_78' title='bbox 1374 1259 1388 1274; x_wconf 89' lang='grc'><strong>·</strong></span> <span class='ocrx_word' id='word_1_79' title='bbox 1437 1261 1457 1294; x_wconf 80' lang='grc' dir='ltr'><strong>ι</strong></span> <span class='ocrx_word' id='word_1_80' title='bbox 1482 1242 1620 1312; x_wconf 84' lang='grc' dir='ltr'>Παρ’</span> <span class='ocrx_word' id='word_1_81' title='bbox 1640 1241 1821 1314; x_wconf 79' lang='grc' dir='ltr'>ἐαυτῷ</span> <span class='ocrx_word' id='word_1_82' title='bbox 1848 1241 1903 1295; x_wconf 79' lang='grc' dir='ltr'>δὲ</span> 
     </span>
    </p>
   </div>
   <div class='ocr_carea' id='block_1_13' title="bbox 288 1333 1900 1407">
    <p class='ocr_par' dir='ltr' id='par_1_13' title="bbox 288 1333 1900 1407">
     <span class='ocr_line' id='line_1_13' title="bbox 288 1333 1900 1407; baseline 0.002 -22"><span class='ocrx_word' id='word_1_83' title='bbox 288 1334 472 1406; x_wconf 71' lang='grc' dir='ltr'>’πνοὴν</span> <span class='ocrx_word' id='word_1_84' title='bbox 491 1335 692 1399; x_wconf 77' lang='grc' dir='ltr'>ἐνθεὶς,</span> <span class='ocrx_word' id='word_1_85' title='bbox 747 1335 776 1388; x_wconf 87' lang='grc' dir='ltr'><strong>δ</strong></span> <span class='ocrx_word' id='word_1_86' title='bbox 812 1337 879 1405; x_wconf 82' lang='grc' dir='ltr'>δὴ</span> <span class='ocrx_word' id='word_1_87' title='bbox 921 1336 1117 1406; x_wconf 77' lang='grc' dir='ltr'>νοερὰν</span> <span class='ocrx_word' id='word_1_88' title='bbox 1161 1335 1362 1407; x_wconf 77' lang='grc' dir='ltr'>ψυχὴν,</span> <span class='ocrx_word' id='word_1_89' title='bbox 1409 1337 1506 1388; x_wconf 74' lang='grc' dir='ltr'>καὶ</span> <span class='ocrx_word' id='word_1_90' title='bbox 1543 1336 1728 1390; x_wconf 90' lang='grc' dir='ltr'>εἰκόνα</span> <span class='ocrx_word' id='word_1_91' title='bbox 1761 1333 1900 1388; x_wconf 83' lang='grc' dir='ltr'><strong>Θεοῦ</strong></span> 
     </span>
    </p>
   </div>
   <div class='ocr_carea' id='block_1_14' title="bbox 281 1420 1903 1499">
    <p class='ocr_par' dir='ltr' id='par_1_14' title="bbox 281 1420 1903 1499">
     <span class='ocr_line' id='line_1_14' title="bbox 281 1420 1903 1499; baseline 0.001 -21"><span class='ocrx_word' id='word_1_92' title='bbox 281 1420 446 1479; x_wconf 73' lang='grc' dir='ltr'>οἶδεν</span> <span class='ocrx_word' id='word_1_93' title='bbox 483 1429 511 1480; x_wconf 86' lang='grc' dir='ltr'><strong><em>ὁ</em></strong></span> <span class='ocrx_word' id='word_1_94' title='bbox 538 1428 714 1496; x_wconf 82' lang='grc' dir='ltr'>λόγος.</span> <span class='ocrx_word' id='word_1_95' title='bbox 741 1447 763 1481; x_wconf 73' lang='grc' dir='ltr'><strong>ι</strong></span> <span class='ocrx_word' id='word_1_96' title='bbox 814 1428 1134 1499; x_wconf 77' lang='grc' dir='ltr'>Συνοπτικῷ</span> <span class='ocrx_word' id='word_1_97' title='bbox 1158 1428 1266 1498; x_wconf 87' lang='grc' dir='ltr'><strong>γὰρ</strong></span> <span class='ocrx_word' id='word_1_98' title='bbox 1289 1427 1450 1497; x_wconf 84' lang='grc' dir='ltr'><strong>τύπῳ</strong></span> <span class='ocrx_word' id='word_1_99' title='bbox 1481 1427 1686 1498; x_wconf 82' lang='grc' dir='ltr'>χαίρων</span> <span class='ocrx_word' id='word_1_100' title='bbox 1704 1429 1732 1481; x_wconf 88' lang='grc' dir='ltr'><strong>ό</strong></span> <span class='ocrx_word' id='word_1_101' title='bbox 1759 1427 1903 1498; x_wconf 71' lang='grc' dir='ltr'>ἱερὸς</span> 
     </span>
    </p>
   </div>
   <div class='ocr_carea' id='block_1_15' title="bbox 285 1519 1901 1592">
    <p class='ocr_par' dir='ltr' id='par_1_15' title="bbox 285 1519 1901 1592">
     <span class='ocr_line' id='line_1_15' title="bbox 285 1519 1901 1592; baseline -0.001 -21"><span class='ocrx_word' id='word_1_102' title='bbox 285 1521 510 1584; x_wconf 77' lang='grc' dir='ltr'>ἐκεῖνος</span> <span class='ocrx_word' id='word_1_103' title='bbox 537 1519 843 1590; x_wconf 81' lang='grc' dir='ltr'>ἄνθρωπος,</span> <span class='ocrx_word' id='word_1_104' title='bbox 878 1522 972 1573; x_wconf 74' lang='grc' dir='ltr'>καὶ</span> <span class='ocrx_word' id='word_1_105' title='bbox 997 1520 1231 1592; x_wconf 78' lang='grc' dir='ltr'><strong>βραχείᾳ</strong></span> <span class='ocrx_word' id='word_1_106' title='bbox 1259 1520 1525 1591; x_wconf 82' lang='grc' dir='ltr'><strong>ῥημάτων</strong></span> <span class='ocrx_word' id='word_1_107' title='bbox 1555 1519 1730 1590; x_wconf 82' lang='grc' dir='ltr'>πλοκῇ</span> <span class='ocrx_word' id='word_1_108' title='bbox 1771 1519 1901 1572; x_wconf 84' lang='grc' dir='ltr'>πολ-</span> 
     </span>
    </p>
   </div>
   <div class='ocr_carea' id='block_1_16' title="bbox 283 1611 1900 1684">
    <p class='ocr_par' dir='ltr' id='par_1_16' title="bbox 283 1611 1900 1684">
     <span class='ocr_line' id='line_1_16' title="bbox 283 1611 1900 1684; baseline -0.002 -18"><span class='ocrx_word' id='word_1_109' title='bbox 283 1613 408 1666; x_wconf 78' lang='grc' dir='ltr'>λῶν</span> <span class='ocrx_word' id='word_1_110' title='bbox 429 1614 717 1684; x_wconf 78' lang='grc' dir='ltr'><strong>νοημάτων</strong></span> <span class='ocrx_word' id='word_1_111' title='bbox 737 1611 1105 1683; x_wconf 69' lang='grc' dir='ltr'><strong>ἀπαγγέλλειν</strong></span> <span class='ocrx_word' id='word_1_112' title='bbox 1129 1613 1416 1684; x_wconf 83' lang='grc' dir='ltr'>περιοχὴν,</span> <span class='ocrx_word' id='word_1_113' title='bbox 1439 1611 1641 1683; x_wconf 78' lang='grc' dir='ltr'>μικροῦ</span> <span class='ocrx_word' id='word_1_114' title='bbox 1659 1613 1786 1676; x_wconf 79' lang='grc' dir='ltr'>τοὺς</span> <span class='ocrx_word' id='word_1_115' title='bbox 1809 1611 1900 1664; x_wconf 77' lang='grc' dir='ltr'>λό-</span> 
     </span>
    </p>
   </div>
   <div class='ocr_carea' id='block_1_17' title="bbox 289 1703 1897 1777">
    <p class='ocr_par' dir='ltr' id='par_1_17' title="bbox 289 1703 1897 1777">
     <span class='ocr_line' id='line_1_17' title="bbox 289 1703 1897 1777; baseline -0.001 -18"><span class='ocrx_word' id='word_1_116' title='bbox 289 1722 434 1774; x_wconf 83' lang='grc' dir='ltr'>γους</span> <span class='ocrx_word' id='word_1_117' title='bbox 462 1706 792 1774; x_wconf 40' lang='grc' dir='ltr'>αὑτοῦικατὰ</span> <span class='ocrx_word' id='word_1_118' title='bbox 812 1707 912 1777; x_wconf 78' lang='grc' dir='ltr'>τὴν</span> <span class='ocrx_word' id='word_1_119' title='bbox 938 1706 1082 1760; x_wconf 81' lang='grc' dir='ltr'>ἰδέαν</span> <span class='ocrx_word' id='word_1_120' title='bbox 1107 1708 1312 1776; x_wconf 82' lang='grc' dir='ltr'>ταύτην</span> <span class='ocrx_word' id='word_1_121' title='bbox 1329 1703 1897 1758; x_wconf 81' lang='grc' dir='ltr'>συνδιαποικίλλεσθαι</span> 
     </span>
    </p>
   </div>
   <div class='ocr_carea' id='block_1_18' title="bbox 292 1772 1975 1869">
    <p class='ocr_par' dir='ltr' id='par_1_18' title="bbox 292 1772 1975 1869">
     <span class='ocr_line' id='line_1_18' title="bbox 292 1772 1975 1869; baseline 0 -17"><span class='ocrx_word' id='word_1_122' title='bbox 292 1772 467 1856; x_wconf 69' lang='grc' dir='ltr'>ποιεῖ.</span> <span class='ocrx_word' id='word_1_123' title='bbox 493 1799 580 1852; x_wconf 79' lang='grc' dir='ltr'><strong>Διὸ</strong></span> <span class='ocrx_word' id='word_1_124' title='bbox 607 1772 914 1863; x_wconf 58' lang='grc' dir='ltr'>κάνταῦθα,</span> <span class='ocrx_word' id='word_1_125' title='bbox 953 1817 972 1850; x_wconf 82' lang='grc' dir='ltr'><strong>ι</strong></span> <span class='ocrx_word' id='word_1_126' title='bbox 1000 1798 1197 1869; x_wconf 77' lang='grc' dir='ltr'>Πνοὴν,</span> <span class='ocrx_word' id='word_1_127' title='bbox 1230 1772 1425 1863; x_wconf 77' lang='grc' dir='ltr'>εἰπὼν,</span> <span class='ocrx_word' id='word_1_128' title='bbox 1459 1796 1637 1860; x_wconf 68' lang='grc' dir='ltr'>ἐνθεὶς</span> <span class='ocrx_word' id='word_1_129' title='bbox 1660 1816 1679 1849; x_wconf 77' lang='grc' dir='ltr'><strong>ι</strong></span> <span class='ocrx_word' id='word_1_130' title='bbox 1712 1797 1759 1868; x_wconf 83' lang='grc' dir='ltr'>(ὃ</span> <span class='ocrx_word' id='word_1_131' title='bbox 1797 1797 1897 1869; x_wconf 81' lang='grc' dir='ltr'><strong>τὴν</strong></span> <span class='ocrx_word' id='word_1_132' title='bbox 1927 1772 1975 1831; x_wconf 80' lang='grc' dir='ltr'><strong>Β</strong></span> 
     </span>
    </p>
   </div>
   <div class='ocr_carea' id='block_1_19' title="bbox 282 1886 1897 1961">
    <p class='ocr_par' dir='ltr' id='par_1_19' title="bbox 282 1886 1897 1961">
     <span class='ocr_line' id='line_1_19' title="bbox 282 1886 1897 1961; baseline -0.001 -19"><span class='ocrx_word' id='word_1_133' title='bbox 282 1889 699 1961; x_wconf 72' lang='grc' dir='ltr'><strong>δημιουργικὴν</strong></span> <span class='ocrx_word' id='word_1_134' title='bbox 725 1892 880 1961; x_wconf 76' lang='grc' dir='ltr'>ἰσχὺν</span> <span class='ocrx_word' id='word_1_135' title='bbox 903 1891 1090 1960; x_wconf 74' lang='grc' dir='ltr'>ἐπεῖχε</span> <span class='ocrx_word' id='word_1_136' title='bbox 1123 1889 1226 1960; x_wconf 81' lang='grc' dir='ltr'>τῆς</span> <span class='ocrx_word' id='word_1_137' title='bbox 1251 1888 1475 1960; x_wconf 69' lang='grc' dir='ltr'>ψυχῆς),</span> <span class='ocrx_word' id='word_1_138' title='bbox 1495 1887 1618 1942; x_wconf 71' lang='grc' dir='ltr'>ἀντὶ</span> <span class='ocrx_word' id='word_1_139' title='bbox 1639 1886 1735 1941; x_wconf 86' lang='grc' dir='ltr'><strong>τοῦ</strong></span> <span class='ocrx_word' id='word_1_140' title='bbox 1762 1889 1897 1941; x_wconf 81' lang='grc' dir='ltr'>ταύ-</span> 
     </span>
    </p>
   </div>
   <div class='ocr_carea' id='block_1_20' title="bbox 282 1981 1894 2055">
    <p class='ocr_par' dir='ltr' id='par_1_20' title="bbox 282 1981 1894 2055">
     <span class='ocr_line' id='line_1_20' title="bbox 282 1981 1894 2055; baseline -0.001 -20"><span class='ocrx_word' id='word_1_141' title='bbox 282 1997 398 2054; x_wconf 83' lang='grc' dir='ltr'><strong>την</strong></span> <span class='ocrx_word' id='word_1_142' title='bbox 420 1984 486 2053; x_wconf 80' lang='grc' dir='ltr'><strong>τῇ</strong></span> <span class='ocrx_word' id='word_1_143' title='bbox 537 1983 808 2055; x_wconf 74' lang='grc' dir='ltr'><strong>ἑρμηνείᾳ</strong></span> <span class='ocrx_word' id='word_1_144' title='bbox 831 1984 932 2055; x_wconf 76' lang='grc' dir='ltr'>τὴν</span> <span class='ocrx_word' id='word_1_145' title='bbox 953 1984 1240 2038; x_wconf 81' lang='grc' dir='ltr'>διάστασιν</span> <span class='ocrx_word' id='word_1_146' title='bbox 1269 1981 1610 2047; x_wconf 81' lang='grc' dir='ltr'>ὲξαπλῶσαι,</span> <span class='ocrx_word' id='word_1_147' title='bbox 1637 1999 1894 2036; x_wconf 82' lang='grc' dir='ltr'>συνοπτι-</span> 
     </span>
    </p>
   </div>
   <div class='ocr_carea' id='block_1_21' title="bbox 288 2073 1898 2147">
    <p class='ocr_par' dir='ltr' id='par_1_21' title="bbox 288 2073 1898 2147">
     <span class='ocr_line' id='line_1_21' title="bbox 288 2073 1898 2147; baseline -0.001 -18"><span class='ocrx_word' id='word_1_148' title='bbox 288 2076 416 2138; x_wconf 85' lang='grc' dir='ltr'>κῶς</span> <span class='ocrx_word' id='word_1_149' title='bbox 439 2078 760 2147; x_wconf 72' lang='grc' dir='ltr'>ἀπεφήνατο</span> <span class='ocrx_word' id='word_1_150' title='bbox 793 2075 935 2130; x_wconf 87' lang='grc' dir='ltr'>λίαν.</span> <span class='ocrx_word' id='word_1_151' title='bbox 971 2094 994 2129; x_wconf 70' lang='grc' dir='ltr'>ί</span> <span class='ocrx_word' id='word_1_152' title='bbox 1020 2078 1085 2130; x_wconf 90' lang='grc' dir='ltr'><strong>Ὃ</strong></span> <span class='ocrx_word' id='word_1_153' title='bbox 1123 2075 1188 2145; x_wconf 84' lang='grc' dir='ltr'>δὴ</span> <span class='ocrx_word' id='word_1_154' title='bbox 1212 2075 1308 2130; x_wconf 76' lang='grc' dir='ltr'><strong>καὶ</strong></span> <span class='ocrx_word' id='word_1_155' title='bbox 1343 2091 1539 2143; x_wconf 85' lang='grc' dir='ltr'>νοεραν</span> <span class='ocrx_word' id='word_1_156' title='bbox 1568 2073 1769 2146; x_wconf 75' lang='grc' dir='ltr'>ψυχὴν,</span> <span class='ocrx_word' id='word_1_157' title='bbox 1804 2075 1898 2128; x_wconf 82' lang='grc' dir='ltr'>καὶ</span> 
     </span>
    </p>
   </div>
   <div class='ocr_carea' id='block_1_22' title="bbox 281 2166 1896 2239">
    <p class='ocr_par' dir='ltr' id='par_1_22' title="bbox 281 2166 1896 2239">
     <span class='ocr_line' id='line_1_22' title="bbox 281 2166 1896 2239; baseline 0.001 -19"><span class='ocrx_word' id='word_1_158' title='bbox 281 2169 480 2221; x_wconf 80' lang='grc' dir='ltr'>εἰκόνα</span> <span class='ocrx_word' id='word_1_159' title='bbox 511 2168 647 2222; x_wconf 88' lang='grc' dir='ltr'>Θεοῦ</span> <span class='ocrx_word' id='word_1_160' title='bbox 669 2166 812 2221; x_wconf 79' lang='grc' dir='ltr'>οἶδεν</span> <span class='ocrx_word' id='word_1_161' title='bbox 833 2169 864 2221; x_wconf 89' lang='grc' dir='ltr'><strong>ό</strong></span> <span class='ocrx_word' id='word_1_162' title='bbox 891 2167 1069 2237; x_wconf 79' lang='grc' dir='ltr'>λόγος.</span> <span class='ocrx_word' id='word_1_163' title='bbox 1095 2185 1112 2220; x_wconf 78' lang='grc' dir='ltr'><strong>ι</strong></span> <span class='ocrx_word' id='word_1_164' title='bbox 1141 2167 1383 2222; x_wconf 79' lang='grc' dir='ltr'>Διαπλοό</span> <span class='ocrx_word' id='word_1_165' title='bbox 1391 2184 1552 2238; x_wconf 85' lang='grc' dir='ltr'>μενος</span> <span class='ocrx_word' id='word_1_166' title='bbox 1575 2167 1620 2221; x_wconf 85' lang='grc' dir='ltr'>δ’</span> <span class='ocrx_word' id='word_1_167' title='bbox 1644 2167 1796 2239; x_wconf 84' lang='grc' dir='ltr'>αὐτῷ</span> <span class='ocrx_word' id='word_1_168' title='bbox 1817 2167 1896 2237; x_wconf 81' lang='grc' dir='ltr'><strong>τῷ</strong></span> 
     </span>
    </p>
   </div>
   <div class='ocr_carea' id='block_1_23' title="bbox 277 2258 1893 2333">
    <p class='ocr_par' dir='ltr' id='par_1_23' title="bbox 277 2258 1893 2333">
     <span class='ocr_line' id='line_1_23' title="bbox 277 2258 1893 2333; baseline -0.001 -17"><span class='ocrx_word' id='word_1_169' title='bbox 277 2263 526 2333; x_wconf 78' lang='grc' dir='ltr'>νοήματι</span> <span class='ocrx_word' id='word_1_170' title='bbox 555 2262 661 2333; x_wconf 77' lang='grc' dir='ltr'><strong>ἔφη</strong></span> <span class='ocrx_word' id='word_1_171' title='bbox 683 2279 697 2293; x_wconf 90' lang='grc'><strong>·</strong></span> <span class='ocrx_word' id='word_1_172' title='bbox 726 2280 745 2314; x_wconf 77' lang='lat' dir='ltr'><strong>t</strong></span> <span class='ocrx_word' id='word_1_173' title='bbox 762 2262 925 2324; x_wconf 83' lang='grc' dir='ltr'>Ἧτις</span> <span class='ocrx_word' id='word_1_174' title='bbox 947 2259 1047 2332; x_wconf 78' lang='grc' dir='ltr'>τὴν</span> <span class='ocrx_word' id='word_1_175' title='bbox 1073 2277 1158 2314; x_wconf 87' lang='grc' dir='ltr'><strong>νοε</strong></span> <span class='ocrx_word' id='word_1_176' title='bbox 1169 2259 1269 2329; x_wconf 83' lang='grc' dir='ltr'><strong>ρὰν</strong></span> <span class='ocrx_word' id='word_1_177' title='bbox 1291 2258 1471 2330; x_wconf 77' lang='grc' dir='ltr'>ψυχὴν</span> <span class='ocrx_word' id='word_1_178' title='bbox 1489 2258 1893 2330; x_wconf 80' lang='grc' dir='ltr'>ἐδημιούργησέ</span> 
     </span>
    </p>
   </div>
   <div class='ocr_carea' id='block_1_24' title="bbox 274 2347 1888 2426">
    <p class='ocr_par' dir='ltr' id='par_1_24' title="bbox 274 2347 1888 2426">
     <span class='ocr_line' id='line_1_24' title="bbox 274 2347 1888 2426; baseline -0.001 -19"><span class='ocrx_word' id='word_1_179' title='bbox 274 2371 376 2420; x_wconf 76' lang='grc' dir='ltr'><strong>τε,</strong></span> <span class='ocrx_word' id='word_1_180' title='bbox 405 2356 498 2408; x_wconf 80' lang='grc' dir='ltr'>καὶ</span> <span class='ocrx_word' id='word_1_181' title='bbox 529 2356 849 2426; x_wconf 80' lang='grc' dir='ltr'>προήγαγεν</span> <span class='ocrx_word' id='word_1_182' title='bbox 871 2369 885 2383; x_wconf 75' lang='grc' dir='ltr'><strong>ο</strong></span> <span class='ocrx_word' id='word_1_183' title='bbox 925 2354 992 2424; x_wconf 78' lang='grc' dir='ltr'>ἢν</span> <span class='ocrx_word' id='word_1_184' title='bbox 1019 2351 1206 2405; x_wconf 78' lang='grc' dir='ltr'>εἰκόνα</span> <span class='ocrx_word' id='word_1_185' title='bbox 1232 2350 1370 2404; x_wconf 86' lang='grc' dir='ltr'>Θεοῦ</span> <span class='ocrx_word' id='word_1_186' title='bbox 1413 2347 1554 2405; x_wconf 75' lang='grc' dir='ltr'>εἶδεν</span> <span class='ocrx_word' id='word_1_187' title='bbox 1591 2354 1619 2406; x_wconf 90' lang='grc' dir='ltr'><strong>ό</strong></span> <span class='ocrx_word' id='word_1_188' title='bbox 1656 2352 1836 2422; x_wconf 89' lang='grc' dir='ltr'>λόγος.</span> <span class='ocrx_word' id='word_1_189' title='bbox 1871 2373 1888 2406; x_wconf 81' lang='grc' dir='ltr'><strong>ι</strong></span> 
     </span>
    </p>
   </div>
   <div class='ocr_carea' id='block_1_25' title="bbox 2014 514 3607 603">
    <p class='ocr_par' dir='ltr' id='par_1_25' title="bbox 2014 514 3607 603">
     <span class='ocr_line' id='line_1_25' title="bbox 2014 514 3607 603; baseline 0.016 -33"><span class='ocrx_word' id='word_1_190' title='bbox 2014 514 2158 570; x_wconf 86' lang='lat' dir='ltr'><strong>enim</strong></span> <span class='ocrx_word' id='word_1_191' title='bbox 2192 517 2248 572; x_wconf 92' lang='lat' dir='ltr'><strong>in</strong></span> <span class='ocrx_word' id='word_1_192' title='bbox 2282 520 2402 575; x_wconf 90' lang='lat' dir='ltr'><strong>solo</strong></span> <span class='ocrx_word' id='word_1_193' title='bbox 2440 521 2549 576; x_wconf 90' lang='lat' dir='ltr'><strong>Deo</strong></span> <span class='ocrx_word' id='word_1_194' title='bbox 2574 525 2998 596; x_wconf 88' lang='lat' dir='ltr'><strong>perspiciuntur,</strong></span> <span class='ocrx_word' id='word_1_195' title='bbox 3021 529 3113 586; x_wconf 88' lang='lat' dir='ltr'><strong>Dei</strong></span> <span class='ocrx_word' id='word_1_196' title='bbox 3143 532 3331 603; x_wconf 93' lang='lat' dir='ltr'><strong>utiqne</strong></span> <span class='ocrx_word' id='word_1_197' title='bbox 3362 545 3529 603; x_wconf 86' lang='lat' dir='ltr'><strong>sunt;</strong></span> <span class='ocrx_word' id='word_1_198' title='bbox 3550 547 3607 594; x_wconf 86' lang='lat' dir='ltr'><strong>et</strong></span> 
     </span>
    </p>
   </div>
   <div class='ocr_carea' id='block_1_26' title="bbox 2014 608 3604 686">
    <p class='ocr_par' dir='ltr' id='par_1_26' title="bbox 2014 608 3604 686">
     <span class='ocr_line' id='line_1_26' title="bbox 2014 608 3604 686; baseline 0.015 -24"><span class='ocrx_word' id='word_1_199' title='bbox 2014 608 2108 676; x_wconf 90' lang='lat' dir='ltr'><strong>qui</strong></span> <span class='ocrx_word' id='word_1_200' title='bbox 2131 614 2434 668; x_wconf 88' lang='lat' dir='ltr'><strong>secundum</strong></span> <span class='ocrx_word' id='word_1_201' title='bbox 2466 630 2529 669; x_wconf 89' lang='lat' dir='ltr'><strong>ea</strong></span> <span class='ocrx_word' id='word_1_202' title='bbox 2563 616 2739 674; x_wconf 78' lang='lat' dir='ltr'><strong>factus</strong></span> <span class='ocrx_word' id='word_1_203' title='bbox 2766 629 2872 686; x_wconf 86' lang='lat' dir='ltr'><strong>est,</strong></span> <span class='ocrx_word' id='word_1_204' title='bbox 2905 625 3208 680; x_wconf 88' lang='lat' dir='ltr'><strong>secundum</strong></span> <span class='ocrx_word' id='word_1_205' title='bbox 3227 626 3395 682; x_wconf 85' lang='lat' dir='ltr'><strong>Deum</strong></span> <span class='ocrx_word' id='word_1_206' title='bbox 3424 627 3604 686; x_wconf 77' lang='lat' dir='ltr'><strong>factus</strong></span> 
     </span>
    </p>
   </div>
   <div class='ocr_carea' id='block_1_27' title="bbox 2013 702 3606 790">
    <p class='ocr_par' dir='ltr' id='par_1_27' title="bbox 2013 702 3606 790">
     <span class='ocr_line' id='line_1_27' title="bbox 2013 702 3606 790; baseline 0.015 -36"><span class='ocrx_word' id='word_1_207' title='bbox 2013 717 2123 755; x_wconf 86' lang='lat' dir='ltr'><strong>non</strong></span> <span class='ocrx_word' id='word_1_208' title='bbox 2182 702 2456 759; x_wconf 87' lang='lat' dir='ltr'><strong>immerito</strong></span> <span class='ocrx_word' id='word_1_209' title='bbox 2507 707 2804 766; x_wconf 77' lang='lat' dir='ltr'><strong>diceretur.</strong></span> <span class='ocrx_word' id='word_1_210' title='bbox 2864 713 3066 770; x_wconf 86' lang='lat' dir='ltr'><strong>Eodem</strong></span> <span class='ocrx_word' id='word_1_211' title='bbox 3108 727 3290 774; x_wconf 89' lang='lat' dir='ltr'><strong>autem</strong></span> <span class='ocrx_word' id='word_1_212' title='bbox 3348 730 3511 790; x_wconf 87' lang='lat' dir='ltr'><strong>pacto</strong></span> <span class='ocrx_word' id='word_1_213' title='bbox 3555 723 3606 778; x_wconf 88' lang='lat' dir='ltr'><strong>si</strong></span> 
     </span>
    </p>
   </div>
   <div class='ocr_carea' id='block_1_28' title="bbox 2015 792 3606 881">
    <p class='ocr_par' dir='ltr' id='par_1_28' title="bbox 2015 792 3606 881">
     <span class='ocr_line' id='line_1_28' title="bbox 2015 792 3606 881; baseline 0.017 -36"><span class='ocrx_word' id='word_1_214' title='bbox 2015 792 2132 848; x_wconf 73' lang='lat' dir='ltr'><strong>lure</strong></span> <span class='ocrx_word' id='word_1_215' title='bbox 2172 797 2225 849; x_wconf 92' lang='lat' dir='ltr'><strong>in</strong></span> <span class='ocrx_word' id='word_1_216' title='bbox 2261 795 2484 853; x_wconf 90' lang='lat' dir='ltr'><strong>homine</strong></span> <span class='ocrx_word' id='word_1_217' title='bbox 2512 816 2632 855; x_wconf 89' lang='lat' dir='ltr'><strong>eam</strong></span> <span class='ocrx_word' id='word_1_218' title='bbox 2688 803 2785 858; x_wconf 92' lang='lat' dir='ltr'><strong>Dei</strong></span> <span class='ocrx_word' id='word_1_219' title='bbox 2832 806 3250 864; x_wconf 71' lang='lat' dir='ltr'><strong>similitudinem</strong></span> <span class='ocrx_word' id='word_1_220' title='bbox 3295 814 3606 881; x_wconf 81' lang='lat' dir='ltr'><strong>producere</strong></span> 
     </span>
    </p>
   </div>
   <div class='ocr_carea' id='block_1_29' title="bbox 2012 893 3603 965">
    <p class='ocr_par' dir='ltr' id='par_1_29' title="bbox 2012 893 3603 965">
     <span class='ocr_line' id='line_1_29' title="bbox 2012 893 3603 965; baseline 0.018 -32"><span class='ocrx_word' id='word_1_221' title='bbox 2012 893 2331 953; x_wconf 88' lang='lat' dir='ltr'><strong>potuerunt,</strong></span> <span class='ocrx_word' id='word_1_222' title='bbox 2383 905 2548 959; x_wconf 86' lang='lat' dir='ltr'><strong>quam</strong></span> <span class='ocrx_word' id='word_1_223' title='bbox 2605 894 2832 963; x_wconf 89' lang='lat' dir='ltr'><strong>spiritus</strong></span> <span class='ocrx_word' id='word_1_224' title='bbox 2889 901 3154 965; x_wconf 79' lang='lat' dir='ltr'><strong>materia,</strong></span> <span class='ocrx_word' id='word_1_225' title='bbox 3208 910 3264 955; x_wconf 90' lang='lat' dir='ltr'><strong>et</strong></span> <span class='ocrx_word' id='word_1_226' title='bbox 3315 904 3603 962; x_wconf 83' lang='lat' dir='ltr'><strong>Creatoris</strong></span> 
     </span>
    </p>
   </div>
   <div class='ocr_carea' id='block_1_30' title="bbox 2012 979 3600 1068">
    <p class='ocr_par' dir='ltr' id='par_1_30' title="bbox 2012 979 3600 1068">
     <span class='ocr_line' id='line_1_30' title="bbox 2012 979 3600 1068; baseline 0.018 -41"><span class='ocrx_word' id='word_1_227' title='bbox 2012 987 2263 1032; x_wconf 82' lang='lat' dir='ltr'><strong>creatura</strong></span> <span class='ocrx_word' id='word_1_228' title='bbox 2296 979 2500 1036; x_wconf 88' lang='lat' dir='ltr'><strong>habere</strong></span> <span class='ocrx_word' id='word_1_229' title='bbox 2532 992 2712 1052; x_wconf 77' lang='lat' dir='ltr'><strong>potest</strong></span> <span class='ocrx_word' id='word_1_230' title='bbox 2741 985 2882 1053; x_wconf 71' lang='lat' dir='ltr'><strong>(lucc</strong></span> <span class='ocrx_word' id='word_1_231' title='bbox 2912 999 3093 1046; x_wconf 89' lang='lat' dir='ltr'><strong>autem</strong></span> <span class='ocrx_word' id='word_1_232' title='bbox 3134 1009 3200 1048; x_wconf 78' lang='lat' dir='ltr'><strong>ex</strong></span> <span class='ocrx_word' id='word_1_233' title='bbox 3254 993 3348 1050; x_wconf 88' lang='lat' dir='ltr'><strong>Dei</strong></span> <span class='ocrx_word' id='word_1_234' title='bbox 3400 1000 3600 1068; x_wconf 86' lang='lat' dir='ltr'><strong>gratia,</strong></span> 
     </span>
    </p>
   </div>
   <div class='ocr_carea' id='block_1_31' title="bbox 2010 1066 3605 1156">
    <p class='ocr_par' dir='ltr' id='par_1_31' title="bbox 2010 1066 3605 1156">
     <span class='ocr_line' id='line_1_31' title="bbox 2010 1066 3605 1156; baseline 0.016 -35"><span class='ocrx_word' id='word_1_235' title='bbox 2010 1066 2389 1142; x_wconf 79' lang='lat' dir='ltr'><strong>beneficioque</strong></span> <span class='ocrx_word' id='word_1_236' title='bbox 2412 1073 2621 1130; x_wconf 87' lang='lat' dir='ltr'><strong>homini</strong></span> <span class='ocrx_word' id='word_1_237' title='bbox 2647 1078 2846 1135; x_wconf 80' lang='lat' dir='ltr'><strong>collato</strong></span> <span class='ocrx_word' id='word_1_238' title='bbox 2881 1080 3021 1138; x_wconf 82' lang='lat' dir='ltr'><strong>facta</strong></span> <span class='ocrx_word' id='word_1_239' title='bbox 3073 1085 3246 1154; x_wconf 90' lang='lat' dir='ltr'><strong>sunt),</strong></span> <span class='ocrx_word' id='word_1_240' title='bbox 3277 1066 3605 1156; x_wconf 39' lang='lat' dir='ltr'><strong>jure—meri-</strong></span> 
     </span>
    </p>
   </div>
   <div class='ocr_carea' id='block_1_32' title="bbox 2009 1162 3244 1237">
    <p class='ocr_par' dir='ltr' id='par_1_32' title="bbox 2009 1162 3244 1237">
     <span class='ocr_line' id='line_1_32' title="bbox 2009 1162 3244 1237; baseline 0.015 -22"><span class='ocrx_word' id='word_1_241' title='bbox 2009 1167 2177 1230; x_wconf 88' lang='lat' dir='ltr'><strong>toque</strong></span> <span class='ocrx_word' id='word_1_242' title='bbox 2211 1162 2379 1218; x_wconf 88' lang='lat' dir='ltr'><strong>homo</strong></span> <span class='ocrx_word' id='word_1_243' title='bbox 2413 1165 2590 1237; x_wconf 83' lang='lat' dir='ltr'><strong>imago</strong></span> <span class='ocrx_word' id='word_1_244' title='bbox 2623 1167 2713 1225; x_wconf 85' lang='lat' dir='ltr'><strong>Dei</strong></span> <span class='ocrx_word' id='word_1_245' title='bbox 2741 1169 2919 1228; x_wconf 80' lang='lat' dir='ltr'><strong>factus</strong></span> <span class='ocrx_word' id='word_1_246' title='bbox 2947 1175 3244 1233; x_wconf 86' lang='lat' dir='ltr'><strong>diceretur.</strong></span> 
     </span>
    </p>
   </div>
   <div class='ocr_carea' id='block_1_33' title="bbox 2087 1251 3603 1344">
    <p class='ocr_par' dir='ltr' id='par_1_33' title="bbox 2087 1251 3603 1344">
     <span class='ocr_line' id='line_1_33' title="bbox 2087 1251 3603 1344; baseline 0.018 -40"><span class='ocrx_word' id='word_1_247' title='bbox 2087 1251 2457 1319; x_wconf 80' lang='lat' dir='ltr'><strong>Quamobrem</strong></span> <span class='ocrx_word' id='word_1_248' title='bbox 2481 1268 2535 1312; x_wconf 90' lang='lat' dir='ltr'><strong>et</strong></span> <span class='ocrx_word' id='word_1_249' title='bbox 2561 1257 2626 1314; x_wconf 83' lang='grc' dir='ltr'>ι).</span> <span class='ocrx_word' id='word_1_250' title='bbox 2655 1260 2952 1333; x_wconf 83' lang='lat' dir='ltr'><strong>Gregorius</strong></span> <span class='ocrx_word' id='word_1_251' title='bbox 2983 1267 3163 1338; x_wconf 85' lang='lat' dir='ltr'><strong>inquit</strong></span> <span class='ocrx_word' id='word_1_252' title='bbox 3193 1286 3250 1322; x_wconf 74' lang='grc' dir='ltr'>τι</span> <span class='ocrx_word' id='word_1_253' title='bbox 3286 1269 3363 1325; x_wconf 78' lang='lat' dir='ltr'><strong>Ex</strong></span> <span class='ocrx_word' id='word_1_254' title='bbox 3400 1288 3460 1328; x_wconf 89' lang='lat' dir='ltr'><strong>se</strong></span> <span class='ocrx_word' id='word_1_255' title='bbox 3487 1275 3603 1344; x_wconf 86' lang='lat' dir='ltr'><strong>ipse</strong></span> 
     </span>
    </p>
   </div>
   <div class='ocr_carea' id='block_1_34' title="bbox 2008 1343 3601 1434">
    <p class='ocr_par' dir='ltr' id='par_1_34' title="bbox 2008 1343 3601 1434">
     <span class='ocr_line' id='line_1_34' title="bbox 2008 1343 3601 1434; baseline 0.018 -40"><span class='ocrx_word' id='word_1_256' title='bbox 2008 1343 2202 1414; x_wconf 81' lang='lat' dir='ltr'><strong>(Deus)</strong></span> <span class='ocrx_word' id='word_1_257' title='bbox 2233 1347 2572 1416; x_wconf 80' lang='lat' dir='ltr'><strong>spiraculum</strong></span> <span class='ocrx_word' id='word_1_258' title='bbox 2633 1351 2828 1408; x_wconf 87' lang='lat' dir='ltr'><strong>indidit</strong></span> <span class='ocrx_word' id='word_1_259' title='bbox 2865 1373 2881 1410; x_wconf 90' lang='lat'><strong>:</strong></span> <span class='ocrx_word' id='word_1_260' title='bbox 2927 1373 3035 1427; x_wconf 89' lang='lat' dir='ltr'><strong>qua</strong></span> <span class='ocrx_word' id='word_1_261' title='bbox 3077 1360 3294 1429; x_wconf 87' lang='lat' dir='ltr'><strong>quidem</strong></span> <span class='ocrx_word' id='word_1_262' title='bbox 3340 1343 3601 1434; x_wconf 79' lang='lat' dir='ltr'><strong>loquendi</strong></span> 
     </span>
    </p>
   </div>
   <div class='ocr_carea' id='block_1_35' title="bbox 2007 1437 3603 1525">
    <p class='ocr_par' dir='ltr' id='par_1_35' title="bbox 2007 1437 3603 1525">
     <span class='ocr_line' id='line_1_35' title="bbox 2007 1437 3603 1525; baseline 0.016 -37"><span class='ocrx_word' id='word_1_263' title='bbox 2007 1437 2219 1490; x_wconf 84' lang='lat' dir='ltr'><strong>ratione</strong></span> <span class='ocrx_word' id='word_1_264' title='bbox 2279 1438 2519 1494; x_wconf 87' lang='lat' dir='ltr'><strong>animam</strong></span> <span class='ocrx_word' id='word_1_265' title='bbox 2575 1441 2992 1516; x_wconf 83' lang='lat' dir='ltr'><strong>intelligentem,</strong></span> <span class='ocrx_word' id='word_1_266' title='bbox 3045 1459 3099 1504; x_wconf 91' lang='lat' dir='ltr'><strong>et</strong></span> <span class='ocrx_word' id='word_1_267' title='bbox 3154 1451 3450 1525; x_wconf 75' lang='lat' dir='ltr'><strong>imaginem</strong></span> <span class='ocrx_word' id='word_1_268' title='bbox 3507 1457 3603 1514; x_wconf 65' lang='lat' dir='ltr'><strong>Diei</strong></span> 
     </span>
    </p>
   </div>
   <div class='ocr_carea' id='block_1_36' title="bbox 2007 1523 3603 1607">
    <p class='ocr_par' dir='ltr' id='par_1_36' title="bbox 2007 1523 3603 1607">
     <span class='ocr_line' id='line_1_36' title="bbox 2007 1523 3603 1607; baseline 0.018 -28"><span class='ocrx_word' id='word_1_269' title='bbox 2007 1523 2289 1596; x_wconf 88' lang='lat' dir='ltr'><strong>Scriptura</strong></span> <span class='ocrx_word' id='word_1_270' title='bbox 2335 1531 2607 1602; x_wconf 79' lang='lat' dir='ltr'><strong>signiﬁcat</strong></span> <span class='ocrx_word' id='word_1_271' title='bbox 2665 1535 2852 1605; x_wconf 80' lang='grc'><strong>(91).»</strong></span> <span class='ocrx_word' id='word_1_272' title='bbox 2891 1539 3028 1596; x_wconf 89' lang='lat' dir='ltr'><strong>Cum</strong></span> <span class='ocrx_word' id='word_1_273' title='bbox 3069 1545 3213 1599; x_wconf 89' lang='lat' dir='ltr'><strong>enim</strong></span> <span class='ocrx_word' id='word_1_274' title='bbox 3261 1523 3483 1605; x_wconf 77' lang='lat' dir='ltr'><strong>concisa</strong></span> <span class='ocrx_word' id='word_1_275' title='bbox 3518 1553 3603 1607; x_wconf 79' lang='lat' dir='ltr'><strong>lo—</strong></span> 
     </span>
    </p>
   </div>
   <div class='ocr_carea' id='block_1_37' title="bbox 2004 1619 3604 1698">
    <p class='ocr_par' dir='ltr' id='par_1_37' title="bbox 2004 1619 3604 1698">
     <span class='ocr_line' id='line_1_37' title="bbox 2004 1619 3604 1698; baseline 0.017 -26"><span class='ocrx_word' id='word_1_276' title='bbox 2004 1619 2242 1687; x_wconf 89' lang='lat' dir='ltr'><strong>cutione,</strong></span> <span class='ocrx_word' id='word_1_277' title='bbox 2273 1630 2328 1676; x_wconf 89' lang='lat' dir='ltr'><strong>et</strong></span> <span class='ocrx_word' id='word_1_278' title='bbox 2378 1624 2526 1679; x_wconf 81' lang='lat' dir='ltr'><strong>brevi</strong></span> <span class='ocrx_word' id='word_1_279' title='bbox 2577 1628 2864 1685; x_wconf 79' lang='lat' dir='ltr'><strong>verborum</strong></span> <span class='ocrx_word' id='word_1_280' title='bbox 2919 1635 3125 1690; x_wconf 86' lang='lat' dir='ltr'><strong>ambitu</strong></span> <span class='ocrx_word' id='word_1_281' title='bbox 3183 1652 3340 1695; x_wconf 86' lang='lat' dir='ltr'><strong>sacer</strong></span> <span class='ocrx_word' id='word_1_282' title='bbox 3382 1641 3472 1697; x_wconf 85' lang='lat' dir='ltr'><strong>ille</strong></span> <span class='ocrx_word' id='word_1_283' title='bbox 3519 1645 3604 1698; x_wconf 88' lang='lat' dir='ltr'><strong>vir</strong></span> 
     </span>
    </p>
   </div>
   <div class='ocr_carea' id='block_1_38' title="bbox 2005 1713 3604 1805">
    <p class='ocr_par' dir='ltr' id='par_1_38' title="bbox 2005 1713 3604 1805">
     <span class='ocr_line' id='line_1_38' title="bbox 2005 1713 3604 1805; baseline 0.018 -41"><span class='ocrx_word' id='word_1_284' title='bbox 2005 1713 2206 1768; x_wconf 86' lang='lat' dir='ltr'><strong>multas</strong></span> <span class='ocrx_word' id='word_1_285' title='bbox 2252 1715 2420 1772; x_wconf 87' lang='lat' dir='ltr'><strong>simul</strong></span> <span class='ocrx_word' id='word_1_286' title='bbox 2466 1721 2771 1778; x_wconf 80' lang='lat' dir='ltr'><strong>sententias</strong></span> <span class='ocrx_word' id='word_1_287' title='bbox 2813 1725 3060 1794; x_wconf 83' lang='lat' dir='ltr'><strong>proferre</strong></span> <span class='ocrx_word' id='word_1_288' title='bbox 3110 1741 3277 1798; x_wconf 88' lang='lat' dir='ltr'><strong>amet,</strong></span> <span class='ocrx_word' id='word_1_289' title='bbox 3315 1749 3604 1805; x_wconf 83' lang='lat' dir='ltr'><strong>propemo-</strong></span> 
     </span>
    </p>
   </div>
   <div class='ocr_carea' id='block_1_39' title="bbox 2003 1802 3604 1883">
    <p class='ocr_par' dir='ltr' id='par_1_39' title="bbox 2003 1802 3604 1883">
     <span class='ocr_line' id='line_1_39' title="bbox 2003 1802 3604 1883; baseline 0.017 -27"><span class='ocrx_word' id='word_1_290' title='bbox 2003 1802 2135 1858; x_wconf 92' lang='lat' dir='ltr'><strong>dum</strong></span> <span class='ocrx_word' id='word_1_291' title='bbox 2166 1820 2451 1864; x_wconf 84' lang='lat' dir='ltr'><strong>sermones</strong></span> <span class='ocrx_word' id='word_1_292' title='bbox 2484 1826 2615 1865; x_wconf 88' lang='lat' dir='ltr'><strong>suos</strong></span> <span class='ocrx_word' id='word_1_293' title='bbox 2646 1812 2732 1868; x_wconf 90' lang='lat' dir='ltr'><strong>his</strong></span> <span class='ocrx_word' id='word_1_294' title='bbox 2777 1815 3038 1874; x_wconf 84' lang='lat' dir='ltr'><strong>dictionis</strong></span> <span class='ocrx_word' id='word_1_295' title='bbox 3081 1802 3360 1880; x_wconf 83' lang='lat' dir='ltr'><strong>coloribus</strong></span> <span class='ocrx_word' id='word_1_296' title='bbox 3419 1802 3604 1883; x_wconf 74' lang='lat' dir='ltr'><strong>reddit</strong></span> 
     </span>
    </p>
   </div>
   <div class='ocr_carea' id='block_1_40' title="bbox 2004 1893 3602 1985">
    <p class='ocr_par' dir='ltr' id='par_1_40' title="bbox 2004 1893 3602 1985">
     <span class='ocr_line' id='line_1_40' title="bbox 2004 1893 3602 1985; baseline 0.016 -40"><span class='ocrx_word' id='word_1_297' title='bbox 2004 1893 2333 1963; x_wconf 74' lang='lat' dir='ltr'><strong>variegatos.</strong></span> <span class='ocrx_word' id='word_1_298' title='bbox 2364 1895 2546 1963; x_wconf 84' lang='lat' dir='ltr'><strong>Quare</strong></span> <span class='ocrx_word' id='word_1_299' title='bbox 2577 1899 2664 1956; x_wconf 90' lang='lat' dir='ltr'><strong>hic</strong></span> <span class='ocrx_word' id='word_1_300' title='bbox 2687 1917 2930 1974; x_wconf 91' lang='lat' dir='ltr'><strong>quoque,</strong></span> <span class='ocrx_word' id='word_1_301' title='bbox 2964 1907 3116 1972; x_wconf 93' lang='lat' dir='ltr'><strong>dum,</strong></span> <span class='ocrx_word' id='word_1_302' title='bbox 3146 1909 3322 1979; x_wconf 88' lang='lat' dir='ltr'><strong>inquit</strong></span> <span class='ocrx_word' id='word_1_303' title='bbox 3371 1931 3393 1966; x_wconf 77' lang='grc' dir='ltr'><strong>ι</strong></span> <span class='ocrx_word' id='word_1_304' title='bbox 3423 1914 3602 1985; x_wconf 88' lang='lat' dir='ltr'><strong>spira-</strong></span> 
     </span>
    </p>
   </div>
   <div class='ocr_carea' id='block_1_41' title="bbox 2004 1986 3602 2069">
    <p class='ocr_par' dir='ltr' id='par_1_41' title="bbox 2004 1986 3602 2069">
     <span class='ocr_line' id='line_1_41' title="bbox 2004 1986 3602 2069; baseline 0.016 -29"><span class='ocrx_word' id='word_1_305' title='bbox 2004 1986 2189 2041; x_wconf 85' lang='lat' dir='ltr'><strong>culum</strong></span> <span class='ocrx_word' id='word_1_306' title='bbox 2226 1987 2426 2044; x_wconf 88' lang='lat' dir='ltr'><strong>indidit</strong></span> <span class='ocrx_word' id='word_1_307' title='bbox 2465 2010 2484 2043; x_wconf 77' lang='grc' dir='ltr'><strong>ι</strong></span> <span class='ocrx_word' id='word_1_308' title='bbox 2512 1992 2679 2062; x_wconf 89' lang='lat' dir='ltr'><strong>(quod</strong></span> <span class='ocrx_word' id='word_1_309' title='bbox 2713 1997 2820 2050; x_wconf 80' lang='lat' dir='ltr'><strong>vim</strong></span> <span class='ocrx_word' id='word_1_310' title='bbox 2877 2003 3240 2069; x_wconf 89' lang='lat' dir='ltr'><strong>operatricem</strong></span> <span class='ocrx_word' id='word_1_311' title='bbox 3279 2007 3482 2062; x_wconf 68' lang='lat' dir='ltr'><strong>anima:</strong></span> <span class='ocrx_word' id='word_1_312' title='bbox 3507 2009 3602 2064; x_wconf 85' lang='lat' dir='ltr'><strong>da-</strong></span> 
     </span>
    </p>
   </div>
   <div class='ocr_carea' id='block_1_42' title="bbox 2005 2081 3603 2156">
    <p class='ocr_par' dir='ltr' id='par_1_42' title="bbox 2005 2081 3603 2156">
     <span class='ocr_line' id='line_1_42' title="bbox 2005 2081 3603 2156; baseline 0.014 -25"><span class='ocrx_word' id='word_1_313' title='bbox 2005 2088 2114 2132; x_wconf 86' lang='lat' dir='ltr'><strong>tam</strong></span> <span class='ocrx_word' id='word_1_314' title='bbox 2140 2081 2368 2154; x_wconf 92' lang='lat' dir='ltr'><strong>innuit),</strong></span> <span class='ocrx_word' id='word_1_315' title='bbox 2391 2085 2568 2141; x_wconf 86' lang='lat' dir='ltr'><strong>noluit</strong></span> <span class='ocrx_word' id='word_1_316' title='bbox 2592 2087 2738 2144; x_wconf 89' lang='lat' dir='ltr'><strong>hunc</strong></span> <span class='ocrx_word' id='word_1_317' title='bbox 2767 2105 2990 2147; x_wconf 90' lang='lat' dir='ltr'><strong>sensum</strong></span> <span class='ocrx_word' id='word_1_318' title='bbox 3017 2095 3273 2152; x_wconf 87' lang='lat' dir='ltr'><strong>distincte</strong></span> <span class='ocrx_word' id='word_1_319' title='bbox 3323 2108 3380 2154; x_wconf 88' lang='lat' dir='ltr'><strong>et</strong></span> <span class='ocrx_word' id='word_1_320' title='bbox 3405 2101 3603 2156; x_wconf 72' lang='lat' dir='ltr'><strong>diffuse</strong></span> 
     </span>
    </p>
   </div>
   <div class='ocr_carea' id='block_1_43' title="bbox 2002 2174 3597 2258">
    <p class='ocr_par' dir='ltr' id='par_1_43' title="bbox 2002 2174 3597 2258">
     <span class='ocr_line' id='line_1_43' title="bbox 2002 2174 3597 2258; baseline 0.014 -31"><span class='ocrx_word' id='word_1_321' title='bbox 2002 2174 2312 2242; x_wconf 87' lang='lat' dir='ltr'><strong>enucleare,</strong></span> <span class='ocrx_word' id='word_1_322' title='bbox 2348 2177 2442 2232; x_wconf 83' lang='lat' dir='ltr'><strong>sed</strong></span> <span class='ocrx_word' id='word_1_323' title='bbox 2481 2181 2676 2248; x_wconf 83' lang='lat' dir='ltr'><strong>paucis</strong></span> <span class='ocrx_word' id='word_1_324' title='bbox 2703 2197 2829 2238; x_wconf 91' lang='lat' dir='ltr'><strong>eum</strong></span> <span class='ocrx_word' id='word_1_325' title='bbox 2859 2185 2994 2242; x_wconf 83' lang='lat' dir='ltr'><strong>satis</strong></span> <span class='ocrx_word' id='word_1_326' title='bbox 3022 2190 3283 2258; x_wconf 81' lang='lat' dir='ltr'><strong>exposuit</strong></span> <span class='ocrx_word' id='word_1_327' title='bbox 3307 2193 3552 2250; x_wconf 85' lang='lat' dir='ltr'><strong>subdens</strong></span> <span class='ocrx_word' id='word_1_328' title='bbox 3579 2214 3597 2249; x_wconf 87' lang='lat'><strong><em>:</em></strong></span> 
     </span>
    </p>
   </div>
   <div class='ocr_carea' id='block_1_44' title="bbox 2007 2264 3604 2354">
    <p class='ocr_par' dir='ltr' id='par_1_44' title="bbox 2007 2264 3604 2354">
     <span class='ocr_line' id='line_1_44' title="bbox 2007 2264 3604 2354; baseline 0.014 -38"><span class='ocrx_word' id='word_1_329' title='bbox 2007 2281 2026 2315; x_wconf 81' lang='grc' dir='ltr'><strong>ι</strong></span> <span class='ocrx_word' id='word_1_330' title='bbox 2065 2264 2182 2332; x_wconf 89' lang='lat' dir='ltr'><strong>Qua</strong></span> <span class='ocrx_word' id='word_1_331' title='bbox 2219 2268 2439 2336; x_wconf 78' lang='lat' dir='ltr'><strong>quidem</strong></span> <span class='ocrx_word' id='word_1_332' title='bbox 2472 2270 2733 2342; x_wconf 87' lang='lat' dir='ltr'><strong>loquendi</strong></span> <span class='ocrx_word' id='word_1_333' title='bbox 2763 2277 2977 2333; x_wconf 88' lang='lat' dir='ltr'><strong>ratione</strong></span> <span class='ocrx_word' id='word_1_334' title='bbox 3021 2280 3264 2336; x_wconf 88' lang='lat' dir='ltr'><strong>animam</strong></span> <span class='ocrx_word' id='word_1_335' title='bbox 3301 2283 3604 2354; x_wconf 67' lang='lat' dir='ltr'><strong>intelligen-</strong></span> 
     </span>
    </p>
   </div>
   <div class='ocr_carea' id='block_1_45' title="bbox 2011 2359 3604 2444">
    <p class='ocr_par' dir='ltr' id='par_1_45' title="bbox 2011 2359 3604 2444">
     <span class='ocr_line' id='line_1_45' title="bbox 2011 2359 3604 2444; baseline 0.013 -35"><span class='ocrx_word' id='word_1_336' title='bbox 2011 2364 2141 2423; x_wconf 90' lang='lat' dir='ltr'><strong>tem,</strong></span> <span class='ocrx_word' id='word_1_337' title='bbox 2173 2366 2230 2412; x_wconf 89' lang='lat' dir='ltr'><strong>et</strong></span> <span class='ocrx_word' id='word_1_338' title='bbox 2257 2359 2554 2429; x_wconf 74' lang='lat' dir='ltr'><strong>imaginem</strong></span> <span class='ocrx_word' id='word_1_339' title='bbox 2606 2362 2700 2419; x_wconf 87' lang='lat' dir='ltr'><strong>Dei</strong></span> <span class='ocrx_word' id='word_1_340' title='bbox 2746 2364 3030 2436; x_wconf 85' lang='lat' dir='ltr'><strong>Scriptura</strong></span> <span class='ocrx_word' id='word_1_341' title='bbox 3081 2371 3374 2441; x_wconf 77' lang='lat' dir='ltr'><strong>signiﬁcat.</strong></span> <span class='ocrx_word' id='word_1_342' title='bbox 3420 2391 3441 2426; x_wconf 77' lang='grc' dir='ltr'><strong>ι</strong></span> <span class='ocrx_word' id='word_1_343' title='bbox 3482 2372 3604 2444; x_wconf 81' lang='lat' dir='ltr'><strong>ipse</strong></span> 
     </span>
    </p>
   </div>
   <div class='ocr_carea' id='block_1_46' title="bbox 269 2449 3604 2543">
    <p class='ocr_par' dir='ltr' id='par_1_46' title="bbox 269 2449 3604 2543">
     <span class='ocr_line' id='line_1_46' title="bbox 269 2449 3604 2543; baseline 0.007 -40"><span class='ocrx_word' id='word_1_344' title='bbox 269 2460 474 2504; x_wconf 78' lang='lat' dir='ltr'><strong>autem</strong></span> <span class='ocrx_word' id='word_1_345' title='bbox 499 2451 688 2505; x_wconf 82' lang='lat' dir='ltr'><strong>eadem</strong></span> <span class='ocrx_word' id='word_1_346' title='bbox 719 2449 992 2504; x_wconf 69' lang='lat' dir='ltr'><strong>sententia</strong></span> <span class='ocrx_word' id='word_1_347' title='bbox 1067 2463 1129 2504; x_wconf 85' lang='lat' dir='ltr'><strong>se</strong></span> <span class='ocrx_word' id='word_1_348' title='bbox 1174 2449 1459 2520; x_wconf 84' lang='lat' dir='ltr'><strong>explicans</strong></span> <span class='ocrx_word' id='word_1_349' title='bbox 1489 2449 1566 2503; x_wconf 90' lang='lat' dir='ltr'><strong>ait</strong></span> <span class='ocrx_word' id='word_1_350' title='bbox 1600 2465 1618 2502; x_wconf 87' lang='lat'><strong>:</strong></span> <span class='ocrx_word' id='word_1_351' title='bbox 1666 2449 2074 2522; x_wconf 88' lang='lat' dir='ltr'><strong>(spiraculum),</strong></span> <span class='ocrx_word' id='word_1_352' title='bbox 2104 2472 2128 2507; x_wconf 86' lang='grc'>‹</span> <span class='ocrx_word' id='word_1_353' title='bbox 2164 2457 2308 2527; x_wconf 88' lang='lat' dir='ltr'><strong>quod</strong></span> <span class='ocrx_word' id='word_1_354' title='bbox 2374 2458 2616 2516; x_wconf 86' lang='lat' dir='ltr'><strong>animam</strong></span> <span class='ocrx_word' id='word_1_355' title='bbox 2679 2461 3071 2542; x_wconf 82' lang='lat' dir='ltr'><strong>intelligentem</strong></span> <span class='ocrx_word' id='word_1_356' title='bbox 3118 2469 3347 2527; x_wconf 83' lang='lat' dir='ltr'><strong>creavit.</strong></span> <span class='ocrx_word' id='word_1_357' title='bbox 3394 2481 3449 2526; x_wconf 89' lang='lat' dir='ltr'><strong>et</strong></span> <span class='ocrx_word' id='word_1_358' title='bbox 3476 2487 3604 2543; x_wconf 90' lang='lat' dir='ltr'><strong>pro-</strong></span> 
     </span>
    </p>
   </div>
   <div class='ocr_carea' id='block_1_47' title="bbox 270 2544 2198 2622">
    <p class='ocr_par' dir='ltr' id='par_1_47' title="bbox 270 2544 2198 2622">
     <span class='ocr_line' id='line_1_47' title="bbox 270 2544 2198 2622; baseline 0.002 -20"><span class='ocrx_word' id='word_1_359' title='bbox 270 2547 465 2612; x_wconf 82' lang='lat' dir='ltr'><strong>duxit,</strong></span> <span class='ocrx_word' id='word_1_360' title='bbox 492 2563 655 2618; x_wconf 88' lang='lat' dir='ltr'><strong>quam</strong></span> <span class='ocrx_word' id='word_1_361' title='bbox 705 2548 928 2603; x_wconf 90' lang='lat' dir='ltr'><strong>nomine</strong></span> <span class='ocrx_word' id='word_1_362' title='bbox 968 2546 1226 2617; x_wconf 83' lang='lat' dir='ltr'><strong>imaginis</strong></span> <span class='ocrx_word' id='word_1_363' title='bbox 1268 2545 1362 2600; x_wconf 89' lang='lat' dir='ltr'><strong>Dei</strong></span> <span class='ocrx_word' id='word_1_364' title='bbox 1400 2544 1687 2616; x_wconf 89' lang='lat' dir='ltr'><strong>Scriptura</strong></span> <span class='ocrx_word' id='word_1_365' title='bbox 1723 2546 1998 2618; x_wconf 76' lang='lat' dir='ltr'><strong>signiﬁcat</strong></span> <span class='ocrx_word' id='word_1_366' title='bbox 2025 2550 2198 2622; x_wconf 66' lang='lat'><strong>(92).)</strong></span> 
     </span>
    </p>
   </div>
   <div class='ocr_carea' id='block_1_48' title="bbox 361 2640 1882 2716">
    <p class='ocr_par' dir='ltr' id='par_1_48' title="bbox 361 2640 1882 2716">
     <span class='ocr_line' id='line_1_48' title="bbox 361 2640 1882 2716; baseline -0.001 -19"><span class='ocrx_word' id='word_1_367' title='bbox 361 2641 520 2697; x_wconf 83' lang='grc' dir='ltr'>Οῦτω</span> <span class='ocrx_word' id='word_1_368' title='bbox 550 2643 606 2696; x_wconf 82' lang='grc' dir='ltr'>δὲ</span> <span class='ocrx_word' id='word_1_369' title='bbox 642 2641 760 2696; x_wconf 78' lang='grc' dir='ltr'>ἔστι</span> <span class='ocrx_word' id='word_1_370' title='bbox 791 2643 888 2697; x_wconf 73' lang='grc' dir='ltr'>καὶ</span> <span class='ocrx_word' id='word_1_371' title='bbox 928 2643 1009 2706; x_wconf 87' lang='grc' dir='ltr'><strong>εἰς</strong></span> <span class='ocrx_word' id='word_1_372' title='bbox 1031 2641 1127 2697; x_wconf 78' lang='grc' dir='ltr'>δύο</span> <span class='ocrx_word' id='word_1_373' title='bbox 1165 2645 1499 2712; x_wconf 86' lang='grc' dir='ltr'>συναγαγεῖν</span> <span class='ocrx_word' id='word_1_374' title='bbox 1535 2640 1633 2696; x_wconf 87' lang='grc' dir='ltr'><strong>τοῦ</strong></span> <span class='ocrx_word' id='word_1_375' title='bbox 1667 2643 1882 2716; x_wconf 83' lang='grc' dir='ltr'>θεωρή-</span> 
     </span>
    </p>
   </div>
   <div class='ocr_carea' id='block_1_49' title="bbox 276 2734 1882 2810">
    <p class='ocr_par' dir='ltr' id='par_1_49' title="bbox 276 2734 1882 2810">
     <span class='ocr_line' id='line_1_49' title="bbox 276 2734 1882 2810; baseline 0.001 -21"><span class='ocrx_word' id='word_1_376' title='bbox 276 2754 463 2810; x_wconf 72' lang='grc' dir='ltr'>ματος</span> <span class='ocrx_word' id='word_1_377' title='bbox 493 2736 594 2808; x_wconf 79' lang='grc' dir='ltr'>τὴν</span> <span class='ocrx_word' id='word_1_378' title='bbox 624 2736 950 2808; x_wconf 77' lang='grc' dir='ltr'>ἑρμηνείαν,</span> <span class='ocrx_word' id='word_1_379' title='bbox 980 2736 1076 2790; x_wconf 73' lang='grc' dir='ltr'>καὶ</span> <span class='ocrx_word' id='word_1_380' title='bbox 1106 2737 1186 2798; x_wconf 86' lang='grc' dir='ltr'><strong>εἰς</strong></span> <span class='ocrx_word' id='word_1_381' title='bbox 1206 2736 1333 2808; x_wconf 89' lang='grc' dir='ltr'>τρία</span> <span class='ocrx_word' id='word_1_382' title='bbox 1353 2735 1521 2790; x_wconf 81' lang='grc' dir='ltr'>πάλιν</span> <span class='ocrx_word' id='word_1_383' title='bbox 1547 2734 1882 2801; x_wconf 73' lang='grc' dir='ltr'>ὲξαπλῶσαιο</span> 
     </span>
    </p>
   </div>
   <div class='ocr_carea' id='block_1_50' title="bbox 281 2828 1884 2902">
    <p class='ocr_par' dir='ltr' id='par_1_50' title="bbox 281 2828 1884 2902">
     <span class='ocr_line' id='line_1_50' title="bbox 281 2828 1884 2902; baseline -0.001 -19"><span class='ocrx_word' id='word_1_384' title='bbox 281 2829 496 2902; x_wconf 80' lang='grc' dir='ltr'>μᾶλλον</span> <span class='ocrx_word' id='word_1_385' title='bbox 525 2828 582 2882; x_wconf 87' lang='grc' dir='ltr'>δ’</span> <span class='ocrx_word' id='word_1_386' title='bbox 618 2830 674 2882; x_wconf 78' lang='grc' dir='ltr'>εἴ</span> <span class='ocrx_word' id='word_1_387' title='bbox 710 2845 798 2893; x_wconf 84' lang='grc' dir='ltr'><strong>τις</strong></span> <span class='ocrx_word' id='word_1_388' title='bbox 835 2829 962 2882; x_wconf 88' lang='grc' dir='ltr'>καθ’</span> <span class='ocrx_word' id='word_1_389' title='bbox 1001 2828 1234 2883; x_wconf 76' lang='grc' dir='ltr'>ἕκαστον</span> <span class='ocrx_word' id='word_1_390' title='bbox 1276 2828 1627 2897; x_wconf 84' lang='grc' dir='ltr'>λεπτολογεῖν</span> <span class='ocrx_word' id='word_1_391' title='bbox 1656 2845 1740 2894; x_wconf 88' lang='grc' dir='ltr'><strong>τε,</strong></span> <span class='ocrx_word' id='word_1_392' title='bbox 1787 2828 1884 2883; x_wconf 75' lang='grc' dir='ltr'>καὶ</span> 
     </span>
    </p>
   </div>
   <div class='ocr_carea' id='block_1_51' title="bbox 279 2919 1878 2992">
    <p class='ocr_par' dir='ltr' id='par_1_51' title="bbox 279 2919 1878 2992">
     <span class='ocr_line' id='line_1_51' title="bbox 279 2919 1878 2992; baseline -0.001 -17"><span class='ocrx_word' id='word_1_393' title='bbox 279 2921 774 2992; x_wconf 79' lang='grc' dir='ltr'>πολυπραγμονεῖν</span> <span class='ocrx_word' id='word_1_394' title='bbox 808 2920 1057 2991; x_wconf 78' lang='grc' dir='ltr'>ἐθελήσει</span> <span class='ocrx_word' id='word_1_395' title='bbox 1088 2920 1187 2991; x_wconf 81' lang='grc' dir='ltr'>τὴν</span> <span class='ocrx_word' id='word_1_396' title='bbox 1217 2920 1591 2991; x_wconf 80' lang='grc' dir='ltr'>προκειμένην</span> <span class='ocrx_word' id='word_1_397' title='bbox 1620 2919 1878 2992; x_wconf 88' lang='grc' dir='ltr'>θεωρίαν,</span> 
     </span>
    </p>
   </div>
   <div class='ocr_carea' id='block_1_52' title="bbox 277 3006 1879 3084">
    <p class='ocr_par' dir='ltr' id='par_1_52' title="bbox 277 3006 1879 3084">
     <span class='ocr_line' id='line_1_52' title="bbox 277 3006 1879 3084; baseline 0.001 -19"><span class='ocrx_word' id='word_1_398' title='bbox 277 3013 531 3083; x_wconf 74' lang='grc' dir='ltr'>τέσσαρα</span> <span class='ocrx_word' id='word_1_399' title='bbox 556 3011 623 3066; x_wconf 79' lang='grc' dir='ltr'>ἂν</span> <span class='ocrx_word' id='word_1_400' title='bbox 658 3013 743 3082; x_wconf 77' lang='grc' dir='ltr'>εἴη</span> <span class='ocrx_word' id='word_1_401' title='bbox 780 3014 1022 3084; x_wconf 81' lang='grc' dir='ltr'>εἰσορᾷν·</span> <span class='ocrx_word' id='word_1_402' title='bbox 1057 3012 1125 3066; x_wconf 82' lang='grc' dir='ltr'>δι’</span> <span class='ocrx_word' id='word_1_403' title='bbox 1153 3006 1230 3066; x_wconf 84' lang='grc' dir='ltr'><strong>ὧν</strong></span> <span class='ocrx_word' id='word_1_404' title='bbox 1269 3014 1302 3084; x_wconf 82' lang='grc' dir='ltr'>ἡ</span> <span class='ocrx_word' id='word_1_405' title='bbox 1332 3013 1516 3084; x_wconf 70' lang='grc' dir='ltr'>σχέσις</span> <span class='ocrx_word' id='word_1_406' title='bbox 1552 3011 1647 3065; x_wconf 86' lang='grc' dir='ltr'><strong>τοῦ</strong></span> <span class='ocrx_word' id='word_1_407' title='bbox 1678 3015 1879 3067; x_wconf 87' lang='grc' dir='ltr'>εἰκονι-</span> 
     </span>
    </p>
   </div>
   <div class='ocr_carea' id='block_1_53' title="bbox 284 3103 1879 3175">
    <p class='ocr_par' dir='ltr' id='par_1_53' title="bbox 284 3103 1879 3175">
     <span class='ocr_line' id='line_1_53' title="bbox 284 3103 1879 3175; baseline 0.001 -19"><span class='ocrx_word' id='word_1_408' title='bbox 284 3105 522 3174; x_wconf 77' lang='grc' dir='ltr'>ζομὲνου</span> <span class='ocrx_word' id='word_1_409' title='bbox 556 3105 689 3174; x_wconf 70' lang='grc' dir='ltr'>πρὸς</span> <span class='ocrx_word' id='word_1_410' title='bbox 723 3105 785 3158; x_wconf 71' lang='grc' dir='ltr'>τὸ</span> <span class='ocrx_word' id='word_1_411' title='bbox 807 3104 1247 3175; x_wconf 70' lang='grc' dir='ltr'>σφραγιζόμενον</span> <span class='ocrx_word' id='word_1_412' title='bbox 1275 3105 1375 3175; x_wconf 79' lang='grc' dir='ltr'>τὴν</span> <span class='ocrx_word' id='word_1_413' title='bbox 1397 3106 1582 3159; x_wconf 78' lang='grc' dir='ltr'>εἰκόνα</span> <span class='ocrx_word' id='word_1_414' title='bbox 1602 3103 1879 3169; x_wconf 78' lang='grc' dir='ltr'>διασώζει.</span> 
     </span>
    </p>
   </div>
   <div class='ocr_carea' id='block_1_54' title="bbox 289 3189 1877 3268">
    <p class='ocr_par' dir='ltr' id='par_1_54' title="bbox 289 3189 1877 3268">
     <span class='ocr_line' id='line_1_54' title="bbox 289 3189 1877 3268; baseline -0.001 -19"><span class='ocrx_word' id='word_1_415' title='bbox 289 3197 456 3249; x_wconf 81' lang='grc' dir='ltr'>Ἔστι</span> <span class='ocrx_word' id='word_1_416' title='bbox 488 3196 585 3266; x_wconf 79' lang='grc' dir='ltr'>μὲν</span> <span class='ocrx_word' id='word_1_417' title='bbox 618 3196 726 3268; x_wconf 81' lang='grc' dir='ltr'>γὰρ</span> <span class='ocrx_word' id='word_1_418' title='bbox 761 3197 823 3250; x_wconf 75' lang='grc' dir='ltr'>τὸ</span> <span class='ocrx_word' id='word_1_419' title='bbox 851 3198 1007 3251; x_wconf 75' lang='grc' dir='ltr'>Θεῖον</span> <span class='ocrx_word' id='word_1_420' title='bbox 1050 3199 1108 3251; x_wconf 80' lang='grc' dir='ltr'>ἐν</span> <span class='ocrx_word' id='word_1_421' title='bbox 1141 3189 1186 3266; x_wconf 81' lang='grc' dir='ltr'>ᾧ</span> <span class='ocrx_word' id='word_1_422' title='bbox 1217 3197 1327 3250; x_wconf 87' lang='grc' dir='ltr'>τῶν</span> <span class='ocrx_word' id='word_1_423' title='bbox 1359 3196 1501 3266; x_wconf 86' lang='grc' dir='ltr'>ὑπὲρ</span> <span class='ocrx_word' id='word_1_424' title='bbox 1529 3197 1733 3261; x_wconf 74' lang='grc' dir='ltr'>αἰτίαν,</span> <span class='ocrx_word' id='word_1_425' title='bbox 1775 3195 1877 3250; x_wconf 78' lang='grc' dir='ltr'>καὶ</span> 
     </span>
    </p>
   </div>
   <div class='ocr_carea' id='block_1_55' title="bbox 281 3289 1887 3362">
    <p class='ocr_par' dir='ltr' id='par_1_55' title="bbox 281 3289 1887 3362">
     <span class='ocr_line' id='line_1_55' title="bbox 281 3289 1887 3362; baseline 0 -19"><span class='ocrx_word' id='word_1_426' title='bbox 281 3289 598 3359; x_wconf 70' lang='grc' dir='ltr'>κατάληψιν</span> <span class='ocrx_word' id='word_1_427' title='bbox 623 3292 806 3344; x_wconf 81' lang='grc' dir='ltr'>πᾶσαν</span> <span class='ocrx_word' id='word_1_428' title='bbox 849 3289 1137 3361; x_wconf 85' lang='grc' dir='ltr'>δυνάμεων</span> <span class='ocrx_word' id='word_1_429' title='bbox 1184 3292 1218 3360; x_wconf 83' lang='grc' dir='ltr'>ἡ</span> <span class='ocrx_word' id='word_1_430' title='bbox 1255 3289 1566 3362; x_wconf 78' lang='grc' dir='ltr'>θεοπρεπὴς</span> <span class='ocrx_word' id='word_1_431' title='bbox 1596 3289 1887 3361; x_wconf 75' lang='grc' dir='ltr'>ἀπαστρά-</span> 
     </span>
    </p>
   </div>
   <div class='ocr_carea' id='block_1_56' title="bbox 280 3383 1883 3456">
    <p class='ocr_par' dir='ltr' id='par_1_56' title="bbox 280 3383 1883 3456">
     <span class='ocr_line' id='line_1_56' title="bbox 280 3383 1883 3456; baseline 0.001 -22"><span class='ocrx_word' id='word_1_432' title='bbox 280 3400 416 3435; x_wconf 82' lang='grc' dir='ltr'>πτει</span> <span class='ocrx_word' id='word_1_433' title='bbox 439 3384 728 3452; x_wconf 71' lang='grc' dir='ltr'>τελειότης.</span> <span class='ocrx_word' id='word_1_434' title='bbox 763 3383 994 3438; x_wconf 57' lang='lat' dir='ltr'><strong>&quot;Eme:</strong></span> <span class='ocrx_word' id='word_1_435' title='bbox 1025 3384 1121 3438; x_wconf 77' lang='grc' dir='ltr'>καὶ</span> <span class='ocrx_word' id='word_1_436' title='bbox 1151 3383 1221 3438; x_wconf 80' lang='grc' dir='ltr'><strong>τὰ</strong></span> <span class='ocrx_word' id='word_1_437' title='bbox 1253 3383 1462 3438; x_wconf 81' lang='grc' dir='ltr'>τούτων</span> <span class='ocrx_word' id='word_1_438' title='bbox 1502 3383 1883 3456; x_wconf 81' lang='grc' dir='ltr'>ἀμαρύγματα</span> 
     </span>
    </p>
   </div>
   <div class='ocr_carea' id='block_1_57' title="bbox 275 3473 1882 3546">
    <p class='ocr_par' dir='ltr' id='par_1_57' title="bbox 275 3473 1882 3546">
     <span class='ocr_line' id='line_1_57' title="bbox 275 3473 1882 3546; baseline 0.001 -22"><span class='ocrx_word' id='word_1_439' title='bbox 275 3475 388 3542; x_wconf 73' lang='grc' dir='ltr'>τὴν</span> <span class='ocrx_word' id='word_1_440' title='bbox 415 3473 627 3526; x_wconf 81' lang='grc' dir='ltr'>ἐκεῖθεν</span> <span class='ocrx_word' id='word_1_441' title='bbox 671 3473 833 3546; x_wconf 81' lang='grc' dir='ltr'>χάριν</span> <span class='ocrx_word' id='word_1_442' title='bbox 867 3475 932 3527; x_wconf 87' lang='grc' dir='ltr'>ὲκ</span> <span class='ocrx_word' id='word_1_443' title='bbox 965 3473 1383 3546; x_wconf 84' lang='grc' dir='ltr'>φιλανθρωπίας</span> <span class='ocrx_word' id='word_1_444' title='bbox 1425 3473 1882 3544; x_wconf 75' lang='grc' dir='ltr'>ἁποματτόμενα,</span> 
     </span>
    </p>
   </div>
   <div class='ocr_carea' id='block_1_58' title="bbox 271 3565 1876 3637">
    <p class='ocr_par' dir='ltr' id='par_1_58' title="bbox 271 3565 1876 3637">
     <span class='ocr_line' id='line_1_58' title="bbox 271 3565 1876 3637; baseline -0.001 -17"><span class='ocrx_word' id='word_1_445' title='bbox 271 3567 383 3620; x_wconf 74' lang='grc' dir='ltr'>καὶ</span> <span class='ocrx_word' id='word_1_446' title='bbox 415 3565 507 3619; x_wconf 76' lang='grc' dir='ltr'>διὰ</span> <span class='ocrx_word' id='word_1_447' title='bbox 539 3567 701 3618; x_wconf 85' lang='grc' dir='ltr'>τοῦτο</span> <span class='ocrx_word' id='word_1_448' title='bbox 732 3566 833 3636; x_wconf 73' lang='grc' dir='ltr'>τὴν</span> <span class='ocrx_word' id='word_1_449' title='bbox 871 3566 973 3636; x_wconf 80' lang='grc' dir='ltr'>τῆς</span> <span class='ocrx_word' id='word_1_450' title='bbox 1018 3565 1227 3630; x_wconf 75' lang='grc' dir='ltr'>εἰκόνος</span> <span class='ocrx_word' id='word_1_451' title='bbox 1272 3566 1469 3637; x_wconf 84' lang='grc' dir='ltr'>κλῆσιν</span> <span class='ocrx_word' id='word_1_452' title='bbox 1511 3565 1876 3637; x_wconf 60' lang='grc' dir='ltr'>ἐφελκόμενα·</span> 
     </span>
    </p>
   </div>
   <div class='ocr_carea' id='block_1_59' title="bbox 267 3656 1886 3734">
    <p class='ocr_par' dir='ltr' id='par_1_59' title="bbox 267 3656 1886 3734">
     <span class='ocr_line' id='line_1_59' title="bbox 267 3656 1886 3734; baseline -0.001 -19"><span class='ocrx_word' id='word_1_453' title='bbox 267 3663 354 3730; x_wconf 65' lang='grc' dir='ltr'><strong>ὑφ</strong></span> <span class='ocrx_word' id='word_1_454' title='bbox 374 3661 388 3679; x_wconf 87' lang='lat'><em>‘</em></span> <span class='ocrx_word' id='word_1_455' title='bbox 415 3656 496 3725; x_wconf 76' lang='grc' dir='ltr'>οἷς</span> <span class='ocrx_word' id='word_1_456' title='bbox 524 3663 553 3715; x_wconf 86' lang='grc' dir='ltr'>ὁ</span> <span class='ocrx_word' id='word_1_457' title='bbox 581 3661 871 3733; x_wconf 83' lang='grc' dir='ltr'>ἄνθρωπος</span> <span class='ocrx_word' id='word_1_458' title='bbox 896 3665 1157 3734; x_wconf 79' lang='grc' dir='ltr'>τέταρτον</span> <span class='ocrx_word' id='word_1_459' title='bbox 1177 3662 1321 3715; x_wconf 75' lang='grc' dir='ltr'>κατὰ</span> <span class='ocrx_word' id='word_1_460' title='bbox 1348 3662 1448 3732; x_wconf 83' lang='grc' dir='ltr'>τὴν</span> <span class='ocrx_word' id='word_1_461' title='bbox 1472 3661 1586 3734; x_wconf 83' lang='grc'><strong>(95)</strong></span> <span class='ocrx_word' id='word_1_462' title='bbox 1605 3659 1702 3714; x_wconf 90' lang='grc' dir='ltr'><strong>νῦν</strong></span> <span class='ocrx_word' id='word_1_463' title='bbox 1730 3664 1886 3734; x_wconf 82' lang='grc' dir='ltr'>εἰρη-</span> 
     </span>
    </p>
   </div>
   <div class='ocr_carea' id='block_1_60' title="bbox 273 3753 1885 3826">
    <p class='ocr_par' dir='ltr' id='par_1_60' title="bbox 273 3753 1885 3826">
     <span class='ocr_line' id='line_1_60' title="bbox 273 3753 1885 3826; baseline 0 -21"><span class='ocrx_word' id='word_1_464' title='bbox 273 3753 469 3824; x_wconf 77' lang='grc' dir='ltr'>μένην</span> <span class='ocrx_word' id='word_1_465' title='bbox 500 3753 688 3806; x_wconf 80' lang='grc' dir='ltr'>εἰκόνα</span> <span class='ocrx_word' id='word_1_466' title='bbox 721 3753 1188 3825; x_wconf 85' lang='grc' dir='ltr'>διαπλαττόμενος</span> <span class='ocrx_word' id='word_1_467' title='bbox 1227 3753 1362 3826; x_wconf 77' lang='grc' dir='ltr'>ἔχει.</span> <span class='ocrx_word' id='word_1_468' title='bbox 1394 3754 1561 3808; x_wconf 82' lang='grc' dir='ltr'>’Ὥστε</span> <span class='ocrx_word' id='word_1_469' title='bbox 1595 3754 1646 3808; x_wconf 82' lang='grc' dir='ltr'>οἱ</span> <span class='ocrx_word' id='word_1_470' title='bbox 1675 3755 1774 3826; x_wconf 84' lang='grc' dir='ltr'>τὴν</span> <span class='ocrx_word' id='word_1_471' title='bbox 1803 3754 1885 3806; x_wconf 80' lang='grc' dir='ltr'>εί·-</span> 
     </span>
    </p>
   </div>
   <div class='ocr_carea' id='block_1_61' title="bbox 273 3846 1886 3920">
    <p class='ocr_par' dir='ltr' id='par_1_61' title="bbox 273 3846 1886 3920">
     <span class='ocr_line' id='line_1_61' title="bbox 273 3846 1886 3920; baseline 0.001 -21"><span class='ocrx_word' id='word_1_472' title='bbox 273 3846 442 3913; x_wconf 85' lang='grc' dir='ltr'>κόνα,</span> <span class='ocrx_word' id='word_1_473' title='bbox 467 3847 563 3900; x_wconf 71' lang='grc' dir='ltr'>καὶ</span> <span class='ocrx_word' id='word_1_474' title='bbox 605 3847 666 3901; x_wconf 75' lang='grc' dir='ltr'>τὸ</span> <span class='ocrx_word' id='word_1_475' title='bbox 697 3848 830 3900; x_wconf 86' lang='grc' dir='ltr'>κατ’</span> <span class='ocrx_word' id='word_1_476' title='bbox 858 3848 1045 3901; x_wconf 85' lang='grc' dir='ltr'>εἰκόνα</span> <span class='ocrx_word' id='word_1_477' title='bbox 1073 3849 1131 3900; x_wconf 87' lang='grc' dir='ltr'>ὲν</span> <span class='ocrx_word' id='word_1_478' title='bbox 1163 3847 1443 3918; x_wconf 84' lang='grc' dir='ltr'>διαφόροις</span> <span class='ocrx_word' id='word_1_479' title='bbox 1473 3847 1886 3920; x_wconf 77' lang='grc' dir='ltr'>ἐπιζητοῦντες,</span> 
     </span>
    </p>
   </div>
   <div class='ocr_carea' id='block_1_62' title="bbox 271 3939 1879 4014">
    <p class='ocr_par' dir='ltr' id='par_1_62' title="bbox 271 3939 1879 4014">
     <span class='ocr_line' id='line_1_62' title="bbox 271 3939 1879 4014; baseline -0.001 -20"><span class='ocrx_word' id='word_1_480' title='bbox 271 3943 339 3994; x_wconf 68' lang='grc' dir='ltr'>οὔ</span> <span class='ocrx_word' id='word_1_481' title='bbox 382 3943 546 4014; x_wconf 76' lang='grc' dir='ltr'>μέχρι</span> <span class='ocrx_word' id='word_1_482' title='bbox 580 3942 798 4014; x_wconf 78' lang='grc' dir='ltr'>τριάδος</span> <span class='ocrx_word' id='word_1_483' title='bbox 839 3943 1020 3996; x_wconf 78' lang='grc' dir='ltr'>ἱστᾶσι</span> <span class='ocrx_word' id='word_1_484' title='bbox 1052 3942 1152 4014; x_wconf 79' lang='grc' dir='ltr'>τὴν</span> <span class='ocrx_word' id='word_1_485' title='bbox 1193 3941 1449 4014; x_wconf 79' lang='grc' dir='ltr'>ζήτησιν,</span> <span class='ocrx_word' id='word_1_486' title='bbox 1488 3942 1626 3995; x_wconf 76' lang='grc' dir='ltr'>ἀλλὰ</span> <span class='ocrx_word' id='word_1_487' title='bbox 1660 3939 1756 3994; x_wconf 74' lang='grc' dir='ltr'>καὶ</span> <span class='ocrx_word' id='word_1_488' title='bbox 1789 3943 1879 3992; x_wconf 80' lang='grc' dir='ltr'><strong>τέ·-</strong></span> 
     </span>
    </p>
   </div>
   <div class='ocr_carea' id='block_1_63' title="bbox 276 4034 1530 4106">
    <p class='ocr_par' dir='ltr' id='par_1_63' title="bbox 276 4034 1530 4106">
     <span class='ocr_line' id='line_1_63' title="bbox 276 4034 1530 4106; baseline 0.001 -19"><span class='ocrx_word' id='word_1_489' title='bbox 276 4052 510 4105; x_wconf 74' lang='grc' dir='ltr'>ταρτον,</span> <span class='ocrx_word' id='word_1_490' title='bbox 539 4034 567 4088; x_wconf 84' lang='grc' dir='ltr'><strong>ὃ</strong></span> <span class='ocrx_word' id='word_1_491' title='bbox 603 4034 741 4106; x_wconf 80' lang='grc' dir='ltr'>μηδ’</span> <span class='ocrx_word' id='word_1_492' title='bbox 773 4034 1070 4105; x_wconf 80' lang='grc' dir='ltr'>ἐζήτησαν,</span> <span class='ocrx_word' id='word_1_493' title='bbox 1103 4035 1530 4103; x_wconf 82' lang='grc' dir='ltr'>συνεπάγονται.</span> 
     </span>
    </p>
   </div>
   <div class='ocr_carea' id='block_1_64' title="bbox 2069 2647 3602 2736">
    <p class='ocr_par' dir='ltr' id='par_1_64' title="bbox 2069 2647 3602 2736">
     <span class='ocr_line' id='line_1_64' title="bbox 2069 2647 3602 2736; baseline 0.011 -32"><span class='ocrx_word' id='word_1_494' title='bbox 2069 2647 2185 2704; x_wconf 86' lang='lat' dir='ltr'><strong>Hoc</strong></span> <span class='ocrx_word' id='word_1_495' title='bbox 2231 2658 2412 2707; x_wconf 88' lang='lat' dir='ltr'><strong>autem</strong></span> <span class='ocrx_word' id='word_1_496' title='bbox 2468 2662 2628 2724; x_wconf 89' lang='lat' dir='ltr'><strong>pacto</strong></span> <span class='ocrx_word' id='word_1_497' title='bbox 2677 2658 2976 2728; x_wconf 77' lang='lat' dir='ltr'><strong>propositae</strong></span> <span class='ocrx_word' id='word_1_498' title='bbox 3014 2660 3278 2718; x_wconf 68' lang='lat' dir='ltr'><strong>doctrinae</strong></span> <span class='ocrx_word' id='word_1_499' title='bbox 3330 2665 3602 2736; x_wconf 79' lang='lat' dir='ltr'><strong>expositio</strong></span> 
     </span>
    </p>
   </div>
   <div class='ocr_carea' id='block_1_65' title="bbox 1995 2740 3602 2821">
    <p class='ocr_par' dir='ltr' id='par_1_65' title="bbox 1995 2740 3602 2821">
     <span class='ocr_line' id='line_1_65' title="bbox 1995 2740 3602 2821; baseline 0.012 -31"><span class='ocrx_word' id='word_1_500' title='bbox 1995 2745 2174 2806; x_wconf 84' lang='lat' dir='ltr'><strong>potest</strong></span> <span class='ocrx_word' id='word_1_501' title='bbox 2197 2740 2263 2792; x_wconf 84' lang='lat' dir='ltr'><strong>ad</strong></span> <span class='ocrx_word' id='word_1_502' title='bbox 2293 2740 2402 2794; x_wconf 92' lang='lat' dir='ltr'><strong>duo</strong></span> <span class='ocrx_word' id='word_1_503' title='bbox 2415 2742 2592 2811; x_wconf 78' lang='lat' dir='ltr'><strong>capita</strong></span> <span class='ocrx_word' id='word_1_504' title='bbox 2621 2741 2706 2816; x_wconf 87' lang='lat' dir='ltr'><strong>(ad</strong></span> <span class='ocrx_word' id='word_1_505' title='bbox 2728 2746 3090 2804; x_wconf 87' lang='lat' dir='ltr'><strong>ratiocinandi</strong></span> <span class='ocrx_word' id='word_1_506' title='bbox 3120 2751 3602 2821; x_wconf 82' lang='lat' dir='ltr'><strong>etintperandifa-</strong></span> 
     </span>
    </p>
   </div>
   <div class='ocr_carea' id='block_1_66' title="bbox 1993 2829 3605 2918">
    <p class='ocr_par' dir='ltr' id='par_1_66' title="bbox 1993 2829 3605 2918">
     <span class='ocr_line' id='line_1_66' title="bbox 1993 2829 3605 2918; baseline 0.012 -35"><span class='ocrx_word' id='word_1_507' title='bbox 1993 2829 2277 2902; x_wconf 89' lang='lat' dir='ltr'><strong>cultatem)</strong></span> <span class='ocrx_word' id='word_1_508' title='bbox 2301 2832 2495 2904; x_wconf 81' lang='lat' dir='ltr'><strong>redigi,</strong></span> <span class='ocrx_word' id='word_1_509' title='bbox 2512 2837 2644 2905; x_wconf 89' lang='lat' dir='ltr'><strong>quin</strong></span> <span class='ocrx_word' id='word_1_510' title='bbox 2671 2836 2835 2892; x_wconf 91' lang='lat' dir='ltr'><strong>etiam</strong></span> <span class='ocrx_word' id='word_1_511' title='bbox 2855 2839 2921 2894; x_wconf 85' lang='lat' dir='ltr'><strong>ad</strong></span> <span class='ocrx_word' id='word_1_512' title='bbox 2953 2840 3056 2896; x_wconf 81' lang='lat' dir='ltr'><strong>tria</strong></span> <span class='ocrx_word' id='word_1_513' title='bbox 3078 2843 3146 2912; x_wconf 90' lang='lat' dir='ltr'><strong>(si</strong></span> <span class='ocrx_word' id='word_1_514' title='bbox 3164 2843 3333 2899; x_wconf 84' lang='lat' dir='ltr'><strong>addas</strong></span> <span class='ocrx_word' id='word_1_515' title='bbox 3353 2845 3463 2899; x_wconf 84' lang='lat' dir='ltr'><strong>vim</strong></span> <span class='ocrx_word' id='word_1_516' title='bbox 3477 2860 3605 2918; x_wconf 55' lang='lat' dir='ltr'><strong>ope</strong></span> 
     </span>
    </p>
   </div>
   <div class='ocr_carea' id='block_1_67' title="bbox 1991 2923 3603 3012">
    <p class='ocr_par' dir='ltr' id='par_1_67' title="bbox 1991 2923 3603 3012">
     <span class='ocr_line' id='line_1_67' title="bbox 1991 2923 3603 3012; baseline 0.012 -38"><span class='ocrx_word' id='word_1_517' title='bbox 1991 2923 2508 2994; x_wconf 65' lang='lat' dir='ltr'><strong>ratricemieXtendi</strong></span> <span class='ocrx_word' id='word_1_518' title='bbox 2531 2929 2742 2998; x_wconf 88' lang='lat' dir='ltr'><strong>:p0tius</strong></span> <span class='ocrx_word' id='word_1_519' title='bbox 2765 2939 2972 3000; x_wconf 88' lang='lat' dir='ltr'><strong>autem,</strong></span> <span class='ocrx_word' id='word_1_520' title='bbox 3021 2934 3067 2988; x_wconf 90' lang='lat' dir='ltr'><strong>si</strong></span> <span class='ocrx_word' id='word_1_521' title='bbox 3087 2935 3212 3012; x_wconf 82' lang='lat' dir='ltr'><strong>quis</strong></span> <span class='ocrx_word' id='word_1_522' title='bbox 3233 2935 3447 3008; x_wconf 81' lang='lat' dir='ltr'><strong>singula</strong></span> <span class='ocrx_word' id='word_1_523' title='bbox 3479 2943 3603 2994; x_wconf 64' lang='lat' dir='ltr'><strong>sub.</strong></span> 
     </span>
    </p>
   </div>
   <div class='ocr_carea' id='block_1_68' title="bbox 1992 3011 3603 3099">
    <p class='ocr_par' dir='ltr' id='par_1_68' title="bbox 1992 3011 3603 3099">
     <span class='ocr_line' id='line_1_68' title="bbox 1992 3011 3603 3099; baseline 0.012 -35"><span class='ocrx_word' id='word_1_524' title='bbox 1992 3011 2165 3066; x_wconf 79' lang='lat' dir='ltr'><strong>liliter</strong></span> <span class='ocrx_word' id='word_1_525' title='bbox 2193 3016 2464 3085; x_wconf 86' lang='lat' dir='ltr'><strong>persequi,</strong></span> <span class='ocrx_word' id='word_1_526' title='bbox 2492 3026 2548 3072; x_wconf 91' lang='lat' dir='ltr'><strong>et</strong></span> <span class='ocrx_word' id='word_1_527' title='bbox 2574 3021 2790 3075; x_wconf 84' lang='lat' dir='ltr'><strong>curiose</strong></span> <span class='ocrx_word' id='word_1_528' title='bbox 2823 3021 3153 3094; x_wconf 79' lang='lat' dir='ltr'><strong>investigare</strong></span> <span class='ocrx_word' id='word_1_529' title='bbox 3185 3026 3438 3093; x_wconf 81' lang='lat' dir='ltr'><strong>voluerit,</strong></span> <span class='ocrx_word' id='word_1_530' title='bbox 3463 3043 3603 3099; x_wconf 84' lang='lat' dir='ltr'><strong>qua-</strong></span> 
     </span>
    </p>
   </div>
   <div class='ocr_carea' id='block_1_69' title="bbox 1997 3106 3605 3186">
    <p class='ocr_par' dir='ltr' id='par_1_69' title="bbox 1997 3106 3605 3186">
     <span class='ocr_line' id='line_1_69' title="bbox 1997 3106 3605 3186; baseline 0.011 -32"><span class='ocrx_word' id='word_1_531' title='bbox 1997 3112 2126 3159; x_wconf 86' lang='lat' dir='ltr'><strong>tuor</strong></span> <span class='ocrx_word' id='word_1_532' title='bbox 2161 3107 2350 3174; x_wconf 84' lang='lat' dir='ltr'><strong>utique</strong></span> <span class='ocrx_word' id='word_1_533' title='bbox 2364 3106 2385 3159; x_wconf 74' lang='grc' dir='ltr'><strong>ί</strong></span> <span class='ocrx_word' id='word_1_534' title='bbox 2389 3107 2571 3162; x_wconf 88' lang='lat' dir='ltr'><strong>addita</strong></span> <span class='ocrx_word' id='word_1_535' title='bbox 2587 3107 2750 3165; x_wconf 85' lang='lat' dir='ltr'><strong>Verbi</strong></span> <span class='ocrx_word' id='word_1_536' title='bbox 2767 3114 3145 3186; x_wconf 85' lang='lat' dir='ltr'><strong>emanatione)</strong></span> <span class='ocrx_word' id='word_1_537' title='bbox 3167 3123 3424 3186; x_wconf 89' lang='lat' dir='ltr'><strong>poterunt</strong></span> <span class='ocrx_word' id='word_1_538' title='bbox 3446 3119 3605 3175; x_wconf 57' lang='lat' dir='ltr'><strong>inve.</strong></span> 
     </span>
    </p>
   </div>
   <div class='ocr_carea' id='block_1_70' title="bbox 1995 3196 3604 3282">
    <p class='ocr_par' dir='ltr' id='par_1_70' title="bbox 1995 3196 3604 3282">
     <span class='ocr_line' id='line_1_70' title="bbox 1995 3196 3604 3282; baseline 0.011 -33"><span class='ocrx_word' id='word_1_539' title='bbox 1995 3196 2133 3262; x_wconf 89' lang='lat' dir='ltr'><strong>uiri;</strong></span> <span class='ocrx_word' id='word_1_540' title='bbox 2163 3212 2260 3266; x_wconf 86' lang='lat' dir='ltr'><strong>per</strong></span> <span class='ocrx_word' id='word_1_541' title='bbox 2279 3214 2402 3268; x_wconf 77' lang='lat' dir='ltr'><strong>qua:</strong></span> <span class='ocrx_word' id='word_1_542' title='bbox 2421 3201 2613 3255; x_wconf 86' lang='lat' dir='ltr'><strong>relatio</strong></span> <span class='ocrx_word' id='word_1_543' title='bbox 2634 3202 2778 3258; x_wconf 84' lang='lat' dir='ltr'><strong>inter</strong></span> <span class='ocrx_word' id='word_1_544' title='bbox 2802 3215 3286 3274; x_wconf 64' lang='lat' dir='ltr'><strong>repraesentante“)</strong></span> <span class='ocrx_word' id='word_1_545' title='bbox 3326 3218 3382 3264; x_wconf 88' lang='lat' dir='ltr'><strong>et</strong></span> <span class='ocrx_word' id='word_1_546' title='bbox 3399 3225 3604 3282; x_wconf 65' lang='lat' dir='ltr'><strong>reprae-</strong></span> 
     </span>
    </p>
   </div>
   <div class='ocr_carea' id='block_1_71' title="bbox 1997 3289 3604 3370">
    <p class='ocr_par' dir='ltr' id='par_1_71' title="bbox 1997 3289 3604 3370">
     <span class='ocr_line' id='line_1_71' title="bbox 1997 3289 3604 3370; baseline 0.011 -29"><span class='ocrx_word' id='word_1_547' title='bbox 1997 3296 2294 3354; x_wconf 80' lang='lat' dir='ltr'><strong>sentatum,</strong></span> <span class='ocrx_word' id='word_1_548' title='bbox 2331 3289 2672 3348; x_wconf 87' lang='lat' dir='ltr'><strong>intercedens</strong></span> <span class='ocrx_word' id='word_1_549' title='bbox 2688 3295 2956 3350; x_wconf 88' lang='lat' dir='ltr'><strong>rationem</strong></span> <span class='ocrx_word' id='word_1_550' title='bbox 2984 3297 3243 3370; x_wconf 81' lang='lat' dir='ltr'><strong>imaginis</strong></span> <span class='ocrx_word' id='word_1_551' title='bbox 3271 3310 3473 3356; x_wconf 79' lang='lat' dir='ltr'><strong>servat.</strong></span> <span class='ocrx_word' id='word_1_552' title='bbox 3502 3303 3604 3358; x_wconf 72' lang='lat' dir='ltr'><strong>Est</strong></span> 
     </span>
    </p>
   </div>
   <div class='ocr_carea' id='block_1_72' title="bbox 1994 3377 3600 3462">
    <p class='ocr_par' dir='ltr' id='par_1_72' title="bbox 1994 3377 3600 3462">
     <span class='ocr_line' id='line_1_72' title="bbox 1994 3377 3600 3462; baseline 0.011 -33"><span class='ocrx_word' id='word_1_553' title='bbox 1994 3377 2140 3431; x_wconf 90' lang='lat' dir='ltr'><strong>cnim</strong></span> <span class='ocrx_word' id='word_1_554' title='bbox 2170 3377 2437 3434; x_wconf 83' lang='lat' dir='ltr'><strong>Divinitas</strong></span> <span class='ocrx_word' id='word_1_555' title='bbox 2466 3395 2552 3445; x_wconf 87' lang='lat' dir='ltr'><strong>ea,</strong></span> <span class='ocrx_word' id='word_1_556' title='bbox 2583 3381 2635 3437; x_wconf 90' lang='lat' dir='ltr'><strong>in</strong></span> <span class='ocrx_word' id='word_1_557' title='bbox 2671 3399 2777 3454; x_wconf 82' lang='lat' dir='ltr'><strong>qua</strong></span> <span class='ocrx_word' id='word_1_558' title='bbox 2799 3385 3064 3455; x_wconf 81' lang='lat' dir='ltr'><strong>perfectio</strong></span> <span class='ocrx_word' id='word_1_559' title='bbox 3099 3388 3446 3458; x_wconf 71' lang='lat' dir='ltr'><strong>facultatum,</strong></span> <span class='ocrx_word' id='word_1_560' title='bbox 3473 3407 3600 3462; x_wconf 65' lang='lat' dir='ltr'><strong>quae</strong></span> 
     </span>
    </p>
   </div>
   <div class='ocr_carea' id='block_1_73' title="bbox 1969 3480 3601 3552">
    <p class='ocr_par' dir='ltr' id='par_1_73' title="bbox 1969 3480 3601 3552">
     <span class='ocr_line' id='line_1_73' title="bbox 1969 3480 3601 3552; baseline 0.012 -31"><span class='ocrx_word' id='word_1_561' title='bbox 1969 3484 2161 3539; x_wconf 79' lang='lat' dir='ltr'><strong>supra</strong></span> <span class='ocrx_word' id='word_1_562' title='bbox 2193 3486 2423 3526; x_wconf 69' lang='lat' dir='ltr'><strong>omnem.</strong></span> <span class='ocrx_word' id='word_1_563' title='bbox 2479 3488 2706 3530; x_wconf 88' lang='lat' dir='ltr'><strong>causam</strong></span> <span class='ocrx_word' id='word_1_564' title='bbox 2758 3488 2814 3532; x_wconf 89' lang='lat' dir='ltr'><strong>et</strong></span> <span class='ocrx_word' id='word_1_565' title='bbox 2849 3480 3397 3549; x_wconf 78' lang='lat' dir='ltr'><strong>comprehensionem</strong></span> <span class='ocrx_word' id='word_1_566' title='bbox 3446 3494 3601 3552; x_wconf 83' lang='lat' dir='ltr'><strong>sunt,</strong></span> 
     </span>
    </p>
   </div>
   <div class='ocr_carea' id='block_1_74' title="bbox 1996 3562 3598 3638">
    <p class='ocr_par' dir='ltr' id='par_1_74' title="bbox 1996 3562 3598 3638">
     <span class='ocr_line' id='line_1_74' title="bbox 1996 3562 3598 3638; baseline 0.009 -21"><span class='ocrx_word' id='word_1_567' title='bbox 1996 3562 2161 3632; x_wconf 83' lang='lat' dir='ltr'><strong>digna</strong></span> <span class='ocrx_word' id='word_1_568' title='bbox 2207 3562 2318 3618; x_wconf 86' lang='lat' dir='ltr'><strong>Deo</strong></span> <span class='ocrx_word' id='word_1_569' title='bbox 2347 3565 2591 3638; x_wconf 80' lang='lat' dir='ltr'><strong>eﬂ‘ulget.</strong></span> <span class='ocrx_word' id='word_1_570' title='bbox 2641 3569 2781 3625; x_wconf 86' lang='lat' dir='ltr'><strong>Sunt</strong></span> <span class='ocrx_word' id='word_1_571' title='bbox 2815 3580 2999 3627; x_wconf 80' lang='lat' dir='ltr'><strong>autem</strong></span> <span class='ocrx_word' id='word_1_572' title='bbox 3040 3573 3237 3629; x_wconf 89' lang='lat' dir='ltr'><strong>harum</strong></span> <span class='ocrx_word' id='word_1_573' title='bbox 3271 3575 3598 3632; x_wconf 78' lang='lat' dir='ltr'><strong>facultatum</strong></span> 
     </span>
    </p>
   </div>
   <div class='ocr_carea' id='block_1_75' title="bbox 1999 3655 3599 3727">
    <p class='ocr_par' dir='ltr' id='par_1_75' title="bbox 1999 3655 3599 3727">
     <span class='ocr_line' id='line_1_75' title="bbox 1999 3655 3599 3727; baseline 0.009 -19"><span class='ocrx_word' id='word_1_574' title='bbox 1999 3655 2160 3720; x_wconf 79' lang='lat' dir='ltr'><strong>radii,</strong></span> <span class='ocrx_word' id='word_1_575' title='bbox 2187 3656 2280 3726; x_wconf 90' lang='lat' dir='ltr'><strong>qui</strong></span> <span class='ocrx_word' id='word_1_576' title='bbox 2311 3658 2774 3727; x_wconf 85' lang='lat' dir='ltr'><strong>pulchritudinem</strong></span> <span class='ocrx_word' id='word_1_577' title='bbox 2799 3661 2948 3718; x_wconf 88' lang='lat' dir='ltr'><strong>illinc</strong></span> <span class='ocrx_word' id='word_1_578' title='bbox 2988 3679 3055 3718; x_wconf 74' lang='lat' dir='ltr'><strong>ex</strong></span> <span class='ocrx_word' id='word_1_579' title='bbox 3087 3664 3274 3721; x_wconf 79' lang='lat' dir='ltr'><strong>divina</strong></span> <span class='ocrx_word' id='word_1_580' title='bbox 3304 3667 3599 3723; x_wconf 83' lang='lat' dir='ltr'><strong>clementia</strong></span> 
     </span>
    </p>
   </div>
   <div class='ocr_carea' id='block_1_76' title="bbox 1998 3747 3598 3826">
    <p class='ocr_par' dir='ltr' id='par_1_76' title="bbox 1998 3747 3598 3826">
     <span class='ocr_line' id='line_1_76' title="bbox 1998 3747 3598 3826; baseline 0.009 -28"><span class='ocrx_word' id='word_1_581' title='bbox 1998 3753 2280 3816; x_wconf 84' lang='lat' dir='ltr'><strong>acceptam</strong></span> <span class='ocrx_word' id='word_1_582' title='bbox 2321 3747 2655 3817; x_wconf 80' lang='lat' dir='ltr'><strong>exprimunt,</strong></span> <span class='ocrx_word' id='word_1_583' title='bbox 2676 3748 2731 3805; x_wconf 88' lang='lat' dir='ltr'><strong>et</strong></span> <span class='ocrx_word' id='word_1_584' title='bbox 2759 3761 3043 3823; x_wconf 86' lang='lat' dir='ltr'><strong>propterea</strong></span> <span class='ocrx_word' id='word_1_585' title='bbox 3084 3754 3342 3826; x_wconf 80' lang='lat' dir='ltr'><strong>imaginis</strong></span> <span class='ocrx_word' id='word_1_586' title='bbox 3395 3771 3598 3814; x_wconf 87' lang='lat' dir='ltr'><strong>nomen</strong></span> 
     </span>
    </p>
   </div>
   <div class='ocr_carea' id='block_1_77' title="bbox 2000 3838 3714 3922">
    <p class='ocr_par' dir='ltr' id='par_1_77' title="bbox 2000 3838 3714 3922">
     <span class='ocr_line' id='line_1_77' title="bbox 2000 3838 3714 3922; baseline 0.009 -31"><span class='ocrx_word' id='word_1_587' title='bbox 2000 3839 2105 3893; x_wconf 78' lang='lat' dir='ltr'><strong>sibi</strong></span> <span class='ocrx_word' id='word_1_588' title='bbox 2140 3838 2423 3896; x_wconf 86' lang='lat' dir='ltr'><strong>vindicant</strong></span> <span class='ocrx_word' id='word_1_589' title='bbox 2455 3859 2470 3896; x_wconf 89' lang='lat'><strong>:</strong></span> <span class='ocrx_word' id='word_1_590' title='bbox 2508 3858 2745 3912; x_wconf 85' lang='lat' dir='ltr'><strong>quorum</strong></span> <span class='ocrx_word' id='word_1_591' title='bbox 2783 3847 3065 3902; x_wconf 87' lang='lat' dir='ltr'><strong>radiorum</strong></span> <span class='ocrx_word' id='word_1_592' title='bbox 3084 3859 3343 3920; x_wconf 88' lang='lat' dir='ltr'><strong>quartum</strong></span> <span class='ocrx_word' id='word_1_593' title='bbox 3373 3866 3601 3921; x_wconf 84' lang='lat' dir='ltr'><strong>quoque</strong></span> <span class='ocrx_word' id='word_1_594' title='bbox 3709 3917 3714 3922; x_wconf 21' lang='lat' dir='ltr'><strong>I</strong></span> 
     </span>
    </p>
   </div>
   <div class='ocr_carea' id='block_1_78' title="bbox 2002 3932 3598 4014">
    <p class='ocr_par' dir='ltr' id='par_1_78' title="bbox 2002 3932 3598 4014">
     <span class='ocr_line' id='line_1_78' title="bbox 2002 3932 3598 4014; baseline 0.009 -28"><span class='ocrx_word' id='word_1_595' title='bbox 2002 3932 2168 3987; x_wconf 88' lang='lat' dir='ltr'><strong>habet</strong></span> <span class='ocrx_word' id='word_1_596' title='bbox 2221 3933 2412 4000; x_wconf 88' lang='lat' dir='ltr'><strong>homo,</strong></span> <span class='ocrx_word' id='word_1_597' title='bbox 2451 3936 2754 3992; x_wconf 77' lang='lat' dir='ltr'><strong>secundum</strong></span> <span class='ocrx_word' id='word_1_598' title='bbox 2813 3939 2978 3996; x_wconf 87' lang='lat' dir='ltr'><strong>modo</strong></span> <span class='ocrx_word' id='word_1_599' title='bbox 3031 3941 3236 3997; x_wconf 90' lang='lat' dir='ltr'><strong>dictam</strong></span> <span class='ocrx_word' id='word_1_600' title='bbox 3299 3943 3598 4014; x_wconf 78' lang='lat' dir='ltr'><strong>imaginem</strong></span> 
     </span>
    </p>
   </div>
   <div class='ocr_carea' id='block_1_79' title="bbox 2001 4022 3596 4106">
    <p class='ocr_par' dir='ltr' id='par_1_79' title="bbox 2001 4022 3596 4106">
     <span class='ocr_line' id='line_1_79' title="bbox 2001 4022 3596 4106; baseline 0.006 -29"><span class='ocrx_word' id='word_1_601' title='bbox 2001 4024 2293 4079; x_wconf 79' lang='lat' dir='ltr'><strong>formatus.</strong></span> <span class='ocrx_word' id='word_1_602' title='bbox 2326 4022 2512 4090; x_wconf 86' lang='lat' dir='ltr'><strong>Quare</strong></span> <span class='ocrx_word' id='word_1_603' title='bbox 2535 4027 2629 4097; x_wconf 92' lang='lat' dir='ltr'><strong>qui</strong></span> <span class='ocrx_word' id='word_1_604' title='bbox 2660 4027 2955 4101; x_wconf 85' lang='lat' dir='ltr'><strong>imaginem</strong></span> <span class='ocrx_word' id='word_1_605' title='bbox 2987 4040 3046 4086; x_wconf 87' lang='lat' dir='ltr'><strong>et</strong></span> <span class='ocrx_word' id='word_1_606' title='bbox 3076 4034 3224 4102; x_wconf 89' lang='lat' dir='ltr'><strong>quod</strong></span> <span class='ocrx_word' id='word_1_607' title='bbox 3279 4033 3348 4090; x_wconf 88' lang='lat' dir='ltr'><strong>ad</strong></span> <span class='ocrx_word' id='word_1_608' title='bbox 3400 4035 3596 4106; x_wconf 83' lang='lat' dir='ltr'><strong>imagi-</strong></span> 
     </span>
    </p>
   </div>
   <div class='ocr_carea' id='block_1_80' title="bbox 277 4119 3595 4201">
    <p class='ocr_par' dir='ltr' id='par_1_80' title="bbox 277 4119 3595 4201">
     <span class='ocr_line' id='line_1_80' title="bbox 277 4119 3595 4201; baseline -0.003 -15"><span class='ocrx_word' id='word_1_609' title='bbox 277 4148 410 4186; x_wconf 84' lang='lat' dir='ltr'><strong>nem</strong></span> <span class='ocrx_word' id='word_1_610' title='bbox 460 4142 565 4194; x_wconf 90' lang='lat' dir='ltr'><strong>est,</strong></span> <span class='ocrx_word' id='word_1_611' title='bbox 607 4131 749 4184; x_wconf 83' lang='lat' dir='ltr'><strong>haud</strong></span> <span class='ocrx_word' id='word_1_612' title='bbox 795 4130 848 4184; x_wconf 89' lang='lat' dir='ltr'><strong>in</strong></span> <span class='ocrx_word' id='word_1_613' title='bbox 896 4145 1003 4186; x_wconf 89' lang='lat' dir='ltr'><strong>una</strong></span> <span class='ocrx_word' id='word_1_614' title='bbox 1058 4145 1118 4185; x_wconf 89' lang='lat' dir='ltr'><strong>re</strong></span> <span class='ocrx_word' id='word_1_615' title='bbox 1165 4132 1522 4201; x_wconf 76' lang='lat' dir='ltr'><strong>quaerendum</strong></span> <span class='ocrx_word' id='word_1_616' title='bbox 1574 4137 1788 4200; x_wconf 88' lang='lat' dir='ltr'><strong>putant,</strong></span> <span class='ocrx_word' id='word_1_617' title='bbox 1839 4139 1951 4181; x_wconf 87' lang='lat' dir='ltr'><strong>non</strong></span> <span class='ocrx_word' id='word_1_618' title='bbox 2005 4134 2181 4188; x_wconf 80' lang='lat' dir='ltr'><strong>usque</strong></span> <span class='ocrx_word' id='word_1_619' title='bbox 2241 4119 2308 4173; x_wconf 82' lang='lat' dir='ltr'><strong>ad</strong></span> <span class='ocrx_word' id='word_1_620' title='bbox 2357 4122 2461 4175; x_wconf 85' lang='lat' dir='ltr'><strong>tria</strong></span> <span class='ocrx_word' id='word_1_621' title='bbox 2508 4123 2688 4192; x_wconf 87' lang='lat' dir='ltr'><strong>capita</strong></span> <span class='ocrx_word' id='word_1_622' title='bbox 2739 4125 3165 4194; x_wconf 62' lang='lat' dir='ltr'><strong>exquisitionem</strong></span> <span class='ocrx_word' id='word_1_623' title='bbox 3213 4129 3595 4186; x_wconf 64' lang='lat' dir='ltr'><strong>similitudinis</strong></span> 
     </span>
    </p>
   </div>
   <div class='ocr_carea' id='block_1_81' title="bbox 273 4207 3305 4306">
    <p class='ocr_par' dir='ltr' id='par_1_81' title="bbox 273 4207 3305 4306">
     <span class='ocr_line' id='line_1_81' title="bbox 273 4207 3305 4306; baseline -0.002 -27"><span class='ocrx_word' id='word_1_624' title='bbox 273 4225 630 4296; x_wconf 72' lang='lat' dir='ltr'><strong>producunt;</strong></span> <span class='ocrx_word' id='word_1_625' title='bbox 672 4224 764 4278; x_wconf 82' lang='lat' dir='ltr'><strong>sed</strong></span> <span class='ocrx_word' id='word_1_626' title='bbox 800 4233 1057 4292; x_wconf 85' lang='lat' dir='ltr'><strong>quartum</strong></span> <span class='ocrx_word' id='word_1_627' title='bbox 1087 4235 1310 4294; x_wconf 88' lang='lat' dir='ltr'><strong>quoque</strong></span> <span class='ocrx_word' id='word_1_628' title='bbox 1361 4222 1580 4292; x_wconf 89' lang='lat' dir='ltr'><strong>(nempe</strong></span> <span class='ocrx_word' id='word_1_629' title='bbox 1617 4219 1782 4275; x_wconf 79' lang='lat' dir='ltr'><strong>Verbi</strong></span> <span class='ocrx_word' id='word_1_630' title='bbox 1817 4207 2456 4306; x_wconf 32' lang='lat' dir='ltr'><strong>etiianlationem),_quod</strong></span> <span class='ocrx_word' id='word_1_631' title='bbox 2487 4213 2985 4306; x_wconf 65' lang='lat' dir='ltr'><strong>nunquam-ierunt,</strong></span> <span class='ocrx_word' id='word_1_632' title='bbox 3015 4216 3305 4287; x_wconf 88' lang='lat' dir='ltr'><strong>adjiciunt.</strong></span> 
     </span>
    </p>
   </div>
   <div class='ocr_carea' id='block_1_82' title="bbox 359 4313 1881 4391">
    <p class='ocr_par' dir='ltr' id='par_1_82' title="bbox 359 4313 1881 4391">
     <span class='ocr_line' id='line_1_82' title="bbox 359 4313 1881 4391; baseline -0.003 -21"><span class='ocrx_word' id='word_1_633' title='bbox 359 4319 551 4391; x_wconf 79' lang='grc' dir='ltr'>Ταύτῃ</span> <span class='ocrx_word' id='word_1_634' title='bbox 585 4320 694 4390; x_wconf 79' lang='grc' dir='ltr'>ἄρα</span> <span class='ocrx_word' id='word_1_635' title='bbox 722 4319 818 4370; x_wconf 80' lang='grc' dir='ltr'>καὶ</span> <span class='ocrx_word' id='word_1_636' title='bbox 841 4319 935 4371; x_wconf 83' lang='grc' dir='ltr'>τὸν</span> <span class='ocrx_word' id='word_1_637' title='bbox 961 4317 1377 4389; x_wconf 83' lang='grc' dir='ltr'>ὲκπεριώνυμον</span> <span class='ocrx_word' id='word_1_638' title='bbox 1398 4313 1554 4386; x_wconf 78' lang='grc' dir='ltr'>οἶμαι</span> <span class='ocrx_word' id='word_1_639' title='bbox 1576 4314 1881 4387; x_wconf 78' lang='grc' dir='ltr'>Γρηγόριον</span> 
     </span>
    </p>
   </div>
   <div class='ocr_carea' id='block_1_83' title="bbox 275 4405 1879 4481">
    <p class='ocr_par' dir='ltr' id='par_1_83' title="bbox 275 4405 1879 4481">
     <span class='ocr_line' id='line_1_83' title="bbox 275 4405 1879 4481; baseline -0.007 -14"><span class='ocrx_word' id='word_1_640' title='bbox 275 4413 599 4481; x_wconf 76' lang='grc' dir='ltr'>καθυφὲντα</span> <span class='ocrx_word' id='word_1_641' title='bbox 637 4413 734 4481; x_wconf 76' lang='grc' dir='ltr'>τῆς</span> <span class='ocrx_word' id='word_1_642' title='bbox 774 4410 973 4480; x_wconf 77' lang='grc' dir='ltr'>πολλῆς</span> <span class='ocrx_word' id='word_1_643' title='bbox 1009 4410 1395 4481; x_wconf 73' lang='grc' dir='ltr'>ἀκριϐολογίας</span> <span class='ocrx_word' id='word_1_644' title='bbox 1443 4406 1781 4480; x_wconf 83' lang='grc' dir='ltr'>ὰρκεσθῆναι</span> <span class='ocrx_word' id='word_1_645' title='bbox 1813 4405 1879 4472; x_wconf 80' lang='grc' dir='ltr'><strong>τῇ</strong></span> 
     </span>
    </p>
   </div>
   <div class='ocr_carea' id='block_1_84' title="bbox 276 4495 1880 4572">
    <p class='ocr_par' dir='ltr' id='par_1_84' title="bbox 276 4495 1880 4572">
     <span class='ocr_line' id='line_1_84' title="bbox 276 4495 1880 4572; baseline -0.006 -16"><span class='ocrx_word' id='word_1_646' title='bbox 276 4504 461 4557; x_wconf 85' lang='grc' dir='ltr'>εἰκόνι</span> <span class='ocrx_word' id='word_1_647' title='bbox 524 4501 622 4555; x_wconf 74' lang='grc' dir='ltr'>καὶ</span> <span class='ocrx_word' id='word_1_648' title='bbox 673 4500 754 4572; x_wconf 78' lang='grc' dir='ltr'>τῷ</span> <span class='ocrx_word' id='word_1_649' title='bbox 808 4498 1239 4571; x_wconf 86' lang='grc' dir='ltr'>παραδείγματι.</span> <span class='ocrx_word' id='word_1_650' title='bbox 1274 4499 1540 4568; x_wconf 85' lang='grc' dir='ltr'>Ἐπείπερ</span> <span class='ocrx_word' id='word_1_651' title='bbox 1575 4495 1712 4568; x_wconf 83' lang='grc' dir='ltr'>μηδὲ</span> <span class='ocrx_word' id='word_1_652' title='bbox 1741 4495 1880 4565; x_wconf 83' lang='grc' dir='ltr'>πρό-</span> 
     </span>
    </p>
   </div>
   <div class='ocr_carea' id='block_1_85' title="bbox 277 4587 1879 4664">
    <p class='ocr_par' dir='ltr' id='par_1_85' title="bbox 277 4587 1879 4664">
     <span class='ocr_line' id='line_1_85' title="bbox 277 4587 1879 4664; baseline -0.005 -15"><span class='ocrx_word' id='word_1_653' title='bbox 277 4600 436 4659; x_wconf 73' lang='grc' dir='ltr'>θετις</span> <span class='ocrx_word' id='word_1_654' title='bbox 470 4591 538 4664; x_wconf 79' lang='grc' dir='ltr'><strong>ἦν</strong></span> <span class='ocrx_word' id='word_1_655' title='bbox 567 4593 720 4664; x_wconf 78' lang='grc' dir='ltr'>αὐτῷ</span> <span class='ocrx_word' id='word_1_656' title='bbox 745 4593 806 4646; x_wconf 79' lang='grc' dir='ltr'>τὸ</span> <span class='ocrx_word' id='word_1_657' title='bbox 835 4593 1000 4664; x_wconf 73' lang='grc' dir='ltr'>ῥητὸν</span> <span class='ocrx_word' id='word_1_658' title='bbox 1031 4591 1452 4662; x_wconf 80' lang='grc' dir='ltr'>καταμερίζειν,</span> <span class='ocrx_word' id='word_1_659' title='bbox 1500 4590 1597 4644; x_wconf 72' lang='grc' dir='ltr'>καὶ</span> <span class='ocrx_word' id='word_1_660' title='bbox 1647 4591 1728 4652; x_wconf 88' lang='grc' dir='ltr'><strong>είς</strong></span> <span class='ocrx_word' id='word_1_661' title='bbox 1775 4587 1879 4640; x_wconf 68' lang='grc' dir='ltr'>ὅσα</span> 
     </span>
    </p>
   </div>
   <div class='ocr_carea' id='block_1_86' title="bbox 2063 4302 3590 4382">
    <p class='ocr_par' dir='ltr' id='par_1_86' title="bbox 2063 4302 3590 4382">
     <span class='ocr_line' id='line_1_86' title="bbox 2063 4302 3590 4382; baseline 0.008 -25"><span class='ocrx_word' id='word_1_662' title='bbox 2063 4302 2429 4370; x_wconf 83' lang='lat' dir='ltr'><strong>Quamobrem</strong></span> <span class='ocrx_word' id='word_1_663' title='bbox 2460 4305 2944 4375; x_wconf 57' lang='lat' dir='ltr'><strong>praclarissimum</strong></span> <span class='ocrx_word' id='word_1_664' title='bbox 2968 4309 3292 4382; x_wconf 84' lang='lat' dir='ltr'><strong>Gregorium</strong></span> <span class='ocrx_word' id='word_1_665' title='bbox 3325 4311 3590 4380; x_wconf 84' lang='lat' dir='ltr'><strong>arbitror,</strong></span> 
     </span>
    </p>
   </div>
   <div class='ocr_carea' id='block_1_87' title="bbox 1993 4395 3589 4467">
    <p class='ocr_par' dir='ltr' id='par_1_87' title="bbox 1993 4395 3589 4467">
     <span class='ocr_line' id='line_1_87' title="bbox 1993 4395 3589 4467; baseline 0.008 -19"><span class='ocrx_word' id='word_1_666' title='bbox 1993 4409 2212 4449; x_wconf 90' lang='lat' dir='ltr'><strong>summo</strong></span> <span class='ocrx_word' id='word_1_667' title='bbox 2244 4395 2541 4451; x_wconf 90' lang='lat' dir='ltr'><strong>locutionis</strong></span> <span class='ocrx_word' id='word_1_668' title='bbox 2575 4396 2742 4467; x_wconf 88' lang='lat' dir='ltr'><strong>rigori</strong></span> <span class='ocrx_word' id='word_1_669' title='bbox 2773 4399 3003 4456; x_wconf 91' lang='lat' dir='ltr'><strong>minime</strong></span> <span class='ocrx_word' id='word_1_670' title='bbox 3033 4411 3338 4466; x_wconf 79' lang='lat' dir='ltr'><strong>vacantem.</strong></span> <span class='ocrx_word' id='word_1_671' title='bbox 3372 4413 3589 4461; x_wconf 91' lang='lat' dir='ltr'><strong>tantum</strong></span> 
     </span>
    </p>
   </div>
   <div class='ocr_carea' id='block_1_88' title="bbox 1991 4483 3592 4565">
    <p class='ocr_par' dir='ltr' id='par_1_88' title="bbox 1991 4483 3592 4565">
     <span class='ocr_line' id='line_1_88' title="bbox 1991 4483 3592 4565; baseline 0.009 -28"><span class='ocrx_word' id='word_1_672' title='bbox 1991 4483 2230 4555; x_wconf 83' lang='lat' dir='ltr'><strong>imagine</strong></span> <span class='ocrx_word' id='word_1_673' title='bbox 2277 4492 2334 4539; x_wconf 90' lang='lat' dir='ltr'><strong>et</strong></span> <span class='ocrx_word' id='word_1_674' title='bbox 2393 4485 2694 4555; x_wconf 81' lang='lat' dir='ltr'><strong>exemplari</strong></span> <span class='ocrx_word' id='word_1_675' title='bbox 2753 4486 2924 4544; x_wconf 79' lang='lat' dir='ltr'><strong>fuisse</strong></span> <span class='ocrx_word' id='word_1_676' title='bbox 3007 4501 3348 4549; x_wconf 81' lang='lat' dir='ltr'><strong>contentum.</strong></span> <span class='ocrx_word' id='word_1_677' title='bbox 3400 4493 3592 4565; x_wconf 83' lang='lat' dir='ltr'><strong>Neque</strong></span> 
     </span>
    </p>
   </div>
   <div class='ocr_carea' id='block_1_89' title="bbox 1991 4577 3588 4652">
    <p class='ocr_par' dir='ltr' id='par_1_89' title="bbox 1991 4577 3588 4652">
     <span class='ocr_line' id='line_1_89' title="bbox 1991 4577 3588 4652; baseline 0.007 -19"><span class='ocrx_word' id='word_1_678' title='bbox 1991 4578 2138 4633; x_wconf 87' lang='lat' dir='ltr'><strong>enim</strong></span> <span class='ocrx_word' id='word_1_679' title='bbox 2190 4577 2296 4633; x_wconf 90' lang='lat' dir='ltr'><strong>sibi</strong></span> <span class='ocrx_word' id='word_1_680' title='bbox 2338 4589 2704 4648; x_wconf 88' lang='lat' dir='ltr'><strong>proposuerat</strong></span> <span class='ocrx_word' id='word_1_681' title='bbox 2735 4581 3034 4652; x_wconf 69' lang='lat' dir='ltr'><strong>Scriptura:</strong></span> <span class='ocrx_word' id='word_1_682' title='bbox 3071 4587 3362 4642; x_wconf 87' lang='lat' dir='ltr'><strong>oraculum</strong></span> <span class='ocrx_word' id='word_1_683' title='bbox 3392 4588 3446 4642; x_wconf 93' lang='lat' dir='ltr'><strong>in</strong></span> <span class='ocrx_word' id='word_1_684' title='bbox 3483 4589 3588 4644; x_wconf 89' lang='lat' dir='ltr'><strong>mi-</strong></span> 
     </span>
    </p>
   </div>
   <div class='ocr_carea' id='block_1_90' title="bbox 275 4649 1890 4756">
    <p class='ocr_par' dir='ltr' id='par_1_90' title="bbox 275 4649 1884 4756">
     <span class='ocr_line' id='line_1_90' title="bbox 275 4649 1884 4756; baseline -0.006 -15"><span class='ocrx_word' id='word_1_685' title='bbox 275 4649 525 4750; x_wconf 59' lang='grc' dir='ltr'>δύναῖτό,</span> <span class='ocrx_word' id='word_1_686' title='bbox 573 4649 715 4756; x_wconf 77' lang='grc' dir='ltr'>μέρη</span> <span class='ocrx_word' id='word_1_687' title='bbox 747 4649 862 4755; x_wconf 55' lang='lat' dir='ltr'><strong>(9i)</strong></span> <span class='ocrx_word' id='word_1_688' title='bbox 892 4649 1212 4750; x_wconf 52' lang='grc' dir='ltr'>’συναύξεινο</span> <span class='ocrx_word' id='word_1_689' title='bbox 1248 4649 1379 4736; x_wconf 66' lang='grc' dir='ltr'>αλλ’</span> <span class='ocrx_word' id='word_1_690' title='bbox 1403 4649 1462 4736; x_wconf 83' lang='grc' dir='ltr'>ὲν</span> <span class='ocrx_word' id='word_1_691' title='bbox 1496 4649 1884 4752; x_wconf 77' lang='grc' dir='ltr'>πανηγυρικῷ,</span> 
     </span>
    </p>
   </div>
   <div class='ocr_carea' id='block_1_91' title="bbox 2000 4649 3588 4756">
    <p class='ocr_par' dir='ltr' id='par_1_91' title="bbox 2000 4649 3588 4751">
     <span class='ocr_line' id='line_1_91' title="bbox 2000 4649 3588 4751; baseline 0.007 -25"><span class='ocrx_word' id='word_1_692' title='bbox 2000 4680 2163 4727; x_wconf 83' lang='lat' dir='ltr'><strong>nutas</strong></span> <span class='ocrx_word' id='word_1_693' title='bbox 2204 4682 2387 4741; x_wconf 86' lang='lat' dir='ltr'><strong>partes</strong></span> <span class='ocrx_word' id='word_1_694' title='bbox 2429 4673 2765 4743; x_wconf 88' lang='lat' dir='ltr'><strong>dispescere,</strong></span> <span class='ocrx_word' id='word_1_695' title='bbox 2812 4649 3039 4747; x_wconf 78' lang='lat' dir='ltr'><strong>easque,</strong></span> <span class='ocrx_word' id='word_1_696' title='bbox 3068 4686 3335 4750; x_wconf 87' lang='lat' dir='ltr'><strong>quantum</strong></span> <span class='ocrx_word' id='word_1_697' title='bbox 3376 4693 3588 4751; x_wconf 83' lang='lat' dir='ltr'><strong>posset,</strong></span> 
     </span>
    </p>
   </div>
   <div class='ocr_carea' id='block_1_92' title="bbox 259 4771 1890 4851">
    <p class='ocr_par' dir='ltr' id='par_1_92' title="bbox 259 4771 1890 4851">
     <span class='ocr_line' id='line_1_92' title="bbox 259 4771 1890 4851; baseline -0.007 -16"><span class='ocrx_word' id='word_1_698' title='bbox 259 4782 379 4835; x_wconf 76' lang='grc' dir='ltr'>’καὶ</span> <span class='ocrx_word' id='word_1_699' title='bbox 423 4779 714 4851; x_wconf 82' lang='grc' dir='ltr'>δημοτελεῖ</span> <span class='ocrx_word' id='word_1_700' title='bbox 755 4778 900 4850; x_wconf 85' lang='grc' dir='ltr'>λόγῳ</span> <span class='ocrx_word' id='word_1_701' title='bbox 931 4776 1126 4849; x_wconf 77' lang='grc' dir='ltr'>χρείαν</span> <span class='ocrx_word' id='word_1_702' title='bbox 1176 4774 1422 4846; x_wconf 80' lang='grc' dir='ltr'>πληροῦν</span> <span class='ocrx_word' id='word_1_703' title='bbox 1451 4772 1779 4844; x_wconf 73' lang='grc' dir='ltr'>παρελήφθη</span> <span class='ocrx_word' id='word_1_704' title='bbox 1825 4771 1890 4825; x_wconf 84' lang='grc' dir='ltr'>τὸ</span> 
     </span>
    </p>
   </div>
   <div class='ocr_carea' id='block_1_93' title="bbox 275 4868 1454 4946">
    <p class='ocr_par' dir='ltr' id='par_1_93' title="bbox 275 4868 1454 4946">
     <span class='ocr_line' id='line_1_93' title="bbox 275 4868 1454 4946; baseline -0.006 -19"><span class='ocrx_word' id='word_1_705' title='bbox 275 4873 550 4946; x_wconf 72' lang='grc' dir='ltr'>θεώρημα</span> <span class='ocrx_word' id='word_1_706' title='bbox 575 4872 652 4943; x_wconf 83' lang='grc' dir='ltr'>τῷ</span> <span class='ocrx_word' id='word_1_707' title='bbox 688 4871 884 4942; x_wconf 80' lang='grc' dir='ltr'>πλήθει</span> <span class='ocrx_word' id='word_1_708' title='bbox 912 4868 1454 4941; x_wconf 74' lang='grc' dir='ltr'>συμπεριφέρουσαν.</span> 
     </span>
    </p>
   </div>
   <div class='ocr_carea' id='block_1_94' title="bbox 352 5129 1872 5208">
    <p class='ocr_par' dir='ltr' id='par_1_94' title="bbox 352 5129 1872 5208">
     <span class='ocr_line' id='line_1_94' title="bbox 352 5129 1872 5208; baseline -0.007 -15"><span class='ocrx_word' id='word_1_709' title='bbox 352 5137 514 5204; x_wconf 81' lang='grc' dir='ltr'>Τινὲς</span> <span class='ocrx_word' id='word_1_710' title='bbox 546 5137 604 5192; x_wconf 76' lang='grc' dir='ltr'>δὲ</span> <span class='ocrx_word' id='word_1_711' title='bbox 630 5138 692 5193; x_wconf 77' lang='grc' dir='ltr'>τὸ</span> <span class='ocrx_word' id='word_1_712' title='bbox 723 5157 744 5192; x_wconf 78' lang='grc' dir='ltr'><strong>ι</strong></span> <span class='ocrx_word' id='word_1_713' title='bbox 771 5139 893 5193; x_wconf 77' lang='grc' dir='ltr'>κατ’</span> <span class='ocrx_word' id='word_1_714' title='bbox 920 5139 1109 5193; x_wconf 84' lang='grc' dir='ltr'>εἰκόνα</span> <span class='ocrx_word' id='word_1_715' title='bbox 1133 5157 1151 5190; x_wconf 69' lang='grc' dir='ltr'><strong>ι</strong></span> <span class='ocrx_word' id='word_1_716' title='bbox 1175 5135 1580 5208; x_wconf 79' lang='grc' dir='ltr'>παρειλήφασιν</span> <span class='ocrx_word' id='word_1_717' title='bbox 1607 5131 1730 5186; x_wconf 77' lang='grc' dir='ltr'>ἀντὶ</span> <span class='ocrx_word' id='word_1_718' title='bbox 1754 5129 1872 5194; x_wconf 80' lang='grc' dir='ltr'>τοῦ,</span> 
     </span>
    </p>
   </div>
   <div class='ocr_carea' id='block_1_95' title="bbox 1993 4765 3588 4847">
    <p class='ocr_par' dir='ltr' id='par_1_95' title="bbox 1993 4765 3588 4847">
     <span class='ocr_line' id='line_1_95' title="bbox 1993 4765 3588 4847; baseline 0.008 -27"><span class='ocrx_word' id='word_1_719' title='bbox 1993 4765 2360 4836; x_wconf 81' lang='lat' dir='ltr'><strong>multiplicare</strong></span> <span class='ocrx_word' id='word_1_720' title='bbox 2395 4782 2410 4819; x_wconf 87' lang='lat'><strong>:</strong></span> <span class='ocrx_word' id='word_1_721' title='bbox 2449 4769 2544 4822; x_wconf 72' lang='lat' dir='ltr'><strong>sed</strong></span> <span class='ocrx_word' id='word_1_722' title='bbox 2581 4783 2704 4823; x_wconf 87' lang='lat' dir='ltr'><strong>cum</strong></span> <span class='ocrx_word' id='word_1_723' title='bbox 2732 4769 3167 4837; x_wconf 85' lang='lat' dir='ltr'><strong>celeberrimam,</strong></span> <span class='ocrx_word' id='word_1_724' title='bbox 3199 4773 3588 4847; x_wconf 86' lang='lat' dir='ltr'><strong>publicamque</strong></span> 
     </span>
    </p>
   </div>
   <div class='ocr_carea' id='block_1_96' title="bbox 1992 4856 3590 4931">
    <p class='ocr_par' dir='ltr' id='par_1_96' title="bbox 1992 4856 3590 4931">
     <span class='ocr_line' id='line_1_96' title="bbox 1992 4856 3590 4931; baseline 0.008 -20"><span class='ocrx_word' id='word_1_725' title='bbox 1992 4857 2313 4912; x_wconf 89' lang='lat' dir='ltr'><strong>concionem</strong></span> <span class='ocrx_word' id='word_1_726' title='bbox 2338 4856 2585 4924; x_wconf 88' lang='lat' dir='ltr'><strong>haberet,</strong></span> <span class='ocrx_word' id='word_1_727' title='bbox 2608 4859 2712 4915; x_wconf 83' lang='lat' dir='ltr'><strong>sibi</strong></span> <span class='ocrx_word' id='word_1_728' title='bbox 2747 4861 3027 4931; x_wconf 85' lang='lat' dir='ltr'><strong>proposuit</strong></span> <span class='ocrx_word' id='word_1_729' title='bbox 3055 4862 3137 4918; x_wconf 78' lang='lat' dir='ltr'><strong>sic</strong></span> <span class='ocrx_word' id='word_1_730' title='bbox 3163 4864 3470 4920; x_wconf 86' lang='lat' dir='ltr'><strong>doctrinam</strong></span> <span class='ocrx_word' id='word_1_731' title='bbox 3495 4880 3590 4922; x_wconf 78' lang='lat' dir='ltr'><strong>ex-</strong></span> 
     </span>
    </p>
   </div>
   <div class='ocr_carea' id='block_1_97' title="bbox 1986 4950 3584 5029">
    <p class='ocr_par' dir='ltr' id='par_1_97' title="bbox 1986 4950 3584 5029">
     <span class='ocr_line' id='line_1_97' title="bbox 1986 4950 3584 5029; baseline 0.009 -27"><span class='ocrx_word' id='word_1_732' title='bbox 1986 4964 2215 5019; x_wconf 88' lang='lat' dir='ltr'><strong>ponere,</strong></span> <span class='ocrx_word' id='word_1_733' title='bbox 2266 4957 2326 5003; x_wconf 91' lang='lat' dir='ltr'><strong>ut</strong></span> <span class='ocrx_word' id='word_1_734' title='bbox 2385 4950 2838 5022; x_wconf 80' lang='lat' dir='ltr'><strong>lrequentissimo</strong></span> <span class='ocrx_word' id='word_1_735' title='bbox 2895 4953 2971 5008; x_wconf 90' lang='lat' dir='ltr'><strong>illi</strong></span> <span class='ocrx_word' id='word_1_736' title='bbox 3031 4957 3329 5012; x_wconf 79' lang='lat' dir='ltr'><strong>conventui</strong></span> <span class='ocrx_word' id='word_1_737' title='bbox 3366 4957 3584 5029; x_wconf 80' lang='lat' dir='ltr'><strong>plenam</strong></span> 
     </span>
    </p>
   </div>
   <div class='ocr_carea' id='block_1_98' title="bbox 1990 5041 2561 5101">
    <p class='ocr_par' dir='ltr' id='par_1_98' title="bbox 1990 5041 2561 5101">
     <span class='ocr_line' id='line_1_98' title="bbox 1990 5041 2561 5101; baseline 0.012 -7"><span class='ocrx_word' id='word_1_738' title='bbox 1990 5041 2209 5097; x_wconf 63' lang='lat' dir='ltr'><strong>afferret</strong></span> <span class='ocrx_word' id='word_1_739' title='bbox 2243 5043 2561 5101; x_wconf 87' lang='lat' dir='ltr'><strong>utilitatem.</strong></span> 
     </span>
    </p>
   </div>
   <div class='ocr_carea' id='block_1_99' title="bbox 2064 5129 3588 5214">
    <p class='ocr_par' dir='ltr' id='par_1_99' title="bbox 2064 5129 3588 5214">
     <span class='ocr_line' id='line_1_99' title="bbox 2064 5129 3588 5214; baseline 0.01 -30"><span class='ocrx_word' id='word_1_740' title='bbox 2064 5129 2320 5186; x_wconf 78' lang='lat' dir='ltr'><strong>Nonnulli</strong></span> <span class='ocrx_word' id='word_1_741' title='bbox 2343 5146 2476 5187; x_wconf 81' lang='lat' dir='ltr'><strong>vero</strong></span> <span class='ocrx_word' id='word_1_742' title='bbox 2509 5133 2640 5189; x_wconf 85' lang='lat' dir='ltr'><strong>illud</strong></span> <span class='ocrx_word' id='word_1_743' title='bbox 2672 5153 2691 5187; x_wconf 68' lang='grc' dir='ltr'><strong>ι</strong></span> <span class='ocrx_word' id='word_1_744' title='bbox 2724 5135 2791 5190; x_wconf 87' lang='lat' dir='ltr'><strong>ad</strong></span> <span class='ocrx_word' id='word_1_745' title='bbox 2818 5137 3109 5211; x_wconf 78' lang='lat' dir='ltr'><strong>imaginem</strong></span> <span class='ocrx_word' id='word_1_746' title='bbox 3145 5157 3165 5192; x_wconf 69' lang='grc' dir='ltr'><strong><em>ο</em></strong></span> <span class='ocrx_word' id='word_1_747' title='bbox 3196 5141 3457 5212; x_wconf 80' lang='lat' dir='ltr'><strong>scriptum</strong></span> <span class='ocrx_word' id='word_1_748' title='bbox 3487 5158 3588 5214; x_wconf 84' lang='lat' dir='ltr'><strong>pro</strong></span> 
     </span>
    </p>
   </div>
   <div class='ocr_carea' id='block_1_100' title="bbox 1811 5334 2043 5394">
    <p class='ocr_par' dir='ltr' id='par_1_100' title="bbox 1811 5334 2043 5394">
     <span class='ocr_line' id='line_1_100' title="bbox 1811 5334 2043 5394; baseline 0.009 -2"><span class='ocrx_word' id='word_1_749' title='bbox 1811 5334 2043 5394; x_wconf 60' lang='lat' dir='ltr'><strong>NOTAE.</strong></span> 
     </span>
    </p>
   </div>
   <div class='ocr_carea' id='block_1_101' title="bbox 1594 5426 1623 5452">
    <p class='ocr_par' dir='ltr' id='par_1_101' title="bbox 1594 5426 1623 5452">
     <span class='ocr_line' id='line_1_101' title="bbox 1594 5426 1623 5452; baseline 0 -7"><span class='ocrx_word' id='word_1_750' title='bbox 1594 5426 1623 5452; x_wconf 67' lang='grc' dir='ltr'><strong><em>ρ</em></strong></span> 
     </span>
    </p>
   </div>
   <div class='ocr_carea' id='block_1_102' title="bbox 360 5515 1879 5598">
    <p class='ocr_par' dir='ltr' id='par_1_102' title="bbox 360 5515 1879 5598">
     <span class='ocr_line' id='line_1_102' title="bbox 360 5515 1879 5598; baseline -0.009 -15"><span class='ocrx_word' id='word_1_751' title='bbox 360 5527 478 5598; x_wconf 71' lang='grc' dir='ltr'>ι91)</span> <span class='ocrx_word' id='word_1_752' title='bbox 509 5525 570 5582; x_wconf 83' lang='lat' dir='ltr'><strong>In</strong></span> <span class='ocrx_word' id='word_1_753' title='bbox 607 5524 670 5580; x_wconf 89' lang='lat' dir='ltr'><strong>S.</strong></span> <span class='ocrx_word' id='word_1_754' title='bbox 723 5521 934 5579; x_wconf 86' lang='lat' dir='ltr'><strong>Pascha</strong></span> <span class='ocrx_word' id='word_1_755' title='bbox 981 5521 1135 5576; x_wconf 79' lang='lat' dir='ltr'><strong>hom.</strong></span> <span class='ocrx_word' id='word_1_756' title='bbox 1192 5535 1255 5584; x_wconf 88' lang='grc' dir='ltr'><strong>ιι,</strong></span> <span class='ocrx_word' id='word_1_757' title='bbox 1305 5533 1361 5592; x_wconf 84' lang='lat' dir='ltr'><strong>p.</strong></span> <span class='ocrx_word' id='word_1_758' title='bbox 1407 5517 1537 5574; x_wconf 80' lang='lat'><strong>680.</strong></span> <span class='ocrx_word' id='word_1_759' title='bbox 1577 5515 1726 5571; x_wconf 75' lang='lat' dir='ltr'><strong>Ecl-it.</strong></span> <span class='ocrx_word' id='word_1_760' title='bbox 1759 5515 1879 5573; x_wconf 89' lang='lat' dir='ltr'><strong>Col.</strong></span> 
     </span>
    </p>
   </div>
   <div class='ocr_carea' id='block_1_103' title="bbox 276 5601 1882 5739">
    <p class='ocr_par' dir='ltr' id='par_1_103' title="bbox 276 5601 1882 5739">
     <span class='ocr_line' id='line_1_103' title="bbox 276 5601 1882 5739; baseline -0.008 -12"><span class='ocrx_word' id='word_1_761' title='bbox 276 5601 471 5739; x_wconf 50' lang='grc' dir='ltr'><strong>ὶϐῑὲζέ)</strong></span> <span class='ocrx_word' id='word_1_762' title='bbox 503 5667 610 5725; x_wconf 85' lang='lat' dir='ltr'><strong>Ubi</strong></span> <span class='ocrx_word' id='word_1_763' title='bbox 662 5665 722 5739; x_wconf 81' lang='lat' dir='ltr'><strong>id</strong></span> <span class='ocrx_word' id='word_1_764' title='bbox 770 5663 1079 5733; x_wconf 78' lang='lat' dir='ltr'><strong>scripserit,</strong></span> <span class='ocrx_word' id='word_1_765' title='bbox 1135 5661 1358 5729; x_wconf 87' lang='lat' dir='ltr'><strong>nescio;</strong></span> <span class='ocrx_word' id='word_1_766' title='bbox 1391 5670 1540 5716; x_wconf 86' lang='lat' dir='ltr'><strong>certe</strong></span> <span class='ocrx_word' id='word_1_767' title='bbox 1571 5658 1626 5714; x_wconf 90' lang='lat' dir='ltr'><strong>in</strong></span> <span class='ocrx_word' id='word_1_768' title='bbox 1655 5658 1882 5715; x_wconf 85' lang='lat' dir='ltr'><strong>laudata</strong></span> 
     </span>
    </p>
   </div>
   <div class='ocr_carea' id='block_1_104' title="bbox 270 5737 1808 5811">
    <p class='ocr_par' dir='ltr' id='par_1_104' title="bbox 270 5737 1808 5811">
     <span class='ocr_line' id='line_1_104' title="bbox 270 5737 1808 5811; baseline 0.012 -18"><span class='ocrx_word' id='word_1_769' title='bbox 270 5737 925 5811; x_wconf 62' lang='lat' dir='ltr'><strong>orationedesideratur.</strong></span> <span class='ocrx_word' id='word_1_770' title='bbox 993 5804 1020 5811; x_wconf 87' lang='lat'>_</span> <span class='ocrx_word' id='word_1_771' title='bbox 1091 5806 1101 5811; x_wconf 93' lang='lat'><strong>_</strong></span> <span class='ocrx_word' id='word_1_772' title='bbox 1423 5801 1436 5811; x_wconf 78' lang='grc'><strong>,</strong></span> <span class='ocrx_word' id='word_1_773' title='bbox 1528 5800 1545 5811; x_wconf 84' lang='grc'><strong>,</strong></span> <span class='ocrx_word' id='word_1_774' title='bbox 1654 5809 1660 5811; x_wconf 96' lang='lat'>_</span> <span class='ocrx_word' id='word_1_775' title='bbox 1797 5800 1808 5811; x_wconf 91' lang='lat'><strong>.</strong></span> 
     </span>
    </p>
   </div>
   <div class='ocr_carea' id='block_1_105' title="bbox 352 5800 1882 5883">
    <p class='ocr_par' dir='ltr' id='par_1_105' title="bbox 352 5800 1882 5883">
     <span class='ocr_line' id='line_1_105' title="bbox 352 5800 1882 5883; baseline -0.01 -14"><span class='ocrx_word' id='word_1_776' title='bbox 352 5813 470 5883; x_wconf 69' lang='lat' dir='ltr'><strong>(l5)</strong></span> <span class='ocrx_word' id='word_1_777' title='bbox 511 5807 924 5878; x_wconf 78' lang='lat' dir='ltr'><strong>Mottosyllabon</strong></span> <span class='ocrx_word' id='word_1_778' title='bbox 957 5804 1059 5874; x_wconf 81' lang='grc' dir='ltr'>γῆν</span> <span class='ocrx_word' id='word_1_779' title='bbox 1089 5806 1197 5858; x_wconf 87' lang='lat' dir='ltr'><strong>huc</strong></span> <span class='ocrx_word' id='word_1_780' title='bbox 1233 5813 1359 5874; x_wconf 84' lang='lat' dir='ltr'><strong>post</strong></span> <span class='ocrx_word' id='word_1_781' title='bbox 1386 5801 1484 5873; x_wconf 76' lang='grc' dir='ltr'><strong>τὴν</strong></span> <span class='ocrx_word' id='word_1_782' title='bbox 1525 5800 1730 5858; x_wconf 73' lang='lat' dir='ltr'><strong>frustra</strong></span> <span class='ocrx_word' id='word_1_783' title='bbox 1797 5800 1882 5854; x_wconf 88' lang='lat' dir='ltr'><strong>in-</strong></span> 
     </span>
    </p>
   </div>
   <div class='ocr_carea' id='block_1_106' title="bbox 655 5903 1232 5966">
    <p class='ocr_par' dir='ltr' id='par_1_106' title="bbox 655 5903 1232 5966">
     <span class='ocr_line' id='line_1_106' title="bbox 655 5903 1232 5966; baseline -0.003 0"><span class='ocrx_word' id='word_1_784' title='bbox 655 5907 928 5966; x_wconf 69' lang='lat' dir='ltr'><strong>PATROL.</strong></span> <span class='ocrx_word' id='word_1_785' title='bbox 975 5905 1090 5963; x_wconf 75' lang='lat' dir='ltr'><strong>Gn.</strong></span> <span class='ocrx_word' id='word_1_786' title='bbox 1127 5903 1232 5964; x_wconf 87' lang='lat' dir='ltr'><strong>Cl.</strong></span> 
     </span>
    </p>
   </div>
   <div class='ocr_carea' id='block_1_107' title="bbox 1985 5516 2483 5592">
    <p class='ocr_par' dir='ltr' id='par_1_107' title="bbox 1985 5516 2483 5592">
     <span class='ocr_line' id='line_1_107' title="bbox 1985 5516 2483 5592; baseline 0.004 -19"><span class='ocrx_word' id='word_1_787' title='bbox 1985 5516 2191 5592; x_wconf 76' lang='lat' dir='ltr'><strong>iectum</strong></span> <span class='ocrx_word' id='word_1_788' title='bbox 2219 5520 2483 5592; x_wconf 63' lang='lat' dir='ltr'><strong>expunxi.</strong></span> 
     </span>
    </p>
   </div>
   <div class='ocr_carea' id='block_1_108' title="bbox 2066 5589 3591 5678">
    <p class='ocr_par' dir='ltr' id='par_1_108' title="bbox 2066 5589 3591 5678">
     <span class='ocr_line' id='line_1_108' title="bbox 2066 5589 3591 5678; baseline 0.005 -30"><span class='ocrx_word' id='word_1_789' title='bbox 2066 5590 2177 5678; x_wconf 54' lang='lat' dir='ltr'><strong>(9f)</strong></span> <span class='ocrx_word' id='word_1_790' title='bbox 2211 5589 2701 5678; x_wconf 2' lang='lat' dir='ltr'><strong>(Hariolandoillud</strong></span> <span class='ocrx_word' id='word_1_791' title='bbox 2729 5596 2873 5678; x_wconf 71' lang='grc' dir='ltr'>μέρη</span> <span class='ocrx_word' id='word_1_792' title='bbox 2905 5595 2972 5678; x_wconf 76' lang='lat' dir='ltr'><strong>ad</strong></span> <span class='ocrx_word' id='word_1_793' title='bbox 2992 5595 3416 5678; x_wconf 59' lang='lat' dir='ltr'><strong>interstitiolum</strong></span> <span class='ocrx_word' id='word_1_794' title='bbox 3436 5612 3591 5656; x_wconf 74' lang='lat' dir='ltr'><strong>cem-</strong></span> 
     </span>
    </p>
   </div>
   <div class='ocr_carea' id='block_1_109' title="bbox 1991 5659 3590 5739">
    <p class='ocr_par' dir='ltr' id='par_1_109' title="bbox 1991 5659 3590 5739">
     <span class='ocr_line' id='line_1_109' title="bbox 1991 5659 3590 5739; baseline 0.006 -26"><span class='ocrx_word' id='word_1_795' title='bbox 1991 5659 2250 5739; x_wconf 84' lang='lat' dir='ltr'><strong>plendum_</strong></span> <span class='ocrx_word' id='word_1_796' title='bbox 2281 5662 2497 5739; x_wconf 78' lang='lat' dir='ltr'><strong>refinxi,</strong></span> <span class='ocrx_word' id='word_1_797' title='bbox 2526 5659 2745 5739; x_wconf 9' lang='lat' dir='ltr'><strong>necrrme&#39;</strong></span> <span class='ocrx_word' id='word_1_798' title='bbox 2787 5659 2950 5739; x_wconf 74' lang='lat' dir='ltr'><strong>piget.</strong></span> <span class='ocrx_word' id='word_1_799' title='bbox 2992 5667 3232 5724; x_wconf 78' lang='lat' dir='ltr'><strong>Verbum</strong></span> <span class='ocrx_word' id='word_1_800' title='bbox 3266 5678 3449 5726; x_wconf 85' lang='lat' dir='ltr'><strong>autem</strong></span> <span class='ocrx_word' id='word_1_801' title='bbox 3480 5685 3590 5722; x_wconf 80' lang='grc' dir='ltr'>πα·-</span> 
     </span>
    </p>
   </div>
   <div class='ocr_carea' id='block_1_110' title="bbox 1949 5732 3585 5808">
    <p class='ocr_par' dir='ltr' id='par_1_110' title="bbox 1949 5732 3585 5808">
     <span class='ocr_line' id='line_1_110' title="bbox 1949 5732 3585 5808; baseline 0.007 -24"><span class='ocrx_word' id='word_1_802' title='bbox 1949 5762 1953 5768; x_wconf 92' lang='lat'><strong><em>-</em></strong></span> <span class='ocrx_word' id='word_1_803' title='bbox 1993 5732 2404 5808; x_wconf 56' lang='lat' dir='ltr'><strong>vri-{uptabvab</strong></span> <span class='ocrx_word' id='word_1_804' title='bbox 2467 5738 2697 5808; x_wconf 77' lang='lat' dir='ltr'><strong>exordio</strong></span> <span class='ocrx_word' id='word_1_805' title='bbox 2733 5732 2980 5808; x_wconf 59' lang='lat' dir='ltr'><strong>ejusdem</strong></span> <span class='ocrx_word' id='word_1_806' title='bbox 3020 5739 3289 5796; x_wconf 75' lang='lat' dir='ltr'><strong>orationis</strong></span> <span class='ocrx_word' id='word_1_807' title='bbox 3354 5743 3585 5797; x_wconf 75' lang='lat' dir='ltr'><strong>edoctus</strong></span> 
     </span>
    </p>
   </div>
   <div class='ocr_carea' id='block_1_111' title="bbox 1993 5803 2656 5862">
    <p class='ocr_par' dir='ltr' id='par_1_111' title="bbox 1993 5803 2656 5862">
     <span class='ocr_line' id='line_1_111' title="bbox 1993 5803 2656 5862; baseline 0.014 -10"><span class='ocrx_word' id='word_1_808' title='bbox 1993 5803 2202 5858; x_wconf 86' lang='lat' dir='ltr'><strong>reddidi</strong></span> <span class='ocrx_word' id='word_1_809' title='bbox 2234 5803 2656 5862; x_wconf 68' lang='lat' dir='ltr'><strong>celeberrimum.</strong></span> 
     </span>
    </p>
   </div>
   <div class='ocr_carea' id='block_1_112' title="bbox 3226 5904 3267 5964">
    <p class='ocr_par' dir='ltr' id='par_1_112' title="bbox 3226 5904 3267 5964">
     <span class='ocr_line' id='line_1_112' title="bbox 3226 5904 3267 5964; baseline 0 0"><span class='ocrx_word' id='word_1_810' title='bbox 3226 5904 3267 5964; x_wconf 83' lang='lat'><strong><em>9</em></strong></span> 
     </span>
    </p>
   </div>
  </div>
