4084 6472
536 353 640 418 259

1692 350 1953 413 ΡΠΟΤῙΙ
1992 350 2500 410 PATRIARCIH!
2526 350 2633 411 (ΣΡ.

3687 350 3804 415 260

534 492 555 525 ι
595 470 1002 542 perimaginem
1034 488 1052 522 ι
1084 478 1394 524 autumant.
1426 468 1562 523 Nam
1588 484 1714 524 cum
1740 468 1980 540 Spiritus
1999 485 2119 524 san-

2222 468 2315 521 διά
2349 469 2449 537 τῆς
2475 467 2707 529 εἰκόνος.
2760 465 2834 518 Τὸ
2877 465 2985 537 γάρ
3028 464 3295 533 πανάγιον
3328 462 3576 534 Πνεῦμα,
3606 467 3802 534 φασὶν,

531 575 675 624 ctus,
703 562 874 626 aiunt,
901 559 978 613 uti
1010 568 1064 614 et
1096 559 1267 614 Filius
1291 559 1364 613 sit
1402 577 1421 609 ι
1456 558 1713 628 splendor
1734 569 1805 613 et
1852 559 2022 629 ligura
2050 560 2071 589 ¹
2098 600 2114 625 ,

530 664 584 707 et
608 654 785 722 imago
807 652 918 720 (95)
941 652 1299 705 immutabilis
1325 650 1540 715 Patris;
1569 670 1587 702 ι
1625 667 1859 721 cumque
1885 650 2117 704 hominis

530 745 711 797 anima
736 759 834 812 per
848 742 1139 811 Spiritum,
1170 758 1263 795 seu
1289 742 1632 810 Spiraculum
1662 740 1969 794 immediate
1991 753 2120 793 con-

528 840 637 894 dita
672 839 744 894 sit
769 880 784 903 ,
820 838 943 908 jure
966 839 1271 907 meritoque
1301 837 1576 890 hominem
1606 854 1623 886 ι
1650 852 1743 904 per
1774 835 2066 904 imaginem
2092 851 2112 886 ι

530 931 756 986 omnino
807 942 1049 985 creatum
1073 974 1086 997 ,
1118 940 1169 984 et
1205 948 1223 981 ι
1262 929 1327 983 ad
1362 929 1653 999 imaginem
1686 946 1703 977 ι
1742 926 1834 979 Dei
1873 927 2072 979 factum
2098 966 2113 989 ,

512 1037 626 1076 seu
659 1021 857 1076 divinae
890 1020 1144 1090 imaginis
1168 1034 1328 1089 Opus,
1356 1028 1410 1072 et
1454 1016 1962 1087 praestantissimam
1995 1028 2119 1068 csse

530 1124 839 1170 creaturam
870 1114 1050 1167 dicere
1085 1127 1417 1181 possumus;
1450 1111 1696 1178 adeoque
1751 1108 1893 1160 hanc
1946 1105 2119 1160 nomi-

534 1222 664 1260 num
742 1205 1056 1274 metalepsin
1127 1205 1244 1258 sine
1318 1204 1706 1273 impedimento
1773 1199 2116 1255 adhibemus.

533 1297 898 1363 Quamobrem
923 1296 1171 1350 nonnulli
1203 1294 1521 1363 eorum,qui
1554 1294 1726 1347 sacris
1754 1290 1975 1345 Litteris
2026 1306 2120 1343 ex-

530 1390 798 1460 plicandis
818 1389 1199 1455 incubuerunt,
1218 1403 1322 1441 non
1350 1405 1367 1437 ι
1399 1388 1462 1439 ad
1485 1386 1770 1453 imaginem
1797 1402 1815 1435 ι
1846 1383 2117 1437 hominem

537 1481 708 1535 fuisse
739 1479 940 1533 factum
966 1480 1239 1541 dixerunt,
1266 1479 1357 1533 sed
1393 1497 1410 1529 ι
1452 1478 1503 1531 in
1529 1478 1745 1547 magine
1786 1494 1804 1527 ι
1847 1476 2118 1542 interpre-

535 1575 629 1627 tati
666 1582 815 1627 sunt.
847 1573 1010 1641 Atqui
1043 1572 1159 1625 hrec
1189 1571 1409 1640 quidem
1456 1568 1851 1638 interpretandi
1878 1567 2041 1630 ratio,
2070 1566 2118 1620 si

533 1666 700 1719 etiam
737 1667 1055 1733 acceptione
1103 1665 1261 1732 digna
1304 1664 1575 1728 rideatur,
1606 1662 1755 1715 nullo
1787 1668 1947 1729 pacto
1979 1657 2122 1711 veri-

523 1752 631 1806 ⁸ιιιιί
663 1752 875 1805 ollicere
928 1751 1156 1820 poterit;
1180 1751 1291 1803 imo
1321 1760 1373 1803 et
1412 1749 1639 1802 alteram
1677 1748 1817 1800 hanc
1854 1743 2117 1815 propositi

2219 558 2410 628 ὥσπερ
2435 558 2530 611 καὶ
2553 560 2580 609 6
2606 556 2753 619 Υἱὸς,
2791 554 3183 624 «ἀπαύγασμα,
3230 554 3324 609 καὶ
3365 554 3675 624 χαρακτὴρ,
3705 558 3804 607 κιὶ

2219 650 2382 704 εἰκὼν
2402 650 2840 720 ἀπαράλλακτος,
2857 648 2948 701 τοῦ
2967 649 3201 719 Πατρδς,
3216 667 3233 698 ι
3262 647 3383 699 ἐπεὶ
3397 647 3484 700 διὰ
3505 645 3601 699 τοῦ
3623 644 3803 699 Ilvati—

2222 760 2411 813 ματος,
2460 744 2578 813 ἦτοι
2609 741 2701 795 τοῦ
2738 742 3135 810 ὲμφυσήματος
3176 740 3463 810 προσεχῶς
3507 740 3538 809 ἡ
3580 739 3674 791 τοῦ
3705 740 3806 792 ἀν-

2219 834 2440 905 θρώπου
2489 834 2951 903 δεδημιούργηται
2975 833 3141 902 ψυχὴ,
3183 833 3409 895 εἰκότως
3459 832 3549 884 διὰ
3577 832 3676 901 τῆς
3716 832 3802 883 εἰ-

2218 927 2375 989 κόνος
2425 926 2622 992 λέγοιτ’
2652 924 2719 977 ἂν
2745 926 2823 984 εἰς
2857 924 2917 977 τὸ
2945 924 3237 993 ὁλόκληρον
3272 924 3301 974 6
3354 923 3637 991 ἄνθρωπος
3670 924 3808 974 άπο-

2218 1018 2559 1087 τελεσθῆναι,
2609 1017 2707 1069 καὶ
2757 1017 2933 1069 «κατ’
2977 1016 3207 1068 εἰκόνα»
3260 1014 3586 1083 γεγενῆσθαι
3636 1014 3804 1078 Θεοῦ,

2219 1112 2337 1182 ἦτοι
2385 1113 2486 1181 τῆς
2549 1110 2699 1172 θείας
2759 1109 2961 1173 εἰκόνος
3022 1108 3224 1177 ἔργον,
3280 1109 3375 1162 καὶ
3428 1109 3807 1179 φιλοτέχνημα

2219 1202 2580 1271 χρηματίσαι·
2620 1200 2715 1254 καὶ
2748 1200 2845 1271 τὴν
2876 1200 3178 1271 μετάληψιν
3204 1200 3312 1253 τῶν
3335 1202 3613 1269 ὀνομάτων
3650 1201 3806 1252 ἀκώ-

2221 1292 2381 1347 λυτον
2414 1290 2572 1351 εἶναι.
2611 1294 2755 1347 Διότι
2786 1294 2879 1347 καί
2908 1310 3053 1355 τινες
3078 1292 3189 1362 (96)
3221 1294 3301 1351 εἰς
3330 1292 3426 1363 τὴν
3456 1292 3672 1345 ἔκθεσιν
3704 1296 3809 1363 τῆς

2224 1387 2375 1455 ἱερᾶς
2419 1384 2575 1455 ἡμῶν
2620 1386 2657 1437 Γ
2664 1384 2843 1455 ραφῆς
2880 1384 3119 1437 στάντων
3140 1384 3259 1436 ἀντί
3286 1381 3377 1435 τοῦ
3401 1384 3549 1435 (κατ’
3578 1384 3801 1436 εἰκόνα»

2222 1479 2417 1543 εἰπεῖν,
2454 1480 2512 1531 ὲν
2543 1478 2712 1530 εἰκόνι
2757 1475 2891 1529 Θεοῦ
2934 1474 3181 1529 διέλαϐον
3229 1474 3320 1527 τὸν
3362 1474 3653 1545 ἄνθρωπον
3705 1491 3809 1525 περ

2220 1570 2503 1640 ποιῆσθαι.
2549 1570 2689 1623 Ἀλλ’
2717 1564 2873 1632 οὗτος
2908 1569 3007 1638 μὲν
3056 1570 3083 1621 6
3116 1567 3291 1635 λόγος,
3343 1566 3436 1619 καὶ
3484 1567 3808 1637 παραδοχῆς

2222 1660 2565 1729 ἀξιούμενος,
2599 1660 2751 1713 οὐδὲν
2794 1661 2891 1730 τὴν
2924 1657 3182 1728 ἀλήθειαν
3235 1656 3672 1728 παραλυπήσειε·
3714 1658 3811 1710 καὶ

2221 1754 2319 1822 τὴν
2347 1753 2610 1823 δευτέραν
2641 1753 2749 1805 τῶν
2780 1751 3084 1821 εἰρημένων
3113 1750 3485 1819 ὑπερχόμενος
3518 1748 3677 1813 τάξιν
3704 1750 3814 1803 οὐκ

534 1843 738 1897 oraculi
778 1843 1211 1897 enucleatienem
1258 1841 1501 1905 subiens,
1531 1840 1599 1894 ab
1627 1855 1713 1901 ea,
1750 1852 1874 1893 meo
1896 1837 2114 1907 quidem

2223 1813 2288 1895 ἂν
2328 1813 2628 1911 ἀγαπησει,
2669 1841 2791 1894 οὐδ’
2828 1813 3150 1910 ἐπίζητήσει
3180 1813 3374 1908 οὑ
3404 1833 3522 1902 οὖν,
3550 1838 3709 1893 κατά
3742 1854 3813 1908 γε

531 1935 760 2003 judicio,
798 1950 896 1988 nec
931 1934 1156 1999 amabit,
1183 1949 1281 1987 nec
1312 1941 1520 2002 quaeret
1578 1931 1761 1985 avelli.

608 2023 975 2094 lleperiuntur
1010 2032 1188 2077 autem
1215 2033 1491 2085 auctores,
1531 2021 1624 2091 qui
1651 2022 1725 2089 (et
1756 2018 1859 2073 hac
1896 2017 2118 2087 quidem

534 2116 896 2184 explicatione
927 2115 1060 2169 illud
1101 2132 1121 2163 ι
1168 2115 1238 2167 ad
1272 2114 1563 2182 imaginem
1602 2131 1620 2163 ι
1656 2112 1909 2181 protinus
1945 2109 2118 2165 reler-

536 2219 625 2262 t‘ur
673 2208 738 2262 ad
792 2207 989 2262 divinae
1049 2222 1297 2275 persome
1345 2206 1735 2275 proprietatem
1796 2212 1921 2258 ante
1970 2212 2120 2256 cata-

535 2300 745 2368 lt-psin)
776 2298 928 2352 aiunt
962 2317 974 2353 :
1008 2308 1129 2353 esto
1186 2298 1316 2351 illud
1370 2315 1387 2348 ι
1417 2298 1483 2351 ad
1536 2297 1827 2365 imaginem
1868 2315 1886 2348 ι
1920 2297 1990 2349 ita
2036 2295 2121 2348 di-

533 2400 680 2442 «tum
717 2389 783 2443 de
815 2388 1007 2453 Verbo,
1045 2398 1102 2443 ut
1134 2388 1199 2441 ad
1242 2388 1402 2443 Verbi
1439 2388 1872 2441 incarnationem
1928 2396 1983 2439 et
2022 2385 2119 2439 ad-

530 2488 757 2534 ventum
777 2480 1065 2549 pertineat.
1097 2478 1154 2532 Si
1184 2480 1328 2532 enim
1359 2498 1377 2530 ι
1405 2476 1666 2542 Verbum,
1691 2476 1965 2545 inquiunt,
1988 2489 2119 2528 caro

535 2573 738 2627 factum
767 2582 871 2635 est,
895 2581 949 2625 et
1004 2571 1269 2626 habitavit
1318 2571 1371 2624 in
1412 2570 1572 2624 nobis
1597 2570 1649 2633 ³,
1688 2588 1705 2620 ι
1744 2578 1799 2622 et
1826 2570 1990 2622 homo
2016 2565 2118 2620 fuit

541 2688 559 2717 ε
596 2681 690 2734 per
742 2664 961 2720 omnia‘
1000 2683 1018 2716 ι
1054 2672 1419 2732 βιαιιειιιιιειιιι
1457 2661 1511 2715 in
1564 2660 1871 2730 peccato';
1926 2659 2119 2727 utique

536 2757 842 2811 secundum
897 2756 1042 2809 illam
1097 2765 1365 2817 sanctam,
1423 2762 1477 2808 et
1527 2763 1752 2823 peccato
1817 2762 2116 2817 carentem,

537 2851 652 2903 imo
705 2856 758 2902 et
807 2861 971 2900 omne
1034 2854 1321 2915 peccatum
1392 2846 1760 2898 destruentem
1822 2844 2115 2911 imaginem

537 2941 711 2995 fuisse
741 2939 825 2993 vel
857 2939 1033 3008 ipsum
1089 2938 1323 3007 primum
1380 2946 1657 3005 parentem
1716 2936 1885 2990 Adam
1937 2937 2120 2991 condi-

537 3041 655 3084 tum
694 3038 842 3084 recte
877 3040 1126 3092 censere,
1166 3033 1220 3079 et
1264 3022 1447 3079 dicere
1478 3024 1626 3079 nulla
1667 3028 1878 3080 ratione
1927 3026 2116 3096 prohi-

538 3123 759 3176 beremu
772 3137 817 3173 r.

610 3210 688 3265 En
739 3212 905 3266 alium
945 3211 1159 3265 modum
1210 3211 1398 3275 habes,
1435 3210 1591 3279 quasi
1628 3209 1680 3264 in
1711 3210 2010 3281 porismate
2051 3224 2119 3264 ex

538 3303 850 3373 hujusmodi
885 3304 1246 3373 explicatione
1290 3304 1693 3373 procedentem,
1725 3303 2003 3373 habesque
2044 3303 2120 3358 si-

539 3395 651 3447 mul
675 3403 728 3447 et
763 3394 1146 3463 imaginem,et
1166 3394 1465 3464 exemplar,
1498 3401 1553 3447 et
1587 3393 1887 3448 secundum
1923 3409 2120 3464 quam-

536 3497 665 3537 nam
698 3482 989 3551 imaginem
1016 3482 1186 3535 Adam
1218 3482 1271 3535 in
1308 3482 1547 3535 hominis
1578 3490 1768 3535 natura
1797 3482 1959 3536 fuerit
1987 3498 2122 3536 conc

538 3574 785 3629 stitutus.
804 3575 940 3627 Cum
969 3574 1111 3628 enim
1134 3573 1306 3627 Filius
1321 3574 1392 3627 sit
1420 3573 1605 3642 imago
1633 3574 2120 3639 incommutabilis,

538 3674 595 3719 et
628 3663 1112 3719 consubstantialis
1149 3662 1319 3725 Patri,
1348 3678 1581 3733 cumque
1620 3661 1798 3718 factus
1832 3664 1902 3718 sit
1934 3664 2118 3730 homo,

494 3790 495 3795 η
539 3756 729 3825 quales
767 3772 868 3811 I108
902 3770 1115 3821 sumus,
1161 3766 1215 3809 et
1248 3770 1409 3808 unam
1464 3770 1587 3809 cum
1614 3765 1892 3824 assumpta
1925 3765 2121 3810 natura

540 3847 840 3903 confecerit
888 3861 1214 3917 personam;
1254 3847 1529 3901 hominem
1577 3848 1641 3901 ad
1676 3848 1921 3902 eamdem
1965 3864 2119 3903 suam

541 3941 908 3995 conditionem
974 3947 1227 3992 evectum
1292 3938 1768 4008 ostendit:atque
1820 3942 2121 3994 secundum

542 4034 682 4088 hanc
715 4030 874 4086 Verbi
906 4030 1173 4086 inearnati
1205 4029 1435 4083 formam
1466 4030 1509 4094 ⁸,
1543 4041 1598 4084 et
1623 4030 1798 4085 idean)
1825 4030 2008 4086 divina
2036 4047 2124 4085 sa-

490 4176 495 4179 _
538 4125 762 4195 pientia,
797 4138 918 4193 qua:
954 4122 1306 4193 praevidebat,
1333 4122 1770 4192 disponebatque
1811 4122 2021 4187 futura.
2052 4123 2120 4178 ad

540 4216 774 4283 primum
802 4213 975 4268 nostri
1003 4213 1219 4283 generis
1259 4221 1539 4283 parentem
1580 4228 1734 4283 pura,
1765 4223 1819 4267 et
1857 4215 2125 4269 creatriee

541 4322 703 4360 manu
764 4305 1113 4360 formandum
1158 4320 1186 4357 a
1242 4320 1355 4359 suae
1397 4305 1748 4375 benignitatis
1791 4306 2121 4360 abundantia

540 4395 771 4451 adducta
807 4405 913 4449 est.

607 4494 787 4559 Atque
836 4490 950 4545 haec
996 4490 1253 4555 maxima,
1314 4497 1373 4543 ut
1416 4488 1658 4542 arbitror
1690 4526 1706 4551 ,
1740 4486 2125 4557 perspicuitate
2155 4510 2203 4567 ι)

500 4630 503 4633 ,
538 4592 593 4637 et
625 4582 906 4651 diligentia
953 4582 1235 4636 enucleata
1282 4588 1431 4637 sunt.
1484 4578 1777 4634 Enimvero
1806 4580 2121 4650 Anthropo-

539 4674 937 4745 morphitarum
987 4673 1237 4727 delirium
1277 4680 1395 4727 esto
1436 4672 1490 4726 in
1523 4685 1713 4725 eorum
1748 4670 1992 4725 animum
2035 4672 2119 4726 in-

540 4766 799 4831 ductum,
849 4765 943 4836 qui
1000 4762 1172 4818 Deum
1257 4763 1452 4832 quavis
1504 4763 1710 4832 ﬁgura,
1772 4764 2123 4820 circumscri-

539 4859 745 4927 ptione,
799 4869 853 4912 et
905 4856 1395 4926 comprehensione
1443 4864 1719 4909 carentem
1763 4856 1830 4910 ad
1882 4858 2121 4914 hominis

540 4952 770 5005 formam
822 4959 985 5020 atque
1030 4949 1262 5017 ﬁguram
1316 4947 1741 5019 pertrahendum
1782 4949 2118 5004 insanientes

541 5051 823 5114 putarunt.
865 5040 980 5098 lmo
1012 5057 1190 5113 neque
1216 5043 1342 5107 hoc,
1375 5041 1517 5111 quod
1551 5039 1707 5094 facile
1736 5040 2036 5106 intellectu,
2067 5050 2120 5097 et

538 5134 624 5189 cui
630 5136 773 5204 piam
785 5134 1123 5202 obviumoest,
1141 5143 1322 5188 mente
1336 5134 1478 5205 perei
1486 5148 1614 5203 pere
1633 5133 1956 5200 voluerunt;
1974 5132 2121 5205 quod

2224 1933 2407 2002 κρίσιν
2440 1934 2539 2002 τὴν
2573 1933 2731 2001 ἐμὴν,
2765 1932 2970 2002 ταύτης
3004 1931 3402 2001 ὑπεραρθῆναι.

2298 2027 2453 2079 Ἔστι
2496 2026 2552 2077 δὲ
2582 2026 2782 2095 εὑρεῖν,
2819 2021 2901 2085 οἷς
2948 2024 3161 2093 εἴρηται
3207 2023 3295 2093 (δι’
3328 2015 3404 2076 ὧν
3445 2022 3541 2074 καὶ
3574 2022 3815 2076 αὐτόθεν

2223 2119 2301 2174 εἰς
2328 2118 2457 2170 ἴδιον
2485 2116 2545 2169 τὸ
2601 2135 2619 2167 ι
2650 2116 2769 2169 κατ’
2798 2115 2981 2167 εἰκόνα
3012 2134 3029 2166 ι
3085 2113 3518 2184 συναναφέρεται
3550 2115 3661 2183 (97)
3699 2115 3812 2183 πρὸ

2223 2210 2601 2280 καταλήψεως)
2633 2226 2646 2239 ·
2683 2210 2920 2280 εἰρὴσθω
2966 2209 3043 2279 τῷ
3067 2210 3223 2277 Λόγῳ
3268 2208 3327 2259 τὸ
3377 2208 3550 2277 ῥῆμα,
3588 2207 3811 2261 διαϐαί-

2223 2320 2335 2357 νειν
2364 2302 2498 2373 πρὸς
2538 2303 2635 2370 τὴν
2674 2300 2767 2354 τοῦ
2792 2303 2965 2367 Λόγου
3012 2301 3287 2371 σάρκωσιν
3348 2300 3442 2351 καὶ
3482 2299 3807 2367 ἐπιδημίαν.

2224 2394 2289 2448 Εἰ
2323 2394 2432 2463 γὰρ
2467 2413 2485 2442 ι
2508 2393 2537 2443 6
2570 2394 2763 2461 Λόγος,
2800 2394 2955 2461 φασὶ,
2990 2391 3125 2461 σὰρξ
3154 2392 3397 2458 ἐγένετο,
3430 2390 3525 2443 καὶ
3562 2391 3815 2460 ἐσκήνω-

2224 2501 2315 2537 σεν
2355 2485 2413 2535 ὲν
2460 2485 2614 2553 ἡμῖν,
2644 2500 2662 2533 ι
2720 2482 2818 2534 καὶ
2876 2482 3159 2551 ἄνθρωπος
3218 2480 3556 2549 ἐχρημάτισε
3617 2479 3812 2533 «κατὰ

2223 2576 2457 2633 πάντα.»
2497 2574 2638 2643 πλὴν
2663 2575 2762 2644 τῆς
2796 2573 3070 2642 ἁμαρτίας
3096 2589 3108 2602 ·
3144 2574 3264 2625 κατ’
3309 2574 3487 2623 ἐκεῖνο
3523 2572 3586 2623 τὺ
3636 2572 3811 2641 ἱερὸν,

2223 2668 2316 2720 καὶ
2365 2668 2751 2737 ἀναμάρτητον
2782 2665 3028 2734 ἄγαλμα,
3074 2663 3208 2716 ἀλλὰ
3256 2665 3349 2716 καὶ
3396 2661 3575 2730 πάσης
3624 2663 3811 2733 ἁμαρο

2221 2758 2342 2821 τίας
2368 2756 2775 2828 καθαιρετικὸν,
2809 2758 2903 2809 καὶ
2936 2755 3027 2807 τὸν
3074 2754 3499 2825 πρωτόπλαστον
3534 2753 3709 2823 Ἀδάμ
3749 2752 3808 2804 δὲ

2222 2848 2695 2919 δημιουργηθῆναι
2745 2847 2838 2900 καὶ
2889 2849 3128 2917 φρονεῖν,
3175 2846 3271 2899 καὶ
3299 2846 3478 2912 λέγειν
3527 2844 3706 2918 ὀρθῶς
3739 2842 3809 2898 ἂν

2223 2943 2374 2995 οὐδὲν
2397 2940 2770 2995 ἀποκωλύσειε
2803 2939 2982 3009 λόγος.

2295 3213 2406 3265 Καὶ
2436 3210 2579 3281 ἔχεις
2606 3208 2806 3280 τρόπον
2840 3206 3020 3271 ἄλλον,
3046 3206 3121 3269 ὡς
3154 3207 3213 3259 ὲν
3242 3205 3543 3275 πορίσματι
3573 3205 3663 3259 διὰ
3702 3207 3810 3276 τῆς

2220 3308 2476 3376 τοιαύτης
2503 3306 2743 3375 θεωρίας
2770 3303 3195 3374 προερχόμενον,
3230 3304 3322 3355 καὶ
3348 3302 3445 3371 τὴν
3467 3304 3675 3365 εἰκόνα,
3710 3304 3810 3355 καὶ

2219 3398 2280 3452 τὸ
2317 3397 2692 3469 πρωτότυπον,
2726 3396 2819 3449 καὶ
2850 3394 2969 3449 καθ’
3001 3394 3069 3463 ἢν
3100 3393 3285 3445 εἰκόνα
3316 3394 3343 3445 6
3374 3393 3543 3461 Ἀδὰμ
3577 3395 3657 3455 εἰς
3706 3394 3807 3445 ἀνα

2222 3490 2442 3562 θρώπου
2470 3490 2634 3559 φύσιν
2666 3486 3039 3559 διεμορφώθη.
3076 3486 3188 3539 Καὶ
3211 3486 3315 3555 γὰρ
3343 3485 3375 3555 ἡ
3408 3483 3571 3536 εἰκὼν
3618 3486 3803 3554 άπαρο

2223 3582 2508 3644 άλλακτος,
2550 3582 2644 3633 καὶ
2690 3577 2944 3647 συμφυὴς
2990 3579 3017 3628 ὁ
3049 3576 3177 3639 Υἱὸς
3227 3576 3510 3645 ὑπάρχων,
3559 3572 3803 3640 γεγονὼς

2220 3674 2277 3726 δὲ
2309 3672 2597 3743 ἄνθρωπος
2634 3671 2756 3724 καθ’
2800 3672 2965 3741 ἡμᾶς,
3000 3669 3095 3721 καὶ
3125 3668 3204 3730 εἰς
3241 3667 3350 3736 (98)
3396 3667 3525 3735 μίαν
3567 3666 3806 3717 ὑπόστα-

2224 3783 2308 3818 σιν
2356 3764 2435 3835 τῷ
2486 3763 2873 3834 προσλήμματι
2921 3759 3212 3825 συνελθὼν,
3266 3760 3527 3827 ὁμότιμον
3573 3758 3663 3809 τὸν
3714 3757 3807 3809 ἄν-

2222 3857 2440 3928 θρωπον
2474 3855 2672 3920 ἔδειξεν
2712 3853 2909 3924 ἑαυτῷ·
2942 3852 3066 3905 καθ’
3115 3853 3181 3923 ἢν
3232 3852 3469 3923 μορφὴν,
3512 3851 3609 3904 καὶ
3657 3849 3807 3904 ἰδέαν

2220 3950 2321 4017 τῆς
2376 3948 2643 4019 σωτηρίου
2698 3948 2902 4017 ταύτης
2943 3943 3274 4014 σαρκώσεως
3325 3947 3356 4012 ἡ
3405 3947 3472 3995 τὰ
3519 3944 3808 4013 μέλλοντος

2222 4041 2323 4111 ἠδη
2353 4039 2645 4109 καθορῶσα
2684 4054 2767 4100 τε,
2809 4038 2903 4091 καὶ
2935 4035 3296 4106 οἰκονομοῦσα
3328 4033 3461 4087 Θεοῦ
3518 4035 3679 4102 σοφία
3718 4034 3809 4087 τὸν

2223 4131 2467 4204 ἀρχηγὸν
2492 4130 2588 4184 τοῦ
2620 4131 2813 4199 γένους
2849 4129 3007 4199 ήμῶν
3040 4129 3228 4198 χερσὶν
3257 4128 3545 4198 ἀκράντοις
3592 4129 3687 4179 καί
3712 4127 3811 4197 δη-

2226 4228 2602 4297 μιουργικοῖς,
2664 4224 2941 4295 ὑπερϐολῇ
3012 4222 3423 4294 φιλανθρωπίας
3488 4221 3810 4292 ὑπηγάγετο

2225 4318 2558 4373 πλάττεσθαι

2304 4496 2471 4549 Ἀλλά
2505 4496 2675 4550 ταῦτα
2707 4496 2804 4566 μὲν
2837 4495 2979 4549 κατᾶ
3008 4494 3069 4548 τὸ
3101 4494 3460 4562 σαφέστατον,
3495 4488 3680 4563 οἶμαι,
3706 4494 3809 4547 καὶ

2228 4589 2310 4643 δι’
2344 4589 2656 4660 εὑκρινείας
2701 4587 3061 4659 τεθεώρηται.
3111 4588 3173 4642 ’0
3202 4588 3311 4658 γὰρ
3352 4587 3460 4640 τῶν
3490 4587 3809 4654 Ἀνθρωπο-

2231 4684 2509 4754 μορφιτῶν
2555 4683 2721 4753 λῆρος
2754 4683 2832 4745 εἰς
2857 4680 3081 4734 ἐκείνων
3128 4679 3238 4750 (99)
3279 4679 3603 4750 ἀπερῤίφθω
3632 4694 3807 4746 κεφα·

2227 4776 2346 4842 λὰς,
2393 4776 2442 4831 οἳ
2475 4775 2611 4845 πρὸς
2654 4775 2751 4845 τὴν
2789 4772 3081 4844 ἀνθρώπου
3115 4772 3329 4844 μορφὴν
3373 4772 3463 4824 καὶ
3494 4770 3555 4823 τὸ
3596 4770 3808 4841 σχῆμα,

2228 4867 2319 4921 τὸν
2348 4866 2756 4937 ἀσχημάτιστόν
2780 4883 2863 4930 τε,
2897 4868 2990 4919 καὶ
3019 4865 3424 4936 ἀπεριόριστον,
3462 4864 3557 4917 καὶ
3595 4864 3808 4917 ἀκατά-

2228 4953 2432 5023 ληπτον
2489 4953 2950 5022 συγκαθὲλκουσιν
3018 4952 3395 5023 ἐκμεμηνότες
3445 4949 3601 5004 Θεόν.
3671 4952 3809 5004 Οὑδε

2226 5048 2383 5101 τοῦτο
2419 5050 2546 5120 ῥᾷον
2570 5048 2649 5110 ὃν,
2682 5048 2776 5102 καὶ
2810 5048 3097 5119 πρόχειρον
3136 5045 3409 5117 ἠθέλησαν
3439 5044 3531 5098 ἐπὶ
3562 5043 3685 5097 νοῦν
3719 5045 3813 5096 λα-

2230 5136 2366 5202 ϐεῖν,
2395 5138 2470 5201 ὼς
2503 5140 2551 5191 εἰ
2582 5139 2641 5192 τὸ
2670 5138 2825 5191 Θείον
2876 5136 2937 5202 ἐξ
2967 5136 3162 5202 ἀϊδίου,
3214 5138 3310 5189 καὶ
3336 5137 3458 5207 οὑχ).
3490 5134 3634 5204 λόγῳ
3679 5152 3814 5205 συγ-

611 5274 630 5305 ²
660 5271 824 5327 ﬂehr.
861 5286 900 5335 ι,
928 5271 983 5324 3.
1059 5271 1080 5302 ³
1103 5268 1260 5325 Joan.
1294 5286 1333 5333 ι,
1360 5270 1446 5324 14.
1518 5271 1540 5300 δ
1571 5268 1731 5325 llebr.
1773 5286 1830 5336 It,
1866 5270 1953 5323 17.
2026 5272 2047 5303 ⁸
2076 5270 2117 5324 ll

2225 5314 2238 5328 .
2266 5290 2338 5340 tv,
2361 5274 2449 5329 15.
2515 5275 2535 5307 ⁶
2567 5275 2802 5345 Philipp.
2835 5290 2894 5340 ιι,
2934 5275 2984 5329 7.

2052 5415 2286 5474 ΝΟΤΛΕ.

605 5523 717 5610 es)
762 5523 1030 5610 5.9M":
1059 5521 1153 5610 ἓθτ
1189 5521 1340 5610 itide,
1370 5535 1574 5610 tam?!»
1612 5539 1705 5610 ne
1743 5523 1972 5608 ξίιοιίυε
2009 5526 2127 5582 haec

538 5594 738 5651 de'SS.
770 5595 980 5661 dicens,
1004 5607 1110 5646 suo
1142 5608 1237 5662 per
1278 5594 1563 5647 cuniculos
1597 5598 1771 5649 errori
1818 5599 1963 5650 viam
1994 5608 2127 5651 ster-

541 5674 654 5731 nat,
711 5680 779 5718 ae
803 5673 965 5734 putet
994 5677 1079 5734 ea,
1129 5678 1249 5732 quze
1297 5664 1349 5716 in
1391 5662 1641 5718 adductis
1668 5663 1964 5734 Scriptura:
1989 5667 2125 5723 locis

541 5735 735 5804 litteris
794 5732 936 5788 Filio
994 5732 1330 5797 tribuuntur,
1367 5734 1639 5804 _usurpari
1705 5732 1867 5802 posse
1922 5737 1989 5793 de
2017 5737 2117 5794 SS.

542 5805 670 5875 quia
694 5802 781 5859 hic
812 5814 1033 5872 queque
1065 5811 1273 5857 tantum
1304 5818 1331 5855 ο
1365 5800 1540 5859 Patre’
1555 5800 1815 5875 procedat.

2300 5532 2411 5603 (96)
2447 5533 2685 5603 Τῆςιιιιο
2712 5543 2911 5587 temere
2960 5530 3229 5603 insertum
3279 5531 3624 5586 evellendum
3650 5531 3817 5588 duxi.

2299 5602 2412 5673 (97)
2448 5602 2539 5659 Sic
2564 5605 2741 5673 placet
2769 5619 2865 5672 pro
2888 5603 2984 5654 σὺν
3014 5602 3393 5668 ἀναφαίνεται.

2297 5672 2410 5741 (98)
2442 5671 2591 5729 Hanc
2620 5673 2879 5742 πρόθεσιν
2912 5688 3072 5726 sensu
3098 5676 3354 5742 ductante
3386 5671 3602 5729 relinxi.

2295 5743 2405 5815 (99)
2437 5743 2514 5798 lta
2547 5741 2673 5799 reor
2705 5758 2801 5811 pro
2830 5742 3053 5796 εἰκόνων
3076 5741 3453 5797 scribendum.
