4084 6440
396 343 496 409 261

1399 346 1500 405 ΑΙ)
1534 344 2130 405 AMPHILOCIIIUM
2166 344 2516 418 QUIESTIO
2549 345 2816 409 XXXVI.

3569 346 3678 411 262

394 454 777 519 καταϐάσεως.
827 458 922 513 καὶ
950 456 1358 527 φιλανθρωπίας
1402 455 1501 527 τὴν
1550 456 1644 510 τοῦ
1683 456 1972 526 ἀνθρώπου

2082 456 2306 523 scilicet,
2337 458 2382 514 si
2403 457 2549 514 Deus
2576 457 2873 514 humanam
2895 455 3126 515 formam
3151 457 3222 516 ab
3240 468 3465 520 αξιοι-πο.
3482 468 3539 516 et
3566 477 3674 514 nun

394 546 761 619 διεμορεροῦτο
805 551 1040 622 μορφὴν,
1086 552 1168 615 εἰς
1197 551 1375 622 μάτην
1423 552 1489 604 ἂν
1533 552 1778 619 ἐγεγόνει
1825 554 1858 620 ἡ
1894 550 1981 604 ἐπ’

393 639 637 710 ὶσχάτων
696 642 805 695 τῶν
856 644 1066 711 χρόνων
1109 642 1199 698 διά
1249 643 1344 697 τοῦ
1382 641 1513 696 Υἱοῦ
1563 642 1658 697 τοῦ
1710 643 1982 713 ἡμετέρου

398 733 725 805 φυράματος
752 734 1082 806 πρόσληψις.

468 866 603 919 Οὐδὲ
632 867 692 920 τὸ
718 868 871 920 Θείον
924 869 1236 943 καθαρεῦον
1283 872 1367 943 εἴη
1394 871 1460 938 (ὦ
1495 870 1689 941 φρενὸς
1735 886 1983 941 παρακο-

396 955 706 1027 πτούσηςι)
732 958 804 1010 τὰ
860 958 1066 1029 ἔσχατα
1117 962 1257 1015 κατὰ
1292 963 1351 1015 τὸ
1403 964 1574 1034 ἄρρεν
1632 979 1691 1015 τε
1720 963 1818 1015 καὶ
1843 961 1981 1031 θῆλυ

399 1048 473 1118 μὴ
500 1049 929 1106 διαστέλλεσθαι.
962 1054 1074 1106 Καὶ
1121 1055 1231 1122 γάρ
1282 1057 1343 1108 τδ
1377 1056 1522 1126 ἱερὸν
1560 1056 1983 1126 ἀποφηνάμενον

393 1142 605 1206 Λόγιον·
661 1143 830 1196 «Κατ’
859 1146 1043 1198 εἰκόνα
1097 1147 1235 1201 θεοῦ
1293 1148 1552 1219 ἐποίησεν
1596 1148 1844 1212 αὐτούς’»
1893 1149 1985 1202 εὐ-

393 1231 492 1295 θὺς
536 1234 838 1304 ἐπήγαγεν
870 1240 1114 1310 ι’Λρσεν
1146 1242 1239 1295 καλ⁸
1267 1242 1401 1313 θῆλυ
1436 1242 1693 1311 εποίησεν
1722 1241 1975 1306 αὐτούς’»

392 1325 467 1389 ὣς
507 1329 605 1397 τῆς
637 1330 846 1394 εἰκόνος
886 1333 1304 1406 ἐπιπρεπούσης
1340 1336 1459 1406 οὐχὶ
1498 1337 1645 1407 μόνῳ
1674 1335 1752 1405 τῷ
1778 1335 1977 1406 Ἀδὰμ,

392 1418 507 1471 ἀλλ’
537 1421 818 1492 όμοτίμως
846 1425 942 1477 καὶ
968 1430 1034 1497 τῇ
1080 1426 1192 1500 Εὕα
1220 1428 1738 1501 προσαρμοζούσης,
1769 1428 1867 1483 καὶ
1913 1430 1981 1483 δι’

394 1512 572 1564 αὐτῶν
599 1515 761 1568 παντὶ
791 1516 869 1586 τῷ
895 1518 1222 1591 ἀνθρωπίνῳ
1250 1521 1419 1588 γένει.
1466 1523 1530 1575 El
1558 1522 1669 1594 γὰρ
1703 1522 1845 1576 κατά
1874 1540 1982 1575 σω-

396 1605 634 1679 ματικὴν
677 1607 1037 1677 ἐπιφάνειαν,
1096 1614 1190 1665 καὶ
1244 1613 1458 1684 μορφὴν
1512 1615 1540 1666 ὁ
1572 1614 1860 1684 ἄνθρωπος
1904 1615 1981 1667 δι-

384 1696 663 1767 επλάσθη,
696 1699 791 1751 τοῦ
826 1700 961 1754 Θεοῦ
1011 1703 1080 1757 τά
1132 1721 1191 1757 τε
1243 1707 1510 1776 εἰρημένα
1554 1706 1873 1760 συνασεϐεῖν
1913 1709 1979 1777 τῇ

391 1788 648 1857 ἁπαρχῆς
687 1788 1023 1863 δυσσεϐούσῃ
1058 1793 1237 1865 πλάνῃ
1282 1796 1600 1859 συνέπεται,
1636 1795 1732 1849 καὶ
1770 1795 1982 1867 ἀνθρωο

392 1880 641 1945 ποπαθὲς
685 1882 783 1953 τὴν
834 1884 1163 1955 ἀνύϐριστον
1218 1886 1523 1956 ἐξυϐρίζειν
1574 1886 1819 1957 Θεότητα
1848 1905 1863 1920 ·
1914 1888 1979 1965 τὸ

390 1975 501 2043 γὰρ
542 1976 1010 2050 ἀνθρωπόμορφον
1056 1981 1166 2033 οὐδ’
1207 1982 1533 2054 ἀπαλλαγήν
1583 1982 1749 2037 ποθεν
1788 1981 1978 2036 παθῶν

390 2064 748 2137 ἀνθρωπίνων
784 2071 1003 2143 ἐκληρώ
1012 2090 1167 2128 sate.

465 2286 736 2341 Τοιούτων
774 2287 836 2343 δὲ
882 2289 977 2344 καὶ
1008 2291 1079 2345 τὰ
1104 2292 1205 2363 τῆς
1244 2294 1456 2365 πλάνης
1492 2295 1812 2367 σεϐάσματα
1839 2312 1855 2329 ο
1882 2296 1979 2350 καὶ

388 2378 546 2431 οὐδὲν
586 2382 994 2452 πεπυρῥίκασιν
1030 2385 1107 2454 (1)
1157 2387 1411 2459 εἰδωλικῇ
1462 2389 1852 2461 δεισιδαιμονίᾳ
1877 2389 1978 2462 τὴν

390 2470 690 2543 θεοπρεπῆ,
747 2474 843 2527 καὶ
891 2474 1187 2546 σεϐάσμιον
1228 2479 1382 2548 ἡμῶν
1432 2478 1709 2547 θεολογίαν
1751 2497 1979 2534 συνανα-

388 2562 690 2633 φύροντες,
749 2568 845 2620 καὶ
904 2569 986 2632 εἰς
1044 2569 1203 2624 τοῦτο
1254 2572 1512 2642 συνάγειν
1572 2574 1975 2645 ἐκϐιαζόμενοι.

389 2652 610 2706 Πολλῶν
650 2655 745 2720 δὲ,
798 2660 891 2711 καὶ
932 2658 1115 2713 ἄλλων
1158 2661 1493 2735 δυσφημιῶν
1553 2664 1975 2735 παρεπομένων,

388 2744 564 2798 ταῦτα
606 2747 808 2817 μᾶλλον
842 2752 1170 2821 προκύπτει,
1216 2756 1310 2809 καλ⁵
1352 2756 1454 2827 τὴν
1495 2755 1800 2828 παράνοιαν
1838 2757 1979 2827 λαμ-

389 2839 546 2910 πρῶς
569 2841 863 2914 ἀπελέγχει
890 2845 999 2899 τῶν
1017 2848 1097 2911 εἰς
1117 2847 1321 2920 ταύτην
1340 2848 1437 2921 τὴν
1460 2849 1727 2921 ὑπόληψιν
1749 2851 1978 2916 ἑαυτοὺς

384 2932 592 2998 ἀθλίως
624 2937 1132 3009 ἐναπορριψάντων.

460 3070 853 3140 Παραπλησίου
904 3074 963 3128 δὲ
1016 3076 1324 3148 παρανοίας
1376 3077 1601 3150 ἔλεγχος
1651 3078 1718 3133 ἂν
1760 3080 1845 3152 εἴη
1881 3081 1976 3135 καὶ

387 3158 497 3212 τῶν
526 3161 887 3218 πολυπλάνων
903 3165 1184 3221 Ἰουδαίων
1212 3170 1240 3222 ό
1263 3168 1451 3240 μῦθος,
1477 3170 1538 3234 ὃς
1561 3170 1686 3223 Υίὸν
1705 3172 1767 3224 οὐ
1794 3188 1975 3243 παρα-

382 3250 682 3323 δεχόμενος
734 3256 1024 3325 ὁμοούσιον
1052 3260 1131 3331 τῷ
1158 3262 1365 3333 Πατρὶ,
1406 3262 1527 3316 οὐδὲ
1574 3262 1653 3333 τῷ
1686 3262 1973 3334 Πνεύματι

390 3345 775 3416 συνομολογεῖν
806 3350 1007 3405 ἐθέλων
1033 3352 1094 3406 τδ
1115 3355 1255 3408 κατὰ
1291 3354 1455 3424 φύσιν
1483 3354 1700 3427 ἀξίωμα
1723 3358 1821 3428 τῆς
1843 3356 1974 3409 Θεό,

390 3454 573 3509 τητος,
597 3440 685 3495 διά
729 3442 828 3513 μὲν
855 3445 1147 3517 ἀσωμάτου
1190 3448 1476 3519 δυνάμεως
1506 3450 1643 3521 πρὸς
1685 3450 1784 3523 τὴν
1824 3451 1976 3506 θείαν

392 3532 554 3599 φύσιν
584 3533 813 3602 ἀνάγειν
860 3537 961 3591 οὐκ
1000 3540 1318 3593 αἰσθάνεται
1347 3540 1706 3611 βιαζόμενοςο
1767 3542 1828 3595 τὸ
1866 3542 1976 3612 γὰρ

390 3641 413 3673 1
426 3622 548 3677 κατ’
564 3626 751 3680 εἰκόνα
765 3630 1068 3701 ἡμετέραν»
1090 3631 1182 3685 τὸν
1203 3632 1337 3686 Θεὸν
1367 3634 1504 3705 πρὸς
1521 3634 1619 3697 τὰς
1648 3634 1978 3702 ἀσωμάτους

387 3715 574 3782 τάξεις
601 3718 702 3772 οὐκ
735 3719 894 3791 ἔσχεν
926 3722 1103 3776 εἰπεῖν
1138 3723 1399 3795 οὐδεμίαν
1430 3724 1584 3779 αίδώ.
1628 3726 1829 3780 Είκόνα
1862 3728 1975 3797 γὰρ

385 3806 566 3873 διδοὺς
617 3810 769 3879 μίαν,
814 3814 911 3866 καὶ
937 3813 1039 3885 τὴν
1066 3815 1238 3886 αὐτὴν
1267 3816 1402 3870 θεόν
1432 3834 1514 3885 τε,
1562 3818 1789 3872 καὶτῶν
1822 3819 1971 3872 ἀσω⁹

393 3902 579 3971 μάτων
630 3904 941 3975 δυνάμεων,
992 3908 1071 3970 είς
1118 3908 1317 3961 ταυτὸν
1363 3909 1628 3981 ἐκατέρου
1672 3910 1772 3980 τὴν
1807 3910 1973 3979 φύσιν

386 3995 637 4065 συνάγει,
672 3999 1019 4070 Δημιουργοῦ
1056 4017 1149 4067 τε,
1188 4002 1284 4058 καὶ
1308 4000 1796 4073 δημιουργήματος
1826 4002 1975 4056 ἆπαν

387 4086 606 4155 ἀφελὼν
636 4090 695 4142 τὸ
737 4090 1018 4164 διάφορον.
1050 4087 1151 4146 Ὧν
1190 4092 1300 4166 γὰρ
1344 4096 1377 4165 ἡ
1411 4094 1577 4147 εἰκὼν
1607 4096 1640 4165 ὴ
1670 4094 1831 4166 αὑτὴ,
1877 4093 1975 4146 καὶ

389 4180 831 4252 ἀπαράλλακτος,
881 4186 1089 4240 τούτων
1128 4188 1162 4258 ἡ
1198 4186 1360 4257 φύσις
1394 4186 1695 4258 ἑτερότητα
1738 4184 1980 4257 παραδέ-

384 4272 578 4341 χεσθαι
605 4274 828 4331 δύναται
850 4295 862 4341 ;

2087 549 2303 604 ratione
2324 549 2625 605 descensus
2669 551 2737 605 de
2778 551 2933 606 cmlis
2970 562 3025 605 et
3044 552 3256 606 ratione
3287 551 3677 605 misericordi'e

2084 656 2212 710 erga
2269 641 2544 708 homines,
2604 642 2989 707 habnisset,in
3039 660 3241 699 vanum
3288 644 3459 698 Filius
3492 643 3546 697 in
3576 659 3679 697 no-

2084 730 2324 787 vissimis
2370 734 2708 804 temporibus
2740 750 2941 806 corpus
2973 746 3219 790 nostrum
3262 736 3673 802 assumpsisset.

2150 862 2268 917 Imo
2326 879 2500 934 neque
2563 864 2705 920 Deus
2747 866 2883 920 adeo
2922 882 3093 935 purus
3145 876 3289 921 esset
3342 866 3409 937 (ο
3437 875 3675 919 mentem

2084 953 2445 1010 delirantem!
2479 956 2516 1018 ),
2555 968 2613 1011 ut
2646 959 2914 1028 genitales
2951 959 3003 1011 in
3041 973 3109 1012 eo
3137 970 3319 1027 partes
3368 958 3677 1012 secundum

2086 1048 2425 1101 masculeum
2469 1047 2901 1119 fremineumque
2929 1064 3120 1102 sexum
3149 1064 3255 1101 non
3275 1048 3677 1116 distingueren-

2087 1148 2196 1191 tur.
2235 1138 2338 1194 Ubi
2376 1141 2523 1194 enim
2553 1156 2708 1195 sacra
2738 1140 2965 1211 Eloquia
3004 1141 3261 1210 inquiunt
3303 1155 3318 1192 :
3368 1157 3387 1190 ι
3418 1138 3498 1191 Ad
3535 1139 3677 1192 ima—

2085 1234 2263 1301 ginem
2307 1234 2399 1288 Dei
2429 1236 2633 1289 creavit
2664 1234 2811 1290 illum
2837 1251 2852 1300 ;
2879 1253 2897 1286 ι
2923 1234 3173 1304 protinus
3200 1233 3479 1288 subdunt:
3512 1250 3531 1283 ι
3561 1248 3681 1285 ma—

2084 1328 2299 1380 sculum
2356 1336 2413 1382 et
2454 1327 2709 1382 feminam
2755 1330 2961 1383 ereavit
2999 1330 3120 1385 illos
3146 1327 3200 1393 ';
3236 1346 3254 1379 ι
3292 1337 3479 1397 utpote
3532 1327 3676 1394 quod

2084 1415 2264 1486 imago
2286 1432 2393 1471 non
2420 1419 2596 1473 solum
2617 1419 2787 1473 Adam
2821 1420 3130 1483 deeoraret,
3154 1419 3247 1474 sed
3282 1419 3409 1473 Erae
3433 1432 3675 1487 quoque.

2084 1520 2147 1558 ac
2182 1522 2278 1575 per
2320 1522 2417 1563 eos
2467 1510 2725 1564 universo
2774 1509 3061 1563 hominum
3101 1510 3285 1580 generi
3313 1508 3427 1578 pari
3471 1508 3678 1561 honore

2083 1607 2427 1667 congrueret.
2459 1597 2519 1652 Si
2548 1600 2694 1653 enim
2741 1602 2903 1653 homo
2933 1601 2999 1652 ad
3037 1615 3359 1669 corpoream
3414 1598 3506 1653 Dei
3552 1614 3677 1668 spc-

2082 1691 2219 1744 ciem
2243 1700 2296 1743 et
2316 1691 2552 1746 formam
2583 1692 2833 1747 conditus
2885 1693 3116 1759 fuisset;
3156 1692 3324 1760 impio
3364 1691 3469 1746 hoc
3492 1704 3677 1744 errore

2086 1785 2392 1855 praemisso,
2438 1795 2802 1857 sequerentur
2841 1803 2947 1841 non
2998 1788 3159 1840 modo
3195 1787 3299 1839 illa:
3348 1785 3673 1855 impietates,

2083 1894 2205 1949 qure
2236 1879 2303 1933 de
2336 1878 2447 1933 Deo
2497 1880 2658 1934 dictae
2704 1888 2851 1942 sunt,
2879 1880 2971 1933 sed
3023 1880 3188 1932 etiam
3225 1878 3370 1949 quod
3419 1876 3673 1931 humanis

2080 1970 2588 2039 perturbationibus
2623 1972 2934 2024 veneranda
2962 1969 3226 2022 divi-nitas
3251 1971 3672 2038 deturparetur;

2080 2065 2132 2118 id
2165 2066 2334 2130 enim,
2370 2064 2515 2135 quod
2545 2062 2779 2119 formam
2811 2064 3108 2117 humanam
3137 2063 3320 2128 habet,
3340 2062 3488 2117 nullo
3515 2069 3674 2133 pacto

2078 2159 2339 2213 humanis
2367 2158 2877 2228 perturbationibus
2910 2173 3098 2212 earere
3145 2164 3346 2227 potest.

2145 2293 2831 2363 Anthmpomorphilarum
2877 2304 3058 2348 autem
3094 2307 3337 2348 errorem
3366 2300 3422 2347 et
3449 2291 3552 2346 ista
3581 2291 3679 2345 ali-

2083 2388 2252 2441 surda
2284 2395 2629 2456 sequuntur;
2660 2400 2724 2440 ac
2750 2385 2826 2439 illi
2872 2400 2997 2440 cum
3043 2384 3260 2439 ethnira
3289 2384 3676 2453 superstitione

2084 2490 2332 2533 nostram
2396 2479 2511 2534 Deo
2546 2480 2766 2550 dignam
2814 2477 3294 2547 venerandamqne
3344 2476 3675 2546 theologiam

2078 2572 2459 2638 commiscere,
2490 2582 2545 2627 et
2573 2572 2784 2636 conari,
2814 2580 2874 2626 ut
2908 2571 2978 2626 ad
3017 2571 3159 2626 idem
3189 2571 3529 2641 redigantur,
3565 2584 3677 2624 non

2078 2664 2445 2719 erubuerunt.
2471 2664 2608 2719 Cum
2658 2673 2840 2719 autem
2866 2664 3008 2729 alite,
3045 2673 3210 2734 atque
3257 2663 3379 2717 alia:
3424 2662 3678 2718 absurdi-

2082 2764 2221 2823 tates
2271 2756 2400 2821 sint,
2434 2771 2557 2827 qua:
2599 2756 2725 2812 inde
2766 2765 3095 2826 sequuntur,
3137 2757 3220 2810 hee
3265 2758 3439 2827 magis
3494 2771 3677 2812 erum-

2080 2853 2239 2914 punt,
2269 2853 2324 2900 et
2369 2846 2641 2901 insaniam
2683 2860 2893 2911 eorum,
2930 2847 3021 2915 qui
3064 2846 3121 2899 in
3164 2847 3322 2900 istam
3365 2846 3676 2915 opinionem

2078 2938 2277 2993 misere
2312 2952 2435 2992 sese
2464 2937 2811 3007 proiecerunt
2830 2976 2850 3004 ,
2879 2936 3184 2992 luculenter
3206 2937 3484 2992 evincunt.

2151 3075 2311 3132 Paris
2336 3086 2518 3131 autem
2548 3076 2839 3132 dementiae
2867 3077 3123 3148 redargui
3156 3091 3344 3146 posset
3374 3076 3507 3132 illud
3535 3092 3677 3148 quo-

2004 3186 2047 3244 c
2080 3186 2188 3241 que
2223 3168 2541 3225 Iudaeorum
2572 3170 2859 3226 erroribus
2908 3173 3235 3227 scatentinm
3280 3179 3676 3234 eoonnentum,

2081 3264 2351 3335 qui,dnm
2395 3262 2596 3318 Filium
2629 3280 2738 3319 non
2795 3264 3086 3318 admittunt
3147 3264 3673 3319 consubstantialem

2080 3356 2249 3421 Patri,
2278 3356 2516 3427 dumque
2536 3353 2979 3425 noluntSpiritui
3013 3364 3204 3411 sancto
3223 3356 3420 3410 divinae
3467 3366 3677 3410 naturae

2082 3450 2399 3521 dignitatem
2458 3450 2719 3513 tribuere,
2769 3451 2974 3503 interea
3033 3448 3208 3514 Filio,
3243 3459 3293 3503 et
3329 3448 3556 3519 Spiritui
3592 3451 3677 3504 in-

2084 3556 2411 3613 corpoream
2436 3540 2830 3613 ,(creatricem)
2877 3543 3175 3611 potentiam
3215 3541 3518 3598 tribuentes
3562 3557 3673 3597 non

2085 3636 2549 3703 animadvertunt,
2589 3636 2737 3706 quod
2769 3644 3038 3706 cogantur
3071 3651 3166 3691 cos
3213 3637 3279 3690 ad
3307 3635 3551 3691 divinam
3578 3652 3676 3691 na-

2088 3736 2267 3782 turam
2295 3728 2528 3784 evehere
2554 3745 2567 3783 :
2597 3729 2642 3785 si
2673 3727 2799 3799 quis
2822 3728 2969 3781 enim
3022 3738 3235 3782 asserat
3264 3726 3433 3782 Deum
3465 3728 3677 3784 dixisse

2082 3820 2148 3875 ad
2170 3819 2441 3889 angelicas
2467 3819 2688 3875 ordines
2722 3836 2736 3872 :
2778 3838 2795 3870 ι
2824 3817 3113 3874 Faciamus
3140 3819 3416 3873 hominem
3438 3820 3503 3873 ad
3535 3819 3676 3874 ima-

2082 3912 2263 3978 ginem
2300 3922 2570 3973 nostram,
2612 3929 2630 3961 ι
2668 3912 2715 3965 is
2742 3911 2935 3981 pudori
2978 3912 3233 3965 nuntium
3282 3912 3516 3966 remisit.
3567 3911 3672 3978 Qui

2081 4002 2228 4057 enim
2277 4018 2441 4058 unam
2476 4002 2590 4067 Dei,
2616 4012 2671 4058 et
2688 4004 3004 4073 angelorum
3032 4004 3285 4059 concedit
3316 4020 3439 4060 esse
3480 4005 3678 4075 imagi-

2083 4108 2230 4157 nem,
2307 4094 2589 4164 ipsamque
2621 4109 2744 4148 esse
2778 4092 2969 4159 Deum,
3024 4102 3080 4148 et
3107 4095 3389 4165 praeditam
3426 4096 3676 4166 incorpoo

2086 4184 2197 4239 reis
2227 4183 2600 4251 facultatibus,
2628 4185 2674 4240 is
2700 4184 2772 4239 ad
2804 4184 2947 4238 idem
2992 4186 3200 4239 reducit
3230 4186 3343 4250 Dei,
3364 4196 3421 4242 et
3449 4188 3674 4257 angelo-

2078 4291 2197 4330 rum
2223 4286 2507 4343 naturam;
2535 4293 2601 4332 ac
2624 4292 2788 4332 omne
2822 4278 2964 4332 inter
2980 4276 3297 4333 Creatorem
3355 4289 3409 4334 et
3450 4291 3673 4335 creatu-

383 4381 502 4419 ram
563 4368 854 4425 discrimen
876 4371 1329 4437 tollit.Eaenim,
1368 4388 1601 4444 quorum
1655 4372 1844 4429 eadem
1894 4378 1979 4427 est
2016 4370 2199 4443 imago
2252 4380 2308 4426 et
2370 4371 2748 4437 immutabilis,
2793 4371 2993 4427 horum
3049 4382 3247 4427 natura
3286 4382 3536 4445 potestne
3591 4372 3673 4428 di-

383 4465 699 4522 versitatem
728 4468 1021 4538 excipere?

456 4608 624 4663 Ἀλλά
662 4610 756 4663 ἐπὶ
782 4611 1040 4666 τοσοῦτον
1083 4612 1182 4683 μὲν
1223 4612 1319 4667 καὶ
1364 4611 1560 4679 ταῦτα,
1608 4612 1704 4666 καὶ
1740 4612 1769 4665 ό
1811 4610 1970 4678 λόγος

2146 4607 2326 4676 Atque
2364 4604 2478 4660 haec
2502 4602 2740 4658 absurda
2787 4602 2893 4657 huc
2953 4618 3128 4674 usque
3170 4614 3557 4676 pervenerunt,
3613 4619 3668 4663 et

382 4702 485 4753 οὐκ
530 4701 598 4755 ἂν
640 4702 750 4755 οὐδ’
786 4704 964 4775 ἥψατο
990 4704 1221 4759 τούτων.
1265 4706 1405 4759 Ἀλλ’
1434 4706 1510 4770 ὡς
1541 4705 1609 4759 ἂν
1650 4705 1851 4776 μᾶλλον
1900 4705 1968 4774 τῇ

2082 4707 2254 4752 tamen
2286 4695 2372 4750 vix
2392 4710 2563 4765 pauca
2596 4710 2786 4749 eorum
2813 4694 3195 4751 delibavimus.
3229 4695 3335 4751 Sed
3366 4707 3423 4752 ut
3452 4698 3665 4770 inepta-

382 4794 687 4865 παραθέσει
717 4795 826 4848 τῶν
867 4797 1086 4851 ἀτόπων
1113 4798 1440 4871 ὑπολήψεων
1482 4799 1542 4852 τὺ
1572 4797 1675 4868 τῆς
1709 4796 1972 4867 ἀληθείας

2082 4805 2191 4845 rum
2272 4788 2614 4857 appositione
2656 4787 2974 4857 opinionum
3026 4788 3376 4857 pnlchritudo
3416 4792 3665 4847 veritatis

380 4891 469 4961 εἴη
500 4889 699 4954 κάλλος
748 4891 1093 4961 ἀναλάμπον,
1148 4893 1356 4965 ὑπέστη
1410 4892 1662 4959 διελθεῖν,
1698 4891 1735 4946 ἃ.
1785 4888 1969 4961 πολλῷ

2082 4882 2248 4952 magis
2278 4881 2565 4951 magisque
2605 4881 2880 4948 eluceret,
2911 4895 2975 4935 ea
3001 4881 3261 4938 duximus
3300 4898 3423 4939 esse
3457 4901 3666 4941 memo—

384 4970 592 5051 βέλτιον
622 4977 695 5055 ἦν
727 4984 868 5055 μηδὲ
906 4987 1019 5049 τοῖς
1049 4985 1307 5056 ἀπαρχῆς
1333 4985 1471 5057 πρός
1520 4983 1695 5037 ταῦτα
1745 4998 1971 5036 κατενε-

2082 4973 2265 5037 randa,
2292 4987 2413 5043 qua:
2443 4972 2614 5027 multo
2644 4972 2843 5027 melius
2888 4980 3055 5037 esset,
3085 4972 3130 5027 si
3159 4987 3338 5042 neque
3376 4972 3433 5028 in
3476 4989 3565 5030 res
3594 4978 3664 5029 ab

381 5073 581 5147 χθεῖσι,
616 5077 725 5147 μηδ
740 5078 754 5097 ‘
771 5079 829 5131 ἐν
854 5076 1392 5150 διανοίαβάλλεσθαι.

2082 5067 2231 5121 initio
2255 5066 2606 5133 enucleatas,
2637 5081 2816 5135 neque
2862 5066 2915 5121 in
2950 5075 3198 5122 nostrum
3233 5066 3479 5122 animum
3513 5067 3664 5124 inse-

2074 5158 2375 5214 ruissemus
2396 5156 2491 5228 (ε).

454 5332 474 5364 ⁷
507 5329 645 5386 Gen.
670 5348 711 5399 ι,
732 5333 824 5387 27.

1902 5454 2137 5513 NOTAE.

450 5609 529 5685 (ί)
564 5612 808 5685 ξῐοᾷιθςο
838 5626 935 5680 pro
962 5609 1333 5685 rzzupéixast._
1420 5676 1494 5685 ___
1546 5673 1580 5685 _
1628 5683 1635 5685 _
1850 5674 1864 5685 ε

2082 5600 2282 5683 ρρὶβοὶο
2310 5617 2404 5685 {ex
2428 5601 2655 5685 dierum,
2703 5603 2798 5685 lib:
2836 5618 2897 5685 tl,
2938 5618 3059 5685 cap:
3078 5604 3134 5672 2,
3160 5607 3213 5672 3,
3247 5610 3299 5664 ι.
3335 5608 3452 5685 fias
3476 5610 3662 5685 itaque

446 5671 528 5754 (2)
563 5682 640 5754 De
666 5671 1517 5754 hacqumstionesententiasSS.
1545 5673 1957 5754 Patrumprirna
2069 5671 2116 5754 si
2150 5687 2275 5727 cum
2308 5671 2591 5754 Dhotianlis
2619 5674 2887 5754 doc_trini_s
2924 5671 3207 5754 conferas,
3257 5682 3385 5748 quid
3435 5671 3658 5754 laudatio

379 5742 558 5824 fronte
613 5742 913 5819 discordes,
968 5752 1084 5824 sed,
1121 5748 1525 5824 facilinegotio
1564 5742 1958 5824 conciliandas
2066 5742 2220 5824 dum,
2247 5743 2489 5811 quidque
2536 5744 2962 5815 improbandum
3002 5747 3095 5812 sit,
3140 5742 3385 5822 ipse'per
3418 5761 3474 5806 te
3503 5749 3655 5824 judi-

368 5820 498 5879 Cuise
524 5838 677 5878 more
706 5838 808 5879 suo
830 5812 1183 5895 persequitur
1239 5812 1530 5890 Dionisius
1564 5817 1840 5885 Petavius,
1884 5818 1956 5872 De
2060 5812 2237 5869 culpis.
