4084 6478
305 519 410 583 265

1157 523 1258 583 AD
1294 522 1898 584 AMPHILOCHIUM
1930 520 2281 593 QU.‘ESTIO
2325 520 2659 585 XXXVIII.

3476 511 3585 572 265

303 630 413 684 τῶν
444 629 788 700 Χριστιανῶν
836 629 1156 702 μυστηρίων
1191 633 1410 686 εἰδότων
1435 649 1450 664 °
1503 633 1551 686 εἰ
1589 631 1896 703 ἀπερίγρα-

2002 641 2128 685 runt
2170 631 2450 703 mysteria,
2507 633 2608 686 hoc
2639 628 2865 685 dubium
2921 640 3226 699 proponere
3283 639 3394 680 non
3423 622 3590 679 debes

303 738 460 785 πτος,
498 720 596 774 καὶ
634 720 911 792 πανταχοῦ
958 723 990 791 ἡ
1031 721 1242 794 θεότηε,
1278 724 1507 794 πότερον
1551 725 1584 794 ἡ
1624 723 1782 794 στᾶρξν
1829 723 1895 794 ἦν

305 813 570 868 ἀνέλαϐεν
615 814 644 866 ὁ
692 814 841 881 Υἱὸς,
885 815 1162 885 πανταχοῦ
1205 815 1281 886 τῷ
1327 816 1715 888 προσειληφότι
1751 834 1895 888 παρ-

308 907 691 977 εκταθήσεται,
723 907 809 960 ἵνα
840 906 914 978 μὴ
946 891 1326 980 κεχωρισμένη
1351 908 1596 981 νοηθῇ,ἦ
1627 926 1897 980 περιγρα-

310 1000 520 1071 φομένη
551 1000 702 1070 τόπῳ
729 999 826 1072 τὴν
858 999 1166 1071 πρόσληψιν
1187 1001 1602 1072 ἀπαρνήσεταις
1641 1001 1753 1055 Καὶ
1786 1001 1895 1072 γάρ

307 1093 484 1164 τούτῳ
525 1092 698 1164 δὴτῷ
736 1091 1044 1163 νομισθέντι
1088 1093 1408 1164 ἀπορήματι
1455 1092 1625 1148 πολλὰ
1674 1093 1742 1147 ἂν
1784 1095 1892 1164 εἴη,

310 1181 514 1253 μᾶλλον
544 1182 601 1234 δὲ
641 1186 706 1254 τῇ
739 1182 984 1254 ἀπειρίᾳ,
1016 1181 1424 1254 διαμιλλώμενα
1452 1182 1522 1236 τὰ
1559 1183 1853 1254 ἀθύρματα
1876 1201 1891 1216 °

304 1275 399 1326 καὶ
441 1274 530 1328 ἵνα
563 1274 638 1346 μὴ
675 1275 936 1348 περὶτῶν
967 1276 1212 1346 φρικτῶν
1241 1277 1302 1330 οὐ
1341 1276 1586 1348 φρίττειν
1626 1277 1892 1348 δόξωμεν,

303 1367 396 1420 ἐπὶ
421 1367 522 1438 τῆς
549 1368 730 1439 ψυχῆς
771 1368 994 1440 μᾶλλον,
1027 1371 1122 1424 καὶ
1148 1369 1242 1424 τοῦ
1271 1367 1522 1440 σώματος
1550 1372 1577 1424 ὁ
1606 1369 1763 1439 λόγος
1795 1370 1895 1443 τὴν

303 1460 616 1531 γυμνασίαν
639 1460 999 1532 ἅναδεχέσθω.

374 1633 440 1687 Τί
465 1633 576 1704 γὰρ
608 1635 809 1690 κωλύει
839 1637 1024 1706 λέγειν
1054 1638 1145 1692 τὸν
1169 1638 1520 1711 βουλόμενον,
1545 1641 1663 1707 πῶς
1683 1644 1893 1716 ἥνωται

299 1727 380 1798 τῷ
412 1728 627 1800 σώματι
659 1733 692 1802 ἡ
721 1730 867 1802 ψυχὴ
897 1731 971 1802 μὴ
1016 1734 1543 1806 ὲμπεριγραφομένη
1570 1737 1721 1807 τόπῳ
1747 1755 1762 1805 ;
1796 1734 1894 1804 Οἷς

297 1823 414 1894 γάρ
442 1823 517 1895 μὴ
551 1826 1091 1898 συμπεριγράρεται,
1125 1828 1224 1899 τὴν
1248 1829 1443 1885 ἕνωσιν
1472 1832 1888 1904 ἀπαρνουμένη,

295 1915 380 1978 ὡς
410 1917 442 1986 ἡ
473 1916 584 1971 τῶν
610 1918 1070 1988 παραληρούντων
1105 1919 1359 1992 βούλεται
1394 1922 1577 1992 σοφία,
1613 1923 1890 1994 διελέγχε-

292 2025 414 2064 cat.
443 2009 552 2062 Καὶ
584 2009 701 2074 πῶς
729 2010 1070 2082 (ἐγγύτερον,
1103 2013 1197 2067 καὶ
1236 2014 1374 2084 πρὸς
1413 2013 1669 2086 αίσθησιν
1702 2017 1890 2088 φάναι)
1925 1994 1966 2050 Β

291 2101 396 2154 τοῦ
424 2101 771 2173 ἀνθρωπίνου
809 2107 1335 2176 περικεχρωσμένου
1365 2106 1641 2179 σώματος,
1666 2110 1773 2182 ὅτῳ
1805 2110 1897 2164 διὰ

294 2193 592 2264 χρώματος
625 2196 701 2266 (ὅ)
743 2194 885 2264 αὕτη
927 2199 1238 2268 χρωμάτων
1290 2200 1439 2254 ἐστὶν
1509 2202 1892 2267 ἀνεπίδεκτοςο

295 2285 402 2338 καὶ
433 2286 528 2339 τοῦ
565 2288 665 2358 μὲν
713 2289 776 2341 ὲκ
803 2289 1088 2360 τεσσάρων
1120 2291 1313 2363 χυμῶν
1343 2293 1757 2364 συγκριθέντος,
1792 2299 1894 2368 τῆς

295 2378 413 2434 ἀπὸ
437 2379 541 2434 τῶν
570 2381 761 2452 χυμῶν
795 2380 933 2455 αὕτη
984 2383 1282 2455 καθαρεύει
1331 2385 1626 2452 διαθέσεως
1651 2405 1666 2420 ·
1700 2389 1796 2443 καὶ
1835 2389 1896 2444 τὸ

295 2473 407 2545 μὲν
430 2473 710 2546 πλήρωσις
736 2493 818 2540 τε,
849 2476 942 2530 καὶ
974 2476 1035 2530 ού
1065 2477 1296 2543 κένωσις
1326 2479 1390 2534 ὲκ
1421 2479 1674 2551 διαδοχῆς
1707 2481 1895 2554 κύκλῳ

294 2566 571 2638 προϊοῦσα
609 2571 834 2640 συνιστᾷ
859 2587 873 2602 ·
911 2571 942 2641 ἡ
973 2570 1030 2622 δὲ
1062 2571 1330 2641 κρείττων
1360 2573 1555 2644 ὁρᾶται
1577 2575 1685 2628 τῶν
1715 2575 1893 2628 τοιού-

291 2675 409 2713 των
441 2659 686 2714 στάσεων
713 2677 728 2691 ο
757 2661 853 2715 xui.
886 2663 1057 2733 μυρία
1076 2663 1212 2716 ἄλλα
1236 2682 1250 2729 ;

301 2920 305 2921 ⁷
369 2915 483 2969 Καὶ
511 2915 786 2970 ἀνάπαλιν
814 2916 858 2969 δ’
885 2917 952 2972 ἄν
976 2934 1063 2982 τις
1092 2918 1184 2973 τὸν
1235 2919 1396 2990 λόγον
1424 2924 1892 2994 μεταχειρίσαιτο.

310 3007 464 3079 ἘρΞῖ
499 3009 630 3080 γὰρ,
679 3002 832 3078 ᾧτινι
885 3012 1041 3080 φίλον
1099 3013 1231 3085 περὶ
1279 3015 1388 3068 τῶν
1447 3016 1754 3071 σπουδαίων
1818 3019 1895 3092 μὴ

303 3097 648 3161 σπουδάζειν,
679 3099 816 3154 ἀλλὰ
864 3104 986 3166 ταῖς
1037 3107 1382 3172 σοφιστικαῖς
1428 3107 1893 3178 ὲπισεμνύνεσθαι

303 3190 366 3241 ὲν
399 3191 498 3261 ίσῳ
522 3191 628 3245 τῶν
649 3191 978 3264 ψηφολὸγων
1032 3198 1409 3269 περιεργείαις
1433 3217 1446 3231 ·
1487 3201 1548 3254 Εἰ
1589 3201 1794 3272 ἥνωται
1831 3203 1894 3256 τὸ

303 3279 402 3332 τοῦ
441 3280 690 3352 σώματος
736 3283 1023 3360 σύγκριμα
1073 3289 1138 3359 τῇ
1180 3287 1372 3360 λογικῇ
1413 3289 1585 3361 ψυχῇ,
1623 3291 1742 3355 πῶς
1793 3293 1895 3347 οὐκ

301 3374 554 3443 ἀπάρχον
575 3375 650 3444 (6)
687 3376 784 3447 τῆς
815 3377 1109 3448 ὲνωθείσης
1139 3381 1196 3432 ὲν
1225 3380 1399 3449 τούτῳ
1429 3382 1842 3454 γνωριζομένης
1867 3401 1884 3451 ;
1917 3381 1961 3442 (Σ

301 3466 429 3530 Πῶς
457 3467 514 3519 δὲ
543 3468 646 3522 οὐκ
688 3469 935 3538 άναφές;
980 3471 1143 3525 Ἀλλὰ
1188 3474 1304 3538 πῶς
1348 3474 1709 3546 ὑποκείμενον
1743 3477 1888 3550 χρώο

299 3575 483 3629 μασι;
525 3561 739 3632 Βάρους
788 3562 884 3616 καὶ
931 3566 1103 3635 ῥοπῆς
1165 3566 1455 3632 κενώσεως
1505 3586 1564 3622 τε
1631 3570 1725 3624 καὶ
1762 3573 1898 3643 πλη-

294 3650 528 3723 ρώσεων
556 3654 673 3718 πῶς
695 3657 795 3708 οὐκ
831 3656 1143 3728 ἐλεύθερον,
1191 3661 1286 3713 καὶ
1326 3662 1519 3732 μυρίος
1547 3663 1751 3736 λῆροςς
1789 3667 1901 3719 Καὶ

293 3743 634 3816 (συλλήϐδην
657 3746 756 3818 τὴν
788 3749 1128 3821 μητρόπολιν
1174 3750 1272 3804 τοῦ
1327 3753 1498 3822 λήρου
1526 3753 1716 3823 φάναι,
1743 3755 1802 3821 ἐξ
1830 3752 1900 3830 ἦς

289 3839 394 3890 καὶ
425 3839 499 3891 τὰ
528 3841 798 3910 εἰρημένα
828 3844 940 3906 τοῖς
964 3841 1146 3911 λύγοις
1169 3844 1635 3914 ἐμπολιτεύεσθαι
1659 3849 1898 3920 πάροδον

289 3924 430 4004 εὗρε
463 3933 852 4004 νεανιεύματα)
903 3937 954 3989 εί
992 3938 1200 4009 ἥνωται
1244 3939 1277 4010 ἡ
1325 3939 1472 4012 ψυχὴ
1526 3940 1605 4012 τῷ
1660 3943 1898 4012 σώματι,

286 4023 415 4089 πῶς
451 4025 576 4096 οὐχὶ
609 4024 761 4098 ψυχὴ
786 4026 846 4080 τὸ
870 4026 1104 4100 σῶμα,ἢ
1127 4029 1249 4100 οὐχὶ
1280 4029 1441 4102 σῶμα
1477 4033 1678 4105 ήψυχή
1702 4049 1717 4100 ;

365 4295 436 4350 Ei
462 4294 523 4350 δὲ
548 4295 723 4350 ταῦτα
745 4296 927 4367 λέγειν
959 4298 1055 4351 ἐπὶ
1071 4297 1268 4370 ψυχῆς,
1289 4301 1384 4354 καὶ
1423 4299 1681 4372 σώματος
1702 4302 1902 4371 γέλως,

287 4393 392 4444 καὶ
425 4388 528 4444 νῦν
562 4391 663 4459 τὴν
693 4389 854 4459 φύσιν
890 4391 989 4462 τῆς
1028 4393 1265 4462 ἀπορίας
1295 4392 1357 4445 τὸ
1400 4392 1652 4464 μέγεθος,
1686 4395 1720 4465 ἠ
1747 4411 1903 4466 σοφι-

290 4482 471 4554 στικὴ
523 4482 824 4554 κατάδηλος
873 4484 1075 4556 μικροῦ
1117 4485 1212 4538 καὶ
1251 4489 1366 4549 τοῖς
1418 4487 1791 4558 ἀγυμνάστοις
1833 4488 1902 4543 τὰ

287 4573 540 4628 τοιαῦτα
569 4574 781 4642 γίνεται
839 4575 1010 4646 λέσχη
1035 4593 1049 4606 ο
1079 4575 1233 4646 πόσῳ
1277 4577 1478 4648 μᾶλλον
1503 4580 1599 4631 ἐπὶ
1627 4577 1899 4647 τοῦθείου

286 4667 510 4736 Λόγου,
547 4665 645 4719 καὶ
671 4667 766 4720 τοῦ
795 4667 916 4720 καθ’
947 4670 1094 4739 ἡμᾶς
1142 4669 1574 4740 προσλήμματος
1620 4670 1802 4739 λέγειν
1831 4672 1904 4725 τὰ

1998 731 2172 778 rent:
2239 733 2423 778 utrum
2483 724 2527 779 si
2572 738 2684 777 non
2737 723 3157 789 circumscripta
3208 717 3302 774 sed
3379 715 3588 785 ubique

1996 825 2081 870 cst
2111 816 2307 882 deitas,
2343 832 2471 870 caro
2494 856 2509 882 ,
2534 833 2699 886 quam
2747 813 3046 883 assumpsit
3071 812 3264 873 Filius,
3284 806 3587 866 assumenti

1995 908 2286 964 adhzerens
2331 909 2404 963 sit
2436 909 2656 979 ubique,
2693 923 2764 964 ne
2813 917 3065 978 separata
3109 903 3484 974 concipiatur:
3517 915 3584 952 an

1997 999 2122 1054 loro
2170 1001 2591 1070 circumscripta
2643 1013 2704 1055 se
2755 1005 3097 1067 assumptam
3139 1010 3262 1050 esse
3317 991 3588 1062 negabit?

1998 1089 2211 1146 Etenim
2244 1091 2311 1147 ad
2345 1092 2510 1159 hanc,
2543 1106 2708 1160 quam
2749 1097 2975 1145 censent
3006 1086 3302 1151 diliicilcm,
3329 1082 3588 1154 quaestio-

1996 1199 2122 1239 nem
2185 1183 2609 1248 enucleandam,
2670 1183 2854 1252 potius
2899 1191 3082 1234 autem
3143 1177 3211 1233 ad
3254 1175 3585 1246 imperitiam

1997 1278 2336 1349 arguendam
2397 1277 2568 1332 multa
2617 1283 2843 1348 possent
2876 1274 3090 1329 ludicra
3137 1284 3400 1341 responsa
3455 1280 3589 1337 pro-

1995 1369 2163 1425 ferri:
2199 1377 2254 1424 et
2303 1384 2372 1424 ne
2414 1369 2725 1423 veneranda
2774 1365 3039 1438 mysteria
3071 1378 3179 1416 non
3218 1358 3468 1414 venerari
3500 1355 3584 1409 vi-

1995 1461 2245 1528 deamur,
2281 1471 2472 1516 nostra
2526 1461 2639 1515 haec
2687 1459 2864 1514 oratio
2917 1458 2982 1512 ad
3021 1454 3308 1511 hominum
3348 1452 3587 1505 animam

1994 1558 2049 1607 ct
2071 1567 2273 1622 corpus
2295 1552 2724 1622 disputationem
2769 1550 3081 1606 transferat.

2071 1643 2216 1712 Quid
2253 1645 2401 1700 enim
2428 1653 2594 1711 vetat,
2628 1645 2674 1701 si
2695 1645 2883 1707 libeat,
2913 1643 3097 1697 dicere
3124 1659 3137 1696 :
3165 1636 3451 1706 Quomodo
3473 1635 3594 1691 ani-

1995 1755 2106 1801 ma,
2129 1739 2257 1791 dum
2281 1738 2403 1792 loco
2429 1753 2536 1792 non
2561 1737 3056 1802 circumscribitur,
3089 1728 3306 1804 corpori
3336 1732 3591 1801 copulata

1994 1832 2119 1887 est?
2141 1829 2278 1885 Nam
2309 1830 2636 1900 quibuscum
2656 1827 3222 1898 circumscriptionem
3242 1836 3592 1879 communem

1995 1940 2100 1980 non
2125 1923 2291 1978 habet
2323 1963 2338 1987 ,
2378 1938 2504 1978 cum
2534 1923 2602 1977 iis
2628 1921 3097 1992 coniunctionem,
3121 1916 3197 1972 uti
3230 1916 3466 1971 vultista
3491 1929 3595 1967 nuo

1995 2015 2239 2087 gantium
2265 2013 2554 2084 sapientia,
2581 2027 2689 2068 non
2722 2012 3008 2068 admittere
3036 2008 3332 2064 evincitur.
3365 2004 3432 2060 Et
3455 2017 3594 2075 quo-

1997 2108 2158 2163 modo
2189 2109 2272 2179 (ut
2312 2122 2426 2162 rem
2457 2106 2706 2177 propius,
2731 2116 2783 2160 et
2809 2121 2905 2176 per
2929 2103 3208 2160 scnsihilia
3233 2098 3590 2170 attingamus)

1995 2193 2124 2248 dum
2161 2209 2360 2264 corpus
2407 2204 2492 2249 est
2516 2194 2821 2249 coloratum
2844 2234 2858 2260 ,
2915 2193 3034 2263 ipsa
3070 2191 3150 2247 sic
3204 2191 3346 2244 inter
3375 2187 3594 2243 colores

1994 2287 2293 2353 exsistens,
2350 2285 2565 2341 colores
2623 2285 2906 2356 suscipere
2965 2299 3072 2339 non
3122 2290 3341 2354 potest:
3386 2289 3591 2336 etcum

1996 2393 2197 2448 corpus
2236 2393 2304 2434 ex
2339 2386 2577 2448 quatuor
2621 2377 2806 2433 succis
2835 2376 2907 2433 sit
2952 2385 3296 2440 concretum,
3344 2372 3462 2444 ipsa
3499 2373 3597 2427 lut-

1990 2470 2236 2540 jusmodi
2273 2469 2544 2524 materiali
2575 2471 2894 2526 conditione
2947 2477 3134 2524 caret:
3168 2479 3224 2523 et
3248 2481 3450 2537 corpus
3471 2465 3596 2534 qui-

1995 2561 2117 2616 dem
2175 2577 2286 2616 non
2343 2561 2616 2624 vacuitas,
2650 2560 2744 2617 sed
2793 2575 2859 2616 ex
2909 2561 3196 2614 humorum
3249 2556 3596 2627 susceptione

1995 2654 2277 2725 plenitudo
2297 2653 2659 2722 undequaque
2683 2653 2907 2707 dilatata
2926 2651 3238 2717 constituit,
3259 2649 3440 2704 anima
3463 2660 3603 2702 vero

1998 2745 2081 2799 his
2116 2743 2500 2800 aﬂ‘ectionibus
2541 2759 2652 2797 non
2684 2753 2768 2798 est
2801 2742 3040 2796 obnoxia
3072 2759 3085 2796 :
3123 2751 3287 2811 atque
3323 2739 3429 2792 alia
3465 2753 3594 2794 sex-

1997 2833 2192 2888 centa?
2253 2858 2258 2862 ·

2067 2926 2144 2981 Ac
2169 2927 2286 2981 vice
2311 2941 2471 2981 versa
2490 2925 2689 2995 poterit
2719 2924 2998 2996 quispiam
3022 2924 3121 2980 has
3139 2921 3600 2993 interrogationes

1997 3028 2320 3074 retractare.
2368 3019 2586 3089 luquict
2611 3020 2756 3074 enim
2787 3018 2852 3085 is,
2885 3019 2976 3087 qui
3021 3033 3128 3073 non
3164 3016 3310 3072 serio
3337 3015 3405 3070 de
3438 3014 3610 3070 seriis.

1997 3127 2178 3182 agere,
2213 3111 2308 3168 sed
2349 3110 2649 3165 subtilibus
2679 3126 2778 3180 pro
2809 3111 3203 3166 circulatorum
3239 3123 3394 3164 more
3433 3122 3598 3175 argu-

2003 3204 2095 3256 tiis
2127 3217 2249 3257 sese
2279 3211 2555 3258 ostentare
2587 3202 2820 3258 voluerit
2844 3241 2860 3267 ,
2888 3204 2932 3258 si
2965 3217 3166 3272 corpus
3203 3201 3398 3255 animae
3426 3199 3604 3254 ratio-

1972 3293 2105 3347 nali
2156 3292 2536 3347 consociatum
2581 3302 2686 3358 est,
2715 3294 2992 3362 quomodo
3035 3301 3090 3348 et
3136 3292 3341 3363 ipsum,
3381 3291 3598 3362 (quent-

1996 3385 2290 3440 a-Jmodunu
2330 3383 2575 3457 anima),
2606 3387 2949 3449 substantiae,
2988 3400 3111 3456 quae
3140 3384 3246 3441 sibi
3282 3384 3600 3454 agnoscitur

2005 3478 2319 3548 eonjuneta,
2349 3479 2540 3547 nequit
2561 3479 2866 3550 imperare?
2890 3477 3182 3545 Quomodo
3211 3487 3263 3533 et
3289 3478 3466 3548 ipsum
3489 3492 3600 3531 non

2002 3568 2189 3640 cﬁ‘ngit
2237 3578 2442 3626 tactum
2466 3570 2490 3623 ’ἰ
2517 3570 2809 3636 Quomodo
2833 3580 2917 3626 cst
2949 3571 3227 3627 coloribus
3253 3570 3560 3640 subjectum
3576 3568 3606 3622 ?-

2001 3658 2289 3725 Quomodo
2315 3661 2598 3732 gravitatis
2620 3705 2634 3729 ,
2691 3663 2975 3733 ponderis,
3018 3662 3326 3726 vacuitatis,
3361 3659 3604 3731 plenitu-

2001 3750 2146 3803 dinis
2177 3765 2288 3804 non
2319 3758 2405 3807 est
2440 3751 2720 3818 immune;
2767 3759 2822 3807 et
2858 3753 3009 3807 mille
3044 3752 3358 3822 hujusmodi
3389 3751 3608 3821 gerrae?

2002 3843 2178 3914 Atque
2211 3845 2293 3914 (ut
2313 3859 2423 3899 uno
2442 3845 2607 3900 verbo
2623 3846 2907 3900 matricem
2931 3861 3200 3917 nugarum
3227 3844 3600 3915 proferamus,

2000 3953 2065 3991 ex
2099 3951 2204 4005 qua
2236 3946 2291 3991 et
2325 3938 2444 3992 ista:
2470 3938 2746 4008 juveniles
2777 3939 3005 4010 argutiae
3033 3937 3101 3992 ad
3138 3953 3420 3993 sermones
3449 3935 3606 3991 inva-

2001 4025 2209 4079 dendos
2241 4027 2450 4080 aditum
2503 4028 2878 4093 invenerunt),
2915 4028 2959 4082 si
2997 4028 3180 4080 anima
3220 4034 3305 4082 est
3348 4025 3604 4095 copulata

2003 4116 2242 4184 corpori,
2263 4118 2544 4187 quomodo
2569 4117 2753 4172 anima
2784 4134 2896 4172 non
2928 4125 3014 4174 est
3045 4133 3269 4187 corpus,
3291 4125 3604 4188 :iutcorpus

2002 4223 2108 4261 non
2146 4218 2231 4263 est
2261 4211 2491 4264 anima?

2074 4299 2231 4366 Quod
2279 4303 2325 4358 si
2364 4303 2480 4358 haec
2519 4303 2586 4359 de
2637 4304 2817 4358 anima
2850 4313 2902 4360 et
2931 4318 3160 4372 corpore
3187 4303 3400 4359 effutire
3429 4302 3603 4357 risum

2001 4393 2240 4460 excitat,
2278 4402 2332 4448 et
2360 4409 2529 4461 nunc,
2560 4395 2690 4450 dum
2721 4395 2774 4449 in
2806 4397 2973 4451 rebus
3008 4395 3356 4450 naturalibus
3393 4392 3608 4465 pondus

2005 4483 2343 4542 diﬂicultatis
2376 4495 2500 4553 est,
2549 4487 2634 4542 vel
2675 4488 2745 4544 ab
2774 4489 2904 4559 ipsis
2937 4489 3332 4559 prOpemodum
3365 4485 3608 4542 homini-

2003 4576 2106 4632 bus
2139 4578 2455 4633 rudioribus
2482 4580 2670 4636 isthmc
2699 4581 2994 4651 garrulitas
3023 4581 3362 4635 cavillatoria
3394 4579 3607 4650 perspi-

2007 4669 2150 4724 citur
2183 4687 2196 4723 :
2235 4682 2442 4741 quanto
2500 4673 2674 4744 magis
2713 4674 2779 4728 de
2829 4673 3016 4728 divino
3051 4672 3264 4739 Verbo,
3309 4680 3365 4727 et
3415 4681 3607 4727 nostra

287 4762 471 4834 ὅμοια
499 4761 561 4814 οὐ
589 4761 871 4825 παντελῶς
892 4761 1010 4814 ἐστι
1040 4762 1446 4829 καταγέλαστον
1472 4764 1568 4818 καὶ
1596 4763 1670 4836 μὴ
1691 4765 1900 4837 διακρί-

2009 4768 2293 4829 assumpta
2333 4771 2526 4817 natura
2559 4741 2878 4834 hujusmodi
2913 4779 3102 4834 gerras
3133 4764 3346 4818 cﬂulire
3375 4763 3606 4816 omnino

286 4873 414 4909 νειν
467 4854 638 4908 εἰδόσι
693 4853 966 4925 φλυαρίας
1025 4871 1106 4919 τε,
1164 4857 1256 4908 καὶ
1298 4856 1532 4926 ἀπορίας
1562 4857 1904 4927 προνόμιον;

285 4949 467 5004 Εἴπω
500 4947 570 4999 τά
602 4947 873 5017 ἡμέτερα,
919 4947 1121 5016 μᾶλλον
1155 4947 1204 5000 δ’
1243 4947 1280 5001 ἆ
1324 4947 1427 5016 τῆς
1484 4946 1906 5020 φιλανθρωπίας

284 5041 392 5095 τοῦ
435 5040 758 5103 Πλάσαντος
805 5039 963 5110 ἔργα,
1007 5040 1102 5094 καὶ
1139 5039 1289 5112 πάθη
1328 5041 1659 5112 καθέστηκε.
1690 5042 1814 5106 Πῶς
1867 5042 1902 5114 ή

285 5135 516 5205 Θεότης
545 5133 696 5204 ἥλοις
721 5133 1210 5205 διαπερονηθέντος
1254 5132 1349 5187 τοῦ
1381 5132 1655 5204 σώματος,
1684 5133 1744 5187 οὐ
1774 5152 1902 5189 συν-

284 5232 610 5303 τέτρωται,
630 5229 692 5282 ού
713 5232 781 5299 τῇ
803 5228 972 5300 λόγχῃ
994 5229 1366 5302 διατέτρηται,
1393 5230 1495 5282 οὐκ
1528 5228 1870 5301 ἐσταύρωται
1893 5245 1910 5296 ;

2010 4851 2376 4907 deridiculum
2410 4863 2498 4910 est
2537 4871 2634 4926 pro
2670 4857 2738 4911 iis
2770 4872 3012 4926 quoque,
3044 4856 3134 4926 qui
3165 4872 3279 4911 rem
3304 4855 3605 4926 jocularcm

2011 4959 2043 5000 a
2076 4943 2397 5001 diﬂicultate
2437 4949 2689 5005 nesciunt
2728 4949 3080 5005 discernere?
3115 4947 3214 5004 llic
3243 4955 3426 5004 autem
3463 4947 3608 5018 adji-

2011 5040 2157 5096 ciam
2193 5049 2383 5098 nostra
2406 5083 2421 5108 ,
2455 5043 2573 5100 sive
2616 5045 2800 5114 potius
2829 5044 2945 5108 illa,
2975 5059 3100 5115 quae
3131 5058 3198 5098 ex
3233 5041 3522 5113 operibus,
3553 5050 3610 5096 et

2009 5135 2462 5206 perpessionibus
2497 5137 2913 5192 clementissimi
2943 5135 3258 5193 Conditoris
3288 5133 3462 5190 nostri
3486 5133 3608 5189 erui

2017 5237 2270 5298 possunt.
2305 5230 2594 5298 Quomodo
2636 5230 2802 5286 simul
2829 5246 2954 5286 cum
3006 5244 3236 5301 corpore
3275 5226 3446 5284 clavis
3483 5241 3610 5298 per-

1857 5412 2093 5474 ΝΟΤίΕ.

286 5569 620 5628 I’rodramo
672 5571 860 5643 docuit
912 5570 998 5627 Cl.
1045 5570 1287 5643 Joannes
1348 5571 1655 5630 Andresius
1717 5573 1905 5643 Regiae

290 5644 672 5702 bibliothecae
721 5641 1033 5713 praefectus.
1063 5641 1164 5696 Hic
1207 5650 1390 5699 autem
1447 5645 1677 5700 adnotes
1709 5641 1899 5706 velim,

289 5713 469 5790 quod,
495 5715 670 5782 ipsam
688 5713 1013 5790 jamdudum
1054 5715 1474 5790 transtuleram.
1499 5716 1904 5790 nonnullasque

291 5785 704 5858 suppleveram
761 5785 1068 5858 lacunulas,
1125 5799 1252 5858 cum
1285 5785 1638 5858 _Cotnbelisii
1700 5785 1901 5841 lacinia

296 5856 448 5916 mihi
474 5856 664 5910 oblata
691 5863 808 5911 est:
843 5856 895 5910 id
927 5865 1110 5910 autem
1165 5856 1250 5926 vel
1283 5856 1400 5925 ipse
1444 5856 1630 5926 itaque
1666 5871 1732 5912 ex
1779 5871 1902 5911 ver-

297 5930 496 5987 sionis
535 5929 795 5983 varietate
829 5926 1146 5998 perspicies.
1184 5925 1297 5998 Ego
1343 5934 1523 5998 autem
1543 5925 1656 5996 pro
1692 5937 1900 5998 renata

300 6001 569 6062 monebo
627 6006 682 6055 ct
737 5995 878 6055 unde
957 5995 1183 6068 incipiat
1233 5995 1646 6065 'Combeﬁsius,
1685 6007 1739 6052 et
1807 5995 1899 6051 ubi

2009 5573 2325 5647 abrumpat,
2356 5583 2410 5631 et
2458 5573 2552 5647 ubi
2604 5573 2863 5647 desinat,
2915 5571 3026 5624 imo
3062 5570 3279 5647 quoties
3325 5582 3356 5621 a
3409 5577 3606 5647 nostra

2010 5637 2250 5702 lection'e
2310 5637 2550 5701 recedat.
2586 5674 2656 5685 —
2706 5642 2797 5698 Sic
2831 5647 3012 5698 exstat
3062 5637 3116 5694 in
3145 5638 3350 5694 Codice
3409 5637 3610 5692 Mona-

2009 5719 2157 5772 censi
2189 5717 2280 5774 Gr.
2318 5715 2440 5778 104,
2479 5715 2516 5775 Γ.
2547 5714 2676 5769 282.

2083 5787 2138 5846 (ὃ
2186 5787 2388 5843 Saltem
2415 5788 2652 5855 relingas
2681 5783 2844 5846 οὕτω,
2881 5791 2939 5838 ut
2960 5793 3160 5837 sensus
3189 5787 3428 5836 constet.

2083 5793 2462 5930 (liéPerhreve
2509 5857 2919 5912 iuterstitiolum
2971 5853 3110 5910 inter
3153 5853 3232 5908 ἀπ
3287 5860 3340 5905 et
3389 5850 3428 5904 τε

2081 5849 2462 5930 (6)7Perhreve
2509 5849 2919 5912 iuterstitiolum
2971 5853 3110 5910 inter
3153 5853 3232 5908 ἀπ
3287 5860 3340 5905 et
3389 5849 3489 5922 τῆς
3530 5849 3613 5904 ita-

2007 5929 2392 6004 complendum
2428 5942 2646 5986 censeo.
