4084 6504
567 483 674 550 267
1729 494 1996 560 ΡΗΟΤΠ
2027 497 2538 562 ΡΑΤΒΙΑΒΟΗΒ
2560 503 2672 564 CP.
3707 511 3805 576 268

569 593 723 651 fosso
750 594 1011 652 divinitas
1067 612 1181 654 non
1229 609 1314 656 est
1363 599 1681 672 perforata,
1737 619 1912 676 neque
1965 605 2148 663 lancea

2261 605 2384 671 Πῶς
2408 606 2591 664 πάντα
2623 607 2894 672 παθόντος
2928 607 3104 664 ταῦτα
3139 610 3235 664 τοῦ
3281 611 3499 682 ἀληθῶς
3541 613 3809 683 ἑνωθέντος

567 688 890 759 transiecta,
928 704 1104 760 neque
1159 692 1309 749 cruci
1365 694 1621 750 confixa?
1649 694 1974 763 Quomodo,
2023 714 2148 754 cum

2255 702 2328 770 τῇ
2356 699 2584 772 Θεότητι
2619 702 3014 773 συγκρίματος,
3066 703 3206 776 αῦτη
3239 706 3470 772 τούτοις,
3503 706 3721 762 συνοῦσα
3740 711 3809 782 τῷ

567 790 763 836 natura
799 780 1034 838 humana
1062 799 1187 840 vere
1215 796 1499 858 assumpta
1528 789 1631 844 hos
1654 804 1848 845 omnes
1881 800 2156 861 pateretur

568 875 868 940 cruciatus,
899 874 1166 933 Divinitas
1211 879 1376 935 simul
1423 895 1550 936 cum
1597 883 1836 952 patiente
1871 882 1994 950 fuit,
2052 899 2158 940 nec

570 976 749 1020 tamen
783 972 852 1022 ab
877 968 1010 1038 ipsis
1035 969 1228 1040 attingi
1273 971 1482 1040 potuit?
1514 971 1799 1040 Quomodo
1829 975 1948 1045 ipsa
1977 975 2031 1031 in
2054 990 2155 1032 sua

566 1055 874 1110 substantia
916 1069 1148 1113 mortem
1181 1061 1409 1132 emtgit?

638 1146 754 1201 Etsi
779 1148 1033 1205 Christus
1064 1150 1203 1205 Deus
1229 1165 1413 1208 noster
1433 1167 1651 1226 propter
1681 1172 1781 1213 nos
1805 1174 1926 1214 esse
1952 1159 2154 1216 dicitur

566 1239 856 1294 verissime
905 1250 1156 1297 mortuus
1187 1244 1410 1314 (quippe
1447 1247 1542 1316 qui
1597 1250 1871 1318 propriam
1931 1267 2151 1307 carnem

567 1343 668 1399 pro
692 1330 852 1386 nobis
884 1333 1046 1387 morti
1086 1335 1350 1405 tradidit),
1393 1345 1444 1392 et
1468 1340 1737 1394 mansisse
1769 1342 1820 1395 in
1861 1344 2111 1413 sepulcro
2134 1385 2151 1410 ,

569 1435 637 1476 ac
674 1422 926 1479 triduana
981 1428 1388 1484 resurrectione
1430 1433 1850 1488 resurrectionis
1893 1436 2157 1492 onmibus

569 1516 881 1573 communis
899 1517 1318 1583 dedicationem,
1341 1538 1406 1577 ac
1423 1523 1834 1579 fundamentum
1863 1529 2148 1584 statuisse:

567 1607 662 1664 sed
699 1617 879 1664 tamen
913 1611 1007 1682 qui
1038 1611 1243 1668 idcirco
1269 1613 1620 1670 Divinitatem
1661 1618 1974 1688 passibilem
2007 1619 2153 1676 blas-

567 1700 909 1771 pbemarent.
945 1705 1298 1761 redderentur
1329 1708 1573 1778 elingues
1607 1726 1700 1779 per
1729 1726 1814 1778 ea,
1834 1728 1956 1783 quae
1984 1713 2150 1769 modo

567 1792 993 1850 confutationem
1025 1811 1092 1853 ex
1125 1799 1341 1867 animae,
1371 1810 1425 1856 et
1473 1803 1722 1872 corporis
1760 1805 2150 1874 conjunctione

567 1884 842 1942 elicientia
875 1889 1018 1944 dicta
1049 1900 1213 1957 sunt,
1241 1900 1296 1947 et
1327 1909 1420 1962 per
1449 1895 1586 1957 alia,
1618 1903 1783 1965 atque
1817 1895 1923 1950 alia
1954 1896 2149 1967 hujus-

2257 792 2570 860 πεπονθότι,
2610 793 2880 864 διέμεινεν
2907 795 3182 865 ἄψαυστος
3206 815 3228 862 ;.
3252 797 3376 861 Πῶς
3397 797 3455 851 δὲ
3481 798 3570 852 τὸν
3597 798 3804 856 θάνατον

2257 882 2402 937 κατὰ
2426 883 2518 937 τὸν
2547 883 2780 958 adcitiqu
2814 883 2972 954 λόγον
3005 883 3151 957 αὕτη
3176 887 3508 956 διαπέφευγε
3532 903 3548 954 ;

2327 1156 2524 1212 Καίτοι
2567 1152 2786 1224 λέγεται
2835 1151 2906 1207 δι’
2951 1152 3100 1224 ἡμᾶς
3143 1151 3380 1222 Χριστὸς
3430 1152 3462 1205 6
3498 1151 3627 1216 Θεὸς
3671 1151 3812 1222 ἡμῶν

2256 1248 2549 1304 ἀποθανεῖν
2585 1243 2915 1317 παναληθῶς
2955 1243 3014 1314 (ἀ
3051 1261 3110 1297 τε
3142 1243 3227 1316 ιη
3266 1246 3366 1314 τὴν
3401 1243 3604 1297 οίκείαν
3653 1245 3814 1313 σάρκα

2256 1340 2400 1412 ὑπὲρ
2430 1340 2588 1412 ἡμῶν
2619 1341 2699 1403 είς
2723 1338 2952 1392 θάνατον
2975 1336 3273 1408 δεδωκὼς),
3291 1339 3384 1392 καὶ
3405 1338 3572 1406 τάφον
3591 1337 3812 1406 οἰκῆσαι,

2255 1436 2351 1489 καὶ
2385 1435 2674 1506 τριημέρῳ
2695 1434 2991 1488 ἀναστασει
3024 1433 3124 1502 τὴν
3154 1430 3340 1502 κοινὴν
3385 1431 3704 1499 ὲγκαινὶσαι,
3731 1431 3816 1482 καὶ

2254 1526 2585 1596 θεμελιώσαι
2631 1525 2851 1578 πάντων
2888 1524 3185 1579 ἀνάστασιν
3210 1539 3225 1553 °
3251 1522 3390 1577 ἀλλὰ
3427 1524 3536 1592 γὰρ
3581 1523 3696 1584 τοὺς
3728 1521 3815 1590 μὲν

2252 1617 2501 1688 παθητὸν
2525 1617 2918 1688 ἐνυϐρίζοντας
2942 1615 3003 1668 τὸ
3033 1616 3189 1668 Θεῖον
3212 1615 3562 1684 ὲπιστομίσει
3590 1615 3812 1676 πάντως,

2253 1711 2290 1767 ἃ
2321 1711 2666 1784 προείρηται,
2697 1710 2790 1764 τὺν
2817 1709 2924 1763 ἀπὸ
2952 1710 3051 1778 τῆς
3094 1705 3343 1772 ἐνὼσεως
3385 1708 3487 1779 τῆς
3515 1707 3704 1778 ψυχῆς,
3732 1711 3817 1761 καὶ

2251 1804 2348 1859 τοῦ
2380 1805 2632 1876 σώματος
2665 1804 2886 1874 ἔλεγχον
2919 1801 3360 1873 προϐαλλόμενα,
3386 1807 3480 1855 καὶ
3509 1801 3643 1855 ἄλλα
3662 1799 3817 1854 πολλὰ

2250 1897 2500 1952 τοιαῦτα.
2545 1897 2685 1960 Τοὺς
2727 1896 2784 1949 δὲ
2835 1895 3029 1967 ἐκείνῃ
3065 1894 3166 1964 μὲν
3199 1896 3267 1965 τῇ
3298 1893 3476 1964 πλάνῃ
3516 1891 3595 1963 μὴ
3619 1909 3814 1962 συμφε-

565 1977 736 2033 modi.
767 1976 870 2045 Qui
899 1991 1080 2036 autem
1112 1983 1204 2036 tali
1255 1999 1362 2038 non
1397 1985 1747 2040 abducuntur
1792 2003 2011 2052 errore,
2049 1989 2145 2044 sed

2252 1991 2707 2064 ρομένους,οὺδὲν
2735 1989 2792 2042 δὲ
2820 1961 3035 2058 ὲκείντίς
3053 1961 3412 2056 ἀνεκτότερον
3434 1961 3632 2056 ἐχούσῃ
3662 2001 3818 2055 πωσ-

565 2069 675 2125 alio
705 2071 878 2126 nihilo
916 2075 1308 2143 tolerabiliori,
1349 2094 1513 2148 quam
1556 2079 1660 2135 iste
1713 2091 2146 2137 memoratorum

566 2162 848 2220 hominum
882 2177 986 2232 est,
1021 2177 1075 2224 et
1130 2187 1153 2221 ι
1184 2170 1238 2223 in
1266 2171 1478 2226 Clu-isto
1507 2190 1526 2224 ι
1555 2172 1781 2227 localem
1813 2173 1997 2230 carnis
2041 2174 2152 2229 cir-

563 2259 1048 2329 cumscriptionem
1106 2279 1206 2333 pro
1253 2265 1450 2319 divina:
1501 2275 1710 2321 natura:
1757 2267 2149 2337 conjunctione

563 2349 915 2406 reﬁciendam
969 2354 1327 2422 arbitrantur,
1363 2363 1478 2411 tum
1534 2358 1626 2413 illa
1683 2378 1700 2410 ι
1742 2359 1804 2413 de
1863 2362 2046 2413 anima
2097 2369 2149 2414 et

561 2457 798 2511 corpore,
831 2461 850 2494 ι
879 2452 990 2498 ιυιιι
1017 2446 1132 2500 haec
1155 2465 1172 2496 ι
1196 2448 1259 2499 de
1276 2449 1614 2518 passionibus
1642 2450 1842 2504 Christi
1860 2450 2092 2504 absurda
2122 2469 2143 2504 ι

561 2548 715 2605 atque
753 2552 819 2589 ex
861 2551 1052 2590 eorum
1113 2541 1584 2610 propositionibus
1633 2543 1954 2612 procedere,
1989 2552 2044 2598 et
2077 2544 2146 2598 ad

562 2629 712 2697 ipsos
743 2628 1067 2685 refellendos
1094 2640 1245 2686 recta
1270 2632 1491 2687 tendere
1527 2633 1801 2692 videntur.

636 2719 741 2786 Qui
767 2723 1050 2789 concedit,
1087 2723 1280 2790 amice,
1316 2739 1440 2780 esse
1463 2725 1664 2795 ubique
1699 2727 1993 2793 Deitatem,
2016 2742 2149 2798 quo-

563 2816 728 2870 modo
767 2817 931 2871 simul
983 2833 1090 2872 non
1139 2819 1402 2873 concedet
1451 2829 1619 2873 totam
1670 2821 1865 2875 adesse
1905 2821 2148 2890 ubique?

565 2904 681 2961 Hoc
709 2907 855 2961 enim
887 2922 994 2961 non
1024 2909 1225 2975 minus,
1266 2924 1430 2980 quam
1464 2909 1617 2974 illud,
1647 2911 1714 2964 ad
1741 2911 1980 2966 divinam
2019 2928 2148 2982 per-

564 3000 699 3056 tinet
729 3001 1070 3070 dignitatem.
1101 3001 1256 3068 Quod
1307 3003 1354 3057 si
1388 3011 1496 3057 tota
1533 3011 1758 3072 prorsus
1788 3012 1872 3061 est
1919 3005 2146 3075 ubique,

559 3103 615 3147 et
643 3107 768 3146 cum
786 3103 1067 3163 assumpta
1095 3110 1259 3149 carne
1275 3103 1422 3150 totus
1451 3093 1623 3150 Filius
1653 3111 1816 3149 unam
1843 3096 2148 3152 habetsub-

560 3186 901 3252 sistentiam;
928 3187 1143 3242 etiamsi
1181 3187 1270 3242 hic
1299 3187 1504 3258 ubique
1546 3189 1712 3254 adsit,
1748 3189 1990 3244 humana
2017 3204 2145 3244 vero

561 3289 758 3333 natura
794 3279 937 3344 loco,
980 3294 1044 3333 ac
1071 3288 1335 3348 tempore,
1379 3280 1650 3350 principio
1675 3323 1690 3347 ,
1726 3296 1790 3335 ac
1824 3281 1952 3348 line,
1975 3291 2028 3336 et
2059 3283 2143 3336 in-
2172 3316 2218 3378 ο

561 3373 809 3428 numeris
837 3373 960 3429 aliis
988 3375 1208 3429 definita
1235 3377 1336 3441 sit;
1369 3375 1554 3430 nullus
1584 3384 1764 3429 tamen
1810 3377 2144 3446 separatioui

560 3466 726 3520 simul
756 3467 1127 3537 concipienda:
1156 3468 1310 3523 locus
1331 3467 1515 3522 datur.
1538 3469 1632 3523 ille
1651 3483 1778 3522 vvro
1800 3468 2144 3524 divinitatem

561 3559 726 3611 etiam
749 3557 868 3612 sine
897 3570 1180 3628 assumpta
1206 3573 1373 3613 carne
1405 3558 1525 3613 loco
1552 3559 2022 3630 circumscriptam
2042 3559 2150 3615 sibi

565 3649 810 3717 lingeret,
843 3650 936 3719 qui
981 3650 1149 3704 Deum
1195 3649 1499 3705 secundum
1551 3660 1734 3721 partes
1776 3667 1898 3706 esse
1945 3652 2149 3721 ubique

562 3741 898 3810 conciperet,
945 3757 1054 3795 non
1091 3751 1274 3795 autem
1331 3749 1544 3804 totum,
1576 3740 1668 3795 ubi
1717 3741 1892 3806 adest,
1933 3743 2145 3797 adesse.

562 3835 728 3906 Atqui
763 3835 839 3899 id,
869 3835 995 3888 licet
1043 3850 1149 3889 non
1196 3834 1280 3890 his
1309 3835 1602 3904 ipsissimis
1632 3836 1835 3901 verbis,
1878 3838 1965 3892 ille
1993 3839 2147 3905 dicit,

563 3928 659 3998 qui
689 3929 766 3983 ait
802 3947 815 3982 :
848 3927 967 3981 Nisi
1001 3942 1126 3982 cum
1159 3927 1346 3982 divina
1366 3924 1531 3980 Verbi
1560 3927 1918 3982 subsistentia
1950 3928 2148 3982 huma-

565 4022 712 4075 nitas
782 4021 1126 4087 dilataretur,
1187 4021 1288 4090 ipsi
1346 4021 1638 4090 conjuncta
1686 4037 1809 4075 esse
1875 4021 2146 4090 nequiret.

564 4114 855 4168 Enimvero
879 4113 1148 4178 dilatatio,
1180 4129 1276 4169 seu
1307 4115 1575 4179 extensio,
1614 4129 1710 4169 seu
1760 4114 1904 4168 aliud
1953 4115 2149 4183 hujus-

565 4207 729 4272 modi,
754 4215 808 4261 et
837 4224 903 4262 ne
932 4208 1017 4262 his
1044 4207 1262 4277 quidem
1294 4207 1457 4261 rebus
1483 4223 1548 4262 ex
1577 4216 1690 4261 toto
1707 4209 1918 4272 adesse,
1943 4209 2144 4278 quibus

561 4300 770 4369 liquido
801 4300 995 4370 aliquis
1025 4301 1263 4358 assistit:
1295 4301 1408 4355 haec
1441 4301 1627 4354 omnia
1671 4301 1851 4356 locum
1898 4301 2148 4356 obtinent

561 4392 616 4446 in
651 4392 991 4458 substantiis,
1020 4409 1142 4462 qua:
1163 4393 1488 4448 divisionem
1521 4394 1841 4461 admittunt;
1866 4409 1930 4449 ac
1957 4395 2145 4450 eadem

557 4483 743 4537 omnia
774 4485 1098 4554 simplicem,
1137 4485 1632 4557 indivisibiletnque
1655 4484 1746 4541 Dei
1779 4487 2146 4542 substantiam

559 4577 961 4645 dispescerent.

631 4667 690 4722 Si
727 4667 890 4733 Deus,
929 4678 1114 4739 utpote
1165 4669 1370 4739 ubique
1417 4685 1692 4741 praesens,
1750 4679 1806 4725 et
1851 4669 2138 4726 continens

2312 4661 2376 4714 Εἰ
2424 4654 2755 4729 μεμέρισται
2799 4651 2861 4705 τὺ
2922 4647 3078 4701 Gelon

556 4762 763 4828 omnia,
795 4761 1005 4817 divisus
1043 4769 1148 4828 est,
1189 4761 1435 4832 profecto
1464 4764 1519 4818 in
1548 4777 1615 4818 eo
1645 4764 2045 4825 extensionem,
2077 4761 2142 4816 il-

557 4855 774 4923 lamque
805 4869 931 4909 cum
963 4854 1091 4912 aliis
1109 4862 1524 4926 congruentem,
1553 4866 1718 4925 atque
1738 4852 1878 4908 adeo
1897 4854 2139 4910 circum-

553 4946 930 5018 scriptionem,
959 4957 1013 5004 et
1042 4948 1214 5016 ipsam
1243 4964 1367 5003 cum
1390 4948 1513 5003 aliis
1537 4961 1880 5002 communem
1900 4945 2138 5016 require.

553 5039 714 5108 Quod
729 5041 776 5097 si
794 5040 898 5097 hoc
927 5048 1188 5112 tanquam
1210 5038 1623 5112 Deoinjurium,
1642 5048 1805 5110 atque
1831 5039 2138 5108 indignum,

2250 2084 2670 2154 ἀνακειμένους,
2710 2082 2807 2134 καὶ
2857 2081 2956 2151 τὴν
3005 2080 3064 2132 ὲν
3108 2080 3260 2150 τόπῳ
3305 2077 3652 2148 περιγραφὴν
3689 2076 3816 2128 κατὰ

2249 2177 2351 2248 τῆς
2370 2176 2521 2238 θείας
2545 2172 2791 2233 ὲνώσεως
2813 2172 3176 2244 ἀπορρίπτειν
3193 2170 3632 2240 διανοουμένους,
3646 2167 3816 2220 ἐκείνά

2247 2287 2330 2334 τε,
2360 2268 2458 2322 καὶ
2487 2267 2555 2322 τὰ
2580 2268 2699 2322 νυνὶ
2731 2265 2967 2337 ρηθέντα
2988 2265 3137 2336 ὅμως
3178 2264 3293 2316 ἔστι
3333 2263 3427 2316 καὶ
3460 2264 3533 2315 ὲκ
3562 2261 3668 2314 τῶν
3706 2258 3816 2313 καθ’

2249 2361 2478 2426 ἑαυτοὺς
2509 2360 2870 2432 προαγαγεῖν,
2903 2358 2998 2412 καὶ
3027 2356 3116 2410 ἐπ’
3139 2355 3353 2419 εὐθείας
3381 2355 3538 2426 ἄγειν
3557 2353 3646 2408 τὸν
3674 2352 3816 2420 ελεγ-

2250 2475 2344 2529 χον
2375 2456 2474 2529 (8).

2329 2724 2389 2779 Ὀ
2418 2723 2618 2788 διδοὺς,
2651 2717 2697 2777 ὦ
2728 2720 2927 2790 ἀγαθὲ,
2971 2717 3246 2790 πανταχοῦ
3285 2717 3345 2771 τὸ
3390 2715 3570 2778 Θεῖον,
3622 2711 3734 2774 πῶς
3759 2709 3814 2763 οὗ

2247 2813 2409 2868 δώσει
2435 2814 2532 2867 καὶ
2565 2813 2685 2866 ὅλον
2717 2809 2994 2880 πανταχοῦ
3026 2811 3312 2880 παρεῖναι;
3357 2807 3432 2859 Οὐ
3466 2806 3580 2876 γὰρ
3608 2803 3815 2856 ἔλαττον

2248 2908 2330 2969 εἰς
2379 2905 2538 2974 λόγον
2590 2903 2749 2958 τοῦτο
2784 2901 3129 2973 θεοπρεποῦς
3183 2899 3516 2970 ἀξιώματος.
3543 2896 3679 2950 Εἱδὲ
3705 2894 3816 2948 ὅλον

2247 2998 2443 3062 ὀλικῶς
2479 2995 2782 3066 πανταχοῦ,
2811 2997 2907 3048 καὶ
2934 2996 3002 3065 τῇ
3054 2993 3304 3065 ὲνωμένῃ
3356 2993 3527 3062 σαρκὶ
3561 2990 3676 3051 ὅλος
3731 2987 3814 3038 ὲν-

2248 3091 2512 3162 υπάρχων
2535 3091 2563 3143 ὁ
2582 3089 2729 3154 Υἱὸς,
2755 3090 2804 3141 εί
2829 3085 2927 3140 καὶ
2951 3087 3185 3156 πάρεστι
3212 3085 3309 3154 μὲν
3335 3084 3498 3146 αὐτὸς
3529 3075 3821 3149 πανταχοῦ,

2248 3185 2281 3253 ἡ
2312 3183 2356 3235 δ’
2385 3180 2702 3252 ἀνθρωπίνη
2727 3177 2888 3247 φύσις
2920 3175 3279 3248 περιώρισται
3312 3176 3488 3245 τόπῳ,
3516 3175 3608 3227 καὶ
3626 3171 3812 3244 χρόνῳ.

2249 3275 2392 3346 ἀρχῇ
2423 3273 2619 3338 τε,καὶ
2647 3271 2901 3341 τελευτῇ,
2931 3270 3026 3323 καὶ
3049 3269 3267 3340 μυρίοις
3288 3267 3364 3339 (9)
3389 3268 3602 3330 ἄλλοιςο
3633 3265 3694 3318 οὗ
3721 3262 3813 3332 μὲν

2248 3365 2342 3424 οὖν
2375 3366 2634 3438 οὐδεμίαν
2666 3364 2901 3436 πάροδον
2950 3362 3028 3433 τῷ
3061 3360 3333 3434 χωρισμῷ
3375 3356 3817 3427 συνεπινοηθῆναι

2248 3461 2675 3534 παραχωρήσειε
2692 3461 2706 3528 (
2721 3455 2826 3527 l0).
2857 3454 3098 3519 Ἐκεῖνος
3118 3455 3174 3507 δέ
3203 3453 3322 3507 ποτ’
3348 3453 3414 3507 ἂν
3439 3451 3527 3524 εἴη
3545 3451 3574 3502 ὁ
3591 3451 3652 3503 τὸ
3669 3449 3817 3501 Θεῖον

2247 3558 2342 3610 καὶ
2394 3553 2566 3625 χωρὶς
2628 3551 2729 3621 τῆς
2779 3547 3228 3621 προσληφθεῖσης
3279 3544 3484 3614 σαρκὸς
3538 3537 3816 3614 περιγενό-

2250 3666 2410 3719 μενον
2442 3648 2486 3716 (l
2507 3647 2552 3716 l)
2587 3645 2740 3714 τόπῳ
2771 3640 3196 3714 φανταζόμενος,
3231 3637 3290 3702 ὃς
3317 3639 3460 3691 κατὰ
3489 3636 3632 3706 μέρη
3661 3647 3818 3719 τερα-

2247 3716 2468 3792 τεύεται
2510 3733 2789 3805 πανταχοῦ
2833 3734 3090 3803 παρεῖναι
3113 3769 3128 3792 ,
3155 3727 3294 3782 ἀλλὰ
3339 3727 3416 3798 μὴ
3455 3726 3710 3784 καθόλου,
3742 3716 3819 3780 οἷς

2245 3830 2312 3885 ἂν
2365 3829 2476 3900 (Ιὲ)
2518 3828 2705 3888 τόποις
2749 3824 2985 3894 πάρεστι
3022 3820 3081 3873 τὸ
3103 3820 3282 3874 Θεῖον.
3317 3819 3481 3887 Λέγοι
3510 3817 3560 3870 δ’
3589 3813 3657 3868 ἂν
3685 3809 3822 3866 κατὰ

2249 3922 2414 3996 μέρη.
2430 3919 2534 3972 κᾶν
2550 3918 2625 3989 μὴ
2642 3916 2855 3986 λέγοι,ὀ
2875 3915 3118 3984 φάσκωνσ
3139 3912 3188 3964 εί
3209 3910 3284 3982 μὴ
3304 3907 3823 3996 συμπαρεκτείνοιτο

2255 3994 2323 4086 τῇ
2347 4014 2503 4082 θεῖκῇ
2537 4011 2634 4064 τοῦ
2663 4010 2839 4076 Λόγου
2875 4005 3196 4066 ὑποστάσει,
3228 4002 3351 4073 μηδ’
3388 4000 3668 4071 ἡνωμένον
3690 3994 3822 4063 αὐτῇ

2245 4110 2306 4164 τὺ
2319 4108 2653 4179 πρόσλημμα
2675 4099 2836 4156 εἶναι.
2851 4100 2916 4152 Ἡ
2934 4097 3038 4168 γὰρ
3052 4097 3379 4167 παράτασις(
3393 4097 3407 4147 l
3421 4093 3538 4164 5),ἢ
3556 4091 3823 4196 παρέκταῖ

2248 4223 2352 4269 σις.
2389 4206 2422 4274 ἡ
2453 4204 2523 4257 τὰ
2558 4199 2786 4254 τοιαῦτα
2811 4197 2905 4250 καὶ
2927 4195 2988 4248 τὸ
3021 4193 3096 4264 μὴ
3127 4190 3358 4246 καθόλου
3383 4190 3496 4251 τοῖς
3530 4182 3672 4248 οὖσιν
3705 4182 3806 4274 μηδ

2245 4293 2326 4360 οἷς
2359 4270 2659 4363 ἐπιλάμπει
2691 4289 2970 4359 παρεῖναι,
3000 4285 3109 4338 τῶν
3161 4279 3567 4351 ἐπιδεχομένων
3600 4275 3718 4328 ἐστὶ
3736 4270 3822 4323 τὸν

2250 4386 2519 4460 μερισμόν
2543 4401 2556 4416 ’
2587 4383 2681 4437 καὶ
2713 4380 2922 4443 τούτοις
2945 4377 3007 4430 τὸ
3051 4377 3253 4429 ὲνιαῖον
3291 4370 3479 4436 αὐτοῦ,
3528 4368 3621 4423 καὶ
3647 4366 3820 4435 ἄτμη-

2245 4500 2335 4537 τον
2363 4472 2858 4546 κατατεμνομὲνων
2887 4469 3021 4540 (Li).

3131 4641 3411 4713 πανταχοῦ
3462 4635 3691 4710 φοιτῶν,
3732 4628 3824 4686 καὶ

2246 4722 2437 4809 πάνταί
2455 4722 2708 4818 κατέχον,
2737 4742 2831 4798 καὶ
2857 4741 3168 4813 παράτασιν
3210 4737 3296 4790 ἐπ’
3326 4733 3494 4788 αὐτοῦ
3525 4729 3701 4802 ζητεῖ,
3733 4722 3825 4828 καλ

2243 4847 2307 4901 τὸ
2340 4839 2938 4917 συμπαρατεινόμενον,
2970 4833 3066 4887 καὶ
3102 4832 3169 4902 δὴ
3197 4829 3293 4920 καλ.
3319 4823 3817 4920 περιγραφὴν,.καῐ

2245 4937 2306 4993 τὺ
2335 4912 2910 5004 συμπεριγράφεσθαι.
2935 4923 2998 4976 Ei
3037 4921 3094 4976 δὲ
3127 4920 3187 4974 τὸ
3229 4917 3536 5012 δύσφημον,
3571 4912 3667 5012 διαὶ
3697 4912 3814 5012 ἀνέρι

2247 5031 2357 5098 ξιον
2407 5027 2502 5082 τοῦ
2568 5021 2705 5078 Θεοῦ
2770 5014 3140 5090 φαντάζεσθαι
3185 5013 3408 5083 φεύγοις
3466 5005 3734 5082 (φεύγοις
3784 5005 3824 5047 δ’

2082 5253 2312 5315 NOTAE.

626 5387 705 5457 (7)
729 5386 864 5441 Erat.
891 5385 942 5440 in
973 5393 1168 5441 nostro
1191 5383 1380 5457 codice
1406 5383 1445 5457 ἃἶ
1464 5400 1525 5457 τε
1551 5382 1596 5437 δ’
1629 5384 1663 5454 ή
1694 5383 1798 5454 τήν
1828 5399 1842 5414 '
1867 5395 1967 5453 ego
1990 5380 2130 5435 duas

555 5455 766 5513 tantum
798 5457 1067 5513 litterulas
1095 5456 1336 5526 spongiae
1364 5455 1594 5526 subieci.

625 5527 703 5596 (8)
725 5526 856 5604 Quae
885 5529 992 5581 huc
1031 5521 1208 5604 usque
1231 5521 1526 5604 edidimus,
1544 5523 1816 5604 ignoravit
1837 5521 2131 5604 .Combcii-

556 5594 671 5653 sius
710 5597 987 5652 :l’ortasse
1025 5594 1144 5667 ejus
1173 5596 1420 5664 excerpti
1466 5594 1765 5663 cxsériptor
1795 5594 1883 5667 bis
1934 5594 2130 5663 προλε-

555 5669 807 5737 γομένοις
830 5665 1118 5722 commode
1147 5684 1205 5722 se
1239 5680 1399 5738 posse
1427 5681 1614 5722 carere
1634 5665 1910 5738 censebat.

622 5738 699 5809 (9)
728 5739 951 5811 Μορίοις
985 5739 1114 5808 legit
1141 5737 1527 5805 Combelisius,
1581 5737 1678 5793 sed
1729 5737 1911 5794 minus
1933 5749 2132 5810 oppor-

559 5817 714 5867 tune.

619 5878 732 5948 (l0)
765 5876 867 5951 ll_a_
893 5877 1119 5951 rectius,
1148 5891 1312 5947 quam
1370 5879 1799 5951 παραχωρῆσαι*
1829 5882 1907 5946 ὡς
1927 5877 1988 5935 οὗ
2019 5873 2137 5933 ποτ’

560 5947 648 6018 ἀν,
678 5947 822 6016 quod
856 5947 1019 6004 habet
1047 5956 1294 6005 nostrum
1333 5963 1438 6003 ms.

2311 5369 2423 5439 (ll)
2470 5366 2531 5421 Si
2584 5365 2636 5420 id
2671 5361 2763 5417 tibi
2815 5373 2922 5414 non
2966 5352 3189 5439 arridet,
3242 5348 3425 5405 scribe
3478 5359 3604 5400 cuin
3639 5350 3823 5398 nostro

2239 5423 2430 5495 (τοὰίοέ
2458 5440 2516 5489 ὲν
2555 5427 3063 5504 περιγεγραμμένῳ
3095 5423 3267 5491 76"“?-
3341 5489 3352 5504 ,

2312 5489 2426 5578 (lii)
2457 5489 2715 5560 Voculam
2755 5489 3004 5578 senate?
3028 5489 3194 5578 sensu
3220 5489 3824 5549 'reclamatammtnise-

2238 5567 2326 5635 rat
2355 5567 2786 5634 Combeiisianus
2812 5567 3137 5643 exscriptor.
3185 5632 3199 5643 ‘
3260 5632 3286 5643 η
3327 5630 3339 5642 .
3598 5630 3609 5643 ·
3704 5631 3715 5643 ⁸

2304 5630 2806 5720 (αἶ’)ᾖῇαρὰστασιν
2838 5630 3007 5695 habet
3047 5630 3435 5694 Combelisius,
3464 5630 3609 5698 quod
3643 5631 3821 5686 minus

2239 5720 2434 5860 Νδᾶρῦ
2459 5789 2951 5860 Ηίοῄῐιιοιιιοτοιιιιῐι
2975 5784 3292 5860 ex‘EerP‘u'“
3333 5772 3703 5860 “PWFPP‘WF
3729 5787 3819 5860 "3'

2248 5839 3295 5928 ritide'a'ewsiiinsequensmpéyéacpo;
3327 5845 3394 5900 ad
3435 5839 3551 5899 rem
3583 5859 3693 5899 non
3732 5839 3818 5896 'l‘a-

2245 5942 2413 5988 τοῖοι.
